4100 6458
418 399 552 453 I139

416 607 668 669 rusalem,
701 607 828 673 quia
860 607 1106 658 misertus
1136 611 1212 656 est
1244 599 1496 654 Dominus
1518 598 1652 667 ejus,
1684 609 1730 651 et
1760 598 1894 651 eruit
1916 597 2009 651 Je-

421 697 667 750 rusalem.
706 694 769 748 Et
803 694 1080 762 patefaciet
1129 692 1388 746 Dominus
1415 687 1683 742 brachium
1704 703 1854 740 suum
1883 703 2012 738 sau-

419 803 557 844 olunt
592 792 644 841 in
680 799 958 856 conspectu
986 785 1219 839 omnium
1249 783 1504 852 gentium,
1543 789 1587 832 et
1634 779 1876 831 uidebunt
1905 793 2014 829 om-

421 885 508 937 nia
540 893 769 936 extrema
802 890 980 946 terra,
1005 879 1228 933 salutem
1255 891 1373 947 qua:
1399 881 1476 928 est
1512 890 1543 926 α
1581 870 1710 925 Deo.

492 1063 789 1132 Erumpere
818 1059 1086 1123 laetitiam,
1121 1053 1434 1126 signiﬁcare
1459 1059 1660 1122 potest,
1690 1062 1876 1105 vocem
1913 1047 2016 1103 tol-

421 1154 555 1218 lere,
579 1164 634 1208 et
657 1153 790 1208 odas
812 1151 1110 1222 gratiarum
1161 1149 1392 1205 actionis
1453 1157 1730 1209 resonare,
1765 1152 1815 1196 et
1834 1139 2017 1197 studio

423 1249 656 1318 quodam
683 1248 927 1301 adhibito
959 1245 1274 1313 doxolngias
1313 1241 1584 1306 meditari,
1634 1239 1830 1307 quibus
1879 1238 2018 1292 Deus

423 1337 658 1390 laetetur.
706 1336 977 1404 Scriptum
1017 1343 1101 1389 est
1163 1333 1307 1388 enim
1347 1331 1398 1385 in
1445 1330 1585 1384 libro
1637 1327 2012 1382 Psalmorumt

431 1446 449 1478 ι
493 1429 559 1481 Et
591 1429 767 1497 lingua
798 1442 915 1481 mea
964 1426 1317 1480 meditabitur
1367 1421 1634 1491 justitiam
1689 1430 1854 1481 tuam,
1905 1427 2018 1473 toto

424 1519 511 1573 die
539 1519 745 1572 laudem
779 1516 1086 1571 tuam"-”.
1119 1533 1136 1566 ι
1163 1515 1260 1580 Qui
1297 1525 1474 1567 autem
1511 1513 1609 1567 hoc
1636 1509 1813 1564 facere
1836 1508 2017 1563 volue-

433 1609 582 1670 rint,
629 1609 715 1662 his
749 1623 810 1662 ea
840 1621 926 1661 res
947 1606 1134 1661 atI'eret
1178 1602 1725 1670 lzetitiam.Quouiam
1767 1616 1895 1655 vero
1941 1600 2018 1654 di-

426 1701 519 1764 cit,
555 1700 766 1754 deserta
803 1696 1100 1752 Jerusalem
1154 1697 1349 1752 debere
1379 1700 1480 1752 hoc
1510 1702 1795 1766 prmstare,
1833 1691 1899 1746 ad
1923 1706 2020 1746 ex-

425 1791 747 1862 planandam
783 1792 974 1846 horum
1015 1789 1304 1844 verborum
1335 1788 1686 1850 sententiam,
1735 1783 1862 1838 illud
1912 1797 2004 1837 ne-

1453 390 1510 446 S.
1555 379 1836 445 (LYRILLI
1875 383 2352 442 ALEXARDRINI
2389 371 2702 441 ABCIIIEP.

490 483 651 572 Vens.
686 516 742 582 9,
776 513 859 569 l0.
896 513 1190 580 Erumpunt
1223 507 1462 564 latitiam
1489 506 1649 561 simul
1686 505 1891 560 deserta
1915 504 2006 559 Je-
2042 509 2086 564 Α

3148 303 3310 356 ἶν’

3576 383 3709 440 1160

2197 500 2468 571 Ῥηξάτω
2495 497 2892 568 εὐφροσύνην
2930 494 3051 566 ἅμα
3092 495 3165 550 τὰ
3192 495 3388 566 ἔρημα
3421 495 3714 565 'Iepouca-

2115 596 2154 648 .1
2166 591 2264 662 ὴμ,
2297 591 2389 644 ὅτι
2421 589 2652 657 ἠλέησε
2681 587 2896 655 Κύριος
2918 584 3136 652 αὐτὴν,
3156 585 3253 639 καὶ
3277 586 3574 654 ὲρρὐατο
3598 588 3714 655 τὴν

2129 681 2554 752 Ἰερουσαλήμ.
2590 679 2700 734 Καὶ
2736 679 3122 746 ἀποκαλύψει
3153 679 3368 747 Κύριος
3413 677 3521 732 τὸν
3563 680 3715 748 ,βρα-

2114 776 2294 844 χίονα
2348 770 2539 827 αὐτοῦ
2592 771 2701 824 τὸν
2743 770 2916 840 ἅγιον
2975 769 3233 823 ἐνώπιον
3281 769 3529 824 πάντων
3596 769 3716 823 τῶν

2119 864 2336 932 ἐθνῶν,
2370 864 2472 918 καί
2502 864 2757 932 ὄψονται
2787 862 2987 917 πάντα
3022 861 3095 918 τὰ
3124 862 3278 930 ἄκρα
3313 861 3422 931 τῆς
3444 862 3577 932 γῆς,
3601 860 3718 930 τὴν

2119 957 2429 1026 σωτηρίαν
2449 956 2567 1024 τὴν
2586 955 2745 1024 παρὰ
2768 953 2936 1010 Θεοῦ.
3319 1013 3328 1022 _

2188 1052 2262 1104 Τὸ
2307 1051 2405 1122 μὲν
2451 1050 2612 1122 ῥῆξαι
2652 1049 2752 1120 τὴν
2793 1047 3136 1119 εὐφροσύνην
3175 1047 3617 1118 κατασημήνειεν
3649 1041 3750 1098 av‘

2116 1145 2177 1198 τὸ
2203 1145 2261 1197 ὲν
2293 1143 2371 1215 τῷ
2402 1142 2710 1216 χρήσασθαι
2757 1143 2931 1213 φωνῇ,
2960 1141 3352 1212 χαριστηρίους
3393 1139 3538 1210 ᾠδὰς
3581 1139 3712 1190 ἀνα-

2120 1239 2409 1308 φέροντας,
2441 1235 2538 1289 καὶ
2583 1234 2818 1304 μελέτην
2859 1233 3129 1286 ποιεῖσθαι
3179 1231 3583 1295 σπουδάζοντας
3614 1228 3714 1293 τὰς

2117 1330 2464 1399 δοξολογίας,
2503 1328 2569 1382 δι’
2603 1323 2677 1380 ὧν
2713 1327 2778 1381 ἂν
2814 1327 3160 1399 εὐφραίνοιτο
3199 1326 3353 1389 Θεός.
3397 1325 3711 1395 Γέγραπται

2119 1421 2250 1487 γοῦν
2280 1422 2337 1473 ἐν
2382 1419 2573 1490 βιϐλίῳ
2612 1419 2891 1490 Ψαλμῶν·
2919 1436 2936 1469 ι
2967 1417 3078 1472 Kal
3107 1419 3140 1488 ή
3172 1417 3395 1486 γλῶσσά
3422 1433 3524 1488 μου
3552 1415 3714 1486 μελε-

2117 1511 2275 1583 τήσει
2322 1511 2421 1580 τὴν
2453 1509 2802 1579 δικαιοσύνην
2861 1525 2992 1573 σου,
3041 1510 3172 1580 ὃλην
3222 1508 3321 1580 τὴν
3352 1507 3564 1579 ἡμέραν
3619 1503 3710 1558 τὸν

2120 1603 2343 1658 ἔπαινόν
2375 1621 2468 1656 σου
2491 1619 2504 1631 ·
2535 1621 2554 1654 ι
2599 1603 2695 1656 καὶ
2737 1603 2921 1668 αὐτοῖς
2957 1605 3071 1666 τοῖς
3103 1602 3262 1655 τοῦτο
3305 1601 3439 1672 δρᾷν
3470 1599 3713 1654 ἐθέλουσι

2121 1697 2258 1768 πρὸς
2300 1695 2641 1767 εὐφροσύνην
2691 1695 2843 1748 ἔσται
2888 1696 2949 1749 τὸ
2991 1695 3200 1767 χρῆμα.
3261 1695 3479 1765 Ἐπειδὴ
3542 1695 3600 1748 δὲ
3647 1694 3715 1748 τὰ

2122 1789 2304 1858 ἔρημά
2332 1805 2496 1858 φησιν
2529 1787 2885 1859 Ἰερουσαλὴμ
2921 1789 3080 1842 τοῦτο
3111 1791 3312 1859 χρῆναι
3349 1788 3500 1859 δρᾷν,
3536 1788 3714 1841 ἐκεῖνὸ

424 1898 575 1938 ccsse
609 1883 921 1938 estdicere.
961 1881 1062 1947 Qui
1111 1881 1386 1934 civitatem
1433 1878 1672 1948 aliquam
1727 1877 1889 1928 latam
1957 1882 2010 1926 et

2119 1897 2295 1950 φαμεν
2316 1879 2991 1948 άναγκαίιι›ς,διατρανοῦν
3019 1879 3294 1943 ἐθέλοντες
3324 1879 3422 1949 τὴν
3442 1879 3550 1932 τῶν
3584 1896 3714 1950 προ-

425 1977 636 2045 longam
668 1975 995 2038 inhabitant,
1034 1973 1078 2028 si
1135 1987 1363 2026 numero
1400 1980 1474 2026 tot
1500 1971 1720 2043 sint,_ut
1771 1983 1890 2023 eam
1922 1979 2009 2020 res

423 2068 568 2136 plere
592 2075 817 2136 queant,
876 2065 1081 2118 nullum
1106 2063 1223 2131 ejus
1287 2063 1464 2117 locum
1542 2063 1856 2131 relinquunt
1917 2074 2012 2112 va-

424 2174 584 2212 cuum
624 2177 638 2211 :
677 2155 839 2227 735
878 2157 962 2211 sin
994 2154 1364 2210 numerabiles
1389 2154 1521 2216 sint,
1552 2169 1616 2208 eo
1662 2151 1805 2222 quod
1857 2149 2009 2205 multi

427 2252 688 2317 obierint,
724 2259 819 2304 aut
852 2249 995 2316 quod
1027 2246 1223 2302 bellum
1264 2245 1702 2311 iucubuerit,aut
1734 2244 1837 2298 alia
1863 2258 2010 2314 quaa-

425 2347 548 2400 dam
578 2344 796 2400 occasio
828 2343 894 2396 ad
921 2343 1024 2396 hoc
1046 2340 1356 2406 deduxerit,
1395 2340 1509 2395 loca
1539 2355 1660 2409 quae
1681 2347 1804 2393 sunt
1841 2339 1894 2392 in
1920 2351 2006 2403 ea,

425 2439 679 2509 plurima,
711 2444 770 2492 et
800 2433 1163 2490 habitationes
1195 2434 1351 2488 nudae
1408 2441 1650 2486 manent.
1699 2429 2010 2499 Cujusmodi

425 2543 552 2588 sunt
589 2529 848 2588 Israelita!
880 2529 1044 2600 passi.
1084 2527 1443 2595 Posteaquam
1473 2525 1616 2579 enim
1643 2523 2010 2579 Dominicidaa

423 2623 782 2686 exstitissent,
813 2630 867 2675 et
885 2633 1077 2674 manus
1102 2619 1290 2688 plenas
1321 2615 1585 2686 sanguine
1617 2614 1952 2678 habuissent,
1979 2628 2008 2667 a

425 2715 686 2772 Romanis
715 2713 1026 2783 consumpti
1057 2720 1182 2767 sunt
1207 2710 1374 2775 bello,
1403 2708 1538 2763 adeo
1555 2717 1612 2761 nt
1641 2706 1795 2778 pauci
1819 2705 2012 2760 admo-

424 2809 552 2862 dum
583 2805 756 2862 relicti
798 2804 1002 2859 l‘uerint
1033 2802 1375 2872 superstites,
1408 2810 1635 2869 eratque
1682 2798 1816 2852 viris
1839 2797 2010 2852 desti-

428 2911 536 2954 tuta
567 2909 752 2952 sancta
786 2895 995 2950 civitas.
1052 2893 1182 2959 Sed,
1215 2891 1410 2961 tnquit,
1456 2892 1670 2944 deserta
1696 2886 1813 2956 ejus
1864 2886 2012 2941 lata-

426 2993 649 3044 buntur.
681 2988 892 3055 Lugent
919 2986 1062 3041 enim
1099 2985 1314 3049 domus,
1335 2992 1391 3038 et
1410 2981 1630 3036 tristitia
1659 2979 1816 3049 quasi
1839 2978 2012 3049 plena:

427 3093 573 3147 sunt,
605 3098 724 3136 cum
749 3095 853 3136 non
888 3080 1088 3133 habent
1119 3075 1328 3130 incolas
1359 3089 1373 3126 :
1418 3073 1512 3128 sed
1540 3072 1741 3127 hilares
1771 3079 1921 3137 sunt,
1955 3080 2012 3126 et

2114 1971 2384 2041 κειμένοιν
2435 1965 2695 2024 διάνοιαν.
2744 1973 2808 2024 Ol
2843 1971 2998 2024 πόλιν
3037 1972 3314 2034 οἰκοῦντες
3357 1971 3573 2041 εὐρεῖαν
3618 1971 3713 2024 καὶ

2117 2062 2357 2133 μακρὰν,
2409 2061 2458 2116 ει
2497 2063 2596 2132 μὲν
2632 2058 2742 2116 εἶεν
2771 2062 3017 2116 τοσοῦτοι
3067 2063 3157 2115 τὸν
3197 2061 3451 2134 ἀριθμου,
3505 2061 3580 2125 ὡς
3618 2061 3712 2114 δῦ-

2113 2155 2427 2212 νασθαικαὶ
2452 2155 2808 2227 ἀποπληροῦν
2842 2155 3043 2227 αὐτὴν,
3099 2156 3290 2208 οὐδένα
3335 2155 3501 2208 τόπον
3543 2154 3712 2225 αὐτῆς

2111 2251 2344 2320 ἀφιᾶσιν
2377 2247 2608 2321 ἔρημονο
2637 2247 3024 2319 εὐαριθμήτων
3050 2247 3105 2302 δὲ
3135 2249 3304 2302 ὄντων
3327 2248 3416 2302 διὰ
3442 2248 3502 2301 τὸ
3526 2247 3714 2302 τεθνά-

2114 2359 2205 2396 ναι
2229 2339 2534 2412 πολλοὺς,ἢ
2567 2338 2805 2411 πολέμου
2831 2340 3311 2411 κατασκήψαντος,
3334 2340 3368 2412 ἢ
3397 2341 3491 2394 καὶ
3519 2340 3713 2411 ἐτέρας

2112 2434 2262 2497 τινὸς
2290 2433 2543 2505 ἀφορμῆς
2585 2432 3022 2503 κατενεγκούσης
3069 2433 3150 2496 είς
3177 2431 3355 2498 τοῦτο,
3391 2433 3460 2486 τὰ
3486 2432 3713 2486 πλεῖστα

2113 2523 2222 2578 τῶν
2252 2525 2310 2578 ὲν
2342 2524 2478 2594 αὐτῇ
2525 2523 2743 2594 χωρίων
2777 2524 2946 2594 ἦγουν
3010 2523 3330 2594 οἰκημάτων
3379 2523 3712 2593 άπομένουσι

2111 2615 2316 2687 γυμνά.
2336 2614 2590 2669 Τοιοῦτόν
2611 2631 2665 2668 τι
2695 2614 3029 2669 πεπόνθασιν
3055 2616 3102 2668 οἱ
3129 2613 3190 2678 ἐξ
3222 2613 3456 2685 Ἰσραήλ.
3493 2614 3710 2683 Ἐπειδὴ

2113 2707 2222 2778 γὰρ
2246 2707 2504 2778 γεγόνασι
2539 2707 2922 2780 Κυριοκτόνοι,
2948 2707 3045 2761 καὶ
3073 2707 3303 2779 πλήρεις
3333 2706 3584 2777 αἱμάτων
3613 2705 3712 2768 τὰς

2113 2803 2305 2872 χεῖρας
2324 2801 2649 2873 ἐσχήκασιν,
2674 2800 3075 2870 δεδαπάνηνται
3103 2798 3182 2870 τῷ
3205 2799 3428 2869 πολέμῳ
3451 2799 3529 2868 τῷ
3559 2797 3712 2869 παρὰ

2124 2894 2445 2966 Ῥωμαίοις,
2483 2895 2557 2961 ὡς
2613 2896 2836 2965 ὀλίγους
2877 2895 3076 2967 κομιδῇ
3119 2894 3536 2967 περιλειφθῆναι
3587 2893 3713 2956 τοὺς

2116 2989 2518 3060 σεσωσμένους,
2566 2989 2663 3044 καὶ
2706 2989 2996 3058 κένανδρος
3021 2984 3089 3059 ἦν
3132 2991 3167 3060 ή
3201 2990 3328 3056 ἁγία
3366 2987 3538 3051 πόλις.
3572 2983 3710 3040 Ἀλλ’

2113 3081 2604 3153 εὐφρανθήσονται,
2641 3083 2798 3153 φησὶ,
2857 3081 2927 3135 τά
2991 3081 3173 3152 ἔρημα
3231 3081 3423 3152 αὐτῆς.
3486 3082 3714 3150 Στυγνοὶ

425 3177 586 3232 veluti
619 3177 820 3241 rident,
852 3174 895 3229 si
923 3172 1105 3243 plures
1137 3171 1248 3227 sint
1294 3169 1384 3240 qui
1427 3168 1754 3224 inhabitcnt.
1806 3166 1919 3237 Age
1944 3180 2011 3221 ex

2123 3172 2224 3243 μὲν
2267 3174 2376 3245 γὰρ
2419 3169 2580 3240 οἶκοι,
2623 3175 2718 3229 καὶ
2753 3175 3059 3246 κατηφείας
3110 3173 3300 3247 ὥσπερ
3363 3175 3470 3229 εἰσὶ
3529 3176 3716 3246 μεστοὶ

426 3272 530 3326 hac
569 3269 794 3325 historia
845 3264 1050 3335 aliquid
1103 3264 1348 3318 dicamus
1408 3260 1707 3330 spirituale.
1763 3258 2016 3315 Gentium

430 3361 690 3422 Ecclesia,
720 3359 769 3412 id
798 3367 903 3423 est,
939 3365 1128 3426 gentes
1157 3369 1277 3423 qure
1307 3352 1675 3420 crediderunt,
1708 3365 1829 3422 qua:
1850 3352 2018 3407 etiam

431 3439 780 3508 nominantur
850 3448 980 3503 Sion
1015 3455 1069 3501 et
1124 3443 1448 3512 Jerusalem,
1477 3443 1750 3513 principio
1799 3443 2018 3514 quidem

430 3555 613 3610 pauere
640 3547 819 3606 erant,
847 3547 902 3593 et
920 3537 1077 3607 quasi
1112 3535 1331 3591 deserta
1368 3548 1500 3590 vere
1521 3535 1732 3590 exstitit
1759 3543 1947 3591 sancta
1966 3543 2022 3588 et

428 3635 522 3690 Dei
556 3635 772 3699 civitas,
808 3631 861 3688 id
892 3639 1001 3695 est,
1037 3629 1299 3686 Ecclesia.
1333 3628 1440 3684 Sed
1467 3629 1520 3685 in
1555 3643 1618 3684 ea
1647 3628 1779 3683 nibil
1810 3642 2020 3682 reman-

431 3729 504 3786 sit
537 3742 770 3782 vacuum
831 3741 847 3776 :
911 3723 1112 3795 quippe
1164 3723 1386 3792 impleta
1434 3730 1521 3777 est
1572 3735 1672 3792 per
1717 3720 2017 3776 Christum.

432 3822 650 3877 Dietum
675 3828 758 3874 est
781 3817 1022 3872 scilicet:
1067 3833 1085 3867 ‹
1124 3815 1279 3870 Tolle
1308 3814 1545 3883 undique
1572 3813 1760 3869 oculos
1792 3822 1934 3874 tuos,
1966 3819 2022 3866 et

427 3913 551 3965 vide
586 3919 942 3980 congregatos
972 3907 1111 3962 ﬁlios
1133 3917 1254 3962 tuos
1283 3907 1350 3960 ".
1393 3924 1412 3958 s
1439 3935 1512 3947 —
1540 3922 1562 3958 ι
1583 3906 1724 3961 Ecce
1745 3905 1820 3960 illi
1843 3918 1875 3959 e
1903 3903 2022 3959 Ion-

432 4008 634 4078 ginquo
673 4003 916 4068 veniunt,
951 4000 1003 4058 bi
1029 4001 1096 4057 ab
1120 3999 1370 4070 aquilone
1396 4008 1452 4054 et
1490 4000 1649 4067 mari,
1676 3997 1767 4054 alti
1800 4011 1931 4054 vero
1951 4009 2018 4052 ex

433 4113 572 4152 terra
609 4098 919 4151 Persarum.
972 4095 1040 4149 Et
1103 4095 1275 4159 dices,
1336 4094 1532 4162 inquit,
1583 4094 1636 4146 in
1681 4091 1846 4146 corde
1873 4098 2016 4144 tuo:

428 4191 562 4257 Quis
593 4191 723 4243 mihi
759 4189 946 4260 genuit
973 4187 1153 4242 istos?
1191 4187 1301 4258 Ego
1332 4195 1512 4240 autem
1554 4185 1686 4240 orba
1727 4191 1783 4238 et
1833 4183 2017 4248 vidua,

433 4285 484 4338 bi
517 4283 645 4338 mibi
680 4283 822 4337 unde
856 4288 1009 4336 erant
1038 4279 1122 4334 "i
1159 4296 1176 4330 ι
1201 4281 1268 4333 Et
1300 4293 1488 4333 rursus
1525 4294 1539 4333 :
1577 4293 1596 4327 ι
1637 4275 1808 4330 Dilata
1840 4275 2018 4332 locum

430 4373 760 4430 tabernaculi
787 4373 884 4438 tui,
917 4381 972 4427 et
994 4372 1162 4442 pelles
1217 4367 1576 4424 tentoriorum
1623 4375 1839 4423 tuorum
1893 4367 2016 4437 fige.

429 4465 506 4520 Ne
561 4478 776 4536 parcas,
827 4464 1003 4518 adhuc
1047 4463 1098 4517 in
1140 4461 1358 4516 dextris
1405 4468 1462 4516 et
1516 4459 1570 4514 in
1627 4459 1867 4515 sinistris
1921 4472 2019 4513 ex-

431 4558 604 4625 pande
627 4556 674 4588 “
711 4594 726 4609 .

427 4661 727 4703 concursus
745 4644 920 4699 factus
950 4652 1035 4699 est
1079 4645 1318 4711 gentium
1355 4659 1449 4714 per
1488 4643 1646 4699 [idem
1699 4651 2015 4698 vocatarum

430 4740 496 4793 ad
518 4740 795 4794 Christum
827 4756 841 4792 ι
876 4746 934 4791 ut
956 4736 1024 4789 ab
1064 4736 1277 4789 oriente
1312 4743 1365 4790 et
1397 4745 1600 4800 austro,
1642 4735 1924 4790 occidente
1966 4741 2024 4786 et

431 4830 683 4902 aquilone
729 4835 1056 4884 vocarentur
1083 4824 1174 4894 qui
1211 4824 1459 4877 conversi
1483 4831 1627 4888 sunt,
1648 4822 1808 4893 longe
1839 4820 2022 4892 plures

429 4939 592 4995 quam
616 4938 684 4977 ex
712 4919 980 4990 sanguine
1023 4914 1215 4972 Israel.
1255 4915 1432 4983 Atque
1458 4915 1561 4972 boc
1596 4915 1772 4983 ipsum
1809 4912 2021 4984 signina

430 5012 860 5081 cavitpmpbeta
902 5008 1089 5073 Isaias,
1117 5007 1342 5076 loquens
1371 5005 1436 5060 de
1488 5003 1730 5061 Ecclesia
1774 5015 1828 5061 et
1853 5018 2016 5076 syna-

431 5120 564 5174 goga
597 5101 925 5156 Iudaeorum.
960 5117 980 5152 ι
1017 5099 1249 5161 laetare,
1296 5098 1498 5154 sterilis
1528 5112 1649 5168 qua:
1687 5113 1794 5153 non
1843 5099 2015 5169 paris,

430 5208 659 5264 erumpe
685 5203 738 5246 et
763 5192 959 5258 clama,
990 5206 1109 5261 qua:
1147 5205 1254 5244 non
1275 5190 1676 5260 parturis,quia
1706 5189 1888 5260 plures
1920 5190 2018 5246 ﬁlii

429 5290 862 5350 deserta:,quam
897 5281 1149 5335 habentis
1172 5279 1351 5332 virum
1383 5277 1450 5334 ³⁷.
1483 5297 1502 5330 s
1540 5280 1792 5335 Sterilem
1846 5281 2015 5349 enim,

429 5395 530 5428 mn
570 5381 896 5444 parientem,
927 5383 981 5427 et
1006 5374 1072 5424 ad
1105 5371 1218 5424 btec
1243 5371 1512 5425 desertam
1541 5372 1795 5442 appellat,
1828 5372 2016 5428 Eccle-

379 5483 381 5488 ·
429 5471 562 5520 siam
598 5467 860 5537 gentium.
905 5463 1034 5518 Erat
1061 5465 1206 5518 enim
1232 5478 1427 5532 expers
1459 5463 1788 5532 liberorum,
1823 5475 1878 5521 et
1918 5464 2015 5520 de-

430 5564 598 5624 serta,
625 5561 676 5612 id
710 5567 813 5621 est,
848 5559 1027 5624 vidua,
1054 5572 1361 5612 sermonem
1385 5558 1565 5612 omnis
1605 5558 1729 5614 boni
1773 5567 2012 5614 saturem

432 5669 536 5705 nou
597 5653 821 5707 habens.
873 5651 1183 5708 Judmurum
1240 5661 1424 5708 autem
1480 5665 1838 5722 synagogam,
1893 5653 2013 5707 viro

501 5829 624 5874 ³²ο³³
653 5836 789 5891 ΡεοΙ.
816 5854 997 5906 xxxiv,
1023 5842 1112 5897 28.
1191 5844 1237 5874 ³⁸
1265 5843 1368 5897 lsa.
1404 5856 1550 5907 xux,
1589 5843 1674 5897 18.
1753 5843 1798 5874 ³⁸
1833 5841 1964 5897 Ibid.
1997 5883 2010 5909 ,
2051 5843 2141 5897 2|.

2120 3265 2250 3328 τοὺς
2281 3264 2626 3330 ἐνοικοῦντας
2667 3267 2770 3321 οὐκ
2813 3266 3030 3338 ἔχοντες
3055 3283 3068 3297 ·
3127 3265 3303 3339 ἱλαροὶ
3342 3267 3398 3321 δέ
3454 3285 3573 3332 πως
3620 3268 3714 3322 καὶ

2121 3352 2232 3414 οἷον
2265 3358 2556 3428 γελῶντες,
2582 3361 2632 3414 εἰ
2657 3359 2722 3433 δὴ
2749 3360 3037 3424 πλείστους
3062 3359 3236 3432 ἔχοιεν
3257 3359 3386 3425 τοὺς
3413 3361 3716 3432 ἐνῳκισμέ-

2121 3465 2268 3515 νους.
2299 3452 2435 3506 Ἀπὸ
2463 3453 2528 3524 δὴ
2553 3455 2652 3524 τῆς
2691 3454 2956 3526 ἱστορίας,
2986 3454 3121 3526 φέρε
3161 3454 3223 3527 δή
3247 3472 3300 3508 τι
3329 3454 3581 3526 λέγωμεν
3605 3453 3715 3508 τῶν

2121 3545 2537 3616 πνευματικῶνο
2569 3546 2634 3600 Ἦ
2657 3546 2716 3614 ἐξ
2739 3547 2908 3624 ἐθνῶν
2937 3548 3256 3621 Ἐκκλησία,
3287 3550 3433 3602 τοῦτ’
3464 3549 3612 3603 ἐστιν
3664 3541 3715 3602 0i

2121 3633 2180 3701 ἐξ
2208 3635 2380 3687 ἐθνῶν
2415 3633 2826 3702 πιστεύσαντες,
2845 3638 2895 3690 οἲ
2924 3639 3019 3692 καὶ
3051 3638 3190 3692 Σιὼν
3211 3638 3596 3710 ὀνομάζονται,
3619 3639 3716 3694 καὶ

2125 3723 2308 3794 μέντοι
2337 3725 2434 3777 καὶ
2467 3723 2846 3796 Ἰερουσαλὴμ,
2881 3724 3052 3794 ὀλίγοι
3092 3727 3193 3796 μὲν
3224 3722 3367 3797 ἦσαν
3399 3728 3458 3781 ὲν
3491 3730 3710 3798 ἀρχαῖς,

2123 3815 2216 3869 καὶ
2245 3809 2358 3868 οἷον
2373 3814 2583 3886 ἕρημος
2612 3817 2644 3886 ή
2675 3816 2892 3886 ἀληθῶς
2919 3817 3052 3884 άγία
3082 3819 3180 3870 καὶ
3209 3818 3345 3871 Θεοῦ
3368 3818 3522 3882 πόλις
3550 3818 3713 3887 ἐτύγ-

2121 3921 2275 3976 χανε,
2311 3904 2457 3958 τοῦτ’
2497 3905 2646 3958 ἐστιν
2705 3909 2740 3979 ή
2781 3907 3096 3979 Ἐκκλησία.
3143 3908 3282 3963 Ἀλλ’
3322 3909 3474 3964 οὐδὲν
3505 3912 3713 3982 ἀπομιὁ

2123 3996 2330 4070 μένηκε
2363 3995 2626 4078 σχολάζον
2655 3998 2714 4052 ὲν
2745 3998 2906 4071 αὑτῇο
2950 4000 3312 4073 πεπλήρωται
3337 4001 3446 4074 γὰρ
3473 4001 3561 4056 διὰ
3576 4003 3714 4073 Χριο

2123 4090 2271 4144 στοῦ.
2317 4091 2432 4146 Kal
2462 4089 2595 4162 γοῦν
2625 4092 2842 4167 εἴρηται
2877 4093 3014 4168 πρὸς
3051 4095 3253 4168 αὐτήν·
3274 4114 3293 4149 ι
3313 4091 3485 4169 *Αρον
3528 4094 3712 4170 κύκλῳ

2119 4183 2247 4248 τοὺς
2259 4183 2572 4256 ὀφθαλμούς
2597 4201 2716 4253 σου,
2747 4189 2842 4242 καὶ
2861 4188 2941 4241 ἴδε
2951 4189 3266 4261 συνηγμένα
3277 4188 3344 4243 τὰ
3361 4189 3526 4245 τέκνα
3542 4207 3656 4245 σου.
3688 4209 3706 4242 ι

2124 4293 2145 4328 s
2197 4275 2330 4358 Ἰδοξι
2361 4269 2509 4330 οὗτοι
2542 4276 2826 4349 πόρρωθεν
2855 4279 3128 4351 ἔρχονται,
3174 4275 3321 4336 οὗτοι
3375 4280 3484 4336 άπὸ
3541 4283 3713 4355 βορρᾶ

2120 4368 2217 4423 καὶ
2251 4368 2553 4440 θαλάσσης,
2582 4369 2733 4425 ἄλλοι
2780 4373 2840 4426 δὲ
2874 4372 2940 4425 ὲκ
2973 4373 3076 4445 γῆς
3105 4374 3354 4447 Περσῶν.
3391 4375 3500 4429 Kal
3543 4377 3709 4447 ἐρεῖς,

2121 4461 2307 4532 φησιν,
2341 4462 2399 4516 ὲν
2429 4463 2496 4533 τῇ
2529 4463 2730 4534 καρδίᾳ
2762 4481 2853 4517 σου
2875 4482 2888 4497 ο
2918 4465 3014 4528 Τίς
3044 4466 3304 4534 ἐγέννησε
3334 4483 3424 4536 μοι
3451 4465 3708 4530 τούτουςὲ

778 4574 797 4607 ι
826 4555 902 4608 Ex
951 4553 1098 4608 omni
1156 4552 1301 4607 enim
1335 4562 1512 4624 gente,
1539 4551 1673 4606 urbe
1713 4559 1768 4606 et
1797 4550 2017 4622 regione

2135 4552 2280 4623 Ἐγὼ
2312 4552 2370 4608 δὲ
2399 4552 2627 4617 ἄτεκνος
2670 4555 2766 4609 καὶ
2791 4556 2960 4628 χήρα,
2992 4550 3138 4610 οὗτοι
3157 4557 3214 4610 δέ
3245 4575 3336 4629 μοι
3363 4557 3464 4611 ποῦ
3487 4554 3660 4628 ἦσαν;
3687 4577 3705 4609 ι

2115 4647 2228 4701 Kal
2261 4645 2426 4701 πάλιν
2448 4658 2465 4678 ⁶
2509 4664 2528 4698 ι
2554 4647 2834 4703 Πλάτυνον
2876 4649 2970 4705 τὸν
3015 4650 3180 4703 τόπον
3218 4653 3318 4721 τῆς
3351 4651 3558 4719 σκηνῆς
3593 4666 3708 4714 σου,

2118 4737 2347 4792 καὶτῶν
2395 4738 2635 4793 αὺλαιῶν
2670 4756 2782 4794 σου·
2810 4739 3002 4811 πῆξον,
3055 4742 3128 4812 μὴ
3172 4741 3334 4811 φείσῃ
3355 4755 3368 4770 ο
3410 4739 3492 4792 ἔτι
3525 4741 3606 4804 είς
3641 4741 3712 4795 τὰ

2117 4827 2269 4896 δεξιὰ
2328 4829 2422 4884 καὶ⁸
2455 4831 2537 4896 εἰς
2560 4831 2630 4886 τὰ
2666 4832 2930 4902 ἀριστερὰ
2967 4832 3298 4885 ὲκπὲτασον.
3329 4849 3348 4882 s
3382 4831 3478 4886 Ἐκ
3508 4833 3709 4898 παντὸς

2120 4920 2233 4992 γὰρ
2259 4920 2478 4988 ἔθνους,
2523 4923 2770 4986 πόλεως,
2819 4922 2915 4974 καὶ
2952 4921 3136 4994 χώρας
3171 4923 3444 4995 συνδρομή
3489 4923 3710 4994 γέγονεν

2121 5013 2216 5067 ἐπὶ
2241 5013 2610 5085 Χριστῷ,τῶν
2640 5014 2809 5067 ὲθνῶν
2831 5013 3188 5084 κεκλημένων
3215 5014 3304 5068 διὰ
3341 5016 3599 5082 πίστεως,
3634 5017 3712 5082 ὡς

2122 5103 2183 5170 ἐξ
2205 5103 2360 5175 ἠοῦς,
2389 5105 2486 5158 καὶ
2511 5105 2688 5168 νότου,
2713 5103 2919 5169 δύσεώς
2939 5123 2997 5159 τε
3046 5108 3140 5160 καὶ
3171 5107 3396 5180 βορρἐυ
3429 5109 3710 5162 καλεῖσθαι

2122 5197 2255 5260 τοὺς
2309 5197 2762 5266 ἐπιστρέφοντας,
2811 5197 2996 5270 πολλῷ
3035 5199 3254 5264 πλείους
3289 5200 3451 5265 ὄντας
3505 5200 3614 5260 τῶν
3650 5201 3709 5268 ἐξ

2114 5287 2348 5359 αἵματος
2374 5287 2611 5360 Ἰσραήλ.
2650 5290 2762 5344 Kal
2799 5290 2959 5346 τοῦτο
2990 5292 3120 5346 αὐτὸ
3143 5295 3576 5364 καταμεμήνυκε
3618 5293 3709 5346 λέ-

2115 5396 2229 5448 γων
2260 5381 2290 5432 ὁ
2334 5385 2628 5453 προφήτης
2655 5382 2887 5446 Ἡσαΐας
2932 5384 3065 5454 περὶ
3107 5385 3209 5453 τῆς
3249 5385 3576 5455 Ἐκκλησίας
3616 5382 3709 5436 καὶ

2111 5470 2213 5541 τῆς
2243 5471 2516 5526 Ἰουδαίων
2541 5473 2902 5547 Συναγωγῆς·
2933 5495 2952 5528 ι
2973 5477 3343 5549 Εὐφράνθητι,
3364 5480 3550 5547 στεῖρα
3584 5476 3618 5547 ή
3646 5477 3706 5531 οὐ

2111 5562 2412 5616 τίκτουσα⁶
2475 5563 2638 5636 ῥῆξον
2689 5567 2784 5620 καὶ
2821 5566 3035 5638 βόησον,
3085 5570 3118 5639 ή
3164 5569 3264 5622 οὐκ
3287 5568 3584 5636 ὠδίνουσα,
3627 5569 3708 5622 ὅτι

2112 5655 2286 5709 πολλὰ
2317 5655 2389 5708 τὰ
2425 5657 2595 5712 τέκνα
2622 5658 2722 5730 τῆς
2766 5660 2864 5730 ὲρή
2878 5677 2980 5728 μου
3021 5660 3222 5732 μᾶλλον
3265 5660 3297 5732 ἢ
3337 5661 3439 5733 τῆς
3477 5661 3708 5735 ἐχούσης

2252 5845 2296 5876 ³⁸
2335 5845 2441 5900 Isa.
2467 5845 2649 5912 1.1132,
2727 5845 2769 5876 ³⁷
2807 5844 2978 5912 lbid.,
3019 5846 3072 5903 l.
