  <div class='ocr_page' id='page_1' title='image "/cluster/home/n/w/nwhite01/storage/ocr_20150623/70:no.3/coo.31924054869726/589.png"; bbox 0 0 4100 6470; ppageno 0'>
   <div class='ocr_carea' id='block_1_1' title="bbox 391 337 534 392">
    <p class='ocr_par' dir='ltr' id='par_1_1' title="bbox 391 337 534 392">
     <span class='ocr_line' id='line_1_1' title="bbox 391 337 534 392; baseline 0 0"><span class='ocrx_word' id='word_1_1' title='bbox 391 337 534 392; x_wconf 75' lang='lat'><strong>“6&#39;5</strong></span> 
     </span>
    </p>
   </div>
   <div class='ocr_carea' id='block_1_2' title="bbox 1415 323 2649 388">
    <p class='ocr_par' dir='ltr' id='par_1_2' title="bbox 1415 323 2649 388">
     <span class='ocr_line' id='line_1_2' title="bbox 1415 323 2649 388; baseline -0.004 -5"><span class='ocrx_word' id='word_1_2' title='bbox 1415 330 1471 388; x_wconf 87' lang='lat' dir='ltr'><strong>S.</strong></span> <span class='ocrx_word' id='word_1_3' title='bbox 1513 327 1787 384; x_wconf 79' lang='lat' dir='ltr'><strong>CYRILLI</strong></span> <span class='ocrx_word' id='word_1_4' title='bbox 1825 323 2294 382; x_wconf 70' lang='lat' dir='ltr'><strong>ALEXANDIHNI</strong></span> <span class='ocrx_word' id='word_1_5' title='bbox 2332 323 2649 380; x_wconf 72' lang='lat' dir='ltr'><strong>ARCIIIEP.</strong></span> 
     </span>
    </p>
   </div>
   <div class='ocr_carea' id='block_1_3' title="bbox 3511 335 3642 390">
    <p class='ocr_par' dir='ltr' id='par_1_3' title="bbox 3511 335 3642 390">
     <span class='ocr_line' id='line_1_3' title="bbox 3511 335 3642 390; baseline 0.015 -2"><span class='ocrx_word' id='word_1_6' title='bbox 3511 335 3642 390; x_wconf 67' lang='lat'><strong>&quot;65</strong></span> 
     </span>
    </p>
   </div>
   <div class='ocr_carea' id='block_1_4' title="bbox 394 429 1970 518">
    <p class='ocr_par' dir='ltr' id='par_1_4' title="bbox 394 447 1958 518">
     <span class='ocr_line' id='line_1_4' title="bbox 394 447 1958 518; baseline -0.003 -14"><span class='ocrx_word' id='word_1_7' title='bbox 394 449 506 505; x_wconf 91' lang='lat' dir='ltr'><strong>lloc</strong></span> <span class='ocrx_word' id='word_1_8' title='bbox 529 452 701 504; x_wconf 91' lang='lat' dir='ltr'><strong>solum</strong></span> <span class='ocrx_word' id='word_1_9' title='bbox 736 449 856 504; x_wconf 82' lang='lat' dir='ltr'><strong>volo</strong></span> <span class='ocrx_word' id='word_1_10' title='bbox 879 448 1087 504; x_wconf 81' lang='lat' dir='ltr'><strong>discere</strong></span> <span class='ocrx_word' id='word_1_11' title='bbox 1119 463 1148 502; x_wconf 89' lang='lat' dir='ltr'><strong>a</strong></span> <span class='ocrx_word' id='word_1_12' title='bbox 1181 447 1350 516; x_wconf 84' lang='lat' dir='ltr'><strong>vobis,</strong></span> <span class='ocrx_word' id='word_1_13' title='bbox 1387 459 1565 502; x_wconf 89' lang='lat' dir='ltr'><strong>utrum</strong></span> <span class='ocrx_word' id='word_1_14' title='bbox 1593 463 1657 502; x_wconf 79' lang='lat' dir='ltr'><strong>ex</strong></span> <span class='ocrx_word' id='word_1_15' title='bbox 1705 447 1958 518; x_wconf 84' lang='lat' dir='ltr'><strong>operibus</strong></span> 
     </span>
    </p>
   </div>
   <div class='ocr_carea' id='block_1_5' title="bbox 2072 429 3647 518">
    <p class='ocr_par' dir='ltr' id='par_1_5' title="bbox 2072 429 3647 518">
     <span class='ocr_line' id='line_1_5' title="bbox 2072 429 3647 518; baseline 0.004 -22"><span class='ocrx_word' id='word_1_16' title='bbox 2072 444 2239 508; x_wconf 71' lang='grc' dir='ltr'>λάται,</span> <span class='ocrx_word' id='word_1_17' title='bbox 2254 443 2336 506; x_wconf 88' lang='grc' dir='ltr'><strong>τίς</strong></span> <span class='ocrx_word' id='word_1_18' title='bbox 2355 442 2498 513; x_wconf 83' lang='grc' dir='ltr'>ὑμᾶς</span> <span class='ocrx_word' id='word_1_19' title='bbox 2519 443 2788 515; x_wconf 76' lang='grc' dir='ltr'>ἐϐάσκηνε</span> <span class='ocrx_word' id='word_1_20' title='bbox 2803 443 3114 515; x_wconf 45' lang='lat' dir='ltr'><strong>cautiost;</strong></span> <span class='ocrx_word' id='word_1_21' title='bbox 3136 445 3211 518; x_wconf 77' lang='grc' dir='ltr'><strong>μὴ</strong></span> <span class='ocrx_word' id='word_1_22' title='bbox 3233 429 3541 514; x_wconf 80' lang='grc' dir='ltr'>πείθεσθαι,</span> <span class='ocrx_word' id='word_1_23' title='bbox 3565 447 3647 514; x_wconf 76' lang='grc' dir='ltr'>οἷς</span> 
     </span>
    </p>
   </div>
   <div class='ocr_carea' id='block_1_6' title="bbox 397 538 1968 611">
    <p class='ocr_par' dir='ltr' id='par_1_6' title="bbox 397 538 1968 611">
     <span class='ocr_line' id='line_1_6' title="bbox 397 538 1968 611; baseline -0.004 -15"><span class='ocrx_word' id='word_1_24' title='bbox 397 543 534 610; x_wconf 74' lang='lat' dir='ltr'><strong>legis</strong></span> <span class='ocrx_word' id='word_1_25' title='bbox 572 541 821 611; x_wconf 79' lang='lat' dir='ltr'><strong>spiritum</strong></span> <span class='ocrx_word' id='word_1_26' title='bbox 857 540 1193 609; x_wconf 74' lang='lat' dir='ltr'><strong>acceperitis,</strong></span> <span class='ocrx_word' id='word_1_27' title='bbox 1236 555 1304 594; x_wconf 85' lang='lat' dir='ltr'><strong>an</strong></span> <span class='ocrx_word' id='word_1_28' title='bbox 1369 555 1434 594; x_wconf 77' lang='lat' dir='ltr'><strong>ex</strong></span> <span class='ocrx_word' id='word_1_29' title='bbox 1485 540 1758 595; x_wconf 73' lang='lat' dir='ltr'><strong>auditione</strong></span> <span class='ocrx_word' id='word_1_30' title='bbox 1807 538 1968 592; x_wconf 81' lang='lat' dir='ltr'><strong>lidei?</strong></span> 
     </span>
    </p>
   </div>
   <div class='ocr_carea' id='block_1_7' title="bbox 393 630 1965 701">
    <p class='ocr_par' dir='ltr' id='par_1_7' title="bbox 393 630 1965 701">
     <span class='ocr_line' id='line_1_7' title="bbox 393 630 1965 701; baseline -0.001 -16"><span class='ocrx_word' id='word_1_31' title='bbox 393 636 611 687; x_wconf 80' lang='lat' dir='ltr'><strong>Adeone</strong></span> <span class='ocrx_word' id='word_1_32' title='bbox 627 633 902 686; x_wconf 89' lang='lat' dir='ltr'><strong>dementes</strong></span> <span class='ocrx_word' id='word_1_33' title='bbox 926 631 1090 698; x_wconf 90' lang='lat' dir='ltr'><strong>estis,</strong></span> <span class='ocrx_word' id='word_1_34' title='bbox 1123 640 1183 685; x_wconf 93' lang='lat' dir='ltr'><strong>ut</strong></span> <span class='ocrx_word' id='word_1_35' title='bbox 1212 648 1240 685; x_wconf 91' lang='lat' dir='ltr'><strong>a</strong></span> <span class='ocrx_word' id='word_1_36' title='bbox 1276 631 1468 701; x_wconf 91' lang='lat' dir='ltr'><strong>spiritu</strong></span> <span class='ocrx_word' id='word_1_37' title='bbox 1498 633 1699 696; x_wconf 74' lang='lat' dir='ltr'><strong>exorsi,</strong></span> <span class='ocrx_word' id='word_1_38' title='bbox 1728 644 1869 683; x_wconf 85' lang='lat' dir='ltr'><strong>nunc</strong></span> <span class='ocrx_word' id='word_1_39' title='bbox 1913 630 1965 683; x_wconf 86' lang='lat' dir='ltr'><strong>in</strong></span> 
     </span>
    </p>
   </div>
   <div class='ocr_carea' id='block_1_8' title="bbox 383 722 1968 792">
    <p class='ocr_par' dir='ltr' id='par_1_8' title="bbox 383 722 1968 792">
     <span class='ocr_line' id='line_1_8' title="bbox 383 722 1968 792; baseline -0.002 -14"><span class='ocrx_word' id='word_1_40' title='bbox 383 739 608 778; x_wconf 52' lang='lat' dir='ltr'><strong>&#39;curnem</strong></span> <span class='ocrx_word' id='word_1_41' title='bbox 623 724 880 779; x_wconf 72' lang='lat' dir='ltr'><strong>desinatis</strong></span> <span class='ocrx_word' id='word_1_42' title='bbox 899 722 964 756; x_wconf 68' lang='grc' dir='ltr'><strong>δυ·</strong></span> <span class='ocrx_word' id='word_1_43' title='bbox 983 724 1008 777; x_wconf 80' lang='lat'><strong>?</strong></span> <span class='ocrx_word' id='word_1_44' title='bbox 1028 723 1366 779; x_wconf 74' lang='lat' dir='ltr'><strong>sCircumcisi</strong></span> <span class='ocrx_word' id='word_1_45' title='bbox 1384 725 1525 779; x_wconf 92' lang='lat' dir='ltr'><strong>enim</strong></span> <span class='ocrx_word' id='word_1_46' title='bbox 1540 723 1751 778; x_wconf 80' lang='lat' dir='ltr'><strong>fuerunt</strong></span> <span class='ocrx_word' id='word_1_47' title='bbox 1767 724 1968 792; x_wconf 90' lang='lat' dir='ltr'><strong>impru-</strong></span> 
     </span>
    </p>
   </div>
   <div class='ocr_carea' id='block_1_9' title="bbox 391 811 1967 881">
    <p class='ocr_par' dir='ltr' id='par_1_9' title="bbox 391 811 1967 881">
     <span class='ocr_line' id='line_1_9' title="bbox 391 811 1967 881; baseline 0.003 -20"><span class='ocrx_word' id='word_1_48' title='bbox 391 818 599 874; x_wconf 60' lang='lat' dir='ltr'><strong>denter,</strong></span> <span class='ocrx_word' id='word_1_49' title='bbox 642 813 852 868; x_wconf 87' lang='lat' dir='ltr'><strong>etiamsi</strong></span> <span class='ocrx_word' id='word_1_50' title='bbox 879 812 1169 868; x_wconf 84' lang='lat' dir='ltr'><strong>habuerint</strong></span> <span class='ocrx_word' id='word_1_51' title='bbox 1209 813 1685 868; x_wconf 87' lang='lat' dir='ltr'><strong>circumcisionem</strong></span> <span class='ocrx_word' id='word_1_52' title='bbox 1726 815 1778 866; x_wconf 92' lang='lat' dir='ltr'><strong>in</strong></span> <span class='ocrx_word' id='word_1_53' title='bbox 1807 811 1967 881; x_wconf 80' lang='lat' dir='ltr'><strong>spiri-</strong></span> 
     </span>
    </p>
   </div>
   <div class='ocr_carea' id='block_1_10' title="bbox 395 902 1968 974">
    <p class='ocr_par' dir='ltr' id='par_1_10' title="bbox 395 902 1968 974">
     <span class='ocr_line' id='line_1_10' title="bbox 395 902 1968 974; baseline -0.001 -18"><span class='ocrx_word' id='word_1_54' title='bbox 395 913 469 968; x_wconf 88' lang='lat' dir='ltr'><strong>tu,</strong></span> <span class='ocrx_word' id='word_1_55' title='bbox 502 902 583 957; x_wconf 92' lang='lat' dir='ltr'><strong>vel</strong></span> <span class='ocrx_word' id='word_1_56' title='bbox 613 918 709 971; x_wconf 90' lang='lat' dir='ltr'><strong>per</strong></span> <span class='ocrx_word' id='word_1_57' title='bbox 735 903 1034 960; x_wconf 77' lang='lat' dir='ltr'><strong>Christum.</strong></span> <span class='ocrx_word' id='word_1_58' title='bbox 1100 903 1287 974; x_wconf 86' lang='lat' dir='ltr'><strong>Itaque</strong></span> <span class='ocrx_word' id='word_1_59' title='bbox 1334 905 1640 959; x_wconf 89' lang='lat' dir='ltr'><strong>necessario</strong></span> <span class='ocrx_word' id='word_1_60' title='bbox 1674 902 1761 958; x_wconf 91' lang='lat' dir='ltr'><strong>bic</strong></span> <span class='ocrx_word' id='word_1_61' title='bbox 1795 903 1968 971; x_wconf 84' lang='lat' dir='ltr'><strong>inquit</strong></span> 
     </span>
    </p>
   </div>
   <div class='ocr_carea' id='block_1_11' title="bbox 392 992 1964 1063">
    <p class='ocr_par' dir='ltr' id='par_1_11' title="bbox 392 992 1964 1063">
     <span class='ocr_line' id='line_1_11' title="bbox 392 992 1964 1063; baseline 0.001 -17"><span class='ocrx_word' id='word_1_62' title='bbox 392 992 763 1048; x_wconf 88' lang='lat' dir='ltr'><strong>universorum</strong></span> <span class='ocrx_word' id='word_1_63' title='bbox 789 996 928 1050; x_wconf 90' lang='lat' dir='ltr'><strong>Deus</strong></span> <span class='ocrx_word' id='word_1_64' title='bbox 957 1012 973 1049; x_wconf 86' lang='lat'><strong>:</strong></span> <span class='ocrx_word' id='word_1_65' title='bbox 1015 994 1292 1062; x_wconf 75' lang='lat' dir='ltr'><strong>Recedite,</strong></span> <span class='ocrx_word' id='word_1_66' title='bbox 1315 1004 1368 1050; x_wconf 90' lang='lat' dir='ltr'><strong>et</strong></span> <span class='ocrx_word' id='word_1_67' title='bbox 1389 995 1531 1050; x_wconf 84' lang='lat' dir='ltr'><strong>exite</strong></span> <span class='ocrx_word' id='word_1_68' title='bbox 1566 995 1708 1061; x_wconf 85' lang='lat' dir='ltr'><strong>inde,</strong></span> <span class='ocrx_word' id='word_1_69' title='bbox 1729 1004 1783 1049; x_wconf 93' lang='lat' dir='ltr'><strong>et</strong></span> <span class='ocrx_word' id='word_1_70' title='bbox 1809 1009 1964 1063; x_wconf 80' lang='lat' dir='ltr'><strong>sepa-</strong></span> 
     </span>
    </p>
   </div>
   <div class='ocr_carea' id='block_1_12' title="bbox 393 1084 1963 1157">
    <p class='ocr_par' dir='ltr' id='par_1_12' title="bbox 393 1084 1963 1157">
     <span class='ocr_line' id='line_1_12' title="bbox 393 1084 1963 1157; baseline 0 -19"><span class='ocrx_word' id='word_1_71' title='bbox 393 1084 608 1151; x_wconf 89' lang='lat' dir='ltr'><strong>ramini,</strong></span> <span class='ocrx_word' id='word_1_72' title='bbox 645 1086 735 1156; x_wconf 91' lang='lat' dir='ltr'><strong>qui</strong></span> <span class='ocrx_word' id='word_1_73' title='bbox 769 1089 998 1156; x_wconf 82' lang='lat' dir='ltr'><strong>portatis</strong></span> <span class='ocrx_word' id='word_1_74' title='bbox 1027 1103 1154 1143; x_wconf 86' lang='lat' dir='ltr'><strong>vasa</strong></span> <span class='ocrx_word' id='word_1_75' title='bbox 1195 1088 1428 1144; x_wconf 91' lang='lat' dir='ltr'><strong>Domini.</strong></span> <span class='ocrx_word' id='word_1_76' title='bbox 1477 1086 1612 1141; x_wconf 80' lang='lat' dir='ltr'><strong>Nam</strong></span> <span class='ocrx_word' id='word_1_77' title='bbox 1660 1088 1751 1157; x_wconf 86' lang='lat' dir='ltr'><strong>qui</strong></span> <span class='ocrx_word' id='word_1_78' title='bbox 1797 1085 1963 1140; x_wconf 88' lang='lat' dir='ltr'><strong>solida</strong></span> 
     </span>
    </p>
   </div>
   <div class='ocr_carea' id='block_1_13' title="bbox 393 1177 1965 1248">
    <p class='ocr_par' dir='ltr' id='par_1_13' title="bbox 393 1177 1965 1248">
     <span class='ocr_line' id='line_1_13' title="bbox 393 1177 1965 1248; baseline 0.001 -20"><span class='ocrx_word' id='word_1_79' title='bbox 393 1177 496 1231; x_wconf 68' lang='lat' dir='ltr'><strong>title</strong></span> <span class='ocrx_word' id='word_1_80' title='bbox 527 1177 929 1232; x_wconf 90' lang='lat' dir='ltr'><strong>Emmanuelem</strong></span> <span class='ocrx_word' id='word_1_81' title='bbox 961 1177 1263 1246; x_wconf 89' lang='lat' dir='ltr'><strong>coluerunt,</strong></span> <span class='ocrx_word' id='word_1_82' title='bbox 1282 1189 1334 1234; x_wconf 92' lang='lat' dir='ltr'><strong>et</strong></span> <span class='ocrx_word' id='word_1_83' title='bbox 1358 1178 1551 1233; x_wconf 70' lang='lat' dir='ltr'><strong>divina:</strong></span> <span class='ocrx_word' id='word_1_84' title='bbox 1575 1178 1742 1248; x_wconf 89' lang='lat' dir='ltr'><strong>ipsius</strong></span> <span class='ocrx_word' id='word_1_85' title='bbox 1761 1186 1965 1231; x_wconf 68' lang='lat' dir='ltr'><strong>naturae</strong></span> 
     </span>
    </p>
   </div>
   <div class='ocr_carea' id='block_1_14' title="bbox 386 1265 1961 1336">
    <p class='ocr_par' dir='ltr' id='par_1_14' title="bbox 386 1265 1961 1336">
     <span class='ocr_line' id='line_1_14' title="bbox 386 1265 1961 1336; baseline 0 -18"><span class='ocrx_word' id='word_1_86' title='bbox 386 1266 684 1336; x_wconf 80' lang='lat' dir='ltr'><strong>participes</strong></span> <span class='ocrx_word' id='word_1_87' title='bbox 718 1266 845 1322; x_wconf 82' lang='lat' dir='ltr'><strong>facti</strong></span> <span class='ocrx_word' id='word_1_88' title='bbox 881 1276 1026 1333; x_wconf 89' lang='lat' dir='ltr'><strong>sunt,</strong></span> <span class='ocrx_word' id='word_1_89' title='bbox 1061 1282 1126 1322; x_wconf 91' lang='lat' dir='ltr'><strong>eo</strong></span> <span class='ocrx_word' id='word_1_90' title='bbox 1157 1267 1297 1336; x_wconf 88' lang='lat' dir='ltr'><strong>quod</strong></span> <span class='ocrx_word' id='word_1_91' title='bbox 1331 1277 1608 1322; x_wconf 87' lang='lat' dir='ltr'><strong>consortes</strong></span> <span class='ocrx_word' id='word_1_92' title='bbox 1630 1267 1735 1321; x_wconf 90' lang='lat' dir='ltr'><strong>sint</strong></span> <span class='ocrx_word' id='word_1_93' title='bbox 1791 1265 1961 1320; x_wconf 85' lang='lat' dir='ltr'><strong>sancti</strong></span> 
     </span>
    </p>
   </div>
   <div class='ocr_carea' id='block_1_15' title="bbox 393 1355 1965 1427">
    <p class='ocr_par' dir='ltr' id='par_1_15' title="bbox 393 1355 1965 1427">
     <span class='ocr_line' id='line_1_15' title="bbox 393 1355 1965 1427; baseline 0.001 -20"><span class='ocrx_word' id='word_1_94' title='bbox 393 1355 650 1424; x_wconf 84' lang='lat' dir='ltr'><strong>Spiritus,</strong></span> <span class='ocrx_word' id='word_1_95' title='bbox 675 1357 990 1427; x_wconf 79' lang='lat' dir='ltr'><strong>sanctisque</strong></span> <span class='ocrx_word' id='word_1_96' title='bbox 1013 1357 1130 1426; x_wconf 79' lang='lat' dir='ltr'><strong>eius</strong></span> <span class='ocrx_word' id='word_1_97' title='bbox 1157 1358 1315 1413; x_wconf 88' lang='lat' dir='ltr'><strong>donis</strong></span> <span class='ocrx_word' id='word_1_98' title='bbox 1348 1359 1554 1427; x_wconf 86' lang='lat' dir='ltr'><strong>repleti,</strong></span> <span class='ocrx_word' id='word_1_99' title='bbox 1597 1372 1722 1412; x_wconf 87' lang='lat' dir='ltr'><strong>vasa</strong></span> <span class='ocrx_word' id='word_1_100' title='bbox 1750 1365 1965 1427; x_wconf 89' lang='lat' dir='ltr'><strong>portant</strong></span> 
     </span>
    </p>
   </div>
   <div class='ocr_carea' id='block_1_16' title="bbox 391 1447 1965 1520">
    <p class='ocr_par' dir='ltr' id='par_1_16' title="bbox 391 1447 1965 1520">
     <span class='ocr_line' id='line_1_16' title="bbox 391 1447 1965 1520; baseline 0.004 -22"><span class='ocrx_word' id='word_1_101' title='bbox 391 1447 526 1504; x_wconf 88' lang='lat' dir='ltr'><strong>Deo.</strong></span> <span class='ocrx_word' id='word_1_102' title='bbox 579 1447 696 1514; x_wconf 87' lang='lat' dir='ltr'><strong>Quo</strong></span> <span class='ocrx_word' id='word_1_103' title='bbox 759 1459 940 1504; x_wconf 86' lang='lat' dir='ltr'><strong>autem</strong></span> <span class='ocrx_word' id='word_1_104' title='bbox 1000 1451 1181 1516; x_wconf 87' lang='lat' dir='ltr'><strong>modo,</strong></span> <span class='ocrx_word' id='word_1_105' title='bbox 1247 1451 1456 1505; x_wconf 84' lang='lat' dir='ltr'><strong>docebit</strong></span> <span class='ocrx_word' id='word_1_106' title='bbox 1531 1449 1965 1520; x_wconf 89' lang='lat' dir='ltr'><strong>sapientissimus</strong></span> 
     </span>
    </p>
   </div>
   <div class='ocr_carea' id='block_1_17' title="bbox 283 1531 1966 1608">
    <p class='ocr_par' dir='ltr' id='par_1_17' title="bbox 283 1531 1966 1608">
     <span class='ocr_line' id='line_1_17' title="bbox 283 1531 1966 1608; baseline 0.004 -20"><span class='ocrx_word' id='word_1_107' title='bbox 283 1531 288 1540; x_wconf 88' lang='grc'><em>’</em></span> <span class='ocrx_word' id='word_1_108' title='bbox 394 1537 612 1603; x_wconf 75' lang='lat' dir='ltr'><strong>Paulus,</strong></span> <span class='ocrx_word' id='word_1_109' title='bbox 643 1538 932 1608; x_wconf 80' lang='lat' dir='ltr'><strong>inquiens:</strong></span> <span class='ocrx_word' id='word_1_110' title='bbox 975 1557 996 1591; x_wconf 74' lang='grc' dir='ltr'><strong>ι</strong></span> <span class='ocrx_word' id='word_1_111' title='bbox 1047 1539 1256 1594; x_wconf 82' lang='lat' dir='ltr'><strong>induite</strong></span> <span class='ocrx_word' id='word_1_112' title='bbox 1308 1549 1637 1594; x_wconf 87' lang='lat' dir='ltr'><strong>armaturam</strong></span> <span class='ocrx_word' id='word_1_113' title='bbox 1695 1539 1812 1605; x_wconf 89' lang='lat' dir='ltr'><strong>Dei,</strong></span> <span class='ocrx_word' id='word_1_114' title='bbox 1847 1554 1966 1608; x_wconf 69' lang='lat' dir='ltr'><strong>qute</strong></span> 
     </span>
    </p>
   </div>
   <div class='ocr_carea' id='block_1_18' title="bbox 386 1627 1967 1701">
    <p class='ocr_par' dir='ltr' id='par_1_18' title="bbox 386 1627 1967 1701">
     <span class='ocr_line' id='line_1_18' title="bbox 386 1627 1967 1701; baseline 0.003 -21"><span class='ocrx_word' id='word_1_115' title='bbox 386 1637 476 1680; x_wconf 83' lang='lat' dir='ltr'><strong>est</strong></span> <span class='ocrx_word' id='word_1_116' title='bbox 502 1627 663 1683; x_wconf 88' lang='lat' dir='ltr'><strong>lorica</strong></span> <span class='ocrx_word' id='word_1_117' title='bbox 682 1628 936 1698; x_wconf 76' lang='lat' dir='ltr'><strong>justitize,</strong></span> <span class='ocrx_word' id='word_1_118' title='bbox 965 1629 1114 1698; x_wconf 82' lang='lat' dir='ltr'><strong>galea</strong></span> <span class='ocrx_word' id='word_1_119' title='bbox 1140 1629 1348 1697; x_wconf 88' lang='lat' dir='ltr'><strong>salutis,</strong></span> <span class='ocrx_word' id='word_1_120' title='bbox 1383 1632 1604 1701; x_wconf 87' lang='lat' dir='ltr'><strong>clypeus</strong></span> <span class='ocrx_word' id='word_1_121' title='bbox 1638 1631 1782 1697; x_wconf 86' lang='lat' dir='ltr'><strong>lldei,</strong></span> <span class='ocrx_word' id='word_1_122' title='bbox 1855 1631 1967 1701; x_wconf 86' lang='lat' dir='ltr'><strong>gla-</strong></span> 
     </span>
    </p>
   </div>
   <div class='ocr_carea' id='block_1_19' title="bbox 376 1717 1963 1788">
    <p class='ocr_par' dir='ltr' id='par_1_19' title="bbox 376 1717 1963 1788">
     <span class='ocr_line' id='line_1_19' title="bbox 376 1717 1963 1788; baseline 0.002 -17"><span class='ocrx_word' id='word_1_123' title='bbox 376 1717 512 1772; x_wconf 72' lang='lat' dir='ltr'><strong>dius</strong></span> <span class='ocrx_word' id='word_1_124' title='bbox 542 1719 782 1787; x_wconf 90' lang='lat' dir='ltr'><strong>spiritus,</strong></span> <span class='ocrx_word' id='word_1_125' title='bbox 807 1719 1004 1788; x_wconf 87' lang='lat' dir='ltr'><strong>quiest</strong></span> <span class='ocrx_word' id='word_1_126' title='bbox 1035 1717 1266 1776; x_wconf 86' lang='lat' dir='ltr'><strong>Verbum</strong></span> <span class='ocrx_word' id='word_1_127' title='bbox 1296 1721 1385 1774; x_wconf 90' lang='lat' dir='ltr'><strong>Dei</strong></span> <span class='ocrx_word' id='word_1_128' title='bbox 1417 1721 1462 1752; x_wconf 78' lang='lat'>“</span> <span class='ocrx_word' id='word_1_129' title='bbox 1492 1761 1507 1775; x_wconf 95' lang='lat'><strong>.</strong></span> <span class='ocrx_word' id='word_1_130' title='bbox 1567 1740 1586 1773; x_wconf 76' lang='grc' dir='ltr'><strong>ι</strong></span> <span class='ocrx_word' id='word_1_131' title='bbox 1632 1721 1840 1777; x_wconf 86' lang='lat' dir='ltr'><strong>Etenim</strong></span> <span class='ocrx_word' id='word_1_132' title='bbox 1866 1721 1963 1774; x_wconf 78' lang='lat' dir='ltr'><strong>ba-</strong></span> 
     </span>
    </p>
   </div>
   <div class='ocr_carea' id='block_1_20' title="bbox 2072 531 3646 608">
    <p class='ocr_par' dir='ltr' id='par_1_20' title="bbox 2072 531 3646 608">
     <span class='ocr_line' id='line_1_20' title="bbox 2072 531 3646 608; baseline 0.006 -25"><span class='ocrx_word' id='word_1_133' title='bbox 2072 533 2190 584; x_wconf 84' lang='grc' dir='ltr'>κατ’</span> <span class='ocrx_word' id='word_1_134' title='bbox 2216 531 2526 601; x_wconf 77' lang='grc' dir='ltr'>ὀφθαλμοὺς</span> <span class='ocrx_word' id='word_1_135' title='bbox 2561 532 2769 603; x_wconf 80' lang='grc' dir='ltr'>Ἰησοῦς</span> <span class='ocrx_word' id='word_1_136' title='bbox 2806 533 3042 604; x_wconf 76' lang='grc' dir='ltr'>Χριστὸς</span> <span class='ocrx_word' id='word_1_137' title='bbox 3081 539 3407 608; x_wconf 82' lang='grc' dir='ltr'><strong>προεγράφη</strong></span> <span class='ocrx_word' id='word_1_138' title='bbox 3451 540 3646 593; x_wconf 74' lang='grc' dir='ltr'>ἑστάυο</span> 
     </span>
    </p>
   </div>
   <div class='ocr_carea' id='block_1_21' title="bbox 2077 623 3647 700">
    <p class='ocr_par' dir='ltr' id='par_1_21' title="bbox 2077 623 3647 700">
     <span class='ocr_line' id='line_1_21' title="bbox 2077 623 3647 700; baseline 0.006 -26"><span class='ocrx_word' id='word_1_139' title='bbox 2077 626 2352 692; x_wconf 88' lang='grc' dir='ltr'>ρωμένος;</span> <span class='ocrx_word' id='word_1_140' title='bbox 2386 642 2402 673; x_wconf 81' lang='grc' dir='ltr'><strong>ι</strong></span> <span class='ocrx_word' id='word_1_141' title='bbox 2434 623 2604 676; x_wconf 82' lang='grc' dir='ltr'>Τοῦτο</span> <span class='ocrx_word' id='word_1_142' title='bbox 2640 625 2798 694; x_wconf 73' lang='grc' dir='ltr'>μόνον</span> <span class='ocrx_word' id='word_1_143' title='bbox 2829 623 2967 680; x_wconf 91' lang='grc' dir='ltr'>θέλω</span> <span class='ocrx_word' id='word_1_144' title='bbox 3015 627 3206 696; x_wconf 81' lang='grc' dir='ltr'><strong>μαθεῖν</strong></span> <span class='ocrx_word' id='word_1_145' title='bbox 3239 631 3332 696; x_wconf 78' lang='grc' dir='ltr'><strong>ἀφ’</strong></span> <span class='ocrx_word' id='word_1_146' title='bbox 3371 630 3546 700; x_wconf 84' lang='grc' dir='ltr'>ὑμῶν,</span> <span class='ocrx_word' id='word_1_147' title='bbox 3589 631 3647 697; x_wconf 77' lang='grc' dir='ltr'>ἑξ</span> 
     </span>
    </p>
   </div>
   <div class='ocr_carea' id='block_1_22' title="bbox 2073 713 3644 790">
    <p class='ocr_par' dir='ltr' id='par_1_22' title="bbox 2073 713 3644 790">
     <span class='ocr_line' id='line_1_22' title="bbox 2073 713 3644 790; baseline 0.006 -25"><span class='ocrx_word' id='word_1_148' title='bbox 2073 713 2248 784; x_wconf 74' lang='grc' dir='ltr'>ἔργων</span> <span class='ocrx_word' id='word_1_149' title='bbox 2273 714 2435 783; x_wconf 87' lang='grc' dir='ltr'>νόμου</span> <span class='ocrx_word' id='word_1_150' title='bbox 2457 715 2517 768; x_wconf 73' lang='grc' dir='ltr'>τὸ</span> <span class='ocrx_word' id='word_1_151' title='bbox 2541 716 2757 786; x_wconf 75' lang='grc' dir='ltr'>πνεῦμα</span> <span class='ocrx_word' id='word_1_152' title='bbox 2785 717 3025 783; x_wconf 74' lang='grc' dir='ltr'>ἐλάϐετε,</span> <span class='ocrx_word' id='word_1_153' title='bbox 3050 719 3082 788; x_wconf 75' lang='grc' dir='ltr'>ἢ</span> <span class='ocrx_word' id='word_1_154' title='bbox 3107 719 3163 785; x_wconf 83' lang='grc' dir='ltr'>ἐξ</span> <span class='ocrx_word' id='word_1_155' title='bbox 3187 721 3356 790; x_wconf 79' lang='grc' dir='ltr'>ἀκοῆς</span> <span class='ocrx_word' id='word_1_156' title='bbox 3380 722 3644 787; x_wconf 72' lang='grc' dir='ltr'>πίστεως,</span> 
     </span>
    </p>
   </div>
   <div class='ocr_carea' id='block_1_23' title="bbox 2073 803 3649 886">
    <p class='ocr_par' dir='ltr' id='par_1_23' title="bbox 2073 803 3649 886">
     <span class='ocr_line' id='line_1_23' title="bbox 2073 803 3649 886; baseline 0.008 -30"><span class='ocrx_word' id='word_1_157' title='bbox 2073 803 2262 868; x_wconf 81' lang='grc' dir='ltr'>υῦτως</span> <span class='ocrx_word' id='word_1_158' title='bbox 2277 805 2493 876; x_wconf 83' lang='grc' dir='ltr'>ἀνόητοί</span> <span class='ocrx_word' id='word_1_159' title='bbox 2509 808 2630 859; x_wconf 74' lang='grc' dir='ltr'>ἐστε</span> <span class='ocrx_word' id='word_1_160' title='bbox 2649 824 2663 873; x_wconf 86' lang='lat'><strong>;</strong></span> <span class='ocrx_word' id='word_1_161' title='bbox 2683 808 3039 879; x_wconf 75' lang='grc' dir='ltr'><strong>ἐναρξάμενοι</strong></span> <span class='ocrx_word' id='word_1_162' title='bbox 3058 811 3353 882; x_wconf 82' lang='grc' dir='ltr'>πνεύματι,</span> <span class='ocrx_word' id='word_1_163' title='bbox 3368 814 3462 868; x_wconf 82' lang='grc' dir='ltr'>νῦν</span> <span class='ocrx_word' id='word_1_164' title='bbox 3487 817 3649 886; x_wconf 75' lang='grc' dir='ltr'>σαρκὶ</span> 
     </span>
    </p>
   </div>
   <div class='ocr_carea' id='block_1_24' title="bbox 2073 894 3650 976">
    <p class='ocr_par' dir='ltr' id='par_1_24' title="bbox 2073 894 3650 976">
     <span class='ocr_line' id='line_1_24' title="bbox 2073 894 3650 976; baseline 0.006 -28"><span class='ocrx_word' id='word_1_165' title='bbox 2073 894 2405 948; x_wconf 71' lang='grc' dir='ltr'><strong>ἐπιτελεῖσθε</strong></span> <span class='ocrx_word' id='word_1_166' title='bbox 2427 913 2441 961; x_wconf 91' lang='grc'><strong>;</strong></span> <span class='ocrx_word' id='word_1_167' title='bbox 2467 897 2890 967; x_wconf 87' lang='grc' dir='ltr'>Περιετέμνοντο</span> <span class='ocrx_word' id='word_1_168' title='bbox 2911 900 3020 969; x_wconf 77' lang='grc' dir='ltr'>γὰρ</span> <span class='ocrx_word' id='word_1_169' title='bbox 3042 901 3334 965; x_wconf 74' lang='grc' dir='ltr'><strong>ἀσυνέτως,</strong></span> <span class='ocrx_word' id='word_1_170' title='bbox 3356 903 3531 957; x_wconf 83' lang='grc' dir='ltr'>καίτοι</span> <span class='ocrx_word' id='word_1_171' title='bbox 3553 907 3650 976; x_wconf 83' lang='grc' dir='ltr'>τὴν</span> 
     </span>
    </p>
   </div>
   <div class='ocr_carea' id='block_1_25' title="bbox 2073 984 3646 1064">
    <p class='ocr_par' dir='ltr' id='par_1_25' title="bbox 2073 984 3646 1064">
     <span class='ocr_line' id='line_1_25' title="bbox 2073 984 3646 1064; baseline 0.006 -27"><span class='ocrx_word' id='word_1_172' title='bbox 2073 987 2130 1037; x_wconf 76' lang='grc' dir='ltr'>ἑν</span> <span class='ocrx_word' id='word_1_173' title='bbox 2156 984 2428 1056; x_wconf 83' lang='grc' dir='ltr'>πνεύματι</span> <span class='ocrx_word' id='word_1_174' title='bbox 2457 987 2761 1058; x_wconf 80' lang='grc' dir='ltr'>περιτομὴν</span> <span class='ocrx_word' id='word_1_175' title='bbox 2805 986 3082 1056; x_wconf 83' lang='grc' dir='ltr'><strong>λαχόντες,</strong></span> <span class='ocrx_word' id='word_1_176' title='bbox 3114 989 3234 1060; x_wconf 72' lang='grc' dir='ltr'>ἦτοι</span> <span class='ocrx_word' id='word_1_177' title='bbox 3275 991 3362 1044; x_wconf 83' lang='grc' dir='ltr'>διὰ</span> <span class='ocrx_word' id='word_1_178' title='bbox 3391 993 3646 1064; x_wconf 79' lang='grc' dir='ltr'>Χριστοῦ.</span> 
     </span>
    </p>
   </div>
   <div class='ocr_carea' id='block_1_26' title="bbox 2072 1075 3651 1152">
    <p class='ocr_par' dir='ltr' id='par_1_26' title="bbox 2072 1075 3651 1152">
     <span class='ocr_line' id='line_1_26' title="bbox 2072 1075 3651 1152; baseline 0.004 -22"><span class='ocrx_word' id='word_1_179' title='bbox 2072 1075 2280 1130; x_wconf 82' lang='grc' dir='ltr'>Οὐκοῦν</span> <span class='ocrx_word' id='word_1_180' title='bbox 2306 1077 2618 1144; x_wconf 76' lang='grc' dir='ltr'><strong>ἀναγκαίως</strong></span> <span class='ocrx_word' id='word_1_181' title='bbox 2645 1078 2725 1141; x_wconf 83' lang='grc' dir='ltr'><strong>τὸ,</strong></span> <span class='ocrx_word' id='word_1_182' title='bbox 2758 1078 3077 1150; x_wconf 81' lang='grc' dir='ltr'>Ἀπόστητε,</span> <span class='ocrx_word' id='word_1_183' title='bbox 3107 1081 3165 1132; x_wconf 79' lang='grc' dir='ltr'>ἐν</span> <span class='ocrx_word' id='word_1_184' title='bbox 3190 1080 3398 1144; x_wconf 80' lang='grc' dir='ltr'>τούτοις</span> <span class='ocrx_word' id='word_1_185' title='bbox 3429 1082 3592 1152; x_wconf 67' lang='grc' dir='ltr'>φησὶν</span> <span class='ocrx_word' id='word_1_186' title='bbox 3623 1086 3651 1136; x_wconf 98' lang='lat'><strong>6</strong></span> 
     </span>
    </p>
   </div>
   <div class='ocr_carea' id='block_1_27' title="bbox 2071 1164 3650 1239">
    <p class='ocr_par' dir='ltr' id='par_1_27' title="bbox 2071 1164 3650 1239">
     <span class='ocr_line' id='line_1_27' title="bbox 2071 1164 3650 1239; baseline 0.004 -22"><span class='ocrx_word' id='word_1_187' title='bbox 2071 1164 2180 1218; x_wconf 84' lang='grc' dir='ltr'><strong>τῶν</strong></span> <span class='ocrx_word' id='word_1_188' title='bbox 2208 1164 2344 1217; x_wconf 82' lang='grc' dir='ltr'>ὅλων</span> <span class='ocrx_word' id='word_1_189' title='bbox 2372 1164 2523 1228; x_wconf 85' lang='grc' dir='ltr'>Θεὸς,</span> <span class='ocrx_word' id='word_1_190' title='bbox 2545 1165 2641 1218; x_wconf 76' lang='grc' dir='ltr'><strong>καὶ</strong></span> <span class='ocrx_word' id='word_1_191' title='bbox 2665 1165 2746 1230; x_wconf 74' lang='grc' dir='ltr'><strong>τδ,</strong></span> <span class='ocrx_word' id='word_1_192' title='bbox 2764 1165 3037 1230; x_wconf 82' lang='grc' dir='ltr'>Ἐξέλθετε</span> <span class='ocrx_word' id='word_1_193' title='bbox 3061 1169 3287 1234; x_wconf 77' lang='grc' dir='ltr'>ἐκεῖθεν,</span> <span class='ocrx_word' id='word_1_194' title='bbox 3305 1171 3398 1223; x_wconf 79' lang='grc' dir='ltr'><strong>καὶ</strong></span> <span class='ocrx_word' id='word_1_195' title='bbox 3426 1172 3508 1238; x_wconf 85' lang='grc' dir='ltr'><strong>τὸ,</strong></span> <span class='ocrx_word' id='word_1_196' title='bbox 3527 1173 3650 1239; x_wconf 72' lang='grc' dir='ltr'>Ἀερ-</span> 
     </span>
    </p>
   </div>
   <div class='ocr_carea' id='block_1_28' title="bbox 2071 1255 3647 1334">
    <p class='ocr_par' dir='ltr' id='par_1_28' title="bbox 2071 1255 3647 1334">
     <span class='ocr_line' id='line_1_28' title="bbox 2071 1255 3647 1334; baseline 0.006 -26"><span class='ocrx_word' id='word_1_197' title='bbox 2071 1255 2348 1326; x_wconf 84' lang='grc' dir='ltr'>ορίσθητε,</span> <span class='ocrx_word' id='word_1_198' title='bbox 2367 1257 2415 1308; x_wconf 81' lang='lat' dir='ltr'><strong>oi</strong></span> <span class='ocrx_word' id='word_1_199' title='bbox 2451 1256 2708 1327; x_wconf 81' lang='grc' dir='ltr'>φέροντες</span> <span class='ocrx_word' id='word_1_200' title='bbox 2729 1257 2797 1310; x_wconf 87' lang='grc' dir='ltr'>τὰ</span> <span class='ocrx_word' id='word_1_201' title='bbox 2826 1258 2996 1330; x_wconf 88' lang='grc' dir='ltr'>σκεύη</span> <span class='ocrx_word' id='word_1_202' title='bbox 3029 1260 3252 1331; x_wconf 83' lang='grc' dir='ltr'>Κυρίου.</span> <span class='ocrx_word' id='word_1_203' title='bbox 3286 1264 3348 1315; x_wconf 82' lang='lat' dir='ltr'><strong>Ol</strong></span> <span class='ocrx_word' id='word_1_204' title='bbox 3379 1262 3485 1334; x_wconf 81' lang='grc' dir='ltr'>γὰρ</span> <span class='ocrx_word' id='word_1_205' title='bbox 3513 1264 3647 1328; x_wconf 71' lang='grc' dir='ltr'>ὅλως</span> 
     </span>
    </p>
   </div>
   <div class='ocr_carea' id='block_1_29' title="bbox 2071 1344 3648 1422">
    <p class='ocr_par' dir='ltr' id='par_1_29' title="bbox 2071 1344 3648 1422">
     <span class='ocr_line' id='line_1_29' title="bbox 2071 1344 3648 1422; baseline 0.006 -26"><span class='ocrx_word' id='word_1_206' title='bbox 2071 1347 2137 1414; x_wconf 80' lang='grc' dir='ltr'>τῇ</span> <span class='ocrx_word' id='word_1_207' title='bbox 2173 1344 2354 1397; x_wconf 84' lang='grc' dir='ltr'>πίστει</span> <span class='ocrx_word' id='word_1_208' title='bbox 2387 1346 2715 1416; x_wconf 82' lang='grc' dir='ltr'>τιμήσαντες</span> <span class='ocrx_word' id='word_1_209' title='bbox 2739 1347 2830 1401; x_wconf 81' lang='grc' dir='ltr'><strong>τὸν</strong></span> <span class='ocrx_word' id='word_1_210' title='bbox 2859 1349 3226 1420; x_wconf 76' lang='grc' dir='ltr'>Ἐμμανουήλ,</span> <span class='ocrx_word' id='word_1_211' title='bbox 3260 1352 3352 1405; x_wconf 81' lang='grc' dir='ltr'>καὶ</span> <span class='ocrx_word' id='word_1_212' title='bbox 3381 1353 3478 1422; x_wconf 72' lang='grc' dir='ltr'>τῆς</span> <span class='ocrx_word' id='word_1_213' title='bbox 3501 1353 3648 1416; x_wconf 75' lang='grc' dir='ltr'>θείας</span> 
     </span>
    </p>
   </div>
   <div class='ocr_carea' id='block_1_30' title="bbox 2071 1435 3647 1515">
    <p class='ocr_par' dir='ltr' id='par_1_30' title="bbox 2071 1435 3647 1515">
     <span class='ocr_line' id='line_1_30' title="bbox 2071 1435 3647 1515; baseline 0.006 -27"><span class='ocrx_word' id='word_1_214' title='bbox 2071 1435 2237 1489; x_wconf 77' lang='grc' dir='ltr'>αὐτοῦ</span> <span class='ocrx_word' id='word_1_215' title='bbox 2262 1436 2476 1504; x_wconf 83' lang='grc' dir='ltr'>φύσεως</span> <span class='ocrx_word' id='word_1_216' title='bbox 2501 1440 2742 1492; x_wconf 79' lang='grc' dir='ltr'>κοινωνοὶ</span> <span class='ocrx_word' id='word_1_217' title='bbox 2772 1442 3080 1509; x_wconf 89' lang='grc' dir='ltr'>γεγονότες,</span> <span class='ocrx_word' id='word_1_218' title='bbox 3101 1443 3186 1496; x_wconf 78' lang='grc' dir='ltr'><strong>διὰ</strong></span> <span class='ocrx_word' id='word_1_219' title='bbox 3210 1443 3303 1497; x_wconf 79' lang='grc' dir='ltr'>τοῦ</span> <span class='ocrx_word' id='word_1_220' title='bbox 3329 1445 3647 1515; x_wconf 85' lang='grc' dir='ltr'>μεταλαχεῖν</span> 
     </span>
    </p>
   </div>
   <div class='ocr_carea' id='block_1_31' title="bbox 2073 1527 3646 1605">
    <p class='ocr_par' dir='ltr' id='par_1_31' title="bbox 2073 1527 3646 1605">
     <span class='ocr_line' id='line_1_31' title="bbox 2073 1527 3646 1605; baseline 0.005 -26"><span class='ocrx_word' id='word_1_221' title='bbox 2073 1527 2228 1596; x_wconf 81' lang='grc' dir='ltr'>ἁγίου</span> <span class='ocrx_word' id='word_1_222' title='bbox 2272 1527 2610 1598; x_wconf 76' lang='grc' dir='ltr'>Πνεύματος,</span> <span class='ocrx_word' id='word_1_223' title='bbox 2648 1530 3027 1602; x_wconf 75' lang='grc' dir='ltr'>ἐμπλησθῆναί</span> <span class='ocrx_word' id='word_1_224' title='bbox 3059 1551 3117 1586; x_wconf 90' lang='grc' dir='ltr'><strong>τε</strong></span> <span class='ocrx_word' id='word_1_225' title='bbox 3151 1533 3257 1586; x_wconf 82' lang='grc' dir='ltr'>τῶν</span> <span class='ocrx_word' id='word_1_226' title='bbox 3293 1534 3452 1605; x_wconf 77' lang='grc' dir='ltr'>ἱερῶν</span> <span class='ocrx_word' id='word_1_227' title='bbox 3483 1536 3646 1587; x_wconf 83' lang='grc' dir='ltr'>αὑτοῦ</span> 
     </span>
    </p>
   </div>
   <div class='ocr_carea' id='block_1_32' title="bbox 2072 1619 3645 1695">
    <p class='ocr_par' dir='ltr' id='par_1_32' title="bbox 2072 1619 3645 1695">
     <span class='ocr_line' id='line_1_32' title="bbox 2072 1619 3645 1695; baseline 0.004 -25"><span class='ocrx_word' id='word_1_228' title='bbox 2072 1619 2449 1688; x_wconf 80' lang='grc' dir='ltr'><strong>χαρισμάτων,</strong></span> <span class='ocrx_word' id='word_1_229' title='bbox 2480 1622 2873 1692; x_wconf 81' lang='grc' dir='ltr'>σκευοφοροῦσι</span> <span class='ocrx_word' id='word_1_230' title='bbox 2898 1623 3037 1694; x_wconf 83' lang='grc' dir='ltr'>Θεῷ.</span> <span class='ocrx_word' id='word_1_231' title='bbox 3069 1625 3179 1677; x_wconf 72' lang='grc' dir='ltr'><strong>Καὶ</strong></span> <span class='ocrx_word' id='word_1_232' title='bbox 3204 1625 3324 1677; x_wconf 87' lang='grc' dir='ltr'>τίνα</span> <span class='ocrx_word' id='word_1_233' title='bbox 3339 1625 3393 1676; x_wconf 81' lang='grc' dir='ltr'>δὲ</span> <span class='ocrx_word' id='word_1_234' title='bbox 3427 1626 3645 1695; x_wconf 82' lang='grc' dir='ltr'>τρόπον,</span> 
     </span>
    </p>
   </div>
   <div class='ocr_carea' id='block_1_33' title="bbox 2071 1710 3650 1786">
    <p class='ocr_par' dir='ltr' id='par_1_33' title="bbox 2071 1710 3650 1786">
     <span class='ocr_line' id='line_1_33' title="bbox 2071 1710 3650 1786; baseline 0.004 -24"><span class='ocrx_word' id='word_1_235' title='bbox 2071 1710 2270 1774; x_wconf 80' lang='grc' dir='ltr'><strong>διδάξει</strong></span> <span class='ocrx_word' id='word_1_236' title='bbox 2302 1710 2475 1777; x_wconf 75' lang='grc' dir='ltr'>λέγων</span> <span class='ocrx_word' id='word_1_237' title='bbox 2503 1712 2531 1762; x_wconf 86' lang='grc' dir='ltr'>ὁ</span> <span class='ocrx_word' id='word_1_238' title='bbox 2565 1711 2842 1781; x_wconf 75' lang='grc' dir='ltr'>πάνσοφος</span> <span class='ocrx_word' id='word_1_239' title='bbox 2874 1713 3112 1776; x_wconf 81' lang='grc' dir='ltr'><strong>Παῦλος·</strong></span> <span class='ocrx_word' id='word_1_240' title='bbox 3144 1733 3163 1765; x_wconf 81' lang='lat' dir='ltr'><strong>s</strong></span> <span class='ocrx_word' id='word_1_241' title='bbox 3205 1715 3524 1770; x_wconf 79' lang='grc' dir='ltr'>Ἐνδύσασοε</span> <span class='ocrx_word' id='word_1_242' title='bbox 3555 1717 3650 1786; x_wconf 76' lang='grc' dir='ltr'><strong>τὴν</strong></span> 
     </span>
    </p>
   </div>
   <div class='ocr_carea' id='block_1_34' title="bbox 377 1800 1970 1883">
    <p class='ocr_par' dir='ltr' id='par_1_34' title="bbox 377 1809 1963 1883">
     <span class='ocr_line' id='line_1_34' title="bbox 377 1809 1963 1883; baseline 0.003 -20"><span class='ocrx_word' id='word_1_243' title='bbox 377 1809 580 1864; x_wconf 77' lang='lat' dir='ltr'><strong>&#39;beutes</strong></span> <span class='ocrx_word' id='word_1_244' title='bbox 638 1812 776 1866; x_wconf 90' lang='lat' dir='ltr'><strong>banc</strong></span> <span class='ocrx_word' id='word_1_245' title='bbox 827 1819 1157 1865; x_wconf 81' lang='lat' dir='ltr'><strong>armaturam</strong></span> <span class='ocrx_word' id='word_1_246' title='bbox 1212 1811 1562 1882; x_wconf 80' lang='lat' dir='ltr'><strong>intelligentia</strong></span> <span class='ocrx_word' id='word_1_247' title='bbox 1623 1823 1963 1883; x_wconf 82' lang='lat' dir='ltr'><strong>perceptam,</strong></span> 
     </span>
    </p>
   </div>
   <div class='ocr_carea' id='block_1_35' title="bbox 2072 1800 3650 1883">
    <p class='ocr_par' dir='ltr' id='par_1_35' title="bbox 2072 1800 3650 1876">
     <span class='ocr_line' id='line_1_35' title="bbox 2072 1800 3650 1876; baseline 0.004 -24"><span class='ocrx_word' id='word_1_248' title='bbox 2072 1801 2372 1854; x_wconf 85' lang='grc' dir='ltr'>πανοπλίαν</span> <span class='ocrx_word' id='word_1_249' title='bbox 2407 1803 2500 1853; x_wconf 84' lang='grc' dir='ltr'>τοῦ</span> <span class='ocrx_word' id='word_1_250' title='bbox 2531 1800 2689 1854; x_wconf 73' lang='grc' dir='ltr'>Θεοῦ·</span> <span class='ocrx_word' id='word_1_251' title='bbox 2731 1801 2870 1872; x_wconf 79' lang='grc' dir='ltr'>αὕτη</span> <span class='ocrx_word' id='word_1_252' title='bbox 2901 1803 2957 1855; x_wconf 81' lang='grc' dir='ltr'><strong>δέ</strong></span> <span class='ocrx_word' id='word_1_253' title='bbox 2995 1805 3142 1856; x_wconf 82' lang='grc' dir='ltr'>ἐστιν</span> <span class='ocrx_word' id='word_1_254' title='bbox 3175 1807 3203 1857; x_wconf 91' lang='lat'><strong>6</strong></span> <span class='ocrx_word' id='word_1_255' title='bbox 3241 1804 3425 1876; x_wconf 80' lang='grc' dir='ltr'>θώραξ</span> <span class='ocrx_word' id='word_1_256' title='bbox 3453 1807 3552 1874; x_wconf 74' lang='grc' dir='ltr'>τῆς</span> <span class='ocrx_word' id='word_1_257' title='bbox 3576 1807 3650 1858; x_wconf 90' lang='grc' dir='ltr'>δι-</span> 
     </span>
    </p>
   </div>
   <div class='ocr_carea' id='block_1_36' title="bbox 369 1899 1965 1973">
    <p class='ocr_par' dir='ltr' id='par_1_36' title="bbox 369 1899 1965 1973">
     <span class='ocr_line' id='line_1_36' title="bbox 369 1899 1965 1973; baseline 0.003 -20"><span class='ocrx_word' id='word_1_258' title='bbox 369 1900 658 1955; x_wconf 73' lang='lat' dir='ltr'><strong>&#39;obsistunt</strong></span> <span class='ocrx_word' id='word_1_259' title='bbox 678 1900 915 1966; x_wconf 71' lang='lat' dir='ltr'><strong>Satanae,</strong></span> <span class='ocrx_word' id='word_1_260' title='bbox 938 1899 1162 1971; x_wconf 81' lang='lat' dir='ltr'><strong>ejusque</strong></span> <span class='ocrx_word' id='word_1_261' title='bbox 1194 1903 1563 1958; x_wconf 78' lang='lat' dir='ltr'><strong>adversantur</strong></span> <span class='ocrx_word' id='word_1_262' title='bbox 1589 1903 1965 1973; x_wconf 84' lang='lat' dir='ltr'><strong>potestatibus,</strong></span> 
     </span>
    </p>
   </div>
   <div class='ocr_carea' id='block_1_37' title="bbox 368 1991 1958 2063">
    <p class='ocr_par' dir='ltr' id='par_1_37' title="bbox 368 1991 1958 2063">
     <span class='ocr_line' id='line_1_37' title="bbox 368 1991 1958 2063; baseline 0.001 -17"><span class='ocrx_word' id='word_1_263' title='bbox 368 2005 454 2046; x_wconf 25' lang='lat' dir='ltr'><strong>ise</strong></span> <span class='ocrx_word' id='word_1_264' title='bbox 491 1991 814 2060; x_wconf 82' lang='lat' dir='ltr'><strong>praesultant</strong></span> <span class='ocrx_word' id='word_1_265' title='bbox 854 1992 1273 2061; x_wconf 86' lang='lat' dir='ltr'><strong>quodammodo,</strong></span> <span class='ocrx_word' id='word_1_266' title='bbox 1299 2003 1354 2049; x_wconf 90' lang='lat' dir='ltr'><strong>et</strong></span> <span class='ocrx_word' id='word_1_267' title='bbox 1381 2007 1505 2048; x_wconf 87' lang='lat' dir='ltr'><strong>suas</strong></span> <span class='ocrx_word' id='word_1_268' title='bbox 1537 1995 1745 2048; x_wconf 87' lang='lat' dir='ltr'><strong>animas</strong></span> <span class='ocrx_word' id='word_1_269' title='bbox 1785 2003 1958 2063; x_wconf 84' lang='lat' dir='ltr'><strong>prote-</strong></span> 
     </span>
    </p>
   </div>
   <div class='ocr_carea' id='block_1_38' title="bbox 384 2081 1966 2154">
    <p class='ocr_par' dir='ltr' id='par_1_38' title="bbox 384 2081 1966 2154">
     <span class='ocr_line' id='line_1_38' title="bbox 384 2081 1966 2154; baseline 0.003 -20"><span class='ocrx_word' id='word_1_270' title='bbox 384 2091 544 2151; x_wconf 86' lang='lat' dir='ltr'><strong>gunt,</strong></span> <span class='ocrx_word' id='word_1_271' title='bbox 585 2081 915 2153; x_wconf 91' lang='lat' dir='ltr'><strong>populosque</strong></span> <span class='ocrx_word' id='word_1_272' title='bbox 942 2098 1054 2139; x_wconf 78' lang='lat' dir='ltr'><strong>sua:</strong></span> <span class='ocrx_word' id='word_1_273' title='bbox 1074 2085 1258 2138; x_wconf 89' lang='lat' dir='ltr'><strong>manui</strong></span> <span class='ocrx_word' id='word_1_274' title='bbox 1292 2084 1536 2140; x_wconf 86' lang='lat' dir='ltr'><strong>subditos</strong></span> <span class='ocrx_word' id='word_1_275' title='bbox 1565 2094 1910 2154; x_wconf 85' lang='lat' dir='ltr'><strong>prepugnant</strong></span> <span class='ocrx_word' id='word_1_276' title='bbox 1949 2101 1966 2139; x_wconf 90' lang='lat'><strong>:</strong></span> 
     </span>
    </p>
   </div>
   <div class='ocr_carea' id='block_1_39' title="bbox 394 2173 1966 2230">
    <p class='ocr_par' dir='ltr' id='par_1_39' title="bbox 394 2173 1966 2230">
     <span class='ocr_line' id='line_1_39' title="bbox 394 2173 1966 2230; baseline 0.003 -4"><span class='ocrx_word' id='word_1_277' title='bbox 394 2174 496 2226; x_wconf 89' lang='lat' dir='ltr'><strong>boc</strong></span> <span class='ocrx_word' id='word_1_278' title='bbox 523 2181 606 2227; x_wconf 88' lang='lat' dir='ltr'><strong>est</strong></span> <span class='ocrx_word' id='word_1_279' title='bbox 642 2173 787 2227; x_wconf 91' lang='lat' dir='ltr'><strong>enim</strong></span> <span class='ocrx_word' id='word_1_280' title='bbox 811 2189 1004 2229; x_wconf 90' lang='lat' dir='ltr'><strong>munus</strong></span> <span class='ocrx_word' id='word_1_281' title='bbox 1040 2184 1095 2229; x_wconf 90' lang='lat' dir='ltr'><strong>et</strong></span> <span class='ocrx_word' id='word_1_282' title='bbox 1121 2175 1284 2230; x_wconf 89' lang='lat' dir='ltr'><strong>statio</strong></span> <span class='ocrx_word' id='word_1_283' title='bbox 1317 2175 1534 2230; x_wconf 88' lang='lat' dir='ltr'><strong>ducum.</strong></span> <span class='ocrx_word' id='word_1_284' title='bbox 1586 2175 1782 2230; x_wconf 82' lang='lat' dir='ltr'><strong>Verum</strong></span> <span class='ocrx_word' id='word_1_285' title='bbox 1843 2191 1966 2230; x_wconf 90' lang='lat' dir='ltr'><strong>cum</strong></span> 
     </span>
    </p>
   </div>
   <div class='ocr_carea' id='block_1_40' title="bbox 368 2262 1968 2335">
    <p class='ocr_par' dir='ltr' id='par_1_40' title="bbox 368 2262 1968 2335">
     <span class='ocr_line' id='line_1_40' title="bbox 368 2262 1968 2335; baseline 0.004 -21"><span class='ocrx_word' id='word_1_286' title='bbox 368 2262 541 2317; x_wconf 44' lang='lat' dir='ltr'><strong>vexire</strong></span> <span class='ocrx_word' id='word_1_287' title='bbox 581 2262 647 2316; x_wconf 88' lang='lat' dir='ltr'><strong>de</strong></span> <span class='ocrx_word' id='word_1_288' title='bbox 672 2264 848 2317; x_wconf 86' lang='lat' dir='ltr'><strong>medio</strong></span> <span class='ocrx_word' id='word_1_289' title='bbox 865 2263 982 2331; x_wconf 82' lang='lat' dir='ltr'><strong>ejus</strong></span> <span class='ocrx_word' id='word_1_290' title='bbox 1016 2265 1314 2335; x_wconf 78' lang='lat' dir='ltr'><strong>praecipiat,</strong></span> <span class='ocrx_word' id='word_1_291' title='bbox 1340 2265 1448 2320; x_wconf 89' lang='lat' dir='ltr'><strong>ait:</strong></span> <span class='ocrx_word' id='word_1_292' title='bbox 1471 2263 1586 2319; x_wconf 90' lang='lat' dir='ltr'><strong>Non</strong></span> <span class='ocrx_word' id='word_1_293' title='bbox 1617 2265 1832 2319; x_wconf 82' lang='lat' dir='ltr'><strong>exibitis</strong></span> <span class='ocrx_word' id='word_1_294' title='bbox 1846 2281 1968 2320; x_wconf 89' lang='lat' dir='ltr'><strong>cum</strong></span> 
     </span>
    </p>
   </div>
   <div class='ocr_carea' id='block_1_41' title="bbox 392 2353 1972 2426">
    <p class='ocr_par' dir='ltr' id='par_1_41' title="bbox 392 2353 1972 2426">
     <span class='ocr_line' id='line_1_41' title="bbox 392 2353 1972 2426; baseline 0.003 -20"><span class='ocrx_word' id='word_1_295' title='bbox 392 2353 664 2410; x_wconf 88' lang='lat' dir='ltr'><strong>tumultu:</strong></span> <span class='ocrx_word' id='word_1_296' title='bbox 705 2369 882 2422; x_wconf 90' lang='lat' dir='ltr'><strong>neque</strong></span> <span class='ocrx_word' id='word_1_297' title='bbox 921 2355 1042 2425; x_wconf 83' lang='lat' dir='ltr'><strong>fuga</strong></span> <span class='ocrx_word' id='word_1_298' title='bbox 1084 2355 1251 2410; x_wconf 85' lang='lat' dir='ltr'><strong>ibitis.</strong></span> <span class='ocrx_word' id='word_1_299' title='bbox 1284 2355 1395 2411; x_wconf 79' lang='lat' dir='ltr'><strong>Nec</strong></span> <span class='ocrx_word' id='word_1_300' title='bbox 1415 2357 1558 2411; x_wconf 91' lang='lat' dir='ltr'><strong>enim</strong></span> <span class='ocrx_word' id='word_1_301' title='bbox 1588 2357 1742 2426; x_wconf 89' lang='lat' dir='ltr'><strong>quasi</strong></span> <span class='ocrx_word' id='word_1_302' title='bbox 1770 2355 1972 2426; x_wconf 81' lang='lat' dir='ltr'><strong>fugien-</strong></span> 
     </span>
    </p>
   </div>
   <div class='ocr_carea' id='block_1_42' title="bbox 389 2447 1968 2517">
    <p class='ocr_par' dir='ltr' id='par_1_42' title="bbox 389 2447 1968 2517">
     <span class='ocr_line' id='line_1_42' title="bbox 389 2447 1968 2517; baseline 0 -17"><span class='ocrx_word' id='word_1_303' title='bbox 389 2457 472 2502; x_wconf 89' lang='lat' dir='ltr'><strong>tes</strong></span> <span class='ocrx_word' id='word_1_304' title='bbox 495 2459 549 2503; x_wconf 87' lang='lat' dir='ltr'><strong>et</strong></span> <span class='ocrx_word' id='word_1_305' title='bbox 581 2448 850 2515; x_wconf 87' lang='lat' dir='ltr'><strong>timentes,</strong></span> <span class='ocrx_word' id='word_1_306' title='bbox 883 2449 950 2502; x_wconf 88' lang='lat' dir='ltr'><strong>ab</strong></span> <span class='ocrx_word' id='word_1_307' title='bbox 979 2449 1170 2504; x_wconf 91' lang='lat' dir='ltr'><strong>ordine</strong></span> <span class='ocrx_word' id='word_1_308' title='bbox 1199 2447 1428 2503; x_wconf 87' lang='lat' dir='ltr'><strong>Judaico</strong></span> <span class='ocrx_word' id='word_1_309' title='bbox 1462 2447 1721 2503; x_wconf 84' lang='lat' dir='ltr'><strong>recedere</strong></span> <span class='ocrx_word' id='word_1_310' title='bbox 1782 2447 1968 2517; x_wconf 70' lang='lat' dir='ltr'><strong>praeei-</strong></span> 
     </span>
    </p>
   </div>
   <div class='ocr_carea' id='block_1_43' title="bbox 389 2538 1969 2608">
    <p class='ocr_par' dir='ltr' id='par_1_43' title="bbox 389 2538 1969 2608">
     <span class='ocr_line' id='line_1_43' title="bbox 389 2538 1969 2608; baseline 0.001 -17"><span class='ocrx_word' id='word_1_311' title='bbox 389 2539 608 2605; x_wconf 75' lang='lat' dir='ltr'><strong>pit,&#39;sed</strong></span> <span class='ocrx_word' id='word_1_312' title='bbox 633 2539 814 2608; x_wconf 89' lang='lat' dir='ltr'><strong>quiete</strong></span> <span class='ocrx_word' id='word_1_313' title='bbox 841 2539 1041 2608; x_wconf 88' lang='lat' dir='ltr'><strong>potius,</strong></span> <span class='ocrx_word' id='word_1_314' title='bbox 1063 2548 1114 2593; x_wconf 92' lang='lat' dir='ltr'><strong>et</strong></span> <span class='ocrx_word' id='word_1_315' title='bbox 1146 2539 1298 2607; x_wconf 84' lang='lat' dir='ltr'><strong>quasi</strong></span> <span class='ocrx_word' id='word_1_316' title='bbox 1336 2538 1659 2594; x_wconf 82' lang='lat' dir='ltr'><strong>auctoritate</strong></span> <span class='ocrx_word' id='word_1_317' title='bbox 1696 2539 1969 2606; x_wconf 68' lang='lat' dir='ltr'><strong>praaditos,</strong></span> 
     </span>
    </p>
   </div>
   <div class='ocr_carea' id='block_1_44' title="bbox 379 2629 1967 2701">
    <p class='ocr_par' dir='ltr' id='par_1_44' title="bbox 379 2629 1967 2701">
     <span class='ocr_line' id='line_1_44' title="bbox 379 2629 1967 2701; baseline 0.003 -21"><span class='ocrx_word' id='word_1_318' title='bbox 379 2629 535 2683; x_wconf 74' lang='lat' dir='ltr'><strong>‘velut</strong></span> <span class='ocrx_word' id='word_1_319' title='bbox 568 2632 1076 2688; x_wconf 83' lang='lat' dir='ltr'><strong>detrectantescum</strong></span> <span class='ocrx_word' id='word_1_320' title='bbox 1107 2630 1193 2687; x_wconf 86' lang='lat' dir='ltr'><strong>bis</strong></span> <span class='ocrx_word' id='word_1_321' title='bbox 1226 2632 1361 2687; x_wconf 90' lang='lat' dir='ltr'><strong>adeo</strong></span> <span class='ocrx_word' id='word_1_322' title='bbox 1411 2631 1706 2701; x_wconf 90' lang='lat' dir='ltr'><strong>inquinatis</strong></span> <span class='ocrx_word' id='word_1_323' title='bbox 1740 2630 1967 2696; x_wconf 86' lang='lat' dir='ltr'><strong>versari,</strong></span> 
     </span>
    </p>
   </div>
   <div class='ocr_carea' id='block_1_45' title="bbox 383 2720 1966 2791">
    <p class='ocr_par' dir='ltr' id='par_1_45' title="bbox 383 2720 1966 2791">
     <span class='ocr_line' id='line_1_45' title="bbox 383 2720 1966 2791; baseline 0.002 -19"><span class='ocrx_word' id='word_1_324' title='bbox 383 2729 583 2774; x_wconf 82' lang='lat' dir='ltr'><strong>etcum</strong></span> <span class='ocrx_word' id='word_1_325' title='bbox 617 2720 854 2789; x_wconf 75' lang='lat' dir='ltr'><strong>profanis</strong></span> <span class='ocrx_word' id='word_1_326' title='bbox 895 2734 959 2776; x_wconf 79' lang='lat' dir='ltr'><strong>ac</strong></span> <span class='ocrx_word' id='word_1_327' title='bbox 1013 2721 1276 2791; x_wconf 79' lang='lat' dir='ltr'><strong>improbis</strong></span> <span class='ocrx_word' id='word_1_328' title='bbox 1333 2721 1730 2776; x_wconf 82' lang='lat' dir='ltr'><strong>connumerari.</strong></span> <span class='ocrx_word' id='word_1_329' title='bbox 1781 2721 1966 2790; x_wconf 82' lang='lat' dir='ltr'><strong>itaque</strong></span> 
     </span>
    </p>
   </div>
   <div class='ocr_carea' id='block_1_46' title="bbox 384 2808 1965 2880">
    <p class='ocr_par' dir='ltr' id='par_1_46' title="bbox 384 2808 1965 2880">
     <span class='ocr_line' id='line_1_46' title="bbox 384 2808 1965 2880; baseline 0.001 -19"><span class='ocrx_word' id='word_1_330' title='bbox 384 2811 498 2864; x_wconf 79' lang='lat' dir='ltr'><strong>ait:</strong></span> <span class='ocrx_word' id='word_1_331' title='bbox 531 2808 638 2864; x_wconf 82' lang='lat' dir='ltr'><strong>Nec</strong></span> <span class='ocrx_word' id='word_1_332' title='bbox 673 2809 795 2880; x_wconf 79' lang='lat' dir='ltr'><strong>fuga</strong></span> <span class='ocrx_word' id='word_1_333' title='bbox 823 2810 991 2865; x_wconf 84' lang='lat' dir='ltr'><strong>ibitis.</strong></span> <span class='ocrx_word' id='word_1_334' title='bbox 1020 2809 1172 2877; x_wconf 85' lang='lat' dir='ltr'><strong>Quod</strong></span> <span class='ocrx_word' id='word_1_335' title='bbox 1203 2821 1385 2865; x_wconf 75' lang='lat' dir='ltr'><strong>autem</strong></span> <span class='ocrx_word' id='word_1_336' title='bbox 1434 2825 1520 2866; x_wconf 85' lang='lat' dir='ltr'><strong>res</strong></span> <span class='ocrx_word' id='word_1_337' title='bbox 1568 2826 1756 2866; x_wconf 91' lang='lat' dir='ltr'><strong>eorum</strong></span> <span class='ocrx_word' id='word_1_338' title='bbox 1817 2809 1965 2864; x_wconf 78' lang='lat' dir='ltr'><strong>facili</strong></span> 
     </span>
    </p>
   </div>
   <div class='ocr_carea' id='block_1_47' title="bbox 387 2901 1970 2978">
    <p class='ocr_par' dir='ltr' id='par_1_47' title="bbox 387 2901 1970 2978">
     <span class='ocr_line' id='line_1_47' title="bbox 387 2901 1970 2978; baseline -0.001 -24"><span class='ocrx_word' id='word_1_339' title='bbox 387 2915 548 2954; x_wconf 81' lang='lat' dir='ltr'><strong>cursu</strong></span> <span class='ocrx_word' id='word_1_340' title='bbox 575 2901 888 2969; x_wconf 80' lang='lat' dir='ltr'><strong>precedent,</strong></span> <span class='ocrx_word' id='word_1_341' title='bbox 913 2901 1158 2978; x_wconf 83' lang='lat' dir='ltr'><strong>nihilque</strong></span> <span class='ocrx_word' id='word_1_342' title='bbox 1204 2916 1430 2972; x_wconf 81' lang='lat' dir='ltr'><strong>prorsus</strong></span> <span class='ocrx_word' id='word_1_343' title='bbox 1459 2911 1714 2956; x_wconf 86' lang='lat' dir='ltr'><strong>occurret</strong></span> <span class='ocrx_word' id='word_1_344' title='bbox 1754 2901 1970 2966; x_wconf 83' lang='lat' dir='ltr'><strong>durum,</strong></span> 
     </span>
    </p>
   </div>
   <div class='ocr_carea' id='block_1_48' title="bbox 388 2990 1969 3061">
    <p class='ocr_par' dir='ltr' id='par_1_48' title="bbox 388 2990 1969 3061">
     <span class='ocr_line' id='line_1_48' title="bbox 388 2990 1969 3061; baseline 0.001 -18"><span class='ocrx_word' id='word_1_345' title='bbox 388 2990 469 3044; x_wconf 81' lang='lat' dir='ltr'><strong>vel</strong></span> <span class='ocrx_word' id='word_1_346' title='bbox 492 2991 797 3060; x_wconf 85' lang='lat' dir='ltr'><strong>abruptum,</strong></span> <span class='ocrx_word' id='word_1_347' title='bbox 829 2993 913 3046; x_wconf 81' lang='lat' dir='ltr'><strong>vel</strong></span> <span class='ocrx_word' id='word_1_348' title='bbox 941 3005 1212 3061; x_wconf 87' lang='lat' dir='ltr'><strong>asperum,</strong></span> <span class='ocrx_word' id='word_1_349' title='bbox 1269 2992 1428 3047; x_wconf 89' lang='lat' dir='ltr'><strong>tidem</strong></span> <span class='ocrx_word' id='word_1_350' title='bbox 1485 2991 1610 3048; x_wconf 75' lang='lat' dir='ltr'><strong>fecit</strong></span> <span class='ocrx_word' id='word_1_351' title='bbox 1675 2991 1969 3060; x_wconf 88' lang='lat' dir='ltr'><strong>inquiens:</strong></span> 
     </span>
    </p>
   </div>
   <div class='ocr_carea' id='block_1_49' title="bbox 2069 1892 3650 1967">
    <p class='ocr_par' dir='ltr' id='par_1_49' title="bbox 2069 1892 3650 1967">
     <span class='ocr_line' id='line_1_49' title="bbox 2069 1892 3650 1967; baseline 0.003 -22"><span class='ocrx_word' id='word_1_352' title='bbox 2069 1892 2440 1963; x_wconf 73' lang='grc' dir='ltr'>καιοσύνης,ὴ</span> <span class='ocrx_word' id='word_1_353' title='bbox 2486 1892 2889 1962; x_wconf 82' lang='grc' dir='ltr'>περικεφαλαία</span> <span class='ocrx_word' id='word_1_354' title='bbox 2923 1894 3017 1947; x_wconf 76' lang='grc' dir='ltr'>τοῦ</span> <span class='ocrx_word' id='word_1_355' title='bbox 3067 1895 3358 1965; x_wconf 80' lang='grc' dir='ltr'>σωτηρίου,</span> <span class='ocrx_word' id='word_1_356' title='bbox 3389 1898 3418 1948; x_wconf 89' lang='lat'><strong>6</strong></span> <span class='ocrx_word' id='word_1_357' title='bbox 3459 1897 3650 1967; x_wconf 79' lang='grc' dir='ltr'>θυρεὸς</span> 
     </span>
    </p>
   </div>
   <div class='ocr_carea' id='block_1_50' title="bbox 2067 1981 3648 2054">
    <p class='ocr_par' dir='ltr' id='par_1_50' title="bbox 2067 1981 3648 2054">
     <span class='ocr_line' id='line_1_50' title="bbox 2067 1981 3648 2054; baseline 0.003 -21"><span class='ocrx_word' id='word_1_358' title='bbox 2067 1984 2166 2052; x_wconf 83' lang='grc' dir='ltr'>τῆς</span> <span class='ocrx_word' id='word_1_359' title='bbox 2188 1983 2441 2046; x_wconf 87' lang='grc' dir='ltr'>πίστεως.</span> <span class='ocrx_word' id='word_1_360' title='bbox 2469 1984 2502 2052; x_wconf 83' lang='grc' dir='ltr'>ἡ</span> <span class='ocrx_word' id='word_1_361' title='bbox 2538 1981 2778 2052; x_wconf 86' lang='grc' dir='ltr'>μάχαιρα</span> <span class='ocrx_word' id='word_1_362' title='bbox 2810 1982 2901 2035; x_wconf 75' lang='grc' dir='ltr'><strong>τοῦ</strong></span> <span class='ocrx_word' id='word_1_363' title='bbox 2930 1982 3264 2052; x_wconf 79' lang='grc' dir='ltr'>Πνεύματος,</span> <span class='ocrx_word' id='word_1_364' title='bbox 3288 1985 3316 2037; x_wconf 86' lang='grc' dir='ltr'><strong>ὃ</strong></span> <span class='ocrx_word' id='word_1_365' title='bbox 3336 1987 3452 2037; x_wconf 80' lang='grc' dir='ltr'>ἐστι</span> <span class='ocrx_word' id='word_1_366' title='bbox 3475 1985 3566 2054; x_wconf 82' lang='grc' dir='ltr'><strong>Ῥἦ</strong></span> <span class='ocrx_word' id='word_1_367' title='bbox 3577 2003 3648 2054; x_wconf 86' lang='grc' dir='ltr'><strong>μα</strong></span> 
     </span>
    </p>
   </div>
   <div class='ocr_carea' id='block_1_51' title="bbox 2068 2070 3652 2148">
    <p class='ocr_par' dir='ltr' id='par_1_51' title="bbox 2068 2070 3652 2148">
     <span class='ocr_line' id='line_1_51' title="bbox 2068 2070 3652 2148; baseline -0.001 -24"><span class='ocrx_word' id='word_1_368' title='bbox 2068 2070 2223 2124; x_wconf 79' lang='grc' dir='ltr'>Θεοῦ.</span> <span class='ocrx_word' id='word_1_369' title='bbox 2258 2090 2276 2122; x_wconf 80' lang='lat' dir='ltr'><strong>s</strong></span> <span class='ocrx_word' id='word_1_370' title='bbox 2310 2070 2663 2148; x_wconf 42' lang='lat' dir='ltr'><strong>TGOTUV&#39;Xip</strong></span> <span class='ocrx_word' id='word_1_371' title='bbox 2695 2071 2908 2141; x_wconf 77' lang='grc' dir='ltr'>ἔχοντες</span> <span class='ocrx_word' id='word_1_372' title='bbox 2939 2072 3036 2142; x_wconf 86' lang='grc' dir='ltr'>τὴν</span> <span class='ocrx_word' id='word_1_373' title='bbox 3067 2073 3265 2143; x_wconf 80' lang='grc' dir='ltr'>νοητὴν</span> <span class='ocrx_word' id='word_1_374' title='bbox 3299 2075 3652 2142; x_wconf 79' lang='grc' dir='ltr'>παντευχίαν,</span> 
     </span>
    </p>
   </div>
   <div class='ocr_carea' id='block_1_52' title="bbox 2070 2145 3650 2234">
    <p class='ocr_par' dir='ltr' id='par_1_52' title="bbox 2070 2157 3650 2234">
     <span class='ocr_line' id='line_1_52' title="bbox 2070 2157 3650 2234; baseline 0.001 -18"><span class='ocrx_word' id='word_1_375' title='bbox 2070 2162 2430 2230; x_wconf 81' lang='grc' dir='ltr'>ἀντεξάγουσι</span> <span class='ocrx_word' id='word_1_376' title='bbox 2467 2157 2552 2232; x_wconf 69' lang='grc' dir='ltr'>τῷ</span> <span class='ocrx_word' id='word_1_377' title='bbox 2576 2163 2824 2232; x_wconf 82' lang='grc' dir='ltr'>Σατανᾷ,</span> <span class='ocrx_word' id='word_1_378' title='bbox 2861 2164 2956 2216; x_wconf 77' lang='grc' dir='ltr'><strong>καὶ</strong></span> <span class='ocrx_word' id='word_1_379' title='bbox 3005 2165 3125 2226; x_wconf 84' lang='grc' dir='ltr'>ταῖς</span> <span class='ocrx_word' id='word_1_380' title='bbox 3155 2167 3252 2217; x_wconf 82' lang='grc' dir='ltr'><strong>σὺν</strong></span> <span class='ocrx_word' id='word_1_381' title='bbox 3296 2165 3447 2234; x_wconf 78' lang='grc' dir='ltr'>αὑτῷ</span> <span class='ocrx_word' id='word_1_382' title='bbox 3493 2166 3650 2218; x_wconf 87' lang='grc' dir='ltr'>δυνά-</span> 
     </span>
    </p>
   </div>
   <div class='ocr_carea' id='block_1_53' title="bbox 2074 2254 3650 2326">
    <p class='ocr_par' dir='ltr' id='par_1_53' title="bbox 2074 2254 3650 2326">
     <span class='ocr_line' id='line_1_53' title="bbox 2074 2254 3650 2326; baseline 0.001 -19"><span class='ocrx_word' id='word_1_383' title='bbox 2074 2271 2229 2325; x_wconf 88' lang='grc' dir='ltr'>μεσιν</span> <span class='ocrx_word' id='word_1_384' title='bbox 2266 2255 2704 2318; x_wconf 84' lang='grc' dir='ltr'>ἀντανίστανται,</span> <span class='ocrx_word' id='word_1_385' title='bbox 2743 2254 3129 2326; x_wconf 78' lang='grc' dir='ltr'>προπηδῶντες</span> <span class='ocrx_word' id='word_1_386' title='bbox 3163 2257 3364 2326; x_wconf 79' lang='grc' dir='ltr'>τρόπον</span> <span class='ocrx_word' id='word_1_387' title='bbox 3405 2256 3527 2310; x_wconf 81' lang='grc' dir='ltr'>τινὰ</span> <span class='ocrx_word' id='word_1_388' title='bbox 3561 2258 3650 2309; x_wconf 64' lang='grc' dir='ltr'>καὶ</span> 
     </span>
    </p>
   </div>
   <div class='ocr_carea' id='block_1_54' title="bbox 2073 2347 3650 2418">
    <p class='ocr_par' dir='ltr' id='par_1_54' title="bbox 2073 2347 3650 2418">
     <span class='ocr_line' id='line_1_54' title="bbox 2073 2347 3650 2418; baseline 0.003 -20"><span class='ocrx_word' id='word_1_389' title='bbox 2073 2347 2502 2417; x_wconf 78' lang='grc' dir='ltr'>προασπίζοντες</span> <span class='ocrx_word' id='word_1_390' title='bbox 2534 2347 2643 2400; x_wconf 82' lang='grc' dir='ltr'><strong>τῶν</strong></span> <span class='ocrx_word' id='word_1_391' title='bbox 2676 2347 2821 2400; x_wconf 79' lang='grc' dir='ltr'>ἰδίων</span> <span class='ocrx_word' id='word_1_392' title='bbox 2852 2347 3040 2418; x_wconf 76' lang='grc' dir='ltr'>ψυχῶν</span> <span class='ocrx_word' id='word_1_393' title='bbox 3082 2349 3175 2401; x_wconf 76' lang='grc' dir='ltr'>καὶ</span> <span class='ocrx_word' id='word_1_394' title='bbox 3217 2348 3322 2401; x_wconf 82' lang='grc' dir='ltr'>τῶν</span> <span class='ocrx_word' id='word_1_395' title='bbox 3365 2349 3471 2402; x_wconf 83' lang='grc' dir='ltr'>ὑπὸ</span> <span class='ocrx_word' id='word_1_396' title='bbox 3497 2353 3650 2418; x_wconf 81' lang='grc' dir='ltr'>χεῖρα</span> 
     </span>
    </p>
   </div>
   <div class='ocr_carea' id='block_1_55' title="bbox 2071 2437 3652 2509">
    <p class='ocr_par' dir='ltr' id='par_1_55' title="bbox 2071 2437 3652 2509">
     <span class='ocr_line' id='line_1_55' title="bbox 2071 2437 3652 2509; baseline -0.001 -17"><span class='ocrx_word' id='word_1_397' title='bbox 2071 2437 2244 2492; x_wconf 84' lang='grc' dir='ltr'>λαῶν·</span> <span class='ocrx_word' id='word_1_398' title='bbox 2264 2437 2404 2508; x_wconf 71' lang='grc' dir='ltr'>αὕτη</span> <span class='ocrx_word' id='word_1_399' title='bbox 2430 2438 2542 2509; x_wconf 76' lang='grc' dir='ltr'>γὰρ</span> <span class='ocrx_word' id='word_1_400' title='bbox 2570 2437 2678 2491; x_wconf 79' lang='grc' dir='ltr'><strong>τῶν</strong></span> <span class='ocrx_word' id='word_1_401' title='bbox 2703 2438 3022 2508; x_wconf 75' lang='grc' dir='ltr'>ἡγουμένων</span> <span class='ocrx_word' id='word_1_402' title='bbox 3045 2439 3218 2502; x_wconf 81' lang='grc' dir='ltr'>τάξις.</span> <span class='ocrx_word' id='word_1_403' title='bbox 3241 2438 3388 2507; x_wconf 72' lang='grc' dir='ltr'>Πλὴν</span> <span class='ocrx_word' id='word_1_404' title='bbox 3419 2439 3652 2505; x_wconf 76' lang='grc' dir='ltr'>ἐξελθεῖν</span> 
     </span>
    </p>
   </div>
   <div class='ocr_carea' id='block_1_56' title="bbox 2072 2529 3652 2601">
    <p class='ocr_par' dir='ltr' id='par_1_56' title="bbox 2072 2529 3652 2601">
     <span class='ocr_line' id='line_1_56' title="bbox 2072 2529 3652 2601; baseline 0.001 -20"><span class='ocrx_word' id='word_1_405' title='bbox 2072 2529 2335 2594; x_wconf 71' lang='grc' dir='ltr'>ἐπιτάξας</span> <span class='ocrx_word' id='word_1_406' title='bbox 2369 2530 2434 2581; x_wconf 83' lang='grc' dir='ltr'>ὲκ</span> <span class='ocrx_word' id='word_1_407' title='bbox 2465 2529 2630 2600; x_wconf 80' lang='grc' dir='ltr'>μέσου</span> <span class='ocrx_word' id='word_1_408' title='bbox 2656 2530 2850 2600; x_wconf 82' lang='grc' dir='ltr'>αὐτῆς,</span> <span class='ocrx_word' id='word_1_409' title='bbox 2884 2530 2959 2583; x_wconf 83' lang='grc' dir='ltr'><strong>Οὐ</strong></span> <span class='ocrx_word' id='word_1_410' title='bbox 2997 2531 3136 2600; x_wconf 83' lang='grc' dir='ltr'>μετὰ</span> <span class='ocrx_word' id='word_1_411' title='bbox 3163 2531 3406 2601; x_wconf 81' lang='grc' dir='ltr'>ταραχῆς</span> <span class='ocrx_word' id='word_1_412' title='bbox 3439 2529 3652 2595; x_wconf 66' lang='grc' dir='ltr'>ἐξελεύδ</span> 
     </span>
    </p>
   </div>
   <div class='ocr_carea' id='block_1_57' title="bbox 2075 2620 3654 2693">
    <p class='ocr_par' dir='ltr' id='par_1_57' title="bbox 2075 2620 3654 2693">
     <span class='ocr_line' id='line_1_57' title="bbox 2075 2620 3654 2693; baseline 0 -19"><span class='ocrx_word' id='word_1_413' title='bbox 2075 2621 2231 2674; x_wconf 81' lang='grc' dir='ltr'>σεσθε</span> <span class='ocrx_word' id='word_1_414' title='bbox 2259 2661 2273 2686; x_wconf 91' lang='grc'><strong>,</strong></span> <span class='ocrx_word' id='word_1_415' title='bbox 2325 2621 2522 2691; x_wconf 77' lang='grc' dir='ltr'>φησὶν,</span> <span class='ocrx_word' id='word_1_416' title='bbox 2572 2620 2691 2674; x_wconf 78' lang='grc' dir='ltr'>οὐδὲ</span> <span class='ocrx_word' id='word_1_417' title='bbox 2734 2624 2879 2692; x_wconf 76' lang='grc' dir='ltr'>φυγῇ</span> <span class='ocrx_word' id='word_1_418' title='bbox 2921 2621 3273 2692; x_wconf 83' lang='grc' dir='ltr'>πορεύσεσθε.</span> <span class='ocrx_word' id='word_1_419' title='bbox 3313 2624 3388 2676; x_wconf 76' lang='grc' dir='ltr'><strong>οὐ</strong></span> <span class='ocrx_word' id='word_1_420' title='bbox 3429 2621 3539 2693; x_wconf 84' lang='grc' dir='ltr'>γὰρ</span> <span class='ocrx_word' id='word_1_421' title='bbox 3579 2623 3654 2687; x_wconf 78' lang='grc' dir='ltr'>ὡς</span> 
     </span>
    </p>
   </div>
   <div class='ocr_carea' id='block_1_58' title="bbox 2074 2712 3654 2786">
    <p class='ocr_par' dir='ltr' id='par_1_58' title="bbox 2074 2712 3654 2786">
     <span class='ocr_line' id='line_1_58' title="bbox 2074 2712 3654 2786; baseline 0.003 -22"><span class='ocrx_word' id='word_1_422' title='bbox 2074 2713 2363 2781; x_wconf 79' lang='grc' dir='ltr'>φυγόντας,</span> <span class='ocrx_word' id='word_1_423' title='bbox 2403 2713 2568 2782; x_wconf 73' lang='grc' dir='ltr'>ἤγουν</span> <span class='ocrx_word' id='word_1_424' title='bbox 2621 2712 2884 2779; x_wconf 83' lang='grc' dir='ltr'>δεδιότας,</span> <span class='ocrx_word' id='word_1_425' title='bbox 2941 2713 3050 2767; x_wconf 80' lang='grc' dir='ltr'>τῶν</span> <span class='ocrx_word' id='word_1_426' title='bbox 3096 2714 3398 2768; x_wconf 80' lang='grc' dir='ltr'>Ἰουδαϊκῶν</span> <span class='ocrx_word' id='word_1_427' title='bbox 3441 2717 3654 2786; x_wconf 79' lang='grc' dir='ltr'>ταγμά·</span> 
     </span>
    </p>
   </div>
   <div class='ocr_carea' id='block_1_59' title="bbox 2072 2805 3655 2878">
    <p class='ocr_par' dir='ltr' id='par_1_59' title="bbox 2072 2805 3655 2878">
     <span class='ocr_line' id='line_1_59' title="bbox 2072 2805 3655 2878; baseline 0.003 -22"><span class='ocrx_word' id='word_1_428' title='bbox 2072 2821 2182 2856; x_wconf 88' lang='grc' dir='ltr'><strong>των</strong></span> <span class='ocrx_word' id='word_1_429' title='bbox 2212 2805 2515 2874; x_wconf 76' lang='grc' dir='ltr'>ἀποφοιτᾷν</span> <span class='ocrx_word' id='word_1_430' title='bbox 2542 2805 2842 2869; x_wconf 70' lang='grc' dir='ltr'>ἐπιτάττει,</span> <span class='ocrx_word' id='word_1_431' title='bbox 2881 2806 3182 2876; x_wconf 84' lang='grc' dir='ltr'>ἀνειμένως</span> <span class='ocrx_word' id='word_1_432' title='bbox 3211 2807 3268 2860; x_wconf 76' lang='grc' dir='ltr'>δὲ</span> <span class='ocrx_word' id='word_1_433' title='bbox 3311 2808 3509 2878; x_wconf 83' lang='grc' dir='ltr'>μᾶλλον</span> <span class='ocrx_word' id='word_1_434' title='bbox 3561 2812 3655 2862; x_wconf 69' lang='grc' dir='ltr'>καὶ</span> 
     </span>
    </p>
   </div>
   <div class='ocr_carea' id='block_1_60' title="bbox 2072 2887 3655 2965">
    <p class='ocr_par' dir='ltr' id='par_1_60' title="bbox 2072 2887 3655 2965">
     <span class='ocr_line' id='line_1_60' title="bbox 2072 2887 3655 2965; baseline 0.003 -19"><span class='ocrx_word' id='word_1_435' title='bbox 2072 2887 2183 2946; x_wconf 74' lang='grc' dir='ltr'>οἷον</span> <span class='ocrx_word' id='word_1_436' title='bbox 2216 2892 2302 2944; x_wconf 72' lang='grc' dir='ltr'><strong>ἐπ’</strong></span> <span class='ocrx_word' id='word_1_437' title='bbox 2344 2893 2614 2961; x_wconf 71' lang='grc' dir='ltr'>ἐξουσίας,</span> <span class='ocrx_word' id='word_1_438' title='bbox 2643 2895 2718 2957; x_wconf 86' lang='grc' dir='ltr'>ὼς</span> <span class='ocrx_word' id='word_1_439' title='bbox 2758 2897 3229 2965; x_wconf 82' lang='grc' dir='ltr'>παραιτουμένους</span> <span class='ocrx_word' id='word_1_440' title='bbox 3260 2896 3321 2949; x_wconf 81' lang='grc' dir='ltr'>τὸ</span> <span class='ocrx_word' id='word_1_441' title='bbox 3350 2897 3655 2951; x_wconf 82' lang='grc' dir='ltr'>συνδιαιτᾶ-</span> 
     </span>
    </p>
   </div>
   <div class='ocr_carea' id='block_1_61' title="bbox 2076 2966 3654 3062">
    <p class='ocr_par' dir='ltr' id='par_1_61' title="bbox 2076 2966 3654 3062">
     <span class='ocr_line' id='line_1_61' title="bbox 2076 2966 3654 3062; baseline 0.003 -23"><span class='ocrx_word' id='word_1_442' title='bbox 2076 2985 2200 3039; x_wconf 86' lang='grc' dir='ltr'>σθαι</span> <span class='ocrx_word' id='word_1_443' title='bbox 2233 2984 2409 3038; x_wconf 85' lang='grc' dir='ltr'>θέλειν</span> <span class='ocrx_word' id='word_1_444' title='bbox 2452 2989 2566 3046; x_wconf 80' lang='grc' dir='ltr'>τοῖς</span> <span class='ocrx_word' id='word_1_445' title='bbox 2595 2985 2739 3039; x_wconf 75' lang='grc' dir='ltr'>οὕτω</span> <span class='ocrx_word' id='word_1_446' title='bbox 2795 2966 3249 3058; x_wconf 75' lang='grc' dir='ltr'>μεμολυσμένοις,</span> <span class='ocrx_word' id='word_1_447' title='bbox 3291 2989 3387 3043; x_wconf 78' lang='grc' dir='ltr'>καὶ</span> <span class='ocrx_word' id='word_1_448' title='bbox 3437 3007 3654 3062; x_wconf 79' lang='grc' dir='ltr'>συναρι-</span> 
     </span>
    </p>
   </div>
   <div class='ocr_carea' id='block_1_62' title="bbox 390 3077 1970 3153">
    <p class='ocr_par' dir='ltr' id='par_1_62' title="bbox 390 3081 1970 3153">
     <span class='ocr_line' id='line_1_62' title="bbox 390 3081 1970 3153; baseline -0.001 -17"><span class='ocrx_word' id='word_1_449' title='bbox 390 3081 668 3137; x_wconf 67' lang='lat' dir='ltr'><strong>Praecedet</strong></span> <span class='ocrx_word' id='word_1_450' title='bbox 693 3098 788 3138; x_wconf 82' lang='lat' dir='ltr'><strong>vos</strong></span> <span class='ocrx_word' id='word_1_451' title='bbox 822 3081 1103 3147; x_wconf 84' lang='lat' dir='ltr'><strong>Dominus,</strong></span> <span class='ocrx_word' id='word_1_452' title='bbox 1143 3093 1199 3136; x_wconf 89' lang='lat' dir='ltr'><strong>et</strong></span> <span class='ocrx_word' id='word_1_453' title='bbox 1227 3083 1319 3152; x_wconf 90' lang='lat' dir='ltr'><strong>qui</strong></span> <span class='ocrx_word' id='word_1_454' title='bbox 1347 3091 1638 3153; x_wconf 87' lang='lat' dir='ltr'><strong>congregat</strong></span> <span class='ocrx_word' id='word_1_455' title='bbox 1676 3096 1778 3138; x_wconf 77' lang='lat' dir='ltr'><strong>vos</strong></span> <span class='ocrx_word' id='word_1_456' title='bbox 1833 3081 1970 3136; x_wconf 89' lang='lat' dir='ltr'><strong>Deu</strong></span> 
     </span>
    </p>
   </div>
   <div class='ocr_carea' id='block_1_63' title="bbox 2072 3077 3655 3153">
    <p class='ocr_par' dir='ltr' id='par_1_63' title="bbox 2073 3077 3655 3152">
     <span class='ocr_line' id='line_1_63' title="bbox 2073 3077 3655 3152; baseline 0.004 -22"><span class='ocrx_word' id='word_1_457' title='bbox 2073 3077 2332 3148; x_wconf 82' lang='grc' dir='ltr'>θμεῖσθαι</span> <span class='ocrx_word' id='word_1_458' title='bbox 2383 3077 2630 3148; x_wconf 87' lang='grc' dir='ltr'>βεϐήλοις</span> <span class='ocrx_word' id='word_1_459' title='bbox 2662 3078 2755 3130; x_wconf 76' lang='grc' dir='ltr'>καὶ</span> <span class='ocrx_word' id='word_1_460' title='bbox 2790 3083 3068 3149; x_wconf 82' lang='grc' dir='ltr'>πονηροῖς.</span> <span class='ocrx_word' id='word_1_461' title='bbox 3128 3080 3360 3148; x_wconf 79' lang='grc' dir='ltr'>Οὐκοῦν,</span> <span class='ocrx_word' id='word_1_462' title='bbox 3393 3081 3468 3134; x_wconf 80' lang='grc' dir='ltr'><strong>Οὐ</strong></span> <span class='ocrx_word' id='word_1_463' title='bbox 3508 3085 3655 3152; x_wconf 72' lang='grc' dir='ltr'>φυγῇ</span> 
     </span>
    </p>
   </div>
   <div class='ocr_carea' id='block_1_64' title="bbox 389 3147 1970 3243">
    <p class='ocr_par' dir='ltr' id='par_1_64' title="bbox 389 3147 1970 3243">
     <span class='ocr_line' id='line_1_64' title="bbox 389 3147 1970 3243; baseline 0.003 -20"><span class='ocrx_word' id='word_1_464' title='bbox 389 3169 573 3225; x_wconf 89' lang='lat' dir='ltr'><strong>lsrael.</strong></span> <span class='ocrx_word' id='word_1_465' title='bbox 602 3169 660 3225; x_wconf 90' lang='lat' dir='ltr'><strong>Si</strong></span> <span class='ocrx_word' id='word_1_466' title='bbox 714 3169 856 3227; x_wconf 87' lang='lat' dir='ltr'><strong>Deus</strong></span> <span class='ocrx_word' id='word_1_467' title='bbox 887 3171 1167 3227; x_wconf 83' lang='lat' dir='ltr'><strong>uobiscum</strong></span> <span class='ocrx_word' id='word_1_468' title='bbox 1192 3147 1286 3235; x_wconf 70' lang='lat' dir='ltr'><strong>sii,</strong></span> <span class='ocrx_word' id='word_1_469' title='bbox 1319 3182 1374 3227; x_wconf 89' lang='lat' dir='ltr'><strong>et</strong></span> <span class='ocrx_word' id='word_1_470' title='bbox 1424 3147 1644 3243; x_wconf 60' lang='lat' dir='ltr'><strong>praem,</strong></span> <span class='ocrx_word' id='word_1_471' title='bbox 1705 3172 1834 3242; x_wconf 92' lang='lat' dir='ltr'><strong>quid</strong></span> <span class='ocrx_word' id='word_1_472' title='bbox 1887 3183 1970 3228; x_wconf 87' lang='lat' dir='ltr'><strong>est</strong></span> 
     </span>
    </p>
   </div>
   <div class='ocr_carea' id='block_1_65' title="bbox 2072 3147 3656 3243">
    <p class='ocr_par' dir='ltr' id='par_1_65' title="bbox 2090 3147 3656 3242">
     <span class='ocr_line' id='line_1_65' title="bbox 2090 3147 3656 3242; baseline 0.004 -23"><span class='ocrx_word' id='word_1_473' title='bbox 2090 3147 2445 3238; x_wconf 78' lang='grc' dir='ltr'>πορεύσεσθε,</span> <span class='ocrx_word' id='word_1_474' title='bbox 2483 3147 2668 3238; x_wconf 64' lang='grc' dir='ltr'><strong>φησιν⁹</strong></span> <span class='ocrx_word' id='word_1_475' title='bbox 2697 3169 2778 3221; x_wconf 87' lang='grc' dir='ltr'><strong>ὅτι</strong></span> <span class='ocrx_word' id='word_1_476' title='bbox 2800 3168 2858 3222; x_wconf 76' lang='grc' dir='ltr'>δὲ</span> <span class='ocrx_word' id='word_1_477' title='bbox 2890 3147 2985 3223; x_wconf 77' lang='grc' dir='ltr'><strong>καὶ</strong></span> <span class='ocrx_word' id='word_1_478' title='bbox 3015 3169 3081 3222; x_wconf 79' lang='grc' dir='ltr'>δι’</span> <span class='ocrx_word' id='word_1_479' title='bbox 3106 3147 3408 3242; x_wconf 79' lang='grc' dir='ltr'>εὐμαρείας</span> <span class='ocrx_word' id='word_1_480' title='bbox 3439 3147 3559 3242; x_wconf 68' lang='grc' dir='ltr'>ἥξει</span> 
     </span>
    </p>
   </div>
   <div class='ocr_carea' id='block_1_66' title="bbox 386 3262 1988 3344">
    <p class='ocr_par' dir='ltr' id='par_1_66' title="bbox 386 3262 1988 3344">
     <span class='ocr_line' id='line_1_66' title="bbox 386 3262 1988 3344; baseline 0.002 -29"><span class='ocrx_word' id='word_1_481' title='bbox 386 3262 534 3332; x_wconf 84' lang='lat' dir='ltr'><strong>quod</strong></span> <span class='ocrx_word' id='word_1_482' title='bbox 571 3277 742 3319; x_wconf 69' lang='lat' dir='ltr'><strong>sacrae</strong></span> <span class='ocrx_word' id='word_1_483' title='bbox 779 3265 1180 3334; x_wconf 62' lang='lat' dir='ltr'><strong>praedicationis</strong></span> <span class='ocrx_word' id='word_1_484' title='bbox 1219 3265 1384 3337; x_wconf 70' lang='lat'><strong>738</strong></span> <span class='ocrx_word' id='word_1_485' title='bbox 1419 3267 1639 3321; x_wconf 85' lang='lat' dir='ltr'><strong>nuntios</strong></span> <span class='ocrx_word' id='word_1_486' title='bbox 1678 3265 1939 3336; x_wconf 88' lang='lat' dir='ltr'><strong>impediat</strong></span> <span class='ocrx_word' id='word_1_487' title='bbox 1973 3294 1988 3344; x_wconf 74' lang='grc'><strong>;</strong></span> 
     </span>
    </p>
   </div>
   <div class='ocr_carea' id='block_1_67' title="bbox 2090 3258 3654 3336">
    <p class='ocr_par' dir='ltr' id='par_1_67' title="bbox 2090 3258 3654 3336">
     <span class='ocr_line' id='line_1_67' title="bbox 2090 3258 3654 3336; baseline 0.006 -26"><span class='ocrx_word' id='word_1_488' title='bbox 2090 3259 2393 3330; x_wconf 83' lang='grc' dir='ltr'>πράγματα</span> <span class='ocrx_word' id='word_1_489' title='bbox 2432 3259 2634 3325; x_wconf 83' lang='grc' dir='ltr'>αὐτοῖς,</span> <span class='ocrx_word' id='word_1_490' title='bbox 2665 3258 2759 3312; x_wconf 70' lang='grc' dir='ltr'>καὶ</span> <span class='ocrx_word' id='word_1_491' title='bbox 2791 3260 2942 3315; x_wconf 76' lang='grc' dir='ltr'>οὐδὲν</span> <span class='ocrx_word' id='word_1_492' title='bbox 2971 3261 3106 3326; x_wconf 82' lang='grc' dir='ltr'>ὅλως</span> <span class='ocrx_word' id='word_1_493' title='bbox 3145 3264 3449 3335; x_wconf 78' lang='grc' dir='ltr'>ἀπαντήσει</span> <span class='ocrx_word' id='word_1_494' title='bbox 3493 3265 3654 3336; x_wconf 74' lang='grc' dir='ltr'>σκλη-</span> 
     </span>
    </p>
   </div>
   <div class='ocr_carea' id='block_1_68' title="bbox 389 3349 1970 3426">
    <p class='ocr_par' dir='ltr' id='par_1_68' title="bbox 389 3351 1970 3426">
     <span class='ocr_line' id='line_1_68' title="bbox 389 3351 1970 3426; baseline 0.003 -24"><span class='ocrx_word' id='word_1_495' title='bbox 389 3360 501 3412; x_wconf 85' lang='lat' dir='ltr'><strong>into</strong></span> <span class='ocrx_word' id='word_1_496' title='bbox 550 3351 734 3421; x_wconf 83' lang='lat' dir='ltr'><strong>quidni</strong></span> <span class='ocrx_word' id='word_1_497' title='bbox 775 3354 955 3408; x_wconf 88' lang='lat' dir='ltr'><strong>omnia</strong></span> <span class='ocrx_word' id='word_1_498' title='bbox 1015 3353 1121 3410; x_wconf 85' lang='lat' dir='ltr'><strong>illis</strong></span> <span class='ocrx_word' id='word_1_499' title='bbox 1163 3368 1262 3424; x_wconf 90' lang='lat' dir='ltr'><strong>pro</strong></span> <span class='ocrx_word' id='word_1_500' title='bbox 1291 3367 1413 3411; x_wconf 88' lang='lat' dir='ltr'><strong>v0to</strong></span> <span class='ocrx_word' id='word_1_501' title='bbox 1446 3356 1715 3424; x_wconf 83' lang='lat' dir='ltr'><strong>eveniant,</strong></span> <span class='ocrx_word' id='word_1_502' title='bbox 1755 3353 1970 3426; x_wconf 78' lang='lat' dir='ltr'><strong>etplan:</strong></span> 
     </span>
    </p>
   </div>
   <div class='ocr_carea' id='block_1_69' title="bbox 2072 3349 3656 3426">
    <p class='ocr_par' dir='ltr' id='par_1_69' title="bbox 2098 3349 3656 3425">
     <span class='ocr_line' id='line_1_69' title="bbox 2098 3349 3656 3425; baseline 0.005 -22"><span class='ocrx_word' id='word_1_503' title='bbox 2098 3349 2211 3420; x_wconf 80' lang='grc' dir='ltr'>ρδν,</span> <span class='ocrx_word' id='word_1_504' title='bbox 2237 3351 2270 3422; x_wconf 80' lang='grc' dir='ltr'>ἢ</span> <span class='ocrx_word' id='word_1_505' title='bbox 2294 3350 2593 3421; x_wconf 78' lang='grc' dir='ltr'>ἆναντες,ἢ</span> <span class='ocrx_word' id='word_1_506' title='bbox 2614 3353 2809 3422; x_wconf 77' lang='grc' dir='ltr'>τραχὺ,</span> <span class='ocrx_word' id='word_1_507' title='bbox 2855 3353 3346 3425; x_wconf 77' lang='grc' dir='ltr'>πεπληροφόρηκεν</span> <span class='ocrx_word' id='word_1_508' title='bbox 3363 3356 3550 3422; x_wconf 82' lang='grc' dir='ltr'>εἰπὼν,</span> <span class='ocrx_word' id='word_1_509' title='bbox 3575 3358 3656 3411; x_wconf 75' lang='grc' dir='ltr'>ὅτι</span> 
     </span>
    </p>
   </div>
   <div class='ocr_carea' id='block_1_70' title="bbox 391 3439 1277 3512">
    <p class='ocr_par' dir='ltr' id='par_1_70' title="bbox 391 3439 1277 3512">
     <span class='ocr_line' id='line_1_70' title="bbox 391 3439 1277 3512; baseline 0.012 -21"><span class='ocrx_word' id='word_1_510' title='bbox 391 3439 541 3506; x_wconf 85' lang='lat' dir='ltr'><strong>quasi</strong></span> <span class='ocrx_word' id='word_1_511' title='bbox 570 3439 655 3493; x_wconf 91' lang='lat' dir='ltr'><strong>via</strong></span> <span class='ocrx_word' id='word_1_512' title='bbox 694 3452 920 3496; x_wconf 88' lang='lat' dir='ltr'><strong>currant</strong></span> <span class='ocrx_word' id='word_1_513' title='bbox 953 3455 1227 3512; x_wconf 59' lang='lat' dir='ltr'><strong>praecones</strong></span> <span class='ocrx_word' id='word_1_514' title='bbox 1252 3449 1277 3502; x_wconf 71' lang='grc' dir='ltr'><strong><em>Ἰ</em></strong></span> 
     </span>
    </p>
   </div>
   <div class='ocr_carea' id='block_1_71' title="bbox 2090 3442 3657 3519">
    <p class='ocr_par' dir='ltr' id='par_1_71' title="bbox 2090 3442 3657 3519">
     <span class='ocr_line' id='line_1_71' title="bbox 2090 3442 3657 3519; baseline 0.005 -25"><span class='ocrx_word' id='word_1_515' title='bbox 2090 3442 2532 3514; x_wconf 77' lang='grc' dir='ltr'>Προπορεύσεται</span> <span class='ocrx_word' id='word_1_516' title='bbox 2565 3442 2720 3512; x_wconf 83' lang='grc' dir='ltr'>ὑμῶν</span> <span class='ocrx_word' id='word_1_517' title='bbox 2750 3443 2974 3516; x_wconf 83' lang='grc' dir='ltr'>Κύριος,</span> <span class='ocrx_word' id='word_1_518' title='bbox 2999 3447 3093 3498; x_wconf 75' lang='grc' dir='ltr'><strong>καὶ</strong></span> <span class='ocrx_word' id='word_1_519' title='bbox 3121 3449 3150 3500; x_wconf 92' lang='lat'><strong>6</strong></span> <span class='ocrx_word' id='word_1_520' title='bbox 3179 3449 3424 3517; x_wconf 80' lang='grc' dir='ltr'>συνάγων</span> <span class='ocrx_word' id='word_1_521' title='bbox 3455 3449 3597 3519; x_wconf 82' lang='grc' dir='ltr'>ὑμᾶς</span> <span class='ocrx_word' id='word_1_522' title='bbox 3629 3452 3657 3502; x_wconf 85' lang='grc'>6</span> 
     </span>
    </p>
   </div>
   <div class='ocr_carea' id='block_1_72' title="bbox 384 3531 3654 3612">
    <p class='ocr_par' dir='ltr' id='par_1_72' title="bbox 384 3531 3654 3612">
     <span class='ocr_line' id='line_1_72' title="bbox 384 3531 3654 3612; baseline 0.004 -28"><span class='ocrx_word' id='word_1_523' title='bbox 384 3531 542 3596; x_wconf 81' lang='grc' dir='ltr'>Θιός.</span> <span class='ocrx_word' id='word_1_524' title='bbox 556 3532 692 3587; x_wconf 86' lang='grc' dir='ltr'><strong>Θεοῦ</strong></span> <span class='ocrx_word' id='word_1_525' title='bbox 712 3534 770 3588; x_wconf 81' lang='grc' dir='ltr'>δὲ</span> <span class='ocrx_word' id='word_1_526' title='bbox 793 3535 1042 3599; x_wconf 84' lang='grc' dir='ltr'>συνόντος</span> <span class='ocrx_word' id='word_1_527' title='bbox 1071 3536 1166 3590; x_wconf 78' lang='grc' dir='ltr'><strong>καὶ</strong></span> <span class='ocrx_word' id='word_1_528' title='bbox 1189 3537 1630 3608; x_wconf 76' lang='grc' dir='ltr'>προϐαδίζοντος,</span> <span class='ocrx_word' id='word_1_529' title='bbox 1644 3540 1796 3594; x_wconf 82' lang='grc' dir='ltr'>ποῖον</span> <span class='ocrx_word' id='word_1_530' title='bbox 1811 3538 1966 3593; x_wconf 72' lang='grc' dir='ltr'>ἔσται</span> <span class='ocrx_word' id='word_1_531' title='bbox 1990 3532 2050 3592; x_wconf 75' lang='grc' dir='ltr'>τὸ</span> <span class='ocrx_word' id='word_1_532' title='bbox 2067 3536 2395 3592; x_wconf 85' lang='grc' dir='ltr'>κακοποιοῦν</span> <span class='ocrx_word' id='word_1_533' title='bbox 2409 3536 2519 3591; x_wconf 84' lang='grc' dir='ltr'>τῶν</span> <span class='ocrx_word' id='word_1_534' title='bbox 2539 3536 2703 3608; x_wconf 79' lang='grc' dir='ltr'>ιερῶν</span> <span class='ocrx_word' id='word_1_535' title='bbox 2722 3539 3094 3609; x_wconf 80' lang='grc' dir='ltr'>κηρυγμάτων</span> <span class='ocrx_word' id='word_1_536' title='bbox 3117 3541 3244 3605; x_wconf 78' lang='grc' dir='ltr'>τοὺς</span> <span class='ocrx_word' id='word_1_537' title='bbox 3269 3541 3654 3612; x_wconf 79' lang='grc' dir='ltr'>διακομιστάς;</span> 
     </span>
    </p>
   </div>
   <div class='ocr_carea' id='block_1_73' title="bbox 391 3624 3656 3704">
    <p class='ocr_par' dir='ltr' id='par_1_73' title="bbox 391 3624 3656 3704">
     <span class='ocr_line' id='line_1_73' title="bbox 391 3624 3656 3704; baseline 0.002 -26"><span class='ocrx_word' id='word_1_538' title='bbox 391 3624 592 3695; x_wconf 67' lang='grc' dir='ltr'>μᾶλλον</span> <span class='ocrx_word' id='word_1_539' title='bbox 611 3624 675 3678; x_wconf 61' lang='lat' dir='ltr'><strong>ﬁt</strong></span> <span class='ocrx_word' id='word_1_540' title='bbox 694 3625 810 3690; x_wconf 82' lang='grc' dir='ltr'><strong>πῶς</strong></span> <span class='ocrx_word' id='word_1_541' title='bbox 829 3627 926 3696; x_wconf 73' lang='grc' dir='ltr'>οὐχ</span> <span class='ocrx_word' id='word_1_542' title='bbox 949 3627 1162 3682; x_wconf 72' lang='grc' dir='ltr'>ἅπαντα</span> <span class='ocrx_word' id='word_1_543' title='bbox 1181 3630 1365 3694; x_wconf 73' lang='grc' dir='ltr'>αὐτοῖς</span> <span class='ocrx_word' id='word_1_544' title='bbox 1385 3631 1452 3684; x_wconf 74' lang='grc' dir='ltr'>τὰ</span> <span class='ocrx_word' id='word_1_545' title='bbox 1479 3632 1600 3684; x_wconf 81' lang='grc' dir='ltr'>κατ’</span> <span class='ocrx_word' id='word_1_546' title='bbox 1618 3630 1783 3702; x_wconf 75' lang='grc' dir='ltr'>εὐχὴν</span> <span class='ocrx_word' id='word_1_547' title='bbox 1801 3630 2116 3702; x_wconf 77' lang='grc' dir='ltr'>ἐκϐήσεται,</span> <span class='ocrx_word' id='word_1_548' title='bbox 2137 3629 2232 3682; x_wconf 75' lang='grc' dir='ltr'><strong>καὶ</strong></span> <span class='ocrx_word' id='word_1_549' title='bbox 2258 3628 2346 3682; x_wconf 82' lang='grc' dir='ltr'><strong>διὰ</strong></span> <span class='ocrx_word' id='word_1_550' title='bbox 2366 3627 2526 3699; x_wconf 75' lang='grc' dir='ltr'>ψιλῆς</span> <span class='ocrx_word' id='word_1_551' title='bbox 2546 3629 2736 3700; x_wconf 79' lang='grc' dir='ltr'>ὥσπερ</span> <span class='ocrx_word' id='word_1_552' title='bbox 2759 3629 2880 3684; x_wconf 72' lang='grc' dir='ltr'>ὁδοῦ</span> <span class='ocrx_word' id='word_1_553' title='bbox 2910 3631 3244 3703; x_wconf 77' lang='grc' dir='ltr'>δραμοῦνται</span> <span class='ocrx_word' id='word_1_554' title='bbox 3262 3632 3656 3704; x_wconf 76' lang='grc' dir='ltr'>κηρύττοντες;</span> 
     </span>
    </p>
   </div>
   <div class='ocr_carea' id='block_1_74' title="bbox 471 3715 1972 3790">
    <p class='ocr_par' dir='ltr' id='par_1_74' title="bbox 471 3715 1972 3790">
     <span class='ocr_line' id='line_1_74' title="bbox 471 3715 1972 3790; baseline 0.001 -20"><span class='ocrx_word' id='word_1_555' title='bbox 471 3717 634 3772; x_wconf 72' lang='lat' dir='ltr'><strong>Vsus.</strong></span> <span class='ocrx_word' id='word_1_556' title='bbox 659 3715 850 3772; x_wconf 75' lang='grc'><strong>15-15.</strong></span> <span class='ocrx_word' id='word_1_557' title='bbox 879 3716 1012 3772; x_wconf 83' lang='lat' dir='ltr'><strong>Ecce</strong></span> <span class='ocrx_word' id='word_1_558' title='bbox 1034 3719 1289 3789; x_wconf 78' lang='lat' dir='ltr'><strong>intelliget</strong></span> <span class='ocrx_word' id='word_1_559' title='bbox 1317 3736 1446 3790; x_wconf 74' lang='lat' dir='ltr'><strong>puer</strong></span> <span class='ocrx_word' id='word_1_560' title='bbox 1467 3737 1632 3786; x_wconf 75' lang='lat' dir='ltr'><strong>meus,</strong></span> <span class='ocrx_word' id='word_1_561' title='bbox 1659 3730 1706 3774; x_wconf 87' lang='lat' dir='ltr'><strong>et</strong></span> <span class='ocrx_word' id='word_1_562' title='bbox 1731 3722 1788 3774; x_wconf 86' lang='lat' dir='ltr'><strong>in</strong></span> <span class='ocrx_word' id='word_1_563' title='bbox 1805 3719 1972 3773; x_wconf 78' lang='lat' dir='ltr'><strong>altum</strong></span> 
     </span>
    </p>
   </div>
   <div class='ocr_carea' id='block_1_75' title="bbox 388 3803 1972 3878">
    <p class='ocr_par' dir='ltr' id='par_1_75' title="bbox 388 3803 1972 3878">
     <span class='ocr_line' id='line_1_75' title="bbox 388 3803 1972 3878; baseline 0.001 -18"><span class='ocrx_word' id='word_1_564' title='bbox 388 3805 690 3870; x_wconf 73' lang='lat' dir='ltr'><strong>extolletur,</strong></span> <span class='ocrx_word' id='word_1_565' title='bbox 717 3813 768 3860; x_wconf 82' lang='lat' dir='ltr'><strong>et</strong></span> <span class='ocrx_word' id='word_1_566' title='bbox 795 3803 967 3875; x_wconf 78' lang='lat' dir='ltr'><strong>gloria</strong></span> <span class='ocrx_word' id='word_1_567' title='bbox 995 3808 1252 3878; x_wconf 73' lang='lat' dir='ltr'><strong>afﬁcietur</strong></span> <span class='ocrx_word' id='word_1_568' title='bbox 1281 3809 1450 3865; x_wconf 74' lang='lat' dir='ltr'><strong>valde.</strong></span> <span class='ocrx_word' id='word_1_569' title='bbox 1519 3809 1972 3875; x_wconf 77' lang='lat' dir='ltr'><strong>Quemadmodum</strong></span> 
     </span>
    </p>
   </div>
   <div class='ocr_carea' id='block_1_76' title="bbox 390 3897 1974 3969">
    <p class='ocr_par' dir='ltr' id='par_1_76' title="bbox 390 3897 1974 3969">
     <span class='ocr_line' id='line_1_76' title="bbox 390 3897 1974 3969; baseline 0 -17"><span class='ocrx_word' id='word_1_570' title='bbox 390 3897 754 3962; x_wconf 75' lang='lat' dir='ltr'><strong>obstupescent</strong></span> <span class='ocrx_word' id='word_1_571' title='bbox 795 3913 952 3965; x_wconf 81' lang='lat' dir='ltr'><strong>super</strong></span> <span class='ocrx_word' id='word_1_572' title='bbox 1014 3908 1063 3952; x_wconf 85' lang='lat' dir='ltr'><strong>te</strong></span> <span class='ocrx_word' id='word_1_573' title='bbox 1115 3899 1296 3964; x_wconf 86' lang='lat' dir='ltr'><strong>multi,</strong></span> <span class='ocrx_word' id='word_1_574' title='bbox 1355 3901 1432 3954; x_wconf 87' lang='lat' dir='ltr'><strong>sic</strong></span> <span class='ocrx_word' id='word_1_575' title='bbox 1479 3900 1856 3969; x_wconf 78' lang='lat' dir='ltr'><strong>vituperabitur</strong></span> <span class='ocrx_word' id='word_1_576' title='bbox 1910 3900 1974 3953; x_wconf 79' lang='lat' dir='ltr'><strong>ab</strong></span> 
     </span>
    </p>
   </div>
   <div class='ocr_carea' id='block_1_77' title="bbox 389 3987 1973 4061">
    <p class='ocr_par' dir='ltr' id='par_1_77' title="bbox 389 3987 1973 4061">
     <span class='ocr_line' id='line_1_77' title="bbox 389 3987 1973 4061; baseline 0.003 -20"><span class='ocrx_word' id='word_1_577' title='bbox 389 3987 688 4042; x_wconf 68' lang='lat' dir='ltr'><strong>hominibus</strong></span> <span class='ocrx_word' id='word_1_578' title='bbox 717 3989 910 4057; x_wconf 84' lang='lat' dir='ltr'><strong>species</strong></span> <span class='ocrx_word' id='word_1_579' title='bbox 930 3998 1046 4056; x_wconf 86' lang='lat' dir='ltr'><strong>tua,</strong></span> <span class='ocrx_word' id='word_1_580' title='bbox 1086 4001 1134 4046; x_wconf 86' lang='lat' dir='ltr'><strong>et</strong></span> <span class='ocrx_word' id='word_1_581' title='bbox 1174 3991 1346 4061; x_wconf 79' lang='lat' dir='ltr'><strong>gloria</strong></span> <span class='ocrx_word' id='word_1_582' title='bbox 1389 4001 1482 4046; x_wconf 66' lang='lat' dir='ltr'><strong>tua</strong></span> <span class='ocrx_word' id='word_1_583' title='bbox 1544 3993 1610 4047; x_wconf 77' lang='lat' dir='ltr'><strong>ab</strong></span> <span class='ocrx_word' id='word_1_584' title='bbox 1653 3994 1973 4048; x_wconf 81' lang='lat' dir='ltr'><strong>hominibus.</strong></span> 
     </span>
    </p>
   </div>
   <div class='ocr_carea' id='block_1_78' title="bbox 390 4077 1971 4148">
    <p class='ocr_par' dir='ltr' id='par_1_78' title="bbox 390 4077 1971 4148">
     <span class='ocr_line' id='line_1_78' title="bbox 390 4077 1971 4148; baseline 0.005 -17"><span class='ocrx_word' id='word_1_585' title='bbox 390 4077 480 4132; x_wconf 79' lang='lat' dir='ltr'><strong>Ita</strong></span> <span class='ocrx_word' id='word_1_586' title='bbox 502 4079 834 4133; x_wconf 79' lang='lat' dir='ltr'><strong>mirabuntur</strong></span> <span class='ocrx_word' id='word_1_587' title='bbox 858 4091 1033 4148; x_wconf 85' lang='lat' dir='ltr'><strong>gentes</strong></span> <span class='ocrx_word' id='word_1_588' title='bbox 1064 4083 1244 4137; x_wconf 76' lang='lat' dir='ltr'><strong>multa:</strong></span> <span class='ocrx_word' id='word_1_589' title='bbox 1273 4099 1412 4148; x_wconf 84' lang='lat' dir='ltr'><strong>eum,</strong></span> <span class='ocrx_word' id='word_1_590' title='bbox 1439 4093 1489 4138; x_wconf 78' lang='lat' dir='ltr'><strong>et</strong></span> <span class='ocrx_word' id='word_1_591' title='bbox 1518 4084 1854 4138; x_wconf 68' lang='lat' dir='ltr'><strong>continebant</strong></span> <span class='ocrx_word' id='word_1_592' title='bbox 1888 4100 1971 4139; x_wconf 82' lang='lat' dir='ltr'><strong>re-</strong></span> 
     </span>
    </p>
   </div>
   <div class='ocr_carea' id='block_1_79' title="bbox 387 4171 1966 4243">
    <p class='ocr_par' dir='ltr' id='par_1_79' title="bbox 387 4171 1966 4243">
     <span class='ocr_line' id='line_1_79' title="bbox 387 4171 1966 4243; baseline 0.006 -20"><span class='ocrx_word' id='word_1_593' title='bbox 387 4185 475 4238; x_wconf 76' lang='lat' dir='ltr'><strong>ges</strong></span> <span class='ocrx_word' id='word_1_594' title='bbox 496 4186 552 4224; x_wconf 90' lang='lat' dir='ltr'><strong>os</strong></span> <span class='ocrx_word' id='word_1_595' title='bbox 567 4186 740 4225; x_wconf 71' lang='lat' dir='ltr'><strong>suum.</strong></span> <span class='ocrx_word' id='word_1_596' title='bbox 772 4171 910 4238; x_wconf 68' lang='lat' dir='ltr'><strong>Quia</strong></span> <span class='ocrx_word' id='word_1_597' title='bbox 937 4171 1123 4243; x_wconf 72' lang='lat' dir='ltr'><strong>quibus</strong></span> <span class='ocrx_word' id='word_1_598' title='bbox 1148 4189 1254 4228; x_wconf 88' lang='lat' dir='ltr'><strong>non</strong></span> <span class='ocrx_word' id='word_1_599' title='bbox 1279 4183 1354 4228; x_wconf 83' lang='lat' dir='ltr'><strong>est</strong></span> <span class='ocrx_word' id='word_1_600' title='bbox 1397 4177 1768 4230; x_wconf 81' lang='lat' dir='ltr'><strong>annuntiatunt</strong></span> <span class='ocrx_word' id='word_1_601' title='bbox 1796 4178 1863 4229; x_wconf 85' lang='lat' dir='ltr'><strong>de</strong></span> <span class='ocrx_word' id='word_1_602' title='bbox 1883 4192 1966 4242; x_wconf 85' lang='lat' dir='ltr'><strong>eo,</strong></span> 
     </span>
    </p>
   </div>
   <div class='ocr_carea' id='block_1_80' title="bbox 391 4259 1758 4334">
    <p class='ocr_par' dir='ltr' id='par_1_80' title="bbox 391 4259 1758 4334">
     <span class='ocr_line' id='line_1_80' title="bbox 391 4259 1758 4334; baseline 0.005 -22"><span class='ocrx_word' id='word_1_603' title='bbox 391 4259 679 4328; x_wconf 76' lang='lat' dir='ltr'><strong>uidebunt,</strong></span> <span class='ocrx_word' id='word_1_604' title='bbox 727 4271 776 4316; x_wconf 85' lang='lat' dir='ltr'><strong>et</strong></span> <span class='ocrx_word' id='word_1_605' title='bbox 831 4264 921 4334; x_wconf 83' lang='lat' dir='ltr'><strong>qui</strong></span> <span class='ocrx_word' id='word_1_606' title='bbox 965 4279 1068 4316; x_wconf 88' lang='lat' dir='ltr'><strong>non</strong></span> <span class='ocrx_word' id='word_1_607' title='bbox 1117 4263 1426 4318; x_wconf 80' lang='lat' dir='ltr'><strong>audiverunt</strong></span> <span class='ocrx_word' id='word_1_608' title='bbox 1449 4264 1758 4334; x_wconf 80' lang='lat' dir='ltr'><strong>intelligent.</strong></span> 
     </span>
    </p>
   </div>
   <div class='ocr_carea' id='block_1_81' title="bbox 2154 3717 3654 3788">
    <p class='ocr_par' dir='ltr' id='par_1_81' title="bbox 2154 3717 3654 3788">
     <span class='ocr_line' id='line_1_81' title="bbox 2154 3717 3654 3788; baseline 0.003 -18"><span class='ocrx_word' id='word_1_609' title='bbox 2154 3717 2302 3771; x_wconf 82' lang='grc' dir='ltr'>Ἰδοὺ</span> <span class='ocrx_word' id='word_1_610' title='bbox 2324 3719 2589 3787; x_wconf 77' lang='grc' dir='ltr'>συνήσει</span> <span class='ocrx_word' id='word_1_611' title='bbox 2614 3721 2648 3773; x_wconf 84' lang='grc' dir='ltr'><em>ὀ</em></span> <span class='ocrx_word' id='word_1_612' title='bbox 2671 3718 2813 3784; x_wconf 74' lang='grc' dir='ltr'>παῖς</span> <span class='ocrx_word' id='word_1_613' title='bbox 2835 3737 2976 3788; x_wconf 82' lang='grc' dir='ltr'>μου,</span> <span class='ocrx_word' id='word_1_614' title='bbox 2997 3722 3097 3774; x_wconf 74' lang='grc' dir='ltr'><strong>καί</strong></span> <span class='ocrx_word' id='word_1_615' title='bbox 3125 3720 3534 3788; x_wconf 77' lang='grc' dir='ltr'>ὑψωθήσεται,</span> <span class='ocrx_word' id='word_1_616' title='bbox 3557 3725 3654 3776; x_wconf 79' lang='grc' dir='ltr'>καὶ</span> 
     </span>
    </p>
   </div>
   <div class='ocr_carea' id='block_1_82' title="bbox 2071 3809 3654 3880">
    <p class='ocr_par' dir='ltr' id='par_1_82' title="bbox 2071 3809 3654 3880">
     <span class='ocr_line' id='line_1_82' title="bbox 2071 3809 3654 3880; baseline 0.002 -17"><span class='ocrx_word' id='word_1_617' title='bbox 2071 3809 2516 3877; x_wconf 78' lang='grc' dir='ltr'>δοξασθήσεται</span> <span class='ocrx_word' id='word_1_618' title='bbox 2555 3810 2814 3880; x_wconf 71' lang='grc' dir='ltr'>σφόδρα.</span> <span class='ocrx_word' id='word_1_619' title='bbox 2857 3813 2965 3864; x_wconf 83' lang='grc' dir='ltr'>Ὃν</span> <span class='ocrx_word' id='word_1_620' title='bbox 3000 3815 3223 3879; x_wconf 80' lang='grc' dir='ltr'>τρόπον</span> <span class='ocrx_word' id='word_1_621' title='bbox 3252 3811 3654 3878; x_wconf 80' lang='grc' dir='ltr'>ἐκστήσονται</span> 
     </span>
    </p>
   </div>
   <div class='ocr_carea' id='block_1_83' title="bbox 2071 3901 3652 3970">
    <p class='ocr_par' dir='ltr' id='par_1_83' title="bbox 2071 3901 3652 3970">
     <span class='ocr_line' id='line_1_83' title="bbox 2071 3901 3652 3970; baseline -0.001 -14"><span class='ocrx_word' id='word_1_622' title='bbox 2071 3901 2171 3956; x_wconf 73' lang='grc' dir='ltr'><strong>ἐπὶ</strong></span> <span class='ocrx_word' id='word_1_623' title='bbox 2215 3902 2315 3956; x_wconf 77' lang='grc' dir='ltr'>σοὶ</span> <span class='ocrx_word' id='word_1_624' title='bbox 2350 3903 2590 3966; x_wconf 68' lang='grc' dir='ltr'>πολλοὶ,</span> <span class='ocrx_word' id='word_1_625' title='bbox 2630 3903 2819 3968; x_wconf 83' lang='grc' dir='ltr'>οὕτως</span> <span class='ocrx_word' id='word_1_626' title='bbox 2847 3901 3137 3968; x_wconf 72' lang='grc' dir='ltr'>ἀδοξήσει</span> <span class='ocrx_word' id='word_1_627' title='bbox 3175 3902 3296 3957; x_wconf 83' lang='grc' dir='ltr'><strong>ἀπὸ</strong></span> <span class='ocrx_word' id='word_1_628' title='bbox 3325 3901 3652 3970; x_wconf 81' lang='grc' dir='ltr'>ἀνθρώπων</span> 
     </span>
    </p>
   </div>
   <div class='ocr_carea' id='block_1_84' title="bbox 2073 3989 3652 4062">
    <p class='ocr_par' dir='ltr' id='par_1_84' title="bbox 2073 3989 3652 4062">
     <span class='ocr_line' id='line_1_84' title="bbox 2073 3989 3652 4062; baseline 0.001 -14"><span class='ocrx_word' id='word_1_629' title='bbox 2073 3993 2140 4048; x_wconf 74' lang='grc' dir='ltr'>τὸ</span> <span class='ocrx_word' id='word_1_630' title='bbox 2167 3989 2327 4061; x_wconf 78' lang='grc' dir='ltr'>εἶδός</span> <span class='ocrx_word' id='word_1_631' title='bbox 2353 4010 2490 4060; x_wconf 87' lang='grc' dir='ltr'>σου,</span> <span class='ocrx_word' id='word_1_632' title='bbox 2520 3995 2617 4049; x_wconf 76' lang='grc' dir='ltr'>καὶ</span> <span class='ocrx_word' id='word_1_633' title='bbox 2645 3995 2683 4062; x_wconf 74' lang='grc' dir='ltr'><strong><em>ἡ</em></strong></span> <span class='ocrx_word' id='word_1_634' title='bbox 2708 3992 2859 4060; x_wconf 80' lang='grc' dir='ltr'>δόξα</span> <span class='ocrx_word' id='word_1_635' title='bbox 2885 4011 3004 4049; x_wconf 90' lang='grc' dir='ltr'><strong>σου</strong></span> <span class='ocrx_word' id='word_1_636' title='bbox 3024 3990 3140 4050; x_wconf 76' lang='grc' dir='ltr'><strong>ἀπὸ</strong></span> <span class='ocrx_word' id='word_1_637' title='bbox 3169 3993 3287 4048; x_wconf 86' lang='grc' dir='ltr'>τῶν</span> <span class='ocrx_word' id='word_1_638' title='bbox 3304 3993 3652 4062; x_wconf 79' lang='grc' dir='ltr'>ἀνθρώπων.</span> 
     </span>
    </p>
   </div>
   <div class='ocr_carea' id='block_1_85' title="bbox 2077 4077 3655 4154">
    <p class='ocr_par' dir='ltr' id='par_1_85' title="bbox 2077 4077 3655 4154">
     <span class='ocr_line' id='line_1_85' title="bbox 2077 4077 3655 4154; baseline -0.001 -15"><span class='ocrx_word' id='word_1_639' title='bbox 2077 4085 2188 4139; x_wconf 80' lang='grc' dir='ltr'><strong>Καὶ</strong></span> <span class='ocrx_word' id='word_1_640' title='bbox 2213 4084 2366 4138; x_wconf 81' lang='grc' dir='ltr'>οὕτω</span> <span class='ocrx_word' id='word_1_641' title='bbox 2395 4077 2803 4154; x_wconf 79' lang='grc' dir='ltr'>θαυμάσονται</span> <span class='ocrx_word' id='word_1_642' title='bbox 2832 4085 2980 4152; x_wconf 71' lang='grc' dir='ltr'>ἔθνη</span> <span class='ocrx_word' id='word_1_643' title='bbox 3009 4085 3211 4139; x_wconf 68' lang='grc' dir='ltr'>πολλὰ</span> <span class='ocrx_word' id='word_1_644' title='bbox 3236 4084 3330 4138; x_wconf 82' lang='grc' dir='ltr'><strong>ἐπ’</strong></span> <span class='ocrx_word' id='word_1_645' title='bbox 3351 4083 3532 4151; x_wconf 78' lang='grc' dir='ltr'>αὐτῷ,</span> <span class='ocrx_word' id='word_1_646' title='bbox 3557 4085 3655 4139; x_wconf 67' lang='grc' dir='ltr'>καί</span> 
     </span>
    </p>
   </div>
   <div class='ocr_carea' id='block_1_86' title="bbox 2074 4167 3656 4244">
    <p class='ocr_par' dir='ltr' id='par_1_86' title="bbox 2074 4167 3656 4244">
     <span class='ocr_line' id='line_1_86' title="bbox 2074 4167 3656 4244; baseline 0 -14"><span class='ocrx_word' id='word_1_647' title='bbox 2074 4174 2408 4240; x_wconf 70' lang='grc' dir='ltr'>συνάξουσι</span> <span class='ocrx_word' id='word_1_648' title='bbox 2437 4174 2722 4240; x_wconf 76' lang='grc' dir='ltr'>βασιλεῖς</span> <span class='ocrx_word' id='word_1_649' title='bbox 2739 4175 2804 4228; x_wconf 80' lang='grc' dir='ltr'>τὸ</span> <span class='ocrx_word' id='word_1_650' title='bbox 2833 4175 3029 4244; x_wconf 84' lang='grc' dir='ltr'>στόμα</span> <span class='ocrx_word' id='word_1_651' title='bbox 3059 4174 3282 4230; x_wconf 74' lang='grc' dir='ltr'>αὐτῶν*</span> <span class='ocrx_word' id='word_1_652' title='bbox 3310 4177 3399 4230; x_wconf 88' lang='grc' dir='ltr'>ὅτι</span> <span class='ocrx_word' id='word_1_653' title='bbox 3425 4167 3516 4242; x_wconf 81' lang='grc' dir='ltr'>οἷς</span> <span class='ocrx_word' id='word_1_654' title='bbox 3543 4177 3656 4230; x_wconf 71' lang='grc' dir='ltr'>οὐκ</span> 
     </span>
    </p>
   </div>
   <div class='ocr_carea' id='block_1_87' title="bbox 2075 4263 3656 4337">
    <p class='ocr_par' dir='ltr' id='par_1_87' title="bbox 2075 4263 3656 4337">
     <span class='ocr_line' id='line_1_87' title="bbox 2075 4263 3656 4337; baseline 0.001 -16"><span class='ocrx_word' id='word_1_655' title='bbox 2075 4263 2381 4337; x_wconf 78' lang='grc' dir='ltr'>ἀνηγγέλη</span> <span class='ocrx_word' id='word_1_656' title='bbox 2422 4268 2559 4335; x_wconf 78' lang='grc' dir='ltr'>περὶ</span> <span class='ocrx_word' id='word_1_657' title='bbox 2589 4267 2780 4322; x_wconf 82' lang='grc' dir='ltr'>αὐτοῦ</span> <span class='ocrx_word' id='word_1_658' title='bbox 2822 4268 3096 4337; x_wconf 71' lang='grc' dir='ltr'>ὄψονται,</span> <span class='ocrx_word' id='word_1_659' title='bbox 3127 4268 3227 4323; x_wconf 75' lang='grc' dir='ltr'>καὶ</span> <span class='ocrx_word' id='word_1_660' title='bbox 3272 4267 3330 4324; x_wconf 79' lang='grc' dir='ltr'>οἳ</span> <span class='ocrx_word' id='word_1_661' title='bbox 3371 4270 3482 4324; x_wconf 86' lang='grc' dir='ltr'>οὐκ</span> <span class='ocrx_word' id='word_1_662' title='bbox 3508 4268 3656 4337; x_wconf 50' lang='lat' dir='ltr'><strong>dun.</strong></span> 
     </span>
    </p>
   </div>
   <div class='ocr_carea' id='block_1_88' title="bbox 1971 4352 2691 4425">
    <p class='ocr_par' dir='ltr' id='par_1_88' title="bbox 1971 4352 2691 4425">
     <span class='ocr_line' id='line_1_88' title="bbox 1971 4352 2691 4425; baseline 0 -13"><span class='ocrx_word' id='word_1_663' title='bbox 1971 4390 1982 4400; x_wconf 75' lang='grc' dir='ltr'><strong>ι</strong></span> <span class='ocrx_word' id='word_1_664' title='bbox 2075 4352 2256 4413; x_wconf 69' lang='lat' dir='ltr'><strong>udam</strong></span> <span class='ocrx_word' id='word_1_665' title='bbox 2285 4357 2691 4425; x_wconf 81' lang='grc' dir='ltr'>συνήσουσιν.</span> 
     </span>
    </p>
   </div>
   <div class='ocr_carea' id='block_1_89' title="bbox 460 4429 2047 4510">
    <p class='ocr_par' dir='ltr' id='par_1_89' title="bbox 460 4429 2047 4510">
     <span class='ocr_line' id='line_1_89' title="bbox 460 4429 2047 4510; baseline 0.008 -25"><span class='ocrx_word' id='word_1_666' title='bbox 460 4429 742 4490; x_wconf 75' lang='lat' dir='ltr'><strong>Manifeste</strong></span> <span class='ocrx_word' id='word_1_667' title='bbox 790 4434 942 4491; x_wconf 86' lang='lat' dir='ltr'><strong>hisce</strong></span> <span class='ocrx_word' id='word_1_668' title='bbox 970 4434 1148 4491; x_wconf 83' lang='lat' dir='ltr'><strong>verbis</strong></span> <span class='ocrx_word' id='word_1_669' title='bbox 1177 4437 1244 4492; x_wconf 92' lang='lat' dir='ltr'><strong>de</strong></span> <span class='ocrx_word' id='word_1_670' title='bbox 1269 4438 1508 4493; x_wconf 90' lang='lat' dir='ltr'><strong>omnium</strong></span> <span class='ocrx_word' id='word_1_671' title='bbox 1546 4448 1787 4494; x_wconf 87' lang='lat' dir='ltr'><strong>nostrum</strong></span> <span class='ocrx_word' id='word_1_672' title='bbox 1843 4441 1970 4497; x_wconf 87' lang='lat' dir='ltr'><strong>Ser-</strong></span> <span class='ocrx_word' id='word_1_673' title='bbox 2002 4453 2047 4510; x_wconf 80' lang='grc' dir='ltr'><strong>ι)</strong></span> 
     </span>
    </p>
   </div>
   <div class='ocr_carea' id='block_1_90' title="bbox 390 4524 1972 4599">
    <p class='ocr_par' dir='ltr' id='par_1_90' title="bbox 390 4524 1972 4599">
     <span class='ocr_line' id='line_1_90' title="bbox 390 4524 1972 4599; baseline 0.009 -26"><span class='ocrx_word' id='word_1_674' title='bbox 390 4531 573 4580; x_wconf 79' lang='lat' dir='ltr'><strong>vatore</strong></span> <span class='ocrx_word' id='word_1_675' title='bbox 595 4524 814 4582; x_wconf 87' lang='lat' dir='ltr'><strong>Christo</strong></span> <span class='ocrx_word' id='word_1_676' title='bbox 840 4525 984 4582; x_wconf 87' lang='lat' dir='ltr'><strong>Deus</strong></span> <span class='ocrx_word' id='word_1_677' title='bbox 1017 4535 1071 4581; x_wconf 88' lang='lat' dir='ltr'><strong>et</strong></span> <span class='ocrx_word' id='word_1_678' title='bbox 1108 4525 1264 4583; x_wconf 86' lang='lat' dir='ltr'><strong>Pater</strong></span> <span class='ocrx_word' id='word_1_679' title='bbox 1293 4528 1550 4599; x_wconf 89' lang='lat' dir='ltr'><strong>loquitur.</strong></span> <span class='ocrx_word' id='word_1_680' title='bbox 1585 4532 1722 4588; x_wconf 81' lang='lat' dir='ltr'><strong>Ecce</strong></span> <span class='ocrx_word' id='word_1_681' title='bbox 1773 4533 1972 4589; x_wconf 85' lang='lat' dir='ltr'><strong>intelli-</strong></span> 
     </span>
    </p>
   </div>
   <div class='ocr_carea' id='block_1_91' title="bbox 388 4618 1966 4691">
    <p class='ocr_par' dir='ltr' id='par_1_91' title="bbox 388 4618 1966 4691">
     <span class='ocr_line' id='line_1_91' title="bbox 388 4618 1966 4691; baseline 0.01 -24"><span class='ocrx_word' id='word_1_682' title='bbox 388 4620 478 4683; x_wconf 82' lang='lat' dir='ltr'><strong>get</strong></span> <span class='ocrx_word' id='word_1_683' title='bbox 506 4630 637 4683; x_wconf 87' lang='lat' dir='ltr'><strong>puer</strong></span> <span class='ocrx_word' id='word_1_684' title='bbox 702 4631 874 4681; x_wconf 88' lang='lat' dir='ltr'><strong>meus,</strong></span> <span class='ocrx_word' id='word_1_685' title='bbox 926 4618 1143 4688; x_wconf 83' lang='lat' dir='ltr'><strong>inquit:</strong></span> <span class='ocrx_word' id='word_1_686' title='bbox 1181 4635 1405 4690; x_wconf 82' lang='lat' dir='ltr'><strong>puerum</strong></span> <span class='ocrx_word' id='word_1_687' title='bbox 1465 4621 1754 4691; x_wconf 83' lang='lat' dir='ltr'><strong>intelliges,</strong></span> <span class='ocrx_word' id='word_1_688' title='bbox 1801 4627 1966 4681; x_wconf 82' lang='lat' dir='ltr'><strong>lilium</strong></span> 
     </span>
    </p>
   </div>
   <div class='ocr_carea' id='block_1_92' title="bbox 387 4706 1967 4779">
    <p class='ocr_par' dir='ltr' id='par_1_92' title="bbox 387 4706 1967 4779">
     <span class='ocr_line' id='line_1_92' title="bbox 387 4706 1967 4779; baseline 0.009 -19"><span class='ocrx_word' id='word_1_689' title='bbox 387 4706 472 4761; x_wconf 77' lang='lat' dir='ltr'><strong>vel</strong></span> <span class='ocrx_word' id='word_1_690' title='bbox 495 4721 728 4763; x_wconf 85' lang='lat' dir='ltr'><strong>servum.</strong></span> <span class='ocrx_word' id='word_1_691' title='bbox 764 4707 1007 4779; x_wconf 84' lang='lat' dir='ltr'><strong>Sumpsit</strong></span> <span class='ocrx_word' id='word_1_692' title='bbox 1027 4710 1171 4765; x_wconf 91' lang='lat' dir='ltr'><strong>enim</strong></span> <span class='ocrx_word' id='word_1_693' title='bbox 1199 4710 1430 4768; x_wconf 83' lang='lat' dir='ltr'><strong>formam</strong></span> <span class='ocrx_word' id='word_1_694' title='bbox 1454 4716 1596 4771; x_wconf 84' lang='lat' dir='ltr'><strong>servi</strong></span> <span class='ocrx_word' id='word_1_695' title='bbox 1633 4715 1776 4774; x_wconf 85' lang='lat' dir='ltr'><strong>Deus</strong></span> <span class='ocrx_word' id='word_1_696' title='bbox 1834 4717 1967 4773; x_wconf 83' lang='lat' dir='ltr'><strong>Ver-</strong></span> 
     </span>
    </p>
   </div>
   <div class='ocr_carea' id='block_1_93' title="bbox 390 4795 1968 4873">
    <p class='ocr_par' dir='ltr' id='par_1_93' title="bbox 390 4795 1968 4873">
     <span class='ocr_line' id='line_1_93' title="bbox 390 4795 1968 4873; baseline 0.009 -23"><span class='ocrx_word' id='word_1_697' title='bbox 390 4795 516 4850; x_wconf 84' lang='lat' dir='ltr'><strong>bum</strong></span> <span class='ocrx_word' id='word_1_698' title='bbox 543 4815 558 4853; x_wconf 90' lang='lat'><strong>:</strong></span> <span class='ocrx_word' id='word_1_699' title='bbox 581 4808 636 4853; x_wconf 86' lang='lat' dir='ltr'><strong>et</strong></span> <span class='ocrx_word' id='word_1_700' title='bbox 664 4799 906 4854; x_wconf 87' lang='lat' dir='ltr'><strong>omnium</strong></span> <span class='ocrx_word' id='word_1_701' title='bbox 931 4799 1194 4858; x_wconf 84' lang='lat' dir='ltr'><strong>Dominus</strong></span> <span class='ocrx_word' id='word_1_702' title='bbox 1220 4817 1345 4859; x_wconf 88' lang='lat' dir='ltr'><strong>cum</strong></span> <span class='ocrx_word' id='word_1_703' title='bbox 1373 4816 1537 4873; x_wconf 87' lang='lat' dir='ltr'><strong>esset,</strong></span> <span class='ocrx_word' id='word_1_704' title='bbox 1566 4809 1633 4863; x_wconf 88' lang='lat' dir='ltr'><strong>ad</strong></span> <span class='ocrx_word' id='word_1_705' title='bbox 1657 4809 1968 4864; x_wconf 83' lang='lat' dir='ltr'><strong>humanita-</strong></span> 
     </span>
    </p>
   </div>
   <div class='ocr_carea' id='block_1_94' title="bbox 391 4887 1960 4956">
    <p class='ocr_par' dir='ltr' id='par_1_94' title="bbox 391 4887 1960 4956">
     <span class='ocr_line' id='line_1_94' title="bbox 391 4887 1960 4956; baseline 0.006 -11"><span class='ocrx_word' id='word_1_706' title='bbox 391 4887 459 4946; x_wconf 81' lang='lat' dir='ltr'><strong>tis</strong></span> <span class='ocrx_word' id='word_1_707' title='bbox 493 4891 764 4946; x_wconf 90' lang='lat' dir='ltr'><strong>modulum</strong></span> <span class='ocrx_word' id='word_1_708' title='bbox 791 4908 855 4947; x_wconf 87' lang='lat' dir='ltr'><strong>ac</strong></span> <span class='ocrx_word' id='word_1_709' title='bbox 884 4907 1191 4950; x_wconf 86' lang='lat' dir='ltr'><strong>mensuram</strong></span> <span class='ocrx_word' id='word_1_710' title='bbox 1232 4896 1542 4955; x_wconf 81' lang='lat' dir='ltr'><strong>descendit.</strong></span> <span class='ocrx_word' id='word_1_711' title='bbox 1601 4919 1620 4954; x_wconf 83' lang='lat' dir='ltr'><strong>s</strong></span> <span class='ocrx_word' id='word_1_712' title='bbox 1661 4901 1775 4955; x_wconf 84' lang='lat' dir='ltr'><strong>Non</strong></span> <span class='ocrx_word' id='word_1_713' title='bbox 1816 4901 1960 4956; x_wconf 88' lang='lat' dir='ltr'><strong>enim</strong></span> 
     </span>
    </p>
   </div>
   <div class='ocr_carea' id='block_1_95' title="bbox 390 4981 1962 5062">
    <p class='ocr_par' dir='ltr' id='par_1_95' title="bbox 390 4981 1962 5062">
     <span class='ocr_line' id='line_1_95' title="bbox 390 4981 1962 5062; baseline 0.008 -28"><span class='ocrx_word' id='word_1_714' title='bbox 390 4981 632 5050; x_wconf 82' lang='lat' dir='ltr'><strong>rapinam</strong></span> <span class='ocrx_word' id='word_1_715' title='bbox 683 4982 977 5040; x_wconf 84' lang='lat' dir='ltr'><strong>arbitratus</strong></span> <span class='ocrx_word' id='word_1_716' title='bbox 1019 4995 1103 5041; x_wconf 88' lang='lat' dir='ltr'><strong>est</strong></span> <span class='ocrx_word' id='word_1_717' title='bbox 1132 5003 1253 5044; x_wconf 88' lang='lat' dir='ltr'><strong>esse</strong></span> <span class='ocrx_word' id='word_1_718' title='bbox 1283 5004 1342 5045; x_wconf 87' lang='lat' dir='ltr'><strong>se</strong></span> <span class='ocrx_word' id='word_1_719' title='bbox 1373 4991 1636 5062; x_wconf 71' lang='lat' dir='ltr'><strong>aequalem</strong></span> <span class='ocrx_word' id='word_1_720' title='bbox 1689 4991 1798 5046; x_wconf 88' lang='lat' dir='ltr'><strong>Deo</strong></span> <span class='ocrx_word' id='word_1_721' title='bbox 1826 5008 1842 5045; x_wconf 91' lang='lat'><strong>:</strong></span> <span class='ocrx_word' id='word_1_722' title='bbox 1868 4991 1962 5046; x_wconf 86' lang='lat' dir='ltr'><strong>sed</strong></span> 
     </span>
    </p>
   </div>
   <div class='ocr_carea' id='block_1_96' title="bbox 389 5069 1964 5145">
    <p class='ocr_par' dir='ltr' id='par_1_96' title="bbox 389 5069 1964 5145">
     <span class='ocr_line' id='line_1_96' title="bbox 389 5069 1964 5145; baseline 0.006 -21"><span class='ocrx_word' id='word_1_723' title='bbox 389 5069 616 5126; x_wconf 77' lang='lat' dir='ltr'><strong>insuivit</strong></span> <span class='ocrx_word' id='word_1_724' title='bbox 641 5073 901 5142; x_wconf 86' lang='lat' dir='ltr'><strong>seipsum,</strong></span> <span class='ocrx_word' id='word_1_725' title='bbox 925 5075 1116 5130; x_wconf 81' lang='lat' dir='ltr'><strong>similis</strong></span> <span class='ocrx_word' id='word_1_726' title='bbox 1144 5077 1454 5135; x_wconf 85' lang='lat' dir='ltr'><strong>hominibus</strong></span> <span class='ocrx_word' id='word_1_727' title='bbox 1479 5080 1677 5145; x_wconf 81' lang='lat' dir='ltr'><strong>factus,</strong></span> <span class='ocrx_word' id='word_1_728' title='bbox 1699 5090 1753 5134; x_wconf 87' lang='lat' dir='ltr'><strong>et</strong></span> <span class='ocrx_word' id='word_1_729' title='bbox 1777 5081 1964 5134; x_wconf 87' lang='lat' dir='ltr'><strong>habitu</strong></span> 
     </span>
    </p>
   </div>
   <div class='ocr_carea' id='block_1_97' title="bbox 388 5164 1964 5240">
    <p class='ocr_par' dir='ltr' id='par_1_97' title="bbox 388 5164 1964 5240">
     <span class='ocr_line' id='line_1_97' title="bbox 388 5164 1964 5240; baseline 0.009 -27"><span class='ocrx_word' id='word_1_730' title='bbox 388 5169 636 5231; x_wconf 81' lang='lat' dir='ltr'><strong>repertus</strong></span> <span class='ocrx_word' id='word_1_731' title='bbox 669 5174 730 5218; x_wconf 89' lang='lat' dir='ltr'><strong>ut</strong></span> <span class='ocrx_word' id='word_1_732' title='bbox 751 5164 931 5233; x_wconf 83' lang='lat' dir='ltr'><strong>homo,</strong></span> <span class='ocrx_word' id='word_1_733' title='bbox 963 5166 1078 5236; x_wconf 87' lang='lat' dir='ltr'><strong>ipse</strong></span> <span class='ocrx_word' id='word_1_734' title='bbox 1105 5183 1164 5224; x_wconf 88' lang='lat' dir='ltr'><strong>se</strong></span> <span class='ocrx_word' id='word_1_735' title='bbox 1196 5169 1395 5239; x_wconf 74' lang='lat' dir='ltr'><strong>deiecit</strong></span> <span class='ocrx_word' id='word_1_736' title='bbox 1421 5172 1522 5226; x_wconf 73' lang='lat' dir='ltr'><strong>&quot;.s</strong></span> <span class='ocrx_word' id='word_1_737' title='bbox 1553 5172 1736 5240; x_wconf 89' lang='lat' dir='ltr'><strong>Itaque</strong></span> <span class='ocrx_word' id='word_1_738' title='bbox 1749 5171 1964 5240; x_wconf 85' lang='lat' dir='ltr'><strong>quando</strong></span> 
     </span>
    </p>
   </div>
   <div class='ocr_carea' id='block_1_98' title="bbox 388 5251 1961 5331">
    <p class='ocr_par' dir='ltr' id='par_1_98' title="bbox 388 5251 1961 5331">
     <span class='ocr_line' id='line_1_98' title="bbox 388 5251 1961 5331; baseline 0.01 -26"><span class='ocrx_word' id='word_1_739' title='bbox 388 5251 562 5307; x_wconf 69' lang='lat' dir='ltr'><strong>iactus</strong></span> <span class='ocrx_word' id='word_1_740' title='bbox 581 5262 662 5308; x_wconf 87' lang='lat' dir='ltr'><strong>est</strong></span> <span class='ocrx_word' id='word_1_741' title='bbox 693 5253 876 5324; x_wconf 89' lang='lat' dir='ltr'><strong>homo,</strong></span> <span class='ocrx_word' id='word_1_742' title='bbox 911 5259 1248 5329; x_wconf 70' lang='lat' dir='ltr'><strong>seipsum&#39;ad</strong></span> <span class='ocrx_word' id='word_1_743' title='bbox 1285 5262 1425 5318; x_wconf 85' lang='lat' dir='ltr'><strong>bane</strong></span> <span class='ocrx_word' id='word_1_744' title='bbox 1452 5261 1808 5331; x_wconf 80' lang='lat' dir='ltr'><strong>dejectionem</strong></span> <span class='ocrx_word' id='word_1_745' title='bbox 1836 5265 1961 5320; x_wconf 86' lang='lat' dir='ltr'><strong>sob-</strong></span> 
     </span>
    </p>
   </div>
   <div class='ocr_carea' id='block_1_99' title="bbox 388 5341 1964 5418">
    <p class='ocr_par' dir='ltr' id='par_1_99' title="bbox 388 5341 1964 5418">
     <span class='ocr_line' id='line_1_99' title="bbox 388 5341 1964 5418; baseline 0.009 -24"><span class='ocrx_word' id='word_1_746' title='bbox 388 5341 644 5408; x_wconf 80' lang='lat' dir='ltr'><strong>mittens,</strong></span> <span class='ocrx_word' id='word_1_747' title='bbox 678 5353 807 5402; x_wconf 87' lang='lat' dir='ltr'><strong>tunc</strong></span> <span class='ocrx_word' id='word_1_748' title='bbox 843 5348 1007 5403; x_wconf 89' lang='lat' dir='ltr'><strong>etiam</strong></span> <span class='ocrx_word' id='word_1_749' title='bbox 1038 5364 1230 5408; x_wconf 86' lang='lat' dir='ltr'><strong>servus</strong></span> <span class='ocrx_word' id='word_1_750' title='bbox 1260 5349 1437 5406; x_wconf 88' lang='lat' dir='ltr'><strong>dictus</strong></span> <span class='ocrx_word' id='word_1_751' title='bbox 1475 5358 1580 5418; x_wconf 86' lang='lat' dir='ltr'><strong>est,</strong></span> <span class='ocrx_word' id='word_1_752' title='bbox 1614 5366 1738 5407; x_wconf 87' lang='lat' dir='ltr'><strong>cum</strong></span> <span class='ocrx_word' id='word_1_753' title='bbox 1787 5355 1964 5408; x_wconf 90' lang='lat' dir='ltr'><strong>servi-</strong></span> 
     </span>
    </p>
   </div>
   <div class='ocr_carea' id='block_1_100' title="bbox 387 5434 1960 5516">
    <p class='ocr_par' dir='ltr' id='par_1_100' title="bbox 387 5434 1960 5516">
     <span class='ocr_line' id='line_1_100' title="bbox 387 5434 1960 5516; baseline 0.008 -28"><span class='ocrx_word' id='word_1_754' title='bbox 387 5434 489 5491; x_wconf 89' lang='lat' dir='ltr'><strong>lem</strong></span> <span class='ocrx_word' id='word_1_755' title='bbox 525 5437 751 5495; x_wconf 78' lang='lat' dir='ltr'><strong>formam</strong></span> <span class='ocrx_word' id='word_1_756' title='bbox 779 5442 1118 5512; x_wconf 86' lang='lat' dir='ltr'><strong>sumpsisset.</strong></span> <span class='ocrx_word' id='word_1_757' title='bbox 1151 5441 1584 5511; x_wconf 82' lang='lat' dir='ltr'><strong>Sed,lutelliget,</strong></span> <span class='ocrx_word' id='word_1_758' title='bbox 1624 5444 1814 5516; x_wconf 89' lang='lat' dir='ltr'><strong>inquit,</strong></span> <span class='ocrx_word' id='word_1_759' title='bbox 1842 5462 1960 5516; x_wconf 88' lang='lat' dir='ltr'><strong>pro,</strong></span> 
     </span>
    </p>
   </div>
   <div class='ocr_carea' id='block_1_101' title="bbox 385 5525 1964 5604">
    <p class='ocr_par' dir='ltr' id='par_1_101' title="bbox 385 5525 1964 5604">
     <span class='ocr_line' id='line_1_101' title="bbox 385 5525 1964 5604; baseline 0.008 -24"><span class='ocrx_word' id='word_1_760' title='bbox 385 5525 574 5583; x_wconf 86' lang='lat' dir='ltr'><strong>Omnia</strong></span> <span class='ocrx_word' id='word_1_761' title='bbox 605 5545 728 5586; x_wconf 90' lang='lat' dir='ltr'><strong>cum</strong></span> <span class='ocrx_word' id='word_1_762' title='bbox 758 5533 1109 5604; x_wconf 88' lang='lat' dir='ltr'><strong>intelligentia</strong></span> <span class='ocrx_word' id='word_1_763' title='bbox 1132 5542 1186 5589; x_wconf 89' lang='lat' dir='ltr'><strong>et</strong></span> <span class='ocrx_word' id='word_1_764' title='bbox 1203 5534 1470 5603; x_wconf 88' lang='lat' dir='ltr'><strong>sapientia</strong></span> <span class='ocrx_word' id='word_1_765' title='bbox 1489 5536 1672 5592; x_wconf 80' lang='lat' dir='ltr'><strong>divina</strong></span> <span class='ocrx_word' id='word_1_766' title='bbox 1705 5547 1760 5594; x_wconf 91' lang='lat' dir='ltr'><strong>et</strong></span> <span class='ocrx_word' id='word_1_767' title='bbox 1802 5538 1964 5595; x_wconf 78' lang='lat' dir='ltr'><strong>faciet</strong></span> 
     </span>
    </p>
   </div>
   <div class='ocr_carea' id='block_1_102' title="bbox 2161 4449 3654 4523">
    <p class='ocr_par' dir='ltr' id='par_1_102' title="bbox 2161 4449 3654 4523">
     <span class='ocr_line' id='line_1_102' title="bbox 2161 4449 3654 4523; baseline 0.001 -20"><span class='ocrx_word' id='word_1_768' title='bbox 2161 4451 2488 4520; x_wconf 74' lang='grc' dir='ltr'>Ἀναφανδὸν</span> <span class='ocrx_word' id='word_1_769' title='bbox 2513 4451 2570 4503; x_wconf 82' lang='grc' dir='ltr'>ὲν</span> <span class='ocrx_word' id='word_1_770' title='bbox 2599 4449 2810 4514; x_wconf 81' lang='grc' dir='ltr'>τούτοις</span> <span class='ocrx_word' id='word_1_771' title='bbox 2828 4452 2954 4514; x_wconf 82' lang='grc' dir='ltr'>τοὺς</span> <span class='ocrx_word' id='word_1_772' title='bbox 2990 4452 3115 4522; x_wconf 75' lang='grc' dir='ltr'>περὶ</span> <span class='ocrx_word' id='word_1_773' title='bbox 3135 4450 3232 4505; x_wconf 77' lang='grc' dir='ltr'><strong>τοῦ</strong></span> <span class='ocrx_word' id='word_1_774' title='bbox 3265 4451 3479 4523; x_wconf 67' lang='grc' dir='ltr'>πάντων</span> <span class='ocrx_word' id='word_1_775' title='bbox 3501 4450 3654 4521; x_wconf 70' lang='grc' dir='ltr'>ἡμῶν</span> 
     </span>
    </p>
   </div>
   <div class='ocr_carea' id='block_1_103' title="bbox 2073 4541 3652 4614">
    <p class='ocr_par' dir='ltr' id='par_1_103' title="bbox 2073 4541 3652 4614">
     <span class='ocr_line' id='line_1_103' title="bbox 2073 4541 3652 4614; baseline 0.003 -20"><span class='ocrx_word' id='word_1_776' title='bbox 2073 4541 2324 4613; x_wconf 85' lang='grc' dir='ltr'>Σωτῆρος</span> <span class='ocrx_word' id='word_1_777' title='bbox 2366 4542 2603 4613; x_wconf 82' lang='grc' dir='ltr'>Χριστοῦ</span> <span class='ocrx_word' id='word_1_778' title='bbox 2633 4547 2865 4597; x_wconf 78' lang='grc' dir='ltr'>ποιεῖται</span> <span class='ocrx_word' id='word_1_779' title='bbox 2893 4543 3086 4613; x_wconf 83' lang='grc' dir='ltr'>λόγους</span> <span class='ocrx_word' id='word_1_780' title='bbox 3106 4546 3135 4598; x_wconf 95' lang='lat'><strong>6</strong></span> <span class='ocrx_word' id='word_1_781' title='bbox 3164 4543 3296 4606; x_wconf 81' lang='grc' dir='ltr'>Θεὸς</span> <span class='ocrx_word' id='word_1_782' title='bbox 3321 4543 3416 4596; x_wconf 75' lang='grc' dir='ltr'>καὶ</span> <span class='ocrx_word' id='word_1_783' title='bbox 3438 4543 3652 4614; x_wconf 77' lang='grc' dir='ltr'>Πατήρ.</span> 
     </span>
    </p>
   </div>
   <div class='ocr_carea' id='block_1_104' title="bbox 2082 4629 3652 4704">
    <p class='ocr_par' dir='ltr' id='par_1_104' title="bbox 2082 4629 3652 4704">
     <span class='ocr_line' id='line_1_104' title="bbox 2082 4629 3652 4704; baseline 0 -20"><span class='ocrx_word' id='word_1_784' title='bbox 2082 4631 2212 4686; x_wconf 76' lang='grc' dir='ltr'>Ἰδοὺ</span> <span class='ocrx_word' id='word_1_785' title='bbox 2239 4632 2350 4704; x_wconf 82' lang='grc' dir='ltr'><strong>γὰρ</strong></span> <span class='ocrx_word' id='word_1_786' title='bbox 2395 4633 2618 4704; x_wconf 81' lang='grc' dir='ltr'>συνήσει</span> <span class='ocrx_word' id='word_1_787' title='bbox 2660 4633 2689 4686; x_wconf 89' lang='lat'><strong>6</strong></span> <span class='ocrx_word' id='word_1_788' title='bbox 2730 4637 2864 4696; x_wconf 87' lang='grc' dir='ltr'>παῖς</span> <span class='ocrx_word' id='word_1_789' title='bbox 2902 4651 3025 4704; x_wconf 87' lang='grc' dir='ltr'>μου,</span> <span class='ocrx_word' id='word_1_790' title='bbox 3066 4633 3232 4703; x_wconf 70' lang='grc' dir='ltr'>φησί’</span> <span class='ocrx_word' id='word_1_791' title='bbox 3279 4631 3375 4683; x_wconf 74' lang='grc' dir='ltr'>καὶ</span> <span class='ocrx_word' id='word_1_792' title='bbox 3423 4629 3516 4683; x_wconf 80' lang='grc' dir='ltr'><strong>τὸν</strong></span> <span class='ocrx_word' id='word_1_793' title='bbox 3553 4630 3652 4699; x_wconf 74' lang='grc' dir='ltr'>μὲν</span> 
     </span>
    </p>
   </div>
   <div class='ocr_carea' id='block_1_105' title="bbox 2072 4720 3650 4796">
    <p class='ocr_par' dir='ltr' id='par_1_105' title="bbox 2072 4720 3650 4796">
     <span class='ocr_line' id='line_1_105' title="bbox 2072 4720 3650 4796; baseline 0 -22"><span class='ocrx_word' id='word_1_794' title='bbox 2072 4721 2237 4776; x_wconf 81' lang='grc' dir='ltr'>παῖδα</span> <span class='ocrx_word' id='word_1_795' title='bbox 2280 4723 2522 4791; x_wconf 81' lang='grc' dir='ltr'>νοήσεις,</span> <span class='ocrx_word' id='word_1_796' title='bbox 2558 4725 2650 4778; x_wconf 80' lang='grc' dir='ltr'>τὸν</span> <span class='ocrx_word' id='word_1_797' title='bbox 2678 4725 2837 4792; x_wconf 80' lang='grc' dir='ltr'>Υἱδν,</span> <span class='ocrx_word' id='word_1_798' title='bbox 2882 4725 3050 4796; x_wconf 72' lang='grc' dir='ltr'>ἧγουν</span> <span class='ocrx_word' id='word_1_799' title='bbox 3091 4723 3180 4776; x_wconf 80' lang='grc' dir='ltr'><strong>τὸν</strong></span> <span class='ocrx_word' id='word_1_800' title='bbox 3216 4720 3422 4774; x_wconf 81' lang='grc' dir='ltr'>δοῦλον.</span> <span class='ocrx_word' id='word_1_801' title='bbox 3453 4720 3650 4774; x_wconf 83' lang='grc' dir='ltr'>Ἔλαϐε</span> 
     </span>
    </p>
   </div>
   <div class='ocr_carea' id='block_1_106' title="bbox 2069 4811 3652 4888">
    <p class='ocr_par' dir='ltr' id='par_1_106' title="bbox 2069 4811 3652 4888">
     <span class='ocr_line' id='line_1_106' title="bbox 2069 4811 3652 4888; baseline -0.002 -22"><span class='ocrx_word' id='word_1_802' title='bbox 2069 4812 2180 4884; x_wconf 81' lang='grc' dir='ltr'>γὰρ</span> <span class='ocrx_word' id='word_1_803' title='bbox 2210 4813 2398 4868; x_wconf 83' lang='grc' dir='ltr'>δούλου</span> <span class='ocrx_word' id='word_1_804' title='bbox 2445 4815 2661 4888; x_wconf 75' lang='grc' dir='ltr'>μορφὴν</span> <span class='ocrx_word' id='word_1_805' title='bbox 2701 4817 2834 4877; x_wconf 79' lang='grc' dir='ltr'>Θεδς</span> <span class='ocrx_word' id='word_1_806' title='bbox 2878 4815 2953 4869; x_wconf 82' lang='grc' dir='ltr'><strong>ὢν</strong></span> <span class='ocrx_word' id='word_1_807' title='bbox 2994 4818 3023 4867; x_wconf 87' lang='lat'><strong>6</strong></span> <span class='ocrx_word' id='word_1_808' title='bbox 3069 4813 3266 4881; x_wconf 84' lang='grc' dir='ltr'>Λόγος,</span> <span class='ocrx_word' id='word_1_809' title='bbox 3307 4813 3401 4865; x_wconf 77' lang='grc' dir='ltr'><strong>καὶ</strong></span> <span class='ocrx_word' id='word_1_810' title='bbox 3448 4811 3652 4884; x_wconf 80' lang='grc' dir='ltr'>Κύριος</span> 
     </span>
    </p>
   </div>
   <div class='ocr_carea' id='block_1_107' title="bbox 2068 4903 3649 4977">
    <p class='ocr_par' dir='ltr' id='par_1_107' title="bbox 2068 4903 3649 4977">
     <span class='ocr_line' id='line_1_107' title="bbox 2068 4903 3649 4977; baseline -0.001 -19"><span class='ocrx_word' id='word_1_811' title='bbox 2068 4907 2286 4960; x_wconf 84' lang='grc' dir='ltr'>πάντων</span> <span class='ocrx_word' id='word_1_812' title='bbox 2337 4905 2434 4971; x_wconf 82' lang='grc' dir='ltr'>ὢν,</span> <span class='ocrx_word' id='word_1_813' title='bbox 2467 4910 2581 4972; x_wconf 74' lang='grc' dir='ltr'>τοῖς</span> <span class='ocrx_word' id='word_1_814' title='bbox 2632 4909 2733 4977; x_wconf 82' lang='grc' dir='ltr'>τῆς</span> <span class='ocrx_word' id='word_1_815' title='bbox 2780 4905 3196 4976; x_wconf 78' lang='grc' dir='ltr'>ἀνθρωπότητος</span> <span class='ocrx_word' id='word_1_816' title='bbox 3245 4903 3518 4976; x_wconf 71' lang='grc' dir='ltr'>ἐμϐέϐηκε</span> <span class='ocrx_word' id='word_1_817' title='bbox 3553 4905 3649 4976; x_wconf 85' lang='grc' dir='ltr'>μέ-</span> 
     </span>
    </p>
   </div>
   <div class='ocr_carea' id='block_1_108' title="bbox 2063 4991 3648 5068">
    <p class='ocr_par' dir='ltr' id='par_1_108' title="bbox 2063 4991 3648 5068">
     <span class='ocr_line' id='line_1_108' title="bbox 2063 4991 3648 5068; baseline 0.001 -20"><span class='ocrx_word' id='word_1_818' title='bbox 2063 5010 2232 5066; x_wconf 88' lang='grc' dir='ltr'>τροις.</span> <span class='ocrx_word' id='word_1_819' title='bbox 2265 5018 2290 5062; x_wconf 76' lang='grc' dir='ltr'><strong>,ι</strong></span> <span class='ocrx_word' id='word_1_820' title='bbox 2332 4997 2406 5051; x_wconf 86' lang='grc' dir='ltr'><strong>Οὐ</strong></span> <span class='ocrx_word' id='word_1_821' title='bbox 2456 4997 2566 5068; x_wconf 87' lang='grc' dir='ltr'>γὰρ</span> <span class='ocrx_word' id='word_1_822' title='bbox 2619 4996 2912 5068; x_wconf 80' lang='grc' dir='ltr'>ἁρπαγμὸν</span> <span class='ocrx_word' id='word_1_823' title='bbox 2976 4997 3218 5068; x_wconf 74' lang='grc' dir='ltr'>ἡγήσατο</span> <span class='ocrx_word' id='word_1_824' title='bbox 3260 4995 3322 5049; x_wconf 81' lang='grc' dir='ltr'>τὸ</span> <span class='ocrx_word' id='word_1_825' title='bbox 3368 4991 3508 5050; x_wconf 78' lang='grc' dir='ltr'>εἶναι</span> <span class='ocrx_word' id='word_1_826' title='bbox 3559 4997 3648 5050; x_wconf 76' lang='grc' dir='ltr'>ἴσα</span> 
     </span>
    </p>
   </div>
   <div class='ocr_carea' id='block_1_109' title="bbox 2064 5085 3646 5159">
    <p class='ocr_par' dir='ltr' id='par_1_109' title="bbox 2064 5085 3646 5159">
     <span class='ocr_line' id='line_1_109' title="bbox 2064 5085 3646 5159; baseline 0 -20"><span class='ocrx_word' id='word_1_827' title='bbox 2064 5086 2203 5156; x_wconf 84' lang='grc' dir='ltr'>Θεῷ,</span> <span class='ocrx_word' id='word_1_828' title='bbox 2239 5087 2354 5140; x_wconf 81' lang='grc' dir='ltr'>ἀλλ’</span> <span class='ocrx_word' id='word_1_829' title='bbox 2391 5088 2583 5141; x_wconf 82' lang='grc' dir='ltr'>ἑαυτὸν</span> <span class='ocrx_word' id='word_1_830' title='bbox 2614 5088 2882 5140; x_wconf 77' lang='grc' dir='ltr'>ἐκένωσεν</span> <span class='ocrx_word' id='word_1_831' title='bbox 2909 5089 2968 5140; x_wconf 81' lang='grc' dir='ltr'>ὲν</span> <span class='ocrx_word' id='word_1_832' title='bbox 2997 5085 3304 5157; x_wconf 87' lang='grc' dir='ltr'>ὁμοιώματι</span> <span class='ocrx_word' id='word_1_833' title='bbox 3343 5086 3646 5159; x_wconf 81' lang='grc' dir='ltr'>ἀνθρώπων</span> 
     </span>
    </p>
   </div>
   <div class='ocr_carea' id='block_1_110' title="bbox 2068 5179 3646 5252">
    <p class='ocr_par' dir='ltr' id='par_1_110' title="bbox 2068 5179 3646 5252">
     <span class='ocr_line' id='line_1_110' title="bbox 2068 5179 3646 5252; baseline 0.001 -20"><span class='ocrx_word' id='word_1_834' title='bbox 2068 5179 2381 5248; x_wconf 87' lang='grc' dir='ltr'>γενόμενος,</span> <span class='ocrx_word' id='word_1_835' title='bbox 2406 5180 2502 5232; x_wconf 81' lang='grc' dir='ltr'>καὶ</span> <span class='ocrx_word' id='word_1_836' title='bbox 2551 5180 2792 5250; x_wconf 81' lang='grc' dir='ltr'>σχήματι</span> <span class='ocrx_word' id='word_1_837' title='bbox 2823 5179 3068 5251; x_wconf 73' lang='grc' dir='ltr'>εὑρεθεὶς</span> <span class='ocrx_word' id='word_1_838' title='bbox 3103 5179 3178 5243; x_wconf 84' lang='grc' dir='ltr'><strong>ὡς</strong></span> <span class='ocrx_word' id='word_1_839' title='bbox 3209 5179 3494 5252; x_wconf 72' lang='grc' dir='ltr'>ἄνθρωπος</span> <span class='ocrx_word' id='word_1_840' title='bbox 3522 5183 3646 5234; x_wconf 81' lang='grc' dir='ltr'>ἐτα-</span> 
     </span>
    </p>
   </div>
   <div class='ocr_carea' id='block_1_111' title="bbox 2067 5269 3646 5342">
    <p class='ocr_par' dir='ltr' id='par_1_111' title="bbox 2067 5269 3646 5342">
     <span class='ocr_line' id='line_1_111' title="bbox 2067 5269 3646 5342; baseline 0.002 -21"><span class='ocrx_word' id='word_1_841' title='bbox 2067 5269 2329 5323; x_wconf 87' lang='grc' dir='ltr'>πείνωσεν</span> <span class='ocrx_word' id='word_1_842' title='bbox 2372 5269 2583 5324; x_wconf 79' lang='grc' dir='ltr'>ἑαυτόν.</span> <span class='ocrx_word' id='word_1_843' title='bbox 2618 5288 2638 5322; x_wconf 80' lang='lat' dir='ltr'><strong>s</strong></span> <span class='ocrx_word' id='word_1_844' title='bbox 2673 5269 2917 5336; x_wconf 82' lang='grc' dir='ltr'>Οὐκοῦν,</span> <span class='ocrx_word' id='word_1_845' title='bbox 2969 5271 3060 5325; x_wconf 82' lang='grc' dir='ltr'>ὅτε</span> <span class='ocrx_word' id='word_1_846' title='bbox 3103 5271 3324 5340; x_wconf 89' lang='grc' dir='ltr'>γέγονεν</span> <span class='ocrx_word' id='word_1_847' title='bbox 3360 5271 3646 5342; x_wconf 75' lang='grc' dir='ltr'>ἄνθρωπος</span> 
     </span>
    </p>
   </div>
   <div class='ocr_carea' id='block_1_112' title="bbox 2067 5359 3646 5426">
    <p class='ocr_par' dir='ltr' id='par_1_112' title="bbox 2067 5359 3646 5426">
     <span class='ocr_line' id='line_1_112' title="bbox 2067 5359 3646 5426; baseline 0.001 -14"><span class='ocrx_word' id='word_1_848' title='bbox 2067 5359 2257 5423; x_wconf 74' lang='grc' dir='ltr'>καθεὶς</span> <span class='ocrx_word' id='word_1_849' title='bbox 2298 5361 2491 5415; x_wconf 75' lang='grc' dir='ltr'>ἑαυτὸν</span> <span class='ocrx_word' id='word_1_850' title='bbox 2528 5362 2608 5426; x_wconf 75' lang='grc' dir='ltr'><strong>τίς</strong></span> <span class='ocrx_word' id='word_1_851' title='bbox 2640 5362 2993 5426; x_wconf 86' lang='grc' dir='ltr'>ταπείνωσιν,</span> <span class='ocrx_word' id='word_1_852' title='bbox 3033 5363 3153 5417; x_wconf 88' lang='grc' dir='ltr'>τότε</span> <span class='ocrx_word' id='word_1_853' title='bbox 3188 5363 3284 5416; x_wconf 79' lang='grc' dir='ltr'><strong>καὶ</strong></span> <span class='ocrx_word' id='word_1_854' title='bbox 3322 5361 3507 5424; x_wconf 84' lang='grc' dir='ltr'>δοῦλος</span> <span class='ocrx_word' id='word_1_855' title='bbox 3553 5362 3646 5414; x_wconf 84' lang='grc' dir='ltr'>ἁν-</span> 
     </span>
    </p>
   </div>
   <div class='ocr_carea' id='block_1_113' title="bbox 2065 5449 3644 5531">
    <p class='ocr_par' dir='ltr' id='par_1_113' title="bbox 2065 5449 3644 5531">
     <span class='ocr_line' id='line_1_113' title="bbox 2065 5449 3644 5531; baseline -0.001 -24"><span class='ocrx_word' id='word_1_856' title='bbox 2065 5449 2346 5521; x_wconf 82' lang='grc' dir='ltr'>εγκλήτως</span> <span class='ocrx_word' id='word_1_857' title='bbox 2383 5451 2700 5524; x_wconf 84' lang='grc' dir='ltr'>ὠνόμασται</span> <span class='ocrx_word' id='word_1_858' title='bbox 2732 5453 2792 5507; x_wconf 79' lang='grc' dir='ltr'><strong>τὸ</strong></span> <span class='ocrx_word' id='word_1_859' title='bbox 2819 5455 2918 5525; x_wconf 83' lang='grc' dir='ltr'>τῆς</span> <span class='ocrx_word' id='word_1_860' title='bbox 2947 5453 3192 5531; x_wconf 80' lang='grc' dir='ltr'>δουλείας</span> <span class='ocrx_word' id='word_1_861' title='bbox 3228 5453 3410 5523; x_wconf 80' lang='grc' dir='ltr'>σχῆμα</span> <span class='ocrx_word' id='word_1_862' title='bbox 3443 5449 3644 5505; x_wconf 81' lang='grc' dir='ltr'>λαϐὼν.</span> 
     </span>
    </p>
   </div>
   <div class='ocr_carea' id='block_1_114' title="bbox 2077 5539 3642 5625">
    <p class='ocr_par' dir='ltr' id='par_1_114' title="bbox 2077 5539 3642 5625">
     <span class='ocr_line' id='line_1_114' title="bbox 2077 5539 3642 5625; baseline -0.003 -31"><span class='ocrx_word' id='word_1_863' title='bbox 2077 5539 2254 5608; x_wconf 68' lang='grc' dir='ltr'>Ἀλλὰ,</span> <span class='ocrx_word' id='word_1_864' title='bbox 2289 5543 2537 5617; x_wconf 80' lang='grc' dir='ltr'>Συνήσει,</span> <span class='ocrx_word' id='word_1_865' title='bbox 2566 5546 2753 5625; x_wconf 76' lang='grc' dir='ltr'>φησὶν,</span> <span class='ocrx_word' id='word_1_866' title='bbox 2782 5547 2914 5624; x_wconf 12' lang='grc' dir='ltr'>’ἀντὶ</span> <span class='ocrx_word' id='word_1_867' title='bbox 2950 5543 3068 5614; x_wconf 82' lang='grc' dir='ltr'>τοῦ,</span> <span class='ocrx_word' id='word_1_868' title='bbox 3103 5545 3288 5600; x_wconf 75' lang='grc' dir='ltr'>Πάντα</span> <span class='ocrx_word' id='word_1_869' title='bbox 3340 5540 3479 5613; x_wconf 78' lang='grc' dir='ltr'>μετὰ</span> <span class='ocrx_word' id='word_1_870' title='bbox 3513 5557 3642 5593; x_wconf 71' lang='lat' dir='ltr'><strong>eav-</strong></span> 
     </span>
    </p>
   </div>
   <div class='ocr_carea' id='block_1_115' title="bbox 457 5680 2069 5787">
    <p class='ocr_par' dir='ltr' id='par_1_115' title="bbox 457 5680 2069 5787">
     <span class='ocr_line' id='line_1_115' title="bbox 457 5680 2069 5787; baseline 0.012 -34"><span class='ocrx_word' id='word_1_871' title='bbox 457 5697 525 5729; x_wconf 64' lang='grc' dir='ltr'><strong>*θ’</strong></span> <span class='ocrx_word' id='word_1_872' title='bbox 557 5701 676 5757; x_wconf 62' lang='grc' dir='ltr'>σει.</span> <span class='ocrx_word' id='word_1_873' title='bbox 708 5707 928 5770; x_wconf 77' lang='grc' dir='ltr'>ιιι,1-3.</span> <span class='ocrx_word' id='word_1_874' title='bbox 1010 5710 1048 5740; x_wconf 63' lang='grc' dir='ltr'><strong>ιι</strong></span> <span class='ocrx_word' id='word_1_875' title='bbox 1077 5706 1210 5779; x_wconf 81' lang='lat' dir='ltr'><strong>Eph.</strong></span> <span class='ocrx_word' id='word_1_876' title='bbox 1240 5713 1426 5775; x_wconf 80' lang='grc' dir='ltr'>νι.ιι.</span> <span class='ocrx_word' id='word_1_877' title='bbox 1503 5680 1810 5787; x_wconf 75' lang='lat' dir='ltr'><strong>“Philipp.</strong></span> <span class='ocrx_word' id='word_1_878' title='bbox 1840 5732 1906 5785; x_wconf 82' lang='grc' dir='ltr'><strong>ιι,</strong></span> <span class='ocrx_word' id='word_1_879' title='bbox 1935 5719 1990 5784; x_wconf 82' lang='grc'>6,</span> <span class='ocrx_word' id='word_1_880' title='bbox 2018 5719 2069 5772; x_wconf 86' lang='lat'><strong>7.</strong></span> 
     </span>
    </p>
   </div>
  </div>
