4100 6496
454 412 632 474 ιιοιι·

1591 417 1656 470 ΙΝ
1698 417 1933 473 ISAIAM
1977 417 2117 472 LIB:
2158 418 2218 476 V.
2263 418 2500 476 TUMUS
2543 422 2592 476 L-

3605 433 3747 489 H7O

445 539 734 608 γείλαμεν,
769 541 864 591 καὶ
903 536 1191 608 μονονουχὶ
1223 536 1718 610 διεμαρτυράμεθα
1775 539 2043 607 λέγοντες,

2156 557 2402 610 campus,
2433 542 2484 595 id
2515 551 2620 607 est,
2649 556 2804 610 quasr
2840 557 2966 612 ager
3014 540 3241 599 floridus
3285 554 3341 599 et
3373 544 3632 616 frugifer:
3664 551 3745 603 vel

445 635 530 688 ὅτι
570 631 842 703 Ἑσόμεθα
871 630 1116 686 ἐναντίον
1165 630 1334 684 αὐτοῦ
1371 631 1449 695 ὡς
1496 629 1702 698 πεδίον,
1741 634 2042 698 τουτέστιν,

442 725 522 788 ὠς
555 723 726 796 ἀγρὸς
767 723 1003 793 εὐανθὴς
1037 722 1133 776 καὶ
1185 723 1557 796 καρποφόρος,
1592 725 1626 795 ἢ
1669 725 1765 780 κα)⁵
1813 725 1889 790 ὡς
1922 724 2047 796 ῥίζα

444 819 504 871 ἐν
536 819 608 888 γῇ
638 815 873 888 διψώσῃ,
923 815 1244 885 ἀρδεύοντος
1281 816 1432 886 ἡμᾶς
1469 815 1715 887 δηλονότι
1759 816 1926 881 θείοις
1987 818 2046 870 τε

446 906 542 960 καὶ
576 906 914 977 ἀπορρήτοις
939 904 1118 973 λόγοις
1154 903 1248 958 τοῦ
1287 905 1650 975 Μονογενοῦς,
1683 909 1740 960 ὲν
1844 907 2047 971 πάντες

445 999 587 1054 εἰσιν
607 1000 656 1051 oi
675 997 944 1070 θησαυροὶ
963 999 1062 1069 τῆς
1079 997 1275 1067 σοφίας
1305 999 1400 1052 καὶ⁴
1436 997 1691 1068 γνώσεως
1709 1000 2044 1071 ἀπόκρυφοι.

445 1089 627 1144 Πάλαι
665 1090 765 1160 μὲν
796 1089 906 1162 γὰρ
935 1090 969 1160 ἡ
1003 1088 1268 1162 σύμπασα
1298 1091 1392 1160 γῆ,
1433 1089 1575 1163 ξηρά
1612 1107 1696 1155 τις
1729 1090 1921 1164 ὥσπερ
1950 1093 2048 1146 καὶ

445 1182 700 1252 ὼιαρπος
713 1175 802 1252 ἦν,
828 1180 924 1234 καὶ
946 1174 1059 1234 οἷον
1081 1179 1291 1250 διψῶσα
1311 1180 1403 1250 γῆ,
1428 1181 1521 1234 καὶ
1537 1182 1786 1252 καρποὺς
1805 1182 2048 1254 ἡμέρους

450 1271 598 1344 [οὐκ]
625 1271 846 1342 ἔχουσα.
893 1271 1113 1343 Ἐπειδὴ
1145 1271 1202 1326 δὲ
1231 1272 1322 1326 τὸν
1351 1271 1502 1344 παρὰ
1532 1271 1772 1342 Χριστοῦ
1801 1273 2045 1326 πεπλού-

446 1381 616 1435 τηκεν
648 1363 827 1428 ὑετὸν,
874 1364 1248 1434 πνευματικὸν
1276 1364 1541 1436 δηλονότι,
1585 1365 1686 1418 καὶ·
1700 1364 1798 1436 τὴν
1827 1365 1915 1419 διὰ
1953 1364 2046 1419 τοῦ

449 1455 606 1523 ἁγίου
645 1455 965 1526 Πνεύ-ματος
1001 1457 1292 1528 χορηγίαν,
1333 1455 1753 1529 ἀνεθάλ[λ]ομεν
1781 1457 1859 1521 ὡς
1894 1456 2046 1527 ῥίζα,

446 1547 731 1602 τουτέστιν
787 1548 864 1612 ὡς
911 1547 1112 1620 βοτάνη
1163 1567 1224 1603 τε
1277 1550 1418 1622 καλὴ
1490 1551 1584 1604 καὶ
1619 1551 1872 1622 εὐανθής.
1934 1550 2048 1604 Καὶ

448 1640 580 1710 γοῦν
645 1641 750 1714 ἔφη
803 1659 890 1705 τις
939 1642 1078 1714 πρὸς
1121 1643 1270 1713 ἡμᾶς
1323 1642 1432 1696 τῶν
1498 1643 1669 1710 ἁγίων
1729 1644 2044 1715 προφητῶνο

455 1753 473 1785 ι
507 1735 618 1788 Καὶ
647 1733 1014 1807 μακαριοῦσω
1043 1735 1189 1805 ὑμᾶς
1209 1735 1390 1789 πάντα
1409 1735 1479 1788 τὰ
1510 1733 1662 1806 ἔθνη,
1689 1735 1824 1789 διότι
1854 1735 2046 1790 ἔσεσθε

448 1824 608 1894 ὑμεῖς
635 1825 709 1896 γῆ
748 1825 969 1897 θελητὴ,
1011 1824 1163 1894 λέγει
1189 1825 1395 1896 Κύριος
1423 1825 1845 1899 παντοκράτωρ.
1877 1847 1895 1879 ι
1941 1828 2047 1881 Θε-

445 1914 615 1988 λητὴν
660 1917 718 1971 δὲ
770 1917 923 1988 λέγει
975 1918 1076 1989 τὴν
1129 1916 1410 1990 εὔκαρπον
1476 1918 1570 1972 καὶ
1637 1920 2042 1992 γονιμωτάτην·

2150 632 2317 686 etiam
2352 642 2412 685 ut
2439 633 2590 686 radix
2619 633 2670 686 in
2709 643 2851 688 terra
2884 634 3128 697 sitiente,
3165 635 3431 707 irrigante
3469 655 3567 693 nos
3599 641 3748 695 scili-

2149 732 2237 778 cet
2268 722 2465 777 divinis
2499 734 2555 777 et
2591 726 2808 781 arcanis
2834 728 3179 782 sermonibus
3209 727 3522 798 Unigenito,
3555 731 3608 783 in
3641 746 3750 800 quo

2149 831 2342 871 onmes
2364 816 2605 871 thesauri
2629 819 2910 886 sapientia:
2932 830 2986 874 et
3011 819 3338 889 cognitionis
3366 831 3492 875 sunt
3512 821 3749 876 abscon-

2152 905 2274 961 diti.
2305 905 2445 962 Olim
2479 909 2624 963 enim
2657 910 2839 964 omnis
2865 919 3034 977 terra,
3070 912 3221 966 arida
3268 914 3538 984 quapiam
3571 925 3622 968 et
3664 915 3747 969 in-

2151 998 2429 1055 fructuosa
2460 1001 2605 1056 velut
2635 1010 2778 1058 terra
2822 1003 2943 1066 fuit.
2969 1015 3026 1059 et
3055 1005 3215 1074 quasi
3245 1007 3458 1072 sitiens,
3523 1018 3578 1062 et
3628 1007 3745 1062 fru-

2150 1097 2272 1144 ctus
2295 1089 2497 1145 sativos
2530 1107 2635 1146 non
2660 1091 2885 1148 habens.
2915 1093 3020 1148 Sed
3052 1094 3142 1148 ubi
3171 1093 3344 1150 ditata
3372 1104 3459 1150 est
3483 1096 3748 1152 aCln-isto

2153 1181 2352 1248 imbre,
2381 1182 2654 1251 spirituali
2689 1182 2965 1252 videlicet,
2993 1195 3049 1241 et
3084 1186 3260 1242 sancti
3300 1186 3538 1256 Spiritus
3561 1187 3747 1243 subsi-

2151 1272 2275 1337 dio,
2312 1274 2463 1343 quasi
2527 1274 2686 1329 radix
2743 1273 3112 1342 reﬂoruimus,
3140 1277 3191 1332 id
3219 1287 3326 1342 est,
3363 1278 3518 1347 quasi
3574 1279 3744 1334 herba

2150 1365 2377 1436 pulchra
2429 1375 2484 1420 et
2533 1364 2745 1420 ﬂorida.
2779 1363 3065 1436 Siquidem
3116 1367 3255 1422 dixit
3308 1369 3474 1423 etiam
3529 1369 3688 1424 nobis
3718 1383 3750 1424 e

2150 1457 2356 1512 sanctis
2396 1457 2678 1528 prophetis
2703 1459 3009 1528 quispiam:
3051 1477 3070 1510 ι
3099 1457 3166 1512 Ει
3197 1459 3386 1515 beatos
3435 1475 3533 1514 vos
3566 1459 3751 1514 dicent

2150 1562 2339 1603 omnes
2357 1555 2545 1618 gentes
2569 1563 2584 1614 ;
2611 1558 2901 1618 pr0pterea
2933 1548 3090 1604 eritis
3121 1565 3218 1605 vos
3249 1561 3390 1604 terra
3423 1561 3750 1622 spontanea,

2151 1638 2284 1694 dicit
2342 1637 2604 1694 Dominus
2651 1640 3002 1710 omnipotens
3022 1639 3089 1694 ⁸⁸.
3119 1661 3140 1694 ι
3183 1642 3552 1712 Spontaneam
3596 1653 3750 1698 vocat

2151 1729 2486 1785 fructuosam
2540 1741 2598 1784 et
2655 1727 3091 1793 feracissimam:
3126 1740 3278 1802 grata
3321 1733 3470 1788 enim
3502 1731 3593 1786 illa
3648 1731 3749 1807 fuit

2152 1823 2428 1892 agricolis.
2464 1823 2620 1888 Quod
2673 1832 2856 1878 autem
2914 1824 3136 1893 spinosa
3170 1825 3445 1894 quondam
3498 1835 3551 1878 et
3593 1823 3748 1878 arida

2154 1925 2208 1970 et
2260 1931 2400 1986 aqua
2433 1930 2632 1971 carens
2689 1924 2843 1970 terra.
2897 1916 3093 1971 abierit
3118 1917 3172 1971 in
3207 1926 3412 1972 terram
3471 1917 3748 1972 feracissi-

447 2007 705 2076 ἀσπαστὴ
737 2008 847 2082 γὰρ
879 2008 1020 2080 αὕτη
1049 2009 1332 2079 γηπόνοις.
1365 2009 1488 2062 Ὅτι
1510 2009 1568 2062 δὲ
1604 2012 1637 2080 ἡ
1683 2009 2043 2075 ἀκανθοτόκος

2157 2022 2323 2071 mam,
2358 2007 2431 2061 ita
2458 2015 2519 2062 ut
2541 2005 2698 2062 dives
2717 2005 2863 2060 facta
2888 2005 3063 2061 .fuerit
3084 2007 3354 2077 spirituali
3385 2006 3747 2074 fecunditate,

447 2099 578 2151 ποτε
631 2098 773 2169 ξηρά
815 2117 876 2152 τε
935 2101 1030 2154 καὶ
1074 2101 1302 2171 ἄνυδρος
1349 2100 1418 2170 γῆ
1464 2101 1940 2172 μεταπεφοίτηκεν
1966 2103 2046 2166 είς

446 2191 850 2262 γονιμωτάτην,
886 2193 980 2245 καὶ
1027 2193 1107 2255 είς
1144 2192 1206 2245 τὸ
1242 2191 1504 2245 δύνασθαι
1551 2190 1801 2246 πλουτεῖν
1834 2193 2043 2263 εὐκαρρ

446 2283 601 2346 πίαις
629 2286 751 2348 ταῖς
785 2287 1204 2356 πνευματικαῖς,
1239 2285 1493 2354 σαφηνιεῖ
1514 2271 1690 2353 λέγων
1722 2285 1750 2335 6
1777 2283 1887 2338 τῶν
1907 2284 2046 2339 ὅλων

444 2376 575 2441 Θεὸς
614 2376 705 2430 διὰ
735 2378 922 2446 φωνῆς
961 2376 1217 2430 Ἡσαΐουο
1252 2377 1393 2430 (Καὶ
1419 2375 1594 2442 ἔσται,
1624 2376 1746 2429 ἀντὶ
1770 2376 1873 2446 τῆς
1902 2393 2046 2430 στοι-

445 2469 547 2539 ϐῆς
596 2469 931 2540 ἀναϐήσεται
987 2471 1353 2542 κυπάρισσος,
1393 2470 1516 2525 ἀντὶ
1566 2470 1624 2523 δὲ
1665 2471 1764 2540 τῆς
1811 2470 2044 2540 κονύζης

443 2559 781 2629 ἀναϐήσεται
816 2559 1072 2632 μυρσίνη.
1089 2579 1107 2612 ι
1130 2561 1263 2632 Εἴδη
1291 2560 1391 2632 μὲν
1412 2560 1523 2632 γάρ
1548 2559 1823 2624 ἀκανθῶν,
1853 2560 2040 2631 στοιϐή

441 2668 503 2703 τε
533 2649 1332 2724 καὶ-κόνυζα,τρέφειδὲ’-αύτὰ
1344 2654 1430 2712 ἀεί
1457 2654 1624 2724 πωςὴ
1651 2653 1847 2724 χέρσος
1864 2670 1924 2706 τε
1949 2653 2043 2706 καὶ

441 2741 671 2812 ἄνυδρος
691 2745 786 2814 γῆ·
810 2743 1046 2816 μυρσίνη
1080 2744 1138 2798 δὲ
1162 2745 1254 2799 καὶ
1277 2746 1619 2817 κυπάρισσος
1644 2747 2044 2818 διαπρέπουσιν

443 2836 501 2886 ὲν
526 2836 746 2905 κήποις.
788 2835 1170 2908 Ἑξῃρημένης
1207 2838 1388 2892 τοίνυν
1409 2837 1678 2910 ἀκάνθης,
1707 2839 1892 2909 φησιν,
1920 2839 2044 2891 ἁνα-

443 2926 740 2998 6).αστήσει
802 2927 988 2982 λοιπὸν
1027 2929 1093 2982 τά
1133 2929 1482 3000 εὐοσμότατα
1513 2929 1620 2983 τῶν
1650 2930 1854 3000 φυτῶν,
1909 2931 2039 2984 ὅταν

444 3021 474 3086 ἡ
498 3017 658 3087 διψάς
685 3018 779 3090 [aL
805 3019 1042 3094 διψῶσαι
1069 3020 1285 3094 ἔνυδρος
1314 3022 1561 3092 γένηται,
1587 3021 1724 3076 Θεοῦ
1770 3022 2038 3092 λέγοντος,

441 3112 525 3164 ὅτι
558 3113 780 3182 Ποιήσω
807 3114 908 3186 τὴν
936 3114 1143 3187 ἔρημον
1170 3117 1248 3174 είς
1273 3115 1392 3186 ἕλη,
1418 3115 1514 3170 καὶ
1539 3115 1637 3187 τὴν
1661 3115 2040 3186 διψῶσανθγῆν

442 3205 501 3256 ἐν
526 3205 896 3276 ὑδραγωγοῖς.
937 3207 1103 3279 Θήσω
1151 3210 1232 3272 εἰς
1265 3209 1365 3280 τὴν
1394 3208 1622 3275 ἄνυδρον
1670 3209 1776 3280 γῆν
1825 3208 2036 3279 κέδρον,
2069 3249 2113 3307 c

444 3297 539 3349 καὶ
572 3296 762 3362 πύξον,
796 3299 891 3352 καὶ
936 3299 1225 3371 μυρσίνην,
1272 3301 1366 3354 καλ⁵
1407 3302 1772 3372 κυπάρισσον,
1806 3301 1898 3355 καὶ
1924 3300 2045 3354 λεύ-

445 3404 568 3458 κην.
629 3389 843 3444 Οὐκοῦν
882 3391 1312 3462 ἁνηγγείιλαμεν,
1372 3391 1453 3444 ὅτι
1516 3392 1907 3456 πιστεύσαντες
1962 3393 2042 3454 είς

2155 2097 2453 2152 declarabit
2505 2097 2696 2152 dicens
2753 2096 3133 2152 universorum
3196 2097 3338 2153 Deus
3382 2113 3518 2153 voce
3553 2098 3748 2155 Isaia:

2161 2209 2180 2242 ι
2209 2189 2277 2244 Et
2308 2191 2433 2256 erit,
2464 2203 2566 2259 pro
2599 2189 2776 2246 stosha
2809 2197 3024 2246 crescet
3068 2192 3403 2262 cyparissus,
3443 2199 3498 2245 et
3531 2205 3631 2260 pro
3659 2205 3748 2248 co-

2154 2296 2294 2352 nyza
2346 2289 2562 2337 crescet
2623 2290 2835 2352 myrtus
2857 2281 2926 2336 ".
2959 2298 2980 2334 ι
3032 2280 3218 2337 Stmba
3277 2282 3422 2337 enim
3460 2294 3516 2338 et
3543 2297 3749 2354 couyza

2152 2367 2280 2429 sunt
2301 2388 2368 2428 er.
2402 2387 2605 2444 genere
2633 2374 2942 2443 spinarum,
2973 2381 3028 2429 et
3051 2389 3270 2444 semper
3307 2390 3370 2430 ea
3408 2377 3581 2430 nutrit
3607 2386 3749 2431 terra

2153 2465 2358 2521 inculta
2385 2473 2440 2521 et
2483 2465 2804 2521 siticulosa:
2835 2474 2890 2519 at
2949 2475 3176 2536 myrtus'
3211 2476 3265 2522 et
3320 2469 3640 2538 cyparissus
3693 2468 3747 2522 in

2152 2557 2326 2612 hortis
2389 2557 2684 2612 excellunt.
2736 2557 3047 2627 Exstirpata
3103 2573 3253 2627 ergo,
3312 2559 3512 2628 inquit,
3571 2561 3748 2628 spina,

2151 2648 2554 2704 odoratissima:
2610 2650 2808 2704 deinde
2839 2650 3038 2718 plantae
3077 2650 3453 2714 reﬂorescent,
3489 2662 3633 2705 terra
3671 2653 3744 2705 si-

2154 2742 2291 2799 tiens
2325 2741 2378 2795 in
2410 2756 2668 2809 aquosam
2719 2751 2980 2809 vertetur,
3026 2742 3134 2798 Deo
3184 2743 3440 2800 dicente:
3476 2761 3494 2794 ι
3531 2742 3748 2799 Vet'latn

2151 2835 2430 2892 desertum
2461 2833 2514 2886 in
2540 2833 2754 2900 latices,
2787 2842 2840 2888 et
2892 2833 3171 2889 sitientem
3228 2844 3431 2889 terram
3469 2837 3522 2890 in
3564 2835 3747 2904 aqua:-

2150 2928 2364 2981 ductus.
2429 2925 2632 2980 Ponant
2670 2927 2722 2980 iu
2766 2935 2910 2981 terra
2965 2927 3123 2996 aquis
3153 2937 3376 2982 careute
3411 2929 3661 2991 cedrum,
3699 2939 3747 2979 ρι
3784 2977 3788 2981 .

2150 3019 2375 3084 buxum,
2416 3026 2470 3073 et
2519 3027 2778 3090 myrtum,
2831 3019 3171 3088 cyparissum
3207 3029 3264 3075 et
3288 3021 3545 3088 populqu
3577 3019 3644 3060 ’δι’
3685 3039 3752 3094 οι⁴

2148 3109 2607 3164 Annuntiavitnus
2643 3110 2827 3180 itaque
2856 3111 3144 3168 credentes
3176 3111 3227 3164 in
3261 3111 3436 3181 ipsum
3467 3109 3757 3165 Christum

2151 3201 2265 3257 fore
2296 3201 2348 3255 in
2379 3210 2674 3271 conspectu
2700 3202 2980 3272 ipsius,“
3011 3212 3112 3265 est,
3138 3202 3207 3258 ab
3234 3217 3303 3257 eo
3326 3203 3755 3271 conspiciemur,

2147 3294 2302 3364 quasi
2335 3294 2756 3362 campus,quasi
2789 3295 2964 3357 radix,
3001 3294 3053 3348 id
3086 3303 3190 3358 est,
3224 3303 3283 3348 ut
3314 3294 3483 3348 herba
3512 3293 3566 3347 in
3603 3303 3746 3347 terra

2146 3385 2470 3457 quandoque
2499 3385 2738 3448 sitiente,
2771 3400 2887 3453 qua:
2911 3386 3076 3440 abeo
3109 3385 3252 3439 facta
3273 3392 3360 3440 est
3385 3381 3614 3453 aquosa.

441 3479 606 3535 αὐτὸν
628 3481 721 3535 τὸν
745 3483 1002 3555 Χριστὸν,
1023 3484 1263 3554 ἐσόμεθα
1287 3483 1530 3537 ἐναντίον
1550 3483 1739 3550 αὑτοῦ,
1762 3485 2062 3548 τουτέστιν,
2103 3479 2442 3552 ὲφορώμενοι
2482 3477 2612 3548 παρ’
2665 3469 2857 3544 αὑτοῦ,
2889 3477 2968 3541 ὡς
3008 3477 3228 3550 πεδίονι
3259 3477 3337 3542 ὡς
3389 3479 3536 3550 ῥέξει,
3591 3495 3745 3532 τουτ’

441 3575 592 3629 ἐστιν
647 3576 724 3640 ὼς
765 3577 962 3648 βοτάνη
1011 3579 1068 3631 ὲν
1109 3579 1180 3649 γῇ
1231 3594 1361 3631 ποτε
1410 3577 1648 3650 διψώσῃ,
1707 3580 1917 3651 ἐνύδρῳ
1965 3597 2029 3649 γε
2073 3579 2180 3651 μὴν
2208 3577 2333 3648 παρ’
2369 3571 2535 3627 αὑτοῦ
2562 3572 2859 3643 γενομένῃ.

510 3672 634 3724 οὐκ
661 3668 835 3724 ἔστιν
870 3667 1033 3737 εἶδος
1073 3671 1256 3738 αὐτῷ,
1291 3673 1432 3728 οὔτε
1461 3673 1640 3739 δόξαι
1674 3674 1774 3729 καὶ
1799 3674 2042 3749 εἴδομεν

441 3759 634 3812 αὑτὸν
675 3759 774 3812 καὶ
805 3761 918 3814 οὐκ
952 3757 1120 3829 εἶχεν
1155 3759 1336 3828 εἷδος,
1377 3763 1518 3818 οὐδὲ
1551 3764 1801 3843 κάλλος.
1855 3768 2044 3822 Ἀλλὰ

443 3849 510 3903 τὸ
562 3845 726 3917 εἶδος
770 3850 932 3918 αὑτῷ
977 3853 1210 3924 ἄτιμον,
1257 3855 1546 3934 ἐκλεῖπον
1593 3860 1772 3936 παρὰἴ
1809 3858 2043 3926 πάντας

442 3940 820 4010 ἀνθρώπους.

518 4031 584 4084 Τί
633 4032 697 4104 δὴ
727 4034 836 4104 ἄρα
867 4038 1033 4107 φησιν
1061 4038 1090 4091 6
1121 4041 1412 4112 προφήτης
1440 4042 1498 4094 ἐν
1529 4040 1744 4105 τούτοις
1765 4083 1780 4108 ,
1823 4044 1856 4115 ἢ
1890 4045 2042 4096 ποῖον

442 4121 511 4174 ἄν
571 4139 654 4185 τις
711 4127 824 4189 τοῖς
880 4123 1540 4201 εἰρημένοιςὲφαρμόσαι
1594 4133 1738 4198 νοῦν,
1795 4117 1929 4203 φέρε
1976 4134 2042 4205 δὴ

447 4214 613 4268 πάλιν
641 4215 1103 4291 καταθρήσωμεν,
1143 4221 1221 4284 ὡς
1262 4221 1365 4278 ἔνι.
1407 4223 1742 4296 Ὠμολόγηκε
1777 4226 1876 4296 μὲν
1909 4225 2038 4296 γὰρ,

441 4305 525 4357 ὃτι
564 4305 658 4358 καὶ
690 4303 1140 4382 Ἀνηγγείλαμεν,
1165 4313 1467 4376 τουτέστιν,
1497 4313 1760 4384 ἀνελλιπῆ
1807 4311 2041 4384 πεποιή-

445 4394 592 4463 μεθα
618 4393 718 4466 τὴν
744 4398 1166 4470 προαγόρευσιν,
1192 4401 1268 4466 ὡς
1285 4403 1405 4474 ἥξει
1436 4405 1578 4458 κατὰ
1603 4406 1847 4477 καιρούς.
1895 4406 2038 4460 Ἀλλ’

2180 3669 2186 3672 ’
2217 3668 2556 3742 ’142νειιε.
2580 3667 2635 3721 2.
2677 3665 2801 3721 Non
2834 3679 2910 3721 est
2940 3669 3135 3736 species
3167 3669 3236 3729 ei,
3264 3683 3426 3738 neque
3455 3668 3624 3736 gloria
3665 3683 3747 3722 εει

2143 3763 2372 3817 vidimus
2402 3745 2606 3826 enimet
2634 3775 2737 3813 non
2768 3758 2986 3813 habebat
3027 3760 3452 3829 rpeciem,neque
3469 3759 3752 3825 decorem,

2146 3849 2250 3905 Sed
2281 3852 2478 3921 species
2513 3852 2560 3904 ei
2588 3849 2689 3919 fuit
2727 3849 3065 3916 inhonorata,
3099 3861 3146 3904 et
3173 3850 3422 3919 deﬁciens
3478 3867 3588 3920 pra:
3635 3869 3769 3909 om-x

2147 3949 2298 4020 nibus
2327 3947 2653 4022 homin-ibus.
2695 4018 2698 4019 ν
3039 3971 3042 3974 ·
3530 3934 3538 3939 ’

2222 4041 2364 4113 Quid
2399 4054 2531 4110 ergo
2553 4039 2607 4093 in
2638 4039 2723 4092 his
2753 4037 3092 4110 verbisdieit
3115 4038 3431 4109 pmpbeta?
3460 4048 3556 4092 aut
3587 4054 3755 4110 quem.

2152 4132 2237 4186 his
2262 4118 2424 4187 dictis
2451 4145 2674 4186 sensum
2701 4129 3219 4199 accommoda-verit,
3251 4145 3352 4201 age
3391 4145 3584 4186 rursus
3616 4115 3758 4195 cons

2149 4223 2478 4293 sideremus,
2505 4223 2684 4292 quoad
2744 4221 2891 4276 licet.
2916 4220 3210 4296 Confessus
3239 4224 3386 4277 enim
3413 4231 3518 4288 est,
3551 4232 3607 4278 et
3646 4240 3744 4275 an-

2147 4316 2541 4383 nuntiavimus,
2581 4309 2656 4371 'id
2708 4325 2811 4384 est,
2853 4317 3016 4388 plene
3071 4331 3149 4388 ac
3193 4315 3352 4390 plane
3393 4316 3745 4386 praediximus

2145 4417 2435 4480 venturum
2463 4423 2562 4464 suo
2597 4394 3011 4479 tempore.‘Sed
3062 4409 3314 4481 fortassis
3354 4409 3554 4464 dixerit
3591 4409 3741 4478 quis~

443 4485 576 4581 ἴσως
607 4486 729 4581 ⁸ἔφη
769 4489 838 4544 ἄν
863 4507 960 4581 ,τις
997 4491 1135 4561 πρὸς
1177 4493 1360 4548 τοῦτο’
1408 4496 1474 4548 Τί
1506 4494 1638 4563 οὖν,
1694 4500 1743 4550 εἰ
1789 4498 2043 4572 καθίκετο

2154 4502 2297 4571 piam
2332 4502 2412 4570 ad.
2456 4505 2608 4577 haec:
2641 4501 2780 4581 Quid
2810 4502 2980 4575 ergo?
3036 4500 3264 4558 Venitne
3297 4503 3364 4558 de
3397 4501 3537 4558 caelo
3600 4502 3742 4557 Deus

446 4577 548 4648 μὲν
569 4578 629 4644 ἐξ
664 4579 912 4650 οὐρανῶν
933 4580 1066 4647 Θεὸς
1097 4581 1174 4636 ὢν
1202 4586 1230 4637 6
1255 4586 1459 4657 Λόγος,
1493 4587 1792 4660 θεοπρεπεί
1816 4589 1873 4644 δὲ
1900 4590 2042 4664 δόξῃ

443 4671 910 4742 κατεστεμμένος,
943 4672 1037 4726 καὶ
1061 4675 1346 4748 ἀπροσίτῳ
1372 4678 1512 4747 φωτὶ
1548 4679 1871 4751 διαπρέπων
1936 4685 2039 4736 ἐπ·-

442 4759 612 4828 έφανε
639 4764 754 4827 τοῖς
783 4764 876 4818 ἐπὶ
907 4765 1008 4836 τῆς
1036 4767 1161 4838 γῆς,
1202 4771 1297 4829 καὶ
1333 4766 1840 4846 ἀπροσωπόληπτος
1867 4771 1936 4848 ἦν
1957 4775 2044 4830 διὰ

440 4853 542 4923 τὴν
563 4854 662 4925 τῆς
692 4855 850 4926 δόξης
888 4857 1228 4932 ὑπερϐολήν;
1271 4863 1382 4916 Καὶ
1411 4863 1542 4938 γοῦν
1572 4866 1661 4920 ὅτε
1707 4867 2042 4939 πεφοίτηκεν

443 4944 505 4996 ἐν
542 4945 675 4998 εῖδει
697 4949 872 5020 πυρὸς
899 4950 992 5003 ἐπὶ
1028 4951 1255 5024 τὸ-δρος
1295 4944 1546 5029 τὸ-Σινᾶ,
1583 4958 1776 5021 σκότος
1817 4953 1906 5028 ἦν,
1946 4960 2035 5012 καὶ

441 5037 663 5106 γνόφος,
719 5041 812 5094 καὶ
864 5041 1083 5109 θύελλα,
1130 5045 1246 5098 καὶ.
1269 5034 1382 5118 πῦρ
1443 5047 1580 5118 ὑψοῦ
1636 5049 1872 5122 διᾷττον,
1948 5055 2041 5106 καὶ

441 5128 671 5193 καπνὸς,
701 5130 931 5186 πλεῖστά
956 5150 1017 5187 τε
1048 5135 1186 5206 πρὸς
1213 5137 1426 5202 τούτοις
1457 5134 1526 5210 ἦν
1553 5139 1739 5215 ἕτερα,
1764 5141 2040 5213 δειμάτων

441 5221 538 5274 καὶ
585 5222 782 5286 πτοίας
824 5224 923 5296 τῆς
968 5226 1050 5290 εἰς
1088 5219 1260 5299 ἀκρον
1307 5218 1590 5302 ποιητικὰ,
1636 5233 1714 5297 ὡς
1764 5235 2039 5307 ἀφόρητον

442 5313 699 5383 γενέσθαι
727 5319 841 5380 τοῖς
867 5317 1166 5390 θεωμένοις
1211 5321 1314 5394 τὴν
1353 5323 1498 5400 ὄψιν.
1548 5326 1657 5378 Καὶ
1703 5326 1834 5400 γοῦν
1881 5323 2039 5400 μεσι-

440 5404 699 5459 τεύεσθαι
756 5411 1105 5480 παρεκάλουν
1160 5414 1209 5466 οἱ
1263 5415 1323 5481 ἐξ
1392 5398 1607 5487 Ἰσραὴλ
1654 5397 1906 5485 λέγοντες
1954 5397 2034 5489 τῷ

442 5499 764 5569 παναρίστῳ
810 5502 1036 5556 Μωσεῖι
1099 5523 1117 5556 t
1150 5505 1316 5559 Λάλει
1355 5507 1419 5558 σὺ
1441 5507 1578 5576 πρὸς
1622 5500 1789 5578 ἡμᾶς,
1828 5509 1921 5560 καὶ
1958 5509 2032 5580 μὴ

443 5587 675 5644 λαλείτω
707 5594 846 5664 πρὸς
877 5595 1025 5666 ἡμᾶς
1065 5598 1094 5650 6
1143 5598 1294 5664 Θεὸς,
1347 5600 1434 5653 ἵνα
1479 5601 1553 5672 μὴ
1596 5595 2027 5671 άποΟάνωμενΛ

443 5677 612 5733 Οὐδὲν
650 5679 744 5737 οὖν
784 5685 847 5737 τὸ
894 5686 1100 5758 θαῦμα,
1126 5691 1315 5760 φησιν,
1356 5693 1402 5743 εί
1451 5692 1894 5763 προηγορεύσατε
1936 5693 2032 5762 μὲν

438 5855 489 5886 ⁸⁸
513 5855 742 5914 Malach.
774 5878 853 5927 ιιι,
897 5864 981 5917 l2.
1062 5866 1102 5898 θ’
1139 5865 1241 5921 lsa.
1270 5884 1355 5932 Lv,
1391 5870 1469 5923 l5.
1570 5874 1634 5910 “‘-
1668 5871 1748 5926 lsa
1801 5871 1934 5938 XLI,
1978 5874 2040 5925 18

2152 4593 2410 4660 Verbum,
2438 4595 2624 4651 divina
2678 4604 2906 4651 ornatus
2960 4593 3333 4672 gloria7Num
3365 4597 3532 4651 etiam
3593 4595 3740 4649 inac-

2146 4699 2300 4740 cessa
2351 4685 2473 4742 luce
2499 4686 2798 4752 collucens,
2839 4695 3001 4741 terra:
3056 4685 3249 4742 incolis
3278 4682 3740 4774 apparuit?'Num

2147 4776 2318 4832 facies
2358 4775 2478 4846 ejus
2529 4777 2768 4848 conspici
2827 4792 2934 4832 non
2987 4785 3229 4847 poterat,
3277 4784 3501 4853 propter
3557 4774 3742 4845 gloria:

2147 4869 2564 4939 praestantiam?
2595 4867 2876 4939 Siquidem
2909 4885 3032 4925 cum
3073 4869 3256 4940 specie
3281 4852 3741 4937 ignis'descendit

2146 4962 2202 5016 in
2247 4973 2490 5018 montem
2545 4961 2700 5027 Sina,
2739 4964 2974 5034 tenebrae
3006 4971 3184 5035 erant,
3211 4971 3273 5036 et
3293 4954 3489 5034 caligo,
3527 4967 3579 5013 et
3613 4973 3738 5027 pro-

2140 5054 2298 5124 cella,
2329 5066 2384 5110 et
2435 5055 2575 5125 ignis
2624 5055 2705 5128 ab
2744 5054 2853 5124 alto
2881 5055 3145 5127 emicans,
3195 5069 3258 5107 ac
3297 5043 3474 5118 furni,
3519 5049 3736 5119 aliaque

2140 5129 2636 5216 compluravidere
2662 5144 2837 5212 licuit,
2876 5161 2996 5220 qutc
3038 5145 3290 5199 timorem
3308 5153 3377 5204 tet
3409 5143 3731 5213 trepidatio-

2139 5253 2264 5294 nem
2293 5224 2966 5309 suntmamincusserunt,
2998 5240 3071 5314 ita
3109 5249 3168 5292 ut
3200 5247 3460 5306 aspectus
3494 5237 3736 5291 essetin-

2141 5329 2456 5400 toleraudus
2493 5331 2888 5398 spectantibus.
2924 5329 3056 5382 Nam
3100 5338 3361 5398 rogarunt
3385 5336 3728 5398 sequestrem
3837 5393 3842 5398 ν

2143 5420 2424 5485 lsraciitae,
2485 5410 2729 5476 dicentes
2784 5423 2987 5491 optimo
3038 5419 3243 5490 Moysi:
3291 5418 3626 5486 «Alloquere
3676 5425 3731 5468 tu

2146 5529 2259 5575 nos,
2290 5520 2345 5567 et
2403 5530 2470 5568 ne
2499 5514 2808 5584 alloqttatur
2833 5530 2930 5569 nos
2966 5514 3127 5579 Deus,
3185 5529 3250 5565 ue
3285 5510 3582 5564 moriamur
3607 5508 3676 5559 '°.
3704 5528 3722 5560 ι

2144 5603 2261 5658 Non
2292 5604 2460 5674 igitur
2497 5605 2717 5669 mirum,
2780 5604 2976 5673 inquit,
3009 5603 3053 5657 si
3097 5618 3192 5657 vos
3221 5598 3730 5670 prwdixeritis,'ap—

2142 5696 2432 5766 paruitque
2476 5697 2568 5751 illa
2611 5704 2768 5751 terra:
2830 5695 3226 5750 habitatoribus
3293 5707 3396 5747 non
3435 5691 3744 5761 spectanda,

2049 5915 2061 5938 ,
2103 5874 2186 5928 19.
2269 5874 2504 5929 5"Exod.
2549 5891 2639 5940 xx,
2684 5875 2766 5930 19.
