4100 6522
437 509 576 564 “7.3

1569 507 1642 560 IN
1681 508 1914 572 [SAIAM
1953 508 2084 563 LIB.
2129 508 2190 563 νγ.
2236 510 2476 567 'I‘OMUS
2516 511 2556 565 I.

3577 515 3713 569 Il'il

432 622 587 693 φησὶ,
619 623 680 674 τὸ
713 622 1004 691 πρόσωπον
1041 621 1210 692 αὐτῷ.
1248 622 1321 674 Τὸ
1351 622 1429 685 δὲ,
1449 623 1882 694 Ἀπέστραπται,
1903 627 2026 680 ἀντὶ

2157 644 2312 683 evera
2355 631 2654 684 exstitisse.
2690 631 2892 683 Aversa
2941 635 3047 691 est,
3102 628 3295 698 inquit,
3345 630 3513 685 facies
3576 630 3712 697 ejus.

429 712 547 778 τοῦ,
567 711 956 786 Κατῃσχύνθη,
981 709 1282 782 ἢτιμάσθη,
1313 716 1408 768 καὶ
1435 716 1536 768 οὐκ
1560 716 1832 786 ἐλογίσθη.
1859 717 2029 770 Πιλά-

432 823 524 869 τος
553 807 656 875 μὲν
683 803 794 875 γὰρ
821 804 1033 874 ἔπεμψε
1078 805 1170 858 τὸν
1217 804 1425 876 Ἰησοῦν
1459 807 1598 877 πρὸς
1625 807 1718 861 τὸν
1757 807 2026 879 Ἦρώδηψ

430 899 460 951 6
504 896 560 950 δέ
597 913 685 966 γε,
718 896 906 966 φησὶν,
942 895 1297 965 ἐξουθενήσας
1331 897 1493 949 αὐτὸν
1519 897 2029 968 ἀνέπεμψεναύτόν.

432 990 506 1042 Ού
531 983 642 1060 γὰρ
674 989 960 1057 ἐλογίσατο
986 983 1125 1042 εἶναι
1147 988 1239 1041 τὸν
1271 987 1502 1059 Ἰησοῦν,
1534 978 1813 1060 ἠτιμάσθη
1834 989 1891 1043 δὲ
1939 991 2034 1045 καὶ

431 1081 492 1133 τὸ
555 1081 852 1152 πρόσωπον
912 1080 1115 1154 αὑτοῦ,
1191 1079 1560 1151 πεμπομένων
1613 1079 1855 1150 δηλονότι
1925 1081 2034 1134 τῶν

433 1171 792 1244 πτυσμάτων,
826 1173 935 1226 καὶ·
964 1171 1386 1230 καταπαιὸντων
1415 1171 1579 1225 αὑτὸν
1607 1171 1716 1226 τῶν
1730 1171 1826 1228 τοῦ
1866 1171 2033 1227 una.

431 1283 526 1318 του
550 1263 921 1336 στρατιωτῶν,
944 1265 1040 1339 καί
1065 1263 1332 1332 λεγόντων
1358 1280 1372 1296 ο
1401 1283 1420 1315 ι
1450 1264 1837 1334 Προφήτευσον
1873 1265 2030 1334 ἡμῖν,

434 1359 662 1430 Χριστὲ,
694 1356 780 1420 τίς
813 1358 964 1426 ἐστιν
998 1359 1026 1410 6
1051 1354 1253 1420 παίσας
1301 1373 1385 1412 σε.
1416 1374 1435 1407 ι
1492 1355 1802 1425 Ἠτιμάσθη
1847 1355 1904 1409 δὲ
1943 1355 2038 1408 καὶ

435 1452 664 1522 ἑτέρως,
698 1450 797 1515 τὰς
827 1449 918 1506 διὰ
953 1449 1238 1520 μαστίγων
1270 1448 1456 1511 αἰκίας
1485 1447 1825 1516 ύπενεγκὼν,
1849 1447 1944 1504 καὶ
1970 1448 2040 1502 τὰ

436 1547 501 1598 ὲκ
533 1544 640 1598 τῶν
669 1527 962 1616 ὑπηρετῶν
999 1542 1343 1615 ῥαπίσματα.
1393 1543 1537 1613 Ἔφη
1569 1541 1699 1611 γοῦν
1722 1542 1813 1601 διὰ
1855 1541 2039 1612 φωνῆς

447 1634 695 1690 Ἡσαΐου·
741 1654 759 1687 ι
799 1635 904 1689 Τὸν
928 1634 1098 1689 νῶτόν
1135 1652 1235 1706 μου
1252 1635 1458 1688 δέδωκα
1500 1637 1580 1699 είς
1605 1635 1896 1706 μάστιγας,
1940 1634 2040 1696 τὰς

437 1725 781 1798 δὲίσιαγδνμς
815 1743 915 1796 μου
940 1726 1021 1794 εἰς
1059 1724 1406 1796 ῥαπίσματα,
1440 1724 1576 1778 τὸδὲ
1613 1723 1905 1795 πρόσωπόν
1938 1740 2040 1794 μου

439 1817 538 1870 οὐκ
559 1815 881 1888 άπέστρεψα
908 1815 1304 1887 ἀπὺ-αἰσχύνης
1334 1815 2040 1886 ὲμπτυσμάτων.›υύκοῦν,

2135 724 2362 785 Aversa,
2399 737 2517 792 pro,
2555 709 2776 777 confusa
2826 733 2929 784 est.
2966 730 3301 790 contempta,
3332 732 3384 776 et
3421 739 3526 777 non
3555 739 3716 792 repu-

2139 823 2272 869 tata.
2298 813 2501 867 Pilatus
2526 814 2670 867 enim
2704 813 2847 866 misit
2873 811 3056 867 Jesum
3089 812 3156 866 ad
3191 809 3493 878 llerodem;
3521 821 3577 866 at
3607 812 3716 875 ille,

2137 904 2332 972 inquit,
2364 917 2488 956 eum
2519 901 2671 955 nihili
2700 901 2900 956 factum
2933 899 3165 956 remisit.
3199 899 3318 956 Non
3371 901 3518 955 enim
3561 916 3721 970 repu—

2138 995 2272 1052 tavit
2295 1009 2420 1050 esse
2456 992 2666 1052 Jesum.
2705 993 3027 1064 Contempta
3057 1007 3272 1063 quoque
3322 993 3424 1048 fuit
3470 993 3589 1061 ejus
3638 993 3720 1047 la-

2138 1087 2270 1152 cies,
2305 1084 2569 1154 conjectis
2593 1083 2800 1138 scilicet
2825 1084 2879 1138 in
2914 1099 3037 1138 eum
3076 1083 3273 1152 sputis,
3304 1091 3359 1138 et
3388 1082 3544 1136 Pilati
3578 1081 3721 1136 mili-

2141 1177 2281 1232 tibus
2321 1191 2444 1232 eum
2465 1175 2803 1245 pulsantibus
2837 1190 2904 1230 ac
2934 1174 3246 1231 dicentibus
3286 1193 3301 1230 :
3341 1196 3360 1228 ι
3392 1175 3720 1245 Propltetiza

2140 1267 2322 1332 nobis,
2360 1263 2598 1329 Christe,
2624 1265 2749 1335 quis
2782 1272 2866 1321 est
2894 1265 2986 1334 qui
3020 1274 3071 1319 te
3108 1265 3372 1333 percussit
3395 1265 3473 1319 “‘l
3518 1284 3537 1317 ι
3581 1265 3726 1319 Con-

2141 1365 2376 1424 temptus
2402 1364 2487 1410 est
2516 1355 2624 1411 alio
2645 1369 2860 1426 quoque
2891 1355 3070 1421 modo,
3095 1357 3326 1410 verbera
3359 1370 3423 1410 ac
3463 1355 3724 1425 supplicia

2140 1449 2383 1514 subiens,
2413 1459 2476 1511 et,
2501 1449 2873 1504 ministrorum
2898 1447 3107 1518 alapas.
3138 1447 3420 1517 Siquidem
3437 1449 3730 1509 dixitvoce

2142 1538 2306 1612 744
2333 1538 2482 1594 Isaiae
2521 1559 2533 1594 :
2577 1559 2594 1591 ι
2627 1538 2863 1610 Tergum
2922 1552 3101 1594 meum
3144 1539 3320 1609 objeci
3350 1538 3687 1610 verberibus
3711 1577 3728 1604 ,

2141 1645 2196 1689 et
2229 1633 2476 1688 maxillas
2504 1647 2654 1688 meas
2685 1635 2890 1704 alapis,
2923 1633 3118 1688 Iaciem
3155 1642 3341 1686 autem
3395 1647 3570 1687 meam
3625 1648 3729 1686 non

2143 1727 2313 1782 averti
2357 1743 2386 1780 a
2431 1728 2696 1783 dedecore
2743 1741 3024 1803 sputorutn
3055 1725 3146 1780 "'.
3191 1743 3210 1776 ο
3249 1725 3440 1780 Vident
3471 1738 3622 1793 ergo,
3672 1734 3732 1777 ttt

2145 1821 2277 1885 dixi,
2306 1819 2474 1874 divini
2527 1821 2803 1890 prophetae
2858 1834 2956 1889 per
3003 1819 3295 1882 visionem,
3360 1815 3592 1879 scilicet,
3636 1831 3732 1883 per

441 1906 518 1970 ὡς
543 1906 702 1976 ἔφην,
732 1907 977 1960 ἐοίκασιν
1005 1906 1054 1958 οἰ
1091 1906 1371 1959 θεσπέσιοι
1397 1905 1676 1977 προφῆται
1700 1906 1819 1959 καθ’
1847 1906 2044 1976 ὅρασιν

2157 1912 2408 1981 Spiritum
2440 1919 2710 1975 sanetum,
2760 1912 2946 1966 videre
2973 1909 3195 1976 Filium,
3257 1906 3342 1962 vel
3374 1906 3566 1962 faciem
3592 1904 3731 1975 ejus,

439 1970 688 2068 δηλονότι
715 1995 815 2067 τὴν
843 1996 929 2050 διὰ
959 1995 1054 2050 τοῦ
1082 1996 1240 2064 άγίου
1271 1970 1591 2066 Πνεύματος
1621 1996 1751 2050 trav
1772 1996 1866 2050 τδν
1884 1970 2040 2060 ’Υιδν,

2157 2016 2176 2054 a
2215 1999 2434 2068 tristitia
2458 2002 2693 2065 humana
2727 1999 2950 2054 minime
2975 1999 3226 2062 liberam,
3281 1997 3524 2050 instante
3571 1996 3723 2049 nimi-

441 2087 560 2158 ἢτοι
585 2087 648 2140 τὸ
671 2085 840 2140 αὐτοῦ
882 2087 1179 2158 πρόσωπον
1205 2087 1512 2158 κατηφείας
1534 2085 2046 2158 άνθρωποπρεποῦς

441 2177 544 2228 οὐκ
573 2174 1022 2245 ἀπηλλαγμένον,
1053 2175 1149 2229 ἆτε
1180 2174 1245 2246 δὴ
1277 2175 1751 2246 καὶηὲνεστηκότος
1786 2174 1882 2230 τοῦ
1923 2193 2048 2229 και-

445 2265 564 2337 ροῦ,
600 2265 726 2320 καθ’
762 2265 822 2318 ὃν
867 2266 974 2319 ἔδει
1010 2265 1204 2319 παθεῖν
1239 2267 1425 2333 αὐτὸν,
1468 2265 1554 2319 ἵνα
1575 2265 1654 2337 τῷ
1695 2265 1915 2338 θανάτῳ
1945 2266 2048 2336 τῆς

446 2353 584 2418 ιδίας
610 2353 815 2426 σαρκὸς
851 2355 1174 2426 καταργήσῃ
1202 2353 1295 2409 τὸν
1321 2355 1572 2420 θάνατον,
1603 2355 1922 2427 ἀποστήσας
1949 2356 2053 2410 τοῦ
2116 2389 2121 2396 ι

445 2444 654 2515 κᾴσμου
689 2444 788 2516 τὴν
820 2444 1124 2517 ἁμαρτίαν.

513 2530 704 2605 οὗτος
728 2536 835 2602 τὰς
854 2537 1154 2606 ἁμαρτίας,
1171 2536 1338 2608 ἡμῶν
1361 2537 1547 2607 φέρει,
1588 2539 1688 2594 καὶ
1719 2538 1853 2608 περὶ
1878 2539 2049 2608 ἡμῶν

446 2624 755 2681 ὀδυνᾶται·
779 2628 878 2681 καὶ
902 2626 1076 2696 ἡμεῖς
1125 2626 1527 2698 ἐλογισάμεθα
1546 2689 1550 2694 λ
1570 2629 1758 2684 αὑτὸν
1795 2626 1949 2685 εἶναι
1979 2629 2050 2684 ἐν

447 2720 632 2787 πόνῳ,
666 2719 765 2773 καὶ
795 2720 866 2773 ἐν
893 2719 1125 2790 πληγῇ,
1166 2721 1268 2774 καὶ
1312 2723 1383 2774 ἐν
1427 2722 1706 2776 κακώσει.
1750 2723 1938 2791 Αὐτὸς
1980 2723 2050 2776 δὲ

447 2807 899 2881 ἐτραυματίσθη
928 2811 1028 2864 διὰ
1051 2811 1160 2876 τὰς
1181 2813 1474 2883 ἁμαρτίας
1508 2812 1696 2882 ἡμῶν,
1726 2813 1828 2867 καὶ
1847 2831 2051 2884 -μεμα-

447 2900 857 2967 λάκεσταιδιᾴ
884 2903 992 2969 τὰς
1014 2903 1269 2971 ἀνομίας
1305 2902 1496 2972 ἡμῶν.
1531 2904 1776 2959 Παιδεία
1807 2904 2053 2974 εἰρήνης

449 2990 618 3060 ἡμῶν
645 2992 742 3045 ἐπ’
773 2992 980 3058 αὑτὸν,
1009 2992 1345 3062 τῷμώλωπι
1368 2994 1556 3049 αὐτοῦ
1578 2996 1753 3065 ἡμεῖς
1779 2995 2048 3066 ίὰθημεν.

452 3078 686 3146 Πάντες
717 3081 800 3146 ὡς
829 3083 1096 3149 πρόϐατα
1129 3084 1560 3154 ὲπλανήθημεν
1579 3103 1590 3116 '
1637 3086 1950 3156 ἄνθρωπος
1979 3086 2053 3156 τῇ

450 3170 574 3244 ὀδῷ.
593 3171 785 3226 αὐτοῦ
817 3173 1156 3242 ἐπλανήθη,
1188 3176 1292 3238 καὶ,
1313 3179 1529 3247 Κύριος
1556 3177 1914 3246 παρέδωκεν.
1943 3181 2050 3236 αὺ-

449 3261 560 3313 τὸν
588 3261 715 3328 ταῖς
737 3263 1064 3334 ,ἁμαρτίαις
1088 3264 1278 3334 ἡμῶν.

538 3352 837 3423 Ὑπέμεινε
865 3354 1122 3426 σταυρὸν,
1152 3357 1418 3426 αἰσχυνης
1442 3357 1861 3429 καταφρονήσας
1886 3357 1914 3409 6
1937 3356 2050 3408 Κύο

454 3459 570 3512 ριος
597 3434 756 3515 ἡμῶν
799 3443 1007 3514 Ἰησοῦς
1030 3445 1287 3518 Χριστὸς,
1317 3448 1412 3501 καὶ
1453 3448 1676 3516 γέγονεν
1705 3449 1946 3518 ὑπήκοος
1971 3448 2052 3520 τῷ

453 3536 632 3606 Ila-rp!
671 3535 838 3607 μέχρι
881 3537 1138 3601 θανάτου,
1187 3535 1283 3591 καὶ
1326 3537 1431 3608 τῆς
1480 3538 1748 3602 Ἰουδαίων
1793 3539 2068 3608 ἠνέσχετο.

453 3627 797 3692 δυσσεϐείας,
827 3630 937 3692 ἵνα,
969 3627 1044 3690 ὡς
1077 3628 1213 3699 ἔφην
1255 3628 1481 3700 ἀρτίως,
1520 3630 1694 3703 ἀφέλῃ
1725 3631 1820 3684 τοῦ
1843 3632 2051 3703 κόσμου

451 3721 551 3792 τὴν
581 3718 886 3794 ἁμαρτίαν,
917 3717 1071 3772 οὐδὲν
1113 3718 1194 3783 εἰς
1243 3718 1402 3772 τοῦτο
1437 3719 1742 3792 κατορθοῦν
1775 3720 2054 3792 ἰσχύοντος

452 3811 547 3864 τοῦ
565 3809 794 3880 νομικοῦ
812 3811 1163 3880 γράμματος,
1187 3808 1307 3868 ἦτοι
1322 3809 1422 3882 τῆς
1441 3811 1581 3864 κατὰ
1603 3812 1764 3883 νόμον
1779 3812 2052 3885 λατρείας.

456 3901 566 3956 Καὶ
612 3901 725 3971 γὰρ
775 3896 844 3972 ἦν
895 3900 1177 3971 ἀμήχανον
1226 3894 1637 3972 αἷμαετράγων
1690 3903 1782 3956 καὶ
1838 3903 2058 3974 ταύρων

456 3993 716 4063 ἀφαιρεῖν
757 3989 1058 4063 ἁμαρτίας.
1088 3991 1237 4054 Ἔξω
1265 4010 1329 4061 γε
1355 3993 1466 4063 μὴν
1491 3993 1590 4064 τῆς
1617 3993 1792 4065 πύλης
1830 3994 2054 4063 ἔπαθεν,

457 4085 563 4151 ἵνα,
598 4085 676 4148 ὡς
706 4085 734 4137 6
762 4083 978 4146 Παῦλος
1005 4099 1160 4152 φησι,
1191 4083 1278 4136 διὰ
1309 4083 1403 4138 τοῦ
1430 4084 1560 4138 ἰδίου
1586 4087 1820 4157 αἵματος
1850 4089 2058 4161 ἁγιάσῃ
2077 4133 2096 4168 .,

456 4174 547 4227 τὸν
575 4173 706 4227 λαόν
724 4189 737 4202 ⁸
766 4172 1003 4225 πέπονθε
1028 4173 1157 4242 γὰρ,
1194 4173 1295 4242 οὐχ
1329 4173 1470 4243 ὑπέρ
1502 4190 1564 4239 γε
1610 4175 1810 4244 μᾶλλον
1839 4177 2054 4243 ἑαυτοῦ,

456 4265 658 4320 πολλοῦ
697 4282 760 4334 γε
788 4265 884 4319 καὶ
914 4265 1015 4329 δεῖ,
1045 4263 1160 4317 ἀλλ’
1191 4264 1334 4335 ὑπὲρ
1368 4265 1550 4334 πάσης
1572 4265 1672 4336 τῆς
1692 4267 1784 4319 ὑπ’
1805 4268 2053 4338 οὐρανόν.

456 4354 571 4413 Καὶ
625 4355 966 4425 μαρτυρήσει
1012 4353 1241 4422 γράφων
1285 4357 1314 4406 6
1361 4353 1635 4423 πάνσοφος
1670 4355 1886 4422 Παῦλος
1929 4360 2060 4430 περὶ

458 4446 555 4501 τοῦ
589 4445 726 4500 Θεοῦ
751 4447 843 4498 καὶ
870 4445 1106 4516 Πατρὺς,
1135 4445 1215 4497 ὅτι
1260 4465 1277 4496 ι
1303 4445 1411 4498 Τοῦ
1447 4446 1576 4499 ἰδίου
1621 4448 1750 4502 Υίοῦ
1779 4451 1878 4504 οὐκ
1905 4450 2057 4518 ἐφεί-

464 4556 616 4603 σατο,
648 4539 764 4591 ἀλλ’
787 4538 929 4607 ὑπὲρ
962 4537 1121 4607 ἡμῶν
1158 4537 1377 4591 πάντων
1407 4539 1724 4609 παρέδωκεν
1754 4541 1937 4607 αὑτὸν,
1974 4544 2059 4596 ἵνα

462 4630 558 4682 καὶ
579 4631 679 4682 σὺν
710 4628 863 4697 αὑτῷ
889 4627 958 4680 τὰ
992 4627 1171 4690 πάντα
1199 4628 1334 4698 ἡμῖν
1355 4631 1682 4700 χαρίσηται.
1710 4650 1733 4684 ›
1761 4634 1870 4689 Καὶ
1895 4634 2060 4698 αὐτὸς
2092 4662 2137 4718 D

460 4721 518 4773 δέ
548 4719 653 4774 πού
687 4737 822 4790 φησι
847 4720 937 4773 διὰ
972 4722 1071 4790 τῆς
1109 4719 1204 4772 τοῦ
1234 4720 1544 4784 Ψάλλοντος
1582 4722 1752 4794 λύρας
1785 4725 1923 4795 πρὸς
1968 4726 2060 4779 τὸν

463 4816 521 4864 ὲν
561 4815 673 4876 τοῖς
717 4812 973 4883 οὐρανοῖς.
1018 4812 1239 4884 Πατέρα
1279 4813 1374 4867 καὶ
1422 4813 1592 4866 Θεὸν·
1656 4834 1674 4865 ι
1703 4815 1908 4871 Θυσίαν
1967 4819 2063 4874 καὶ⁹

461 4904 782 4976 προσφορὰν
824 4905 925 4958 ούκ
954 4904 1248 4976 ἠθέλησας,
1287 4905 1446 4976 σῶμα
1485 4906 1541 4960 δὲ
1586 4910 1900 4978 κατηρτίσω
1927 4928 2058 4982 μοι.

473 4995 938 5066 Ὀλοκαυτώματα
989 4999 1083 5051 καὶ
1121 4998 1254 5070 περὶ
1288 4998 1560 5069 ἁμαρτίας
1606 5001 1708 5052 οὐκ
1742 4999 2061 5070 εὐδόκησας,

461 5087 583 5139 τότε
626 5084 780 5142 εἷπον
806 5103 822 5119 ο
881 5088 1012 5141 Ἰδοὺ
1043 5090 1185 5161 ἥκω.
1241 5089 1329 5142 Ἐν
1356 5089 1604 5159 κεφαλίδι
1634 5090 1838 5159 βιϐλίου
1865 5091 2077 5162 γέγρα-,

466 5197 596 5233 πται
631 5181 761 5251 περὶ
786 5181 946 5252 ἐμοῦ,
979 5182 1074 5256 τοῦ
1104 5182 1353 5253 ποιῆσαι,
1383 5184 1412 5235 6
1453 5182 1606 5248 Θεὸς,
1633 5183 1694 5236 τὸ
1721 5183 1948 5255 θέλημά
1966 5202 2067 5255 ,σου

460 5256 799 5341 ἠϐουλήθην.
838 5290 856 5321 ι
901 5271 1190 5342 Ἀνονήτου
1230 5272 1338 5344 γὰρ
1363 5272 1532 5343 ,οὔσης
1560 5275 1672 5338 τοῖς
1705 5274 1799 5326 ἐπὶ
1827 5273 1929 5345 τῆς
1964 5273 2070 5344 γῆς

463 5362 542 5424 εἰς
572 5356 886 5431 τὸάφελεῖν
919 5365 1200 5435 ἁμαρτίας
1256 5364 1356 5434 τῆς
1401 5365 1543 5418 κατὰ
1579 5365 1744 5435 νόμον
1787 5365 2066 5437 λατρείας,

465 5454 700 5524 ἐπείπερ
741 5451 882 5526 ἦσαν
927 5457 1222 5529 ἁϐούλητοι
1253 5456 1331 5528 τῷ
1359 5457 1480 5528 Θεῷ
1531 5457 1814 5528 βουθυσίαι
1863 5459 2061 5528 τεκαὶ

465 5545 762 5614 προϐάτων
799 5549 1030 5616 σφαγαὶ,
1063 5549 1508 5621 προσκεκὸμικεν
1536 5551 1730 5604 ἑαυτὸν
1761 5553 1841 5616 εἰς
1886 5551 2062 5622 ὀσμὴν

465 5635 695 5700 εὐωδίας
723 5637 865 5710 ὑπὲρ
897 5641 929 5709 ή
940 5640 1057 5709 μῶν
1086 5641 1114 5694 6
1146 5639 1318 5710 ἀμνὸς
1349 5642 1376 5696 6
1398 5627 1674 5710 ἀληθινὸς,
1705 5641 1733 5694 6
1767 5640 1940 5712 αἴρων
1965 5644 2063 5713 τὴν

465 5729 746 5801 ἁμαρτίαν
765 5731 858 5786 τοῦ
878 5732 1112 5804 κόσμου·
1141 5729 1261 5788 εἶτα
1280 5732 1374 5786 τὸν
1402 5731 1503 5805 τῆς
1533 5734 1736 5806 σαρκὸς
1760 5735 2063 5806 ὑπομείνας

2147 2107 2268 2146 rum
2305 2100 2550 2159 tempore
2598 2105 2706 2160 quo
2766 2105 2888 2144 eum
2940 2088 3047 2158 pati
3102 2085 3344 2158 oportuit
3390 2102 3403 2138 :
3458 2093 3518 2140 ιιι
3563 2096 3737 2141 morte

2148 2183 2380 2253 preptiae
2413 2182 2596 2238 carnis
2649 2192 2880 2238 mortem
2920 2179 3182 2245 aboleret,
3218 2189 3272 2236 et
3302 2179 3512 2242 mundi,
3549 2193 3737 2248 pecca-

2149 2282 2260 2329 tum
2298 2273 2534 2332 tolleret.

2222 2537 2383 2601 Vsus.
2428 2536 2550 2591 4-6.
2589 2537 2690 2592 llic
2714 2547 2924 2604 peccata
2953 2549 3133 2593 nostra
3160 2547 3368 2606 portat,
3395 2548 3442 2591 et
3469 2555 3565 2607 pro
3594 2541 3740 2592 nobis
3769 2585 3774 2593 .

2149 2629 2289 2683 dolet
2319 2645 2338 2684 :
2365 2638 2416 2686 et
2450 2646 2544 2684 nos
2577 2630 2876 2695 putarimus
2904 2631 3056 2684 illum
3095 2630 3152 2684 in
3199 2629 3379 2685 labore
3418 2646 3550 2694 esse,
3589 2642 3636 2684 et
3659 2669 3663 2673 -
3685 2632 3742 2683 in

2148 2720 2329 2790 plaga,
2354 2722 2478 2776 etin
2509 2721 2807 2790 aﬂiiclione.
2833 2720 2953 2789 Ipse
2982 2729 3160 2774 autent
3194 2720 3496 2778 vulneratus
3515 2730 3592 2775 est
3616 2738 3740 2788 pro-

2150 2825 2265 2882 pler
2288 2823 2502 2881 peccata
2528 2822 2736 2877 nostra,
2757 2821 2810 2866 et
2829 2812 3073 2879 inﬁrmus
3096 2811 3269 2880 [actus
3299 2820 3620 2881 «(propter
3651 2808 3744 2864 ini-

2150 2904 2381 2974 quitates
2422 2914 2654 2958 nostras.
2690 2902 2977 2974 Disciplina
3002 2905 3146 2974 pacis
3177 2913 3373 2958 nostra:
3406 2918 3561 2972 super
3601 2919 3740 2963 eum,

2153 2995 2318 3049 livore
2345 2993 2460 3063 ejus
2500 3011 2594 3048 nos
2623 2995 2798 3048 sanati
2831 3010 3033 3049 sumus.
3069 2992 3264 3049 Omnes
3292 3003 3347 3046 ut
3391 3009 3506 3047 oves
3539 2994 3743 3046 errati-

2156 3102 2272 3142 mus
2301 3100 2320 3139 :
2344 3087 2500 3141 homo
2530 3087 2582 3140 in
2624 3086 2711 3140 aia
2743 3103 2841 3140 sua
2869 3086 3083 3153 erravit,
3117 3096 3165 3140 et
3213 3085 3470 3149 Dominus
3521 3083 3766 3141 tradidit.

2155 3193 2274 3240 eum
2298 3177 2671 3246 iniquitatibus.
2698 3179 2916 3234 nostris.
2946 3203 2951 3210 λ

2237 3351 2454 3407 Subivit
2485 3364 2727 3418 crucem,
2763 3350 3056 3421 ignominia
3099 3355 3430 3418 contempta,
3482 3347 3759 3404 Dominus.

2164 3452 2350 3498 noster
2372 3442 2533 3505 Jesus
2562 3441 2834 3507 Christus,
2872 3449 2928 3497 et
2947 3445 3127 3496 factus
3157 3449 3241 3496 est
3283 3440 3544 3496 obediens
3599 3439 3746 3494 Patri

2163 3550 2335 3604 usque
2359 3535 2427 3589 ad
2467 3546 2721 3598 mortem,
2760 3543 2817 3589 et
2847 3533 3160 3590 Judteorum
3204 3533 3536 3602 impietatem
3577 3531 3748 3587 susti-

2163 3625 2300 3690 nuit,
2337 3634 2417 3688 ut.
2453 3623 2909 3693 quemadmodum
2938 3624 3052 3693 jam
3084 3622 3217 3690 disi,
3256 3622 3436 3676 mundi
3469 3631 3758 3690 peccatum»

2164 3713 2430 3778 auferret,
2467 3728 2588 3768 cum
2611 3712 2753 3767 nihil
2785 3713 2851 3766 ad
2889 3715 2990 3768 hoc
3020 3711 3208 3782 legalis
3245 3711 3425 3769 littera
3479 3711 3576 3768 vel.
3619 3711 3767 3779 legis.

2165 3805 2345 3860 cultus
2365 3807 2714 3861 conduceret.
2749 3804 2860 3860 Nec
2892 3806 3039 3860 enim
3081 3804 3338 3876 possibile
3377 3816 3496 3862 erat
3536 3807 3755 3875 sangui-

2168 3911 2291 3953 nem
2330 3907 2608 3952 taurorum
2643 3906 2698 3950 et
2726 3897 3003 3956 hircorum
3035 3895 3251 3953 auferre
3297 3908 3540 3967 peccata.
3586 3897 3754 3952 Extra

2167 3997 2380 4056 portam
2408 4001 2602 4055 passus
2633 3994 2744 4051 est,
2767 3997 2845 4051 ut,
2871 3988 3029 4041 sicuti
3058 3986 3258 4042 Paulus
3301 3988 3381 4042 ait
3421 3987 3490 4053 ⁸⁷,
3539 3989 3769 4058 proprio.

2167 4079 2438 4146 sanguine
2487 4077 2744 4148 pOp‘llItlm
2782 4077 3200 4149 sanctiﬁcaret;
3229 4092 3422 4147 passus
3479 4089 3564 4134 est
3609 4082 3755 4134 enim
3790 4129 3800 4139 ,

2169 4185 2273 4224 non
2302 4186 2400 4239 pro
2436 4171 2638 4241 seipse,
2669 4169 2720 4223 id
2751 4169 2896 4222 enim
2924 4167 3084 4238 longe
3115 4169 3266 4224 abest
3295 4185 3325 4224 a
3357 4185 3508 4235 vero,
3533 4171 3630 4226 sed
3661 4187 3765 4240 pro.

2170 4273 2281 4319 tota
2319 4263 2420 4319 sub
2449 4263 2573 4318 cteli
2599 4263 2886 4332 complexu
2915 4273 3079 4320 terra.
3103 4263 3168 4318 Et
3191 4263 3569 4320 testiﬁcabitur
3590 4266 3754 4320 etiam

2168 4354 2372 4410 Paulus
2404 4353 2866 4423 sapientissimus,
2902 4353 3151 4409 scribens
3179 4355 3246 4409 de
3282 4354 3392 4410 Deo
3430 4365 3486 4410 et
3532 4355 3696 4410 Patre
3741 4375 3752 4410 :

2173 4465 2195 4500 ι
2232 4446 2464 4515 Proprio
2493 4445 2631 4500 Filio
2655 4460 2760 4500 non
2791 4446 3056 4516 pepercit,
3086 4445 3180 4500 sed
3205 4461 3303 4516 pro
3327 4447 3483 4502 nobis
3505 4448 3776 4502 omnibus.

2172 4540 2394 4595 tradidit
2422 4554 2568 4606 eum,
2595 4549 2654 4593 ut
2683 4549 2736 4593 et
2763 4554 2884 4594 cum
2905 4539 3385 4608 ipsoumnianobis
3411 4540 3715 4595 donaret”;
3736 4562 3754 4591 ι
3787 4586 3791 4589 ,

2168 4632 2288 4702 Ipse
2347 4633 2475 4686 item
2505 4630 2638 4686 dicit
2679 4646 2774 4699 per
2823 4630 2994 4702 lyram
3048 4630 3250 4687 Psaltze
3311 4633 3378 4687 ad
3436 4631 3656 4688 Patrem
3707 4648 3762 4688 ct

2169 4725 2337 4779 Deum
2375 4724 2429 4778 in
2461 4723 2617 4780 caelis
2653 4739 2666 4777 :
2709 4741 2744 4776 ι.
2769 4723 3116 4779 Sacriﬁcium
3154 4733 3209 4780 et
3236 4723 3564 4782 oblationem
3592 4725 3778 4781 noluiq.

2169 4818 2241 4873 Sti
2275 4835 2288 4871 ε
2327 4831 2525 4886 corpus
2561 4825 2743 4871 autem
2798 4816 3076 4886 perfecisti
3131 4818 3286 4872 mibi.
3327 4817 3647 4876 lloloeansta
3709 4831 3764 4870 et

2170 4925 2270 4980 pro
2302 4918 2532 4979 peccato
2562 4923 2671 4964 non
2696 4910 3020 4980 acceptasti,
3053 4919 3178 4964 tunc
3201 4909 3312 4964 dixi
3354 4924 3369 4962 :
3411 4911 3552 4964 Ecce
3581 4912 3761 4964 venio.

2171 5001 2227 5054 In
2257 5002 2436 5070 capite
2465 4999 2585 5054 libri
2622 5001 2885 5070 scriptum
2930 4985 3012 5056 est
3054 5003 3122 5057 de
3175 5018 3280 5068 nte,
3323 5011 3389 5071 ut
3425 5000 3679 5070 facerem,
3730 5023 3764 5060 ο

2169 5093 2333 5156 Deus,
2362 5091 2693 5146 voluntatem
2731 5100 2876 5144 tuam
2902 5091 3044 5145 volui
3085 5093 3154 5144 δν.
3198 5110 3217 5144 ι
3266 5091 3399 5145 Nam
3447 5108 3569 5149 cum
3630 5095 3765 5165 legis

2166 5181 2344 5236 cultus
2407 5182 2474 5234 ad
2523 5179 2761 5236 tollenda
2823 5189 3046 5250 peccata
3095 5190 3253 5236 terrae
3311 5182 3505 5238 incolis
3542 5199 3761 5252 .parunt

2167 5273 2494 5341 prodesset:
2532 5286 2639 5327 non
2671 5270 2818 5326 enim
2859 5269 2969 5325 Deo
3017 5269 3305 5340 placebant
3351 5273 3513 5328 boum
3558 5285 3765 5329 macta-

2169 5365 2366 5430 tioues,
2392 5373 2446 5420 et
2464 5364 2644 5426 ovium
2681 5362 2910 5418 laniena:
2943 5382 2957 5418 :
2997 5364 3236 5432 seipsum
3275 5365 3327 5419 in
3363 5366 3586 5420 odorem
3612 5367 3766 5420 bona:

2170 5455 2484 5526 fragrantia:
2511 5471 2609 5526 pro
2659 5453 2820 5521 nobis
2865 5454 3083 5520 obtulit,
3139 5455 3321 5530 745-
3361 5472 3532 5526 agnus
3583 5472 3762 5516 verus.

2109 5607 2112 5610 Α
2171 5549 2265 5617 qui
2297 5546 2982 5618 tollitpeccatumtnundi
3043 5566 3056 5602 :
3109 5547 3306 5602 deinde
3347 5549 3528 5602 carnis
3587 5558 3766 5602 morte

2173 5657 2450 5714 perpessa,
2480 5649 2653 5696 totum
2678 5639 2864 5694 orbem
2893 5640 2994 5695 sub
3018 5641 3142 5696 caeli
3192 5641 3478 5711 complexu
3516 5640 3763 5696 liberavit

2173 5746 2229 5794 ct
2259 5755 2288 5793 a
2320 5744 2496 5793 morte
2523 5742 2579 5790 et
2612 5747 2640 5787 ιι
2679 5739 2922 5802 peccato.
2962 5729 3111 5786 Unus
3145 5732 3289 5787 enim
3319 5734 3492 5789 instar
3521 5734 3764 5790 omnium

539 5918 722 5975 “Luc
754 5933 892 5985 snt,
919 5917 1008 5973 64.
1087 5917 1152 5950 ⁸⁸⁸
1184 5917 1287 5976 Isa.
1320 5936 1371 5988 1.,
1404 5921 1456 5977 Ε.
1537 5922 1580 5954 ³⁷
1609 5922 1768 5981 llebr.
1805 5941 1932 5992 snt,
1959 5926 2038 5980 l2.
2125 5924 2348 5980 "Rom.
2382 5939 2497 5990 vtn,
2539 5922 2627 5978 3:2.
2708 5923 2752 5953 δ’
2781 5921 2927 5977 Psal.
2974 5933 3162 5984 ams,
3192 5920 3289 5978 7-9
