4100 6476
416 433 555 488 Ηῗθ

1441 414 1496 469 S.
1542 412 1815 470 CYBILLI
1853 409 2326 468 ALE.\'M\DRlNI
2367 413 2690 467 AllClllEP.
2728 365 2734 371 \

3547 411 3700 466 “80'

415 553 604 614 silent,
637 554 768 606 etin
813 561 906 600 eos
955 543 1044 613 qui
1074 543 1174 596 hoc
1205 540 1405 594 faciunt
1448 553 1553 591 non
1609 536 1872 590 insiliunt.
1910 535 1984 589 Ita

2103 534 2330 586 ἐναντίον
2358 533 2450 586 τοῦ
2486 533 2757 604 κείροντος
2793 532 2981 598 αὑτὸν,
3015 532 3245 600 ἄφωνος.
3291 531 3681 601 ’Δυποφὲρονται

415 640 667 694 Christus
701 635 960 690 conviciis
1000 631 1286 702 appetitus,
1317 628 1556 682 convicia
1595 641 1697 679 non
1743 625 1988 692 regessit,

417 732 627 800 patiens
658 743 763 782 non
794 727 1031 780 minatus
1059 732 1164 786 est,
1217 723 1311 777 sed
1361 719 1506 788 juste
1556 718 1821 785 judicanti
1878 732 1990 770 rem

417 819 708 874 commisit.
741 818 939 871 Verum
978 817 1140 884 igitur
1173 822 1275 876 est,
1311 813 1365 873 in
1399 811 1701 864 humilitate
1725 807 1992 875 judicium

416 912 532 978 ejus
558 908 828 963 sublatum
858 923 998 963 esse.
1034 904 1168 972 Quia
1205 905 1349 959 enim
1387 903 1494 956 illis
1536 904 1689 954 visus
1731 912 1816 954 est
1862 915 1994 954 con-

419 1000 732 1070 temptihilis
756 999 1050 1070 quispiam,
1089 1007 1143 1052 et
1179 995 1333 1050 valde
1359 994 1645 1060 demissus,
1679 991 1992 1046 facillimum

416 1088 705 1149 calculum,
739 1103 835 1142 seu
878 1087 1142 1154 judicium
1196 1086 1255 1142 in
1308 1099 1433 1138 eum
1488 1081 1786 1151 proferunt.
1841 1080 1994 1147 Quod

416 1181 512 1247 qui
539 1160 637 1234 lein
669 1180 866 1250 faciunt
901 1179 1109 1249 jltldlCcS
1147 1177 1389 1245 qttidam,
1417 1174 1506 1242 qui
1542 1182 1746 1226 exacta:
1773 1182 1994 1227 senten-

422 1271 510 1323 ιίαι
542 1280 593 1324 et
621 1260 869 1341 veritatis
902 1285 1093 1339 parum
1130 1267 1417 1321 admodum
1467 1267 1614 1333 pensi
1666 1264 1886 1329 hztbcnt,
1941 1272 1998 1318 et

419 1360 510 1429 qui
539 1374 602 1425 ex
630 1374 857 1426 persona
886 1359 1062 1428 potius
1093 1373 1252 1424 quam
1293 1370 1357 1409 ex
1409 1355 1562 1411 factis
1610 1354 1876 1421 jndicant.
1933 1355 1989 1409 Si

422 1437 567 1504 enim
601 1429 691 1522 qui
733 1453 786 1524 in
812 1452 1071 1519 judicium
1097 1459 1338 1512 vocatur,
1373 1447 1444 1499 sit
1475 1446 1670 1515 aliquis
1707 1447 1759 1500 itt
1795 1447 1996 1501 mundo

423 1537 674 1610 illustris,
707 1542 881 1608 exacti
911 1551 965 1596 et
1006 1556 1160 1594 acres
1203 1538 1556 1606 inquisitores
1607 1551 1730 1592 esse
1778 1551 1998 1606 compc-

424 1616 654 1696 riuntttr,
692 1641 746 1694 et
780 1641 888 1685 tum
917 1632 1081 1686 etiam
1109 1629 1355 1689 fortassis
1385 1627 1600 1694 veritati
1635 1641 1998 1698 repugnantes

423 1725 780 1798 undecunque
809 1723 1034 1788 subsidii
1068 1737 1264 1794 genera
1299 1731 1354 1777 et
1391 1721 1579 1775 auxilii
1609 1730 1878 1775 conantur
1902 1736 1998 1776 ex-

421 1813 683 1883 cogitare.
718 1811 823 1886 Sed
859 1813 1074 1882 ignobili
1106 1813 1357 1886 quapiam
1389 1812 1646 1875 adducto,
1697 1820 1824 1865 tunc
1872 1819 1998 1866 tunc

2095 623 2192 694 μὲν
2216 623 2323 694 γὰρ
2353 625 2434 687 είς
2459 625 2520 676 τὸ
2543 623 2883 693 καθαρθῆναι
2909 622 3050 676 κατὰ
3079 623 3302 693 καιροὺς
3321 620 3388 673 τὰ
3411 619 3680 692 πρόϐατα,

2093 715 2316 778 καὶτὰς
2356 715 2610 784 κουρίδας
2667 716 2850 778 αὐτοῖς
2901 714 3178 786 μαχαίρας
3224 713 3578 783 ἐπιφέρουσιν
3630 715 3682 764 οι

2093 804 2369 874 ποιμένες.
2397 805 2477 858 Τά
2503 805 2578 870 δὲ,
2615 807 2788 861 καίτοι
2818 807 3092 876 πάσχοντα
3125 805 3544 875 (παραψαύουσα
3573 803 3684 874 γὰρ

2095 895 2206 949 ἐσθ’
2245 897 2331 948 ὅτε
2367 895 2476 949 τῶν
2506 897 2792 967 δερμάτων
2820 900 2852 968 ή
2889 897 3134 967 μάχαιρα
3159 895 3363 964 λυπεῖ),
3395 894 3552 966 φέρει
3587 896 3684 947 καὶ

2095 988 2296 1057 σιωπᾷ,
2329 988 2422 1039 και⁵
2473 989 2588 1049 τοῖς
2613 985 2771 1056 τοῦτο
2809 985 3010 1061 δρῶσιν
3063 986 3163 1038 οὐκ
3212 984 3474 1056 ἐπιπηδᾷ.
3526 984 3684 1037 Οὕτω

2095 1079 2190 1131 καὶ
2243 1079 2272 1130 6
2323 1076 2600 1148 Χριστὸς,
2655 1077 3063 1148 λοιδορούμενος
3123 1077 3225 1130 οὐκ
3283 1075 3679 1146 ἀντελοιδόρει,

2096 1171 2320 1241 πάσχων
2347 1169 2446 1222 οὐκ
2493 1169 2728 1237 ἠπείλει,
2785 1168 3074 1240 παρεδίδου
3123 1167 3180 1222 δὲ
3211 1165 3290 1237 τῷ
3319 1166 3558 1238 κρίνοντι
3601 1166 3683 1218 δι-

2097 1260 2287 1323 καίως.
2331 1259 2553 1330 Ἀληθὲς
2572 1255 2684 1327 οὖν,
2717 1261 2800 1313 ὅτι
2845 1261 2935 1314 Ἐν
2965 1263 3031 1330 τῇ
3057 1257 3388 1312 ταπεινώσει
3434 1258 3468 1328 ή
3505 1257 3685 1327 κρίσις

2097 1352 2258 1405 αὑτοῦ
2297 1350 2460 1421 ήρθη.
2519 1351 2736 1420 Ἐπειδὴ
2790 1351 2898 1422 γὰρ
2946 1349 3124 1420 ἔδοξεν
3173 1345 3313 1402 εἷναί
3365 1365 3449 1410 τις
3499 1347 3685 1407 αὐτοῖς

2097 1445 2339 1514 εὐτελὴς,
2365 1445 2458 1497 καὶ
2483 1445 2540 1496 ἐν
2571 1445 2680 1505 τοῖς
2710 1442 2851 1511 άγαν
2882 1442 3220 1514 ὑφειμένοις,
3255 1440 3685 1513 προχειροτάτην

2098 1538 2217 1589 κατ’
2263 1534 2429 1588 αὐτοῦ
2484 1534 2582 1603 τὴν
2639 1533 2839 1604 ψῆφον,
2895 1535 3014 1604 ήτοι
3067 1534 3270 1604 κρίσιν,
3314 1533 3682 1602 ἐξενηνόχασι.

2098 1625 2277 1694 Δρῶσι
2310 1625 2366 1678 δὲ
2395 1624 2552 1678 τοῦτο
2575 1624 2682 1677 τῶν
2705 1625 3033 1689 δικαζόντων
3059 1626 3224 1689 τινὲς,
3259 1619 3341 1688 οἷς
3382 1625 3562 1693 ὀλίγος
3587 1625 3686 1694 μὲν

2099 1718 2295 1788 κομιδῇ
2327 1717 2427 1787 τῆς
2475 1717 2778 1787 ἀκριϐείας,
2834 1718 2953 1788 ήτοι
2985 1716 3086 1786 τῆς
3133 1716 3412 1786 ἀληθείας,
3441 1719 3470 1769 ό
3497 1715 3682 1783 λόγος’

2101 1807 2413 1879 προσώποις
2445 1808 2501 1860 δὲ
2557 1808 2788 1878 μᾶλλον,
2829 1809 2862 1880 ἢ
2901 1811 3015 1872 τοῖς
3056 1808 3305 1877 γεγονόσι
3350 1807 3712 1870 δικάζουσιν.”

420 1905 746 1979 praecipites,
777 1905 1008 1978 audaces
1031 1915 1085 1957 et
1127 1905 1243 1958 sine
1274 1905 1617 1959 cunctatione
1641 1901 1812 1965 omni,
1853 1904 1999 1972 capi-

2103 1900 2165 1952 Ει
2202 1900 2299 1969 μὲν
2331 1898 2440 1969 γάρ
2468 1915 2552 1960 τις
2578 1900 2661 1968 εῐη
2703 1898 2812 1951 τῶν
2843 1899 2900 1951 ἐν
2930 1900 3121 1970 κόσμῳ
3145 1897 3413 1969 λαμπρῶν
3440 1900 3470 1950 6
3496 1897 3682 1968 κρινό-

423 1994 586 2056 talem
612 1994 663 2048 in
690 1986 811 2048 eum
850 1995 1032 2053 [erunt
1060 1991 1408 2062 sententiam.
1439 1990 1723 2046 Sublatum
1759 2001 1844 2047 est
1872 2005 2000 2061 ergo

417 2084 684 2154 judicium
719 2085 835 2152 ejus
862 2084 913 2136 in
952 2083 1276 2146 humilitate,
1321 2082 1512 2152 inquit.
1541 2081 1808 2147 Quoniam
1835 2081 2002 2150 igitur

423 2158 572 2227 visus
618 2183 702 2240 est
746 2159 1075 2244 quibusdam
1136 2173 1276 2242 apud
1338 2170 1552 2226 Judaros
1603 2172 1684 2224 vel
1727 2171 2002 2241 judicibns

421 2264 580 2339 plane
622 2262 863 2337 humilis.
893 2249 1153 2336 propheta
1196 2261 1376 2314 animo
1419 2260 1813 2333 contemplatus
1853 2261 2004 2315 nobi-

422 2353 591 2418 litatis
623 2369 742 2426 qum
768 2354 820 2424 in
855 2354 944 2408 illo
976 2361 1094 2408 erat
1137 2352 1566 2426 amplitudinem,
1608 2361 1661 2405 et
1695 2355 1836 2422 quod
1865 2351 2003 2418 Deus

421 2444 584 2517 fuerit
617 2445 669 2516 in
701 2445 879 2518 specie
912 2453 1118 2507 nostra,
1149 2444 1295 2497 visus
1322 2453 1479 2498 terrm
1517 2429 1731 2506 incolis,
1791 2451 2000 2496 tantum

422 2533 729 2608 noncapitc
759 2543 902 2602 moto
926 2531 1168 2602 deplorat
1200 2547 1316 2606 eos,
1356 2532 1446 2600 qui
1481 2531 1746 2604 judicium
1782 2531 1833 2584 in
1877 2546 2001 2584 eum

419 2604 749 2700 statuerunt,
775 2635 832 2697 et
861 2623 1034 2692 inquit
1067 2641 1080 2675 :
1115 2604 1535 2694 Generationem
1559 2622 1674 2691 ejus
1701 2621 1821 2694 quis
1844 2634 2011 2693 quur:

421 2715 601 2791 rabit}
631 2714 746 2786 Non
794 2714 1247 2794 etenim,inmtit,
1299 2723 1355 2766 ut
1392 2713 1613 2782 putatis,
1659 2723 1846 2766 contra
1892 2712 2004 2782 plc-

420 2807 598 2878 beium
637 2817 689 2876 et
737 2807 895 2876 vilem
947 2793 1223 2880 hominem
1275 2805 1412 2868 duri,
1445 2813 1500 2860 ct
1575 2805 1744 2874 iniqui
1790 2804 2004 2874 judiccs

418 2897 714 2963 exstitistis
747 2917 760 2952 :
789 2899 881 2952 sed
927 2898 980 2972 in
1017 2912 1142 2952 eum
1179 2898 1378 2967 potius,
1412 2894 1566 2965 cujus
1595 2881 2014 2966 generationem.

421 2981 510 3041 vel
539 2989 717 3046 ortum
751 2980 894 3049 nulla
923 2981 1076 3046 vobis
1109 2981 1382 3048 explicare
1421 2989 1596 3051 potest
1647 2980 1844 3035 oratio.
1895 2979 2003 3034 Du-

425 3071 642 3141 pliciter
691 3082 871 3127 autetn
908 3074 1009 3128 ltoc
1049 3059 1333 3140 intelliges.
1383 3069 1554 3132 Natus
1605 3080 1691 3125 est
1750 3072 1893 3148 enim
1937 3087 2021 3146 ex,

423 3163 537 3220 Deo
570 3173 624 3222 ct
655 3163 815 3226 Patre
867 3167 1010 3221 Deus
1042 3165 1278 3222 Verbum
1313 3181 1326 3218 :
1365 3173 1420 3219 et
1456 3163 2001 3242 nativitatismodus,

425 3270 527 3313 nec
557 3258 808 3334 oratione
841 3256 1002 3322 valet,
1040 3273 1140 3312 nec
1187 3255 1537 3329 intelligentia
1598 3257 2001 3331 comprehendi.

424 3348 540 3404 Non
569 3349 714 3405 enim
744 3333 1098 3418 corporaliter
1123 3347 1292 3422 ’148
1321 3349 1536 3418 genitus
1556 3360 1658 3416 est,
1685 3353 1778 3405 sed
1816 3359 1886 3404 ut.
1911 3335 2007 3420 na:

429 3450 562 3492 torte
591 3440 691 3493 suh
720 3439 1125 3510 intelligentiam
1161 3440 1374 3494 cadenti
1405 3450 1459 3494 et
1501 3441 1839 3512 incorporea:
1875 3457 2004 3496 con-

424 3531 597 3585 venit.
635 3529 750 3584 Lux
780 3532 924 3585 enim
961 3532 1290 3602 resplenduit
1319 3532 1388 3588 de
1419 3533 1559 3598 luce,
1590 3542 1645 3588 et
1668 3535 1776 3588 vita
1807 3548 1870 3588 ex
1899 3535 2008 3587 vita

422 3631 576 3676 ortus
608 3633 708 3677 est.
753 3621 816 3676 Et
850 3623 1092 3691 genitum
1134 3638 1256 3679 esse
1285 3638 1430 3688 vere,
1463 3624 1860 3697 ex‘substantia
1913 3623 2006 3678 Dei

423 3727 488 3766 ac
509 3709 704 3775 Patris,
735 3710 950 3766 indubie
979 3713 1288 3767 credimus:
1346 3722 1402 3770 at
1429 3713 1720 3780 quomodo,
1766 3727 1870 3767 non
1927 3721 2009 3766 cst

425 3801 703 3855 facultatis
736 3811 964 3870 nostrae,
1000 3804 1084 3857 vel
1120 3804 1444 3872 exprimere,
1477 3803 1560 3857 vel
1588 3804 1845 3879 cogitare.
1901 3804 2007 3857 Sed

425 3907 548 3947 cum
579 3901 722 3948 esset
750 3902 940 3948 natura
978 3895 1137 3960 Deus,
1170 3909 1230 3948 se
1261 3894 1376 3963 ipse
1420 3893 1658 3957 demisit,
1692 3902 1751 3947 ιιι
1795 3903 2011 3964 propter

428 3987 524 4038 nos
551 3985 975 4040 cxinanitioncm
1012 3993 1312 4054 pateretur,
1337 4001 1399 4041 ac
1429 3986 1570 4042 servi
1606 3985 1834 4041 formam
1861 4001 2010 4040 sum-

427 4075 558 4144 psit,
583 4086 638 4130 et
663 4075 813 4130 nasci
852 4076 918 4130 de
962 4076 1189 4132 muliere
1225 4077 1520 4132 secundum
1572 4089 1790 4135 carnem
1845 4078 2007 4146 susti-

429 4166 571 4233 nuit,
597 4184 702 4223 non
731 4168 982 4222 humana:
1013 4178 1190 4225 tamen
1235 4168 1537 4224 nativitatis
1579 4169 1726 4240 leges
1770 4178 2007 4234 secutus,

427 4256 543 4312 Non
580 4259 724 4314 enim
753 4275 818 4314 ex
853 4260 969 4315 viro
1003 4270 1057 4313 ct
1092 4259 1316 4316 muliere
1341 4268 1494 4314 ortus
1524 4269 1661 4326 erat,
1695 4261 1790 4315 sed
1818 4261 2010 4331 mysti-

425 4364 522 4403 cus
553 4350 731 4418 potius
753 4358 808 4404 et
851 4351 1190 4418 peregrinus,
1238 4361 1294 4405 et
1344 4367 1506 4421 supra
1559 4367 1679 4418 nos,
1731 4366 1795 4406 ac
1843 4365 2011 4421 prope

427 4440 831 4496 inenarrabilis.
873 4440 1086 4496 Dictum
1133 4441 1277 4495 enim
1327 4451 1410 4496 est
1460 4453 1663 4496 sanctzn
1727 4441 1935 4512 Virgini
1993 4460 2006 4496 :

2107 2010 2284 2061 μενος,
2307 1991 2556 2062 ἀκριϐεῖς
2583 1991 2691 2044 τῶν
2718 1991 3060 2062 πραγμάτων
3091 1991 3379 2058 ἐξετασταὶ
3404 1991 3692 2061 εὑρίσκονοΔ

2101 2101 2214 2145 ται,
2237 2083 2378 2152 τάχα
2419 2099 2520 2134 που
2553 2082 2648 2134 καὶ
2679 2081 2803 2135 τότε
2829 2085 2897 2152 τῇ
2930 2081 3159 2152 ἀληθείᾳ
3208 2082 3540 2152 μαχόμενοι,
3590 2079 3714 2132 και.

2102 2176 2337 2246 τρόπους
2369 2173 2687 2245 ἐπικουρίας
2715 2174 2961 2244 ἀνευρεῖν
2983 2172 3333 2244 πειρώμενον
3383 2170 3686 2243 ἀσήμου-δέ

2103 2283 2246 2330 τινος
2266 2264 2834 2342 προσκλεκομισμένου,
2877 2265 2998 2318 τότε
3043 2264 3130 2334 δὴ,
3175 2265 3297 2318 τότε
3328 2264 3552 2336 θερμοὶ,
3597 2264 3685 2316 καὶ

2103 2355 2360 2428 θρασεῖς,
2419 2357 2515 2410 καὶ
2575 2355 2891 2411 ἀοκνότατοι
2943 2355 3086 2418 λίαν,
3142 2355 3236 2408 καὶ
3285 2355 3385 2426 τὴν
3424 2355 3518 2408 ἐπὶ
3577 2355 3686 2414 τοῖς

2104 2446 2352 2515 ἐσχάτοις
2383 2445 2548 2499 αὑτοῦ
2578 2446 2947 2516 καταφέρουσι
2985 2445 3188 2515 ψῆφον.
3234 2444 3414 2516 Ἠρθη
3441 2443 3621 2497 τοίνυν
3651 2445 3685 2512 ή

2103 2539 2284 2611 κρίσις
2313 2538 2497 2616 αὑτοῦ.
2520 2539 2578 2590 ἐν
2602 2539 2668 2607 τῇ
2689 2536 3020 2589 ταπεινώσει
3048 2534 3236 2600 αὑτοῦ,
3256 2535 3441 2606 φησίν.
3466 2534 3692 2606 Ἐπειδὴ

2102 2629 2158 2682 δὲ
2187 2629 2322 2692 ὅλως
2347 2627 2493 2692 ἔδοξὲ
2525 2643 2668 2680 τισιν
2700 2621 2840 2680 εἶναι
2879 2625 3028 2696 παρά
3082 2627 3196 2687 τοῖς
3230 2625 3530 2688 Ἰουδαίοις,
3565 2625 3686 2696 ήτοι

2102 2705 2214 2784 τοῖς
2270 2701 2546 2792 κρίνουσι¹
2601 2719 2877 2784 ταπεινὸς,
2913 2719 3170 2790 ἐννοήσας
3205 2721 3234 2772 6
3267 2719 3555 2790 προφήτης
3590 2720 3688 2790 τῆς

2105 2811 2342 2889 ἐνούσης.
2365 2809 2618 2873 εὐκλείας
2671 2809 2820 2879 αὐτῷ
2849 2809 2911 2862 τὺ
2945 2807 3268 2881 περιφανὲς,
3318 2808 3413 2861 καὶ
3442 2809 3525 2861 ὅτι
3559 2808 3688 2871 Θεὸς

2102 2899 2192 2974 ἦν,
2241 2906 2299 2956 ἐν
2329 2902 2462 2955 εῖδει
2494 2901 2572 2972 τῷ
2619 2901 2742 2955 καθ’
2797 2902 2942 2971 ήμᾶς
2976 2899 3254 2972 ὁρώμενος
3306 2899 3553 2963 τοῖς”ἐπὶ
3595 2900 3689 2969 τῆς

2103 2997 2233 3066 γῆς’.
2259 2993 2544 3066 μονονουχὶ
2575 2991 2857 3048 κατασείει
2885 2993 2984 3062 τὴν
3037 2990 3298 3060 κεφαλὴν,
3335 2991 3429 3044 καὶ
3470 2990 3685 3044 κατολο-

2105 3087 2336 3157 φύρεται
2371 3088 2497 3149 τοὺς
2526 3085 2624 3154 τὴν
2681 3083 2768 3138 ἐπ’
2823 3083 2973 3154 αὑτῷ
3019 3085 3216 3154 κρίσιν,
3259 3083 3568 3154 ὁρίσαντας,
3599 3082 3722 3140 καί.

2031 3214 2075 3273 c
2107 3194 2276 3250 φησιο
2330 3179 2442 3248 Τήν
2475 3176 2671 3245 γενεάν
2722 3174 2889 3230 αὐτοῦ
2942 3176 3027 3239 τίς
3075 3175 3425 3248 διηγήσεται;
3467 3175 3542 3230 Οὐ
3584 3175 3726 3250 γάρ.

2108 3268 2247 3324 κατά
2277 3269 2369 3322 τοῦ
2393 3268 2668 3338 τυχόντος,
2698 3266 2896 3338 φησιν,
2917 3267 2993 3330 ὡς
3031 3265 3162 3335 γοῦν
3193 3265 3431 3338 ᾠήθητε,
3469 3265 3689 3336 σκληροὶ
3722 3321 3727 3327 _

2109 3362 2204 3420 καὶ
2236 3359 2705 3431 ἄδικοιγεγόνατε
2732 3358 3010 3433 δικασταί*
3038 3359 3192 3416 ,κατά
3228 3359 3422 3426 τοῦτου
3469 3358 3525 3411 δὲ
3549 3358 3687 3428 μᾶλ-

2109 3452 2218 3516 λον,
2242 3444 2304 3504 οὗ
2334 3452 2432 3522 τὴν
2455 3450 2669 3518 γενεὰν,
2690 3450 2808 3520 ἦτοι
2825 3449 2934 3520 ¹τὴν
2961 3451 3237 3522 γέννησιν,
3263 3449 3440 3512 οὐδεὶς
3469 3447 3534 3502 ἂν
3565 3449 3694 3518 ήμίν

2107 3543 2182 3596 διε
2190 3540 2560 3615 ρμηνεὺσει[ε]
2579 3542 2752 3609 λόγος.
2769 3543 2906 3616 Διχῆ
2921 3542 2976 3594 δὲ
2991 3543 3150 3596 τοῦτο
3162 3542 3264 3611 ενοή
3273 3559 3405 3616 σενες.
3432 3541 3681 3610 Γεγέννη·

2109 3651 2197 3687 ται
2219 3633 2442 3704 μὲνγὰρ
2465 3635 2529 3686 ἐκ
2550 3632 2684 3685 Θεοῦ
2708 3635 2821 3686 Πατ
2832 3633 2921 3702 ρὸς
2948 3632 3080 3695 Θεὸς
3103 3632 3176 3685 ὢν
3201 3635 3228 3686 6
3251 3633 3442 3699 Λόγος,
3462 3625 3698 3702 άρῤητοέ

2107 3723 2164 3776 δὲ
2189 3714 2283 3776 διαὶ
2303 3723 2409 3774 ἀπε
2415 3720 2661 3792 ρινόητος
2683 3720 2958 3784 παντελῶς
2977 3723 3004 3773 6
3024 3722 3122 3791 τῆς
3141 3723 3444 3789 γεννήσεως
3473 3719 3692 3788 τρόπος.

2111 3813 2186 3866 Οὐ
2226 3813 2333 3883 γὰρ
2366 3812 2509 3865 κατά
2538 3812 2696 3882 σῶμα
2721 3812 2964 3880 γέγονεν,
3021 3811 3138 3864 ἀλλ’
3167 3811 3242 3873 ὡς
3283 3812 3350 3863 ἂν
3390 3808 3590 3882 πρέποι
3628 3810 3693 3877 τῇ

2110 3903 2273 3973 νοερᾷ
2306 3919 2365 3956 τε
2420 3903 2515 3956 καὶ
2543 3903 2826 3978 ἀσωμάτῳ
2857 3901 3034 3969 φύσει.
3081 3899 3200 3964 Φῶς
3260 3905 3367 3970 γάρ
3398 3897 3695 3969 ἐξέλαμψεν

2113 3995 2178 4048 ὲκ
2210 3993 2409 4063 φωτὸς,
2455 3979 2627 4062 ἀνέφυ
2670 3993 2726 4046 δὲ
2773 3994 2866 4046 καὶ
2889 3992 3002 4066 ζωὴ
3059 3993 3123 4045 ἐκ
3152 3985 3317 4063 ζωῆςέ
3355 3992 3450 4043 καὶ
3491 3989 3696 4058 ὅτιμὲν

2114 4080 2379 4152 ἐγεννήθη
2402 4080 2544 4135 κατά
2573 4080 2927 4150 ἀλήθειανέκ
2965 4079 3066 4149 τῆς
3091 4079 3275 4150 οὐσίας
3314 4079 3406 4132 τοῦ
3440 4079 3575 4132 Θεοῦ
3608 4095 3696 4131 κσι⁹

2115 4155 2350 4244 Πατρδς,
2375 4155 2768 4235 ἀνενδοιάστως
2792 4171 3138 4241 πιστεύομεν·
3174 4171 3235 4224 τὸ
3262 4171 3317 4225 δὲ
3342 4172 3508 4235 ὅπως,
3529 4172 3697 4222 εἰπεῖν

2115 4263 2149 4333 ἢ
2176 4265 2317 4317 νοεῖν
2344 4264 2445 4316 οὐκ
2479 4263 2614 4317 ἔστι.
2652 4263 2783 4326 Θεὸς
2807 4264 2865 4316 δὲ
2900 4264 2977 4317 ὢν
3014 4263 3195 4332 φύσει,
3243 4264 3480 4332 καθῆκεν
3512 4264 3695 4315 ἑαυτὸν

2116 4354 2194 4416 είς
2227 4354 2288 4405 τὸ
2320 4353 2538 4408 ἑλέσθαι
2573 4352 2768 4407 παθεῖν
2796 4353 2863 4406 δι’
2889 4355 3038 4423 ἡμᾶς
3084 4356 3182 4424 τὴν
3214 4355 3462 4408 κένωσιν.
3503 4353 3696 4406 Ἔλαϐι

2116 4442 2172 4496 δὲ
2196 4441 2386 4511 δούλου
2429 4442 2667 4514 μορφὴν,
2699 4443 2795 4497 κα)⁵
2838 4443 3103 4515 ὑπέμεινε
3149 4446 3402 4514 γέννησιν
3431 4443 3529 4514 τὴν
3564 4459 3697 4493 κατ)

433 4549 450 4579 t
488 4529 726 4599 Spiritus
756 4539 978 4584 sanctus
1011 4531 1356 4600 superveniet
1388 4531 1440 4584 in
1486 4542 1554 4596 te,
1590 4540 1645 4587 et
1689 4533 1862 4586 virtus
1910 4531 2002 4586 ΑΙ·-

2116 4530 2294 4602 σάρκα
2317 4533 2380 4584 ἐκ
2408 4531 2684 4599 γυναικὸς,
2741 4530 2802 4583 οὐ
2843 4534 2954 4595 τοῖς
2977 4532 3076 4601 τῆς
3109 4530 3454 4600 ἀνθρωπείας
3488 4529 3695 4596 φύσεως

431 4620 622 4674 tissimi
651 4622 998 4676 obumbrabit
1029 4624 1143 4677 tibi.
1197 4623 1320 4676 Ideo
1353 4623 1492 4692 quod
1541 4632 1722 4677 natum
1759 4633 1842 4676 est
1877 4640 2006 4677 san.

429 4720 598 4770 etum,
645 4709 926 4762 vocabitur
953 4708 1122 4763 Filius
1156 4709 1248 4763 Dei
1279 4711 1346 4764 “.
1387 4727 1406 4761 ι
1442 4710 1710 4776 Quoniam
1760 4726 1890 4765 vero
1917 4726 2007 4764 su-

429 4812 523 4865 pra
556 4808 761 4852 natura:
795 4814 906 4852 sua
937 4801 1300 4854 conditionem
1345 4802 1448 4856 hoc
1485 4803 1722 4856 carnalis
1753 4801 2007 4856 nativita-

429 4888 496 4942 tis
524 4887 641 4953 ejus
666 4890 983 4962 mysterium
1016 4889 1215 4944 l'actuni
1261 4906 1382 4946 esse
1419 4894 1679 4956 creditur,
1718 4901 2000 4962 propterea

424 4978 561 5033 dicit
583 4982 846 5050 propheta
880 4999 894 5036 :
925 4983 1340 5037 Generationem
1371 4984 1488 5053 ejus
1526 4984 1648 5052 quis
1695 4983 2006 5038 enarrabit?

423 5069 561 5135 Quia
596 5070 802 5126 tollitur
832 5071 897 5124 de
929 5081 1070 5126 terra
1106 5073 1213 5126 vita
1241 5073 1381 5140 ejus.
1415 5073 1669 5137 Tollitur,
1714 5075 1865 5139 dicit,
1909 5091 2004 5143 pro

425 5160 712 5224 attollitur,
742 5170 798 5217 et
831 5164 936 5216 vita
971 5163 1089 5232 ejus
1123 5166 1358 5219 terrenis
1384 5165 1691 5220 hominibus
1725 5177 1807 5219 est
1838 5167 2005 5221 subli-

427 5253 587 5320 mior,
621 5252 672 5307 id
701 5262 807 5317 est,
843 5254 1184 5309 conversatio
1210 5265 1264 5309 ct
1289 5255 1405 5321 ejus
1438 5255 1491 5308 in
1527 5270 1692 5312 carne
1736 5256 1865 5310 vita.
1899 5257 2002 5312 So-

427 5346 512 5410 lus
539 5345 684 5409 enim
711 5361 776 5400 ex
811 5346 1082 5409 omnibus,
1114 5346 1216 5401 etsi
1261 5355 1458 5400 nostrae
1483 5347 1810 5401 conditionis
1845 5349 2006 5402 homo

318 5457 320 5459 ·
425 5437 574 5494 visus
605 5437 698 5503 sit,
754 5453 862 5494 non
908 5437 1145 5505 patravit
1184 5445 1486 5506 peccaturo,
1531 5451 1704 5506 neque
1760 5440 2006 5492 inVL-ttlus

430 5533 509 5590 est
538 5525 694 5581 dolus
723 5528 774 5581 in
808 5542 903 5581 ore
938 5527 1074 5595 ejus,
1106 5541 1229 5579 cum
1253 5525 1564 5580 mortalium
1591 5527 1644 5580 in
1673 5537 1815 5584 terra
1845 5545 2005 5584 nemo

428 5616 531 5670 hoc
557 5619 870 5685 perfecerit,
906 5619 1011 5674 Nec
1054 5618 1198 5674 enim
1247 5618 1388 5674 inter
1433 5635 1534 5677 nos
1585 5623 1871 5691 quisquam
1921 5633 2006 5679 est

499 5791 543 5823 “
579 5795 686 5846 Luc
702 5832 713 5846 .
733 5812 769 5847 t.
799 5796 885 5863 35.

2113 4623 2490 4692 ἀκολουθήσας
2518 4623 2726 4691 νόμοις.
2754 4622 2830 4675 Οὐ
2865 4623 2972 4694 γὰρ
2999 4623 3061 4687 ἐξ
3090 4623 3304 4692 ἀνδρὸς,
3327 4623 3360 4689 ἢ
3386 4619 3642 4688 γυναικὸς
3669 4621 3697 4682 ή

2114 4711 2360 4782 πρόοδος·
2401 4713 2639 4783 μυστικὴ
2690 4713 2747 4766 δὲ
2785 4713 3008 4783 μᾶλλον,
3063 4713 3156 4766 καὶ
3215 4711 3374 4776 ξένη,
3427 4708 3522 4760 καὶ
3559 4707 3697 4775 ὑπὲρ

2111 4803 2284 4872 ἡμᾶς,
2321 4805 2416 4855 καὶ
2463 4803 2634 4871 ἐγγὺς
2683 4803 2994 4874 ἀδιήγητος.
3030 4801 3256 4871 Εἴρηται
3284 4799 3391 4870 γὰρ
3418 4799 3554 4869 πρὸς
3605 4798 3726 4866 τὴ).

2113 4894 2274 4961 ἁγίαν
2296 4893 2594 4965 Παρθένον,
2636 4896 2718 4947 ότι
2760 4893 3202 4962 (Πνεῦματᾶγιον
3230 4891 3580 4944 ἐπελεύσεται
3608 4892 3696 4940 ἐπι

2113 4985 2194 5052 σὲ,
2231 4973 2327 5038 ἰαὶ
2349 4985 2578 5055 δύναμις
2627 4983 2882 5053 Ὑψίστου
2911 4984 3223 5037 ἐπισκιάσει
3259 5001 3362 5038 σοι.
3399 4984 3487 5037 Διὸ
3515 4985 3605 5037 καὶ
3640 4985 3702 5034 τὸ

2111 5074 2448 5144 γεννώμενον
2479 5075 2658 5141 ἅγιον,
2715 5073 3049 5143 κληθήσεται
3081 5072 3210 5136 Υἱὸς
3239 5073 3396 5126 Θεοῦ.
3426 5092 3444 5125 ι
3481 5071 3697 5142 Ἐπειδὴ

2111 5167 2168 5220 δὲ
2225 5168 2318 5219 καὶ
2347 5167 2487 5235 ὑπὲρ
2518 5163 2678 5233 φύσιν
2719 5163 2819 5232 τὴν
2878 5151 3001 5218 καθ’
3041 5165 3191 5234 ἡμᾶς
3243 5164 3558 5235 πεπράχθαι
3608 5180 3697 5216 πι-

2107 5256 2356 5310 στεύεται
2389 5255 2450 5307 τὸ
2469 5255 2566 5323 τῆς
2590 5252 2741 5307 κατὰ
2777 5255 2957 5325 σάρκα
2989 5256 3297 5325 γεννήσεως
3314 5255 3475 5308 αὐτοῦ
3505 5256 3699 5325 μυστή-

2104 5365 2240 5418 ριον,
2286 5347 2376 5399 διὰ
2423 5345 2579 5400 τοῦτό
2616 5363 2782 5417 φησιν
2825 5349 2853 5400 6
2883 5349 3189 5418 προφήτης,
3222 5350 3306 5401 ὅτι
3360 5347 3471 5415 Τὴν
3496 5346 3696 5414 γενεάν

2102 5435 2267 5488 αὐτοῦ
2290 5436 2373 5499 τίς
2408 5436 2724 5506 διηγήσεται
2743 5436 2895 5500 ;Ὂτι
2913 5437 3128 5506 αἴρεται
3150 5435 3259 5488 ἀπὸ
3285 5435 3383 5504 τῆς
3405 5434 3560 5503 γῆςή
3582 5427 3696 5503 ζωή

2103 5527 2290 5582 αὐτοῦ.
2339 5528 2412 5580 Τὸ
2432 5528 2509 5594 δὲ,
2536 5525 2782 5597 Αίρεται,
2814 5529 3002 5597 φησὶν,
3037 5527 3158 5580 ἀντὶ
3199 5527 3319 5590 τοῦ,
3351 5525 3692 5595 Ἐπαίρεται,

2105 5621 2199 5673 καὶ
2231 5619 2538 5692 ὑψηλοτέρα
2575 5619 2682 5672 τῶν
2731 5620 2822 5672 ἐπὶ
2852 5620 2951 5689 τῆς
2987 5619 3089 5689 γῆς
3114 5620 3263 5671 ἐστιν
3289 5620 3320 5686 ὴ
3355 5617 3467 5688 ζωὴ
3489 5613 3656 5669 αὐτοῦ
3676 5652 3692 5679 ,
