4100 6462
283 395 424 452 HSI

1423 383 1491 439 IN
1532 381 1768 440 ISAIAII
1809 383 1939 439 LIB.
1985 383 2047 439 V.
2093 381 2336 441 TOMUS
2379 382 2421 438 1.

3442 379 3582 435 “8‘1

278 507 582 563 τουτέστιν
613 506 649 577 ἡ
683 502 928 557 πολιτεία
954 500 1048 555 καὶ
1094 500 1123 554 6
1166 498 1310 555 κατά
1338 497 1517 568 σάρκα
1547 498 1681 570 βίος.
1709 498 1890 560 Μόνος
1923 511 1937 557 Α

2042 498 2220 552 mnino
2261 497 2354 568 qui
2401 495 2827 567 reprehensione
2874 502 3082 550 careat.
3135 491 3367 549 Tollitur
3417 494 3583 549 etiam

283 599 403 670 γὰρ
435 598 499 650 ὲκ
530 594 771 656 πάντων,
815 591 995 646 καίτοι
1028 588 1152 643 καθ’
1186 589 1338 662 ἡμᾶς
1369 587 1649 660 ὁρώμενος
1676 587 1887 657 ἀνθρω-

286 703 423 749 πος,
463 684 566 738 οὑκ
596 681 854 751 εποίησεν
878 677 1189 751 ἁμαρτίαν,
1244 677 1365 732 οὐδὲ
1412 676 1612 749 εὑρέθη
1646 676 1794 740 δόλος
1830 677 1889 728 ὲν

286 776 374 855 τῷ
411 775 643 844 στόματι
674 770 867 837 αὑτοῦ,
899 770 1077 825 καίτοι
1107 767 1269 822 τοῦτο
1309 767 1738 840 κατωρθωκότος
1768 767 1891 820 οὐδ-

289 866 421 947 ενὸς
450 863 560 917 τῶν
597 862 693 915 ἐπὶ
719 861 820 932 τῆς
853 860 980 931 γῆς·
1010 858 1313 931 ἀμώμητος
1359 858 1470 929 γὰρ
1512 857 1794 920 παντελῶς
1835 859 1894 910 ὲν

291 960 435 1036 ᾐμῖν
457 954 654 1019 οὐδείς.
678 952 909 1024 Αῐρεται
943 949 1002 1005 δὲ
1032 950 1126 1004 καὶ
1151 949 1373 1020 ἑτέρως,
1396 950 1490 1004 καὶ
1521 949 1663 1022 ὑπὲρ
1685 948 1895 1015 πάντας

295 1050 421 1117 εστὶ
457 1048 585 1111 τοὺς
610 1045 706 1098 ἐπὶ
737 1045 837 1116 τῆς
876 1043 982 1114 γῆς
1011 1044 1045 1114 ή
1087 1042 1221 1114 ζωὴ,
1249 1042 1528 1099 τουτέστιν
1570 1044 1604 1113 ή
1636 1041 1873 1114 ὕπαρξις

294 1141 396 1198 τοῦ
428 1136 793 1210 Μονογενοῦς,
820 1137 950 1191 ὅταν
984 1132 1091 1203 ἔξω
1121 1135 1306 1206 νοῆται
1339 1133 1563 1206 σαρκὸς,
1605 1135 1700 1188 καὶ
1741 1132 1898 1188 οὔπω

298 1233 429 1311 καθ’
457 1231 610 1301 ἡμᾶς
642 1228 937 1301 γενόμενος
986 1226 1291 1298 ἄνθρωπος.
1328 1220 1403 1281 Οὗ
1445 1224 1626 1280 τοίνυν
1658 1225 1900 1296 παράδοο

301 1325 398 1403 ξος
425 1324 518 1378 καὶ
544 1322 686 1394 ὑπὲρ
734 1319 897 1392 φύσιν
935 1320 970 1391 ή
998 1317 1142 1403 κατά
1174 1317 1355 1390 σάρκα
1391 1316 1678 1389 γέννησις,
1710 1317 1907 1371 τούτου

301 1400 406 1472 καὶ
441 1418 474 1488 ή
523 1414 641 1486 ζωή
673 1413 768 1468 καὶ
805 1415 835 1467 6
890 1411 1006 1482 βίος
1036 1400 1431 1482 ’ὑπερνήχεται
1477 1410 1540 1462 τὸ
1576 1409 1773 1480 μέτρον
1795 1406 1915 1463 τῶν

303 1509 403 1587 sui
425 1508 526 1578 τῆς
551 1506 678 1577 γῆς.
723 1502 868 1557 Ἀλλ’
901 1503 1095 1574 ὥσπερ
1123 1501 1271 1566 τινὸς
1324 1501 1464 1574 πρὸς
1513 1500 1689 1554 ταῦτα
1723 1499 1908 1567 λέγον-

306 1615 423 1664 τος·
460 1598 586 1662 Πῶς
618 1599 648 1651 6
689 1596 766 1668 μὴ
796 1592 953 1659 είδὼς
989 1592 1289 1665 ἁμαρτίαν,
1326 1592 1529 1664 ψήφοις
1545 1591 1910 1659 ύπενήνεκται

311 1688 573 1758 θανάτου,
595 1687 693 1743 καὶ
717 1684 857 1757 μετά
882 1683 991 1738 τῶν
1010 1683 1230 1755 ἀνόμων
1251 1681 1507 1752 ἐλογίσθη
1526 1698 1541 1748 ;
1573 1680 1914 1750 Κατακέκρι-

310 1798 406 1834 ται
437 1780 546 1850 γὰρ
572 1777 649 1842 ὡς
677 1776 1023 1851 ἁμαρτωλός·
1052 1773 1336 1847 μονονουχὶ
1374 1774 1471 1828 καὶ
1525 1771 1915 1828 ἀντανίσταται

1996 587 2102 642 alio
2137 587 2318 651 modo,
2347 594 2402 640 et
2432 600 2594 655 supra
2625 600 2817 641 omnes
2844 584 3104 639 mortales
3127 592 3213 639 est
3238 582 3370 648 vita,
3401 581 3454 635 id
3478 591 3584 645 est,

2000 677 2277 750 Uuigeniti
2304 678 2567 744 essentia,
2592 678 2811 748 quando
2826 688 2979 732 extra
2999 690 3220 733 carnem
3240 674 3583 742 intelligitur,

2001 781 2057 826 et
2094 779 2387 840 antequam
2418 769 2594 824 lactus
2617 769 2689 823 sit
2717 770 2880 824 homo
2932 768 3105 823 nostri
3149 766 3364 822 similis.
3418 763 3593 831 Cujus

2004 863 2168 933 igitur
2191 861 2473 933 generatio
2504 859 2743 915 carnalis
2774 873 2990 913 omnem
3035 857 3347 927 opinionem
3392 862 3447 908 et
3493 867 3587 906 na-

2007 964 2183 1009 turam
2217 960 2440 1022 superat
2473 969 2490 1007 :
2525 951 2685 1021 hujus
2714 950 2878 1006 etiam
2927 951 3035 1003 vita
3070 956 3126 1003 et
3170 945 3386 1001 vivendi
3433 944 3591 999 insti-

2009 1053 2182 1100 tutum
2204 1059 2269 1100 ac
2289 1043 2429 1098 ratio
2451 1041 2761 1097 mortalium
2788 1041 3068 1096 hominum
3094 1053 3403 1095 mensuram
3426 1049 3593 1091 exce-

2009 1138 2089 1192 dit
2119 1146 2174 1191 et
2221 1135 2382 1204 longe
2432 1133 2771 1204 praeminet.
2823 1131 3096 1187 Caeterum
3159 1128 3383 1198 perinde
3434 1124 3597 1194 quasi

2009 1236 2200 1284 contra
2238 1227 2353 1283 haec
2379 1226 2587 1282 diceret
2617 1224 2889 1296 quispiam
2920 1240 2935 1277 :
2967 1220 3248 1289 Quomodo
3276 1217 3365 1286 qui
3402 1229 3595 1285 peccat--

2013 1328 2124 1373 tum
2150 1334 2259 1373 non
2290 1317 2465 1380 novit,
2491 1315 2781 1372 sententia:
2829 1313 3024 1368 mortis
3070 1310 3347 1379 subjectus
3384 1314 3489 1370 est,
3540 1314 3603 1360 et

2014 1423 2136 1464 cum
2168 1408 2373 1476 iniquis
2410 1415 2694 1477 repntatus
2725 1405 2846 1460 est?
2885 1403 3280 1460 condemnatus
3328 1406 3412 1450 est
3453 1396 3602 1449 enim

2016 1512 2070 1557 ut
2103 1509 2391 1572 peccator:
2427 1491 2817 1570 propemodum
2839 1495 3081 1552 occurrit
3145 1493 3287 1548 Dens
3316 1500 3372 1544 et
3419 1489 3604 1551 Pater,

2017 1603 2071 1649 et
2097 1592 2274 1662 inquit
2302 1609 2316 1646 :
2347 1590 2428 1645 Ab
2466 1588 2852 1660 iniquitatibus
2896 1583 3076 1656 populi
3128 1583 3232 1637 mei
3267 1581 3464 1635 ductus
3522 1585 3607 1631 est

2020 1684 2087 1739 ad
2115 1692 2364 1737 mortem.
2400 1678 2500 1736 Vel
2527 1679 2673 1734 enim
2706 1678 2809 1733 hoc
2835 1676 2968 1731 dicit
2996 1697 3010 1732 :
3047 1675 3152 1729 Pro
3180 1681 3402 1743 peccato
3425 1667 3609 1737 populi

2026 1777 2155 1841 mei,
2182 1774 2373 1830 volens
2396 1772 2588 1827 mortis
2612 1769 2940 1828 sententiam
2974 1767 3178 1832 subiit;
3211 1763 3293 1818 vel
3331 1761 3460 1816 illud
3491 1759 3608 1812 lor-

314 1849 494 1943 λέγων
515 1849 543 1926 6
565 1869 695 1934 Θεδς
727 1849 822 1923 καί
849 1868 1062 1940 Πατήρ⁶
1091 1866 1229 1925 Ἀπὸ
1249 1866 1359 1923 τῶν
1389 1864 1633 1937 ἀνομιῶν
1667 1863 1760 1918 τοῦ
1787 1862 1920 1918 λαοῦ

2042 1866 2185 1925 assis
2218 1884 2233 1921 :
2265 1865 2399 1933 Quia
2441 1864 2722 1928 nimirum,
2753 1861 2957 1931 inquit,
3002 1853 3337 1927 iniquissimi
3376 1849 3609 1907 exstite—

320 1984 426 2041 μου
485 1964 628 2037 ήχθη
684 1964 765 2026 είς
802 1961 1057 2016 θάνατον.
1107 1960 1180 2013 ’Ἦ
1222 1959 1334 2031 γὰρ
1392 1956 1555 2023 τοῦτό
1608 1973 1796 2028 φησιν,
1835 1957 1918 2010 ὃτι

2042 1969 2146 2015 ιιιιι
2184 1958 2237 2014 bi
2293 1956 2384 2027 qui
2441 1953 2637 2025 populo
2692 1966 2818 2008 meo
2862 1949 3078 2006 accensi
3127 1953 3273 2011 sunt,
3326 1952 3611 2013 propterea

331 2033 634 2131 "rnsp'éﬁé
656 2054 934 2127 ἁμαρτίας
961 2051 1058 2106 τοῦ
1091 2049 1223 2105 λαοῦ
1270 2067 1373 2122 μου
1419 2049 1521 2121 τὴν
1560 2048 1657 2103 τοῦ
1688 2046 1920 2102 θανάτου

2042 2063 2214 2103 eorum
2245 2043 2584 2102 crudelitatis
2612 2051 2669 2098 et
2700 2041 2866 2099 caedis
2891 2038 3068 2108 laquei
3098 2037 3153 2091 in
3182 2037 3333 2090 illum
3382 2033 3615 2088 devene-

321 2152 506 2231 ψῆφον
545 2146 970 2220 ὑπομεμένηκεν
1011 2143 1175 2211 ἑκὼν,
1207 2144 1377 2215 ήγουν
1420 2141 1601 2198 ἐκεῖνό
1629 2158 1734 2196 που
1757 2142 1920 2210 τάχα.

336 2230 559 2312 Ἐπειδὴ
585 2239 695 2311 γὰρ
723 2237 1087 2308 ἀνομώτατοι,
1112 2234 1269 2307 φησὶ,
1301 2233 1592 2304 γεγόνασιν
1625 2232 1676 2285 οἱ
1704 2230 1924 2285 τελοῦν-

324 2349 422 2413 εες
450 2334 533 2403 είς
552 2331 645 2396 τὸν
662 2329 795 2402 ὲμδν
814 2328 966 2392 λαὸν,
987 2326 1077 2383 διὰ
1099 2324 1260 2381 τοῦτο
1286 2326 1384 2397 τῆς
1406 2322 1586 2381 αὐτῶν
1613 2323 1920 2395 ὠμότητος,

327 2424 429 2507 καὶ
491 2421 838 2495 μιαιφονίας,
887 2420 985 2478 καὶ
1057 2419 1145 2481 ἐπ’
1195 2417 1360 2478 αὐτὸν
1414 2413 1578 2490 ἦλθον
1614 2417 1665 2470 οἱ
1716 2414 1925 2488 βρόχοι,

329 2505 475 2592 ἤχθη
498 2517 557 2571 δὲ
588 2509 746 2579 οὗτος
780 2517 860 2579 είς
895 2509 1392 2581 θάνατονφἋληθὲς
1432 2509 1489 2566 δὲ
1528 2507 1748 2572 πάντως
1769 2505 1928 2561 τοῦτό

330 2629 395 2668 τε
429 2611 674 2665 κάκεῖνο.
717 2605 982 2661 ’Δπέθανε
1010 2605 1121 2676 γὰρ
1152 2602 1238 2659 ἵνα
1264 2601 1594 2675 καταργήσῃ
1626 2600 1725 2672 τήν
1747 2601 1932 2671 ἀμαρ-

330 2703 459 2761 τίαν
484 2700 597 2756 τῶν
636 2698 729 2753 ἐπὶ
780 2698 881 2769 τῆς
909 2696 1044 2767 γῆς,
1074 2694 1170 2749 καὶ
1204 2694 1304 2749 σὺν
1350 2693 1489 2766 αὐτῇ
1545 2692 1637 2746 τὸν
1671 2691 1731 2757 ἐξ
1764 2691 1934 2762 αὐτῆς

333 2791 622 2865 ἀναφύντα
654 2787 942 2861 καταλύσῃ
967 2786 1219 2840 θάνατον.
1255 2782 1525 2838 Ἀπέθανε
1555 2780 1652 2835 καὶ
1690 2779 1895 2852 ἑτέρως
1917 2817 1935 2844 ,

2025 2152 2173 2208 runt,
2202 2141 2385 2210 itaque
2417 2140 2485 2195 ad
2518 2146 2753 2194 mortem
2782 2136 2979 2188 ductus
3004 2143 3106 2188 εει.
3139 2129 3340 2185 Verum
3394 2124 3619 2181 omnino

2025 2244 2110 2290 est
2137 2242 2194 2287 et
2224 2231 2327 2287 hoc
2348 2241 2405 2285 et
2435 2230 2587 2286 illud.
2624 2228 2870 2284 Mortuus
2894 2227 3041 2283 enim
3075 2231 3180 2289 est,
3218 2230 3275 2275 ιιι
3303 2216 3616 2274 mortalium

2030 2323 2272 2380 abeleret
2310 2330 2622 2394 peccatum,
2653 2328 2707 2375 et
2747 2332 2854 2374 una
2883 2331 3007 2372 cum
3033 2329 3101 2370 eo
3141 2320 3370 2368 mortem
3418 2324 3483 2364 es
3531 2307 3624 2360 illo

2029 2415 2198 2488 ⁸149
2223 2424 2443 2471 enatam
2477 2412 2704 2468 deleret.
2735 2407 2980 2464 Mortuus
3009 2412 3095 2460 est
3125 2403 3231 2458 alio
3253 2399 3414 2457 modo
3434 2400 3620 2461 etiam,

2030 2508 2236 2563 Juda'is
2269 2506 2320 2560 in
2357 2504 2507 2560 illum
2539 2502 2727 2572 inique
2765 2498 3073 2571 agentibus.
3121 2493 3237 2549 Etsi
3275 2495 3424 2548 enim
3458 2503 3627 2558 agno-

2033 2606 2229 2655 verunt
2271 2612 2395 2653 eum
2438 2609 2561 2651 esse
2627 2591 2924 2655 hacredcm,
2983 2587 3128 2658 apud
3179 2600 3239 2641 se
3297 2584 3553 2639 dixerunt
3606 2595 3625 2636 :

2042 2705 2062 2740 s
2096 2686 2312 2751 Venite,
2340 2682 2660 2740 occidamus
2693 2696 2841 2748 eum,
2873 2688 2928 2735 et
2956 2676 3334 2734 ltrereditatem
3363 2672 3482 2742 ejus
3529 2685 3629 2726 no-

2039 2778 2124 2834 bis
2163 2790 2495 2846 occupemus
2523 2773 2591 2828 ⁸⁷.
2624 2791 2643 2825 ι

336 2853 731 2962 ἀνομησάντων
757 2886 837 2948 είς
869 2853 1032 2937 αύτδν
1083 2879 1375 2934 Ἰουδαίων.
1422 2877 1625 2932 Καίτοι
1665 2875 1778 2948 γὰρ
1807 2873 2185 2944 ἐπεγνωκότες
2242 2873 2325 2927 ὅτι
2363 2869 2527 2934 αὐτός
2589 2870 2737 2922 ἐστιν
2768 2867 2799 2920 6
2842 2860 3201 2934 κληρονόμος,
3230 2853 3386 2913 εἶπον
3412 2857 3472 2909 ὲν
3500 2856 3633 2908 εαυ-

338 2989 472 3073 τοῖς·
511 2983 728 3048 «Δεῦτε,
757 2978 1171 3050 ἀποκτείνωμεν
1189 2976 1374 3042 αὐτὸν,
1407 2975 1503 3029 καὶ
1528 2971 1749 3045 σχῶμεν
1773 2972 1989 3035 ἑαυτοῖς
2024 2971 2126 3043 τὴν
2154 2964 2522 3041 κληρονομίαν
2559 2962 2782 3018 αὐτοῦ.»

418 3038 523 3136 ira:
545 3038 727 3132 me
748 3038 899 3143 10ch
928 3038 1235 3141 πονηροὺς
1285 3038 1421 3126 ἀντὶ
1455 3038 1806 3138 sigma,
1834 3067 1937 3122 αὑ-

2079 3038 2093 3043 ⁷
2121 3038 2290 3120 Vens.
2316 3064 2373 3120 9.
2419 3062 2489 3117 Et
2521 3060 2659 3115 dabo
2715 3055 2977 3127 improbos
3030 3067 3127 3122 pro
3170 3047 3442 3118 sepultura
3493 3038 3635 3115 ejus,

343 3173 477 3240 τοῦ,
493 3170 593 3227 καί
621 3170 767 3235 τοὺς
788 3165 1133 3232 πλουσίους
1150 3164 1287 3219 ἀντὶ
1315 3162 1423 3219 τοῦ
1451 3146 1714 3218 θανάτου
1734 3158 1944 3215 αὐτοῦ.

345 3266 480 3319 Ὀτι
512 3260 811 3332 ἁμαρτίαν
841 3261 954 3313 οὐκ
1002 3256 1317 3325 ἐποίησεν,
1354 3252 1501 3311 οὐδὲ
1518 3250 1735 3322 εὑρέθη
1767 3251 1950 3318 δόλος

348 3357 421 3429 ἐν
455 3353 538 3421 τῷ
559 3352 816 3423 στόματι
845 3349 1055 3405 αὐτοῦ.

354 3432 361 3441 ’
425 3447 647 3503 Ἔοικεν
677 3446 735 3497 ἐν
768 3441 984 3507 τούτοις
1032 3441 1216 3493 ἐκεῖνο
1265 3437 1556 3510 βούλεσθαι
1592 3433 1808 3506 δηλοῦν,
1857 3433 1952 3489 καὶ

353 3539 554 3621 ἀληθὲς
581 3537 642 3595 ὃν
699 3534 1051 3605 ἀποφαίνειν,
1116 3533 1255 3604 ὅπερ
1318 3530 1529 3602 ἔφαμεν
1574 3528 1811 3602 ἀρτίως,
1869 3526 1954 3580 ὅτι

353 3615 443 3687 διὰ
475 3631 536 3685 τὸ
587 3624 730 3683 εἶναι
785 3624 1066 3687 δυσσεϐεῖς
1122 3621 1347 3695 σφόδρα,
1409 3618 1504 3673 καὶ
1567 3615 1955 3689 ἀνομωτάτους

356 3725 485 3802 τοὺς
505 3721 796 3783 τελοῦντας
832 3719 912 3781 είς
934 3715 1063 3770 λαὸν
1099 3713 1258 3778 Θεοῦ,
1298 3710 1440 3783 ήχθη
1483 3707 1717 3780 Χριστὸς
1746 3707 1825 3770 εἰς
1858 3704 1957 3759 θά-

359 3796 541 3881 νατον.
584 3810 807 3882 Ἐπειδὴ
846 3810 979 3880 γὰρ,
1018 3806 1208 3879 φησὶν,
1250 3802 1722 3875 πεπαρῳνήκασιν
1752 3800 1833 3863 είς
1856 3796 1957 3852 αύ-

358 3911 453 3971 τδν
481 3907 738 3983 ἀνοσίως,
767 3904 864 3959 καὶ
889 3899 1133 3975 ἀρχηγὸν
1154 3898 1284 3953 ὄντα
1303 3897 1407 3966 τῆς
1426 3894 1573 3967 ζωῆς
1604 3890 1961 3952 ἀπεκτόνασι,

361 3986 754 4069 δυσσεϐοῦντες
790 3996 1122 4068 ἀφυλάκτως
1151 3992 1248 4047 καὶ
1271 3993 1351 4055 είς
1375 3990 1539 4044 αὑτὸν
1562 3988 1654 4042 τὸν
1684 3984 1928 4051 σώζοντα
1944 3996 1960 4011 ·

365 4084 629 4168 ταύτῃτοι
689 4078 786 4145 καὶ
843 4088 990 4162 μάλα
1045 4084 1271 4147 δικαίως
1330 4083 1458 4145 τοὺς
1521 4077 1796 4150 πονηροὺς
1873 4073 1968 4128 καὶ

368 4166 659 4261 πλουσίους
684 4182 862 4249 δώσω,
885 4180 1074 4252 φησὶν.
1105 4179 1187 4239 είς
1238 4176 1428 4246 χεῖρας
1458 4170 1694 4242 ἐχθρῶν,
1721 4168 1841 4223 ἀντὶ
1867 4166 1968 4237 τῆς

368 4258 547 4350 ταφῆς
570 4273 761 4341 αὑτοῦ,
794 4272 889 4327 καὶ
920 4271 1041 4345 ἀντὶ
1064 4267 1160 4323 τοῦ
1200 4267 1433 4320 θανάτου
1466 4261 1656 4318 αὐτοῦ.
1704 4258 1968 4330 Πεπλημ-

375 4370 652 4443 μελήκασι
719 4367 830 4436 γάρ

371 4459 736 4522 ἀπεκτονότες
763 4456 856 4511 τὸν
883 4455 1111 4529 Κύριον,
1161 4451 1258 4505 καὶ
1297 4445 1762 4517 συκοφαντοῦντες
1800 4439 1969 4497 αὑτοῦ

372 4554 475 4626 τὴν
506 4553 707 4623 ταφήν.
741 4550 854 4609 Καὶ
902 4548 1033 4609 τίνα
1080 4545 1307 4618 τρόπον,
1334 4541 1590 4615 ἐροῦμεν.
1631 4538 1835 4608 Ἐτάφη
1874 4536 1972 4607 μὲν

376 4648 488 4715 γὰρ
510 4645 811 4717 ὑπομείνας
834 4642 925 4699 τὸν
945 4641 1088 4703 κατὰ
1122 4640 1303 4711 σάρκα
1328 4638 1579 4694 θάνατον’
1613 4633 1751 4707 πλὴν
1773 4631 1977 4688 ἀνεϐίω

377 4738 699 4809 τριήμερος,
734 4733 962 4805 σεισμοῦ
986 4733 1271 4803 γεγονότος
1310 4728 1491 4809 ἐνμτῴ
1533 4724 1805 4799 μνημείῳ·
1836 4722 1979 4777 ὥστε

665 4810 1042 4901 φυλάσσοντας
1089 4804 1429 4898 στρατιώτας
1458 4824 1515 4875 ὲν
1543 4818 1795 4891 αἰσθήσει
1823 4812 1973 4885 γενέ⁴

296 4952 306 4962 -
387 4924 513 4978 σθαι
536 4922 634 4978 τοῦ
685 4922 1034 4993 πράγματος,
1084 4914 1380 4987 ἀφικέσθαι
1425 4930 1488 4967 τε
1544 4911 1683 4982 πρὸς
1707 4910 1835 4971 τοὺς
1867 4905 1981 4959 τῶν

398 5014 671 5072 Ἰουδαίων
704 5011 1048 5084 καθηγητὰς,
1078 5004 1413 5078 ἀπαγγεῖλαί
1444 5020 1506 5059 τε
1536 5000 1722 5065 τοῦτο,
1755 4999 1850 5052 καὶ
1883 4995 1984 5052 αύ-

385 5110 488 5177 τὴν
512 5107 688 5178 δὲτὴν
716 5105 1039 5161 ἀνάστασιν.
1092 5102 1159 5156 0i
1194 5100 1272 5164 δὲ,
1322 5094 1469 5153 καθά
1520 5110 1687 5165 φησιν
1732 5093 1763 5145 6
1816 5089 1985 5156 εὐαγ-

386 5201 669 5272 γελιστὴς.
712 5198 955 5271 ἀργύρια
981 5193 1147 5253 ἰκανά
1176 5192 1383 5246 ἔδωκαν
1431 5191 1547 5252 τοῖς
1586 5182 1989 5258 στρατιώταις,

2048 3168 2096 3214 et
2125 3159 2316 3214 divites
2357 3172 2454 3225 pro
2480 3163 2649 3209 morte
2667 3151 2805 3222 ejus.
2842 3148 2984 3214 Quia
3015 3144 3351 3215 iniquitatem
3407 3155 3510 3195 non
3551 3137 3638 3203 fs-

2051 3253 2141 3320 εει,
2174 3264 2338 3320 neque
2365 3250 2605 3302 inventus
2646 3253 2720 3299 est
2749 3240 2904 3296 dolus
2938 3240 2993 3294 in
3036 3252 3126 3292 ore
3156 3236 3293 3304 ejus.

2130 3430 2354 3486 Videtur
2385 3429 2440 3484 in
2469 3427 2559 3483 his
2605 3423 2791 3480 verbis
2829 3420 2961 3478 illud
2997 3418 3138 3476 velle
3206 3395 3541 3486 signiﬁcare,
3593 3425 3648 3470 et

2056 3523 2110 3579 id
2137 3536 2326 3577 verum
2353 3534 2478 3576 esse
2526 3516 2838 3582 ostendere,
2894 3511 3038 3582 quod
3091 3509 3205 3579 jam
3251 3506 3511 3567 diximus,
3578 3514 3648 3555 eo

2057 3616 2203 3686 quod
2234 3613 2385 3684 impii
2417 3611 2713 3667 admodum
2748 3618 2804 3665 et
2869 3601 3201 3675 iniquissimi
3258 3597 3497 3659 fuerant,
3555 3593 3651 3663 qui

2060 3705 2263 3777 populo
2296 3704 2389 3759 Dei
2416 3701 2637 3759 accensi
2668 3706 2850 3763 erant,
2874 3705 3163 3769 propterea
3196 3690 3477 3747 Christum
3529 3696 3655 3739 esse

2062 3775 2394 3855 adimortem
2423 3794 2735 3864 abreptum.
2774 3788 2936 3856 Nam,
2975 3784 3174 3856 inquit,
3208 3775 3653 3853 quandoquidem

2064 3893 2231 3964 impie
2260 3892 2317 3946 in
2338 3889 2486 3947 illum
2526 3883 2847 3943 debacchati
2883 3889 3036 3944 sunt,
3080 3887 3138 3933 et
3173 3874 3474 3946 principem
3530 3869 3660 3922 vita:

2069 3960 2489 4047 interfecerunt,
2558 3973 2969 4030 inconsiderate
3043 3965 3379 4035 impietatem
3433 3960 3489 4014 in
3532 3972 3661 4015 eum

2068 4073 2238 4129 etiam
2284 4071 2378 4141 qui
2411 4078 2597 4124 servat
2621 4070 2988 4122 exercentes:
3020 4059 3151 4114 hinc
3177 4054 3474 4123 etquidem
3507 4049 3666 4106 valde

2072 4163 2267 4219 merito
2288 4139 2570 4230 improbos
2593 4165 2650 4211 et
2668 4154 2884 4227 divites,
2906 4149 3103 4220 inquit,
3122 4161 3220 4215 pro
3249 4143 3526 4214 sepultura
3545 4139 3667 4209 ejus

2072 4266 2126 4312 et
2160 4269 2259 4326 pro
2290 4259 2467 4308 morte
2495 4247 2643 4319 ejus,
2663 4246 2807 4302 daho
2835 4244 2888 4298 in
2914 4255 3111 4296 manus
3144 4235 3403 4293 hostium.
3442 4232 3665 4286 Duobus

888 4342 1134 4417 Ἰουδαῖοι
1158 4357 1337 4414 ικατά
1397 4354 1491 4411 δύο
1544 4354 1782 4426 τρόπους
1805 4394 1821 4417 ,
1874 4321 1971 4405 ᾆξαι
1998 4416 2041 4426 _
2074 4321 2219 4405 enim
2251 4342 2429 4399 modis
2459 4340 2809 4409 deliquerunt
2836 4332 3029 4395 Judaei,
3068 4341 3180 4386 tum
3202 4326 3347 4398 quod
3370 4321 3667 4380 intcrl‘ece-.

1426 4426 1762 4498 ζωαντοῦντες
1800 4439 1969 4497 αὑτοῦ
1998 4416 2049 4476 D
2077 4430 2187 4494 rint
2215 4434 2528 4498 Dominum,
2556 4441 2669 4486 tum
2715 4427 2860 4498 quod
2915 4425 3033 4493 ejus
3086 4417 3424 4489 sepulturam
3459 4412 3671 4468 calum-

2080 4530 2217 4586 niati
2247 4526 2474 4584 fuerint.
2508 4524 2632 4593 Quo
2662 4530 2843 4576 autem
2872 4516 3060 4584 modo,
3092 4512 3359 4568 dicemus.
3413 4504 3673 4575 Sepultus

2080 4634 2167 4682 est
2222 4622 2371 4678 enim
2425 4628 2715 4690 postquam
2817 4610 3002 4667 carnis
3067 4614 3300 4662 mortem
3391 4598 3695 4660 subiissct,

2084 4727 2138 4773 et
2162 4725 2343 4770 tamen
2399 4710 2565 4769 tertio
2609 4707 2696 4765 die
2749 4702 2968 4767 revixit,
3030 4708 3190 4754 terra:
3244 4703 3393 4750 tnottt
3440 4690 3676 4760 quodam

2086 4808 2325 4865 excitato
2356 4804 2411 4860 in
2450 4807 2829 4863 monumento,
2887 4794 3027 4851 adeo
3056 4801 3114 4846 ut
3143 4788 3344 4844 milites
3368 4780 3679 4840 custodien-

2088 4913 2170 4957 tes
2204 4915 2320 4955 rem
2368 4897 2661 4961 sentirent,
2686 4902 2742 4948 et
2773 4890 2843 4947 ad
2875 4887 3183 4943 Iudaeorum
3201 4883 3484 4953 praefectos
3510 4874 3680 4934 irent,

2086 5006 2319 5062 eamque
2349 4989 2687 5052 nuntiarent,
2747 4984 3029 5054 ipsamque
3085 4970 3568 5031 resurrectionem.
3614 4962 3682 5019 lli

2089 5054 2247 5151 vero,
2303 5080 2462 5138 sicuti
2513 5075 2850 5148 evangelista
2907 5069 3096 5133 refert,
3159 5071 3447 5133 argenteos
3484 5054 3688 5111 umltos

2093 5148 2361 5235 dederunt
2423 5171 2710 5235 militibus,
2779 5172 2839 5221 ut
2898 5163 3145 5220 dicerent
3203 5152 3501 5225 discipulos
3568 5148 3690 5219 ejus

400 5241 669 5272 μηδ”-ἰν
712 5241 955 5271 -ι-ιἾ-’ν-
983 5241 1146 5253 -σ--υνν
1178 5241 1373 5246 -ττ-νηη
1448 5241 1546 5252 vr-
1656 5241 1670 5258 .
1932 5241 1937 5244 -

392 5297 485 5350 ἵνα
515 5294 768 5355 εἴπωσιν,
799 5291 883 5345 ὅτι
930 5289 982 5342 οἱ
1016 5285 1260 5360 μαθηταὶ
1304 5280 1471 5338 αὐτοῦ
1502 5279 1749 5340 ἐλθόντες
1795 5272 1937 5329 νυκτί

2097 5269 2311 5325 venisse
2336 5274 2527 5333 noctu,
2567 5272 2804 5331 eumque
2857 5251 3192 5324 surripuisse
3218 5249 3287 5304 ⁸⁸.
3350 5246 3555 5314 Estque
3589 5241 3679 5294 hic

394 5385 637 5456 Εκλεψαν
905 5339 1357 5449 ιέαὶῖαὲφήμίσθη
1396 5375 1426 5429 6
1468 5373 1627 5441 λόγος
1658 5339 1813 5432 οὗτος
1840 5384 1937 5438 παι

2097 5375 2277 5417 sermo
2318 5357 2629 5426 divulgatus
2657 5352 2801 5424 apud
2850 5348 3067 5406 Judaeos
3112 5344 3180 5399 ad
3221 5339 3545 5396 hodiernum
3598 5345 3690 5384 us-

394 5480 511 5542 τοῖς
533 5431 1032 5545 ἶιουδῖιᾷξξμὲξρὶ
1064 5431 1457 5541 τήςησήμερον
1504 5431 1740 5535 ἡμέρας.

2101 5466 2209 5524 que
2247 5451 2412 5508 diem.
2454 5448 2644 5519 itaque
2670 5440 2743 5502 ob
2766 5444 2886 5499 haec
2910 5442 3018 5496 duo
3050 5435 3256 5494 scelera
3323 5431 3547 5485 accusat
3593 5436 3692 5476 eos

2352 5543 2359 5545 Α
2655 5538 2667 5545 _
2765 5538 2777 5545 _
2915 5543 2922 5545 _
2995 5530 3035 5545 Ἀ
3092 5543 3131 5545 η
3186 5522 3461 5545 Anu“.
3515 5522 3690 5545 “me

398 5522 602 5633 διττάς
636 5522 1075 5638 πλημιίελήὲἓσι
1120 5522 1395 5633 γράφεται
1423 5522 1559 5621 τοὺς·
1597 5522 1937 5625 ησεδηκότας

2103 5522 2196 5618 qui
2235 5543 2400 5614 impie
2441 5538 2782 5613 praevaricati
2804 5543 2952 5599 sunt,
2995 5530 3139 5584 Deus
3179 5533 3236 5582 et
3260 5522 3463 5583 Pater;
3515 5522 3693 5638 ctcos

2459 5634 2491 5638 “
2682 5630 2715 5638 ··
2761 5630 2772 5638 ·
3031 5622 3108 5638 ικ-
3157 5625 3214 5638 --ι
3259 5613 3346 5638 an:
3380 5604 3668 5638 Mil-“nni.”

402 5602 600 5633 "HW".
642 5602 1075 5638 ηἰιινυξκηιιν-*ν-
1133 5602 1395 5633 σι’-τ--νη
1433 5602 1549 5621 "vv
1605 5602 1838 5625 -.vv~-.-~
1885 5602 1897 5605 ν
1924 5602 1937 5614 -

402 5660 538 5727 Θεὸς
583 5657 683 5717 καὶ
716 5657 930 5728 Πατήρ⁶
958 5650 1309 5725 πονηροὺςδὲ
1336 5648 1535 5714 αὐτοὺς
1582 5647 1679 5701 καὶ
1702 5642 1937 5698 -πλουσίο

2111 5602 2282 5707 malos
2312 5602 2555 5713 appellat
2583 5640 2640 5690 et
2664 5630 2861 5691 divites
2894 5642 2909 5683 :
2939 5622 3132 5688 malos,
3156 5625 3219 5675 ut
3254 5613 3350 5693 qui
3378 5602 3691 5673 cnlunmiati

440 5837 489 5873 ⁸⁷
521 5834 717 5895 Matth.
750 5848 862 5901 ut,
895 5831 985 5889 58.
1064 5830 1108 5862 ⁶⁸
1157 5826 1347 5915 Matth.
1389 5838 1587 5889 xxvnt,
1635 5821 1721 5915 ιε,
1770 5820 1853 5876 15.
