4100 6528
443 450 577 506 H83

1461 445 1517 499 5.
1558 441 1845 499 OYRlLLl
1879 433 2707 497 ΑιειεΑΝυιιιΝιΑ-ῐιοιιιερ.

3569 425 3711 497 ι-,ιιιι

441 564 665 631 fuerint,
698 574 753 619 οι
794 566 947 620 vanis
996 564 1062 619 de
1094 563 1277 618 causis
1313 562 1495 617 Jesum
1547 561 1882 626 occiderint;
1931 562 2014 616 di-

2118 560 2421 613 ἀποκαλεῖ·
2467 556 2738 626 πονηροὺς
2792 551 2889 621 μὲν
2916 547 2992 613 ὡς
3038 547 3581 617 συκοφαντήσαντας,
3616 549 3711 600 καῖ

441 658 578 710 vites
611 666 811 719 autem,
850 656 991 724 quod
1016 654 1241 723 pecunia
1270 653 1647 723 persuaserint
1699 652 1860 707 Pilati
1928 669 2021 713 sae

443 749 695 801 tellitibus
752 746 1114 801 venerandum
1176 754 1231 800 et
1290 760 1545 815 magnum
1604 745 2018 800 resurrectionis

441 838 759 906 mysterium
802 836 1145 891 calumniari.
1174 836 1267 890 Est
1315 836 1481 890 etiam
1549 835 1846 899 verisimile
1909 835 2018 890 alio

440 929 599 981 modo
623 943 717 982 eos
755 928 928 982 dictos
974 942 1095 982 esse
1139 927 1335 982 divites
1378 944 1392 980 :
1428 927 1680 981 nimirum
1739 926 2021 982 subiunuit

438 1026 493 1070 et
518 1017 682 1071 tarite
708 1018 923 1087 sugillat
956 1019 1070 1072 htcc
1093 1019 1271 1073 oratio
1292 1058 1307 1083 ,
1339 1018 1438 1071 bac
1472 1018 1539 1071 de
1566 1030 1733 1071 causa
1787 1031 1880 1071 eos
1935 1016 2019 1070 iu-

439 1106 606 1161 sidias
635 1107 902 1162 struxisse
934 1106 1183 1171 Christo,
1219 1120 1329 1175 quo
1366 1105 1586 1161 divitias
1636 1104 1840 1160 habere
1894 1118 2020 1175 pos-

438 1206 562 1252 wit
595 1196 780 1267 inique
828 1206 1218 1265 coacervatas,
1268 1213 1300 1253 e
1348 1211 1456 1252 non
1510 1205 1658 1251 recte
1698 1193 2017 1265 iudicando,

436 1299 495 1343 et
520 1302 657 1358 quos
692 1298 911 1358 possent
974 1304 1137 1344 avare
1174 1289 1479 1359 spoliando.
1544 1286 1689 1341 Dixit
1757 1286 2016 1341 nimirum

436 1378 507 1433 de
558 1378 664 1432 illis
697 1393 832 1434 voce
872 1378 1054 1434 Isaiae:
1087 1398 1106 1431 ι
1130 1378 1410 1449 Principes
1439 1379 1514 1433 tui
1560 1392 1664 1432 non
1722 1377 2013 1443 ohediunt,

438 1468 571 1522 socii
629 1467 792 1538 750
847 1478 973 1525 sunt
1016 1470 1218 1531 furum,
1277 1469 1508 1539 diligunt
1581 1483 1825 1537 munera,
1883 1482 2020 1522 cou-

439 1571 717 1615 sectantur
755 1563 1060 1630 przetuium,
1100 1562 1315 1631 pupillis
1362 1577 1464 1615 non
1505 1559 1773 1627 jttdicant,
1837 1569 1892 1615 et
1934 1561 2023 1631 j't-

437 1650 638 1703 dicium
663 1650 836 1703 viduae
868 1666 973 1703 non
1002 1651 1283 1705 attendunt
1315 1651 1381 1703 ".
1416 1670 1434 1702 ι
1478 1648 1784 1705 Voluerunt
1846 1651 2017 1704 etiam

437 1755 744 1795 sermonem
770 1741 891 1795 lldci
927 1756 1031 1795 non
1072 1741 1258 1810 recipi,
1287 1741 1612 1810 cogitantes,
1659 1750 1912 1796 cessante
1938 1740 2017 1794 le-

436 1828 543 1897 gali
575 1828 755 1893 culttt,
805 1843 864 1883 se
908 1829 1106 1882 debere
1166 1828 1461 1897 quarstibus
1530 1836 1585 1882 et
1638 1824 2019 1881 emolumentis

2120 650 2206 702 ἐπ’
2239 648 2443 710 αἰτίαις
2501 645 2602 714 μὲν
2648 642 2835 704 ἑώλοις
2893 636 3259 701 ἀπεκτονότας
3314 637 3407 690 τὸν
3468 635 3705 707 Ἰησοῦν·

2119 718 2406 801 πλουσίους
2434 736 2514 799 δὲ,
2556 735 2638 787 ὅτι
2666 732 2909 803 χρήμασι
2961 727 3258 782 πεπείκασι
3296 728 3423 789 τοὺς
3471 726 3708 779 Πιλάτου

2117 828 2467 899 δορυφόρους,
2514 825 2575 879 τὸ
2637 821 2831 895 σεπτὸν
2864 821 2958 875 καὶ
3009 819 3152 888 μέγα
3206 819 3307 889 τῆς
3355 818 3734 883 ἀναστάσεως,

2121 918 2527 989 συκοφαντῆσαι
2577 917 2897 986 μυστήριον.
2955 910 3117 973 Εἰκὸς
3156 908 3213 962 δέ
3239 909 3335 962 καὶ
3365 907 3489 961 καθ’
3521 909 3711 978 ἕτερον

2118 1012 2321 1084 τρόπον
2350 1007 2640 1077 πλουσίους
2656 1006 2858 1077 αὐτοὺς
2880 1001 3221 1076 ὠνομάσθαι,
3239 1001 3314 1065 ὡς
3335 1000 3709 1071 αἰνιττομένου

2118 1120 2179 1156 τε
2233 1102 2327 1157 καὶ
2354 1098 2786 1174 ὑποπλήττοντος
2811 1094 2904 1147 τοῦ
2943 1092 3254 1167 λόγουνλότι
3296 1090 3501 1162 ταύτης
3548 1091 3713 1143 ἓνεκα

2118 1171 2219 1267 τῆς
2249 1170 2428 1265 αἰτίας
2456 1185 2859 1260 ἐπεβούλευσαν
2898 1182 2978 1254 τῷ
3013 1180 3258 1253 Χριστῷ,
3295 1181 3382 1236 ἵνα
3409 1180 3583 1252 ἔχοιεν
3596 1181 3713 1233 ἀὺ-

2118 1284 2201 1357 τοὶ
2228 1281 2467 1353 πλοῦτον
2502 1278 2702 1349 ἀδίκως
2756 1268 3315 1357 σεσωρευμένονμτὸν
3370 1272 3480 1327 ἀπό
3520 1289 3585 1340 γε
3613 1271 3709 1343 τοῦ

2125 1352 2199 1455 μὴ
2224 1374 2429 1451 κρίνειν
2459 1367 2657 1440 ὀρθῶς,
2692 1365 2788 1419 καὶ
2819 1364 2913 1427 οὓς
2945 1352 3011 1418 ἀν
3039 1362 3302 1433 δύνωνται
3345 1361 3709 1429 πλεονεκτεῖν,

2133 1452 2279 1532 Ἔφη
2307 1458 2437 1530 γοῦν
2461 1458 2593 1530 περὶ
2630 1454 2921 1511 αὐτῶνδιά
2959 1455 3143 1524 φωνῆς
3174 1453 3397 1523 Ἡσαΐου
3419 1468 3432 1482 ·
3472 1471 3491 1502 ι
3512 1452 3577 1513 Οἱ
3607 1453 3709 1523 ἄρτ

2120 1552 2309 1624 χοντές
2348 1567 2441 1622 σου
2465 1546 2772 1622 ἀπειθοῦσι,
2796 1546 3044 1615 κοινωνοὶ
3072 1543 3356 1617 κλεπτῶν..
3389 1543 3711 1614 ἀγαπῶντες

2118 1626 2291 1712 δῶρα,
2318 1639 2609 1706 διώκοντες
2640 1635 3010 1709 ἀνταπόδομα,
3034 1635 3289 1707 ὀρφανοῖς
3317 1634 3378 1686 οὐ
3408 1632 3707 1703 κρίνοντες,

2121 1732 2217 1787 καὶ
2246 1730 2424 1802 κρίσει
2457 1730 2634 1807 χήρας
2686 1727 2748 1798 οὑ
2805 1724 3183 1798 προσέχοντες.
3223 1743 3242 1775 ι
3306 1722 3727 1794 Ἀπαρᾲδεκτονη

2120 1824 2177 1877 δὲ
2207 1822 2412 1877 καὶτὸν
2438 1824 2537 1892 τῆς
2570 1820 2809 1879 πίστεως
2843 1815 3123 1885 ἐποιοῦντο
3153 1814 3331 1886 λόγον,
3365 1813 3706 1883 ἐννοοῦντες.

437 1894 726 1971 sacerdotii
782 1916 1055 1973 excidere.
1116 1894 1469 1986 accipiebant
1522 1917 1667 1972 enim
1724 1915 2015 1986 primitias,

2121 1916 2204 1969 ὅτι
2236 1911 2586 1982 παυσομένης
2619 1912 2728 1981 τῆς,
2761 1910 2819 1962 ὲν
2853 1907 3004 1980 νόμῳ
3042 1894 3346 1981 λατρείάςν,
3378 1905 3709 1980 ἐκπίπτουσι

437 2015 494 2060 et
531 2006 793 2071 decimas,
828 2014 884 2060 et
914 2006 1275 2059 minutissima
1319 2020 1545 2075 quaeque
1573 2013 1766 2060 exacte
1787 2019 1852 2059 ac
1882 2020 2021 2074 pra:-

435 2099 551 2154 cise
606 2098 956 2168 colligebant.
991 2096 1271 2166 Siquidem
1303 2098 1407 2153 hoc
1462 2097 1569 2152 illis
1624 2097 1822 2167 probro
1875 2094 2022 2151 dedit

436 2180 690 2244 Christus
718 2189 905 2243 dicens
941 2207 953 2243 :
999 2190 1035 2239 t'
1058 2186 1149 2242 Vae
1186 2190 1361 2254 vobis,
1411 2186 1617 2244 Scriba:
1642 2197 1697 2244 et
1756 2187 2018 2243 Pltariszci

437 2282 757 2352 bypocritaz,
807 2282 931 2351 quia
952 2282 1239 2338 decimatis
1265 2282 1570 2348 mentitam,
1620 2290 1677 2336 et
1736 2281 2019 2346 anethum,

435 2382 492 2425 ct
531 2374 842 2437 cuminum;
870 2382 924 2426 et
958 2388 1076 2443 qua;
1109 2374 1355 2444 graviora
1401 2371 1535 2442 legis
1567 2381 1695 2428 sunt
1732 2369 2018 2438 omisistis,

427 2457 717 2527 judicium,
744 2469 796 2514 et
834 2460 1289 2528 misericordiam,
1319 2470 1375 2517 et
1426 2462 1585 2517 iidem
1635 2462 1703 2516 ".
1742 2480 1761 2513 ι
1818 2462 2021 2516 Convi-

433 2550 507 2603 ι·ιί
538 2559 665 2604 sunt
692 2550 854 2604 etiam
885 2554 1143 2616 ut'avari,
1183 2552 1292 2607 alio
1320 2568 1537 2622 quoque
1565 2553 1823 2617 nomine;
1859 2568 2011 2619 naut,

432 2652 492 2695 ut
523 2656 683 2710 supra
713 2641 847 2707 dixi,
893 2643 1219 2697 dominicam
1252 2653 1459 2697 sortem
1517 2644 1582 2697 ad
1646 2659 1706 2698 se
1756 2642 2016 2697 transfer-

431 2741 632 2797 rcutes,
669 2733 886 2787 domino
921 2735 1093 2790 vineae
1132 2733 1354 2790 insidias
1416 2744 1819 2804 compararunt.
1855 2735 2011 2801 Quod

431 2832 613 2876 autem
663 2822 809 2890 justo
839 2824 1045 2893 judicio
1076 2825 1286 2881 dederit
1318 2826 1459 2881 Deus
1505 2826 1675 2881 malos
1706 2836 1761 2881 et
1822 2827 2018 2881 divites

428 2926 528 2980 pro
561 2923 733 2970 morte
760 2923 814 2968 et
845 2916 1117 2985 sepultura
1151 2916 1351 2972 Christi
1380 2955 1396 2978 .
1429 2927 1619 2985 aperte
1644 2918 2011 2983 domuustrat,

429 3018 557 3057 mox
590 3003 831 3059 inferens
865 3022 880 3058 :
969 3005 1104 3072 Quia
1135 3005 1476 3075 iniquitatem
1509 3021 1614 3059 non
1646 3004 1802 3070 fecit,
1841 3020 2017 3076 neque

428 3091 685 3150 iuventus
740 3103 827 3148 est
877 3094 1034 3149 dolus
1088 3095 1142 3149 in
1200 3109 1297 3151 ore
1339 3096 1478 3165 ejus.
1535 3096 1666 3161 Qua:
1708 3109 1838 3163 ergo
1891 3109 2013 3149 ora-

431 3182 510 3237 tio
545 3181 749 3239 Jttdaais
773 3184 1229 3254 patrocinabitur,
1308 3185 1362 3240 in
1410 3185 1498 3241 die
1587 3185 1823 3257 judicii‘?
1875 3184 2015 3240 Deus

427 3276 574 3331 enim
607 3287 660 3332 et
692 3276 873 3342 Pater,
904 3286 1095 3348 aperte
1135 3287 1368 3335 testatus
1417 3288 1504 3333 est
1554 3280 1621 3333 de
1670 3278 1832 3345 Filio,
1890 3292 2012 3332 eum

426 3381 548 3420 esse
599 3365 754 3435 culpa
782 3382 1031 3423 vacuum.
1089 3367 1201 3424 Nec
1230 3368 1374 3424 enim
1412 3367 1665 3424 inventus
1696 3380 1780 3424 est
1835 3367 2014 3436 dolus,

426 3457 481 3511 id
504 3468 589 3512 est
610 3458 968 3524 meudacimu,
999 3460 1162 3514 inore
1187 3460 1327 3530 ejus,
1350 3476 1447 3516 nec
1472 3460 1600 3516 fecit
1631 3460 2008 3530 iniquitatem.

429 3548 610 3618 Itaque
645 3565 743 3604 uec
798 3549 942 3605 facto
966 3566 1065 3606 nec
1108 3553 1255 3607 dictu
1293 3553 1820 3623 lcgistransgressor
1872 3562 2013 3617 erat,

426 3647 484 3693 et
500 3640 564 3692 ad
595 3640 808 3696 culmen
839 3643 1020 3696 omnis
1042 3644 1296 3712 puritatis
1325 3644 1589 3714 pervenit.
1624 3643 1696 3697 At
1743 3644 1829 3699 isti
1864 3658 2017 3699 men-

433 3728 523 3783 titi
557 3741 707 3795 sunt,
740 3740 795 3784 et
838 3732 1215 3788 testimonium
1274 3733 1513 3788 tulerunt
1570 3745 1761 3787 contra
1839 3733 2014 3796 illum,

429 3816 671 3872 dicentes
700 3817 892 3883 Pilato,
936 3819 1095 3874 modo
1121 3821 1378 3889 quidem:
1428 3838 1447 3871 ι
1490 3818 1591 3875 llic
1621 3820 1865 3874 concitat
1917 3835 2013 3890 po-

429 3906 634 3976 pulum,
664 3918 718 3963 et
739 3918 886 3964 vetat
928 3911 1061 3965 dare
1115 3909 1317 3966 tributa
1373 3911 1581 3968 Cassari
1635 3911 1737 3980 "'-;
1778 3931 1808 3969 »ι
1857 3914 2017 3969 modo

430 4012 649 4052 rursus:
688 4017 707 4050 ι
762 3999 818 4053 Si
879 4001 965 4055 hic
994 4000 1276 4056 maleﬁcus
1307 4016 1416 4056 non
1467 4001 1684 4070 fuisset,
1735 4016 1859 4057 eum
1918 4003 2013 4071 tibi

428 4090 973 4147 nuutradidisseutus
1013 4092 1079 4147 ⁷³.
1125 4112 1144 4146 ι
1199 4093 1656 4148 Contranituntur
1707 4094 1877 4163 igitur
1933 4096 2014 4149 te;

435 4181 696 4235 stiutouio
727 4182 924 4247 Patris,
962 4183 1493 4255 irreprehensibilem
1533 4184 1681 4240 illum
1721 4194 1777 4241 et
1804 4186 2013 4254 justum

427 4272 751 4329 criminibus
777 4289 882 4329 non
926 4274 1071 4330 veris
1135 4284 1479 4331 arcessentes
1510 4291 1539 4342 ;,
1578 4275 1720 4332 hanc
1783 4277 1853 4331 ob
1900 4289 2014 4332 rem

310 4403 319 4413 κ
431 4363 609 4418 traditi
645 4374 773 4420 sunt
794 4365 1063 4423 hostibus.
1123 4383 1141 4419 ι
1206 4367 1344 4435 Quia
1399 4367 1517 4422 vult
1564 4367 1827 4425 Dominus
1885 4384 2017 4443 pur-

427 4472 559 4526 gare
586 4472 709 4512 eum
735 4473 764 4512 a
804 4458 960 4529 plaga
989 4459 1061 4513 ⁷³.
1105 4478 1124 4511 ι
1184 4458 1397 4516 Etenim
1427 4461 1473 4515 si
1499 4462 1590 4530 qui
1642 4461 1694 4515 iu
1725 4460 1877 4516 illum
1921 4461 2016 4517 de-

2122 2004 2331 2077 κερδῶν
2362 2002 2470 2056 τῶν
2509 2001 2618 2055 ἀπό
2638 2000 2837 2081 75,15};
2884 1990 3186 2071 ἱερωσύνης
3205 2015 3219 2028 ο
3249 1995 3568 2068 ἐκομίζοντο
3594 1995 3711 2067 ,γὰρ

2120 2092 2399 2165 ἀπαρχὰς,
2421 2092 2517 2145 καὶ
2542 2091 2795 2159 δεκάτας,
2819 2089 2913 2142 καὶ
2940 2086 3134 2159 μέχρις
3154 2085 3333 2157 αὑτῶν
3359 2085 3482 2157 τῶν.
3498 2085 3685 2157 εὐτελε

2122 2187 2332 2240 στάτων
2396 2181 2938 2254 ἀκριϐολογούμενοιτ
3006 2179 3116 2250 Καὶ
3178 2177 3309 2247 γοῦν
3370 2177 3709 2241 ὡνειδίζοντο

2122 2278 2275 2349 παρὰ
2316 2273 2558 2348 Χριστοῦ
2606 2272 2891 2343 λέγοντοςο
2943 2289 2963 2323 t
2991 2270 3129 2326 Οὐαὶ
3176 2271 3327 2344 ὑμῖν,
3358 2268 3709 2340 Γραμματείς

2120 2371 2217 2424 καὶ⁹
2268 2369 2552 2440 Φαρισαῖοι
2630 2363 2960 2435 ὑποκριταὶ,
3042 2363 3125 2416 δτι
3191 2360 3591 2431 ἀποδεκατοῦτε
3649 2358 3708 2429 τὸ

2121 2459 2412 2531 ἡδύοσμον,
2451 2457 2546 2510 καὶ
2591 2454 2653 2509 τὸ
2693 2454 2912 2526 ἄνηθον,
2978 2453 3161 2509 καὶτὸ
3185 2452 3441 2523 κύμινονζ
3478 2452 3574 2523 καὶ.
3603 2451 3707 2523 tith

2119 2550 2292 2620 ήκατε
2342 2547 2410 2602 τά
2466 2546 2740 2618 βαρύτερα
2796 2544 2889 2599 τοῦ
2922 2544 3113 2615 νόμου,
3155 2543 3258 2614 τὴν
3306 2543 3509 2616 κρίσιν,
3534 2542 3626 2596 καὶ
3653 2546 3723 2604 τὸ,

2119 2640 2288 2705 ἔλεος,
2318 2640 2413 2694 καὶ
2441 2640 2540 2710 τὴν
2565 2640 2769 2693 πίστιν.
2804 2657 2821 2690 ι
2860 2637 3286 2709 ’⁹Αλίσκονται.δέ
3324 2630 3671 2706 φιλόπλουτοι
3693 2678 3708 2701 ,

2119 2733 2214 2787 καὶ
2248 2732 2371 2791 καθῗ
2405 2733 2602 2804 ἑτέραν
2642 2731 2842 2794 αἰτίαν·
2879 2731 2955 2794 ὡς
3001 2730 3110 2801 γὰρ
3162 2729 3300 2800 ἔφην
3351 2731 3586 2801 φθάσας,
3620 2730 3709 2782 τὸν

2118 2822 2436 2876 δεσποτικὸν
2470 2824 2551 2887 εἰς
2585 2822 2784 2885 αὐτοὺς
2829 2820 3207 2892 μετατιθέντες
3229 2820 3451 2892 κλῆρον,
3483 2818 3708 2891 ἐπεϐούς

2117 2913 2319 2968 λευσαν
2350 2914 2428 2986 τῷ
2461 2915 2556 2968 τοῦ
2592 2915 2918 2985 ἀμπελῶνος
2961 2916 3218 2987 δεσπότῃ”
3270 2916 3353 2968 ὅτι
3382 2914 3440 2967 δὲ
3494 2916 3560 2985 τῇ
3592 2913 3707 2983 θείᾳ

2117 3005 2287 3075 ψήφῳ
2346 3004 2578 3059 δέδωκεν
2643 3007 2671 3058 ὁ
2725 3003 2859 3068 Θεὸς
2916 3006 3044 3069 τοὺς
3110 3006 3380 3076 πονηροὺς
3432 3003 3529 3056 καὶ
3586 3002 3712 3066 τοὶς

2116 3096 2403 3164 πλουσίους
2427 3097 2549 3149 ἀνιεί⁵
2575 3094 2670 3148 τοῦ
2712 3095 2944 3151 Θανάτου
2995 3097 3089 3150 καὶ
3116 3098 3214 3167 τῆς
3243 3096 3420 3167 ταφῆς
3454 3094 3547 3148 τοῦ
3574 3095 3710 3164 Χρι·⁵

2118 3188 2269 3253 στοῦ,
2315 3187 2675 3242 διαδείκνυσιν
2708 3187 2976 3260 ἐναργῶς,
3009 3188 3285 3260 ἐπιφέρων
3322 3186 3505 3249 εὐθύς⁹
3535 3206 3555 3237 ι
3588 3186 3714 3249 Ὀτι

2117 3283 2354 3353 ἀνομίαν
2408 3281 2512 3335 οὐκ
2565 3281 2859 3352 ἐποίησεν,
2906 3281 3026 3335 οὑδέ
3082 3279 3279 3353 εὑρέθη
3337 3279 3487 3347 δόλος
3536 3279 3717 3348 ἐντῷ

2119 3374 2347 3447 στόματι
2374 3372 2564 3429 αὑτοῦ.
2605 3391 2624 3425 ι
2663 3375 2824 3438 Ποίος
2852 3368 2946 3435 οῦν
2970 3372 3077 3445 ἄρα
3113 3375 3227 3437 τοῖς
3273 3371 3546 3437 Ἰουδαίοις
3593 3372 3710 3427 ἐπι-

2118 3465 2380 3534 κουρήσει
2436 3462 2595 3531 λόγος
2642 3462 2701 3517 ἐν
2756 3463 2941 3533 ἡμέρα
3003 3460 3274 3532 κρίσεως;
3338 3461 3397 3513 '0
3452 3460 3549 3531 μὲν
3604 3458 3712 3534 γὰρ

2115 3535 2250 3617 Θεὸς
2301 3552 2397 3607 καὶ
2453 3552 2646 3624 Πατὴρ
2696 3551 3127 3623 μεμαρτύρηκεν
3180 3549 3429 3623 ἐναργῶς
3468 3552 3530 3602 τὸ
3583 3550 3711 3621 ἅναξ

2120 3647 2395 3717 μάρτητον
2425 3643 2505 3719 τῷ
2533 3644 2668 3716 Υίῷ.
2706 3643 2846 3698 Οὔτε
2876 3643 2986 3716 γάρ
3020 3642 3220 3714 εὑρέθη
3261 3641 3432 3706 δόλος,
3467 3639 3709 3719 τουτέστι

2115 3736 2360 3808 ψεῦσμα,
2401 3737 2460 3791 ἐν
2513 3734 2593 3807 τῷ
2628 3734 2860 3805 στόματι
2904 3726 3088 3798 αὐτοῦ,
3114 3726 3261 3805 ὀὒτε
3303 3732 3411 3811 μὴν
3460 3730 3712 3800 ἐποίησεν

2116 3827 2370 3896 ἀνομίαν.
2402 3827 2612 3882 Οὐκοῦν
2646 3826 2794 3897 ἔργῳ
2842 3842 2902 3877 τε
2941 3824 3037 3878 καὶ
3066 3822 3212 3893 λόγῳ
3249 3820 3599 3898 πανάμωμος
3618 3814 3727 3891 ἦν,⁸

2116 3918 2213 3972 καὶ
2251 3919 2333 3982 εἰς
2370 3917 2526 3985 λῆξιν
2579 3917 2801 3986 ἀπάσης
2838 3912 3210 3984 καθαρότητος
3255 3911 3593 3982 διελήλακεν.
3647 3910 3712 3971 Ol

2116 4007 2173 4062 δὲ
2198 4007 2588 4080 κατεψεύδοντο
2640 4006 2736 4062 καὶ
2781 4003 3233 4077 κατεμαρτύρουν
3267 4001 3456 4069 αὐτοῦ,
3491 4001 3712 4075 Πιλάτῳ

2116 4098 2388 4169 λέγοντες,
2413 4098 2546 4154 ποτέ
2582 4099 2704 4169 μὲν,
2756 4097 2841 4151 ὅτι
2895 4115 2914 4149 ι
2954 4084 3123 4159 οὗτος
3151 4092 3396 4148 ἀνασείει
3421 4093 3512 4146 τὸν
3551 4091 3710 4156 λαὸν,

2116 4191 2212 4245 καὶ
2243 4189 2447 4245 κωλύει
2496 4189 2701 4244 διδόναι
2762 4187 2968 4267 φόρους.
3009 4186 3271 4259 καίσαρι·
3297 4203 3316 4237 ι
3355 4183 3451 4238 καὶ
3498 4181 3663 4235 πάλιν
3689 4223 3705 4247 ,

2122 4300 2142 4334 ι
2167 4283 2231 4336 Ei
2267 4282 2342 4354 μὴ
2360 4278 2429 4353 ἦν
2451 4276 2607 4345 οὗτος
2636 4278 2956 4345 κακοποιὸς,
2975 4276 3293 4349 οὑκκάνοοι,
3312 4272 3711 4345 παρεδώκαμεν

2121 4374 2308 4429 αὐτόν.
2343 4392 2363 4427 ι
2442 4370 2898 4444 Ἀντιπράττουσι
2946 4368 3124 4424 τοίνυν
3185 4366 3305 4433 ταῖς
3359 4362 3469 4437 τοῦ,
3501 4363 3711 4441 [ἰατρὸς

2121 4464 2472 4538 μαρτυρίαις,
2518 4462 2610 4517 τὸν
2644 4462 2949 4534 ἀμώμητον
3004 4457 3100 4512 καὶ
3155 4455 3364 4511 δίκαιον
3391 4454 3713 4525 αἰτιάμασιν

426 4548 677 4603 bacchati
713 4559 861 4613 sunt,
890 4564 1079 4620 poenas
1120 4564 1225 4605 non
1268 4550 1496 4607 luissent
1522 4591 1539 4618 ,
1604 4551 1903 4608 verisimile
1932 4559 2014 4607 est

2119 4554 2491 4626 ὑποφέροντες
2511 4555 2626 4618 τοῖς
2653 4552 2757 4606 οὑκ
2785 4549 3033 4622 ἀληθέσι,
3066 4548 3161 4603 καὶ
3195 4546 3401 4617 ταύτης
3421 4545 3586 4599 ἕνεκα
3610 4543 3713 4613 τῆς

427 4638 690 4708 quosdam
716 4641 1090 4708 suspicaturos
1149 4651 1203 4696 et
1259 4640 1523 4707 dicturos,
1562 4651 1755 4704 sancto
1803 4641 2012 4713 judicio

2118 4647 2298 4710 αἰτίας
2335 4644 2713 4719 παρεδόθησαν
2742 4642 2978 4715 ἐχθροῖς.
3011 4659 3031 4693 ι
3069 4638 3287 4710 Ἐπειδὴ
3324 4637 3571 4708 βούλεται
3599 4635 3715 4688 Κύ-

430 4738 489 4783 et
518 4729 729 4783 calculo
759 4730 1033 4786 Clu-istum
1061 4731 1231 4787 fuisse
1268 4733 1691 4789 condemnatum
1715 4774 1731 4799 ,
1786 4741 1847 4787 ut
1913 4733 2008 4803 qui

432 4835 559 4876 reus
588 4818 750 4874 fuerit
799 4821 1044 4877 criminis
1073 4824 1223 4892 quod
1262 4823 1315 4877 ei
1373 4818 1798 4895 impingebatur.
1852 4823 2008 4879 lllato

429 4922 608 4968 autem
639 4912 924 4982 supplicio,
973 4922 1029 4969 et
1060 4914 1240 4968 debita
1271 4928 1432 4984 pana
1468 4916 1574 4971 illis
1626 4917 1863 4985 irrogata
1896 4914 2008 4985 'qui

429 5002 484 5056 iu
539 5018 665 5058 eum
691 5002 839 5074 impii
886 5002 1131 5069 luerunt,
1159 5019 1194 5061 ιι
1222 5005 1377 5076 plaga
1398 5017 1680 5080 purgatur.
1714 5006 1830 5062 Non
1861 5008 2007 5065 enim

429 5092 601 5148 iratus
633 5106 776 5149 esset
816 5094 976 5161 Deus,
1016 5112 1119 5152 nec
1139 5112 1299 5153 suum
1342 5098 1599 5167 populum
1655 5098 2018 5168 despexisset,

435 5195 533 5235 nec
565 5183 877 5241 imtuisisset
918 5187 966 5242 ei
1001 5198 1279 5244 extremas
1314 5189 1684 5257 calamitates,
1717 5188 1832 5243 nisi
1873 5188 2017 5245 San-

428 5282 575 5328 ctum
594 5283 651 5329 et
693 5274 908 5330 Jttstttttl
945 5289 1256 5350 negassent,
1321 5294 1445 5334 eum
1504 5280 1797 5336 calumniis
1869 5280 2015 5336 iuse-

426 5375 663 5431 ctantes,
708 5366 867 5437 751
903 5380 954 5423 et
980 5370 1123 5440 ligno
1183 5371 1477 5443 adigentes,
1569 5380 1623 5428 et
1650 5373 1796 5427 omni
1856 5374 2014 5428 inhu-

430 5458 691 5514 manitate
723 5460 1074 5518 iutmaniores
1105 5464 1357 5518 fuissent.

2119 4753 2234 4808 ριος
2267 4734 2567 4805 καθαρίσαι
2603 4730 2766 4787 αὑτὸν
2791 4730 2900 4785 ἀπὸ
2926 4730 3029 4801 τῆς
3064 4729 3302 4801 πληγῆς.
3348 4745 3369 4780 ι
3404 4729 3572 4789 Δίκας
3612 4725 3710 4795 μὲν

2115 4826 2229 4898 γάρ
2260 4825 2364 4878 οὑκ
2398 4823 2756 4878 ἐκτετικότων
2773 4820 2884 4876 τῶν
2914 4821 2996 4883 εἰς
3020 4817 3183 4872 αὑτὸν
3208 4816 3708 4888 πεπαρῳνηκότων,

2116 4915 2191 4992 ἦν,
2214 4919 2353 4991 τάχα
2384 4917 2675 4989 πούητινας
2698 4915 2846 4978 είκὸς
2885 4911 3187 4981 ὑπονοῆσαι
3237 4909 3439 4979 λέγειν,
3483 4909 3560 4973 ὡς
3585 4909 3709 4980 ὁσία

2113 5011 2282 5084 Ψήφφ
2305 5007 2670 5083 κατεδικάσθη
2696 5003 2954 5077 Χριστὸς,
2989 5003 3085 5075 ἀτε
3113 5002 3179 5074 δὴ
3212 5003 3307 5057 καὶ
3340 5001 3522 5073 ἔνοχος
3541 5018 3711 5055 κατα·
3806 5012 3827 5021 ‘

2121 5100 2253 5166 στὰς
2301 5095 2686 5170 ἐξενεχθείσης
2729 5088 2909 5167 αἰτίας
2963 5092 3139 5165 αὐτῷ,
3190 5086 3597 5179 Ἑξενεχθείσης
3651 5092 3709 5144 δὲ

2116 5194 2217 5265 τῆς
2236 5193 2428 5264 ὀργῆς,
2459 5191 2555 5245 καὶ
2596 5180 2711 5252 τοῖς
2748 5187 2829 5250 εἰς
2876 5186 3040 5242 αὑτὸν
3086 5184 3538 5257 δεδυσσεϐηκόσιν
3577 5184 3711 5237 ἀνα-

2114 5277 2306 5351 λόγου’
2334 5280 2613 5344 κολάσεως
2676 5277 3155 5350 ἐπενηνεγμένης,
3215 5276 3575 5350 καθαρίζεται
3607 5273 3707 5343 τῆς

2113 5372 2353 5443 πληγῆς.
2409 5371 2483 5425 Oti
2535 5370 2647 5442 γάρ
2713 5369 2780 5424 ἂν
2832 5369 3184 5440 ἠγανάκτησε
3238 5360 3405 5434 Θεὸς,
3467 5365 3581 5419 οὐδπ
3638 5364 3705 5418 ἂν

2113 5461 2364 5534 ὑπερεῖδε
2386 5461 2476 5515 τὸν
2497 5460 2695 5515 ἑαυτοῦ
2718 5458 2870 5525 λαὸν,
2898 5459 3010 5512 οὐδ”
3023 5457 3088 5512 ἂν
3103 5459 3216 5521 τοῖς
3236 5456 3488 5528 ἐσχάτοις
3508 5455 3706 5517 αὐτοὺς

427 5549 589 5619 ἐνῆκε
639 5554 852 5616 κακοῖς,
924 5555 973 5606 εί
1026 5555 1100 5625 μὴ
1173 5554 1265 5607 τὸν
1333 5554 1487 5624 ἆγιον
1535 5555 1631 5609 καὶ
1678 5555 1884 5610 δίκαιον
1949 5556 2258 5627 ἠρνήσαντο
2290 5595 2305 5619 ,
2374 5550 2853 5624 συκοφαντοῦντες,
2900 5549 3095 5619 αὑτὸν,
3156 5549 3259 5611 καὶ
3308 5545 3715 5629 προσηλοῦντες⁵

431 5641 594 5696 αὐτὸν
622 5642 698 5713 τῷ
730 5644 893 5717 ξύλῳ,
929 5647 1025 5700 καὶ
1057 5647 1316 5719 ὑπεράνω
1374 5650 1557 5721 πάσης
1615 5647 1790 5716 ἰόντες
1833 5649 2254 5720 ἀπανθρωπίας.

502 5819 546 5850 ⁸³
600 5819 700 5874 lsa.
731 5838 768 5886 t,
790 5823 882 5878 23.

958 5828 1003 5859 ⁷⁸
1037 5826 1225 5885 Matth.
1273 5846 1428 5898 χχιιι,
1462 5833 1533 5889 25
1630 5833 1672 5863 '”
1713 5832 1843 5888 an.
1884 5847 2042 5896 mu,
2113 5831 2168 5885 2.

2248 5833 2292 5863 ⁷³
2326 5829 2478 5885 .lnan.
2525 5844 2678 5891 ενι-ιι,
2706 5828 2794 5881 50.
2874 5828 2918 5858 ⁷³
2956 5825 3054 5879 lsu.
3106 5835 3244 5886 xm,
3268 5821 3354 5877 2i;
