4100 6500
402 394 417 441 ι
442 387 540 444 iss
1530 382 1609 443 ‘IN
1652 389 1887 446 ISAIMI
1933 390 1994 446 LI

2109 388 2173 446 ν.
2214 383 2453 442 τοιιυδ
2487 385 2534 440 1.
2672 417 2690 434 -
3562 392 3702 449 “86

478 512 613 565 Ἐὰν
640 512 792 565 δῶτε
821 513 956 580 περὶ
991 506 1306 581 ἁμαρτίας,
1352 512 1391 579 ἡ
1432 513 1606 583 ψυχὴ
1644 515 1814 585 ὑμῶν
1854 515 1994 585 ὄψε-

2177 509 2341 566 V'Izns.
2409 508 2599 564 10-12.
2650 507 2711 561 Si
2769 508 3021 563 dederitis
3069 525 3164 577 pro
3231 518 3465 578 peccato,
3522 513 3700 566 animo

388 617 489 655 rat
522 599 765 671 σπέρμα
781 601 1141 670 Ἰιακρόόιον.
1174 599 1285 654 Kal
1322 599 1621 665 ,ϐούλεται
1653 603 1872 671 Κύριος
1898 603 1994 671 ἀέρι

2109 612 2284 658 uestra
2311 601 2500 655 videbit
2529 615 2704 653 semen
2755 597 3074 670 Iauywuum.
3139 599 3207 653 Et
3268 603 3375 657 uult
3442 601 3701 660 Dominus

388 693 561 747 eJeTr
580 690 829 746 ἀπὸτοῦ
846 694 1039 747 πόνου
1061 690 1172 761 τῆς
1187 690 1621 762 ψυχῆςαίηνοῦ,
1638 691 1829 758 δεῖξαι
1848 693 1994 762 αὐτᾷ

2110 699 2326 767 auferre
2372 697 2437 749 de
2460 695 2641 749 dolore
2673 694 2915 749 animum
2932 695 3081 764 ejus,
3133 696 3405 750 ostendere
3435 698 3484 752 ei
3525 701 3702 753 lumen

389 785 522 856 φῶς
579 784 679 838 καὶ
724 783 960 838 πλάσαι
998 783 1072 853 τῇ
1100 782 1402 848 συνέσει,
1431 784 1747 840 δικαιῶσαι
1773 785 1994 840 δίκαιον

2104 800 2155 847 et
2186 790 2422 861 formare
2448 786 2820 857 intelligentia,
2844 786 3156 856 justi/icore
3167 789 3398 857 justum,
3434 790 3560 843 bene
3589 806 3702 843 ser-

388 873 464 933 εὗ
497 877 877 932 δουλεύοντα
900 876 1180 943 πολλοῖς,
1214 877 1315 932 καὶ
1348 876 1459 944 τὰς
1489 877 1786 947 ἁμαρτίας
1804 878 1994 933 αὐτῶν

2104 884 2328 939 rientem
2364 882 2569 946 multis,
2618 891 2667 935 et
2687 890 2902 944 peccata
2927 895 3113 935 eorum
3138 881 3248 948 ipse
3279 882 3524 934 remittet.
3550 879 3698 946 Qun-

388 970 578 1036 αὐτὸς
605 968 825 1037 ἀνήσει
859 968 1029 1041 [vulg.
1087 966 1371 1042 drolaet].
1419 967 1524 1022 Διὰ
1577 968 1759 1025 τοῦτο
1809 970 1994 1039 αὐτὸς

2103 982 2319 1043 propter
2352 975 2461 1043 ipse
2482 972 2771 1042 possidebit
2798 971 3012 1035 multos,
3035 980 3085 1024 et
3112 970 3329 1040 fortium
3364 972 3559 1025 dit-idet
3577 987 3700 1039 spo-

388 1061 845 1132 κληρονομήσει
876 1044 1174 1128 πολλοὺς,
1216 1061 1317 1116 καί
1342 1060 1463 1116 τῶν
1494 1060 1766 1130 ισχυρῶν
1807 1063 1994 1132 μεριεῐ

2106 1067 2202 1121 lia.
2255 1064 2366 1121 Pro
2405 1082 2464 1120 ro
2501 1066 2641 1136 quod
2665 1065 2866 1119 tradita
2905 1072 2984 1118 est
3002 1062 3063 1117 iu
3086 1073 3312 1117 mortem
3340 1064 3520 1118 animo
3556 1064 3696 1132 ejus,

388 1157 617 1219 σκύλα,
638 1155 770 1212 ἀνθ’
790 1148 880 1209 ὧν
898 1154 1202 1224 παρεδόθη
1236 1156 1323 1220 εις
1343 1151 1609 1209 θάνατον
1631 1153 1671 1222 ἠ
1696 1154 1871 1225 ψυχὴ
1894 1157 2000 1209 αὺ-

2108 1166 2159 1213 et
2185 1159 2322 1213 inter
2352 1159 2569 1230 iniquos
2598 1166 2871 1227 reputatur
2906 1166 3004 1220 est,
3051 1165 3101 1211 et
3153 1155 3263 1224 ipse
3323 1166 3534 1226 peccata
3559 1153 3700 1210 ntul-

388 1248 520 1314 τοῦ,
573 1237 670 1302 καί
723 1247 796 1301 ἐν
838 1247 966 1315 τοῖς
997 1248 1246 1318 ἀνόμοις
1301 1248 1614 1319 ἐλογίσθη,
1671 1246 1769 1300 καί
1818 1249 1994 1314 αὐτὸς

2111 1261 2286 1304 torum
2321 1251 2467 1311 tulit,
2504 1260 2550 1305 et
2574 1259 2788 1321 propter
2819 1256 3036 1320 peccata
3062 1262 3241 1303 eorum
3269 1248 3498 1301 traditus
3526 1256 3622 1301 est.

388 1345 685 1415 ἁμαρτίας
710 1341 1316 1414 πολλῶνκῶοήνεγκε,
1346 1344 1445 1397 καὶ
1469 1341 1569 1397 διὰ
1601 1342 1709 1409 τὰς
1735 1343 2028 1414 ἁμαρτίας
2046 1344 2251 1399 αὐτῶν
2271 1345 2598 1416 παρεδόθη.

477 1436 818 1507 Ἐγκαλέσας
837 1438 954 1501 τοῖς
982 1437 1043 1504 ἐξ
1084 1437 1339 1509 Ἰσραὴλ,
1378 1435 1459 1501 ὡς
1496 1437 1856 1491 ἀπέκτονόσιν
1878 1438 1993 1491 ἀδί-

388 1546 506 1593 κως
537 1527 631 1584 τδν
650 1529 754 1599 τῆς
784 1528 935 1600 ζωῆς
955 1528 1213 1601 χορηγὸν,
1250 1528 1344 1583 καὶ
1379 1527 1481 1598 τῆς
1513 1527 1772 1581 ἁπάντων
1811 1534 1991 1599 σωτη-

396 1625 520 1696 ρίας
548 1623 843 1696 πρύτανιν,
880 1621 1173 1694 μεθίστησι
1226 1622 1355 1685 τοὺς
1396 1620 1587 1691 λόγους
1605 1620 1699 1673 ἐπὶ
1750 1618 1851 1684 τὰς
1883 1620 1991 1673 τῶν

390 1719 566 1773 ἐθνῶν
616 1718 843 1789 ἀγέλας,
879 1717 976 1770 καὶ
1003 1716 1067 1788 δὴ
1121 1716 1216 1770 καί
1272 1732 1440 1787 φησιν
1484 1714 1560 1778 ὡς
1595 1714 1737 1786 πρὸς
1785 1705 1990 1777 αῦτάςο

403 1811 534 1866 Ἐὰν
555 1809 695 1864 δῶτε
719 1808 851 1881 περ)⁴
880 1808 1183 1880 ἁμαρτίας,
1200 1808 1234 1878 ἡ
1256 1806 1406 1878 ψυχὴ
1428 1805 1583 1876 ὑμῶν
1609 1805 1801 1875 ὄψεται
1825 1803 1993 1875 σπέρ-

2169 1437 2431 1493 Ιειισθιίιίε
2460 1438 2759 1502 accusatis,
2824 1446 2886 1493 ut
2951 1437 3046 1508 qui
3112 1435 3322 1507 injuste
3380 1436 3700 1491 occiderunt

2097 1527 2223 1583 vita:
2283 1513 2531 1583 datorem
2578 1538 2644 1583 ‘et
2690 1528 3031 1599 largitorem,
3083 1526 3441 1597 omniumque
3508 1525 3697 1581 salutis

2095 1620 2566 1691 dispensatorem:
2618 1620 2687 1675 ad
2745 1620 2992 1691 gentium
3040 1619 3523 1692 congregationem
3575 1633 3699 1674 con-

2100 1713 2261 1766 vertit
2289 1712 2625 1777 oratiOuem,
2656 1721 2714 1768 et
2751 1725 2872 1766 eam
2920 1711 3001 1767 sic
3026 1710 3263 1767 all‘atur;
3321 1709 3377 1764 Si
3433 1709 3698 1765 dederitis

2097 1821 2194 1876 pro
2216 1815 2459 1876 peccato,
2496 1809 2678 1861 anima
2699 1814 2883 1861 vestra
2914 1805 3118 1861 videbit
3143 1819 3330 1860 semen
3364 1803 3692 1874 longaevum.

392 1906 474 1975 μα
505 1874 827 1975 μακρόϐιον.
882 1874 1106 1973 ’ὁμοιον
1137 1900 1196 1954 δὲ
1224 1874 1424 1965 ’ὦς’-εί
1453 1874 1602 1969 λέγοι
1630 1874 1840 1967 σαφῶς·
1889 1897 1994 1950 Τέ-

2097 1874 2332 1953 Perinde
2359 1907 2443 1953 est
2469 1912 2532 1952 ac
2565 1897 2612 1952 si
2658 1907 2848 1967 aperte
2868 1897 3052 1953 dicat:
3132 1895 3318 1951 Posuit
3384 1909 3485 1966 pro
3535 1894 3696 1949 nobis

391 1994 578 2048 θεικεν
602 1994 746 2065 ὑπὲρ
775 1992 932 2064 ὑμῶν
960 1992 1059 2064 τὴν
1091 1989 1286 2045 ἑαυτοῦ
1314 1990 1498 2061 ψυχὴν
1516 1992 1547 2043 6
1572 1990 1836 2062 Χριστός·
1856 1989 1991 2060 ἠγό-

393 2096 567 2157 ρασεν
610 2084 758 2156 ὑμᾶς
801 2084 861 2138 ἐν
911 2083 1106 2153 αἵματι
1134 2082 1214 2152 τῷ
1246 2080 1383 2153 ἰδίῳ,
1437 2081 1702 2151 ὑπέμεινε
1732 2081 1990 2153 σταυρὸν,

390 2177 663 2247 αἰσχύνης
683 2173 1137 2247 καταφρονήσας,
1194 2172 1281 2227 ἴνα
1320 2172 1477 2244 ὑμῶν
1527 2171 1852 2244 κατορθώσῃ
1895 2172 1992 2244 τὴν

393 2267 698 2338 σωτηρίαν.
745 2266 847 2319 Ἂν
884 2264 1068 2319 τοίνυν
1107 2262 1417 2335 ἁμείψησθε
1471 2263 1569 2316 καὶ
1601 2263 1762 2333 ὑμεῖς
1795 2264 1951 2316 αὐτοὶ
1974 2304 1990 2327 ,

392 2359 490 2411 καὶ
546 2354 858 2428 καταθῆσθε
912 2355 1105 2426 ὥσπερ
1138 2355 1197 2409 ἐν
1232 2354 1551 2426 ὀφλήματος
1598 2353 1757 2420 τάξει
1801 2354 1861 2408 τὸ
1904 2355 1994 2409 εὐλ-

393 2449 565 2518 ήνιον,
601 2449 696 2502 καὶ
733 2447 1061 2519 ὑπαγάγητε
1090 2447 1182 2502 τὸν
1217 2446 1425 2519 αὐχένα
1457 2449 1570 2511 τοῖς
1596 2446 1762 2501 αὐτοῦ
1782 2446 1989 2516 ζυγοῖς*

392 2542 518 2595 τότε
550 2542 585 2612 ἡ
615 2539 764 2612 ψυχὴ
790 2539 946 2611 ὑμῶν
965 2528 1165 2610 ’ὄψεται
1200 2541 1423 2611 σπέρμα
1457 2539 1792 2611 μακρόϐιον,
1837 2557 1992 2594 τουτ-

393 2633 565 2701 ἐστιν,
590 2632 783 2686 ἔσεσθε
812 2632 1065 2686 κοινωνοὶ
1091 2631 1201 2709 τῶν
1230 2633 1311 2695 είς
1336 2631 1662 2703 μακραίωνα
1689 2625 1804 2703 βίον
1829 2649 1992 2703 τετηκ-

396 2727 676 2799 ρημένων,
711 2725 885 2794 ἀγίων
911 2725 968 2779 δὲ
996 2723 1263 2798 δηλονότι,
1292 2725 1342 2778 οἳ
1364 2726 1464 2797 τῆς
1502 2727 1586 2789 είς
1631 2725 1806 2781 αίῶνα
1846 2727 1992 2797 ζωῆς
2036 2716 2047 2727 ’

391 2819 492 2891 τὴν
521 2819 715 2874 ἐλπίδα
769 2817 1239 2890 πεπλουτήκασιν.
1297 2818 1488 2882 Οὐδεὶς
1547 2816 1648 2890 μὲν
1701 2818 1812 2891 γὰρ
1857 2819 1990 2891 παρ’

392 2911 623 2982 Ἕλλησι
656 2910 814 2980 λόγος
842 2910 938 2980 τῆς
979 2908 1089 2964 τῶν
1126 2909 1337 2984 νεκρῶν
1366 2910 1719 2975 ἀναστάσεως
1741 2907 1832 2981 ἦν,
1860 2912 1992 2965 ἀπιο

394 3008 601 3059 στεῖται
623 3003 680 3056 δὲ
710 3004 804 3058 καὶ
827 3004 909 3067 εἰς
929 3001 1090 3074 δεῦρο
1118 3003 1181 3057 τὸ
1211 3004 1533 3077 μυστήριον.
1557 3005 1859 3075 Μονονουχί
1890 3023 1994 3074 φα-

392 3106 449 3151 σι
487 3097 583 3161 τὸ,
636 3096 723 3149 ὅτι
751 3094 976 3159 Καπνδς
1027 3096 1061 3166 ἡ
1097 3095 1236 3166 πνοὴ
1276 3097 1334 3148 ἐν
1365 3096 1511 3165 ῥισὶν
1560 3095 1743 3167 ἡμῶν,
1772 3088 1839 3150 οὗ
1867 3097 1994 3149 σϐε-

394 3188 635 3253 σθέντος,
663 3187 844 3261 τέφρα
882 3185 1226 3258 ἀποϐήσεται
1261 3187 1322 3241 τὸ
1352 3189 1462 3242 πᾶν
1481 3226 1497 3252 ,
1528 3189 1624 3242 καὶ
1670 3189 1733 3242 τὸ
1774 3188 1992 3259 πνεῦμα
2020 3228 2063 3284 C

388 3281 786 3353 διαχυθῆσεται
813 3283 889 3346 ὡς
913 3280 1114 3352 χαῦνος
1145 3280 1305 3353 ἀνήρ.
1353 3281 1516 3352 Παρὰ
1543 3280 1602 3335 δέ
1647 3298 1711 3350 γε
1749 3283 1862 3345 τοῖς
1892 3282 1991 3353 τῆς

404 3373 735 3444 Ἔκκλησίας
764 3372 1080 3445 τροφίμοις,
1111 3372 1267 3436 ἐλπὶς
1305 3372 1650 3445 ἀκράδαντος
1682 3375 1717 3443 ἡ
1753 3373 1992 3428 ἀνάστα-

394 3481 479 3531 σις
503 3454 614 3520 τῶν
637 3466 1062 3537 κεκοιμημένων
1089 3462 1180 3538 ἦν,
1208 3467 1303 3520 καὶ
1330 3469 1445 3530 τοῖς
1474 3465 1686 3520 ἔθνεσιν
1715 3466 1992 3536 ὑπισχνεί-

392 3574 484 3612 ται
508 3557 665 3623 Θεὸς,
706 3558 869 3629 εἴπερ
889 3558 1097 3613 ἕλοιντο
1149 3558 1250 3629 τὴν
1286 3558 1592 3613 ἀντέκτισιν
1626 3558 1728 3629 τῆς
1779 3558 1989 3613 ἑαυτῶν

393 3650 574 3721 ψυχῆς
606 3649 987 3722 προσκομίσαι
1037 3649 1264 3723 Χριστῷ
1283 3650 1362 3723 τῷ
1393 3648 1589 3705 παθεῖν
1625 3650 1868 3724 ἑλομένῳ
1901 3652 1991 3708 διὰ

393 3743 494 3813 τὴν
533 3743 718 3797 αὐτῶν
767 3743 1067 3815 ἁμαρτίαν.
1131 3742 1436 3816 Ὀφείλημα
1461 3744 1518 3799 δὲ
1552 3744 1615 3798 τὺ
1647 3745 1785 3818 πρὸς
1832 3745 1990 3817 ἡμῶν

394 3836 575 3887 ὁποῖον
601 3835 712 3906 ἄρα
734 3835 872 3900 ἐστὶ,
902 3838 1161 3906 σαφηνιεῖ
1186 3834 1364 3906 λέγων
1383 3839 1412 3892 6
1428 3837 1643 3902 Παῦλος
1664 3854 1678 3869 ο
1714 3856 1734 3890 ι
1760 3832 1856 3904 Εἷς
1878 3839 1990 3913 γὰρ

396 3926 539 3999 ὑπὲρ
567 3928 789 3983 πάντων
821 3927 1113 3995 ἀπέθανεν,
1153 3929 1240 3983 ἵνα
1278 3930 1327 3983 οί
1367 3930 1571 3995 ζῶντες
1615 3932 1816 4004 μηκέτι
1862 3934 1991 3986 ἑαυ-

393 4018 506 4079 τοῖς
542 4015 714 4082 ζῶσιν
736 4058 753 4085 ,
801 4017 941 4074 ἀλλὰ
981 4017 1061 4089 τῷ
1104 4019 1246 4091 ὑπὲρ
1281 4020 1465 4074 αὐτῶν
1515 4022 1841 4076 ἀποθανόντι
1893 4023 1990 4076 καὶ

396 4105 699 4176 ἐγερθέντι.
743 4125 764 4158 ι
800 4106 1014 4163 Οὐκοῦν
1043 4108 1454 4180 ἐπωφλήσαμεν
1485 4106 1757 4183 αὐτῷτὴν
1777 4094 1990 4165 ἑαυτῶν

397 4194 563 4267 ζωήν.
617 4195 719 4249 Διά
745 4195 909 4250 τοῦτό
939 4213 1139 4269 φησιν’
1182 4216 1201 4248 ι
1228 4198 1296 4251 Et
1322 4215 1407 4262 τις
1461 4199 1610 4254 θέλει
1661 4201 1840 4256 ὀπίσω
1885 4220 1988 4274 μου

397 4288 594 4351 ἐλθεῖν,
637 4289 972 4360 ἀρνησάσθω
1002 4289 1218 4355 ἑαυτὸν,
1267 4291 1363 4344 καὶ
1394 4292 1584 4363 ἀράτω
1620 4293 1714 4347 τὸν
1753 4297 1989 4367 σταυρὸν

397 4383 586 4449 αὑτοῦ,
636 4383 730 4437 καὶ
784 4383 1151 4438 ἀκολουθείτω
1204 4401 1315 4454 μοι.
1357 4405 1375 4437 ι
1418 4385 1497 4439 '0
1542 4403 1606 4457 γε
1649 4388 1756 4459 μὴν
1794 4390 1989 4444 ἑαυτὸν

396 4477 751 4548 ἀρνούμενος,
775 4478 836 4529 οὐ
865 4475 966 4548 τὴν
993 4475 1145 4547 αῦτῷ
1167 4475 1294 4530 καθ’
1323 4476 1517 4549 ἡδονὴν
1532 4479 1614 4531 ἔτι
1639 4479 1989 4536 διαὸιὼσεται

2097 1989 2340 2044 animam
2373 2004 2527 2044 suam
2561 1986 2860 2044 Christus:
2910 1987 3175 2058 sanguine
3200 1988 3425 2057 proprio
3469 2001 3568 2041 nos
3599 2000 3692 2039 re-

2096 2083 2289 2149 demit,
2322 2082 2617 2154 ignominia
2664 2089 2976 2152 contempta
3022 2096 3243 2137 crucem
3282 2079 3475 2144 subiit,
3506 2086 3565 2132 ut
3595 2092 3695 2131 uo-

2094 2177 2176 2231 bis
2207 2176 2438 2231 salutem
2467 2183 2808 2245 procuraret.
2846 2173 2904 2229 Si
2943 2189 3073 2244 ergo
3126 2188 3224 2227 vos
3267 2171 3494 2228 reddere
3547 2172 3697 2226 vires

2095 2268 2299 2335 velitis,
2342 2267 2389 2323 si
2421 2267 2588 2323 debiti
2648 2267 2770 2322 loco
2822 2266 2980 2335 quasi
3023 2264 3389 2327 obedientiam
3442 2278 3697 2333 reposnc-
3744 2298 3761 2309 ι

2097 2362 2238 2424 ritis,
2271 2360 2498 2429 ejusque
2540 2358 2672 2429 jugo
2704 2358 2974 2413 cervicem
3008 2357 3390 2426 subjeceritis:
3429 2365 3553 2410 tunc
3576 2356 3694 2410 aui-

2096 2465 2182 2505 ma
2228 2457 2407 2504 vestra
2436 2462 2623 2504 semen
2652 2447 2956 2519 longaevum
3019 2448 3246 2511 videbit,
3286 2448 3339 2502 id
3380 2457 3484 2511 est,
3560 2447 3695 2503 socii

2093 2557 2281 2598 eorum
2325 2540 2501 2605 eritis,
2564 2541 2657 2610 qui
2713 2540 2780 2593 ad
2844 2540 3059 2610 longam
3117 2540 3285 2594 vitam
3321 2548 3690 2602 reservantur,

2094 2646 2411 2690 sanctorum
2456 2632 2732 2699 videlicet,
2767 2633 2860 2703 qui
2910 2643 3135 2688 aeterna:
3173 2634 3295 2687 vitm
3324 2646 3423 2702 spe
3455 2631 3696 2701 locupleo

2097 2730 2188 2783 tati
2221 2736 2370 2784 sunt.
2429 2726 2581 2782 Nulla
2616 2727 2763 2781 enim
2798 2725 2940 2795 apud
2977 2724 3203 2781 Graecos
3273 2734 3392 2781 erat
3451 2735 3693 2780 mortuo-

2096 2836 2216 2875 rmu
2246 2818 2668 2875 resurrectionis
2715 2817 2874 2883 ratio,
2908 2816 3054 2869 nulla
3110 2830 3279 2871 cura:
3337 2813 3434 2871 sed
3466 2830 3567 2870 nec
3596 2816 3694 2869 ad-

2095 2914 2203 2969 huc
2245 2913 2378 2969 ﬁdes
2429 2911 2724 2968 adhibetur
2772 2908 3060 2980 mysterio,
3132 2909 3243 2964 imo
3301 2918 3512 2964 tantum
3577 2922 3684 2964 non

2095 3007 2352 3061 dictitant
2416 3004 2623 3059 fumum
2694 3018 2816 3059 esse
2890 3000 3079 3056 ﬂatum
3149 3001 3293 3057 hunc
3340 3001 3393 3056 in
3470 3001 3695 3056 naribus
3795 3010 3798 3019 ‘

2100 3100 2335 3163 nostris,
2370 3112 2479 3167 quo
2513 3096 2809 3159 exstincto,
2839 3093 3023 3150 omnia
3050 3093 3101 3147 in
3143 3093 3382 3149 cinerem
3423 3093 3693 3159 recidunt,

2096 3204 2153 3247 et
2196 3192 2286 3248 hic
2330 3192 2555 3263 spiritus
2609 3201 2866 3260 tanquam
2954 3187 3132 3243 inanis
3195 3202 3291 3243 aer
3342 3186 3692 3243 dill‘uudctur.

2099 3286 2371 3341 Caeterum
2406 3285 2546 3355 apud
2583 3284 2849 3339 Ecclesiae
2874 3283 3128 3338 alumnos
3193 3296 3319 3352 spes
3371 3282 3694 3336 inconcussa

2097 3389 2181 3435 est
2219 3377 2557 3433 resurrectio
2595 3376 3008 3440 dormientium,
3040 3375 3202 3444 idque
3231 3374 3506 3443 promittit
3552 3374 3696 3429 Deus

2101 3469 2379 3538 gentibus,
2412 3466 2681 3537 siquidem
2715 3466 2986 3521 voluerint
3019 3466 3432 3520 retributionem
3485 3466 3694 3519 anima-

2099 3569 2218 3617 rum
2253 3574 2472 3617 suarum
2529 3555 2730 3615 ollerre
2782 3557 3023 3624 Christo,
3075 3557 3168 3629 qui
3233 3568 3454 3630 propter
3501 3573 3694 3613 eorum

2097 3662 2381 3725 peccatum
2429 3653 2539 3722 pati
2595 3650 2792 3707 voluit.
2850 3649 3104 3706 Debitqu
3184 3660 3369 3706 autem
3441 3660 3692 3705 nostrum

2099 3747 2405 3819 cuiusmodi
2463 3747 2555 3811 sit,
2601 3743 2905 3800 declarabit
2954 3743 3178 3810 Paulus,
3233 3745 3452 3800 dicens:
3488 3743 3697 3799 t-Unus

2097 3842 2247 3898 enim
2278 3856 2377 3912 pro
2408 3840 2568 3896 nobis
2619 3848 2870 3894 mortuus
2901 3846 3006 3904 est,
3056 3847 3116 3892 ut
3178 3838 3269 3909 qui
3324 3838 3533 3905 vivunt,
3590 3853 3695 3893 non

2099 3926 2335 4004 amplius
2359 3932 2461 3988 sibi
2487 3932 2694 3997 vivant,
2732 3931 2831 3985 sed
2872 3932 2921 3985 ei
2964 3929 3057 3999 qui
3092 3944 3192 3999 pro
3263 3931 3396 4000 ipsis
3452 3936 3698 3984 mortuus

2097 4034 2182 4080 est
2215 4035 2272 4078 et
2292 4025 2568 4080 excitatus
2599 4021 2713 4076 ⁷⁸.»
2771 4021 3042 4076 Debemus
3127 4036 3259 4091 ergo
3312 4020 3387 4076 illi
3448 4032 3694 4077 nostram

2096 4117 2284 4171 vitam.
2317 4114 2552 4183 Ideoque
2577 4112 2710 4167 dicit
2738 4126 2755 4166 :
2792 4129 2812 4163 ι
2850 4110 2907 4166 Si
2932 4110 3055 4180 quis
3070 4111 3198 4167 velit
3221 4122 3343 4180 post
3368 4128 3456 4167 me
3482 4112 3693 4180 venire,

2097 4209 2331 4278 abneget
2382 4203 2756 4273 semetipsum,
2814 4212 2869 4258 et
2921 4202 3075 4257 tollat
3127 4217 3344 4259 crucem
3408 4220 3586 4269 suam,
3641 4215 3697 4260 ct

2097 4308 2356 4370 sequatur
2394 4311 2483 4353 me
2512 4296 2581 4352 ⁷⁸.
2617 4315 2636 4350 ι
2681 4295 2846 4367 752
2884 4294 2952 4349 At
2984 4295 3077 4367 qui
3130 4310 3190 4350 se
3220 4304 3406 4367 negat,
3450 4312 3555 4352 non
3579 4296 3695 4364 jam

2096 4393 2264 4447 vitam
2294 4392 2439 4445 vivet
2492 4389 2915 4459 voluptuariam,
2976 4387 3073 4444 sed
3128 4402 3249 4444 eam
3311 4403 3434 4459 quae
3488 4389 3694 4446 Christi

2097 4498 2220 4541 esse
2247 4481 2604 4554 intelligatur,
2643 4479 2699 4535 id
2742 4489 2847 4548 est,
2875 4487 3122 4536 sanctam
3150 4492 3205 4536 et
3237 4481 3695 4552 irrcpreheusihi—

396 4567 567 4640 ζωὴν,
602 4568 822 4640 ἐκείνην
861 4567 922 4621 δὲ
969 4568 1196 4640 μᾶλλον,
1231 4569 1379 4642 ἥπερ
1417 4569 1485 4624 ἀν
1516 4573 1695 4625 νοοῖτο
1725 4573 1988 4642 Χριστοῦ,

2098 4577 2236 4633 lem:
2300 4573 2760 4646 quemadmodum
2805 4581 2958 4628 certe
3006 4572 3225 4628 divinus
3298 4571 3520 4639 Paulus,
3597 4576 3693 4643 qui

395 4661 673 4715 τουτέστιν
704 4660 888 4730 ἁγίαν,
916 4661 1013 4714 καὶ
1035 4660 1358 4733 ἀμώμητον,
1386 4662 1643 4735 καθάπερ
1662 4664 1853 4734 ἀμέλει
1904 4667 1994 4720 καὶ

2113 4670 2318 4724 diserte
2342 4668 2604 4738 scripsit:
2648 4685 2668 4720 ι
2716 4665 2827 4737 Ego
2849 4664 2993 4719 enim
3034 4680 3132 4737 per
3163 4665 3334 4736 legem
3392 4666 3494 4739 legi
3549 4658 3697 4722 mor-

396 4755 426 4806 6
456 4752 753 4817 θεσπέσιος
782 4751 1023 4818 Παῦλος,
1062 4752 1123 4817 ὃς
1171 4752 1236 4825 δὴ
1277 4754 1374 4808 καὶ
1396 4754 1679 4826 γέγραφεν
1708 4757 1956 4829 ἐναργῶς
1978 4776 1994 4791 ’

402 4866 420 4896 ι
452 4844 598 4905 Ἐγὼ
623 4843 740 4916 γὰρ
762 4843 855 4898 διὰ
876 4844 1043 4916 νόμου
1066 4845 1218 4917 νόμῳ
1241 4845 1535 4901 ἀπέθανονο
1567 4848 1655 4902 ἵνα
1677 4848 1800 4921 Θεῷ
1822 4848 1993 4920 ζήσω,

399 4935 621 5009 Χριστῷ
649 4937 1129 5009 συνεσταύρωμαι.
1163 4937 1250 4990 Ζῶ
1268 4937 1327 4991 δέ
1351 4939 1453 4992 οὐκ
1480 4938 1561 4993 ἔτι
1591 4939 1722 5009 ἐγὼ,
1757 4940 1824 5014 ζῇ
1856 4941 1913 4996 δὲ
1937 4944 1996 4995 ἐν

2096 4773 2222 4817 tuus
2242 4777 2385 4827 sum,
2410 4771 2470 4817 ut
2488 4761 2599 4818 Deo
2615 4760 2815 4829 vivam,
2842 4775 2966 4817 cum
2994 4759 3213 4817 Christo
3237 4761 3533 4819 cruciﬁxus
3550 4775 3692 4816 sum.

2094 4857 2231 4912 Vivo
2258 4865 2466 4920 autem,
2503 4869 2610 4910 non
2646 4853 2759 4926 jam
2787 4868 2908 4924 ego,
2923 4854 3017 4910 sed
3053 4854 3185 4909 vivit
3215 4854 3268 4909 in
3303 4869 3390 4909 me
3419 4855 3692 4912 Christus.

2093 4945 2246 5012 Quod
2274 4960 2405 5002 vero
2447 4955 2594 5001 nunc
2639 4945 2695 5001 iu
2727 4960 2895 5001 carne
2920 4944 3068 5009 vivo,
3111 4944 3166 4999 in
3200 4944 3307 5000 ilde
3362 4945 3504 5006 vivo,
3564 4943 3690 5009 ﬁde,

398 5027 525 5097 ἐμοὶ
556 5028 816 5099 Χριστός.
864 5030 931 5083 ’Ὀ
962 5028 1022 5083 δέ
1054 5029 1152 5085 νῦν
1183 5030 1264 5096 ζῶ
1295 5033 1354 5085 ὲν
1388 5034 1575 5104 σαρκὶ,
1609 5035 1670 5088 ἐν
1704 5035 1886 5089 πίστει
1916 5035 1994 5100 ζῶ

2097 5039 2339 5108 inquam,
2371 5036 2497 5092 Filii
2546 5036 2661 5101 Dei,
2721 5037 2815 5107 qui
2854 5035 3043 5091 dilexit
3092 5049 3200 5101 me,
3256 5043 3311 5090 et
3349 5035 3568 5090 tradidit
3616 5051 3697 5092 se-

398 5121 464 5189 τῇ
486 5116 581 5173 τοῦ
610 5118 742 5172 Υίοῦ
774 5119 868 5173 τοῦ
901 5119 1038 5175 Θεοῦ
1064 5123 1162 5176 τοῦ
1193 5124 1584 5197 ἀγαπήσαντός
1613 5143 1681 5198 με
1700 5165 1716 5191 ,
1752 5128 1849 5182 καὶ
1885 5142 1993 5182 πα-

400 5209 651 5283 ραδόντος
670 5209 864 5263 ἑαυτὸν
890 5210 1032 5282 ὑπὲρ
1059 5212 1219 5284 ἐμοῦ,
1246 5211 1363 5269 Οὐκ
1377 5214 1555 5271 ἀθετῶ
1580 5217 1680 5290 τὴν
1705 5219 1867 5292 χάριν
1893 5221 1991 5275 τοῦ

398 5300 558 5355 Θεοῦ.
588 5321 607 5354 ι
645 5301 839 5373 ’Λθρει
866 5302 933 5372 δὴ
960 5298 1055 5358 οὖν
1092 5305 1244 5371 ὅπως
1269 5306 1469 5363 δέδωκε
1516 5311 1647 5383 περὶ
1690 5312 1991 5384 ἁμαρτίας,

400 5390 627 5455 ἀναθεὶς
675 5390 869 5464 ῶσπερ
918 5392 1000 5465 τῷ
1048 5393 1116 5447 δι’
1172 5395 1337 5451 αὑτὸν
1371 5399 1599 5453 παθόντι
1654 5400 1755 5473 τὴν
1793 5402 1990 5456 ἑαυτοῦ

398 5483 570 5554 ζωήν.
628 5482 974 5556 Ἀκηκόαμεν
1008 5485 1119 5557 γὰρ
1158 5487 1412 5556 λέγοντες
1464 5490 1559 5544 τοῦ
1598 5493 1836 5565 Χριστοῦ
1881 5498 1994 5560 τοῖς

368 5574 601 5628 -ἐαυτοῦ
631 5575 968 5647 γνωρίμοις·
1021 5596 1042 5630 ι
1080 5578 1139 5632 '0
1167 5579 1400 5648 ἀγαπῶν
1440 5583 1656 5654 πατέρα
1707 5584 1740 5655 ἢ
1779 5585 1992 5657 μητέρα

403 5667 544 5739 ὺπέρ
580 5668 701 5739 ἐμὲ,
727 5668 830 5722 οὐκ
869 5668 985 5724 ἐστι
1032 5688 1136 5742 μου
1171 5671 1345 5737 ἄξιος.
1375 5674 1486 5727 Καὶ
1514 5676 1545 5728 6
1584 5675 1817 5744 ἀγαπῶν
1851 5677 1988 5739 υἱὸν,

472 5844 523 5879 τι
553 5845 596 5901 ll
614 5846 739 5903 Cor.
779 5866 829 5916 ν,
868 5851 956 5907 15.
1033 5851 1078 5883 ⁷⁸
1108 5851 1294 5907 Matth.
1324 5867 1438 5920 nl,
1466 5853 1564 5910 Eli.

2101 5131 2276 5201 ipsum
2311 5144 2411 5199 pro
2456 5144 2563 5184 me.
2598 5127 2718 5184 Non
2747 5128 2977 5199 repudio
3013 5127 3245 5199 gratiam
3284 5128 3378 5185 Dei
3407 5128 3475 5185 ⁷⁸.
3510 5147 3530 5181 ι
3561 5128 3696 5185 Vide

2100 5237 2233 5292 ergo
2265 5236 2375 5291 quo
2424 5227 2586 5290 pacto
2616 5234 2676 5275 se
2718 5219 2929 5274 dederit
2964 5234 3063 5288 pro
3093 5229 3342 5286 peccato,
3368 5234 3698 5276 consecrans

2099 5313 2254 5382 quasi
2275 5314 2322 5367 ei
2341 5313 2433 5383 qui
2457 5326 2554 5382 pro
2582 5311 2704 5381 ipso
2732 5326 2927 5383 passus
2942 5321 3047 5379 est,
3079 5327 3233 5368 suam
3266 5314 3458 5368 vitam.
3482 5312 3701 5366 Audivi-

2103 5418 2220 5457 mus
2235 5403 2379 5456 enim
2403 5401 2678 5459 Christum
2707 5403 2980 5459 dicentem
3006 5402 3120 5459 suis
3140 5401 3535 5458 lamiliaribus:
3562 5400 3696 5468 «Qui

2102 5495 2278 5565 diligit
2342 5503 2552 5566 patrem
2576 5497 2662 5551 vel
2697 5509 2927 5553 matrem
2962 5511 3123 5567 supra
3148 5510 3369 5561 me,non
3391 5502 3473 5550 est
3496 5509 3582 5549 me
3616 5495 3699 5547 di-

2100 5602 2259 5656 gnus.
2288 5586 2356 5641 Et
2393 5587 2485 5658 qui
2503 5588 2676 5659 diligit
2701 5589 2871 5643 illium
2894 5589 2978 5645 vel
2998 5589 3161 5644 tiliam
3182 5602 3345 5657 supra
3362 5600 3581 5648 memon
3611 5595 3697 5642 est

2101 5695 2189 5736 me
2207 5680 2401 5752 dignus
2420 5681 2489 5734 ⁷⁷.
2515 5700 2534 5735 ι
2564 5680 2775 5736 Etenim
2803 5690 2976 5738 mater
2990 5693 3041 5739 et
3062 5678 3697 5752 paterhominis,priuci-

1676 5855 1721 5886 "
1752 5855 1870 5911 Gal.
1909 5871 1968 5920 ιι,
2011 5856 2196 5913 lii-El.
2276 5860 2317 5891 ⁷⁷
2358 5857 2551 5913 Matth.
2609 5873 2664 5925 ιε,
2711 5857 2793 5932 ὗῖ.
