4100 6484
431 388 579 481 ἰἰὸῖ

1481 373 1537 425 S.
1581 369 1848 425 CYRILLI
1888 368 2358 425 ALEXANDRINI
2402 369 2722 424 AliCliiEP.

3585 377 3722 432 “83-1

447 497 595 565 pium
616 503 670 549 et
691 501 854 548 causa
870 491 916 546 ei
938 476 1260 546 exstiterunt
1294 485 1596 555 ‘corporalis
1613 486 1891 540 essentia:
1920 485 2021 539 uni-

2145 486 2482 557 ῆθυγατέρα
2513 485 2652 558 ὑπὲρ
2698 488 2818 557 ἐμὲ,
2854 490 2954 543 οὐκ
3001 490 3116 542 ἔστι
3150 507 3252 560 μου
3276 491 3445 557 ἄξιος.
3471 509 3489 541 ι
3525 493 3720 562 Μήτηρ

451 601 732 641 versorum
803 593 982 637 autem
1043 581 1182 634 Deus
1219 587 1276 635 et
1333 577 1496 648 Pater
1544 587 1718 632 morte
1763 578 2034 641 detenlos,

447 689 505 736 et
564 680 733 732 instar
772 674 1067 730 herbarum
1131 671 1424 734 marcidos,
1456 671 1522 723 ad
1569 668 2033 724 immortalitatem

448 783 546 838 per
574 768 848 822 Christum
899 765 952 818 in
981 758 1188 832 Spiritu
1222 761 1585 832 regeneravit,
1666 759 2036 826 fortioresqne

448 857 683 913 reddidit
735 867 898 925 quam
932 863 993 910 ut
1024 854 1298 921 corrumpi
1339 862 1586 923 possent,
1673 862 1729 908 et
1779 853 2036 906 diuturna

447 957 612 1017 atque
654 947 867 1001 infinita
898 946 1005 1000 vita
1060 944 1366 1000 coronavit.
1407 944 1595 1014 itaque
1627 945 1728 999 hac
1781 958 1910 1011 erga
1967 943 2036 997 ii-

447 1039 557 1092 lum
585 1038 854 1094 charitate
905 1053 1011 1093 non
1045 1039 1162 1093 sine
1200 1051 1362 1092 causa
1441 1037 1664 1092 inferior
1698 1047 1782 1092 est
1834 1035 1923 1090 illa
1983 1036 2035 1090 in

445 1141 704 1198 parentes
744 1131 1094 1186 reverentia:
1147 1138 1204 1183 at
1259 1129 1534 1184 Christum
1591 1139 1698 1183 tota
1753 1129 1930 1184 anima
1981 1139 2036 1184 et

447 1223 624 1276 corde
659 1221 910 1290 diligere,
959 1230 1016 1275 et
1049 1217 1269 1275 nutibus
1291 1236 1353 1274 ac
1376 1220 1738 1275 sacrosanctis
1795 1221 2033 1276 oraculis

447 1311 700 1381 obsequi,
733 1313 835 1368 hoc
855 1323 943 1368 est
987 1315 1115 1367 dare
1144 1328 1240 1380 pro
1285 1315 1528 1381 peccato,
1579 1321 1634 1367 et
1674 1313 1830 1366 simul
1874 1313 2031 1367 fidem

447 1399 511 1453 ein
537 1400 687 1455 illum
718 1407 920 1457 rectam
945 1411 999 1457 et
1025 1402 1348 1472 inculpatatn
1365 1404 1617 1456 retinere.
1645 1392 1859 1457 Videbit
1879 1417 2030 1473 ergo,

446 1493 651 1561 inquit,
678 1495 859 1548 anima
891 1501 1070 1548 vestra
1099 1507 1286 1548 semen
1325 1494 1646 1564 longaevum.
1702 1493 1825 1549 Vult
1885 1497 2030 1550 enim

448 1582 709 1641 Dominus
732 1585 948 1640 auferre
985 1583 1225 1640 laborem
1271 1587 1468 1641 "anima:
1496 1587 1638 1656 ejus,
1669 1597 1724 1642 et
1753 1590 1802 1642 ei
1857 1588 2030 1644 lucem

449 1676 762 1743 ostendere,
829 1691 894 1732 ac
934 1676 1176 1732 formare
1227 1678 1609 1748 intelligentia.
1663 1661 1832 1734 Valde
1885 1680 2030 1734 enim

448 1767 619 1822 tristis
659 1777 796 1833 erat,
837 1778 965 1823 ante
989 1770 1281 1839 pretiosam
1310 1785 1552 1836 crucem,
1586 1787 1755 1840 usque
1804 1772 1869 1825 ad
1890 1788 2033 1826 mor-

2140 579 2238 648 μὲν
2281 577 2388 648 γὰρ
2443 576 2734 648 ἀνθρώπου
2767 579 2860 631 καὶ
2894 580 3099 651 πατὴρ,
3130 581 3274 654 ἀρχὴ
3314 583 3410 634 καὶ
3448 583 3724 653 πρόφασις

2135 667 2282 739 αὐτῷ
2307 669 2564 737 γεγόνασι
2601 669 2702 740 τῆς
2733 671 2813 734 εἰς
2836 671 2900 724 τὸ
2923 666 3060 725 εἶναι
3092 674 3326 743 προόδου
3362 676 3683 745 σωματικῆς
3705 694 3719 709 ·

2135 763 2164 814 6
2192 761 2248 814 δέ
2281 778 2344 829 γε
2374 761 2481 814 τῶν
2508 761 2644 814 ὅλων
2694 761 2826 824 Θεὸς
2860 762 2954 814 καὶ
2993 757 3184 833 Πατὴρ
3208 803 3224 829 ,
3277 764 3723 835 κεκρατημένους

2135 854 2374 924 Θανάτῳ,
2398 853 2494 906 καὶ
2534 853 2970 925 μαραινομένους
3000 856 3057 907 ὲν
3094 854 3194 924 ίσῳ
3228 854 3408 922 πόαις,
3435 856 3727 924 ἀνεγέννηο

2137 959 2232 996 σεν
2259 944 2340 1006 είς
2386 941 2694 1012 ἀφθαρσίαν
2744 943 2832 996 διὰ
2881 943 3120 1014 Χριστοῦ
3167 945 3225 997 ἐν
3267 945 3571 1014 Πνεύματι,
3628 952 3726 1001 καὶ

2135 1035 2420 1106 κρείττους
2456 1035 2703 1106 ἀπέφηνε
2728 1036 2827 1105 τῆς
2861 1035 3100 1107 φθορᾶς,
3135 1038 3323 1108 μακρᾷ
3365 1039 3459 1091 καὶ
3498 1037 3722 1090 ἀτελευ-

2134 1129 2284 1198 τήτῳ
2316 1125 2663 1196 στεφανώσας
2702 1126 2837 1198 ζωῇ.
2865 1127 3074 1180 Οὐκοῦν
3118 1129 3349 1200 ἥττηται
3404 1128 3470 1182 ἂν
3494 1129 3723 1192 είκότως

2133 1218 2234 1288 τῆς
2263 1219 2343 1281 είς
2364 1217 2523 1271 αὐτὸν
2556 1219 2780 1289 ἀγάπης
2806 1219 2839 1289 ἡ
2870 1221 2950 1282 είς
2979 1219 3172 1287 γονέας
3203 1219 3384 1283 αίδὼς·
3420 1217 3481 1272 τὸ
3505 1219 3560 1272 δὲ
3590 1220 3722 1286 ἀγα⁶

2136 1307 2310 1378 πῆσαι
2339 1308 2572 1378 Χριστὸν
2599 1307 2660 1372 ἐξ
2687 1308 2812 1378 ὅλης
2845 1309 3025 1381 ψυχῆς
3051 1311 3146 1363 καὶ⁵
3173 1310 3399 1380 καρδίας
3421 1348 3436 1373 ,
3471 1309 3564 1362 καὶ
3606 1311 3721 1372 τοῖς

2134 1396 2299 1450 αὑτοῦ
2326 1395 2619 1467 νεύμασιν,
2671 1397 2840 1467 ήγουν
2884 1399 3051 1470 ἱεροῖς
3083 1392 3444 1470 θεσπίσμασι,
3477 1408 3716 1454 κατακο-

2135 1487 2366 1552 λουθεῖν,
2412 1489 2473 1541 τὸ
2511 1488 2695 1542 δοῦναί
2743 1491 2860 1543 ἐστι
2909 1490 3038 1561 περὶ
3080 1471 3398 1561 άμαρτίας,
3451 1493 3589 1561 μετά
3620 1490 3714 1544 τοῦ

2133 1581 2233 1652 τὴν
2264 1583 2344 1644 είς
2371 1580 2531 1634 αὐτὸν
2568 1581 2746 1634 πίστιν
2777 1580 2952 1652 ὀρθῶς
3005 1598 3065 1634 τε
3101 1581 3196 1636 καῖ⁷
3225 1578 3542 1652 ἀμωμήτως
3565 1582 3716 1652 έχουη

2137 1691 2238 1728 σαν
2271 1673 2487 1728 ἑλέσθαι
2529 1677 2736 1746 τηρεῖν.
2770 1659 3000 1743 Ὀψεται
3046 1674 3226 1729 τοίνυν
3267 1676 3300 1744 ἡ
3329 1674 3478 1746 ψυχὴ
3524 1675 3713 1745 ὑμῶν,

2135 1767 2288 1837 φησὶ,
2326 1766 2548 1837 σπέρμα
2580 1767 2893 1836 μακρόϐιον.
2919 1766 3173 1820 Βούλεται
3201 1766 3309 1838 γὰρ
3345 1767 3550 1837 Κύριος
3607 1767 3715 1834 ἀφ’

446 1868 576 1912 tem.
622 1859 712 1914 Sic
740 1876 974 1931 namque
1006 1877 1038 1916 a
1110 1862 1314 1917 sanctis
1364 1864 1712 1934 eVangelistis
1762 1862 2021 1935 scriptum

2131 1858 2270 1910 ελείν
2287 1858 2396 1910 ἀπὸ
2418 1857 2510 1910 τοῦ
2542 1858 2704 1911 πόνου
2727 1858 2824 1926 τῆς
2845 1857 3020 1929 ψυχῆς
3047 1858 3231 1922 αὑτοῦ,
3253 1857 3348 1911 καὶ
3364 1857 3534 1922 δεῖξαι
3564 1857 3714 1928 αύτῷ

443 1959 546 2002 est.
577 1949 867 2020 Postquam
900 1966 1028 2007 vero
1061 1953 1285 2008 calcatis
1309 1953 1524 2020 inferis,
1559 1957 1721 2010 tertio
1765 1956 1851 2011 die
1883 1953 2026 2012 revi-

443 2050 620 2107 κει-ιιι,
648 2058 880 2113 moxque
914 2044 1194 2100 contuitus
1227 2055 1373 2100 esset
1397 2047 1634 2102 hominis
1676 2057 1942 2114 naturam,
1966 2051 2019 2103 in

443 2131 624 2197 seipso
664 2133 1108 2190 transformatam
1134 2129 1200 2190 a‘d
1229 2136 1717 2206 immortalitatem,
1757 2149 1812 2196 et
1840 2140 1934 2195 Dei
1963 2157 2027 2196 ac

443 2219 622 2277 Patris
643 2223 1073 2280 benevolentiam
1141 2242 1238 2297 per
1273 2227 1583 2284 universam
1651 2230 1764 2299 jam
1824 2239 2025 2286 terram

447 2311 794 2380 ampliﬁcari,
829 2328 892 2368 ac
929 2315 1170 2383 gentium
1216 2315 1612 2371 multitudinem
1647 2318 2024 2374 collustratttm

444 2400 535 2465 iri,
577 2410 631 2455 et
670 2402 899 2472 pristino
934 2419 996 2458 ac
1028 2405 1186 2460 simul
1211 2420 1335 2461 cum
1374 2407 1514 2476 ipsis
1545 2408 1786 2462 "enutrito
1811 2421 2027 2466 ‘errore

441 2491 661 2557 abduci,
686 2502 741 2547 et
765 2495 832 2548 ari
868 2495 1196 2566 agnitionem
1223 2496 1304 2551 sui
1335 2512 1397 2552 ac
1430 2497 1608 2554 Patris
1649 2501 1829 2555 vocari
1865 2518 1878 2554 :
1925 2503 2023 2554 ah-

440 2582 572 2652 iecit
619 2586 1184 2653 passionisiaborem,
1214 2597 1270 2644 et
1332 2589 1620 2645 victoriam
1683 2592 1836 2647 dedit
1889 2591 2026 2650 bene

442 2671 824 2730 sentientibus.
895 2675 1067 2731 Simul
1114 2678 1262 2733 enim
1330 2683 1494 2750 atque
1536 2695 1567 2736 e
1598 2683 1828 2739 mortuis
1883 2687 2029 2740 exci-

443 2773 586 2821 tatus
629 2775 733 2835 est,
769 2777 823 2822 et
867 2769 992 2837 quia
1054 2769 1226 2826 bonus
1269 2781 1375 2836 est,
1413 2771 1566 2829 valde
1591 2775 1657 2828 de
1711 2777 1895 2832 mundi
1938 2789 2026 2833 sa-

441 2855 554 2912 lute
612 2873 676 2914 ac
744 2860 853 2914 vita
900 2862 1160 2931 gavisus,
1227 2866 1434 2920 sanctis
1506 2866 1786 2937 discipulis
1849 2869 2023 2926 dixit:

441 2947 604 3018 753
641 2966 664 3002 ι
707 2949 838 3005 Data
868 2960 952 3006 est
984 2953 1116 3007 mihi
1143 2953 1320 3008 omnis
1368 2966 1604 3022 potestas
1644 2967 1700 3013 et
1729 2960 1780 3012 in
1809 2959 1948 3016 ctelo
1976 2971 2030 3016 et

442 3039 499 3092 itt
533 3047 700 3094 terra.
757 3041 861 3103 Ite.
912 3042 1103 3098 docete
1142 3059 1331 3100 omnes
1361 3050 1912 3119 gentes-,baptizantes
1934 3067 2028 3106 eos

443 3130 496 3182 in
556 3145 752 3186 nomen
808 3131 1010 3199 Patris,
1046 3144 1102 3189 et
1144 3134 1290 3203 Filii,
1322 3147 1378 3192 et
1419 3141 1591 3194 sancti
1645 3140 1878 3209 Spiritus
1903 3137 1969 3198 ".
2002 3162 2021 3195 ι

447 3215 506 3270 Si
528 3233 658 3289 ergo
685 3219 947 3278 dederitis
982 3237 1080 3292 pro
1103 3233 1343 3292 peccato,
1376 3226 1530 3282 eritis
1563 3227 1725 3283 etiam
1757 3229 1857 3300 ipsi
1909 3229 2026 3285 lon-

439 3310 626 3381 ginqui
649 3313 898 3378 seminis,
930 3313 1181 3370 videlicet
1209 3325 1524 3374 sanctorum
1549 3320 1864 3390 participes.
1898 3320 2024 3375 Vult

439 3403 585 3458 enim
653 3402 798 3460 Deus
821 3413 879 3460 et
905 3404 1070 3462 Pater
1111 3406 1328 3463 auferre
1367 3408 1610 3466 laborem
1651 3411 1846 3468 animae
1883 3413 2018 3481 eius,

438 3495 654 3551 scilicet
715 3497 943 3566 Christi,
979 3498 1032 3552 id
1064 3507 1180 3563 est,
1231 3499 1412 3554 crucis
1462 3501 1737 3557 tristitiam
1777 3518 2022 3558 commu—

439 3597 557 3641 tare
599 3589 833 3658 gaudio:
867 3591 1228 3646 monstrando
1271 3591 1346 3645 illi
1392 3592 1684 3648 translatos
1735 3595 1790 3649 in
1825 3595 2020 3659 lucem,

437 3679 530 3747 qui
558 3679 834 3746 quondam
862 3688 1020 3735 erant
1051 3681 1313 3744 tenebrw,
1363 3682 1416 3736 id
1453 3692 1556 3749 est,
1607 3685 1698 3754 qui
1748 3687 2019 3754 quondam

2129 1950 2266 2018 φῶς,
2294 1948 2389 2003 καὶ
2419 1948 2620 2002 πλάσαι
2646 1951 2711 2020 τῇ
2749 1950 2982 2004 συνέσει.
3029 1950 3222 2018 Γέγονε
3275 1951 3374 2021 μὲν
3403 1950 3512 2022 γάρ
3557 1950 3712 2021 περί-

2127 2041 2296 2104 λυπος
2329 2039 2435 2102 ἕως
2462 2039 2692 2093 θανάτου
2733 2027 2839 2111 πρὸ
2875 2040 2969 2093 τοῦ
2996 2041 3178 2111 τιμίου
3216 2040 3474 2112 σταυροῦ’
3502 2041 3708 2114 γέγρα-

2129 2147 2260 2183 πται
2309 2129 2417 2201 γὰρ
2473 2127 2617 2181 οὕτω
2669 2128 2822 2199 παρά
2882 2131 2994 2191 τοῖς
3039 2128 3217 2198 ἁγίοις
3272 2120 3706 2199 εύαγγελισταίς.

2139 2219 2358 2292 Ἐπειδὴ
2379 2219 2436 2272 δὲ
2461 2221 2705 2290 πατήσας
2731 2219 2822 2272 τὸν
2863 2219 2996 2291 ᾅδην
3022 2220 3223 2275 ἀνεϐίω
3243 2223 3562 2291 τριήμερος,
3591 2215 3711 2274 εἶτα

2125 2311 2378 2365 τεθέαται
2406 2309 2505 2381 τὴν
2533 2310 2821 2382 ἀνθρώπου
2857 2311 3017 2378 φύσιν
3044 2313 3102 2364 ὲν
3129 2311 3308 2382 ἑαυτῷ
3341 2329 3707 2383 μεταμορφωο

2127 2393 2313 2456 θεῖσαν
2335 2403 2416 2466 είς
2448 2401 2779 2474 ἀφθαρσίαν,
2806 2403 2898 2454 καὶ
2919 2402 3018 2472 τὴν
3037 2401 3131 2455 τοῦ
3181 2402 3317 2456 Θεοῦ
3366 2401 3462 2455 καὶ
3496 2387 3710 2473 Πατρδς

2127 2496 2375 2550 εὐδοκίαν
2403 2496 2584 2566 πάσης
2636 2495 2738 2567 ἤδη
2777 2495 3251 2567 κατεύρυνομένην
3298 2495 3396 2565 τῆς
3421 2484 3546 2566 γῆς,
3582 2493 3712 2564 μέλ·

2127 2585 2325 2639 λουσάν
2374 2602 2433 2638 τε
2477 2582 2953 2655 καταφωτίζεσθαι
2986 2585 3094 2639 τῶν
3122 2585 3290 2639 ἐθνῶν
3329 2584 3428 2656 τὴν
3473 2584 3708 2655 πληθὺν,

2129 2671 2222 2731 καὶ
2247 2678 2347 2749 τῆς
2379 2678 2480 2748 μὲν
2508 2677 2740 2749 ἀρχαίας
2786 2677 2881 2731 καὶ
2908 2679 3208 2749 συντρόφου
3240 2678 3450 2749 πλάνης
3481 2667 3711 2746 ἀποφοι-

2127 2771 2246 2840 τᾷν,
2275 2768 2558 2823 καλεῖσθαι
2589 2768 2646 2820 δὲ
2671 2767 2808 2839 πρὸς
2829 2771 3125 2838 ἐπίγνωσιν
3155 2765 3348 2822 ἑαυτοῦ
3378 2783 3438 2822 τε
3493 2759 3586 2823 καὶ
3612 2766 3708 2821 τοῦ

2129 2861 2341 2931 Πατρός
2366 2875 2379 2889 ·
2437 2859 2782 2931 ἀποϐέϐληκε
2813 2861 2902 2915 τὸν
2936 2861 3028 2914 ἐπὶ
3051 2859 3128 2932 τῷ
3157 2861 3351 2914 παθεῖν
3383 2861 3542 2914 πόνον
3571 2900 3586 2924 ,
3614 2861 3710 2915 καὶ

2126 2954 2238 3014 τοῖς
2273 2947 2332 3006 εὖ
2359 2952 2614 3023 φρονοῦσι
2642 2952 2841 3006 δέδωκε
2873 2953 2935 3006 τὸ
2967 2955 3143 3024 νικᾷν.
3195 2952 3346 3024 ’Ἅμα
3377 2953 3485 3023 γὰρ
3515 2955 3581 3006 ὲκ
3623 2970 3709 3005 νει

2129 3043 2280 3114 κρῶν
2308 3044 2628 3112 ἐγήγερται,
2668 3043 2762 3096 καὶ
2795 3043 3202 3114 ἐπείπερὲστῑν
3235 3043 3472 3113 ἀγαθὸς,
3521 3043 3709 3115 ἡσθεὶς

2129 3136 2268 3204 ἀγαν
2289 3136 2380 3188 ἐπὶ
2402 3138 2468 3206 τῇ
2499 3134 2593 3190 τοῦ
2617 3136 2824 3205 κόσμου
2847 3135 3090 3207 σωτηρίᾳ
3109 3138 3202 3191 καὶ
3230 3137 3367 3209 ζωῇ,
3390 3139 3500 3199 τοῖς
3533 3136 3709 3205 ἁγίοις

2127 3229 2230 3302 ἔφη
2263 3230 2533 3301 μαθηταῖς
2555 3247 2568 3260 ’
2605 3249 2624 3282 ι
2675 3231 2858 3302 Ἐδόθη
2899 3249 2988 3302 μοι
3022 3234 3169 3286 πᾶσα
3204 3232 3422 3297 ἐξουσία
3441 3231 3498 3284 έν
3521 3248 3580 3283 τε
3613 3231 3709 3284 ούο

2105 3321 2293 3408 σρανῷ,
2321 3322 2414 3374 καὶ
2442 3321 2535 3374 ἐπὶ
2561 3325 2684 3393 γῆς’
2719 3323 3073 3394 πορευθέντες
3121 3324 3499 3395 μαθητεύσατε
3530 3322 3706 3408 πάντα

2121 3413 2189 3466 τὰ
2225 3413 2378 3482 ἔθνη,
2415 3413 2770 3483 βαπτίζοντες
2800 3417 2999 3478 αὐτοὺς
3047 3416 3126 3480 είς
3158 3414 3219 3470 τὸ
3255 3415 3426 3486 ὄνομα
3469 3399 3562 3470 τοῦ
3591 3415 3705 3468 Πα-

2121 3505 2268 3576 τρδς,
2303 3507 2397 3559 καὶ
2419 3506 2514 3559 τοῦ
2539 3505 2691 3570 Υίοῦ,
2719 3509 2811 3560 καὶ
2839 3508 2933 3561 τοῦ
2974 3508 3129 3576 ἀγίου
3154 3507 3494 3577 Πνεῦματος.
3521 3524 3540 3557 ι
3561 3507 3703 3559 Οὑκο

2121 3596 2214 3650 οῦν
2235 3597 2328 3650 ἐὰν
2344 3596 2477 3650 δῶτε
2496 3597 2624 3667 περὶ
2650 3598 2946 3668 ἁμαρτίας,
2973 3596 3159 3649 ἔσεσθε
3189 3598 3407 3668 μέτοχοι
3435 3597 3528 3649 καὶ
3553 3594 3706 3650 αὐτοὶ

2125 3688 2423 3760 μακροϐίου
2455 3689 2793 3759 σπέρματος,
2822 3688 2919 3742 τοῦ
2950 3689 3054 3740 τῶν
3082 3688 3252 3755 ἀγίων
3272 3687 3544 3758 δηλονότι.
3574 3685 3706 3738 Βού-

444 3778 774 3824 erraverunt
801 3786 815 3822 :
849 3770 1046 3838 quibus
1070 3769 1236 3824 etiam
1263 3773 1697 3839 sapientissimus
1726 3775 1926 3831 Paulus
1965 3777 2018 3832 in

2124 3779 2270 3834 λεται
2295 3779 2406 3851 γὰρ
2434 3781 2463 3833 6
2483 3778 2615 3843 Θεὸς
2643 3781 2735 3834 καὶ
2767 3780 2957 3848 Πατὴρ
2995 3778 3214 3846 ἀφελεῖν
3245 3777 3355 3844 ἀπὸ
3402 3775 3496 3831 τοῦ
3539 3776 3702 3828 πόνου

438 3858 680 3929 Epistola
729 3863 942 3926 scribit,
994 3862 1224 3918 dicens:
1262 3881 1280 3914 ι
1311 3864 1411 3930 Qui
1455 3867 1726 3934 quondam
1759 3868 2018 3935 tenebrae,

439 3967 586 4008 nunc
625 3963 808 4010 autem
853 3955 943 4009 lux
994 3957 1046 4012 in
1086 3957 1316 4013 Domino
1340 3959 1404 4011 ".
1443 3977 1462 4011 ι
1505 3959 1631 4014 Vult
1665 3961 1902 4017 formare
1933 3963 2017 4017 in-

439 4045 756 4117 telligentia.
792 4048 936 4116 Quid
968 4060 1150 4108 autem
1189 4051 1292 4106 hoc
1319 4053 1410 4119 sit,
1441 4054 1655 4108 docebit
1679 4055 2020 4122 sapientissi-

436 4155 561 4195 mus
602 4137 824 4209 Paulus,
867 4157 991 4197 cum
1032 4143 1205 4199 dicit:
1247 4164 1266 4198 ι
1293 4145 1402 4201 Nos
1423 4146 1568 4200 enim
1597 4159 1788 4201 omnes
1814 4157 2018 4202 retecta

436 4227 576 4284 facie
601 4230 827 4301 gloriam
862 4231 1074 4287 Domini
1111 4234 1473 4304 speculantes,
1505 4237 1570 4290 ad
1604 4238 1846 4291 eamdem
1884 4240 2018 4290 ima-

435 4319 612 4388 ginem
641 4322 1118 4389 transformamur,
1150 4341 1176 4378 a
1203 4325 1371 4396 gloria
1400 4328 1452 4382 in
1478 4327 1728 4398 gloriam,
1758 4336 2015 4397 tanquam

437 4427 467 4465 a
502 4413 709 4469 Domini
755 4412 959 4486 Spiritu
983 4417 1051 4468 ⁸ο.
1080 4435 1098 4468 ι
1133 4414 1233 4483 Qui
1286 4418 1428 4472 enim
1474 4431 1771 4475 versantur
1807 4421 1856 4474 in
1889 4435 2013 4489 pec-

434 4505 594 4571 catis,
639 4515 696 4562 et
737 4517 1047 4563 creaturam
1079 4523 1188 4578 prae
1219 4509 1478 4566 Creatore
1521 4512 1726 4579 colunt,
1769 4511 2012 4566 deforme

436 4596 746 4652 itabentcor
769 4598 949 4668 aliquo
970 4602 1153 4667 modo,
1177 4611 1232 4655 et
1257 4603 1495 4657 animum
1519 4601 1898 4658 foedissimum.
1928 4602 2007 4656 Ad

434 4685 722 4756 quemdam
761 4689 926 4758 igitur
949 4691 1150 4746 dictum
1194 4703 1280 4747 est
1325 4709 1458 4748 voce
1499 4691 1791 4749 Jeremim:
1826 4711 1844 4744 ι
1873 4691 2012 4747 Ecce

437 4797 542 4834 tton
587 4791 715 4837 sunt
764 4783 907 4838 oculi
955 4786 1054 4851 tui,
1100 4800 1199 4840 nec
1243 4802 1338 4842 cur
1383 4797 1532 4842 tuum
1570 4787 1855 4856 pulchrum
1882 4785 1949 4838 ⁸¹.
1988 4805 2007 4839 ι

437 4873 544 4927 Sed
588 4889 710 4933 cum
767 4874 924 4928 [idem
967 4875 1020 4929 in
1059 4874 1332 4930 Chrisuttn
1379 4876 1803 4946 amplectuntur,
1839 4885 2014 4930 trans-

438 4967 743 5018 iortnantur
783 4964 1197 5035 intelligibiiiter
1233 4967 1300 5020 ad
1331 4965 1567 5019 divinant
1597 4963 1712 5030 ejus
1745 4975 1799 5018 et
1828 4965 2010 5021 excel-

437 5051 636 5108 lentem
679 5055 1156 5125 pulchritudinem.
1199 5054 1400 5111 Scribit
1431 5055 1711 5110 enimvero
1743 5059 1808 5110 ad
1843 5072 2008 5126 quos-

435 5143 560 5196 datu
604 5143 1040 5213 sapientissimus
1089 5144 1287 5216 Paulus
1316 5161 1331 5196 :
1363 5160 1381 5194 ι
1408 5141 1607 5204 Filioii,
1643 5158 1779 5213 quos
1810 5143 2006 5197 iterum

435 5234 704 5304 parturio,
752 5237 930 5304 quoad
982 5236 1246 5291 formetur
1293 5235 1347 5289 in
1401 5235 1558 5291 vobis
1606 5234 1858 5290 Christus
1882 5235 1948 5288 ⁸⁸.
1984 5253 2002 5286 ι

433 5323 560 5380 Vult
610 5336 790 5380 autem
825 5327 965 5381 Deus
993 5337 1048 5382 et
1079 5325 1242 5380 Pater
1273 5325 1656 5397 intelligentia,
1685 5326 1735 5381 id
1767 5337 1849 5383 est
1910 5344 2006 5383 sua

429 5418 719 5488 sapientia,
754 5417 938 5471 divina
973 5417 1204 5483 scilicet,
1236 5431 1332 5472 eos
1359 5418 1451 5488 qui
1485 5419 1535 5472 in
1567 5419 1741 5488 ipsum
1776 5421 2008 5475 credunt

430 5509 690 5576 formare,
750 5509 966 5578 ipsique
992 5507 1322 5572 .conformes
1373 5509 1595 5565 reddere
1637 5525 1735 5580 per
1767 5511 2006 5566 sant-titi-

431 5605 698 5658 cationem
733 5602 786 5657 itt
829 5600 1044 5672 spiritu.
1085 5619 1104 5653 ι
1142 5598 1298 5669 Nam,
1331 5601 1548 5674 inquit,
1574 5621 1708 5674 quos
1745 5607 1912 5672 novit,
1950 5615 2004 5658 et

2120 3871 2219 3940 τῆς
2239 3871 2422 3941 ψυχῆς
2443 3871 2629 3936 αὑτοῦ,
2657 3871 2815 3942 δῆλον
2844 3870 2900 3922 δὲ
2923 3871 3005 3922 ὅτι
3029 3868 3289 3940 Χριστοῦ,
3314 3867 3585 3929 τουτέστι,
3601 3865 3702 3935 τὴν

2119 3964 2212 4017 ἐπὶ
2239 3962 2318 4033 τῷ
2346 3962 2564 4034 σταυρῷ
2593 3961 2769 4032 λύπην
2799 3959 3139 4032 μεταστῆσαι
3167 3956 3303 4030 πρὸς
3349 3958 3525 4029 χαράν
3545 3997 3561 4024 ,
3614 3957 3703 4011 διὰ

2118 4055 2210 4109 τοῦ
2239 4056 2408 4122 δεῖξαι
2434 4054 2582 4124 αύτῷ
2616 4051 3081 4124 μεταποιηθέντας
3106 4053 3185 4116 είς
3230 4050 3347 4121 φῶς
3392 4050 3520 4113 τούς
3567 4065 3698 4104 ποτε

2121 4148 2332 4211 σκότος,
2363 4146 2610 4200 τουτέστι
2638 4143 2764 4206 τούς
2797 4156 2928 4198 ποτε
2973 4143 3378 4213 πλανωμένουςο
3416 4134 3499 4204 οἷς
3550 4140 3644 4194 καὶ
3670 4141 3701 4193 6

2119 4241 2394 4309 πάνσοφος
2417 4238 2628 4300 Παῦλος
2655 4235 2984 4303 ἐπιστέλλει,
3014 4234 3188 4304 λέγων
3211 4249 3226 4265 ·
3261 4253 3280 4286 ‹
3304 4235 3369 4287 Οί
3405 4233 3535 4286 ποτὲ
3569 4233 3698 4286 61:6-

2117 4347 2230 4393 τος,
2265 4330 2382 4383 νυνὶ
2405 4329 2463 4383 δὲ
2501 4329 2618 4398 φῶς
2657 4328 2716 4381 ἐν
2768 4321 2978 4399 Κυρίῳ.
3007 4345 3026 4380 ι
3062 4325 3320 4378 Βούλεται
3372 4323 3577 4377 πλάσαι
3632 4324 3697 4393 τῇ

2120 4421 2352 4473 συνέσει.
2392 4420 2502 4473 Καὶ
2530 4419 2583 4472 τί
2606 4418 2671 4490 δὴ
2702 4419 2861 4472 τοῦτό
2882 4419 2999 4472 ἐστι
3019 4459 3033 4484 ,
3061 4416 3261 4482 διδάξει
3296 4416 3470 4485 λέγων
3504 4417 3534 4468 6
3565 4415 3699 4468 πάνυ

2119 4527 2282 4582 σοφος
2305 4511 2514 4578 Παῦλος
2535 4528 2548 4543 ·
2579 4528 2597 4561 ι
2629 4510 2816 4580 Ἡμεῖς
2837 4508 2945 4580 γὰρ
2973 4506 3700 4578 πάντες-,ἀνακεκαλυμμένῳ

2116 4603 2392 4674 προσώπῳ
2417 4602 2515 4673 τὴν
2541 4602 2700 4668 δόξαν
2721 4601 2926 4672 Κυρίου
2941 4600 3447 4672 κατοπτριζόμενοι,
3478 4599 3576 4669 τὴν
3599 4599 3699 4651 αὺ-

2111 4695 2210 4766 τὴν
2259 4696 2443 4748 εἰκόνα
2503 4693 3004 4765 μεταμορφούμεθα
3044 4691 3156 4746 ἀπὸ
3191 4691 3350 4762 δόξης
3383 4693 3463 4756 είς
3499 4691 3657 4754 δόξαν
3679 4731 3695 4753 ,

2113 4783 2365 4856 καθάπερ
2393 4786 2500 4838 ἀπὸ
2530 4786 2738 4857 Κυρίου
2766 4785 3103 4856 Πνεῦματος.
3129 4803 3147 4835 ι
3178 4784 3241 4836 Oi
3272 4783 3373 4854 μὲν
3403 4786 3511 4853 γὰρ
3549 4784 3698 4844 ὄντες

2112 4876 2170 4930 ὲν
2203 4875 2524 4946 ἁμαρτίαις,
2555 4877 2648 4930 καὶ
2672 4875 2770 4946 τὴν
2796 4876 2976 4928 κτίσιν
3009 4873 3162 4942 παρά
3197 4872 3290 4926 τὸν
3331 4875 3572 4942 Κτίστην
3605 4871 3697 4925 λα-

2113 4965 2418 5037 τρεύοντες,
2479 4965 2696 5034 δυσειδῆ
2755 4982 2872 5030 πως
2918 4963 3102 5034 έχουσι
3130 4963 3230 5035 τὴν
3283 4963 3546 5034 καρδίαν,
3602 4962 3695 5016 καὶ

2113 5057 2519 5126 ἀκαλλεστάτην
2575 5056 2777 5126 σφόδρα
2836 5053 2935 5125 τὴν
2983 5055 3244 5108 διάνοιαν.
3294 5055 3523 5124 Εἴρηται
3565 5052 3695 5121 γοῦν

2115 5149 2254 5220 πρός
2288 5165 2408 5200 τινα
2438 5147 2527 5200 διὰ
2555 5146 2938 5216 τῆςῚερεμίου
2964 5146 3149 5216 φωνῆς
3168 5163 3181 5177 ·
3209 5165 3226 5196 ι
3273 5145 3403 5198 Ἰδοὺ
3424 5145 3524 5196 οὐκ
3556 5144 3695 5196 εἰσὶν

2113 5240 2162 5292 oi
2193 5236 2464 5306 ὀφθαλμοί
2492 5252 2606 5300 σου,
2638 5235 2758 5288 οὐδὲ
2791 5237 2824 5305 ἡ
2851 5235 3050 5306 καρδία
3078 5250 3168 5287 σου
3208 5232 3370 5303 καλή.
3396 5251 3415 5284 ι
3445 5233 3696 5285 Ἐπειδὰν

2114 5330 2170 5382 δὲ
2216 5330 2314 5399 τὴν
2357 5330 2438 5394 εἰς
2481 5327 2717 5399 Χριστὸν
2753 5327 3184 5399 παραδέξωνται,
3229 5324 3694 5396 μεταπλάττονται

2114 5421 2320 5494 νοητῶς
2354 5421 2489 5492 πρὸς
2514 5421 2575 5474 τὸ
2606 5421 2749 5476 θεῖον
2787 5418 2953 5473 αὐτοῦ
3014 5418 3107 5472 καὶ
3149 5418 3425 5489 ἐξαίρετον
3475 5415 3701 5478 κάλλος.

2113 5515 2318 5585 Γράφει
2351 5513 2483 5583 γοῦν
2513 5530 2653 5567 τισιν
2674 5516 2704 5568 6
2736 5514 3015 5582 πάνσοφος
3047 5511 3255 5574 Παῦλος
3273 5527 3285 5540 ·
3315 5529 3335 5561 ι
3358 5507 3576 5574 Τεκνία,
3600 5505 3694 5570 οὓς

2113 5607 2274 5661 πάλιν
2303 5607 2496 5672 ὠδίνω,
2547 5608 2704 5677 ἄχρις
2737 5599 2797 5661 οῦ
2834 5606 3095 5678 μορφωθῇ
3134 5603 3368 5676 Χριστὸς
3393 5605 3450 5656 έν
3481 5602 3629 5672 ὑμῖν.
3668 5618 3687 5650 ι

499 5781 544 5812 ⁷⁸
574 5781 761 5836 Matth.
800 5799 954 5848 xvm,
987 5782 1166 5853 iB,l9.
1243 5787 1288 5822 ⁷ο
1326 5787 1368 5841 ll
1409 5787 1534 5843 Cor.
1575 5804 1650 5853 χι,
1685 5788 1766 5842 Η.
1843 5788 1888 5822 ⁸ο
1933 5787 1970 5839 ll
2013 5786 2134 5842 Cor.
2172 5787 2366 5850 "1,18.
2448 5789 2490 5820 ⁸¹
2527 5785 2633 5844 Jcr.
2672 5804 2803 5853 satu,
2850 5787 2936 5841 i7.
3015 5787 3058 5818 θ’
3099 5785 3218 5840 (λιι.
3265 5801 3334 5850 tv,
3383 5782 3465 5840 19.
