4100 6458
344 350 484 407 1189

1489 351 1559 406 IN
1600 349 1837 407 ISAIAM
1882 352 2013 409 LIB.
2057 351 2122 410 ν.
2164 352 2406 412 TOMUS
2447 355 2484 409 Ι.

3491 359 3620 414 “illi

323 446 605 522 ’Βούλεται
633 467 816 524 τοίνυν
835 471 864 523 ό
889 469 1024 534 Θεὸς
1074 471 1168 525 καὶ
1201 471 1397 544 Πατὴρ
1422 473 1490 542 τῇ
1522 470 1758 535 συνέσει,
1782 487 1940 524 τουτ-

2053 471 2460 541 praedestinavit
2509 472 2815 526 conformes
2869 469 3090 540 imagini
3140 469 3264 538 Filii
3297 472 3402 538 sui,
3447 473 3545 529 hos
3573 481 3630 525 ut

342 561 462 614 ἐστι
483 563 547 631 τῇ
579 559 778 615 ἑαυτοῦ
815 561 1004 632 σοφίᾳ,
1025 561 1320 634 θεοπρεπεῖ
1347 563 1404 616 δὲ
1425 561 1692 634 δηλονότι,
1717 561 1948 615 διαπλά-

342 669 436 707 σαι
463 653 602 724 πρὸς
628 652 794 706 αὑτὸν
831 653 960 716 τοὺς
985 653 1366 718 πιστεύοντας,
1414 655 1693 725 ἀποφῆναί
1719 672 1777 708 τε
1809 672 1946 725 συμ-

344 745 591 816 μόρφους
621 745 773 816 αύτῷ
803 745 870 798 δι’
901 743 1178 816 ἁγιασμοῦ
1214 746 1272 799 ὲν
1295 745 1590 818 πνεύματι.
1637 766 1655 799 ι
1685 746 1792 810 Οὓς
1834 747 1945 817 γὰρ

341 833 506 900 ιγνω,
548 834 705 906 φησὶ,
761 835 859 889 καὶ
890 834 1169 908 προώρισε
1215 836 1580 908 συμμόρφους
1610 836 1710 906 τῆς
1739 837 1946 902 είκόνος

340 923 440 976 τοῦ
489 923 617 978 Υίοῦ
651 925 843 991 αὐτοῦ,
896 926 1122 990 τούτους
1171 928 1268 980 καὶ
1308 927 1558 981 ἐκάλεσε.
1597 947 1616 980 ›
1656 927 1858 982 Κτίσαι
1888 927 1945 982 δὲ

340 1015 562 1084 λέγεται
614 1015 748 1078 Θεὸς
779 1015 875 1069 καὶ¹
904 1015 1034 1079 τοὺς
1063 1015 1158 1070 δύο
1195 1015 1358 1080 λαοὺς
1390 1018 1471 1080 είς
1499 1016 1597 1071 ἕνα
1627 1017 1814 1071 καινὸν
1849 1017 1946 1072 ἄν·

342 1107 959 1180 θρωπονΒούλετακδὲ,
980 1104 1156 1180 οἶμαι,
1175 1111 1203 1162 ό
1217 1109 1368 1172 Θεὸς,
1398 1109 1492 1162 καὶ
1520 1107 1710 1181 Πατὴρ
1725 1108 1946 1162 δικαιῶ-

343 1213 437 1249 σαι
456 1196 690 1262 δίκαιον,
722 1193 781 1253 εὖ
814 1199 1136 1254 δουλεύοντα
1165 1199 1401 1264 πολλοῖς,
1426 1200 1642 1263 καὶτὰς
1666 1199 1944 1270 ἁμαρτίας

340 1289 526 1342 αὐτῶν
553 1291 717 1355 αὐτὸς
746 1292 960 1364 ἀνήσει.
1009 1292 1066 1346 '0
1095 1291 1194 1362 μὲν
1217 1288 1312 1346 οὖν
1363 1292 1570 1356 δίκαιος
1591 1287 1650 1346 εὖ
1679 1291 1944 1346 δουλεύων

341 1380 581 1445 πολλοῖς,
605 1382 825 1456 νοηθείη
853 1383 920 1437 ἂν
939 1385 1044 1454 οὐχ
1059 1383 1270 1455 ἕτερος,
1305 1379 1480 1454 οἶμαι,
1518 1386 1608 1446 τίς
1631 1425 1646 1446 ,
1700 1383 1852 1454 παρά
1881 1399 1944 1451 γε

340 1473 436 1524 τὸν
485 1473 690 1545 Κύριον
737 1475 896 1546 ἡμῶν
936 1474 1144 1546 Ἰησοῦν
1163 1474 1254 1527 τὸν
1285 1475 1542 1546 Χριστόν.
1568 1475 1643 1528 Οὐ
1681 1476 1789 1546 γὰρ
1813 1470 1945 1545 ἦ).οε

341 1564 752 1638 διακονηθῆναι,
794 1567 941 1621 καθά
965 1585 1130 1639 φησιν
1151 1567 1337 1632 αὐτὸς,
1365 1566 1686 1636 διακονῆσαι
1719 1567 1776 1620 δὲ
1806 1566 1943 1638 μᾶλ-

343 1657 457 1724 λον,
487 1659 630 1712 κατὰ
649 1659 750 1730 τὴν
782 1661 881 1731 τῆς
911 1660 1380 1732 ἑνανθρωπήσεως
1399 1660 1949 1731 οίκονομίαν.Ταύτῃ-

2051 561 2263 616 vocavit
2291 562 2402 614 ".t
2456 562 2522 616 Et
2566 561 2876 616 condidisse
2921 561 3123 616 dicitur
3167 563 3307 618 Deus
3358 564 3410 618 in
3463 582 3630 619 unum

2048 669 2246 710 novum
2301 655 2578 710 hominem
2619 655 2755 712 duos
2802 655 3062 727 pepulos;
3114 656 3356 726 vultque,
3413 659 3631 728 opinor,

2049 747 2192 803 Deus
2245 746 2486 803 etPater
2521 746 2826 816 justilicare
2864 747 3067 818 jusutm
3113 747 3252 804 bene
3298 751 3631 806 servientem

2050 840 2258 907 multis,
2305 849 2361 896 et
2409 851 2628 910 peccata
2672 854 2861 895 eorum
2888 841 3003 910 ipse
3031 843 3288 896 remittet.
3317 840 3500 896 Justus
3531 857 3630 896 au-

2053 943 2162 988 tem
2217 933 2356 989 bene
2409 934 2652 988 serviens
2707 932 2910 1000 multis,
2948 949 3056 988 non
3097 933 3626 999 alius,utarbitror,
3673 997 3676 999 Α

1993 1090 2004 1102 ο
2047 1027 2342 1096 quisquam
2369 1024 2594 1096 intelligi
2624 1033 2820 1093 potest,
2852 1033 3048 1094 praeter
3077 1025 3360 1080 Dominum
3386 1036 3630 1082 nostrum

2045 1115 2231 1174 Iesum
2267 1117 2564 1173 Christum.
2610 1113 2728 1172 Non
2765 1118 2909 1172 enim
2943 1119 3090 1173 venit
3113 1127 3172 1174 nt
3195 1120 3243 1173 ei
3270 1119 3630 1185 ministretur,

2046 1209 2204 1264 sicuti
2231 1209 2348 1280 ipse
2378 1209 2455 1263 ait
2481 1208 2548 1271 ⁸⁸,
2607 1208 2700 1262 sed
2745 1217 2804 1261 ut
2833 1207 3104 1261 ministret
3133 1208 3334 1276 potius,
3384 1209 3632 1262 inhuma-

2049 1300 2286 1354 ttatiOnis
2349 1299 2776 1368 dispensatione.
2855 1296 2993 1352 "inc
3076 1299 3250 1351 visunt
3330 1309 3412 1352 est
3474 1299 3638 1354 beato

2047 1391 2216 1446 Paulo
2255 1407 2378 1445 enm
2415 1391 2727 1445 ministrum
2766 1390 2968 1444 dicere.
3016 1389 3106 1442 Ait
3145 1391 3288 1444 enim
3325 1389 3392 1444 de
3431 1392 3546 1459 lege
3579 1401 3636 1445 et

2045 1483 2196 1538 Novo
2230 1482 2586 1538 Testamento
2620 1499 2633 1536 :
2679 1500 2697 1532 ι
2731 1481 2788 1536 Si
2815 1483 2961 1536 enim
2986 1481 3346 1536 ministerium
3379 1483 3636 1537 condem-

2049 1577 2284 1631 natiouis
2325 1574 2493 1644 gloria
2549 1574 2809 1644 (gloriosa
2863 1575 3007 1629 enim
3060 1573 3204 1628 facta
3267 1585 3386 1629 erat
3435 1574 3641 1645 Mitys-is

2045 1675 2345 1740 persona),
2389 1669 2559 1723 multo
2604 1666 2770 1740 754
2811 1667 2984 1738 magis
3019 1667 3235 1721 excellit
3269 1667 3633 1722 ministerium

341 1758 427 1802 τοι
457 1748 705 1805 διάκονον
731 1751 903 1805 ἐδόκει
925 1751 1106 1821 λέγειν
1133 1751 1212 1822 τῷ
1235 1751 1491 1822 μακαρίῳ
1535 1751 1750 1821 Παύλῳ.
1798 1751 1941 1822 Ἔφη

2053 1760 2266 1826 iustitia:
2308 1761 2357 1813 in
2387 1758 2555 1829 gloria
2585 1759 2654 1812 ⁸⁸.
2695 1777 2714 1810 ι
2747 1757 2932 1813 Justus
2962 1757 3124 1828 igitur
3148 1767 3203 1812 et
3238 1759 3631 1828 irreprehensi-

343 1843 454 1916 γὰρ
490 1844 619 1914 περί
638 1861 697 1897 τε
727 1844 821 1898 τού
844 1845 1009 1916 νόμου
1050 1847 1145 1900 καὶ
1171 1849 1270 1917 τῆς
1300 1846 1506 1917 Καινῆς
1539 1844 1943 1916 ΔιαθήκηςοιΕί

2053 1849 2172 1906 bilis
2207 1850 2482 1914 Christus,
2518 1850 2656 1904 bene
2682 1830 2924 1904 serviens
2963 1848 3168 1904 multis.
3199 1847 3449 1902 Formam
3484 1849 3630 1903 enim

343 1938 453 2009 γὰρ
477 1939 508 2001 ἡ
536 1938 783 1991 διακονία
807 1939 908 2008 τῆς
933 1939 1316 2010 κατακρίσεως
1341 1938 1470 2004 δόξα
1506 1937 1822 2010 (δεδόξαστο
1835 1937 1944 2008 γὰρ

341 2025 407 2081 τὸ
436 2029 683 2092 Μωσέως
706 2031 1044 2102 πρόσωπον),
1067 2030 1248 2102 πολλῷ
1284 2031 1486 2102 μᾶλλον
1509 2029 1757 2102 διαφέρει
1783 2029 1818 2100 ἡ
1837 2029 1948 2082 δια-

345 2119 503 2173 κονία
534 2121 635 2192 τῆς
666 2121 1020 2195 δικαιοσύνης
1047 2125 1105 2177 ὲν
1134 2124 1283 2198 δόξῃ.
1311 2135 1330 2176 ι
1364 2123 1585 2186 Δίκαιος
1633 2122 1816 2176 τοίνυν
1849 2122 1946 2176 καὶ

343 2215 580 2285 ἄμωμος
601 2217 631 2269 ό
653 2216 890 2287 Χριστὸς
923 2212 982 2271 εὖ
1013 2217 1281 2272 δουλεύων
1329 2217 1566 2279 πολλοῖς.
1602 2214 1805 2269 Ἐλαῦε
1834 2214 1947 2287 γὰρ

339 2305 535 2359 δούλου
565 2307 782 2378 μορφὴν
808 2308 940 2372 Θεὸς
973 2307 1050 2362 ὢν
1072 2311 1101 2363 ό
1128 2309 1322 2378 Λόγος,
1347 2309 1447 2380 οὐχ
1475 2307 1563 2362 ἵνα
1589 2307 1688 2378 τὴν
1733 2306 1946 2360 οἰκείαν

345 2399 512 2463 αὐτὸς
543 2401 718 2473 ὀνήσῃ
742 2400 925 2470 φύσιν,
956 2401 1075 2456 ἀλλ’
1104 2403 1238 2474 ἡμῖν
1263 2402 1360 2456 καὶ
1397 2401 1560 2456 τοῦτο
1580 2399 1943 2472 δωρούμενος,

345 2490 444 2543 καὶ
481 2489 675 2560 ῶσπερ
727 2491 851 2545 τινὰ
899 2492 1176 2547 διακονίαν
1205 2492 1544 2564 ἀποπληρῶν
1577 2491 1658 2554 εἰς
1684 2491 1852 2560 ἡμᾶς,
1879 2487 1946 2542 δι’

343 2575 416 2645 ἧς
442 2583 537 2636 καὶ
560 2582 908 2654 σεσώσμεθα.
938 2582 1255 2638 Δικαιοῦταί
1277 2601 1343 2654 γε
1379 2584 1488 2656 μὴν
1513 2583 1612 2656 τὴν
1645 2583 1739 2638 τοῦ
1773 2583 1948 2636 δοκεῖν

344 2667 490 2725 slva:
515 2673 775 2746 πονηρὸς,
815 2674 934 2745 ἢτοι
952 2672 1178 2737 δικαίως
1203 2673 1400 2731 παθεῖν
1425 2673 1520 2726 τὸν
1543 2672 1638 2726 ἐπὶ
1662 2670 1820 2737 ξύλου
1849 2670 1949 2725 θά-

345 2779 530 2828 νατον,
567 2762 806 2834 ὑποψίαν
835 2764 1280 2835 ἀποκρουόμενος
1302 2763 1391 2818 διὰ
1413 2763 1510 2816 τοῦ
1547 2763 1642 2817 καὶ
1671 2763 1826 2826 δίκας
1853 2763 1948 2815 ὲκ-

347 2856 501 2908 τῖσαι
529 2853 632 2924 τῆς
659 2857 740 2919 είς
779 2855 944 2911 αὐτὸν
979 2849 1302 2919 δυσσεόείας
1329 2855 1458 2920 τοὺς
1486 2855 1546 2922 ἐξ
1588 2854 1823 2927 Ἰσραὴλ,
1857 2853 1951 2908 καὶ

347 2945 447 3001 τοῦ
469 2945 785 3017 βασιλεῦσαι
811 2952 926 3013 τοῖς
955 2950 1047 3003 ὑπ’
1067 2948 1297 3021 οὐρανὸν
1323 2949 1584 3004 ἁπάντων
1609 2947 1761 3018 αὐτῷ
1784 2961 1954 3017 προσ-

345 3038 776 3110 δεδραμηκότων
804 3040 997 3096 ἐθνῶν.
1030 3043 1154 3096 Ὀτι
1180 3040 1291 3113 γὰρ
1321 3039 1601 3104 διακονίας
1630 3040 1783 3110 ίσχὺν
1803 3040 1832 3091 ὁ
1853 3038 1952 3109 τῆς

348 3131 820 3204 ὲνανθρωπήσεως
849 3133 964 3204 ιχει
997 3133 1176 3203 λόγος,
1208 3132 1532 3206 παρέδειξεν
1552 3130 1756 3186 εἰπών’
1793 3149 1812 3182 ι
1840 3129 1952 3184 Καὶ

348 3221 514 3286 αὐτὸς
541 3223 643 3286 τὰς
671 3223 952 3296 ἁμαρτίας
984 3223 1166 3278 αὐτῶν
1195 3225 1408 3295 ἀνήσει.
1458 3243 1477 3275 ι
1514 3224 1633 3278 Ἵνα
1667 3221 1778 3295 γὰρ
1809 3222 1948 3275 ἀπο-

353 3312 529 3384 στήσῃ
556 3312 654 3366 τοῦ
694 3314 902 3384 κόσμου
949 3316 1048 3386 τὴν
1081 3313 1378 3386 ἁμαρτίαν,
1439 3314 1602 3380 αὐτὸς
1657 3315 1742 3384 ἐφ’
1772 3311 1950 3383 ἑαυτῷ

349 3405 560 3476 ταύτην
587 3403 901 3472 ἀναλαϐὼν,
943 3407 1040 3461 καὶ
1075 3404 1160 3470 εἷς
1194 3407 1338 3478 ὑπὲρ
1367 3407 1587 3462 πάντων
1608 3404 1900 3460 ἀποθανὼν
1923 3406 1953 3458 ό

353 3496 578 3553 πάντων
631 3497 908 3565 ἀντάξιος,
962 3498 1053 3552 διὰ
1078 3498 1237 3553 τοῦτο
1264 3498 1581 3553 δεδούλευκε
1616 3498 1853 3560 πολλοῖς.
1878 3495 1954 3550 Τὸ

357 3589 672 3655 Πολλοῖςιδὲ
730 3590 929 3658 λέγων,
960 3590 1030 3644 τά
1057 3590 1186 3661 ἔθνη
1214 3589 1398 3661 δηλοῖ.’
1427 3590 1523 3642 "Ev
1562 3589 1672 3660 γὰρ
1704 3583 1772 3659 ἦν
1801 3587 1955 3653 ἔθνος

370 3681 606 3753 Ἰσραήλ.
641 3681 864 3753 Ἐπειδὴ
893 3681 951 3736 δὲ
981 3680 1082 3746 τάς
1109 3682 1388 3754 ἀμαρτίας
1420 3680 1599 3737 αὐτῶν
1646 3681 1808 3746 αὐτὸς
1857 3681 1956 3736 ἀν-

357 3776 580 3844 ήνεγκε,
595 3775 751 3846 φησὶ,
763 3773 852 3828 διὰ
871 3773 1030 3829 τοῦτο
1051 3774 1454 3846 κληρονομήσει
1471 3773 1718 3840 πολλοὺς,
1738 3772 1958 3828 καὶτῶν

360 3866 598 3939 ἰσχυρῶν
621 3868 805 3940 μεριεῖ
825 3866 1021 3922 σκύλα.
1048 3866 1222 3920 Πάλιν
1246 3865 1435 3920 ἐνθάδε
1453 3866 1684 3929 πολλοὺς
1705 3867 1958 3936 συνήσεις

355 3955 483 4021 τοὺς
507 3958 568 4025 ιε
599 3957 793 4013 ιθνῶν·
853 3958 1286 4030 μυριοπλασίους
1334 3958 1444 4030 γάρ
1475 3960 1582 4012 εἱσι
1606 3957 1718 4011 τῶν
1749 3956 1810 4022 ἐξ
1851 3957 1958 4010 Ἰσε-

360 4043 521 4115 ραήλ⁴
564 4047 825 4119 ἰσχυροὺς
855 4049 910 4103 δέ
932 4065 1020 4118 γε,
1049 4049 1082 4120 ἢ
1111 4050 1238 4113 τοὺς
1285 4046 1474 4117 ἁγίους
1519 4045 1854 4108 ἀποστόλους
1876 4084 1892 4110 ,
1921 4043 1956 4114 ἢ

365 4139 461 4192 καὶ
507 4139 754 4205 ἅπαντας
804 4142 995 4207 ἁπλῶς
1022 4142 1150 4206 τοὺς
1181 4144 1237 4196 ὲν
1270 4139 1496 4214 Χριστῷ
1536 4140 1818 4205 δυνατοὺς,
1862 4138 1959 4192 καὶ

357 4232 650 4307 εὐανδρίαν
676 4232 904 4305 ἔχοντας
935 4235 1036 4307 τὴν
1077 4235 1478 4307 πνευματικὴν,
1500 4229 1582 4298 οἷς
1613 4234 1710 4288 ἅτε
1743 4249 1960 4302 νενικη-

357 4325 480 4380 κόσι
508 4325 601 4380 τὸν
623 4327 896 4392 Σατανᾶν,
915 4326 1189 4382 διαδίδωσι
1217 4326 1408 4381 σκύλα.
1431 4325 1692 4396 Διανέμει
1712 4323 1824 4395 γὰρ
1846 4324 1961 4387 τοῖς

357 4420 537 4489 ἁγίοις
566 4419 804 4490 πλουσίᾳ
835 4419 982 4491 χειρὶ
1013 4417 1125 4472 τῶν
1157 4417 1551 4487 πνευματικῶν
1603 4415 1960 4489 χαρισμάτων

2047 1941 2188 1996 servi
2239 1939 2447 2008 accepit
2495 1937 2637 1993 Deus
2687 1936 2944 2002 Verbum,
2978 1953 3084 1991 nun
3118 1947 3175 1990 ut
3204 1941 3479 2008 propriam
3511 1939 3632 2007 ipse

2047 2042 2302 2088 naturam
2335 2029 2640 2099 adiuvaret,
2673 2029 2767 2086 sed
2792 2029 2949 2084 nobis
2990 2029 3091 2084 hoc
3122 2028 3350 2096 donans,
3388 2036 3442 2082 et
3471 2029 3632 2084 veluti

2048 2123 2284 2194 quodam
2327 2122 2380 2177 in
2414 2136 2512 2176 nos
2547 2121 2782 2191 fungens
2819 2121 3150 2184 ministerio,
3183 2135 3292 2190 quo
3324 2119 3486 2175 etiam
3515 2135 3636 2175 ser-

2047 2213 2159 2268 vati
2204 2227 2414 2269 suntus.
2447 2210 2792 2267 Justilicatur
2823 2219 3033 2276 autem,
3064 2210 3190 2265 dum
3217 2225 3338 2264 eam
3367 2211 3636 2280 suspicio.-

2048 2320 2171 2361 nern
2211 2305 2487 2370 amolitur,
2528 2318 2632 2374 qua
2683 2302 2860 2358 malus
2892 2317 3034 2366 esse,
3066 2311 3122 2356 et
3142 2302 3288 2370 juste
3321 2313 3550 2357 mortem
3581 2304 3639 2356 in

2048 2397 2197 2468 ligno
2231 2411 2425 2466 passus
2453 2395 2740 2450 videbatur
2771 2409 2786 2446 :
2823 2403 2940 2446 tum
2967 2393 3113 2462 quod
3153 2406 3345 2462 poenas
3377 2393 3641 2448 solverint

2050 2505 2164 2545 suae
2181 2491 2233 2545 in
2253 2488 2404 2545 illum
2423 2487 2733 2558 impietatis.
2747 2485 3026 2550 lsraelitae,
3043 2496 3154 2540 tum
3186 2489 3310 2558 quia
3332 2487 3644 2542 dominetur

2047 2582 2166 2638 orbi
2213 2591 2522 2648 terrarum,
2551 2589 2606 2634 et
2647 2579 2904 2636 omnibus
2938 2579 3004 2633 ad
3044 2593 3168 2633 eum
3213 2579 3638 2634 accurrentibus

2051 2675 2496 2748 gentibus.Quod
2523 2675 2669 2730 enim
2691 2683 2886 2744 potens
2909 2672 3269 2728 ministerium
3296 2673 3497 2728 haheat
3521 2674 3641 2726 haec

2052 2767 2450 2824 incarnationis
2517 2766 2682 2832 ratio,
2733 2765 2974 2821 ostendit
3024 2780 3147 2819 cum
3202 2765 3318 2818 ait:
3360 2763 3470 2818 «Et
3523 2764 3640 2832 ipse

2053 2871 2276 2929 peccata
2351 2873 2542 2914 eorum
2629 2858 2894 2912 remittet.
2944 2875 2966 2910 ι
3039 2853 3110 2910 Ut
3160 2857 3303 2910 enim
3357 2866 3642 2926 peccatum

2053 2960 2328 3007 averteret
2379 2966 2410 3006 a
2460 2951 2684 3015 mundo,
2737 2951 2851 3019 ipse
2893 2949 2946 3004 in
2985 2963 3044 3004 se
3075 2947 3204 3004 illud
3236 2950 3548 3018 assumpsit,
3589 2959 3643 3001 ct

2057 3058 2202 3100 unus
2235 3059 2336 3114 pro
2377 3044 2630 3100 omnibus
2661 3051 2908 3096 mortuus
2934 3051 3041 3106 est,
3073 3041 3163 3110 qui
3199 3040 3439 3094 omnium
3473 3041 3645 3094 instar

1979 3161 2022 3220 ρ
2054 3147 2210 3193 erat:
2239 3145 2526 3207 propterea
2577 3135 2808 3190 servivit
2833 3133 3038 3190 multis.
3077 3133 3212 3188 Cum
3243 3131 3394 3196 dicit,
3436 3130 3642 3192 Multis,

2056 3238 2244 3298 gentes
2292 3226 2584 3296 signiﬁcat.
2628 3222 2746 3280 Una
2782 3224 2929 3280 enim
2961 3238 3095 3294 gens
3125 3232 3244 3277 erat
3282 3221 3462 3276 Israel.
3507 3222 3645 3287 Quia

2053 3333 2206 3382 vero,
2255 3317 2450 3387 inquit,
2496 3317 2614 3387 ipse
2655 3326 2881 3386 peccata
2918 3321 3107 3370 eorum
3149 3313 3296 3377 tulit,
3357 3323 3646 3384 prapterea

2056 3409 2252 3464 multus
2305 3409 2626 3478 possidebit,
2674 3417 2731 3462 et
2789 3407 3008 3461 fortium
3054 3405 3260 3460 dividet
3307 3404 3500 3474 spolia.
3544 3402 3645 3458 llic

2055 3498 2255 3554 multos
2277 3497 2549 3570 intelliges
2570 3512 2666 3554 eos
2697 3513 2761 3552 ex
2785 3498 3073 3568 gentibus:
3102 3495 3326 3551 inllnitis
3351 3496 3495 3550 enim
3523 3511 3643 3566 par-

2059 3591 2206 3646 tibus
2237 3591 2419 3661 plures
2444 3599 2608 3646 erant
2639 3605 2802 3660 quam
2847 3589 3105 3644 Israelita:
3139 3589 3367 3652 :fortes,
3399 3587 3483 3642 vel
3514 3602 3647 3641 sau-

2057 3680 2175 3738 c'tos
2234 3683 2532 3753 apostolos,
2591 3683 2676 3737 vel
2729 3682 2894 3736 etiam
2957 3694 3150 3735 omnes
3210 3679 3538 3749 simpliciter
3593 3679 3651 3735 in

2055 3773 2278 3831 Christo
2323 3785 2598 3846 potentes,
2645 3783 2702 3830 et
2743 3775 3003 3830 virilitate
3034 3773 3304 3842 spirituali
3343 3772 3646 3842 praeditos:

2067 3868 2268 3938 quibus
2293 3867 2460 3924 veluti
2498 3867 2761 3924 Satanam
2797 3865 3146 3922 vincentibus
3191 3865 3472 3922 distribuit
3522 3879 3652 3934 spn-

2058 3959 2150 4015 lia.
2185 3958 2525 4030 Dispartitur
2557 3958 2706 4012 enim
2743 3945 2950 4012 sanctis
3000 3957 3166 4012 divite
3201 3971 3362 4010 manu
3391 3955 3651 4026 spiritua-

2058 4049 2190 4105 lium
2240 4049 2510 4104 donorqu
2568 4046 2837 4103 subsidia.
2894 4047 3002 4101 Alii
3051 4047 3224 4111 enim,
3259 4046 3456 4116 inquit,
3491 4047 3653 4102 datus

2057 4149 2142 4195 est
2165 4155 2261 4209 per
2283 4138 2543 4210 Spiritum
2570 4153 2751 4194 sermo
2782 4137 3084 4208 sapientiae,
3115 4136 3206 4190 alii
3256 4150 3439 4191 sermo
3467 4139 3652 4208 cogni-

2061 4231 2246 4298 tionis,
2283 4239 2338 4286 et
2367 4230 2691 4301 prophetiae,
2735 4238 2792 4284 et
2837 4227 3203 4284 discretiones
3248 4227 3559 4296 spirituum,
3598 4239 3654 4284 et

2060 4324 2200 4379 dona
2229 4323 2575 4380 sanationum
2605 4322 2751 4376 “"7.
2800 4320 3082 4378 Sermonis
3115 4329 3293 4376 autem
3355 4321 3654 4391 potentiam

2063 4417 2274 4473 sanctis
2335 4415 2599 4487 apostolis
2663 4414 2994 4482 tribuimus,
3074 4411 3314 4483 illudque
3378 4413 3653 4471 dicimus:

357 4508 458 4572 τὰς
475 4509 765 4583 χορηγίας.
789 4502 859 4582 Ὦ
889 4510 989 4580 μὲν
1013 4509 1124 4582 γὰρ
1151 4494 1374 4574 δίδοται,
1394 4509 1552 4581 φησὶ,
1573 4508 1663 4563 διὰ
1677 4507 1772 4563 τοῦ
1799 4506 1953 4562 πνεύ·

2072 4507 2243 4563 luisse
2285 4507 2432 4562 velut
2469 4504 2875 4577 possessionem
2942 4503 3160 4559 Satanae
3201 4518 3393 4559 omnes
3439 4513 3652 4574 gentes.

361 4619 534 4672 ματος
555 4602 717 4672 λόγος
747 4603 964 4672 σοφίας,
992 4602 1138 4674 ἄλλῳ
1157 4603 1214 4656 δὲ
1238 4603 1396 4672 λόγος
1418 4601 1696 4672 γνώσεως,
1742 4618 1959 4673 προφη-

356 4691 500 4745 τεῖαί
557 4709 619 4746 τε
652 4693 749 4746 καὶ
777 4692 1082 4764 διακρίσεις
1106 4693 1455 4763 πνευμάτων,
1491 4693 1586 4746 καὶ
1621 4692 1689 4745 τὰ
1740 4691 1848 4745 τῶν
1880 4693 1963 4746 ία-

361 4782 550 4852 μάτων
583 4784 925 4856 χαρίσματα.
965 4785 1406 4856 Περιστήσαντες
1455 4783 1513 4836 δὲ
1556 4783 1651 4837 τοῦ
1680 4783 1840 4852 λόγου
1862 4784 1962 4855 τὴν

353 4871 590 4944 δύναμιν
618 4876 700 4938 είς
729 4876 854 4939 τοὺς
889 4875 1075 4944 ἀγίους
1110 4875 1445 4939 ἀποστόλους
1467 4915 1484 4942 ,
1529 4875 1708 4929 ὲκεῖνό
1737 4891 1920 4946 φαμεν
1943 4891 1958 4905 ⁸

354 4960 499 5034 ἦσαν
531 4965 633 5035 μὲν
666 4965 776 5037 γὰρ
800 4967 998 5038 κτῆσις
1029 4964 1223 5040 ὥσπερ
1271 4967 1364 5025 τοῦ
1401 4969 1619 5021 Σατανᾶ
1665 4959 1845 5021 πάντα
1897 4966 1966 5020 τά

355 5055 512 5127 ἔθνη,
543 5057 660 5111 ἀλλ’
686 5057 948 5136 ἐμέρισεν
983 5058 1125 5114 αύτά
1153 5063 1268 5126 τοῖς
1296 5060 1476 5129 ἁγίοις
1524 5059 1910 5132 μυσταγωγοῖς
1935 5058 1965 5110 ό

357 5149 781 5221 κληρονομήσας
807 5151 1059 5216 πολλούς.
1088 5155 1150 5207 Ut
1175 5152 1274 5224 μὲν
1295 5153 1427 5224 γὰρ,
1449 5151 1539 5206 διά
1558 5151 1654 5205 τοῦ
1672 5149 1963 5203 θεσπεσίου

357 5241 572 5314 Πέτρου
600 5241 900 5314 κέκληνται
928 5243 1068 5315 πρὸς
1100 5244 1399 5314 ἒπίγνωσιν
1425 5243 1519 5298 τοῦ
1551 5245 1770 5299 πάντων
1800 5240 1962 5313 ἡμῶν

357 5335 616 5405 Σωτῆρος
651 5335 917 5407 Χριστοῦ*
950 5337 1001 5389 οί
1021 5336 1080 5392 δὲ
1109 5335 1200 5391 διὰ
1229 5340 1329 5409 τῆς
1356 5336 1452 5391 τοῦ
1488 5337 1781 5391 θεσπεσίου
1827 5335 1972 5388 Παύ-

355 5428 454 5482 λου
484 5429 900 5499 μυσταγωγίας,
924 5429 1096 5502 ῆγουν
1119 5429 1308 5503 ἑτέρου
1331 5432 1480 5495 τινὸς
1502 5429 1612 5484 τῶν
1630 5429 1805 5498 ἀγίων
1831 5428 1972 5482 ἀπο-

355 5518 589 5586 στόλων,
611 5519 691 5584 είς
713 5519 776 5574 τὸ
789 5520 890 5592 τῆς
910 5520 1169 5593 ἀληθείας
1192 5520 1639 5594 ὲσαγηνεύθησαν
1657 5520 1793 5590 φῶς.
1813 5518 1975 5590 Ἐμέ-

435 5756 481 5789 ⁶³
512 5757 673 5815 Rom.
737 5775 859 5829 vm,
885 5761 1067 5818 νοω.
1184 5764 1231 5796 ἰ
1265 5762 1455 5818 Matth.
1486 5778 1578 5830 xx,
1609 5762 1699 5818 ‘28.

1810 5761 1857 5792 ⁸⁸
1903 5760 1942 5815 ΙΙ
1973 5761 2100 5819 Cor.
2139 5777 2222 5826 Ill,
2264 5761 2321 5816 9.

2067 4595 2178 4652 Sed
2220 4594 2406 4651 divisit
2453 4609 2550 4650 eos
2597 4595 2806 4649 sanctis
2860 4593 3196 4664 mystagogis
3253 4593 3298 4647 is
3337 4593 3429 4664 qui
3457 4594 3658 4650 multos

2065 4689 2333 4761 possedit.
2368 4686 2476 4742 Alii
2499 4686 2646 4742 enim
2677 4701 2709 4740 a
2745 4684 2932 4741 divino
2972 4683 3139 4739 Petro
3189 4684 3368 4739 vocati
3419 4693 3548 4740 sunt
3589 4686 3659 4740 ad

2067 4782 2402 4853 agnitionem
2446 4787 2693 4834 nostrum
2751 4779 2996 4834 onmium
3036 4777 3346 4832 Servatoris
3388 4777 3594 4832 Christi
3642 4797 3655 4832 :

2069 4876 2162 4931 alii
2195 4889 2294 4945 per
2322 4871 2720 4944 mystagogiam
2747 4870 2925 4937 Pauli,
2966 4871 3053 4926 vel
3098 4871 3326 4927 alterius
3355 4872 3658 4941 cujusp‘ant

2070 4977 2384 5022 sanctorum
2423 4966 2823 5036 apostolorum,
2852 4963 2919 5019 ad
2953 4963 3198 5019 veritatis
3233 4963 3410 5019 lucem
3440 4965 3659 5020 adducti

2069 5067 2220 5115 sunt.
2267 5057 2462 5113 Divisit
2503 5071 2636 5128 ergo
2684 5055 2794 5112 illis
2832 5055 3098 5111 Servator
3133 5054 3288 5126 quasi
3313 5055 3485 5125 spolia
3515 5073 3663 5126 qun-v

2071 5150 2220 5216 dam,
2249 5149 2302 5205 id
2327 5160 2432 5217 est,
2465 5149 2588 5204 belli
2614 5149 2845 5221 praedas,
2871 5163 3059 5204 eorum
3091 5147 3185 5217 qui
3210 5146 3492 5217 quondam
3519 5162 3664 5203 erra-

2062 5249 2190 5295 runt
2217 5241 2631 5298 eonversionem
2655 5251 2712 5298 et
2739 5242 3102 5298 vocationem.
3131 5238 3452 5311 Oportuisse
3474 5252 3661 5298 autem

2069 5351 2224 5402 eum,
2251 5337 2343 5407 qui
2369 5352 2470 5408 pro
2496 5339 2752 5395 omnibus
2799 5347 3049 5394 mortuus
3095 5345 3202 5403 est,
3246 5338 3490 5392 omnium
3526 5351 3662 5391 con-

2071 5429 2208 5501 spici
2243 5429 2562 5498 Dominum,
2589 5433 2910 5503 persuadet,
2962 5431 3215 5503 inquiens
3244 5451 3260 5488 :
3288 5431 3394 5486 Pro
3424 5446 3489 5486 eo
3517 5433 3660 5499 quod

2078 5521 2280 5578 tradita
2327 5530 2412 5579 est
2461 5523 2516 5578 in
2568 5531 2802 5580 mortem
2839 5523 3021 5579 anima
3051 5523 3194 5594 ejus,
3225 5533 3282 5580 et
3315 5521 3478 5595 755
3521 5521 3666 5577 inter

2449 5758 2565 5792 ’Μ’
2617 5757 2632 5814 1
2670 5757 2796 5813 Cor.
2829 5773 2928 5825 χιι,
2961 5756 3058 5811 l0.
