4100 6462
497 340 617 393 il‘JI

1511 335 1567 389 S.
1611 333 1878 390 CYRII.“
1919 332 2389 389 ALEXANDRINI
2432 332 2750 389 ARCHIEP.

3614 337 3745 392 HJ"!

484 452 705 522 iniquos
758 460 1034 521 reputarus
1064 459 1169 504 εει.
1219 447 1286 503 Ει
1333 448 1449 517 ipse
1485 458 1715 518 peccata
1776 448 2043 501 ntultoruu

2176 463 2292 515 ρισε
2322 446 2502 498 τοίνυν
2522 448 2705 509 αὐτοῖς
2727 448 2756 499 ὁ
2780 448 2989 518 Σωτὴρ,
3013 447 3198 522 ὥσπερ
3223 449 3347 503 τινὰ
3374 455 3570 516 σκῦλα,
3600 469 3757 505 τουτ-

487 547 628 607 ιιιΙίι,
663 552 716 597 et
740 552 961 612 propter
998 540 1311 609 iniquitates
1336 554 1523 594 eorum
1560 541 1788 593 traditus
1814 550 1918 592 est.

2153 537 2291 600 ἐστι,
2331 537 2570 606 πολέμου
2615 538 2863 609 upupa,
2913 541 3013 609 τὴν
3059 541 3168 594 τῶν
3210 550 3342 596 ποτε
3382 544 3757 613 πλανωμένων

484 633 818 702 ἐπιστροφήν
864 645 923 680 τε
976 629 1071 681 καὶ
1120 628 1457 698 κλῆσινηὸτι
1506 628 1551 680 δ’
1576 629 1747 699 ἐχρῆν
1795 628 1887 680 τὸν
1921 626 2063 696 ὑπὲρ
2102 627 2321 681 πάντων
2379 626 2718 681 ἀποθανόντα
2747 630 3001 715 Χριστὸν.
3033 631 3253 684 πάντων
3277 634 3509 704 ὁρᾶσθαι
3562 634 3785 715 δεσπόσλ

481 732 601 795 την,
627 718 907 795 ἀναπείθει
945 718 1139 786 λέγων·
1191 719 1333 772 ’Δνθ’
1367 714 1443 773 ὧν
1471 718 1744 789 παρεδόθη
1766 720 1850 781 εἰς
1873 717 2101 772 θάνατον
2135 718 2169 787 ἡ
2203 718 2351 788 ψυχὴ
2407 716 2574 771 αὐτοῦ
2598 753 2613 782 ,
2665 720 2760 772 καὶ
2807 721 2866 773 ἐν
2902 714 3013 784 τοῖς
3076 722 3299 792 ἀνόμοις
3337 723 3616 795 ἐλογίσθη,
3659 733 3755 784 καὶ

481 792 642 876 adt-3;
674 792 949 883 ἆμαρτίας
973 809 1182 863 πολλῶν
1230 811 1522 882 ἀνήνεγκε,
1563 810 1657 864 καὶ
1690 809 1758 862 δι’
1820 808 2098 880 ἁμαρτίας
2134 807 2314 862 αὐτῶν
2345 808 2634 878 παρεδόθη.

1106 944 1346 1003 TOMUS
1382 945 1453 1003 ιι.

549 1060 677 1116 Cn.
694 1045 997 1116 LlVNt-zns.
1025 1061 1138 1116 1-5.
1166 1060 1396 1129 Laetare,
1420 1056 1632 1128 sterilis,
1658 1055 1890 1132 quianon
1905 1061 2070 1130 paris,

476 1170 691 1221 erumpe
714 1163 761 1207 et
792 1152 989 1218 clama,
1032 1168 1152 1222 qute
1184 1169 1286 1207 non
1317 1148 1575 1218 parturis,
1604 1153 1731 1224 quia
1764 1152 1917 1206 multi
1966 1151 2071 1222 [itii

2783 950 3010 1005 ΤΟΜΟΣ
3055 914 3131 1005 B’.

2239 1061 2646 1132 Εὐφράνθητι,
2668 1062 2877 1132 στεῖρα
2908 1062 2946 1131 ἡ
2975 1064 3048 1117 οὐ
3086 1063 3396 1119 τίκτουσιν
3421 1061 3625 1131 ῥῆξον
3652 1064 3750 1117 καὶ

2156 1156 2426 1224 βόησον,
2458 1157 2497 1223 ἠ
2554 1158 2666 1211 οὐκ
2709 1154 3035 1220 ὠδίνουσα,
3067 1154 3154 1206 ὅτι
3211 1155 3412 1209 πολλὰ
3457 1154 3532 1209 τὰ
3570 1156 3752 1209 τέκνα

476 1246 716 1307 desertte,
778 1243 936 1312 q'tmm
970 1243 1085 1313 ejus
1130 1259 1248 1312 qua:
1291 1242 1445 1298 habet
1491 1245 1678 1299 virum.
1736 1242 1888 1298 Dixit
1927 1243 2043 1297 enin

2162 1247 2277 1318 τῆς
2310 1247 2534 1318 ἐρήμου
2572 1244 2818 1316 μᾶλλον
2848 1246 2888 1316 ἣ
2922 1245 3035 1313 τῆς
3064 1246 3332 1315 ἐχούσης
3383 1245 3492 1300 τὸν
3534 1245 3673 1314 ἄνει
3686 1263 3747 1302 a.

480 1333 734 1389 Dominus
765 1349 782 1386 :
822 1335 1002 1388 Dilata
1031 1334 1203 1388 locum
1241 1332 1566 1389 tabernaculi
1619 1337 1718 1402 tui,
1767 1344 1819 1390 et
1855 1331 2060 1390 aulico-

479 1439 594 1476 rnm
659 1420 894 1490 tuorum,
941 1418 1063 1494 ﬁge,
1122 1426 1186 1478 ne
1234 1440 1425 1493 parcas
1453 1439 1473 1477 :
1498 1427 1751 1494 protende
1795 1425 2062 1495 funiculo;

2167 1336 2317 1394 Εἷπε
2347 1339 2456 1409 γὰρ
2484 1340 2699 1406 Κύριος
2724 1354 2738 1367 ο
2764 1337 3085 1392 Πλάτυνον
3111 1335 3220 1390 τὸν
3244 1336 3434 1390 τόπον
3468 1334 3575 1406 τῆς
3598 1353 3747 1403 σκη-

2165 1430 2281 1500 νῆς
2312 1446 2429 1515 ρὀυ
2462 1430 2562 1485 καὶ
2586 1428 2705 1485 τῶν
2725 1428 2995 1484 αὐλαιῶν
3012 1443 3150 1483 σου·
3172 1431 3393 1513 πῆξον,
3411 1428 3504 1498 μὴ
3530 1429 3740 1498 φείση-

477 1501 615 1580 tuos,
664 1527 711 1569 et
762 1510 912 1585 palos
968 1526 1085 1570 tuos
1127 1502 1442 1584 corrobora,
1490 1517 1663 1571 adhuc
1711 1527 1757 1571 et
1788 1514 1842 1571 in
1863 1515 2043 1572 ἀραιήν

2161 1503 2478 1593 μὰκρυνον
2508 1524 2578 1576 τὰ
2612 1521 3017 1609 σχοινίσματά
3046 1515 3185 1591 σου,
3209 1520 3306 1574 καὶ
3334 1510 3475 1585 τοὺς
3502 1520 3745 1574 πασσά-

474 1611 525 1654 et
552 1602 603 1653 in
634 1602 860 1655 sinistris
896 1602 1153 1670 expa'mle.
1186 1596 1252 1654 Et
1283 1604 1456 1656 seine'u
1498 1608 1647 1656 tuum
1690 1601 1864 1673 gentes
1892 1606 2060 1666 possi-

473 1692 631 1755 debit,
665 1690 714 1745 e’t
739 1692 977 1747 ciuitates
1010 1691 1244 1748 desertas
1267 1693 1512 1749 habitare
1543 1691 1733 1763 facies.

541 1994 795 2064 Exposito
826 1994 1191 2066 pulcherrime
1256 1998 1720 2068 Quemadmodum
1765 2001 2054 2070 pretiosam

468 2102 568 2156 pro
602 2087 755 2142 nobis
782 2101 1021 2153 crucetn,
1057 2098 1113 2144 et
1144 2090 1531 2145 mactationem
1576 2106 1675 2160 pro
1727 2093 1925 2147 mundo
1964 2109 2048 2148 ve-

477 2194 569 2234 rus
621 2194 815 2249 agnus,
875 2164 926 2233 id
966 2188 1051 2235 est
1110 2178 1382 2245 Christus,
1430 2182 1652 2248 tulerit;
1713 2191 1762 2238 et
1799 2183 2056 2253 praedicto

470 2268 663 2334 etiam,
723 2284 848 2324 eum
899 2270 1100 2326 multos
1144 2278 1526 2340 possessurum
1559 2291 1573 2326 :
1603 2274 1903 2343 prophetia:
1931 2290 2058 2331 ora-

471 2360 671 2415 tionem
729 2360 794 2413 ad
834 2376 929 2416 eos
964 2359 1081 2428 iam
1125 2362 1217 2431 qui
1263 2362 1337 2417 illi
1391 2364 1443 2418 in
1491 2373 1698 2420 sortem
1732 2380 1762 2420 a
1795 2367 1906 2423 Deo
1938 2369 2050 2423 dati

466 2460 613 2513 sunt,
666 2449 721 2504 id
745 2459 827 2505 est
856 2460 1064 2521 gentes,
1092 2454 1379 2509 convertit.
1436 2452 1550 2511 Hoc
1569 2457 1714 2512 enim
1745 2456 1908 2512 etiam
1943 2458 2057 2528 ipse

467 2540 640 2596 Filius
675 2536 809 2597 voce
843 2543 996 2612 lyrici
1032 2543 1227 2599 Psaltae
1259 2544 1618 2614 proclamavit
1649 2557 1797 2615 ante,
1823 2549 2053 2606 dicens:

471 2648 491 2681 ι
518 2629 780 2687 Dominus
814 2634 947 2687 dixit
972 2634 1103 2689 mihi
1138 2650 1154 2688 :
1185 2634 1356 2692 Filius
1392 2652 1545 2696 meus
1573 2653 1634 2696 es
1657 2648 1738 2705 tu,
1764 2656 1867 2710 ego
1895 2641 2055 2698 hodie

464 2723 625 2792 genui
664 2733 736 2781 te.
766 2722 989 2779 Postula
1018 2739 1049 2779 a
1074 2740 1182 2793 me,
1209 2735 1263 2783 et
1287 2728 1428 2784 dabo
1458 2729 1553 2785 tibi
1582 2740 1777 2800 gentes
1808 2731 2046 2788 haeredi-

467 2824 631 2869 tatem
708 2824 894 2880 tuam,
971 2826 1027 2873 et
1082 2820 1488 2888 possessionem
1565 2833 1713 2878 tuam
1787 2824 2054 2881 terminos

466 2918 626 2961 terra:
650 2906 716 2961 ³³.
746 2925 766 2960 ι
820 2906 1015 2964 Multos
1057 2923 1153 2966 eos
1196 2926 1318 2968 esse
1348 2914 1480 2969 dicit
1508 2930 1523 2966 :
1559 2914 1728 2972 multo
1762 2916 1909 2972 enim
1941 2916 2053 2973 fre-

463 3000 781 3067 quentiores
834 3010 891 3055 et
921 3016 1149 3058 numero
1180 3003 1384 3073 plures,
1439 3005 1512 3060 illi
1550 3021 1619 3062 ex
1665 3008 1916 3078 gentibus
1967 3010 2051 3065 in-

465 3091 636 3162 telligi
674 3101 905 3162 possunt
949 3108 1091 3161 esse,
1122 3098 1528 3166 comparatione
1554 3112 1741 3155 eorum
1787 3101 1879 3171 qui
1924 3113 2053 3159 sunt

394 3172 403 3179 “
463 3197 531 3237 ex
578 3185 840 3254 sanguine
879 3182 1066 3254 Israel,
1115 3188 1207 3256 qui
1242 3204 1342 3258 pro
1369 3202 1475 3245 una
1505 3190 1623 3248 sola
1649 3202 1809 3264 gente
1846 3194 2052 3250 baben-

463 3285 569 3329 tur.
589 3273 797 3331 Mulieri
828 3277 998 3332 sterili
1020 3289 1076 3333 et
1100 3278 1343 3350 abjectae,
1380 3282 1497 3338 viro
1518 3283 1726 3340 scilicet
1745 3284 2045 3355 destitutae,

459 3379 776 3435 comparare
810 3369 1069 3438 dignatur
1096 3373 1337 3440 gentium
1363 3373 1782 3441 multitudinem,
1820 3390 2051 3448 eamque

461 3457 800 3527 alloquitur:
841 3457 1092 3526 Lmtare,
1122 3462 1366 3529 sterilis,
1407 3479 1529 3534 quae
1576 3480 1682 3521 non
1715 3467 1882 3536 paris.
1941 3468 2048 3524 Sed

461 3548 668 3603 dixerit
708 3550 838 3604 illud
872 3549 1109 3607 fortasse
1138 3555 1409 3624 quispiam
1435 3570 1451 3609 :
1482 3557 1594 3612 Cur
1622 3559 1865 3628 gentium
1897 3559 2047 3615 mul-

461 3645 774 3712 titudinem,
823 3649 919 3700 seu
941 3661 1006 3701 ex
1029 3650 1282 3716 gentibus
1310 3666 1696 3727 congregatam
1723 3658 2044 3727 Ecclesiam,

468 3737 710 3790 sterilem
742 3738 1020 3792 nominat?
1057 3737 1192 3794 Cum
1224 3740 1276 3795 in
1298 3744 1571 3812 superiori
1605 3748 1853 3805 oratione
1879 3750 2048 3821 signi-

462 3824 683 3878 ﬁcatum
715 3826 806 3891 sit,
840 3825 997 3896 longe
1037 3827 1218 3897 plures
1253 3827 1423 3886 fuisse
1459 3842 1725 3903 errantes,
1748 3846 1805 3891 et
1828 3848 2046 3894 creatu-

461 3931 575 3969 rstm
604 3931 715 3985 prae
739 3914 998 3974 Creatore
1026 3920 1287 3988 colentes,
1334 3936 1521 3992 quam,
1554 3924 1756 3983 fuerint
1779 3931 2040 4001 redempti

457 4007 549 4076 qui
574 4021 668 4076 per
684 4006 889 4064 Mosem
900 4048 915 4073 ,
933 4019 989 4065 et
1006 4020 1289 4082 propterea
1310 4014 1361 4068 in
1376 4025 1524 4072 sorte
1536 4017 1718 4073 divina
1738 4024 2044 4078 numerati?

464 4117 483 4150 ι
514 4100 738 4166 Quando
771 4102 946 4168 enim,
975 4103 1150 4174 inquit
1179 4106 1344 4179 75o
1366 4108 1550 4165 divisit
1570 4110 1879 4171 Altissimus
1911 4129 2042 4184 gen-

459 4200 563 4258 tes,
593 4202 647 4247 et
674 4193 934 4262 dispersit
984 4196 1126 4253 ﬁlios
1176 4199 1371 4265 Adam,
1418 4202 1611 4258 statuit
1642 4203 1778 4262 lines
1800 4208 2039 4276 gentium

456 4299 553 4355 pro
583 4298 808 4340 numero
829 4285 1141 4355 angelorum
1168 4287 1283 4356 Dei,
1302 4300 1355 4345 et
1382 4291 1559 4362 portio
1575 4292 1789 4349 Domini
1810 4305 1930 4351 erat
1947 4311 2042 4367 po-

2162 1617 2315 1680 .lovc
2345 1613 2745 1683 κατίσχυσον,
2784 1614 2872 1668 ἐτι
2914 1612 3014 1666 καὶ
3040 1616 3128 1679 εἰς
3168 1611 3349 1684 [γυιε.
3388 1612 3473 1665 ἔτι
3500 1609 3610 1683 εἰς]
3670 1610 3744 1664 τὰ

2086 1710 2130 1769 Β
2158 1704 2325 1769 δεξιὰ
2373 1704 2473 1758 καὶ
2527 1708 2616 1772 εἰς
2652 1705 2725 1758 τὰ
2768 1699 3054 1773 ἀριστερὰ
3093 1702 3456 1760 ἐκπέτασον.
3505 1704 3616 1758 Kal
3673 1702 3741 1755 τὸ

2160 1800 2401 1867 σπέρμα
2459 1813 2578 1853 σου
2647 1790 2792 1864 ἔθνη
2856 1796 3325 1868 κληρονομήσει,
3380 1796 3482 1851 και
3530 1798 3740 1859 πόλεις

2156 1889 2547 1960 ἠρημωμένας
2576 1886 2915 1957 κὰτοικιεῖς.

2227 2004 2363 2057 Τίνα
2390 2003 2455 2074 δὴ
2497 2004 2697 2075 τρόπον
2737 2003 2829 2058 τὸν
2864 2003 3052 2075 -τίμιον
3091 2001 3234 2074 ὑπὲρ
3273 1999 3432 2073 ἡμῶν
3475 1998 3736 2070 ὑπέμεινε

2158 2096 2411 2168 σταυρὸν,
2443 2095 2536 2149 καὶ
2575 2096 2673 2168 τὴν
2703 2094 2846 2167 ὑπὲρ
2878 2094 2971 2148 τοῦ
3004 2094 3211 2164 κόσμου
3262 2090 3477 2162 σφαγὴν
3504 2091 3534 2142 ὁ
3564 2088 3735 2159 ἀμνὸς

2155 2191 2185 2243 ὁ
2214 2187 2485 2259 ἀληθινὸς,
2508 2188 2755 2242 τουτέστι
2779 2187 3036 2258 Χριστὸς,
3068 2183 3291 2245 διειπὼν
3331 2179 3391 2238 εὖ
3427 2182 3595 2255 μάλα,
3642 2182 3738 2236 καὶ

2157 2280 2294 2352 πρός
2316 2297 2382 2349 γε
2407 2280 2636 2345 τούτοις,
2672 2280 2755 2333 ὅτι
2799 2278 3198 2349 κληρονομήσει
3236 2275 3466 2338 ⁸ιτολλοὺς
3498 2290 3738 2346 προηγο-

2158 2372 2391 2443 ρευκὼς,
2428 2371 2718 2443 μεθίστησι
2752 2370 2853 2440 τῆς
2891 2367 3227 2441 προφητείας
3259 2368 3388 2430 τοὺς
3418 2367 3606 2435 λόγους
3647 2365 3735 2417 ἐπ’

2155 2463 2352 2527 αὐτοὺς
2389 2464 2488 2536 ἤδη
2542 2463 2668 2527 τοὺς
2726 2464 2806 2526 εἰς
2860 2461 3062 2532 κλῆρον
3106 2459 3257 2530 αῦτῷ
3294 2457 3547 2521 δοθέντας
3585 2456 3738 2528 παρά

2154 2553 2312 2619 Θεοῦ,
2341 2555 2587 2608 τουτέστι
2620 2554 2689 2608 τὰ
2733 2553 2882 2624 ἔθνη.
2915 2551 3086 2607 Τοῦτο
3132 2550 3241 2622 γάρ
3285 2566 3388 2604 που
3436 2548 3533 2603 καὶ
3572 2548 3738 2612 αὐτὸς

2152 2647 2183 2701 ὁ
2212 2647 2340 2710 Υἱὸς
2367 2646 2456 2701 διὰ
2475 2648 2575 2718 τῆς
2605 2646 2699 2700 τοῦ
2724 2645 3033 2709 Ψάλλοντος
3056 2643 3226 2716 λύρας
3258 2641 3736 2714 προανακεκράγει
3812 2700 3825 2705 _

2153 2739 2359 2808 λέγων’
2391 2757 2410 2790 ι
2448 2738 2652 2809 Κύριος
2678 2732 2800 2791 εἷπε
2833 2737 2968 2808 πρός
3010 2752 3099 2807 με·
3129 2734 3259 2799 Υἱός
3286 2750 3387 2805 μου
3416 2728 3467 2785 εἴ
3492 2732 3580 2795 σὺ,
3622 2730 3736 2799 ἐγὼ

2155 2832 2394 2904 σήμερον
2421 2830 2730 2901 γεγέννηκά
2751 2846 2833 2883 σε.
2859 2829 3089 2901 Αἴτησαι
3117 2826 3247 2899 παρ’
3271 2824 3432 2896 ἐμοῦ,
3456 2824 3553 2880 καὶ
3577 2823 3734 2877 δώσω

2154 2939 2239 2977 σοι
2271 2923 2369 2995 ἔθη
2413 2924 2513 2994 τὴν
2560 2922 2926 2995 κληρονομίαν
2974 2938 3088 2985 σου,
3125 2919 3221 2974 καὶ
3258 2918 3358 2990 τὴν
3403 2916 3732 2987 κατάσχεσίν

2153 3030 2248 3070 σου
2275 3015 2343 3069 τὰ
2374 3015 2585 3084 πέρατα
2622 3015 2723 3085 τῆς
2754 3017 2878 3086 γῆς.
2915 3033 2935 3066 ι
2979 3013 3214 3076 Πολλοὺς
3261 3011 3320 3065 δὲ
3351 3010 3550 3073 αὐτοὺς
3592 3002 3735 3062 εἷναί

2153 3124 2309 3180 φησν
2348 3107 2784 3171 πολλαπλασίους
2811 3106 2919 3181 γὰρ
2952 3106 3046 3160 καὶ
3078 3103 3313 3177 ἀριθμοῦ
3347 3103 3653 3177 κρείττονες
3680 3103 3732 3154 oi

2151 3201 2212 3265 ἐξ
2239 3200 2407 3254 ἐθνῶν
2453 3198 2698 3271 ωηθείεν
2729 3198 2818 3263 ἂν,
2848 3199 2925 3261 ὡς
2960 3199 3097 3269 πρός
3140 3214 3203 3266 γε
3235 3198 3362 3261 τοὺς
3388 3195 3447 3262 ἐξ
3498 3195 3733 3265 αἵματος

2163 3289 2401 3361 Ἰσραὴλ,
2430 3290 2511 3354 εἰς
2547 3289 2607 3345 ἓν
2641 3290 2736 3345 καὶ
2782 3289 2940 3360 μόνον
2968 3288 3256 3351 τελοῦντας
3304 3286 3475 3350 ἔθνος.
3506 3285 3733 3339 Γυναὶκί

2148 3397 2213 3450 γε
2236 3379 2343 3452 μὴν
2370 3380 2561 3452 στείρᾳ
2590 3380 2684 3435 καὶ
2712 3378 3153 3449 ἀποϐεϐλημένῃ.
3183 3377 3352 3448 ἧγουν
3368 3376 3571 3447 ἐρήμῃ,
3588 3389 3733 3444 παρ-

2148 3472 2389 3538 εικάςειν
2420 3472 2562 3538 ἁξιοί
2612 3471 2724 3526 τῶν
2785 3470 2957 3526 ἐθνῶν
3003 3468 3100 3541 τὴν
3139 3465 3370 3541 πληθύν·
3404 3466 3497 3520 καὶ
3535 3466 3600 3537 δὴ
3633 3464 3729 3518 καί

2148 3581 2283 3636 φησι
2304 3563 2441 3637 πρὸς
2455 3560 2655 3635 αὐτήνδ
2685 3562 3054 3635 Εὐφράνθητι,
3083 3562 3273 3632 στεῖρα
3298 3561 3332 3631 ἡ
3364 3558 3423 3613 οὐ
3446 3557 3727 3613 τίκτουσαι

2159 3654 2299 3708 Ἀλλ’
2337 3654 2467 3718 ἴσως
2512 3654 2691 3707 ἐκεῖνο
2733 3653 2850 3724 ὲρεϊ
2892 3668 2998 3717 τιςο
3041 3651 3268 3722 Στεῖραν
3313 3649 3568 3720 ὀνομάζει
3616 3647 3729 3700 τῶν

2144 3745 2318 3800 ἐθνῶν
2345 3747 2444 3818 τὴν
2479 3744 2711 3816 πληθὺν,
2738 3746 2859 3817 ἦτοι
2890 3743 2988 3814 τὴν
3022 3743 3081 3810 ἐξ
3109 3742 3279 3797 εθνῶν
3309 3739 3728 3811 συναγηγερμέ-

2144 3854 2242 3908 νην
2282 3836 2627 3907 Ἐκκλησίαν,
2655 3835 2745 3890 διὰ
2777 3835 2939 3890 ποίαν
2966 3836 3182 3900 αἰτίανς
3214 3832 3393 3886 καίτοι
3434 3830 3727 3900 προμεμή-
3826 3875 3832 3881 .

2143 3945 2305 3984 νυκεν
2335 3929 2364 3982 ὀ
2393 3928 2569 3997 λόγος,
2604 3929 2685 3989 ὅτι
2732 3926 2911 3998 πολλῷ
2935 3926 3150 3989 πλείους
3171 3920 3315 3997 ἦσαν
3341 3924 3392 3978 οἱ
3433 3920 3726 3991 πλανώμευ

2144 4038 2247 4087 νοι,
2271 4022 2366 4075 καὶ⁵
2387 4022 2454 4093 τῇ
2474 4021 2648 4075 κτίσει
2674 4021 2825 4093 παρὰ
2842 4020 2934 4074 τὸν
2959 4019 3198 4089 κτίστην
3221 4016 3595 4089 λατρεύοντες,
3612 4015 3729 4069 τῶν·

2143 4112 2569 4185 λελυτρωμένων
2590 4112 2678 4167 διὰ
2695 4112 2957 4175 Μωσέως,
2977 4112 3071 4166 καὶ
3086 4109 3175 4164 διὰ
3196 4106 3355 4162 τοῦτο
3370 4107 3463 4161 καὶ
3480 4105 3605 4177 ὴριθ
3614 4119 3722 4175 μηδ

2145 4206 2322 4277 μένων
2342 4205 2438 4260 καὶ
2454 4207 2534 4266 εἰς
2551 4206 2752 4279 κλῆρον
2771 4206 2937 4271 Θεοῦ;
2959 4205 3119 4258 «Ὅτε
3142 4220 3159 4254 ι
3193 4202 3323 4273 γὰρ,
3353 4199 3509 4271 φησι,
3550 4218 3569 4252 ι
3610 4198 3722 4252 διε-

2144 4295 2366 4367 μέρισεν
2399 4297 2428 4347 ό
2458 4294 2721 4365 Ὗψιστος
2749 4295 2901 4366 ἔθνη,
2930 4293 3006 4357 ὡς
3038 4288 3714 4363 διέσπειρενυίοὺςἈδὰμ,

406 4380 413 4395 ‘
455 4375 611 4444 pulus
632 4376 748 4446 ejus
770 4374 959 4444 Jacob,
979 4378 1248 4437 funiculus
1270 4380 1599 4440 lizereditatis
1618 4384 2026 4455 ejuslsrael‘h

2144 4386 2366 4457 ἔστησεν
2388 4385 2512 4456 ὅρια
2540 4384 2711 4441 ἐθνῶν
2739 4385 2878 4440 κατᾶ
2907 4382 3140 4456 ἀριθμὸν
3165 4380 3412 4450 ἀγγέλων
3435 4379 3593 4442 Θεοῦ,
3621 4382 3716 4434 καὶ

454 4465 735 4533 Quomodo
798 4467 962 4537 igitur
1006 4469 1210 4526 sterilis
1249 4484 1352 4537 est,
1398 4475 1535 4530 adeo
1573 4475 1758 4533 liberis
1781 4477 2035 4544 fecunda,

452 4570 507 4612 et
560 4559 717 4627 quasi
772 4557 1149 4616 feracissima?
1196 4561 1385 4619 Nullus
1424 4568 1568 4621 enim
1610 4567 1711 4623 fuit
1749 4570 1890 4640 apud
1917 4586 2033 4636 eos,

455 4649 547 4717 qui
590 4650 974 4705 universorum
1013 4653 1180 4708 Deum
1224 4654 1569 4724 ignorabant,
1604 4672 1827 4732 propter
1849 4664 2035 4734 cogni-

457 4742 659 4796 tionem
692 4752 749 4795 et
773 4742 1029 4799 virtutem
1066 4745 1119 4799 in
1148 4745 1275 4803 ﬁliis
1307 4747 1399 4804 Dei
1445 4756 1834 4809 numerandus.
1885 4754 2028 4811 Pra-

455 4842 623 4895 terca,
680 4847 786 4887 non
829 4842 944 4888 erat
991 4836 1130 4905 apud
1171 4852 1266 4894 eos
1301 4854 1399 4911 per
1438 4854 1634 4910 aquam
1681 4853 1735 4897 et
1775 4845 2027 4913 spiritum

455 4924 833 4989 regeneratio:
866 4925 961 4981 sed
989 4942 1055 4981 ex
1111 4931 1320 4986 semine
1370 4941 1528 4987 erant
1581 4944 1860 5005 corrupto,
1908 4951 2030 4993 cor-

453 5014 591 5081 rupti
619 5026 673 5069 et
703 5016 931 5083 terreni;
962 5028 1016 5074 et
1046 5020 1207 5077 sicuti
1233 5021 1556 5081 Psalmodus
1581 5024 1659 5080 ait
1686 5043 1702 5082 :
1740 5043 1763 5080 ι
1792 5030 1836 5082 A
1868 5028 2025 5084 vulva

448 5103 743 5160 abalienati
806 5116 953 5175 sunt,
1010 5125 1040 5164 a
1088 5111 1475 5180 conjunctione
1515 5129 1639 5171 cum
1676 5115 1808 5184 Deo,
1848 5127 1907 5172 et
1956 5119 2027 5175 ab

449 5196 566 5263 ipso
597 5206 750 5253 utero
778 5212 1098 5259 erraverunt
1125 5204 1171 5237 ’°
1202 5223 1222 5257 ι
1252 5224 1267 5261 :
1298 5215 1486 5278 utpote
1533 5224 1602 5265 ex
1647 5214 2025 5281 peccatoribus

447 5294 777 5356 peccatores,
816 5299 872 5344 et
900 5290 1221 5361 idololatria,
1280 5305 1338 5351 et
1385 5312 1536 5369 spem
1587 5316 1694 5357 non
1740 5303 2025 5370 habentes,

444 5377 600 5431 sicuti
649 5378 781 5434 dicit
820 5381 1252 5449 sapientissimus
1292 5386 1489 5444 Paulus
1513 5389 1579 5444 “.
1627 5391 1759 5448 Erat
1798 5409 1932 5466 ergo
1970 5396 2024 5451 in

444 5463 556 5521 Deo
578 5469 821 5522 omnium
881 5471 1113 5537 sterilis,
1163 5474 1366 5530 nullum
1393 5480 1610 5547 pariens
1658 5485 1751 5553 qui
1802 5463 2026 5542 deberet

445 5564 538 5611 aut
569 5566 753 5626 posset
776 5558 828 5614 in
859 5558 985 5618 ﬁliis
1014 5561 1109 5618 Dei
1142 5569 1391 5636 reputari
1414 5580 1470 5625 et
1499 5573 1771 5629 recenseri
1800 5584 2024 5647 propter

2135 4477 2372 4550 ἐγενήθη
2421 4479 2579 4549 μερὶς
2628 4478 2835 4550 Κυρίου
2873 4477 3001 4539 λαὸς
3041 4474 3207 4530 αὑτοῦ
3246 4473 3463 4538 Ἰακὼϐ,
3511 4474 3716 4543 σχοινίη

2137 4586 2321 4639 σματα
2336 4570 2701 4641 κληρονομίας
2713 4569 2879 4623 αὐτοῦ
2916 4567 3154 4640 Ἰσραήλ.
3183 4587 3203 4619 ι
3231 4568 3428 4637 Στεῖρα
3461 4560 3555 4619 οῦν
3576 4564 3716 4618 κατᾶ

2132 4662 2256 4716 τίνα
2285 4662 2488 4731 τρόπον
2516 4663 2548 4732 ἡ
2578 4660 2846 4725 miltiam;
2884 4661 3031 4715 οὕτω
3059 4661 3154 4713 καὶ
3186 4657 3298 4713 οἷον
3326 4656 3670 4729 γονιμωτάτη
3698 4666 3713 4721 :

2134 4752 2324 4816 οὐδεὶς
2348 4753 2455 4824 γὰρ
2484 4747 2553 4823 ἦν
2594 4753 2747 4829 παρά
2770 4769 2834 4822 γε
2862 4755 2976 4816 τοῖς
2996 4752 3099 4804 οὐκ
3131 4751 3295 4805 εἰδόσι
3322 4750 3414 4803 τὸν
3443 4748 3551 4801 τῶν
3577 4747 3716 4801 δλων

2132 4841 2287 4909 Θεὸν,
2319 4843 2395 4906 ὡς
2429 4843 2516 4898 διά
2539 4860 2598 4897 τε
2638 4844 2839 4913 γνῶσιν
2881 4844 2973 4899 καὶ
3009 4843 3212 4915 ἀρετὴν
3259 4838 3715 4911 καταλογισθῆναι
3764 4866 3773 4871 -

2133 4931 2359 5003 πρέπων
2386 4933 2445 4986 ἑν
2472 4935 2685 5000 τέκνοις
2715 4934 2872 4989 Θεοῦ.
2907 4935 3017 4988 Καὶ
3045 4934 3169 4988 καθ’
3201 4933 3390 5005 ἕτερον
3416 4932 3474 4986 δὲ
3513 4931 3714 5002 τρόπον

2130 5025 2232 5078 οὐκ
2270 5021 2339 5096 ἦν
2367 5026 2499 5096 παρ’
2553 5027 2737 5090 αὐτοῖς
2769 5029 2803 5098 ἡ
2842 5026 2909 5080 δι’
2947 5025 3139 5089 ὕδατός
3166 5042 3225 5079 τε
3270 5027 3377 5081 καὶΔ
3405 5024 3713 5094 πνεύματος

2130 5116 2512 5186 ἀναγεννησις,
2572 5117 2691 5170 ἀλλ’
2749 5114 2892 5190 ἦσαν
2943 5109 3031 5172 ὲκ’
3058 5118 3264 5190 φθορᾶς
3312 5117 3391 5171 ἔτι
3440 5117 3710 5188 φθαρτῆς,

2129 5207 2362 5279 φθαρτοὶ
2390 5210 2486 5263 καὶ
2506 5211 2705 5281 γήϊνοι,
2725 5212 2821 5265 καὶ
2848 5210 2994 5266 καθά
3017 5229 3184 5283 φησιν
3200 5214 3228 5265 ὁ
3247 5211 3711 5282 Ψαλμῳδὸς,ιἘκ

2129 5297 2340 5369 μήτρας
2372 5298 2876 5373 ἀπηλλοτριωμένοι
2904 5304 3004 5374 τῆς
3033 5302 3170 5374 πρὸς
3191 5301 3324 5356 Θεὸν
3352 5302 3707 5374 οἰκειότητὺξ,

2127 5390 2219 5443 καὶ
2249 5390 2310 5457 ἐξ
2345 5392 2516 5463 αὐτῆς
2549 5393 2891 5466 πλανώμενοι
2906 5395 3008 5465 τῆς
3037 5394 3296 5468 γαστρὸς,
3331 5414 3351 5446 ι
3394 5394 3492 5449 ἆτε
3519 5392 3584 5465 δὴ
3613 5395 3708 5447 καὶ

2122 5483 2275 5548 ὄντες
2303 5484 2363 5552 ἐξ
2394 5486 2738 5558 ἁμαρτωλῶν
2780 5487 3120 5561 ἁμαρτωλοὶ,
3158 5487 3253 5542 καὶ
3293 5486 3704 5559 εἰδωλολάτραι,

2122 5575 2219 5629 καὶ
2247 5576 2437 5630 ἐλπίδα
2465 5577 2542 5650 μὴ
2571 5577 2807 5651 ἔχοντες,
2835 5579 2981 5635 καθά
3007 5595 3173 5653 φησιν
3200 5581 3228 5634 ὁ
3254 5579 3526 5650 πάνσοφος
3558 5578 3707 5632 llas-

512 5726 560 5761 ⁸⁸
592 5730 745 5787 Deut.
783 5749 956 5802 sun,
980 5737 1036 5804 8,
1065 5737 1120 5793 9.
1232 5740 1278 5774 ”
1309 5741 1452 5801 Psal.
1487 5760 1548 5815 ιι,
1581 5746 1634 5812 7,
1665 5747 1719 5803 8.
1796 5748 1842 5780 ⁹⁰
1867 5748 2019 5808 Psal.

2146 5768 2185 5824 ι,
2213 5753 2267 5809 4.
2343 5755 2385 5787 ⁹¹
2420 5754 2620 5827 ΕρΙιεε.
2649 5773 2711 5825 ιι,
2755 5758 2846 5817 12.
