4100 6488
1522 164 1535 207 l

389 305 549 387 ειυς

1520 326 1587 382 ΙΝ
1627 325 1868 384 lSAlAM
1911 326 2046 382 LIB.
2089 326 2156 382 ν.
2201 326 2440 385 TOMUS
2480 325 2545 381 ll.

3566 301 3705 367 Ην

382 427 499 490 λος.
543 426 608 480 Ἠ
641 407 738 480 οδν
762 426 951 498 στεῖρα
978 424 1058 497 τῷ
1089 424 1182 479 ἐπὶ
1226 424 1437 489 πάντας
1458 424 1580 498 Θεῷ
1604 427 1864 481 τίκτουσα
1894 444 1997 499 μη-

2107 424 2266 481 tldem
2295 432 2353 481 et
2383 425 2667 481 virtutem.
2716 422 2824 481 Sed
2870 438 3002 482 erce
3041 424 3255 497 jussum
3295 432 3380 481 est
3419 440 3707 496 rrurnpere

382 520 515 574 δένα
548 517 660 572 τῶν
688 517 1037 588 ὀφειλόντων,
1077 518 1110 590 ἢ
1141 517 1459 590 δυναμένων
1489 520 1547 572 ὲν
1586 519 1802 585 τέκνοις
1833 521 2000 576 αὐτοῦ

386 612 881 684 καταλογισϋῆναι,
920 614 1015 667 καὶ
1067 610 1244 666 τελεῖν
1288 611 1379 666 διά
1402 629 1462 664 τε
1512 612 1697 667 πίστιν
1724 614 1821 668 καὶ
1868 615 1999 683 ἀρεο

382 710 510 779 τήν.
576 705 720 759 Ἀλλ’
750 707 861 760 ἰδοὺ
910 706 1319 779 προστέτακται
1357 705 1522 777 ῥῆξαί
1566 724 1627 759 τε
1655 709 1751 761 καὶ
1782 706 1998 779 βοῆσαι.

385 798 555 863 ’λίθος
575 799 630 852 δὲ
648 797 809 851 τοῦτο
828 799 963 869 δρᾷν
982 800 1101 861 ταῖς
1124 797 1415 881 ἐπὶδίφρῳ
1440 799 1626 853 λοιπὸν
1651 801 1745 854 καὶ
1791 800 2005 854 τικτού-

383 909 513 956 acac
563 891 839 961 γυναιξὶν,
879 890 947 955 ἀς
976 891 1040 962 δή
1089 908 1226 960 φασι
1278 891 1644 962 παροτρύνειν
1684 891 1780 957 τὰς
1833 893 2003 963 μαίας

382 985 602 1041 ἔντονόν
626 1003 681 1039 τι
708 986 805 1041 καὶ
837 985 996 1055 τορὸν
1028 985 1290 1057 ἀναϐοᾲν,
1324 986 1392 1039 ἵν’
1420 987 1729 1042 ὲκθλίδοιτο
1760 988 1862 1059 τῆς
1895 990 2004 1060 μή·

380 1098 521 1154 τρας
544 1080 607 1134 τὸ
637 1079 859 1152 βρέφος,
885 1079 1250 1151 εὐρυνομένου
1282 1080 1375 1134 τοῦ
1401 1081 1714 1153 σπλάγχνου
1744 1082 1880 1153 πρὸς
1900 1083 2001 1154 τὴν

385 1172 545 1243 βοήν.
568 1170 763 1235 Τοῦτο,
801 1166 975 1240 οἶμαι,
1004 1170 1125 1223 ἐστὶ
1160 1169 1243 1235 τὸ,
1294 1191 1311 1221 ι
1349 1169 1564 1239 Ῥἧξον,
1592 1169 1686 1223 καὶ
1730 1168 1946 1240 βόησον.
1974 1186 1993 1219 ι

387 1264 587 1338 ’Λρξαν
609 1262 674 1336 δὴ
703 1258 913 1331 οὗν-τοῦ
929 1262 1160 1325 τίκτειν,
1186 1263 1343 1334 φησὶ,
1367 1263 1463 1317 καὶ
1491 1261 1847 1333 ὡςώδίνουσα
1871 1261 2002 1316 πολ·-

381 1360 535 1420 λοὺς,
572 1357 719 1411 δίδου
746 1356 959 1427 συχνῶς
992 1356 1238 1442 τήνοταῖς
1266 1356 1584 1422 τικτούσαις
1617 1357 1706 1411 ἀεὶ
1748 1357 2000 1429 πρέπου-

384 1467 491 1504 σαν
524 1448 688 1522 βοήνο
721 1448 798 1514 ὡς
831 1448 1068 1520 ἐσομένη
1098 1448 1156 1502 δὲ
1189 1450 1374 1521 μήτηρ
1403 1447 1800 1521 ἀναριθμήτων
1832 1447 1999 1512 λαῶν,

382 1542 735 1615 εὐφροσύνην
788 1541 944 1612 δέχου
994 1541 1095 1611 τὴν
1144 1542 1547 1614 πνευματικήν.
1586 1540 1911 1614 Σαφηνίζων
1943 1541 2002 1596 δὲ

381 1637 481 1692 τοῦ
504 1637 872 1710 προκειμένου
903 1638 1071 1708 ῥητοῦ
1098 1637 1199 1709 τὴν
1228 1637 1517 1692 διάνοιανὸ
1539 1628 1650 1691 τῶν
1678 1637 1816 1691 ὅλων
1841 1636 1997 1703 Θεὸς,

384 1731 643 1802 ἐπιφέρει
700 1730 917 1800 λέγων’
977 1734 1075 1785 Οτι
1112 1730 1285 1784 πολλὰ
1339 1730 1409 1785 τά
1442 1730 1608 1786 τέκνα
1639 1732 1739 1803 τῆς
1787 1732 2000 1804 ἐρήμου

2097 523 2159 575 ὀι
2237 519 2498 575 clamare.
2573 517 2762 574 Solent
2823 529 3008 574 autem
3075 518 3130 574 id
3195 519 3378 575 facere
3452 520 3710 575 mulieres

2104 630 2228 685 quae
2257 614 2311 668 in
2354 613 2486 669 sella
2523 623 2670 682 sunt,
2702 624 2757 670 et
2803 617 3060 684 pariunt:
3092 631 3231 688 quas
3280 616 3435 672 aiunt
3475 619 3720 673 excitare

2103 707 2453 771 obstetrices,
2495 706 2751 762 interrita
2801 719 2856 764 et
2903 708 3014 763 alta
3068 724 3199 764 voce
3227 711 3561 775 exclamare,
3605 727 3713 781 quo

2104 800 2288 855 infans
2320 815 2350 854 e
2382 802 2613 856 matrice
2657 802 3006 869 extrahatur,
3057 803 3366 860 visceribus
3399 806 3466 858 ad
3500 804 3712 859 clamo-

2115 908 2227 947 rem
2255 893 2514 951 dilatatis.
2542 893 2678 958 llue,
2708 895 2924 965 Opinor,
2962 905 3067 960 est,
3098 896 3369 967 «Erumpe
3391 908 3444 952 ct
3477 899 3671 954 clama.
3694 923 3708 949 ο

2104 982 2313 1056 Incipe,
2357 986 2562 1054 inquit,
2607 1002 2826 1056 parere,
2863 997 2917 1043 et
2946 989 3103 1059 quasi
3142 991 3453 1061 parturiens
3487 991 3712 1052 multus,

2104 1079 2452 1149 parientibus
2493 1083 2915 1138 convenientem
2965 1098 3186 1155 semper
3234 1086 3530 1142 clamorem
3582 1088 3716 1143 sub-

2105 1174 2231 1228 inde
2262 1175 2413 1243 ede;
2454 1186 2712 1246 tanquam
2746 1187 2922 1232 mater
2958 1193 3088 1234 vero
3122 1179 3302 1235 futura
3336 1180 3711 1235 innumerabi-

2104 1263 2237 1318 lium
2291 1267 2643 1337 populorum,
2694 1268 3034 1339 voluptatem
3078 1269 3299 1340 percipe
3350 1267 3711 1341 spiritualem.

2107 1356 2404 1414 Deelarans
2463 1374 2597 1415 vero
2654 1359 2818 1430 hujus
2863 1361 2994 1416 dicti
3031 1377 3275 1429 sensum,
3332 1364 3713 1418 universorum

2103 1447 2249 1502 Deus
2301 1449 2493 1515 infert,
2554 1451 2747 1506 dicens
2794 1469 2808 1506 :
2880 1453 3017 1520 Quia
3067 1452 3252 1522 plures
3302 1453 3397 1508 lilii
3449 1454 3713 1519 deserL'e,

2103 1556 2266 1613 quam
2320 1542 2575 1598 habentis
2618 1545 2819 1599 virum.
2858 1543 3161 1602 Familiare
3213 1556 3296 1601 est
3340 1546 3506 1618 igitur
3553 1546 3708 1601 Scri-

2103 1645 2278 1707 ptura:
2319 1633 2582 1691 divinitus
2632 1635 2934 1707 inspirata,
2983 1639 3257 1693 desertam
3310 1639 3587 1710 appellare
3637 1641 3711 1693 vi-

2104 1728 2289 1781 duam.
2339 1725 2517 1783 Vidua
2571 1737 2752 1784 autem
2800 1728 3183 1799 fuit'gentium
3230 1731 3543 1787 multitudo.
3596 1729 3715 1785 Non

387 1822 692 1895 μᾶλλον,“ή
725 1823 826 1894 τῆς
857 1822 1092 1895 ἐχούσης
1122 1823 1217 1878 τὸν
1248 1824 1440 1897 ἄνδρα.
1474 1825 1638 1891 ἜΘος
1680 1826 1780 1898 μὲν
1812 1822 1906 1881 οὖν
1934 1828 1997 1898 τῇ

2106 1823 2250 1876 enim
2284 1820 2583 1891 quidquam
2628 1822 2676 1877 ei
2716 1823 3037 1878 commercii
3088 1822 3191 1878 fuit
3254 1839 3379 1879 cum
3417 1838 3714 1891 sermone;

382 1916 741 1989 θεοπνεύστῳ
788 1918 982 1989 Γραφῇ
1042 1917 1250 1989 ἔρημον
1306 1919 1612 1974 ἀποκαλεῖν
1657 1923 1759 1992 τὴν
1803 1922 2001 1995 χήραν.

397 2010 635 2082 Ἐχήοευ
645 2028 703 2064 σε
722 2011 779 2065 δὲ
792 2009 902 2063 τῶν
914 2009 1087 2065 ὲθνῶν
1108 2013 1141 2083 ή
1166 2010 1397 2084 πληθύς.
1418 2014 1494 2067 Οὐ
1508 2014 1616 2085 γὰρ
1631 2014 1883 2069 ἐπλούτει
1905 2014 2005 2088 τὴν

381 2103 677 2156 κοινωνίαν
731 2102 829 2174 τὴν
861 2103 1000 2173 πρός
1054 2120 1140 2173 γε,
1164 2107 1332 2175 φημὶ,
1361 2104 1453 2158 τὸν
1500 2105 1723 2178 ἀπάσης
1751 2105 2005 2191 γνώσεως

380 2195 644 2266 ἀληθοῦς,
678 2196 773 2249 καὶ
818 2195 911 2249 τὸν
946 2196 1053 2249 τῶν
1094 2198 1176 2261 εἰς
1227 2195 1515 2250 εὐσέϐειαν
1563 2197 2003 2270 σπουδασμάῖων

384 2289 603 2347 emes:
654 2290 842 2358 λόγον,
891 2291 950 2345 ὃν
997 2290 1064 2344 ἄν
1111 2308 1196 2355 τις
1249 2291 1422 2346 είπὼν
1469 2291 1730 2362 γηπόνον,
1759 2292 1834 2356 ὡς
1867 2293 2003 2365 περὶ

381 2383 569 2447 πάσης
600 2384 837 2448 κτίσεως
865 2382 1114 2457 λογικῆς,
1147 2386 1247 2438 οὐκ
1286 2385 1353 2440 ἂν
1390 2385 1631 2457 ἁμάρτοι
1666 2387 1713 2440 τ’
1740 2385 1997 2457 ἀληθοῦς.

346 2477 465 2529 ’Δι’
505 2476 675 2531 αὐτοῦ
722 2478 833 2549 γὰρ
879 2479 1030 2532 πᾶσα
1079 2478 1434 2551 καρποφορία
1470 2481 1819 2551 πνευματικὴ
1858 2479 1913 2533 ἔν
1940 2498 1999 2533 τε

378 2574 498 2634 τοῖς
537 2571 716 2640 ἀγίοις
747 2572 1005 2641 ἀγγέλοις
1034 2573 1129 2626 καὶ
1174 2575 1309 2645 ἡμῖν
1338 2574 1525 2639 αὐτοῖς
1558 2574 1852 2646 ἐμφύεται.
1891 2576 1999 2628 Οὐ-

379 2664 517 2718 κοῦν
550 2665 700 2735 χήρα
739 2663 840 2734 μὲν
879 2658 949 2734 ἦν
980 2663 1086 2735 πρὸ
1129 2665 1229 2736 τῆς
1262 2664 1357 2718 τοῦ
1392 2666 1649 2737 Σωτῆρος
1678 2666 1995 2738 ἐπιδημίας,

376 2755 581 2823 ἄγονός
618 2771 677 2809 τε
715 2755 805 2810 διὰ
838 2758 1000 2810 τοῦτο
1052 2758 1150 2811 καὶ
1194 2755 1345 2824 ἄτεξ.
1397 2759 1620 2830 Ἐπειδὴ
1665 2758 1723 2812 δὲ
1766 2759 2000 2832 παρεδέ-

378 2845 517 2913 ξατο
539 2846 629 2901 διὰ
662 2847 902 2914 πίστεως
926 2849 1019 2903 τὸν
1057 2849 1118 2915 ἐξ
1152 2850 1388 2921 οὐρανοῦ
1423 2851 1681 2922 νυμφίον,
1708 2852 1881 2907 πολλά
1907 2854 1998 2923 γέ-

378 2958 543 3009 γονεν
574 2941 748 3013 αὐτῆς
782 2941 852 2994 τὰ
873 2941 1039 2996 τέκνα
1073 2943 1298 3013 μᾶλλον,
1330 2944 1363 3016 ἢ
1390 2944 1493 3014 τῆς
1526 2946 1760 3017 ἐχούσης
1790 2946 1881 3001 τὸν
1905 2946 1999 3000 ἅν-

376 3035 505 3105 δρα.
556 3034 809 3088 τουτέστι
870 3035 973 3105 τῆς
1026 3034 1134 3087 τῶν
1187 3036 1463 3090 Ἰουδαίων
1511 3037 1868 3111 Συναγωγῆς,
1929 3040 1998 3112 ἥν

376 3128 447 3200 δὴ
501 3126 890 3199 προσηγάγετο
941 3128 1075 3192 Θεὸς
1125 3128 1214 3183 διὰ
1258 3128 1355 3183 τοῦ
1406 3132 1690 3203 πανσόφου
1748 3133 1998 3198 Μωσέως

380 3221 524 3293 πρὸς
557 3222 870 3292 οἰκειότητα
896 3222 996 3295 τὴν
1029 3224 1432 3297 πνευματικὴν,
1464 3227 1559 3280 καὶ
1586 3225 1779 3299 ὥσπερ
1812 3227 1993 3281 σύνοι-

377 3330 481 3370 κον
510 3314 605 3368 καὶ
651 3314 863 3368 πολλῶν
895 3316 1195 3387 ἐποιήσατο
1226 3318 1323 3370 καὶ
1350 3318 1605 3390 ἀπέφηνε
1633 3320 1861 3393 μητέρα
1896 3322 1995 3374 καὶ

379 3407 609 3477 τροφόν.
628 3406 771 3460 Ἀλλ’
795 3406 1080 3480 ὴτεκνὼθη
1108 3408 1197 3462 διὰ
1219 3410 1688 3481 Χριστὸν,καίτοι,
1722 3413 1866 3467 καθά
1889 3432 1995 3483 φη·

385 3516 471 3552 σιν
513 3502 542 3554 ὁ
578 3501 872 3574 προφήτης
933 3500 1242 3573 Ἱερεμίας,
1303 3499 1562 3569 εὔτεκνος
1608 3498 1744 3558 οὖσα
1796 3504 1987 3578 πολλή.

382 3594 612 3661 Πλείους
659 3595 791 3668 γὰρ,
838 3596 916 3661 ὡς
961 3594 1122 3667 ἔφην,
1168 3597 1218 3650 oi.
1251 3597 1353 3668 τῆς
1410 3614 1542 3653 ποτε
1588 3598 1810 3673 στείρας
1864 3600 1990 3663 υἱοὶ,

384 3689 522 3758 πρὸς
552 3691 617 3759 ἣν
640 3688 736 3742 καί
766 3706 901 3760 φησι
917 3689 998 3754 τὸ,
1032 3688 1343 3745 «Πλάτυνον
1365 3691 1456 3746 τὸν
1477 3693 1643 3748 τόπον
1664 3695 1765 3766 τῆς
1786 3697 1995 3768 σκηνῆς

388 3799 481 3843 σου
518 3785 613 3836 καὶ
645 3784 755 3837 τῶν
782 3784 1026 3839 αὑλαιῶν
1061 3801 1210 3840 σουλ
1258 3785 1481 3860 Ἐπειδὴ
1514 3788 1628 3861 γὰρ
1675 3787 1874 3854 εὔπαις
1931 3806 1994 3844 τε

385 3878 478 3931 κα)¹
532 3877 809 3942 πυλύπαις
841 3877 1130 3952 ἀδοκήτως
1160 3880 1332 3950 ἀνέφυ
1367 3880 1461 3934 τὸν
1502 3881 1564 3949 ἐξ
1617 3883 1852 3955 οὐρανοῦ
1894 3884 1995 3939 λα-

384 3969 556 4025 ϐοῦσα
599 3970 778 4040 λόγον,
811 3973 934 4044 ἤτοι
971 3974 1231 4044 νυμφίον,
1260 3974 1582 4047 ἀναγκαίως
1607 3978 1875 4034 ἐκτείνειν
1913 3981 1995 4044 είς

382 4059 538 4136 εὖρός
562 4082 626 4119 τε
680 4067 791 4119 καί
806 4069 984 4138 μῆκος
1009 4067 1108 4130 τὰς
1135 4068 1337 4140 ἑαυτῆς
1359 4069 1530 4134 αὐλὰς
1563 4072 1991 4142 προστέτακται,

383 4155 476 4208 καὶ
504 4156 927 4228 καταπηγνύναι
969 4157 1097 4222 τοὺς
1123 4159 1463 4227 πασσάλους,
1508 4161 1594 4215 ἴνα
1623 4160 1686 4216 τὸ
1719 4163 1995 4234 ἀκράδανο

382 4263 474 4301 τον
499 4247 602 4318 τῆς
629 4245 694 4314 ἐξ
735 4249 906 4305 ἐθνῶν
945 4249 1274 4322 Ἐκκλησίας
1318 4250 1411 4305 διά
1447 4252 1644 4310 τούτου
1697 4257 1848 4328 νοῇςο
1899 4256 1995 4310 καὶ

380 4338 443 4392 τὸ
479 4340 863 4412 μακρύνεσθαι
896 4342 952 4396 δὲ
980 4343 1049 4396 τά
1078 4342 1463 4416 σχοινίσματα,
1491 4345 1554 4400 τὸ
1580 4347 1994 4421 ἀπαραϐλήτως

381 4430 644 4487 πλούσιον
699 4435 781 4498 είς
828 4436 1178 4509 εὐρυχωρίαν
1238 4437 1350 4492 τῶν
1411 4438 1585 4507 ἁγίων
1651 4439 1993 4513 Ἐκκλησιῶν

2108 1929 2235 1968 cum
2285 1929 2564 1981 sermone,
2596 1915 2842 1987 inquam,
2895 1916 3078 1972 omnis
3117 1931 3261 1972 verte
3298 1915 3628 1983 cOgnitiouis
3658 1929 3716 1970 et

2108 2006 2413 2061 studiorum
2507 2008 2576 2062 ad
2652 2010 2919 2080 pietatem
2988 2009 3381 2080 pertinentium
3456 2020 3711 2064 satore:

2107 2116 2273 2169 quem
2319 2100 2365 2156 si
2403 2101 2527 2170 quis
2557 2102 2713 2173 quasi
2762 2103 3059 2173 agricolam
3098 2103 3280 2158 omnis
3320 2112 3588 2158 creaturae
3628 2117 3716 2155 ra-

2108 2196 2255 2249 tione
2305 2194 2548 2264 prmdilze
2602 2194 2784 2261 dicat,
2828 2210 2858 2250 a
2914 2211 3046 2253 vero
3100 2197 3418 2265 neutiquam
3488 2196 3718 2250 aberra-

2106 2290 2202 2344 hit.
2235 2287 2340 2344 Per
2370 2290 2548 2357 ipsum
2579 2289 2725 2344 enim
2760 2290 2941 2345 omnis
2988 2289 3340 2345 fructiﬁcatio
3380 2288 3711 2361 spiritualis,

2108 2392 2219 2436 tum
2258 2383 2310 2435 in
2360 2382 2571 2438 sanctis
2623 2382 2855 2452 angelis,
2897 2393 3009 2437 lum
3062 2384 3117 2440 in
3163 2385 3324 2439 nobis
3371 2383 3505 2454 ipsis
3550 2382 3714 2438 insita

2104 2485 2209 2530 tst.
2243 2473 2433 2546 Itaque
2495 2483 2625 2530 ante
2686 2472 2998 2531 Servatoris
3040 2475 3335 2533 adventum
3381 2477 3542 2531 vidua
3594 2487 3718 2532 erat

2102 2559 2159 2622 et
2209 2568 2436 2635 sterilis,
2479 2567 2550 2623 ob
2611 2582 2845 2637 eamque
2894 2583 3121 2624 causam
3170 2568 3301 2625 orba
3350 2568 3559 2624 liberis.
3604 2569 3713 2622 Sed

2105 2672 2396 2735 postquam
2462 2678 2560 2733 per
2637 2661 2798 2717 ﬁdem
2867 2662 3150 2717 etelestem
3224 2677 3486 2733 sponsum
3556 2675 3715 2716 acce—

2105 2758 2220 2827 pit,
2263 2756 2449 2830 plures
2508 2754 2713 2813 liberos
2776 2756 3021 2827 suscepit
3089 2771 3253 2827 quam
3314 2771 3378 2812 ea
3436 2771 3557 2824 quae
3622 2756 3711 2810 vi-

2105 2867 2225 2905 rum
2318 2849 2557 2914 habuit,
2654 2850 2708 2905 id
2788 2858 2920 2914 est,
2985 2847 3300 2903 Judtcorum
3379 2846 3709 2920 Synagoga,

2100 2945 2267 3017 757
2300 2960 2464 3015 quam
2506 2945 2649 3000 Deus
2672 2943 2897 2999 adduxit
2930 2958 3026 3014 per
3058 2942 3525 3013 sapientissimum
3560 2941 3715 3009 Moy-

2102 3054 2217 3094 sem
2264 3038 2333 3092 ad
2400 3036 2847 3107 coniunctionem
2893 3033 3232 3106 spiritualetn
3269 3072 3285 3100 ,
3338 3047 3506 3103 quam
3560 3031 3714 3086 velut

2102 3130 2557 3186 cohabitatricem
2603 3137 2662 3185 et
2714 3127 3163 3184 contubernalem
3213 3125 3364 3194 fecit,
3402 3141 3469 3182 ac
3524 3125 3718 3182 multo-

2110 3238 2231 3276 rum
2316 3221 2615 3277 hberurum
2676 3229 2906 3275 matrem
2954 3229 3010 3275 et
3086 3220 3381 3276 nutricem.
3424 3220 3533 3275 Sed
3599 3226 3717 3275 hrcc

2106 3312 2297 3368 liberis
2344 3322 2503 3366 aucta
2553 3322 2636 3366 est
2669 3326 2765 3381 per
2795 3308 3098 3374 Christum,
3143 3319 3220 3377 et,
3255 3310 3417 3365 sicuti
3448 3310 3712 3379 prOpheta

2102 3404 2374 3492 Jereruias
2414 3406 2535 3472 ait,
2571 3405 2773 3460 multos
2828 3405 2991 3459 habet
3029 3402 3255 3459 liberos.
3302 3401 3497 3469 Plures
3538 3404 3711 3467 enim,

2106 3510 2165 3553 ut
2211 3498 2344 3566 dixi,
2379 3498 2497 3570 ejus
2537 3512 2660 3569 qua:
2683 3497 2956 3569 quondam
2981 3494 3187 3552 sterilis
3232 3504 3375 3561 erat,
3424 3494 3518 3551 lilii
3546 3505 3709 3556 sunt.

2104 3596 2190 3647 cui
2242 3602 2293 3648 et
2353 3591 2484 3646 illud
2540 3591 2718 3646 dicit:
2757 3607 2776 3642 ι
2805 3586 2979 3643 Dilata
3025 3589 3207 3644 locum
3264 3588 3483 3644 teutorii
3543 3588 3620 3644 tui
3659 3600 3716 3644 et

2116 3686 2602 3767 tabernaculorum
2657 3695 2896 3739 tuorum.
2923 3701 2944 3735 ι
2982 3681 3119 3738 Nam
3158 3682 3287 3753 quia
3319 3683 3459 3737 bona
3500 3694 3557 3737 et
3610 3698 3714 3737 nu-

2108 3800 2323 3842 merosa
2382 3783 2571 3841 sobole
2633 3791 2833 3855 prmter
2889 3779 3206 3852 opinionem
3282 3778 3512 3848 praedita
3577 3776 3713 3840 fuit.

2105 3889 2335 3950 accepto
2377 3879 2447 3935 de
2496 3878 2640 3935 caelo
2678 3890 2934 3933 sermone
2984 3876 3103 3932 sive
3159 3888 3395 3945 sponso,
3447 3888 3706 3929 necessa-

2105 3976 2190 4031 rio
2250 3973 2473 4042 jubetur
2544 3970 2901 4026 tabernacula
2982 3983 3081 4024 sua
3137 3967 3193 4022 in
3247 3966 3591 4023 latitudinem
3657 3981 3716 4023 et

2103 4046 2497 4137 longitudinem
2548 4064 2868 4128 extendere,
2899 4070 2956 4117 et
2983 4061 3167 4117 clavos
3202 4060 3395 4132 ﬁgere,
3424 4070 3483 4115 ut
3518 4060 3711 4117 incon-

2101 4175 2321 4216 cussam
2380 4158 2642 4214 Ecclesia:
2704 4158 2951 4228 gentium
3006 4154 3180 4211 basim
3241 4156 3368 4211 inde
3414 4154 3707 4225 intelligas.

2101 4252 2440 4312 PrOtendere
2506 4252 2800 4317 funiculos,
2850 4250 3148 4322 spatiosam
3205 4258 3256 4304 et
3311 4250 3712 4321 incomparabi-

2102 4349 2231 4405 liter
2274 4346 2502 4403 divitem
2539 4355 2860 4403 sanctarum
2895 4343 3261 4399 Ecclesiarum
3296 4343 3710 4413 amplitudinem

2102 4440 2438 4506 subindicat,
2469 4438 2689 4494 etiamsi
2737 4437 2973 4507 primum
3006 4436 3299 4492 tentorium
3331 4436 3558 4491 omnino
3588 4452 3713 4506 par-

379 4522 701 4593 ὑποφαίνει,
733 4529 915 4582 καίτοι
947 4529 1047 4601 τῆς
1092 4528 1331 4602 ἀρχαίας
1361 4532 1570 4604 σκηνῆς
1608 4531 1799 4605 ὀλίγης
1822 4533 1993 4605 οὔσης

2104 4551 2231 4591 vum
2282 4533 2471 4599 fuerit,
2509 4541 2568 4589 et
2624 4533 2766 4588 atria
2831 4531 3088 4587 habuerit
3146 4529 3562 4601 angustissima.
3606 4530 3712 4587 Ve.

382 4616 688 4683 παντελῶς,
727 4620 824 4673 καὶ
857 4622 1188 4687 στενοτάτας
1220 4623 1454 4697 ἐχούσης
1488 4624 1681 4690 αὐλάς.
1718 4626 1866 4699 Πλὴν
1897 4631 1994 4682 καὶ

381 4708 441 4760 ὲν
471 4709 669 4781 ὲκείνῳ
707 4710 787 4783 τῷ
830 4714 1134 4785 τεχνήματι
1166 4715 1376 4770 κατίδοι
1405 4734 1487 4781 τις
1527 4716 1594 4771 ἂν
1632 4718 1709 4783 ὡς
1746 4720 1804 4774 ὲν
1837 4719 1996 4794 τύπῳ

338 4816 345 4822 ·
383 4802 737 4874 γραφόμενον
785 4803 886 4875 τῆς
914 4804 977 4870 ἐξ
1022 4804 1192 4860 ἐθνῶν
1239 4808 1571 4878 Ἐκκλησίας
1621 4813 1685 4866 τὸ
1725 4815 1808 4877 είς
1833 4808 1994 4885 εὖρός

381 4908 445 4944 τε
487 4895 584 4947 καὶ
645 4896 825 4968 μῆκος
881 4898 1219 4971 ἀμφιλαφές.
1262 4901 1399 4973 Περὶ
1444 4903 1556 4976 γάρ
1597 4920 1681 4958 τοι
1732 4905 1830 4970 τὰς
1861 4906 1996 4961 δέκα

383 4984 556 5052 αὑλάς
582 4989 682 5054 τάς
715 4991 782 5044 ἐκ
808 4990 1015 5064 δέρεων
1048 4992 1310 5064 τριχὶνων
1332 4997 1877 5069 κατεσκευασμένας,
1903 4999 1998 5053 αὑ-

382 5076 476 5132 λαὶ
510 5082 779 5152 τετάχατο
807 5083 996 5155 κύκλῳ
1027 5086 1318 5158 τέσσαρες,
1351 5083 1464 5142 οἷον
1516 5091 1597 5155 είς
1640 5090 1872 5145 ἕκαστον
1900 5092 2002 5164 τῆς

383 5171 716 5245 οἰκουμένης
753 5176 1027 5249 τρέχουσα
1078 5178 1269 5251 μέρος,
1312 5181 1393 5245 είς
1430 5181 1607 5255 μῆκος
1648 5183 1750 5256 μὲν
1780 5184 1998 5250 ἑκατὸν,

2104 4639 2412 4685 rumtamen
2444 4627 2529 4684 vel
2581 4627 2647 4692 in,
2694 4625 2788 4682 illo
2815 4624 3035 4697 Opiliciu
3069 4623 3257 4680 videre
3296 4624 3423 4679 licet
3451 4634 3711 4694 tauquam

2104 4725 2158 4780 in
2210 4722 2382 4794 ﬁgura
2432 4737 2498 4778 ac
2562 4731 2691 4793 typo
2742 4720 3072 4790 descriptam
3130 4717 3390 4774 Ecclesia:
3454 4719 3699 4789 gentium

2103 4815 2473 4880 latitudinem,
2510 4812 2905 4885 longitudinem
2963 4822 3021 4867 et
3055 4811 3357 4868 laxitatem.
3392 4809 3525 4865 Nam
3560 4811 3708 4865 circa

2105 4911 2292 4965 decem
2318 4907 2522 4964 aulacas
2546 4905 2629 4979 (i)
2652 4920 2718 4961 ex
2746 4905 2982 4977 pellibus
3010 4905 3249 4961 ciliciuis
3270 4902 3575 4968 confectas,
3609 4921 3677 4956 an
3699 4932 3713 4943 ο

2104 5002 2172 5057 lae
2203 5002 2399 5071 positae
2459 5006 2622 5055 erant
2682 4984 2929 5068 undique
2975 5007 3235 5067 quatuor,
3269 4994 3431 5050 veluti
3468 4996 3715 5066 singulas

2102 5094 2254 5151 orbis
2298 5102 2492 5164 partes
2540 5098 2817 5156 secantes,
2848 5089 3186 5161 longitudine
3233 5100 3480 5151 centum,
3524 5091 3711 5145 latitu-

2103 5187 2235 5243 dine
2300 5184 2720 5257 quinquaginta.
2795 5183 3097 5253 Propter‘ea
3155 5184 3289 5239 dicit
3334 5198 3351 5239 :
3406 5184 3606 5240 Adhuc
3659 5186 3711 5241 in

388 5266 734 5351 πεντήκοντα
761 5269 818 5322 δὲ
849 5271 929 5334 εἰς
954 5271 1177 5337 πλάτος.
1220 5272 1323 5327 Διά
1348 5273 1510 5329 τοῦτό
1549 5293 1738 5348 φησιν’
1771 5278 1888 5332 Ἔτι
1920 5279 1997 5342 εἰς

2108 5280 2322 5337 dextris
2365 5289 2421 5335 et
2450 5278 2502 5334 in
2557 5272 2796 5334 sinistris
2846 5278 3129 5349 expande,
3173 5278 3228 5334 id
3277 5288 3382 5344 est,
3431 5281 3727 5351 nntqurri-‘_

389 5349 459 5403 τά
482 5350 637 5418 δεξιὰ
669 5363 769 5416 ναὶ
792 5366 874 5428 εἱς
900 5367 971 5422 τὰ
999 5367 1269 5442 ἀριστερά
1318 5370 1656 5435 ὲκτιέτασον,
1689 5372 1994 5437 τουτέστιν,

393 5443 426 5497 ά
439 5443 564 5498 τε)εοὺ
575 5445 792 5500 σθωσαν
808 5466 885 5501 πα
895 5461 1085 5522 ηειγοῦ
1102 5460 1174 5516 τὰ
1195 5463 1264 5518 σά
1281 5465 1863 5538 σχοινίσματαΜεστή
1888 5465 1999 5540 γὰρ

392 5539 569 5605 ἁγίων
603 5540 943 5615 Ἐκκλησιῶν
963 5546 994 5615 ή
1016 5546 1109 5599 ὑπ’
1139 5557 1388 5623 οὐρανὸν,
1420 5559 1528 5612 εἰσί
1548 5558 1604 5612 δὲ
1633 5558 1729 5612 καὶ
1758 5539 1996 5630 εὐμεγέέ

394 5630 533 5699 θείς,
563 5634 776 5706 εὐρεῐαί
797 5654 857 5689 τε
900 5638 995 5691 καὶ
1022 5639 1288 5711 εὐμήκεις
1320 5652 1621 5719 πανταχοῦ,
1672 5653 1765 5707 καὶ
1794 5652 1999 5718 παντὸς

2109 5388 2217 5444 que
2279 5371 2508 5428 funiculi
2555 5370 2630 5427 lui
2697 5370 3054 5441 amplientur.
3097 5371 3299 5427 Plenus
3352 5383 3437 5428 est
3496 5379 3718 5428 sa'mta—
3776 5431 3781 5439 ι

2111 5480 2232 5520 rum
2283 5465 2663 5521 Ecclesiarum
2728 5464 2879 5520 orbis
2957 5468 3511 5522 terrarnm:etenim
3582 5474 3716 5519 sunt

2106 5575 2327 5631 quoque
2397 5561 2536 5616 bene
2614 5576 2850 5631 magum.
2905 5562 3164 5631 spatiosa:
3238 5569 3293 5615 et
3358 5562 3494 5616 bene
3541 5559 3718 5627 longae

2111 5653 2356 5723 undique
2407 5662 2461 5709 et
2513 5652 2919 5725 puleherrimm.
2953 5654 3047 5711 Sic
3093 5654 3239 5709 enim
3296 5652 3431 5708 dicit
3495 5654 3715 5708 univer-

466 5808 546 5881 (ιΙ)
579 5809 753 5870 Locus
785 5816 1072 5887 obscurus,
1105 5830 1157 5876 et
1192 5823 1243 5876 ni
1278 5822 1437 5889 fallor
1469 5842 1785 5900 corruptus,
1817 5831 1992 5902 inquit
2037 5829 2370 5886 Hnnfredns.

724 5909 994 5973 ι’Δτιιοι..
1028 5915 1148 5974 (in.
1198 5915 1363 5977 LXX

2776 5882 2877 5979 ἀι
3338 5927 3415 5988 33
