  <div class='ocr_page' id='page_1' title='image "/cluster/home/n/w/nwhite01/storage/ocr_20150623/70:no.3/coo.31924054869726/605.png"; bbox 0 0 4100 6464; ppageno 0'>
   <div class='ocr_carea' id='block_1_1' title="bbox 441 263 931 326">
    <p class='ocr_par' dir='ltr' id='par_1_1' title="bbox 441 263 931 326">
     <span class='ocr_line' id='line_1_1' title="bbox 441 263 931 326; baseline -0.002 0"><span class='ocrx_word' id='word_1_1' title='bbox 441 268 585 326; x_wconf 72' lang='lat'><strong>“95</strong></span> <span class='ocrx_word' id='word_1_2' title='bbox 900 263 931 300; x_wconf 73' lang='grc'><strong><em>⁸</em></strong></span> 
     </span>
    </p>
   </div>
   <div class='ocr_carea' id='block_1_2' title="bbox 1433 267 2677 330">
    <p class='ocr_par' dir='ltr' id='par_1_2' title="bbox 1433 267 2677 330">
     <span class='ocr_line' id='line_1_2' title="bbox 1433 267 2677 330; baseline 0.005 -8"><span class='ocrx_word' id='word_1_3' title='bbox 1433 267 1493 323; x_wconf 74' lang='lat'><strong>3.</strong></span> <span class='ocrx_word' id='word_1_4' title='bbox 1533 267 1807 324; x_wconf 74' lang='lat' dir='ltr'><strong>CYRILLI</strong></span> <span class='ocrx_word' id='word_1_5' title='bbox 1847 271 2316 330; x_wconf 73' lang='lat' dir='ltr'><strong>ALEXANDRINI</strong></span> <span class='ocrx_word' id='word_1_6' title='bbox 2358 272 2677 328; x_wconf 74' lang='lat' dir='ltr'><strong>ARCHIEP.</strong></span> 
     </span>
    </p>
   </div>
   <div class='ocr_carea' id='block_1_3' title="bbox 3562 284 3706 343">
    <p class='ocr_par' dir='ltr' id='par_1_3' title="bbox 3562 284 3706 343">
     <span class='ocr_line' id='line_1_3' title="bbox 3562 284 3706 343; baseline 0.007 -3"><span class='ocrx_word' id='word_1_7' title='bbox 3562 284 3706 343; x_wconf 73' lang='lat'><strong>“96</strong></span> 
     </span>
    </p>
   </div>
   <div class='ocr_carea' id='block_1_4' title="bbox 440 354 2004 469">
    <p class='ocr_par' dir='ltr' id='par_1_4' title="bbox 440 354 2004 459">
     <span class='ocr_line' id='line_1_4' title="bbox 440 354 2004 459; baseline 0.003 -20"><span class='ocrx_word' id='word_1_8' title='bbox 440 398 623 439; x_wconf 68' lang='lat' dir='ltr'><strong>norum</strong></span> <span class='ocrx_word' id='word_1_9' title='bbox 639 382 804 450; x_wconf 89' lang='lat' dir='ltr'><strong>Deus,</strong></span> <span class='ocrx_word' id='word_1_10' title='bbox 833 382 1032 453; x_wconf 86' lang='lat' dir='ltr'><strong>templo</strong></span> <span class='ocrx_word' id='word_1_11' title='bbox 1061 354 1558 454; x_wconf 73' lang='lat' dir='ltr'><strong>liierosolymitano</strong></span> <span class='ocrx_word' id='word_1_12' title='bbox 1588 395 2004 459; x_wconf 82' lang='lat' dir='ltr'><strong>exstructo,post</strong></span> 
     </span>
    </p>
   </div>
   <div class='ocr_carea' id='block_1_5' title="bbox 2109 354 3707 469">
    <p class='ocr_par' dir='ltr' id='par_1_5' title="bbox 2120 389 3707 469">
     <span class='ocr_line' id='line_1_5' title="bbox 2120 389 3707 469; baseline 0.008 -26"><span class='ocrx_word' id='word_1_13' title='bbox 2120 392 2199 455; x_wconf 79' lang='grc' dir='ltr'><strong>είς</strong></span> <span class='ocrx_word' id='word_1_14' title='bbox 2225 390 2375 461; x_wconf 79' lang='grc' dir='ltr'>λῆξιν</span> <span class='ocrx_word' id='word_1_15' title='bbox 2406 389 2578 443; x_wconf 71' lang='grc' dir='ltr'>ἰοῦσαι</span> <span class='ocrx_word' id='word_1_16' title='bbox 2604 390 2855 455; x_wconf 81' lang='grc' dir='ltr'><strong>κάλλους.</strong></span> <span class='ocrx_word' id='word_1_17' title='bbox 2889 393 3182 467; x_wconf 67' lang='grc' dir='ltr'>Οῦτω,γάρ</span> <span class='ocrx_word' id='word_1_18' title='bbox 3224 394 3327 449; x_wconf 81' lang='grc' dir='ltr'>πού</span> <span class='ocrx_word' id='word_1_19' title='bbox 3362 413 3525 469; x_wconf 84' lang='grc' dir='ltr'>φησιν</span> <span class='ocrx_word' id='word_1_20' title='bbox 3550 400 3579 453; x_wconf 84' lang='grc' dir='ltr'><strong>ό</strong></span> <span class='ocrx_word' id='word_1_21' title='bbox 3600 401 3707 455; x_wconf 83' lang='grc' dir='ltr'><strong>τῶν</strong></span> 
     </span>
    </p>
   </div>
   <div class='ocr_carea' id='block_1_6' title="bbox 440 474 2016 545">
    <p class='ocr_par' dir='ltr' id='par_1_6' title="bbox 440 474 2016 545">
     <span class='ocr_line' id='line_1_6' title="bbox 440 474 2016 545; baseline 0.004 -17"><span class='ocrx_word' id='word_1_22' title='bbox 440 474 672 543; x_wconf 91' lang='lat' dir='ltr'><strong>primum</strong></span> <span class='ocrx_word' id='word_1_23' title='bbox 724 475 977 531; x_wconf 74' lang='lat' dir='ltr'><strong>manibus</strong></span> <span class='ocrx_word' id='word_1_24' title='bbox 1017 474 1361 545; x_wconf 78' lang='lat' dir='ltr'><strong>Assyriorum</strong></span> <span class='ocrx_word' id='word_1_25' title='bbox 1395 485 1691 532; x_wconf 80' lang='lat' dir='ltr'><strong>exustum:</strong></span> <span class='ocrx_word' id='word_1_26' title='bbox 1731 496 1750 530; x_wconf 78' lang='grc' dir='ltr'><strong>ι</strong></span> <span class='ocrx_word' id='word_1_27' title='bbox 1791 479 1923 544; x_wconf 86' lang='lat' dir='ltr'><strong>Quis</strong></span> <span class='ocrx_word' id='word_1_28' title='bbox 1949 496 2016 536; x_wconf 78' lang='lat' dir='ltr'><strong>ex</strong></span> 
     </span>
    </p>
   </div>
   <div class='ocr_carea' id='block_1_7' title="bbox 438 565 2011 637">
    <p class='ocr_par' dir='ltr' id='par_1_7' title="bbox 438 565 2011 637">
     <span class='ocr_line' id='line_1_7' title="bbox 438 565 2011 637; baseline 0.007 -22"><span class='ocrx_word' id='word_1_29' title='bbox 438 565 591 620; x_wconf 76' lang='lat' dir='ltr'><strong>vobis</strong></span> <span class='ocrx_word' id='word_1_30' title='bbox 638 574 723 621; x_wconf 86' lang='lat' dir='ltr'><strong>est</strong></span> <span class='ocrx_word' id='word_1_31' title='bbox 778 566 867 634; x_wconf 88' lang='lat' dir='ltr'><strong>qui</strong></span> <span class='ocrx_word' id='word_1_32' title='bbox 918 565 1051 620; x_wconf 87' lang='lat' dir='ltr'><strong>vidit</strong></span> <span class='ocrx_word' id='word_1_33' title='bbox 1103 566 1322 619; x_wconf 86' lang='lat' dir='ltr'><strong>domum</strong></span> <span class='ocrx_word' id='word_1_34' title='bbox 1392 566 1533 620; x_wconf 90' lang='lat' dir='ltr'><strong>hanc</strong></span> <span class='ocrx_word' id='word_1_35' title='bbox 1574 567 1626 621; x_wconf 93' lang='lat' dir='ltr'><strong>in</strong></span> <span class='ocrx_word' id='word_1_36' title='bbox 1692 568 1861 637; x_wconf 93' lang='lat' dir='ltr'><strong>gloria</strong></span> <span class='ocrx_word' id='word_1_37' title='bbox 1915 586 2011 626; x_wconf 87' lang='lat' dir='ltr'><strong>sua</strong></span> 
     </span>
    </p>
   </div>
   <div class='ocr_carea' id='block_1_8' title="bbox 440 651 2011 730">
    <p class='ocr_par' dir='ltr' id='par_1_8' title="bbox 440 651 2011 730">
     <span class='ocr_line' id='line_1_8' title="bbox 440 651 2011 730; baseline 0.006 -26"><span class='ocrx_word' id='word_1_38' title='bbox 440 651 661 720; x_wconf 76' lang='lat' dir='ltr'><strong>priore?</strong></span> <span class='ocrx_word' id='word_1_39' title='bbox 694 653 758 707; x_wconf 80' lang='lat' dir='ltr'><strong>Et</strong></span> <span class='ocrx_word' id='word_1_40' title='bbox 808 654 1077 722; x_wconf 90' lang='lat' dir='ltr'><strong>quomodo</strong></span> <span class='ocrx_word' id='word_1_41' title='bbox 1124 670 1288 721; x_wconf 89' lang='lat' dir='ltr'><strong>nunc,</strong></span> <span class='ocrx_word' id='word_1_42' title='bbox 1342 654 1537 725; x_wconf 79' lang='lat' dir='ltr'><strong>inquit,</strong></span> <span class='ocrx_word' id='word_1_43' title='bbox 1573 658 1768 714; x_wconf 82' lang='lat' dir='ltr'><strong>videtis</strong></span> <span class='ocrx_word' id='word_1_44' title='bbox 1820 660 2011 730; x_wconf 80' lang='lat' dir='ltr'><strong>ipsam,</strong></span> 
     </span>
    </p>
   </div>
   <div class='ocr_carea' id='block_1_9' title="bbox 446 746 2018 822">
    <p class='ocr_par' dir='ltr' id='par_1_9' title="bbox 446 746 2018 822">
     <span class='ocr_line' id='line_1_9' title="bbox 446 746 2018 822; baseline 0.006 -25"><span class='ocrx_word' id='word_1_45' title='bbox 446 746 604 813; x_wconf 81' lang='lat' dir='ltr'><strong>quasi</strong></span> <span class='ocrx_word' id='word_1_46' title='bbox 671 759 774 800; x_wconf 87' lang='lat' dir='ltr'><strong>non</strong></span> <span class='ocrx_word' id='word_1_47' title='bbox 816 754 963 803; x_wconf 85' lang='lat' dir='ltr'><strong>esset</strong></span> <span class='ocrx_word' id='word_1_48' title='bbox 1001 747 1055 800; x_wconf 91' lang='lat' dir='ltr'><strong>in</strong></span> <span class='ocrx_word' id='word_1_49' title='bbox 1078 747 1249 802; x_wconf 83' lang='lat' dir='ltr'><strong>oculis</strong></span> <span class='ocrx_word' id='word_1_50' title='bbox 1283 748 1520 803; x_wconf 75' lang='lat' dir='ltr'><strong>vestris?</strong></span> <span class='ocrx_word' id='word_1_51' title='bbox 1554 750 1687 805; x_wconf 77' lang='lat' dir='ltr'><strong>Vivo</strong></span> <span class='ocrx_word' id='word_1_52' title='bbox 1730 767 1852 822; x_wconf 83' lang='lat' dir='ltr'><strong>ego,</strong></span> <span class='ocrx_word' id='word_1_53' title='bbox 1886 753 2018 808; x_wconf 88' lang='lat' dir='ltr'><strong>dicit</strong></span> 
     </span>
    </p>
   </div>
   <div class='ocr_carea' id='block_1_10' title="bbox 438 833 2016 909">
    <p class='ocr_par' dir='ltr' id='par_1_10' title="bbox 438 833 2016 909">
     <span class='ocr_line' id='line_1_10' title="bbox 438 833 2016 909; baseline 0.006 -23"><span class='ocrx_word' id='word_1_54' title='bbox 438 833 899 905; x_wconf 88' lang='lat' dir='ltr'><strong>Dominus:quia</strong></span> <span class='ocrx_word' id='word_1_55' title='bbox 963 836 1136 906; x_wconf 82' lang='lat' dir='ltr'><strong>major</strong></span> <span class='ocrx_word' id='word_1_56' title='bbox 1190 838 1297 893; x_wconf 88' lang='lat' dir='ltr'><strong>erit</strong></span> <span class='ocrx_word' id='word_1_57' title='bbox 1352 838 1520 907; x_wconf 84' lang='lat' dir='ltr'><strong>gloria</strong></span> <span class='ocrx_word' id='word_1_58' title='bbox 1589 840 1782 896; x_wconf 90' lang='lat' dir='ltr'><strong>domus</strong></span> <span class='ocrx_word' id='word_1_59' title='bbox 1856 840 2016 909; x_wconf 82' lang='lat' dir='ltr'><strong>hujus</strong></span> 
     </span>
    </p>
   </div>
   <div class='ocr_carea' id='block_1_11' title="bbox 437 927 2012 1002">
    <p class='ocr_par' dir='ltr' id='par_1_11' title="bbox 437 927 2012 1002">
     <span class='ocr_line' id='line_1_11' title="bbox 437 927 2012 1002; baseline 0.004 -22"><span class='ocrx_word' id='word_1_60' title='bbox 437 927 664 995; x_wconf 68' lang='lat' dir='ltr'><strong>ultimae,</strong></span> <span class='ocrx_word' id='word_1_61' title='bbox 721 943 884 997; x_wconf 90' lang='lat' dir='ltr'><strong>quam</strong></span> <span class='ocrx_word' id='word_1_62' title='bbox 962 930 1175 997; x_wconf 72' lang='lat' dir='ltr'><strong>primm,</strong></span> <span class='ocrx_word' id='word_1_63' title='bbox 1228 930 1362 984; x_wconf 85' lang='lat' dir='ltr'><strong>dicit</strong></span> <span class='ocrx_word' id='word_1_64' title='bbox 1426 931 1684 986; x_wconf 88' lang='lat' dir='ltr'><strong>Dominus</strong></span> <span class='ocrx_word' id='word_1_65' title='bbox 1750 933 2012 1002; x_wconf 87' lang='lat' dir='ltr'><strong>omnipo—</strong></span> 
     </span>
    </p>
   </div>
   <div class='ocr_carea' id='block_1_12' title="bbox 439 1017 2013 1092">
    <p class='ocr_par' dir='ltr' id='par_1_12' title="bbox 439 1017 2013 1092">
     <span class='ocr_line' id='line_1_12' title="bbox 439 1017 2013 1092; baseline 0.004 -21"><span class='ocrx_word' id='word_1_66' title='bbox 439 1028 558 1072; x_wconf 87' lang='lat' dir='ltr'><strong>tens</strong></span> <span class='ocrx_word' id='word_1_67' title='bbox 579 1017 678 1073; x_wconf 74' lang='grc'><strong>⁸³.»</strong></span> <span class='ocrx_word' id='word_1_68' title='bbox 718 1017 852 1073; x_wconf 85' lang='lat' dir='ltr'><strong>Nam</strong></span> <span class='ocrx_word' id='word_1_69' title='bbox 892 1020 1094 1089; x_wconf 87' lang='lat' dir='ltr'><strong>templo</strong></span> <span class='ocrx_word' id='word_1_70' title='bbox 1117 1021 1260 1090; x_wconf 88' lang='lat' dir='ltr'><strong>quod</strong></span> <span class='ocrx_word' id='word_1_71' title='bbox 1287 1021 1677 1092; x_wconf 84' lang='lat' dir='ltr'><strong>Hierosolymis</strong></span> <span class='ocrx_word' id='word_1_72' title='bbox 1707 1021 1809 1077; x_wconf 78' lang='lat' dir='ltr'><strong>fuit</strong></span> <span class='ocrx_word' id='word_1_73' title='bbox 1843 1022 2013 1077; x_wconf 88' lang='lat' dir='ltr'><strong>multo</strong></span> 
     </span>
    </p>
   </div>
   <div class='ocr_carea' id='block_1_13' title="bbox 436 1109 2011 1180">
    <p class='ocr_par' dir='ltr' id='par_1_13' title="bbox 436 1109 2011 1180">
     <span class='ocr_line' id='line_1_13' title="bbox 436 1109 2011 1180; baseline 0.004 -17"><span class='ocrx_word' id='word_1_74' title='bbox 436 1110 588 1179; x_wconf 88' lang='lat' dir='ltr'><strong>plura</strong></span> <span class='ocrx_word' id='word_1_75' title='bbox 620 1121 676 1165; x_wconf 88' lang='lat' dir='ltr'><strong>et</strong></span> <span class='ocrx_word' id='word_1_76' title='bbox 727 1109 1067 1179; x_wconf 84' lang='lat' dir='ltr'><strong>opulentiora</strong></span> <span class='ocrx_word' id='word_1_77' title='bbox 1124 1126 1223 1180; x_wconf 90' lang='lat' dir='ltr'><strong>per</strong></span> <span class='ocrx_word' id='word_1_78' title='bbox 1282 1112 1597 1167; x_wconf 86' lang='lat' dir='ltr'><strong>universum</strong></span> <span class='ocrx_word' id='word_1_79' title='bbox 1658 1113 1843 1168; x_wconf 90' lang='lat' dir='ltr'><strong>orbem</strong></span> <span class='ocrx_word' id='word_1_80' title='bbox 1899 1121 2011 1169; x_wconf 88' lang='lat' dir='ltr'><strong>ter-</strong></span> 
     </span>
    </p>
   </div>
   <div class='ocr_carea' id='block_1_14' title="bbox 433 1202 2008 1279">
    <p class='ocr_par' dir='ltr' id='par_1_14' title="bbox 433 1202 2008 1279">
     <span class='ocr_line' id='line_1_14' title="bbox 433 1202 2008 1279; baseline 0.003 -22"><span class='ocrx_word' id='word_1_81' title='bbox 433 1217 618 1257; x_wconf 86' lang='lat' dir='ltr'><strong>rarum</strong></span> <span class='ocrx_word' id='word_1_82' title='bbox 672 1202 940 1258; x_wconf 83' lang='lat' dir='ltr'><strong>aediﬁcata</strong></span> <span class='ocrx_word' id='word_1_83' title='bbox 997 1212 1128 1261; x_wconf 88' lang='lat' dir='ltr'><strong>sunt</strong></span> <span class='ocrx_word' id='word_1_84' title='bbox 1173 1204 1392 1274; x_wconf 87' lang='lat' dir='ltr'><strong>templa,</strong></span> <span class='ocrx_word' id='word_1_85' title='bbox 1448 1204 1501 1258; x_wconf 89' lang='lat' dir='ltr'><strong>id</strong></span> <span class='ocrx_word' id='word_1_86' title='bbox 1562 1214 1676 1272; x_wconf 89' lang='lat' dir='ltr'><strong>est,</strong></span> <span class='ocrx_word' id='word_1_87' title='bbox 1729 1205 2008 1279; x_wconf 82' lang='lat' dir='ltr'><strong>ecclesiae,</strong></span> 
     </span>
    </p>
   </div>
   <div class='ocr_carea' id='block_1_15' title="bbox 432 1294 2008 1365">
    <p class='ocr_par' dir='ltr' id='par_1_15' title="bbox 432 1294 2008 1365">
     <span class='ocr_line' id='line_1_15' title="bbox 432 1294 2008 1365; baseline -0.001 -16"><span class='ocrx_word' id='word_1_88' title='bbox 432 1295 700 1365; x_wconf 80' lang='lat' dir='ltr'><strong>habentes</strong></span> <span class='ocrx_word' id='word_1_89' title='bbox 775 1295 949 1351; x_wconf 89' lang='lat' dir='ltr'><strong>altare</strong></span> <span class='ocrx_word' id='word_1_90' title='bbox 1028 1295 1082 1350; x_wconf 89' lang='lat' dir='ltr'><strong>in</strong></span> <span class='ocrx_word' id='word_1_91' title='bbox 1135 1295 1359 1365; x_wconf 78' lang='lat' dir='ltr'><strong>gloriam</strong></span> <span class='ocrx_word' id='word_1_92' title='bbox 1428 1294 1632 1351; x_wconf 83' lang='lat' dir='ltr'><strong>Christi</strong></span> <span class='ocrx_word' id='word_1_93' title='bbox 1701 1305 2008 1365; x_wconf 88' lang='lat' dir='ltr'><strong>augustum.</strong></span> 
     </span>
    </p>
   </div>
   <div class='ocr_carea' id='block_1_16' title="bbox 436 1386 2010 1455">
    <p class='ocr_par' dir='ltr' id='par_1_16' title="bbox 436 1386 2010 1455">
     <span class='ocr_line' id='line_1_16' title="bbox 436 1386 2010 1455; baseline 0.001 -17"><span class='ocrx_word' id='word_1_94' title='bbox 436 1386 605 1439; x_wconf 82' lang='lat' dir='ltr'><strong>Dilata</strong></span> <span class='ocrx_word' id='word_1_95' title='bbox 648 1387 833 1455; x_wconf 87' lang='lat' dir='ltr'><strong>igitur,</strong></span> <span class='ocrx_word' id='word_1_96' title='bbox 867 1386 1061 1455; x_wconf 88' lang='lat' dir='ltr'><strong>inquit,</strong></span> <span class='ocrx_word' id='word_1_97' title='bbox 1094 1386 1272 1441; x_wconf 88' lang='lat' dir='ltr'><strong>locum</strong></span> <span class='ocrx_word' id='word_1_98' title='bbox 1320 1387 1536 1439; x_wconf 78' lang='lat' dir='ltr'><strong>tcntorii</strong></span> <span class='ocrx_word' id='word_1_99' title='bbox 1596 1386 1695 1449; x_wconf 86' lang='lat' dir='ltr'><strong>tui,</strong></span> <span class='ocrx_word' id='word_1_100' title='bbox 1741 1395 1794 1439; x_wconf 86' lang='lat' dir='ltr'><strong>et</strong></span> <span class='ocrx_word' id='word_1_101' title='bbox 1828 1388 2010 1439; x_wconf 82' lang='lat' dir='ltr'><strong>taber-</strong></span> 
     </span>
    </p>
   </div>
   <div class='ocr_carea' id='block_1_17' title="bbox 434 1474 2011 1543">
    <p class='ocr_par' dir='ltr' id='par_1_17' title="bbox 434 1474 2011 1543">
     <span class='ocr_line' id='line_1_17' title="bbox 434 1474 2011 1543; baseline 0.001 -16"><span class='ocrx_word' id='word_1_102' title='bbox 434 1476 754 1530; x_wconf 85' lang='lat' dir='ltr'><strong>naculorum</strong></span> <span class='ocrx_word' id='word_1_103' title='bbox 834 1484 1069 1529; x_wconf 85' lang='lat' dir='ltr'><strong>tuorum.</strong></span> <span class='ocrx_word' id='word_1_104' title='bbox 1138 1474 1332 1528; x_wconf 87' lang='lat' dir='ltr'><strong>Semen</strong></span> <span class='ocrx_word' id='word_1_105' title='bbox 1407 1474 1551 1527; x_wconf 91' lang='lat' dir='ltr'><strong>enim</strong></span> <span class='ocrx_word' id='word_1_106' title='bbox 1613 1484 1760 1528; x_wconf 90' lang='lat' dir='ltr'><strong>tuum</strong></span> <span class='ocrx_word' id='word_1_107' title='bbox 1823 1484 2011 1543; x_wconf 80' lang='lat' dir='ltr'><strong>gentes</strong></span> 
     </span>
    </p>
   </div>
   <div class='ocr_carea' id='block_1_18' title="bbox 432 1568 2012 1637">
    <p class='ocr_par' dir='ltr' id='par_1_18' title="bbox 432 1568 2012 1637">
     <span class='ocr_line' id='line_1_18' title="bbox 432 1568 2012 1637; baseline 0.001 -15"><span class='ocrx_word' id='word_1_108' title='bbox 432 1568 763 1637; x_wconf 77' lang='lat' dir='ltr'><strong>possidebit,</strong></span> <span class='ocrx_word' id='word_1_109' title='bbox 791 1578 846 1623; x_wconf 92' lang='lat' dir='ltr'><strong>et</strong></span> <span class='ocrx_word' id='word_1_110' title='bbox 872 1568 1124 1622; x_wconf 82' lang='lat' dir='ltr'><strong>civitates</strong></span> <span class='ocrx_word' id='word_1_111' title='bbox 1155 1574 1396 1621; x_wconf 84' lang='lat' dir='ltr'><strong>vastatas</strong></span> <span class='ocrx_word' id='word_1_112' title='bbox 1443 1568 1800 1629; x_wconf 85' lang='lat' dir='ltr'><strong>inhabitabis.</strong></span> <span class='ocrx_word' id='word_1_113' title='bbox 1836 1569 2012 1624; x_wconf 83' lang='lat' dir='ltr'><strong>Pluri-</strong></span> 
     </span>
    </p>
   </div>
   <div class='ocr_carea' id='block_1_19' title="bbox 2114 481 3706 561">
    <p class='ocr_par' dir='ltr' id='par_1_19' title="bbox 2114 481 3706 561">
     <span class='ocr_line' id='line_1_19' title="bbox 2114 481 3706 561; baseline 0.005 -26"><span class='ocrx_word' id='word_1_114' title='bbox 2114 483 2252 535; x_wconf 84' lang='grc' dir='ltr'>ὅλων</span> <span class='ocrx_word' id='word_1_115' title='bbox 2282 482 2412 544; x_wconf 84' lang='grc' dir='ltr'><strong>Θεὸς</strong></span> <span class='ocrx_word' id='word_1_116' title='bbox 2461 481 2833 552; x_wconf 81' lang='grc' dir='ltr'>ἐγηγερμένου</span> <span class='ocrx_word' id='word_1_117' title='bbox 2880 482 2971 535; x_wconf 89' lang='grc' dir='ltr'><strong>τοῦ</strong></span> <span class='ocrx_word' id='word_1_118' title='bbox 3008 484 3137 537; x_wconf 88' lang='grc' dir='ltr'>ναοῦ</span> <span class='ocrx_word' id='word_1_119' title='bbox 3174 485 3271 539; x_wconf 92' lang='grc' dir='ltr'><strong>τοῦ</strong></span> <span class='ocrx_word' id='word_1_120' title='bbox 3311 488 3370 540; x_wconf 93' lang='grc' dir='ltr'><strong>ἐν</strong></span> <span class='ocrx_word' id='word_1_121' title='bbox 3410 488 3706 561; x_wconf 80' lang='grc' dir='ltr'>Ἱεροσολύ-</span> 
     </span>
    </p>
   </div>
   <div class='ocr_carea' id='block_1_20' title="bbox 2120 572 3707 652">
    <p class='ocr_par' dir='ltr' id='par_1_20' title="bbox 2120 572 3707 652">
     <span class='ocr_line' id='line_1_20' title="bbox 2120 572 3707 652; baseline 0.006 -27"><span class='ocrx_word' id='word_1_122' title='bbox 2120 588 2261 643; x_wconf 83' lang='grc' dir='ltr'><strong>μοις,</strong></span> <span class='ocrx_word' id='word_1_123' title='bbox 2304 572 2445 642; x_wconf 85' lang='grc' dir='ltr'>μετά</span> <span class='ocrx_word' id='word_1_124' title='bbox 2485 589 2546 641; x_wconf 90' lang='grc' dir='ltr'><strong>γε</strong></span> <span class='ocrx_word' id='word_1_125' title='bbox 2581 572 2643 625; x_wconf 81' lang='grc' dir='ltr'>τὸ</span> <span class='ocrx_word' id='word_1_126' title='bbox 2676 574 2765 626; x_wconf 81' lang='grc' dir='ltr'>διὰ</span> <span class='ocrx_word' id='word_1_127' title='bbox 2806 574 2904 644; x_wconf 83' lang='grc' dir='ltr'>τῆς</span> <span class='ocrx_word' id='word_1_128' title='bbox 2950 575 3251 646; x_wconf 81' lang='grc' dir='ltr'>Ἀσσυριων</span> <span class='ocrx_word' id='word_1_129' title='bbox 3290 578 3471 649; x_wconf 80' lang='grc' dir='ltr'>χειρὸς</span> <span class='ocrx_word' id='word_1_130' title='bbox 3499 598 3707 652; x_wconf 77' lang='grc' dir='ltr'>κατεμ-</span> 
     </span>
    </p>
   </div>
   <div class='ocr_carea' id='block_1_21' title="bbox 2118 663 3706 738">
    <p class='ocr_par' dir='ltr' id='par_1_21' title="bbox 2118 663 3706 738">
     <span class='ocr_line' id='line_1_21' title="bbox 2118 663 3706 738; baseline 0.007 -22"><span class='ocrx_word' id='word_1_131' title='bbox 2118 663 2426 734; x_wconf 82' lang='grc' dir='ltr'>πρησθῆναι</span> <span class='ocrx_word' id='word_1_132' title='bbox 2481 663 2573 716; x_wconf 82' lang='grc' dir='ltr'>τὸν</span> <span class='ocrx_word' id='word_1_133' title='bbox 2621 664 3002 734; x_wconf 80' lang='grc' dir='ltr'>πρῶτον.ιΤίς</span> <span class='ocrx_word' id='word_1_134' title='bbox 3036 666 3097 732; x_wconf 80' lang='grc' dir='ltr'>ἐξ</span> <span class='ocrx_word' id='word_1_135' title='bbox 3140 668 3314 738; x_wconf 85' lang='grc' dir='ltr'>ὑμῶν,</span> <span class='ocrx_word' id='word_1_136' title='bbox 3342 670 3401 735; x_wconf 82' lang='grc' dir='ltr'>ὃς</span> <span class='ocrx_word' id='word_1_137' title='bbox 3451 667 3557 726; x_wconf 85' lang='grc' dir='ltr'>εἶδε</span> <span class='ocrx_word' id='word_1_138' title='bbox 3614 674 3706 727; x_wconf 69' lang='grc' dir='ltr'><strong>τὸν</strong></span> 
     </span>
    </p>
   </div>
   <div class='ocr_carea' id='block_1_22' title="bbox 2116 749 3706 835">
    <p class='ocr_par' dir='ltr' id='par_1_22' title="bbox 2116 749 3706 835">
     <span class='ocr_line' id='line_1_22' title="bbox 2116 749 3706 835; baseline 0.009 -28"><span class='ocrx_word' id='word_1_139' title='bbox 2116 749 2262 807; x_wconf 71' lang='grc' dir='ltr'>οἷκον</span> <span class='ocrx_word' id='word_1_140' title='bbox 2301 754 2490 808; x_wconf 86' lang='grc' dir='ltr'>τοῦτον</span> <span class='ocrx_word' id='word_1_141' title='bbox 2534 757 2591 809; x_wconf 88' lang='grc' dir='ltr'><strong>ἐν</strong></span> <span class='ocrx_word' id='word_1_142' title='bbox 2640 758 2705 826; x_wconf 84' lang='grc' dir='ltr'><strong>τῇ</strong></span> <span class='ocrx_word' id='word_1_143' title='bbox 2745 756 2872 828; x_wconf 82' lang='grc' dir='ltr'>δόξῃ</span> <span class='ocrx_word' id='word_1_144' title='bbox 2913 758 3077 811; x_wconf 81' lang='grc' dir='ltr'>αὐτοῦ</span> <span class='ocrx_word' id='word_1_145' title='bbox 3105 763 3172 831; x_wconf 79' lang='grc' dir='ltr'>τῇ</span> <span class='ocrx_word' id='word_1_146' title='bbox 3216 761 3563 835; x_wconf 77' lang='grc' dir='ltr'>ἕμπροσθεν;</span> <span class='ocrx_word' id='word_1_147' title='bbox 3594 766 3706 821; x_wconf 79' lang='grc' dir='ltr'><strong>Καὶ</strong></span> 
     </span>
    </p>
   </div>
   <div class='ocr_carea' id='block_1_23' title="bbox 2116 845 3704 925">
    <p class='ocr_par' dir='ltr' id='par_1_23' title="bbox 2116 845 3704 925">
     <span class='ocr_line' id='line_1_23' title="bbox 2116 845 3704 925; baseline 0.01 -31"><span class='ocrx_word' id='word_1_148' title='bbox 2116 845 2234 908; x_wconf 82' lang='grc' dir='ltr'><strong>πῶς</strong></span> <span class='ocrx_word' id='word_1_149' title='bbox 2260 845 2373 909; x_wconf 79' lang='grc' dir='ltr'>νῦν,</span> <span class='ocrx_word' id='word_1_150' title='bbox 2409 847 2594 916; x_wconf 78' lang='grc' dir='ltr'>φησὶν,</span> <span class='ocrx_word' id='word_1_151' title='bbox 2624 847 2790 917; x_wconf 82' lang='grc' dir='ltr'>ὁρᾶτε</span> <span class='ocrx_word' id='word_1_152' title='bbox 2820 846 3005 915; x_wconf 78' lang='grc' dir='ltr'>αὐτὸν,</span> <span class='ocrx_word' id='word_1_153' title='bbox 3037 849 3219 914; x_wconf 85' lang='grc' dir='ltr'>καθὼς</span> <span class='ocrx_word' id='word_1_154' title='bbox 3253 852 3352 922; x_wconf 75' lang='grc' dir='ltr'><strong>οὐχ</strong></span> <span class='ocrx_word' id='word_1_155' title='bbox 3388 854 3704 925; x_wconf 81' lang='grc' dir='ltr'>ὑπάρχοντα</span> 
     </span>
    </p>
   </div>
   <div class='ocr_carea' id='block_1_24' title="bbox 2115 937 3701 1020">
    <p class='ocr_par' dir='ltr' id='par_1_24' title="bbox 2115 937 3701 1020">
     <span class='ocr_line' id='line_1_24' title="bbox 2115 937 3701 1020; baseline 0.006 -28"><span class='ocrx_word' id='word_1_156' title='bbox 2115 937 2344 992; x_wconf 81' lang='grc' dir='ltr'>ἐνώπιον</span> <span class='ocrx_word' id='word_1_157' title='bbox 2381 938 2558 1008; x_wconf 84' lang='grc' dir='ltr'>ὑμῶν;</span> <span class='ocrx_word' id='word_1_158' title='bbox 2640 938 2726 992; x_wconf 88' lang='grc' dir='ltr'>Ζῶ</span> <span class='ocrx_word' id='word_1_159' title='bbox 2759 938 2893 1008; x_wconf 87' lang='grc' dir='ltr'>ἐγὼ,</span> <span class='ocrx_word' id='word_1_160' title='bbox 2918 940 3067 1008; x_wconf 80' lang='grc' dir='ltr'>λέγει</span> <span class='ocrx_word' id='word_1_161' title='bbox 3110 942 3334 1014; x_wconf 82' lang='grc' dir='ltr'>Κύριος,</span> <span class='ocrx_word' id='word_1_162' title='bbox 3366 946 3449 998; x_wconf 83' lang='grc' dir='ltr'>ὅτι</span> <span class='ocrx_word' id='word_1_163' title='bbox 3488 948 3701 1020; x_wconf 83' lang='grc' dir='ltr'><strong>μεγάλη</strong></span> 
     </span>
    </p>
   </div>
   <div class='ocr_carea' id='block_1_25' title="bbox 2113 1032 3702 1110">
    <p class='ocr_par' dir='ltr' id='par_1_25' title="bbox 2113 1032 3702 1110">
     <span class='ocr_line' id='line_1_25' title="bbox 2113 1032 3702 1110; baseline 0.004 -24"><span class='ocrx_word' id='word_1_164' title='bbox 2113 1032 2265 1086; x_wconf 83' lang='grc' dir='ltr'>ἔσται</span> <span class='ocrx_word' id='word_1_165' title='bbox 2295 1036 2327 1104; x_wconf 75' lang='grc' dir='ltr'>ἡ</span> <span class='ocrx_word' id='word_1_166' title='bbox 2362 1033 2490 1099; x_wconf 76' lang='grc' dir='ltr'>δόξα</span> <span class='ocrx_word' id='word_1_167' title='bbox 2519 1032 2614 1086; x_wconf 89' lang='grc' dir='ltr'><strong>τοῦ</strong></span> <span class='ocrx_word' id='word_1_168' title='bbox 2662 1034 2810 1086; x_wconf 82' lang='grc' dir='ltr'>οτκου</span> <span class='ocrx_word' id='word_1_169' title='bbox 2856 1034 3072 1100; x_wconf 83' lang='grc' dir='ltr'>τούτου,</span> <span class='ocrx_word' id='word_1_170' title='bbox 3105 1036 3136 1105; x_wconf 82' lang='grc' dir='ltr'><strong>ὴ</strong></span> <span class='ocrx_word' id='word_1_171' title='bbox 3174 1036 3376 1107; x_wconf 84' lang='grc' dir='ltr'><strong>ἐσχάτη</strong></span> <span class='ocrx_word' id='word_1_172' title='bbox 3413 1038 3552 1108; x_wconf 80' lang='grc' dir='ltr'>ὑπὲρ</span> <span class='ocrx_word' id='word_1_173' title='bbox 3598 1039 3702 1110; x_wconf 79' lang='grc' dir='ltr'>τὴν</span> 
     </span>
    </p>
   </div>
   <div class='ocr_carea' id='block_1_26' title="bbox 2115 1122 3704 1199">
    <p class='ocr_par' dir='ltr' id='par_1_26' title="bbox 2115 1122 3704 1199">
     <span class='ocr_line' id='line_1_26' title="bbox 2115 1122 3704 1199; baseline 0.004 -24"><span class='ocrx_word' id='word_1_174' title='bbox 2115 1122 2359 1194; x_wconf 85' lang='grc' dir='ltr'>πρώτην,</span> <span class='ocrx_word' id='word_1_175' title='bbox 2380 1124 2527 1192; x_wconf 83' lang='grc' dir='ltr'>λέγει</span> <span class='ocrx_word' id='word_1_176' title='bbox 2551 1123 2754 1195; x_wconf 83' lang='grc' dir='ltr'>Κύριος</span> <span class='ocrx_word' id='word_1_177' title='bbox 2778 1127 3193 1198; x_wconf 79' lang='grc' dir='ltr'><strong>παντοκράτωρ.</strong></span> <span class='ocrx_word' id='word_1_178' title='bbox 3218 1127 3353 1181; x_wconf 75' lang='grc' dir='ltr'>»Τοῦ</span> <span class='ocrx_word' id='word_1_179' title='bbox 3378 1129 3486 1199; x_wconf 78' lang='grc' dir='ltr'>γὰρ</span> <span class='ocrx_word' id='word_1_180' title='bbox 3509 1130 3569 1183; x_wconf 89' lang='grc' dir='ltr'><strong>ἐν</strong></span> <span class='ocrx_word' id='word_1_181' title='bbox 3590 1132 3704 1196; x_wconf 79' lang='grc' dir='ltr'>τοῖς</span> 
     </span>
    </p>
   </div>
   <div class='ocr_carea' id='block_1_27' title="bbox 2125 1214 3701 1287">
    <p class='ocr_par' dir='ltr' id='par_1_27' title="bbox 2125 1214 3701 1287">
     <span class='ocr_line' id='line_1_27' title="bbox 2125 1214 3701 1287; baseline 0.004 -20"><span class='ocrx_word' id='word_1_182' title='bbox 2125 1214 2519 1286; x_wconf 84' lang='grc' dir='ltr'>Ἱεροσολύμοις</span> <span class='ocrx_word' id='word_1_183' title='bbox 2544 1215 2695 1279; x_wconf 75' lang='grc' dir='ltr'>ὄντος</span> <span class='ocrx_word' id='word_1_184' title='bbox 2741 1216 2892 1279; x_wconf 87' lang='grc' dir='ltr'>ναοῦ,</span> <span class='ocrx_word' id='word_1_185' title='bbox 2926 1216 3107 1287; x_wconf 86' lang='grc' dir='ltr'>πολλῷ</span> <span class='ocrx_word' id='word_1_186' title='bbox 3144 1218 3382 1287; x_wconf 78' lang='grc' dir='ltr'>μείζους,</span> <span class='ocrx_word' id='word_1_187' title='bbox 3408 1221 3505 1273; x_wconf 73' lang='grc' dir='ltr'>καὶ</span> <span class='ocrx_word' id='word_1_188' title='bbox 3536 1220 3701 1274; x_wconf 76' lang='grc' dir='ltr'>πλούο</span> 
     </span>
    </p>
   </div>
   <div class='ocr_carea' id='block_1_28' title="bbox 2113 1305 3699 1378">
    <p class='ocr_par' dir='ltr' id='par_1_28' title="bbox 2113 1305 3699 1378">
     <span class='ocr_line' id='line_1_28' title="bbox 2113 1305 3699 1378; baseline 0.004 -22"><span class='ocrx_word' id='word_1_189' title='bbox 2113 1319 2218 1357; x_wconf 84' lang='grc' dir='ltr'>σιοι</span> <span class='ocrx_word' id='word_1_190' title='bbox 2244 1305 2381 1358; x_wconf 75' lang='grc' dir='ltr'>κατὰ</span> <span class='ocrx_word' id='word_1_191' title='bbox 2416 1307 2590 1358; x_wconf 78' lang='grc' dir='ltr'>πᾶσαν</span> <span class='ocrx_word' id='word_1_192' title='bbox 2623 1305 2721 1376; x_wconf 75' lang='grc' dir='ltr'>τὴν</span> <span class='ocrx_word' id='word_1_193' title='bbox 2770 1307 2861 1358; x_wconf 79' lang='grc' dir='ltr'><strong>ὑπ’</strong></span> <span class='ocrx_word' id='word_1_194' title='bbox 2904 1307 3133 1377; x_wconf 80' lang='grc' dir='ltr'>οὐρανὸν</span> <span class='ocrx_word' id='word_1_195' title='bbox 3171 1306 3513 1378; x_wconf 82' lang='grc' dir='ltr'>ὼρθώθησαν</span> <span class='ocrx_word' id='word_1_196' title='bbox 3558 1310 3699 1375; x_wconf 77' lang='grc' dir='ltr'>ναοὶ,</span> 
     </span>
    </p>
   </div>
   <div class='ocr_carea' id='block_1_29' title="bbox 2110 1395 3702 1471">
    <p class='ocr_par' dir='ltr' id='par_1_29' title="bbox 2110 1395 3702 1471">
     <span class='ocr_line' id='line_1_29' title="bbox 2110 1395 3702 1471; baseline 0.003 -25"><span class='ocrx_word' id='word_1_197' title='bbox 2110 1396 2387 1448; x_wconf 77' lang='grc' dir='ltr'>τουτέστιν</span> <span class='ocrx_word' id='word_1_198' title='bbox 2439 1395 2754 1466; x_wconf 84' lang='grc' dir='ltr'>ἐκκλησίαι,</span> <span class='ocrx_word' id='word_1_199' title='bbox 2794 1397 2855 1449; x_wconf 74' lang='grc' dir='ltr'>τὸ</span> <span class='ocrx_word' id='word_1_200' title='bbox 2895 1397 3091 1450; x_wconf 74' lang='grc' dir='ltr'>σεπτὸν</span> <span class='ocrx_word' id='word_1_201' title='bbox 3129 1397 3351 1467; x_wconf 78' lang='grc' dir='ltr'>ἔχουσαι</span> <span class='ocrx_word' id='word_1_202' title='bbox 3402 1399 3702 1471; x_wconf 80' lang='grc' dir='ltr'>θυσιαστή-</span> 
     </span>
    </p>
   </div>
   <div class='ocr_carea' id='block_1_30' title="bbox 2114 1486 3702 1560">
    <p class='ocr_par' dir='ltr' id='par_1_30' title="bbox 2114 1486 3702 1560">
     <span class='ocr_line' id='line_1_30' title="bbox 2114 1486 3702 1560; baseline 0.003 -21"><span class='ocrx_word' id='word_1_203' title='bbox 2114 1503 2226 1558; x_wconf 90' lang='grc' dir='ltr'>ριον</span> <span class='ocrx_word' id='word_1_204' title='bbox 2258 1490 2336 1551; x_wconf 88' lang='grc' dir='ltr'><strong>είς</strong></span> <span class='ocrx_word' id='word_1_205' title='bbox 2380 1487 2537 1553; x_wconf 78' lang='grc' dir='ltr'>δόξαν</span> <span class='ocrx_word' id='word_1_206' title='bbox 2567 1486 2823 1558; x_wconf 77' lang='grc' dir='ltr'>Χριστοῦ.</span> <span class='ocrx_word' id='word_1_207' title='bbox 2873 1487 3144 1541; x_wconf 73' lang='grc' dir='ltr'>Πλὰτυνον</span> <span class='ocrx_word' id='word_1_208' title='bbox 3172 1488 3236 1560; x_wconf 82' lang='grc' dir='ltr'>δὴ</span> <span class='ocrx_word' id='word_1_209' title='bbox 3276 1486 3392 1556; x_wconf 82' lang='grc' dir='ltr'>οῦν,</span> <span class='ocrx_word' id='word_1_210' title='bbox 3420 1491 3575 1560; x_wconf 67' lang='grc' dir='ltr'>φησι,</span> <span class='ocrx_word' id='word_1_211' title='bbox 3608 1492 3702 1543; x_wconf 68' lang='grc' dir='ltr'>τὸν</span> 
     </span>
    </p>
   </div>
   <div class='ocr_carea' id='block_1_31' title="bbox 2109 1578 3701 1653">
    <p class='ocr_par' dir='ltr' id='par_1_31' title="bbox 2109 1578 3701 1653">
     <span class='ocr_line' id='line_1_31' title="bbox 2109 1578 3701 1653; baseline 0.002 -22"><span class='ocrx_word' id='word_1_212' title='bbox 2109 1579 2274 1633; x_wconf 87' lang='grc' dir='ltr'>τόπον</span> <span class='ocrx_word' id='word_1_213' title='bbox 2301 1579 2397 1650; x_wconf 81' lang='grc' dir='ltr'>τῆς</span> <span class='ocrx_word' id='word_1_214' title='bbox 2434 1580 2639 1649; x_wconf 79' lang='grc' dir='ltr'>σκηνῆς</span> <span class='ocrx_word' id='word_1_215' title='bbox 2670 1595 2763 1631; x_wconf 90' lang='grc' dir='ltr'><strong>σου</strong></span> <span class='ocrx_word' id='word_1_216' title='bbox 2811 1579 2906 1631; x_wconf 79' lang='grc' dir='ltr'>καὶ</span> <span class='ocrx_word' id='word_1_217' title='bbox 2932 1578 3038 1632; x_wconf 89' lang='grc' dir='ltr'><strong>τῶν</strong></span> <span class='ocrx_word' id='word_1_218' title='bbox 3070 1578 3309 1632; x_wconf 85' lang='grc' dir='ltr'>αὐλαιῶν</span> <span class='ocrx_word' id='word_1_219' title='bbox 3341 1598 3459 1637; x_wconf 86' lang='grc' dir='ltr'>σου.</span> <span class='ocrx_word' id='word_1_220' title='bbox 3493 1582 3565 1635; x_wconf 86' lang='grc' dir='ltr'><strong>Τὸ</strong></span> <span class='ocrx_word' id='word_1_221' title='bbox 3591 1581 3701 1653; x_wconf 83' lang='grc' dir='ltr'>γὰρ</span> 
     </span>
    </p>
   </div>
   <div class='ocr_carea' id='block_1_32' title="bbox 432 1661 2004 1751">
    <p class='ocr_par' dir='ltr' id='par_1_32' title="bbox 432 1661 2004 1751">
     <span class='ocr_line' id='line_1_32' title="bbox 432 1661 2004 1751; baseline 0.002 -37"><span class='ocrx_word' id='word_1_222' title='bbox 432 1678 641 1715; x_wconf 90' lang='lat' dir='ltr'><strong>morum</strong></span> <span class='ocrx_word' id='word_1_223' title='bbox 679 1676 919 1729; x_wconf 87' lang='lat' dir='ltr'><strong>namque</strong></span> <span class='ocrx_word' id='word_1_224' title='bbox 964 1661 1199 1714; x_wconf 83' lang='lat' dir='ltr'><strong>virorum</strong></span> <span class='ocrx_word' id='word_1_225' title='bbox 1250 1669 1564 1714; x_wconf 87' lang='lat' dir='ltr'><strong>sanctorum</strong></span> <span class='ocrx_word' id='word_1_226' title='bbox 1613 1661 1782 1731; x_wconf 80' lang='lat'><strong>758</strong></span> <span class='ocrx_word' id='word_1_227' title='bbox 1830 1672 1884 1716; x_wconf 93' lang='lat' dir='ltr'><strong>et</strong></span> <span class='ocrx_word' id='word_1_228' title='bbox 1912 1662 2004 1751; x_wconf 75' lang='lat' dir='ltr'><strong>bo-</strong></span> 
     </span>
    </p>
   </div>
   <div class='ocr_carea' id='block_1_33' title="bbox 2109 1661 3700 1751">
    <p class='ocr_par' dir='ltr' id='par_1_33' title="bbox 2113 1666 3700 1751">
     <span class='ocr_line' id='line_1_33' title="bbox 2113 1666 3700 1751; baseline 0.002 -32"><span class='ocrx_word' id='word_1_229' title='bbox 2113 1668 2337 1751; x_wconf 81' lang='grc' dir='ltr'>σπέρμα</span> <span class='ocrx_word' id='word_1_230' title='bbox 2368 1684 2462 1720; x_wconf 86' lang='grc' dir='ltr'><strong>σου</strong></span> <span class='ocrx_word' id='word_1_231' title='bbox 2502 1667 2629 1736; x_wconf 76' lang='grc' dir='ltr'>ἔθνη</span> <span class='ocrx_word' id='word_1_232' title='bbox 2667 1666 3089 1737; x_wconf 80' lang='grc' dir='ltr'>κληρονομήσει,</span> <span class='ocrx_word' id='word_1_233' title='bbox 3122 1670 3217 1720; x_wconf 84' lang='grc' dir='ltr'><strong>καί</strong></span> <span class='ocrx_word' id='word_1_234' title='bbox 3248 1669 3431 1732; x_wconf 78' lang='grc' dir='ltr'>πόλεις</span> <span class='ocrx_word' id='word_1_235' title='bbox 3466 1670 3700 1741; x_wconf 82' lang='grc' dir='ltr'>ἠρημω-</span> 
     </span>
    </p>
   </div>
   <div class='ocr_carea' id='block_1_34' title="bbox 430 1746 2004 1832">
    <p class='ocr_par' dir='ltr' id='par_1_34' title="bbox 430 1746 2004 1823">
     <span class='ocr_line' id='line_1_34' title="bbox 430 1746 2004 1823; baseline 0.003 -18"><span class='ocrx_word' id='word_1_236' title='bbox 430 1768 621 1807; x_wconf 87' lang='lat' dir='ltr'><strong>norum</strong></span> <span class='ocrx_word' id='word_1_237' title='bbox 696 1764 869 1807; x_wconf 88' lang='lat' dir='ltr'><strong>mater</strong></span> <span class='ocrx_word' id='word_1_238' title='bbox 934 1756 1116 1806; x_wconf 63' lang='lat' dir='ltr'><strong>nutrix</strong></span> <span class='ocrx_word' id='word_1_239' title='bbox 1162 1750 1403 1806; x_wconf 83' lang='lat' dir='ltr'><strong>Ecclesia</strong></span> <span class='ocrx_word' id='word_1_240' title='bbox 1460 1754 1703 1823; x_wconf 90' lang='lat' dir='ltr'><strong>gentium</strong></span> <span class='ocrx_word' id='word_1_241' title='bbox 1759 1746 2004 1822; x_wconf 39' lang='lat' dir='ltr'><strong>fuit,&#39;ac</strong></span> 
     </span>
    </p>
   </div>
   <div class='ocr_carea' id='block_1_35' title="bbox 2109 1746 3700 1832">
    <p class='ocr_par' dir='ltr' id='par_1_35' title="bbox 2115 1746 3700 1832">
     <span class='ocr_line' id='line_1_35' title="bbox 2115 1746 3700 1832; baseline 0.003 -22"><span class='ocrx_word' id='word_1_242' title='bbox 2115 1746 2283 1828; x_wconf 80' lang='grc' dir='ltr'>μένας</span> <span class='ocrx_word' id='word_1_243' title='bbox 2323 1761 2640 1819; x_wconf 89' lang='grc' dir='ltr'>κατοικιείς.</span> <span class='ocrx_word' id='word_1_244' title='bbox 2679 1758 2953 1811; x_wconf 83' lang='grc' dir='ltr'>Πλείστων</span> <span class='ocrx_word' id='word_1_245' title='bbox 2996 1761 3093 1828; x_wconf 83' lang='grc' dir='ltr'>μὲν</span> <span class='ocrx_word' id='word_1_246' title='bbox 3144 1758 3254 1830; x_wconf 87' lang='grc' dir='ltr'><strong>γὰρ</strong></span> <span class='ocrx_word' id='word_1_247' title='bbox 3303 1761 3442 1813; x_wconf 83' lang='grc' dir='ltr'>ὅσων</span> <span class='ocrx_word' id='word_1_248' title='bbox 3488 1761 3700 1832; x_wconf 79' lang='grc' dir='ltr'>ἀνδρῶν</span> 
     </span>
    </p>
   </div>
   <div class='ocr_carea' id='block_1_36' title="bbox 433 1842 2005 1915">
    <p class='ocr_par' dir='ltr' id='par_1_36' title="bbox 433 1842 2005 1915">
     <span class='ocr_line' id='line_1_36' title="bbox 433 1842 2005 1915; baseline 0.001 -18"><span class='ocrx_word' id='word_1_249' title='bbox 433 1844 634 1899; x_wconf 85' lang='lat' dir='ltr'><strong>multos</strong></span> <span class='ocrx_word' id='word_1_250' title='bbox 685 1844 958 1915; x_wconf 86' lang='lat' dir='ltr'><strong>principes</strong></span> <span class='ocrx_word' id='word_1_251' title='bbox 1002 1842 1505 1912; x_wconf 77' lang='lat' dir='ltr'><strong>atque.praeiectos</strong></span> <span class='ocrx_word' id='word_1_252' title='bbox 1547 1844 1867 1914; x_wconf 87' lang='lat' dir='ltr'><strong>populorum</strong></span> <span class='ocrx_word' id='word_1_253' title='bbox 1909 1858 2005 1914; x_wconf 88' lang='lat' dir='ltr'><strong>pe-</strong></span> 
     </span>
    </p>
   </div>
   <div class='ocr_carea' id='block_1_37' title="bbox 427 1935 2007 2008">
    <p class='ocr_par' dir='ltr' id='par_1_37' title="bbox 427 1935 2007 2008">
     <span class='ocr_line' id='line_1_37' title="bbox 427 1935 2007 2008; baseline -0.003 -16"><span class='ocrx_word' id='word_1_254' title='bbox 427 1938 569 2008; x_wconf 81' lang='lat' dir='ltr'><strong>perit</strong></span> <span class='ocrx_word' id='word_1_255' title='bbox 598 1955 611 1989; x_wconf 91' lang='lat'><strong>:</strong></span> <span class='ocrx_word' id='word_1_256' title='bbox 643 1937 779 1991; x_wconf 83' lang='lat' dir='ltr'><strong>adeo</strong></span> <span class='ocrx_word' id='word_1_257' title='bbox 828 1944 887 1989; x_wconf 90' lang='lat' dir='ltr'><strong>ut</strong></span> <span class='ocrx_word' id='word_1_258' title='bbox 952 1935 1135 1989; x_wconf 91' lang='lat' dir='ltr'><strong>multis</strong></span> <span class='ocrx_word' id='word_1_259' title='bbox 1179 1935 1431 2003; x_wconf 80' lang='lat' dir='ltr'><strong>gentibus</strong></span> <span class='ocrx_word' id='word_1_260' title='bbox 1494 1935 1886 2003; x_wconf 86' lang='lat' dir='ltr'><strong>dominaretur,</strong></span> <span class='ocrx_word' id='word_1_261' title='bbox 1941 1949 2007 1990; x_wconf 90' lang='lat' dir='ltr'><strong>eo</strong></span> 
     </span>
    </p>
   </div>
   <div class='ocr_carea' id='block_1_38' title="bbox 426 2025 2008 2098">
    <p class='ocr_par' dir='ltr' id='par_1_38' title="bbox 426 2025 2008 2098">
     <span class='ocr_line' id='line_1_38' title="bbox 426 2025 2008 2098; baseline 0.002 -19"><span class='ocrx_word' id='word_1_262' title='bbox 426 2029 569 2098; x_wconf 85' lang='lat' dir='ltr'><strong>quod</strong></span> <span class='ocrx_word' id='word_1_263' title='bbox 649 2027 913 2081; x_wconf 87' lang='lat' dir='ltr'><strong>illibatum</strong></span> <span class='ocrx_word' id='word_1_264' title='bbox 985 2025 1334 2096; x_wconf 76' lang='lat' dir='ltr'><strong>mystagogia:</strong></span> <span class='ocrx_word' id='word_1_265' title='bbox 1410 2040 1718 2079; x_wconf 87' lang='lat' dir='ltr'><strong>sermonem</strong></span> <span class='ocrx_word' id='word_1_266' title='bbox 1793 2027 2008 2083; x_wconf 90' lang='lat' dir='ltr'><strong>tradere</strong></span> 
     </span>
    </p>
   </div>
   <div class='ocr_carea' id='block_1_39' title="bbox 425 2116 2007 2187">
    <p class='ocr_par' dir='ltr' id='par_1_39' title="bbox 425 2116 2007 2187">
     <span class='ocr_line' id='line_1_39' title="bbox 425 2116 2007 2187; baseline 0.002 -15"><span class='ocrx_word' id='word_1_267' title='bbox 425 2119 620 2187; x_wconf 88' lang='lat' dir='ltr'><strong>potuit,</strong></span> <span class='ocrx_word' id='word_1_268' title='bbox 658 2129 714 2172; x_wconf 91' lang='lat' dir='ltr'><strong>et</strong></span> <span class='ocrx_word' id='word_1_269' title='bbox 766 2116 998 2171; x_wconf 75' lang='lat' dir='ltr'><strong>artificio</strong></span> <span class='ocrx_word' id='word_1_270' title='bbox 1051 2116 1311 2186; x_wconf 87' lang='lat' dir='ltr'><strong>pascendi</strong></span> <span class='ocrx_word' id='word_1_271' title='bbox 1366 2131 1476 2170; x_wconf 88' lang='lat' dir='ltr'><strong>non</strong></span> <span class='ocrx_word' id='word_1_272' title='bbox 1554 2118 1753 2171; x_wconf 87' lang='lat' dir='ltr'><strong>caruit.</strong></span> <span class='ocrx_word' id='word_1_273' title='bbox 1799 2117 2007 2185; x_wconf 82' lang='lat' dir='ltr'><strong>Quibus</strong></span> 
     </span>
    </p>
   </div>
   <div class='ocr_carea' id='block_1_40' title="bbox 422 2208 2007 2282">
    <p class='ocr_par' dir='ltr' id='par_1_40' title="bbox 422 2208 2007 2282">
     <span class='ocr_line' id='line_1_40' title="bbox 422 2208 2007 2282; baseline 0 -17"><span class='ocrx_word' id='word_1_274' title='bbox 422 2214 588 2266; x_wconf 80' lang='lat' dir='ltr'><strong>etiam</strong></span> <span class='ocrx_word' id='word_1_275' title='bbox 631 2212 748 2282; x_wconf 90' lang='lat' dir='ltr'><strong>ipse</strong></span> <span class='ocrx_word' id='word_1_276' title='bbox 774 2210 1055 2277; x_wconf 85' lang='lat' dir='ltr'><strong>Servator,</strong></span> <span class='ocrx_word' id='word_1_277' title='bbox 1093 2219 1154 2265; x_wconf 92' lang='lat' dir='ltr'><strong>ut</strong></span> <span class='ocrx_word' id='word_1_278' title='bbox 1191 2209 1282 2279; x_wconf 90' lang='lat' dir='ltr'><strong>qui</strong></span> <span class='ocrx_word' id='word_1_279' title='bbox 1321 2208 1592 2264; x_wconf 86' lang='lat' dir='ltr'><strong>laudatam</strong></span> <span class='ocrx_word' id='word_1_280' title='bbox 1616 2218 1669 2265; x_wconf 91' lang='lat' dir='ltr'><strong>et</strong></span> <span class='ocrx_word' id='word_1_281' title='bbox 1724 2212 2007 2281; x_wconf 84' lang='lat' dir='ltr'><strong>probatam</strong></span> 
     </span>
    </p>
   </div>
   <div class='ocr_carea' id='block_1_41' title="bbox 425 2302 2008 2372">
    <p class='ocr_par' dir='ltr' id='par_1_41' title="bbox 425 2302 2008 2372">
     <span class='ocr_line' id='line_1_41' title="bbox 425 2302 2008 2372; baseline 0.003 -18"><span class='ocrx_word' id='word_1_282' title='bbox 425 2306 590 2358; x_wconf 82' lang='lat' dir='ltr'><strong>vitam</strong></span> <span class='ocrx_word' id='word_1_283' title='bbox 636 2305 1012 2369; x_wconf 70' lang='lat' dir='ltr'><strong>tradurerant,</strong></span> <span class='ocrx_word' id='word_1_284' title='bbox 1045 2309 1245 2357; x_wconf 87' lang='lat' dir='ltr'><strong>sortem</strong></span> <span class='ocrx_word' id='word_1_285' title='bbox 1315 2302 1597 2372; x_wconf 84' lang='lat' dir='ltr'><strong>promittit,</strong></span> <span class='ocrx_word' id='word_1_286' title='bbox 1629 2310 1683 2356; x_wconf 91' lang='lat' dir='ltr'><strong>et</strong></span> <span class='ocrx_word' id='word_1_287' title='bbox 1743 2302 1795 2357; x_wconf 91' lang='lat' dir='ltr'><strong>in</strong></span> <span class='ocrx_word' id='word_1_288' title='bbox 1847 2317 2008 2359; x_wconf 90' lang='lat' dir='ltr'><strong>omne</strong></span> 
     </span>
    </p>
   </div>
   <div class='ocr_carea' id='block_1_42' title="bbox 428 2392 2004 2464">
    <p class='ocr_par' dir='ltr' id='par_1_42' title="bbox 428 2392 2004 2464">
     <span class='ocr_line' id='line_1_42' title="bbox 428 2392 2004 2464; baseline 0.001 -18"><span class='ocrx_word' id='word_1_289' title='bbox 428 2408 643 2464; x_wconf 75' lang='lat' dir='ltr'><strong>tempus</strong></span> <span class='ocrx_word' id='word_1_290' title='bbox 698 2393 938 2448; x_wconf 74' lang='lat' dir='ltr'><strong>futurum</strong></span> <span class='ocrx_word' id='word_1_291' title='bbox 993 2392 1281 2464; x_wconf 89' lang='lat' dir='ltr'><strong>imperium</strong></span> <span class='ocrx_word' id='word_1_292' title='bbox 1328 2393 1672 2463; x_wconf 89' lang='lat' dir='ltr'><strong>populorum.</strong></span> <span class='ocrx_word' id='word_1_293' title='bbox 1712 2392 1926 2448; x_wconf 89' lang='lat' dir='ltr'><strong>Etenim</strong></span> <span class='ocrx_word' id='word_1_294' title='bbox 1950 2393 2004 2448; x_wconf 92' lang='lat' dir='ltr'><strong>in</strong></span> 
     </span>
    </p>
   </div>
   <div class='ocr_carea' id='block_1_43' title="bbox 428 2484 2006 2553">
    <p class='ocr_par' dir='ltr' id='par_1_43' title="bbox 428 2484 2006 2553">
     <span class='ocr_line' id='line_1_43' title="bbox 428 2484 2006 2553; baseline -0.001 -13"><span class='ocrx_word' id='word_1_295' title='bbox 428 2487 750 2541; x_wconf 81' lang='lat' dir='ltr'><strong>talentorum</strong></span> <span class='ocrx_word' id='word_1_296' title='bbox 796 2485 1195 2548; x_wconf 84' lang='lat' dir='ltr'><strong>distributione,</strong></span> <span class='ocrx_word' id='word_1_297' title='bbox 1246 2484 1330 2538; x_wconf 90' lang='lat' dir='ltr'><strong>his</strong></span> <span class='ocrx_word' id='word_1_298' title='bbox 1357 2484 1447 2552; x_wconf 90' lang='lat' dir='ltr'><strong>qni</strong></span> <span class='ocrx_word' id='word_1_299' title='bbox 1500 2484 1830 2553; x_wconf 90' lang='lat' dir='ltr'><strong>duplicatum</strong></span> <span class='ocrx_word' id='word_1_300' title='bbox 1856 2495 2006 2538; x_wconf 86' lang='lat' dir='ltr'><strong>attu-</strong></span> 
     </span>
    </p>
   </div>
   <div class='ocr_carea' id='block_1_44' title="bbox 425 2576 2005 2649">
    <p class='ocr_par' dir='ltr' id='par_1_44' title="bbox 425 2576 2005 2649">
     <span class='ocr_line' id='line_1_44' title="bbox 425 2576 2005 2649; baseline 0 -16"><span class='ocrx_word' id='word_1_301' title='bbox 425 2583 605 2636; x_wconf 88' lang='lat' dir='ltr'><strong>lerunt</strong></span> <span class='ocrx_word' id='word_1_302' title='bbox 647 2579 789 2649; x_wconf 85' lang='lat' dir='ltr'><strong>quod</strong></span> <span class='ocrx_word' id='word_1_303' title='bbox 838 2580 1024 2633; x_wconf 87' lang='lat' dir='ltr'><strong>datum</strong></span> <span class='ocrx_word' id='word_1_304' title='bbox 1078 2587 1238 2631; x_wconf 88' lang='lat' dir='ltr'><strong>erat:</strong></span> <span class='ocrx_word' id='word_1_305' title='bbox 1277 2596 1297 2629; x_wconf 71' lang='grc' dir='ltr'><strong>ι</strong></span> <span class='ocrx_word' id='word_1_306' title='bbox 1328 2576 1503 2647; x_wconf 87' lang='lat' dir='ltr'><strong>Supra</strong></span> <span class='ocrx_word' id='word_1_307' title='bbox 1532 2577 1718 2632; x_wconf 83' lang='lat' dir='ltr'><strong>decem</strong></span> <span class='ocrx_word' id='word_1_308' title='bbox 1756 2577 2005 2633; x_wconf 80' lang='lat' dir='ltr'><strong>civitates</strong></span> 
     </span>
    </p>
   </div>
   <div class='ocr_carea' id='block_1_45' title="bbox 421 2668 2005 2740">
    <p class='ocr_par' dir='ltr' id='par_1_45' title="bbox 421 2668 2005 2740">
     <span class='ocr_line' id='line_1_45' title="bbox 421 2668 2005 2740; baseline -0.003 -13"><span class='ocrx_word' id='word_1_309' title='bbox 421 2673 536 2728; x_wconf 87' lang='lat' dir='ltr'><strong>eris</strong></span> <span class='ocrx_word' id='word_1_310' title='bbox 566 2671 634 2736; x_wconf 81' lang='grc'><strong>’⁸,</strong></span> <span class='ocrx_word' id='word_1_311' title='bbox 673 2690 693 2724; x_wconf 74' lang='grc' dir='ltr'><strong>ι</strong></span> <span class='ocrx_word' id='word_1_312' title='bbox 729 2671 936 2740; x_wconf 88' lang='lat' dir='ltr'><strong>inquit;</strong></span> <span class='ocrx_word' id='word_1_313' title='bbox 970 2669 1124 2723; x_wconf 85' lang='lat' dir='ltr'><strong>alteri</strong></span> <span class='ocrx_word' id='word_1_314' title='bbox 1158 2686 1171 2723; x_wconf 89' lang='lat'><strong>:</strong></span> <span class='ocrx_word' id='word_1_315' title='bbox 1198 2688 1216 2720; x_wconf 80' lang='grc' dir='ltr'><strong>ι</strong></span> <span class='ocrx_word' id='word_1_316' title='bbox 1249 2670 1368 2724; x_wconf 85' lang='lat' dir='ltr'><strong>Eris</strong></span> <span class='ocrx_word' id='word_1_317' title='bbox 1415 2684 1579 2740; x_wconf 83' lang='lat' dir='ltr'><strong>supra</strong></span> <span class='ocrx_word' id='word_1_318' title='bbox 1610 2670 1851 2738; x_wconf 87' lang='lat' dir='ltr'><strong>quinque</strong></span> <span class='ocrx_word' id='word_1_319' title='bbox 1879 2668 2005 2723; x_wconf 86' lang='lat' dir='ltr'><strong>civi-</strong></span> 
     </span>
    </p>
   </div>
   <div class='ocr_carea' id='block_1_46' title="bbox 431 2760 2007 2832">
    <p class='ocr_par' dir='ltr' id='par_1_46' title="bbox 431 2760 2007 2832">
     <span class='ocr_line' id='line_1_46' title="bbox 431 2760 2007 2832; baseline -0.003 -13"><span class='ocrx_word' id='word_1_320' title='bbox 431 2775 571 2820; x_wconf 82' lang='lat' dir='ltr'><strong>tates</strong></span> <span class='ocrx_word' id='word_1_321' title='bbox 600 2762 668 2818; x_wconf 74' lang='lat'><strong>&quot;.</strong></span> <span class='ocrx_word' id='word_1_322' title='bbox 702 2781 721 2815; x_wconf 76' lang='grc' dir='ltr'><strong>ι</strong></span> <span class='ocrx_word' id='word_1_323' title='bbox 752 2760 948 2816; x_wconf 82' lang='lat' dir='ltr'><strong>Semen</strong></span> <span class='ocrx_word' id='word_1_324' title='bbox 1010 2776 1139 2832; x_wconf 80' lang='lat' dir='ltr'><strong>ergo</strong></span> <span class='ocrx_word' id='word_1_325' title='bbox 1187 2770 1336 2814; x_wconf 89' lang='lat' dir='ltr'><strong>tuum</strong></span> <span class='ocrx_word' id='word_1_326' title='bbox 1383 2760 1729 2814; x_wconf 61' lang='lat' dir='ltr'><strong>haereditario</strong></span> <span class='ocrx_word' id='word_1_327' title='bbox 1771 2760 2007 2830; x_wconf 87' lang='lat' dir='ltr'><strong>posside-</strong></span> 
     </span>
    </p>
   </div>
   <div class='ocr_carea' id='block_1_47' title="bbox 423 2852 1997 2925">
    <p class='ocr_par' dir='ltr' id='par_1_47' title="bbox 423 2852 1997 2925">
     <span class='ocr_line' id='line_1_47' title="bbox 423 2852 1997 2925; baseline -0.002 -15"><span class='ocrx_word' id='word_1_328' title='bbox 423 2856 505 2910; x_wconf 89' lang='lat' dir='ltr'><strong>bit</strong></span> <span class='ocrx_word' id='word_1_329' title='bbox 558 2865 766 2925; x_wconf 81' lang='lat' dir='ltr'><strong>gentes.</strong></span> <span class='ocrx_word' id='word_1_330' title='bbox 822 2852 1128 2911; x_wconf 79' lang='lat' dir='ltr'><strong>Convenire</strong></span> <span class='ocrx_word' id='word_1_331' title='bbox 1181 2861 1359 2922; x_wconf 83' lang='lat' dir='ltr'><strong>potest</strong></span> <span class='ocrx_word' id='word_1_332' title='bbox 1414 2856 1539 2918; x_wconf 88' lang='lat' dir='ltr'><strong>hoc,</strong></span> <span class='ocrx_word' id='word_1_333' title='bbox 1600 2856 1677 2909; x_wconf 90' lang='lat' dir='ltr'><strong>uti</strong></span> <span class='ocrx_word' id='word_1_334' title='bbox 1702 2855 1814 2923; x_wconf 86' lang='lat' dir='ltr'><strong>jam</strong></span> <span class='ocrx_word' id='word_1_335' title='bbox 1860 2854 1997 2921; x_wconf 77' lang='lat' dir='ltr'><strong>dixi,</strong></span> 
     </span>
    </p>
   </div>
   <div class='ocr_carea' id='block_1_48' title="bbox 424 2944 2007 3019">
    <p class='ocr_par' dir='ltr' id='par_1_48' title="bbox 424 2944 2007 3019">
     <span class='ocr_line' id='line_1_48' title="bbox 424 2944 2007 3019; baseline -0.003 -17"><span class='ocrx_word' id='word_1_336' title='bbox 424 2946 697 3019; x_wconf 66' lang='lat' dir='ltr'><strong>praefectis</strong></span> <span class='ocrx_word' id='word_1_337' title='bbox 748 2945 1135 3011; x_wconf 87' lang='lat' dir='ltr'><strong>Ecclesiarum,</strong></span> <span class='ocrx_word' id='word_1_338' title='bbox 1170 2944 1260 3015; x_wconf 90' lang='lat' dir='ltr'><strong>qui</strong></span> <span class='ocrx_word' id='word_1_339' title='bbox 1305 2947 1470 2997; x_wconf 89' lang='lat' dir='ltr'><strong>etiam</strong></span> <span class='ocrx_word' id='word_1_340' title='bbox 1503 2958 1614 3013; x_wconf 75' lang='lat' dir='ltr'><strong>pra:</strong></span> <span class='ocrx_word' id='word_1_341' title='bbox 1657 2960 1855 3015; x_wconf 83' lang='lat' dir='ltr'><strong>magno</strong></span> <span class='ocrx_word' id='word_1_342' title='bbox 1876 2960 2007 3015; x_wconf 88' lang='lat' dir='ltr'><strong>gau-</strong></span> 
     </span>
    </p>
   </div>
   <div class='ocr_carea' id='block_1_49' title="bbox 425 3036 2001 3108">
    <p class='ocr_par' dir='ltr' id='par_1_49' title="bbox 425 3036 2001 3108">
     <span class='ocr_line' id='line_1_49' title="bbox 425 3036 2001 3108; baseline -0.001 -15"><span class='ocrx_word' id='word_1_343' title='bbox 425 3041 516 3096; x_wconf 91' lang='lat' dir='ltr'><strong>dio</strong></span> <span class='ocrx_word' id='word_1_344' title='bbox 555 3040 781 3094; x_wconf 86' lang='lat' dir='ltr'><strong>dicunt:</strong></span> <span class='ocrx_word' id='word_1_345' title='bbox 822 3057 840 3090; x_wconf 85' lang='grc'><em>‹</em></span> <span class='ocrx_word' id='word_1_346' title='bbox 873 3037 1117 3105; x_wconf 86' lang='lat' dir='ltr'><strong>Snbjccit</strong></span> <span class='ocrx_word' id='word_1_347' title='bbox 1149 3036 1376 3108; x_wconf 91' lang='lat' dir='ltr'><strong>populos</strong></span> <span class='ocrx_word' id='word_1_348' title='bbox 1405 3037 1581 3101; x_wconf 89' lang='lat' dir='ltr'><strong>nobis,</strong></span> <span class='ocrx_word' id='word_1_349' title='bbox 1608 3047 1661 3091; x_wconf 91' lang='lat' dir='ltr'><strong>et</strong></span> <span class='ocrx_word' id='word_1_350' title='bbox 1692 3046 1879 3108; x_wconf 83' lang='lat' dir='ltr'><strong>gentes</strong></span> <span class='ocrx_word' id='word_1_351' title='bbox 1905 3053 2001 3107; x_wconf 84' lang='lat' dir='ltr'><strong>pe-</strong></span> 
     </span>
    </p>
   </div>
   <div class='ocr_carea' id='block_1_50' title="bbox 424 3129 1998 3200">
    <p class='ocr_par' dir='ltr' id='par_1_50' title="bbox 424 3129 1998 3200">
     <span class='ocr_line' id='line_1_50' title="bbox 424 3129 1998 3200; baseline -0.002 -15"><span class='ocrx_word' id='word_1_352' title='bbox 424 3131 586 3187; x_wconf 81' lang='lat' dir='ltr'><strong>dibus</strong></span> <span class='ocrx_word' id='word_1_353' title='bbox 617 3129 844 3186; x_wconf 89' lang='lat' dir='ltr'><strong>nostris.</strong></span> <span class='ocrx_word' id='word_1_354' title='bbox 878 3130 1053 3200; x_wconf 77' lang='lat' dir='ltr'><strong>Elegit</strong></span> <span class='ocrx_word' id='word_1_355' title='bbox 1103 3130 1258 3184; x_wconf 88' lang='lat' dir='ltr'><strong>nobis</strong></span> <span class='ocrx_word' id='word_1_356' title='bbox 1291 3130 1663 3185; x_wconf 75' lang='lat' dir='ltr'><strong>haereditatem</strong></span> <span class='ocrx_word' id='word_1_357' title='bbox 1699 3145 1855 3185; x_wconf 88' lang='lat' dir='ltr'><strong>suam</strong></span> <span class='ocrx_word' id='word_1_358' title='bbox 1878 3129 1998 3183; x_wconf 61' lang='grc' dir='ltr'><strong>’νδ</strong></span> 
     </span>
    </p>
   </div>
   <div class='ocr_carea' id='block_1_51' title="bbox 422 3221 2006 3292">
    <p class='ocr_par' dir='ltr' id='par_1_51' title="bbox 422 3221 2006 3292">
     <span class='ocr_line' id='line_1_51' title="bbox 422 3221 2006 3292; baseline -0.002 -12"><span class='ocrx_word' id='word_1_359' title='bbox 422 3223 556 3281; x_wconf 87' lang='lat' dir='ltr'><strong>Sors</strong></span> <span class='ocrx_word' id='word_1_360' title='bbox 568 3224 710 3279; x_wconf 87' lang='lat' dir='ltr'><strong>enim</strong></span> <span class='ocrx_word' id='word_1_361' title='bbox 753 3231 836 3279; x_wconf 91' lang='lat' dir='ltr'><strong>est</strong></span> <span class='ocrx_word' id='word_1_362' title='bbox 876 3238 995 3292; x_wconf 68' lang='lat' dir='ltr'><strong>qum</strong></span> <span class='ocrx_word' id='word_1_363' title='bbox 1017 3222 1117 3279; x_wconf 87' lang='lat' dir='ltr'><strong>soli</strong></span> <span class='ocrx_word' id='word_1_364' title='bbox 1138 3233 1197 3278; x_wconf 81' lang='lat' dir='ltr'><strong>et</strong></span> <span class='ocrx_word' id='word_1_365' title='bbox 1214 3237 1338 3278; x_wconf 91' lang='lat' dir='ltr'><strong>vere</strong></span> <span class='ocrx_word' id='word_1_366' title='bbox 1358 3223 1584 3292; x_wconf 82' lang='lat' dir='ltr'><strong>quadrat</strong></span> <span class='ocrx_word' id='word_1_367' title='bbox 1601 3223 1816 3279; x_wconf 86' lang='lat' dir='ltr'><strong>Christo</strong></span> <span class='ocrx_word' id='word_1_368' title='bbox 1842 3221 2006 3277; x_wconf 81' lang='lat' dir='ltr'><strong>maxi-</strong></span> 
     </span>
    </p>
   </div>
   <div class='ocr_carea' id='block_1_52' title="bbox 424 3310 2000 3383">
    <p class='ocr_par' dir='ltr' id='par_1_52' title="bbox 424 3310 2000 3383">
     <span class='ocr_line' id='line_1_52' title="bbox 424 3310 2000 3383; baseline -0.001 -16"><span class='ocrx_word' id='word_1_369' title='bbox 424 3330 533 3377; x_wconf 81' lang='lat' dir='ltr'><strong>me,</strong></span> <span class='ocrx_word' id='word_1_370' title='bbox 578 3327 816 3383; x_wconf 63' lang='lat' dir='ltr'><strong>praeesse</strong></span> <span class='ocrx_word' id='word_1_371' title='bbox 852 3312 1141 3367; x_wconf 81' lang='lat' dir='ltr'><strong>universis.</strong></span> <span class='ocrx_word' id='word_1_372' title='bbox 1169 3310 1462 3382; x_wconf 78' lang='lat' dir='ltr'><strong>PrOpterea</strong></span> <span class='ocrx_word' id='word_1_373' title='bbox 1500 3312 1756 3382; x_wconf 69' lang='lat' dir='ltr'><strong>prazccpit</strong></span> <span class='ocrx_word' id='word_1_374' title='bbox 1796 3313 2000 3377; x_wconf 88' lang='lat' dir='ltr'><strong>dicere,</strong></span> 
     </span>
    </p>
   </div>
   <div class='ocr_carea' id='block_1_53' title="bbox 423 3401 2005 3473">
    <p class='ocr_par' dir='ltr' id='par_1_53' title="bbox 423 3401 2005 3473">
     <span class='ocr_line' id='line_1_53' title="bbox 423 3401 2005 3473; baseline -0.004 -12"><span class='ocrx_word' id='word_1_375' title='bbox 423 3404 863 3473; x_wconf 77' lang='lat' dir='ltr'><strong>Rabbi‘,ncmini:</strong></span> <span class='ocrx_word' id='word_1_376' title='bbox 896 3421 914 3454; x_wconf 82' lang='grc' dir='ltr'><strong>ι</strong></span> <span class='ocrx_word' id='word_1_377' title='bbox 943 3401 1095 3460; x_wconf 84' lang='lat' dir='ltr'><strong>Unus</strong></span> <span class='ocrx_word' id='word_1_378' title='bbox 1117 3404 1259 3457; x_wconf 80' lang='lat' dir='ltr'><strong>enim</strong></span> <span class='ocrx_word' id='word_1_379' title='bbox 1279 3411 1382 3468; x_wconf 89' lang='lat' dir='ltr'><strong>est,</strong></span> <span class='ocrx_word' id='word_1_380' title='bbox 1416 3421 1435 3454; x_wconf 74' lang='grc' dir='ltr'><strong>ι</strong></span> <span class='ocrx_word' id='word_1_381' title='bbox 1458 3401 1681 3471; x_wconf 73' lang='grc' dir='ltr'>ἰιιηυίι,ι</span> <span class='ocrx_word' id='word_1_382' title='bbox 1708 3410 2005 3472; x_wconf 73' lang='lat' dir='ltr'><strong>prazceptor</strong></span> 
     </span>
    </p>
   </div>
   <div class='ocr_carea' id='block_1_54' title="bbox 423 3492 2003 3566">
    <p class='ocr_par' dir='ltr' id='par_1_54' title="bbox 423 3492 2003 3566">
     <span class='ocr_line' id='line_1_54' title="bbox 423 3492 2003 3566; baseline 0.001 -18"><span class='ocrx_word' id='word_1_383' title='bbox 423 3507 597 3551; x_wconf 85' lang='lat' dir='ltr'><strong>vester</strong></span> <span class='ocrx_word' id='word_1_384' title='bbox 620 3493 988 3549; x_wconf 78' lang='lat' dir='ltr'><strong>Cbristns““.</strong></span> <span class='ocrx_word' id='word_1_385' title='bbox 1004 3492 1141 3550; x_wconf 69' lang='lat' dir='ltr'><strong>iSed</strong></span> <span class='ocrx_word' id='word_1_386' title='bbox 1158 3495 1609 3565; x_wconf 86' lang='lat' dir='ltr'><strong>quemadmodum</strong></span> <span class='ocrx_word' id='word_1_387' title='bbox 1630 3511 1755 3550; x_wconf 92' lang='lat' dir='ltr'><strong>cum</strong></span> <span class='ocrx_word' id='word_1_388' title='bbox 1776 3496 1891 3566; x_wconf 87' lang='lat' dir='ltr'><strong>ipse</strong></span> <span class='ocrx_word' id='word_1_389' title='bbox 1913 3495 2003 3549; x_wconf 80' lang='lat' dir='ltr'><strong>lux</strong></span> 
     </span>
    </p>
   </div>
   <div class='ocr_carea' id='block_1_55' title="bbox 422 3586 2005 3656">
    <p class='ocr_par' dir='ltr' id='par_1_55' title="bbox 422 3586 2005 3656">
     <span class='ocr_line' id='line_1_55' title="bbox 422 3586 2005 3656; baseline -0.002 -12"><span class='ocrx_word' id='word_1_390' title='bbox 422 3590 495 3644; x_wconf 93' lang='lat' dir='ltr'><strong>sit</strong></span> <span class='ocrx_word' id='word_1_391' title='bbox 547 3603 696 3654; x_wconf 85' lang='lat' dir='ltr'><strong>vera,</strong></span> <span class='ocrx_word' id='word_1_392' title='bbox 724 3586 898 3642; x_wconf 88' lang='lat' dir='ltr'><strong>lucem</strong></span> <span class='ocrx_word' id='word_1_393' title='bbox 920 3588 1129 3642; x_wconf 87' lang='lat' dir='ltr'><strong>vocavit</strong></span> <span class='ocrx_word' id='word_1_394' title='bbox 1157 3597 1375 3642; x_wconf 87' lang='lat' dir='ltr'><strong>sanctos</strong></span> <span class='ocrx_word' id='word_1_395' title='bbox 1397 3588 1692 3656; x_wconf 86' lang='lat' dir='ltr'><strong>apostolos,</strong></span> <span class='ocrx_word' id='word_1_396' title='bbox 1717 3597 1772 3642; x_wconf 93' lang='lat' dir='ltr'><strong>et</strong></span> <span class='ocrx_word' id='word_1_397' title='bbox 1798 3597 1855 3641; x_wconf 88' lang='lat' dir='ltr'><strong>ut</strong></span> <span class='ocrx_word' id='word_1_398' title='bbox 1888 3587 2005 3655; x_wconf 88' lang='lat' dir='ltr'><strong>ipse</strong></span> 
     </span>
    </p>
   </div>
   <div class='ocr_carea' id='block_1_56' title="bbox 423 3679 2002 3750">
    <p class='ocr_par' dir='ltr' id='par_1_56' title="bbox 423 3679 2002 3750">
     <span class='ocr_line' id='line_1_56' title="bbox 423 3679 2002 3750; baseline 0.001 -16"><span class='ocrx_word' id='word_1_399' title='bbox 423 3691 618 3735; x_wconf 84' lang='lat' dir='ltr'><strong>natura</strong></span> <span class='ocrx_word' id='word_1_400' title='bbox 659 3690 714 3735; x_wconf 92' lang='lat' dir='ltr'><strong>et</strong></span> <span class='ocrx_word' id='word_1_401' title='bbox 749 3679 897 3734; x_wconf 88' lang='lat' dir='ltr'><strong>solus</strong></span> <span class='ocrx_word' id='word_1_402' title='bbox 932 3696 1059 3735; x_wconf 84' lang='lat' dir='ltr'><strong>vere</strong></span> <span class='ocrx_word' id='word_1_403' title='bbox 1095 3680 1302 3745; x_wconf 83' lang='lat' dir='ltr'><strong>Filius,</strong></span> <span class='ocrx_word' id='word_1_404' title='bbox 1352 3680 1509 3734; x_wconf 85' lang='lat' dir='ltr'><strong>nobis</strong></span> <span class='ocrx_word' id='word_1_405' title='bbox 1563 3679 1616 3734; x_wconf 87' lang='lat' dir='ltr'><strong>in</strong></span> <span class='ocrx_word' id='word_1_406' title='bbox 1660 3679 1835 3750; x_wconf 88' lang='lat' dir='ltr'><strong>ipsum</strong></span> <span class='ocrx_word' id='word_1_407' title='bbox 1881 3694 2002 3736; x_wconf 82' lang='lat' dir='ltr'><strong>cre—</strong></span> 
     </span>
    </p>
   </div>
   <div class='ocr_carea' id='block_1_57' title="bbox 417 3769 2000 3840">
    <p class='ocr_par' dir='ltr' id='par_1_57' title="bbox 417 3769 2000 3840">
     <span class='ocr_line' id='line_1_57' title="bbox 417 3769 2000 3840; baseline 0.001 -17"><span class='ocrx_word' id='word_1_408' title='bbox 417 3771 675 3826; x_wconf 80' lang='lat' dir='ltr'><strong>dentibus</strong></span> <span class='ocrx_word' id='word_1_409' title='bbox 715 3779 1034 3840; x_wconf 89' lang='lat' dir='ltr'><strong>potestatem</strong></span> <span class='ocrx_word' id='word_1_410' title='bbox 1078 3770 1226 3826; x_wconf 90' lang='lat' dir='ltr'><strong>dedit</strong></span> <span class='ocrx_word' id='word_1_411' title='bbox 1257 3769 1476 3824; x_wconf 85' lang='lat' dir='ltr'><strong>Patrem</strong></span> <span class='ocrx_word' id='word_1_412' title='bbox 1519 3770 1750 3824; x_wconf 84' lang='lat' dir='ltr'><strong>vocandi</strong></span> <span class='ocrx_word' id='word_1_413' title='bbox 1807 3769 2000 3837; x_wconf 87' lang='lat' dir='ltr'><strong>Deum,</strong></span> 
     </span>
    </p>
   </div>
   <div class='ocr_carea' id='block_1_58' title="bbox 419 3859 1999 3932">
    <p class='ocr_par' dir='ltr' id='par_1_58' title="bbox 419 3859 1999 3932">
     <span class='ocr_line' id='line_1_58' title="bbox 419 3859 1999 3932; baseline 0 -17"><span class='ocrx_word' id='word_1_414' title='bbox 419 3869 605 3931; x_wconf 87' lang='lat' dir='ltr'><strong>utpote</strong></span> <span class='ocrx_word' id='word_1_415' title='bbox 641 3860 733 3931; x_wconf 87' lang='lat' dir='ltr'><strong>qui</strong></span> <span class='ocrx_word' id='word_1_416' title='bbox 779 3860 1038 3932; x_wconf 79' lang='lat' dir='ltr'><strong>dignitate</strong></span> <span class='ocrx_word' id='word_1_417' title='bbox 1072 3859 1195 3915; x_wconf 85' lang='lat' dir='ltr'><strong>Filii</strong></span> <span class='ocrx_word' id='word_1_418' title='bbox 1239 3859 1631 3930; x_wconf 88' lang='lat' dir='ltr'><strong>locupletamur</strong></span> <span class='ocrx_word' id='word_1_419' title='bbox 1663 3877 1677 3915; x_wconf 93' lang='lat'><strong>:</strong></span> <span class='ocrx_word' id='word_1_420' title='bbox 1720 3861 1800 3916; x_wconf 88' lang='lat' dir='ltr'><strong>sic</strong></span> <span class='ocrx_word' id='word_1_421' title='bbox 1836 3862 1999 3917; x_wconf 86' lang='lat' dir='ltr'><strong>etiam</strong></span> 
     </span>
    </p>
   </div>
   <div class='ocr_carea' id='block_1_59' title="bbox 420 3954 2000 4023">
    <p class='ocr_par' dir='ltr' id='par_1_59' title="bbox 420 3954 2000 4023">
     <span class='ocr_line' id='line_1_59' title="bbox 420 3954 2000 4023; baseline 0.001 -15"><span class='ocrx_word' id='word_1_422' title='bbox 420 3954 535 4022; x_wconf 89' lang='lat' dir='ltr'><strong>ipse</strong></span> <span class='ocrx_word' id='word_1_423' title='bbox 599 3968 722 4009; x_wconf 92' lang='lat' dir='ltr'><strong>cum</strong></span> <span class='ocrx_word' id='word_1_424' title='bbox 781 3955 855 4008; x_wconf 88' lang='lat' dir='ltr'><strong>sit</strong></span> <span class='ocrx_word' id='word_1_425' title='bbox 908 3955 1285 4010; x_wconf 88' lang='lat' dir='ltr'><strong>universorum</strong></span> <span class='ocrx_word' id='word_1_426' title='bbox 1331 3960 1746 4023; x_wconf 84' lang='lat' dir='ltr'><strong>praeceptor,et</strong></span> <span class='ocrx_word' id='word_1_427' title='bbox 1808 3956 2000 4009; x_wconf 89' lang='lat' dir='ltr'><strong>sortito</strong></span> 
     </span>
    </p>
   </div>
   <div class='ocr_carea' id='block_1_60' title="bbox 419 4042 1999 4109">
    <p class='ocr_par' dir='ltr' id='par_1_60' title="bbox 419 4042 1999 4109">
     <span class='ocr_line' id='line_1_60' title="bbox 419 4042 1999 4109; baseline 0.001 -12"><span class='ocrx_word' id='word_1_428' title='bbox 419 4042 620 4098; x_wconf 85' lang='lat' dir='ltr'><strong>habeat</strong></span> <span class='ocrx_word' id='word_1_429' title='bbox 648 4044 835 4100; x_wconf 90' lang='lat' dir='ltr'><strong>orbem</strong></span> <span class='ocrx_word' id='word_1_430' title='bbox 851 4053 1144 4109; x_wconf 86' lang='lat' dir='ltr'><strong>terrarum,</strong></span> <span class='ocrx_word' id='word_1_431' title='bbox 1171 4043 1274 4097; x_wconf 86' lang='lat' dir='ltr'><strong>hoc</strong></span> <span class='ocrx_word' id='word_1_432' title='bbox 1295 4042 1443 4097; x_wconf 90' lang='lat' dir='ltr'><strong>dedit</strong></span> <span class='ocrx_word' id='word_1_433' title='bbox 1471 4042 1696 4109; x_wconf 88' lang='lat' dir='ltr'><strong>sanctis,</strong></span> <span class='ocrx_word' id='word_1_434' title='bbox 1722 4056 1817 4098; x_wconf 90' lang='lat' dir='ltr'><strong>eos</strong></span> <span class='ocrx_word' id='word_1_435' title='bbox 1840 4058 1999 4100; x_wconf 88' lang='lat' dir='ltr'><strong>coro-</strong></span> 
     </span>
    </p>
   </div>
   <div class='ocr_carea' id='block_1_61' title="bbox 419 4134 1998 4206">
    <p class='ocr_par' dir='ltr' id='par_1_61' title="bbox 419 4134 1998 4206">
     <span class='ocr_line' id='line_1_61' title="bbox 419 4134 1998 4206; baseline 0.003 -18"><span class='ocrx_word' id='word_1_436' title='bbox 419 4150 558 4191; x_wconf 89' lang='lat' dir='ltr'><strong>nans</strong></span> <span class='ocrx_word' id='word_1_437' title='bbox 610 4151 705 4190; x_wconf 85' lang='lat' dir='ltr'><strong>sua</strong></span> <span class='ocrx_word' id='word_1_438' title='bbox 756 4135 948 4206; x_wconf 88' lang='lat' dir='ltr'><strong>gloria,</strong></span> <span class='ocrx_word' id='word_1_439' title='bbox 989 4135 1115 4205; x_wconf 86' lang='lat' dir='ltr'><strong>quia</strong></span> <span class='ocrx_word' id='word_1_440' title='bbox 1166 4134 1337 4204; x_wconf 85' lang='lat' dir='ltr'><strong>ipsius</strong></span> <span class='ocrx_word' id='word_1_441' title='bbox 1409 4135 1708 4204; x_wconf 86' lang='lat' dir='ltr'><strong>cooperaril</strong></span> <span class='ocrx_word' id='word_1_442' title='bbox 1771 4136 1998 4194; x_wconf 80' lang='lat' dir='ltr'><strong>exstite-</strong></span> 
     </span>
    </p>
   </div>
   <div class='ocr_carea' id='block_1_62' title="bbox 420 4220 2000 4299">
    <p class='ocr_par' dir='ltr' id='par_1_62' title="bbox 420 4220 2000 4299">
     <span class='ocr_line' id='line_1_62' title="bbox 420 4220 2000 4299; baseline 0.003 -20"><span class='ocrx_word' id='word_1_443' title='bbox 420 4228 547 4293; x_wconf 86' lang='lat' dir='ltr'><strong>rinl,</strong></span> <span class='ocrx_word' id='word_1_444' title='bbox 573 4236 629 4284; x_wconf 89' lang='lat' dir='ltr'><strong>et</strong></span> <span class='ocrx_word' id='word_1_445' title='bbox 666 4227 886 4299; x_wconf 80' lang='lat' dir='ltr'><strong>ingenui</strong></span> <span class='ocrx_word' id='word_1_446' title='bbox 950 4220 1014 4282; x_wconf 84' lang='lat' dir='ltr'><strong>ac</strong></span> <span class='ocrx_word' id='word_1_447' title='bbox 1058 4225 1300 4297; x_wconf 85' lang='lat' dir='ltr'><strong>germani</strong></span> <span class='ocrx_word' id='word_1_448' title='bbox 1339 4226 1657 4296; x_wconf 89' lang='lat' dir='ltr'><strong>populorum</strong></span> <span class='ocrx_word' id='word_1_449' title='bbox 1693 4229 2000 4283; x_wconf 87' lang='lat' dir='ltr'><strong>moderato-</strong></span> 
     </span>
    </p>
   </div>
   <div class='ocr_carea' id='block_1_63' title="bbox 419 4316 1997 4388">
    <p class='ocr_par' dir='ltr' id='par_1_63' title="bbox 419 4316 1997 4388">
     <span class='ocr_line' id='line_1_63' title="bbox 419 4316 1997 4388; baseline 0.001 -16"><span class='ocrx_word' id='word_1_450' title='bbox 419 4333 529 4382; x_wconf 88' lang='lat' dir='ltr'><strong>res,</strong></span> <span class='ocrx_word' id='word_1_451' title='bbox 559 4317 760 4373; x_wconf 88' lang='lat' dir='ltr'><strong>multos</strong></span> <span class='ocrx_word' id='word_1_452' title='bbox 799 4317 998 4372; x_wconf 88' lang='lat' dir='ltr'><strong>lucrati</strong></span> <span class='ocrx_word' id='word_1_453' title='bbox 1044 4316 1263 4383; x_wconf 80' lang='lat' dir='ltr'><strong>fuerint,</strong></span> <span class='ocrx_word' id='word_1_454' title='bbox 1291 4316 1539 4371; x_wconf 86' lang='lat' dir='ltr'><strong>abductis</strong></span> <span class='ocrx_word' id='word_1_455' title='bbox 1586 4316 1673 4372; x_wconf 85' lang='lat' dir='ltr'><strong>his</strong></span> <span class='ocrx_word' id='word_1_456' title='bbox 1721 4333 1817 4388; x_wconf 88' lang='lat' dir='ltr'><strong>per</strong></span> <span class='ocrx_word' id='word_1_457' title='bbox 1837 4316 1997 4374; x_wconf 85' lang='lat' dir='ltr'><strong>ﬁdem</strong></span> 
     </span>
    </p>
   </div>
   <div class='ocr_carea' id='block_1_64' title="bbox 2104 1849 3699 1922">
    <p class='ocr_par' dir='ltr' id='par_1_64' title="bbox 2104 1849 3699 1922">
     <span class='ocr_line' id='line_1_64' title="bbox 2104 1849 3699 1922; baseline 0.002 -19"><span class='ocrx_word' id='word_1_458' title='bbox 2104 1849 2279 1917; x_wconf 89' lang='grc' dir='ltr'>ἁγίων</span> <span class='ocrx_word' id='word_1_459' title='bbox 2321 1850 2415 1902; x_wconf 74' lang='grc' dir='ltr'>καὶ</span> <span class='ocrx_word' id='word_1_460' title='bbox 2454 1849 2676 1918; x_wconf 83' lang='grc' dir='ltr'>ἀγαθῶν</span> <span class='ocrx_word' id='word_1_461' title='bbox 2726 1851 2910 1921; x_wconf 82' lang='grc' dir='ltr'>μήτηρ</span> <span class='ocrx_word' id='word_1_462' title='bbox 2957 1849 3051 1902; x_wconf 80' lang='grc' dir='ltr'>καὶ</span> <span class='ocrx_word' id='word_1_463' title='bbox 3103 1851 3304 1920; x_wconf 73' lang='grc' dir='ltr'>τροφὸς</span> <span class='ocrx_word' id='word_1_464' title='bbox 3342 1854 3374 1922; x_wconf 83' lang='grc' dir='ltr'>ή</span> <span class='ocrx_word' id='word_1_465' title='bbox 3424 1852 3482 1918; x_wconf 79' lang='grc' dir='ltr'>ἐξ</span> <span class='ocrx_word' id='word_1_466' title='bbox 3529 1852 3699 1906; x_wconf 90' lang='grc' dir='ltr'>ἐθνῶν</span> 
     </span>
    </p>
   </div>
   <div class='ocr_carea' id='block_1_65' title="bbox 2108 1939 3699 2014">
    <p class='ocr_par' dir='ltr' id='par_1_65' title="bbox 2108 1939 3699 2014">
     <span class='ocr_line' id='line_1_65' title="bbox 2108 1939 3699 2014; baseline 0.003 -21"><span class='ocrx_word' id='word_1_467' title='bbox 2108 1942 2332 2010; x_wconf 82' lang='grc' dir='ltr'>γέγονεν</span> <span class='ocrx_word' id='word_1_468' title='bbox 2373 1940 2694 2012; x_wconf 82' lang='grc' dir='ltr'>Ἐκκλησία,</span> <span class='ocrx_word' id='word_1_469' title='bbox 2745 1940 2997 1993; x_wconf 85' lang='grc' dir='ltr'>ἐκτὲτοκε</span> <span class='ocrx_word' id='word_1_470' title='bbox 3042 1939 3099 1993; x_wconf 77' lang='grc' dir='ltr'>δὲ</span> <span class='ocrx_word' id='word_1_471' title='bbox 3156 1941 3385 2006; x_wconf 81' lang='grc' dir='ltr'>πολλοὺς</span> <span class='ocrx_word' id='word_1_472' title='bbox 3431 1942 3699 2014; x_wconf 79' lang='grc' dir='ltr'>ἄρχοντάς</span> 
     </span>
    </p>
   </div>
   <div class='ocr_carea' id='block_1_66' title="bbox 2106 2031 3697 2106">
    <p class='ocr_par' dir='ltr' id='par_1_66' title="bbox 2106 2031 3697 2106">
     <span class='ocr_line' id='line_1_66' title="bbox 2106 2031 3697 2106; baseline 0.002 -20"><span class='ocrx_word' id='word_1_473' title='bbox 2106 2050 2167 2086; x_wconf 91' lang='grc' dir='ltr'><strong>τε</strong></span> <span class='ocrx_word' id='word_1_474' title='bbox 2200 2033 2295 2087; x_wconf 71' lang='grc' dir='ltr'>καὶ</span> <span class='ocrx_word' id='word_1_475' title='bbox 2333 2033 2674 2104; x_wconf 85' lang='grc' dir='ltr'>ἡγουμένους</span> <span class='ocrx_word' id='word_1_476' title='bbox 2719 2031 2895 2086; x_wconf 77' lang='grc' dir='ltr'>λαῶν’</span> <span class='ocrx_word' id='word_1_477' title='bbox 2926 2032 3067 2086; x_wconf 86' lang='grc' dir='ltr'>ῶστε</span> <span class='ocrx_word' id='word_1_478' title='bbox 3102 2033 3195 2087; x_wconf 70' lang='grc' dir='ltr'><strong>καὶ</strong></span> <span class='ocrx_word' id='word_1_479' title='bbox 3228 2033 3397 2088; x_wconf 84' lang='grc' dir='ltr'>ἐθνῶν</span> <span class='ocrx_word' id='word_1_480' title='bbox 3434 2036 3697 2106; x_wconf 77' lang='grc' dir='ltr'>καθηγεῖο</span> 
     </span>
    </p>
   </div>
   <div class='ocr_carea' id='block_1_67' title="bbox 2109 2122 3699 2198">
    <p class='ocr_par' dir='ltr' id='par_1_67' title="bbox 2109 2122 3699 2198">
     <span class='ocr_line' id='line_1_67' title="bbox 2109 2122 3699 2198; baseline -0.001 -20"><span class='ocrx_word' id='word_1_481' title='bbox 2109 2124 2232 2179; x_wconf 87' lang='grc' dir='ltr'>σθαι</span> <span class='ocrx_word' id='word_1_482' title='bbox 2266 2124 2500 2187; x_wconf 83' lang='grc' dir='ltr'>πολλῶν,</span> <span class='ocrx_word' id='word_1_483' title='bbox 2534 2123 2623 2176; x_wconf 85' lang='grc' dir='ltr'>διά</span> <span class='ocrx_word' id='word_1_484' title='bbox 2648 2141 2731 2177; x_wconf 87' lang='grc' dir='ltr'><strong>τοι</strong></span> <span class='ocrx_word' id='word_1_485' title='bbox 2756 2124 2817 2176; x_wconf 86' lang='grc' dir='ltr'>τὸ</span> <span class='ocrx_word' id='word_1_486' title='bbox 2847 2122 3105 2179; x_wconf 82' lang='grc' dir='ltr'>δύνασθαι</span> <span class='ocrx_word' id='word_1_487' title='bbox 3141 2126 3230 2179; x_wconf 74' lang='grc' dir='ltr'><strong>τὸν</strong></span> <span class='ocrx_word' id='word_1_488' title='bbox 3264 2126 3566 2197; x_wconf 84' lang='grc' dir='ltr'>ἀμώμητον</span> <span class='ocrx_word' id='word_1_489' title='bbox 3598 2129 3699 2198; x_wconf 83' lang='grc' dir='ltr'>τῆς</span> 
     </span>
    </p>
   </div>
   <div class='ocr_carea' id='block_1_68' title="bbox 2113 2213 3695 2288">
    <p class='ocr_par' dir='ltr' id='par_1_68' title="bbox 2113 2213 3695 2288">
     <span class='ocr_line' id='line_1_68' title="bbox 2113 2213 3695 2288; baseline 0.001 -20"><span class='ocrx_word' id='word_1_490' title='bbox 2113 2215 2504 2287; x_wconf 89' lang='grc' dir='ltr'>μυσταγωγίας</span> <span class='ocrx_word' id='word_1_491' title='bbox 2544 2213 2817 2267; x_wconf 82' lang='grc' dir='ltr'>ποιεῖσθαι</span> <span class='ocrx_word' id='word_1_492' title='bbox 2859 2214 3036 2283; x_wconf 89' lang='grc' dir='ltr'>λόγον,</span> <span class='ocrx_word' id='word_1_493' title='bbox 3066 2216 3161 2270; x_wconf 74' lang='grc' dir='ltr'>καὶ</span> <span class='ocrx_word' id='word_1_494' title='bbox 3193 2217 3516 2288; x_wconf 62' lang='grc' dir='ltr'>πιμενικῆς</span> <span class='ocrx_word' id='word_1_495' title='bbox 3542 2216 3695 2270; x_wconf 72' lang='lat' dir='ltr'><strong>ebu-</strong></span> 
     </span>
    </p>
   </div>
   <div class='ocr_carea' id='block_1_69' title="bbox 2106 2303 3698 2383">
    <p class='ocr_par' dir='ltr' id='par_1_69' title="bbox 2106 2303 3698 2383">
     <span class='ocr_line' id='line_1_69' title="bbox 2106 2303 3698 2383; baseline 0.002 -22"><span class='ocrx_word' id='word_1_496' title='bbox 2106 2309 2261 2379; x_wconf 87' lang='grc' dir='ltr'>χνίας</span> <span class='ocrx_word' id='word_1_497' title='bbox 2296 2309 2396 2362; x_wconf 76' lang='grc' dir='ltr'>οὐκ</span> <span class='ocrx_word' id='word_1_498' title='bbox 2421 2309 2691 2379; x_wconf 72' lang='grc' dir='ltr'>ἀμοιρεῖν.</span> <span class='ocrx_word' id='word_1_499' title='bbox 2739 2303 2835 2372; x_wconf 73' lang='grc' dir='ltr'>Οἷς</span> <span class='ocrx_word' id='word_1_500' title='bbox 2861 2310 2956 2362; x_wconf 83' lang='grc' dir='ltr'>καὶ</span> <span class='ocrx_word' id='word_1_501' title='bbox 2990 2309 3153 2373; x_wconf 81' lang='grc' dir='ltr'>αὐτὸς</span> <span class='ocrx_word' id='word_1_502' title='bbox 3190 2311 3218 2363; x_wconf 86' lang='grc' dir='ltr'>ὁ</span> <span class='ocrx_word' id='word_1_503' title='bbox 3247 2311 3463 2381; x_wconf 80' lang='grc' dir='ltr'>Σωτὴρ,</span> <span class='ocrx_word' id='word_1_504' title='bbox 3493 2310 3586 2364; x_wconf 79' lang='grc' dir='ltr'><strong>ἁτε</strong></span> <span class='ocrx_word' id='word_1_505' title='bbox 3630 2310 3698 2383; x_wconf 83' lang='grc' dir='ltr'>δὴ</span> 
     </span>
    </p>
   </div>
   <div class='ocr_carea' id='block_1_70' title="bbox 2104 2398 3696 2474">
    <p class='ocr_par' dir='ltr' id='par_1_70' title="bbox 2104 2398 3696 2474">
     <span class='ocr_line' id='line_1_70' title="bbox 2104 2398 3696 2474; baseline 0.002 -22"><span class='ocrx_word' id='word_1_506' title='bbox 2104 2401 2205 2469; x_wconf 84' lang='grc' dir='ltr'>τὴν</span> <span class='ocrx_word' id='word_1_507' title='bbox 2229 2399 2426 2452; x_wconf 73' lang='grc' dir='ltr'>εὐκλεᾶ</span> <span class='ocrx_word' id='word_1_508' title='bbox 2454 2400 2548 2452; x_wconf 81' lang='grc' dir='ltr'>καὶ</span> <span class='ocrx_word' id='word_1_509' title='bbox 2578 2398 2861 2470; x_wconf 72' lang='grc' dir='ltr'>εὐδόκιμον</span> <span class='ocrx_word' id='word_1_510' title='bbox 2889 2400 3280 2469; x_wconf 85' lang='grc' dir='ltr'>κατωρθωκόσι</span> <span class='ocrx_word' id='word_1_511' title='bbox 3305 2402 3477 2473; x_wconf 77' lang='grc' dir='ltr'>ζωὴν,</span> <span class='ocrx_word' id='word_1_512' title='bbox 3497 2402 3696 2474; x_wconf 84' lang='grc' dir='ltr'>κλῆρον</span> 
     </span>
    </p>
   </div>
   <div class='ocr_carea' id='block_1_71' title="bbox 2106 2489 3700 2561">
    <p class='ocr_par' dir='ltr' id='par_1_71' title="bbox 2106 2489 3700 2561">
     <span class='ocr_line' id='line_1_71' title="bbox 2106 2489 3700 2561; baseline 0.002 -20"><span class='ocrx_word' id='word_1_513' title='bbox 2106 2489 2525 2559; x_wconf 82' lang='grc' dir='ltr'>ἐπαγγέλλεται,</span> <span class='ocrx_word' id='word_1_514' title='bbox 2559 2490 2655 2542; x_wconf 80' lang='grc' dir='ltr'>καὶ</span> <span class='ocrx_word' id='word_1_515' title='bbox 2686 2491 2766 2553; x_wconf 87' lang='grc' dir='ltr'><strong>είς</strong></span> <span class='ocrx_word' id='word_1_516' title='bbox 2820 2490 2994 2545; x_wconf 72' lang='grc' dir='ltr'>αἰῶνα</span> <span class='ocrx_word' id='word_1_517' title='bbox 3017 2490 3108 2543; x_wconf 78' lang='grc' dir='ltr'>τὸν</span> <span class='ocrx_word' id='word_1_518' title='bbox 3168 2491 3430 2561; x_wconf 81' lang='grc' dir='ltr'>μέλλοντα</span> <span class='ocrx_word' id='word_1_519' title='bbox 3463 2492 3523 2545; x_wconf 84' lang='grc' dir='ltr'>τὸ</span> <span class='ocrx_word' id='word_1_520' title='bbox 3563 2490 3700 2547; x_wconf 87' lang='grc' dir='ltr'>καθ-</span> 
     </span>
    </p>
   </div>
   <div class='ocr_carea' id='block_1_72' title="bbox 2106 2581 3696 2657">
    <p class='ocr_par' dir='ltr' id='par_1_72' title="bbox 2106 2581 3696 2657">
     <span class='ocr_line' id='line_1_72' title="bbox 2106 2581 3696 2657; baseline 0 -21"><span class='ocrx_word' id='word_1_521' title='bbox 2106 2581 2355 2654; x_wconf 87' lang='grc' dir='ltr'>ηγεῖσθαι</span> <span class='ocrx_word' id='word_1_522' title='bbox 2386 2581 2550 2635; x_wconf 79' lang='grc' dir='ltr'>λαῶν.</span> <span class='ocrx_word' id='word_1_523' title='bbox 2572 2581 2660 2634; x_wconf 87' lang='grc' dir='ltr'>Ἐν</span> <span class='ocrx_word' id='word_1_524' title='bbox 2677 2581 2785 2652; x_wconf 84' lang='grc' dir='ltr'>γάρ</span> <span class='ocrx_word' id='word_1_525' title='bbox 2809 2598 2891 2634; x_wconf 88' lang='grc' dir='ltr'><strong>τοι</strong></span> <span class='ocrx_word' id='word_1_526' title='bbox 2910 2584 2987 2652; x_wconf 70' lang='grc' dir='ltr'><strong>,τῇ</strong></span> <span class='ocrx_word' id='word_1_527' title='bbox 3014 2581 3122 2634; x_wconf 88' lang='grc' dir='ltr'><strong>τῶν</strong></span> <span class='ocrx_word' id='word_1_528' title='bbox 3148 2581 3425 2635; x_wconf 85' lang='grc' dir='ltr'>ταλάντων</span> <span class='ocrx_word' id='word_1_529' title='bbox 3443 2582 3696 2657; x_wconf 75' lang='grc' dir='ltr'>διανομῇ,</span> 
     </span>
    </p>
   </div>
   <div class='ocr_carea' id='block_1_73' title="bbox 2105 2671 3696 2745">
    <p class='ocr_par' dir='ltr' id='par_1_73' title="bbox 2105 2671 3696 2745">
     <span class='ocr_line' id='line_1_73' title="bbox 2105 2671 3696 2745; baseline 0 -18"><span class='ocrx_word' id='word_1_530' title='bbox 2105 2679 2216 2737; x_wconf 82' lang='grc' dir='ltr'>τοῖς</span> <span class='ocrx_word' id='word_1_531' title='bbox 2251 2675 2618 2744; x_wconf 84' lang='grc' dir='ltr'>προσάγουσιν</span> <span class='ocrx_word' id='word_1_532' title='bbox 2673 2674 2732 2726; x_wconf 88' lang='grc' dir='ltr'><strong>ἐν</strong></span> <span class='ocrx_word' id='word_1_533' title='bbox 2772 2672 2943 2743; x_wconf 83' lang='grc' dir='ltr'>διπλῷ</span> <span class='ocrx_word' id='word_1_534' title='bbox 2973 2674 3031 2725; x_wconf 84' lang='grc' dir='ltr'>τὸ</span> <span class='ocrx_word' id='word_1_535' title='bbox 3072 2671 3242 2737; x_wconf 81' lang='grc' dir='ltr'>δοθὲν,</span> <span class='ocrx_word' id='word_1_536' title='bbox 3275 2690 3293 2724; x_wconf 81' lang='grc' dir='ltr'><strong>ι</strong></span> <span class='ocrx_word' id='word_1_537' title='bbox 3323 2672 3475 2738; x_wconf 86' lang='grc' dir='ltr'>Ἐσο,</span> <span class='ocrx_word' id='word_1_538' title='bbox 3510 2675 3696 2745; x_wconf 68' lang='grc' dir='ltr'>φησιν,</span> 
     </span>
    </p>
   </div>
   <div class='ocr_carea' id='block_1_74' title="bbox 2106 2759 3696 2835">
    <p class='ocr_par' dir='ltr' id='par_1_74' title="bbox 2106 2759 3696 2835">
     <span class='ocr_line' id='line_1_74' title="bbox 2106 2759 3696 2835; baseline -0.001 -16"><span class='ocrx_word' id='word_1_539' title='bbox 2106 2766 2293 2819; x_wconf 85' lang='grc' dir='ltr'>ἐπάνω</span> <span class='ocrx_word' id='word_1_540' title='bbox 2315 2766 2448 2819; x_wconf 75' lang='grc' dir='ltr'>δέκα</span> <span class='ocrx_word' id='word_1_541' title='bbox 2470 2765 2700 2818; x_wconf 87' lang='grc' dir='ltr'>πόλεων·</span> <span class='ocrx_word' id='word_1_542' title='bbox 2730 2764 2931 2835; x_wconf 75' lang='grc' dir='ltr'>ιέτέρῳ</span> <span class='ocrx_word' id='word_1_543' title='bbox 2951 2764 3007 2817; x_wconf 81' lang='grc' dir='ltr'>δὲ</span> <span class='ocrx_word' id='word_1_544' title='bbox 3028 2759 3119 2826; x_wconf 78' lang='grc' dir='ltr'>αὖ,</span> <span class='ocrx_word' id='word_1_545' title='bbox 3133 2783 3150 2815; x_wconf 75' lang='grc' dir='ltr'><strong>ι</strong></span> <span class='ocrx_word' id='word_1_546' title='bbox 3167 2765 3299 2817; x_wconf 86' lang='grc' dir='ltr'><strong>Ἐσο</strong></span> <span class='ocrx_word' id='word_1_547' title='bbox 3315 2765 3500 2819; x_wconf 81' lang='grc' dir='ltr'>ἐπάνω</span> <span class='ocrx_word' id='word_1_548' title='bbox 3533 2765 3696 2819; x_wconf 78' lang='grc' dir='ltr'>πέντε</span> 
     </span>
    </p>
   </div>
   <div class='ocr_carea' id='block_1_75' title="bbox 2106 2853 3693 2933">
    <p class='ocr_par' dir='ltr' id='par_1_75' title="bbox 2106 2853 3693 2933">
     <span class='ocr_line' id='line_1_75' title="bbox 2106 2853 3693 2933; baseline 0.001 -24"><span class='ocrx_word' id='word_1_549' title='bbox 2106 2857 2369 2911; x_wconf 74' lang='grc' dir='ltr'>πόλεων.»</span> <span class='ocrx_word' id='word_1_550' title='bbox 2399 2855 2609 2909; x_wconf 79' lang='grc' dir='ltr'>Οὐκοῦν</span> <span class='ocrx_word' id='word_1_551' title='bbox 2639 2854 2767 2926; x_wconf 78' lang='grc' dir='ltr'>ἔθνη</span> <span class='ocrx_word' id='word_1_552' title='bbox 2815 2855 3215 2933; x_wconf 62' lang='grc' dir='ltr'>κληρονομήσει</span> <span class='ocrx_word' id='word_1_553' title='bbox 3243 2853 3302 2907; x_wconf 80' lang='grc' dir='ltr'>τὸ</span> <span class='ocrx_word' id='word_1_554' title='bbox 3324 2856 3547 2926; x_wconf 87' lang='grc' dir='ltr'>σπέρμα</span> <span class='ocrx_word' id='word_1_555' title='bbox 3576 2873 3693 2911; x_wconf 89' lang='grc' dir='ltr'>σου.</span> 
     </span>
    </p>
   </div>
   <div class='ocr_carea' id='block_1_76' title="bbox 2107 2945 3695 3020">
    <p class='ocr_par' dir='ltr' id='par_1_76' title="bbox 2107 2945 3695 3020">
     <span class='ocr_line' id='line_1_76' title="bbox 2107 2945 3695 3020; baseline -0.002 -16"><span class='ocrx_word' id='word_1_556' title='bbox 2107 2950 2315 3020; x_wconf 79' lang='grc' dir='ltr'>Πρέποι</span> <span class='ocrx_word' id='word_1_557' title='bbox 2334 2949 2378 3003; x_wconf 83' lang='grc' dir='ltr'>δ’</span> <span class='ocrx_word' id='word_1_558' title='bbox 2408 2949 2473 3002; x_wconf 82' lang='grc' dir='ltr'>ἂν</span> <span class='ocrx_word' id='word_1_559' title='bbox 2494 2948 2671 3011; x_wconf 89' lang='grc' dir='ltr'>τοῦτο,</span> <span class='ocrx_word' id='word_1_560' title='bbox 2706 2947 2960 3017; x_wconf 78' lang='grc' dir='ltr'>καθάπερ</span> <span class='ocrx_word' id='word_1_561' title='bbox 2987 2945 3121 3017; x_wconf 73' lang='grc' dir='ltr'>ἔφην</span> <span class='ocrx_word' id='word_1_562' title='bbox 3146 2946 3370 3019; x_wconf 81' lang='grc' dir='ltr'>ἀρτίως,</span> <span class='ocrx_word' id='word_1_563' title='bbox 3395 2950 3506 3011; x_wconf 87' lang='grc' dir='ltr'>τοῖς</span> <span class='ocrx_word' id='word_1_564' title='bbox 3528 2950 3695 3019; x_wconf 82' lang='grc' dir='ltr'>ἡγου-</span> 
     </span>
    </p>
   </div>
   <div class='ocr_carea' id='block_1_77' title="bbox 2111 3038 3698 3112">
    <p class='ocr_par' dir='ltr' id='par_1_77' title="bbox 2111 3038 3698 3112">
     <span class='ocr_line' id='line_1_77' title="bbox 2111 3038 3698 3112; baseline -0.001 -19"><span class='ocrx_word' id='word_1_565' title='bbox 2111 3040 2293 3112; x_wconf 85' lang='grc' dir='ltr'>μένοις</span> <span class='ocrx_word' id='word_1_566' title='bbox 2322 3038 2677 3110; x_wconf 84' lang='grc' dir='ltr'>Ἐκκλησιῶν,</span> <span class='ocrx_word' id='word_1_567' title='bbox 2698 3039 2747 3091; x_wconf 84' lang='grc' dir='ltr'>οἳ</span> <span class='ocrx_word' id='word_1_568' title='bbox 2762 3038 2826 3109; x_wconf 87' lang='grc' dir='ltr'>δὴ</span> <span class='ocrx_word' id='word_1_569' title='bbox 2845 3038 2936 3091; x_wconf 85' lang='grc' dir='ltr'><strong>καί</strong></span> <span class='ocrx_word' id='word_1_570' title='bbox 2954 3055 3116 3106; x_wconf 81' lang='grc' dir='ltr'>φασιν</span> <span class='ocrx_word' id='word_1_571' title='bbox 3138 3040 3201 3091; x_wconf 93' lang='grc' dir='ltr'><strong>ἐκ</strong></span> <span class='ocrx_word' id='word_1_572' title='bbox 3223 3040 3578 3112; x_wconf 81' lang='grc' dir='ltr'>περιχαρείας</span> <span class='ocrx_word' id='word_1_573' title='bbox 3597 3040 3698 3109; x_wconf 83' lang='grc' dir='ltr'>τῆς</span> 
     </span>
    </p>
   </div>
   <div class='ocr_carea' id='block_1_78' title="bbox 2112 3130 3699 3204">
    <p class='ocr_par' dir='ltr' id='par_1_78' title="bbox 2112 3130 3699 3204">
     <span class='ocr_line' id='line_1_78' title="bbox 2112 3130 3699 3204; baseline -0.002 -16"><span class='ocrx_word' id='word_1_574' title='bbox 2112 3134 2269 3204; x_wconf 76' lang='grc' dir='ltr'>ἄγαν·</span> <span class='ocrx_word' id='word_1_575' title='bbox 2291 3152 2310 3185; x_wconf 81' lang='grc' dir='ltr'><strong>ι</strong></span> <span class='ocrx_word' id='word_1_576' title='bbox 2342 3132 2605 3197; x_wconf 78' lang='grc' dir='ltr'>Ύπὲταξε</span> <span class='ocrx_word' id='word_1_577' title='bbox 2618 3131 2781 3195; x_wconf 79' lang='grc' dir='ltr'>λαοὺς</span> <span class='ocrx_word' id='word_1_578' title='bbox 2818 3132 2969 3202; x_wconf 82' lang='grc' dir='ltr'>ἡμῖν,</span> <span class='ocrx_word' id='word_1_579' title='bbox 2988 3131 3083 3184; x_wconf 73' lang='grc' dir='ltr'>καὶ</span> <span class='ocrx_word' id='word_1_580' title='bbox 3109 3130 3237 3201; x_wconf 83' lang='grc' dir='ltr'>ἐθνη</span> <span class='ocrx_word' id='word_1_581' title='bbox 3267 3131 3371 3184; x_wconf 82' lang='grc' dir='ltr'><strong>ὑπὸ</strong></span> <span class='ocrx_word' id='word_1_582' title='bbox 3386 3133 3512 3196; x_wconf 81' lang='grc' dir='ltr'>τοὺς</span> <span class='ocrx_word' id='word_1_583' title='bbox 3531 3132 3699 3195; x_wconf 78' lang='grc' dir='ltr'>πόδας</span> 
     </span>
    </p>
   </div>
   <div class='ocr_carea' id='block_1_79' title="bbox 2110 3221 3692 3297">
    <p class='ocr_par' dir='ltr' id='par_1_79' title="bbox 2110 3221 3692 3297">
     <span class='ocr_line' id='line_1_79' title="bbox 2110 3221 3692 3297; baseline -0.003 -20"><span class='ocrx_word' id='word_1_584' title='bbox 2110 3224 2300 3297; x_wconf 82' lang='grc' dir='ltr'>ἡμῶν.</span> <span class='ocrx_word' id='word_1_585' title='bbox 2352 3223 2660 3289; x_wconf 76' lang='grc' dir='ltr'>Ἐξελέξατο</span> <span class='ocrx_word' id='word_1_586' title='bbox 2703 3223 2835 3294; x_wconf 78' lang='grc' dir='ltr'>ἡμῖν</span> <span class='ocrx_word' id='word_1_587' title='bbox 2877 3222 2975 3292; x_wconf 82' lang='grc' dir='ltr'>τὴν</span> <span class='ocrx_word' id='word_1_588' title='bbox 3022 3221 3390 3294; x_wconf 88' lang='grc' dir='ltr'>κληρονομίαν</span> <span class='ocrx_word' id='word_1_589' title='bbox 3446 3221 3692 3275; x_wconf 80' lang='grc' dir='ltr'>ἐαυτοῦ.»</span> 
     </span>
    </p>
   </div>
   <div class='ocr_carea' id='block_1_80' title="bbox 2114 3308 3697 3383">
    <p class='ocr_par' dir='ltr' id='par_1_80' title="bbox 2114 3308 3697 3383">
     <span class='ocr_line' id='line_1_80' title="bbox 2114 3308 3697 3383; baseline -0.004 -15"><span class='ocrx_word' id='word_1_590' title='bbox 2114 3314 2233 3383; x_wconf 81' lang='grc' dir='ltr'><strong>Κλῆ</strong></span> <span class='ocrx_word' id='word_1_591' title='bbox 2243 3329 2333 3383; x_wconf 91' lang='grc' dir='ltr'><strong>ρος</strong></span> <span class='ocrx_word' id='word_1_592' title='bbox 2372 3312 2469 3382; x_wconf 86' lang='grc' dir='ltr'><strong>μέν</strong></span> <span class='ocrx_word' id='word_1_593' title='bbox 2505 3312 2615 3382; x_wconf 74' lang='grc' dir='ltr'>γὰρ</span> <span class='ocrx_word' id='word_1_594' title='bbox 2640 3313 2668 3365; x_wconf 87' lang='grc' dir='ltr'><strong>ό</strong></span> <span class='ocrx_word' id='word_1_595' title='bbox 2705 3311 2852 3382; x_wconf 85' lang='grc' dir='ltr'>μόνῳ</span> <span class='ocrx_word' id='word_1_596' title='bbox 2881 3311 2977 3363; x_wconf 74' lang='grc' dir='ltr'>καὶ</span> <span class='ocrx_word' id='word_1_597' title='bbox 3001 3308 3216 3381; x_wconf 86' lang='grc' dir='ltr'>ἀληθῶς</span> <span class='ocrx_word' id='word_1_598' title='bbox 3243 3311 3697 3379; x_wconf 84' lang='grc' dir='ltr'>πρεπωδέστατος</span> 
     </span>
    </p>
   </div>
   <div class='ocr_carea' id='block_1_81' title="bbox 2113 3401 3698 3476">
    <p class='ocr_par' dir='ltr' id='par_1_81' title="bbox 2113 3401 3698 3476">
     <span class='ocr_line' id='line_1_81' title="bbox 2113 3401 3698 3476; baseline -0.003 -18"><span class='ocrx_word' id='word_1_599' title='bbox 2113 3403 2333 3476; x_wconf 78' lang='grc' dir='ltr'>Χριστῷ</span> <span class='ocrx_word' id='word_1_600' title='bbox 2352 3404 2408 3457; x_wconf 80' lang='grc' dir='ltr'>τὸ</span> <span class='ocrx_word' id='word_1_601' title='bbox 2421 3402 2779 3474; x_wconf 84' lang='grc' dir='ltr'>καθηγεῖσθαι</span> <span class='ocrx_word' id='word_1_602' title='bbox 2795 3402 2905 3456; x_wconf 90' lang='grc' dir='ltr'><strong>τῶν</strong></span> <span class='ocrx_word' id='word_1_603' title='bbox 2928 3401 3122 3455; x_wconf 80' lang='grc' dir='ltr'>ἄλλων.</span> <span class='ocrx_word' id='word_1_604' title='bbox 3140 3403 3239 3454; x_wconf 84' lang='grc' dir='ltr'><strong>Διὰ</strong></span> <span class='ocrx_word' id='word_1_605' title='bbox 3252 3401 3411 3455; x_wconf 91' lang='grc' dir='ltr'>τοῦτο</span> <span class='ocrx_word' id='word_1_606' title='bbox 3422 3402 3514 3455; x_wconf 74' lang='grc' dir='ltr'><strong>καὶ</strong></span> <span class='ocrx_word' id='word_1_607' title='bbox 3530 3418 3698 3474; x_wconf 83' lang='grc' dir='ltr'>προσ-</span> 
     </span>
    </p>
   </div>
   <div class='ocr_carea' id='block_1_82' title="bbox 2110 3489 3695 3568">
    <p class='ocr_par' dir='ltr' id='par_1_82' title="bbox 2110 3489 3695 3568">
     <span class='ocr_line' id='line_1_82' title="bbox 2110 3489 3695 3568; baseline -0.001 -19"><span class='ocrx_word' id='word_1_608' title='bbox 2110 3497 2301 3567; x_wconf 85' lang='grc' dir='ltr'>τέταχε</span> <span class='ocrx_word' id='word_1_609' title='bbox 2321 3495 2509 3568; x_wconf 75' lang='grc' dir='ltr'>μηδενὶ</span> <span class='ocrx_word' id='word_1_610' title='bbox 2531 3496 2711 3565; x_wconf 89' lang='grc' dir='ltr'>λέγειν</span> <span class='ocrx_word' id='word_1_611' title='bbox 2730 3512 2744 3527; x_wconf 72' lang='grc' dir='ltr'>σ</span> <span class='ocrx_word' id='word_1_612' title='bbox 2781 3495 2969 3547; x_wconf 85' lang='grc' dir='ltr'>Ῥα66ί</span> <span class='ocrx_word' id='word_1_613' title='bbox 2984 3510 3002 3525; x_wconf 75' lang='grc' dir='ltr'><strong>ο</strong></span> <span class='ocrx_word' id='word_1_614' title='bbox 3029 3512 3046 3545; x_wconf 78' lang='grc' dir='ltr'><strong>ι</strong></span> <span class='ocrx_word' id='word_1_615' title='bbox 3069 3489 3163 3558; x_wconf 72' lang='grc' dir='ltr'>Εἷς</span> <span class='ocrx_word' id='word_1_616' title='bbox 3179 3494 3286 3566; x_wconf 74' lang='grc' dir='ltr'>γάρ</span> <span class='ocrx_word' id='word_1_617' title='bbox 3310 3496 3482 3560; x_wconf 59' lang='lat' dir='ltr'><strong>sort,»</strong></span> <span class='ocrx_word' id='word_1_618' title='bbox 3511 3496 3695 3565; x_wconf 70' lang='grc' dir='ltr'>φησιν,</span> 
     </span>
    </p>
   </div>
   <div class='ocr_carea' id='block_1_83' title="bbox 2116 3584 3694 3660">
    <p class='ocr_par' dir='ltr' id='par_1_83' title="bbox 2116 3584 3694 3660">
     <span class='ocr_line' id='line_1_83' title="bbox 2116 3584 3694 3660; baseline 0.001 -21"><span class='ocrx_word' id='word_1_619' title='bbox 2116 3607 2135 3639; x_wconf 81' lang='grc' dir='ltr'><strong>ι</strong></span> <span class='ocrx_word' id='word_1_620' title='bbox 2166 3587 2319 3659; x_wconf 82' lang='grc' dir='ltr'>ὑμῶν</span> <span class='ocrx_word' id='word_1_621' title='bbox 2333 3587 2650 3660; x_wconf 79' lang='grc' dir='ltr'>καθηγητὴς</span> <span class='ocrx_word' id='word_1_622' title='bbox 2665 3588 2692 3639; x_wconf 86' lang='grc' dir='ltr'><strong>ό</strong></span> <span class='ocrx_word' id='word_1_623' title='bbox 2711 3588 2755 3640; x_wconf 88' lang='grc' dir='ltr'>Χ</span> <span class='ocrx_word' id='word_1_624' title='bbox 2763 3586 2964 3658; x_wconf 87' lang='grc' dir='ltr'>ριστός.</span> <span class='ocrx_word' id='word_1_625' title='bbox 2979 3604 2998 3637; x_wconf 74' lang='grc' dir='ltr'><strong>ι</strong></span> <span class='ocrx_word' id='word_1_626' title='bbox 3018 3584 3159 3638; x_wconf 79' lang='grc' dir='ltr'>Ἀλλ’</span> <span class='ocrx_word' id='word_1_627' title='bbox 3176 3585 3327 3639; x_wconf 88' lang='grc' dir='ltr'>ῶσπε</span> <span class='ocrx_word' id='word_1_628' title='bbox 3336 3603 3368 3658; x_wconf 96' lang='grc' dir='ltr'><strong>ρ</strong></span> <span class='ocrx_word' id='word_1_629' title='bbox 3384 3587 3498 3656; x_wconf 75' lang='grc' dir='ltr'><strong>φῶς</strong></span> <span class='ocrx_word' id='word_1_630' title='bbox 3516 3588 3694 3659; x_wconf 82' lang='grc' dir='ltr'>ὑπάρ-</span> 
     </span>
    </p>
   </div>
   <div class='ocr_carea' id='block_1_84' title="bbox 2106 3677 3697 3752">
    <p class='ocr_par' dir='ltr' id='par_1_84' title="bbox 2106 3677 3697 3752">
     <span class='ocr_line' id='line_1_84' title="bbox 2106 3677 3697 3752; baseline -0.002 -17"><span class='ocrx_word' id='word_1_631' title='bbox 2106 3698 2219 3752; x_wconf 87' lang='grc' dir='ltr'><strong>χων</strong></span> <span class='ocrx_word' id='word_1_632' title='bbox 2258 3681 2419 3744; x_wconf 77' lang='grc' dir='ltr'>αὐτὸς</span> <span class='ocrx_word' id='word_1_633' title='bbox 2461 3681 2522 3733; x_wconf 84' lang='grc' dir='ltr'>τὸ</span> <span class='ocrx_word' id='word_1_634' title='bbox 2567 3678 2846 3750; x_wconf 83' lang='grc' dir='ltr'>ἀληθινὸν,</span> <span class='ocrx_word' id='word_1_635' title='bbox 2892 3677 3009 3749; x_wconf 83' lang='grc' dir='ltr'><strong>φῶς</strong></span> <span class='ocrx_word' id='word_1_636' title='bbox 3057 3679 3285 3733; x_wconf 83' lang='grc' dir='ltr'>ἐκάλεσε</span> <span class='ocrx_word' id='word_1_637' title='bbox 3333 3681 3457 3743; x_wconf 79' lang='grc' dir='ltr'>τοὺς</span> <span class='ocrx_word' id='word_1_638' title='bbox 3507 3680 3697 3748; x_wconf 87' lang='grc' dir='ltr'>ἁγίους</span> 
     </span>
    </p>
   </div>
   <div class='ocr_carea' id='block_1_85' title="bbox 2106 3768 3695 3844">
    <p class='ocr_par' dir='ltr' id='par_1_85' title="bbox 2106 3768 3695 3844">
     <span class='ocr_line' id='line_1_85' title="bbox 2106 3768 3695 3844; baseline -0.002 -20"><span class='ocrx_word' id='word_1_639' title='bbox 2106 3771 2471 3837; x_wconf 81' lang='grc' dir='ltr'>ἀποστόλους,</span> <span class='ocrx_word' id='word_1_640' title='bbox 2511 3770 2609 3824; x_wconf 83' lang='grc' dir='ltr'>καὶ</span> <span class='ocrx_word' id='word_1_641' title='bbox 2652 3769 2841 3844; x_wconf 86' lang='grc' dir='ltr'>ῶσπερ</span> <span class='ocrx_word' id='word_1_642' title='bbox 2881 3768 3042 3833; x_wconf 81' lang='grc' dir='ltr'>αὐτὸς</span> <span class='ocrx_word' id='word_1_643' title='bbox 3086 3768 3161 3823; x_wconf 89' lang='grc' dir='ltr'><strong>ῶν</strong></span> <span class='ocrx_word' id='word_1_644' title='bbox 3195 3769 3355 3839; x_wconf 75' lang='grc' dir='ltr'>φύσει</span> <span class='ocrx_word' id='word_1_645' title='bbox 3395 3770 3488 3823; x_wconf 81' lang='grc' dir='ltr'>καὶ</span> <span class='ocrx_word' id='word_1_646' title='bbox 3532 3769 3695 3840; x_wconf 86' lang='grc' dir='ltr'>μόνος</span> 
     </span>
    </p>
   </div>
   <div class='ocr_carea' id='block_1_86' title="bbox 2107 3859 3695 3933">
    <p class='ocr_par' dir='ltr' id='par_1_86' title="bbox 2107 3859 3695 3933">
     <span class='ocr_line' id='line_1_86' title="bbox 2107 3859 3695 3933; baseline -0.003 -16"><span class='ocrx_word' id='word_1_647' title='bbox 2107 3862 2323 3933; x_wconf 82' lang='grc' dir='ltr'>ἀληθῶς</span> <span class='ocrx_word' id='word_1_648' title='bbox 2346 3862 2495 3926; x_wconf 75' lang='grc' dir='ltr'>Υἱὸς,</span> <span class='ocrx_word' id='word_1_649' title='bbox 2514 3862 2745 3916; x_wconf 81' lang='grc' dir='ltr'>δέδωκεν</span> <span class='ocrx_word' id='word_1_650' title='bbox 2773 3863 2904 3933; x_wconf 77' lang='grc' dir='ltr'>ἡμῖν</span> <span class='ocrx_word' id='word_1_651' title='bbox 2931 3861 3177 3930; x_wconf 79' lang='grc' dir='ltr'>ἐξουσίαν</span> <span class='ocrx_word' id='word_1_652' title='bbox 3197 3865 3308 3925; x_wconf 84' lang='grc' dir='ltr'>τοῖς</span> <span class='ocrx_word' id='word_1_653' title='bbox 3343 3859 3695 3915; x_wconf 80' lang='grc' dir='ltr'>πιστεύσασιν</span> 
     </span>
    </p>
   </div>
   <div class='ocr_carea' id='block_1_87' title="bbox 2108 3952 3694 4027">
    <p class='ocr_par' dir='ltr' id='par_1_87' title="bbox 2108 3952 3694 4027">
     <span class='ocr_line' id='line_1_87' title="bbox 2108 3952 3694 4027; baseline -0.001 -20"><span class='ocrx_word' id='word_1_654' title='bbox 2108 3956 2186 4018; x_wconf 84' lang='grc' dir='ltr'><strong>είς</strong></span> <span class='ocrx_word' id='word_1_655' title='bbox 2213 3956 2398 4015; x_wconf 79' lang='grc' dir='ltr'>αὑτὸν,</span> <span class='ocrx_word' id='word_1_656' title='bbox 2434 3955 2655 4027; x_wconf 83' lang='grc' dir='ltr'>Πατέρα</span> <span class='ocrx_word' id='word_1_657' title='bbox 2685 3954 2869 4008; x_wconf 88' lang='grc' dir='ltr'>καλεῖν</span> <span class='ocrx_word' id='word_1_658' title='bbox 2915 3955 3005 4008; x_wconf 79' lang='grc' dir='ltr'>τὸν</span> <span class='ocrx_word' id='word_1_659' title='bbox 3046 3955 3198 4022; x_wconf 82' lang='grc' dir='ltr'>Θεὸν,</span> <span class='ocrx_word' id='word_1_660' title='bbox 3250 3954 3343 4009; x_wconf 76' lang='grc' dir='ltr'>ἅτε</span> <span class='ocrx_word' id='word_1_661' title='bbox 3397 3952 3461 4023; x_wconf 80' lang='grc' dir='ltr'>δὴ</span> <span class='ocrx_word' id='word_1_662' title='bbox 3487 3953 3547 4006; x_wconf 82' lang='grc' dir='ltr'>τὸ</span> <span class='ocrx_word' id='word_1_663' title='bbox 3593 3953 3694 4024; x_wconf 82' lang='grc' dir='ltr'>τῆς</span> 
     </span>
    </p>
   </div>
   <div class='ocr_carea' id='block_1_88' title="bbox 2114 4045 3698 4125">
    <p class='ocr_par' dir='ltr' id='par_1_88' title="bbox 2114 4045 3698 4125">
     <span class='ocr_line' id='line_1_88' title="bbox 2114 4045 3698 4125; baseline 0 -26"><span class='ocrx_word' id='word_1_664' title='bbox 2114 4048 2360 4120; x_wconf 79' lang='grc' dir='ltr'>υίότητος</span> <span class='ocrx_word' id='word_1_665' title='bbox 2392 4046 2718 4102; x_wconf 86' lang='grc' dir='ltr'>πλουτοῦσιν</span> <span class='ocrx_word' id='word_1_666' title='bbox 2757 4047 3007 4125; x_wconf 72' lang='grc' dir='ltr'>ἁξίωμα’</span> <span class='ocrx_word' id='word_1_667' title='bbox 3032 4049 3175 4101; x_wconf 75' lang='grc' dir='ltr'>οὕτω</span> <span class='ocrx_word' id='word_1_668' title='bbox 3207 4047 3302 4101; x_wconf 76' lang='grc' dir='ltr'>καὶ</span> <span class='ocrx_word' id='word_1_669' title='bbox 3334 4045 3497 4109; x_wconf 76' lang='grc' dir='ltr'>αὐτὸς</span> <span class='ocrx_word' id='word_1_670' title='bbox 3520 4045 3698 4115; x_wconf 82' lang='grc' dir='ltr'>ὑπάρ-</span> 
     </span>
    </p>
   </div>
   <div class='ocr_carea' id='block_1_89' title="bbox 2106 4134 3694 4209">
    <p class='ocr_par' dir='ltr' id='par_1_89' title="bbox 2106 4134 3694 4209">
     <span class='ocr_line' id='line_1_89' title="bbox 2106 4134 3694 4209; baseline -0.001 -20"><span class='ocrx_word' id='word_1_671' title='bbox 2106 4154 2216 4208; x_wconf 88' lang='grc' dir='ltr'><strong>χων</strong></span> <span class='ocrx_word' id='word_1_672' title='bbox 2244 4136 2352 4191; x_wconf 87' lang='grc' dir='ltr'><strong>τῶν</strong></span> <span class='ocrx_word' id='word_1_673' title='bbox 2379 4136 2517 4191; x_wconf 77' lang='grc' dir='ltr'>ὅλων</span> <span class='ocrx_word' id='word_1_674' title='bbox 2550 4137 2891 4209; x_wconf 77' lang='grc' dir='ltr'>καθηγητὴς,</span> <span class='ocrx_word' id='word_1_675' title='bbox 2940 4137 3036 4191; x_wconf 71' lang='grc' dir='ltr'>καὶ</span> <span class='ocrx_word' id='word_1_676' title='bbox 3072 4137 3273 4208; x_wconf 80' lang='grc' dir='ltr'>κλῆρον</span> <span class='ocrx_word' id='word_1_677' title='bbox 3303 4136 3442 4206; x_wconf 75' lang='grc' dir='ltr'>ἔχων</span> <span class='ocrx_word' id='word_1_678' title='bbox 3475 4135 3574 4204; x_wconf 75' lang='grc' dir='ltr'>τὴν</span> <span class='ocrx_word' id='word_1_679' title='bbox 3602 4134 3694 4187; x_wconf 80' lang='grc' dir='ltr'><strong>ὑπ’</strong></span> 
     </span>
    </p>
   </div>
   <div class='ocr_carea' id='block_1_90' title="bbox 2105 4224 3695 4300">
    <p class='ocr_par' dir='ltr' id='par_1_90' title="bbox 2105 4224 3695 4300">
     <span class='ocr_line' id='line_1_90' title="bbox 2105 4224 3695 4300; baseline -0.003 -19"><span class='ocrx_word' id='word_1_680' title='bbox 2105 4228 2356 4299; x_wconf 82' lang='grc' dir='ltr'>οὐρανὸν,</span> <span class='ocrx_word' id='word_1_681' title='bbox 2384 4228 2585 4281; x_wconf 78' lang='grc' dir='ltr'>δέδωκε</span> <span class='ocrx_word' id='word_1_682' title='bbox 2623 4230 2737 4291; x_wconf 89' lang='grc' dir='ltr'>τοῖς</span> <span class='ocrx_word' id='word_1_683' title='bbox 2773 4228 2950 4297; x_wconf 83' lang='grc' dir='ltr'>ἁγίοις</span> <span class='ocrx_word' id='word_1_684' title='bbox 2978 4228 3041 4282; x_wconf 79' lang='grc' dir='ltr'><strong>τὸ</strong></span> <span class='ocrx_word' id='word_1_685' title='bbox 3083 4230 3295 4300; x_wconf 83' lang='grc' dir='ltr'>χρῆμα,</span> <span class='ocrx_word' id='word_1_686' title='bbox 3322 4225 3447 4300; x_wconf 80' lang='grc' dir='ltr'>δόξῃ</span> <span class='ocrx_word' id='word_1_687' title='bbox 3473 4227 3540 4297; x_wconf 77' lang='grc' dir='ltr'>τῇ</span> <span class='ocrx_word' id='word_1_688' title='bbox 3587 4224 3695 4295; x_wconf 82' lang='grc' dir='ltr'>ίδίᾳ</span> 
     </span>
    </p>
   </div>
   <div class='ocr_carea' id='block_1_91' title="bbox 2109 4315 3691 4392">
    <p class='ocr_par' dir='ltr' id='par_1_91' title="bbox 2109 4315 3691 4392">
     <span class='ocr_line' id='line_1_91' title="bbox 2109 4315 3691 4392; baseline -0.003 -19"><span class='ocrx_word' id='word_1_689' title='bbox 2109 4320 2389 4391; x_wconf 82' lang='grc' dir='ltr'>στεφανῶν</span> <span class='ocrx_word' id='word_1_690' title='bbox 2438 4319 2637 4383; x_wconf 78' lang='grc' dir='ltr'>αὐτούς</span> <span class='ocrx_word' id='word_1_691' title='bbox 2658 4334 2672 4348; x_wconf 88' lang='grc'><strong>·</strong></span> <span class='ocrx_word' id='word_1_692' title='bbox 2707 4319 2789 4373; x_wconf 81' lang='grc' dir='ltr'><strong>δτι</strong></span> <span class='ocrx_word' id='word_1_693' title='bbox 2828 4319 3156 4392; x_wconf 84' lang='grc' dir='ltr'>συνεργάται</span> <span class='ocrx_word' id='word_1_694' title='bbox 3186 4318 3474 4388; x_wconf 85' lang='grc' dir='ltr'>γεγόνασιν</span> <span class='ocrx_word' id='word_1_695' title='bbox 3503 4315 3691 4380; x_wconf 79' lang='grc' dir='ltr'>αὐτοῦ,</span> 
     </span>
    </p>
   </div>
   <div class='ocr_carea' id='block_1_92' title="bbox 415 4406 2004 4504">
    <p class='ocr_par' dir='ltr' id='par_1_92' title="bbox 415 4407 1996 4483">
     <span class='ocr_line' id='line_1_92' title="bbox 415 4407 1996 4483; baseline 0 -19"><span class='ocrx_word' id='word_1_696' title='bbox 415 4412 509 4483; x_wconf 89' lang='lat' dir='ltr'><strong>qni</strong></span> <span class='ocrx_word' id='word_1_697' title='bbox 549 4422 856 4467; x_wconf 87' lang='lat' dir='ltr'><strong>creaturam</strong></span> <span class='ocrx_word' id='word_1_698' title='bbox 924 4423 1085 4479; x_wconf 89' lang='lat' dir='ltr'><strong>supra</strong></span> <span class='ocrx_word' id='word_1_699' title='bbox 1153 4408 1327 4478; x_wconf 91' lang='lat' dir='ltr'><strong>ipsum</strong></span> <span class='ocrx_word' id='word_1_700' title='bbox 1388 4407 1694 4473; x_wconf 86' lang='lat' dir='ltr'><strong>coluerunt,</strong></span> <span class='ocrx_word' id='word_1_701' title='bbox 1735 4419 1791 4464; x_wconf 94' lang='lat' dir='ltr'><strong>et</strong></span> <span class='ocrx_word' id='word_1_702' title='bbox 1855 4410 1996 4464; x_wconf 86' lang='lat' dir='ltr'><strong>viam</strong></span> 
     </span>
    </p>
   </div>
   <div class='ocr_carea' id='block_1_93' title="bbox 2109 4406 3686 4504">
    <p class='ocr_par' dir='ltr' id='par_1_93' title="bbox 2109 4406 3686 4483">
     <span class='ocr_line' id='line_1_93' title="bbox 2109 4406 3686 4483; baseline -0.003 -20"><span class='ocrx_word' id='word_1_703' title='bbox 2109 4411 2202 4464; x_wconf 75' lang='grc' dir='ltr'>καὶ</span> <span class='ocrx_word' id='word_1_704' title='bbox 2244 4412 2456 4483; x_wconf 86' lang='grc' dir='ltr'>γνήσιοι</span> <span class='ocrx_word' id='word_1_705' title='bbox 2506 4409 2652 4463; x_wconf 88' lang='grc' dir='ltr'>λαῶν</span> <span class='ocrx_word' id='word_1_706' title='bbox 2700 4410 2998 4482; x_wconf 84' lang='grc' dir='ltr'>κηδεμόνες</span> <span class='ocrx_word' id='word_1_707' title='bbox 3051 4408 3413 4480; x_wconf 85' lang='grc' dir='ltr'>κεκερδήκασι</span> <span class='ocrx_word' id='word_1_708' title='bbox 3440 4406 3686 4469; x_wconf 79' lang='grc' dir='ltr'>πολλοὺς,</span> 
     </span>
    </p>
   </div>
   <div class='ocr_carea' id='block_1_94' title="bbox 416 4498 1999 4576">
    <p class='ocr_par' dir='ltr' id='par_1_94' title="bbox 416 4498 1999 4576">
     <span class='ocr_line' id='line_1_94' title="bbox 416 4498 1999 4576; baseline -0.002 -17"><span class='ocrx_word' id='word_1_709' title='bbox 416 4502 741 4576; x_wconf 86' lang='lat' dir='ltr'><strong>praestabilis</strong></span> <span class='ocrx_word' id='word_1_710' title='bbox 766 4501 897 4557; x_wconf 64' lang='lat' dir='ltr'><strong>vita:</strong></span> <span class='ocrx_word' id='word_1_711' title='bbox 948 4515 1053 4555; x_wconf 90' lang='lat' dir='ltr'><strong>non</strong></span> <span class='ocrx_word' id='word_1_712' title='bbox 1088 4500 1427 4571; x_wconf 82' lang='lat' dir='ltr'><strong>ignorarunt.</strong></span> <span class='ocrx_word' id='word_1_713' title='bbox 1475 4498 1612 4555; x_wconf 86' lang='lat' dir='ltr'><strong>Illud</strong></span> <span class='ocrx_word' id='word_1_714' title='bbox 1651 4515 1812 4567; x_wconf 88' lang='lat' dir='ltr'><strong>vero,</strong></span> <span class='ocrx_word' id='word_1_715' title='bbox 1852 4500 1999 4556; x_wconf 83' lang='lat' dir='ltr'><strong>Civi-</strong></span> 
     </span>
    </p>
   </div>
   <div class='ocr_carea' id='block_1_95' title="bbox 417 4589 1995 4664">
    <p class='ocr_par' dir='ltr' id='par_1_95' title="bbox 417 4589 1995 4664">
     <span class='ocr_line' id='line_1_95' title="bbox 417 4589 1995 4664; baseline -0.001 -16"><span class='ocrx_word' id='word_1_716' title='bbox 417 4606 557 4650; x_wconf 79' lang='lat' dir='ltr'><strong>tates</strong></span> <span class='ocrx_word' id='word_1_717' title='bbox 578 4603 819 4649; x_wconf 85' lang='lat' dir='ltr'><strong>vastatas</strong></span> <span class='ocrx_word' id='word_1_718' title='bbox 843 4592 1198 4658; x_wconf 82' lang='lat' dir='ltr'><strong>inhabitabis,</strong></span> <span class='ocrx_word' id='word_1_719' title='bbox 1226 4590 1307 4647; x_wconf 90' lang='lat' dir='ltr'><strong>sic</strong></span> <span class='ocrx_word' id='word_1_720' title='bbox 1331 4590 1624 4664; x_wconf 84' lang='lat' dir='ltr'><strong>intelliges:</strong></span> <span class='ocrx_word' id='word_1_721' title='bbox 1648 4589 1823 4647; x_wconf 84' lang='lat' dir='ltr'><strong>Tanta</strong></span> <span class='ocrx_word' id='word_1_722' title='bbox 1852 4593 1995 4647; x_wconf 79' lang='lat' dir='ltr'><strong>enim</strong></span> 
     </span>
    </p>
   </div>
   <div class='ocr_carea' id='block_1_96' title="bbox 416 4683 1998 4755">
    <p class='ocr_par' dir='ltr' id='par_1_96' title="bbox 416 4683 1998 4755">
     <span class='ocr_line' id='line_1_96' title="bbox 416 4683 1998 4755; baseline 0.002 -17"><span class='ocrx_word' id='word_1_723' title='bbox 416 4687 639 4755; x_wconf 78' lang='lat' dir='ltr'><strong>inquii,’</strong></span> <span class='ocrx_word' id='word_1_724' title='bbox 674 4684 965 4739; x_wconf 89' lang='lat' dir='ltr'><strong>multitudo</strong></span> <span class='ocrx_word' id='word_1_725' title='bbox 1029 4684 1257 4740; x_wconf 88' lang='lat' dir='ltr'><strong>seminis</strong></span> <span class='ocrx_word' id='word_1_726' title='bbox 1301 4685 1376 4739; x_wconf 87' lang='lat' dir='ltr'><strong>tui</strong></span> <span class='ocrx_word' id='word_1_727' title='bbox 1433 4684 1575 4751; x_wconf 90' lang='lat' dir='ltr'><strong>erit,</strong></span> <span class='ocrx_word' id='word_1_728' title='bbox 1629 4691 1692 4737; x_wconf 91' lang='lat' dir='ltr'><strong>ut</strong></span> <span class='ocrx_word' id='word_1_729' title='bbox 1745 4683 1998 4741; x_wconf 88' lang='lat' dir='ltr'><strong>civitates</strong></span> 
     </span>
    </p>
   </div>
   <div class='ocr_carea' id='block_1_97' title="bbox 416 4771 1997 4843">
    <p class='ocr_par' dir='ltr' id='par_1_97' title="bbox 416 4771 1997 4843">
     <span class='ocr_line' id='line_1_97' title="bbox 416 4771 1997 4843; baseline 0.002 -15"><span class='ocrx_word' id='word_1_730' title='bbox 416 4778 585 4843; x_wconf 72' lang='lat' dir='ltr'><strong>plenae</strong></span> <span class='ocrx_word' id='word_1_731' title='bbox 627 4773 1029 4831; x_wconf 85' lang='lat' dir='ltr'><strong>habitatoribus</strong></span> <span class='ocrx_word' id='word_1_732' title='bbox 1064 4787 1176 4829; x_wconf 86' lang='lat' dir='ltr'><strong>non</strong></span> <span class='ocrx_word' id='word_1_733' title='bbox 1216 4771 1562 4838; x_wconf 74' lang='lat' dir='ltr'><strong>sun‘ecerint,</strong></span> <span class='ocrx_word' id='word_1_734' title='bbox 1586 4772 1681 4828; x_wconf 84' lang='lat' dir='ltr'><strong>sed</strong></span> <span class='ocrx_word' id='word_1_735' title='bbox 1722 4783 1781 4826; x_wconf 88' lang='lat' dir='ltr'><strong>ut</strong></span> <span class='ocrx_word' id='word_1_736' title='bbox 1813 4783 1997 4831; x_wconf 81' lang='lat' dir='ltr'><strong>vastas</strong></span> 
     </span>
    </p>
   </div>
   <div class='ocr_carea' id='block_1_98' title="bbox 419 4866 888 4938">
    <p class='ocr_par' dir='ltr' id='par_1_98' title="bbox 419 4866 888 4938">
     <span class='ocr_line' id='line_1_98' title="bbox 419 4866 888 4938; baseline -0.002 -18"><span class='ocrx_word' id='word_1_737' title='bbox 419 4866 629 4938; x_wconf 70' lang='lat' dir='ltr'><strong>replere</strong></span> <span class='ocrx_word' id='word_1_738' title='bbox 660 4867 888 4937; x_wconf 87' lang='lat' dir='ltr'><strong>possint.</strong></span> 
     </span>
    </p>
   </div>
   <div class='ocr_carea' id='block_1_99' title="bbox 2106 4497 3695 4574">
    <p class='ocr_par' dir='ltr' id='par_1_99' title="bbox 2106 4497 3695 4574">
     <span class='ocr_line' id='line_1_99' title="bbox 2106 4497 3695 4574; baseline -0.004 -19"><span class='ocrx_word' id='word_1_739' title='bbox 2106 4503 2578 4574; x_wconf 84' lang='grc' dir='ltr'>προσκομίσαντες</span> <span class='ocrx_word' id='word_1_740' title='bbox 2632 4501 2780 4572; x_wconf 84' lang='grc' dir='ltr'><strong>αὒτῷ</strong></span> <span class='ocrx_word' id='word_1_741' title='bbox 2828 4501 2918 4555; x_wconf 82' lang='grc' dir='ltr'>διὰ</span> <span class='ocrx_word' id='word_1_742' title='bbox 2963 4501 3200 4563; x_wconf 88' lang='grc' dir='ltr'>πίστεως</span> <span class='ocrx_word' id='word_1_743' title='bbox 3246 4501 3371 4562; x_wconf 73' lang='grc' dir='ltr'>τοὺς</span> <span class='ocrx_word' id='word_1_744' title='bbox 3407 4501 3472 4570; x_wconf 75' lang='grc' dir='ltr'><strong>τῇ</strong></span> <span class='ocrx_word' id='word_1_745' title='bbox 3517 4497 3695 4550; x_wconf 85' lang='grc' dir='ltr'>κτίσει</span> 
     </span>
    </p>
   </div>
   <div class='ocr_carea' id='block_1_100' title="bbox 2105 4585 3692 4666">
    <p class='ocr_par' dir='ltr' id='par_1_100' title="bbox 2105 4585 3692 4666">
     <span class='ocr_line' id='line_1_100' title="bbox 2105 4585 3692 4666; baseline -0.005 -19"><span class='ocrx_word' id='word_1_746' title='bbox 2105 4595 2238 4666; x_wconf 79' lang='grc' dir='ltr'>παρ’</span> <span class='ocrx_word' id='word_1_747' title='bbox 2285 4595 2448 4648; x_wconf 80' lang='grc' dir='ltr'>αὐτὸν</span> <span class='ocrx_word' id='word_1_748' title='bbox 2480 4593 2911 4664; x_wconf 83' lang='grc' dir='ltr'>λατρεύσαντας,</span> <span class='ocrx_word' id='word_1_749' title='bbox 2962 4592 3055 4647; x_wconf 83' lang='grc' dir='ltr'>καὶ</span> <span class='ocrx_word' id='word_1_750' title='bbox 3084 4592 3184 4663; x_wconf 83' lang='grc' dir='ltr'>τῆς</span> <span class='ocrx_word' id='word_1_751' title='bbox 3219 4591 3501 4662; x_wconf 83' lang='grc' dir='ltr'>ἐξαιρέτου</span> <span class='ocrx_word' id='word_1_752' title='bbox 3549 4585 3692 4655; x_wconf 79' lang='grc' dir='ltr'>ζωῆς</span> 
     </span>
    </p>
   </div>
   <div class='ocr_carea' id='block_1_101' title="bbox 2101 4674 3691 4755">
    <p class='ocr_par' dir='ltr' id='par_1_101' title="bbox 2101 4674 3691 4755">
     <span class='ocr_line' id='line_1_101' title="bbox 2101 4674 3691 4755; baseline -0.006 -17"><span class='ocrx_word' id='word_1_753' title='bbox 2101 4685 2206 4739; x_wconf 77' lang='grc' dir='ltr'>οὐκ</span> <span class='ocrx_word' id='word_1_754' title='bbox 2246 4684 2453 4748; x_wconf 82' lang='grc' dir='ltr'>εἰδότας</span> <span class='ocrx_word' id='word_1_755' title='bbox 2486 4684 2585 4755; x_wconf 77' lang='grc' dir='ltr'>τὴν</span> <span class='ocrx_word' id='word_1_756' title='bbox 2612 4683 2748 4737; x_wconf 77' lang='grc' dir='ltr'>ὁδόν.</span> <span class='ocrx_word' id='word_1_757' title='bbox 2786 4683 2859 4736; x_wconf 81' lang='grc' dir='ltr'>Τὸ</span> <span class='ocrx_word' id='word_1_758' title='bbox 2887 4674 2945 4735; x_wconf 80' lang='grc' dir='ltr'><strong>δέ</strong></span> <span class='ocrx_word' id='word_1_759' title='bbox 2966 4699 3051 4752; x_wconf 87' lang='grc' dir='ltr'><strong>γε,</strong></span> <span class='ocrx_word' id='word_1_760' title='bbox 3089 4681 3280 4745; x_wconf 84' lang='grc' dir='ltr'>Πόλεις</span> <span class='ocrx_word' id='word_1_761' title='bbox 3320 4680 3691 4751; x_wconf 72' lang='grc' dir='ltr'>ἠρημωμένας</span> 
     </span>
    </p>
   </div>
   <div class='ocr_carea' id='block_1_102' title="bbox 2104 4769 3690 4845">
    <p class='ocr_par' dir='ltr' id='par_1_102' title="bbox 2104 4769 3690 4845">
     <span class='ocr_line' id='line_1_102' title="bbox 2104 4769 3690 4845; baseline -0.006 -16"><span class='ocrx_word' id='word_1_762' title='bbox 2104 4778 2434 4838; x_wconf 82' lang='grc' dir='ltr'>κατοικιεῐς,</span> <span class='ocrx_word' id='word_1_763' title='bbox 2501 4773 2726 4828; x_wconf 86' lang='grc' dir='ltr'>τοιῶσδε</span> <span class='ocrx_word' id='word_1_764' title='bbox 2766 4775 3043 4845; x_wconf 79' lang='grc' dir='ltr'>συνήσειςο</span> <span class='ocrx_word' id='word_1_765' title='bbox 3073 4771 3322 4839; x_wconf 85' lang='grc' dir='ltr'>Τοσαύτη</span> <span class='ocrx_word' id='word_1_766' title='bbox 3372 4770 3480 4841; x_wconf 83' lang='grc' dir='ltr'>γὰρ</span> <span class='ocrx_word' id='word_1_767' title='bbox 3514 4769 3690 4831; x_wconf 74' lang='grc' dir='ltr'>ἔσται,</span> 
     </span>
    </p>
   </div>
   <div class='ocr_carea' id='block_1_103' title="bbox 2104 4856 3692 4938">
    <p class='ocr_par' dir='ltr' id='par_1_103' title="bbox 2104 4856 3692 4938">
     <span class='ocr_line' id='line_1_103' title="bbox 2104 4856 3692 4938; baseline -0.006 -20"><span class='ocrx_word' id='word_1_768' title='bbox 2104 4867 2262 4938; x_wconf 63' lang='grc' dir='ltr'>φησι,</span> <span class='ocrx_word' id='word_1_769' title='bbox 2313 4864 2408 4918; x_wconf 89' lang='grc' dir='ltr'><strong>τοῦ</strong></span> <span class='ocrx_word' id='word_1_770' title='bbox 2460 4864 2553 4918; x_wconf 87' lang='grc' dir='ltr'><strong>σοῦ</strong></span> <span class='ocrx_word' id='word_1_771' title='bbox 2620 4864 2936 4936; x_wconf 80' lang='grc' dir='ltr'>σπέρματος</span> <span class='ocrx_word' id='word_1_772' title='bbox 2977 4863 3012 4933; x_wconf 81' lang='grc' dir='ltr'><strong>ή</strong></span> <span class='ocrx_word' id='word_1_773' title='bbox 3077 4862 3287 4933; x_wconf 81' lang='grc' dir='ltr'>πληθὺς</span> <span class='ocrx_word' id='word_1_774' title='bbox 3312 4901 3327 4926; x_wconf 93' lang='grc'><strong>,</strong></span> <span class='ocrx_word' id='word_1_775' title='bbox 3368 4859 3508 4913; x_wconf 89' lang='grc' dir='ltr'>ῶστε</span> <span class='ocrx_word' id='word_1_776' title='bbox 3556 4856 3692 4929; x_wconf 62' lang='grc' dir='ltr'>μηδὲ</span> 
     </span>
    </p>
   </div>
   <div class='ocr_carea' id='block_1_104' title="bbox 411 4943 3692 5028">
    <p class='ocr_par' dir='ltr' id='par_1_104' title="bbox 411 4943 3692 5028">
     <span class='ocr_line' id='line_1_104' title="bbox 411 4943 3692 5028; baseline -0.004 -18"><span class='ocrx_word' id='word_1_777' title='bbox 411 4957 645 5028; x_wconf 85' lang='grc' dir='ltr'>ἀρκέσαι</span> <span class='ocrx_word' id='word_1_778' title='bbox 708 4956 807 5021; x_wconf 81' lang='grc' dir='ltr'>τὰς</span> <span class='ocrx_word' id='word_1_779' title='bbox 863 4955 1045 5021; x_wconf 84' lang='grc' dir='ltr'>πόλεις</span> <span class='ocrx_word' id='word_1_780' title='bbox 1089 4955 1292 5019; x_wconf 76' lang='grc' dir='ltr'>αὐτοῖς,</span> <span class='ocrx_word' id='word_1_781' title='bbox 1329 4953 1425 5017; x_wconf 77' lang='grc' dir='ltr'><strong>τὰς</strong></span> <span class='ocrx_word' id='word_1_782' title='bbox 1466 4952 1576 5006; x_wconf 87' lang='grc' dir='ltr'><strong>τῶν</strong></span> <span class='ocrx_word' id='word_1_783' title='bbox 1643 4953 1947 5023; x_wconf 76' lang='grc' dir='ltr'>οἰκητόρων</span> <span class='ocrx_word' id='word_1_784' title='bbox 1996 4957 2449 5028; x_wconf 85' lang='grc' dir='ltr'>μεμεστωμένας,</span> <span class='ocrx_word' id='word_1_785' title='bbox 2507 4952 2643 5007; x_wconf 81' lang='grc' dir='ltr'>ἀλλὰ</span> <span class='ocrx_word' id='word_1_786' title='bbox 2679 4952 2789 5024; x_wconf 80' lang='grc' dir='ltr'><strong>γὰρ</strong></span> <span class='ocrx_word' id='word_1_787' title='bbox 2842 4952 2937 5005; x_wconf 81' lang='grc' dir='ltr'>καὶ</span> <span class='ocrx_word' id='word_1_788' title='bbox 2990 4951 3089 5014; x_wconf 85' lang='grc' dir='ltr'>τὰς</span> <span class='ocrx_word' id='word_1_789' title='bbox 3140 4951 3383 5021; x_wconf 85' lang='grc' dir='ltr'>ἐρήμους</span> <span class='ocrx_word' id='word_1_790' title='bbox 3431 4943 3692 5000; x_wconf 74' lang='grc' dir='ltr'>δύνασθαι</span> 
     </span>
    </p>
   </div>
   <div class='ocr_carea' id='block_1_105' title="bbox 385 5045 677 5117">
    <p class='ocr_par' dir='ltr' id='par_1_105' title="bbox 385 5045 677 5117">
     <span class='ocr_line' id='line_1_105' title="bbox 385 5045 677 5117; baseline 0 -18"><span class='ocrx_word' id='word_1_791' title='bbox 385 5083 391 5089; x_wconf 85' lang='grc'><strong><em>-</em></strong></span> <span class='ocrx_word' id='word_1_792' title='bbox 412 5045 677 5117; x_wconf 81' lang='grc' dir='ltr'>πληροῦν.</span> 
     </span>
    </p>
   </div>
   <div class='ocr_carea' id='block_1_106' title="bbox 486 5172 1994 5245">
    <p class='ocr_par' dir='ltr' id='par_1_106' title="bbox 486 5172 1994 5245">
     <span class='ocr_line' id='line_1_106' title="bbox 486 5172 1994 5245; baseline -0.004 -9"><span class='ocrx_word' id='word_1_793' title='bbox 486 5180 728 5245; x_wconf 57' lang='lat'><strong>“135.4,</strong></span> <span class='ocrx_word' id='word_1_794' title='bbox 757 5179 811 5235; x_wconf 71' lang='lat'><strong>5.</strong></span> <span class='ocrx_word' id='word_1_795' title='bbox 850 5176 985 5233; x_wconf 83' lang='lat' dir='ltr'><strong>Noli</strong></span> <span class='ocrx_word' id='word_1_796' title='bbox 1011 5176 1214 5237; x_wconf 76' lang='lat' dir='ltr'><strong>timere,</strong></span> <span class='ocrx_word' id='word_1_797' title='bbox 1265 5174 1391 5242; x_wconf 82' lang='lat' dir='ltr'><strong>quia</strong></span> <span class='ocrx_word' id='word_1_798' title='bbox 1447 5172 1670 5241; x_wconf 73' lang='lat' dir='ltr'><strong>confusa</strong></span> <span class='ocrx_word' id='word_1_799' title='bbox 1703 5188 1756 5227; x_wconf 77' lang='lat' dir='ltr'><strong>es</strong></span> <span class='ocrx_word' id='word_1_800' title='bbox 1784 5188 1802 5227; x_wconf 90' lang='lat'><strong><em>:</em></strong></span> <span class='ocrx_word' id='word_1_801' title='bbox 1833 5189 1994 5243; x_wconf 77' lang='lat' dir='ltr'><strong>neque</strong></span> 
     </span>
    </p>
   </div>
   <div class='ocr_carea' id='block_1_107' title="bbox 410 5264 1994 5347">
    <p class='ocr_par' dir='ltr' id='par_1_107' title="bbox 410 5264 1994 5347">
     <span class='ocr_line' id='line_1_107' title="bbox 410 5264 1994 5347; baseline -0.008 -17"><span class='ocrx_word' id='word_1_802' title='bbox 410 5273 779 5347; x_wconf 71' lang='lat' dir='ltr'><strong>confundaris,</strong></span> <span class='ocrx_word' id='word_1_803' title='bbox 809 5270 933 5341; x_wconf 79' lang='lat' dir='ltr'><strong>quia</strong></span> <span class='ocrx_word' id='word_1_804' title='bbox 996 5264 1371 5336; x_wconf 70' lang='lat' dir='ltr'><strong>exprobratum</strong></span> <span class='ocrx_word' id='word_1_805' title='bbox 1423 5265 1518 5317; x_wconf 85' lang='lat' dir='ltr'><strong>tibi</strong></span> <span class='ocrx_word' id='word_1_806' title='bbox 1561 5275 1634 5317; x_wconf 79' lang='lat' dir='ltr'><strong>est</strong></span> <span class='ocrx_word' id='word_1_807' title='bbox 1665 5279 1684 5318; x_wconf 91' lang='lat'><strong><em>:</em></strong></span> <span class='ocrx_word' id='word_1_808' title='bbox 1724 5265 1994 5335; x_wconf 75' lang='lat' dir='ltr'><strong>confusio-</strong></span> 
     </span>
    </p>
   </div>
   <div class='ocr_carea' id='block_1_108' title="bbox 413 5359 1997 5427">
    <p class='ocr_par' dir='ltr' id='par_1_108' title="bbox 413 5359 1997 5427">
     <span class='ocr_line' id='line_1_108' title="bbox 413 5359 1997 5427; baseline -0.006 -3"><span class='ocrx_word' id='word_1_809' title='bbox 413 5386 529 5426; x_wconf 79' lang='lat' dir='ltr'><strong>nem</strong></span> <span class='ocrx_word' id='word_1_810' title='bbox 577 5369 713 5422; x_wconf 80' lang='lat' dir='ltr'><strong>enim</strong></span> <span class='ocrx_word' id='word_1_811' title='bbox 762 5375 1017 5421; x_wconf 57' lang='lat' dir='ltr'><strong>a&#39;ternam</strong></span> <span class='ocrx_word' id='word_1_812' title='bbox 1066 5359 1407 5423; x_wconf 66' lang='lat' dir='ltr'><strong>obliviscaris,</strong></span> <span class='ocrx_word' id='word_1_813' title='bbox 1446 5368 1494 5411; x_wconf 83' lang='lat' dir='ltr'><strong>et</strong></span> <span class='ocrx_word' id='word_1_814' title='bbox 1536 5360 1800 5427; x_wconf 82' lang='lat' dir='ltr'><strong>approbrii</strong></span> <span class='ocrx_word' id='word_1_815' title='bbox 1828 5362 1997 5415; x_wconf 80' lang='lat' dir='ltr'><strong>vidui-</strong></span> 
     </span>
    </p>
   </div>
   <div class='ocr_carea' id='block_1_109' title="bbox 410 5447 1996 5523">
    <p class='ocr_par' dir='ltr' id='par_1_109' title="bbox 410 5447 1996 5523">
     <span class='ocr_line' id='line_1_109' title="bbox 410 5447 1996 5523; baseline -0.008 -5"><span class='ocrx_word' id='word_1_816' title='bbox 410 5464 539 5518; x_wconf 72' lang='lat' dir='ltr'><strong>tatis</strong></span> <span class='ocrx_word' id='word_1_817' title='bbox 585 5473 686 5513; x_wconf 75' lang='lat' dir='ltr'><strong>tum</strong></span> <span class='ocrx_word' id='word_1_818' title='bbox 745 5473 846 5512; x_wconf 83' lang='lat' dir='ltr'><strong>non</strong></span> <span class='ocrx_word' id='word_1_819' title='bbox 897 5450 1294 5514; x_wconf 70' lang='lat' dir='ltr'><strong>recordaberis;</strong></span> <span class='ocrx_word' id='word_1_820' title='bbox 1324 5450 1447 5518; x_wconf 87' lang='lat' dir='ltr'><strong>quia</strong></span> <span class='ocrx_word' id='word_1_821' title='bbox 1506 5447 1762 5505; x_wconf 72' lang='lat' dir='ltr'><strong>Dominus</strong></span> <span class='ocrx_word' id='word_1_822' title='bbox 1794 5451 1885 5523; x_wconf 78' lang='lat' dir='ltr'><strong>qui</strong></span> <span class='ocrx_word' id='word_1_823' title='bbox 1915 5452 1996 5517; x_wconf 81' lang='lat' dir='ltr'><strong>{a-</strong></span> 
     </span>
    </p>
   </div>
   <div class='ocr_carea' id='block_1_110' title="bbox 2171 5170 3687 5249">
    <p class='ocr_par' dir='ltr' id='par_1_110' title="bbox 2171 5170 3687 5249">
     <span class='ocr_line' id='line_1_110' title="bbox 2171 5170 3687 5249; baseline -0.004 -15"><span class='ocrx_word' id='word_1_824' title='bbox 2171 5180 2267 5248; x_wconf 81' lang='grc' dir='ltr'><em>Μὴ</em></span> <span class='ocrx_word' id='word_1_825' title='bbox 2301 5179 2511 5249; x_wconf 76' lang='grc' dir='ltr'>φοϐοῦ,</span> <span class='ocrx_word' id='word_1_826' title='bbox 2552 5178 2643 5232; x_wconf 85' lang='grc' dir='ltr'>ὅτι</span> <span class='ocrx_word' id='word_1_827' title='bbox 2691 5178 3141 5245; x_wconf 76' lang='grc' dir='ltr'>κατῃσχύνθης,</span> <span class='ocrx_word' id='word_1_828' title='bbox 3172 5175 3331 5245; x_wconf 80' lang='grc' dir='ltr'>μηδὲ</span> <span class='ocrx_word' id='word_1_829' title='bbox 3362 5170 3687 5242; x_wconf 68' lang='grc' dir='ltr'>ἐντραπῇςι</span> 
     </span>
    </p>
   </div>
   <div class='ocr_carea' id='block_1_111' title="bbox 2100 5263 3687 5357">
    <p class='ocr_par' dir='ltr' id='par_1_111' title="bbox 2100 5263 3687 5357">
     <span class='ocr_line' id='line_1_111' title="bbox 2100 5263 3687 5357; baseline -0.003 -34"><span class='ocrx_word' id='word_1_830' title='bbox 2100 5269 2189 5324; x_wconf 83' lang='grc' dir='ltr'>ὅτι</span> <span class='ocrx_word' id='word_1_831' title='bbox 2220 5270 2577 5337; x_wconf 81' lang='grc' dir='ltr'>ὼνειδίσθης</span> <span class='ocrx_word' id='word_1_832' title='bbox 2603 5286 2617 5301; x_wconf 74' lang='grc' dir='ltr'><strong>ο</strong></span> <span class='ocrx_word' id='word_1_833' title='bbox 2644 5269 2731 5357; x_wconf 51' lang='lat' dir='ltr'><strong>Qu</strong></span> <span class='ocrx_word' id='word_1_834' title='bbox 2780 5271 3084 5338; x_wconf 72' lang='grc' dir='ltr'><strong>αἰσχύνην</strong></span> <span class='ocrx_word' id='word_1_835' title='bbox 3122 5268 3366 5321; x_wconf 75' lang='grc' dir='ltr'>αίώνιον</span> <span class='ocrx_word' id='word_1_836' title='bbox 3395 5263 3687 5357; x_wconf 50' lang='grc' dir='ltr'><strong>ἐπιλήσῃ,</strong></span> 
     </span>
    </p>
   </div>
   <div class='ocr_carea' id='block_1_112' title="bbox 2098 5345 3687 5432">
    <p class='ocr_par' dir='ltr' id='par_1_112' title="bbox 2098 5345 3687 5432">
     <span class='ocr_line' id='line_1_112' title="bbox 2098 5345 3687 5432; baseline -0.002 -16"><span class='ocrx_word' id='word_1_837' title='bbox 2098 5362 2200 5416; x_wconf 78' lang='grc' dir='ltr'><strong>καί</strong></span> <span class='ocrx_word' id='word_1_838' title='bbox 2252 5361 2318 5415; x_wconf 83' lang='grc' dir='ltr'>τὸ</span> <span class='ocrx_word' id='word_1_839' title='bbox 2359 5361 2591 5429; x_wconf 78' lang='grc' dir='ltr'>ὄνειδος</span> <span class='ocrx_word' id='word_1_840' title='bbox 2647 5345 2759 5431; x_wconf 67' lang='grc' dir='ltr'><strong>¹ἑῆς</strong></span> <span class='ocrx_word' id='word_1_841' title='bbox 2814 5363 3062 5432; x_wconf 83' lang='grc' dir='ltr'>χηρείας</span> <span class='ocrx_word' id='word_1_842' title='bbox 3120 5361 3351 5431; x_wconf 60' lang='lat'><strong>0931/41?</strong></span> <span class='ocrx_word' id='word_1_843' title='bbox 3393 5345 3481 5415; x_wconf 67' lang='grc' dir='ltr'><strong>μὴ</strong></span> <span class='ocrx_word' id='word_1_844' title='bbox 3530 5362 3687 5414; x_wconf 78' lang='grc' dir='ltr'><strong>μνη·</strong></span> 
     </span>
    </p>
   </div>
   <div class='ocr_carea' id='block_1_113' title="bbox 2098 5434 3692 5539">
    <p class='ocr_par' dir='ltr' id='par_1_113' title="bbox 2098 5434 3692 5539">
     <span class='ocr_line' id='line_1_113' title="bbox 2098 5434 3692 5539; baseline -0.009 -33"><span class='ocrx_word' id='word_1_845' title='bbox 2098 5451 2334 5521; x_wconf 79' lang='grc' dir='ltr'>σθήσῃ’</span> <span class='ocrx_word' id='word_1_846' title='bbox 2370 5451 2457 5506; x_wconf 85' lang='grc' dir='ltr'>ὅτι</span> <span class='ocrx_word' id='word_1_847' title='bbox 2506 5453 2722 5522; x_wconf 80' lang='grc' dir='ltr'>Κύριος</span> <span class='ocrx_word' id='word_1_848' title='bbox 2824 5451 3025 5537; x_wconf 43' lang='lat' dir='ltr'><strong>{grav</strong></span> <span class='ocrx_word' id='word_1_849' title='bbox 3054 5446 3153 5507; x_wconf 65' lang='grc' dir='ltr'><strong>σε,</strong></span> <span class='ocrx_word' id='word_1_850' title='bbox 3190 5440 3406 5508; x_wconf 77' lang='grc' dir='ltr'>Κύριος</span> <span class='ocrx_word' id='word_1_851' title='bbox 3443 5434 3692 5492; x_wconf 72' lang='grc' dir='ltr'>Σαϐαὼθ</span> 
     </span>
    </p>
   </div>
   <div class='ocr_carea' id='block_1_114' title="bbox 483 5669 2004 5752">
    <p class='ocr_par' dir='ltr' id='par_1_114' title="bbox 483 5679 1962 5752">
     <span class='ocr_line' id='line_1_114' title="bbox 483 5679 1962 5752; baseline -0.003 -16"><span class='ocrx_word' id='word_1_852' title='bbox 483 5684 530 5717; x_wconf 80' lang='grc'><strong><em>⁹²</em></strong></span> <span class='ocrx_word' id='word_1_853' title='bbox 565 5683 979 5752; x_wconf 67' lang='lat' dir='ltr'><strong>Agg.,u,4,to.</strong></span> <span class='ocrx_word' id='word_1_854' title='bbox 1069 5684 1117 5715; x_wconf 80' lang='lat'><strong>&quot;</strong></span> <span class='ocrx_word' id='word_1_855' title='bbox 1156 5680 1285 5737; x_wconf 85' lang='lat' dir='ltr'><strong>Luc.</strong></span> <span class='ocrx_word' id='word_1_856' title='bbox 1319 5698 1429 5750; x_wconf 76' lang='lat' dir='ltr'><strong>xrx,</strong></span> <span class='ocrx_word' id='word_1_857' title='bbox 1458 5682 1540 5736; x_wconf 81' lang='lat' dir='ltr'><strong>i7.</strong></span> <span class='ocrx_word' id='word_1_858' title='bbox 1619 5684 1665 5716; x_wconf 76' lang='lat'><strong>&quot;</strong></span> <span class='ocrx_word' id='word_1_859' title='bbox 1708 5680 1841 5737; x_wconf 90' lang='lat' dir='ltr'><strong>ibid.</strong></span> <span class='ocrx_word' id='word_1_860' title='bbox 1878 5679 1962 5735; x_wconf 81' lang='grc'><strong>19.</strong></span> 
     </span>
    </p>
   </div>
   <div class='ocr_carea' id='block_1_115' title="bbox 2109 5669 3258 5752">
    <p class='ocr_par' dir='ltr' id='par_1_115' title="bbox 2142 5669 3258 5744">
     <span class='ocr_line' id='line_1_115' title="bbox 2142 5669 3258 5744; baseline -0.01 -11"><span class='ocrx_word' id='word_1_861' title='bbox 2142 5677 2284 5733; x_wconf 85' lang='lat' dir='ltr'><strong>Psal.</strong></span> <span class='ocrx_word' id='word_1_862' title='bbox 2314 5693 2457 5743; x_wconf 65' lang='lat' dir='ltr'><strong>XLVI,</strong></span> <span class='ocrx_word' id='word_1_863' title='bbox 2492 5678 2543 5744; x_wconf 70' lang='grc'>4,</span> <span class='ocrx_word' id='word_1_864' title='bbox 2569 5677 2620 5731; x_wconf 85' lang='lat'><strong>5.</strong></span> <span class='ocrx_word' id='word_1_865' title='bbox 2660 5674 2744 5706; x_wconf 79' lang='lat'><strong>&quot;&quot;</strong></span> <span class='ocrx_word' id='word_1_866' title='bbox 2780 5672 2968 5728; x_wconf 79' lang='lat' dir='ltr'><strong>Matth.</strong></span> <span class='ocrx_word' id='word_1_867' title='bbox 3007 5685 3165 5736; x_wconf 77' lang='lat' dir='ltr'><strong>mu,</strong></span> <span class='ocrx_word' id='word_1_868' title='bbox 3205 5669 3258 5722; x_wconf 86' lang='lat'><strong>8.</strong></span> 
     </span>
    </p>
   </div>
  </div>
