4100 6456
322 364 462 424 H37

1422 349 1489 404 IN
1530 347 1769 404 ISUAM
1812 346 1943 425 LIB.
1987 345 2054 401 γ.
2096 341 2341 400 TOMUS
2383 339 2446 397 ll.

3472 339 3618 397 {198

322 480 510 547 ὄνομα
561 470 746 537 αὐτῷ,
793 467 891 523 καὶ
940 471 971 523 ὁ
1008 462 1359 547 ρυσάλιενός
1391 480 1488 531 σε,
1539 464 1726 528 αὐτὸς
1781 461 1929 526 Θεὸς

2052 458 2102 511 'it
2152 468 2222 524 te,
2254 457 2510 512 Dentium
2583 456 2817 513 Sabaoth
2883 470 3068 510 nomen
3111 455 3183 521 ei,
3232 464 3278 507 el
3332 458 3422 525 qui
3479 461 3619 514 eruit

334 566 584 638 Ἰσραὴλ
623 562 797 631 πάσῃ
830 559 902 630 τῇ
932 558 1009 630 τῇ
1041 546 1433 626 κληθήσεται.

395 736 807 811 Δεδικαιώμεθα
856 737 956 809 μέν
992 737 1048 790 ἐν
1075 735 1317 808 Χριστῷ,
1351 734 1448 790 καὶ
1489 732 1591 789 οὐκ
1637 734 1698 800 ἐξ
1744 732 1925 805 ἔργων

322 832 433 888 τῶν
465 835 525 886 ἐν
565 828 905 901 δικαιοσύνῃ,
948 827 983 883 ἀ
1016 828 1356 899 ἐποιήσαμεν
1386 829 1571 899 ἡμεῖς,
1604 824 1743 880 ἀλλά
1785 822 1929 878 κατά

322 926 385 981 τὸ
429 926 566 980 πολὺ
620 922 790 978 αὑτοῦ
842 922 1009 986 ἔλεος.
1042 921 1248 991 Γράφει
1287 920 1344 973 δέ
1388 918 1563 984 οὕτως
1593 921 1621 972 6
1650 917 1926 987 πάνσοφος

326 1017 563 1080 Παῦλος.
614 1012 1046 1085 Ἀπηλλάγμεθα
1080 1012 1191 1085 γὰρ
1253 1013 1348 1067 καλ⁵
1383 1012 1630 1076 σκότους,
1665 1010 1758 1065 καὶ
1789 1009 1926 1065 πλά-

323 1127 446 1182 νης.
481 1108 578 1161 καὶ
612 1106 959 1176 ἀνοσιότητος
998 1103 1505 1176 πατροπαραδότου,
1536 1102 1673 1157 καθὸ
1703 1105 1770 1174 τῇ
1812 1100 1929 1155 κτί-

328 1219 412 1255 σει
464 1199 618 1271 παρά
664 1199 754 1252 τὸν
779 1197 1023 1268 κτίστην
1068 1194 1555 1267 λελατρεύκαμεν,
1594 1193 1690 1248 καὶ
1729 1192 1931 1265 τρόπος

328 1294 667 1362 φαυλότητος
700 1285 769 1362 ἦν
794 1290 972 1354 ουδεὶς
998 1290 1121 1353 ταῖς
1153 1288 1260 1342 τῶν
1286 1288 1457 1343 ἐθνῶν
1486 1287 1712 1355 ἀγέλαις
1740 1287 1930 1341 ἀνεπι-

326 1385 608 1456 τήδευτοςο
632 1384 710 1449 ὼς
728 1385 838 1455 γάρ
859 1400 1022 1455 φησιν
1051 1384 1079 1437 6
1104 1380 1695 1453 Ψαλμῳδὸς,ιΠάντες
1719 1378 1929 1445 ἐξέκλι-

327 1495 445 1542 ναν,
485 1476 603 1547 ἅμα
636 1476 1040 1549 ἡχρειώθησαν,
1072 1476 1173 1529 οὐκ
1201 1470 1268 1547 ἦν
1300 1476 1329 1529 6
1355 1474 1525 1529 ποιῶν
1561 1474 1928 1546 χρηστότητα,

327 1570 430 1623 οὐκ
462 1566 530 1640 ἦν
557 1567 664 1632 ἕως
694 1568 832 1631 ἐνός.
865 1584 884 1618 ι
907 1566 1240 1637 Ὀνειδισμὸς
1263 1561 1357 1619 οῦν
1388 1566 1496 1639 ἀρα
1526 1568 1636 1627 τοῖς
1662 1564 1842 1619 ἔθνεσι
1870 1563 1933 1617 τὸ

330 1660 524 1732 χρῆμα
557 1659 803 1729 γέγονεν,
835 1658 968 1711 αὐτὸ
990 1658 1053 1730 δὴ
1084 1659 1235 1711 τουτὶ
1262 1656 1324 1712 τὸ
1355 1658 1735 1730 πεπλανῆσθαι
1766 1674 1931 1728 φημι,

2030 560 2099 616 te,
2146 551 2256 619 ipse
2296 550 2436 605 Deus
2486 547 2694 616 Israel,
2745 548 2882 603 Deus
2917 548 3086 601 omnis
3122 556 3279 601 terra
3322 550 3616 603 vocabitur.

2101 732 2391 791 Justiiicali
2429 732 2572 789 enim
2617 746 2805 788 sumus
2851 730 2902 787 in
2945 730 3189 795 Christo,
3213 738 3268 787 et
3314 727 3484 801 759
3514 744 3620 784 non

2029 841 2095 883 ex
2137 827 2395 899 operibus
2425 825 2653 896 iustitiae
2677 841 2795 896 qua:
2828 824 3053 881 fecimus
3096 838 3216 890 nos,
3262 823 3360 879 sed
3401 838 3467 876 ex
3507 837 3625 876 ma-

2031 935 2135 990 gna
2182 920 2301 991 ejus
2340 917 2759 983 misericordia;
2798 932 2924 972 nam
2970 916 3049 972 sic
3089 915 3282 971 scribit
3334 914 3623 986 sapientis-

2032 1015 2203 1067 simus
2239 1010 2437 1066 Paulus
2459 1009 2529 1065 ".
2576 1009 2820 1065 Liberali
2867 1009 3011 1064 enim
3056 1022 3246 1065 sumus
3290 1022 3320 1062 a
3361 1007 3622 1073 tenebris,

2032 1115 2088 1161 et
2120 1120 2331 1169 errore,
2377 1113 2432 1160 et
2470 1104 2748 1175 impietate
2802 1118 2832 1157 a
2877 1101 3125 1172 patribus
3170 1100 3401 1167 tradita,
3430 1110 3625 1171 quate-

2034 1212 2161 1281 nus’
2184 1204 2493 1252 creaturam
2527 1210 2637 1266 pne
2676 1193 2941 1264 Qreatore
2978 1193 3268 1258 coluimus,
3295 1201 3349 1247 et
3378 1193 3623 1262 gentium

2033 1304 2165 1359 grex
2208 1289 2260 1343 in
2306 1288 2454 1343 nullo
2492 1302 2598 1343 non
2656 1286 2911 1342 vitiorum
2977 1301 3177 1358 genere
3241 1295 3361 1340 erat
3413 1284 3630 1341 voluta-

2035 1392 2164 1450 tus;
2220 1390 2278 1435 ut
2324 1389 2381 1435 et
2443 1379 2765 1435 Psalmodus
2811 1380 2934 1434 ait:
3006 1396 3025 1430 ι
3064 1377 3266 1435 Omnes
3320 1376 3631 1433 declinave-

2035 1481 2182 1537 runt,
2225 1470 2386 1527 simul
2430 1470 2650 1526 inutiles
2688 1468 2814 1525 facti
2848 1480 2995 1534 sunt,
3059 1484 3163 1525 non
3189 1477 3307 1525 erat
3345 1467 3438 1539 qui
3490 1468 3631 1523 bene

2037 1564 2264 1631 faceret,
2307 1578 2374 1620 ne
2418 1577 2559 1617 unus
2604 1562 2904 1633 quidem".
2951 1582 2970 1615 ι
3003 1560 3159 1629 Quod
3208 1561 3428 1631 quidem
3455 1561 3631 1631 ipsum

2036 1656 2234 1727 probro
2274 1656 2458 1710 datum
2487 1664 2570 1711 est
2593 1654 2867 1726 gentibus,
2902 1668 3078 1721 error,
3114 1652 3358 1725 inquam,
3381 1661 3437 1707 et
3460 1667 3529 1707 ex
3548 1668 3635 1706 er-

329 1753 424 1807 καῖ
476 1752 547 1806 τὰ
580 1752 645 1805 ἐκ
692 1751 786 1805 τοῦ
835 1750 1215 1822 πεπλανῆσθαι
1245 1751 1614 1823 συμϐαίνοντα
1644 1751 1838 1823 βλάϐη.
1868 1749 1935 1803 Τί

2052 1763 2161 1804 rore
2198 1747 2540 1804 incommoda
2584 1757 2895 1803 consecuta.
2936 1745 3077 1813 Quid
3130 1745 3273 1801 enim
3337 1752 3422 1799 est
3488 1744 3632 1813 quod

330 1842 441 1916 γὰρ
471 1841 647 1905 οὕτως
692 1841 979 1915 ἀσχήμονα
1006 1818 1101 1894 καλ
1132 1818 1565 1914 ἀκαλλέστάτην,
1596 1818 1691 1895 καὶ
1718 1818 1934 1913 μυρίοις

2052 1840 2273 1895 mminis
2317 1842 2555 1895 animam
2602 1841 2674 1895 ita
2741 1837 3134 1911 tttrpii‘tcatam,
3170 1846 3224 1893 et
3258 1828 3632 1918 invenustam,

331 1933 659 2005 αἰτιάμασιν
702 1932 888 2004 ἔνοχον
926 1933 1259 2005 ἀποφήνειεν
1288 1934 1354 1988 ἀν
1380 1935 1480 2006 τὴν
1512 1932 1607 1988 τοῦ
1643 1931 1935 2005 ἀνθρώπου

329 2022 532 2095 ψυχὴν,
575 2023 651 2088 ὡς
691 2022 753 2077 τὸ
795 2025 1101 2095 ἀποστῆναι
1145 2022 1281 2077 Θεοῦ
1337 2023 1576 2089 ζῶντος,
1621 2022 1838 2076 ἑλέσθαι
1881 2019 1939 2074 δέ

333 2117 669 2186 προσκυνεῖν
715 2117 844 2187 παρ’
877 2115 1041 2170 αὑτὸν
1088 2118 1202 2178 τοῖς
1254 2114 1588 2187 ἀκαθάρτοις
1638 2115 1936 2184 πνεύμασι,

332 2206 430 2260 καὶ
474 2209 591 2270 τοῖς
633 2206 735 2279 τῆς
782 2206 1061 2278 ἁμαρτίας
1109 2201 1199 2271 οἷά
1236 2225 1343 2261 τινι
1383 2206 1540 2278 πηλῷ
1569 2208 1665 2261 καὶ
1695 2205 1941 2279 βορϐόρῳ

334 2295 656 2362 ἐγκαθιέναι
684 2293 948 2366 τέλμασιν
971 2312 985 2361 ;
1035 2295 1196 2349 Ἀλλά
1220 2296 1273 2349 τί
1301 2313 1467 2367 φησιν
1496 2297 1525 2349 ό
1551 2294 1938 2366 φιλάνθρωπος

341 2392 450 2453 τοῖς
487 2387 850 2458 κεκλημένοις
896 2389 976 2452 είς
1022 2389 1217 2455 ἄφεσιν
1255 2388 1531 2461 ἁμαρτίας
1559 2388 1647 2451 διὰ
1681 2389 1937 2457 πίστεως,

339 2480 493 2551 δῆλον
522 2480 579 2533 δὲ
607 2481 690 2533 ὃτι
720 2479 819 2550 τῆς
840 2481 919 2543 είς
945 2480 1144 2547 αὐτόν;
1170 2480 1262 2552 Μὴ
1302 2479 1493 2550 φοϐοῦ,
1521 2481 1602 2534 ὅτι
1632 2480 1943 2553 κατῃσχύν-

338 2571 460 2642 θης.
480 2571 702 2646 Ἐπειδὴ
746 2571 858 2642 γὰρ
895 2572 1053 2635 ὅλως,
1098 2571 1284 2637 καθὼς
1340 2573 1706 2645 κατοικτείρει
1760 2573 1946 2648 πατὴρ

342 2664 516 2730 υἱοὺς,
557 2662 864 2737 ᾠκτείρησε
909 2664 1117 2736 Κύριος
1156 2666 1287 2729 τοὺς
1333 2664 1705 2737 φοϐουμένους
1757 2666 1942 2733 αὐτὸν,

341 2755 441 2809 καὶ⁸
478 2753 712 2809 καθόσον
751 2755 1051 2826 ἀπέχουσιν
1100 2755 1361 2810 ἀνατολαὶ
1410 2757 1521 2812 ἀπὸ
1557 2758 1782 2830 δυσμῶν
1810 2759 1945 2830 ἐμά·

341 2865 546 2920 κρυνεν
576 2848 671 2918 ἀφ’
700 2847 858 2919 ήμῶν
935 2849 1034 2912 τὰς
1071 2849 1301 2920 ἀνομίας
1330 2851 1487 2923 ἡμῶν
1509 2868 1522 2882 ·
1560 2853 1677 2916 πῶς
1708 2853 1811 2907 οὐκ
1841 2852 1950 2908 ἔδει

341 2942 459 3003 τοῖς
487 2939 657 2994 πάλαι.
687 2940 1154 3011 διεπταισμὲνοις,
1196 2943 1291 2996 καὶ
1322 2943 1414 2998 τὸν
1457 2944 1547 2997 ἐπ’
1577 2944 1764 3009 αὐτοῖς
1799 2946 1951 3017 ἡμᾶς

342 3030 761 3085 συναποπτύσαι
795 3030 981 3100 φόϐον,
1020 3034 1345 3107 μνησικάκῳ
1387 3036 1571 3107 χάριτι
1617 3036 1953 3100 δικαιοῦντος

2036 1950 2100 1990 ac
2134 1935 2363 1990 inlinitis
2401 1935 2550 1992 vitiis
2608 1935 2940 2006 implicatam
2984 1934 3184 1998 reddit,
3227 1941 3288 1987 αι
3321 1948 3350 1987 a
3400 1933 3511 1986 Deo
3550 1935 3628 1984 vi-

2038 2034 2200 2081 rente
2244 2025 2503 2095 deiicere,
2544 2036 2599 2081 et
2661 2041 2822 2096 supra
2889 2025 3036 2081 illum
3084 2023 3314 2094 impuris
3345 2022 3631 2093 spiritibus

2039 2132 2099 2173 se
2134 2129 2513 2188 prosternere,
2551 2128 2604 2173 et
2630 2118 2682 2172 in
2707 2117 3078 2189 peccativelut
3113 2115 3285 2170 lutum
3329 2114 3631 2185 quoddam,

2038 2226 2102 2268 ac
2159 2227 2375 2280 caenum
2441 2221 2498 2267 et
2535 2221 2756 2282 puteum
2804 2209 3097 2280 dejicere?
3138 2206 3248 2263 Sed
3309 2205 3440 2277 quid
3498 2206 3634 2259 dicit

2042 2302 2323 2358 hominum
2368 2318 2558 2359 amans
2605 2302 2691 2358 his
2728 2302 2819 2372 qui
2863 2302 2930 2355 ad
2982 2299 3356 2355 remissionem
3403 2296 3635 2368 peccati.

2041 2406 2140 2465 per
2180 2394 2341 2449 iidem
2380 2394 2435 2448 in
2473 2394 2647 2464 ipsum
2684 2393 2915 2458 scilicet,
2957 2391 3134 2447 vocati
3184 2391 3358 2446 sinit?
3396 2387 3515 2444 Noli
3573 2390 3641 2443 ti~

2047 2501 2218 2552 mere,
2250 2484 2379 2556 quia
2417 2483 2647 2541 confusa
2671 2472 2752 2540 es.
2781 2483 2917 2538 Nam
2955 2498 3079 2538 cum
3117 2481 3343 2537 onntino
3375 2480 3520 2536 velut
3542 2496 3640 2550 pa-

2050 2586 2135 2634 ter
2186 2580 2480 2634 miseretur
2538 2577 2799 2644 filiorum,
2832 2576 2913 2632 sic
2972 2578 3229 2630 misertus
3252 2574 3322 2629 sit
3374 2573 3642 2629 Dominus

2049 2671 2354 2726 timentium
2405 2685 2486 2737 se,
2521 2678 2574 2726 et
2618 2678 2877 2739 quantum
2926 2670 3089 2724 distat
3132 2677 3289 2723 ortus
3328 2666 3397 2721 ab
3437 2681 3639 2723 occasu

2048 2762 2206 2834 longe
2239 2769 2518 2818 removeat
2555 2776 2585 2816 a
2629 2760 2782 2817 nobis
2821 2771 3042 2831 peccata
3075 2750 3491 2829 nostra,quidui
3549 2756 3644 2813 do-

2050 2862 2174 2908 ceat
2213 2868 2312 2908 nos
2346 2853 2438 2923 qui
2482 2852 2753 2922 quondam
2797 2851 2933 2922 lapsi
2970 2866 3160 2906 sumus
3205 2863 3424 2905 omnem
3480 2849 3643 2903 timo-

2054 2961 2169 3002 rem
2222 2960 2512 3017 exspuere,
2561 2946 2671 3001 Deo
2708 2944 2881 3015 gratia
2925 2944 3218 3001 oblivionis
3283 2942 3644 3014 justilieante,

2056 3047 2113 3091 et
2136 3051 2167 3090 a
2206 3036 2474 3091 scelerato
2513 3050 2703 3106 ptenas
2728 3050 2834 3091 non
2859 3034 3158 3105 exigente?
3182 3033 3464 3103 Siquidem
3488 3030 3649 3086 Chri-

342 3122 504 3187 Θεοῦ,
533 3123 631 3176 καὶ
669 3124 771 3177 οὐκ
798 3121 1142 3190 ἐξαιτοῦντος
1179 3127 1335 3193 δίκας
1371 3129 1464 3183 τὸν
1493 3128 1806 3203 ἀλιτήριονς
1841 3129 1946 3185 Καὶ

2059 3140 2178 3187 stus
2236 3130 2375 3185 dixit
2430 3131 2697 3186 adventus
2743 3136 2958 3200 tempus
2997 3126 3066 3183 ad
3118 3125 3464 3182 clementiam
3523 3137 3647 3194 spe-

344 3215 479 3285 γοῦν
509 3216 613 3289 ἔφη
646 3216 883 3286 Χριστὸς
914 3220 1013 3288 τῆς
1044 3220 1343 3292 ἐπιδημίας
1367 3221 1458 3275 τὸν
1479 3223 1674 3294 καιρὸν
1695 3225 1777 3285 είς
1811 3227 1947 3295 ἡμεο

350 3306 553 3378 ρότητα
592 3308 975 3371 καταδεικνύς·
1009 3327 1029 3359 ι
1063 3310 1139 3364 Οὐ
1168 3310 1279 3382 γὰρ
1298 3310 1621 3365 ἀπέστειλεν
1646 3314 1676 3366 6
1701 3312 1834 3377 Θεὸς
1852 3312 1947 3367 τὸν

349 3393 477 3469 ἴίὸν
508 3395 677 3449 αὑτοῦ
724 3399 805 3460 εἲς
856 3398 949 3452 τὸν
1011 3398 1223 3470 κόσμον
1254 3402 1344 3456 ἴνα
1370 3402 1534 3474 κρίνῃ
1579 3402 1671 3456 τὸν
1718 3402 1925 3475 κόσμον

349 3486 465 3541 ἀλλ’
498 3488 585 3542 ἵνα
620 3488 767 3560 σωθῇ
802 3491 831 3543 6
861 3489 1063 3561 κόσμος
1088 3491 1156 3545 δι’
1181 3492 1370 3548 αὐτοῦ.
1397 3512 1418 3546 ι
1454 3494 1665 3548 Οὐκοῦν
1688 3494 1764 3559 ὠς
1791 3494 1949 3566 δίκης

350 3579 785 3651 ἀπηλλαγμένοι,
818 3581 912 3635 καὶ
946 3584 1044 3654 τὴν
1074 3584 1133 3637 ἐν
1159 3586 1270 3649 τοῖς
1298 3585 1861 3658 πεπλημμελημένοις
1886 3593 1952 3648 οὐ

353 3674 768 3744 προσδοκῶντες
792 3675 1034 3740 κόλασιν,
1061 3678 1155 3732 καὶ
1174 3677 1447 3749 δειμάτων
1470 3680 1763 3752 ἐλευθέραν
1785 3681 1952 3753 ἐσχήο

353 3781 530 3835 καμεν
567 3765 667 3837 τὴν
711 3767 976 3835 διάνοιαν,
1010 3768 1133 3824 οὐδὲ
1182 3770 1294 3825 τῶν
1342 3771 1723 3845 προλαϐόντων
1760 3774 1954 3829 ὀνειδι-

356 3859 511 3929 σμῶν
552 3860 904 3931 μεμνήμεθα.
937 3862 1086 3935 Νικᾷ
1126 3864 1236 3936 γὰρ
1272 3866 1306 3936 ἡ
1338 3865 1499 3938 χάρις
1544 3867 1830 3922 δικαιοῦσα
1863 3869 1954 3924 τὸν

356 3948 547 4020 ἀσεϐῆ,
585 3949 678 4004 καὶ
708 3949 903 4023 μώμου
937 3951 1141 4018 παντὸς
1176 3954 1599 4012 ἀπαλλάττουσα
1626 3959 1754 4024 τοὺς
1793 3959 1955 4030 ἠλεη-

362 4041 573 4110 μένους.
591 4043 684 4107 Ὠς
728 4045 837 4115 γὰρ
879 4047 908 4099 6
952 4046 1231 4117 πάνσοφος
1273 4050 1489 4115 Παῦλός
1526 4068 1681 4122 φησι,
1717 4070 1737 4104 ι
1767 4052 1900 4115 Θεὸς
1928 4052 1958 4106 6

358 4129 605 4197 δικαιῶν,
631 4131 718 4197 τίς
766 4133 795 4186 6
840 4134 1229 4205 κατακρίνων;
1266 4136 1853 4207 ›,Ἀμνησικακοῦντος
1899 4136 1958 4191 δὲ

359 4221 452 4276 τοῦ
475 4223 696 4278 πάντων
714 4225 1011 4290 Δεσπότου,
1030 4225 1113 4290 τίς
1133 4229 1266 4297 ἡμῖν
1287 4228 1536 4281 όνειδίσει
1560 4228 1667 4281 τῶν
1690 4227 1960 4300 ἐνάγνοία

362 4315 722 4386 πταισμάτων
749 4315 844 4372 τὸν
874 4315 1080 4388 ρύπον;
1130 4318 1396 4392 Ἐπιλήσῃ
1424 4321 1624 4387 τοίνυν,
1654 4320 1841 4391 φησιν,
1864 4321 1954 4375 ἀί·-

365 4404 567 4476 σχύνην
588 4405 809 4461 αἰώνιον
832 4408 975 4480 (ἀντὶ
990 4408 1107 4470 τοῦ,
1139 4411 1402 4481 μακρὰν),
1434 4414 1528 4467 καὶ
1553 4412 1614 4467 τὸ
1641 4412 1841 4476 ὄνειδος
1860 4412 1960 4484 τῆς

2055 3235 2241 3279 ctare:
2265 3241 2285 3276 ι
2305 3221 2421 3278 Νοιι
2444 3223 2610 3288 enim,
2634 3239 2654 3274 ι
2678 3221 2870 3293 inquit,
2892 3237 2914 3273 ι
2945 3219 3093 3276 misit
3110 3219 3253 3275 Deus
3274 3216 3469 3272 Filium
3490 3231 3647 3271 suum

2056 3315 2110 3370 in
2177 3315 2436 3369 mundum
2478 3323 2536 3368 ut
2567 3311 2773 3381 judicet
2810 3312 3094 3378 mundum,
3131 3312 3228 3367 sed
3261 3319 3319 3364 ut
3349 3323 3445 3380 per
3472 3308 3648 3377 ipsum

2056 3406 2296 3462 mundus
2337 3411 2586 3461 servetur
2606 3405 2676 3477 τ’.
2699 3422 2719 3458 ι
2752 3402 2934 3472 Quare
2962 3404 3110 3458 velut
3162 3415 3323 3473 paena
3379 3401 3651 3455 immunes

2057 3498 2223 3564 facti,
2258 3507 2315 3554 et
2349 3496 2673 3553 delictorum
2727 3495 3052 3566 supplicium
3101 3509 3207 3550 non
3242 3500 3649 3563 exspectantes,

2058 3594 2225 3650 etiam
2278 3594 2455 3649 libero
2492 3606 2557 3648 ac
2594 3592 2898 3649 terroribus
2948 3605 3121 3646 vacuo
3174 3591 3359 3645 animo
3416 3587 3651 3650 fuitnus,

2065 3702 2165 3745 nec
2199 3686 2619 3759 pmcedentium
2655 3684 3075 3756 opprobriorum
3107 3682 3473 3737 meminimus.
3513 3679 3652 3736 Vin-

2061 3784 2138 3840 cit
2195 3780 2465 3852 siquidem
2542 3779 2743 3851 gratia,
2793 3792 2914 3848 quae
2992 3776 3257 3847 justiiicat
3320 3773 3572 3842 impium,
3600 3783 3655 3827 et

2065 3875 2213 3931 omni
2266 3874 2387 3929 labe
2433 3886 2529 3928 eos
2575 3871 2667 3943 qui
2721 3868 3156 3925 misericordiam
3207 3865 3489 3921 consecuti
3530 3872 3660 3919 sunt

2064 3965 2280 4021 liberat.
2316 3964 2384 4020 Ut
2408 3964 2553 4018 enim
2594 3961 3031 4031 sapientissimus
3059 3957 3259 4012 Paulus
3288 3957 3364 4010 ait
3393 3972 3407 4009 :
3440 3974 3462 4008 ‹
3516 3957 3661 4011 Deus

2064 4066 2149 4112 est
2181 4055 2272 4126 qui
2303 4054 2591 4122 justiﬁcat,
2617 4053 2741 4123 quis
2769 4064 2855 4107 est
2887 4051 2979 4121 qui
3008 4050 3341 4103 condemnet
3366 4047 3413 4081 ⁸⁸
3435 4047 3496 4102 ἲ»
3523 4047 3660 4102 Cum

2065 4156 2248 4202 autem
2289 4145 2551 4200 Dominus
2601 4144 2847 4199 omnium
2893 4141 3276 4204 obliviscatur,
3310 4140 3432 4209 quis
3500 4139 3659 4194 nobis

2066 4239 2257 4296 sordes
2293 4245 2603 4292 erratorum
2648 4235 2700 4291 in
2737 4233 3045 4307 ignorantia
3092 4230 3460 4288 admissurum
3521 4231 3661 4298 obji-

2067 4330 2178 4386 ciet
2202 4327 2227 4384 ?
2250 4326 2606 4384 Oblivisceris
2641 4327 2851 4395 itaque,
2907 4324 3105 4394 inquit,
3137 4322 3452 4395 ignominiaa
3510 4337 3660 4378 sem-

2069 4422 2317 4495 piternaz,
2348 4420 2806 4491 pro,.diutnrna3;
2839 4428 2896 4473 et
2923 4415 3200 4486 opprobrii
3232 4414 3517 4470 viduitatis
3558 4425 3666 4469 tum

364 4499 592 4570 χορείας
640 4515 735 4553 σου
758 4501 819 4554 οὐ
844 4500 919 4573 μὴ
949 4501 1509 4575 μνησθήσῃ.”ονειδος
1532 4504 1590 4557 δὲ
1620 4505 1865 4576 χηρείας,
1897 4504 1946 4558 τί

2072 4527 2180 4569 non
2217 4510 2617 4567 recordaberis.
2650 4509 2922 4567 Probrum
2954 4517 3141 4563 autem
3191 4506 3471 4562 viduitatis
3521 4518 3663 4568 erat,

367 4593 570 4665 μηδένα
620 4595 824 4668 τρόπον
863 4598 1290 4670 καρποφορῆσαι
1331 4596 1452 4670 Θεῷ
1499 4600 1629 4662 τοὺς
1679 4599 1738 4666 ἐξ
1791 4598 1946 4652 ἐθνῶι

2066 4605 2209 4677 quod
2288 4612 2476 4675 gentes
2529 4602 2733 4659 nullum
2795 4617 2968 4672 genus
3041 4600 3317 4657 fructuum
3367 4598 3497 4653 olim
3559 4596 3671 4650 Deo

369 4687 588 4759 ίσχύσαι
622 4689 776 4754 ποτὲ,
817 4689 942 4744 καθ’
964 4689 1024 4744 ὃν
1059 4690 1374 4746 ἐπλανῶντο
1406 4692 1619 4765 καιρόν.
1647 4692 1723 4746 υὺ
1762 4691 1873 4765 γὰρ
1896 4688 1946 4765 ἦε

2070 4696 2350 4767 potuerint
2390 4696 2672 4761 edere,»
2729 4707 2840 4765 quo
2890 4692 3151 4749 errabant
3208 4699 3477 4760 tempore.
3539 4686 3656 4743 Non

365 4779 498 4848 παρ’
516 4779 726 4843 αὐτοῖς,
757 4779 832 4844 rb;
862 4778 1025 4853 ἔφην,
1055 4779 1084 4833 ὁ
1115 4780 1176 4844 ἐξ
1202 4779 1437 4853 οὐρανοῦ
1466 4780 1724 4852 νυμφίος,
1746 4782 1775 4834 6
1802 4799 1969 4836 πνευ·

372 4869 611 4940 ματικῆς
642 4870 952 4942 εὐκαρπίας
989 4871 1179 4945 δοτὴρ,
1208 4874 1237 4928 6
1264 4872 1601 4945 σπερμάτων
1634 4873 1856 4943 ἀγαθῶν
1882 4876 1971 4929 ἐν-

2070 4791 2218 4846 enim
2253 4798 2375 4844 erat
2407 4788 2551 4859 apud
2577 4802 2697 4852 eos,
2723 4794 2782 4841 ut
2822 4786 3006 4852 dixi,e
3040 4783 3196 4842 caelis
3234 4796 3468 4854 sponsus
3510 4781 3672 4851 spiri-

2073 4880 2238 4937 tualis
2284 4877 2453 4951 760
2511 4876 2811 4934 fertilitatis
2862 4876 3039 4942 dator,
3068 4874 3161 4946 qui
3192 4872 3458 4929 seminum
3501 4871 3674 4924 bono~

370 4959 540 5025 τιθεὶς
556 4962 812 5033 ἀφορμὰς
833 4963 1043 5038 ἑκάστῃ
1063 4962 1233 5036 ψυχῇ.
1270 4964 1381 5018 Καὶ
1399 4964 1530 5033 γοῦν
1548 4965 1606 5019 ἐν
1634 4963 1946 5036 παρασολαίη

2078 4990 2197 5030 ι·ιιιιι
2253 4972 2574 5028 occasiones
2614 4969 2814 5039 cuique
2869 4968 3067 5022 animae
3124 4964 3339 5021 inserit.
3388 4961 3671 5031 Siquidem

372 5054 760 5124 εὐαγγελικαῖς
785 5054 1028 5111 τοιοῦτον
1072 5057 1206 5127 ἡμῖν
1254 5055 1450 5111 ἑαυτὸν
1487 5056 1853 5122 διαδείκνυσι,
1890 5056 1974 5111 λέ-

372 5163 537 5216 γωνί
563 5147 822 5220 Ἐξῆλθεν
844 5150 873 5202 6
896 5151 1138 5225 σπείρων
1158 5152 1254 5208 τοῦ
1283 5155 1505 5226 σπεῖραι
1526 5152 1618 5206 τὸν
1647 5152 1849 5226 σπόρον
1875 5153 1973 5207 αὑ-

2083 5063 2247 5118 talem
2307 5062 2361 5116 in
2409 5059 2739 5130 evangelicis
2800 5057 3076 5128 parabolis
3120 5071 3182 5113 se
3231 5069 3355 5111 esse.
3405 5055 3672 5117 ostendit,

2080 5170 2205 5212 cum
2235 5152 2449 5224 inquit:
2478 5169 2497 5203 ι
2529 5150 2677 5207 Exiit
2709 5150 2803 5220 qui
2856 5149 2994 5205 serit
3038 5150 3105 5205 ad
3144 5148 3434 5205 serendum
3485 5161 3674 5202 semen

372 5237 488 5294 τοῦ.
517 5259 536 5293 ι
574 5240 710 5297 Τίνα
738 5242 798 5296 δέ
826 5242 1029 5314 τρόπον
1072 5244 1508 5318 ἀφανισθήσεται
1541 5244 1603 5300 τὸ
1633 5244 1838 5309 ὄνειδος
1870 5247 1946 5317 τῆ

2081 5261 2240 5302 suum
2263 5246 2330 5299 ”.
2386 5262 2404 5296 ι
2462 5242 2747 5311 Quomodo
2810 5253 2994 5296 autem
3058 5240 3346 5297 viduitatis
3378 5240 3500 5310 cjus
3557 5255 3657 5308 pro

378 5332 604 5399 χηρείας
628 5336 821 5406 αὐτῆς,
856 5336 1135 5408 διατρανοῖ
1158 5339 1355 5407 λέγων,
1392 5341 1475 5394 ὃτι
1506 5338 1711 5411 Κύριος
1737 5340 1767 5392 6
1802 5339 1942 5392 ποιῶ

2066 5341 2240 5394 brum
2288 5336 2655 5401 amovebitur,
2683 5333 2928 5404 exponit,
2953 5334 3141 5389 dicens
3176 5351 3191 5388 :
3239 5333 3376 5401 Quia
3417 5331 3675 5386 Dominus

382 5434 464 5483 σε,
498 5418 701 5490 Κύριος
718 5425 947 5483 Σαϐαὼθ
976 5428 1423 5500 ὄνομααὺτῴπὸ
1452 5431 1530 5495 δὲ,
1560 5432 1736 5486 Ποιῶν
1760 5448 1844 5496 σε,
1865 5448 1974 5501 cpn-

383 5511 491 5573 σὶν,
523 5512 645 5567 ἀντὶ
670 5512 789 5577 τοῦ,
812 5518 1013 5577 κτίζων
1046 5536 1127 5587 σε,
1161 5523 1256 5578 καὶ
1285 5523 1657 5596 μεταμορφῶν
1684 5526 1763 5588 εἰς
1792 5524 1978 5596 ἐτερό-

2084 5427 2293 5485 faciens
2325 5436 2398 5493 te,
2455 5427 2716 5483 Dominus
2760 5423 3002 5481 Sabaoth
3045 5438 3240 5481 nomen
3288 5425 3359 5479 ei.
3406 5422 3674 5486 Faciens,

2084 5520 2240 5587 dicit,
2278 5533 2400 5591 pro,
2428 5519 2670 5576 condens
2702 5526 2776 5583 te,
2834 5526 2888 5573 et
2936 5517 3336 5573 transiormans
3383 5515 3451 5569 ad
3508 5513 3678 5568 alius-

379 5614 583 5673 τροπον
615 5602 912 5666 πολιτείαν,
948 5605 1040 5658 καὶ
1092 5611 1171 5669 είς
1218 5612 1533 5683 εὐσχήμονα
1579 5611 1756 5685 ζωήν·
1798 5630 1946 5684 μετα

2088 5613 2238 5670 modi
2267 5613 2394 5670 vitae
2424 5612 2756 5680 institutum,
2779 5618 2835 5666 et
2872 5611 2940 5668 ad
2970 5611 3131 5668 aliam
3174 5610 3338 5665 vitam
3368 5608 3676 5663 honestam.

465 5785 511 5816 ’³
537 5787 645 5842 Tit.
677 5802 759 5881 ut,
801 5786 853 5841 5.
932 5786 978 5818 "
1007 5784 1150 5841 Psal.
1184 5802 1302 5854 xm,
1335 5787 1388 5843 3.
1466 5787 1691 5850 "Joan.
1728 5807 1809 5857 tu,
1851 5789 1935 5847 i7.
2013 5793 2059 5827 “
2100 5790 2258 5847 Rom.
2294 5806 2407 5857 vtu,
2440 5793 2530 5859 3‘5,
2561 5791 2650 5847 34.
2728 5794 2775 5827 "
2812 5792 2998 5847 Matth.
3032 5806 3151 5858 xm,
3191 5791 3246 5847 3.
