4100 6490
432 317 571 377 1199

1425 319 1483 376 8.
1525 316 1798 375 CYRILLI
1841 316 2313 375 ALEXANDRINI
2358 319 2680 379 ARCHIEP.

3556 324 3695 381 1300

429 431 880 488 Transntntamur
917 432 1060 486 enim
1099 432 1150 486 in
1184 430 1400 487 Christo
1442 431 1510 486 ad
1550 432 1844 487 novitatem
1877 431 2006 484 vita:

2112 431 2524 503 στοιχειούμεθα
2566 431 2675 504 γάρ
2725 433 2783 485 ἐν
2831 433 3052 505 Χριστῷ
3085 433 3162 498 εἰς
3213 431 3508 504 καινότητα
3554 431 3699 501 ζωῆς

427 531 631 576 sanctze
668 537 732 576 ac
781 523 1124 591 evangelicze,
1163 523 1569 579 SliilOleSCClllCS
1618 524 1683 577 ad
1733 522 1850 591 ejus
1899 523 2009 577 lcr-

428 628 530 666 rnte
579 612 1029 681 pulchritudinem
1057 627 1151 680 per
1181 612 1430 681 Spiritum
1454 622 1552 675 ,ul
1596 612 1853 680 deinceps
1912 626 2009 666 nos

426 705 518 757 alii
549 719 613 757 ex
650 703 766 757 aliis
801 704 1099 759 videamur.
1142 703 1287 756 Dixit
1347 704 1601 757 nimirum
1639 705 1706 758 de
1760 703 2010 771 gentibus

428 812 562 850 voce
615 795 957 852 Ezechielis:
1012 816 1030 848 ι
1069 798 1309 852 Evellam
1344 812 1439 851 eor
1470 811 1658 850 eorum
1728 795 2006 865 lapideum

425 906 454 941 ε
521 905 686 943 carne
751 905 962 956 eorum,
1002 898 1055 944 et
1108 890 1246 944 dabo
1310 890 1417 944 illis
1463 903 1558 942 cor
1612 902 1892 950 carneum,
1950 893 2009 940 ut

426 998 513 1037 nte
562 992 919 1053 cognoscant,
963 983 1107 1053 quod
1160 996 1262 1052 ego
1320 980 1421 1036 sim
1473 980 1730 1033 Dominus
1765 977 2009 1033 κινου-

427 1086 603 1129 turam
638 1087 819 1129 autem
844 1085 1060 1131 aetatem
1093 1086 1147 1130 et
1176 1073 1432 1144 populum
1475 1073 1790 1134 creandum,
1825 1085 1920 1123 eos
1943 1083 2009 1123 ex

421 1168 674 1236 gentibus
715 1183 859 1237 smpe
902 1169 1145 1222 nominat
1176 1168 1390 1222 divinus
1420 1166 1582 1221 etiam
1641 1164 1828 1219 David.
1870 1161 2007 1228 Quin

421 1268 477 1314 et
516 1261 950 1330 sapientissimus
974 1259 1180 1314 Paulus
1212 1275 1226 1312 :
1257 1278 1276 1312 ι
1332 1257 1443 1313 Nos
1490 1271 1681 1313 omnes
1703 1296 1718 1322 ,
1757 1274 1776 1307 ι
1811 1255 2005 1323 inquit,

427 1369 450 1401 ι
497 1361 706 1407 retecta
735 1349 875 1407 facie
906 1352 1134 1421 gloriam
1170 1350 1384 1406 Domini
1416 1348 1782 1419 speculantes,
1818 1348 1883 1400 ad
1935 1346 2010 1416 ip-

422 1461 537 1500 sam
576 1446 869 1516 imaginem
918 1430 1433 1499 transforrnamur‘a
1481 1441 1649 1511 gloria
1693 1440 1745 1493 in
1780 1439 2007 1506 gloriam

425 1550 682 1606 tanquam
713 1553 742 1591 a
775 1536 988 1591 Domini
1041 1536 1235 1604 spiritu
1260 1535 1303 1588 ³.
1329 1552 1349 1587 ι
1380 1532 1636 1589 Condidit
1686 1532 1852 1601 igitur
1907 1546 2008 1587 nos

422 1629 698 1692 Christus,
728 1643 826 1682 ceu
855 1628 989 1681 duos
1019 1626 1266 1696 populos,
1302 1625 1354 1679 in
1385 1639 1548 1679 unum
1604 1638 1799 1678 novum
1833 1623 2010 1678 homi-

422 1734 569 1782 nem,
628 1718 836 1771 iaciens
885 1731 1099 1785 pacem,
1150 1724 1206 1770 et
1263 1699 1556 1785 utrumque
1595 1715 1737 1784 apud
1790 1713 2004 1769 Patrem

2114 519 2274 587 άγίας
2306 522 2398 574 καὶ
2427 523 2810 594 εὐαγγελικῆς,
2844 522 3229 589 ἀναϐαίνοντες
3271 525 3351 590 εἰς
3394 525 3699 597 εὐμορφίαν

2111 611 2277 664 αὑτοῦ
2334 612 2423 666 διὰ
2481 614 2812 684 πνεύματος,
2847 613 2987 669 ὥστε
3033 615 3129 669 καὶ
3184 615 3406 687 ἐτέρους
3449 617 3597 686 ἡμᾶς
3642 613 3700 679 ἐξ

2111 703 2314 773 ἐτέρων
2346 704 2576 776 ὁρᾶσθαι
2608 705 2970 778 λοιπόν.Ἕφη
3013 705 3144 776 γοῦν
3192 708 3321 777 περὶ
3367 706 3477 760 τῶν
3529 706 3700 760 ἐθνῶν

2108 794 2197 849 διὰ
2223 797 2408 867 φωνῆς
2444 798 2721 870 Ἰεζεχιὴλ,
2749 800 2832 853 ὅτι
2860 817 2879 851 ι
2912 799 3022 852 Καὶ
3054 800 3316 855 ὲκσπάσω
3342 800 3441 871 τὴν
3472 799 3702 869 καρδίαν

2111 888 2289 942 αὐτῶν
2335 890 2435 960 τὴν
2476 889 2686 961 λιθίνην
2728 893 2791 944 ἐκ
2818 891 2916 963 τῆς
2960 891 3163 962 σαρκὸς
3191 891 3391 957 αὐτῶν,
3422 893 3517 946 καὶ
3542 891 3701 946 δώσω

2111 978 2295 1043 αὐτοῖς
2319 979 2550 1050 καρδίαν
2582 981 2845 1052 σαρκίνην
2880 980 2972 1035 τοῦ
3002 980 3200 1035 εἰδέναι
3225 983 3423 1045 αὐτοὺς
3459 984 3582 1053 ἐμὲ,
3618 983 3701 1037 ὅτι

2111 1068 2222 1137 ἐγὼ
2249 1071 2472 1141 Κύριος.
2506 1090 2523 1123 ι
2546 1072 2880 1144 Ἑρχομένην
2922 1072 2980 1125 δὲ
3016 1073 3209 1142 γενεὰν
3238 1074 3331 1126 καὶ
3358 1073 3484 1127 λαὸν
3518 1072 3703 1137 κτιξόοο

2113 1179 2274 1233 μενον
2307 1165 2435 1228 τοὺς
2476 1165 2536 1229 ἐξ
2583 1165 2755 1218 ἐθνῶν
2787 1166 3215 1238 ἐπιστρέφοντας
3256 1164 3517 1236 ὀνομάζει
3548 1166 3702 1219 πλει-

2114 1252 2337 1323 σταχοῦ.
2383 1254 2535 1308 Καὶὸ
2553 1254 2839 1320 θεσπέσιος
2859 1256 3085 1320 Παῦλος·
3112 1274 3136 1308 4
3157 1257 3350 1327 Ἡμεῖς
3370 1255 3426 1309 δέ
3442 1256 3661 1319 πάντες,
3676 1272 3697 1308 ι

2112 1346 2297 1414 φησὶν,
2318 1364 2338 1397 ι
2372 1347 2882 1421 ἀνακεκαλυμμένῳ
2898 1348 3174 1419 προσώπῳ
3189 1349 3287 1420 τὴν
3312 1347 3470 1415 δόξαν
3489 1348 3697 1420 Κυρίου

2111 1438 2624 1509 κατοπτριζόμενοι,
2650 1441 2750 1511 τὴν
2783 1441 2952 1509 αὐτὴν
2982 1440 3166 1494 εἰκόνα
3202 1439 3703 1511 μεταμορφούμεθα

2109 1524 2221 1577 ἀπὸ
2254 1525 2413 1599 δόξης
2444 1529 2524 1591 εἰς
2575 1530 2750 1596 δόξαν,
2782 1530 3036 1601 καθάπερ
3066 1530 3175 1584 ἀπὸ
3217 1530 3424 1599 Κυρίου
3458 1529 3703 1599 πνεύμα-

2108 1633 2220 1681 τος.
2252 1620 2508 1674 »Ἔκτισε
2536 1622 2713 1676 τοίνυν
2751 1624 2898 1694 ἡμᾶς
2948 1624 2977 1677 6
3020 1623 3274 1694 Χριστὸς,
3302 1625 3420 1694 ἦτοι
3457 1623 3582 1687 τοὺς
3609 1624 3704 1677 δυο

2109 1711 2270 1774 λαοὺς
2295 1714 2375 1775 εἰς
2408 1712 2506 1767 ἕνα
2541 1714 2728 1767 καινὸν
2770 1714 3077 1784 ἄνθρωπον,
3113 1716 3281 1769 ποιῶν
3321 1717 3566 1788 εἰρήνην,
3607 1733 3705 1771 και

422 1808 782 1864 reconcilians
828 1808 881 1863 in
915 1823 1023 1862 uno
1065 1823 1312 1878 corpore.
1335 1806 1599 1862 Jubemur
1621 1807 1879 1861 nimirum
1913 1823 2005 1863 re-

2112 1802 2609 1858 άποκαταλλάσσων
2633 1806 2759 1869 τοὺς
2782 1806 3124 1877 ἀμφοτέρους
3145 1809 3203 1860 ἐν
3227 1808 3307 1860 ἐνὶ
3330 1786 3544 1876 σώματι
3567 1808 3705 1879 πρὸς

423 1914 593 1957 terem
636 1903 910 1957 hominem
960 1916 1184 1967 exuere,
1241 1911 1557 1969 corruptum
1610 1901 2000 1971 cupiditatibus

419 1997 750 2063 crruris;et
783 2011 981 2050 novum
1038 1994 1288 2060 induere,
1324 1995 1414 2063 qui
1484 2005 1772 2049 renovatus
1814 2001 1897 2048 est
1941 1994 2006 2047 ad

421 2088 715 2158 imaginem
752 2086 870 2155 ejus
914 2086 1005 2156 qui
1052 2086 1227 2153 ipsum
1258 2085 1520 2149 condidit,
1578 2086 1779 2141 CitriSIi
1819 2084 2009 2139 videli-

421 2194 527 2237 cet.
568 2182 678 2252 Ego
717 2180 885 2250 igitur
924 2195 1043 2234 sum
1079 2178 1339 2234 Dominus
1399 2179 1641 2234 Sabaoth
1694 2178 1903 2235 faciens
1933 2189 2005 2243 te,

420 2275 621 2346 inquit,
684 2273 738 2329 id
795 2281 901 2339 est,
952 2272 1192 2327 condens
1247 2279 1311 2351 et.
1352 2272 1648 2342 reﬁngens.
1697 2271 1774 2328 Ne
1824 2278 2008 2327 autem

420 2369 642 2435 quidam
676 2375 897 2436 propter
939 2366 1017 2419 rei
1047 2364 1507 2434 magniﬁcentiam
1540 2364 1869 2431 diuiderent,
1898 2364 2008 2419 Do-

423 2461 631 2513 minum
665 2458 999 2512 exercituum
1042 2470 1164 2510 sese
1198 2456 1391 2510 iterum
1427 2455 1692 2518 nominat,
1722 2464 1775 2510 et
1804 2458 2009 2512 utiliter

420 2561 472 2606 et
506 2549 835 2606 necessario.
861 2547 1015 2615 Quod
1042 2548 1206 2601 etiam
1247 2546 1742 2603 transformationis
1770 2562 1870 2604 seu
1918 2550 2007 2604 in-

419 2642 767 2698 staurationis
814 2649 1025 2709 tempus
1055 2640 1147 2706 sit,
1202 2638 1519 2706 declaravit,
1560 2637 1808 2709 inquiens
1847 2654 1861 2692 :
1904 2638 2007 2706 Qui

420 2735 567 2789 eruit
603 2745 677 2797 te,
732 2733 848 2803 ipse
888 2731 1033 2786 Deus
1078 2730 1244 2785 Israel
1294 2732 1440 2784 omni
1490 2741 1646 2785 terra:
1704 2728 2005 2785 vocabitur.

418 2828 489 2880 At
535 2824 754 2897 quando
806 2824 911 2879 hoc
961 2821 1215 2877 effectum
1274 2823 1407 2877 est?
1457 2822 1723 2877 adventus
1800 2831 2005 2891 tempo-

418 2934 479 2973 re
562 2918 790 2973 scilicet.
853 2914 1147 2985 Imperavit.
1218 2917 1362 2970 enim
1436 2914 1685 2970 Christus
1755 2916 2009 2971 omnibus

418 3009 694 3080 gentibus,
724 3009 886 3079 idque
926 3007 1194 3077 Propheta
1235 3007 1415 3073 docet,
1451 3006 1742 3076 inquiens:
1786 3006 1853 3060 Ει
1904 3007 2011 3061 erit

2105 1891 2196 1949 τὸν
2240 1893 2482 1968 Πατέρα.
2519 1898 2628 1952 Καὶ
2654 1897 2788 1966 γοῦν
2817 1898 3275 1970 προστετάγμεθα
3319 1900 3411 1955 τὸν
3459 1900 3560 1972 μὲν
3600 1919 3703 1956 πα·

2105 1984 2255 2040 λαιὸν
2277 1987 2564 2058 ἄνθρωπον
2583 1988 2907 2055 ἀποθέσθαι,
2933 1990 3024 2044 τὸν
3053 1990 3411 2062 φθειρόμενον
3439 1992 3582 2047 κατὰ
3603 1993 3705 2057 τὰς

2108 2078 2407 2148 ἐπιθυμίας
2445 2080 2545 2149 τῆς
2583 2081 2831 2151 ἀπάτης,
2874 2081 3199 2135 ἐνδύσασθαι
3241 2080 3299 2134 δέ
3331 2081 3423 2135 τὸν
3456 2083 3573 2137 νέον
3611 2083 3706 2138 τὸν

2108 2171 2569 2242 ἀνακαινούμενον
2594 2173 2714 2227 κατ’
2747 2173 2939 2227 εἰκόνα
2964 2172 3059 2226 τοῦ
3090 2173 3373 2238 κτίσαντος
3402 2175 3585 2235 αὐτὸν.
3611 2172 3733 2248 δῆ-’

2106 2263 2197 2318 λον
2221 2265 2277 2319 δὲ
2303 2266 2383 2318 ὅτι
2409 2266 2671 2338 Χριστοῦ.
2693 2266 2833 2336 Ἐγὼ
2870 2266 3049 2321 τοίνυν
3078 2267 3197 2338 εἰμί
3234 2267 3441 2339 Κύριος
3474 2267 3701 2324 Σαϐαὼθ

2108 2357 2137 2410 6
2170 2360 2339 2412 ποιῶν
2386 2377 2467 2425 σε,
2510 2360 2643 2432 φησί
2671 2402 2686 2426 ,
2730 2360 3010 2413 τουτέστιν
3043 2361 3071 2412 6
3103 2361 3302 2426 κτίζων
3334 2364 3428 2415 καὶ
3463 2364 3703 2434 ἀναμορ-

2109 2452 2371 2520 φῶν.’Ὶνα
2397 2452 2454 2505 δὲ
2486 2453 2562 2524 μὴ
2589 2452 2886 2523 ἁπιστῆται
2916 2453 3054 2524 πρός
3079 2469 3242 2506 τινων
3271 2454 3359 2508 διὰ
3381 2453 3441 2507 τὸ
3472 2456 3706 2525 μεγαλο⁴

2110 2546 2317 2618 πρεπές
2347 2545 2441 2600 τοῦ
2472 2547 2817 2617 πράγματος,
2843 2544 3049 2617 Κύριον
3072 2546 3181 2599 τῶν
3203 2546 3488 2617 δυνάμεων
3512 2545 3705 2599 ἐαυτὸν

2107 2638 2366 2709 ὀνομάζει
2396 2639 2580 2703 πάλιν,
2611 2639 2897 2710 χρησίμως
2926 2657 2985 2694 τε
3016 2640 3111 2693 καὶ
3138 2641 3472 2708 ἀναγκαίως.
3517 2639 3612 2702 Τίς
3640 2639 3699 2693 δέ

2109 2734 2203 2785 ml.
2228 2735 2256 2785 6
2284 2732 2381 2801 τῆς
2410 2731 2908 2804 μεταμορφώσεως,
2939 2732 3107 2803 ἤγουν
3137 2734 3166 2786 6
3192 2731 3285 2785 τοῦ
3314 2730 3706 2795 ἀνακτίζεσθαι

2109 2825 2320 2896 καιρὸς,
2342 2825 2639 2895 διεσάφησε
2665 2825 2862 2894 λέγων,
2887 2826 2968 2879 ὅτι
3000 2826 3060 2878 '0
3090 2826 3397 2897 ρυσάμενός
3426 2842 3515 2891 σε,
3545 2824 3706 2887 αὐτὸς

2108 2917 2241 2981 Θεὸς
2266 2918 2485 2990 Ἰσραὴλ
2509 2919 2658 2990 πάσῃ
2688 2920 2753 2989 τῇ
2776 2921 2849 2990 γῇ
2875 2917 3233 2990 κληθήσεται.
3260 2917 3478 2988 Πηνίκα
3491 2917 3548 2970 δέ
3569 2916 3706 2980 ὅλως

2110 3011 2205 3063 καὶ
2225 3009 2385 3063 τοῦτο
2412 3009 2801 3078 κατώρθωται,
2820 3011 2961 3064 κατὰ
2976 3012 3067 3066 τὸν
3086 3012 3184 3082 τῆς
3204 3011 3498 3081 ἐπιδημίας
3515 3009 3708 3081 καιρὸν

422 3101 685 3156 Dominus
726 3116 890 3164 unus,
913 3108 967 3154 et
996 3114 1193 3155 nomen
1243 3096 1359 3165 ejus
1399 3114 1563 3152 uuttm
1598 3097 1866 3154 circuiens
1888 3113 2007 3152 om-

2112 3102 2376 3172 δηλονότι.
2429 3102 2792 3155 Βεδασίλευκε
2820 3102 2932 3174 γάρ
2963 3105 2992 3155 6
3025 3102 3260 3174 Χριστὸς
3290 3103 3384 3155 ἐπὶ
3418 3103 3599 3158 πάντα
3637 3101 3709 3156 τὰ

421 3208 545 3245 nem
598 3200 815 3246 terram.
857 3190 996 3247 Olim
1043 3191 1187 3247 enim
1238 3188 1291 3243 in
1322 3189 1437 3244 sola
1481 3188 1666 3244 Judata
1704 3201 1865 3244 natus
1893 3199 2007 3243 erat

2119 3195 2268 3266 ἔθνη.
2288 3194 2379 3248 καὶ
2399 3194 2558 3249 τοῦτο
2581 3194 3009 3263 διδάσκειλὲγων
3026 3196 3054 3245 6
3074 3195 3387 3267 Προφήτηςο
3425 3195 3535 3248 Καὶ
3553 3194 3707 3249 ἔσται

426 3284 644 3338 Deus".
665 3286 730 3337 At
757 3294 1113 3354 posteaquam
1142 3292 1330 3337 vocata
1357 3290 1437 3336 est
1469 3297 1567 3351 per
1599 3280 1755 3361 ﬁdem
1772 3282 1837 3334 ad
1861 3282 2015 3350 agni-

422 3378 624 3431 tionem
670 3377 787 3445 ejus
830 3376 1119 3431 multitudo
1167 3378 1451 3446 gentium:
1492 3375 1566 3428 illi
1607 3376 1799 3430 deinde
1829 3372 2010 3429 ﬂectet

418 3470 582 3543 761
611 3486 669 3526 se
690 3484 849 3524 omne
886 3485 1052 3539 genu,
1112 3479 1169 3525 et
1190 3469 1385 3524 omnis
1410 3468 1607 3539 lingua
1665 3467 2011 3523 conﬁtebitur

416 3579 538 3617 esse
582 3562 867 3617 Dominum
924 3560 1108 3616 .Iesum
1172 3561 1484 3645 Christum,’
1520 3561 1580 3615 in
1618 3550 1860 3631 gloriam
1910 3559 2006 3615 Dei

418 3655 596 3711 Patris
620 3654 661 3709 ³.
701 3652 844 3709 Deus
884 3653 1052 3723 igitur
1109 3653 1163 3708 in
1193 3655 1340 3707 omni
1375 3664 1517 3709 terra
1556 3654 1865 3721 vocabitur,
1913 3651 2006 3722 qui

419 3748 564 3801 eruit
596 3761 714 3808 nos,
755 3754 811 3799 et
836 3761 864 3797 a
896 3745 1100 3800 saevitia
1145 3744 1343 3799 diaboli
1387 3745 1612 3811 exemit,
1664 3745 2007 3815 prOpriisque

417 3838 651 3908 sceptris
673 3836 931 3891 subdidit.
950 3835 1115 3906 quue
1141 3837 1299 3892 docet
1322 3836 1513 3893 beatus
1537 3836 1725 3905 David,
1744 3838 2007 3908 inquiens

420 3929 648 3984 ultCUlii:
682 3948 699 3980 ι
730 3926 932 3985 Omnes
954 3938 1165 3998 gentes,
1194 3929 1434 3999 plaudite
1474 3930 1749 3999 manibus,
1775 3929 2007 3999 jnbilate

418 4025 529 4078 Deo
548 4021 757 4078 Jacob:
790 4021 916 4091 quia
949 4022 1210 4076 Dominus
1235 4021 1557 4089 altissimus,
1584 4023 1861 4085 terribilis,
1905 4036 2003 4076 rex

421 4128 650 4183 magnus
683 4127 850 4182 super
879 4128 1095 4169 onmem
1122 4122 1326 4169 terram
1354 4114 1419 4170 ³⁸.
1453 4131 1472 4166 ι
1507 4115 1722 4171 Alieubi
1760 4130 1951 4171 rursus
1985 4130 1999 4168 :

422 4225 440 4255 σ
482 4206 740 4262 Dominus
769 4208 1034 4276 regnavit,
1064 4207 1300 4262 exsultet
1331 4216 1475 4262 terra
1513 4206 1554 4260 δ.
1595 4226 1614 4260 ›

2119 3288 2324 3359 Κύριος
2343 3284 2547 3352 εἷς,καὶ
2562 3287 2735 3359 ὖνομα
2752 3287 2918 3341 αὐτοῦ
2930 3289 2991 3341 ἓν
3005 3288 3240 3341 κυκλοῦν
3261 3290 3442 3341 πᾶσαν
3458 3287 3557 3358 τὴν
3581 3288 3703 3357 γῆν.

2118 3382 2294 3435 Πάλαι
2317 3382 2416 3451 μέν
2440 3381 2551 3451 γάρ
2576 3376 2644 3451 ἦν
2662 3380 2803 3434 κατὰ
2819 3380 2989 3452 μόνην
3007 3380 3105 3451 τὴν
3139 3379 3399 3433 Ἰουδαίαν
3419 3393 3659 3446 γνωστος
3678 3379 3709 3430 6

2114 3470 2266 3536 Θεός.
2285 3471 2504 3543 Ἐπειδὴ
2535 3471 2592 3525 δέ
2625 3470 2886 3544 κέκληται
2917 3470 3007 3524 διὰ
3030 3469 3267 3532 πίστεως
3299 3470 3380 3531 εἰς
3411 3467 3710 3536 ἐπίγνωσιν

2114 3562 2281 3617 αὐτοῦ
2320 3564 2428 3618 τῶν
2452 3564 2622 3618 ἐθνῶν
2644 3567 2680 3636 ,ἠ
2716 3563 2946 3635 πληθὺς,
2980 3562 3130 3633 αὐτῷ
3156 3561 3340 3615 λοιπὸν
3371 3560 3579 3631 κάμψει
3600 3560 3709 3614 πᾶν

2113 3657 2265 3726 γόνυ,
2294 3658 2389 3712 καὶ
2426 3660 2576 3712 πᾶσα
2619 3658 2841 3727 γλῶσσα
2872 3655 3330 3727 ἐξομολογήσεται
3356 3672 3369 3687 ο
3394 3656 3479 3708 ὅτι
3506 3653 3708 3725 Κύριος

2127 3748 2335 3821 Ἰησοῦς
2369 3750 2627 3820 Χριστὸς,
2651 3751 2732 3814 εἰς
2780 3746 2940 3814 δόξαν
2989 3747 3125 3802 Θεοῦ
3176 3748 3409 3818 Πατρός.
3443 3744 3576 3809 Θεὸς
3616 3740 3717 3798 οὖν

2114 3843 2224 3915 ἄρα
2256 3844 2315 3896 ἐν
2361 3842 2510 3915 πάσῃ
2546 3845 2613 3914 τῇ
2644 3846 2716 3914 γῇ
2747 3841 3082 3914 κληθήσεται
3124 3842 3153 3894 6
3190 3839 3493 3911 ῥυσάμενος
3535 3834 3710 3906 ἡμᾶς,

2120 3935 2218 3988 καὶ
2263 3936 2363 4006 τῆς
2411 3935 2503 3988 τοῦ
2550 3934 2797 3989 διαϐόλου
2839 3934 3161 4005 σκαιότητος
3199 3928 3419 3995 ἐξελὼν,
3451 3927 3548 3980 καὶ
3594 3926 3711 3987 τοῖς

2114 4026 2268 4091 ἰδίοις
2311 4029 2613 4100 σκήπτροις
2650 4026 2989 4097 ὑπενεγκών.
3021 4026 3133 4080 Καὶ
3164 4022 3324 4077 τοῦτο
3349 4020 3590 4074 διδάσκει
3615 4016 3708 4082 λέ-

2113 4135 2228 4189 γων
2253 4122 2282 4175 6
2312 4121 2583 4193 μακάριος
2608 4120 2793 4179 Δαδὶδ.
2815 4120 2945 4173 ποτέ
2974 4117 3189 4189 μὲν,ὃτι
3218 4114 3437 4168 (Πάντα
3457 4110 3527 4165 τὰ
3554 4110 3710 4177 ἔθνη,

2114 4214 2417 4284 κροτήσατε
2462 4216 2685 4285 χεῖρας,
2730 4209 3036 4276 ἀλαλάξαι-τε
3088 4208 3168 4280 τῷ
3197 4207 3316 4278 Θεῷ
3352 4203 3585 4260 Ἰακώϐ⁸
3628 4200 3713 4255 ὅτι
3822 4250 3831 4269 η

415 4299 619 4370 Κύριος
649 4298 1175 4371 ὖψιστος,φοϐερὸς,
1208 4300 1463 4372 βασιλεὺς
1501 4301 1679 4371 μέγας
1742 4302 1836 4355 ἐπὶ
1882 4303 2066 4358 πᾶσαν
2098 4306 2198 4377 τὴν
2231 4307 2364 4379 γῆψ
2398 4326 2418 4360 ι
2460 4308 2590 4361 ποτέ
2619 4307 2677 4361 δέ
2702 4306 2889 4372 πάλιν,
2922 4323 2942 4359 ι
2982 4305 3049 4365 'Q
3072 4305 3278 4374 Κύριος
3324 4298 3695 4360 ὲσασίλευσενι

414 4393 767 4464 ἁγαλλιάσθω
797 4394 830 4463 ἡ
865 4395 958 4463 γῆ.
988 4411 1010 4445 ι

484 4482 651 4541 Vens.
699 4481 825 4536 6-8.
878 4478 1008 4535 Non
1065 4480 1218 4550 quasi
1274 4481 1548 4535 mulierem
1601 4482 1903 4537 derelictam
1959 4492 2007 4536 et

2188 4486 2313 4553 Οὐχ
2360 4486 2442 4552 ὡς
2476 4483 2733 4556 γυναῖκα
2779 4477 3410 4554 ἐγκαταλελειμμένην
3443 4476 3541 4532 καί
3584 4479 3709 4533 ὀλι-

413 4575 805 4644 pusillanimem
828 4574 1026 4626 vocavit
1048 4583 1096 4627 le
1120 4571 1373 4628 Dominus
1397 4589 1417 4628 :
1446 4590 1538 4628 nec
1561 4575 1716 4643 quasi
1741 4575 2010 4630 mulierem

414 4691 444 4720 α
474 4668 756 4738 jurentute
790 4665 914 4720 odio
947 4665 1208 4730 habitam,
1237 4665 1373 4720 dixit
1413 4665 1549 4721 Deus
1588 4677 1728 4721 tuus.
1761 4665 2012 4735 Tempore

416 4760 623 4813 modico
657 4756 913 4828 dereliqui
947 4768 1016 4822 te,
1043 4765 1093 4811 et
1128 4774 1246 4812 cum
1283 4760 1647 4816 misericordia
1684 4775 1876 4828 magna
1911 4758 2012 4811 mi—

415 4852 625 4904 serebor
653 4850 750 4903 lui.
786 4847 882 4905 Ira
916 4850 1055 4904 brevi
1082 4850 1247 4904 averti
1281 4851 1473 4921 faciem
1509 4866 1678 4904 meam
1713 4868 1744 4903 α
1779 4860 1849 4914 te,
1876 4861 1924 4904 et
1953 4850 2010 4903 in

417 4941 782 4996 misericordia
809 4947 1127 5011 sempiterna
1155 4944 1439 4998 miserebor
1460 4944 1563 5009 lui,
1589 4942 1729 4996 dixit
1753 4942 1845 5010 qui
1870 4940 2008 4995 aruit

389 5107 394 5110 .
418 5045 467 5087 to
499 5033 776 5090 Dotuinus.
1742 5026 1755 5045 ~
1782 5022 1789 5029 κ

491 5122 644 5179 Solet
708 5124 992 5197 Scriptura
1055 5128 1316 5184 divini-tus
1371 5127 1635 5197 inspirata
1691 5124 2009 5181 derelictam

420 5217 725 5299 mulierem,
760 5219 1031 5292 aliquibus
1064 5221 1133 5276 de
1168 5221 1352 5278 causis
1390 5218 1681 5288 abiectam,
1713 5215 2010 5288 appellare,

420 5309 505 5363 cui
543 5309 658 5380 lege
692 5310 929 5368 Mosaica
984 5311 1196 5368 libellus
1233 5311 1439 5382 repudii
1473 5310 1633 5366 datus
1667 5319 1751 5366 est
1789 5310 1858 5365 ab
1892 5308 2009 5378 ejus

418 5402 685 5473 conjuge,
732 5404 860 5457 odio
912 5403 1150 5457 habitam
1207 5417 1423 5467 rursus,
1469 5403 1535 5456 de
1579 5401 1912 5470 turpitudine
1955 5412 2011 5456 et

421 5493 641 5548 levitate
667 5497 789 5549 vita:
819 5494 1211 5551 insimulatam.
1230 5494 1331 5550 Cui
1364 5494 1528 5549 etiam
1557 5494 1812 5549 convenit
1841 5495 2008 5557 pusil—

422 5589 741 5644 lanimitatis
783 5590 1015 5659 crimen,
1054 5603 1110 5646 ut
1153 5608 1273 5663 qua:
1313 5592 1513 5647 durare
1559 5607 1664 5645 non
1710 5601 1915 5662 posset,
1952 5602 2004 5645 et

2116 4578 2397 4647 γόψυχον
2425 4576 2689 4645 κέκληκέ
2715 4592 2790 4630 σε
2816 4576 3050 4645 Κύριος,
3077 4571 3220 4627 οὐδὲ
3242 4571 3324 4637 ὡς
3356 4568 3611 4639 γυναῖκα
3640 4569 3711 4622 ἐκ

2114 4668 2398 4735 νεότητος
2420 4666 2862 4737 μεμισημένην,
2893 4661 3064 4718 εἶπεν
3087 4666 3120 4716 d
3147 4661 3312 4726 Θεός’
3347 4658 3582 4729 Χρόνον
3614 4675 3713 4727 μι-

2112 4757 2263 4824 κρὸν
2307 4757 2633 4810 κατέλιπόν
2683 4771 2793 4820 σε,
2843 4755 2944 4809 καὶ
2985 4751 3138 4823 μετὰ
3181 4748 3396 4814 ἐλέους
3438 4746 3711 4817 μεγάλου

2110 4850 2347 4920 ἐλεήσω
2381 4865 2475 4905 σε.
2494 4849 2593 4903 ’Er
2632 4845 2800 4918 θυμῷ
2831 4845 3025 4916 μικρῷ
3051 4841 3408 4910 ἀπέστρεψα
3434 4838 3501 4893 τὸ
3526 4839 3715 4906 πρόσ-

2111 4942 2279 4996 ωπόν
2318 4958 2438 5012 μου
2480 4940 2602 4996 ἀπὸ
2642 4939 2782 5004 σοῦ,
2812 4938 2914 4993 καί
2941 4938 3013 4992 ἐν
3049 4933 3206 4992 ἐλέει
3234 4930 3454 4995 αἰωνίῳ
3476 4928 3713 4996 ἐλεήσω

2114 5048 2211 5096 σε,
2241 5027 2414 5086 εἶπεν
2447 5034 2481 5085 δ
2504 5028 2853 5099 ρυσὰμενός
2884 5041 2959 5081 σε
2993 5027 3232 5096 Κύριος.

2191 5124 2354 5188 Ἐθος
2378 5126 2445 5195 τῇ
2478 5120 2825 5191 θεοπνεύστῳ
2850 5120 3042 5192 Γραφῇ
3073 5115 3580 5190 καταλελειμμένην
3612 5129 3711 5182 γυ-

2117 5218 2283 5272 ναῖκα
2306 5216 2410 5286 τὴν
2435 5214 2528 5269 ἐπί
2549 5230 2691 5268 τισιν
2717 5212 2918 5277 αἰτίαις
2946 5212 3179 5282 ἐκϐεσλη
3189 5213 3361 5283 μένην
3390 5206 3711 5263 ἀποκαλεῖν.

2116 5301 2621 5380 ᾖπροσερρίπτετο
2673 5303 2816 5358 κατὰ
2860 5304 2955 5357 σὺν
2986 5303 3232 5367 Μωσέως
3278 5300 3443 5372 νόμον
3476 5297 3581 5375 καὶ
3624 5290 3709 5359 βι-

2116 5399 2265 5454 ὅλίον
2300 5398 2635 5453 ἀποστασίου
2685 5398 2837 5468 παρὰ
2881 5396 2976 5450 τοῦ
3017 5392 3394 5465 συνοικοῦντος
3416 5384 3581 5454 αὐτῇ,
3612 5398 3709 5453 με·

2120 5493 2430 5565 μισημένην
2468 5491 2527 5545 δέ
2568 5490 2732 5545 πάλιν
2783 5490 2872 5544 ἐπ’
2898 5479 3282 5553 ἁκοσμίςῐκαὶ
3326 5477 3549 5547 ἀσέμνῳ
3592 5474 3706 5565 ζ’φῇ

2113 5585 2373 5656 διαδεὸλη
2384 5584 2574 5655 μένην.
2613 5575 2800 5654 ’ᾟπερ
2825 5581 2893 5632 ἂν
2916 5575 3115 5645 πρέποι
3143 5572 3238 5628 καὶ
3254 5571 3317 5623 eo
3332 5567 3432 5640 τῆς
3456 5564 3710 5634 ὀλιγοψυ-

494 5700 512 5769 ,'
545 5701 741 5756 Εῑοοίι-
777 5719 848 5762 ιιι
882 5706 967 5762 ίθ-
1043 5713 1063 5743 '
1092 5710 1133 5767 ll
1164 5711 1288 5769 Cor.
1325 5722 1408 5764 ιιι.
1444 5707 1526 5764 18.
1603 5709 1646 5739 ’⁸
1671 5705 1809 5761 Psal.
1842 5720 2007 5760 vav.

2176 5701 2194 5731 ³
2222 5700 2354 5752 Rom
2388 5711 2497 5750 xtv.
2538 5691 2636 5755 H;
2678 5688 2869 5755 Philip.
2899 5684 3066 5750 1!,H.
3147 5681 3187 5713 ³⁸
3213 5676 3356 5733 Psal.
3394 5688 3539 5741 ιινι,
3569 5671 3627 5740 9,
3650 5672 3705 5729 5.

422 5769 451 5798 ⁴
480 5766 625 5825 Psal.
660 5786 803 5835 xcvi,
845 5774 892 5826 l.
