4100 6458
381 477 410 532 1
421 475 531 534 201·

1541 475 1609 531 ΙΝ
1649 477 1881 533 ιεΑιΑιι
1922 479 2052 534 LIB.
2099 480 2161 535 ν.
2204 476 2441 534 ΤΟΜυὸ
2464 473 2527 530 ιι.

3535 482 3673 539 12οὶ

378 600 505 670 χίας
532 597 784 668 αἰτιαμα,
819 596 893 661 ὥς
928 597 991 649 οὐ
1020 596 1298 670 δυναμένῃ
1331 599 1734 673 διακαρτερεῖν,
1762 606 1854 657 καὶ
1880 604 1984 658 τῶν

2094 600 2536 674 nuptialejugum
2568 599 2840 669 amplecti,
2862 600 2957 654 sed
2986 601 3052 653 ad
3085 615 3149 655 ea
3176 614 3296 668 qua
3325 598 3403 652 l'as
3435 618 3539 656 non
3569 614 3678 670 est,

374 689 638 761 γαμικῶν
665 688 961 759 ἀνέχεσθαι
992 687 1195 758 ζυγῶν,
1232 690 1265 761 ἢ
1299 691 1705 765 μεθισταμένην
1729 697 1814 765 ἐφ’
1843 696 1878 751 ἃ
1908 698 1983 770 μὴ

377 781 562 853 θέμις,
600 781 697 835 καὶ
746 779 1032 849 ὀλιγώρως
1081 781 1314 852 ἔχουσαν
1361 786 1491 856 περὶ
1541 786 1602 838 τὸ
1649 788 1890 861 πληροῦν
1915 789 1985 842 τὰ

375 874 591 945 ὅσαπέρ
635 876 754 928 ὲστι
803 874 1066 928 τελοῦντα
1110 876 1247 945 πρὸς
1275 877 1597 946 εὐκοσμίαν.
1626 879 1862 950 Τοιαύτη
1898 898 1985 945 τις

376 969 605 1037 γέγονεν
631 969 664 1039 ἡ
684 968 795 1021 τῶν
828 967 1101 1022 Ἰουδαίων
1123 969 1423 1040 Συναγωγὴ
1444 987 1510 1022 πε
1521 971 1575 1041 pi.
1600 971 1695 1024 τὸν
1711 973 1819 1025 τῶν
1844 973 1984 1027 ὅλων

375 1058 687 1130 κρατοῦντα
728 1059 881 1113 Θεόν.
919 1061 1312 1131 Προσηγάγετο
1347 1062 1446 1131 μὲν
1475 1063 1584 1134 γὰρ
1633 1063 1803 1135 αὐτὴν
1847 1063 1984 1134 πρὸς

376 1152 691 1220 οἰκειότητα
721 1153 1106 1223 πνευματικὴν
1138 1151 1229 1205 διὰ
1265 1152 1360 1207 τοῦ
1396 1154 1672 1224 πανσόφου
1708 1156 1981 1221 Μωσέως,

376 1241 476 1295 καὶ
508 1241 584 1305 ῶς
627 1258 751 1296 τινα
794 1244 1032 1311 γυναῖκα
1077 1242 1459 1315 πορνεύσασαν
1496 1246 1553 1298 ὲν
1584 1246 1865 1315 Αἰγύπτῳ,
1895 1246 1985 1300 διά

374 1349 441 1402 γε
469 1332 565 1386 τού
597 1334 665 1387 τὰ
696 1332 875 1386 αὐτῶν
904 1333 1121 1387 ἑλέσθαι
1152 1338 1392 1406 φρονεῖν,
1429 1335 1523 1390 καὶ
1543 1337 1728 1391 αὒτὸθι
1752 1336 1985 1410 λατρεῦ-

378 1441 470 1479 σαι
506 1423 673 1488 θεοῖς,
723 1428 1008 1496 μονονουχὶ
1055 1425 1152 1480 καὶ
1199 1428 1658 1496 εἰσοικισάμενος.
1693 1425 1827 1482 Εἶτα
1870 1431 1983 1495 τοῖς

377 1517 632 1588 ἀρχαίοις
674 1517 941 1584 τέλμασιν
984 1519 1542 1590 ἔγκαταπηδήσασαν,
1567 1521 1663 1575 καὶ
1700 1521 1985 1594 παλινδρο-

380 1610 503 1679 μεῖν
533 1608 830 1664 ἐθέλουσαν
880 1611 959 1674 εἰς
1011 1611 1313 1665 ἀπόστασιν
1380 1612 1819 1685 (προσκεκύνηκε
1874 1615 1985 1686 γὰρ

375 1703 490 1762 τοῖς
533 1699 719 1771 ἔργοις
759 1702 870 1756 τῶν
905 1703 1052 1756 ἰδίων
1083 1702 1327 1776 χειρῶν),
1359 1705 1652 1759 ἀπεώσατό
1678 1723 1736 1760 τε
1763 1708 1860 1760 καὶ
1889 1707 1986 1761 άλ-

374 1791 597 1860 λοτρίαν
626 1792 877 1863 ἀπέφηνε
911 1794 1008 1864 τῆς
1041 1796 1179 1864 πρὸς
1214 1796 1377 1851 αὑτὸν
1408 1797 1763 1870 οἰκειότητος,
1787 1799 1883 1852 καὶ
1911 1797 1986 1862 ὥς

374 1900 500 1937 τινα
541 1887 776 1953 γυναῖκα
825 1888 1211 1959 μεμισημένην
1235 1888 1332 1943 καὶ
1376 1890 1721 1962 ὀλιγόψυχον,
1774 1891 1986 1957 ἔξοικον

374 1976 699 2047 ἐπεδήσατο.
731 1978 842 2032 Καὶ
872 1979 1004 2048 γοῦν
1034 1979 1137 2051 ἔφη
1172 1981 1240 2035 δι’
1277 1982 1396 2047 ἐνὸς
1419 1981 1529 2035 τῶν
1561 1984 1734 2051 ἁγίων
1770 2002 1954 2057 προερη

374 2069 484 2124 τῶν
509 2071 646 2141 πρὸς
666 2073 793 2137 τοὺς
816 2072 874 2139 ἐξ
893 2073 1125 2143 αἵματος
1154 2073 1378 2147 Ἰσραήλ
1397 2091 1408 2104 ·
1435 2075 1709 2147 «Κρίθητε
1731 2076 1866 2148 πρὸς
1886 2077 1984 2149 τὴν

379 2161 598 2234 μητέρα
631 2164 807 2235 ὑμῶν,
842 2164 1093 2238 κρίθητε,
1117 2166 1200 2219 ὅτι
1230 2163 1373 2235 αὕτη
1399 2165 1458 2219 ού
1492 2171 1631 2235 γυνή
1668 2184 1795 2240 μου,
1829 2167 1986 2237 κάγὼ

375 2254 480 2308 οὐκ
507 2256 650 2327 ἀνὴρ
680 2258 875 2328 αὐτῆς.
902 2258 1012 2311 Καὶ
1039 2257 1220 2330 ἐξαρῶ
1252 2258 1353 2326 τὴν
1385 2259 1643 2329 πορνείαν
1680 2262 1852 2332 αὐτῆς
1879 2262 1986 2333 πρὸ

377 2344 676 2416 προσώπου
702 2365 828 2418 μου,
848 2348 944 2400 καὶ
966 2347 1069 2420 τὴν
1100 2348 1351 2419 μοιχείαν
1388 2350 1560 2418 αὐτῆς
1596 2353 1656 2404 ἐκ
1683 2350 1850 2420 μέσου
1875 2351 1984 2406 τῶν

379 2436 604 2507 μαστῶν
627 2439 820 2508 αὐτῆς,
851 2438 947 2493 καὶ
985 2441 1274 2494 ἀποκτενῶ
1311 2440 1485 2512 αὐτὴν
1520 2442 1576 2494 ὲν
1603 2441 1766 2511 δίψει,
1798 2443 1894 2497 καὶ
1917 2443 1984 2497 τὰ

373 2529 545 2582 τέκνα
567 2529 739 2599 αὐτῆς
767 2532 828 2584 ού
860 2533 936 2604 μὴ
967 2533 1195 2603 ἐλεήσω.
1217 2535 1299 2586 ὅτι
1322 2533 1491 2588 τέκνα
1516 2535 1772 2604 πορνείας
1802 2535 1975 2590 ἐστίν’

373 2622 457 2675 δτι
474 2620 914 2695 ἐξεπόρνευσενή
937 2626 1120 2696 μήτηρ
1137 2624 1682 2697 αὑτῶν,κατῄσχυνεν
1699 2629 1729 2697 ἡ
1744 2627 1987 2681 ’τεκοῦσα

375 2711 536 2768 αὐτὰ.
552 2732 571 2765 ι
607 2715 826 2780 Ὀποῖος
851 2716 908 2769 δὲ
933 2716 1155 2784 γέγονεν
1177 2717 1314 2788 αὐτῇ
1329 2718 1426 2787 τῆς
1443 2718 1702 2787 πορνείας
1717 2721 1745 2772 ὁ
1761 2719 1982 2792 τρόπος,

372 2807 675 2878 διεσάφησε
703 2808 879 2877 λέγων
916 2809 1005 2863 διά
1036 2810 1224 2880 φωνῆς
1276 2811 1557 2882 Ἰεζεχιήλ·
1587 2831 1606 2864 ι
1636 2812 1731 2866 Υἱὲ
1775 2812 1987 2885 ἀνθρώ-

377 2916 501 2960 που,
532 2901 592 2952 ού
623 2904 828 2971 κρινεῖς
852 2901 1157 2975 cavoque-2
1185 2904 1279 2956 καὶ
1306 2902 1404 2974 τὴν
1439 2904 1686 2958 Ὀολιϐὶιν
1711 2906 1983 2972 (τουτέστι

374 2991 473 3064 τὴν
507 2992 865 3064 Ἰερουσαλὴμ
887 2994 980 3047 καὶ
1003 2995 1103 3066 τὴν
1133 2995 1503 3066 Σαμάρειαν),
1543 2999 1640 3051 κοιλ⁸
1665 2998 1986 3067 ἁναγγελείς

375 3084 568 3150 αὐταῖς
595 3085 695 3152 τὰς
740 3086 974 3157 ἀνομίας
1007 3088 1211 3155 αὐτῶν,
1239 3088 1323 3143 ὅτι
1362 3090 1684 3161 ὲμοιχῶντο,
1714 3093 1817 3144 καὶ*
1845 3086 1985 3162 αἷμα

374 3180 432 3231 ἐν
476 3180 599 3242 ταῖς
650 3180 842 3249 χερσὶν
901 3180 1122 3247 αύτῶν;
1164 3179 1285 3252 [Ta
1348 3183 1718 3254 ἐνθυμήματα
1767 3184 1983 3258 αὐτῶν]

375 3271 712 3343 ἐμοιχῶντοο
741 3271 838 3324 καὶ
883 3271 952 3326 τὰ
1000 3272 1167 3337 τέκνα
1219 3275 1422 3340 αὐτῶν,
1462 3274 1499 3329 ἀ
1529 3276 1831 3348 ἐγέννησαν
1870 3296 1982 3349 μοι,
2013 3303 2057 3364 C

375 3361 641 3435 διήγαγον
655 3363 814 3416 αὐτοὶ
831 3363 899 3417 δι’
922 3363 1366 3438 ἐμπύρων.’Ἒως
1394 3368 1490 3421 καὶ
1516 3369 1699 3423 ταῦτα
1718 3370 1984 3442 ἐποίησάν

381 3470 497 3524 μοι’
531 3454 614 3508 Τά
645 3455 777 3524 ἀγιά
807 3472 910 3526 μου
940 3456 1190 3528 ἐμίαναν,
1222 3458 1318 3511 καὶ
1340 3459 1409 3512 τὰ
1438 3459 1696 3514 Σάϐϐατά
1721 3479 1825 3532 μου
1850 3462 1985 3515 ἐϐε-

377 3543 595 3615 ϐήλουν,
630 3546 727 3600 καὶ
760 3547 819 3598 ὲν
852 3546 933 3618 τῷ
983 3549 1212 3618 σφάζειν
1243 3551 1441 3611 αὐτοὺς
1472 3551 1542 3605 τὰ
1584 3552 1748 3606 τέκνα
1803 3554 1985 3609 αὐτῶν

376 3639 486 3701 τοῖς
521 3637 763 3701 εἰδώλοις
804 3638 1006 3702 αὐτῶν,
1035 3641 1130 3693 καὶ
1172 3643 1588 3715 εἰσεπορεύοντο
1630 3647 1711 3711 εἰς
1754 3646 1822 3700 τὰ
1852 3648 1987 3717 ἅγιά

382 3746 485 3800 μου
524 3729 630 3784 τοῦ
667 3729 934 3802 βεϐηλοῦν
968 3734 1129 3788 αὑτά.
1169 3755 1187 3787 ι
1216 3732 1398 3791 Ἶίσαν
1426 3737 1526 3809 μὲν
1554 3739 1664 3811 γὰρ
1693 3743 1750 3793 ὲν
1776 3744 1842 3813 τῇ
1877 3743 1982 3796 Σα-

385 3825 589 3904 μαρείᾳ
612 3824 746 3878 δέκα
776 3826 964 3895 φυλαὶ,
989 3826 1087 3880 καὶ
1124 3827 1185 3881 τὸ
1213 3828 1388 3900 ἥμισυ
1418 3830 1593 3901 φυλῆς
1626 3833 1865 3905 Ἐφραῖμ
1883 3849 1900 3867 ⁸
1928 3835 1986 3889 ὲν

380 3914 436 3969 δέ
470 3934 536 3985 γε
566 3920 680 3983 τοῖς
719 3920 1117 3991 Ἰεροσολύμοις
1150 3923 1321 3977 Ἰούδα
1370 3925 1534 3997 φυλὴ,
1568 3927 1664 3979 καὶ
1709 3928 1770 3981 τὸ
1807 3929 1982 3999 ἥμισυ

378 4006 552 4077 φυλῆς
583 4007 843 4080 Βενιαμίν
864 4029 876 4041 ·
909 4009 1024 4064 ἀλλ’
1051 4003 1199 4066 οὗτοί
1220 4029 1279 4065 τε
1310 4014 1554 4068 κάκεῖνοι
1582 4015 1988 4087 δεδυσσεϐἠκαο

378 4114 460 4151 σιν
485 4100 545 4152 οὐ
581 4102 840 4173 μετρίως,
872 4102 1074 4173 μᾶλλον
1112 4104 1168 4157 δὲ
1195 4105 1276 4168 εἰς
1305 4104 1461 4175 λῆξιν
1490 4107 1713 4179 ἀπάσης
1744 4109 1982 4182 ἐμϐρον-

374 4207 440 4262 τη
451 4192 570 4256 σίας
589 4192 918 4258 ἀκαθέκτοις
933 4196 1520 4266 ὁρμαῖξδιελάσαντες,
1537 4198 1603 4252 τὰ
1619 4200 1743 4254 ὲνθυ
1753 4202 1826 4271 μή
1837 4219 1983 4271 ματα

374 4285 561 4337 αὐτῶν
613 4286 952 4356 ἔμοιχῶντοο
981 4288 1284 4350 τουτέστιν,
1318 4290 1502 4362 Ἀπερ
1550 4291 1861 4363 ἐπένθησαν
1905 4291 1982 4366 (1)

373 4376 531 4429 αὐτοὶ
563 4376 781 4441 εἰδωλα,
809 4376 984 4432 ταῦτα
1013 4380 1264 4451 μοιχείας
1300 4379 1492 4454 ὥσπερ
1520 4382 1666 4446 τινὸς
1696 4385 1792 4438 καὶ⁸
1841 4403 1980 4458 πορ-

371 4468 523 4534 νείας
567 4469 771 4542 νοητῆς
812 4471 1032 4539 ἐποίουν
1075 4472 1372 4544 πρόφασιν,
1399 4475 1813 4546 ἀποστήσαντες
1852 4479 1981 4532 ἐαυ-

370 4558 482 4611 τῶν
505 4560 604 4624 τὰς
626 4560 858 4633 καρδίας
883 4562 978 4616 τοῦ
1007 4565 1066 4617 ὲν
1093 4564 1247 4631 τάξει
1275 4566 1538 4635 γυναικὸς
1565 4568 1981 4638 παραλαϐόντος

2086 696 2458 755 convertitur.
2528 702 2583 747 et
2637 689 2925 761 parvil‘acit
2993 691 3427 759 perl'unctionem
3487 707 3677 747 eorum

2087 803 2205 856 quae
2251 788 2316 839 ad
2362 785 2684 855 dignitatem
2731 784 3004 852 decusque
3047 783 3343 852 pertinent.
3383 781 3532 839 Talis
3575 785 3678 839 ruit

2087 880 2202 935 Ita-c
2278 878 2586 935 Iudaeorum
2648 876 2933 948 Synagoga
2999 892 3128 945 erga
3205 877 3373 933 Deum
3433 878 3679 933 omnium

2088 984 2375 1026 rectorem.
2407 971 2646 1024 Adduxit
2673 968 2817 1023 enim
2846 984 2965 1023 eam
2998 970 3064 1023 ad
3097 969 3535 1038 conjunctiouem
3566 970 3679 1038 spi-

2091 1064 2367 1128 ritualem.
2401 1078 2497 1131 per
2534 1062 2999 1132 sapientissimum
3044 1060 3307 1133 Moysem,
3340 1064 3503 1117 etiam
3552 1077 3677 1118 eum

2086 1157 2234 1210 velut
2261 1156 2452 1209 mulier
2478 1156 2722 1225 quaedam
2754 1163 2989 1209 scortata
3020 1153 3215 1209 fuisset
3246 1156 3299 1209 in
3328 1154 3587 1226 Egypto.
3612 1170 3680 1207 eo

2084 1247 2229 1317 quod
2259 1246 2447 1300 eadem
2478 1260 2602 1300 cum
2633 1245 2741 1300 illis
2772 1248 3023 1312 sentiret.
3053 1254 3108 1302 et
3140 1247 3245 1301 diis
3280 1247 3389 1301 illic
3423 1247 3676 1308 serviret.

2084 1352 2203 1391 eam
2256 1345 2434 1391 tamen
2487 1345 2693 1391 tantum
2732 1352 2837 1391 non
2874 1338 2927 1392 in
2968 1337 3189 1392 domum
3223 1338 3447 1408 recepit.
3478 1339 3682 1393 Deinde

2085 1441 2208 1480 cum
2258 1426 2311 1481 in
2362 1427 2622 1495 pristinas
2674 1427 2897 1483 lacunas
2947 1428 3259 1495 insiliisset,
3293 1438 3349 1485 et
3403 1430 3583 1485 denuo
3629 1431 3680 1484 ltt

2086 1518 2408 1588 apostasiam
2463 1533 2748 1575 recurrere
2803 1521 2988 1587 vellet,
3031 1522 3285 1577 adoravit
3315 1524 3463 1578 enim
3516 1536 3680 1591 opera

2085 1625 2340 1664 manuum
2378 1625 2597 1665 suarum
2639 1612 2687 1676 ⁸,
2742 1613 2963 1682 repulit,
3004 1624 3062 1668 et
3105 1630 3135 1667 a
3167 1616 3554 1682 conjunctione
3583 1630 3681 1669 sua

2086 1702 2370 1769 alienavit,
2402 1713 2455 1758 et
2492 1714 2746 1772 tanquam
2783 1704 3068 1760 mulierem
3104 1707 3394 1775 quamdam
3430 1707 3680 1761 odiosam

2086 1806 2142 1851 et
2201 1795 2601 1866 pusillanimem
2668 1795 2820 1851 foras
2879 1796 3137 1852 exclusit.
3192 1796 3474 1864 Siquidem
3539 1798 3681 1865 apud

2087 1885 2376 1954 quemdam
2428 1895 2741 1939 sanctorum
2802 1886 3196 1955 prephetarum
3243 1887 3384 1941 dixit
3433 1889 3502 1942 ad
3554 1901 3682 1941 san-

2085 1978 2247 2048 guine
2289 1976 2586 2030 Israelitico
2629 1977 2888 2034 oriundos
2932 1992 2948 2032 :
2997 1997 3015 2031 t
3066 1977 3301 2047 Litigate
3338 1994 3460 2035 eum
3505 1988 3684 2034 matrs

2087 2081 2288 2135 vestra,
2317 2069 2547 2140 litigate,
2577 2070 2702 2138 quia
2736 2070 2848 2139 ipsa
2886 2086 2993 2127 non
3028 2087 3167 2127 uxor
3203 2087 3346 2139 mea,
3375 2086 3550 2142 neque
3581 2085 3684 2139 ego

2086 2178 2205 2218 sum
2233 2162 2463 2218 mat-itus
2488 2162 2626 2231 ejus.
2654 2163 2914 2218 Auleram
2939 2167 3326 2221 scortatiouem
3352 2166 3470 2236 ejus
3493 2180 3521 2219 a
3545 2163 3687 2220 facie

2086 2269 2242 2320 mea,
2289 2254 2702 2309 etwadnlterium
2750 2253 2866 2324 ejus
2898 2256 3060 2327 762
3109 2257 3177 2313 tle
3227 2256 3405 2312 medio
3457 2256 3685 2310 uberum

2085 2347 2227 2417 ejus.
2255 2355 2309 2401 et
2358 2346 2684 2402 iuterﬁriam
2724 2361 2845 2400 eam
2892 2349 3007 2413 siti,
3050 2358 3104 2402 et
3145 2348 3378 2403 ﬁliorum
3419 2346 3535 2416 ejus
3581 2362 3685 2402 non

2088 2438 2409 2504 miserebor,
2436 2438 2561 2506 quia
2592 2437 2685 2492 lilii
2711 2438 3064 2493 scortatiouis
3097 2449 3257 2496 sunt:
3295 2446 3494 2509 quippe
3514 2452 3688 2494 mater

2086 2545 2271 2584 eorum
2294 2540 2529 2585 scortata
2567 2541 2676 2595 εει,
2708 2531 2972 2585 dedecore
3000 2539 3182 2584 notata
3213 2542 3316 2596 est,
3336 2548 3454 2600 quae
3478 2533 3687 2602 peperit

2086 2635 2181 2676 eos
2206 2621 2281 2675 ⁸.»
2314 2619 2635 2690 Cujusmodi
2667 2630 2846 2674 autem
2878 2619 3039 2674 fuerit
3065 2620 3415 2675 scortatiouis
3461 2621 3683 2681 modus.

2087 2715 2385 2770 declaravit
2431 2731 2564 2770 voce
2601 2715 2923 2781 Ezechielis,
2957 2717 3145 2772 dicens
3196 2735 3211 2772 :
3243 2736 3261 2769 t
3290 2716 3387 2772 Fili
3426 2717 3681 2784 hominis,

2087 2822 2151 2861 an
2185 2823 2289 2861 tum
2310 2805 2585 2876 jndicaltis
2610 2804 2798 2861 Oolam
2827 2819 2879 2862 et
2906 2808 3144 2873 Olibam,
3165 2811 3215 2863 id
3248 2817 3352 2875 est,
3385 2808 3686 2864 Jerusalem

2087 2910 2141 2954 et
2180 2899 2516 2963 Samariam,
2560 2908 2612 2953 ει
2651 2900 3000 2953 ιιιιιιιιιιιὶεἰιίε
3049 2900 3128 2954 eis
3165 2900 3479 2970 iniquitates
3525 2914 3688 2963 suas,

2088 2993 2214 3062 quia
2245 2993 2575 3046 meretricati
2602 3002 2749 3057 sunt,
2786 2999 2840 3047 et
2865 2994 3088 3062 sanguis
3116 2994 3169 3047 in
3199 2993 3448 3047 manilius
3472 3006 3689 3058 eorum,

2087 3094 2142 3140 et
2191 3086 2523 3141 tueretricati
2580 3094 2711 3140 sunt
2759 3086 3184 3156 COgilaliOttibus
3238 3088 3381 3151 suis.
3439 3095 3495 3141 et
3547 3085 3688 3141 ﬁlios

2089 3194 2216 3234 Suos
2244 3194 2382 3250 quos
2412 3180 2543 3233 mihi
2580 3187 2905 3248 genuerunt,
2941 3181 3041 3249 ipsi
3079 3196 3177 3250 per
3210 3180 3388 3250 ignem
3428 3179 3689 3234 traduxe-

2091 3281 2239 3326 runt.
2261 3272 2327 3326 Et
2354 3274 2468 3326 haec
2493 3272 2739 3326 fecerunt
2766 3270 2898 3326 milii
2926 3289 2941 3326 :
2973 3271 3173 3326 Sancta
3204 3287 3322 3327 mea
3355 3270 3685 3341 polluerunt.

2090 3363 2500 3420 Sabbatatmea
2557 3363 2917 3432 profanarum
2967 3383 2982 3419 :
3035 3379 3156 3417 cum
3207 3363 3527 3434 jugulareut
3586 3362 3687 3430 ipsi

2089 3456 2231 3511 ﬁlios
2276 3470 2404 3511 suos
2455 3455 2611 3512 idolis
2656 3457 2790 3521 suis,
2831 3467 2886 3510 et
2933 3456 3351 3524 ingrederentur
3398 3455 3450 3508 in
3495 3464 3686 3509 saneta

2089 3563 2207 3602 mea
2236 3548 2302 3603 ad
2334 3548 2617 3617 pollueuda
2642 3563 2706 3604 ea
2731 3548 2774 3602 ’.
2809 3567 2827 3601 ι
2857 3546 3101 3602 Fuerunt
3127 3549 3328 3603 etenim
3358 3549 3409 3602 iu
3439 3546 3687 3602 Samaria

2090 3643 2274 3697 decem
2307 3642 2503 3705 tribus.
2528 3650 2583 3696 et
2609 3640 2836 3696 dimidia
2869 3642 3045 3696 tribus
3070 3641 3349 3710 Epitraim.
3379 3639 3689 3712 Hierosoly-

2093 3733 2218 3801 mis,
2249 3730 2384 3787 Juda
2423 3734 2617 3798 tribus,
2654 3741 2708 3787 et
2740 3732 2966 3789 dimidia
3037 3733 3210 3788 tribus
3244 3732 3542 3801 Beniamin.
3579 3732 3688 3788 Sed

2094 3833 2206 3878 tum
2241 3824 2318 3887 lii,
2354 3835 2463 3877 tum
2497 3824 2571 3879 illi
2607 3825 2751 3879 haud
2785 3823 3139 3880 mediocriter
3166 3822 3502 3892 impietatem
3530 3836 3689 3878 em-

2090 3926 2345 3982 cueruut.
2374 3917 2480 3973 imo
2508 3917 2784 3973 ad-omuis
2812 3916 3150 3987 stupiditatis
3178 3917 3394 3971 culmen
3425 3915 3691 3972 cll‘reualo

2092 4011 2294 4080 impetu
2344 4017 2733 4079 pervenerunt.
2770 4009 3204 4079 Gogitationibus
3254 4008 3372 4063 suis
3414 4008 3692 4062 adultera-

2091 4112 2237 4165 ruut.
2275 4101 2327 4154 id
2377 4109 2637 4169 est,qu:e
2684 4100 3208 4169 ipsi'excogitarunt
3265 4099 3428 4166 idola,
3468 4099 3583 4155 lucc
3633 4101 3689 4157 in

2091 4193 2342 4249 adulterii
2370 4204 2426 4248 et
2448 4192 2800 4249 scortationis
2827 4192 3111 4262 cujusdam
3142 4193 3503 4264 intelligibilis
3525 4209 3689 4249 occa-

2091 4287 2298 4341 sionem
2337 4285 2845 4351 verteruntpcorde
2880 4299 2983 4339 suo
3017 4284 3332 4339 deﬁcientes
3366 4302 3395 4338 a
3434 4285 3563 4351 Deo,
3592 4286 3686 4354 qui

2089 4394 2184 4434 eos
2213 4377 2330 4433 loco
2359 4378 2544 4433 uxoris
2572 4377 2886 4445 assumpsit.
2910 4374 3044 4431 Nam
3067 4376 3217 4432 dixit
3238 4377 3306 4432 ad
3332 4375 3685 4448 Synagogatu

2087 4471 2433 4534 Judaeorum.
2493 4471 2873 4525 universorum
2938 4471 3113 4537 Deus,
3169 4485 3300 4525 voce
3356 4467 3606 4524 Jeremia}
3666 4487 3682 4523 :

2093 4582 2112 4615 ι
2169 4563 2361 4619 Facies
2413 4565 2722 4619 meretricis
2768 4562 2910 4618 facta
2964 4576 3049 4620 est
3103 4563 3221 4630 tibi,
3256 4561 3562 4634 depuduisti
3614 4564 3683 4617 ad

371 4649 530 4704 Θεοῦ.
559 4652 670 4705 Καὶ
698 4652 832 4721 γοῦν
860 4653 964 4726 ἔφη
998 4655 1134 4726 πρὸς
1160 4655 1259 4727 τὴν
1286 4655 1395 4710 τῶν
1424 4658 1695 4712 Ἰουδαίων
1721 4659 1977 4728 Συναγω-

2088 4672 2292 4717 omnes.
2335 4654 2525 4711 Nonne
2559 4658 2625 4710 ad
2661 4658 2762 4712 hoc
2797 4669 2968 4727 usque
3004 4665 3218 4727 tempus
3254 4670 3340 4711 me
3373 4655 3601 4723 vocasti,
3629 4667 3687 4710 et

369 4740 475 4813 γὴν
516 4744 546 4796 ὁ
588 4742 699 4797 τῶν
727 4745 866 4799 ὅλων
914 4745 1047 4819 Θεὸς
1083 4747 1173 4801 διὰ
1204 4752 1390 4821 φωνῆς
1427 4749 1697 4822 Ἱερεμίου
1727 4762 1740 4781 ⁴
1782 4752 1980 4823 «Ὄφις

372 4834 583 4906 πόρνης
604 4837 837 4906 ,ἐγένετό
876 4856 977 4901 σοι,
1018 4839 1541 4913 ἀπηναισχύντησας
1570 4844 1709 4915 πρὸς
1734 4845 1944 4908 πάντας
1963 4861 1977 4876 ⁸

344 4926 469 4999 ὀὐχ
499 4927 577 4993 ὼς
604 4924 754 4985 οἶκόν
786 4930 853 5001 μὲ
883 4931 1172 4997 ἐκάλεσας.
1205 4935 1300 4987 καὶ
1334 4933 1571 5006 πατέρα,
1614 4937 1708 4990 καὶ⁹
1733 4939 1980 5010 ἀρχηγὸν

367 5021 471 5092 τῆς
538 5022 838 5094 παρθενίας
901 5042 1019 5100 σου;
1053 5045 1071 5077 ›
1113 5025 1597 5099 Ἐκπορνεύσασαν
1643 5028 1825 5084 τοίνυν
1888 5031 1988 5104 τὴν

368 5111 480 5166 τῶν
528 5113 799 5168 Ἰουδαίων
846 5119 1098 5191 μητέρα,
1155 5121 1665 5192 καταλελειμμένην
1719 5126 1980 5191 γυναῖκα,

370 5207 465 5258 καὶ
523 5207 867 5281 ὀλιγόψυχον,
892 5212 975 5265 ὲκ
1000 5213 1256 5284 νεότητος
1319 5216 1703 5286 μεμισημένην
1756 5216 1985 5283 εἰκότως

375 5298 674 5353 ἀποκαλεῖ·
703 5301 1015 5372 διαλέγεται
1044 5305 1102 5359 δὲ
1127 5311 1265 5378 πρὸς
1287 5306 1357 5360 τὰ
1383 5306 1533 5378 ἔθνη,
1563 5308 1656 5362 καί
1692 5325 1857 5379 φησιν
1884 5310 1981 5381 οὐχ

371 5385 517 5440 οὕτω
549 5391 848 5462 κεκλῆσθαι
888 5396 984 5449 καὶ
1011 5397 1150 5453 αὐτὰ
1199 5399 1336 5469 πρὸς
1373 5394 1675 5468 ἐπίγνωσιν
1718 5400 1811 5453 τοῦ
1838 5402 1979 5471 Χρι-

376 5477 528 5541 στοῦ,
576 5477 833 5550 καθάπερ
881 5486 1076 5552 ἀμέλει
1114 5487 1209 5540 καὶ
1252 5489 1285 5558 ἡ
1334 5489 1832 5561 καταλελειμμένῃ,
1881 5490 1977 5544 καὶ

370 5567 733 5640 ὀλιγοψύχος,
761 5571 856 5624 καὶ
905 5575 970 5626 ἐκ
1014 5577 1264 5647 νεότητος
1316 5582 1668 5652 μεμισημένη
1712 5582 1975 5652 κέκληται

444 5745 467 5780 ⁸
505 5748 608 5804 lsa.
636 5764 700 5817 tt,
730 5750 783 5808 8.
861 5752 884 5785 ⁸
909 5749 1036 5809 Ose.
1073 5768 1131 5818 ιι,
1158 5754 1281 5811 2-5.
1361 5759 1380 5787 '
1407 5758 1606 5813 Ezeclt.
1643 5759 2007 5825 xxut,36-59.

455 5905 536 5977 (1)
569 5906 790 5978 Legisse
824 5908 1040 5966 videtur
1067 5910 1326 5971 ilunl‘red.
1365 5915 1808 5988 ὲπενοή[θη]σαν.

2086 4758 2296 4818 patrem
2332 4757 2386 4803 et
2418 4751 2610 4804 ducem
2641 4750 2974 4821 virginitatis
3007 4759 3113 4805 tua:
3134 4749 3192 4803 ’ἰ
3233 4768 3252 4802 ι
3292 4748 3519 4804 Matrem
3552 4762 3685 4818 ergo

2083 4840 2395 4898 Judzeorum
2426 4857 2546 4912 quae
2573 4852 2810 4898 scortata
2838 4852 2943 4911 est,
2971 4844 3288 4900 derelictam
3322 4842 3602 4898 mulierem
3630 4851 3687 4897 et

2089 4935 2511 5003 pusillanimem,
2532 4936 2600 4991 ab
2622 4937 2985 4992 adolescentia
3007 4937 3276 5001 odiosam,
3291 4936 3486 4992 merito
3504 4943 3683 4989 vocat.

2091 5027 2227 5083 Cum
2260 5030 2510 5100 gentibus
2543 5038 2725 5084 autem
2753 5030 3016 5099 disputat,
3045 5031 3229 5100 aitque
3255 5044 3361 5084 non
3390 5029 3467 5085 sic
3491 5043 3587 5085 eas
3614 5031 3682 5084 ad

2090 5121 2418 5190 agnitionem
2479 5108 2681 5176 Clu-isti
2743 5129 2963 5177 vocatas
3021 5135 3173 5186 esse,
3225 5121 3682 5192 quemadmodum

2086 5216 2340 5271 videlicet
2373 5216 2488 5271 haec
2522 5215 2804 5281 derelicta,
2832 5225 2886 5271 et
2923 5230 3092 5286 parvo
3126 5215 3310 5271 animo
3347 5218 3598 5285 praedita.
3629 5229 3687 5271 et

2088 5307 2158 5362 ab
2210 5308 2577 5363 adolescentia
2632 5309 2759 5364 odio
2816 5307 2999 5363 habita
3053 5307 3279 5375 mulier,
3331 5319 3521 5364 vocata
3573 5318 3678 5367 cst.

2086 5397 2318 5469 Maxima
2360 5401 2506 5455 enim
2547 5408 2632 5456 est
2664 5400 2973 5457 Vocationis
3012 5399 3339 5458 diﬁ'erentia.
3368 5400 3678 5455 Judarorum

2084 5505 2321 5561 namque
2368 5490 2671 5563 Synagogm
2707 5492 3005 5549 exotecatio
3073 5492 3213 5548 facta
3259 5499 3344 5546 est
3382 5507 3447 5547 ex
3492 5500 3678 5559 parte.

2081 5582 2222 5638 sicut
2268 5584 2443 5653 inquit
2488 5584 2933 5654 sapientissimus
2972 5582 3173 5639 Paulus
3213 5582 3255 5638 ’.
3315 5580 3381 5636 Et
3456 5584 3683 5638 obtene-

2092 5761 2245 5818 ‘Jcr.
2289 5779 2368 5831 tu,
2395 5761 2449 5832 3,
2484 5762 2535 5819 ιι
2617 5762 2827 5820 ⁵·Ιῖποιη.
2863 5778 2936 5832 ιι,
2966 5761 3059 5819 25.
