4100 6468
452 462 474 514 1
488 462 593 515 205

1443 459 1502 517 S.
1541 459 1821 517 CYRILLI
1858 462 2326 522 ALEXANDRIM
2365 464 2686 522 ARCHIEP.

3584 466 3723 524 19.οι

451 574 591 629 bruti
641 580 770 627 sunt
816 572 957 628 oculi
1010 584 1200 625 eorum
1250 583 1318 623 ne
1360 570 1609 637 videant,
1644 583 1701 629 et
1749 574 2026 629 incurvata

2133 575 2287 645 γυνή.
2318 574 2551 646 Πλείστη
2599 575 2707 645 γὰρ
2747 574 2846 643 όση
2877 576 2973 645 τῆς
3005 572 3250 643 κλήσεως
3286 575 3319 643 ἡ
3355 572 3604 643 διαφορά.
3639 573 3721 646 Τῇ

448 669 610 721 dorsa
631 666 698 728 ".
730 665 779 720 Id
810 673 913 729 est,
948 671 1183 719 mentem
1213 677 1430 718 curvam
1462 665 1794 732 habuerunt,
1821 681 2032 737 semper

451 760 703 814 deorsum
747 764 1102 826 spectantem,
1139 766 1193 811 et
1219 755 1274 811 in
1318 772 1404 813 res
1445 766 1690 813 terrenas
1717 760 2028 828 proclivem.

450 856 514 907 At
549 852 799 922 gentibus
842 850 979 907 nihil
1020 850 1287 921 ejusmodi
1333 853 1535 906 evenit.
1564 850 1679 906 Non
1711 854 1855 908 enim
1890 852 2029 907 oculi

448 956 635 995 eurum
669 942 1009 998 obtenebrati
1041 950 1190 1008 sunt,
1237 942 1330 999 sed
1364 944 1545 1013 potius
1577 945 1831 999 illustrati
1859 962 1873 1010 ;
1924 960 2030 1000 non

449 1032 789 1086 incurvatum
812 1042 896 1088 est
915 1033 1158 1101 dorsum,
1175 1034 1268 1090 sed
1292 1034 1703 1104 intelligibiliter
1723 1036 1883 1107 763
1906 1050 2031 1092 ere-

447 1133 625 1187 ctum;
688 1138 788 1179 nec
830 1134 1063 1181 servatae
1127 1133 1255 1181 sunt
1296 1126 1460 1181 totius
1530 1125 1769 1194 reliquiae
1832 1126 2027 1190 solum,

448 1221 507 1264 ut
553 1213 606 1267 in
662 1213 862 1280 Israel,
927 1213 1021 1271 sed
1072 1214 1320 1270 universa
1369 1229 1560 1271 eorum
1613 1214 1899 1269 multitudo
1937 1229 2032 1283 per

445 1305 724 1360 Christum
754 1305 964 1363 irretita
995 1316 1050 1361 et
1078 1315 1234 1376 capta
1262 1315 1368 1372 est,
1399 1315 1454 1362 et
1492 1306 1559 1361 ad
1599 1306 1831 1360 salutem
1862 1307 2031 1362 adduc

446 1404 566 1460 cta,
601 1408 762 1465 atque
809 1398 878 1453 ab
929 1398 1133 1456 erroris
1182 1396 1503 1453 criminibus
1549 1396 1853 1463 vindicata,
1885 1412 1950 1453 ac
1999 1413 2032 1454 e

450 1486 765 1554 laqueorum
816 1490 1023 1558 peccati
1074 1489 1328 1545 violentia
1373 1489 1581 1557 elapsa.
1616 1488 1819 1544 Vocata
1866 1488 2032 1559 igitur

447 1588 556 1643 est,
590 1594 695 1632 non
730 1588 788 1634 ut
815 1581 1024 1649 abiecta
1056 1592 1112 1638 et
1142 1582 1328 1639 odiosa
1373 1581 1568 1637 mulier
1614 1601 1629 1636 :
1675 1582 1794 1647 sed,
1821 1582 2030 1639 Modico

451 1678 715 1735 tempore,
748 1670 943 1737 inquit,
973 1671 1234 1739 dereliqui
1276 1683 1346 1736 te,
1377 1681 1433 1727 et
1477 1672 1531 1727 in
1575 1688 1772 1744 magna
1819 1674 2032 1729 miseri-

446 1758 630 1812 cordia
682 1759 984 1815 miserebor
1027 1761 1122 1816 tui.
1160 1760 1373 1817 Etenim
1417 1764 1699 1833 superiore
1745 1765 2027 1829 memoria,

447 1856 523 1900 ut-
550 1848 626 1900 ait
667 1846 866 1902 Clit-isti
916 1848 1233 1918 discipulus,
1262 1850 1511 1919 permisit
1552 1852 1695 1909 Deus
1736 1861 1926 1923 gentes
1971 1853 2024 1909 in

448 1938 551 1993 viis
570 1939 686 1995 suis
717 1939 1095 2006 ambulare"',
1130 1949 1292 2010 atque
1308 1956 1371 1996 ea
1391 1952 1496 2006 est,
1531 1942 1744 2011 opinor,
1778 1942 1845 1997 ad
1866 1944 2029 2025 breve

442 2038 499 2084 et
539 2030 795 2099 exiguum
839 2037 1052 2099 tempus
1091 2030 1375 2087 derelictio
1401 2032 1466 2086 “.
1506 2031 1727 2087 Etiamsi
1768 2033 1913 2088 enim
1959 2032 2028 2089 ad

444 2117 672 2172 multum
720 2120 979 2189 temporis
1024 2119 1257 2175 durasse
1310 2120 1594 2187 videatur,
1636 2128 1816 2176 tamen
1854 2121 1934 2177 sic
1970 2121 2024 2176 in

441 2205 606 2262 breve
632 2214 688 2260 et
707 2207 959 2278 exiguum
978 2218 1312 2264 momentum
1336 2209 1695 2264 contrahitur.
1725 2208 1890 2264 Multo
1918 2210 2021 2281 igi-

444 2304 532 2349 tur
556 2295 769 2366 longius
796 2306 879 2352 est
902 2295 1517 2367 tempusjmisericordiae
1530 2312 1642 2353 suae
1660 2305 1716 2353 et
1737 2298 2021 2363 lninllnita

440 2385 638 2441 saecula
663 2387 954 2457 procurrit.
982 2386 1074 2445 Sic
1097 2388 1261 2444 etiam
1296 2388 1561 2460 intelliges
1591 2390 1643 2444 id
1672 2393 1815 2459 quod
1840 2393 2024 2462 sequi-

443 2486 553 2545 tur,
586 2478 863 2545 uimiruin,
900 2478 954 2548 lu
990 2481 1069 2536 ira
1099 2482 1308 2537 modica
1359 2483 1529 2538 averti
1564 2482 1757 2539 faciem
1789 2499 1964 2539 meam
1992 2500 2022 2539 a

444 2582 528 2635 te,
571 2579 626 2626 et
672 2572 725 2627 in
776 2572 1154 2629 misericordia
1206 2575 1538 2644 sempiterna
1586 2576 1883 2632 miserebor
1927 2576 2023 2632 tui.

438 2661 608 2719 Breve
625 2665 767 2719 enim
790 2674 845 2720 et
868 2673 1207 2719 contractum
1231 2675 1316 2720 est
1334 2667 1425 2721 irae
1452 2674 1683 2735 tempus,
1703 2667 1746 2721 si
1766 2666 1831 2721 ad
1859 2666 2031 2738 longi-

2146 666 2244 734 μὲν
2276 666 2384 737 γὰρ
2427 664 2697 718 Ἰουδαίων
2721 665 3018 736 Συναγωγῇ
3053 666 3145 719 καὶ
3179 665 3418 736 πόρωσις
3462 664 3573 719 άπὸ
3623 664 3721 735 μέ-

2135 773 2263 826 ρους
2318 756 2535 824 γέγονε,
2569 755 2712 809 καθά
2746 772 2910 824 φησιν
2932 757 2960 808 ὁ
2999 755 3271 825 πάνσοφος
3294 754 3537 819 Παῦλος·
3568 757 3725 809 ἔσκο-

2132 846 2394 917 τίσθησαν
2431 846 2489 900 δὲ
2525 847 2619 899 καὶ
2668 847 2717 898 oi
2744 845 3015 916 ὀφθαλμοὶ
3046 845 3223 899 αὐτῶν
3253 845 3347 899 τοῦ
3379 846 3454 918 μὴ
3482 845 3719 916 βλέπειν,

2135 937 2491 1008 συνεκάμφθη
2529 937 2585 990 δὲ
2612 937 2705 991 καὶ
2725 936 2793 990 τὰ
2828 936 2993 991 νῶτα.
3017 937 3281 1000 τουτέστι,
3305 936 3395 989 τὸν
3415 935 3538 988 νοῦν
3563 936 3719 1006 ὲσχήο

2133 1046 2292 1083 κασιν
2321 1030 2409 1083 ἀεὶ
2432 1030 2581 1083 κάτω
2620 1030 2907 1100 βλέποντα,
2943 1030 3039 1084 καὶ
3071 1033 3183 1093 τοῖς
3210 1031 3418 1099 γηῖνοις
3453 1029 3723 1100 ἐνορῶντα

2135 1122 2444 1193 πράγμασι.
2522 1123 2644 1185 Τοῖς
2697 1138 2759 1190 γε
2810 1122 2918 1191 μὴν
2962 1121 3019 1188 ἐξ
3074 1121 3242 1176 ὲθνῶν
3297 1121 3447 1175 οὐδὲν
3523 1120 3723 1192 συνέϐη

2131 1215 2389 1268 τοιοῦτον.
2420 1215 2497 1269 Οὐ
2527 1214 2635 1285 γὰρ
2669 1214 3061 1286 ὲσκοτίσθησαν
3107 1214 3287 1270 αὐτῶν
3333 1216 3383 1268 οἱ
3428 1213 3719 1283 ὀφθαλμοὶ,

2132 1305 2244 1359 ἀλλ’
2289 1305 2668 1375 ἐφωτίσθησαν
2718 1304 2937 1374 μᾶλλον,
2975 1306 3070 1359 καὶ
3120 1305 3183 1359 οὺ
3233 1302 3588 1374 συνεκάμφθη
3660 1307 3725 1360 τὸ

2133 1394 2321 1454 νῶτον,
2355 1394 2469 1447 ἀλλ’
2500 1394 2732 1466 ὠρθώθη
2760 1394 2967 1464 νοητῶς
3035 1394 3150 1448 ἀλλ’
3174 1394 3296 1449 οὐδὲ
3326 1395 3591 1448 σέσωσται
3630 1403 3725 1446 και

2134 1488 2262 1559 παρ’
2301 1488 2482 1548 αὐτοῖς
2512 1487 2571 1540 τὸ
2606 1487 2956 1557 κατάλειμμα
2986 1486 3081 1541 τοῦ
3117 1488 3338 1551 παντὸς,
3370 1486 3513 1541 καθὰ
3549 1486 3643 1539 καὶ
3665 1487 3723 1538 ὲν

2130 1575 2206 1646 τῷ
2248 1576 2494 1648 Ἰσραήλο
2521 1578 2670 1631 πᾶσα
2705 1578 2761 1630 δὲ
2800 1576 3001 1647 μᾶλλον
3035 1575 3215 1632 αὐτῶν
3248 1578 3281 1647 ἡ
3315 1577 3523 1647 πληθὺς
3560 1592 3724 1628 σεσα-

2131 1669 2391 1738 γήνευται
2428 1667 2519 1721 διὰ
2549 1667 2807 1739 Χριστοῦ,
2841 1670 2933 1722 καὶ
2960 1668 3225 1741 ἐκομίσθη
3260 1668 3396 1739 πρὸς
3428 1666 3722 1738 σωτηρίαν,

2131 1758 2224 1811 καὶ
2268 1757 2375 1810 τῶν
2422 1761 2521 1829 τῆς
2573 1758 2784 1830 πλάνης
2835 1760 3179 1830 αἰτιαμάτων
3226 1758 3588 1830 ἀπήλλακται,
3630 1756 3725 1809 καὶ

2128 1848 2237 1901 τῶν
2264 1848 2362 1918 τῆς
2396 1849 2671 1920 ἁμαρτίας
2706 1848 2917 1920 βρόχων
2949 1849 3131 1920 διέδρα
3156 1849 3254 1919 τὴν
3289 1851 3575 1919 ἐπήρειαν.
3621 1847 3737 1907 Κέον

2130 1940 2324 2009 κληται
2368 1939 2551 1993 τοίνυν
2596 1941 2695 2011 οὐχ
2733 1933 2928 2005 οὕτως,
2978 1940 3054 2003 ῶς
3084 1941 3115 2010 ἡ
3150 1939 3457 2009 ἀπόϐλητος
3496 1937 3591 1990 καὶ
3619 1952 3717 2005 με·

2135 2030 2418 2100 μισημένη
2444 2031 2598 2100 γυνή·
2674 2026 2809 2094 ἀλλ’,
2837 2031 2933 2093 Εἰς
2964 2030 3154 2101 χρόνον
3175 2029 3392 2102 μικρὸν,
3417 2030 3569 2100 φησὶ,
3588 2046 3724 2083 κατ-

2132 2122 2319 2177 έλιπόν
2352 2139 2433 2188 σε,
2467 2122 2561 2176 καὶ
2608 2121 2745 2193 μετὰ
2781 2122 2966 2188 ἐλέους
3013 2122 3248 2194 μεγάλου
3293 2121 3501 2191 ἐλεήσω
3536 2121 3725 2175 σε.Ἐν

2138 2215 2236 2284 μὲν
2276 2213 2385 2285 γὰρ
2417 2215 2540 2277 ταῖς
2584 2214 3013 2285 παρῳχημέναις
3039 2215 3275 2281 γενεαῖς,
3308 2213 3452 2267 καθά
3494 2230 3662 2283 φησιν
3694 2214 3725 2265 ό

2134 2304 2371 2375 Χριστοῦ
2420 2303 2693 2376 μαθητὴς,
2722 2303 3115 2377 συγκεχώρηκε
3161 2303 3295 2367 Θεὸς
3340 2303 3408 2357 τὰ
3455 2303 3581 2373 ἔθνη
3628 2319 3725 2356 πο-

2137 2396 2386 2468 ρεύεσθαι
2406 2400 2523 2461 ταῖς
2539 2398 2676 2460 ὁδοῖς
2706 2397 2885 2451 αὐτῶν
2907 2414 2919 2427 ·
2962 2398 3056 2451 καὶ
3093 2395 3271 2461 τοῦτο,
3301 2393 3476 2467 οἶμαι,
3505 2395 3658 2449 ἐστὶν
3685 2396 3718 2466 ἡ

2132 2488 2517 2559 ὲγκατάλειψις
2550 2490 2583 2561 ἡ
2611 2490 2690 2553 είς
2718 2488 2911 2559 χρόνον
2941 2489 3159 2559 μικρόν.
3190 2489 3252 2540 Ei
3294 2487 3404 2559 γὰρ
3443 2488 3537 2542 καὶ
3579 2486 3726 2539 δοκεῖ

2132 2598 2250 2645 πως
2303 2584 2383 2645 εἰς
2433 2582 2678 2653 μακροὺς
2722 2581 2975 2648 γενέσθαι
3010 2582 3253 2653 καιροὺς,
3288 2580 3425 2634 ἀλλὰ
3457 2579 3551 2632 καὶ
3582 2577 3726 2630 οὕτω

2132 2672 2477 2726 συστέλλεται
2504 2671 2640 2743 πρὸς
2670 2672 2731 2726 τὸ
2755 2672 2950 2744 βραχύ.
2976 2671 3403 2727 Πολλαπλασίων
3438 2672 3545 2740 ἄρα
3572 2672 3600 2723 ό
3629 2667 3723 2721 τοῦ

441 2754 680 2811 tudinem
707 2756 1060 2811 humanitatis
1103 2772 1376 2828 nunquam
1404 2757 1648 2813 ﬁniendae
1680 2759 1833 2814 nobis
1854 2774 1887 2814 a
1919 2759 2026 2815 Deo

2133 2762 2314 2827 ἐλέους
2362 2763 2573 2831 καιρὸς,
2610 2763 2705 2817 καὶ
2758 2764 2837 2827 είς
2879 2764 3219 2836 ἀπεράντους
3274 2761 3479 2825 αἰῶνας
3514 2760 3721 2831 τρέχει.

438 2847 579 2902 datae
607 2848 940 2913 conferatur,
970 2848 1063 2919 qui
1097 2864 1195 2905 nos
1226 2856 1282 2904 et
1312 2865 1340 2903 a
1372 2858 1640 2919 potestate
1677 2850 2023 2906 tenebrarum

2133 2853 2285 2909 Οῦτω
2332 2855 2588 2925 συνήσεις
2631 2854 2807 2908 καὶτὸ
2846 2855 3063 2925 ἑφεξῆς,
3094 2855 3395 2920 τουτέστιν,
3444 2854 3532 2907 Ἐν
3562 2850 3723 2923 θυμῷ

435 2940 601 3006 eruit,
640 2952 697 2996 et
721 2940 788 2995 ad
814 2957 1039 3012 regnum
1084 2942 1204 2997 Filii
1255 2942 1559 2999 dilectionis
1598 2959 1730 3011 sum,
1762 2945 1814 2999 in
1854 2944 2025 3000 lucem

2133 2945 2313 3018 μικρῷ
2346 2945 2667 3018 ἀπέστρεψα
2692 2946 2755 2999 τδ
2789 2946 3084 3018 πρόσωπον
3118 2963 3218 3017 μου
3251 2947 3359 3000 ἀπὸ
3394 2943 3510 3007 σοῦ,
3542 2945 3634 2997 καὶ
3665 2944 3724 2995 ἐν

439 3033 809 3090 transtulit”.
833 3033 1022 3105 Magna
1045 3043 1223 3091 autem
1244 3033 1358 3088 hate
1372 3036 1740 3091 misericordia
1761 3052 1856 3106 per
1871 3038 2025 3093 Chri-

2133 3040 2267 3094 ἐλέει
2312 3039 2520 3109 αἰωνίῳ
2556 3038 2764 3110 ὲλεήσω
2804 3056 2893 3091 σε·
2933 3036 3140 3111 βραχὺς
3165 3036 3275 3107 γάρ
3313 3037 3405 3091 καὶ
3439 3035 3725 3089 συνεσταλ-

439 3132 582 3179 stum
613 3125 809 3180 merito
840 3126 1064 3197 intelligi
1097 3128 1275 3193 debet,
1307 3128 1400 3196 qui
1445 3127 1511 3183 ab
1547 3127 1803 3183 omnibus
1835 3128 2026 3183 liberat

2133 3132 2296 3202 μένος
2329 3131 2428 3202 τῆς
2460 3129 2632 3201 ὀργῆς
2666 3132 2694 3183 ὁ
2728 3130 2941 3202 καιρὸς,
2970 3130 3045 3195 ὡς
3080 3130 3217 3201 πρός
3250 3146 3315 3198 γε
3342 3128 3402 3184 τὸ
3436 3130 3607 3199 μῆκος
3624 3126 3725 3196 τῆς

438 3216 712 3284 sordibus,
744 3233 772 3271 a
803 3217 1067 3287 supplicio
1093 3229 1149 3274 et
1175 3234 1336 3289 paena
1366 3219 1550 3290 eripit,
1581 3220 1648 3274 ad
1681 3219 2020 3287 conjunctio-

2133 3222 2507 3294 ἀκαταλήκτου
2552 3221 2962 3292 φιλανθρωπίας
2988 3222 3087 3292 τῆς
3113 3221 3362 3292 δοθείσης
3392 3222 3525 3290 ἡμῖν
3570 3218 3724 3290 παρὰ

439 3322 561 3362 nem
604 3322 725 3363 cum
764 3309 883 3377 ipso
923 3324 1018 3378 per
1051 3309 1536 3365 sanetilicationem
1570 3308 1797 3374 reducit,
1831 3318 1885 3363 et
1924 3310 2020 3363 ad-

2133 3311 2295 3367 Θεοῦ·
2331 3313 2389 3377 ὃς
2417 3312 2481 3384 δὴ
2507 3315 2602 3367 καὶ
2640 3312 2907 3385 ἐρρύσατο
2939 3313 3086 3383 ἡμᾶς
3114 3313 3178 3365 ὲκ
3213 3312 3312 3383 τῆς
3339 3310 3588 3377 ἐξουσίας
3629 3308 3723 3363 τοῦ

437 3399 673 3469 Optionis
719 3399 951 3455 filiorum
998 3403 1334 3457 ornamentis
1380 3409 1637 3465 coronat,
1672 3401 2025 3470 baeredesque

2134 3406 2379 3469 σκότους,
2406 3406 2499 3459 καὶ
2529 3406 2865 3476 μετέστησεν
2904 3407 2985 3469 εἰς
3020 3404 3121 3475 τὴν
3162 3403 3440 3473 βασιλείαν
3471 3400 3566 3455 τοῦ
3591 3399 3722 3453 Υῐοῦ

442 3492 590 3561 rt'gui
622 3491 881 3547 caelorum
913 3502 1151 3562 prestat.

2134 3495 2232 3565 τῆς
2282 3495 2505 3567 ἀγάπης
2533 3495 2697 3550 αὑτοῦ
2726 3498 2783 3550 ὲν
2830 3496 2991 3565 φωτί.
3035 3494 3224 3557 Ἔλεος
3269 3493 3326 3547 δὲ
3373 3493 3515 3564 μέγα
3547 3490 3607 3544 τὸ
3635 3489 3724 3543 διὰ

438 3585 676 3656 Χριστοῦ
717 3590 889 3641 νοοῖτο
917 3588 982 3642 ἂν
1010 3589 1257 3655 εἰκότως,
1305 3587 1346 3641 .8
1380 3588 1475 3642 καὶ
1512 3588 1713 3651 παντὸς
1769 3587 2103 3644 ἀπαλλάττει
2143 3590 2336 3661 ῥύπου,
2365 3592 2639 3656 κολάσεώς
2690 3609 2751 3646 τε
2802 3592 2896 3646 καὶ
2933 3590 3088 3660 δίκης
3127 3589 3374 3661 ἐκφέρει,
3399 3589 3495 3642 καὶ
3527 3588 3724 3639 ἀνακο-
3788 3604 3796 3611 ·

442 3674 590 3746 μίξει
620 3677 756 3749 πρὸς
783 3680 1095 3750 οἰκειότητα
1122 3680 1219 3751 τὴν
1250 3679 1385 3751 πρὸς
1427 3678 1592 3733 αὐτὸν
1632 3680 1699 3733 δι’
1763 3681 2059 3751 ἁγιασμοῦ,
2100 3684 2193 3736 καλ⁸
2236 3686 2349 3749 τοῖς
2394 3685 2493 3756 τῆς
2533 3684 2804 3750 υἱοθεσίας
2851 3684 3132 3756 αὐχήμασι
3193 3683 3468 3752 στεφανοῖ,
3503 3677 3595 3733 καὶ
3622 3676 3722 3746 τῆς

438 3772 549 3826 τῶν
579 3772 824 3844 οὐρανῶν
856 3773 1134 3845 βασιλείας
1161 3773 1451 3845 καθίστησι
1481 3772 1874 3844 κληρονόμους.

515 3865 677 3922 Vens.
709 3866 762 3933 9,
794 3869 880 3923 lO.
908 3868 986 3923 Ab
1014 3859 1323 3939 aqua,°qua?
1351 3867 1452 3935 [uit
1479 3868 1572 3920 sub
1606 3866 1743 3932 Noe,
1771 3867 1866 3921 hoc
1897 3868 2026 3921 mihi

2220 3865 2353 3919 Ἀπὸ
2389 3865 2496 3920 τοῦ
2532 3865 2751 3931 ὕδατος
2784 3865 2889 3920 τοῦ
2919 3864 3018 3918 ἐπὶ
3048 3865 3175 3918 Νῶε
3204 3862 3381 3917 τοῦτό
3404 3860 3509 3929 μοι
3524 3860 3719 3915 ἐστιν·

437 3970 514 4012 est
553 3972 573 4013 :
607 3961 743 4014 sicut
777 3960 961 4030 jurnvi
1002 3961 1051 4015 ei
1091 3963 1143 4015 in
1194 3969 1420 4029 tempore
1463 3960 1555 4014 illo
1615 3970 1768 4014 terra:
1800 3977 1879 4015 me
1923 3975 2025 4014 non

2133 3956 2219 4010 ὅτι
2267 3955 2477 4023 ὤμοσα
2508 3955 2669 4021 αὐτῷ
2711 3956 2783 4010 ἐν
2811 3953 2892 4021 τῷ
2920 3957 3117 4024 χρόνῳ
3144 3952 3354 4018 ἐκείνῳ
3398 3949 3472 4019 τῇ
3503 3948 3601 4019 γῆ,
3631 3950 3721 4020 μὴ

438 4069 811 4108 succensnrum
847 4054 942 4108 tibi
978 4053 1241 4123 amplius,
1278 4070 1370 4108 nec
1405 4054 1457 4107 in
1492 4054 1897 4108 comminatione
1929 4064 2023 4108 tua

2133 4051 2592 4117 θυμωθήσεσοαι
2623 4046 2721 4100 ἐπὶ
2764 4046 2864 4103 σοι
2889 4046 3019 4115 ἐτι,
3055 4044 3213 4116 μηδὲ
3246 4044 3315 4098 ἐν
3345 4040 3566 4111 ἀπειλῇ
3604 4058 3723 4096 σου

438 4151 640 4196 montes
677 4141 1093 4210 translaturum,
1127 4159 1288 4209 neque
1319 4143 1474 4200 colles
1508 4144 2024 4210 transntovebuntur,

438 4237 514 4292 sic
547 4255 710 4309 neque
746 4239 1106 4296 misericordia
1141 4255 1253 4294 mea
1289 4252 1337 4293 te
1395 4238 1631 4307 deﬁciet,
1667 4252 1829 4308 neque
1863 4244 2025 4291 testa-

437 4341 667 4385 mentum
696 4331 845 4399 pacis
878 4347 1004 4387 mea:
1031 4334 1321 4402 auferetur.

509 4508 560 4564 In
616 4510 770 4565 libris
825 4509 1026 4581 Moysis
1085 4510 1344 4580 scriptum
1401 4515 1485 4564 est
1533 4505 1853 4573 manifeste,
1900 4519 2024 4560 cum

2131 4140 2204 4196 τὰ
2243 4140 2348 4210 ὄρη
2379 4140 2895 4211 μεταστήσεσθαι,
2944 4141 2998 4193 οι
3046 4138 3114 4191 δὲ
3168 4139 3223 4193 ol
3260 4135 3477 4203 βουνοί
3527 4135 3598 4189 οὐ
3643 4133 3721 4202 (l)

2127 4233 2734 4303 μετακινηθήσονται.
2774 4231 2972 4296 Οὕτως
3004 4227 3147 4285 οὐδὲ
3168 4229 3269 4284 σοι
3300 4228 3369 4281 τὸ
3411 4224 3546 4294 παρ’
3573 4222 3723 4295 ἐμοῦ

2131 4325 2303 4392 ἕλεος
2331 4326 2624 4395 ἐκλείψει,
2667 4323 2808 4378 οὐδὲ
2833 4325 2873 4393 ἡ
2901 4321 3155 4392 διαθήκη
3200 4320 3311 4390 τῆς
3337 4319 3583 4390 εἰρήνης
3602 4333 3722 4387 μου

2133 4420 2205 4473 οὐ
2228 4417 2315 4489 μὴ
2336 4416 2688 4488 μετασταθῇ
2719 4415 2817 4488 (2).

2217 4508 2306 4563 Ἐν
2336 4512 2459 4573 ταῖς
2508 4508 2755 4571 Μωσέως
2789 4506 2991 4577 βίϐλοις
3023 4505 3335 4576 γέγραπται
3391 4502 3598 4571 σαφῶς,
3646 4501 3723 4563 ὡς

438 4612 629 4655 cuncta
664 4610 807 4656 terra
836 4602 901 4656 ad
932 4601 1289 4659 defectionem
1323 4616 1351 4654 a
1380 4598 1490 4656 Deo
1520 4599 1863 4665 declinasset,
1891 4604 1945 4651 et
1973 4597 2025 4652 in

2133 4603 2351 4673 ἀπάσης
2372 4602 2470 4674 τῆς
2498 4600 2605 4670 γῆς
2638 4598 3018 4670 ἀπονευσάσης
3048 4598 3128 4661 εἰς
3157 4596 3457 4650 ἀπόστασιν
3484 4593 3582 4664 τὴν
3612 4591 3724 4647 ἀπὸ

436 4693 588 4750 Varia
616 4707 817 4762 genera
846 4693 1053 4762 peccati
1082 4692 1512 4763 intemperanter
1537 4691 1784 4761 prolapsa
1813 4691 2025 4756 fuisset,

2133 4693 2288 4760 Θεοῦ,
2327 4693 2421 4747 καὶ
2460 4693 2705 4764 ἀσχέτως
2735 4690 3211 4763 κατενηνεγμένης
3257 4688 3339 4751 είς
3381 4684 3724 4756 πολύτροπον

435 4782 566 4836 etin
592 4782 756 4837 studii
785 4781 1040 4838 curanda:
1065 4783 1244 4837 carnis
1271 4798 1485 4840 cmnum
1514 4782 1815 4847 incidisset,
1836 4782 2025 4848 Deum,

2133 4783 2424 4857 ἁμαρτίαν,
2450 4782 2547 4836 καὶ
2573 4785 2684 4847 τοῖς
2710 4782 2808 4853 τῆς
2838 4777 3198 4850 φιλοσαρκίας
3224 4775 3570 4847 ὲμπαρείσης
3602 4773 3724 4827 τέλ-

439 4873 532 4943 qui
572 4887 735 4944 supra
775 4872 956 4927 omnia
1003 4881 1109 4938 est,
1142 4874 1292 4929 hisce
1322 4875 1388 4929 de
1417 4872 1579 4930 rebus
1603 4873 1728 4944 jure
1757 4870 2023 4927 olfeusum

2133 4894 2332 4947 μασιν·
2368 4877 2398 4930 ὁ
2447 4874 2542 4928 ἐπὶ
2589 4875 2810 4931 πάντων
2858 4873 3012 4936 Θεὸς,
3040 4872 3127 4927 ἐπ’
3154 4870 3339 4933 αὐτοῖς
3390 4869 3455 4940 δὴ
3510 4867 3722 4930 τούτοις

437 4964 678 5022 dixisse:
718 4984 737 5018 ι
767 4963 885 5020 Non
916 4966 1254 5036 permanebit
1280 4967 1504 5037 spiritus
1528 4981 1680 5022 meus
1700 4964 1753 5018 in
1780 4962 2021 5020 homini-

2133 4966 2344 5030 ιίκότως
2363 4965 2787 5035 λελυπημένος,ι
2807 4964 2882 5018 Οὐ
2906 4963 2980 5036 μὴ
3012 4962 3340 5034 καταμείνῃ,
3371 4975 3391 5009 ι
3423 4959 3577 5030 φησὶ,
3609 4980 3626 5011 ι
3662 4957 3725 5010 τὸ

438 5054 824 5125 busistis,quia
850 5071 976 5112 caro
992 5068 1120 5116 sunt
1136 5060 1298 5126 “,sid
1317 5069 1421 5127 est,
1440 5059 1615 5115 solum
1638 5071 1758 5127 quae
1781 5055 2021 5111 carnalia

2133 5057 2352 5130 πνεῦμά
2386 5074 2486 5129 μου
2520 5058 2578 5113 ὲν
2616 5058 2729 5120 τοῖς
2771 5054 3081 5126 ἀνθρώποις
3108 5053 3341 5116 τούτοις,
3373 5050 3463 5104 διὰ
3494 5049 3554 5103 τὸ
3582 5043 3723 5102 εἶναι

439 5153 565 5201 sunt
588 5148 827 5216 sapiunt.
858 5147 1010 5217 Quod
1035 5150 1397 5208 abominabile
1423 5158 1538 5215 est,
1562 5159 1617 5204 et
1646 5147 1720 5203 illi
1767 5145 2023 5214 invisum,

440 5251 506 5293 ac
530 5237 694 5311 764
717 5240 863 5295 omni
894 5242 1205 5312 impuritate
1238 5242 1521 5297 refertum.
1550 5238 1710 5303 Hinc,
1733 5246 1791 5290 ut
1817 5245 1873 5291 et
1897 5235 2024 5292 Ser-

439 5330 640 5384 vatoris
666 5329 967 5400 discipulus
994 5332 1069 5386 ait
1095 5347 1112 5388 :
1142 5350 1162 5383 ι
1194 5330 1383 5386 Prisco
1404 5329 1606 5384 mundo
1633 5342 1736 5382 non
1763 5328 2021 5398 pepercit,

437 5421 528 5473 sed
574 5435 767 5476 omnes
817 5423 1050 5493 perdidit
1098 5421 1370 5485 funditus,
1405 5434 1468 5475 ac
1511 5418 1769 5474 diluvium
1822 5416 2023 5474 mundo

439 5509 721 5581 impiorum
767 5513 980 5569 induxit
1007 5516 1092 5567 η’.
1135 5531 1153 5566 ι
1198 5512 1357 5570 Solus
1382 5520 1562 5569 autem
1590 5510 1704 5569 Noe
1743 5525 1865 5567 cum
1911 5519 2020 5567 tota

514 5689 559 5721 "
587 5692 745 5747 Itoni.
781 5710 861 5758 xi,
890 5695 976 5750 l0.
1055 5694 1118 5728 ¹⁶⁶
1146 5695 1268 5750 Act.
1302 5710 1414 5763 xtv,
1456 5695 1541 5752 l5.

510 5871 591 5943 υ)
621 5870 949 5941 ιΧΧίούδὲ
990 5876 1035 5930 oi
1077 5874 1258 5948 βουνοί
1299 5891 1411 5935 σου,

1647 5694 1687 5731 "
1722 5695 1879 5753 Rom.
1913 5710 1992 5764 xi,
2021 5694 2113 5752 δί.

2136 5151 2336 5215 αὐτοὺς
2361 5148 2936 5221 σάρκας,ιτουτέστιν,
2974 5151 3031 5202 ὲν
3067 5147 3214 5219 μόνῳ
3249 5145 3557 5217 φρονήματι
3583 5157 3720 5210 σαρο

2134 5240 2309 5310 κικῷ’
2360 5239 2620 5311 βδελυρὸν
2663 5240 2721 5293 δὲ
2772 5238 2932 5294 τοῦτο
2972 5236 3069 5292 καὶ
3117 5235 3509 5308 ἀπηχθημένον
3550 5229 3717 5298 αὐτῷ,

2135 5334 2228 5387 καὶ
2278 5332 2623 5402 ἀκαθαρσίας
2669 5331 2891 5401 ἀπάσης
2940 5329 3213 5400 ἔμπλεων.
3251 5327 3538 5401 Ταὺτῃτοι,
3576 5320 3721 5375 καθά

2133 5439 2267 5493 φησι
2295 5422 2385 5476 τοῦ
2426 5422 2677 5494 Σωτῆρος
2710 5423 2738 5475 ὁ
2763 5420 3035 5493 μαθητὴς,
3065 5438 3083 5472 t
3115 5419 3225 5473 Καὶ
3253 5412 3480 5484 ἀρχαίου
3512 5411 3720 5481 κόσμου

2130 5516 2228 5568 οὐκ
2280 5514 2554 5583 ἐφείσατο,
2587 5512 2758 5584 ἄρδην
2805 5512 2863 5566 δὲ
2913 5511 3124 5571 πάντας
3158 5503 3496 5567 ἀπολώλεκε,
3547 5518 3718 5557 καταο

2223 5692 2286 5724 ιι·
2319 5691 2437 5747 θοι,
2477 5708 2515 5759 ι,
2557 5691 2640 5745 1.1.
2750 5689 2792 5721 ¹²
2817 5686 2953 5743 Gen.
2988 5701 3064 5753 vt,
3100 5686 3156 5742 3.
3227 5686 3292 5718 ¹¹⁴
3323 5684 3360 5738 ll
3394 5683 3541 5740 Petr.
3570 5695 3635 5749 tt,
3659 5680 3722 5749 6,

2210 5870 2288 5943 (‘2)
2320 5870 2502 5938 Iidem,
2539 5885 2631 5923 σου
2658 5867 2717 5921 οὐ
2759 5865 2833 5937 μὴ
2863 5866 3123 5937 μεταστῇ.
