4100 6496
394 513 541 570 1305

1551 516 1616 572 ιιι
1662 491 1895 574 lauat!
1936 520 2066 576 LIB.
2106 520 2169 576 ν.
2211 521 2452 577 "ronth
2492 519 2558 578 ιι.

3542 519 3679 575 1'206

388 628 636 701 κλυσμὸ”ν
669 630 860 701 κόσμῳ
889 631 1105 685 ἀσεϐῶν
1135 632 1341 697 ἐπάξας
1364 651 1375 664 ·
1406 653 1423 686 ι
1463 635 1731 689 σέσωσται
1768 636 1824 689 δὲ
1853 653 1976 690 παν

2094 636 2295 691 familia
2335 646 2587 693 servatus
2629 644 2733 700 est,
2767 637 2988 690 xenium
3026 634 3181 703 quasi
3214 648 3279 688 ar.
3325 649 3520 688 munus
3550 637 3679 689 ohe.

385 724 501 776 οικὶ
535 723 697 793 μόνος
722 726 751 778 6
789 724 935 790 Νῶε,
967 724 1139 790 ξένιον
1166 726 1477 791 εὐπειθείας
1502 728 1605 798 ,καὶ
1653 728 1903 800 ὑπακοῆς
1927 729 1990 783 τὸ

388 816 585 887 χρῆμα
623 815 947 889 κερδαίνων.
999 818 1220 888 Ἐπειδὴ
1259 819 1317 892 δε
1356 818 1710 891 λωφήσαντος
1753 819 1849 873 τοῦ
1882 837 1986 875 κα-

383 907 729 977 τακλυσμοῦ,
762 908 855 963 καὶ
886 908 988 980 τῆς
1017 909 1380 966 τῶνύδάτων
1428 912 1666 983 πληθύος
1696 912 1988 968 συνεσταλ-

388 999 585 1071 μένης,
603 999 801 1069 ἐξῆλθε
822 1001 924 1071 τῆς
940 1002 1198 1068 κιϐωτοῦ,
1218 1003 1417 1058 τέθυκέ
1437 1022 1497 1058 τε
1541 1005 1637 1059 καὶ
1662 1004 1986 1078 ὠσφράνθαι

385 1093 556 1162 φησιν
574 1092 738 1145 αὐτὸν
767 1094 948 1165 ὀσμὴν⁴
966 1095 1195 1160 εὐωδίας
1221 1096 1287 1151 τὸ
1304 1097 1540 1169 Γράμμα
1567 1096 1627 1152 τὸ
1658 1098 1800 1169 ίερόν
1820 1114 1832 1127 ’
1865 1092 1985 1151 εἶτα

384 1184 466 1254 τῷ
495 1185 693 1256 δικαίῳ
719 1186 1263 1255 κατεπαγγείλασθαι
1290 1189 1351 1242 τὸ
1376 1189 1575 1260 μηκέτι
1599 1188 1985 1260 κατακλυσμὸν

383 1273 613 1341 ἐπάξειν
643 1276 741 1349 ὅλῃ
769 1279 835 1347 τῇ
883 1280 978 1350 γῇ.
1023 1278 1234 1335 Οὐκοῦν
1259 1280 1367 1332 ἀπὸ
1409 1278 1504 1333 τοῦ
1536 1279 1728 1345 ὓδατος
1767 1279 1863 1334 τοῦ
1891 1280 1985 1334 ἐπὶ

382 1368 535 1430 Νῶε,
573 1371 730 1441 φησὶ,
759 1368 919 1425 τοῦτὸ
953 1371 1043 1442 μοί
1066 1374 1205 1435 ἐστι,
1231 1372 1535 1437 τουτέστιν,
1562 1372 1770 1444 ὡρίσθη
1802 1373 1980 1439 τοῦτο,

384 1460 481 1513 καὶ
524 1461 838 1534 κεκράτηκε
878 1465 1007 1535 παρ’
1056 1465 1180 1535 ἐμοὶ
1212 1465 1271 1518 τὸ
1323 1465 1521 1535 μηκέτι
1558 1463 1982 1535 θυμωθήσεσθαι

385 1552 538 1623 πάσῃ
564 1555 630 1624 τῇ
653 1555 748 1624 γῇ,
782 1555 921 1625 μήτε
945 1555 1053 1626 μὴν
1078 1558 1192 1619 τοῖς
1213 1556 1576 1629 ἀνθρωπίνοις
1607 1556 1979 1628 φιλονεικῆσαι

382 1645 720 1714 πταίσμασι,
774 1648 870 1700 καὶ
924 1647 1054 1717 μίαν
1105 1647 1250 1702 κατὰ
1299 1650 1519 1704 πάντων
1567 1649 1748 1721 ὁρίσαι
1799 1649 1978 1719 δίκην.

394 1734 765 1807 ’Υπεμιραίνει
802 1738 862 1793 δὲ
907 1738 997 1792 διὰ
1028 1739 1232 1794 τούτων
1278 1741 1386 1794 τῶν
1430 1741 1628 1810 λόγων,
1676 1742 1760 1796 ὅτι
1794 1743 1888 1795 καὶ
1923 1744 1980 1796 ὲν

381 1826 563 1898 καιρῷ
611 1828 733 1881 καθ’
782 1829 842 1883 ὃν
889 1831 1210 1902 ἐπέλαμψεν
1261 1835 1319 1888 ὲν
1367 1832 1445 1904 τῷ
1485 1834 1674 1906 κόσμῳ
1725 1833 1979 1906 Χριστὸς,

381 1922 605 1991 ἁπάσης
638 1921 831 1993 ὥσπερ
873 1926 986 1988 τοῖς
1015 1926 1115 1996 τῆς
1149 1928 1382 1997 ἀπάτης.
1403 1927 1618 1998 βρόχοις
1652 1927 1980 1999 ἐνειλημμέ-

380 2031 502 2084 νης,
536 2015 629 2067 καὶ
662 2015 881 2069 πάντων
931 2018 1351 2083 ἐκκεκλικὸτων,
1402 2022 1497 2074 καὶ
1540 2020 1632 2073 τὸν
1678 2020 1981 2091 μὲνφύσει

378 2102 515 2157 Θεὸν
537 2105 642 2158 οὐκ
674 2105 916 2169 εἰδότων,
945 2107 1385 2180 λελατρευκότων
1417 2109 1473 2162 δὲ
1516 2113 1628 2174 τοῖς
1658 2111 1840 2183 ἔργοις
1871 2111 1980 2166 τῶν

384 2192 531 2245 ίδίων
564 2194 793 2265 χειρῶν,
825 2196 921 2248 καὶ
946 2199 1068 2260 ταῖς
1098 2196 1208 2249 τῶν
1266 2197 1562 2268 δαιμονίων
1601 2199 1827 2268 ἀγέλαις
1875 2201 1982 2253 ὑπ-

379 2285 748 2356 εζευγμένων,
806 2287 927 2359 θεία
970 2288 1139 2361 ψήφῳ
1170 2289 1382 2353 πάντας
1411 2292 1578 2362 ἐχρῆν
1614 2291 1714 2364 τὴν
1743 2292 1980 2363 ἀρχαίαν

377 2382 597 2449 ἐκείνην
631 2381 923 2452 ὑπομεῖναι
951 2383 1194 2439 κόλασιν.
1232 2384 1404 2438 Ἔνθα
1429 2384 1538 2457 γὰρ
1566 2385 1704 2451 ὅλως
1745 2387 1976 2459 ίσοπαλῆ

373 2475 444 2529 τὰ
477 2475 818 2548 ἐγκλήματα,
851 2478 970 2530 ἐκεῖ
999 2494 1102 2530 που
1137 2478 1356 2542 πάντως
1379 2479 1465 2549 εἴη
1491 2479 1557 2533 ἂν
1589 2480 1688 2533 οὐκ
1719 2481 1977 2547 ἀπεοικὸς

374 2567 438 2620 τὸ
511 2567 820 2640 ἰσορρόπως
888 2568 1216 2633 κολάζεσθαι
1279 2571 1407 2634 τοὺς
1466 2559 1974 2644 κατεγνωσμένους.

389 2658 555 2713 Ἀλλὰ
581 2660 824 2732 παρίημι
859 2660 1038 2725 τοῦτο,
1085 2662 1239 2732 φησι,
1281 2665 1377 2717 καὶ
1418 2663 1570 2734 μένει
1601 2662 1818 2733 βέϐαιον
1846 2667 1974 2738 παρ’

373 2752 502 2822 ἐμοὶ
528 2752 589 2806 τὸ
620 2753 1034 2824 ἐπηγγελμένον
1056 2771 1069 2786 ·
1099 2753 1294 2826 ῶσπερ
1318 2754 1376 2809 δέ
1404 2773 1568 2827 φησιν
1592 2775 1605 2788 ·
1654 2757 1769 2811 Οὐκ
1817 2757 1884 2811 ἂν
1915 2761 1976 2813 έν

375 2844 534 2916 θυμῷ
563 2847 973 2917 μεταστήσαιμι
1001 2847 1069 2900 τὰ
1095 2846 1221 2917 ὅρη,
1254 2847 1364 2901 οὐδ’
1390 2847 1457 2901 ἂν
1483 2847 1815 2920 σαλεύσαιμι
1846 2850 1976 2915 τοὺς

376 2937 621 3010 βουνοὺς,
653 2938 954 3001 τουτέστιν,
1005 2939 1106 2993 οὐκ
1151 2940 1233 3004 είς
1263 2939 1453 3013 ἔτερόν
1494 2957 1546 2993 τι
1576 2942 1780 3013 σχῆμα,
1807 2959 1974 3014 μετα-

375 3031 523 3086 6αλῶ
542 3032 643 3103 τὴν
676 3032 803 3102 γῆν,
828 3032 950 3087 οὐδὲ
978 3032 1230 3105 πρὸωρον
1255 3033 1458 3088 ὲποίσω
1483 3034 1583 3107 τὴν
1618 3038 1975 3105 καινουργίαν

373 3125 510 3196 αὐτῇ
533 3141 547 3155 '
584 3123 760 3187 οὕτως
808 3124 930 3178 οὐδὲ
961 3126 1024 3179 τὸ
1059 3127 1191 3198 παρ’
1225 3124 1361 3196 ἐμοῦ
1400 3143 1483 3180 σοι
1515 3126 1662 3191 ἔλεος
1705 3122 1971 3198 ἐκλείψει,

371 3217 493 3272 οὐδὲ
518 3219 552 3287 ή
579 3216 814 3289 διαθήκη
837 3218 937 3289 τῆς
960 3219 1184 3291 εξρήνης
1208 3238 1309 3291 μου
1336 3219 1529 3294 οὐ[μὴ]
1564 3221 1879 3293 μετασταθῇ
1905 3237 1918 3251 ο
1944 3221 1973 3273 6

371 3308 427 3403 δὲ
459 3310 560 3381 τῆς
594 3310 822 3403 είρήνης
871 3310 1202 3383 βραὸευητὴς,
1235 3313 1453 3383 καὶτῆς
1480 3313 1749 3384 διαθήκης
1787 3315 1873 3384 εἴη
1901 3314 1968 3369 ἂν
1996 3345 2039 3403 C

372 3402 555 3473 ῑτερος
604 3402 781 3465 οὐδεὶς
816 3403 969 3474 παρὰ
1015 3405 1121 3458 τὸν
1155 3405 1361 3474 Κύριον
1405 3406 1566 3477 ήμῶν
1624 3406 1835 3477 Ἰησοῦν
1877 3407 1969 3460 τὸν

372 3493 634 3565 Χριστ6ν’
674 3496 839 3560 αὐτὸς
867 3497 977 3568 γάρ
1010 3498 1159 3550 ἐστιν
1187 3500 1217 3568 ὴ
1251 3499 1442 3569 είρήνη
1492 3497 1669 3569 ήμῶν,
1696 3498 1841 3552 κατὰ
1869 3499 1968 3564 τὰς

372 3585 617 3656 Γραφὰς,
637 3588 735 3641 καὶ
764 3590 866 3659 τὴν
898 3589 1035 3660 πρὸς
1065 3590 1229 3643 αὐτὸν
1255 3590 1566 3661 οἰκειότητα
1589 3592 1688 3662 τὴν
1720 3609 1969 3663 πνευμα-

369 3680 525 3752 τικὴν
547 3680 908 3744 πλουτοῦντες
937 3681 1376 3753 ὲμπεπλήσμεθα
1394 3684 1591 3747 παντὸς
1606 3682 1838 3750 ἀγαθοῦ.
1858 3685 1972 3739 Καὶ

369 3769 527 3824 τοῦτο
552 3766 621 3842 ἦν
648 3771 755 3842 ἄρα
782 3769 842 3824 τὸ
880 3771 968 3825 διὰ
1008 3772 1232 3826 Ἡσαΐου
1260 3772 1450 3842 σαφῶς
1494 3775 1785 3846 εἰρημένον
1834 3774 1972 3846 πρὸς

369 3861 460 3915 τὸν
505 3863 564 3915 ἐν
613 3862 865 3933 οὐρανοῖς
906 3862 1127 3935 Πατέρα
1176 3864 1272 3918 καὶ
1322 3865 1492 3918 Θεόνο
1531 3885 1550 3917 ι
1578 3865 1750 3939 Κύριε
1779 3869 1807 3920 6
1838 3867 1971 3931 Θεὸς

370 3953 548 4022 ἡμῶν,
565 3954 792 4025 εἰρήνην
822 3954 911 4018 δὸς
929 3955 1082 4026 ἡμῖν’
1108 3956 1286 4011 πάντα
1309 3958 1418 4029 γὰρ
1449 3957 1743 4023 ἀπέδωκας
1765 3961 1920 4030 ἡμῖν.
1942 3978 1961 4010 ι

371 4043 581 4096 Οὐκοῦν
631 4045 689 4097 ἐν
737 4044 960 4118 Χριστῷ
989 4046 1257 4118 διαθήκην
1298 4050 1527 4119 εἰρήνης
1557 4050 1971 4123 κεκερδήκαμεν

369 4132 466 4204 τὴν
515 4135 671 4205 παρὰ
700 4135 796 4189 τοῦ
835 4136 1115 4191 Θεοῦοκαὶ
1157 4139 1403 4209 Ila-:96?
1443 4140 1798 4211 συνήφθημεν
1848 4141 1957 4214 γὰρ

370 4228 520 4300 αὐτῷ
549 4229 639 4284 διὰ
667 4229 836 4301 μέσου
868 4231 961 4284 τοῦ
992 4231 1252 4303 Χριστοῦ,
1285 4233 1379 4287 καὶ
1409 4232 1571 4297 αὐτὸς
1603 4234 1703 4305 τὴν
1737 4234 1971 4289 διασπά-

372 4338 547 4376 σασαν
573 4323 721 4393 ἡμᾶς
753 4323 817 4376 ἐκ
849 4323 1017 4393 μέσου
1050 4323 1299 4379 τέθεικεν
1334 4325 1631 4397 ἁμαρτίαν,
1677 4328 1765 4380 ἵνα
1801 4325 1968 4396 μηδὲν

365 4411 545 4467 κέοιτο
591 4416 706 4477 τοῖς
741 4414 876 4485 πρὸς
923 4414 1055 4467 Θεὸν
1108 4414 1278 4468 ἰοῦσιν
1328 4417 1600 4486 ἐμποδών.
1650 4417 1966 4489 Γέγραπται

2089 729 2306 785 ἀίειιιίτε
2329 739 2383 784 ει
2411 728 2889 799 obtemperationis
2921 726 3287 782 lucrifaciens.
3316 727 3386 780 At
3430 725 3518 779 ubi
3563 742 3680 781 ces-

2087 828 2263 875 sasset
2293 819 2578 885 diluvium,
2604 833 2869 890 aquarum
2899 818 2947 873 vi
2981 818 3268 883 diminuta,
3297 831 3552 888 egressus
3595 827 3680 872 est

2087 913 2523 977 acsacrificavit,
2547 919 2624 977 et,
2651 920 2709 965 ιιι
2725 918 2947 968 narrant
2964 924 3133 966 sacrae
3156 909 3392 976 Litterae,
3419 910 3678 963 odoratus

2091 1013 2174 1060 est
2198 1006 2419 1061 odorem
2447 1003 2734 1061 suavitatis
2766 1020 2781 1058 :
2811 1001 3009 1061 deinde
3028 1002 3176 1073 justo
3205 1000 3332 1057 huic
3368 1000 3675 1065 denuntiat,

2085 1113 2144 1153 se
2175 1113 2281 1152 non
2301 1099 2648 1153 inducturum
2669 1096 2937 1156 universae
2965 1102 3124 1159 terrae
3139 1091 3672 1161 diluvium“.ltaque

2084 1190 2152 1244 ab
2184 1205 2345 1260 aqua,
2376 1191 2572 1261 inquit,
2600 1198 2845 1260 tempore
2874 1185 2989 1244 Noe
3017 1186 3161 1242 istud
3190 1185 3319 1241 mihi
3348 1194 3454 1251 est,
3486 1184 3537 1239 id
3568 1194 3674 1246 est,

2084 1282 2369 1338 definitum
2396 1294 2451 1339 et
2479 1294 2657 1339 ratum
2686 1290 2769 1339 est
2796 1282 2940 1353 apud
2986 1295 3096 1347 me,
3127 1293 3234 1334 non
3274 1278 3507 1348 amplius
3552 1292 3678 1331 suc-

2064 1391 2309 1433 censere
2342 1376 2610 1433 universa:
2643 1383 2836 1445 terrai,
2868 1388 2968 1431 nec
3002 1372 3258 1431 humanis
3289 1370 3557 1442 indignari
3594 1369 3676 1423 Ia-

2083 1465 2293 1534 psibus,
2315 1480 2414 1521 nec
2440 1480 2605 1521 unum
2637 1466 2693 1523 in
2721 1480 2912 1521 omnes
2937 1462 3263 1534 supplicium
3296 1470 3558 1518 statuere.
3582 1458 3677 1517 liis

2083 1556 2262 1612 verbis
2292 1557 2622 1625 subindicat,
2655 1565 2902 1628 tempore
2933 1571 3042 1628 quo
3071 1555 3252 1612 illuxit
3283 1551 3680 1613 mundn.Chri-

2081 1660 2222 1717 stus,
2253 1660 2362 1706 tota
2409 1659 2551 1705 terra
2589 1649 2737 1707 velut
2779 1648 2989 1719 laqueis
3033 1648 3244 1704 erroris
3290 1656 3579 1717 occupata,
3611 1661 3678 1701 ac

2081 1742 2336 1797 Omnibus
2371 1742 2777 1808 deﬁcientibus,
2813 1755 2879 1796 ac
2923 1748 3118 1795 natura
3162 1739 3331 1795 Deum
3375 1738 3678 1809 ignoranti-

2083 1835 2204 1900 bus,
2237 1834 2705 1905 servientibusque
2748 1848 3005 1889 manuum
3047 1846 3268 1889 suarum
3300 1831 3580 1901 operibus,
3611 1844 3676 1885 ac

2082 1925 2230 1997 gregi
2288 1924 2675 1980 daemoniorum
2730 1912 3072 1995 subjug'atis,
3123 1922 3432 1994 oportuisse
3488 1920 3675 1976 divino

2013 1995 2054 2052 Β
2083 1995 2294 2074 calculo
2337 2032 2525 2074 omnes
2565 2026 2804 2074 veterem
2850 2016 2998 2072 illam
3038 2025 3094 2074 et
3137 2016 3416 2087 antiquam
3457 2027 3673 2084 pinnam

2074 2111 2286 2167 subire.
2319 2109 2420 2167 Ubi
2466 2111 2613 2166 enim
2663 2109 2814 2182 paria
2869 2108 3097 2166 omnino
3147 2117 3274 2163 sunt
3314 2106 3566 2170 crimina,
3599 2104 3674 2160 ibi

2082 2204 2271 2274 utique
2314 2211 2740 2260 consentaneum
2772 2209 2857 2259 est
2881 2200 3271 2259 condemnatos
3293 2197 3484 2268 aequali
3516 2210 3675 2267 pom

2079 2294 2238 2350 afﬁci.
2287 2293 2588 2360 Caeterum,
2635 2293 2840 2364 inquit,
2883 2293 2988 2349 hoc
3037 2305 3140 2363 ego
3186 2289 3575 2361 praetermitto,
3620 2298 3676 2344 et

2081 2390 2297 2446 ﬁrmum
2345 2399 2529 2444 manet
2575 2391 2717 2460 apud
2770 2404 2860 2446 me
2906 2389 3052 2460 quod
3096 2387 3430 2458 promissum
3474 2394 3577 2451 est,
3612 2401 3677 2441 ac

2077 2482 2209 2538 dicit
2238 2481 2640 2551 quodammodo
2684 2497 2698 2536 :
2747 2481 2863 2538 Non
2896 2480 3131 2551 amplius
3158 2478 3215 2534 in
3247 2478 3433 2537 furore
3459 2487 3674 2533 montes

2080 2571 2437 2639 transferam,
2476 2587 2582 2628 non
2627 2571 2794 2629 colles
2838 2572 3183 2638 concutiam,
3221 2570 3274 2625 id
3315 2579 3431 2636 est,
3470 2583 3576 2624 non
3621 2569 3672 2623 in

2076 2665 2237 2721 aliam
2274 2664 2505 2720 formam
2542 2665 2781 2721 mutabo.
2804 2674 3041 2728 terram.
3070 2679 3173 2720 nec
3205 2663 3585 2732 intempestam
3622 2662 3672 2716 ei

2080 2755 2434 2810 mutationem
2470 2755 2744 2810 inducam.
2794 2753 2892 2809 Sic
2929 2767 3106 2824 neque
3139 2765 3259 2807 mea
3311 2751 3526 2806 deficiet
3570 2749 3676 2804 mi-

2074 2849 2393 2916 sericordia,
2416 2864 2517 2905 nec
2540 2856 2920 2905 testamentum
2944 2848 3094 2918 pacis
3118 2859 3252 2901 mete
3281 2842 3666 2899 transferetur.

2075 2943 2233 3000 Pacis
2263 2955 2445 3001 autem
2479 2945 2802 3000 administer
2833 2952 2888 2999 et
2919 2939 3141 2997 foederis
3173 2939 3311 2995 alius
3340 2952 3463 2992 esse
3499 2948 3667 2990 nemo

2076 3044 2283 3104 potest,
2315 3048 2529 3106 praeter
2547 3034 2834 3091 Dominum
2864 3043 3109 3089 nostrum
3140 3028 3327 3086 Jesum
3362 3028 3669 3083 Christum.

2075 3126 2190 3197 Ipse
2210 3130 2357 3182 enim
2389 3136 2474 3183 est
2496 3141 2599 3197 pax
2623 3136 2833 3193 nostra,
2860 3123 3160 3183 secundum
3184 3117 3589 3192 Scripturas‘”,
3617 3124 3673 3173 et

2074 3234 2197 3274 cum
2230 3220 2346 3289 ipso
2376 3219 2813 3289 conjunctionem
2849 3217 3194 3289 spiritualem
3235 3212 3452 3269 abunde
3493 3209 3672 3281 possi-

2075 3314 2296 3376 r’emns,
2333 3312 2589 3380 omnique
2630 3313 2773 3367 bono
2818 3310 3009 3380 repleti
3049 3321 3238 3363 sumus
3280 3319 3342 3358 ac
3386 3299 3665 3356 cmnulmi.

2076 3407 2253 3475 Atque
2298 3407 2399 3461 hoc
2439 3415 2522 3460 est
2563 3406 2708 3475 quod
2751 3418 2849 3474 per
2886 3402 3077 3457 Isaiam
3124 3397 3325 3452 dictum
3371 3400 3454 3447 est
3497 3391 3673 3445 mani~

2077 3502 2214 3557 feste
2276 3501 2342 3555 nd
2392 3499 2669 3555 caelestem
2717 3497 2934 3569 Patrem
2981 3506 3047 3547 ac
3093 3490 3261 3545 Deum
3308 3505 3320 3542 :
3372 3505 3390 3538 ί
3442 3483 3670 3538 Domine

2080 3593 2221 3647 Dens
2249 3601 2453 3657 noster,
2485 3605 2673 3660 pacem
2706 3588 2773 3644 da
2825 3584 2997 3641 nobis.
3044 3580 3241 3638 Omnia
3284 3576 3427 3634 enim
3473 3572 3669 3630 dedisti

2080 3685 2235 3740 nobis
2265 3685 2327 3738 “.
2366 3702 2383 3734 ι
2418 3683 2609 3752 Itaque
2640 3695 2735 3751 per
2774 3678 3049 3735 Christum
3078 3668 3455 3728 lucrifccimus
3496 3673 3665 3719 testa-

2080 3790 2320 3833 mentum
2356 3777 2504 3847 pacis
2539 3776 2681 3844 apud
2727 3774 2896 3828 Deum
2934 3778 2989 3825 et
3030 3766 3246 3823 Patrem
3289 3780 3305 3819 :
3346 3761 3396 3817 ei
3439 3770 3673 3825 namque

2079 3870 2357 3941 conjuncti
2388 3884 2576 3924 sumus
2605 3875 2659 3921 et
2687 3863 2921 3943 copulati
2956 3875 3055 3933 per
3082 3856 3323 3934 medium
3364 3850 3668 3943 Christum,

2077 3940 2486 4032 quiipeccatnm
2527 3959 2670 4029 quod
2711 3974 2808 4012 nos
2849 3940 3108 4022 seiunxit,
3142 3964 3173 4005 e
3214 3946 3391 4001 medio
3431 3940 3670 4005 sustulit,

2079 4051 2240 4123 765
2272 4066 2339 4104 ne
2372 4050 2537 4103 ullum
2569 4046 2824 4103 euntibus
2854 4046 2920 4098 ad
2952 4041 3120 4095 Deum
3156 4037 3471 4106 injiceretur
3498 4033 3669 4101 impe-

2072 4144 2393 4196 dimentum.
2430 4138 2703 4206 Scriptum
2738 4143 2822 4190 est
2852 4132 2996 4188 enim
3031 4148 3043 4185 :
3084 4146 3106 4181 ι
3140 4127 3238 4183 Via
3272 4126 3486 4196 piorum
3524 4129 3669 4175 recta

2070 4232 2208 4287 facta
2241 4241 2352 4293 Cal.
2385 4243 2441 4287 et
2472 4237 2774 4301 prmparata
2801 4225 2885 4279 via
2918 4224 3130 4293 piorum
3158 4220 3282 4285 ⁸⁸⁸,ι
3322 4213 3660 4272 currentium

2069 4327 2273 4380 scilicet
2303 4326 2371 4379 ad
2401 4324 2572 4386 hanc,
2601 4335 2723 4391 qua:
2753 4334 2874 4373 eum
2906 4317 3015 4370 Deo
3048 4321 3161 4381 est,
3190 4308 3631 4380 conjunctiOnem
3651 4346 3667 4371 ,

2069 4417 2442 4471 intercedente
2472 4415 2539 4467 ad
2570 4414 2673 4467 hoc
2699 4410 2940 4467 omnium
2970 4418 3127 4477 pace,
3150 4400 3397 4457 videlicet
3424 4394 3665 4452 Christo.

366 4507 519 4578 γοῦν,
555 4510 639 4563 ὅτι
671 4529 689 4561 ι
728 4510 877 4573 Ὁδὸς
904 4510 1147 4564 εὐσεϐῶν
1197 4512 1426 4585 εὐθεῖα.
1468 4513 1700 4580 ἐγένετο,
1775 4514 1870 4567 καὶ
1935 4512 2426 4586 παρεσκευασμένη
2468 4512 2502 4582 ἡ
2548 4508 2666 4572 ὁδὸς
2696 4506 2806 4561 τῶν
2851 4500 3119 4565 εὐσεϐῶν,
3171 4519 3192 4553 ι
3238 4495 3542 4586 τρεχόντων
3577 4491 3671 4586 δη·

366 4599 545 4655 λονὸτι
571 4603 691 4656 κατ’
720 4602 1031 4675 οἰκειότητα
1072 4605 1169 4677 τήν
1234 4605 1372 4677 πρὸς
1416 4584 1565 4661 Θεὸν,
1603 4584 2025 4679 μεσιτευούσης⁷
2073 4609 2153 4672 εἰς
2213 4607 2373 4661 τοῦτο
2434 4604 2533 4676 τῆς
2596 4601 2852 4658 ἁπάντων
2920 4596 3179 4669 εἰρήνης,
3236 4590 3394 4664 δῆλον
3460 4585 3518 4640 δὲ
3584 4584 3667 4639 ὅτι

366 4692 413 4745 Χ
421 4693 629 4764 ριστοῦ.

440 4784 589 4869 Elin
611 4787 723 4858 γὰρ
748 4791 986 4860 Κύριος,
1008 4792 1220 4858 Ἵλεώς
1243 4810 1363 4849 σοι.
1394 4795 1652 4863 Trinacrii
1697 4794 1796 4849 καί
1822 4796 1969 4851 ἀκα-

2149 4786 2297 4842 Dixit
2327 4785 2465 4839 enim
2491 4782 2801 4855 ;Dominus,
2837 4775 3112 4847 Propitius
3156 4787 3244 4830 ero
3283 4764 3403 4823 tibi.
3439 4767 3668 4824 Humilis

367 4877 668 4945 τάστατος
711 4882 784 4935 οὐ
821 4882 1228 4950 παρεκλήθης.

451 4970 684 5039 Ἀγαθὸς
731 4971 807 5027 ὢν
837 4972 999 5043 φύσει
1039 4976 1135 5028 καὶ
1179 4974 1531 5046 ἁσυγκρίτως
1576 4975 1968 5047 φιλάνθρωπος

365 5062 396 5115 6
414 5062 526 5116 τῶν
546 5063 686 5118 ὅλων
711 5063 863 5129 Θεὸς,
892 5065 1149 5138 ἀφορμὰς
1175 5066 1261 5121 ἀεὶ
1298 5084 1416 5131 πως
1455 5066 1707 5136 συλλέγει
1742 5066 1880 5138 πρός
1906 5068 1970 5135 γε

364 5154 429 5209 τὸ
456 5155 566 5209 δεῖν
596 5156 998 5228 ἀμνησικὰκως
1038 5158 1226 5229 χάριτι
1260 5159 1503 5214 δικαιοῦν
1548 5160 1676 5223 τοὺς
1711 5162 1970 5231 ἡμαρτη-

369 5245 556 5311 κότας.
586 5247 663 5301 Οὐ
706 5247 816 5319 γὰρ
851 5248 1103 5318 βούλεται
1136 5251 1226 5304 τὸν
1254 5251 1485 5306 θάνατον
1513 5250 1607 5305 τοῦ
1637 5250 1966 5323 ἁμαρτωλοῦ

371 5334 596 5402 μᾶλλον,
645 5336 723 5402 ὡς
761 5339 823 5391 τὸ
855 5340 1198 5411 ἀποστρέψαι
1235 5341 1398 5396 αὐτὸν
1432 5343 1540 5397 ἀπὸ
1569 5342 1668 5413 τῆς
1704 5338 1826 5394 ὁδοῦ
1866 5341 1967 5411 τῆς

369 5429 639 5499 πονηρᾶς,
686 5433 785 5484 καὶ
819 5431 919 5502 ζῇν
964 5434 1147 5511 αὐτόν.
1183 5435 1396 5490 Οὐκοῦν
1436 5436 1599 5499 αὐτὸς
1640 5437 1670 5489 6
1698 5436 1806 5490 τῶν
1835 5435 1973 5490 ὅλων

368 5516 502 5581 Θεὸς
554 5517 712 5584 ἵλεως
743 5521 900 5577 ἔσται
932 5542 1038 5591 σοι,
1070 5528 1227 5598 φησί.
1268 5529 1380 5582 Καὶ
1416 5528 1507 5582 διὰ
1552 5528 1712 5582 ποίαν
1752 5527 1968 5592 αἰτίαν;

371 5608 618 5679 Πρῶτον,
653 5612 738 5666 ὅτι
775 5614 1012 5685 Χριστός
1058 5621 1176 5671 ἐστι
1218 5621 1312 5673 καὶ
1344 5621 1614 5691 ἐπιεικὴς,
1666 5621 1870 5690 ἀγαθός
1910 5637 1970 5672 τε

369 5699 463 5754 καὶ
489 5700 798 5767 πολυέλεοξο
834 5701 954 5760 εἶτα
986 5709 1066 5761 ὅτι
1099 5709 1330 5778 γέγονας
1359 5715 1591 5784 ταπεινὴ
1628 5713 1722 5766 καὶ
1766 5711 1972 5766 ἁκατά·

370 5808 588 5857 στατος.
626 5794 844 5851 Ἕνεστι
869 5798 925 5853 δὲ
954 5799 1123 5855 ταῦτα
1165 5803 1293 5857 ἰδεῖν
1319 5808 1437 5868 ταῖς
1463 5804 1570 5858 τῶν
1600 5804 1971 5876 πλανωμένων

2071 4894 2117 4939 et
2146 4879 2441 4941 instabilis,
2475 4894 2580 4932 non
2623 4874 2857 4931 habuisti
2877 4869 3312 4935 consolationem.

2142 4974 2323 5031 Bonus
2372 4956 2564 5026 natura
2604 4978 2661 5023 et
2711 4961 3211 5035 incomparabiliter
3245 4957 3514 5012 humanus
3543 4954 3668 5008 uni-

2071 5081 2354 5122 versorum
2414 5062 2559 5117 Deus
2622 5059 2938 5115 occasiones
3005 5065 3221 5120 semper
3268 5043 3543 5118 conquirit
3608 5053 3670 5100 ut

2069 5158 2242 5232 gratia
2279 5171 2401 5228 quae
2461 5155 2783 5208 oblivionem
2835 5146 3061 5205 inducit,
3117 5140 3381 5213 justilicct
3422 5153 3517 5232 eos
3573 5140 3671 5232 qui

2075 5230 2458 5322 peccaverunt.
2483 5246 2599 5300 Non
2626 5245 2771 5299 enim
2820 5240 2932 5294 vult
2957 5243 3185 5293 mortem
3210 5231 3539 5305 peccatoris,
3572 5230 3667 5286 sed

2076 5354 2135 5398 ιιι
2171 5351 2380 5396 avertat
2425 5355 2484 5393 se
2527 5355 2553 5391 ιι
2592 5336 2677 5391 via
2719 5334 2883 5399 mala,
2940 5345 3005 5387 ac
3038 5330 3186 5385 vivat
3213 5326 3279 5382 “.
3315 5325 3455 5380 Dicit
3485 5336 3612 5400 ergo
3651 5341 3664 5374 :

2073 5437 2191 5508 Ipse
2219 5436 2598 5488 universorum
2638 5431 2780 5485 Deus
2808 5426 3074 5499 propitius
3099 5422 3203 5479 erit
3233 5418 3350 5475 tibi.
3382 5417 3446 5470 At
3468 5428 3572 5508 qua
3600 5413 3668 5468 de

2073 5507 2235 5583 causa
2253 5528 2275 5581 ?
2296 5526 2534 5581 Primum
2568 5523 2693 5593 quia
2725 5521 2991 5589 benignus
3017 5524 3102 5573 est
3122 5523 3179 5571 ει
3198 5511 3456 5581 clemens,
3491 5507 3666 5560 bonus

2072 5630 2126 5675 et
2162 5620 2387 5675 multum
2418 5617 2730 5673 misericors
2762 5631 2776 5682 ;
2813 5613 2957 5679 dein,
2990 5609 3116 5679 quia
3147 5600 3402 5661 exstitisti
3441 5595 3666 5654 humilis

2073 5725 2125 5767 et
2153 5710 2443 5767 instabilis.
2486 5710 2615 5763 Haec
2648 5716 2831 5767 autem
2866 5703 3050 5758 videre
3087 5704 3191 5762 est,
3227 5702 3438 5749 mentes
3472 5701 3662 5745 erran-

2076 5805 2206 5859 tium
2225 5814 2482 5873 tanquam
2516 5797 2766 5859 morbum
2797 5793 3083 5868 quemdam
3116 5788 3396 5846 infestare.
3422 5781 3666 5853 Altjectte

445 5979 488 6010 ”
522 5978 660 6034 Gen.
694 5995 812 6046 νιιι,
847 5980 938 6046 20,
974 5982 1067 6036 ‘ll.
1149 5982 1208 6014 ⁵³·
1252 5981 1446 6052 Epltes.
1492 5997 1550 6049 lt,
1590 5982 1672 6039 l4.
1758 5982 1799 6013 "'
1831 5981 1976 6037 lsa.:

2076 5996 2112 6047 I,
2152 5978 2231 6036 l2.
2319 5977 2379 6010 “"
2422 5977 2581 6034 Prov.
2612 5990 2683 6045 tv,
2720 5973 2812 6031 27.
2895 5971 2939 6004 ’⁸
2971 5966 3173 6025 Ezech.
3208 5977 3367 6031 mn,
3398 5959 3529 6035 δῖε
