4100 6462
476 482 617 542 1907

1467 491 1524 547 3.
1565 492 1840 549 CYRILLI
1880 494 2351 552 ALEXANDRiNI
2389 497 2714 555 ARCHIEP.

3612 504 3749 561 1908

475 613 603 659 Ittnl
627 605 771 659 enim
798 604 968 675 valde,
1004 606 1056 659 id
1100 615 1200 670 est,
1235 606 1484 675 humiles,
1521 621 1573 665 et
1605 612 1952 681 proculcatas,
1994 622 2050 667 et

2155 616 2431 683 διανοίαις,
2457 619 2712 691 καθάπερ
2736 620 2858 673 τινὰ
2885 619 3037 672 νόσον
3071 619 3443 690 ἐνσκήψαντα.
3477 621 3748 679 ταπειναὶ

473 708 730 765 tanquam
764 695 909 749 lmmi
958 705 1226 764 repentes,
1271 713 1333 752 ac
1381 701 1703 756 conculcare
1752 704 2054 758 volentibus

474 787 798 851 prostituta,
833 802 955 842 cum
1012 795 1325 842 sanctorum
1370 804 1465 844 cor
1510 806 1615 845 non
1647 792 1718 844 ita
1750 807 1809 845 se
1837 793 2052 847 habeat.
2114 856 2125 860 _

472 875 581 930 Nec
601 876 746 930 enim
769 885 892 931 sunt
925 892 1109 933 eorum
1133 879 1297 933 animi
1324 882 1626 935 daemonum
1649 882 2049 939 incursionibus

469 969 662 1037 pervii,
686 984 781 1024 seu
807 971 957 1036 elati,
994 980 1047 1025 et
1073 971 1231 1026 [mdis
1255 973 1641 1043 cupiditatibus
1667 992 1770 1030 non
1794 977 2052 1045 subjecti.

469 1058 576 1112 Sed
616 1058 888 1128 abjectum
919 1069 1028 1124 est,
1060 1072 1119 1114 ut
1143 1061 1277 1126 dixi,
1327 1076 1424 1117 cor
1449 1065 1749 1119 errantium
1783 1082 1798 1117 :
1831 1075 1882 1119 et
1915 1081 2052 1134 prmo

469 1161 616 1205 terea
641 1154 803 1206 etiam
861 1152 1132 1221 instabile,
1182 1150 1251 1210 eo
1276 1158 1419 1225 quod
1454 1156 1591 1211 ebrii
1630 1157 1739 1212 sint
1787 1159 2055 1227 quodam-

469 1243 652 1306 modo,
687 1252 741 1298 et
770 1244 1048 1309 vacillent,
1080 1246 1430 1318 feranturqne
1453 1248 1759 1317 prtecipites
1802 1248 1853 1301 in
1903 1250 2056 1317 cupi-

414 1374 421 1377 .
466 1334 666 1389 ditates
706 1335 823 1405 lege
858 1336 1034 1391 divina
1069 1348 1283 1394 notatas
1317 1353 1379 1393 ac
1413 1346 1647 1402 taxatas,
1687 1354 1750 1394 ac
1778 1355 1875 1408 pro
1907 1341 2055 1395 vitiis

467 1429 881 1483 condemnatus.
913 1430 1386 1485 Circumfcruntur
1430 1433 1572 1485 enim
1622 1441 1877 1501 tanquam
1904 1434 2049 1487 oumi

465 1516 593 1574 ﬂatu
617 1529 693 1586 et,
714 1530 770 1573 ut
792 1519 1178 1576 Parmmiastcs
1201 1523 1423 1589 «ἥξεινν,
1445 1523 1849 1580 ιιιιοιιιιιιίοιιειιι
1900 1528 2054 1595 cupi-

465 1612 696 1665 ditatum
728 1613 1541 1679 snbcnnt.Quodnniversorum
1564 1618 1703 1671 Deus
1734 1617 2051 1672 criminatus

463 1713 549 1758 est
596 1705 843 1760 evenisse
866 1696 1189 1772 Jerusalem,
1234 1721 1302 1763 eo
1346 1709 1487 1779 quod
1521 1711 1573 1763 in
1605 1725 1823 1765 errores
1849 1712 2047 1765 daemo-

465 1811 590 1849 nnm
634 1796 883 1865 prolapsa
929 1807 1094 1863 esset,
1139 1799 1327 1854 dicens
1368 1818 1382 1854 :
1433 1800 1834 1871 Cupiditatibus
1856 1804 2085 1877 animae

462 1904 574 1944 suae
606 1898 862 1959 tanquam
890 1901 1053 1947 remo
1077 1891 1275 1961 agitata
1300 1901 1403 1949 est.
1435 1891 1605 1949 Vento
1629 1893 1794 1962 igitur
1819 1894 2049 1949 circnm-

462 1980 566 2034 lata
600 1982 807 2048 anima,
851 1983 1039 2066 utique
1069 1989 1154 2039 est
1206 1983 1373 2039 etiam
1403 1984 1739 2041 inconstans.
1774 1983 1875 2052 Qui
1922 1998 2049 2039 vero
2082 1965 2123 2021 Β

462 2071 748 2126 adita-rent
801 2072 932 2136 Deo,
964 2075 1213 2129 morbum
1254 2075 1398 2129 hunc
1444 2075 1679 2146 fugiunt,
1725 2086 1784 2130 ut
1813 2077 1904 2146 qui
1934 2091 2051 2145 per-

463 2164 659 2219 niciem
692 2164 903 2231 all‘erat,
947 2177 1001 2220 et
1026 2167 1413 2233 gratulatorias
1446 2169 1580 2224 odas
1622 2168 1887 2234 referunt,
1923 2180 2046 2223 tau-

462 2274 624 2326 quam
661 2273 689 2310 a
721 2258 866 2312 malo
916 2258 1145 2314 liberati.
1188 2260 1387 2316 Dicunt
1426 2262 1613 2318 enim:
1658 2280 1678 2314 ι
1721 2261 1923 2318 Statuit
1953 2279 2048 2318 su-

469 2365 567 2418 per
583 2359 793 2417 petram
814 2349 978 2418 pedes
996 2366 1164 2416 meos,
1182 2360 1238 2419 et
1255 2351 1456 2407 direxit
1480 2368 1700 2423 gressus
1719 2368 1872 2410 meos
1896 2355 2007 2409 ¹⁶·⁶’.
2022 2373 2040 2407 ι

463 2446 502 2496 Δ
536 2443 643 2497 Deo
668 2456 881 2511 quoque
899 2443 1103 2500 dictum
1127 2453 1210 2499 est
1230 2446 1385 2499 matri
1414 2444 1724 2501 Iudaeorum
1758 2463 1774 2501 :
1808 2465 1828 2499 ι
1855 2446 2048 2504 Statue

464 2536 715 2604 teipsam,
757 2550 791 2589 ο
824 2534 955 2591 Sion
986 2535 1049 2589 ιθ.
1081 2554 1100 2587 ι
1141 2536 1205 2590 Ει
1240 2535 1437 2593 Paulus
1500 2538 1937 2607 sapientissim‘us
1994 2540 2048 2595 in

462 2625 702 2696 Epistola
766 2627 956 2682 scribit
1003 2627 1069 2683 ad
1115 2629 1380 2698 quosdam
1416 2647 1429 2683 :
1468 2647 1489 2680 ‹
1529 2627 1632 2695 Qui
1689 2630 1791 2684 sibi
1836 2630 2051 2684 videtur

461 2729 631 2783 stare,
661 2720 838 2774 videat
867 2735 934 2776 ne
970 2721 1233 2775 cadat‘”.
1271 2740 1289 2772 ι
1326 2721 1491 2793 766
1527 2720 1692 2776 Caret
1715 2737 1846 2793 ergo
1878 2722 2051 2777 sacris

461 2811 800 2867 ornamentis
851 2813 1151 2867 errantium
1190 2813 1388 2868 anima.
1443 2812 1554 2869 Nec
1588 2815 1733 2869 enim
1776 2818 1859 2871 est
1914 2830 2047 2871 con-

461 2913 634 2958 stans.
674 2903 802 2971 Sed,
832 2911 891 2958 ut
920 2904 1054 2969 dixi,
1077 2905 1335 2976 quoniam
1366 2905 1681 2963 misericors
1710 2916 1796 2963 est
1826 2908 2048 2963 univer-

462 3007 649 3047 sorum
680 2992 965 3061 Conditor,
1029 2996 1272 3052 defendit
1329 3000 1727 3067 quodammodo
1799 3014 1917 3054 eam
1962 3001 2047 3055 cui

460 3085 568 3139 hoc
616 3085 835 3153 accidit,
894 3096 950 3143 et
984 3088 1207 3158 inquit:
1245 3089 1635 3146 Consolatione
1666 3092 1928 3147 deetituta
1966 3108 2049 3149 es.

464 3178 761 3233 l‘lurimum
792 3181 935 3235 enim
985 3181 1376 3239 consolationis
1419 3184 1688 3239 habebant
1728 3186 1990 3239 Israelita:
2019 3201 2048 3240 a

465 3269 598 3335 Deo,
639 3285 757 3339 qua:
792 3272 912 3327 illos
961 3272 1230 3344 spirituali
1284 3276 1479 3331 robore
1513 3276 1879 3342 conﬁrmavit;
1905 3283 1956 3330 et
1985 3278 2049 3330 ad

461 3364 827 3433 cognitionem
851 3365 969 3433 ejus
1001 3366 1142 3433 quod
1170 3366 1303 3421 utile
1327 3377 1407 3423 est
1430 3376 1483 3422 et
1509 3369 1576 3421 ad
1605 3368 1830 3422 salutem
1861 3384 2050 3423 neces-

471 3457 676 3510 sarium
711 3458 955 3512 adduxit;
974 3456 1105 3512 Nam
1140 3458 1261 3513 data
1291 3470 1374 3514 est
1405 3459 1512 3513 illis
1544 3459 1628 3515 lex
1654 3475 1752 3530 per
1785 3460 2047 3533 Moysem,

460 3558 516 3604 ct
564 3558 883 3605 sanctorum
935 3550 1317 3622 prophetarum
1349 3552 1549 3615 chorus
1611 3553 1888 3608 exhibitus
1940 3564 2048 3619 est,

461 3640 779 3696 «mlestibus
809 3641 997 3698 rivulis
1028 3658 1123 3699 eos
1149 3643 1382 3701 inﬂuens
1409 3654 1463 3698 et
1494 3645 1786 3712 inundans,
1819 3646 1925 3700 Deo
1946 3646 2053 3701 illis

463 3733 797 3788 uberrimam
863 3734 1292 3792 consolationem
1360 3736 1532 3791 instar
1589 3736 1789 3806 pluvia!
1846 3738 2052 3796 immit-

468 3834 636 3880 tente.
686 3824 792 3881 Sed
847 3840 1005 3882 nemo
1039 3838 1357 3887 sanctorum
1407 3845 1647 3900 unquam
1683 3838 1871 3900 gentes
1920 3829 2053 3886 allo-

464 3925 624 3973 cutus
665 3927 780 3984 est,
824 3931 922 3973 nec
957 3915 1092 3989 legis
1142 3917 1394 3975 Mosaicae
1434 3919 1745 3991 paedagogia
1798 3919 2055 3976 ἰιιειίιιιιω

464 4019 610 4077 sunt,
635 4014 730 4067 sed
770 4020 827 4067 et
858 4012 1301 4082 proplneticarum
1331 4013 1638 4068 orationum
1663 4023 1911 4082 expertes
1934 4028 2053 4069 om-

467 4105 594 4159 nino
632 4111 972 4161 manserunt.
1010 4103 1197 4174 Itaque
1250 4102 1623 4159 consolatione
1648 4101 1905 4160 destituta
1947 4114 2052 4161 est.

467 4196 629 4264 quue
661 4195 809 4253 clare
855 4196 1287 4251 demonstratum
1334 4206 1414 4251 est
1452 4195 1505 4251 in
1533 4196 1844 4267 evangelica
1892 4211 2054 4266 para-

467 4289 587 4343 liola
636 4303 741 4359 qua
770 4303 898 4344 usus
922 4296 1008 4345 est
1047 4286 1328 4352 Christus,
1369 4297 1429 4343 ιιι
1460 4288 1553 4357 qui
1594 4289 2057 4360 conducitOpera-

469 4380 578 4436 rios
605 4381 657 4435 in
700 4380 914 4436 vineam
971 4395 1152 4444 suam,
1184 4380 1326 4450 quod
1375 4381 1508 4436 hora
1549 4379 1747 4450 prima,
1778 4388 1833 4436 et
1871 4380 2053 4447 tertia,

466 4482 623 4529 sexta
646 4482 702 4529 et
725 4488 865 4528 nona
898 4472 1047 4528 fecit.
1098 4472 1180 4528 Ad
1213 4473 1400 4528 horam
1452 4482 1636 4528 autem
1686 4474 2054 4540 undecimam,

465 4581 589 4620 cum
651 4566 791 4621 alios
852 4575 1063 4621 stantes
1104 4565 1310 4623 otiosos
1363 4566 1681 4635 invenisset,
1742 4567 1880 4622 dixit
1924 4567 2053 4623 eis:

2158 711 2266 780 γὰρ
2295 710 2435 772 λίαν,
2467 711 2712 764 τουτέστι
2752 710 3032 782 χθαμαλαὶ
3070 711 3164 764 καὶ
3198 713 3604 783 πεπατημέναι,
3651 715 3748 768 καὶ

2156 795 2267 852 οἷον
2296 802 2688 871 χαμαιῤῥιφεῖς
2710 796 2890 860 αὗται,
2917 803 3010 855 καὶ
3030 804 3141 864 τοῖς
3165 802 3443 855 ἐθέλουσιν
3464 804 3747 871 ἐγκεῖσθαι

2157 893 2293 962 πρδς
2320 892 2717 965 καταπάτημα,
2745 895 2843 964 τῆς
2887 894 2995 948 τῶν
3024 894 3197 961 ἁγίων
3237 894 3467 966 καρδίας
3519 896 3594 960 ὡς
3642 899 3743 970 οὐχ

2152 985 2328 1049 οὕτως
2368 986 2600 1056 ἐχούσης
2631 986 2814 1040 ποθέν.
2844 988 2917 1040 Οὐ
2952 988 3062 1057 γάρ
3102 989 3208 1040 εἰσι
3242 986 3464 1057 βάσιμοι
3490 992 3610 1051 ταῖς
3637 989 3748 1041 τῶν

2153 1075 2449 1145 δαιμονίων
2495 1078 2724 1147 ἐφόδοις,
2771 1079 3147 1149 άνῳκισμέναι
3180 1079 3238 1132 δὲ
3269 1078 3460 1150 ὥσπερ
3486 1080 3581 1134 καὶ
3622 1085 3745 1145 ταῖς

2155 1167 2409 1232 ὲκτόποις
2455 1171 2564 1222 τῶν
2604 1169 2911 1241 ἐπιθυμιῶν
2940 1170 3262 1224 ὑποκεῖσθαι
3290 1176 3365 1241 μὴ
3391 1171 3743 1242 ἀνεχόμεναι.

2153 1259 2399 1332 Ταπεινὴ
2425 1260 2501 1326 δὲ,
2528 1261 2602 1325 ὡς
2629 1260 2784 1330 ἔφην,
2816 1262 2850 1332 ὴ
2878 1260 2987 1314 τῶν
3012 1260 3384 1331 πλανωμένων
3408 1262 3625 1333 καρδία,
3650 1264 3749 1317 καὶ

2154 1353 2291 1423 πρός
2324 1370 2387 1422 γε
2415 1352 2593 1424 τούτῳ
2620 1357 2715 1408 καὶ
2743 1354 3142 1419 ἀκατάστατος,
3187 1354 3278 1408 διά
3305 1372 3389 1408 τοι
3428 1355 3489 1407 τὸ
3523 1354 3748 1424 μεθύειν

2151 1446 2352 1517 τρόπον
2394 1446 2536 1510 τινὰ,
2582 1447 2673 1501 καὶ
2703 1447 3089 1500 κατασείεσθαι
3118 1446 3255 1518 πρὸς
3304 1447 3602 1517 ἐπιθυμίας
3644 1447 3748 1511 τὰς

2150 1535 2229 1606 τῷ
2275 1536 2404 1608 θείῳ
2445 1537 2596 1608 νόμῳ
2638 1536 3095 1607 διαϐεϐλημένας,
3127 1537 3221 1590 καὶ
3262 1539 3385 1601 ταῖς
3433 1539 3513 1600 είς
3546 1537 3748 1605 φαυλό-

2149 1643 2291 1697 τητα
2334 1627 2539 1699 ψήφοις
2581 1628 3134 1698 καταδεδικασμένας.
3194 1629 3593 1699 Περιφέρονται
3637 1630 3747 1700 γὰρ

2151 1715 2340 1788 ὥσπερ
2368 1717 2529 1770 παντὶ
2563 1716 2856 1788 πνεύματι,
2898 1717 3168 1779 καλοκαθά
3190 1735 3354 1789 φησιν
3378 1720 3407 1770 6
3434 1719 3745 1790 Παροιμια·

2152 1810 2305 1879 στὴς,
2377 1808 2697 1882 ρεμδασμὸν
2763 1809 3070 1881 ἐπιθυμιῶν
3128 1810 3514 1881 ὑπομένουσιν.
3567 1811 3749 1882 Ὅπερ

2152 1900 2434 1956 παθοῦσαν
2476 1901 2576 1972 τὴν
2610 1901 2990 1973 Ἰερουσαλὴμ,
3032 1902 3121 1956 διὰ
3154 1903 3215 1957 τὸ
3258 1903 3591 1975 προσνεῦσαι
3624 1906 3747 1967 ταῖς

2153 1996 2266 2049 τῶν
2311 1996 2603 2067 δαιμονίων
2626 1994 2889 2059 ἀπάταις,
2928 1997 3122 2067 ῂτιᾶτο
3165 1994 3342 2064 λέγων
3378 1996 3406 2047 6
3456 1995 3565 2049 τῶν
3606 1996 3747 2050 ὅλων

2154 2088 2319 2152 Θεόςο
2365 2090 2455 2143 Ἐν
2516 2089 2837 2159 ἐπιθυμίαις
2886 2089 3066 2160 ψυχῆς
3122 2088 3292 2160 αὐτῆς
3338 2089 3747 2158 ἐπνευματοφο-

2155 2177 2325 2249 ρεϊτο.
2384 2177 2988 2249 [Ινευματοφορουμένη
3034 2177 3092 2231 δὲ
3137 2176 3321 2247 ψυχὴ,
3359 2177 3581 2240 πάντως
3639 2194 3745 2229 που

2154 2266 2250 2321 καὶ
2275 2250 2669 2330 ἀκατάστατος.
2696 2266 2808 2320 Καὶ
2825 2264 2958 2335 γοῦν
2979 2267 3028 2321 oi
3051 2264 3168 2335 Θεῷ
3199 2265 3584 2337 προσκείμενοι
3615 2263 3746 2331 φεύ-

2154 2378 2311 2434 γουσι
2356 2360 2456 2432 τὴν
2494 2361 2669 2425 νόσον,
2717 2359 2793 2424 ὡς
2831 2358 3055 2432 ὀλέθρου
3104 2358 3383 2430 πρόξενον,
3414 2360 3508 2412 καὶ
3551 2359 3614 2430 δὴ
3649 2358 3746 2412 καὶ

2155 2455 2542 2529 χαριστηρίους
2584 2453 2737 2536 ᾠδάς
2787 2454 3173 2524 ἀναφέρουσιν,
3215 2451 3291 2515 ὡς
3332 2452 3747 2523 ἀπηλλαγμένοι

2154 2543 2249 2598 τοῦ
2284 2542 2477 2598 κακοῦ·
2514 2542 2647 2613 φασὶ
2670 2541 2800 2613 γὰρ,
2819 2542 2900 2594 ὅτι
2931 2559 2949 2593 ι
2989 2539 3257 2608 Ἕστησεν
3282 2540 3375 2593 ἐπὶ
3406 2539 3506 2609 τὴν
3536 2539 3747 2609 πέτραν

2154 2638 2282 2703 τοὺς
2322 2636 2485 2700 πόδας
2522 2653 2643 2707 μου,
2680 2634 2775 2688 καὶ
2801 2632 3099 2687 κατεύθυνε
3124 2631 3192 2684 τὰ
3213 2630 3528 2701 διαδήματα
3559 2647 3681 2699 μου.
3722 2649 3741 2681 ι

2155 2730 2384 2800 Εἴρηται
2418 2729 2474 2781 δὲ
2516 2726 2667 2799 παρᾶ
2697 2724 2834 2779 Θεοῦ
2890 2726 2984 2779 καὶ
3023 2723 3160 2796 πρὸς
3191 2723 3291 2794 τὴν
3325 2722 3434 2788 τῶν
3470 2720 3749 2775 Ἰουδαίων

2159 2819 2378 2893 μητέρα
2401 2836 2414 2850 ”
2440 2818 2675 2889 ιΣτῆσον
2702 2819 2957 2888 σεαυτὴν,
2982 2815 3297 2870 Σιών.›Καὶ
3310 2815 3417 2887 μὴν
3440 2814 3536 2868 καὶ
3555 2814 3583 2865 6
3610 2814 3751 2869 πάν·

2158 2930 2321 2983 σοφος
2347 2911 2557 2975 Παῦλος
2584 2910 2887 2964 ἐπιστέλλει
2908 2909 3046 2964 τισίν
3071 2925 3085 2939 ·
3114 2909 3310 2962 «Ὥστε
3332 2910 3360 2962 6
3386 2907 3560 2961 δοκῶν
3590 2907 3748 2961 ἑστά-

2157 3025 2266 3070 ναι,
2289 3006 2534 3081 βλεπέτω
2560 3004 2636 3076 μὴ
2664 3004 2825 3076 πέσῃ.
2842 3003 3022 3068 ιἝξω
3047 3004 3112 3073 δὴ
3137 2999 3234 3057 οὖν
3257 3002 3365 3057 τῶν
3392 3000 3750 3073 ἀγιοπρεπῶν

2158 3100 2496 3171 αὐχημάτων
2526 3101 2558 3170 ἡ
2594 3098 2702 3151 τῶν
2734 3096 3102 3167 πλανωμένων
3120 3095 3289 3167 ψυχή.
3326 3096 3437 3150 Καὶ
3468 3095 3577 3165 γάρ
3601 3095 3751 3147 ἐστιν

2158 3193 2557 3253 ἀκατάστατος.
2601 3189 2821 3259 Ἐπειδὴ
2854 3189 2911 3242 δὲ
2941 3188 3242 3260 οἰκτίρμων
3265 3187 3434 3247 ἐστὶν,
3468 3185 3546 3249 ὡς
3584 3184 3747 3255 ἔφην.

2158 3287 2186 3339 6
2213 3284 2320 3338 τῶν
2344 3284 2481 3338 ὅλων
2502 3280 2856 3354 δημιουργὸς,
2883 3281 3380 3347 ὑπεραπολογεϊται
3402 3278 3605 3348 τρόπον
3626 3276 3751 3330 τινὰ

2153 3375 2255 3444 τῆς
2286 3373 2447 3427 τοῦτο
2502 3372 2801 3442 παθούσης,
2851 3370 2943 3425 καί
2991 3387 3157 3442 φησιν
3195 3385 3210 3402 ⁸
3239 3370 3314 3424 Οὐ
3371 3367 3745 3439 παρεκλήθης.

2155 3467 2280 3529 Τοῖς
2312 3467 2410 3535 μὲν
2447 3464 2557 3537 γὰρ
2589 3465 2649 3530 ἐξ
2690 3463 2905 3535 Ἰσραὴλ
2940 3463 3166 3533 πλείστη
3192 3462 3385 3532 γέγονε
3414 3460 3565 3531 παρά
3612 3455 3750 3511 Θεοῦ

2155 3556 2526 3630 παράκλησις,
2578 3558 2659 3620 είς
2705 3555 3006 3627 εὐρωστίαν
3039 3555 3236 3618 αὐτοὺς
3258 3552 3609 3623 ἀναφέρουσα
3650 3548 3754 3619 τὴν

2154 3649 2551 3721 πνευματικὴν,
2584 3649 2680 3703 καὶ
2721 3649 2823 3719 τὴν
2864 3649 2958 3701 τοῦ
2988 3647 3263 3719 χρησίμου
3308 3646 3403 3698 καὶ
3445 3643 3750 3712 ἀναγκαίου

2156 3742 2292 3814 πρὸς
2323 3740 2597 3811 σωτηρίαν
2626 3739 2958 3811 εἰσφέρουσα
2987 3737 3211 3807 γνῶσιν.
3248 3737 3467 3790 Δέδοται
3499 3736 3609 3805 γὰρ
3653 3733 3756 3786 αὺ-

2154 3835 2270 3897 τοῖς
2306 3831 2471 3902 νόμος
2520 3831 2549 3883 ό
2599 3830 2687 3884 διά
2741 3830 3007 3896 Μωσέως,
3073 3829 3169 3884 καλ⁵
3228 3827 3524 3902 προφητῶν
3576 3824 3753 3893 ἀγίων

2155 3924 2442 3995 ἀνεδείχθη
2475 3922 2655 3995 χορὸς,
2678 3923 2792 3985 τοῖς
2823 3921 2884 3988 ἐξ
2912 3920 3146 3993 οὐρανοῦ
3178 3920 3413 3993 νάμασιν
3437 3915 3754 3979 ὲπικλύξῶν

2156 4017 2377 4082 αὐτοὺς,
2425 4017 2522 4070 καὶ
2557 4015 2905 4088 παράκλησιν
2951 4014 3326 4085 ἀφθονοτάτην
3385 4009 3544 4065 ὑετοῦ
3591 4009 3754 4077 δίκην

2156 4106 2437 4171 καθιέντος
2468 4108 2652 4171 αὐτοῖς
2684 4106 2781 4160 τοῦ
2804 4105 2940 4160 Θεοῦ
2962 4121 2977 4136 ·
3002 4107 3116 4168 τοῖς
3141 4120 3206 4173 γε
3239 4102 3345 4174 μὴν
3374 4100 3552 4156 ἔθνεσι
3584 4114 3756 4170 προσ-

2157 4198 2452 4270 λελάληκεν
2496 4199 2674 4263 οὐδεὶς
2723 4197 2832 4252 τῶν
2882 4198 3053 4266 ἁγίων
3114 4194 3413 4258 παντελῶς·
3471 4190 3595 4246 οὔτε
3643 4190 3754 4262 γάρ

2158 4290 2652 4363 πεπαιδαγώγηται
2675 4290 2827 4361 νόμῳ
2855 4289 2935 4361 τῷ
2956 4288 3045 4342 διὰ
3072 4288 3344 4351 Μωσέως,
3381 4283 3674 4352 ἀπείρατοι
3697 4280 3756 4334 δὲ

2159 4383 2438 4449 παντελῶς
2472 4383 2567 4436 καὶ
2601 4380 2957 4454 προφητικῶν
2996 4380 3340 4451 μεμενήκασι
3376 4375 3573 4444 λόγων.
3608 4371 3757 4425 Οὐκ-

2157 4475 2255 4531 οῦν
2298 4476 2361 4529 οὐ
2412 4473 2755 4547 παρεκλήθη.
2787 4472 2900 4527 Καὶ
2942 4471 3103 4526 τοῦτο
3142 4470 3410 4524 δέδεικται
3447 4463 3636 4534 σαφῶς
3666 4460 3759 4515 διὰ

2159 4567 2261 4638 τῆς
2288 4566 2653 4638 εὐαγγελικῆς
2691 4563 3031 4638 παραϐολῆς·
3074 4561 3179 4633 ἔφη
3213 4562 3322 4631 γάρ
3365 4574 3468 4612 που
3496 4553 3757 4627 Χριστὸς,

471 4677 490 4709 ι
516 4657 654 4726 Quid
687 4659 776 4714 hic
804 4657 964 4714 statis
993 4666 1166 4715 totum
1199 4659 1338 4716 diem
1358 4658 1567 4715 otiosi?
1595 4658 1696 4714 (iui
1726 4658 1806 4713 illi
1831 4677 1844 4714 :
1866 4657 2055 4726 Nemo,

2163 4656 2238 4720 ὡς
2271 4659 2299 4710 ὁ
2345 4655 2709 4727 μισθούμενος
2755 4654 2881 4718 τοὺς
2928 4652 3166 4739 ἐργάτας
3212 4652 3292 4713 είς
3326 4648 3418 4703 τὸν
3454 4642 3759 4739 ἀμπελῶνα

469 4752 842 4820 inquiunt,nos
858 4748 1235 4806 conduxit““.
1250 4749 1389 4806 :Nec
1405 4752 1553 4807 enim
1577 4750 1867 4821 quisquam
1886 4764 2054 4803 voca-

2163 4748 2350 4815 αὑτοῦ,
2375 4749 2628 4821 πέπραχε
2661 4749 2759 4820 μὲν
2787 4747 2948 4802 τοῦτο
2977 4746 3106 4819 περὶ
3132 4736 3379 4816 πρώτην,
3414 4740 3511 4795 καὶ
3541 4736 3757 4809 τρίτην,

468 4844 539 4900 ιιι
558 4845 799 4915 gentium
836 4844 1262 4910 multitudinem,
1289 4843 1391 4900 nisi
1417 4844 1567 4901 solus
1592 4842 1764 4899 vinea:
1792 4840 2055 4896 Dominus

2161 4842 2328 4913 ἕκτην
2357 4859 2417 4895 τε
2467 4843 2563 4896 καὶ
2595 4841 2824 4913 ὲννάτην
2851 4840 3022 4912 ὥραν.
3056 4839 3194 4911 Περὶ
3230 4836 3288 4891 δέ
3322 4852 3388 4905 γε
3407 4833 3508 4905 τὴν
3538 4828 3763 4884 ἑνδεκά-

468 4935 780 4992 novissimis
820 4935 1177 5006 temporibus.

2159 4951 2260 5006 την
2294 4935 2464 5009 ὥραν,
2496 4934 2672 5008 εὑρὼν
2701 4934 2921 5005 ἑτέρους
2943 4932 3185 4995 ἑστῶτας
3217 4929 3445 5001 ἀργοὺς,
3482 4924 3587 4993 ἔφη
3620 4918 3761 4990 πρὸς

465 5029 687 5096 αὐτούς·
717 5030 815 5086 «Τί
841 5025 946 5088 ὧδε
974 5032 1245 5105 ἑστήκατε
1273 5030 1402 5103 ὅλην
1427 5030 1528 5105 τὴν
1553 5026 1773 5102 ἡμέραν
1796 5028 1955 5101 ἀργοί
1978 5046 1993 5093 ;
2018 5046 2036 5079 ι
2065 5030 2129 5084 0i.
2156 5028 2214 5084 δὲ
2242 5029 2380 5102 πρὸς
2401 5030 2561 5085 τοῦτο
2589 5029 2797 5098 ἔφασαν
2819 5028 2899 5094 τὸ,
2927 5026 3151 5090 «Οὐδεὶς
3175 5024 3326 5096 ἡμᾶς
3354 5017 3753 5091 ἐμισθώσατο.»

479 5120 735 5179 Ἐκάλεσε
784 5123 894 5196 γὰρ
925 5124 1102 5188 οὐδεὶς
1131 5123 1240 5179 τῶν
1287 5121 1458 5178 ὲθνῶν
1503 5123 1602 5195 τὴν
1656 5120 1887 5195 πληθὺν,
1960 5122 2100 5196 πλὴν
2173 5126 2256 5179 ὅτι
2304 5126 2463 5196 μόνος
2493 5125 2552 5178 ὲν
2586 5122 2839 5194 ἐσχάτοις
2869 5122 3081 5193 καιροῖς
3124 5120 3154 5172 6
3184 5116 3280 5172 τοῦ
3308 5112 3634 5186 ἀμπελῶνος
3660 5110 3761 5165 Δε-

471 5231 698 5287 σποτης.

543 5309 704 5367 Vsus.
734 5311 925 5368 11-15.
967 5312 1100 5367 Ecce
1132 5328 1226 5379 ego
1253 5325 1495 5378 pra'paro
1532 5311 1629 5363 tibi
1661 5309 2041 5363 carbunculum

2235 5304 2380 5361 Ἰδοὺ
2434 5302 2549 5374 ἐγὼ
2581 5301 2860 5372 ἐτοιμάζω
2875 5316 2975 5357 σοι
3008 5301 3279 5370 ἄνθρακα
3304 5299 3413 5355 τὸν
3437 5299 3632 5358 λίθον.
3659 5296 3755 5350 καί

467 5403 696 5470 lapidem
768 5411 941 5464 tuum,
990 5411 1036 5455 et
1080 5399 1427 5470 fundamenta
1486 5407 1579 5452 tua
1621 5399 1951 5467 sapphirum.
2007 5409 2055 5455 et

2161 5397 2235 5451 τὰ
2282 5394 2529 5464 θεμέλιὰ
2575 5408 2694 5451 σου
2737 5393 3112 5464 σάπφειρον,
3150 5393 3250 5447 καὶ
3288 5390 3455 5457 θήσω
3503 5387 3612 5453 τὰς
3652 5386 3757 5440 ἐπ-

465 5509 657 5556 ponam
699 5490 1095 5561 propugnacula
1126 5499 1217 5543 tua
1250 5489 1451 5557 inspin,
1492 5500 1541 5544 et
1565 5499 1744 5558 portas
1769 5499 1888 5543 tuas
1919 5489 2055 5558 lapi-

2163 5486 2373 5553 ἀλξεις
2404 5503 2522 5542 σου
2557 5487 2792 5552 ῑασπιν,
2828 5486 2927 5540 καὶ
2977 5486 3087 5550 τὰς
3139 5484 3340 5546 πύλας
3372 5476 3490 5534 σοὺ
3546 5479 3762 5545 ,λίθους

416 5599 433 5608 ο
468 5584 558 5636 des
599 5581 868 5653 crystalli,
914 5592 961 5638 et
1025 5596 1236 5634 murum
1297 5592 1446 5633 ιιιιιηι
1501 5578 1701 5650 lapides
1752 5580 1965 5645 electos,
2009 5589 2060 5635 et

471 5687 650 5727 omnes
664 5672 806 5741 filios
832 5681 949 5728 tuus
978 5671 1270 5741 discipulos
1297 5668 1414 5737 Dei,
1439 5683 1486 5726 cl
1514 5674 1567 5727 in
1598 5672 1764 5727 multa
1793 5688 1922 5742 pace
1956 5672 2061 5741 ﬁlii

472 5760 569 5817 uti.

2166 5580 2554 5649 κρυστάλλου
2574 5623 2588 5645 ,
2640 5579 2740 5633 καὶ
2808 5578 2917 5632 τὸν
2979 5576 3304 5645 περίϐολόν
3361 5589 3480 5628 σου
3547 5573 3763 5638 λίθους

2166 5672 2513 5738 ἐκλεκτοὺς,
2571 5671 2669 5727 καὶ
2719 5670 2953 5735 πάντας
3009 5668 3152 5733 τοὺς
3198 5667 3371 5733 υιούς
3420 5683 3539 5721 σου
3592 5664 3761 5719 διδα-

785 5812 827 5850 ι
2172 5765 2353 5832 κτοὺς
2388 5764 2558 5830 Θεοῦ,
2593 5764 2692 5820 καί
2719 5764 2791 5819 ἐν
2816 5760 3021 5831 πολλῇ
3050 5760 3259 5830 εἰρήνῃ
3290 5760 3363 5817 τὰ
3393 5760 3577 5815 τέκνα
3618 5772 3760 5814 σου.

557 5938 623 5974 ⁸⁸·
667 5939 898 6021 Βοριιν,
935 5942 991 5997 ι.
1068 5942 1152 5977 ¹¹·⁶
1185 5945 1327 6000 Psal.
1363 5962 1551 6013 χχχιχ,
1583 5947 1634 6000 3.
1716 5946 1757 5976 ³⁸
1789 5944 2055 6011 Βλιιιςῑῃι

2161 5984 2173 5998 .
2257 5945 2316 5976 ⁸⁸⁸
2351 5945 2367 5998 l
2398 5946 2520 6000 Cor.
2548 5960 2596 6012 ι,
2630 5944 2716 6002 ιε.
2796 5945 2876 5975 ⁸⁵⁸·
2910 5942 3104 6000 Matth.
3135 5958 3227 6009 xx,
3264 5939 3317 5996 6.
