4100 6524
383 483 528 541 ιευο

1534 484 1601 539 ιη
1644 485 1880 541 ΙΞᾹΙΑΜ
1922 486 2051 543 LIB.
2098 488 2160 546 Υ.
2205 489 2440 547 TOMUS
2481 492 2543 549 ll.

3535 495 3675 553 Nlo

463 598 658 671 Ἀθρει
691 598 755 670 δή
806 617 898 671 μοι
953 602 1112 656 πάλιν
1135 603 1227 657 τοῦ
1272 603 1432 674 λόγου
1477 605 1539 658 τὸ
1580 606 1855 676 εὑτεχνές,
1891 606 1980 659 καὶ

2161 609 2358 680 Specta
2416 612 2544 665 mihi
2585 626 2777 667 rursus
2803 611 3070 666 orationis
3117 609 3438 679 artificium,
3470 621 3529 668 et
3561 615 3680 670 bd-

377 690 497 745 τῶν
553 691 776 745 ἐννοιῶν
838 692 899 746 τὸ
961 695 1292 764 εὐμήχανον.
1343 696 1662 766 Διαλέγεται
1720 698 1818 767 μὲν
1877 697 1987 769 γὰρ

376 782 465 838 ὡς
539 782 664 836 ὅσον
742 782 958 837 οὐδέπω
1023 785 1233 848 πόλεως
1306 786 1688 858 ὀφθησομένης
1753 788 1853 858 τῆς
1927 787 1988 855 ἐξ

377 873 559 926 ἐθνῶν
632 874 964 945 Ἐκκλησίας
1026 876 1479 949 μεγαλοπρεποῦς
1542 894 1601 931 τε
1684 878 1779 931 καὶ
1832 895 1990 949 περι-

378 966 784 1036 καλλεστάτης,
839 967 1008 1033 λίθοις
1041 985 1108 1037 γε
1161 969 1269 1040 μὴν
1300 972 1414 1033 τοῖς
1448 971 1530 1023 ὅτι
1589 970 1825 1040 μάλιστα
1865 970 1986 1024 δια-

379 1060 791 1130 πρεπεστάτιιις
849 1060 1265 1134 ἐξωραῖσμένην
1334 1062 1818 1133 ἀποθςανθήσεσθαι
1896 1063 1986 1117 λέ-

288 1156 299 1163 ’
377 1169 497 1219 γει.
567 1153 733 1222 Θήσω
795 1152 926 1226 γὰρ,
980 1155 1169 1225 φησὶν,
1219 1154 1471 1226 ἄνθρακα
1526 1155 1617 1209 τὸν
1669 1155 1816 1209 λίθον
1868 1172 1984 1212 σου.

382 1244 579 1297 Ἔοικε
606 1245 663 1298 δέ
692 1244 780 1298 διὰ
810 1244 1016 1300 τούτων
1067 1248 1502 1318 κατατημαίνειν
1549 1247 1838 1318 βούλεσθαι
1894 1249 1987 1302 τὸν

394 1336 632 1406 Ἰησοῦν,
697 1337 758 1391 ὃν
827 1337 893 1409 δὴ
958 1338 1236 1393 τεθεῖσθαί
1300 1357 1435 1410 φησι
1499 1342 1560 1395 τὸ
1625 1341 1864 1413 Γράμμα
1927 1342 1989 1395 τὸ

346 1424 359 1431 ”
383 1429 536 1499 ἱερὸν
560 1431 640 1493 εἰς
667 1430 738 1483 τὰ
763 1430 993 1500 θεμέλια
1023 1430 1184 1496 Σιὼν,
1216 1436 1297 1495 είς
1328 1433 1388 1486 ὃν
1426 1434 1589 1497 εἴτις
1620 1433 1984 1498 πιστεύσειεν,

379 1522 449 1574 οὑ
505 1520 582 1592 μὴ
629 1522 1028 1595 καταισχυνθῇ.
1062 1523 1348 1596 Ἀνθρακα
1398 1525 1495 1595 μὲν
1549 1524 1711 1577 αὑτὸν
1755 1524 1814 1577 ἐν
1860 1522 1987 1577 τοὺοο

379 1629 501 1677 τοις
544 1614 824 1684 ὀνομάζει.
880 1616 1262 1686 Διαμέμνηται
1311 1617 1368 1670 δέ
1423 1617 1516 1670 καὶ
1572 1617 1777 1687 ἑτέρως
1820 1616 1986 1670 αὑτοῦ

381 1704 473 1758 διὰ
505 1704 808 1776 προφητῶν
841 1707 1036 1775 ἁγίων.
1064 1709 1209 1780 Ἔφη
1257 1708 1389 1777 γοῦν
1418 1708 1506 1761 διὰ
1538 1709 1725 1778 φωνῆς
1762 1707 1947 1779 Ἀμώς
1969 1725 1985 1740 ’

390 1813 408 1844 ι
436 1794 568 1846 Ἰδοὺ
620 1793 733 1861 ἐγὼ
780 1795 1028 1851 ἐντάσσω
1071 1785 1356 1867 ἀδάμαντα
1400 1799 1457 1849 ἐν
1503 1798 1657 1869 μέσῳ
1703 1797 1835 1850 λαοῦ
1882 1814 1986 1869 μου

397 1886 675 1957 Ἰσραήλ.»
704 1887 806 1940 Διά
836 1887 894 1941 δέ
923 1904 986 1957 γε
1016 1891 1201 1959 φωνῆς
1229 1889 1505 1960 Ζαχαρίου
1525 1906 1539 1920 ο
1583 1908 1600 1941 ι
1625 1888 1756 1944 Ἰδοὺ
1792 1890 1902 1943 ἐπά
1917 1907 1988 1957 τω

2090 700 2196 755 lam
2294 704 2691 757 sententiarum
2782 710 3142 759 structuram.
3233 703 3461 758 Disserit
3529 705 3678 760 enim

2088 790 2156 846 de
2224 792 2444 847 civitate
2506 772 2653 848 velint
2727 809 2848 864 quae
2928 796 3087 847 modo
3159 809 3267 848 non
3347 794 3530 847 futura
3594 806 3678 850 est

2090 884 2331 940 Ecclesia
2366 888 2632 957 gentium,
2674 901 2796 955 quae
2851 885 3136 956 magnifica
3180 886 3465 957 apparebit
3497 897 3553 940 et
3612 886 3678 939 il-

2086 979 2413 1035 lustrissima
2475 995 2696 1050 :quam
2753 980 2885 1035 dicit
2943 980 3213 1048 lapidibus
3290 980 3678 1048 insignissimis

2088 1060 2480 1126 exornandam.
2534 1070 2737 1125 Ponant
2793 1071 2962 1135 enim,
3027 1071 3226 1139 inquit,
3282 1070 3678 1124 carbunculum

2089 1162 2320 1233 lapidem
2356 1174 2525 1217 tuum.
2556 1160 2787 1217 Videtur
2823 1172 3005 1217 autem
3060 1163 3209 1217 hisce
3256 1162 3437 1216 verbis
3488 1162 3676 1216 Jesum

2086 1256 2225 1311 velle
2282 1256 2615 1327 significare,
2676 1272 2837 1327 quem
2891 1255 3173 1324 Scriptura
3244 1271 3401 1309 sacra
3458 1254 3589 1309 dicit
3623 1254 3675 1307 in

2089 1348 2438 1403 fundamenta
2484 1349 2613 1403 Sion
2670 1364 2793 1403 esse
2826 1349 3063 1416 positum
3097 1366 3110 1402 :
3146 1346 3200 1399 in
3236 1362 3396 1416 quem
3455 1346 3499 1399 si
3552 1346 3677 1415 quis

2086 1440 2400 1505 crediderit,
2434 1456 2542 1495 non
2580 1440 2818 1512 pudeﬁet
2851 1441 2920 1494 ⁸⁷.
2957 1439 3110 1493 Hunc
3148 1441 3394 1492 nominat
3428 1439 3516 1492 hic
3558 1454 3678 1492 car-

2090 1532 2406 1586 bunculum.
2439 1532 2613 1587 Aliter
2665 1546 2884 1602 quoque
2944 1532 3061 1601 ejus
3100 1530 3264 1601 767
3298 1531 3355 1583 lit
3394 1531 3599 1584 mentio
3623 1531 3676 1585 in

2086 1620 2291 1673 sanctis
2354 1620 2658 1688 prophetis.
2728 1618 3011 1687 Siquidem
3075 1619 3210 1673 dixit
3271 1633 3406 1672 voce
3460 1623 3678 1673 Amos:

2091 1728 2110 1761 ι
2152 1711 2290 1765 Ecce
2318 1725 2419 1781 ego
2447 1711 2718 1766 constituo
2767 1711 3118 1765 adamantem
3166 1713 3218 1765 in
3266 1713 3447 1766 medio
3496 1712 3680 1782 populi

2089 1805 2190 1857 mei
2215 1803 2376 1858 Israel
2400 1804 2484 1858 ⁸⁷⁵.
2511 1822 2530 1856 ι
2565 1803 2630 1858 Et
2656 1818 2790 1859 voce
2808 1803 3123 1858 Zachariae:
3145 1822 3163 1855 ι
3193 1803 3332 1858 Ecce
3350 1819 3451 1873 ego
3469 1806 3682 1858 adduco

2089 1905 2253 1958 super
2306 1904 2524 1944 servum
2566 1905 2747 1945 meum
2791 1889 3104 1958 Orientem,
3147 1892 3275 1961 quia
3325 1891 3464 1962 lapis
3517 1907 3679 1960 quem

382 1978 480 2031 ἐπὶ
509 1978 600 2032 τὸν
632 1978 819 2033 δοῦλόν
854 1997 959 2051 μου
990 1981 1256 2052 ἀνατολήν
1280 1998 1293 2013 ο
1326 1982 1460 2034 διότι
1493 1981 1642 2045 λίθος
1675 1982 1735 2036 ὃν
1777 1982 1980 2036 δέδωκα

2090 1981 2210 2035 dedi
2241 1990 2369 2035 ante
2393 1981 2584 2037 faciem
2607 1980 2760 2045 Jcsu,
2792 1998 2958 2054 super
2980 1960 3216 2052 lapidem
3244 1960 3437 2051 unum,
3467 1993 3679 2051 septem

384 2069 497 2139 πρὸ
532 2069 835 2139 προσώπου
879 2070 1080 2142 Ἰησοῦ,
1122 2072 1215 2125 ἐπὶ
1257 2071 1350 2125 τὸν
1397 2070 1548 2126 λίθον
1580 2071 1671 2125 τὸν
1710 2072 1805 2124 ἕνα
1848 2072 1988 2127 ἑπτὰ

386 2160 660 2230 ὀφθαλμοί
694 2163 854 2215 εἰσιν.
885 2181 904 2214 ι
935 2164 1155 2217 Ἕνεστι
1187 2160 1296 2234 γὰρ
1319 2162 1389 2216 τὰ
1412 2163 1691 2233 πανταχοῦ
1724 2163 1987 2217 δύνασθαι

387 2252 633 2324 καθορᾷν
665 2252 746 2324 τῷ
780 2254 1139 2327 παντεπόπτῃ
1183 2254 1426 2326 Χριστῷ.
1464 2254 1717 2308 Τέθειται
1744 2255 1924 2309 τοίνυν
1957 2256 1986 2308 ό

385 2346 592 2417 ἄνθραξ
630 2347 712 2411 εἰς
749 2346 899 2401 λίθον
940 2349 1036 2402 καὶ
1075 2348 1474 2401 ἀκατάσειστον
1510 2347 1830 2418 ὑποόάοραν
1882 2351 1984 2419 τῆς

386 2438 599 2502 πόλεως
636 2440 740 2509 τῆς
781 2440 962 2508 ἁγίας.
1011 2439 1132 2493 Ἐπ’
1174 2440 1324 2511 αὐτῷ
1369 2440 1425 2494 δὲ
1463 2440 1602 2494 λίθοι
1650 2442 1979 2512 σαπφείρου,

383 2532 528 2602 τάχα
557 2532 748 2597 πουςτδ
770 2531 877 2585 τῶν
910 2534 1086 2602 ἁγίων
1112 2533 1430 2586 ἀποστόλων
1449 2537 1640 2602 στῖφος
1669 2534 1980 2605 ὑποσημαί-

385 2642 592 2688 νοντες.
624 2625 944 2696 Ἐγγύτεροι
974 2626 1083 2695 γὰρ
1112 2618 1262 2678 οὗτοι
1291 2625 1556 2697 Χριστοῦ.
1588 2627 1684 2679 καὶ
1707 2620 1817 2679 οἷόν
1838 2644 1983 2690 τινες

385 2715 630 2786 θεμέλιοι
667 2716 789 2786 μετ’
816 2716 979 2768 αὑτὸν
1010 2708 1275 2785 γεγόνασι
1302 2720 1401 2788 τῆς
1429 2716 1523 2769 ὑπ’
1547 2717 1797 2787 οὐρανόν.
1826 2718 1983 2771 Οὕτω

383 2807 489 2860 πού
535 2824 701 2877 φησιν
754 2809 783 2861 ὁ
830 2808 997 2862 Δαϐὶδ
1038 2812 1093 2862 ἐν
1140 2810 1594 2880 ἑπτακαιδεκάτῳ
1639 2809 1861 2880 ψαλμῷ,
1900 2811 1982 2864 ὅτι

389 2917 410 2951 ι
452 2899 739 2968 Ὠρθησαν
765 2900 823 2954 αἱ
856 2904 1032 2970 πηγαὶ
1060 2900 1167 2953 τῶν
1197 2901 1427 2964 ὑδάτων,
1469 2902 1562 2954 καὶ
1596 2902 1981 2970 ἀνεκαλύςρθη-

385 3005 487 3043 σαν
526 2988 595 3043 τὰ
644 2989 871 3060 θεμέλια
918 2991 1019 3063 τῆς
1051 2992 1413 3063 οἰκουμένης,
1462 2993 1569 3046 ἀπὸ
1607 2994 1984 3065 ἐπιτιμήσεως

384 3097 501 3141 σου,
534 3081 735 3152 Κύριε,
761 3081 1243 3152 άπὺέμπνεύσεως
1274 3083 1588 3155 πνεύματος
1620 3085 1792 3155 ὀργῆς
1824 3103 1976 3141 σου.»

393 3174 879 3244 Ἐπιτημηθέντων
919 3174 1030 3245 γὰρ
1060 3174 1169 3227 τῶν
1205 3175 1263 3242 ἐξ
1303 3177 1543 3247 Ἰσραὴλ,
1576 3178 1670 3231 καὶ
1711 3177 1786 3248 τῷ
1817 3178 1983 3231 πνεύ-

385 3283 515 3337 ματι
548 3268 648 3337 τῆς
689 3266 844 3331 θείας
876 3267 1048 3339 ὀργῆς
1086 3268 1568 3340 ὑπενηνεγμένων,
1606 3272 1727 3324 ἐπεί
1768 3289 1851 3325 τοι
1885 3290 1980 3325 πε-

380 3360 782 3430 παρῳνήκασιν
816 3360 898 3422 εἰς
930 3360 1201 3431 Χριστὸν,
1247 3359 1511 3432 ὤφθησαν
1545 3363 1601 3414 αἰ
1632 3362 1740 3415 τῶν
1769 3363 1980 3418 ὑδάτων

380 3451 594 3520 πηγαὶ,
647 3450 929 3504 τουτέστιν
984 3452 1018 3522 ή
1066 3451 1156 3503 διὰ
1216 3450 1311 3503 τοῦ
1378 3453 1534 3519 ἁγίου
1593 3453 1976 3524 βαπτίσματος

380 3543 670 3613 κάθαρσις,
706 3544 928 3614 ἐμφανῆ
958 3543 1015 3597 δέ
1046 3545 1307 3613 γεγόνασι
1352 3547 1446 3600 καὶ
1485 3547 1556 3599 τὰ
1603 3545 1831 3616 θεμέλια
1880 3548 1979 3620 τῆς

377 3635 744 3706 οἰκουμένης,
782 3635 1029 3718 τουτέστι
1096 3636 1259 3690 πάλιν
1306 3639 1357 3690 οί
1407 3638 1685 3692 θεσπέσιοι
1738 3640 1979 3710 μαθηταί

376 3729 670 3783 ἀπόστολοί
719 3745 779 3781 τε
808 3729 905 3782 καὶ
932 3729 1345 3798 εύαγγελισταί.
1377 3731 1541 3803 Θήσω
1573 3732 1653 3794 δὲ,
1686 3736 1840 3802 φησὶ,
1882 3733 1979 3787 καὶ

374 3821 475 3886 τάς
508 3821 771 3889 ἐπάλξεις
804 3838 898 3874 σου
933 3821 1155 3884 ἴασπιν,
1190 3822 1288 3876 καὶ
1318 3823 1418 3886 τὰς
1456 3822 1634 3888 πύλας
1666 3841 1761 3877 σου
1794 3824 1979 3890 λίθους

375 3914 851 3985 κρυστάλλου,κα“ι
882 3913 975 3967 τὸν
1006 3915 1298 3987 περίδολόν
1332 3932 1424 3968 σου
1450 3915 1634 3979 λίθους
1660 3916 1972 3980 ἐκλεκτούς.

388 4007 700 4075 Ἐπάλξεις,
735 4008 827 4062 καὶ
872 4007 1067 4071 πύλας,
1114 4009 1207 4061 καὶ
1230 4008 1519 4080 περίϐολον
1557 4010 1838 4078 ὀνομάζων
1868 4011 1979 4065 τῶν

376 4102 548 4172 ἁγίων
581 4101 962 4173 μυσταγωγῶν
1005 4103 1067 4155 τὸ
1099 4100 1366 4170 θεοφιλὲς,
1407 4103 1501 4155 καὶ
1538 4103 1853 4172 σοφώτατον
1884 4104 1979 4158 σύ-

375 4212 583 4266 στημα,
613 4194 663 4248 οἳ
697 4194 792 4248 καὶ
835 4192 1198 4267 προμαχῶνές
1251 4195 1359 4247 εἰσι
1406 4195 1502 4249 καὶ
1535 4195 1701 4249 πύλαι
1736 4196 1837 4266 τῆς
1874 4196 1977 4249 πό-

372 4284 512 4351 λεως
537 4286 639 4357 τῆς
681 4286 870 4355 ἁγίας,
912 4285 1194 4365 περίϐολος
1219 4303 1281 4340 τε
1333 4287 1428 4339 καὶ
1458 4288 1656 4358 τεῖχος.
1693 4288 1976 4358 Μάχονται

376 4380 478 4452 μὲν
529 4382 646 4443 τοῖς
688 4378 949 4449 πολεμεῖν
999 4378 1278 4433 ἐθέλουσιν
1326 4380 1522 4452 αὑτὴν,
1570 4381 1700 4461 ᾐτοι
1747 4382 1873 4446 τοῦς
1918 4383 1977 4436 ἐν

372 4474 513 4544 αὑτῇ
542 4513 556 4536 .
591 4473 842 4527 τουτέστι
889 4473 989 4545 τὴν
1032 4473 1143 4526 τῶν
1184 4472 1273 4527 διὰ
1312 4473 1551 4538 πίστεως
1609 4473 1976 4544 σεσωσμένων

372 4565 588 4637 πληθὺν
627 4566 1021 4634 ἀντεξάγοντες
1065 4566 1359 4637 ἐμφρόνως
1398 4569 1513 4629 τοῖς
1576 4564 1688 4618 τῶν
1737 4565 1974 4620 ἀνοσίων

2088 2073 2228 2130 oculi
2277 2075 2533 2129 ειιηι¹⁷“.
2571 2093 2589 2126 ι
2628 2073 2812 2129 Potest
2847 2075 2990 2128 enim
3020 2075 3201 2128 omnia
3244 2075 3442 2144 passim
3495 2075 3680 2141 perlu-

2087 2174 2264 2219 strare
2288 2166 2334 2220 is
2362 2167 2453 2236 qui
2480 2175 2567 2223 est
2596 2166 2876 2237 inspector
2891 2168 3135 2222 omnium
3160 2167 3435 2222 Christus.
3466 2166 3685 2223 Positus

2087 2265 2172 2311 est
2224 2255 2389 2326 igitur
2459 2257 2826 2312 carbunculus
2890 2258 2942 2311 in
3015 2257 3245 2326 lapidem
3294 2267 3347 2312 et
3399 2256 3699 2313 immotam’

2086 2358 2289 2400 sancta:
2316 2348 2554 2401 civitatis
2585 2347 2781 2402 basim.
2822 2347 3003 2416 Super
3041 2348 3217 2415 ipsmn
3252 2361 3429 2402 autem
3478 2349 3688 2417 lapides

2087 2438 2349 2505 sapphiri,
2393 2436 2643 2491 fortassis
2695 2449 3009 2491 sanctorum
3068 2439 3446 2506 apostolorum
3489 2455 3680 2510 agmen

2086 2532 2365 2587 denotant.
2394 2530 2529 2586 Sunt
2576 2532 2718 2586 enim
2754 2531 2826 2585 illi
2857 2531 3076 2586 Christo
3101 2534 3415 2595 viciniores,
3474 2544 3524 2587 et
3556 2544 3681 2587 Iau-

2085 2637 2246 2692 quam
2278 2622 2629 2676 fundamenta
2677 2624 2926 2691 quautam
2968 2624 3270 2677 Secundum
3322 2625 3497 2691 ipsmn
3530 2624 3685 2678 orbis

2088 2725 2359 2768 terrarum
2390 2716 2742 2769 exstiterunt.
2781 2714 2871 2767 Sic
2907 2716 2981 2768 ait
3008 2714 3176 2768 David
3207 2716 3418 2784 psalmo
3463 2717 3684 2770 decimo

2085 2808 2320 2875 septimo
2357 2826 2372 2862 :
2412 2827 2431 2860 ι
2464 2807 2849 2875 Apparucrunt
2895 2806 3073 2861 fontes
3115 2823 3400 2879 aquarum.
3427 2817 3480 2859 et
3523 2819 3683 2860 reve-

2086 2898 2193 2953 lata
2239 2910 2366 2952 sunt
2409 2897 2758 2952 fundamenta
2807 2907 2987 2961 terrae,
3028 2901 3096 2952 ab
3131 2901 3505 2969 increpatione
3548 2907 3635 2951 tua
3661 2937 3680 2961 ,

2087 2990 2333 3054 Domine,
2368 2990 2436 3043 ab
2472 2987 2841 3043 iusulllatione
2871 2991 3093 3058 spiritus
3148 2991 3242 3044 irre
3289 3001 3392 3044 tua:
3419 2990 3481 3044 ’⁸.
3518 3008 3538 3041 ι
3576 2988 3682 3041 lle-

2086 3084 2372 3152 prebeusis
2403 3083 2548 3135 enim
2596 3083 2878 3149 lsraelitis,
2927 3090 2980 3136 et
3019 3080 3165 3135 ﬂutui
3193 3083 3388 3136 divina=
3420 3082 3515 3135 ira!
3549 3083 3684 3135 sub-

2079 3177 2260 3246 jectis,
2292 3192 2414 3232 cum
2450 3177 2503 3231 in
2535 3175 2812 3230 Christum
2856 3175 3175 3230 debacchati
3239 3175 3489 3242 fuissent,
3516 3190 3684 3243 appa-

2085 3272 2512 3325 rueruntfontes
2557 3284 2842 3338 aquarum,
2876 3269 2925 3320 id
2959 3279 3060 3331 est,
3121 3284 3214 3336 per
3259 3279 3676 3322 sacrosanctum

2083 3365 2348 3432 baptisma
2384 3363 2726 3430 purificatio;
2778 3371 2833 3414 et
2881 3362 3173 3430 conspicua
3206 3360 3344 3413 facta
3393 3371 3517 3413 sunt
3552 3359 3677 3411 fun—

2081 3455 2333 3508 (lamenta
2386 3454 2559 3515 orbis,
2617 3452 2669 3504 id
2708 3461 2813 3515 est,
2857 3450 3025 3503 divini
3061 3449 3335 3517 discipuli,
3368 3449 3593 3513 apostoli
3623 3457 3680 3503 et

2081 3546 2454 3615 evangelistzc.
2510 3543 2714 3598 Ponant
2752 3556 2992 3610 quoque,
3057 3541 3253 3609 inquit,
3281 3550 3332 3593 et
3366 3554 3679 3609 propugna-

2080 3640 2197 3694 cula
2223 3638 2620 3707 tuajaspidem,
2653 3647 2705 3690 et
2729 3645 2917 3707 portas
2946 3643 3069 3688 tuas
3102 3634 3311 3701 lapides
3341 3633 3605 3704 crystalli,
3625 3641 3682 3687 et

2082 3746 2292 3786 murum
2323 3742 2472 3785 tuum
2493 3729 2701 3799 lapides
2727 3730 2950 3783 electos.
2984 3727 3392 3797 Propugnacula
3424 3736 3680 3792 etportas

2080 3836 2134 3880 et
2167 3825 2562 3880 munimentqu
2594 3826 2860 3891 nominat,
2890 3818 3206 3877 San‘morum
3239 3832 3679 3894 mystagogorum

2085 3919 2193 3973 Deo
2237 3918 2472 3973 amicum
2501 3927 2555 3973 et
2581 3917 3055 3985 sapientissimum
3082 3923 3282 3968 emtum
3312 3933 3324 3968 :
3362 3915 3454 3984 qui
3512 3914 3676 3967 etiam

2079 4009 2482 4080 propugnacula
2507 4018 2659 4071 sunt,
2682 4020 2735 4062 et
2766 4017 2937 4077 portae
2965 4018 3171 4062 sanctae
3201 4007 3459 4070 civitatis,
3486 4019 3539 4059 et
3562 4023 3681 4060 mu-

2082 4103 2321 4156 nimenta
2351 4118 2415 4155 ac
2456 4104 2617 4155 muri.
2653 4100 2903 4170 Pugnant
2925 4101 3070 4153 enim
3102 4115 3223 4154 cum
3263 4098 3345 4152 his
3368 4099 3457 4167 qui
3481 4098 3678 4151 bellum

2082 4194 2319 4246 inferunt
2350 4192 2446 4256 illi,
2496 4191 2695 4257 idest,
2724 4192 2810 4245 his
2850 4192 2941 4258 qui
2972 4190 3024 4244 in
3062 4206 3123 4245 ea
3165 4199 3312 4255 sunt,
3344 4190 3679 4244 multitudini

2080 4295 2511 4351 nempe,eorum
2548 4279 2638 4349 qui
2686 4295 2786 4350 per
2830 4280 2992 4334 [idem
3038 4280 3238 4333 servati
3266 4289 3425 4343 sunt;
3457 4288 3512 4332 et
3550 4295 3679 4344 pru-

2079 4374 2271 4429 denter
2304 4372 2561 4427 resistunt
2617 4372 2904 4441 impiarum
2938 4381 3215 4443 sectarum
3275 4372 3676 4439 inventoribus,

2078 4481 2142 4520 ac
2172 4464 2374 4520 diaboli
2439 4466 2661 4520 malitia:
2721 4466 3017 4531 obsistunt,
3055 4481 3153 4520 nec
3188 4479 3520 4535 quemquam
3563 4478 3678 4517 ser-

2078 4566 2326 4612 vatorum
2360 4558 2686 4628 permittunt
2714 4559 2766 4611 in
2804 4556 2922 4626 ejus
2975 4557 3223 4612 incidere
3278 4556 3559 4610 sinistram
3597 4563 3678 4624 ty-

371 4659 639 4731 αἰρέσεων
667 4660 942 4731 εὑρεταῖς,
994 4658 1089 4712 καὶ⁸
1140 4661 1264 4722 ταῖς
1306 4657 1401 4711 τοῦ
1448 4655 1699 4711 διαϐόλου
1749 4657 1976 4728 δυστροο

2084 4640 2390 4719 rannidem,
2430 4651 2692 4706 continuo
2750 4666 2815 4708 ac
2869 4653 2975 4705 rite
3028 4650 3096 4704 ad
3158 4647 3251 4703 Dei
3309 4646 3678 4713 cognitionem

370 4750 529 4814 πίαις
578 4751 1002 4821 ἀνθιστάμενοι,
1059 4752 1156 4803 καὶ
1207 4749 1320 4804 τῶν
1373 4749 1741 4821 σεσωσμένων
1784 4750 1977 4804 οὐδένα

372 4843 734 4914 περιπίπτειν
758 4860 862 4896 που
893 4845 997 4912 τῆς
1028 4841 1350 4913 σκαιότητος
1382 4841 1623 4911 συνεχῶς
1647 4841 1978 4913 ἐπιτρέπον-

369 4952 484 4999 τες,
517 4935 616 4988 καὶ
644 4929 756 4988 οἷον
792 4937 851 4987 ἐν
878 4934 1031 5000 τάξει
1064 4933 1478 5005 εἰσκομίζοντες
1516 4935 1596 4998 εἰς
1641 4932 1975 5004 θεογνωσίαν

368 5029 498 5093 τοὺς
527 5028 587 5096 ἐξ
617 5029 837 5102 ἀπάτης
886 5030 1242 5103 Ἑλληνικῆς,
1275 5027 1742 5100 περιφράττοντές
1773 5043 1834 5080 τε
1881 5029 1978 5081 καὶ

370 5120 798 5190 περιϐάλλοντες
870 5122 1179 5185 νουθεσίαις
1243 5121 1444 5184 αὑτοὺς
1511 5122 1604 5174 καὶ
1675 5136 1970 5191 μυσταγω-

368 5211 541 5278 γίαις,
570 5210 714 5265 ὥστε
750 5210 842 5265 καὶ
876 5210 1154 5282 ἀλήπτους
1177 5206 1342 5276 εἶναι,
1382 5212 1476 5266 καὶ
1511 5210 1776 5280 δυνάμεσι
1804 5228 1973 5280 πονη-

372 5304 518 5369 ραῖς.
540 5302 637 5357 καὶ
662 5302 1026 5375 βωμολοχίαις
1052 5304 1575 5374 ψευδοδιδάσκάλων,
1607 5304 1657 5358 οἳ
1681 5306 1780 5375 τῆς
1805 5303 1972 5375 ψευδ-

366 5393 477 5447 ωνύ
489 5411 594 5465 μου
634 5395 893 5465 γνώσεως
918 5397 1009 5451 τὸν
1029 5397 1110 5451 Ξδν
1143 5396 1397 5466 ἐκχέουσι
1425 5399 1547 5462 ταῖς
1570 5396 1683 5451 τῶν
1713 5397 1975 5467 ἀκεραιο-

367 5487 547 5557 τέρων
578 5487 975 5559 ψυχαῖς.Ἔοος
1010 5491 1068 5543 δὲ
1098 5492 1164 5558 τῇ
1200 5489 1545 5560 θεοπνεύστῳ
1576 5490 1770 5561 Γραφῇ
1801 5487 1974 5551 λίθοις

375 5580 861 5645 πολυτελεστάτοις
890 5580 1195 5652 ἀφομοιοῦν
1243 5581 1354 5634 ἔσθ’
1384 5583 1472 5635 ὅτε
1501 5582 1628 5640 τοὺς
1657 5579 1755 5651 τὴν
1802 5578 1973 5648 ἁγίαν

374 5674 603 5743 ἔχοντας
627 5675 795 5747 ζωὴν,
815 5677 912 5729 καὶ
940 5675 1276 5728 πολυειδέσιν
1302 5676 1526 5745 ἀρεταῖς
1556 5673 1968 5748 ἐμπρέποντας.

374 5768 488 5823 Καὶ
526 5770 659 5837 γοῦν
702 5770 808 5842 ἔφη
853 5788 954 5824 που
993 5770 1121 5843 περὶ
1161 5769 1272 5823 τῶν
1313 5771 1487 5841 ἁγίων
1516 5768 1854 5849 ἀποστόλων,
1890 5770 1973 5824 ὅτι

453 5950 497 5982 ⁸⁷
538 5948 849 6016 ῙειιΑτιιιι,
890 5951 972 6007 l6.
1057 5954 1120 5984 ‘“
1161 5951 1347 6017 Amos,
1384 5968 1480 6019 vn,
1509 5949 1557 6006 8.

1508 6138 1541 6165 θ

734 6214 761 6223 κ

2083 4745 2405 4801 inducentes
2448 4744 2666 4799 etlmica
2700 4743 2891 4799 fraude
2939 4743 3206 4807 irretitos,
3256 4740 3588 4810 monitisque
3628 4746 3677 4793 et

2083 4838 2436 4910 mystagogiis
2493 4852 2588 4892 eos
2650 4835 2994 4893 obvallantes
3047 4845 3102 4888 et
3151 4833 3566 4894 obrnunientes,
3625 4840 3683 4883 ut

2084 4948 2190 4988 non
2241 4934 2352 4989 sint
2402 4933 2635 5003 expositi
2700 4932 2858 4989 malis
2907 4933 3272 5002 potestatibus
3315 4940 3369 4984 et
3418 4929 3679 4983 falsorum

2080 5026 2364 5080 doctorum
2426 5024 2751 5080 scurrilibus
2802 5023 2981 5093 nugis,
3035 5024 3126 5090 qui
3176 5020 3314 5074 falso
3384 5020 3682 5073 nominate

2081 5115 2321 5169 scientia:
2368 5128 2636 5170 venenum
2690 5113 2892 5168 animis
2943 5111 3340 5180 simpliciorum
3372 5109 3679 5164 olfendunt.

2083 5206 2181 5260 Est
2212 5206 2376 5260 etiam
2413 5205 2656 5262 solemne
2708 5204 3008 5274 Scriptura:
3055 5204 3317 5258 divinitus
3375 5204 3722 5283 inspiralze./

2080 5297 2354 5368 lapidibus
2421 5296 2837 5369 pretiosissimis
2887 5296 3200 5352 assimilare
3259 5297 3532 5353 interdum
3587 5310 3683 5348 eos

2082 5393 2182 5460 qui'
2200 5399 2394 5447 sancte
2442 5390 2613 5445 vitam
2666 5390 2978 5454 instituunt,
3031 5401 3079 5444 et
3120 5392 3290 5445 variis
3327 5390 3535 5459 fulgent
3575 5389 3683 5440 vir-

2082 5484 2311 5538 tutibus.
2344 5483 2489 5538 Dixit
2519 5483 2791 5552 siquidem
2825 5483 2890 5538 de
2927 5483 3098 5555 768
3139 5482 3351 5536 sanctis
3380 5479 3679 5549 apostolis:

2082 5574 2320 5646 Lapides
2353 5576 2530 5631 sancti
2561 5575 2852 5629 volvuntur
2884 5559 3050 5645 δείρει-
3072 5585 3214 5628 terra
3234 5572 3320 5625 ’°".
3350 5569 3478 5625 Nam
3507 5568 3679 5622 divin'i

2083 5668 2334 5740 discipuli
2352 5669 2538 5723 orbem
2561 5678 2830 5721 terrarum
2853 5663 3607 5735 peragrabant,prmdicantes
3626 5669 3682 5717 et

2083 5762 2520 5833 evangelizantes
2539 5761 2738 5828 ubique
2760 5758 3000 5829 gentium
3020 5757 3271 5811 uniuilms
3290 5754 3520 5825 gratiam
3536 5752 3683 5807 salu-

1682 5951 1766 5983 ””
1806 5950 1974 6005 Zaclt.
2019 5966 2101 6020 tu,
2143 5948 2195 6015 8,
2226 5934 2287 6005 9.»
2364 5948 2406 5980 "'
2438 5940 2582 6003 Ps’al.
2618 5962 2751 6011 xvii,
2795 5942 2876 5996 l6.
2957 5942 3021 5971 ¹³¹⁰
3056 5939 3289 5998 Zachar.
3329 5955 3407 6005 ix,
3446 5938 3532 5992 ili.
