4100 6476
431 484 564 539 ﬁll

1420 474 1476 525 ὃ.
1517 470 1797 527 CIRlLLl
1837 468 2308 525 ALEXANDlilNl
2349 470 2671 527 ARCHIEP.

3566 474 3711 531 1312

433 603 503 654 tis
529 614 624 669 per
654 596 953 655 Christum.
972 592 1178 647 Rursus
1205 590 1466 658 propheta
1485 591 1648 645 etiam
1673 590 1838 645 Isaias
1858 591 2012 656 dixit,

2117 589 2252 643 λίθοι
2293 590 2440 660 ἅγιοι
2485 591 2760 644 κυλίονται
2810 591 2900 642 ἐπὶ
2946 588 3042 659 τῆς
3093 588 3217 659 γῆς.
3260 587 3701 660 Περιεφοίτησαν

431 689 582 745 velut
603 690 700 743 sub
727 701 954 757 persona
983 682 1073 737 Dei
1099 700 1111 734 :
1142 699 1160 732 ι
1186 680 1415 735 Perdant
1439 682 1782 736 insolentiam
1802 682 2016 750 iniquo-

434 797 575 844 rum,
602 788 654 834 et
676 776 1014 832 insolentiam
1054 772 1410 841 superborum
1437 773 1759 841 deprimant,
1781 782 1835 826 et
1859 780 2018 826 erunt

440 869 691 925 derelicti
716 866 1066 936 pretiosiores
1085 879 1218 918 auro
1245 864 1468 935 obryzo,
1496 874 1550 919 et
1580 866 1741 920 homo
1761 866 1868 919 erit
1896 878 2016 934 pre-

431 963 621 1017 tiosior
637 961 811 1029 lapide
824 976 888 1013 ex
906 958 1129 1025 souphir
1148 958 1188 990 ι’
1216 954 1292 1029 (1)
1344 976 1363 1009 ι
1385 956 1690 1012 Judarorum
1721 957 1862 1013 enim
1879 971 2023 1026 praes

430 1051 553 1106 fecti
584 1053 675 1121 qui
710 1052 762 1105 in
786 1050 1058 1105 Christum
1082 1048 1420 1117 prtevaricati
1441 1058 1587 1115 sunt,
1622 1049 1917 1117 perierunt.
1947 1047 2017 1103 At

427 1143 746 1213 superstites
771 1157 866 1212 per
882 1142 1061 1206 fidem,
1079 1140 1225 1195 omni
1250 1155 1380 1194 auro
1397 1149 1450 1193 et
1472 1139 1647 1208 lapide
1667 1140 2015 1209 pretiosiores

432 1234 631 1289 merito
660 1234 871 1288 censeri
910 1241 1157 1301 possunt.
1192 1231 1388 1285 Paulus
1411 1239 1558 1285 certe
1576 1232 2014 1300 sapientissimus

429 1322 841 1379 fundamentum
869 1323 1056 1387 dicens
1085 1337 1204 1377 esse
1225 1320 1408 1376 Iesum
1452 1322 1750 1387 Christum,
1788 1323 2014 1378 creden-

429 1424 511 1470 tes
535 1415 589 1469 in
626 1417 820 1485 ipsum,
856 1416 1003 1470 velut
1032 1415 1236 1484 lapides
1266 1415 1534 1483 pretiosos
1569 1415 1868 1484 superstrui
1913 1416 2012 1481 ait,

433 1506 485 1560 in
513 1518 761 1563 sanctqu
807 1507 1084 1576 templum,
1115 1507 1166 1559 in
1190 1506 1477 1561 aedilicium
1520 1505 1612 1560 Dei
1640 1506 1694 1561 in
1718 1505 1921 1576 Spiritu
1942 1508 2010 1563 ’°.

427 1596 664 1652 Proinde
715 1608 940 1652 sanctos
992 1605 1355 1667 mystagngos,
1422 1599 1685 1652 virtutum
1746 1599 2013 1653 varietate

426 1694 481 1739 ct
527 1686 924 1756 pulchritudine
957 1684 1280 1754 intelligibili
1314 1683 1837 1753 resplendescentes,
1869 1684 2011 1753 lapi-

425 1776 585 1831 dibus
668 1776 1081 1847 pretiosissimis
1142 1785 1470 1846 comparat:
1511 1785 1567 1829 et
1603 1776 1741 1830 alios
1787 1775 1919 1830 dicit
1958 1775 2013 1830 in

426 1867 773 1922 fundamenta
832 1868 1042 1938 positos
1090 1882 1211 1922 esse
1250 1876 1454 1923 sanctae
1502 1868 1729 1931 civitati,
1773 1867 1908 1922 alios
1955 1868 2007 1921 in

422 1958 849 2028 propugnacula,
901 1959 1037 2014 alios
1101 1968 1382 2028 portarum
1418 1968 1471 2014 et
1506 1958 1801 2013 munitonis
1849 1972 2008 2011 usum

424 2065 489 2104 ac
511 2050 688 2104 locum
745 2050 1020 2121 supplere.
1050 2051 1226 2121 Atque
1272 2052 1391 2106 haec
1420 2052 1635 2122 quidem
1664 2051 1730 2106 de
1759 2051 2007 2106 civitatis

422 2142 718 2211 praefectis,
747 2158 910 2212 quam
962 2142 1118 2198 nobis
1143 2143 1256 2199 lure
1300 2143 1560 2197 describit
1589 2144 1786 2197 oratio.
1820 2143 1892 2197 De
1921 2143 2008 2200 bis

427 2248 555 2288 vero
574 2234 663 2302 qui
695 2247 813 2287 eam
838 2233 1163 2301 inhabitant,
1191 2234 1319 2303 quid
1347 2234 1561 2289 tandem
1589 2234 1792 2289 aititEt
1819 2250 2010 2291 omnes

427 2322 567 2377 filios
600 2333 718 2377 tuos
755 2323 944 2377 doctos
978 2338 1007 2375 a
1040 2320 1169 2377 Deo.
1209 2320 1350 2377 Olim
1406 2337 1641 2391 namque
1669 2337 1764 2391 per
1795 2321 2009 2390 sapien-

428 2413 694 2468 tissimum
758 2412 975 2484 Moysen
1026 2422 1079 2467 et
1144 2413 1440 2483 prophetas
1514 2422 1735 2468 sanctos
1780 2413 2010 2467 instituit

427 2502 701 2560 lsraelem.
779 2504 1052 2557 Extremis
1150 2510 1329 2557 autem
1389 2502 1573 2557 saeculi
1652 2504 2006 2572 temporibus,

428 2595 570 2665 docti
596 2594 795 2649 fuimus
823 2610 852 2649 a
889 2596 1017 2652 Deo.
1045 2593 1210 2665 Cujus
1231 2594 1387 2648 testis
1410 2603 1491 2648 est
1522 2592 1742 2661 Paulus,
1773 2594 1959 2650 dicens
1991 2613 2004 2649 :

431 2705 451 2738 ι
489 2684 831 2741 Multifariam
856 2700 920 2741 ac
945 2685 1128 2740 multis
1176 2685 1350 2740 modis
1377 2684 1504 2738 olim
1547 2683 1691 2740 Deus
1739 2685 2009 2740 allocutus

427 2787 509 2833 est
537 2787 719 2848 patres
778 2779 831 2832 in
880 2777 1160 2848 prophetis
1205 2795 1217 2831 :
1270 2777 1560 2846 postremis
1636 2791 1766 2832 vero
1820 2777 2011 2831 diebus

2117 680 2227 752 γὰρ
2249 682 2349 752 τὴν
2392 683 2484 735 ὑπ’
2514 683 2741 753 οὐρανὸν
2794 684 2843 735 οἱ
2892 679 3171 734 θεσπέσιοι
3207 682 3470 752 μαθηταὶ,
3507 682 3698 754 διακη-

2119 770 2405 842 ρύττοντές
2453 788 2514 825 τε
2562 773 2657 825 καὶ
2697 769 3176 842 εὐαγγελιζόμενοι
3216 773 3330 835 τοῖς
3381 773 3698 844 ἁπανταχοῦ

2115 862 2217 932 τῆς
2243 862 2329 917 διὰ
2356 864 2593 934 Χριστοῦ
2628 864 2901 934 σωτηρίας
2927 864 3027 934 τὴν
3059 863 3244 935 χάριν.
3271 865 3416 935 Ἔφη
3450 864 3507 918 δὲ
3537 866 3701 919 πάλιν

2117 954 2211 1007 καὶ
2267 956 2296 1008 ὁ
2356 956 2644 1026 προφήτης
2699 957 2956 1019 Ἡσαΐας,
3008 957 3084 1019 ὡς
3134 958 3198 1009 ὲκ
3245 955 3540 1026 προσώπου
3604 955 3698 1011 τοῦ

2116 1044 2251 1098 Θεοῦ
2270 1063 2286 1077 σ
2326 1064 2346 1097 ι
2381 1046 2492 1099 Καὶ
2519 1046 2709 1100 ἀπολῶ
2746 1047 2906 1118 ὓϐριν
2935 1047 3175 1118 ἀνόμων,
3219 1049 3313 1101 καὶ
3340 1048 3499 1120 ὓϐριν
3527 1049 3707 1120 ὕπερ-ι

2116 1136 2341 1206 ηφάνων
2367 1136 2715 1202 ταπεινώσω,
2753 1140 2848 1192 καὶ
2878 1137 3089 1192 ἔσονται
3111 1141 3161 1192 oi
3199 1139 3701 1211 ἐγκαταλελειμμέ-

2115 1244 2197 1282 νοι
2224 1227 2431 1300 ἔντιμοι
2467 1230 2687 1300 μᾶλλον,
2732 1231 2854 1301 me
2880 1231 3105 1300 χρυσίον
3142 1231 3204 1285 τὸ
3250 1231 3483 1302 ἄπυρον,
3533 1232 3628 1285 καὶ
3670 1235 3702 1287 ό

2115 1319 2401 1390 ἄνθρωπος
2439 1320 2656 1392 ἔντιμος
2691 1322 2911 1392 μᾶλλον,
2941 1324 2973 1393 ἢ
3000 1325 3028 1376 ό
3059 1323 3207 1387 λίθος
3235 1324 3265 1377 ὁ
3291 1326 3356 1377 ὲκ
3388 1324 3632 1395 σουιρείρ.
3673 1344 3699 1377 ι

2129 1410 2464 1464 ’Δπολὼλασι
2490 1412 2589 1483 μὲν
2620 1413 2730 1484 γὰρ
2764 1415 3254 1485 παρανομήσαντες
3278 1415 3359 1478 εἰς
3384 1414 3621 1484 Χριστὸν
3643 1419 3691 1469 οἱ

2113 1500 2222 1556 τῶν
2264 1502 2537 1556 Ἰουδαίων
2589 1503 2901 1575 καθηγηταὶ
2928 1544 2942 1566 ,
2995 1505 3043 1558 οἱ
3098 1505 3156 1559 δέ
3202 1522 3269 1573 γε
3321 1505 3410 1560 διὰ
3458 1508 3709 1570 πίστεως

2114 1593 2579 1665 ἀνασεσωσμένοι,
2627 1597 2849 1666 χρυσίου
2886 1595 3087 1661 παντὸς
3133 1597 3225 1649 καὶ
3254 1596 3403 1650 λίθου
3438 1597 3698 1668 τιμιώτε-

2119 1700 2199 1753 ροι
2249 1685 2696 1756 καταλογισθετεν
2726 1689 2791 1742 ἂν
2826 1688 3083 1751 εἰκότως·
3112 1692 3200 1741 ναὶ
3235 1688 3342 1760 μὴν
3380 1689 3475 1742 καὶ
3505 1690 3533 1742 ό
3562 1691 3703 1743 πάν-

2116 1789 2280 1843 σοφος
2308 1774 2538 1842 Παῦλος,
2567 1776 2817 1849 θεμέλιον
2848 1778 3023 1847 λέγων
3064 1778 3274 1847 Ἰησοῦν
3303 1779 3395 1832 τὸν
3428 1780 3713 1850 Χριστὸν,

2112 1868 2241 1931 τοὺς
2271 1870 2352 1933 εἰς
2386 1870 2547 1924 αὐτὸν
2590 1872 3018 1935 πιστεύσαντας,
3064 1871 3141 1935 ὡς
3179 1871 3361 1936 λίθους
3405 1873 3702 1936 ἐκλεκτοὺς

2038 1942 2079 1997 Β
2108 1960 2577 2031 ὲποικοδομεῖσθαί
2611 1980 2774 2034 φησιν
2810 1964 2889 2027 είς
2926 1962 3054 2016 ναὸν
3098 1962 3278 2029 ἅγιον,
3316 1964 3397 2026 εἰς
3428 1980 3695 2035 κατοικη-

2109 2053 2300 2123 τήριον
2346 2053 2439 2106 τοῦ
2470 2053 2605 2108 Θεοῦ
2642 2055 2699 2107 ὲν
2730 2053 3021 2125 πνεύματι.
3058 2053 3269 2107 Οὐκοῦν
3310 2055 3376 2125 τῇ
3416 2054 3527 2107 τῶν
3572 2056 3700 2126 ἀρί-

2110 2161 2248 2197 στων
2288 2144 2566 2216 πολυειδία
2600 2145 2694 2199 καὶ
2734 2145 2921 2199 κάλλει
2958 2143 3036 2215 τῷ
3069 2144 3247 2215 νοητῷ
3286 2144 3694 2216 διαπρέποντας

2107 2235 2234 2298 τοὺς
2279 2234 2466 2303 ἁγίους
2527 2237 2923 2307 μυσταγωγοὺς
2985 2222 3313 2308 παρεικάζει
3361 2236 3530 2301 λίθοις
3573 2241 3697 2301 ταῖς

2107 2326 2465 2396 τι-μιωτάταις
2496 2339 2509 2353 ·
2550 2329 2795 2392 καὶτοὺς
2822 2329 2920 2400 μὲν
2954 2330 3034 2391 είς
3073 2328 3300 2399 θεμέλια
3330 2327 3609 2382 τεθεῖσθαι
3632 2332 3699 2399 τῇ

2110 2417 2243 2488 ἁγίᾳ
2284 2417 2438 2471 πόλει
2487 2420 2642 2487 φησὶ,
2685 2419 2815 2483 τοὺς
2850 2420 2907 2474 δὲ
2941 2422 3022 2484 είς
3052 2419 3313 2485 ἐπάλξεις
3337 2439 3349 2451 ·
3392 2420 3612 2489 ἑτέρους
3643 2421 3703 2474 δὲ

2115 2509 2301 2565 πυλῶν
2351 2509 2446 2563 καὶ
2471 2510 2759 2581 περιϐόλου
2790 2509 2981 2583 χρείαν
3009 2509 3380 2581 ἀναπληροῦν.
3406 2511 3518 2564 Καὶ
3541 2512 3709 2565 ταυτὶ

2119 2602 2217 2673 μὲν
2249 2602 2376 2672 περὶ
2405 2600 2515 2654 τῶν
2547 2602 2645 2672 τῆς
2674 2603 2884 2666 πόλεως
2916 2603 3358 2674 προεστηκότων,
3393 2603 3458 2673 ἢν
3482 2602 3511 2654 ό
3537 2601 3699 2671 λόγος

2114 2696 2247 2764 ἡμῖν
2279 2690 2579 2763 ζωγραφεῖ,
2612 2692 2748 2764 Περὶ
2785 2692 2842 2746 δέ
2876 2709 2940 2762 γε
2974 2692 3080 2746 τῶν
3113 2692 3408 2747 οἰκούντων
3436 2693 3607 2764 αὐτὴν
3644 2692 3702 2746 τί

2116 2785 2226 2855 ἄρα
2283 2783 2451 2853 φησί;
2484 2784 2596 2837 Καὶ
2645 2783 2854 2846 πάντας
2898 2783 3027 2846 τοὺς
3072 2783 3221 2846 υἱούς
3273 2800 3367 2836 σου
3419 2782 3709 2846 διδακτοὺς

428 2871 578 2925 hisce
633 2868 848 2925 locutus
885 2877 970 2924 est
1003 2869 1159 2923 nobis
1203 2868 1257 2922 in
1288 2867 1429 2922 Filio
1455 2869 1521 2921 “.
1563 2887 1582 2921 ι
1615 2866 2010 2938 Praaceptorcm

2114 2874 2268 2930 Θεοῦ.
2310 2873 2483 2927 Πάλαι
2530 2873 2627 2944 μὲν
2674 2872 2782 2944 γὰρ
2828 2872 2916 2926 διὰ
2963 2870 3058 2925 τοῦ
3121 2870 3401 2939 πανσόφου
3452 2870 3709 2933 Μωσέως

427 2961 570 3017 enim
606 2960 784 3016 sortiti
808 2975 1021 3026 sumus,
1047 2976 1153 3015 non
1191 2960 1504 3029 prophetam
1534 2959 1764 3029 aliquem
1819 2974 2012 3028 seque-

2120 2967 2212 3020 καὶ
2257 2965 2555 3036 προφητῶν
2593 2964 2762 3033 ἁγίων
2822 2962 3282 3033 πεπαιδαγώγηκε
3325 2963 3417 3016 τὸν
3462 2963 3703 3033 Ἰσραήλ.

432 3062 592 3109 strem
615 3091 632 3117 ,
680 3061 736 3107 et
767 3051 965 3107 divinis
1011 3052 1352 3107 sermonibus
1383 3052 1804 3117 ministrantem,
1850 3052 2011 3107 sicuti

2133 3052 2220 3112 ’Ev
2248 3058 2498 3127 ἐσχάτοις
2528 3056 2582 3110 δὲ
2613 3054 2706 3109 τοῦ
2738 3055 2933 3119 αἰῶνος
2963 3056 3176 3125 καιροῖς
3206 3053 3445 3107 διδακτοὶ
3470 3053 3707 3121 γεγόνα-

425 3141 552 3198 etim
589 3158 602 3195 :
647 3141 741 3196 sed
796 3140 972 3211 ipsum
1007 3142 1188 3211 potius
1229 3155 1296 3195 ex
1331 3140 1441 3196 Deo
1482 3152 1535 3195 et
1582 3141 1746 3196 Patre
1771 3140 2011 3209 genitum

2118 3166 2218 3223 μεν
2254 3147 2428 3202 Θεοῦ·
2485 3148 2579 3203 καὶ
2629 3145 2820 3200 τούτου
2877 3147 3089 3219 μάρτυς
3132 3146 3161 3199 ό
3218 3143 3433 3207 Παῦλος
3492 3143 3706 3211 λέγων·

428 3248 761 3299 sermonem,
794 3234 887 3304 qui
934 3234 986 3287 in
1045 3234 1227 3303 specie
1260 3244 1443 3288 nostra
1494 3232 1669 3288 factus
1706 3243 1812 3298 est,
1840 3242 1895 3289 et
1920 3233 2009 3304 qui

2126 3260 2145 3294 ι
2174 3238 2507 3311 Πολυμερῶς
2534 3238 2628 3291 καὶ
2658 3237 3013 3309 πολυτρόπως
3037 3237 3202 3291 πάλαι
3236 3238 3265 3290 ὁ
3293 3236 3427 3299 Θεὸς
3460 3234 3709 3305 λαλήσας

428 3330 480 3385 in
516 3339 681 3380 carne
708 3326 976 3396 apparuit.
1006 3325 1297 3395 Pr0pterea
1350 3341 1451 3394 pax
1486 3327 1653 3381 multa
1682 3334 1766 3381 est
1813 3325 2007 3380 Eccle-

428 3419 521 3472 sia:
559 3417 706 3484 ﬁliis,
762 3428 939 3474 matre
1001 3430 1186 3473 nostra
1246 3419 1510 3474 aedificata
1547 3419 1599 3473 in
1626 3418 1863 3490 justitia.
1903 3418 2005 3486 Qui

429 3509 572 3565 enim
606 3525 732 3565 vere
772 3526 800 3564 a
836 3510 948 3565 Deo
997 3511 1142 3564 docti
1186 3518 1335 3575 stmt,
1368 3526 1462 3564 eos
1490 3525 1647 3563 nemo
1679 3510 1873 3563 hedere
1909 3524 2009 3578 po-

432 3607 532 3651 test
562 3612 749 3652 eorum
785 3599 874 3667 qui
915 3597 1180 3652 inanitate
1245 3594 1531 3653 verbin'um
1565 3600 1640 3652 nti
1664 3599 1841 3653 solent
1872 3615 1886 3652 :
1914 3597 2006 3652 sed

429 3702 612 3755 pacem
636 3688 839 3742 habent
865 3689 1004 3757 apud
1029 3689 1219 3755 Deum,
1250 3704 1434 3743 amore
1451 3704 1573 3743 cum
1603 3690 1720 3759 ipso
1745 3689 2004 3759 colligati,

429 3785 483 3833 et
530 3780 797 3849 justitiam
853 3778 1112 3835 colentes.
1164 3778 1279 3835 Hoc
1331 3780 1565 3835 aedificat
1607 3780 1925 3848 Ecclesiam,
1953 3792 2008 3839 et

429 3883 546 3925 eam
594 3880 798 3924 sartam
858 3878 1053 3925 tectam
1090 3881 1393 3926 .eunservat
1462 3872 1629 3944 769
1683 3888 1749 3928 ne
1803 3883 2003 3938 nutet,

426 3959 646 4015 Christo
685 3970 1001 4033 protegente
1045 3973 1100 4018 et
1154 3965 1505 4030 concedente,
1559 3973 1618 4019 ut
1686 3966 2005 4020 inconcussa

426 4053 501 4109 sit
529 4061 582 4105 et
610 4053 853 4107 immota.
901 4055 1200 4108 Adversum
1228 4055 1372 4108 enim
1416 4056 1577 4120 hanc,
1614 4055 1809 4125 inquit,
1836 4066 2005 4127 portae

427 4142 723 4199 inferorum
749 4161 852 4198 non
882 4145 1251 4214 prtevalebunt
1274 4147 1361 4200 ²¹”.
1403 4146 1476 4202 De
1517 4163 1576 4201 ea
1607 4163 1841 4215 namque
1872 4147 2009 4202 scri-

424 4244 573 4305 ptum
598 4247 679 4292 est
708 4238 870 4291 etiam
905 4239 955 4292 in
977 4238 1115 4293 libro
1141 4238 1481 4294 Psalmornm
1513 4257 1526 4293 :
1570 4259 1588 4291 ι
1624 4238 1689 4293 Et
1718 4241 2008 4295 tediticabit

424 4325 869 4383 velutunicornis
892 4331 1260 4383 sanctuarium
1289 4347 1444 4384 suum
1491 4332 1543 4385 in
1569 4340 1731 4400 terra,
1762 4334 2007 4387 fundavit

424 4416 551 4472 ilhtd
589 4419 640 4472 in
674 4421 1033 4475 aeternitatem
1049 4423 1116 4477 ”.
1170 4442 1188 4474 ι
1227 4421 1606 4478 Sanctuarium
1637 4424 1775 4494 ejus,
1808 4425 2000 4481 Eccle—

422 4508 559 4565 siam
622 4526 744 4567 esse
790 4514 1042 4578 dicimus,
1070 4530 1191 4585 qua-
1246 4514 1496 4570 hostibus
1529 4517 1789 4572 horribile
1837 4532 2003 4571 cornu

2117 3335 2228 3398 τοῖς
2260 3332 2528 3402 πατράσιν
2573 3332 2770 3394 ἐντοῖς
2821 3331 3148 3402 προφήταις,
3195 3331 3283 3382 ἐπ’
3315 3328 3551 3399 ἐσχάτου
3596 3328 3707 3382 τῶν

2119 3424 2342 3495 ἡμερῶν
2371 3424 2574 3476 τούτων
2602 3421 2864 3492 ἐλάλησεν
2893 3424 3027 3492 ἡμῖν
3054 3424 3111 3473 ὲν
3142 3419 3277 3491 Υίῷ.
3322 3439 3339 3472 ι
3368 3420 3707 3491 Καθηγητὴν

2119 3516 2229 3585 γὰρ
2264 3515 2547 3585 ἐλάχομεν,
2593 3514 2654 3566 οὑ
2703 3513 2987 3585 προφήτην
3019 3510 3143 3565 τινὰ
3184 3511 3561 3583 μεσιτεύοντα,
3611 3511 3704 3565 κο.λ

2115 3609 2228 3670 τοῖς
2259 3607 2410 3677 παρὰ
2439 3605 2573 3660 Θεοῦ
2613 3605 2790 3675 λόγοις
2817 3603 3188 3671 διακονοῦντα,
3212 3604 3356 3658 καθὰ
3379 3604 3472 3657 καὶ
3501 3602 3672 3657 πάλαι
3690 3620 3703 3633 ·

2119 3700 2279 3752 αὐτὸν
2306 3698 2361 3752 δὲ
2395 3698 2595 3770 μᾶλλον
2627 3698 2717 3751 τὸν
2746 3698 2811 3750 ὲκ
2835 3696 2968 3750 Θεοῦ
3007 3699 3101 3751 καὶ⁵
3125 3696 3342 3768 Πατρὺς
3372 3693 3705 3765 γεννηθέντα

2115 3793 2306 3861 Λόγον,
2332 3793 2389 3844 ἐν
2417 3790 2545 3843 εἴδει
2575 3789 2652 3861 τῷ
2685 3789 2804 3843 καθ’
2828 3790 2979 3859 ἡμᾶς
3007 3789 3294 3859 γεγονότα,
3327 3789 3420 3841 καὶ
3454 3789 3512 3840 ὲν
3543 3788 3704 3857 σαρκὶ

2117 3883 2418 3952 πεφηνότα.
2475 3880 2574 3934 Διὰ
2609 3880 2768 3933 τοῦτο
2815 3880 2909 3935 καὶ
2947 3882 3004 3933 ὲν
3052 3879 3244 3951 εἰρήνῃ
3292 3878 3460 3949 πολλῇ
3501 3878 3568 3931 τὰ
3609 3877 3708 3945 τῆς

2128 3975 2460 4046 Ἐκκλησίας
2486 3974 2592 4026 εἰσὶ
2615 3973 2801 4039 τέκνα,
2836 3975 2936 4041 τῆς
2968 3972 3173 4042 μητρὸς
3200 3970 3357 4041 ἡμῶν
3386 3968 3707 4038 οἰκοδομου-

2120 4066 2290 4136 μένης
2323 4066 2381 4117 ὲν
2412 4062 2747 4134 δικαιοσύνῃ.
2773 4062 2913 4125 Τοὺς
2949 4062 3059 4132 γὰρ
3089 4060 3225 4123 ὅλως
3252 4058 3389 4112 Θεοῦ
3415 4057 3707 4121 διδακτοῦς

2116 4156 2429 4227 γεγονότας,
2465 4153 2909 4225 καταλωὸήσαιτο
2936 4154 2981 4207 δ’
3010 4154 3077 4207 ἂν
3107 4152 3280 4216 οὐδεὶς
3309 4149 3420 4203 τῶν
3462 4166 3710 4218 κενοφω-

2117 4251 2228 4303 νεῖν
2269 4247 2558 4309 εἰωθότων,
2604 4244 2944 4316 εἰρηνεύουσι
2975 4245 3031 4298 δὲ
3064 4244 3198 4315 πρὸς
3239 4243 3372 4296 Θεὸν
3406 4241 3598 4313 ἀγάπῃ
3639 4245 3706 4312 τῇ

2119 4341 2256 4411 πρὸς
2302 4339 2464 4393 αὐτὸν
2517 4337 2872 4407 συνδούμενα,
2922 4338 3017 4391 καὶ
3056 4341 3184 4399 τοὺς
3227 4337 3323 4406 τῆς
3355 4333 3710 4404 δικαιοσύνης

2113 4430 2357 4501 τιμῶντα
2380 4430 2613 4500 τρόπους
2632 4443 2649 4460 ⁸
2675 4428 2949 4498 οἰκοδομεῖ
2968 4427 3023 4480 δὲ
3040 4427 3198 4480 τοῦτο
3220 4427 3316 4497 τὴν
3339 4424 3698 4495 Ἐκκλησίαν,

2117 4524 2209 4576 καὶ
2252 4524 2310 4575 τὸ
2339 4521 2690 4592 ἀκραδάντως
2723 4519 2867 4591 ἔχειν
2893 4520 3031 4589 αὐτῇ
3067 4513 3543 4589 πραγματεύεται,
3573 4514 3707 4582 Χρι-

421 4601 603 4674 erigit,
661 4607 1116 4674 quemadmodum
1165 4607 1418 4663 videlicet
1462 4610 1737 4665 unicornis
1791 4610 2006 4665 cmteris

2117 4615 2243 4666 στοῦ
2282 4610 2727 4679 συνασπίζοντος,
2769 4612 2862 4665 καὶ
2899 4610 2959 4663 τὸ
2991 4609 3304 4679 άκλονήτως
3341 4606 3486 4677 ἔχειν
3515 4605 3708 4675 νέμον-

423 4692 587 4746 etiam
613 4695 997 4752 animantibus.
1034 4697 1278 4752 Fundata
1316 4709 1396 4754 est
1444 4701 1585 4755 enim
1626 4702 1677 4755 in
1728 4704 2002 4756 aeternita-

2114 4722 2202 4769 τος
2232 4706 2403 4775 αὑτῇο
2437 4705 2610 4758 Πύλαι
2643 4704 2752 4776 γὰρ
2787 4703 2935 4775 ᾅδου,
2971 4702 3157 4772 φησὶν,
3187 4702 3246 4753 ού
3278 4696 3708 4767 κατισχύσουσιν

426 4792 533 4838 tem
567 4800 593 4836 a
625 4786 864 4843 Christo.

2125 4794 2311 4863 αὑτῆς.
2349 4794 2662 4866 Γέγραπται
2708 4794 2815 4864 γὰρ
2853 4793 2951 4846 καὶ⁴
2992 4793 3048 4844 ὲν
3082 4790 3247 4860 βίϐλῳ
3278 4787 3527 4857 Ψαλμῶν
3578 4787 3707 4856 περῖ

423 4877 626 4949 αὐτῆς·
655 4896 674 4928 ι
706 4879 817 4932 Καὶ
888 4878 1237 4951 ᾠκοδόμησεν
1271 4881 1347 4945 ὡς
1388 4885 1761 4953 μονοκέρωτος
1830 4882 1890 4934 τὸ
1959 4882 2209 4954 ἅγέασμα
2252 4883 2438 4950 αὐτοῦ,
2486 4885 2565 4947 είς
2605 4884 2704 4955 τὴν
2749 4884 2854 4953 γῆν
2906 4879 3266 4952 ἐθεμελίωσεν
3297 4876 3466 4947 αὐτὴν
3499 4876 3580 4939 είς
3614 4875 3709 4928 τὸν

425 4972 617 5028 αἰῶνα.
654 4992 673 5026 ι
718 4974 994 5045 ’Δγίασμα
1043 4975 1100 5029 δὲ
1144 4976 1308 5029 αὑτοῦ
1356 4976 1453 5048 τὴν
1501 4977 1834 5043 Ἐκκλησίαν
1902 4973 2043 5029 εἶναι
2108 4995 2308 5049 φαμεν,
2344 4978 2379 5049 ἢ
2428 4979 2523 5031 καὶ⁵
2548 4978 2856 5047 ἀπόϐλητον
2887 4976 3091 5046 ἐγείρει
3128 4975 3239 5033 τοῖς
3276 4970 3493 5041 ἐχθροῖς
3524 4967 3586 5021 τὸ
3612 4967 3707 5021 κέ-

431 5080 556 5136 ρας,
603 5065 698 5117 καὶ
744 5066 995 5139 καθάπερ
1053 5069 1244 5140 ἀμέλει
1293 5070 1385 5122 καὶ
1431 5070 1458 5124 ό
1512 5070 1823 5140 μονόκερως
1871 5073 1984 5133 τοῖς
2025 5069 2234 5141 ἑτέροις
2295 5069 2405 5122 τῶν
2468 5069 2644 5133 ζώων.
2683 5068 3085 5141 Τεθεμελξωται
3125 5066 3233 5135 γὰρ
3274 5064 3353 5125 εἰς
3393 5060 3487 5115 τὸν
3523 5059 3703 5114 αἰῶνα

439 5154 593 5226 παρὰ
619 5157 879 5228 Χριστοῦ.

498 5246 663 5303 Χέιις.
717 5252 805 5306 ﬁ.
860 5253 1062 5309 Recede
1108 5257 1174 5309 ab
1207 5256 1409 5323 iniquo,
1444 5264 1493 5308 et
1542 5273 1640 5309 non
1677 5257 1912 5318 timebis,
1961 5264 2011 5309 et

431 5349 622 5394 tremor
651 5359 753 5398 non
781 5346 1223 5417 appropinquabit
1255 5346 1369 5397 tibi.
1406 5344 1543 5399 Ecce
1572 5347 1828 5415 proselyti
1857 5363 2007 5400 acre-

428 5427 548 5483 dem
580 5433 648 5486 ad
676 5444 725 5488 te
752 5451 844 5504 per
866 5452 967 5499 me,
998 5445 1044 5489 et
1082 5437 1150 5487 ad
1179 5446 1226 5487 te
1258 5435 1577 5504 confugient.

2114 5256 2117 5259 λ
2203 5245 2449 5315 Ἀπέχου
2492 5246 2611 5301 ἀπὸ
2654 5246 2889 5309 ἀδίκου,
2933 5244 3032 5298 καί
3080 5245 3150 5296 οὐ
3211 5240 3557 5311 φοϐηθιῆσῃ,
3605 5241 3707 5295 καὶ

2118 5337 2334 5406 τρόμος
2378 5339 2488 5391 οὐκ
2544 5337 2731 5408 ἐγγιεῖ
2768 5352 2887 5390 σοι.
2952 5334 3110 5390 Ἰδοὺ
3169 5331 3549 5402 προσήλυτοι
3623 5332 3705 5385 σι·

2120 5430 2490 5484 ενῖεύσονταί
2526 5430 2602 5500 (2)
2637 5446 2733 5483 σοι
2759 5428 2835 5482 δι’
2865 5426 3032 5493 ἐμοῦ,
3062 5424 3159 5479 καὶ
3180 5424 3279 5478 ἐπὶ
3311 5423 3387 5477 σὲ
3406 5425 3707 5493 intrasset}-

2124 5521 2348 5586 ξονται.

501 5688 546 5720 ⁸⁸
576 5691 679 5745 lsa.
712 5708 832 5760 xm,
873 5695 960 5760 Η,
999 5695 1085 5750 12.
1187 5695 1231 5726 ’θ
1273 5694 1440 5751 lCur.
1487 5714 1567 5763 ιιι,
1605 5697 1789 5751 ll-l5.
1869 5698 1909 5728 "
1951 5697 2012 5753 Νι

2152 5719 2204 5765 t,
2248 5701 2379 5767 1,2.
2457 5704 2523 5735 "‘
2554 5700 2740 5756 Matth.
2779 5719 2889 5769 xvi,
2932 5703 3015 5757 l8.
3095 5704 3140 5733 ²¹
3174 5699 3314 5755 Psal.
3348 5713 3553 5761 ιδῃ-ιι,
3610 5694 3701 5752 69.

511 5843 585 5910 (ί)
621 5847 867 5921 samtltir.
907 5854 1069 5911 Hebr.
1108 5856 1290 5926 (if/tit“.
1468 5857 1628 5921 LXX,
1662 5851 2131 5928 προσελεύσονται.

2061 6132 2101 6162 ό
