  <div class='ocr_page' id='page_1' title='image "/cluster/home/n/w/nwhite01/storage/ocr_20150623/70:no.3/coo.31924054869726/614.png"; bbox 0 0 4100 6504; ppageno 0'>
   <div class='ocr_carea' id='block_1_1' title="bbox 388 473 529 530">
    <p class='ocr_par' dir='ltr' id='par_1_1' title="bbox 388 473 529 530">
     <span class='ocr_line' id='line_1_1' title="bbox 388 473 529 530; baseline 0.007 -1"><span class='ocrx_word' id='word_1_1' title='bbox 388 473 529 530; x_wconf 76' lang='grc'><strong>1213</strong></span> 
     </span>
    </p>
   </div>
   <div class='ocr_carea' id='block_1_2' title="bbox 1530 464 2522 524">
    <p class='ocr_par' dir='ltr' id='par_1_2' title="bbox 1530 464 2522 524">
     <span class='ocr_line' id='line_1_2' title="bbox 1530 464 2522 524; baseline -0.004 0"><span class='ocrx_word' id='word_1_2' title='bbox 1530 465 1599 524; x_wconf 84' lang='lat' dir='ltr'><strong>IN</strong></span> <span class='ocrx_word' id='word_1_3' title='bbox 1638 464 1871 523; x_wconf 77' lang='lat' dir='ltr'><strong>lSAIAM</strong></span> <span class='ocrx_word' id='word_1_4' title='bbox 1912 464 2045 522; x_wconf 86' lang='lat' dir='ltr'><strong>LIB.</strong></span> <span class='ocrx_word' id='word_1_5' title='bbox 2090 464 2152 523; x_wconf 75' lang='grc' dir='ltr'><strong>ν.</strong></span> <span class='ocrx_word' id='word_1_6' title='bbox 2183 464 2422 521; x_wconf 81' lang='lat' dir='ltr'><strong>TOMUS</strong></span> <span class='ocrx_word' id='word_1_7' title='bbox 2459 465 2522 520; x_wconf 92' lang='grc'><strong>11.</strong></span> 
     </span>
    </p>
   </div>
   <div class='ocr_carea' id='block_1_3' title="bbox 3537 455 3678 516">
    <p class='ocr_par' dir='ltr' id='par_1_3' title="bbox 3537 455 3678 516">
     <span class='ocr_line' id='line_1_3' title="bbox 3537 455 3678 516; baseline 0.05 -7"><span class='ocrx_word' id='word_1_8' title='bbox 3537 455 3678 516; x_wconf 72' lang='grc'><strong>1211</strong></span> 
     </span>
    </p>
   </div>
   <div class='ocr_carea' id='block_1_4' title="bbox 454 577 1979 657">
    <p class='ocr_par' dir='ltr' id='par_1_4' title="bbox 454 578 1979 657">
     <span class='ocr_line' id='line_1_4' title="bbox 454 578 1979 657; baseline -0.007 -15"><span class='ocrx_word' id='word_1_9' title='bbox 454 585 662 654; x_wconf 77' lang='grc' dir='ltr'>Εἰπὼν,</span> <span class='ocrx_word' id='word_1_10' title='bbox 680 584 763 640; x_wconf 82' lang='grc' dir='ltr'><strong>δτι</strong></span> <span class='ocrx_word' id='word_1_11' title='bbox 794 584 979 657; x_wconf 83' lang='grc' dir='ltr'>τίθησι</span> <span class='ocrx_word' id='word_1_12' title='bbox 1007 583 1105 655; x_wconf 71' lang='grc' dir='ltr'>μὲν</span> <span class='ocrx_word' id='word_1_13' title='bbox 1159 579 1253 635; x_wconf 74' lang='grc' dir='ltr'><strong>τὸν</strong></span> <span class='ocrx_word' id='word_1_14' title='bbox 1289 597 1353 635; x_wconf 86' lang='grc' dir='ltr'><strong>πε</strong></span> <span class='ocrx_word' id='word_1_15' title='bbox 1362 580 1574 653; x_wconf 80' lang='grc' dir='ltr'>ρίϐολον</span> <span class='ocrx_word' id='word_1_16' title='bbox 1603 581 1773 650; x_wconf 80' lang='grc' dir='ltr'>αὐτῆς</span> <span class='ocrx_word' id='word_1_17' title='bbox 1800 578 1979 642; x_wconf 81' lang='grc' dir='ltr'>λίθους</span> 
     </span>
    </p>
   </div>
   <div class='ocr_carea' id='block_1_5' title="bbox 2082 577 3675 657">
    <p class='ocr_par' dir='ltr' id='par_1_5' title="bbox 2164 577 3675 648">
     <span class='ocr_line' id='line_1_5' title="bbox 2164 577 3675 648; baseline 0.001 -14"><span class='ocrx_word' id='word_1_18' title='bbox 2164 578 2298 634; x_wconf 89' lang='lat' dir='ltr'><strong>Cum</strong></span> <span class='ocrx_word' id='word_1_19' title='bbox 2329 579 2551 643; x_wconf 76' lang='lat' dir='ltr'><strong>dixerit,</strong></span> <span class='ocrx_word' id='word_1_20' title='bbox 2584 593 2786 648; x_wconf 89' lang='lat' dir='ltr'><strong>ponere</strong></span> <span class='ocrx_word' id='word_1_21' title='bbox 2819 594 2879 635; x_wconf 82' lang='lat' dir='ltr'><strong>se</strong></span> <span class='ocrx_word' id='word_1_22' title='bbox 2912 579 3273 633; x_wconf 72' lang='lat' dir='ltr'><strong>munitionem</strong></span> <span class='ocrx_word' id='word_1_23' title='bbox 3305 578 3423 646; x_wconf 81' lang='lat' dir='ltr'><strong>ejus</strong></span> <span class='ocrx_word' id='word_1_24' title='bbox 3469 577 3675 647; x_wconf 74' lang='lat' dir='ltr'><strong>lapides</strong></span> 
     </span>
    </p>
   </div>
   <div class='ocr_carea' id='block_1_6' title="bbox 377 672 1984 745">
    <p class='ocr_par' dir='ltr' id='par_1_6' title="bbox 377 672 1984 745">
     <span class='ocr_line' id='line_1_6' title="bbox 377 672 1984 745; baseline -0.006 -11"><span class='ocrx_word' id='word_1_25' title='bbox 377 677 705 745; x_wconf 73' lang='grc' dir='ltr'>ἐκλεκτοὺς,</span> <span class='ocrx_word' id='word_1_26' title='bbox 761 680 970 740; x_wconf 81' lang='grc' dir='ltr'><strong>πάντας</strong></span> <span class='ocrx_word' id='word_1_27' title='bbox 1011 675 1071 729; x_wconf 75' lang='grc' dir='ltr'>δὲ</span> <span class='ocrx_word' id='word_1_28' title='bbox 1112 674 1239 738; x_wconf 81' lang='grc' dir='ltr'>τοὺς</span> <span class='ocrx_word' id='word_1_29' title='bbox 1276 674 1431 738; x_wconf 80' lang='grc' dir='ltr'>υἱοὺς</span> <span class='ocrx_word' id='word_1_30' title='bbox 1481 673 1653 744; x_wconf 81' lang='grc' dir='ltr'>αὐτῆς</span> <span class='ocrx_word' id='word_1_31' title='bbox 1698 672 1984 736; x_wconf 77' lang='grc' dir='ltr'>διδακτοὺς</span> 
     </span>
    </p>
   </div>
   <div class='ocr_carea' id='block_1_7' title="bbox 378 763 1984 837">
    <p class='ocr_par' dir='ltr' id='par_1_7' title="bbox 378 763 1984 837">
     <span class='ocr_line' id='line_1_7' title="bbox 378 763 1984 837; baseline -0.005 -12"><span class='ocrx_word' id='word_1_32' title='bbox 378 770 547 835; x_wconf 71' lang='grc' dir='ltr'>Θεοῦ,</span> <span class='ocrx_word' id='word_1_33' title='bbox 596 769 961 825; x_wconf 78' lang='grc' dir='ltr'><strong>διαδείκνυσιν</strong></span> <span class='ocrx_word' id='word_1_34' title='bbox 1004 766 1164 832; x_wconf 79' lang='grc' dir='ltr'>εὐθὺς</span> <span class='ocrx_word' id='word_1_35' title='bbox 1209 769 1289 831; x_wconf 79' lang='grc' dir='ltr'>εἰς</span> <span class='ocrx_word' id='word_1_36' title='bbox 1352 766 1526 837; x_wconf 85' lang='grc' dir='ltr'>πέρας</span> <span class='ocrx_word' id='word_1_37' title='bbox 1572 765 1875 837; x_wconf 69' lang='grc' dir='ltr'>ἐκϐεϐηκὸς</span> <span class='ocrx_word' id='word_1_38' title='bbox 1922 763 1984 817; x_wconf 82' lang='grc' dir='ltr'>τὸ</span> 
     </span>
    </p>
   </div>
   <div class='ocr_carea' id='block_1_8' title="bbox 383 855 1984 935">
    <p class='ocr_par' dir='ltr' id='par_1_8' title="bbox 383 855 1984 935">
     <span class='ocr_line' id='line_1_8' title="bbox 383 855 1984 935; baseline -0.003 -18"><span class='ocrx_word' id='word_1_39' title='bbox 383 860 830 935; x_wconf 67' lang='grc' dir='ltr'><strong>ἐπηγγελμένον.</strong></span> <span class='ocrx_word' id='word_1_40' title='bbox 877 858 1249 927; x_wconf 83' lang='grc' dir='ltr'>Μυσταγωγεῖ</span> <span class='ocrx_word' id='word_1_41' title='bbox 1275 856 1384 929; x_wconf 83' lang='grc' dir='ltr'>γὰρ</span> <span class='ocrx_word' id='word_1_42' title='bbox 1414 855 1627 927; x_wconf 83' lang='grc' dir='ltr'>ῶσπερ,</span> <span class='ocrx_word' id='word_1_43' title='bbox 1660 856 1723 911; x_wconf 82' lang='grc' dir='ltr'>οὐ</span> <span class='ocrx_word' id='word_1_44' title='bbox 1766 856 1854 911; x_wconf 85' lang='grc' dir='ltr'><strong>διὰ</strong></span> <span class='ocrx_word' id='word_1_45' title='bbox 1886 876 1984 929; x_wconf 83' lang='grc' dir='ltr'>με·</span> 
     </span>
    </p>
   </div>
   <div class='ocr_carea' id='block_1_9' title="bbox 383 949 1983 1023">
    <p class='ocr_par' dir='ltr' id='par_1_9' title="bbox 383 949 1983 1023">
     <span class='ocr_line' id='line_1_9' title="bbox 383 949 1983 1023; baseline -0.004 -12"><span class='ocrx_word' id='word_1_46' title='bbox 383 957 540 1013; x_wconf 80' lang='grc' dir='ltr'>σίτου</span> <span class='ocrx_word' id='word_1_47' title='bbox 586 955 755 1019; x_wconf 84' lang='grc' dir='ltr'>τινὸς,</span> <span class='ocrx_word' id='word_1_48' title='bbox 810 952 955 1008; x_wconf 74' lang='grc' dir='ltr'>καθὰ</span> <span class='ocrx_word' id='word_1_49' title='bbox 1001 951 1099 1006; x_wconf 80' lang='grc' dir='ltr'>καὶ</span> <span class='ocrx_word' id='word_1_50' title='bbox 1144 951 1313 1006; x_wconf 83' lang='grc' dir='ltr'>πάλαι</span> <span class='ocrx_word' id='word_1_51' title='bbox 1356 949 1447 1005; x_wconf 81' lang='grc' dir='ltr'>διὰ.</span> <span class='ocrx_word' id='word_1_52' title='bbox 1490 950 1757 1018; x_wconf 81' lang='grc' dir='ltr'><strong>Μωσέως,</strong></span> <span class='ocrx_word' id='word_1_53' title='bbox 1813 950 1983 1023; x_wconf 79' lang='grc' dir='ltr'>ῆγουν</span> 
     </span>
    </p>
   </div>
   <div class='ocr_carea' id='block_1_10' title="bbox 378 1041 1971 1120">
    <p class='ocr_par' dir='ltr' id='par_1_10' title="bbox 378 1041 1971 1120">
     <span class='ocr_line' id='line_1_10' title="bbox 378 1041 1971 1120; baseline -0.008 -12"><span class='ocrx_word' id='word_1_54' title='bbox 378 1049 588 1120; x_wconf 69' lang='grc' dir='ltr'>ἑτέρων</span> <span class='ocrx_word' id='word_1_55' title='bbox 630 1046 743 1101; x_wconf 86' lang='grc' dir='ltr'><strong>τῶν</strong></span> <span class='ocrx_word' id='word_1_56' title='bbox 778 1045 951 1115; x_wconf 81' lang='grc' dir='ltr'><strong>ἁγίων</strong></span> <span class='ocrx_word' id='word_1_57' title='bbox 978 1041 1299 1115; x_wconf 81' lang='grc' dir='ltr'><strong>προφητῶν,</strong></span> <span class='ocrx_word' id='word_1_58' title='bbox 1326 1042 1392 1096; x_wconf 87' lang='grc' dir='ltr'><strong>δι’</strong></span> <span class='ocrx_word' id='word_1_59' title='bbox 1428 1041 1625 1096; x_wconf 80' lang='grc' dir='ltr'>ἑαυτοῦ</span> <span class='ocrx_word' id='word_1_60' title='bbox 1655 1042 1711 1103; x_wconf 77' lang='grc' dir='ltr'>δὲ</span> <span class='ocrx_word' id='word_1_61' title='bbox 1745 1043 1971 1114; x_wconf 82' lang='grc' dir='ltr'>μᾶλλον,</span> 
     </span>
    </p>
   </div>
   <div class='ocr_carea' id='block_1_11' title="bbox 376 1131 1984 1212">
    <p class='ocr_par' dir='ltr' id='par_1_11' title="bbox 376 1131 1984 1212">
     <span class='ocr_line' id='line_1_11' title="bbox 376 1131 1984 1212; baseline -0.003 -19"><span class='ocrx_word' id='word_1_62' title='bbox 376 1141 504 1212; x_wconf 68' lang='grc' dir='ltr'>ἦτοι</span> <span class='ocrx_word' id='word_1_63' title='bbox 531 1139 717 1211; x_wconf 84' lang='grc' dir='ltr'>φωνῆς</span> <span class='ocrx_word' id='word_1_64' title='bbox 746 1131 1020 1201; x_wconf 56' lang='grc' dir='ltr'>ίδίαςῘΗν</span> <span class='ocrx_word' id='word_1_65' title='bbox 1041 1134 1150 1205; x_wconf 86' lang='grc' dir='ltr'><strong>γὰρ</strong></span> <span class='ocrx_word' id='word_1_66' title='bbox 1190 1133 1351 1189; x_wconf 80' lang='grc' dir='ltr'>τοῦτο</span> <span class='ocrx_word' id='word_1_67' title='bbox 1369 1133 1757 1199; x_wconf 74' lang='grc' dir='ltr'>τδ,‹Ἔσονται</span> <span class='ocrx_word' id='word_1_68' title='bbox 1782 1136 1984 1200; x_wconf 87' lang='grc' dir='ltr'>πάντες</span> 
     </span>
    </p>
   </div>
   <div class='ocr_carea' id='block_1_12' title="bbox 376 1226 1979 1299">
    <p class='ocr_par' dir='ltr' id='par_1_12' title="bbox 376 1226 1979 1299">
     <span class='ocr_line' id='line_1_12' title="bbox 376 1226 1979 1299; baseline -0.004 -13"><span class='ocrx_word' id='word_1_69' title='bbox 376 1231 626 1288; x_wconf 70' lang='grc' dir='ltr'>διδακτοὶ</span> <span class='ocrx_word' id='word_1_70' title='bbox 649 1229 810 1284; x_wconf 80' lang='grc' dir='ltr'>Θεοῦ.</span> <span class='ocrx_word' id='word_1_71' title='bbox 841 1248 861 1281; x_wconf 73' lang='grc' dir='ltr'><strong><em>ι</em></strong></span> <span class='ocrx_word' id='word_1_72' title='bbox 878 1228 1135 1299; x_wconf 75' lang='grc' dir='ltr'><strong>Γέγραφε</strong></span> <span class='ocrx_word' id='word_1_73' title='bbox 1157 1226 1213 1280; x_wconf 87' lang='grc' dir='ltr'>δὲ</span> <span class='ocrx_word' id='word_1_74' title='bbox 1236 1226 1331 1281; x_wconf 75' lang='grc' dir='ltr'>καὶ</span> <span class='ocrx_word' id='word_1_75' title='bbox 1354 1228 1385 1281; x_wconf 85' lang='grc' dir='ltr'><strong>ὁ</strong></span> <span class='ocrx_word' id='word_1_76' title='bbox 1410 1226 1720 1296; x_wconf 83' lang='grc' dir='ltr'>σοφώτατος</span> <span class='ocrx_word' id='word_1_77' title='bbox 1745 1226 1979 1293; x_wconf 84' lang='grc' dir='ltr'><strong>Παῦλος,</strong></span> 
     </span>
    </p>
   </div>
   <div class='ocr_carea' id='block_1_13' title="bbox 373 1316 1982 1394">
    <p class='ocr_par' dir='ltr' id='par_1_13' title="bbox 373 1316 1982 1394">
     <span class='ocr_line' id='line_1_13' title="bbox 373 1316 1982 1394; baseline -0.004 -17"><span class='ocrx_word' id='word_1_78' title='bbox 373 1325 465 1377; x_wconf 79' lang='grc' dir='ltr'><strong>δτι</strong></span> <span class='ocrx_word' id='word_1_79' title='bbox 494 1320 861 1394; x_wconf 78' lang='grc' dir='ltr'>«Πολυμερῶς</span> <span class='ocrx_word' id='word_1_80' title='bbox 917 1319 1011 1374; x_wconf 79' lang='grc' dir='ltr'>καὶ</span> <span class='ocrx_word' id='word_1_81' title='bbox 1044 1318 1405 1390; x_wconf 82' lang='grc' dir='ltr'><strong>πολυτρόπως</strong></span> <span class='ocrx_word' id='word_1_82' title='bbox 1462 1318 1635 1374; x_wconf 82' lang='grc' dir='ltr'>πάλαι</span> <span class='ocrx_word' id='word_1_83' title='bbox 1668 1319 1697 1371; x_wconf 83' lang='grc' dir='ltr'>ὁ</span> <span class='ocrx_word' id='word_1_84' title='bbox 1719 1316 1853 1382; x_wconf 85' lang='grc' dir='ltr'>Θεὸς</span> <span class='ocrx_word' id='word_1_85' title='bbox 1885 1318 1982 1371; x_wconf 85' lang='grc' dir='ltr'>λα-</span> 
     </span>
    </p>
   </div>
   <div class='ocr_carea' id='block_1_14' title="bbox 374 1410 1980 1488">
    <p class='ocr_par' dir='ltr' id='par_1_14' title="bbox 374 1410 1980 1488">
     <span class='ocr_line' id='line_1_14' title="bbox 374 1410 1980 1488; baseline -0.004 -19"><span class='ocrx_word' id='word_1_86' title='bbox 374 1415 553 1488; x_wconf 83' lang='grc' dir='ltr'>λήσας</span> <span class='ocrx_word' id='word_1_87' title='bbox 565 1416 680 1479; x_wconf 84' lang='grc' dir='ltr'>τοῖς</span> <span class='ocrx_word' id='word_1_88' title='bbox 708 1414 988 1483; x_wconf 74' lang='grc' dir='ltr'><strong>πατράσιν</strong></span> <span class='ocrx_word' id='word_1_89' title='bbox 1020 1413 1080 1465; x_wconf 81' lang='grc' dir='ltr'>ὲν</span> <span class='ocrx_word' id='word_1_90' title='bbox 1113 1412 1228 1474; x_wconf 84' lang='grc' dir='ltr'>τοῖς</span> <span class='ocrx_word' id='word_1_91' title='bbox 1255 1411 1595 1482; x_wconf 76' lang='grc' dir='ltr'><strong>προφήταις,</strong></span> <span class='ocrx_word' id='word_1_92' title='bbox 1624 1410 1713 1465; x_wconf 74' lang='grc' dir='ltr'><strong>ἐπ’</strong></span> <span class='ocrx_word' id='word_1_93' title='bbox 1746 1410 1980 1481; x_wconf 69' lang='grc' dir='ltr'>ἐσχάτου</span> 
     </span>
    </p>
   </div>
   <div class='ocr_carea' id='block_1_15' title="bbox 375 1501 1973 1578">
    <p class='ocr_par' dir='ltr' id='par_1_15' title="bbox 375 1501 1973 1578">
     <span class='ocr_line' id='line_1_15' title="bbox 375 1501 1973 1578; baseline -0.004 -17"><span class='ocrx_word' id='word_1_94' title='bbox 375 1505 492 1561; x_wconf 78' lang='grc' dir='ltr'><strong>τῶν</strong></span> <span class='ocrx_word' id='word_1_95' title='bbox 515 1505 749 1578; x_wconf 79' lang='grc' dir='ltr'>ἡμερῶν</span> <span class='ocrx_word' id='word_1_96' title='bbox 779 1504 988 1560; x_wconf 84' lang='grc' dir='ltr'>τούτων</span> <span class='ocrx_word' id='word_1_97' title='bbox 1020 1503 1286 1573; x_wconf 66' lang='grc' dir='ltr'>ὶλάλησεν</span> <span class='ocrx_word' id='word_1_98' title='bbox 1313 1504 1446 1573; x_wconf 84' lang='grc' dir='ltr'>ἡμῖν</span> <span class='ocrx_word' id='word_1_99' title='bbox 1480 1504 1539 1556; x_wconf 86' lang='grc' dir='ltr'>ὲν</span> <span class='ocrx_word' id='word_1_100' title='bbox 1564 1502 1702 1573; x_wconf 82' lang='grc' dir='ltr'><strong>Υἱῷ,</strong></span> <span class='ocrx_word' id='word_1_101' title='bbox 1720 1501 1779 1555; x_wconf 72' lang='grc' dir='ltr'>ὃν</span> <span class='ocrx_word' id='word_1_102' title='bbox 1805 1501 1973 1573; x_wconf 73' lang='grc' dir='ltr'>ἔθηκε</span> 
     </span>
    </p>
   </div>
   <div class='ocr_carea' id='block_1_16' title="bbox 374 1589 1981 1669">
    <p class='ocr_par' dir='ltr' id='par_1_16' title="bbox 374 1589 1981 1669">
     <span class='ocr_line' id='line_1_16' title="bbox 374 1589 1981 1669; baseline -0.003 -18"><span class='ocrx_word' id='word_1_103' title='bbox 374 1597 723 1669; x_wconf 82' lang='grc' dir='ltr'>κληρονόμον</span> <span class='ocrx_word' id='word_1_104' title='bbox 768 1596 1012 1661; x_wconf 76' lang='grc' dir='ltr'>πάντων,</span> <span class='ocrx_word' id='word_1_105' title='bbox 1043 1595 1113 1650; x_wconf 87' lang='grc' dir='ltr'><strong>δι’</strong></span> <span class='ocrx_word' id='word_1_106' title='bbox 1142 1589 1205 1649; x_wconf 76' lang='grc' dir='ltr'>οὗ</span> <span class='ocrx_word' id='word_1_107' title='bbox 1245 1595 1341 1648; x_wconf 76' lang='grc' dir='ltr'>καὶ</span> <span class='ocrx_word' id='word_1_108' title='bbox 1382 1594 1513 1658; x_wconf 74' lang='grc' dir='ltr'>τοὺς</span> <span class='ocrx_word' id='word_1_109' title='bbox 1542 1593 1746 1658; x_wconf 78' lang='grc' dir='ltr'>αἰῶνας</span> <span class='ocrx_word' id='word_1_110' title='bbox 1790 1594 1981 1665; x_wconf 72' lang='grc' dir='ltr'>ἐποίη-</span> 
     </span>
    </p>
   </div>
   <div class='ocr_carea' id='block_1_17' title="bbox 375 1681 1981 1753">
    <p class='ocr_par' dir='ltr' id='par_1_17' title="bbox 375 1681 1981 1753">
     <span class='ocr_line' id='line_1_17' title="bbox 375 1681 1981 1753; baseline -0.004 -12"><span class='ocrx_word' id='word_1_111' title='bbox 375 1704 496 1742; x_wconf 81' lang='grc' dir='ltr'>σεν.</span> <span class='ocrx_word' id='word_1_112' title='bbox 535 1705 555 1738; x_wconf 72' lang='grc' dir='ltr'><strong><em>ι</em></strong></span> <span class='ocrx_word' id='word_1_113' title='bbox 612 1685 826 1741; x_wconf 79' lang='grc' dir='ltr'>Οὐκοῦν</span> <span class='ocrx_word' id='word_1_114' title='bbox 883 1684 951 1738; x_wconf 85' lang='grc' dir='ltr'><strong>δι’</strong></span> <span class='ocrx_word' id='word_1_115' title='bbox 1006 1682 1202 1739; x_wconf 72' lang='grc' dir='ltr'>ἑαυτοῦ</span> <span class='ocrx_word' id='word_1_116' title='bbox 1249 1681 1360 1737; x_wconf 86' lang='grc' dir='ltr'><strong>τῶν</strong></span> <span class='ocrx_word' id='word_1_117' title='bbox 1407 1681 1621 1737; x_wconf 78' lang='grc' dir='ltr'>αἰώνων</span> <span class='ocrx_word' id='word_1_118' title='bbox 1673 1684 1702 1735; x_wconf 86' lang='grc' dir='ltr'><strong>ό</strong></span> <span class='ocrx_word' id='word_1_119' title='bbox 1749 1682 1981 1753; x_wconf 82' lang='grc' dir='ltr'>ποιητὴς</span> 
     </span>
    </p>
   </div>
   <div class='ocr_carea' id='block_1_18' title="bbox 375 1758 1982 1846">
    <p class='ocr_par' dir='ltr' id='par_1_18' title="bbox 375 1758 1982 1846">
     <span class='ocr_line' id='line_1_18' title="bbox 375 1758 1982 1846; baseline -0.004 -13"><span class='ocrx_word' id='word_1_120' title='bbox 375 1776 665 1846; x_wconf 70' lang='grc' dir='ltr'>ὲξυφαίνει</span> <span class='ocrx_word' id='word_1_121' title='bbox 712 1776 812 1841; x_wconf 82' lang='grc' dir='ltr'><strong>τὰς</strong></span> <span class='ocrx_word' id='word_1_122' title='bbox 850 1776 1244 1844; x_wconf 83' lang='grc' dir='ltr'>μυσταγωγίας</span> <span class='ocrx_word' id='word_1_123' title='bbox 1270 1777 1386 1840; x_wconf 82' lang='grc' dir='ltr'>τοῖς</span> <span class='ocrx_word' id='word_1_124' title='bbox 1412 1774 1481 1829; x_wconf 82' lang='grc' dir='ltr'>δι’</span> <span class='ocrx_word' id='word_1_125' title='bbox 1507 1774 1676 1830; x_wconf 78' lang='grc' dir='ltr'>αὑτοῦ</span> <span class='ocrx_word' id='word_1_126' title='bbox 1705 1758 1982 1846; x_wconf 71' lang='grc' dir='ltr'>κεκλημέ-</span> 
     </span>
    </p>
   </div>
   <div class='ocr_carea' id='block_1_19' title="bbox 374 1866 1979 1940">
    <p class='ocr_par' dir='ltr' id='par_1_19' title="bbox 374 1866 1979 1940">
     <span class='ocr_line' id='line_1_19' title="bbox 374 1866 1979 1940; baseline -0.002 -17"><span class='ocrx_word' id='word_1_127' title='bbox 374 1886 491 1934; x_wconf 81' lang='grc' dir='ltr'>νοις</span> <span class='ocrx_word' id='word_1_128' title='bbox 520 1870 601 1934; x_wconf 82' lang='grc' dir='ltr'><strong>είς</strong></span> <span class='ocrx_word' id='word_1_129' title='bbox 626 1870 728 1939; x_wconf 79' lang='grc' dir='ltr'>τὴν</span> <span class='ocrx_word' id='word_1_130' title='bbox 756 1868 848 1923; x_wconf 83' lang='grc' dir='ltr'>διὰ</span> <span class='ocrx_word' id='word_1_131' title='bbox 876 1870 1118 1931; x_wconf 87' lang='grc' dir='ltr'>πίστεως</span> <span class='ocrx_word' id='word_1_132' title='bbox 1161 1867 1347 1940; x_wconf 83' lang='grc' dir='ltr'>χάριν.</span> <span class='ocrx_word' id='word_1_133' title='bbox 1393 1867 1494 1923; x_wconf 80' lang='grc' dir='ltr'><strong>Διὰ</strong></span> <span class='ocrx_word' id='word_1_134' title='bbox 1532 1866 1702 1921; x_wconf 79' lang='grc' dir='ltr'>τοῦτο</span> <span class='ocrx_word' id='word_1_135' title='bbox 1731 1867 1829 1922; x_wconf 73' lang='grc' dir='ltr'>καὶ</span> <span class='ocrx_word' id='word_1_136' title='bbox 1856 1869 1891 1938; x_wconf 79' lang='grc' dir='ltr'><strong>ἡ</strong></span> <span class='ocrx_word' id='word_1_137' title='bbox 1922 1867 1979 1920; x_wconf 82' lang='grc' dir='ltr'>ὲν</span> 
     </span>
    </p>
   </div>
   <div class='ocr_carea' id='block_1_20' title="bbox 372 1923 2053 2029">
    <p class='ocr_par' dir='ltr' id='par_1_20' title="bbox 372 1923 2053 2029">
     <span class='ocr_line' id='line_1_20' title="bbox 372 1923 2053 2029; baseline 0 -20"><span class='ocrx_word' id='word_1_138' title='bbox 372 1923 724 2029; x_wconf 34' lang='lat' dir='ltr'><strong>«pisum-Si</strong></span> <span class='ocrx_word' id='word_1_139' title='bbox 753 1955 864 2010; x_wconf 91' lang='grc' dir='ltr'><strong>τῶν</strong></span> <span class='ocrx_word' id='word_1_140' title='bbox 909 1923 1195 2029; x_wconf 30' lang='grc' dir='ltr'>ᾀσμάτων.</span> <span class='ocrx_word' id='word_1_141' title='bbox 1214 1923 1544 2027; x_wconf 66' lang='grc' dir='ltr'>γραφομένη</span> <span class='ocrx_word' id='word_1_142' title='bbox 1604 1955 1797 2028; x_wconf 81' lang='grc' dir='ltr'>νύμφη</span> <span class='ocrx_word' id='word_1_143' title='bbox 1850 1923 1980 2028; x_wconf 72' lang='grc' dir='ltr'>περὶ</span> <span class='ocrx_word' id='word_1_144' title='bbox 2011 1923 2053 1978; x_wconf 77' lang='grc' dir='ltr'><strong>Β</strong></span> 
     </span>
    </p>
   </div>
   <div class='ocr_carea' id='block_1_21' title="bbox 374 2047 1980 2121">
    <p class='ocr_par' dir='ltr' id='par_1_21' title="bbox 374 2047 1980 2121">
     <span class='ocr_line' id='line_1_21' title="bbox 374 2047 1980 2121; baseline 0 -20"><span class='ocrx_word' id='word_1_145' title='bbox 374 2047 544 2102; x_wconf 79' lang='grc' dir='ltr'>αὑτοῦ</span> <span class='ocrx_word' id='word_1_146' title='bbox 596 2047 703 2102; x_wconf 81' lang='grc' dir='ltr'><strong>πού</strong></span> <span class='ocrx_word' id='word_1_147' title='bbox 749 2066 886 2120; x_wconf 75' lang='grc' dir='ltr'>φησι</span> <span class='ocrx_word' id='word_1_148' title='bbox 921 2066 936 2082; x_wconf 76' lang='grc' dir='ltr'><strong><em>ο</em></strong></span> <span class='ocrx_word' id='word_1_149' title='bbox 974 2067 993 2103; x_wconf 79' lang='grc' dir='ltr'><strong>ι</strong></span> <span class='ocrx_word' id='word_1_150' title='bbox 1024 2048 1318 2121; x_wconf 79' lang='grc' dir='ltr'>Φιλησάτω</span> <span class='ocrx_word' id='word_1_151' title='bbox 1369 2065 1438 2119; x_wconf 87' lang='grc' dir='ltr'><strong>με</strong></span> <span class='ocrx_word' id='word_1_152' title='bbox 1496 2048 1607 2103; x_wconf 79' lang='grc' dir='ltr'><strong>ἀπὸ</strong></span> <span class='ocrx_word' id='word_1_153' title='bbox 1655 2048 1980 2119; x_wconf 82' lang='grc' dir='ltr'>φιλημάτων</span> 
     </span>
    </p>
   </div>
   <div class='ocr_carea' id='block_1_22' title="bbox 377 2138 1970 2213">
    <p class='ocr_par' dir='ltr' id='par_1_22' title="bbox 377 2138 1970 2213">
     <span class='ocr_line' id='line_1_22' title="bbox 377 2138 1970 2213; baseline -0.001 -18"><span class='ocrx_word' id='word_1_154' title='bbox 377 2139 652 2211; x_wconf 84' lang='grc' dir='ltr'>στόματος</span> <span class='ocrx_word' id='word_1_155' title='bbox 715 2140 907 2199; x_wconf 82' lang='grc' dir='ltr'>αὐτοῦ.</span> <span class='ocrx_word' id='word_1_156' title='bbox 946 2159 968 2195; x_wconf 72' lang='grc' dir='ltr'><strong>ι</strong></span> <span class='ocrx_word' id='word_1_157' title='bbox 1022 2140 1424 2213; x_wconf 77' lang='grc' dir='ltr'>Κατησπάζετο</span> <span class='ocrx_word' id='word_1_158' title='bbox 1465 2139 1568 2211; x_wconf 85' lang='grc' dir='ltr'>μὲν</span> <span class='ocrx_word' id='word_1_159' title='bbox 1612 2138 1724 2212; x_wconf 87' lang='grc' dir='ltr'><strong>γὰρ</strong></span> <span class='ocrx_word' id='word_1_160' title='bbox 1777 2138 1970 2211; x_wconf 83' lang='grc' dir='ltr'>ὥσπερ</span> 
     </span>
    </p>
   </div>
   <div class='ocr_carea' id='block_1_23' title="bbox 377 2227 1978 2302">
    <p class='ocr_par' dir='ltr' id='par_1_23' title="bbox 377 2227 1978 2302">
     <span class='ocr_line' id='line_1_23' title="bbox 377 2227 1978 2302; baseline 0.001 -19"><span class='ocrx_word' id='word_1_161' title='bbox 377 2230 473 2283; x_wconf 70' lang='grc' dir='ltr'>καὶ</span> <span class='ocrx_word' id='word_1_162' title='bbox 502 2227 674 2287; x_wconf 80' lang='grc' dir='ltr'>πάλαι</span> <span class='ocrx_word' id='word_1_163' title='bbox 703 2229 795 2284; x_wconf 83' lang='grc' dir='ltr'>διὰ</span> <span class='ocrx_word' id='word_1_164' title='bbox 825 2230 1095 2302; x_wconf 79' lang='grc' dir='ltr'>στόματος</span> <span class='ocrx_word' id='word_1_165' title='bbox 1119 2229 1286 2286; x_wconf 83' lang='grc' dir='ltr'>αὐτοῦ</span> <span class='ocrx_word' id='word_1_166' title='bbox 1315 2229 1613 2301; x_wconf 83' lang='grc' dir='ltr'>προφητῶν</span> <span class='ocrx_word' id='word_1_167' title='bbox 1643 2229 1837 2299; x_wconf 87' lang='grc' dir='ltr'>ἁγίων,</span> <span class='ocrx_word' id='word_1_168' title='bbox 1871 2247 1978 2285; x_wconf 81' lang='grc' dir='ltr'>κα-</span> 
     </span>
    </p>
   </div>
   <div class='ocr_carea' id='block_1_24' title="bbox 375 2317 1977 2393">
    <p class='ocr_par' dir='ltr' id='par_1_24' title="bbox 375 2317 1977 2393">
     <span class='ocr_line' id='line_1_24' title="bbox 375 2317 1977 2393; baseline 0.002 -20"><span class='ocrx_word' id='word_1_169' title='bbox 375 2317 484 2373; x_wconf 85' lang='grc' dir='ltr'><strong>λῶν</strong></span> <span class='ocrx_word' id='word_1_170' title='bbox 510 2321 591 2385; x_wconf 83' lang='grc' dir='ltr'><strong>είς</strong></span> <span class='ocrx_word' id='word_1_171' title='bbox 618 2321 921 2391; x_wconf 80' lang='grc' dir='ltr'>συνάφειαν</span> <span class='ocrx_word' id='word_1_172' title='bbox 950 2321 1049 2393; x_wconf 84' lang='grc' dir='ltr'>τὴν</span> <span class='ocrx_word' id='word_1_173' title='bbox 1089 2322 1227 2393; x_wconf 88' lang='grc' dir='ltr'>πρὸς</span> <span class='ocrx_word' id='word_1_174' title='bbox 1259 2321 1422 2376; x_wconf 71' lang='grc' dir='ltr'>αὐτὸν</span> <span class='ocrx_word' id='word_1_175' title='bbox 1459 2321 1527 2375; x_wconf 83' lang='grc' dir='ltr'><strong>δι’</strong></span> <span class='ocrx_word' id='word_1_176' title='bbox 1571 2319 1847 2393; x_wconf 85' lang='grc' dir='ltr'>ἁγιασμοῦ</span> <span class='ocrx_word' id='word_1_177' title='bbox 1876 2321 1977 2378; x_wconf 76' lang='grc' dir='ltr'>καὶ</span> 
     </span>
    </p>
   </div>
   <div class='ocr_carea' id='block_1_25' title="bbox 372 2410 1982 2486">
    <p class='ocr_par' dir='ltr' id='par_1_25' title="bbox 372 2410 1982 2486">
     <span class='ocr_line' id='line_1_25' title="bbox 372 2410 1982 2486; baseline 0.001 -21"><span class='ocrx_word' id='word_1_178' title='bbox 372 2410 748 2483; x_wconf 79' lang='grc' dir='ltr'>δικαιοσύνης,</span> <span class='ocrx_word' id='word_1_179' title='bbox 789 2412 1012 2486; x_wconf 82' lang='grc' dir='ltr'><strong>Ἐπειδὴ</strong></span> <span class='ocrx_word' id='word_1_180' title='bbox 1052 2413 1111 2468; x_wconf 83' lang='grc' dir='ltr'>δὲ</span> <span class='ocrx_word' id='word_1_181' title='bbox 1145 2413 1415 2486; x_wconf 85' lang='grc' dir='ltr'>προῆλθεν</span> <span class='ocrx_word' id='word_1_182' title='bbox 1459 2413 1748 2485; x_wconf 73' lang='grc' dir='ltr'>ἄνθρωπος</span> <span class='ocrx_word' id='word_1_183' title='bbox 1780 2414 1846 2468; x_wconf 81' lang='grc' dir='ltr'>ὲκ</span> <span class='ocrx_word' id='word_1_184' title='bbox 1880 2430 1982 2483; x_wconf 86' lang='grc' dir='ltr'><strong>γυ-</strong></span> 
     </span>
    </p>
   </div>
   <div class='ocr_carea' id='block_1_26' title="bbox 374 2501 1975 2576">
    <p class='ocr_par' dir='ltr' id='par_1_26' title="bbox 374 2501 1975 2576">
     <span class='ocr_line' id='line_1_26' title="bbox 374 2501 1975 2576; baseline 0.002 -21"><span class='ocrx_word' id='word_1_185' title='bbox 374 2502 586 2570; x_wconf 71' lang='grc' dir='ltr'>ναικὸς,</span> <span class='ocrx_word' id='word_1_186' title='bbox 613 2503 724 2557; x_wconf 80' lang='grc' dir='ltr'>ἀπὺ</span> <span class='ocrx_word' id='word_1_187' title='bbox 764 2502 1092 2575; x_wconf 85' lang='grc' dir='ltr'>φιλημάτων</span> <span class='ocrx_word' id='word_1_188' title='bbox 1116 2505 1384 2576; x_wconf 80' lang='grc' dir='ltr'>στόματος</span> <span class='ocrx_word' id='word_1_189' title='bbox 1408 2501 1575 2560; x_wconf 81' lang='grc' dir='ltr'><strong>αὐτοῦ</strong></span> <span class='ocrx_word' id='word_1_190' title='bbox 1603 2504 1804 2574; x_wconf 84' lang='grc' dir='ltr'>πεφιλή</span> <span class='ocrx_word' id='word_1_191' title='bbox 1815 2505 1975 2573; x_wconf 83' lang='grc' dir='ltr'>μεθα.</span> 
     </span>
    </p>
   </div>
   <div class='ocr_carea' id='block_1_27' title="bbox 375 2595 1980 2668">
    <p class='ocr_par' dir='ltr' id='par_1_27' title="bbox 375 2595 1980 2668">
     <span class='ocr_line' id='line_1_27' title="bbox 375 2595 1980 2668; baseline 0.001 -20"><span class='ocrx_word' id='word_1_192' title='bbox 375 2595 566 2666; x_wconf 83' lang='grc' dir='ltr'>Στόμα</span> <span class='ocrx_word' id='word_1_193' title='bbox 602 2595 715 2667; x_wconf 86' lang='grc' dir='ltr'><strong>γὰρ</strong></span> <span class='ocrx_word' id='word_1_194' title='bbox 743 2595 883 2667; x_wconf 79' lang='grc' dir='ltr'>πρὸς</span> <span class='ocrx_word' id='word_1_195' title='bbox 912 2596 1089 2667; x_wconf 81' lang='grc' dir='ltr'>στόμα</span> <span class='ocrx_word' id='word_1_196' title='bbox 1121 2596 1387 2666; x_wconf 82' lang='grc' dir='ltr'>λελάληκε</span> <span class='ocrx_word' id='word_1_197' title='bbox 1427 2595 1568 2668; x_wconf 83' lang='grc' dir='ltr'>πρὸς</span> <span class='ocrx_word' id='word_1_198' title='bbox 1604 2597 1773 2667; x_wconf 78' lang='grc' dir='ltr'>ἡμᾶς.</span> <span class='ocrx_word' id='word_1_199' title='bbox 1806 2596 1980 2650; x_wconf 87' lang='grc' dir='ltr'>Ὅταν</span> 
     </span>
    </p>
   </div>
   <div class='ocr_carea' id='block_1_28' title="bbox 372 2685 1981 2759">
    <p class='ocr_par' dir='ltr' id='par_1_28' title="bbox 372 2685 1981 2759">
     <span class='ocr_line' id='line_1_28' title="bbox 372 2685 1981 2759; baseline 0.001 -20"><span class='ocrx_word' id='word_1_200' title='bbox 372 2685 555 2741; x_wconf 83' lang='grc' dir='ltr'>τοίνυν</span> <span class='ocrx_word' id='word_1_201' title='bbox 584 2685 825 2758; x_wconf 77' lang='grc' dir='ltr'>ἀπόσχῃ,</span> <span class='ocrx_word' id='word_1_202' title='bbox 853 2688 1037 2759; x_wconf 76' lang='grc' dir='ltr'>φησὶν,</span> <span class='ocrx_word' id='word_1_203' title='bbox 1063 2688 1174 2741; x_wconf 81' lang='grc' dir='ltr'>άπὸ</span> <span class='ocrx_word' id='word_1_204' title='bbox 1210 2687 1413 2752; x_wconf 82' lang='grc' dir='ltr'>παντὸς</span> <span class='ocrx_word' id='word_1_205' title='bbox 1445 2687 1636 2743; x_wconf 83' lang='grc' dir='ltr'><strong>ἀδίκου</strong></span> <span class='ocrx_word' id='word_1_206' title='bbox 1687 2688 1783 2742; x_wconf 75' lang='grc' dir='ltr'>καὶ</span> <span class='ocrx_word' id='word_1_207' title='bbox 1812 2705 1981 2759; x_wconf 76' lang='grc' dir='ltr'>πονηο</span> 
     </span>
    </p>
   </div>
   <div class='ocr_carea' id='block_1_29' title="bbox 376 2773 1977 2851">
    <p class='ocr_par' dir='ltr' id='par_1_29' title="bbox 376 2773 1977 2851">
     <span class='ocr_line' id='line_1_29' title="bbox 376 2773 1977 2851; baseline 0.003 -22"><span class='ocrx_word' id='word_1_208' title='bbox 376 2773 476 2847; x_wconf 80' lang='grc' dir='ltr'>ροῦ</span> <span class='ocrx_word' id='word_1_209' title='bbox 512 2775 868 2848; x_wconf 85' lang='grc' dir='ltr'>πράγματος,</span> <span class='ocrx_word' id='word_1_210' title='bbox 911 2776 1033 2832; x_wconf 88' lang='grc' dir='ltr'>τότε</span> <span class='ocrx_word' id='word_1_211' title='bbox 1064 2779 1137 2832; x_wconf 61' lang='grc' dir='ltr'><strong>οὐ*</strong></span> <span class='ocrx_word' id='word_1_212' title='bbox 1158 2777 1468 2851; x_wconf 83' lang='grc' dir='ltr'>φοϐηθήσῃ,</span> <span class='ocrx_word' id='word_1_213' title='bbox 1513 2779 1608 2833; x_wconf 72' lang='grc' dir='ltr'>καὶ</span> <span class='ocrx_word' id='word_1_214' title='bbox 1634 2779 1838 2851; x_wconf 87' lang='grc' dir='ltr'>τρόμος</span> <span class='ocrx_word' id='word_1_215' title='bbox 1873 2779 1977 2834; x_wconf 82' lang='grc' dir='ltr'><strong>οὐκ</strong></span> 
     </span>
    </p>
   </div>
   <div class='ocr_carea' id='block_1_30' title="bbox 373 2867 1981 2943">
    <p class='ocr_par' dir='ltr' id='par_1_30' title="bbox 373 2867 1981 2943">
     <span class='ocr_line' id='line_1_30' title="bbox 373 2867 1981 2943; baseline 0.004 -23"><span class='ocrx_word' id='word_1_216' title='bbox 373 2867 555 2938; x_wconf 74' lang='grc' dir='ltr'>ἑγγιεῖ</span> <span class='ocrx_word' id='word_1_217' title='bbox 584 2884 691 2922; x_wconf 62' lang='grc' dir='ltr'>σοι’</span> <span class='ocrx_word' id='word_1_218' title='bbox 718 2867 818 2941; x_wconf 76' lang='grc' dir='ltr'><strong>ἔσῃ</strong></span> <span class='ocrx_word' id='word_1_219' title='bbox 843 2868 955 2942; x_wconf 81' lang='grc' dir='ltr'><strong>γὰρ</strong></span> <span class='ocrx_word' id='word_1_220' title='bbox 986 2868 1263 2934; x_wconf 75' lang='grc' dir='ltr'>ἀνάλωτος</span> <span class='ocrx_word' id='word_1_221' title='bbox 1285 2873 1398 2934; x_wconf 82' lang='grc' dir='ltr'>τοῖς</span> <span class='ocrx_word' id='word_1_222' title='bbox 1428 2870 1666 2943; x_wconf 76' lang='grc' dir='ltr'><strong>ἐχθροῖς,</strong></span> <span class='ocrx_word' id='word_1_223' title='bbox 1708 2872 1804 2925; x_wconf 74' lang='grc' dir='ltr'>καὶ</span> <span class='ocrx_word' id='word_1_224' title='bbox 1834 2870 1981 2943; x_wconf 87' lang='grc' dir='ltr'>πέρα</span> 
     </span>
    </p>
   </div>
   <div class='ocr_carea' id='block_1_31' title="bbox 377 2957 1980 3037">
    <p class='ocr_par' dir='ltr' id='par_1_31' title="bbox 377 2957 1980 3037">
     <span class='ocr_line' id='line_1_31' title="bbox 377 2957 1980 3037; baseline 0.003 -24"><span class='ocrx_word' id='word_1_225' title='bbox 377 2957 551 3029; x_wconf 78' lang='grc' dir='ltr'>φόϐου</span> <span class='ocrx_word' id='word_1_226' title='bbox 580 2960 807 3024; x_wconf 78' lang='grc' dir='ltr'>παντὸς,</span> <span class='ocrx_word' id='word_1_227' title='bbox 841 2961 948 3015; x_wconf 76' lang='grc' dir='ltr'>κᾶν</span> <span class='ocrx_word' id='word_1_228' title='bbox 975 2961 1370 3028; x_wconf 78' lang='grc' dir='ltr'>ὲξοπλίξωνταί</span> <span class='ocrx_word' id='word_1_229' title='bbox 1404 2979 1485 3016; x_wconf 93' lang='grc' dir='ltr'><strong>σοι</strong></span> <span class='ocrx_word' id='word_1_230' title='bbox 1517 2962 1829 3037; x_wconf 79' lang='grc' dir='ltr'>καταδῃοῢν</span> <span class='ocrx_word' id='word_1_231' title='bbox 1857 2961 1980 3018; x_wconf 72' lang='grc' dir='ltr'>ἐθέ-</span> 
     </span>
    </p>
   </div>
   <div class='ocr_carea' id='block_1_32' title="bbox 376 3049 1983 3127">
    <p class='ocr_par' dir='ltr' id='par_1_32' title="bbox 376 3049 1983 3127">
     <span class='ocr_line' id='line_1_32' title="bbox 376 3049 1983 3127; baseline 0.004 -25"><span class='ocrx_word' id='word_1_232' title='bbox 376 3049 563 3116; x_wconf 82' lang='grc' dir='ltr'>λοντες</span> <span class='ocrx_word' id='word_1_233' title='bbox 592 3050 701 3106; x_wconf 85' lang='grc' dir='ltr'><strong>τῶν</strong></span> <span class='ocrx_word' id='word_1_234' title='bbox 727 3052 785 3105; x_wconf 77' lang='grc' dir='ltr'>ὲν</span> <span class='ocrx_word' id='word_1_235' title='bbox 812 3052 1004 3123; x_wconf 86' lang='grc' dir='ltr'>κόσμῳ</span> <span class='ocrx_word' id='word_1_236' title='bbox 1038 3053 1183 3118; x_wconf 85' lang='grc' dir='ltr'>τινὲς</span> <span class='ocrx_word' id='word_1_237' title='bbox 1203 3095 1217 3120; x_wconf 92' lang='grc'><strong>,</strong></span> <span class='ocrx_word' id='word_1_238' title='bbox 1260 3053 1524 3127; x_wconf 84' lang='grc' dir='ltr'>πλείστην</span> <span class='ocrx_word' id='word_1_239' title='bbox 1553 3055 1687 3125; x_wconf 80' lang='grc' dir='ltr'>ὅσην</span> <span class='ocrx_word' id='word_1_240' title='bbox 1724 3055 1983 3127; x_wconf 83' lang='grc' dir='ltr'>λαχόντες</span> 
     </span>
    </p>
   </div>
   <div class='ocr_carea' id='block_1_33' title="bbox 374 3141 1980 3218">
    <p class='ocr_par' dir='ltr' id='par_1_33' title="bbox 374 3141 1980 3218">
     <span class='ocr_line' id='line_1_33' title="bbox 374 3141 1980 3218; baseline 0.006 -25"><span class='ocrx_word' id='word_1_241' title='bbox 374 3141 478 3215; x_wconf 80' lang='grc' dir='ltr'>τὴν</span> <span class='ocrx_word' id='word_1_242' title='bbox 522 3142 866 3208; x_wconf 83' lang='grc' dir='ltr'>δυναστείαν,</span> <span class='ocrx_word' id='word_1_243' title='bbox 904 3144 1073 3215; x_wconf 69' lang='grc' dir='ltr'>ἤγουν</span> <span class='ocrx_word' id='word_1_244' title='bbox 1119 3145 1176 3198; x_wconf 80' lang='grc' dir='ltr'>αἱ</span> <span class='ocrx_word' id='word_1_245' title='bbox 1213 3146 1590 3218; x_wconf 81' lang='grc' dir='ltr'>ἁντικείμεναί</span> <span class='ocrx_word' id='word_1_246' title='bbox 1622 3165 1683 3203; x_wconf 87' lang='grc' dir='ltr'><strong>τε</strong></span> <span class='ocrx_word' id='word_1_247' title='bbox 1746 3150 1840 3203; x_wconf 72' lang='grc' dir='ltr'>καὶ</span> <span class='ocrx_word' id='word_1_248' title='bbox 1877 3166 1980 3203; x_wconf 89' lang='grc' dir='ltr'><strong>πο-</strong></span> 
     </span>
    </p>
   </div>
   <div class='ocr_carea' id='block_1_34' title="bbox 2088 668 3654 741">
    <p class='ocr_par' dir='ltr' id='par_1_34' title="bbox 2088 668 3654 741">
     <span class='ocr_line' id='line_1_34' title="bbox 2088 668 3654 741; baseline -0.001 -17"><span class='ocrx_word' id='word_1_249' title='bbox 2088 669 2311 732; x_wconf 87' lang='lat' dir='ltr'><strong>electos,</strong></span> <span class='ocrx_word' id='word_1_250' title='bbox 2347 686 2645 741; x_wconf 89' lang='lat' dir='ltr'><strong>omnesque</strong></span> <span class='ocrx_word' id='word_1_251' title='bbox 2683 670 2823 725; x_wconf 81' lang='lat' dir='ltr'><strong>ﬁlios</strong></span> <span class='ocrx_word' id='word_1_252' title='bbox 2856 668 2973 739; x_wconf 82' lang='lat' dir='ltr'><strong>ejus</strong></span> <span class='ocrx_word' id='word_1_253' title='bbox 3004 670 3191 724; x_wconf 88' lang='lat' dir='ltr'><strong>doctos</strong></span> <span class='ocrx_word' id='word_1_254' title='bbox 3224 684 3255 723; x_wconf 91' lang='lat' dir='ltr'><strong>a</strong></span> <span class='ocrx_word' id='word_1_255' title='bbox 3291 671 3433 724; x_wconf 90' lang='lat' dir='ltr'><strong>Deo:</strong></span> <span class='ocrx_word' id='word_1_256' title='bbox 3471 668 3654 723; x_wconf 68' lang='lat' dir='ltr'><strong>statim</strong></span> 
     </span>
    </p>
   </div>
   <div class='ocr_carea' id='block_1_35' title="bbox 2087 762 3671 835">
    <p class='ocr_par' dir='ltr' id='par_1_35' title="bbox 2087 762 3671 835">
     <span class='ocr_line' id='line_1_35' title="bbox 2087 762 3671 835; baseline -0.003 -15"><span class='ocrx_word' id='word_1_257' title='bbox 2087 766 2320 820; x_wconf 86' lang='lat' dir='ltr'><strong>ostendit</strong></span> <span class='ocrx_word' id='word_1_258' title='bbox 2351 767 2495 835; x_wconf 86' lang='lat' dir='ltr'><strong>quod</strong></span> <span class='ocrx_word' id='word_1_259' title='bbox 2524 765 2851 835; x_wconf 87' lang='lat' dir='ltr'><strong>promissum</strong></span> <span class='ocrx_word' id='word_1_260' title='bbox 2875 774 2979 828; x_wconf 85' lang='lat' dir='ltr'><strong>est,</strong></span> <span class='ocrx_word' id='word_1_261' title='bbox 3009 764 3076 817; x_wconf 88' lang='lat' dir='ltr'><strong>ad</strong></span> <span class='ocrx_word' id='word_1_262' title='bbox 3100 763 3305 817; x_wconf 79' lang='lat' dir='ltr'><strong>exitum</strong></span> <span class='ocrx_word' id='word_1_263' title='bbox 3331 762 3671 831; x_wconf 77' lang='lat' dir='ltr'><strong>pervenisse.</strong></span> 
     </span>
    </p>
   </div>
   <div class='ocr_carea' id='block_1_36' title="bbox 2087 855 3673 930">
    <p class='ocr_par' dir='ltr' id='par_1_36' title="bbox 2087 855 3673 930">
     <span class='ocr_line' id='line_1_36' title="bbox 2087 855 3673 930; baseline -0.002 -18"><span class='ocrx_word' id='word_1_264' title='bbox 2087 857 2360 930; x_wconf 76' lang='lat' dir='ltr'><strong>Mysteiiis</strong></span> <span class='ocrx_word' id='word_1_265' title='bbox 2396 860 2542 913; x_wconf 90' lang='lat' dir='ltr'><strong>enim</strong></span> <span class='ocrx_word' id='word_1_266' title='bbox 2594 858 2710 912; x_wconf 85' lang='lat' dir='ltr'><strong>suis</strong></span> <span class='ocrx_word' id='word_1_267' title='bbox 2741 857 2921 912; x_wconf 89' lang='lat' dir='ltr'><strong>initiat</strong></span> <span class='ocrx_word' id='word_1_268' title='bbox 2953 867 3005 911; x_wconf 92' lang='lat' dir='ltr'><strong>et</strong></span> <span class='ocrx_word' id='word_1_269' title='bbox 3040 855 3358 923; x_wconf 88' lang='lat' dir='ltr'><strong>erudit,non</strong></span> <span class='ocrx_word' id='word_1_270' title='bbox 3413 864 3673 922; x_wconf 80' lang='lat' dir='ltr'><strong>tanquam</strong></span> 
     </span>
    </p>
   </div>
   <div class='ocr_carea' id='block_1_37' title="bbox 2088 947 3672 1022">
    <p class='ocr_par' dir='ltr' id='par_1_37' title="bbox 2088 947 3672 1022">
     <span class='ocr_line' id='line_1_37' title="bbox 2088 947 3672 1022; baseline -0.004 -16"><span class='ocrx_word' id='word_1_271' title='bbox 2088 967 2189 1022; x_wconf 91' lang='lat' dir='ltr'><strong>per</strong></span> <span class='ocrx_word' id='word_1_272' title='bbox 2237 952 2475 1006; x_wconf 88' lang='lat' dir='ltr'><strong>medium</strong></span> <span class='ocrx_word' id='word_1_273' title='bbox 2531 951 2832 1021; x_wconf 83' lang='lat' dir='ltr'><strong>quoddam,</strong></span> <span class='ocrx_word' id='word_1_274' title='bbox 2882 952 3042 1005; x_wconf 90' lang='lat' dir='ltr'><strong>sicuti</strong></span> <span class='ocrx_word' id='word_1_275' title='bbox 3087 949 3216 1004; x_wconf 92' lang='lat' dir='ltr'><strong>olim</strong></span> <span class='ocrx_word' id='word_1_276' title='bbox 3267 964 3361 1018; x_wconf 87' lang='lat' dir='ltr'><strong>per</strong></span> <span class='ocrx_word' id='word_1_277' title='bbox 3410 947 3672 1019; x_wconf 70' lang='lat' dir='ltr'><strong>Moysem,</strong></span> 
     </span>
    </p>
   </div>
   <div class='ocr_carea' id='block_1_38' title="bbox 2088 1040 3671 1112">
    <p class='ocr_par' dir='ltr' id='par_1_38' title="bbox 2088 1040 3671 1112">
     <span class='ocr_line' id='line_1_38' title="bbox 2088 1040 3671 1112; baseline -0.004 -14"><span class='ocrx_word' id='word_1_278' title='bbox 2088 1053 2182 1099; x_wconf 91' lang='lat' dir='ltr'><strong>aut</strong></span> <span class='ocrx_word' id='word_1_279' title='bbox 2243 1043 2408 1098; x_wconf 86' lang='lat' dir='ltr'><strong>alium</strong></span> <span class='ocrx_word' id='word_1_280' title='bbox 2458 1057 2489 1098; x_wconf 90' lang='lat' dir='ltr'><strong>e</strong></span> <span class='ocrx_word' id='word_1_281' title='bbox 2540 1042 2743 1097; x_wconf 87' lang='lat' dir='ltr'><strong>sanctis</strong></span> <span class='ocrx_word' id='word_1_282' title='bbox 2799 1042 3102 1112; x_wconf 74' lang='lat' dir='ltr'><strong>prophetis,</strong></span> <span class='ocrx_word' id='word_1_283' title='bbox 3149 1040 3245 1095; x_wconf 90' lang='lat' dir='ltr'><strong>sed</strong></span> <span class='ocrx_word' id='word_1_284' title='bbox 3289 1056 3386 1102; x_wconf 82' lang='lat' dir='ltr'><strong>per</strong></span> <span class='ocrx_word' id='word_1_285' title='bbox 3429 1041 3671 1108; x_wconf 81' lang='lat' dir='ltr'><strong>seipsum</strong></span> 
     </span>
    </p>
   </div>
   <div class='ocr_carea' id='block_1_39' title="bbox 2084 1131 3675 1207">
    <p class='ocr_par' dir='ltr' id='par_1_39' title="bbox 2084 1131 3675 1207">
     <span class='ocr_line' id='line_1_39' title="bbox 2084 1131 3675 1207; baseline -0.004 -16"><span class='ocrx_word' id='word_1_286' title='bbox 2084 1136 2285 1207; x_wconf 79' lang='lat' dir='ltr'><strong>potius,</strong></span> <span class='ocrx_word' id='word_1_287' title='bbox 2319 1151 2415 1191; x_wconf 89' lang='lat' dir='ltr'><strong>seu</strong></span> <span class='ocrx_word' id='word_1_288' title='bbox 2444 1150 2577 1192; x_wconf 88' lang='lat' dir='ltr'><strong>voce</strong></span> <span class='ocrx_word' id='word_1_289' title='bbox 2610 1134 2852 1206; x_wconf 90' lang='lat' dir='ltr'><strong>propria.</strong></span> <span class='ocrx_word' id='word_1_290' title='bbox 2896 1133 3033 1188; x_wconf 84' lang='lat' dir='ltr'><strong>Illud</strong></span> <span class='ocrx_word' id='word_1_291' title='bbox 3075 1134 3219 1187; x_wconf 88' lang='lat' dir='ltr'><strong>enim</strong></span> <span class='ocrx_word' id='word_1_292' title='bbox 3260 1133 3363 1186; x_wconf 87' lang='lat' dir='ltr'><strong>hoc</strong></span> <span class='ocrx_word' id='word_1_293' title='bbox 3397 1131 3675 1196; x_wconf 77' lang='lat' dir='ltr'><strong>signiﬁca-</strong></span> 
     </span>
    </p>
   </div>
   <div class='ocr_carea' id='block_1_40' title="bbox 2084 1224 3672 1293">
    <p class='ocr_par' dir='ltr' id='par_1_40' title="bbox 2084 1224 3672 1293">
     <span class='ocr_line' id='line_1_40' title="bbox 2084 1224 3672 1293; baseline -0.004 -11"><span class='ocrx_word' id='word_1_294' title='bbox 2084 1229 2175 1282; x_wconf 95' lang='lat' dir='ltr'><strong>bat</strong></span> <span class='ocrx_word' id='word_1_295' title='bbox 2209 1248 2222 1285; x_wconf 91' lang='lat'><strong>:</strong></span> <span class='ocrx_word' id='word_1_296' title='bbox 2254 1247 2273 1281; x_wconf 71' lang='grc' dir='ltr'><strong>ι</strong></span> <span class='ocrx_word' id='word_1_297' title='bbox 2312 1228 2487 1284; x_wconf 87' lang='lat' dir='ltr'><strong>Erunt</strong></span> <span class='ocrx_word' id='word_1_298' title='bbox 2524 1243 2715 1283; x_wconf 91' lang='lat' dir='ltr'><strong>omnes</strong></span> <span class='ocrx_word' id='word_1_299' title='bbox 2744 1227 2891 1282; x_wconf 92' lang='lat' dir='ltr'><strong>docti</strong></span> <span class='ocrx_word' id='word_1_300' title='bbox 2925 1241 2953 1279; x_wconf 90' lang='lat' dir='ltr'><strong>a</strong></span> <span class='ocrx_word' id='word_1_301' title='bbox 2986 1226 3095 1280; x_wconf 86' lang='lat' dir='ltr'><strong>Deo</strong></span> <span class='ocrx_word' id='word_1_302' title='bbox 3117 1224 3184 1279; x_wconf 80' lang='grc'><strong>’³.</strong></span> <span class='ocrx_word' id='word_1_303' title='bbox 3218 1244 3237 1277; x_wconf 72' lang='grc' dir='ltr'><strong>ι</strong></span> <span class='ocrx_word' id='word_1_304' title='bbox 3271 1224 3504 1293; x_wconf 81' lang='lat' dir='ltr'><strong>Scripsit</strong></span> <span class='ocrx_word' id='word_1_305' title='bbox 3542 1224 3672 1276; x_wconf 85' lang='lat' dir='ltr'><strong>item</strong></span> 
     </span>
    </p>
   </div>
   <div class='ocr_carea' id='block_1_41' title="bbox 2083 1315 3689 1391">
    <p class='ocr_par' dir='ltr' id='par_1_41' title="bbox 2083 1315 3689 1391">
     <span class='ocr_line' id='line_1_41' title="bbox 2083 1315 3689 1391; baseline -0.006 -14"><span class='ocrx_word' id='word_1_306' title='bbox 2083 1320 2524 1391; x_wconf 74' lang='lat' dir='ltr'><strong>sapientissimus</strong></span> <span class='ocrx_word' id='word_1_307' title='bbox 2575 1320 2781 1375; x_wconf 82' lang='lat' dir='ltr'><strong>Paulus</strong></span> <span class='ocrx_word' id='word_1_308' title='bbox 2828 1333 2845 1374; x_wconf 88' lang='lat'><strong>:</strong></span> <span class='ocrx_word' id='word_1_309' title='bbox 2897 1337 2917 1371; x_wconf 77' lang='grc' dir='ltr'><strong>ι</strong></span> <span class='ocrx_word' id='word_1_310' title='bbox 2974 1317 3328 1372; x_wconf 82' lang='lat' dir='ltr'><strong>Multifariam</strong></span> <span class='ocrx_word' id='word_1_311' title='bbox 3379 1315 3689 1382; x_wconf 73' lang='lat' dir='ltr'><strong>multisque</strong></span> 
     </span>
    </p>
   </div>
   <div class='ocr_carea' id='block_1_42' title="bbox 2085 1405 3671 1480">
    <p class='ocr_par' dir='ltr' id='par_1_42' title="bbox 2085 1405 3671 1480">
     <span class='ocr_line' id='line_1_42' title="bbox 2085 1405 3671 1480; baseline -0.006 -12"><span class='ocrx_word' id='word_1_312' title='bbox 2085 1415 2259 1469; x_wconf 88' lang='lat' dir='ltr'><strong>modis</strong></span> <span class='ocrx_word' id='word_1_313' title='bbox 2290 1413 2419 1469; x_wconf 90' lang='lat' dir='ltr'><strong>olim</strong></span> <span class='ocrx_word' id='word_1_314' title='bbox 2444 1414 2586 1469; x_wconf 88' lang='lat' dir='ltr'><strong>Deus</strong></span> <span class='ocrx_word' id='word_1_315' title='bbox 2616 1412 2831 1468; x_wconf 79' lang='lat' dir='ltr'><strong>locutus</strong></span> <span class='ocrx_word' id='word_1_316' title='bbox 2858 1419 2939 1467; x_wconf 90' lang='lat' dir='ltr'><strong>est</strong></span> <span class='ocrx_word' id='word_1_317' title='bbox 2968 1409 3237 1480; x_wconf 81' lang='lat' dir='ltr'><strong>patribus,</strong></span> <span class='ocrx_word' id='word_1_318' title='bbox 3271 1408 3324 1462; x_wconf 90' lang='lat' dir='ltr'><strong>in</strong></span> <span class='ocrx_word' id='word_1_319' title='bbox 3351 1405 3630 1478; x_wconf 83' lang='lat' dir='ltr'><strong>prOphetis</strong></span> <span class='ocrx_word' id='word_1_320' title='bbox 3656 1422 3671 1458; x_wconf 89' lang='lat'><strong>:</strong></span> 
     </span>
    </p>
   </div>
   <div class='ocr_carea' id='block_1_43' title="bbox 2082 1498 3676 1563">
    <p class='ocr_par' dir='ltr' id='par_1_43' title="bbox 2082 1498 3676 1563">
     <span class='ocr_line' id='line_1_43' title="bbox 2082 1498 3676 1563; baseline -0.007 0"><span class='ocrx_word' id='word_1_321' title='bbox 2082 1508 2347 1563; x_wconf 74' lang='lat' dir='ltr'><strong>extremis</strong></span> <span class='ocrx_word' id='word_1_322' title='bbox 2379 1516 2561 1562; x_wconf 87' lang='lat' dir='ltr'><strong>autem</strong></span> <span class='ocrx_word' id='word_1_323' title='bbox 2603 1508 2755 1563; x_wconf 87' lang='lat' dir='ltr'><strong>hisce</strong></span> <span class='ocrx_word' id='word_1_324' title='bbox 2788 1507 2983 1562; x_wconf 86' lang='lat' dir='ltr'><strong>diebus</strong></span> <span class='ocrx_word' id='word_1_325' title='bbox 3022 1506 3241 1561; x_wconf 90' lang='lat' dir='ltr'><strong>locutus</strong></span> <span class='ocrx_word' id='word_1_326' title='bbox 3281 1511 3362 1557; x_wconf 91' lang='lat' dir='ltr'><strong>est</strong></span> <span class='ocrx_word' id='word_1_327' title='bbox 3411 1500 3571 1555; x_wconf 89' lang='lat' dir='ltr'><strong>nobis</strong></span> <span class='ocrx_word' id='word_1_328' title='bbox 3618 1498 3676 1553; x_wconf 88' lang='lat' dir='ltr'><strong>in</strong></span> 
     </span>
    </p>
   </div>
   <div class='ocr_carea' id='block_1_44' title="bbox 2081 1595 3675 1668">
    <p class='ocr_par' dir='ltr' id='par_1_44' title="bbox 2081 1595 3675 1668">
     <span class='ocr_line' id='line_1_44' title="bbox 2081 1595 3675 1668; baseline -0.008 -14"><span class='ocrx_word' id='word_1_329' title='bbox 2081 1599 2256 1665; x_wconf 89' lang='lat' dir='ltr'><strong>Filio,</strong></span> <span class='ocrx_word' id='word_1_330' title='bbox 2293 1614 2453 1668; x_wconf 88' lang='lat' dir='ltr'><strong>quem</strong></span> <span class='ocrx_word' id='word_1_331' title='bbox 2498 1599 2682 1668; x_wconf 88' lang='lat' dir='ltr'><strong>posuit</strong></span> <span class='ocrx_word' id='word_1_332' title='bbox 2734 1596 3002 1653; x_wconf 68' lang='lat' dir='ltr'><strong>haeredem</strong></span> <span class='ocrx_word' id='word_1_333' title='bbox 3052 1595 3320 1659; x_wconf 89' lang='lat' dir='ltr'><strong>omnium,</strong></span> <span class='ocrx_word' id='word_1_334' title='bbox 3370 1608 3467 1661; x_wconf 90' lang='lat' dir='ltr'><strong>per</strong></span> <span class='ocrx_word' id='word_1_335' title='bbox 3513 1604 3675 1657; x_wconf 87' lang='lat' dir='ltr'><strong>quem</strong></span> 
     </span>
    </p>
   </div>
   <div class='ocr_carea' id='block_1_45' title="bbox 2083 1683 3684 1755">
    <p class='ocr_par' dir='ltr' id='par_1_45' title="bbox 2083 1683 3684 1755">
     <span class='ocr_line' id='line_1_45' title="bbox 2083 1683 3684 1755; baseline -0.008 -8"><span class='ocrx_word' id='word_1_336' title='bbox 2083 1690 2247 1747; x_wconf 87' lang='lat' dir='ltr'><strong>etiam</strong></span> <span class='ocrx_word' id='word_1_337' title='bbox 2300 1689 2429 1745; x_wconf 81' lang='lat' dir='ltr'><strong>fecit</strong></span> <span class='ocrx_word' id='word_1_338' title='bbox 2482 1690 2680 1745; x_wconf 46' lang='lat' dir='ltr'><strong>saecula</strong></span> <span class='ocrx_word' id='word_1_339' title='bbox 2711 1690 2777 1745; x_wconf 76' lang='lat'><strong>“.</strong></span> <span class='ocrx_word' id='word_1_340' title='bbox 2832 1707 2850 1740; x_wconf 73' lang='grc' dir='ltr'><strong>ι</strong></span> <span class='ocrx_word' id='word_1_341' title='bbox 2895 1687 3130 1743; x_wconf 85' lang='lat' dir='ltr'><strong>Proinde</strong></span> <span class='ocrx_word' id='word_1_342' title='bbox 3170 1700 3269 1755; x_wconf 90' lang='lat' dir='ltr'><strong>per</strong></span> <span class='ocrx_word' id='word_1_343' title='bbox 3319 1683 3684 1752; x_wconf 83' lang='lat' dir='ltr'><strong>semetipsum</strong></span> 
     </span>
    </p>
   </div>
   <div class='ocr_carea' id='block_1_46' title="bbox 2091 1774 3680 1851">
    <p class='ocr_par' dir='ltr' id='par_1_46' title="bbox 2091 1774 3680 1851">
     <span class='ocr_line' id='line_1_46' title="bbox 2091 1774 3680 1851; baseline -0.005 -14"><span class='ocrx_word' id='word_1_344' title='bbox 2091 1781 2319 1837; x_wconf 75' lang='lat' dir='ltr'><strong>effector</strong></span> <span class='ocrx_word' id='word_1_345' title='bbox 2363 1781 2688 1837; x_wconf 68' lang='lat' dir='ltr'><strong>smculorum</strong></span> <span class='ocrx_word' id='word_1_346' title='bbox 2746 1779 2985 1851; x_wconf 85' lang='lat' dir='ltr'><strong>pertexit</strong></span> <span class='ocrx_word' id='word_1_347' title='bbox 3027 1776 3396 1850; x_wconf 80' lang='lat' dir='ltr'><strong>mystagogias</strong></span> <span class='ocrx_word' id='word_1_348' title='bbox 3440 1775 3526 1829; x_wconf 87' lang='lat' dir='ltr'><strong>his</strong></span> <span class='ocrx_word' id='word_1_349' title='bbox 3579 1774 3680 1843; x_wconf 85' lang='lat' dir='ltr'><strong>qui</strong></span> 
     </span>
    </p>
   </div>
   <div class='ocr_carea' id='block_1_47' title="bbox 2085 1866 3670 1945">
    <p class='ocr_par' dir='ltr' id='par_1_47' title="bbox 2085 1866 3670 1945">
     <span class='ocr_line' id='line_1_47' title="bbox 2085 1866 3670 1945; baseline -0.007 -16"><span class='ocrx_word' id='word_1_350' title='bbox 2085 1888 2182 1943; x_wconf 85' lang='lat' dir='ltr'><strong>per</strong></span> <span class='ocrx_word' id='word_1_351' title='bbox 2214 1879 2392 1945; x_wconf 84' lang='lat' dir='ltr'><strong>ipsum</strong></span> <span class='ocrx_word' id='word_1_352' title='bbox 2424 1875 2600 1930; x_wconf 79' lang='lat' dir='ltr'><strong>vocati</strong></span> <span class='ocrx_word' id='word_1_353' title='bbox 2648 1881 2777 1929; x_wconf 85' lang='lat' dir='ltr'><strong>sunt</strong></span> <span class='ocrx_word' id='word_1_354' title='bbox 2809 1872 2877 1926; x_wconf 87' lang='lat' dir='ltr'><strong>ad</strong></span> <span class='ocrx_word' id='word_1_355' title='bbox 2921 1871 3063 1927; x_wconf 88' lang='lat' dir='ltr'><strong>hanc</strong></span> <span class='ocrx_word' id='word_1_356' title='bbox 3093 1885 3191 1940; x_wconf 86' lang='lat' dir='ltr'><strong>per</strong></span> <span class='ocrx_word' id='word_1_357' title='bbox 3222 1868 3382 1923; x_wconf 80' lang='lat' dir='ltr'><strong>(idem</strong></span> <span class='ocrx_word' id='word_1_358' title='bbox 3411 1866 3670 1937; x_wconf 78' lang='lat' dir='ltr'><strong>gratiam.</strong></span> 
     </span>
    </p>
   </div>
   <div class='ocr_carea' id='block_1_48' title="bbox 2082 1958 3661 2036">
    <p class='ocr_par' dir='ltr' id='par_1_48' title="bbox 2082 1958 3661 2036">
     <span class='ocr_line' id='line_1_48' title="bbox 2082 1958 3661 2036; baseline -0.006 -16"><span class='ocrx_word' id='word_1_359' title='bbox 2082 1964 2381 2036; x_wconf 84' lang='lat' dir='ltr'><strong>Propterea</strong></span> <span class='ocrx_word' id='word_1_360' title='bbox 2414 1981 2618 2035; x_wconf 88' lang='lat' dir='ltr'><strong>sponsa</strong></span> <span class='ocrx_word' id='word_1_361' title='bbox 2652 1980 2774 2035; x_wconf 72' lang='lat' dir='ltr'><strong>qum</strong></span> <span class='ocrx_word' id='word_1_362' title='bbox 2807 1964 2858 2018; x_wconf 92' lang='lat' dir='ltr'><strong>in</strong></span> <span class='ocrx_word' id='word_1_363' title='bbox 2892 1962 3121 2019; x_wconf 89' lang='lat' dir='ltr'><strong>Cantico</strong></span> <span class='ocrx_word' id='word_1_364' title='bbox 3153 1960 3493 2015; x_wconf 83' lang='lat' dir='ltr'><strong>canticorum</strong></span> <span class='ocrx_word' id='word_1_365' title='bbox 3560 1958 3661 2012; x_wconf 75' lang='lat' dir='ltr'><strong>de-</strong></span> 
     </span>
    </p>
   </div>
   <div class='ocr_carea' id='block_1_49' title="bbox 2082 2046 3674 2128">
    <p class='ocr_par' dir='ltr' id='par_1_49' title="bbox 2082 2046 3674 2128">
     <span class='ocr_line' id='line_1_49' title="bbox 2082 2046 3674 2128; baseline -0.006 -15"><span class='ocrx_word' id='word_1_366' title='bbox 2082 2057 2284 2128; x_wconf 89' lang='lat' dir='ltr'><strong>scripta</strong></span> <span class='ocrx_word' id='word_1_367' title='bbox 2314 2067 2419 2122; x_wconf 85' lang='lat' dir='ltr'><strong>est,</strong></span> <span class='ocrx_word' id='word_1_368' title='bbox 2453 2057 2519 2112; x_wconf 91' lang='lat' dir='ltr'><strong>de</strong></span> <span class='ocrx_word' id='word_1_369' title='bbox 2543 2071 2608 2112; x_wconf 89' lang='lat' dir='ltr'><strong>eo</strong></span> <span class='ocrx_word' id='word_1_370' title='bbox 2631 2055 2799 2113; x_wconf 81' lang='lat' dir='ltr'><strong>dicit:</strong></span> <span class='ocrx_word' id='word_1_371' title='bbox 2827 2073 2847 2108; x_wconf 76' lang='grc' dir='ltr'><strong>ι</strong></span> <span class='ocrx_word' id='word_1_372' title='bbox 2886 2053 3175 2111; x_wconf 87' lang='lat' dir='ltr'><strong>Osculetur</strong></span> <span class='ocrx_word' id='word_1_373' title='bbox 3227 2069 3315 2109; x_wconf 85' lang='lat' dir='ltr'><strong>me</strong></span> <span class='ocrx_word' id='word_1_374' title='bbox 3346 2049 3531 2108; x_wconf 81' lang='lat' dir='ltr'><strong>osculo</strong></span> <span class='ocrx_word' id='word_1_375' title='bbox 3559 2046 3674 2103; x_wconf 88' lang='lat' dir='ltr'><strong>oris</strong></span> 
     </span>
    </p>
   </div>
   <div class='ocr_carea' id='block_1_50' title="bbox 2081 2146 3675 2219">
    <p class='ocr_par' dir='ltr' id='par_1_50' title="bbox 2081 2146 3675 2219">
     <span class='ocr_line' id='line_1_50' title="bbox 2081 2146 3675 2219; baseline -0.006 -15"><span class='ocrx_word' id='word_1_376' title='bbox 2081 2149 2166 2204; x_wconf 86' lang='lat' dir='ltr'><strong>sui</strong></span> <span class='ocrx_word' id='word_1_377' title='bbox 2195 2149 2265 2205; x_wconf 82' lang='grc'><strong>³⁸.</strong></span> <span class='ocrx_word' id='word_1_378' title='bbox 2297 2168 2316 2202; x_wconf 75' lang='grc' dir='ltr'><strong>ι</strong></span> <span class='ocrx_word' id='word_1_379' title='bbox 2366 2148 2720 2219; x_wconf 78' lang='lat' dir='ltr'><strong>Amplexatus</strong></span> <span class='ocrx_word' id='word_1_380' title='bbox 2771 2156 2857 2204; x_wconf 86' lang='lat' dir='ltr'><strong>est</strong></span> <span class='ocrx_word' id='word_1_381' title='bbox 2898 2147 3044 2201; x_wconf 90' lang='lat' dir='ltr'><strong>enim</strong></span> <span class='ocrx_word' id='word_1_382' title='bbox 3095 2146 3260 2201; x_wconf 88' lang='lat' dir='ltr'><strong>veluti</strong></span> <span class='ocrx_word' id='word_1_383' title='bbox 3299 2161 3397 2200; x_wconf 91' lang='lat' dir='ltr'><strong>ore</strong></span> <span class='ocrx_word' id='word_1_384' title='bbox 3447 2157 3675 2197; x_wconf 86' lang='lat' dir='ltr'><strong>suorum</strong></span> 
     </span>
    </p>
   </div>
   <div class='ocr_carea' id='block_1_51' title="bbox 2085 2234 3674 2310">
    <p class='ocr_par' dir='ltr' id='par_1_51' title="bbox 2085 2234 3674 2310">
     <span class='ocr_line' id='line_1_51' title="bbox 2085 2234 3674 2310; baseline -0.006 -14"><span class='ocrx_word' id='word_1_385' title='bbox 2085 2249 2401 2297; x_wconf 83' lang='lat' dir='ltr'><strong>sanctorum</strong></span> <span class='ocrx_word' id='word_1_386' title='bbox 2434 2240 2849 2310; x_wconf 88' lang='lat' dir='ltr'><strong>prophetarum,</strong></span> <span class='ocrx_word' id='word_1_387' title='bbox 2878 2251 3086 2292; x_wconf 82' lang='lat' dir='ltr'><strong>vocans</strong></span> <span class='ocrx_word' id='word_1_388' title='bbox 3113 2238 3180 2292; x_wconf 92' lang='lat' dir='ltr'><strong>ad</strong></span> <span class='ocrx_word' id='word_1_389' title='bbox 3205 2234 3521 2291; x_wconf 78' lang='lat' dir='ltr'><strong>aliinitatem</strong></span> <span class='ocrx_word' id='word_1_390' title='bbox 3549 2247 3674 2288; x_wconf 87' lang='lat' dir='ltr'><strong>cum</strong></span> 
     </span>
    </p>
   </div>
   <div class='ocr_carea' id='block_1_52' title="bbox 2081 2326 3675 2403">
    <p class='ocr_par' dir='ltr' id='par_1_52' title="bbox 2081 2326 3675 2403">
     <span class='ocr_line' id='line_1_52' title="bbox 2081 2326 3675 2403; baseline -0.005 -16"><span class='ocrx_word' id='word_1_391' title='bbox 2081 2332 2226 2403; x_wconf 88' lang='lat' dir='ltr'><strong>ipso,</strong></span> <span class='ocrx_word' id='word_1_392' title='bbox 2255 2345 2352 2403; x_wconf 90' lang='lat' dir='ltr'><strong>per</strong></span> <span class='ocrx_word' id='word_1_393' title='bbox 2379 2331 2876 2387; x_wconf 75' lang='lat' dir='ltr'><strong>sanctificationem</strong></span> <span class='ocrx_word' id='word_1_394' title='bbox 2906 2339 2961 2385; x_wconf 89' lang='lat' dir='ltr'><strong>et</strong></span> <span class='ocrx_word' id='word_1_395' title='bbox 2984 2328 3276 2398; x_wconf 86' lang='lat' dir='ltr'><strong>justitiam.</strong></span> <span class='ocrx_word' id='word_1_396' title='bbox 3308 2326 3675 2395; x_wconf 87' lang='lat' dir='ltr'><strong>Posteaquam</strong></span> 
     </span>
    </p>
   </div>
   <div class='ocr_carea' id='block_1_53' title="bbox 2079 2417 3678 2495">
    <p class='ocr_par' dir='ltr' id='par_1_53' title="bbox 2079 2417 3678 2495">
     <span class='ocr_line' id='line_1_53' title="bbox 2079 2417 3678 2495; baseline -0.007 -14"><span class='ocrx_word' id='word_1_397' title='bbox 2079 2440 2214 2482; x_wconf 89' lang='lat' dir='ltr'><strong>vero</strong></span> <span class='ocrx_word' id='word_1_398' title='bbox 2244 2424 2449 2495; x_wconf 89' lang='lat' dir='ltr'><strong>prodiit</strong></span> <span class='ocrx_word' id='word_1_399' title='bbox 2486 2423 2650 2478; x_wconf 93' lang='lat' dir='ltr'><strong>homo</strong></span> <span class='ocrx_word' id='word_1_400' title='bbox 2683 2424 2750 2479; x_wconf 89' lang='lat' dir='ltr'><strong>de</strong></span> <span class='ocrx_word' id='word_1_401' title='bbox 2786 2422 3035 2486; x_wconf 86' lang='lat' dir='ltr'><strong>muliere,</strong></span> <span class='ocrx_word' id='word_1_402' title='bbox 3075 2420 3267 2476; x_wconf 88' lang='lat' dir='ltr'><strong>osculo</strong></span> <span class='ocrx_word' id='word_1_403' title='bbox 3300 2419 3414 2474; x_wconf 90' lang='lat' dir='ltr'><strong>oris</strong></span> <span class='ocrx_word' id='word_1_404' title='bbox 3450 2417 3534 2474; x_wconf 86' lang='lat' dir='ltr'><strong>sui</strong></span> <span class='ocrx_word' id='word_1_405' title='bbox 3577 2430 3678 2471; x_wconf 85' lang='lat' dir='ltr'><strong>nos</strong></span> 
     </span>
    </p>
   </div>
   <div class='ocr_carea' id='block_1_54' title="bbox 2079 2509 3673 2575">
    <p class='ocr_par' dir='ltr' id='par_1_54' title="bbox 2079 2509 3673 2575">
     <span class='ocr_line' id='line_1_54' title="bbox 2079 2509 3673 2575; baseline -0.007 -2"><span class='ocrx_word' id='word_1_406' title='bbox 2079 2517 2356 2575; x_wconf 86' lang='lat' dir='ltr'><strong>osculatus</strong></span> <span class='ocrx_word' id='word_1_407' title='bbox 2399 2524 2503 2572; x_wconf 91' lang='lat' dir='ltr'><strong>est.</strong></span> <span class='ocrx_word' id='word_1_408' title='bbox 2552 2513 2660 2570; x_wconf 88' lang='lat' dir='ltr'><strong>Ore</strong></span> <span class='ocrx_word' id='word_1_409' title='bbox 2717 2514 2861 2569; x_wconf 81' lang='lat' dir='ltr'><strong>enim</strong></span> <span class='ocrx_word' id='word_1_410' title='bbox 2896 2514 2963 2569; x_wconf 84' lang='lat' dir='ltr'><strong>ad</strong></span> <span class='ocrx_word' id='word_1_411' title='bbox 3013 2528 3077 2569; x_wconf 90' lang='lat' dir='ltr'><strong>os</strong></span> <span class='ocrx_word' id='word_1_412' title='bbox 3112 2526 3212 2567; x_wconf 90' lang='lat' dir='ltr'><strong>nos</strong></span> <span class='ocrx_word' id='word_1_413' title='bbox 3254 2518 3340 2566; x_wconf 87' lang='lat' dir='ltr'><strong>est</strong></span> <span class='ocrx_word' id='word_1_414' title='bbox 3384 2509 3673 2564; x_wconf 88' lang='lat' dir='ltr'><strong>allocutus.</strong></span> 
     </span>
    </p>
   </div>
   <div class='ocr_carea' id='block_1_55' title="bbox 2082 2599 3672 2688">
    <p class='ocr_par' dir='ltr' id='par_1_55' title="bbox 2082 2599 3672 2688">
     <span class='ocr_line' id='line_1_55' title="bbox 2082 2599 3672 2688; baseline -0.009 -23"><span class='ocrx_word' id='word_1_415' title='bbox 2082 2609 2309 2679; x_wconf 84' lang='lat' dir='ltr'><strong>Quando</strong></span> <span class='ocrx_word' id='word_1_416' title='bbox 2331 2608 2520 2688; x_wconf 72' lang='lat' dir='ltr'><strong>igitur,</strong></span> <span class='ocrx_word' id='word_1_417' title='bbox 2541 2606 2740 2678; x_wconf 91' lang='lat' dir='ltr'><strong>inquit,</strong></span> <span class='ocrx_word' id='word_1_418' title='bbox 2764 2605 2833 2660; x_wconf 88' lang='lat' dir='ltr'><strong>ab</strong></span> <span class='ocrx_word' id='word_1_419' title='bbox 2860 2605 3006 2662; x_wconf 90' lang='lat' dir='ltr'><strong>omni</strong></span> <span class='ocrx_word' id='word_1_420' title='bbox 3031 2602 3300 2674; x_wconf 66' lang='lat' dir='ltr'><strong>iniustitia</strong></span> <span class='ocrx_word' id='word_1_421' title='bbox 3353 2599 3672 2668; x_wconf 79' lang='lat' dir='ltr'><strong>recesseris,</strong></span> 
     </span>
    </p>
   </div>
   <div class='ocr_carea' id='block_1_56' title="bbox 2082 2695 3673 2760">
    <p class='ocr_par' dir='ltr' id='par_1_56' title="bbox 2082 2695 3673 2760">
     <span class='ocr_line' id='line_1_56' title="bbox 2082 2695 3673 2760; baseline -0.009 -3"><span class='ocrx_word' id='word_1_422' title='bbox 2082 2710 2135 2757; x_wconf 87' lang='lat' dir='ltr'><strong>et</strong></span> <span class='ocrx_word' id='word_1_423' title='bbox 2164 2717 2196 2757; x_wconf 87' lang='lat' dir='ltr'><strong>a</strong></span> <span class='ocrx_word' id='word_1_424' title='bbox 2227 2700 2392 2756; x_wconf 85' lang='lat' dir='ltr'><strong>rebus</strong></span> <span class='ocrx_word' id='word_1_425' title='bbox 2428 2699 2586 2754; x_wconf 83' lang='lat' dir='ltr'><strong>malis</strong></span> <span class='ocrx_word' id='word_1_426' title='bbox 2617 2718 2630 2753; x_wconf 93' lang='lat'>:</span> <span class='ocrx_word' id='word_1_427' title='bbox 2663 2709 2774 2752; x_wconf 91' lang='lat' dir='ltr'><strong>tum</strong></span> <span class='ocrx_word' id='word_1_428' title='bbox 2809 2708 2914 2751; x_wconf 86' lang='lat' dir='ltr'><strong>non</strong></span> <span class='ocrx_word' id='word_1_429' title='bbox 2957 2695 3198 2760; x_wconf 80' lang='lat' dir='ltr'><strong>timebis,</strong></span> <span class='ocrx_word' id='word_1_430' title='bbox 3230 2702 3281 2748; x_wconf 91' lang='lat' dir='ltr'><strong>et</strong></span> <span class='ocrx_word' id='word_1_431' title='bbox 3330 2701 3537 2746; x_wconf 89' lang='lat' dir='ltr'><strong>tremor</strong></span> <span class='ocrx_word' id='word_1_432' title='bbox 3566 2705 3673 2744; x_wconf 92' lang='lat' dir='ltr'><strong>non</strong></span> 
     </span>
    </p>
   </div>
   <div class='ocr_carea' id='block_1_57' title="bbox 2082 2783 3675 2863">
    <p class='ocr_par' dir='ltr' id='par_1_57' title="bbox 2082 2783 3675 2863">
     <span class='ocr_line' id='line_1_57' title="bbox 2082 2783 3675 2863; baseline -0.008 -16"><span class='ocrx_word' id='word_1_433' title='bbox 2082 2791 2540 2863; x_wconf 83' lang='lat' dir='ltr'><strong>appropinquabit</strong></span> <span class='ocrx_word' id='word_1_434' title='bbox 2591 2789 2712 2844; x_wconf 92' lang='lat' dir='ltr'><strong>tibi.</strong></span> <span class='ocrx_word' id='word_1_435' title='bbox 2761 2786 2873 2844; x_wconf 86' lang='lat' dir='ltr'><strong>Nec</strong></span> <span class='ocrx_word' id='word_1_436' title='bbox 2898 2788 3044 2842; x_wconf 91' lang='lat' dir='ltr'><strong>enim</strong></span> <span class='ocrx_word' id='word_1_437' title='bbox 3080 2788 3191 2842; x_wconf 90' lang='lat' dir='ltr'><strong>eris</strong></span> <span class='ocrx_word' id='word_1_438' title='bbox 3225 2783 3475 2841; x_wconf 76' lang='lat' dir='ltr'><strong>hostibus</strong></span> <span class='ocrx_word' id='word_1_439' title='bbox 3504 2794 3675 2849; x_wconf 78' lang='lat' dir='ltr'><strong>expo-</strong></span> 
     </span>
    </p>
   </div>
   <div class='ocr_carea' id='block_1_58' title="bbox 2081 2875 3674 2950">
    <p class='ocr_par' dir='ltr' id='par_1_58' title="bbox 2081 2875 3674 2950">
     <span class='ocr_line' id='line_1_58' title="bbox 2081 2875 3674 2950; baseline -0.009 -9"><span class='ocrx_word' id='word_1_440' title='bbox 2081 2886 2240 2950; x_wconf 86' lang='lat' dir='ltr'><strong>situs,</strong></span> <span class='ocrx_word' id='word_1_441' title='bbox 2274 2894 2329 2940; x_wconf 89' lang='lat' dir='ltr'><strong>ct</strong></span> <span class='ocrx_word' id='word_1_442' title='bbox 2356 2895 2510 2938; x_wconf 78' lang='lat' dir='ltr'><strong>extra</strong></span> <span class='ocrx_word' id='word_1_443' title='bbox 2537 2898 2752 2937; x_wconf 84' lang='lat' dir='ltr'><strong>omnem</strong></span> <span class='ocrx_word' id='word_1_444' title='bbox 2783 2891 2989 2937; x_wconf 89' lang='lat' dir='ltr'><strong>metum</strong></span> <span class='ocrx_word' id='word_1_445' title='bbox 3025 2880 3156 2945; x_wconf 89' lang='lat' dir='ltr'><strong>eris,</strong></span> <span class='ocrx_word' id='word_1_446' title='bbox 3188 2877 3407 2933; x_wconf 88' lang='lat' dir='ltr'><strong>etiamsi</strong></span> <span class='ocrx_word' id='word_1_447' title='bbox 3448 2875 3674 2946; x_wconf 86' lang='lat' dir='ltr'><strong>quidam</strong></span> 
     </span>
    </p>
   </div>
   <div class='ocr_carea' id='block_1_59' title="bbox 2082 2971 3677 3039">
    <p class='ocr_par' dir='ltr' id='par_1_59' title="bbox 2082 2971 3677 3039">
     <span class='ocr_line' id='line_1_59' title="bbox 2082 2971 3677 3039; baseline -0.008 -8"><span class='ocrx_word' id='word_1_448' title='bbox 2082 2977 2138 3031; x_wconf 90' lang='lat' dir='ltr'><strong>in</strong></span> <span class='ocrx_word' id='word_1_449' title='bbox 2187 2976 2392 3031; x_wconf 91' lang='lat' dir='ltr'><strong>mundo</strong></span> <span class='ocrx_word' id='word_1_450' title='bbox 2424 2982 2710 3029; x_wconf 89' lang='lat' dir='ltr'><strong>armentur</strong></span> <span class='ocrx_word' id='word_1_451' title='bbox 2746 2983 2937 3029; x_wconf 87' lang='lat' dir='ltr'><strong>contra</strong></span> <span class='ocrx_word' id='word_1_452' title='bbox 2976 2982 3050 3039; x_wconf 92' lang='lat' dir='ltr'><strong>te,</strong></span> <span class='ocrx_word' id='word_1_453' title='bbox 3084 2981 3139 3028; x_wconf 88' lang='lat' dir='ltr'><strong>et</strong></span> <span class='ocrx_word' id='word_1_454' title='bbox 3179 2971 3364 3027; x_wconf 84' lang='lat' dir='ltr'><strong>delere</strong></span> <span class='ocrx_word' id='word_1_455' title='bbox 3406 2974 3677 3034; x_wconf 85' lang='lat' dir='ltr'><strong>statuant,</strong></span> 
     </span>
    </p>
   </div>
   <div class='ocr_carea' id='block_1_60' title="bbox 2090 3060 3680 3139">
    <p class='ocr_par' dir='ltr' id='par_1_60' title="bbox 2090 3060 3680 3139">
     <span class='ocr_line' id='line_1_60' title="bbox 2090 3060 3680 3139; baseline -0.008 -15"><span class='ocrx_word' id='word_1_456' title='bbox 2090 3083 2303 3124; x_wconf 80' lang='lat' dir='ltr'><strong>summa</strong></span> <span class='ocrx_word' id='word_1_457' title='bbox 2338 3076 2614 3139; x_wconf 79' lang='lat' dir='ltr'><strong>potestate</strong></span> <span class='ocrx_word' id='word_1_458' title='bbox 2657 3066 2868 3136; x_wconf 65' lang='lat' dir='ltr'><strong>praaditi</strong></span> <span class='ocrx_word' id='word_1_459' title='bbox 2895 3083 2910 3121; x_wconf 92' lang='lat'><strong>:</strong></span> <span class='ocrx_word' id='word_1_460' title='bbox 2940 3065 3025 3122; x_wconf 85' lang='lat' dir='ltr'><strong>vel</strong></span> <span class='ocrx_word' id='word_1_461' title='bbox 3051 3065 3217 3120; x_wconf 82' lang='lat' dir='ltr'><strong>etiam</strong></span> <span class='ocrx_word' id='word_1_462' title='bbox 3251 3060 3583 3118; x_wconf 73' lang='lat' dir='ltr'><strong>adversariae</strong></span> <span class='ocrx_word' id='word_1_463' title='bbox 3614 3073 3680 3113; x_wconf 86' lang='lat' dir='ltr'><strong>ac</strong></span> 
     </span>
    </p>
   </div>
   <div class='ocr_carea' id='block_1_61' title="bbox 2085 3154 3678 3230">
    <p class='ocr_par' dir='ltr' id='par_1_61' title="bbox 2085 3154 3678 3230">
     <span class='ocr_line' id='line_1_61' title="bbox 2085 3154 3678 3230; baseline -0.005 -16"><span class='ocrx_word' id='word_1_464' title='bbox 2085 3159 2240 3215; x_wconf 75' lang='lat' dir='ltr'><strong>mala:</strong></span> <span class='ocrx_word' id='word_1_465' title='bbox 2268 3167 2606 3230; x_wconf 85' lang='lat' dir='ltr'><strong>potestates;</strong></span> <span class='ocrx_word' id='word_1_466' title='bbox 2642 3159 2727 3213; x_wconf 90' lang='lat' dir='ltr'><strong>vel</strong></span> <span class='ocrx_word' id='word_1_467' title='bbox 2765 3159 3021 3214; x_wconf 82' lang='lat' dir='ltr'><strong>fortassis</strong></span> <span class='ocrx_word' id='word_1_468' title='bbox 3053 3159 3208 3214; x_wconf 67' lang='lat' dir='ltr'><strong>[ted-.1:</strong></span> <span class='ocrx_word' id='word_1_469' title='bbox 3239 3173 3305 3221; x_wconf 74' lang='lat' dir='ltr'><strong>ac</strong></span> <span class='ocrx_word' id='word_1_470' title='bbox 3341 3154 3678 3211; x_wconf 71' lang='lat' dir='ltr'><strong>detestandae</strong></span> 
     </span>
    </p>
   </div>
   <div class='ocr_carea' id='block_1_62' title="bbox 375 3234 1979 3347">
    <p class='ocr_par' dir='ltr' id='par_1_62' title="bbox 375 3234 1979 3312">
     <span class='ocr_line' id='line_1_62' title="bbox 375 3234 1979 3312; baseline 0.006 -26"><span class='ocrx_word' id='word_1_471' title='bbox 375 3234 543 3303; x_wconf 74' lang='grc' dir='ltr'>νηραὶ</span> <span class='ocrx_word' id='word_1_472' title='bbox 597 3234 941 3306; x_wconf 79' lang='grc' dir='ltr'>δυνάμεις,ῆ</span> <span class='ocrx_word' id='word_1_473' title='bbox 975 3236 1117 3307; x_wconf 85' lang='grc' dir='ltr'>τάχα</span> <span class='ocrx_word' id='word_1_474' title='bbox 1148 3254 1251 3291; x_wconf 90' lang='grc' dir='ltr'>που</span> <span class='ocrx_word' id='word_1_475' title='bbox 1294 3240 1387 3292; x_wconf 78' lang='grc' dir='ltr'>καὶ</span> <span class='ocrx_word' id='word_1_476' title='bbox 1429 3239 1569 3293; x_wconf 82' lang='grc' dir='ltr'>αὐτὰ</span> <span class='ocrx_word' id='word_1_477' title='bbox 1608 3240 1708 3312; x_wconf 85' lang='grc' dir='ltr'><strong>τῆς</strong></span> <span class='ocrx_word' id='word_1_478' title='bbox 1745 3242 1979 3296; x_wconf 84' lang='grc' dir='ltr'>ὲκτόπου</span> 
     </span>
    </p>
   </div>
   <div class='ocr_carea' id='block_1_63' title="bbox 2082 3234 3677 3347">
    <p class='ocr_par' dir='ltr' id='par_1_63' title="bbox 2086 3243 3677 3321">
     <span class='ocr_line' id='line_1_63' title="bbox 2086 3243 3677 3321; baseline -0.002 -18"><span class='ocrx_word' id='word_1_479' title='bbox 2086 3252 2385 3319; x_wconf 79' lang='lat' dir='ltr'><strong>voluptatis</strong></span> <span class='ocrx_word' id='word_1_480' title='bbox 2430 3250 2646 3316; x_wconf 78' lang='lat' dir='ltr'><strong>ﬂuctus,</strong></span> <span class='ocrx_word' id='word_1_481' title='bbox 2885 3251 2975 3319; x_wconf 87' lang='lat' dir='ltr'><strong>qui</strong></span> <span class='ocrx_word' id='word_1_482' title='bbox 3003 3250 3149 3304; x_wconf 78' lang='lat' dir='ltr'><strong>vitiis</strong></span> <span class='ocrx_word' id='word_1_483' title='bbox 3193 3249 3404 3304; x_wconf 86' lang='lat' dir='ltr'><strong>deditos</strong></span> <span class='ocrx_word' id='word_1_484' title='bbox 3455 3247 3507 3301; x_wconf 86' lang='lat' dir='ltr'><strong>in</strong></span> <span class='ocrx_word' id='word_1_485' title='bbox 3557 3243 3677 3302; x_wconf 87' lang='lat' dir='ltr'><strong>orci</strong></span> 
     </span>
    </p>
   </div>
   <div class='ocr_carea' id='block_1_64' title="bbox 372 3327 1975 3402">
    <p class='ocr_par' dir='ltr' id='par_1_64' title="bbox 372 3327 1975 3402">
     <span class='ocr_line' id='line_1_64' title="bbox 372 3327 1975 3402; baseline 0.003 -21"><span class='ocrx_word' id='word_1_486' title='bbox 372 3327 469 3381; x_wconf 68' lang='grc' dir='ltr'>καὶ</span> <span class='ocrx_word' id='word_1_487' title='bbox 499 3329 754 3398; x_wconf 81' lang='grc' dir='ltr'>μυσαρᾶς</span> <span class='ocrx_word' id='word_1_488' title='bbox 790 3327 986 3398; x_wconf 76' lang='grc' dir='ltr'>ἡδονῆς</span> <span class='ocrx_word' id='word_1_489' title='bbox 1021 3328 1091 3382; x_wconf 74' lang='grc' dir='ltr'><strong>τὰ</strong></span> <span class='ocrx_word' id='word_1_490' title='bbox 1131 3329 1374 3400; x_wconf 78' lang='grc' dir='ltr'>κύματα,</span> <span class='ocrx_word' id='word_1_491' title='bbox 1405 3330 1645 3402; x_wconf 83' lang='grc' dir='ltr'>φέροντα</span> <span class='ocrx_word' id='word_1_492' title='bbox 1677 3334 1804 3395; x_wconf 80' lang='grc' dir='ltr'>τοὺς</span> <span class='ocrx_word' id='word_1_493' title='bbox 1850 3331 1975 3402; x_wconf 85' lang='grc' dir='ltr'>φιλ-</span> 
     </span>
    </p>
   </div>
   <div class='ocr_carea' id='block_1_65' title="bbox 2085 3338 3676 3414">
    <p class='ocr_par' dir='ltr' id='par_1_65' title="bbox 2085 3338 3676 3414">
     <span class='ocr_line' id='line_1_65' title="bbox 2085 3338 3676 3414; baseline -0.003 -18"><span class='ocrx_word' id='word_1_494' title='bbox 2085 3344 2440 3414; x_wconf 78' lang='lat' dir='ltr'><strong>profundum,</strong></span> <span class='ocrx_word' id='word_1_495' title='bbox 2473 3352 2529 3398; x_wconf 91' lang='lat' dir='ltr'><strong>et</strong></span> <span class='ocrx_word' id='word_1_496' title='bbox 2555 3343 2607 3396; x_wconf 93' lang='lat' dir='ltr'><strong>in</strong></span> <span class='ocrx_word' id='word_1_497' title='bbox 2638 3345 2811 3413; x_wconf 91' lang='lat' dir='ltr'><strong>ipsum</strong></span> <span class='ocrx_word' id='word_1_498' title='bbox 2840 3343 2992 3397; x_wconf 80' lang='lat' dir='ltr'><strong>exitii</strong></span> <span class='ocrx_word' id='word_1_499' title='bbox 3025 3342 3345 3397; x_wconf 83' lang='lat' dir='ltr'><strong>barathrum</strong></span> <span class='ocrx_word' id='word_1_500' title='bbox 3373 3338 3676 3406; x_wconf 86' lang='lat' dir='ltr'><strong>abripiunt.</strong></span> 
     </span>
    </p>
   </div>
   <div class='ocr_carea' id='block_1_66' title="bbox 374 3418 1979 3506">
    <p class='ocr_par' dir='ltr' id='par_1_66' title="bbox 374 3418 1976 3492">
     <span class='ocr_line' id='line_1_66' title="bbox 374 3418 1976 3492; baseline 0.004 -21"><span class='ocrx_word' id='word_1_501' title='bbox 374 3420 781 3490; x_wconf 76' lang='grc' dir='ltr'>αμαρτήμονας</span> <span class='ocrx_word' id='word_1_502' title='bbox 827 3421 907 3484; x_wconf 83' lang='grc' dir='ltr'><strong>είς</strong></span> <span class='ocrx_word' id='word_1_503' title='bbox 957 3418 1085 3490; x_wconf 73' lang='grc' dir='ltr'>ᾅδου</span> <span class='ocrx_word' id='word_1_504' title='bbox 1132 3420 1408 3491; x_wconf 78' lang='grc' dir='ltr'>πυθμένα,</span> <span class='ocrx_word' id='word_1_505' title='bbox 1459 3421 1554 3474; x_wconf 72' lang='grc' dir='ltr'>καὶ</span> <span class='ocrx_word' id='word_1_506' title='bbox 1597 3423 1678 3485; x_wconf 83' lang='grc' dir='ltr'><strong>είς</strong></span> <span class='ocrx_word' id='word_1_507' title='bbox 1709 3422 1843 3476; x_wconf 82' lang='grc' dir='ltr'>αὐτὸ</span> <span class='ocrx_word' id='word_1_508' title='bbox 1876 3422 1976 3492; x_wconf 84' lang='grc' dir='ltr'><strong>τῆς</strong></span> 
     </span>
    </p>
   </div>
   <div class='ocr_carea' id='block_1_67' title="bbox 2082 3418 3679 3506">
    <p class='ocr_par' dir='ltr' id='par_1_67' title="bbox 2082 3429 3679 3506">
     <span class='ocr_line' id='line_1_67' title="bbox 2082 3429 3679 3506; baseline -0.006 -14"><span class='ocrx_word' id='word_1_509' title='bbox 2082 3436 2309 3492; x_wconf 63' lang='lat' dir='ltr'><strong>Iustitiae</strong></span> <span class='ocrx_word' id='word_1_510' title='bbox 2344 3452 2473 3506; x_wconf 83' lang='lat' dir='ltr'><strong>ergo</strong></span> <span class='ocrx_word' id='word_1_511' title='bbox 2504 3435 2798 3490; x_wconf 87' lang='lat' dir='ltr'><strong>honoraria</strong></span> <span class='ocrx_word' id='word_1_512' title='bbox 2847 3436 3006 3503; x_wconf 87' lang='lat' dir='ltr'><strong>digna</strong></span> <span class='ocrx_word' id='word_1_513' title='bbox 3038 3440 3169 3489; x_wconf 87' lang='lat' dir='ltr'><strong>sunt</strong></span> <span class='ocrx_word' id='word_1_514' title='bbox 3203 3447 3328 3502; x_wconf 67' lang='lat' dir='ltr'><strong>qum</strong></span> <span class='ocrx_word' id='word_1_515' title='bbox 3368 3429 3679 3500; x_wconf 78' lang='lat' dir='ltr'><strong>apprehen-</strong></span> 
     </span>
    </p>
   </div>
   <div class='ocr_carea' id='block_1_68' title="bbox 375 3510 1976 3586">
    <p class='ocr_par' dir='ltr' id='par_1_68' title="bbox 375 3510 1976 3586">
     <span class='ocr_line' id='line_1_68' title="bbox 375 3510 1976 3586; baseline 0.002 -21"><span class='ocrx_word' id='word_1_516' title='bbox 375 3510 657 3575; x_wconf 85' lang='grc' dir='ltr'>ἀπωλείας</span> <span class='ocrx_word' id='word_1_517' title='bbox 696 3510 756 3564; x_wconf 86' lang='grc' dir='ltr'><strong>τδ</strong></span> <span class='ocrx_word' id='word_1_518' title='bbox 782 3510 933 3565; x_wconf 88' lang='grc' dir='ltr'>κάτω</span> <span class='ocrx_word' id='word_1_519' title='bbox 965 3510 1263 3583; x_wconf 83' lang='grc' dir='ltr'>βάραθρον.</span> <span class='ocrx_word' id='word_1_520' title='bbox 1310 3512 1643 3586; x_wconf 79' lang='grc' dir='ltr'>Ἀξιόληπτα</span> <span class='ocrx_word' id='word_1_521' title='bbox 1666 3513 1848 3568; x_wconf 88' lang='grc' dir='ltr'>τοίνυν</span> <span class='ocrx_word' id='word_1_522' title='bbox 1876 3514 1976 3585; x_wconf 86' lang='grc' dir='ltr'><strong>τῆς</strong></span> 
     </span>
    </p>
   </div>
   <div class='ocr_carea' id='block_1_69' title="bbox 375 3601 1978 3677">
    <p class='ocr_par' dir='ltr' id='par_1_69' title="bbox 375 3601 1978 3677">
     <span class='ocr_line' id='line_1_69' title="bbox 375 3601 1978 3677; baseline 0.004 -22"><span class='ocrx_word' id='word_1_523' title='bbox 375 3601 728 3671; x_wconf 79' lang='grc' dir='ltr'>δικαιοσύνης</span> <span class='ocrx_word' id='word_1_524' title='bbox 768 3602 839 3656; x_wconf 82' lang='grc' dir='ltr'>τὰ</span> <span class='ocrx_word' id='word_1_525' title='bbox 884 3604 1044 3677; x_wconf 83' lang='grc' dir='ltr'>γέρα,</span> <span class='ocrx_word' id='word_1_526' title='bbox 1092 3606 1186 3659; x_wconf 78' lang='grc' dir='ltr'>καὶ</span> <span class='ocrx_word' id='word_1_527' title='bbox 1215 3605 1460 3676; x_wconf 74' lang='grc' dir='ltr'>λαμπροὶ</span> <span class='ocrx_word' id='word_1_528' title='bbox 1495 3606 1594 3677; x_wconf 74' lang='grc' dir='ltr'>μὲν</span> <span class='ocrx_word' id='word_1_529' title='bbox 1624 3606 1745 3661; x_wconf 87' lang='grc' dir='ltr'>λίαν</span> <span class='ocrx_word' id='word_1_530' title='bbox 1778 3610 1826 3661; x_wconf 79' lang='grc' dir='ltr'><strong>οἱ</strong></span> <span class='ocrx_word' id='word_1_531' title='bbox 1857 3607 1978 3661; x_wconf 80' lang='grc' dir='ltr'>στέ-</span> 
     </span>
    </p>
   </div>
   <div class='ocr_carea' id='block_1_70' title="bbox 373 3694 1977 3771">
    <p class='ocr_par' dir='ltr' id='par_1_70' title="bbox 373 3694 1977 3771">
     <span class='ocr_line' id='line_1_70' title="bbox 373 3694 1977 3771; baseline 0.004 -24"><span class='ocrx_word' id='word_1_532' title='bbox 373 3711 565 3762; x_wconf 78' lang='grc' dir='ltr'>φανοι,</span> <span class='ocrx_word' id='word_1_533' title='bbox 609 3694 1043 3767; x_wconf 82' lang='grc' dir='ltr'>τεθαυμασμένη</span> <span class='ocrx_word' id='word_1_534' title='bbox 1095 3696 1152 3750; x_wconf 80' lang='grc' dir='ltr'>δὲ</span> <span class='ocrx_word' id='word_1_535' title='bbox 1210 3697 1364 3768; x_wconf 85' lang='grc' dir='ltr'>παρά</span> <span class='ocrx_word' id='word_1_536' title='bbox 1410 3714 1474 3767; x_wconf 90' lang='grc' dir='ltr'><strong>γε</strong></span> <span class='ocrx_word' id='word_1_537' title='bbox 1526 3700 1641 3761; x_wconf 85' lang='grc' dir='ltr'>τοῖς</span> <span class='ocrx_word' id='word_1_538' title='bbox 1682 3699 1977 3771; x_wconf 82' lang='grc' dir='ltr'>ὰρτίφροσι</span> 
     </span>
    </p>
   </div>
   <div class='ocr_carea' id='block_1_71' title="bbox 370 3785 1978 3863">
    <p class='ocr_par' dir='ltr' id='par_1_71' title="bbox 370 3785 1978 3863">
     <span class='ocr_line' id='line_1_71' title="bbox 370 3785 1978 3863; baseline 0.004 -25"><span class='ocrx_word' id='word_1_539' title='bbox 370 3785 480 3841; x_wconf 85' lang='grc' dir='ltr'><strong>τῶν</strong></span> <span class='ocrx_word' id='word_1_540' title='bbox 512 3786 908 3856; x_wconf 83' lang='grc' dir='ltr'>πνευματικῶν</span> <span class='ocrx_word' id='word_1_541' title='bbox 935 3788 1292 3859; x_wconf 80' lang='grc' dir='ltr'>χαρισμάτων</span> <span class='ocrx_word' id='word_1_542' title='bbox 1321 3791 1354 3861; x_wconf 80' lang='grc' dir='ltr'>ἠ</span> <span class='ocrx_word' id='word_1_543' title='bbox 1388 3792 1605 3861; x_wconf 86' lang='grc' dir='ltr'>κτῆσις.</span> <span class='ocrx_word' id='word_1_544' title='bbox 1623 3790 1978 3863; x_wconf 69' lang='grc' dir='ltr'>Προππὰγει</span> 
     </span>
    </p>
   </div>
   <div class='ocr_carea' id='block_1_72' title="bbox 370 3878 1966 3955">
    <p class='ocr_par' dir='ltr' id='par_1_72' title="bbox 370 3878 1966 3955">
     <span class='ocr_line' id='line_1_72' title="bbox 370 3878 1966 3955; baseline 0.004 -23"><span class='ocrx_word' id='word_1_545' title='bbox 370 3878 427 3934; x_wconf 79' lang='grc' dir='ltr'><strong>δέ</strong></span> <span class='ocrx_word' id='word_1_546' title='bbox 449 3897 507 3939; x_wconf 86' lang='grc' dir='ltr'><strong>τι</strong></span> <span class='ocrx_word' id='word_1_547' title='bbox 531 3880 628 3934; x_wconf 69' lang='grc' dir='ltr'>καὶ</span> <span class='ocrx_word' id='word_1_548' title='bbox 646 3880 836 3948; x_wconf 70' lang='grc' dir='ltr'>ἕτερον</span> <span class='ocrx_word' id='word_1_549' title='bbox 851 3897 865 3911; x_wconf 86' lang='grc'><strong>·</strong></span> <span class='ocrx_word' id='word_1_550' title='bbox 897 3881 1031 3934; x_wconf 81' lang='grc' dir='ltr'><strong>Ἰδοὺ</strong></span> <span class='ocrx_word' id='word_1_551' title='bbox 1053 3881 1384 3953; x_wconf 80' lang='grc' dir='ltr'>προσήλυτοι</span> <span class='ocrx_word' id='word_1_552' title='bbox 1403 3882 1860 3955; x_wconf 81' lang='grc' dir='ltr'>προσελεύσονταί</span> <span class='ocrx_word' id='word_1_553' title='bbox 1884 3901 1966 3938; x_wconf 91' lang='grc' dir='ltr'><strong>σοι</strong></span> 
     </span>
    </p>
   </div>
   <div class='ocr_carea' id='block_1_73' title="bbox 372 3970 1977 4045">
    <p class='ocr_par' dir='ltr' id='par_1_73' title="bbox 372 3970 1977 4045">
     <span class='ocr_line' id='line_1_73' title="bbox 372 3970 1977 4045; baseline 0.003 -21"><span class='ocrx_word' id='word_1_554' title='bbox 372 3970 443 4024; x_wconf 86' lang='grc' dir='ltr'><strong>δι’</strong></span> <span class='ocrx_word' id='word_1_555' title='bbox 470 3970 632 4043; x_wconf 73' lang='grc' dir='ltr'>ἐμοῦ,</span> <span class='ocrx_word' id='word_1_556' title='bbox 660 3973 756 4025; x_wconf 74' lang='grc' dir='ltr'><strong>καὶ</strong></span> <span class='ocrx_word' id='word_1_557' title='bbox 786 3973 880 4025; x_wconf 70' lang='grc' dir='ltr'><strong>ἐπὶ</strong></span> <span class='ocrx_word' id='word_1_558' title='bbox 921 3972 981 4026; x_wconf 77' lang='grc' dir='ltr'>σὲ</span> <span class='ocrx_word' id='word_1_559' title='bbox 1016 3973 1474 4042; x_wconf 73' lang='grc' dir='ltr'>καταφεύξονται.</span> <span class='ocrx_word' id='word_1_560' title='bbox 1498 3974 1885 4045; x_wconf 82' lang='grc' dir='ltr'>Προσηλύτους</span> <span class='ocrx_word' id='word_1_561' title='bbox 1915 3975 1977 4029; x_wconf 87' lang='grc' dir='ltr'><strong>δέ</strong></span> 
     </span>
    </p>
   </div>
   <div class='ocr_carea' id='block_1_74' title="bbox 375 4064 1980 4145">
    <p class='ocr_par' dir='ltr' id='par_1_74' title="bbox 375 4064 1980 4145">
     <span class='ocr_line' id='line_1_74' title="bbox 375 4064 1980 4145; baseline 0.002 -27"><span class='ocrx_word' id='word_1_562' title='bbox 375 4081 566 4138; x_wconf 74' lang='grc' dir='ltr'>φησιν,</span> <span class='ocrx_word' id='word_1_563' title='bbox 602 4064 635 4137; x_wconf 74' lang='grc' dir='ltr'>ἢ</span> <span class='ocrx_word' id='word_1_564' title='bbox 663 4067 791 4129; x_wconf 76' lang='grc' dir='ltr'>τοὺς</span> <span class='ocrx_word' id='word_1_565' title='bbox 821 4068 881 4120; x_wconf 76' lang='grc' dir='ltr'>ἐν</span> <span class='ocrx_word' id='word_1_566' title='bbox 912 4065 1129 4145; x_wconf 67' lang='grc' dir='ltr'>ἑκάστῳ</span> <span class='ocrx_word' id='word_1_567' title='bbox 1169 4066 1357 4144; x_wconf 28' lang='grc' dir='ltr'>καιρῷ.</span> <span class='ocrx_word' id='word_1_568' title='bbox 1397 4067 1726 4135; x_wconf 84' lang='grc' dir='ltr'>προσιόντας</span> <span class='ocrx_word' id='word_1_569' title='bbox 1759 4066 1857 4138; x_wconf 86' lang='grc' dir='ltr'>τὴν</span> <span class='ocrx_word' id='word_1_570' title='bbox 1891 4067 1980 4121; x_wconf 80' lang='grc' dir='ltr'>πί-</span> 
     </span>
    </p>
   </div>
   <div class='ocr_carea' id='block_1_75' title="bbox 372 4140 1979 4231">
    <p class='ocr_par' dir='ltr' id='par_1_75' title="bbox 372 4140 1979 4231">
     <span class='ocr_line' id='line_1_75' title="bbox 372 4140 1979 4231; baseline 0.001 -19"><span class='ocrx_word' id='word_1_571' title='bbox 372 4175 491 4212; x_wconf 86' lang='grc' dir='ltr'>στιν</span> <span class='ocrx_word' id='word_1_572' title='bbox 544 4159 640 4213; x_wconf 79' lang='grc' dir='ltr'>καὶ</span> <span class='ocrx_word' id='word_1_573' title='bbox 678 4140 1050 4231; x_wconf 74' lang='grc' dir='ltr'>καλουμένους</span> <span class='ocrx_word' id='word_1_574' title='bbox 1097 4158 1156 4225; x_wconf 75' lang='grc' dir='ltr'><strong>ἐξ</strong></span> <span class='ocrx_word' id='word_1_575' title='bbox 1213 4140 1407 4222; x_wconf 79' lang='grc' dir='ltr'>ὲθνων,</span> <span class='ocrx_word' id='word_1_576' title='bbox 1456 4159 1489 4229; x_wconf 77' lang='grc' dir='ltr'>ἢ</span> <span class='ocrx_word' id='word_1_577' title='bbox 1529 4158 1672 4228; x_wconf 89' lang='grc' dir='ltr'>τάχα</span> <span class='ocrx_word' id='word_1_578' title='bbox 1722 4176 1825 4212; x_wconf 91' lang='grc' dir='ltr'><strong>που</strong></span> <span class='ocrx_word' id='word_1_579' title='bbox 1882 4160 1979 4213; x_wconf 72' lang='grc' dir='ltr'>καὶ</span> 
     </span>
    </p>
   </div>
   <div class='ocr_carea' id='block_1_76' title="bbox 370 4250 1977 4323">
    <p class='ocr_par' dir='ltr' id='par_1_76' title="bbox 370 4250 1977 4323">
     <span class='ocr_line' id='line_1_76' title="bbox 370 4250 1977 4323; baseline -0.001 -18"><span class='ocrx_word' id='word_1_580' title='bbox 370 4251 573 4316; x_wconf 76' lang='grc' dir='ltr'>αὐτοὺς</span> <span class='ocrx_word' id='word_1_581' title='bbox 606 4252 735 4316; x_wconf 85' lang='grc' dir='ltr'>τοὺς</span> <span class='ocrx_word' id='word_1_582' title='bbox 787 4251 847 4319; x_wconf 72' lang='grc' dir='ltr'><strong>ἐξ</strong></span> <span class='ocrx_word' id='word_1_583' title='bbox 898 4251 1140 4323; x_wconf 73' lang='grc' dir='ltr'>Ἰσραὴλ,</span> <span class='ocrx_word' id='word_1_584' title='bbox 1184 4250 1234 4304; x_wconf 78' lang='grc' dir='ltr'>οἳ</span> <span class='ocrx_word' id='word_1_585' title='bbox 1274 4250 1509 4305; x_wconf 84' lang='grc' dir='ltr'>κατόπιν</span> <span class='ocrx_word' id='word_1_586' title='bbox 1548 4251 1823 4306; x_wconf 78' lang='grc' dir='ltr'>τέθεινται</span> <span class='ocrx_word' id='word_1_587' title='bbox 1868 4251 1977 4304; x_wconf 88' lang='grc' dir='ltr'><strong>τῶν</strong></span> 
     </span>
    </p>
   </div>
   <div class='ocr_carea' id='block_1_77' title="bbox 370 4340 1982 4414">
    <p class='ocr_par' dir='ltr' id='par_1_77' title="bbox 370 4340 1982 4414">
     <span class='ocr_line' id='line_1_77' title="bbox 370 4340 1982 4414; baseline -0.001 -18"><span class='ocrx_word' id='word_1_588' title='bbox 370 4341 565 4407; x_wconf 78' lang='grc' dir='ltr'>ἐθνῶν,</span> <span class='ocrx_word' id='word_1_589' title='bbox 614 4344 793 4398; x_wconf 85' lang='grc' dir='ltr'>καίτοι</span> <span class='ocrx_word' id='word_1_590' title='bbox 847 4342 947 4414; x_wconf 83' lang='grc' dir='ltr'><strong>τὴν</strong></span> <span class='ocrx_word' id='word_1_591' title='bbox 999 4340 1226 4414; x_wconf 83' lang='grc' dir='ltr'>πρώτην</span> <span class='ocrx_word' id='word_1_592' title='bbox 1273 4341 1492 4413; x_wconf 78' lang='grc' dir='ltr'>ἔχοντες</span> <span class='ocrx_word' id='word_1_593' title='bbox 1550 4341 1727 4407; x_wconf 85' lang='grc' dir='ltr'>τάξιν,</span> <span class='ocrx_word' id='word_1_594' title='bbox 1780 4342 1873 4395; x_wconf 73' lang='grc' dir='ltr'>καὶ</span> <span class='ocrx_word' id='word_1_595' title='bbox 1925 4346 1982 4406; x_wconf 76' lang='grc' dir='ltr'><strong>οἳ</strong></span> 
     </span>
    </p>
   </div>
   <div class='ocr_carea' id='block_1_78' title="bbox 369 4433 1974 4508">
    <p class='ocr_par' dir='ltr' id='par_1_78' title="bbox 369 4433 1974 4508">
     <span class='ocr_line' id='line_1_78' title="bbox 369 4433 1974 4508; baseline 0.004 -23"><span class='ocrx_word' id='word_1_596' title='bbox 369 4433 752 4506; x_wconf 78' lang='grc' dir='ltr'>προσηλύτους</span> <span class='ocrx_word' id='word_1_597' title='bbox 806 4435 1090 4506; x_wconf 88' lang='grc' dir='ltr'>δεχόμενοι</span> <span class='ocrx_word' id='word_1_598' title='bbox 1131 4436 1259 4499; x_wconf 78' lang='grc' dir='ltr'>τοὺς</span> <span class='ocrx_word' id='word_1_599' title='bbox 1294 4436 1358 4487; x_wconf 81' lang='grc' dir='ltr'>ἐκ</span> <span class='ocrx_word' id='word_1_600' title='bbox 1401 4433 1611 4505; x_wconf 86' lang='grc' dir='ltr'>πλάνης</span> <span class='ocrx_word' id='word_1_601' title='bbox 1649 4434 1974 4508; x_wconf 81' lang='grc' dir='ltr'>Ἑλληνικῆς</span> 
     </span>
    </p>
   </div>
   <div class='ocr_carea' id='block_1_79' title="bbox 369 4526 1972 4599">
    <p class='ocr_par' dir='ltr' id='par_1_79' title="bbox 369 4526 1972 4599">
     <span class='ocr_line' id='line_1_79' title="bbox 369 4526 1972 4599; baseline 0.001 -19"><span class='ocrx_word' id='word_1_602' title='bbox 369 4526 511 4597; x_wconf 78' lang='grc' dir='ltr'>πρὸς</span> <span class='ocrx_word' id='word_1_603' title='bbox 562 4526 696 4581; x_wconf 73' lang='grc' dir='ltr'>Θεὸν</span> <span class='ocrx_word' id='word_1_604' title='bbox 738 4526 1206 4598; x_wconf 76' lang='grc' dir='ltr'>ἐπιστρέφοντας,</span> <span class='ocrx_word' id='word_1_605' title='bbox 1244 4526 1400 4581; x_wconf 76' lang='grc' dir='ltr'>αὐτοὶ</span> <span class='ocrx_word' id='word_1_606' title='bbox 1434 4527 1772 4599; x_wconf 86' lang='grc' dir='ltr'>προσήλυτοι</span> <span class='ocrx_word' id='word_1_607' title='bbox 1810 4528 1972 4598; x_wconf 77' lang='grc' dir='ltr'>γεγόο</span> 
     </span>
    </p>
   </div>
   <div class='ocr_carea' id='block_1_80' title="bbox 2080 3525 3678 3597">
    <p class='ocr_par' dir='ltr' id='par_1_80' title="bbox 2080 3525 3678 3597">
     <span class='ocr_line' id='line_1_80' title="bbox 2080 3525 3678 3597; baseline -0.008 -10"><span class='ocrx_word' id='word_1_608' title='bbox 2080 3531 2304 3593; x_wconf 85' lang='lat' dir='ltr'><strong>dautur,</strong></span> <span class='ocrx_word' id='word_1_609' title='bbox 2337 3540 2393 3586; x_wconf 90' lang='lat' dir='ltr'><strong>et</strong></span> <span class='ocrx_word' id='word_1_610' title='bbox 2425 3545 2643 3584; x_wconf 71' lang='lat' dir='ltr'><strong>coronre</strong></span> <span class='ocrx_word' id='word_1_611' title='bbox 2680 3528 3068 3584; x_wconf 64' lang='lat' dir='ltr'><strong>illustrissimae</strong></span> <span class='ocrx_word' id='word_1_612' title='bbox 3100 3542 3115 3579; x_wconf 89' lang='lat'><strong>:</strong></span> <span class='ocrx_word' id='word_1_613' title='bbox 3146 3536 3201 3581; x_wconf 89' lang='lat' dir='ltr'><strong>et</strong></span> <span class='ocrx_word' id='word_1_614' title='bbox 3240 3525 3565 3581; x_wconf 86' lang='lat' dir='ltr'><strong>admiranda</strong></span> <span class='ocrx_word' id='word_1_615' title='bbox 3591 3531 3678 3597; x_wconf 81' lang='lat' dir='ltr'><strong>est</strong></span> 
     </span>
    </p>
   </div>
   <div class='ocr_carea' id='block_1_81' title="bbox 2079 3620 3679 3691">
    <p class='ocr_par' dir='ltr' id='par_1_81' title="bbox 2079 3620 3679 3691">
     <span class='ocr_line' id='line_1_81' title="bbox 2079 3620 3679 3691; baseline -0.007 -12"><span class='ocrx_word' id='word_1_616' title='bbox 2079 3623 2319 3679; x_wconf 86' lang='lat' dir='ltr'><strong>cordatis</strong></span> <span class='ocrx_word' id='word_1_617' title='bbox 2358 3623 2675 3679; x_wconf 85' lang='lat' dir='ltr'><strong>hominibus</strong></span> <span class='ocrx_word' id='word_1_618' title='bbox 2724 3620 3092 3691; x_wconf 77' lang='lat' dir='ltr'><strong>spiritualium</strong></span> <span class='ocrx_word' id='word_1_619' title='bbox 3144 3620 3411 3674; x_wconf 88' lang='lat' dir='ltr'><strong>donorum</strong></span> <span class='ocrx_word' id='word_1_620' title='bbox 3460 3629 3679 3686; x_wconf 83' lang='lat' dir='ltr'><strong>posses-</strong></span> 
     </span>
    </p>
   </div>
   <div class='ocr_carea' id='block_1_82' title="bbox 2080 3705 3677 3782">
    <p class='ocr_par' dir='ltr' id='par_1_82' title="bbox 2080 3705 3677 3782">
     <span class='ocr_line' id='line_1_82' title="bbox 2080 3705 3677 3782; baseline -0.006 -13"><span class='ocrx_word' id='word_1_621' title='bbox 2080 3714 2182 3770; x_wconf 86' lang='lat' dir='ltr'><strong>sio.</strong></span> <span class='ocrx_word' id='word_1_622' title='bbox 2255 3712 2493 3768; x_wconf 87' lang='lat' dir='ltr'><strong>Adducit</strong></span> <span class='ocrx_word' id='word_1_623' title='bbox 2549 3721 2605 3767; x_wconf 89' lang='lat' dir='ltr'><strong>et</strong></span> <span class='ocrx_word' id='word_1_624' title='bbox 2662 3712 2807 3768; x_wconf 90' lang='lat' dir='ltr'><strong>aliud</strong></span> <span class='ocrx_word' id='word_1_625' title='bbox 2859 3711 3167 3782; x_wconf 88' lang='lat' dir='ltr'><strong>quiddam:</strong></span> <span class='ocrx_word' id='word_1_626' title='bbox 3218 3710 3358 3764; x_wconf 86' lang='lat' dir='ltr'><strong>Ecce</strong></span> <span class='ocrx_word' id='word_1_627' title='bbox 3411 3705 3677 3777; x_wconf 86' lang='lat' dir='ltr'><strong>proselyti</strong></span> 
     </span>
    </p>
   </div>
   <div class='ocr_carea' id='block_1_83' title="bbox 2082 3796 3678 3873">
    <p class='ocr_par' dir='ltr' id='par_1_83' title="bbox 2082 3796 3678 3873">
     <span class='ocr_line' id='line_1_83' title="bbox 2082 3796 3678 3873; baseline -0.005 -14"><span class='ocrx_word' id='word_1_628' title='bbox 2082 3806 2346 3861; x_wconf 88' lang='lat' dir='ltr'><strong>accedent</strong></span> <span class='ocrx_word' id='word_1_629' title='bbox 2374 3806 2442 3860; x_wconf 87' lang='lat' dir='ltr'><strong>ad</strong></span> <span class='ocrx_word' id='word_1_630' title='bbox 2479 3816 2532 3860; x_wconf 88' lang='lat' dir='ltr'><strong>te</strong></span> <span class='ocrx_word' id='word_1_631' title='bbox 2572 3820 2668 3873; x_wconf 87' lang='lat' dir='ltr'><strong>per</strong></span> <span class='ocrx_word' id='word_1_632' title='bbox 2699 3820 2806 3870; x_wconf 89' lang='lat' dir='ltr'><strong>me,</strong></span> <span class='ocrx_word' id='word_1_633' title='bbox 2839 3815 2895 3861; x_wconf 88' lang='lat' dir='ltr'><strong>et</strong></span> <span class='ocrx_word' id='word_1_634' title='bbox 2932 3804 3000 3859; x_wconf 89' lang='lat' dir='ltr'><strong>ad</strong></span> <span class='ocrx_word' id='word_1_635' title='bbox 3032 3812 3085 3858; x_wconf 86' lang='lat' dir='ltr'><strong>te</strong></span> <span class='ocrx_word' id='word_1_636' title='bbox 3113 3800 3449 3871; x_wconf 77' lang='lat' dir='ltr'><strong>confugient.</strong></span> <span class='ocrx_word' id='word_1_637' title='bbox 3483 3796 3678 3853; x_wconf 82' lang='lat' dir='ltr'><strong>Prose-</strong></span> 
     </span>
    </p>
   </div>
   <div class='ocr_carea' id='block_1_84' title="bbox 2083 3892 3677 3970">
    <p class='ocr_par' dir='ltr' id='par_1_84' title="bbox 2083 3892 3677 3970">
     <span class='ocr_line' id='line_1_84' title="bbox 2083 3892 3677 3970; baseline -0.006 -18"><span class='ocrx_word' id='word_1_638' title='bbox 2083 3899 2225 3970; x_wconf 86' lang='lat' dir='ltr'><strong>lytos</strong></span> <span class='ocrx_word' id='word_1_639' title='bbox 2252 3908 2433 3963; x_wconf 86' lang='lat' dir='ltr'><strong>vocat,</strong></span> <span class='ocrx_word' id='word_1_640' title='bbox 2453 3898 2541 3953; x_wconf 90' lang='lat' dir='ltr'><strong>vel</strong></span> <span class='ocrx_word' id='word_1_641' title='bbox 2566 3899 2761 3968; x_wconf 92' lang='lat' dir='ltr'><strong>quovis</strong></span> <span class='ocrx_word' id='word_1_642' title='bbox 2784 3907 3028 3967; x_wconf 87' lang='lat' dir='ltr'><strong>tempore</strong></span> <span class='ocrx_word' id='word_1_643' title='bbox 3057 3897 3386 3952; x_wconf 70' lang='lat' dir='ltr'><strong>accedentes</strong></span> <span class='ocrx_word' id='word_1_644' title='bbox 3404 3893 3468 3947; x_wconf 85' lang='lat' dir='ltr'><strong>ad</strong></span> <span class='ocrx_word' id='word_1_645' title='bbox 3496 3892 3677 3952; x_wconf 85' lang='lat' dir='ltr'><strong>tidem.</strong></span> 
     </span>
    </p>
   </div>
   <div class='ocr_carea' id='block_1_85' title="bbox 2081 3983 3680 4059">
    <p class='ocr_par' dir='ltr' id='par_1_85' title="bbox 2081 3983 3680 4059">
     <span class='ocr_line' id='line_1_85' title="bbox 2081 3983 3680 4059; baseline -0.008 -12"><span class='ocrx_word' id='word_1_646' title='bbox 2081 4000 2137 4047; x_wconf 87' lang='lat' dir='ltr'><strong>et</strong></span> <span class='ocrx_word' id='word_1_647' title='bbox 2169 4001 2398 4047; x_wconf 87' lang='lat' dir='ltr'><strong>vocatos</strong></span> <span class='ocrx_word' id='word_1_648' title='bbox 2442 4005 2510 4046; x_wconf 81' lang='lat' dir='ltr'><strong>ex</strong></span> <span class='ocrx_word' id='word_1_649' title='bbox 2557 3992 2838 4059; x_wconf 74' lang='lat' dir='ltr'><strong>gentibus,</strong></span> <span class='ocrx_word' id='word_1_650' title='bbox 2871 3991 2956 4044; x_wconf 89' lang='lat' dir='ltr'><strong>vel</strong></span> <span class='ocrx_word' id='word_1_651' title='bbox 2991 3989 3159 4044; x_wconf 87' lang='lat' dir='ltr'><strong>etiam</strong></span> <span class='ocrx_word' id='word_1_652' title='bbox 3207 3986 3350 4041; x_wconf 82' lang='lat' dir='ltr'><strong>forte</strong></span> <span class='ocrx_word' id='word_1_653' title='bbox 3398 3983 3680 4038; x_wconf 78' lang='lat' dir='ltr'><strong>lsraelitas</strong></span> 
     </span>
    </p>
   </div>
   <div class='ocr_carea' id='block_1_86' title="bbox 2081 4075 3676 4153">
    <p class='ocr_par' dir='ltr' id='par_1_86' title="bbox 2081 4075 3676 4153">
     <span class='ocr_line' id='line_1_86' title="bbox 2081 4075 3676 4153; baseline -0.008 -14"><span class='ocrx_word' id='word_1_654' title='bbox 2081 4084 2255 4153; x_wconf 87' lang='lat' dir='ltr'><strong>ipsos,</strong></span> <span class='ocrx_word' id='word_1_655' title='bbox 2280 4085 2372 4152; x_wconf 90' lang='lat' dir='ltr'><strong>qui</strong></span> <span class='ocrx_word' id='word_1_656' title='bbox 2406 4084 2660 4152; x_wconf 72' lang='lat' dir='ltr'><strong>gentibus</strong></span> <span class='ocrx_word' id='word_1_657' title='bbox 2694 4081 2982 4151; x_wconf 87' lang='lat' dir='ltr'><strong>postpositi</strong></span> <span class='ocrx_word' id='word_1_658' title='bbox 3015 4088 3162 4145; x_wconf 85' lang='lat' dir='ltr'><strong>stmt,</strong></span> <span class='ocrx_word' id='word_1_659' title='bbox 3191 4076 3406 4133; x_wconf 80' lang='lat' dir='ltr'><strong>etiamsi</strong></span> <span class='ocrx_word' id='word_1_660' title='bbox 3440 4075 3676 4145; x_wconf 89' lang='lat' dir='ltr'><strong>primum</strong></span> 
     </span>
    </p>
   </div>
   <div class='ocr_carea' id='block_1_87' title="bbox 2081 4166 3679 4243">
    <p class='ocr_par' dir='ltr' id='par_1_87' title="bbox 2081 4166 3679 4243">
     <span class='ocr_line' id='line_1_87' title="bbox 2081 4166 3679 4243; baseline -0.006 -14"><span class='ocrx_word' id='word_1_661' title='bbox 2081 4175 2328 4230; x_wconf 89' lang='lat' dir='ltr'><strong>ordinem</strong></span> <span class='ocrx_word' id='word_1_662' title='bbox 2358 4184 2606 4230; x_wconf 85' lang='lat' dir='ltr'><strong>tenerent</strong></span> <span class='ocrx_word' id='word_1_663' title='bbox 2632 4191 2648 4242; x_wconf 86' lang='lat'><strong>;</strong></span> <span class='ocrx_word' id='word_1_664' title='bbox 2690 4183 2745 4229; x_wconf 87' lang='lat' dir='ltr'><strong>et</strong></span> <span class='ocrx_word' id='word_1_665' title='bbox 2776 4175 2867 4243; x_wconf 91' lang='lat' dir='ltr'><strong>qui</strong></span> <span class='ocrx_word' id='word_1_666' title='bbox 2897 4181 3228 4242; x_wconf 85' lang='lat' dir='ltr'><strong>acceperunt</strong></span> <span class='ocrx_word' id='word_1_667' title='bbox 3262 4170 3570 4240; x_wconf 79' lang='lat' dir='ltr'><strong>proselytos</strong></span> <span class='ocrx_word' id='word_1_668' title='bbox 3609 4166 3679 4220; x_wconf 88' lang='lat' dir='ltr'><strong>ab</strong></span> 
     </span>
    </p>
   </div>
   <div class='ocr_carea' id='block_1_88' title="bbox 2082 4263 3680 4337">
    <p class='ocr_par' dir='ltr' id='par_1_88' title="bbox 2082 4263 3680 4337">
     <span class='ocr_line' id='line_1_88' title="bbox 2082 4263 3680 4337; baseline -0.006 -13"><span class='ocrx_word' id='word_1_669' title='bbox 2082 4283 2274 4324; x_wconf 88' lang='lat' dir='ltr'><strong>errore</strong></span> <span class='ocrx_word' id='word_1_670' title='bbox 2315 4270 2504 4337; x_wconf 87' lang='lat' dir='ltr'><strong>gentili</strong></span> <span class='ocrx_word' id='word_1_671' title='bbox 2554 4270 2623 4324; x_wconf 89' lang='lat' dir='ltr'><strong>ad</strong></span> <span class='ocrx_word' id='word_1_672' title='bbox 2670 4271 2839 4324; x_wconf 87' lang='lat' dir='ltr'><strong>Deum</strong></span> <span class='ocrx_word' id='word_1_673' title='bbox 2894 4283 3179 4334; x_wconf 89' lang='lat' dir='ltr'><strong>reversos,</strong></span> <span class='ocrx_word' id='word_1_674' title='bbox 3216 4266 3320 4336; x_wconf 91' lang='lat' dir='ltr'><strong>ipsi</strong></span> <span class='ocrx_word' id='word_1_675' title='bbox 3375 4263 3504 4318; x_wconf 81' lang='lat' dir='ltr'><strong>facti</strong></span> <span class='ocrx_word' id='word_1_676' title='bbox 3548 4269 3680 4318; x_wconf 89' lang='lat' dir='ltr'><strong>sunt</strong></span> 
     </span>
    </p>
   </div>
   <div class='ocr_carea' id='block_1_89' title="bbox 2081 4351 3677 4429">
    <p class='ocr_par' dir='ltr' id='par_1_89' title="bbox 2081 4351 3677 4429">
     <span class='ocr_line' id='line_1_89' title="bbox 2081 4351 3677 4429; baseline -0.005 -17"><span class='ocrx_word' id='word_1_677' title='bbox 2081 4357 2345 4428; x_wconf 88' lang='lat' dir='ltr'><strong>proselyti</strong></span> <span class='ocrx_word' id='word_1_678' title='bbox 2385 4359 2628 4429; x_wconf 81' lang='lat' dir='ltr'><strong>gentium</strong></span> <span class='ocrx_word' id='word_1_679' title='bbox 2659 4377 2675 4417; x_wconf 87' lang='lat'><strong>:</strong></span> <span class='ocrx_word' id='word_1_680' title='bbox 2710 4368 2955 4412; x_wconf 87' lang='lat' dir='ltr'><strong>attamen</strong></span> <span class='ocrx_word' id='word_1_681' title='bbox 2989 4358 3153 4413; x_wconf 87' lang='lat' dir='ltr'><strong>etiam</strong></span> <span class='ocrx_word' id='word_1_682' title='bbox 3190 4370 3286 4425; x_wconf 91' lang='lat' dir='ltr'><strong>per</strong></span> <span class='ocrx_word' id='word_1_683' title='bbox 3312 4355 3591 4410; x_wconf 81' lang='lat' dir='ltr'><strong>Christum</strong></span> <span class='ocrx_word' id='word_1_684' title='bbox 3625 4351 3677 4405; x_wconf 88' lang='lat' dir='ltr'><strong>id</strong></span> 
     </span>
    </p>
   </div>
   <div class='ocr_carea' id='block_1_90' title="bbox 2081 4446 3676 4519">
    <p class='ocr_par' dir='ltr' id='par_1_90' title="bbox 2081 4446 3676 4519">
     <span class='ocr_line' id='line_1_90' title="bbox 2081 4446 3676 4519; baseline -0.003 -18"><span class='ocrx_word' id='word_1_685' title='bbox 2081 4449 2365 4503; x_wconf 88' lang='lat' dir='ltr'><strong>consecuti</strong></span> <span class='ocrx_word' id='word_1_686' title='bbox 2419 4459 2569 4505; x_wconf 88' lang='lat' dir='ltr'><strong>sunt.</strong></span> <span class='ocrx_word' id='word_1_687' title='bbox 2607 4449 2721 4505; x_wconf 85' lang='lat' dir='ltr'><strong>Hoc</strong></span> <span class='ocrx_word' id='word_1_688' title='bbox 2747 4450 2895 4504; x_wconf 91' lang='lat' dir='ltr'><strong>enim</strong></span> <span class='ocrx_word' id='word_1_689' title='bbox 2931 4448 3206 4519; x_wconf 76' lang='lat' dir='ltr'><strong>signiﬁcat</strong></span> <span class='ocrx_word' id='word_1_690' title='bbox 3246 4446 3398 4511; x_wconf 83' lang='lat' dir='ltr'><strong>illud,</strong></span> <span class='ocrx_word' id='word_1_691' title='bbox 3436 4459 3533 4514; x_wconf 89' lang='lat' dir='ltr'><strong>per</strong></span> <span class='ocrx_word' id='word_1_692' title='bbox 3568 4457 3676 4496; x_wconf 91' lang='lat' dir='ltr'><strong>me.</strong></span> 
     </span>
    </p>
   </div>
   <div class='ocr_carea' id='block_1_91' title="bbox 2081 4535 3677 4610">
    <p class='ocr_par' dir='ltr' id='par_1_91' title="bbox 2081 4535 3677 4610">
     <span class='ocr_line' id='line_1_91' title="bbox 2081 4535 3677 4610; baseline -0.006 -16"><span class='ocrx_word' id='word_1_693' title='bbox 2081 4538 2187 4594; x_wconf 88' lang='lat' dir='ltr'><strong>Per</strong></span> <span class='ocrx_word' id='word_1_694' title='bbox 2214 4539 2391 4610; x_wconf 85' lang='lat' dir='ltr'><strong>ipsqu</strong></span> <span class='ocrx_word' id='word_1_695' title='bbox 2417 4542 2687 4610; x_wconf 83' lang='lat' dir='ltr'><strong>siquidem</strong></span> <span class='ocrx_word' id='word_1_696' title='bbox 2711 4541 2956 4595; x_wconf 90' lang='lat' dir='ltr'><strong>omnium</strong></span> <span class='ocrx_word' id='word_1_697' title='bbox 2987 4550 3073 4597; x_wconf 85' lang='lat' dir='ltr'><strong>est</strong></span> <span class='ocrx_word' id='word_1_698' title='bbox 3099 4539 3342 4594; x_wconf 87' lang='lat' dir='ltr'><strong>reversio</strong></span> <span class='ocrx_word' id='word_1_699' title='bbox 3367 4546 3419 4591; x_wconf 89' lang='lat' dir='ltr'><strong>et</strong></span> <span class='ocrx_word' id='word_1_700' title='bbox 3444 4535 3677 4599; x_wconf 78' lang='lat' dir='ltr'><strong>vocalia,</strong></span> 
     </span>
    </p>
   </div>
   <div class='ocr_carea' id='block_1_92' title="bbox 369 4619 1979 4695">
    <p class='ocr_par' dir='ltr' id='par_1_92' title="bbox 369 4619 1973 4695">
     <span class='ocr_line' id='line_1_92' title="bbox 369 4619 1973 4695; baseline 0.002 -24"><span class='ocrx_word' id='word_1_701' title='bbox 369 4634 493 4672; x_wconf 81' lang='grc' dir='ltr'>νασι</span> <span class='ocrx_word' id='word_1_702' title='bbox 535 4619 645 4674; x_wconf 83' lang='grc' dir='ltr'><strong>τῶν</strong></span> <span class='ocrx_word' id='word_1_703' title='bbox 685 4619 887 4682; x_wconf 75' lang='grc' dir='ltr'>ἐθνῶν,</span> <span class='ocrx_word' id='word_1_704' title='bbox 920 4620 1061 4687; x_wconf 80' lang='grc' dir='ltr'>πλὴν</span> <span class='ocrx_word' id='word_1_705' title='bbox 1097 4622 1192 4674; x_wconf 64' lang='grc' dir='ltr'><strong>καλ⁵</strong></span> <span class='ocrx_word' id='word_1_706' title='bbox 1225 4620 1386 4675; x_wconf 85' lang='grc' dir='ltr'>τοῦτο</span> <span class='ocrx_word' id='word_1_707' title='bbox 1429 4620 1520 4675; x_wconf 82' lang='grc' dir='ltr'><strong>διὰ</strong></span> <span class='ocrx_word' id='word_1_708' title='bbox 1567 4621 1832 4694; x_wconf 80' lang='grc' dir='ltr'>Χριστοῦ.</span> <span class='ocrx_word' id='word_1_709' title='bbox 1868 4623 1973 4695; x_wconf 85' lang='grc' dir='ltr'><strong>Ση-</strong></span> 
     </span>
    </p>
   </div>
   <div class='ocr_carea' id='block_1_93' title="bbox 2082 4619 3681 4695">
    <p class='ocr_par' dir='ltr' id='par_1_93' title="bbox 2082 4625 3681 4691">
     <span class='ocr_line' id='line_1_93' title="bbox 2082 4625 3681 4691; baseline -0.004 -8"><span class='ocrx_word' id='word_1_710' title='bbox 2082 4637 2130 4684; x_wconf 83' lang='grc' dir='ltr'><strong>οῑ</strong></span> <span class='ocrx_word' id='word_1_711' title='bbox 2152 4630 2220 4684; x_wconf 89' lang='lat' dir='ltr'><strong>ad</strong></span> <span class='ocrx_word' id='word_1_712' title='bbox 2253 4630 2420 4684; x_wconf 90' lang='lat' dir='ltr'><strong>Deum</strong></span> <span class='ocrx_word' id='word_1_713' title='bbox 2451 4647 2516 4686; x_wconf 92' lang='lat' dir='ltr'><strong>ac</strong></span> <span class='ocrx_word' id='word_1_714' title='bbox 2541 4632 2753 4686; x_wconf 84' lang='lat' dir='ltr'><strong>Patrem</strong></span> <span class='ocrx_word' id='word_1_715' title='bbox 2789 4646 3064 4687; x_wconf 85' lang='lat' dir='ltr'><strong>accessus.</strong></span> <span class='ocrx_word' id='word_1_716' title='bbox 3099 4649 3118 4683; x_wconf 86' lang='grc'><strong>‹</strong></span> <span class='ocrx_word' id='word_1_717' title='bbox 3151 4629 3319 4685; x_wconf 79' lang='lat' dir='ltr'><strong>Nemo</strong></span> <span class='ocrx_word' id='word_1_718' title='bbox 3348 4628 3518 4691; x_wconf 88' lang='lat' dir='ltr'><strong>enim,</strong></span> <span class='ocrx_word' id='word_1_719' title='bbox 3545 4646 3564 4678; x_wconf 75' lang='grc' dir='ltr'><strong><em>ι</em></strong></span> <span class='ocrx_word' id='word_1_720' title='bbox 3600 4625 3681 4679; x_wconf 88' lang='lat' dir='ltr'><strong>iu-</strong></span> 
     </span>
    </p>
   </div>
   <div class='ocr_carea' id='block_1_94' title="bbox 374 4712 1977 4786">
    <p class='ocr_par' dir='ltr' id='par_1_94' title="bbox 374 4712 1977 4786">
     <span class='ocr_line' id='line_1_94' title="bbox 374 4712 1977 4786; baseline 0.001 -20"><span class='ocrx_word' id='word_1_721' title='bbox 374 4712 555 4783; x_wconf 82' lang='grc' dir='ltr'>μαίνει</span> <span class='ocrx_word' id='word_1_722' title='bbox 581 4713 691 4784; x_wconf 81' lang='grc' dir='ltr'><strong>γὰρ</strong></span> <span class='ocrx_word' id='word_1_723' title='bbox 714 4713 874 4768; x_wconf 79' lang='grc' dir='ltr'>τοῦτο</span> <span class='ocrx_word' id='word_1_724' title='bbox 895 4714 977 4778; x_wconf 76' lang='grc' dir='ltr'>τὸ,</span> <span class='ocrx_word' id='word_1_725' title='bbox 997 4713 1065 4767; x_wconf 79' lang='grc' dir='ltr'>δι’</span> <span class='ocrx_word' id='word_1_726' title='bbox 1090 4713 1248 4783; x_wconf 78' lang='grc' dir='ltr'>ἐμοῦ.</span> <span class='ocrx_word' id='word_1_727' title='bbox 1270 4715 1349 4768; x_wconf 78' lang='grc' dir='ltr'><strong>Δι’</strong></span> <span class='ocrx_word' id='word_1_728' title='bbox 1376 4713 1544 4768; x_wconf 75' lang='grc' dir='ltr'>αὐτοῦ</span> <span class='ocrx_word' id='word_1_729' title='bbox 1566 4715 1726 4786; x_wconf 80' lang='grc' dir='ltr'>γὰρὴ</span> <span class='ocrx_word' id='word_1_730' title='bbox 1757 4715 1977 4770; x_wconf 86' lang='grc' dir='ltr'>πάντων</span> 
     </span>
    </p>
   </div>
   <div class='ocr_carea' id='block_1_95' title="bbox 379 4805 1978 4879">
    <p class='ocr_par' dir='ltr' id='par_1_95' title="bbox 379 4805 1978 4879">
     <span class='ocr_line' id='line_1_95' title="bbox 379 4805 1978 4879; baseline 0.004 -22"><span class='ocrx_word' id='word_1_731' title='bbox 379 4807 688 4876; x_wconf 76' lang='grc' dir='ltr'>ἐπιστροφή</span> <span class='ocrx_word' id='word_1_732' title='bbox 732 4823 790 4859; x_wconf 90' lang='grc' dir='ltr'><strong>τε</strong></span> <span class='ocrx_word' id='word_1_733' title='bbox 836 4806 932 4860; x_wconf 77' lang='grc' dir='ltr'>καὶ</span> <span class='ocrx_word' id='word_1_734' title='bbox 995 4805 1223 4875; x_wconf 82' lang='grc' dir='ltr'>κλῆσις,</span> <span class='ocrx_word' id='word_1_735' title='bbox 1271 4806 1367 4860; x_wconf 70' lang='grc' dir='ltr'>καὶ</span> <span class='ocrx_word' id='word_1_736' title='bbox 1411 4807 1444 4875; x_wconf 85' lang='grc' dir='ltr'><strong>ἡ</strong></span> <span class='ocrx_word' id='word_1_737' title='bbox 1493 4807 1629 4879; x_wconf 84' lang='grc' dir='ltr'>πρὸς</span> <span class='ocrx_word' id='word_1_738' title='bbox 1679 4807 1813 4862; x_wconf 85' lang='grc' dir='ltr'>Θεὸν</span> <span class='ocrx_word' id='word_1_739' title='bbox 1880 4809 1978 4863; x_wconf 74' lang='grc' dir='ltr'><strong>καὶ</strong></span> 
     </span>
    </p>
   </div>
   <div class='ocr_carea' id='block_1_96' title="bbox 2085 4723 3676 4795">
    <p class='ocr_par' dir='ltr' id='par_1_96' title="bbox 2085 4723 3676 4795">
     <span class='ocr_line' id='line_1_96' title="bbox 2085 4723 3676 4795; baseline -0.004 -17"><span class='ocrx_word' id='word_1_740' title='bbox 2085 4723 2226 4795; x_wconf 89' lang='lat' dir='ltr'><strong>quit,</strong></span> <span class='ocrx_word' id='word_1_741' title='bbox 2252 4743 2271 4776; x_wconf 81' lang='grc' dir='ltr'><strong>ι</strong></span> <span class='ocrx_word' id='word_1_742' title='bbox 2295 4725 2439 4781; x_wconf 82' lang='lat' dir='ltr'><strong>venit</strong></span> <span class='ocrx_word' id='word_1_743' title='bbox 2459 4728 2526 4780; x_wconf 83' lang='lat' dir='ltr'><strong>ad</strong></span> <span class='ocrx_word' id='word_1_744' title='bbox 2546 4725 2781 4789; x_wconf 87' lang='lat' dir='ltr'><strong>Patrem,</strong></span> <span class='ocrx_word' id='word_1_745' title='bbox 2806 4726 2907 4781; x_wconf 89' lang='lat' dir='ltr'><strong>nisi</strong></span> <span class='ocrx_word' id='word_1_746' title='bbox 2940 4741 3138 4792; x_wconf 79' lang='lat' dir='ltr'><strong>penne</strong></span> <span class='ocrx_word' id='word_1_747' title='bbox 3175 4725 3242 4780; x_wconf 72' lang='grc'><strong>³⁸.</strong></span> <span class='ocrx_word' id='word_1_748' title='bbox 3270 4743 3289 4777; x_wconf 71' lang='grc' dir='ltr'><strong>ι</strong></span> <span class='ocrx_word' id='word_1_749' title='bbox 3322 4723 3390 4778; x_wconf 87' lang='lat' dir='ltr'><strong>Et</strong></span> <span class='ocrx_word' id='word_1_750' title='bbox 3414 4736 3630 4777; x_wconf 88' lang='lat' dir='ltr'><strong>rursum</strong></span> <span class='ocrx_word' id='word_1_751' title='bbox 3661 4735 3676 4771; x_wconf 88' lang='lat'><strong>:</strong></span> 
     </span>
    </p>
   </div>
   <div class='ocr_carea' id='block_1_97' title="bbox 2086 4815 3434 4889">
    <p class='ocr_par' dir='ltr' id='par_1_97' title="bbox 2086 4815 3434 4889">
     <span class='ocr_line' id='line_1_97' title="bbox 2086 4815 3434 4889; baseline -0.001 -20"><span class='ocrx_word' id='word_1_752' title='bbox 2086 4833 2103 4866; x_wconf 78' lang='grc' dir='ltr'><strong>ι</strong></span> <span class='ocrx_word' id='word_1_753' title='bbox 2143 4815 2254 4887; x_wconf 76' lang='lat' dir='ltr'><strong>Ego</strong></span> <span class='ocrx_word' id='word_1_754' title='bbox 2282 4834 2402 4872; x_wconf 91' lang='lat' dir='ltr'><strong>sum</strong></span> <span class='ocrx_word' id='word_1_755' title='bbox 2434 4819 2626 4879; x_wconf 61' lang='lat' dir='ltr'><strong>viam.</strong></span> <span class='ocrx_word' id='word_1_756' title='bbox 2666 4838 2685 4871; x_wconf 72' lang='grc' dir='ltr'><strong>ι</strong></span> <span class='ocrx_word' id='word_1_757' title='bbox 2724 4829 2799 4883; x_wconf 88' lang='lat' dir='ltr'><strong>et,</strong></span> <span class='ocrx_word' id='word_1_758' title='bbox 2842 4837 2860 4870; x_wconf 79' lang='grc' dir='ltr'><strong>ι</strong></span> <span class='ocrx_word' id='word_1_759' title='bbox 2900 4818 3012 4889; x_wconf 79' lang='lat' dir='ltr'><strong>Ego</strong></span> <span class='ocrx_word' id='word_1_760' title='bbox 3042 4818 3239 4872; x_wconf 89' lang='lat' dir='ltr'><strong>ostium</strong></span> <span class='ocrx_word' id='word_1_761' title='bbox 3290 4816 3434 4868; x_wconf 77' lang='grc'><strong>²⁶”“.›</strong></span> 
     </span>
    </p>
   </div>
   <div class='ocr_carea' id='block_1_98' title="bbox 380 4895 3678 4984">
    <p class='ocr_par' dir='ltr' id='par_1_98' title="bbox 380 4895 3678 4984">
     <span class='ocr_line' id='line_1_98' title="bbox 380 4895 3678 4984; baseline -0.003 -20"><span class='ocrx_word' id='word_1_762' title='bbox 380 4896 602 4969; x_wconf 80' lang='grc' dir='ltr'>Πατέρα</span> <span class='ocrx_word' id='word_1_763' title='bbox 619 4897 878 4969; x_wconf 69' lang='grc' dir='ltr'>πρόσοδος</span> <span class='ocrx_word' id='word_1_764' title='bbox 906 4896 1005 4970; x_wconf 72' lang='grc' dir='ltr'><strong>[αί-</strong></span> <span class='ocrx_word' id='word_1_765' title='bbox 1029 4895 1295 4969; x_wconf 73' lang='grc' dir='ltr'>πρόοδος]ο</span> <span class='ocrx_word' id='word_1_766' title='bbox 1331 4896 1554 4962; x_wconf 70' lang='grc' dir='ltr'><strong>(οὐδεὶς</strong></span> <span class='ocrx_word' id='word_1_767' title='bbox 1582 4897 1948 4970; x_wconf 58' lang='grc' dir='ltr'>γὰρέρχεται,</span> <span class='ocrx_word' id='word_1_768' title='bbox 1983 4921 2002 4955; x_wconf 70' lang='grc' dir='ltr'><strong>ι</strong></span> <span class='ocrx_word' id='word_1_769' title='bbox 2036 4908 2193 4977; x_wconf 77' lang='grc' dir='ltr'>φησὶ,</span> <span class='ocrx_word' id='word_1_770' title='bbox 2231 4928 2249 4962; x_wconf 75' lang='lat' dir='ltr'><strong>t</strong></span> <span class='ocrx_word' id='word_1_771' title='bbox 2280 4909 2417 4980; x_wconf 73' lang='grc' dir='ltr'>πρὸς</span> <span class='ocrx_word' id='word_1_772' title='bbox 2442 4910 2535 4964; x_wconf 65' lang='grc' dir='ltr'><strong>τὸν</strong></span> <span class='ocrx_word' id='word_1_773' title='bbox 2566 4911 2805 4984; x_wconf 83' lang='grc' dir='ltr'>Πατέρα,</span> <span class='ocrx_word' id='word_1_774' title='bbox 2839 4911 2888 4964; x_wconf 84' lang='grc' dir='ltr'>εἰ</span> <span class='ocrx_word' id='word_1_775' title='bbox 2922 4910 2998 4982; x_wconf 80' lang='grc' dir='ltr'>μὴ</span> <span class='ocrx_word' id='word_1_776' title='bbox 3021 4909 3078 4963; x_wconf 81' lang='grc' dir='ltr'><strong>δι</strong></span> <span class='ocrx_word' id='word_1_777' title='bbox 3121 4907 3310 4979; x_wconf 74' lang='grc' dir='ltr'>ἐμοῦ.»</span> <span class='ocrx_word' id='word_1_778' title='bbox 3345 4905 3456 4959; x_wconf 77' lang='grc' dir='ltr'><strong>Καὶ</strong></span> <span class='ocrx_word' id='word_1_779' title='bbox 3481 4902 3649 4977; x_wconf 67' lang='grc' dir='ltr'>πάλιν</span> <span class='ocrx_word' id='word_1_780' title='bbox 3664 4916 3678 4932; x_wconf 92' lang='grc'><strong>·</strong></span> 
     </span>
    </p>
   </div>
   <div class='ocr_carea' id='block_1_99' title="bbox 380 4990 1703 5065">
    <p class='ocr_par' dir='ltr' id='par_1_99' title="bbox 380 4990 1703 5065">
     <span class='ocr_line' id='line_1_99' title="bbox 380 4990 1703 5065; baseline 0.002 -21"><span class='ocrx_word' id='word_1_781' title='bbox 380 5012 400 5044; x_wconf 75' lang='grc' dir='ltr'><strong>ι</strong></span> <span class='ocrx_word' id='word_1_782' title='bbox 452 4992 594 5060; x_wconf 81' lang='grc' dir='ltr'><strong>Ἐγώ</strong></span> <span class='ocrx_word' id='word_1_783' title='bbox 624 4994 741 5064; x_wconf 72' lang='grc' dir='ltr'>ειμι</span> <span class='ocrx_word' id='word_1_784' title='bbox 762 4995 796 5064; x_wconf 82' lang='grc' dir='ltr'>ἡ</span> <span class='ocrx_word' id='word_1_785' title='bbox 826 4992 973 5056; x_wconf 80' lang='grc' dir='ltr'>ὁδός·</span> <span class='ocrx_word' id='word_1_786' title='bbox 1006 5013 1026 5047; x_wconf 73' lang='grc' dir='ltr'><strong>ι</strong></span> <span class='ocrx_word' id='word_1_787' title='bbox 1053 4993 1167 5056; x_wconf 69' lang='grc' dir='ltr'>καὶ,</span> <span class='ocrx_word' id='word_1_788' title='bbox 1206 5010 1226 5046; x_wconf 80' lang='grc' dir='ltr'><strong>ι</strong></span> <span class='ocrx_word' id='word_1_789' title='bbox 1248 4990 1446 5065; x_wconf 84' lang='grc' dir='ltr'><strong>Ἐγὼὴ</strong></span> <span class='ocrx_word' id='word_1_790' title='bbox 1481 4993 1644 5065; x_wconf 76' lang='grc' dir='ltr'>θύρα.</span> <span class='ocrx_word' id='word_1_791' title='bbox 1683 5014 1703 5047; x_wconf 76' lang='grc' dir='ltr'><strong>ι</strong></span> 
     </span>
    </p>
   </div>
   <div class='ocr_carea' id='block_1_100' title="bbox 458 5081 1979 5156">
    <p class='ocr_par' dir='ltr' id='par_1_100' title="bbox 458 5081 1979 5156">
     <span class='ocr_line' id='line_1_100' title="bbox 458 5081 1979 5156; baseline 0.003 -20"><span class='ocrx_word' id='word_1_792' title='bbox 458 5081 617 5137; x_wconf 87' lang='grc' dir='ltr'>Ἰδοὺ</span> <span class='ocrx_word' id='word_1_793' title='bbox 654 5082 771 5153; x_wconf 76' lang='grc' dir='ltr'><strong>ἐγὼ</strong></span> <span class='ocrx_word' id='word_1_794' title='bbox 810 5081 980 5145; x_wconf 78' lang='grc' dir='ltr'>κτίζω</span> <span class='ocrx_word' id='word_1_795' title='bbox 1020 5084 1101 5156; x_wconf 86' lang='grc'><strong>(1)</strong></span> <span class='ocrx_word' id='word_1_796' title='bbox 1137 5100 1248 5150; x_wconf 82' lang='grc' dir='ltr'><strong>σε,</strong></span> <span class='ocrx_word' id='word_1_797' title='bbox 1287 5084 1387 5138; x_wconf 79' lang='grc' dir='ltr'>καὶ</span> <span class='ocrx_word' id='word_1_798' title='bbox 1427 5086 1540 5155; x_wconf 79' lang='grc' dir='ltr'>οὐχ</span> <span class='ocrx_word' id='word_1_799' title='bbox 1574 5085 1657 5152; x_wconf 85' lang='grc' dir='ltr'>ὡς</span> <span class='ocrx_word' id='word_1_800' title='bbox 1707 5086 1979 5154; x_wconf 71' lang='grc' dir='ltr'>χαλκεὺς</span> 
     </span>
    </p>
   </div>
   <div class='ocr_carea' id='block_1_101' title="bbox 373 5175 1973 5252">
    <p class='ocr_par' dir='ltr' id='par_1_101' title="bbox 373 5175 1973 5252">
     <span class='ocr_line' id='line_1_101' title="bbox 373 5175 1973 5252; baseline 0.003 -21"><span class='ocrx_word' id='word_1_801' title='bbox 373 5175 593 5245; x_wconf 61' lang='grc' dir='ltr'>φυσῶν</span> <span class='ocrx_word' id='word_1_802' title='bbox 629 5175 953 5245; x_wconf 79' lang='grc' dir='ltr'>ἄνθρακας,</span> <span class='ocrx_word' id='word_1_803' title='bbox 996 5178 1094 5233; x_wconf 77' lang='grc' dir='ltr'>καὶ</span> <span class='ocrx_word' id='word_1_804' title='bbox 1142 5178 1417 5248; x_wconf 67' lang='grc' dir='ltr'>ἐκφέρων</span> <span class='ocrx_word' id='word_1_805' title='bbox 1447 5180 1641 5247; x_wconf 80' lang='grc' dir='ltr'>σκεύη</span> <span class='ocrx_word' id='word_1_806' title='bbox 1676 5182 1765 5247; x_wconf 80' lang='grc' dir='ltr'><strong>είς</strong></span> <span class='ocrx_word' id='word_1_807' title='bbox 1806 5179 1973 5252; x_wconf 78' lang='grc' dir='ltr'>ἔργα.</span> 
     </span>
    </p>
   </div>
   <div class='ocr_carea' id='block_1_102' title="bbox 386 5266 1970 5343">
    <p class='ocr_par' dir='ltr' id='par_1_102' title="bbox 386 5266 1970 5343">
     <span class='ocr_line' id='line_1_102' title="bbox 386 5266 1970 5343; baseline 0.006 -23"><span class='ocrx_word' id='word_1_808' title='bbox 386 5266 530 5336; x_wconf 73' lang='grc' dir='ltr'><strong>Ἐγὼ</strong></span> <span class='ocrx_word' id='word_1_809' title='bbox 566 5266 635 5321; x_wconf 79' lang='grc' dir='ltr'>δὲ</span> <span class='ocrx_word' id='word_1_810' title='bbox 681 5266 897 5323; x_wconf 77' lang='grc' dir='ltr'>ἕκτισά</span> <span class='ocrx_word' id='word_1_811' title='bbox 941 5284 1017 5324; x_wconf 79' lang='grc' dir='ltr'><strong>σε</strong></span> <span class='ocrx_word' id='word_1_812' title='bbox 1060 5272 1173 5325; x_wconf 79' lang='grc' dir='ltr'>οὐκ</span> <span class='ocrx_word' id='word_1_813' title='bbox 1222 5274 1311 5339; x_wconf 75' lang='grc' dir='ltr'>εἰς</span> <span class='ocrx_word' id='word_1_814' title='bbox 1358 5271 1666 5327; x_wconf 80' lang='grc' dir='ltr'>ἀπώλειαν</span> <span class='ocrx_word' id='word_1_815' title='bbox 1712 5272 1970 5343; x_wconf 76' lang='grc' dir='ltr'>φθεῖραι.</span> 
     </span>
    </p>
   </div>
   <div class='ocr_carea' id='block_1_103' title="bbox 375 5359 1975 5433">
    <p class='ocr_par' dir='ltr' id='par_1_103' title="bbox 375 5359 1975 5433">
     <span class='ocr_line' id='line_1_103' title="bbox 375 5359 1975 5433; baseline 0.004 -21"><span class='ocrx_word' id='word_1_816' title='bbox 375 5360 505 5414; x_wconf 76' lang='grc' dir='ltr'><strong>Πᾶν</strong></span> <span class='ocrx_word' id='word_1_817' title='bbox 533 5359 772 5428; x_wconf 73' lang='grc' dir='ltr'>σκεῦος</span> <span class='ocrx_word' id='word_1_818' title='bbox 809 5362 1077 5431; x_wconf 78' lang='grc' dir='ltr'>φθαρτόν</span> <span class='ocrx_word' id='word_1_819' title='bbox 1111 5362 1189 5433; x_wconf 76' lang='lat'><strong>(9.)</strong></span> <span class='ocrx_word' id='word_1_820' title='bbox 1242 5363 1343 5417; x_wconf 73' lang='grc' dir='ltr'><strong>ἐπὶ</strong></span> <span class='ocrx_word' id='word_1_821' title='bbox 1384 5362 1461 5419; x_wconf 81' lang='grc' dir='ltr'>σὲ</span> <span class='ocrx_word' id='word_1_822' title='bbox 1510 5366 1623 5419; x_wconf 75' lang='grc' dir='ltr'>οὐκ</span> <span class='ocrx_word' id='word_1_823' title='bbox 1670 5362 1975 5431; x_wconf 83' lang='grc' dir='ltr'>εὐοδώσω,</span> 
     </span>
    </p>
   </div>
   <div class='ocr_carea' id='block_1_104' title="bbox 369 5436 1973 5525">
    <p class='ocr_par' dir='ltr' id='par_1_104' title="bbox 369 5436 1973 5525">
     <span class='ocr_line' id='line_1_104' title="bbox 369 5436 1973 5525; baseline 0.004 -23"><span class='ocrx_word' id='word_1_824' title='bbox 369 5448 472 5503; x_wconf 80' lang='grc' dir='ltr'>καὶ</span> <span class='ocrx_word' id='word_1_825' title='bbox 502 5448 674 5504; x_wconf 80' lang='grc' dir='ltr'>πάσα</span> <span class='ocrx_word' id='word_1_826' title='bbox 702 5451 877 5520; x_wconf 75' lang='grc' dir='ltr'>φωνὴ</span> <span class='ocrx_word' id='word_1_827' title='bbox 909 5452 1325 5520; x_wconf 79' lang='grc' dir='ltr'>ἀναστήσεται</span> <span class='ocrx_word' id='word_1_828' title='bbox 1365 5454 1465 5507; x_wconf 77' lang='grc' dir='ltr'><strong>ἐπὶ</strong></span> <span class='ocrx_word' id='word_1_829' title='bbox 1511 5436 1588 5509; x_wconf 68' lang='grc' dir='ltr'>σὲ</span> <span class='ocrx_word' id='word_1_830' title='bbox 1624 5458 1714 5523; x_wconf 79' lang='grc' dir='ltr'>εις</span> <span class='ocrx_word' id='word_1_831' title='bbox 1747 5456 1973 5525; x_wconf 77' lang='grc' dir='ltr'>κρίσιν,</span> 
     </span>
    </p>
   </div>
   <div class='ocr_carea' id='block_1_105' title="bbox 374 5542 1973 5616">
    <p class='ocr_par' dir='ltr' id='par_1_105' title="bbox 374 5542 1973 5616">
     <span class='ocr_line' id='line_1_105' title="bbox 374 5542 1973 5616; baseline 0.003 -20"><span class='ocrx_word' id='word_1_832' title='bbox 374 5542 614 5610; x_wconf 68' lang='grc' dir='ltr'>πάντας</span> <span class='ocrx_word' id='word_1_833' title='bbox 637 5543 864 5612; x_wconf 87' lang='grc' dir='ltr'>αὐτοὺς</span> <span class='ocrx_word' id='word_1_834' title='bbox 898 5544 1204 5614; x_wconf 62' lang='lat' dir='ltr'><strong>rit-niam,</strong></span> <span class='ocrx_word' id='word_1_835' title='bbox 1232 5550 1287 5602; x_wconf 84' lang='grc' dir='ltr'>οἱ</span> <span class='ocrx_word' id='word_1_836' title='bbox 1316 5546 1386 5600; x_wconf 78' lang='grc' dir='ltr'>δὲ</span> <span class='ocrx_word' id='word_1_837' title='bbox 1415 5546 1623 5616; x_wconf 80' lang='grc' dir='ltr'>ἔνοχοί</span> <span class='ocrx_word' id='word_1_838' title='bbox 1650 5566 1768 5603; x_wconf 89' lang='grc' dir='ltr'>σου</span> <span class='ocrx_word' id='word_1_839' title='bbox 1793 5547 1973 5603; x_wconf 64' lang='lat' dir='ltr'><strong>Evar-</strong></span> 
     </span>
    </p>
   </div>
   <div class='ocr_carea' id='block_1_106' title="bbox 444 5720 1839 5791">
    <p class='ocr_par' dir='ltr' id='par_1_106' title="bbox 444 5720 1839 5791">
     <span class='ocr_line' id='line_1_106' title="bbox 444 5720 1839 5791; baseline 0.004 -17"><span class='ocrx_word' id='word_1_840' title='bbox 444 5721 492 5752; x_wconf 82' lang='grc'><strong>³³</strong></span> <span class='ocrx_word' id='word_1_841' title='bbox 517 5722 621 5776; x_wconf 83' lang='lat' dir='ltr'><strong>lsa.</strong></span> <span class='ocrx_word' id='word_1_842' title='bbox 655 5720 873 5789; x_wconf 73' lang='lat' dir='ltr'><strong>Liv,l5;</strong></span> <span class='ocrx_word' id='word_1_843' title='bbox 901 5720 1058 5777; x_wconf 81' lang='lat' dir='ltr'><strong>Jnau.</strong></span> <span class='ocrx_word' id='word_1_844' title='bbox 1098 5738 1172 5789; x_wconf 77' lang='grc' dir='ltr'>γι,</span> <span class='ocrx_word' id='word_1_845' title='bbox 1204 5723 1290 5779; x_wconf 76' lang='grc'><strong>15.</strong></span> <span class='ocrx_word' id='word_1_846' title='bbox 1370 5723 1414 5754; x_wconf 63' lang='grc'><strong>’³</strong></span> <span class='ocrx_word' id='word_1_847' title='bbox 1452 5723 1586 5780; x_wconf 89' lang='lat' dir='ltr'><strong>lleb.</strong></span> <span class='ocrx_word' id='word_1_848' title='bbox 1620 5742 1656 5791; x_wconf 89' lang='lat' dir='ltr'><strong>l,</strong></span> <span class='ocrx_word' id='word_1_849' title='bbox 1700 5729 1746 5789; x_wconf 88' lang='lat' dir='ltr'><strong>I,</strong></span> <span class='ocrx_word' id='word_1_850' title='bbox 1784 5727 1839 5781; x_wconf 75' lang='grc'><strong>2.</strong></span> 
     </span>
    </p>
   </div>
   <div class='ocr_carea' id='block_1_107' title="bbox 444 5888 1797 5969">
    <p class='ocr_par' dir='ltr' id='par_1_107' title="bbox 444 5888 1797 5969">
     <span class='ocr_line' id='line_1_107' title="bbox 444 5888 1797 5969; baseline 0.007 -24"><span class='ocrx_word' id='word_1_851' title='bbox 444 5891 523 5961; x_wconf 76' lang='grc'><strong>(1)</strong></span> <span class='ocrx_word' id='word_1_852' title='bbox 560 5888 721 5955; x_wconf 69' lang='lat' dir='ltr'><strong>LXX,</strong></span> <span class='ocrx_word' id='word_1_853' title='bbox 756 5892 963 5961; x_wconf 77' lang='grc' dir='ltr'>ἕκτισα,</span> <span class='ocrx_word' id='word_1_854' title='bbox 1003 5906 1052 5949; x_wconf 82' lang='lat' dir='ltr'><strong>et</strong></span> <span class='ocrx_word' id='word_1_855' title='bbox 1095 5912 1238 5962; x_wconf 74' lang='lat' dir='ltr'><strong>mox,</strong></span> <span class='ocrx_word' id='word_1_856' title='bbox 1277 5897 1469 5961; x_wconf 66' lang='grc' dir='ltr'>σκεῦος</span> <span class='ocrx_word' id='word_1_857' title='bbox 1509 5900 1587 5961; x_wconf 77' lang='grc' dir='ltr'><strong>εἰς</strong></span> <span class='ocrx_word' id='word_1_858' title='bbox 1619 5898 1797 5969; x_wconf 66' lang='grc' dir='ltr'>ἔργον.</span> 
     </span>
    </p>
   </div>
   <div class='ocr_carea' id='block_1_108' title="bbox 1920 5722 2854 5791">
    <p class='ocr_par' dir='ltr' id='par_1_108' title="bbox 1920 5722 2854 5791">
     <span class='ocr_line' id='line_1_108' title="bbox 1920 5722 2854 5791; baseline -0.007 -7"><span class='ocrx_word' id='word_1_859' title='bbox 1920 5726 1965 5758; x_wconf 78' lang='grc'><strong><em>⁸⁸</em></strong></span> <span class='ocrx_word' id='word_1_860' title='bbox 1991 5725 2151 5783; x_wconf 82' lang='lat' dir='ltr'><strong>Cant.</strong></span> <span class='ocrx_word' id='word_1_861' title='bbox 2188 5741 2225 5780; x_wconf 91' lang='lat' dir='ltr'><strong>t.</strong></span> <span class='ocrx_word' id='word_1_862' title='bbox 2264 5725 2312 5780; x_wconf 93' lang='grc'><strong>1.</strong></span> <span class='ocrx_word' id='word_1_863' title='bbox 2391 5724 2436 5755; x_wconf 80' lang='grc'><strong>’⁸</strong></span> <span class='ocrx_word' id='word_1_864' title='bbox 2465 5722 2620 5778; x_wconf 77' lang='grc' dir='ltr'><strong>.Ι‹›;ιιι.</strong></span> <span class='ocrx_word' id='word_1_865' title='bbox 2651 5740 2763 5791; x_wconf 73' lang='lat' dir='ltr'><strong>xiv,</strong></span> <span class='ocrx_word' id='word_1_866' title='bbox 2800 5725 2854 5777; x_wconf 77' lang='grc'><strong>6.</strong></span> 
     </span>
    </p>
   </div>
   <div class='ocr_carea' id='block_1_109' title="bbox 2165 5084 3681 5159">
    <p class='ocr_par' dir='ltr' id='par_1_109' title="bbox 2165 5084 3681 5159">
     <span class='ocr_line' id='line_1_109' title="bbox 2165 5084 3681 5159; baseline -0.006 -13"><span class='ocrx_word' id='word_1_867' title='bbox 2165 5092 2330 5146; x_wconf 71' lang='lat' dir='ltr'><strong>Vnus.</strong></span> <span class='ocrx_word' id='word_1_868' title='bbox 2367 5091 2458 5158; x_wconf 85' lang='grc'><strong>16,</strong></span> <span class='ocrx_word' id='word_1_869' title='bbox 2496 5090 2585 5146; x_wconf 83' lang='grc'><strong>17.</strong></span> <span class='ocrx_word' id='word_1_870' title='bbox 2628 5089 2766 5145; x_wconf 69' lang='lat' dir='ltr'><strong>Ecce</strong></span> <span class='ocrx_word' id='word_1_871' title='bbox 2797 5107 2889 5159; x_wconf 86' lang='lat' dir='ltr'><strong>ego</strong></span> <span class='ocrx_word' id='word_1_872' title='bbox 2920 5105 3039 5144; x_wconf 85' lang='lat' dir='ltr'><strong>creo</strong></span> <span class='ocrx_word' id='word_1_873' title='bbox 3067 5098 3137 5153; x_wconf 86' lang='lat' dir='ltr'><strong>Ie,</strong></span> <span class='ocrx_word' id='word_1_874' title='bbox 3158 5097 3204 5142; x_wconf 83' lang='lat' dir='ltr'><strong>et</strong></span> <span class='ocrx_word' id='word_1_875' title='bbox 3247 5102 3349 5140; x_wconf 82' lang='lat' dir='ltr'><strong>non</strong></span> <span class='ocrx_word' id='word_1_876' title='bbox 3375 5096 3428 5139; x_wconf 87' lang='lat' dir='ltr'><strong>ut</strong></span> <span class='ocrx_word' id='word_1_877' title='bbox 3456 5084 3681 5138; x_wconf 58' lang='lat' dir='ltr'><strong>a’rarius</strong></span> 
     </span>
    </p>
   </div>
   <div class='ocr_carea' id='block_1_110' title="bbox 2086 5177 3682 5254">
    <p class='ocr_par' dir='ltr' id='par_1_110' title="bbox 2086 5177 3682 5254">
     <span class='ocr_line' id='line_1_110' title="bbox 2086 5177 3682 5254; baseline -0.006 -16"><span class='ocrx_word' id='word_1_878' title='bbox 2086 5184 2316 5254; x_wconf 74' lang='grc' dir='ltr'>διιηῖαηε</span> <span class='ocrx_word' id='word_1_879' title='bbox 2344 5198 2563 5252; x_wconf 76' lang='lat' dir='ltr'><strong>prunas,</strong></span> <span class='ocrx_word' id='word_1_880' title='bbox 2597 5189 2647 5234; x_wconf 78' lang='lat' dir='ltr'><strong>et</strong></span> <span class='ocrx_word' id='word_1_881' title='bbox 2678 5178 2949 5249; x_wconf 78' lang='lat' dir='ltr'><strong>proferens</strong></span> <span class='ocrx_word' id='word_1_882' title='bbox 2982 5190 3112 5234; x_wconf 72' lang='lat' dir='ltr'><strong>rata</strong></span> <span class='ocrx_word' id='word_1_883' title='bbox 3146 5179 3200 5232; x_wconf 74' lang='lat' dir='ltr'><strong>in</strong></span> <span class='ocrx_word' id='word_1_884' title='bbox 3237 5194 3388 5247; x_wconf 79' lang='lat' dir='ltr'><strong>opus.</strong></span> <span class='ocrx_word' id='word_1_885' title='bbox 3426 5177 3538 5247; x_wconf 78' lang='lat' dir='ltr'><strong>Ego</strong></span> <span class='ocrx_word' id='word_1_886' title='bbox 3580 5193 3682 5229; x_wconf 85' lang='lat' dir='ltr'><strong>au-</strong></span> 
     </span>
    </p>
   </div>
   <div class='ocr_carea' id='block_1_111' title="bbox 2085 5268 3675 5340">
    <p class='ocr_par' dir='ltr' id='par_1_111' title="bbox 2085 5268 3675 5340">
     <span class='ocr_line' id='line_1_111' title="bbox 2085 5268 3675 5340; baseline -0.005 -11"><span class='ocrx_word' id='word_1_887' title='bbox 2085 5286 2187 5329; x_wconf 79' lang='lat' dir='ltr'><strong>tem</strong></span> <span class='ocrx_word' id='word_1_888' title='bbox 2222 5274 2395 5329; x_wconf 79' lang='lat' dir='ltr'><strong>rrenvt&#39;</strong></span> <span class='ocrx_word' id='word_1_889' title='bbox 2425 5282 2496 5340; x_wconf 86' lang='lat' dir='ltr'><strong>le,</strong></span> <span class='ocrx_word' id='word_1_890' title='bbox 2532 5289 2635 5327; x_wconf 87' lang='lat' dir='ltr'><strong>non</strong></span> <span class='ocrx_word' id='word_1_891' title='bbox 2673 5275 2727 5327; x_wconf 80' lang='lat' dir='ltr'><strong>in</strong></span> <span class='ocrx_word' id='word_1_892' title='bbox 2759 5273 3105 5339; x_wconf 80' lang='lat' dir='ltr'><strong>perditionem</strong></span> <span class='ocrx_word' id='word_1_893' title='bbox 3164 5272 3481 5340; x_wconf 77' lang='lat' dir='ltr'><strong>interficere.</strong></span> <span class='ocrx_word' id='word_1_894' title='bbox 3509 5268 3675 5322; x_wconf 79' lang='lat' dir='ltr'><strong>Omne</strong></span> 
     </span>
    </p>
   </div>
   <div class='ocr_carea' id='block_1_112' title="bbox 2078 5362 3684 5434">
    <p class='ocr_par' dir='ltr' id='par_1_112' title="bbox 2078 5362 3684 5434">
     <span class='ocr_line' id='line_1_112' title="bbox 2078 5362 3684 5434; baseline -0.006 -12"><span class='ocrx_word' id='word_1_895' title='bbox 2078 5385 2168 5423; x_wconf 79' lang='lat' dir='ltr'><strong>vas</strong></span> <span class='ocrx_word' id='word_1_896' title='bbox 2200 5376 2509 5434; x_wconf 84' lang='lat' dir='ltr'><strong>corruptum</strong></span> <span class='ocrx_word' id='word_1_897' title='bbox 2546 5366 2600 5419; x_wconf 70' lang='lat' dir='ltr'><strong>in</strong></span> <span class='ocrx_word' id='word_1_898' title='bbox 2642 5375 2690 5419; x_wconf 82' lang='lat' dir='ltr'><strong>lc</strong></span> <span class='ocrx_word' id='word_1_899' title='bbox 2737 5383 2839 5419; x_wconf 83' lang='lat' dir='ltr'><strong>non</strong></span> <span class='ocrx_word' id='word_1_900' title='bbox 2882 5367 3202 5429; x_wconf 81' lang='lat' dir='ltr'><strong>prosperabo</strong></span> <span class='ocrx_word' id='word_1_901' title='bbox 3231 5379 3250 5418; x_wconf 89' lang='lat'><strong><em>:</em></strong></span> <span class='ocrx_word' id='word_1_902' title='bbox 3278 5374 3325 5418; x_wconf 82' lang='lat' dir='ltr'><strong>et</strong></span> <span class='ocrx_word' id='word_1_903' title='bbox 3370 5362 3538 5417; x_wconf 76' lang='lat' dir='ltr'><strong>omnis</strong></span> <span class='ocrx_word' id='word_1_904' title='bbox 3583 5375 3684 5413; x_wconf 71' lang='grc' dir='ltr'>ι’οπ</span> 
     </span>
    </p>
   </div>
   <div class='ocr_carea' id='block_1_113' title="bbox 2077 5452 3681 5525">
    <p class='ocr_par' dir='ltr' id='par_1_113' title="bbox 2077 5452 3681 5525">
     <span class='ocr_line' id='line_1_113' title="bbox 2077 5452 3681 5525; baseline -0.006 -14"><span class='ocrx_word' id='word_1_905' title='bbox 2077 5466 2255 5525; x_wconf 77' lang='lat' dir='ltr'><strong>surget</strong></span> <span class='ocrx_word' id='word_1_906' title='bbox 2303 5466 2487 5509; x_wconf 87' lang='lat' dir='ltr'><strong>contra</strong></span> <span class='ocrx_word' id='word_1_907' title='bbox 2538 5465 2586 5510; x_wconf 85' lang='lat' dir='ltr'><strong>te</strong></span> <span class='ocrx_word' id='word_1_908' title='bbox 2620 5457 2673 5509; x_wconf 82' lang='lat' dir='ltr'><strong>in</strong></span> <span class='ocrx_word' id='word_1_909' title='bbox 2713 5455 3017 5525; x_wconf 79' lang='lat' dir='ltr'><strong>judicium;</strong></span> <span class='ocrx_word' id='word_1_910' title='bbox 3062 5471 3240 5509; x_wconf 72' lang='lat' dir='ltr'><strong>omnes</strong></span> <span class='ocrx_word' id='word_1_911' title='bbox 3288 5470 3376 5507; x_wconf 83' lang='lat' dir='ltr'><strong>eos</strong></span> <span class='ocrx_word' id='word_1_912' title='bbox 3410 5452 3604 5511; x_wconf 78' lang='lat' dir='ltr'><strong>vim-es,</strong></span> <span class='ocrx_word' id='word_1_913' title='bbox 3632 5457 3681 5501; x_wconf 80' lang='lat' dir='ltr'><strong>et</strong></span> 
     </span>
    </p>
   </div>
   <div class='ocr_carea' id='block_1_114' title="bbox 2074 5538 3682 5602">
    <p class='ocr_par' dir='ltr' id='par_1_114' title="bbox 2074 5538 3682 5602">
     <span class='ocr_line' id='line_1_114' title="bbox 2074 5538 3682 5602; baseline -0.005 -2"><span class='ocrx_word' id='word_1_914' title='bbox 2074 5546 2289 5601; x_wconf 71' lang='lat' dir='ltr'><strong>obnoxii</strong></span> <span class='ocrx_word' id='word_1_915' title='bbox 2342 5545 2421 5599; x_wconf 84' lang='lat' dir='ltr'><strong>tui</strong></span> <span class='ocrx_word' id='word_1_916' title='bbox 2461 5555 2615 5599; x_wconf 82' lang='lat' dir='ltr'><strong>erunt</strong></span> <span class='ocrx_word' id='word_1_917' title='bbox 2657 5545 2712 5598; x_wconf 81' lang='lat' dir='ltr'><strong>in</strong></span> <span class='ocrx_word' id='word_1_918' title='bbox 2775 5562 2871 5602; x_wconf 83' lang='lat' dir='ltr'><strong>ea.</strong></span> <span class='ocrx_word' id='word_1_919' title='bbox 2926 5545 3019 5598; x_wconf 69' lang='lat' dir='ltr'><strong>12‘s!</strong></span> <span class='ocrx_word' id='word_1_920' title='bbox 3062 5543 3347 5598; x_wconf 79' lang='lat' dir='ltr'><strong>hwreditas</strong></span> <span class='ocrx_word' id='word_1_921' title='bbox 3388 5538 3682 5592; x_wconf 64' lang='lat' dir='ltr'><strong>colentibus</strong></span> 
     </span>
    </p>
   </div>
   <div class='ocr_carea' id='block_1_115' title="bbox 2926 5712 3677 5783">
    <p class='ocr_par' dir='ltr' id='par_1_115' title="bbox 2926 5712 3677 5783">
     <span class='ocr_line' id='line_1_115' title="bbox 2926 5712 3677 5783; baseline -0.005 -7"><span class='ocrx_word' id='word_1_922' title='bbox 2926 5722 2989 5753; x_wconf 72' lang='grc'><strong>³⁸⁵</strong></span> <span class='ocrx_word' id='word_1_923' title='bbox 3015 5721 3147 5777; x_wconf 87' lang='lat' dir='ltr'><strong>Ibid.</strong></span> <span class='ocrx_word' id='word_1_924' title='bbox 3230 5719 3318 5750; x_wconf 82' lang='lat'>““</span> <span class='ocrx_word' id='word_1_925' title='bbox 3341 5716 3497 5774; x_wconf 82' lang='lat' dir='ltr'><strong>Joau.</strong></span> <span class='ocrx_word' id='word_1_926' title='bbox 3536 5712 3677 5783; x_wconf 48' lang='lat' dir='ltr'><strong>x,’9.</strong></span> 
     </span>
    </p>
   </div>
   <div class='ocr_carea' id='block_1_116' title="bbox 2148 5896 2766 5970">
    <p class='ocr_par' dir='ltr' id='par_1_116' title="bbox 2148 5896 2766 5970">
     <span class='ocr_line' id='line_1_116' title="bbox 2148 5896 2766 5970; baseline -0.011 -15"><span class='ocrx_word' id='word_1_927' title='bbox 2148 5900 2222 5970; x_wconf 65' lang='grc' dir='ltr'><strong>(ἓ)</strong></span> <span class='ocrx_word' id='word_1_928' title='bbox 2257 5898 2339 5953; x_wconf 71' lang='lat' dir='ltr'><strong>LX</strong></span> <span class='ocrx_word' id='word_1_929' title='bbox 2355 5897 2417 5958; x_wconf 63' lang='grc' dir='ltr'>Χ,</span> <span class='ocrx_word' id='word_1_930' title='bbox 2452 5896 2766 5951; x_wconf 73' lang='grc' dir='ltr'>τκευαπῖόν.</span> 
     </span>
    </p>
   </div>
  </div>
