4100 6456
440 448 582 506 1⁸315
1427 450 1485 506 8.
1529 447 1801 504 CYBlLLl
1846 445 2310 504 ALEXANDle
2350 448 2672 505 ARCHIEP.
3040 466 3059 471 ‘
3556 448 3694 507 1916

443 563 730 620 Dominum
777 583 797 621 :
834 575 884 620 ct
928 580 1013 618 ros
1068 565 1215 618 eritis
1274 563 1401 616 mihi
1440 563 1600 633 justi,
1651 564 1782 617 dicit
1836 561 2006 615 Domi-

2120 579 2213 616 ται
2239 562 2310 615 ἐν
2354 561 2528 631 αὐτῇ.
2556 564 2722 616 Ἔστι
2749 561 3114 630 κληρονομία
3146 560 3269 626 τοῖς
3294 566 3699 630 θεραπεύουσι

441 670 557 708 mu.
2122 655 2375 720 Κύριον,
2420 655 2517 708 καί
2574 653 2741 723 ὑμεῖς
2786 651 3010 708 ἐσεσθέ
3068 669 3167 721 μοι
3227 652 3482 722 δίκαιοι,
3529 656 3702 726 λέγει

2118 746 2352 812 Κύριος.

512 827 698 881 Creari
745 827 973 882 dicimus
1013 828 1066 882 in
1117 829 1202 884 Itis
1247 828 1467 894 verbis,
1516 829 1862 899 signiﬁcare,
1910 845 2006 884 non

2187 836 2262 888 Τὸ
2292 834 2576 900 κτίζεσθαί
2615 852 2794 906 φαμεν
2827 835 2889 887 ὲν.
2920 834 3132 897 τούτοις
3182 835 3542 907 καταδηλοῦν,
3573 838 3696 908 ούχὶ

438 919 623 985 utique
648 919 715 971 ab
741 933 805 972 eo
837 921 979 986 quod
1026 936 1130 973 non
1158 931 1264 989 est,
1294 925 1363 976 ad
1402 923 1454 976 id
1485 923 1627 992 quod
1663 931 1767 983 est,
1801 936 2006 989 proces-

2114 928 2284 998 δήπου
2324 930 2541 990 πάντως
2588 927 2687 999 τὴν
2727 931 2793 981 ὲκ
2835 926 2926 981 τοῦ
2994 929 3070 998 μὴ
3116 927 3267 991 ὄντος
3316 931 3396 992 είς
3436 929 3498 983 τὸ
3553 925 3695 986 εἶναι

438 1024 579 1064 sum.
610 1007 858 1077 Disputat
887 1011 1031 1063 enim
1066 1011 1231 1066 veluti
1271 1029 1392 1067 cum
1428 1015 1509 1067 his
1544 1015 1632 1082 qui
1667 1025 1788 1067 sunt
1811 1014 1925 1083 jam
1956 1021 2006 1066 et

2120 1020 2373 1088 πάροδον.
2434 1020 2749 1087 Διαλέγεται
2791 1018 2898 1089 γὰρ
2939 1021 3015 1080 ὡς
3060 1006 3198 1088 πρὸς
3250 1018 3408 1082 ὄντας
3454 1020 3554 1092 ἢδη
3600 1024 3704 1076 καὶ

438 1098 744 1155 subsistunt
777 1119 790 1156 :
826 1101 919 1156 sed
956 1104 1135 1171 potius
1173 1106 1581 1157 renovationem
1624 1104 1876 1173 designat
1920 1122 2006 1174 pet

2118 1110 2509 1179 ὑφεστηκότας,
2549 1109 2942 1179 ἀνακαινισμὸν
2982 1109 3038 1162 δὲ
3073 1109 3274 1180 μᾶλλον
3308 1110 3566 1178 ὑποδηλοῖ
3594 1111 3694 1165 τὸν

440 1188 701 1256 Spiritum
751 1204 1002 1245 sanetum
1028 1233 1043 1259 ,
1082 1202 1537 1247 transmutantem
1585 1194 1795 1262 aliquos
1828 1196 1893 1248 ad
1935 1197 2006 1248 in-

2115 1200 2204 1255 διά
2231 1202 2325 1254 τοῦ
2361 1202 2516 1269 ἁγίου
2559 1201 2876 1272 Πνεύματος
2923 1201 3401 1272 ἀναστοιχειοῦντά
3427 1218 3579 1266 τινας
3612 1204 3695 1267 είς

438 1277 713 1346 culpatam
746 1290 802 1334 et
840 1292 1091 1336 sanetam
1129 1285 1597 1338 conversationem
1627 1296 1792 1353 atque
1826 1286 2006 1340 vitam.

2116 1294 2277 1362 ἀγίαν
2324 1294 2419 1347 καὶ
2464 1293 2763 1369 ἀμώμητον
2804 1294 3081 1347 πολιτείαν
3166 1296 3262 1347 καὶ
3309 1294 3477 1365 ζωήν.
3529 1293 3693 1349 Οὕτω

444 1367 536 1422 Sic
576 1372 721 1424 enim
764 1387 953 1426 creare
1000 1376 1200 1429 dicitur
1239 1376 1491 1430 Christus
1518 1377 1653 1430 duos
1693 1380 1915 1445 papnlos
1959 1379 2006 1432 in

2112 1387 2222 1457 γὰρ
2250 1387 2435 1439 κτίσαι
2476 1367 2694 1453 λέγεται
2738 1386 2972 1456 Χριστὸς
3020 1386 3145 1448 τοὺς
3172 1386 3266 1439 δύο
3290 1386 3454 1449 λαοὺς
3486 1387 3567 1449 είς
3594 1386 3693 1440 ἕνα

442 1472 607 1512 unum
636 1477 834 1515 novum
876 1463 1185 1529 hominem,
1230 1460 1438 1520 faciens
1473 1480 1695 1536 pacem,
1728 1476 1784 1520 et
1825 1484 2006 1522 recon-

2114 1477 2299 1530 καινὸν
2322 1477 2625 1548 ἄνθρωπον,
2662 1476 3110 1547 ποιῶν-εἰρήνην,
3145 1478 3239 1530 καὶ
3272 1477 3692 1533 ἀποκαταλλάκιο

439 1548 635 1605 ciliaus
666 1553 854 1606 ambos
886 1553 939 1606 iu
976 1569 1085 1608 uno
1119 1570 1348 1624 corpore
1375 1572 1497 1611 cum
1535 1557 1720 1612 Patre.
1754 1559 2006 1617 Hortatur

2115 1582 2225 1619 σων
2267 1568 2393 1629 τοὺς
2424 1567 2769 1638 ἀμφοτέρους
2812 1569 2870 1620 ἐν
2901 1567 2982 1619 ἐνὶ
3010 1565 3224 1637 σώματι
3267 1568 3404 1638 προς
3435 1568 3527 1622 τὸν
3568 1569 3683 1627 Πα-

437 1641 599 1695 etiam
658 1658 753 1697 nos
804 1645 1241 1712 sapientissimus
1284 1647 1516 1713 Paulus,
1589 1651 1669 1704 sic
1716 1653 1964 1707 scribens
1993 1671 2014 1709 :

444 1747 465 1783 ι
511 1730 688 1787 Nolite
718 1734 1046 1792 conformari
1093 1737 1295 1792 saeculo
1326 1738 1475 1801 huic,
1514 1741 1608 1794 sed
1653 1743 2011 1797 transforma-

437 1822 568 1875 miui
610 1827 965 1881 renovatione
1007 1831 1206 1883 mentis
1247 1840 1461 1894 vestrae,
1502 1841 1560 1884 ut
1606 1833 1846 1900 probetis
1891 1850 2005 1899 vos,

435 1927 555 1981 quas
586 1914 656 1968 sit
699 1916 950 1970 voluntas
987 1917 1082 1972 Dei
1113 1920 1251 1973 bona
1278 1930 1332 1975 et
1361 1932 1580 1992 accepta
1600 1923 1665 1977 ".
1702 1943 1721 1975 ι
1749 1924 2009 1981 anemur

432 2005 594 2058 etiam
626 2021 825 2061 exuere
857 2019 1098 2063 veterem
1129 2011 1425 2077 hominem,
1453 2023 1507 2068 et
1535 2015 1759 2070 induere
1782 2033 2007 2087 novum,

436 2107 754 2150 renovatum
796 2096 863 2152 ad
912 2099 1202 2169 imaginem
1244 2101 1361 2170 ejus
1402 2104 1492 2171 qui
1541 2120 1663 2159 eum
1710 2108 2011 2162 creavit“.

435 2179 577 2235 Creo
612 2183 797 2252 igitur,
848 2186 1045 2253 inquit,
1088 2199 1159 2255 te,
1208 2207 1315 2245 non
1345 2203 1404 2245 ut
1442 2193 1605 2248 homo
1647 2196 1893 2263 aerarius,
1941 2213 2008 2252 ex

437 2275 659 2327 materia
704 2291 830 2331 vasa
859 2280 1156 2336 conﬁciens
1186 2282 1344 2352 771
1378 2284 1751 2340 instrumentis
1776 2298 1827 2343 et
1858 2290 1964 2358 igni
1994 2310 2008 2346 :

435 2364 528 2418 sed
562 2366 816 2422 ineﬂ'abili
849 2373 1079 2439 quadam
1119 2384 1173 2428 et
1202 2375 1521 2445 intelligibili
1557 2383 2011 2436 transmutatione

435 2465 485 2506 et
542 2455 962 2527 reformatiOne,
1009 2473 1063 2516 et
1103 2465 1249 2519 velut
1292 2470 1641 2524 renovatione
1691 2472 2007 2541 spirituali:

436 2559 597 2614 quam
624 2550 790 2602 etiam
828 2553 943 2621 ipse
982 2554 1243 2612 Scrvator
1282 2551 1574 2629 aliquando
1612 2565 1884 2634 expressit
1917 2567 2012 2623 Ni-

435 2639 680 2708 codemo,
732 2645 919 2700 dicens
952 2660 969 2700 :
1002 2665 1022 2699 ι
1053 2648 1257 2716 Amen,
1302 2668 1460 2708 amen
1509 2655 1630 2711 dico
1676 2659 1861 2723 vobis,
1904 2662 2009 2718 nisi

436 2731 558 2796 quis
591 2742 752 2787 natus
779 2736 850 2789 sit
875 2752 941 2791 ex
973 2755 1111 2809 aqua
1145 2752 1198 2797 et
1227 2743 1457 2814 Spiritu,
1489 2763 1595 2802 non
1622 2758 1796 2819 potest
1826 2754 2011 2811 videre

435 2836 657 2892 regnum
697 2826 788 2883 Dei
806 2830 873 2883 ’⁸.
911 2850 930 2884 ι
967 2832 1088 2888 Nati
1133 2851 1324 2907 sumus
1363 2840 1508 2894 enim
1559 2859 1662 2897 non
1700 2860 1766 2900 ex
1806 2850 2010 2904 semine

434 2926 711 2985 corrupto,
743 2922 837 2974 sed
861 2936 958 2990 per
976 2922 1207 2980 Verbum
1243 2927 1337 2983 Dei
1368 2932 1602 2987 viventis
1628 2945 1683 2989 et
1716 2940 2005 2994 manentis.

436 3003 529 3059 Sic
563 3017 709 3061 creat
739 3008 1011 3081 Christus,
1043 3017 1347 3074 reformans
1396 3036 1493 3089 per
1520 3026 2008 3084 sanetiiicationem

434 3109 530 3151 eos
564 3100 656 3168 qui
692 3101 745 3157 in
784 3105 956 3181 ipsum
981 3109 1233 3175 credunt,
1270 3121 1324 3164 et
1356 3114 1424 3165 ad
1452 3114 1685 3170 salutem
1721 3119 2005 3175 reducens.

2110 1658 2263 1728 τέρα.
2292 1659 2591 1730 Παρεγγυᾷ
2612 1659 2670 1713 δὲ
2702 1661 2835 1729 ἡμῖν
2861 1658 3000 1711 καὶὸ
3029 1657 3304 1726 πάνσοφος
3331 1658 3540 1721 Παῦλος
3589 1659 3687 1712 ὡδὶ

2110 1750 2434 1824 γεγραφώς·
2472 1770 2491 1803 ι
2532 1753 2623 1820 Μὴ
2659 1750 3132 1821 συσχηματίζεσθε
3162 1751 3240 1822 τῷ
3288 1751 3444 1804 αίῶνι
3491 1751 3689 1821 τούτῳ,

2111 1841 2247 1895 ἀλλά
2279 1840 2728 1911 μεταμορφοῦσθε
2754 1844 2822 1911 τῇ
2863 1839 3226 1894 ἀνακαινώσει
3251 1840 3344 1893 τοῦ
3376 1841 3494 1903 νοὸς
3536 1841 3690 1909 ὑμῶν

2113 1934 2194 1997 είς
2223 1933 2284 1985 τὸ
2327 1932 2643 2002 δοκιμάζειν
2677 1932 2856 2002 ὑμᾶς,
2891 1931 2953 1985 τί-
2977 1932 3039 1984 τὸ
3066 1931 3281 2002 θέλημα
3322 1930 3416 1984 τοῦ
3466 1930 3603 1985 Θεοῦ
3629 1932 3692 1985 τὸ

2109 2023 2309 2092 ἀγαθὸν
2361 2024 2455 2077 καὶ
2509 2023 2822 2094 εὐάρεστον.
2866 2042 2897 2074 »η
2950 2022 3414 2093 Προστετάγμεθα
3472 2024 3530 2076 δὲ
3586 2023 3687 2076 καὶ

2110 2113 2484 2168 ἀπολύσασθαι
2520 2115 2620 2185 μὲν
2641 2114 2731 2167 τὸν
2760 2114 2989 2167 παλαιὸν
3020 2114 3327 2187 ἄνθρωπον,
3360 2115 3689 2170 ἐνδύσασθαι

2109 2203 2168 2258 δὲ
2213 2205 2303 2258 τὸν
2349 2205 2488 2271 νέον,
2545 2204 2637 2258 τὸν
2678 2205 3137 2276 ἀνακαινούμενον
3185 2208 3309 2259 κατ’
3363 2208 3549 2261 εἰκόνα
3591 2205 3688 2260 τοῦ

2111 2295 2393 2358 κτίσαντος
2425 2295 2606 2349 αὐτόν.
2644 2295 2837 2359 Κτίζω
2867 2312 2925 2349 σε
2955 2297 3138 2349 τοίνυν
3183 2295 3316 2365 ἐγὼ,
3362 2298 3548 2366 φησὶν,
3588 2297 3690 2367 οὐχ

2110 2388 2187 2452 ὡς
2221 2387 2509 2458 ἄνθρωπος
2551 2386 2893 2459 χαλκουργὸς
2941 2388 3008 2441 τὰ
3040 2386 3101 2452 ἐξ
3147 2387 3281 2457 ῦλης
3306 2388 3473 2460 σκεύη
3517 2386 3691 2443 ποιῶν

2108 2478 2175 2533 δι’
2212 2476 2457 2548 ὁργάνων
2507 2478 2601 2529 καὶ
2640 2478 2830 2547 πυρὸς,
2877 2476 3014 2530 ἀλλά
3064 2476 3264 2548 μᾶλλον
3305 2479 3528 2550 ἀρρήτῳ
3580 2478 3692 2533 τινὶ

2110 2571 2203 2625 καὶ
2236 2571 2398 2641 νοητῇ
2425 2569 2921 2640 μεταστοιχειώσει,
2940 2569 3034 2623 καὶ
3065 2570 3431 2640 ἀναπλασμῷ,
3452 2571 3548 2623 καὶ
3576 2563 3690 2622 οἷον

2108 2665 2461 2736 ἀναγεννήσει
2506 2668 2872 2735 πνευματικῇ,
2899 2668 2965 2736 ἢν
3003 2665 3067 2736 δὴ
3099 2666 3193 2718 καὶ
3222 2666 3386 2728 αὐτὸς
3420 2666 3448 2717 ὁ
3485 2665 3674 2735 Σωτὴ)

2109 2756 2404 2825 Νικοδήμῳ
2432 2755 2562 2808 ποτὲ
2594 2754 3068 2825 διεσάφει,λέγων·
3103 2775 3121 2807 ι
3145 2754 3339 2826 Ἀμὴν,
3370 2755 3519 2826 ἀμὴν
3539 2755 3690 2824 λέγω

2110 2847 2257 2915 ὑμῖν,
2301 2846 2395 2899 ἐὰν
2430 2847 2503 2916 μή
2530 2864 2612 2910 τις
2637 2846 2871 2917 γεννηθῇ
2916 2846 2975 2912 ἐξ
3004 2847 3195 2909 ὓδατος
3230 2848 3322 2901 καὶ
3352 2848 3686 2917 Πνεύματος,

2107 2939 2167 2991 οὐ
2207 2938 2427 2991 δύναται
2462 2939 2588 2991 ἰδεῖν
2619 2938 2718 3008 τὴν
2749 2939 3027 3009 βασιλείαν
3055 2939 3149 2993 τοῦ
3179 2939 3336 2993 Θεοῦ.
3367 2959 3387 2991 ι
3424 2940 3692 3009 Γεγεννή-

2112 3028 2250 3101 μεθα
2277 3029 2385 3100 γάρ
2414 3030 2514 3083 ούκ
2554 3030 2621 3083 ὲκ
2653 3032 2857 3100 σπορᾶς
2905 3031 3172 3102 φθαρτῆς,
3222 3031 3358 3086 ἀλλά
3395 3032 3483 3085 διὰ
3514 3033 3690 3099 Λόγου

2112 3119 2314 3201 ζῶντος
2354 3120 2491 3174 Θεοῦ
2558 3122 2653 3174 καὶ
2696 3122 2968 3191 μένοντος.
2999 3121 3157 3175 Οὕτω
3209 3122 3383 3186 κτίζει
3432 3122 3688 3192 Χριστὸς,

431 3181 597 3242 Creat
641 3194 782 3247 enim
824 3211 924 3251 nos
955 3213 1060 3252 non
1110 3202 1175 3253 ad
1220 3201 1521 3272 interitum,
1573 3205 1627 3259 id
1664 3218 1766 3273 est,
1801 3225 1907 3264 non
1939 3212 2005 3266 ad

2109 3215 2440 3286 ἀναμορφῶν
2468 3216 2533 3269 δι’
2563 3214 2835 3285 ἀγιασμοῦ
2870 3216 3005 3286 πρὸς
3029 3213 3223 3267 ἑαυτὸν
3245 3216 3372 3277 τοὺς
3405 3211 3690 3267 πιστεύονο

432 3281 834 3347 corruptionem
887 3296 938 3340 et
993 3299 1257 3358 mortem,
1312 3294 1404 3348 sed
1471 3297 1536 3348 ad
1588 3296 1891 3368 longaevam
1953 3310 2009 3355 et

432 3381 692 3427 aeternam
722 3376 915 3433 vitam.
957 3380 1113 3447 Quod
1148 3395 1330 3439 autem
1372 3387 1454 3442 his
1483 3388 1574 3457 qui
1606 3392 1773 3446 semel
1807 3394 1873 3445 ad
1906 3394 2007 3448 hoc

430 3461 734 3531 splendoris
791 3471 1007 3527 adducti
1053 3484 1212 3542 sunt,
1268 3486 1323 3531 et
1394 3479 1535 3534 hanc
1602 3481 2006 3541 innovatiouent

431 3567 528 3620 per
571 3556 849 3614 Christum
898 3564 1078 3619 sortiti
1135 3577 1284 3634 sunt,
1334 3571 1553 3627 dabitur
1601 3574 1768 3629 etiam
1824 3578 1893 3631 ab
1942 3592 2008 3632 eo

430 3646 733 3714 spiritualis
780 3652 1118 3712 fortitudinis
1160 3659 1362 3715 invicta
1408 3663 1624 3733 gratia,
1672 3674 1727 3720 et
1771 3668 2013 3738 cognitio

431 3739 517 3791 cui
550 3740 735 3795 hostes
767 3745 1014 3802 veritatis
1043 3764 1146 3803 non
1176 3762 1405 3820 possunt
1440 3757 1714 3823 resistere,
1746 3762 2004 3829 ostendit,

431 3845 555 3882 cum
585 3833 660 3887 ait
692 3850 706 3887 :
734 3832 906 3891 Omne
933 3853 1025 3891 vas
1059 3853 1399 3911 corruptum,
1432 3849 1574 3914 quod
1603 3859 1793 3903 contra
1824 3861 1874 3907 te
1898 3869 2004 3909 non

430 3926 781 3993 promovebo,
849 3936 904 3982 et
947 3933 1124 3986 omnis
1180 3948 1283 3989 vox
1353 3948 1537 4007 surget
1585 3951 1774 3995 contra
1837 3954 1889 3999 te
1952 3944 2005 3999 iu

423 4010 691 4079 judicium
727 4034 742 4071 :
774 4032 964 4074 omnes
999 4037 1094 4077 eos
1133 4023 1340 4080 vinces.
1377 4024 1516 4083 Vasa
1553 4030 1700 4084 ettim
1734 4035 2007 4102 corrupti—-

428 4104 558 4159 bilia
586 4107 769 4164 dicere
813 4113 933 4180 quis
969 4116 1197 4183 poterit.
1242 4117 1526 4176 diabolicae
1576 4126 1830 4194 nequitia:
1877 4143 2008 4195 ope.
2048 4136 2053 4139 ‘

430 4197 625 4267 rarios,
651 4201 740 4270 qui
769 4203 934 4257 etiam
962 4208 1330 4276 corruptionis
1366 4220 1493 4265 sunt.
1516 4223 1570 4268 et
1607 4215 1860 4271 interitus
1885 4220 2002 4274 li'sii.

426 4285 492 4341 lli
528 4303 846 4358 grassantur
879 4298 930 4351 in
961 4312 1202 4369 sanctos,
1239 4305 1514 4362 interdum
1543 4321 1598 4364 et
1629 4312 1805 4381 iacula
1848 4317 2007 4369 emit-

389 4391 551 4437 .tunt
601 4385 987 4457 multifariam,
1036 4396 1259 4449 saevitia:
1314 4412 1427 4452 suae
1480 4388 1586 4455 tela
1649 4404 2002 4473 ejaculantes,

427 4478 835 4540 persecutiones
887 4490 941 4536 et
988 4483 1303 4543 alliictiones
1342 4500 1396 4545 et
1436 4493 1583 4546 varia
1641 4498 2003 4553 tentatinnmu

2109 3323 2227 3369 τας,
2253 3306 2348 3358 καὶ
2378 3304 2725 3375 ἀνακομίζων
2755 3305 2835 3366 είς
2865 3304 3160 3374 σωτηρίαν.
3195 3304 3383 3368 Κτίζει
3413 3305 3521 3374 γὰρ
3541 3301 3692 3372 ἡμᾶς

2107 3394 2206 3448 ούκ
2238 3395 2319 3458 είς
2346 3393 2640 3459 ἀπώλειαν,
2675 3394 2955 3446 τουτέστιν
2993 3394 3092 3446 οὐκ
3129 3395 3207 3456 είς
3243 3392 3450 3463 φθορὰν
3480 3392 3561 3445 ἔτι
3593 3393 3701 3446 καὶ·

2109 3487 2358 3542 θάνατον.
2395 3486 2511 3539 ἀλλ’
2547 3488 2629 3549 εἰς
2669 3486 2995 3556 μακραίωνα
3038 3484 3151 3555 βίον
3196 3485 3291 3538 καὶ
3332 3483 3694 3553 ἀτελεύτητον

2108 3578 2275 3649 ζωήν.
2326 3580 2449 3631 ’Ὁτι
2494 3578 2552 3632 δὲ
2606 3580 2720 3641 τοῖς
2771 3575 2921 3641 ἅπαξ
2978 3578 3058 3639 είς
3106 3575 3268 3629 τοῦτο
3308 3575 3692 3646 λαμπρότητος

2107 3668 2526 3738 ἀνηνεγμένοις,
2589 3669 2686 3721 καὶ
2751 3667 3109 3738 καινουργίαν
3163 3665 3387 3736 λαχοῦσι
3443 3665 3540 3735 τὴν
3602 3664 3700 3719 διὰ

2107 3760 2369 3833 Χριστοῦ,
2428 3759 2720 3830 δοθήσεται
2767 3761 2900 3830 παρ’
2944 3758 3109 3812 αὐτοῦ
3159 3758 3253 3811 καὶ
3308 3757 3694 3827 πνευματικῆς

2108 3850 2396 3921 εὐανδρίας
2433 3848 2903 3916 ἀνανταγώνιστος
2953 3849 3148 3919 χάρις,
3189 3848 3285 3901 καὶ
3331 3847 3547 3911 σύνεσις
3590 3846 3704 3899 οὐκ.

2107 3943 2398 4012 εύάντητος
2438 3942 2551 4002 τοϊς
2585 3939 2685 4009 τῆς
2706 3939 2967 4010 ἀληθείας
2983 3940 3226 4010 ἐχθροῖς,
3250 3937 3577 3990 διαδείκνυσι
3598 3934 3701 3988 λέ-.

2106 4049 2216 4100 γων
2233 4049 2244 4061 ·
2277 4032 2392 4084 Πᾶν
2417 4029 2611 4093 σκεῦος
2637 4029 2895 4099 φθαρτὸν,
2922 4027 3063 4101 [καὶ]
3093 4028 3186 4095 ἐπὶ
3205 4028 3263 4081 σὲ
3278 4029 3380 4081 οὐκ
3405 4023 3693 4090 εύοδὼσω,,

2107 4123 2202 4177 καὶ
2224 4124 2370 4176 πᾶσα
2404 4121 2575 4192 φωνὴ,
2611 4118 2693 4192 [ἢ]
2732 4121 3093 4191 ἀναστήσεται
3130 4119 3223 4172 ἐπὶ
3253 4118 3312 4172 σὲ
3350 4119 3431 4181 είς
3477 4117 3684 4187 κρίσιν,

2109 4217 2317 4278 πάντας
2342 4215 2540 4277 αὐτοὺς
2567 4213 2844 4283 ὴττήσεις.
2873 4211 3049 4283 Σκεύη
3086 4211 3184 4283 μὲν
3218 4210 3433 4283 φθαρτά
3462 4210 3597 4279 φαίη
3627 4209 3705 4263 ἂν.

2106 4303 2246 4360 εἶναί
2283 4323 2368 4371 τις
2397 4307 2500 4375 τῆς
2535 4304 2628 4359 τοῦ
2670 4304 2918 4357 διαϐόλου
2949 4303 3284 4374 δυστροπίας
3322 4302 3451 4365 τοὺς
3484 4302 3694 4371 ὑπουρ-

2106 4397 2256 4464 γοὺς,
2298 4398 2349 4449 οἳ
2385 4399 2479 4450 καὶ
2511 4396 2718 4467 φθορᾶς
2744 4397 2852 4448 είσι
2886 4397 2979 4449 καὶ
3012 4396 3287 4459 ἀπωλείας
3311 4394 3498 4448 τέκνα.
3533 4387 3696 4447 Οὗτοι

2108 4491 2538 4557 κατεπιφύονται
2584 4488 2696 4541 τῶν
2743 4490 2937 4558 ἁγίων,
2986 4487 3096 4541 ἔσθ’
3146 4487 3234 4539 ὅτε
3270 4488 3366 4539 καὶ
3414 4483 3695 4550 τοξεύουσι

428 4564 643 4622 iuventa
698 4572 1037 4631 iuducentes.
1100 4579 1205 4635 Sed
1273 4596 1379 4636 non
1448 4591 1911 4656 prosperabuntur
1974 4610 2002 4647 a

2112 4580 2467 4651 πολυτρόπως
2508 4579 2577 4633 τά
2609 4580 2712 4650 τῆς
2756 4580 2967 4634 ἑαυτῶν
3015 4579 3336 4649 σκαιότητος
3354 4577 3696 4648 ,ὲπαφιέντες

426 4657 666 4726 Christo,
703 4672 759 4717 ut
790 4667 999 4733 possint
1026 4670 1237 4726 animas
1268 4684 1580 4730 sanctorum
1613 4693 2002 4747 corrumpere:

427 4750 712 4819 impiarum
749 4756 941 4813 deinde
974 4761 1248 4818 hmreseon
1293 4765 1621 4834 inventores,
1658 4769 2001 4840 blasphemas

426 4856 588 4897 voces
633 4854 822 4901 contra
863 4848 1190 4906 iueﬂ'abilem
1243 4855 1587 4925 majestatem
1634 4861 2002 4929 projicientes,

360 4976 371 4987 κ
426 4941 633 4989 tantum
683 4955 788 4993 nou
835 4952 1035 4996 vocant
1071 4944 1124 4997 in
1166 4945 1256 5014 jus
1306 4956 1544 5015 sanctos,
1577 4951 1667 5018 qui
1719 4953 2003 5009 veritates

424 5039 783 5099 propugnant.
816 5043 870 5086 et
914 5036 1184 5090 sinceram
1234 5040 1730 5095 ecclesiasticarum
1775 5044 2002 5114 dogma-

426 5128 535 5173 tum
568 5126 947 5181 rectitudinem
977 5127 1293 5195 iuveniliter
1327 5142 1382 5185 et
1415 5132 1662 5188 animose
1694 5134 1999 5195 defensant.

427 5207 813 5269 Verumtamen
852 5218 1165 5287 vincuntur,
1200 5223 1420 5276 Christo
1455 5226 1619 5277 etiam
1653 5227 1754 5280 hoc
1792 5231 1999 5286 sanctis

420 5301 706 5373 largiente.
759 5310 837 5361 Ab
877 5326 941 5365 eo
982 5312 1126 5365 enim
1184 5314 1551 5381 proﬁciscitur
1590 5317 1732 5384 quod
1776 5331 2000 5386 possunt

421 5403 635 5444 Omnem
675 5393 908 5450 hostium
943 5400 1225 5466 impetum,
1268 5415 1596 5469 omnemque
1641 5404 1819 5474 impiae
1853 5410 2001 5465 vocis

424 5483 837 5541 relurtntinnem
894 5505 1155 5558 superare
1209 5506 1271 5544 ac
1323 5492 1641 5560 confutare,
1685 5507 1742 5550 ut
1798 5497 2001 5555 Psaltcs

425 5574 498 5627 ait
535 5594 589 5628 τι
628 5575 679 5631 lu
708 5579 814 5633 Deo
846 5581 1104 5633 faciemus
1143 5583 1416 5642 virtutem.
1450 5594 1502 5637 et
1535 5587 1648 5655 ipse
1688 5588 1739 5642 in
1773 5591 1997 5644 nihilum

424 5668 628 5739 rediget
656 5688 749 5727 eos
772 5674 861 5742 qui
887 5672 1127 5744 aliligunt
1155 5688 1255 5728 nos
1280 5674 1345 5728 ³ο.
1376 5694 1393 5725 ι
1429 5676 1624 5732 Verum
1655 5681 1871 5734 obnoxii
1907 5683 2001 5737 tibi

2107 4674 2256 4745 βέλη,
2300 4673 2573 4743 διωγμοὺς
2623 4673 2720 4726 καὶ
2764 4671 2974 4741 θλίψεις
3025 4671 3345 4739 ἐπάγοντες,
3387 4671 3483 4724 καὶ
3521 4668 3686 4721 mlti-

2106 4770 2283 4835 τροπα
2326 4761 2651 4832 πειρασμῶν
2679 4760 2982 4832 εύρέματα.
3021 4760 3165 4814 Ἀλλ’
3194 4761 3304 4813 οὐκ
3329 4758 3695 4827 εὐοδωθήσον-

2109 4876 2196 4912 ται
2232 4858 2383 4928 παρὰ
2407 4855 2668 4928 Χριστοῦ,
2695 4856 2835 4909 ὥστε
2869 4855 2965 4908 καὶ
2994 4853 3211 4924 ἰσχύσαι
3248 4853 3350 4917 τὰς
3385 4850 3495 4904 τῶν
3523 4848 3696 4917 ἀγίων

2112 4951 2478 5022 καταφθεῖραι
2514 4949 2695 5021 ψυχάς
2715 4965 2728 4981 ·
2763 4951 2811 5003 οἰ
2839 4948 2896 5000 δέ
2919 4964 2982 5017 γε
3011 4947 3121 5003 τῶν
3158 4947 3394 5000 ἀνοσίων
3424 4944 3696 5016 αἱρέσεων

2111 5044 2333 5115 εὑρεταὶ
2377 5041 2777 5113 παλιμφήμους
2804 5039 2989 5108 φωνὰς
3023 5036 3166 5092 κατά
3204 5039 3302 5108 τῆς
3338 5038 3578 5110 ἀρρήτου
3610 5033 3696 5086 δό-

2112 5135 2207 5207 ξης
2244 5135 2415 5199 ίέντες
2451 5131 2734 5204 μονονουχὶ
2779 5129 3089 5196 δικάζονται
3122 5132 3233 5193 τοῖς
3268 5130 3464 5198 ἁγίοις,
3503 5126 3551 5180 οἳ
3594 5127 3697 5197 τῆς

2110 5226 2369 5299 ἀληθείας
2405 5226 2779 5298 προμάχονται
2804 5265 2820 5289 ,
2865 5225 2960 5278 καὶ
3008 5226 3381 5294 προεστήκασι
3429 5218 3698 5283 νεανικῶς

2111 5319 2209 5389 τῆς
2260 5317 2598 5390 ἀκραιφνοῦς
2637 5316 2931 5387 ὀρθότητος
2964 5314 3071 5368 τῶν
3098 5309 3573 5383 ὲκκλησιαστικῶν
3609 5308 3696 5362 δο-

2109 5407 2354 5478 γμάτων.
2377 5406 2521 5477 Πλὴν
2536 5406 2828 5475 ἡττῶνται,
2852 5404 3089 5476 Χριστοῦ
3108 5403 3363 5473 νέμοντος
3378 5404 3492 5464 τοῖς
3515 5398 3696 5468 ἁγίοις

2112 5500 2203 5553 καὶ
2238 5499 2413 5554 τοῦτο.
2463 5498 2602 5568 Παρ’
2636 5498 2801 5552 αὐτοῦ
2836 5497 2945 5569 γὰρ
2986 5497 3045 5550 τὸ
3090 5494 3348 5548 δύνασθαι
3380 5494 3560 5563 νικᾷν,
3598 5492 3695 5544 καὶ

2109 5593 2291 5645 πᾶσαν
2339 5589 2549 5661 ἐχθρῶν
2600 5589 2990 5650 ἐπανάστασιν,
3034 5587 3129 5640 καὶ
3160 5588 3339 5640 πᾶσαν
3379 5584 3694 5638 ἀντίστασιν

2106 5683 2319 5736 ἀνοσίου
2363 5682 2543 5752 φωνῆς
2567 5700 2578 5712 ·
2627 5684 2701 5746 ὡς
2750 5682 2859 5753 γὰρ
2882 5682 2908 5733 ὁ
2947 5680 3180 5734 Ψάλλων
3217 5678 3379 5749 φησίν
3401 5696 3413 5709 ο
3449 5695 3466 5727 ι
3495 5677 3581 5729 Ἐν
3612 5673 3693 5743 τῷ

500 5847 545 5882 ⁸⁷
586 5849 739 5906 Rom.
779 5869 870 5919 xu,
897 5856 950 5907 ‘2.
1030 5859 1074 5889 ³⁸
1104 5857 1219 5913 Col.
1249 5876 1330 5930 In,
1361 5860 1413 5913 9-
1493 5861 1536 5896 υ
1569 5859 1724 5914 ίολυ.
1755 5874 1837 5923 ιιι,
1875 5858 1926 5913 5-
2004 5879 2006 5883 ‘

2109 5860 2218 5915 'sal.
2258 5877 2365 5923 ιιι,
2416 5860 2498 5915 15.
