4100 6496
385 329 525 386 ΝΠ

1521 326 1587 381 IN
1632 325 1864 382 lSAIA}!
1906 327 2032 383 LIB.
2078 330 2142 385 Υ.
2185 329 2426 387 TOMUS
2466 330 2529 386 ll.

3537 337 3673 393 l2l8

379 431 502 506 θεῷ
536 435 839 509 ποιήσομεν
866 435 1116 506 δύναμιν,
1156 436 1250 489 καὶ
1282 435 1443 499 αὐτὸς
1479 435 1822 503 ὲξοιδενώσει
1853 439 1970 501 τοὺς

2090 449 2250 494 erunt
2306 440 2361 492 in
2412 453 2496 495 ea.
2555 438 2727 508 Hujus
2778 414 2967 495 versus
3012 442 3142 499 nulli
3195 445 3286 500 alii
3347 456 3676 518 .ntei-pretcs

381 529 666 592 θλίϐοντας
694 528 864 598 ἡμᾶς.
887 547 906 579 ι
940 528 1085 598 Πλὴν
1117 528 1167 580 oi
1197 527 1370 597 ἔνοχοί
1403 544 1517 589 σου,
1543 528 1728 597 φησιν,
1765 528 1980 581 ἔσονται

388 624 442 676 ἐν
470 620 633 689 αὐτῇ.
676 620 787 672 Καὶ
817 618 925 671 τῶν
963 623 1067 689 μὲν
1106 618 1309 689 ἑτέρων
1358 619 1774 689 ἑρμηνευόντων
1810 619 1982 681 οὐδεὶς

379 714 477 766 τοῦ
513 710 880 781 προκειμένου
911 709 1337 780 διαμνημονεύει
1393 709 1609 780 στίχου,
1647 711 1787 779 πλὴν
1826 706 1981 779 οἴμαι

382 801 576 873 δηλοῦν
604 801 783 854 ἐκεῖνό
813 817 916 853 που
943 801 1114 871 τάχα·
1151 802 1452 873 Κρείττους
1495 802 1593 872 μὲν
1616 800 1725 874 γὰρ
1746 801 1981 874 ἐχθρῶν,

380 894 480 947 καὶ
509 893 729 963 ἁπάσης
766 891 954 962 φωνῆς
999 893 1050 943 οἱ
1083 892 1440 965 καινουργίαν
1476 891 1738 963 λαχόντες
1756 893 1863 964 τὴν
1893 892 1982 946 διὰ

378 983 623 1053 Χριστοῦ
654 985 1000 1054 γενήσονται.
1029 976 1176 1036 οὗτοι
1210 983 1265 1036 δέ
1293 985 1436 1036 εἰσιν
1478 986 1528 1036 οἱ
1560 984 1985 1055 ἁναμορσούμεο

383 1090 471 1128 νοι
511 1075 651 1144 πρὸς
685 1072 957 1144 ἀγιασμὺν
982 1074 1041 1125 ὲν
1070 1074 1375 1143 Πνεύματι,
1409 1074 1504 1127 καὶ
1528 1074 1655 1137 τοὺς
1677 1074 1776 1143 τῆς
1804 1078 1984 1145 ἀμαρ-

377 1164 507 1229 τίας
535 1164 908 1236 διαπηδῶντες
940 1164 1188 1236 βόθρους.
1224 1164 1363 1217 Ἀλλ’
1388 1165 1440 1216 οἱ
1468 1164 1642 1235 ἔνοχοί
1675 1183 1792 1229 σου,
1819 1166 1980 1236 φησὶ,

377 1256 686 1321 τουτέστιν,
717 1255 879 1326 οἵπερ
912 1256 977 1309 ἂν
1015 1253 1124 1309 εἷεν
1156 1256 1332 1326 ἔνοχοι
1363 1259 1485 1321 ταῖς
1527 1258 1851 1329 ἁμαρτίαις,
1888 1258 1984 1311 καὶ

383 1350 525 1420 μετὰ
589 1350 690 1421 τὴν
751 1349 945 1417 κλῆσιν
1007 1349 1103 1401 καὶ
1146 1350 1247 1420 τὴν
1295 1350 1354 1402 ὲν
1406 1349 1628 1421 Χριστῷ
1678 1349 1980 1416 δικαίωσιν,

380 1440 605 1494 ἔσονται
652 1442 710 1492 ὲν
749 1441 909 1511 αὐτῇ.
958 1441 1047 1493 Ἑν
1090 1441 1227 1512 αὐτῇ
1266 1441 1344 1502 δὲ,
1391 1443 1527 1506 τίνι;
1553 1436 1627 1493 Ἦ
1661 1441 1877 1505 πάντως
1909 1444 1975 1512 τῇ

379 1532 579 1604 φθορᾷ.
633 1532 733 1585 Διὰ
781 1534 940 1586 τοῦτο
980 1533 1087 1604 γὰρ
1126 1534 1432 1605 ἐπήνεγκεν
1475 1532 1656 1594 εὐθὺς,
1697 1533 1778 1584 ὅτι
1813 1531 1975 1587 Ἐστι

379 1625 723 1695 κληρονομία
762 1627 876 1687 τοῖς
925 1624 1301 1694 θεραπεύουσι
1342 1624 1565 1694 Κύριον.
1600 1624 1676 1677 Ob
1724 1624 1832 1691 γὰρ
1869 1627 1982 1687 τοῖς

378 1716 602 1770 εἰωθόσι
634 1714 968 1769 καταλυπείν
1006 1715 1096 1767 διὰ
1140 1714 1233 1767 τοῦ
1278 1712 1580 1784 τετράφθαι
1634 1712 1730 1765 καὶ
1761 1711 1982 1782 βλέπειν

2087 527 2422 582 mentionem
2471 518 2713 593 facin‘nt,
2768 537 2824 582 at
2860 529 2987 585 illud
3026 540 3160 600 pulo
3194 535 3502 604 signiﬁcare
3529 556 3543 593 :
3574 541 3674 594 Su-

2085 620 2331 687 periores
2358 633 2517 674 erunt
2560 621 2838 687 hostibus,
2875 632 2928 677 et
2960 625 3105 677 oumi
3150 640 3282 681 voce
3315 631 3673 694 potentiores,

2087 710 2141 764 hi
2194 711 2286 781 qui
2346 711 2486 765 hanc
2544 713 2944 766 iunovationem
3015 730 3114 783 per
3159 714 3440 773 Christmu
3495 722 3675 775 sortiti

2087 815 2237 867 sunt,
2264 803 2357 873 qui
2383 802 2591 857 scilicet
2618 802 2894 859 reformati
2929 817 3059 861 sunt
3084 809 3150 860 ad
3182 812 3673 867 sanctilicatiouem

2086 895 2140 949 in
2167 896 2398 962 Spiritu,
2422 905 2476 949 et
2502 897 2708 964 peccati
2741 896 2925 952 foveas
2951 897 3214 969 emugiunt
3243 915 3307 955 ac
3340 905 3675 959 transiliunt.

2087 986 2250 1057 772
2277 987 2383 1042 Sed
2427 987 2651 1063 obnox’ii
2695 990 2792 1055 tui,
2830 991 3026 1061 inquit,
3059 993 3110 1046 id
3148 1004 3258 1054 est,
3296 997 3532 1061 peccatis
3570 997 3674 1050 im-

2086 1080 2282 1146 pliciti,
2321 1080 2484 1133 etiam
2524 1090 2647 1149 post
2676 1083 3019 1135 vocationem
3049 1092 3104 1137 et
3133 1084 3584 1153 justilirationem
3619 1088 3677 1142 in

2086 1169 2326 1232 Christo,
2359 1183 2520 1226 erunt
2551 1173 2602 1225 in
2641 1188 2726 1227 ea.
2764 1171 2820 1226 In
2851 1175 2991 1242 qua?
3025 1174 3185 1230 Certe
3220 1177 3270 1229 in
3304 1179 3674 1245 corruptione,

2087 1272 2210 1315 nam
2265 1265 2467 1317 idcirco
2500 1280 2625 1319 mox
2662 1266 2950 1318 subintulit
2980 1283 2995 1320 :
3029 1264 3123 1319 Ed
3162 1268 3449 1323 hil‘l‘EtiilaS
3485 1271 3675 1324 colou-

2087 1350 2229 1405 libus
2269 1351 2577 1407 Dominum.
2612 1355 2729 1410 Non
2764 1356 2909 1409 enim
2942 1372 3061 1410 sors
3090 1373 3119 1409 a
3153 1360 3261 1411 Deo
3294 1361 3398 1413 illis
3462 1362 3679 1416 dabitur

2084 1441 2175 1509 qui
2215 1457 2337 1495 eum
2375 1442 2677 1517 oil'etuluut,
2723 1456 2778 1500 ct
2828 1448 2880 1501 in
2927 1448 3187 1504 eﬂ'rcuetn
3241 1466 3304 1504 ac
3351 1452 3675 1506 dissolutam

2086 1532 2251 1586 vitam
2298 1546 2565 1602 proruunt
2600 1553 2613 1589 :
2645 1538 2740 1589 sed
2791 1537 2875 1591 his
2914 1540 3004 1607 qui
3046 1541 3197 1593 illtnn
3237 1542 3542 1606 delet-tant,
3594 1545 3679 1599 vel

2085 1624 2294 1692 colunt,
2322 1627 2374 1679 id
2403 1636 2508 1690 est,
2539 1628 2586 1680 ci
2614 1630 2881 1684 serviunt.
2914 1631 3078 1684 Erilis
3104 1635 3267 1703 igitur
3291 1636 3445 1700 tntilli,
3478 1639 3676 1704 inquit,

2082 1713 2238 1783 justi,
2278 1731 2386 1785 quo
2430 1715 2590 1784 hujus
2636 1718 2831 1780 sortis,
2884 1734 3005 1787 quae
3052 1723 3354 1774 cultoribus
3402 1726 3673 1790 promissa

378 1809 463 1873 εἰς
494 1809 557 1861 τὸ
598 1806 811 1879 ἑξήνιον
839 1811 867 1862 ὁ
899 1808 1051 1878 παρὰ
1093 1806 1229 1860 Θεοῦ
1263 1806 1550 1878 δοθήσεται
1582 1804 1806 1875 κλῆρος,
1843 1804 1970 1858 ἀλλὰ

2083 1815 2166 1860 est
2194 1817 2245 1860 et
2278 1822 2375 1859 suo
2412 1818 2657 1877 tempore
2688 1808 2927 1872 dabitur,
2961 1810 3081 1863 sitis
3107 1814 3419 1879 participes.

377 1904 494 1965 τοῖς
538 1903 962 1973 εὐφραίνουσιν,
1013 1902 1183 1972 ἤγουν
1241 1899 1642 1972 θεραπεύουσι,
1691 1901 1941 1954 τουτέστι
1992 1898 2352 1954 δουλεύουσιν.
2390 1899 2620 1953 Ἕσεσθε
2684 1901 2865 1955 τοίνυν
2911 1903 3035 1973 ἐμοὶ
3079 1904 3296 1970 δίκαιοι,
3340 1906 3506 1975 φησὶν
3532 1946 3548 1969 ,
3584 1906 3671 1959 ἴνα

376 1992 476 2046 τοῦ
524 1992 735 2063 κλήρου
789 1991 1089 2065 γενήσεσθε
1146 1991 1397 2062 μέτοχοι,
1455 1990 1554 2044 τοῦ
1613 1994 1721 2056 τοῖς
1779 1990 2174 2063 θεραπεύουσιν
2226 1991 2647 2064 ὲπηγγελμένου
2705 2009 2767 2046 τε
2831 1994 2927 2048 καὶ
2989 1995 3097 2067 μὴν
3144 1997 3240 2050 mi.
3300 1997 3670 2070 δοθησομένου

376 2087 522 2141 κατὰ
551 2087 799 2158 καιρούς.

456 2181 521 2233 Ol
563 2177 881 2248 διψῶντες,
918 2182 1248 2250 πορεύεσθε
1301 2179 1393 2249 ἐφ’
1452 2178 1643 2246 ὕδωρ·
1694 2179 1794 2232 καὶ
1847 2179 1981 2233 ὅσοι

369 2270 461 2343 μὴ
500 2271 675 2340 ἔχετε
720 2272 1029 2341 ἀργύριον,
1057 2273 1430 2339 ,βαδίσαντες
1472 2271 1831 2340 ἀγοράσατε,
1881 2270 1978 2324 καὶ

373 2364 541 2417 “ista
589 2364 667 2434 (1)
719 2364 867 2419 ἄνευ
929 2365 1216 2435 ἀργυρίου
1266 2364 1367 2418 καὶ
1424 2361 1602 2431 τιμῆς
1663 2358 1835 2416 οἶνον
1880 2358 1977 2416 καὶ

374 2456 585 2524 στέαρ.
608 2455 747 2510 Ἵνα
780 2458 839 2510 τί
868 2456 1119 2527 τιμᾶσθε
1146 2458 1455 2527 ἀργυρίου,
1485 2455 1586 2507 καὶ
1617 2454 1725 2508 τὸν
1745 2454 1980 2524 μόχθον

373 2545 545 2617 ὑμῶν
575 2550 688 2602 οὐκ
726 2551 815 2614 εἰς
852 2551 1259 2618 πλησμονήν;
1291 2549 1630 2611 Ἀκούσατε,
1662 2546 1761 2600 καὶ
1797 2546 1978 2617 φάγε-

371 2642 487 2693 σθε
533 2639 749 2707 ἀγαθὰ,
786 2640 883 2692 καὶ
929 2640 1296 2709 ἐντρυφήσει
1335 2640 1404 2693 ἐν
1438 2638 1680 2708 ἀγαθοῖς
1722 2640 1761 2707 ἡ
1800 2638 1972 2708 ψυχή

370 2729 561 2799 ὑμῶν.
597 2730 935 2798 Προσέχετε
975 2732 1102 2799 τοῖς
1141 2732 1335 2799 ὡτίοις
1388 2730 1573 2802 ὑμῶν,
1618 2731 1717 2785 καὶ
1751 2733 1974 2786 exarto-

368 2802 722 2888 ,ιουθήάατε
750 2823 879 2889 ταῖς
900 2822 1063 2890 ὁδοῖς
1093 2812 1228 2893 μοι).
1270 2822 1683 2878 Ἐπιικούσιιτέ
1695 2842 1837 2894 μου,
1870 2824 1971 2880 καὶ

370 2912 613 2984 ζήσεται
647 2916 718 2969 ἐν
755 2915 1000 2985 ἀγαθοῖς
1025 2916 1064 2983 ἠ
1105 2915 1276 2984 ψυχὴ
1311 2915 1499 2984 ὑμῶν.

2158 2174 2290 2231 CAP.
2320 2175 2429 2232 LV.
2464 2177 2628 2233 Vens.
2661 2178 2711 2242 1,
2741 2177 2795 2232 2.
2825 2176 2930 2245 Qui
2962 2179 3148 2243 aititia,
3169 2182 3337 2235 uenite
3361 2183 3431 2236 ad
3454 2201 3673 2256 aquam,

2085 2278 2138 2322 et
2179 2278 2435 2339 quotquot
2484 2282 2762 2338 argentum
2797 2286 2899 2323 non
2944 2272 3177 2336 habetis,
3212 2287 3392 2329 euntes
3427 2281 3583 2332 emite
3621 2290 3673 2334 et
3760 2323 3774 2335 ς

2086 2358 2245 2413 bibite
2294 2363 2491 2429 absque
2535 2372 2750 2429 argento
2801 2371 2849 2415 et
2898 2364 3069 2429 pretio
3124 2367 3295 2419 vinum
3345 2380 3390 2420 et
3439 2374 3668 2438 adipem.

2088 2449 2266 2516 Quare
2308 2455 2482 2507 emitis
2525 2455 2780 2520 pecunia,
2827 2466 2874 2507 et
2924 2454 3161 2510 laborem
3207 2469 3435 2513 vestrum
3467 2481 3568 2516 non
3601 2468 3671 2517 ad

2084 2544 2419 2597 satietatem?
2453 2546 2666 2608 Audite,
2692 2555 2741 2598 et
2767 2547 3023 2600 concedite
3051 2549 3212 2613 bona,
3244 2562 3291 2603 et
3321 2552 3672 2607 delectabitur

2081 2639 2136 2691 in
2173 2640 2321 2691 benis
2356 2640 2537 2690 anima
2570 2648 2765 2693 vestra.
2815 2640 3081 2692 Attendite
3120 2643 3338 2695 auribus
3390 2649 3590 2710 restria,
3619 2661 3668 2701 et

2080 2732 2359 2800 sequimini
2390 2733 2500 2784 vias
2532 2746 2695 2784 nicas.
2746 2729 3014 2785 Exaudite
3045 2748 3144 2798 me,
3176 2744 3222 2787 et
3260 2734 3388 2789 rit-et
3432 2737 3487 2790 in
3520 2739 3668 2792 bonis

2078 2823 2256 2873 anima
2289 2830 2480 2875 vestra.

441 3009 500 3061 Ὀ
525 3009 817 3073 θεσπέσιος
839 3010 1026 3074 Δαϐὶδ,
1053 3013 1118 3080 τῇ
1149 3010 1237 3062 διὰ
1259 3009 1353 3063 τοῦ
1377 3008 1694 3080 Πνεύματος
1713 3010 1970 3084 δᾳδουχίᾳ

2151 2999 2376 3054 Divinus
2406 2999 2596 3061 David.
2633 2998 2873 3069 Spiritus
2900 3000 3018 3057 face
3052 3002 3378 3069 illustratus,
3404 3005 3470 3058 ad
3499 3005 3665 3061 Deum

370 3100 898 3170 καταλαμπόμενος,
937 3099 1037 3162 τὰς
1072 3098 1208 3169 πρὸς
1245 3098 1379 3153 Θεὲν
1416 3099 1682 3168 μελῳδίας
1716 3102 1970 3167 ἐποιεῖτο,

366 3185 547 3253 λέγων
605 3188 734 3258 περὶ
780 3186 875 3239 τοῦ
925 3187 1144 3240 πάντων
1181 3187 1339 3257 ήμῶν
1390 3188 1646 3259 Σωτῆρος
1689 3189 1968 3259 Χριστοῦο

374 3294 397 3328 e
417 3277 505 3340 Ὠς
533 3277 844 3349 ἐπλήθυνας
878 3276 940 3330 τὸ
970 3277 1119 3340 ἔλεός
1147 3295 1262 3344 σου,
1296 3281 1324 3331 ὁ
1350 3279 1483 3342 Θεός
1511 3280 1523 3333 !
1566 3281 1614 3332 oi
1644 3280 1701 3333 δὲ
1723 3281 1831 3332 υἱοὶ
1863 3280 1973 3334 τῶν

365 3369 677 3440 ἀνθρώπων
743 3370 802 3422 ὲν
844 3369 1024 3442 σκέπῃ
1065 3370 1177 3423 τῶν
1221 3373 1512 3441 πτερύγων
1556 3389 1650 3424 σου
1696 3373 1969 3428 ὲλπιοῦσι.

367 3462 828 3531 Μεθυσθὴσονται
858 3462 966 3515 ἀπὸ
1000 3463 1258 3534 πιότητος
1284 3463 1387 3515 τοῦ
1402 3464 1552 3517 οἴκου
1596 3480 1713 3527 σου,
1742 3465 1838 3517 καὶ
1858 3465 1970 3541 ,τὸν

365 3556 711 3627 χειμάρρουν
736 3555 835 3626 τῆς
855 3555 1069 3625 τρυφῆς
1104 3572 1196 3608 σου
1226 3557 1433 3627 ποτινεῖς
1456 3555 1675 3618 αὐτοὺς,
1701 3556 1782 3608 ὅτι
1817 3557 1970 3628 παρὰ

366 3647 450 3700 σοὶ
489 3647 645 3717 πηγὴ
678 3646 847 3716 ζωῆς·
877 3665 896 3697 ι
932 3646 1026 3699 καὶ
1064 3646 1294 3717 ἑτέρωθί
1328 3663 1430 3699 που
1470 3645 1651 3712 πάλιν,
1683 3666 1702 3698 ι
1732 3648 1839 3701 Τοῦ
1872 3666 1970 3702 που

362 3736 543 3806 ταμοῦ
567 3736 639 3789 τὰ
657 3736 801 3806 ὁρμή
812 3753 961 3806 ματα
979 3736 1334 3806 εὐφραίνουσι
1357 3737 1453 3810 τὴν
1476 3737 1628 3791 πόλιν
1655 3737 1749 3791 τοῦ
1772 3739 1962 3793 Θεοῦ.»

363 3828 476 3882 Καὶ
509 3828 619 3899 μὴν
662 3830 758 3882 καὶ
785 3829 873 3884 διὰ
908 3830 1097 3901 φωνῆς
1130 3831 1429 3903 προφητῶν
1453 3831 1615 3895 αὐτός
1665 3831 1769 3885 πού
1800 3848 1967 3905 φησιν

362 3921 393 3974 ὁ
422 3920 553 3984 Υἱὸς
589 3923 622 3991 ή
651 3920 852 3984 παντὸς
875 3920 1084 3990 ἀγαθοῦ
1115 3923 1290 3994 πηγὴ,
1309 3922 1371 3976 τὸ
1405 3925 1470 3976 ὲκ
1494 3923 1594 3993 τῆς
1622 3922 1718 3976 τοῦ
1750 3924 1966 3996 Πατρὸς

361 4012 554 4076 οὐσίας
588 4013 954 4085 προχεόμενον
982 4015 1131 4085 νᾶμα
1169 4015 1433 4080 ζωοποιόν
1456 4031 1471 4047 '
1511 4033 1531 4067 ι
1568 4016 1699 4069 Ἰδοὺ
1729 4015 1841 4086 ἐγὼ
1873 4018 1967 4071 ὲκ-

363 4102 532 4155 κλίνω
557 4102 646 4155 ἐπ’
684 4102 887 4164 αὐτοὺς
918 4101 996 4166 ὡς
1022 4102 1267 4173 ποταμὸς
1322 4104 1567 4175 εἰρήνης,
1608 4105 1704 4159 καὶ
1731 4105 1807 4168 ὡς
1852 4123 1967 4176 χει-

366 4195 613 4266 papam;
663 4193 974 4257 ἐπικλύζων
1020 4193 1180 4261 δόξαν
1230 4194 1421 4249 ὲθνῶν.
1451 4214 1469 4247 ι
1501 4194 1649 4266 Ἔφη
1686 4197 1743 4249 δὲ
1791 4198 1886 4250 καὶ
1935 4199 1965 4250 ὀ

361 4284 655 4355 προφήτης
688 4285 988 4355 Ζαχαρίας,
1016 4284 1097 4339 ὅτι
1127 4304 1144 4336 ι
1173 4284 1333 4357 Πηγὴ
1368 4286 1429 4351 ἐξ
1457 4285 1609 4339 οἴκου
1632 4286 1838 4358 Κυρίου
1876 4285 1964 4353 ἐξ·

2079 3091 2346 3148 meludias
2397 3093 2597 3147 cecinit
2646 3094 2713 3147 de
2769 3096 3013 3148 omnium
3071 3107 3319 3151 nostrum
3376 3096 3668 3155 Servatum

2075 3184 2319 3251 Christo,
2366 3185 2552 3240 dicens
2585 3203 2599 3240 :
2638 3204 2656 3237 ι
2704 3186 2876 3253 Quam
2929 3189 3301 3257 multiplicusti
3349 3191 3664 3247 misericor-

2076 3274 2222 3329 diam
2255 3286 2425 3337 tuam,
2455 3277 2629 3331 Deus!
2660 3276 2782 3331 Filii
2821 3278 3098 3332 hominum
3132 3280 3181 3331 in
3209 3281 3524 3335 umbraculo
3553 3281 3669 3335 ala-

2076 3383 2197 3422 rum
2237 3385 2453 3422 tuarum
2488 3370 2812 3439 sperabunt.
2851 3369 3268 3425 luebriabuutur
3299 3374 3369 3424 ab
3414 3373 3667 3427 ubertate

2074 3458 2269 3512 donms
2296 3469 2420 3526 tua},
2466 3469 2521 3513 et
2553 3469 2797 3514 torrente
2838 3451 3153 3515 deliciarum
3199 3473 3408 3516 tuarum
3456 3465 3668 3533 potabis

2075 3563 2188 3607 eos.
2211 3549 2337 3616 quia
2371 3551 2511 3616 apttd
2549 3558 2599 3601 lu
2630 3562 2711 3605 est
2742 3548 2864 3603 fans
2894 3551 3017 3604 vita:
3039 3550 3106 3604 ³¹.
3137 3569 3159 3617 ρ
3187 3551 3253 3606 Ει
3279 3552 3406 3607 ulihi
3436 3571 3663 3613 rursus:

2080 3658 2098 3691 ι
2138 3638 2409 3694 Fluminis
2466 3642 2699 3711 impetus
2758 3642 3037 3698 lzetilicaut
3084 3644 3364 3699 civitatem
3417 3647 3596 3702 Dei”.
3640 3667 3662 3701 ι

2071 3728 2217 3784 Dicit
2246 3746 2466 3803 quoque
2496 3748 2627 3787 voce
2656 3733 3046 3803 prophetarum
3083 3735 3310 3804 ipsemet
3343 3734 3532 3800 Filius,
3570 3740 3663 3807 qui

2070 3822 2193 3878 fons
2225 3834 2309 3879 est
2358 3825 2538 3881 omnis
2587 3824 2748 3889 boni,
2801 3835 2856 3880 ct
2906 3827 3053 3880 rivus
3104 3829 3173 3884 ab
3211 3829 3446 3883 essentia
3487 3828 3668 3884 Patris

2070 3928 2358 3983 emanaus,
2389 3928 2442 3972 et
2473 3920 2640 3971 vitam
2672 3917 2950 3973 alit-rens:
2986 3938 3004 3970 ι
3039 3918 3179 3974 Ecce
3220 3905 3567 3992 ego-declina
3608 3923 3663 3975 in

2069 4022 2187 4075 eos,
2221 4009 2369 4063 velut
2403 4010 2598 4062 {lumen
2632 4009 2805 4078 pacis,
2852 4018 2908 4062 et
2950 4008 3097 4062 Velut
3143 4019 3358 4063 torrens
3393 4012 3668 4067 inundans

2069 4100 2298 4170 gloriam
2335 4101 2579 4167 gentium
2604 4099 2726 4165 ³³.)
2757 4097 2903 4152 Dixit
2937 4101 3107 4156 etiam
3155 4102 3421 4170 propheta
3452 4101 3666 4157 Zacha-

2069 4187 2217 4241 rias:
2253 4205 2272 4238 ι
2322 4186 2469 4242 Fons
2501 4188 2565 4241 de
2606 4188 2768 4241 domo
2810 4189 3021 4242 Dutnini
3065 4192 3399 4259 egredietur,
3448 4203 3506 4247 et
3541 4193 3666 4248 irri-

2066 4278 2216 4347 gabit
2246 4286 2544 4333 torrentem
2581 4278 2872 4345 juncorum
2898 4270 2965 4357 ³ξ.
3002 4298 3021 4331 ι
3052 4280 3209 4351 Saepe
3255 4296 3385 4338 vero
3417 4284 3470 4339 in
3514 4284 3665 4341 Scri-

361 4375 671 4442 ελεύσεται,
711 4377 808 4430 καὶ
830 4379 1006 4429 ποτιεῑ
1032 4375 1124 4430 τὸν
1149 4376 1485 4448 χειμάρρουν
1514 4374 1624 4430 τῶν
1658 4374 1906 4446 σχοίνων.
1934 4395 1954 4429 ι

2075 4380 2225 4439 plura
2280 4370 2541 4425 divinitus
2593 4370 2855 4440 inspirata
2898 4372 3237 4453 iureniemus
3280 4374 3370 4428 Dei
3417 4375 3660 4431 Verbum

364 4469 706 4540 Πλεισταχοῦ
746 4469 802 4524 δὲ
829 4471 930 4541 τῆς
960 4470 1324 4524 θεοπνεύστου
1383 4470 1423 4523 Γ
1428 4470 1633 4542 ραφῆς,
1674 4472 1862 4543 πηγήν
1901 4488 1961 4526 τε

360 4564 456 4618 καὶ
481 4564 728 4635 ποταμὸν
751 4565 843 4618 τὸν
866 4563 962 4617 τοῦ
997 4563 1134 4617 Θεοῦ
1165 4563 1338 4631 Λόγον
1376 4562 1766 4634 ὠνομασμένον
1796 4565 1963 4638 εὑρή-

363 4669 552 4725 σομεν.
569 4655 671 4708 Διὰ
685 4654 844 4709 τοῦτο
861 4656 954 4709 καὶ
975 4654 1138 4719 αὐτὸς
1156 4656 1269 4717 τοῖς
1304 4654 1580 4718 Ἰουδαίοις
1595 4653 1961 4728 προ[σ]διελέ-

358 4763 508 4811 γετο,
534 4747 629 4800 καὶ
654 4747 719 4819 δὴ
749 4748 845 4802 καὶ
878 4748 1016 4820 πρὸς
1049 4747 1243 4801 ἑαυτὸν
1265 4746 1452 4800 ὲκὰλει
1488 4747 1661 4816 λέγων
1681 4762 1696 4777 °
1733 4767 1753 4800 ι
1782 4748 1851 4803 Εἴ
1873 4766 1961 4814 τις

306 4879 315 4886 .
357 4837 512 4911 διψᾷ,
538 4838 785 4910 ἐρχέσθω
812 4839 951 4911 πρός
979 4857 1068 4912 με,
1101 4838 1194 4892 καὶ
1223 4838 1449 4893 πινέτω.
1488 4839 1547 4891 '0
1578 4839 1850 4896 πιστεύων
1876 4843 1959 4907 εἰς

358 4930 482 5000 ἐμὲ,
536 4929 725 4994 καθὼς
757 4925 917 4986 εἷπεν
941 4934 976 5003 ή
1014 4931 1054 4984 Γ
1060 4927 1228 5001 ραφὴ,
1268 4931 1504 4999 ποταμοὶ
1529 4932 1594 4982 ἐκ
1624 4930 1722 5002 τῆς
1747 4932 1960 4997 κοιλίας

358 5018 526 5077 αὑτοῦ
559 5018 848 5092 ῥεύσουσιν
888 5020 1080 5085 ὕδατος
1120 5020 1284 5091 ζωῆς.
1314 5039 1333 5072 ι
1371 5020 1703 5085 Ποιούμενος
1738 5021 1796 5076 δὲ
1828 5024 1958 5090 τοὺς

356 5108 551 5181 λόγους
581 5110 722 5183 πρὸς
748 5111 847 5184 τήν
881 5114 940 5166 ὲν
971 5115 1040 5185 τῇ
1071 5113 1358 5185 Σαμαρείᾳ
1387 5114 1641 5180 γυναῖκα,
1667 5113 1828 5167 πάλιν
1853 5108 1958 5169 ὧδέ

357 5218 531 5272 φησιο
576 5221 595 5254 ⁸
636 5204 756 5266 Πᾶς
794 5205 825 5260 δ
857 5203 1032 5257 πίνων
1067 5205 1133 5258 ὲκ
1164 5203 1260 5258 τοῦ
1309 5202 1500 5266 ὓδατος
1543 5201 1738 5255 τούτου
1797 5190 1954 5277 διψή-

359 5310 443 5348 σει
473 5293 659 5352 πάλιν.
690 5296 787 5359 Ὃς
813 5294 858 5349 δ’
878 5293 946 5349 ἂν
973 5296 1073 5368 πίῃ
1103 5297 1168 5349 ἐκ
1200 5293 1297 5349 τοῦ
1326 5293 1539 5357 ὓδατος,
1572 5288 1633 5349 οῦ
1663 5291 1775 5363 ἐγὼ
1799 5293 1957 5350 δώσω

357 5383 526 5457 αὐτῷ,
566 5387 859 5456 γενήσεται
880 5388 938 5443 ὲν
961 5386 1112 5459 αύτῷ
1152 5386 1301 5458 πηγὴ
1332 5385 1524 5449 ὓδατος
1550 5385 1847 5456 ἁλλομένου
1872 5388 1953 5451 είς

428 5537 472 5568 ³¹
506 5537 647 5593 Psal.
710 5555 876 5602 xxxv,
904 5538 1053 5601 8,!0.
1168 5540 1209 5571 "
1239 5539 1378 5593 Psai.
1416 5554 1539 5603 xcv,
1581 5538 1636 5592 5.

1750 5537 1795 5569 ³³
1830 5536 1931 5591 In.
1998 5553 2145 5598 uri,
2192 5538 2278 5593 12.

2062 4464 2267 4518 dictum
2298 4477 2421 4519 esse
2444 4463 2648 4519 fontem
2680 4480 2745 4519 ac
2766 4462 2967 4520 ﬂumen
2993 4482 3007 4531 ;
3043 4467 3273 4537 ideoque
3300 4467 3418 4537 ipse
3443 4465 3661 4524 Iudaeos

2062 4560 2465 4630 alloquebatur,
2518 4569 2575 4617 et
2619 4560 2687 4615 ad
2734 4575 2793 4617 se
2826 4561 3079 4626 vocabat,
3109 4560 3301 4616 dicens
3335 4578 3349 4615 :
3390 4578 3408 4614 ι
3446 4561 3503 4616 Si
3536 4562 3660 4631 quis

2061 4652 2201 4721 sitit,
2229 4654 2410 4709 veniat
2447 4653 2513 4709 ad
2569 4668 2675 4721 me,
2736 4661 2794 4709 et
2857 4652 3031 4710 bibat.
3083 4653 3183 4721 Qui
3219 4653 3395 4710 credit
3447 4654 3501 4709 in
3549 4671 3657 4720 me,

2060 4744 2521 4815 quemadmodum
2553 4744 2688 4800 dicit
2735 4744 3045 4816 Scriptura,
3096 4744 3319 4801 ﬂumina
3359 4747 3426 4803 de
3469 4756 3663 4802 ventre

2065 4836 2185 4907 ejus
2230 4836 2399 4892 liuent
2441 4853 2598 4910 aqua
2644 4839 2852 4895 vita".
2887 4858 2907 4892 ι
2945 4838 3083 4894 Cum
3137 4840 3303 4894 etiam
3347 4852 3656 4894 sermonem

2066 4925 2231 4983 habet
2280 4926 2444 4998 773
2488 4943 2612 4983 cum
2663 4927 3008 4985 Samaritana
3055 4928 3303 4996 muliere,
3342 4944 3533 4983 rursus
3579 4928 3657 4984 sic

2064 5018 2142 5073 ait
2173 5034 2190 5074 :
2224 5036 2243 5070 ι
2280 5017 2474 5075 Omnis
2500 5022 2592 5090 qui
2628 5020 2765 5075 bibit
2805 5021 2872 5076 de
2901 5034 3042 5089 aqua
3083 5019 3208 5087 bac,
3250 5019 3394 5075 sitiet
3445 5034 3654 5074 rursus.

2061 5110 2133 5167 At
2177 5112 2269 5181 qui
2321 5112 2525 5168 biberit
2556 5113 2623 5168 de
2663 5128 2805 5183 aqua
2839 5129 3001 5184 quam
3049 5127 3152 5183 ego
3184 5111 3323 5167 dabo
3361 5112 3437 5178 ei,
3479 5111 3571 5167 ﬁet
3604 5112 3655 5167 in

2060 5203 2154 5259 illo
2204 5203 2327 5259 fons
2394 5218 2550 5273 aqua:
2602 5205 2849 5261 salientis
2911 5205 2964 5260 in
3011 5206 3179 5260 vitam
3227 5213 3489 5261 mternam
3524 5203 3591 5258 “.
3631 5223 3652 5255 ι

2061 5293 2250 5367 Itaque
2283 5296 2461 5368 inquit
2493 5314 2507 5352 :
2538 5295 2596 5353 Si
2631 5298 2754 5366 quis
2793 5299 2931 5365 sitit,
2971 5299 3200 5354 accedat
3239 5298 3307 5354 ad
3350 5297 3652 5361 Christum,

2061 5397 2117 5443 et
2150 5388 2319 5455 bibat,
2362 5388 2709 5460 accipiatqtte
2734 5389 2957 5447 uberem
2988 5404 3083 5460 per
3108 5400 3357 5445 sanctum
3386 5388 3650 5458 Spiritum

2395 5540 2608 5598 "Juel.
2685 5558 2767 5610 Ill,
2804 5543 2887 5600 lS.
3008 5541 3052 5574 ³⁵
3080 5541 3235 5597 Joan.
3307 5556 3404 5605 vn,
3444 5537 3533 5605 37,
3558 5536 3652 5607 58;

357 5607 459 5662 lsa.
501 5624 651 5677 ηιν,
682 5609 735 5674 5,
765 5620 820 5664 et
851 5626 1007 5673 Lvm,
1048 5612 1138 5671 li;
1173 5611 1310 5675 ιιι-ι,
1345 5625 1404 5673 n,
1432 5610 1542 5695 ‘23,
1578 5610 1701 5664 Act.
1732 5623 1791 5675 tt,
1826 5607 1910 5662 l'l.
1988 5609 2033 5641 “
2064 5609 2224 5664 Joau.
2255 5626 2327 5677 tv,
2365 5610 2450 5673 lii,
2487 5613 2570 5671 li.

426 5765 505 5825 Η)
547 5763 715 5825 LXX,
748 5744 985 5829 φάγετε.⁵
