4100 6456
437 337 570 390 1219

1423 322 1480 377 S.
1522 319 1798 375 CYRILLI
1839 313 2316 370 ALLXANDBINI
2357 311 2670 367 Αιιειιιερ.

3565 309 3700 362 ιτει

435 454 890 514 consolationem,
930 458 984 504 et
1028 447 1281 519 gratiam,
1316 455 1372 499 et
1417 444 1766 514 purissimam
1811 449 2016 510 mysta-

2142 437 2266 508 ζωὴν
2302 436 2539 489 αἰώνιον.
2570 451 2588 484 ι
2626 433 2837 485 Οὐκοῦν
2883 434 2935 486 ετ
2964 449 3046 495 τις
3082 430 3230 501 διψᾷ,
3275 426 3431 498 erg-.1,
3464 431 3710 501 πρςσίτω

435 561 673 614 gograui.
725 543 971 610 Accipiet
1019 547 1198 592 autem
1252 553 1359 591 non
1405 552 1590 590 emens
1630 534 1878 604 pecunia,
1921 532 2015 586 sed

439 633 822 686 liberalissima
851 647 910 684 ac
937 629 1343 699 promptissima
1376 629 1618 681 vocantis
1651 625 2016 679 muniﬁcentia

440 725 762 778 delectatus.
818 723 1177 785 Accedentes,
1223 720 1429 788 inquit,
1479 719 1561 772 vel
1605 727 1814 780 euntes,
1857 724 1911 769 et
1951 713 2018 767 ah

444 830 551 867 ιιηο
585 813 703 866 loco
735 813 801 864 ad
835 812 998 863 alium
1033 812 1335 879 migrantes
1359 818 1413 863 et
1440 818 1803 870 transeuntes,
1833 807 1882 859 id
1913 815 2018 867 est,

451 903 517 952 ab
559 916 746 953 errore
791 915 976 953 rursus
1019 902 1083 953 ad
1126 901 1456 968 agnitionem
1500 900 1780 962 veritatis',
1833 898 2017 958 eruite,

442 1001 496 1042 et
535 991 702 1041 bibite
739 990 942 1056 absque
983 1001 1210 1057 argento
1249 1006 1310 1043 ac
1335 991 1535 1058 pretio.
1585 989 1722 1056 Ergo
1752 985 2020 1054 quoomdo

444 1091 631 1132 emunt
665 1091 720 1133 et
759 1083 1038 1148 accipiunt
1078 1085 1269 1151 gratis,
1313 1094 1366 1136 et
1413 1083 1529 1136 sine
1569 1080 1829 1148 argento?
1873 1077 2020 1130 Fidei

445 1174 589 1224 enim
625 1177 906 1241 przemium
939 1175 1236 1241 accipimus
1265 1189 1293 1224 a
1319 1173 1534 1226 Christo
1557 1172 1806 1241 gratiam,
1845 1183 2021 1222 rerum

448 1276 629 1316 autem
665 1276 1174 1318 momentanearum
1210 1277 1262 1317 et
1293 1264 1632 1332 pereuntium
1671 1262 1801 1314 nihil
1836 1275 2024 1328 repen-

449 1353 650 1408 dimus.
685 1374 702 1404 ι
737 1357 849 1408 Dixi
876 1357 1019 1408 enim
1044 1358 1266 1411 Domino
1293 1371 1430 1419 meo,
1457 1374 1474 1405 ι
1503 1355 1692 1421 inquit,
1718 1371 1735 1401 ι
1768 1351 2024 1403 Dominus

449 1459 604 1497 meus
637 1461 696 1498 es
729 1457 802 1509 tu,
837 1448 959 1513 quia
979 1447 1134 1500 bonis
1159 1447 1290 1498 meis
1311 1461 1444 1511 Opus
1479 1461 1580 1496 non
1606 1443 1640 1495 h
1661 1446 1771 1495 ibes
1791 1439 2025 1495 "‘JScd

451 1535 570 1589 loco
607 1537 869 1588 donorum
915 1547 968 1589 et
1018 1538 1172 1605 pretii
1226 1537 1502 1589 oderimus
1552 1535 1769 1588 Christo
1811 1532 1928 1586 ﬁdei
1971 1532 2024 1584 in

452 1627 625 1694 ipsum
673 1628 1094 1682 confessionem.
1136 1629 1319 1696 Itaque
1354 1629 1472 1682 sine
1508 1638 1730 1696 argento
1763 1636 1814 1680 et
1855 1626 2028 1693 pretio

450 1731 534 1773 est
588 1721 701 1772 haec
761 1722 940 1788 potio,
985 1737 1047 1774 ac
1081 1719 1471 1774 charismatum
1528 1721 1644 1788 ejus
1697 1717 2026 1787 amplissima

2117 531 2195 599 τιῖ)
2221 527 2466 599 Χριστῷ,
2497 526 2592 578 καὶ
2625 524 2689 594 δὴ
2723 527 2816 578 καὶ
2852 523 3053 576 πινέτω
3091 523 3378 592 δεχόμενος
3417 522 3706 590 ἀμφιλαφῆ

2117 625 2215 693 τὴν
2246 623 2334 675 διὰ
2355 620 2448 673 τοῦ
2473 618 2628 686 ἀγίου
2664 616 2980 686 Πνεῦματος
3009 613 3375 684 παράκλησιν,
3404 612 3499 664 καὶ
3527 612 3704 682 χάριν,

2123 717 2216 768 καὶ
2239 714 2716 783 ἁκρσιιφνεστάτην
2742 708 3148 780 μυσταγωγίαν.
3171 704 3389 769 Δέξεται
3412 704 3466 755 δὲ
3493 705 3554 755 οὺ
3576 720 3707 774 χρη-

2128 806 2314 876 μάτων
2347 803 2672 873 ὠνούμενος,
2721 800 3059 870 ἀφθονοτὰτῃ
3100 797 3156 849 δὲ
3197 795 3396 864 μᾶλλον
3432 795 3711 864 φιλοτιμίᾳ

2121 896 2216 948 τοῦ
2274 892 2566 954 καλοῦντος
2618 891 2922 962 ἐντρυφῶν.
2978 887 3303 960 ῐιροσιόντες
3355 887 3448 951 δὲ,
3510 887 3709 956 φησιν,

2123 988 2294 1057 ἤγουν
2336 985 2673 1054 βαδίσαντες,
2705 984 2800 1036 καὶ
2833 982 2907 1042 ὡς
2936 983 3000 1033 ὲκ
3029 979 3191 1032 τόπου
3233 975 3710 1047 μεταπηδήσαντες

2125 1080 2206 1140 είς
2239 1077 2400 1129 τόπον
2437 1076 2659 1145 ἕτερον,
2698 1072 2977 1127 τουτέστιν
3021 1068 3079 1134 ἐξ
3120 1069 3334 1140 ἀπάτης
3373 1065 3536 1120 πάλιν
3573 1066 3712 1138 πρὸς

2127 1169 2427 1236 ἐπίγνωσιν
2486 1166 2784 1237 ἀληθείας,
2851 1163 3160 1234 ἀγοράσατε
3226 1163 3322 1214 καὶ
3375 1161 3526 1213 πίετε
3581 1161 3710 1214 ἀνευ

2129 1259 2397 1330 ἀργυρίου
2443 1259 2536 1310 καὶ
2574 1259 2760 1326 τιμῆς.
2792 1255 2918 1314 Πῶς
2957 1249 3049 1306 οὖν
3095 1251 3446 1323 ἀγοράζουσι,
3491 1250 3585 1303 καὶ
3626 1248 3714 1304 δίο

2127 1368 2310 1420 χονται
2366 1349 2616 1420 δωρεὰν,
2664 1350 2759 1400 καὶ
2810 1347 3073 1418 ἀργυρίου
3124 1345 3276 1414 δίχα;
3310 1343 3553 1405 Πίστεως
3603 1342 3711 1414 γὰρ

2126 1441 2432 1494 ἀντέκτισιν
2459 1439 2555 1510 τὴν
2587 1438 2736 1509 παρά
2769 1435 3007 1507 Χριστοῦ
3046 1435 3312 1506 δεχόμεθα
3339 1435 3519 1506 χάριν,
3539 1451 3711 1488 κατα-

2127 1532 2402 1601 τιθέμενοι
2466 1533 2562 1601 μὲν
2612 1530 2721 1583 τῶν
2774 1528 3123 1600 προσκαίρων
3183 1530 3278 1580 καὶ
3327 1526 3710 1596 ἀπολλυμένων

2131 1624 2320 1694 μηδὲν(
2347 1643 2363 1670 σ
2384 1619 2527 1675 Εἷπα
2549 1623 2657 1692 γὰρ
2675 1621 2747 1689 τῷ
2768 1620 2955 1691 Κυρίῳ
2974 1638 3127 1690 μου,ι
3158 1619 3318 1690 φησί·
3354 1619 3584 1688 (Κύριός
3609 1635 3713 1686 μου

2128 1711 2176 1766 εἷ
2203 1716 2288 1774 σὺ,
2314 1715 2394 1766 ὅτι
2421 1714 2526 1765 τῶν
2557 1711 2774 1780 ἀγαθῶν
2799 1729 2899 1780 μου
2926 1713 2984 1762 οὺ
3011 1710 3199 1781 χρείαν
3221 1709 3410 1780 ἔχεις),
3434 1728 3452 1761 ι
3487 1710 3544 1762 ἐν
3565 1708 3713 1773 τάξει

451 1810 692 1863 donatio.
756 1812 832 1863 Ac
881 1812 1008 1880 quid
1061 1810 1618 1878 mercatnur?gqnam
1664 1811 1894 1863 emimus
1942 1824 2032 1876 po-

2142 1805 2188 1858 Ξὲ
2228 1805 2414 1874 δώρων
2468 1806 2562 1857 καὶ
2602 1804 2928 1874 τιμημάτων
2966 1802 3423 1873 προσκομίζοντες
3461 1801 3538 1870 τῷ
3583 1803 3716 1872 Χρι-

454 1901 700 1952 tionem?
738 1901 890 1964 Vini,
941 1902 1147 1971 inquit;
1181 1918 1358 1954 escam
1405 1916 1554 1963 vero,
1597 1901 1770 1968 adipis
1818 1912 1870 1954 ει
1915 1898 2031 1953 fru-

455 1994 644 2044 menti.
699 1993 764 2046 Et
809 1994 1024 2061 quidem
1077 1995 1128 2047 in
1179 1993 1427 2047 confesso
1474 2002 1592 2055 est,
1643 1994 2029 2046 charismatum

454 2081 654 2136 Christi
690 2085 964 2152 copiosam
1021 2087 1412 2147 accessionem,
1449 2087 1682 2136 animam
1716 2085 1895 2146 laetitia
1925 2081 2033 2134 alli-

459 2186 622 2234 cere,
674 2182 729 2224 et
786 2174 970 2225 vinum
1036 2172 1113 2224 illi
1163 2187 1286 2225 esse
1366 2171 1728 2239 intelligibile,
1801 2179 1855 2222 et
1920 2169 2036 2233 qui-

455 2261 576 2314 dem
617 2263 860 2330 adipem,
889 2263 938 2316 id
968 2272 1072 2328 est,
1125 2263 1324 2315 cibum.
1365 2259 1604 2315 Roborat
1639 2275 1870 2327 namque
1891 2272 2029 2320 eam,

457 2354 799 2421 maximeque
835 2363 1067 2422 vegetat.
1107 2352 1380 2407 Credibile
1406 2352 1675 2406 estetiam
1705 2352 1802 2404 hos
1845 2362 2034 2402 versus

456 2446 787 2498 subinnuere
834 2443 1032 2497 Christi
1099 2445 1438 2514 mysterin,ut.
1493 2443 1592 2509 Qui
1649 2443 1793 2496 cnim
1847 2441 2036 2494 bibunt

456 2549 650 2604 aquam
690 2537 979 2601 viventem,
1017 2537 1070 2590 id
1110 2545 1213 2601 est,
1243 2551 1338 2605 per
1372 2535 1640 2604 Spiritum
1679 2533 1854 2600 gratia
1889 2533 2037 2585 locu-

458 2627 1050 2697 pletatisunt,emnqne
1095 2629 1370 2695 possident
1407 2642 1469 2679 ac
1495 2625 1915 2694 participant,et
1935 2622 2039 2675 tlde

455 2731 662 2783 emunt,
680 2720 972 2788 participes
994 2720 1122 2772 [ient
1144 2720 1306 2772 etiam
1331 2718 1437 2770 vini
1465 2728 1518 2772 et
1542 2718 1739 2786 adipis,
1761 2716 1929 2781 idest,
1950 2729 2068 2794 εει-ο

455 2811 727 2864 crosancti
747 2810 1051 2878 corporiset
1070 2809 1348 2875 sanguinis
1377 2808 1602 2862 Christi.
1641 2808 1842 2860 Deinde
1865 2806 1948 2860 his
1969 2805 2042 2857 in-

467 2901 571 2953 fert
590 2901 722 2953 :Cnr
738 2901 1038 2968 expenditis
1057 2899 1667 2969 argenturmetlaborem
1682 2908 1915 2950 vestrum
1935 2911 2040 2949 non

457 2989 526 3042 ad
560 2990 907 3043 satietatem?
929 2989 1238 3045 Graecorum
1267 2991 1409 3041 enim
1456 2988 1727 3056 principes
1759 3001 1854 3054 pro
1878 2982 2041 3036 animi

459 3082 543 3134 sui
579 3081 871 3145 arbitratu,
899 3081 1148 3134 etmundi
1178 3079 1375 3148 spiritu
1425 3090 1668 3146 accepto,
1697 3087 1746 3130 et
1763 3077 2042 3146 loquentes

2135 1896 2249 1966 στῷ
2275 1897 2372 1965 τῆς
2420 1897 2499 1958 είς
2547 1897 2709 1949 αὐτὸν
2755 1895 2991 1958 πίστεως
3036 1894 3132 1964 τὴν
3158 1894 3465 1964 ὁμολογίαν.
3508 1892 3718 1946 Οὐκοῦν

2133 1990 2259 2043 ἄνευ
2290 1988 2552 2060 ἀργυρίου
2599 1989 2694 2040 καὶ
2756 1989 2919 2057 τιμῆς
2961 1988 2994 2056 ἡ
3046 1987 3202 2049 πόσις
3242 1987 3334 2038 καὶ
3371 1987 3406 2056 ἡ
3436 1985 3543 2039 τῶν
3582 1987 3716 2058 παρ’

2136 2080 2301 2132 αὑτοῦ
2352 2079 2711 2150 χαρισμάτων
2751 2077 3092 2148 ἀφθονοτάτη
3125 2078 3324 2148 δωρεά.
3351 2079 3415 2130 Τί
3457 2077 3514 2130 δὲ
3540 2077 3606 2148 δὴ
3640 2095 3720 2132 τοι

2138 2171 2400 2241 μώμεθα,
2463 2171 2556 2222 καὶ
2605 2171 2768 2222 ποίαν
2815 2169 3104 2239 ὠνούμεθα
3145 2168 3338 2233 πόσιν;
3388 2168 3498 2238 Τὴν
3544 2169 3717 2234 οἴνου,

2141 2267 2294 2331 φησι,
2329 2262 2528 2331 βρῶσίν
2554 2278 2613 2313 τε
2645 2261 2782 2332 πρὸς
2821 2259 2994 2328 τούτῳ
3027 2259 3126 2331 τὴν
3158 2261 3380 2322 στέατος
3400 2262 3494 2314 καὶ
3521 2261 3717 2331 πυροῦ.

2139 2353 2247 2404 Καὶ
2289 2353 2738 2423 ὁμολογουμένως
2791 2353 2889 2421 μὲν
2923 2352 3030 2405 τῶν
3080 2351 3231 2424 παρά
3276 2351 3513 2422 Χριστοῦ
3565 2369 3724 2423 χαρι-

2140 2445 2360 2514 σμάτων
2390 2446 2420 2512 ἡ
2463 2443 2784 2514 ἀμφιλαφὴς
2821 2443 3061 2506 ἐπίδοσις
3095 2443 3481 2512 κατευφραίνει
3524 2443 3722 2514 ψυχὴν,

2139 2538 2233 2591 καὶ
2265 2532 2404 2599 οἶνος
2448 2537 2590 2606 αὐτῇ
2623 2535 2830 2601 γίνεται
2872 2533 3060 2602 νοητός
3085 2543 3098 2562 ⁵
3143 2534 3235 2587 καὶ
3278 2534 3384 2604 μὴν
3411 2536 3505 2588 καὶ
3537 2535 3724 2604 στέαρ,

2146 2628 2394 2681 τουτέστι
2428 2628 2624 2698 τροφή·
2652 2629 2862 2696 στερεοῖ
2893 2627 3000 2697 γὰρ
3049 2625 3217 2696 αὐτὴν
3253 2625 3346 2678 καὶ
3374 2626 3727 2678 εὐσθενεστά-

2141 2737 2240 2789 την
2275 2717 2545 2770 ἀποτελεῖ.
2573 2717 2684 2769 Οὐκ
2705 2717 2968 2770 ἀπίθανον
3002 2718 3080 2783 δὲ,
3118 2717 3210 2769 καὶ
3247 2717 3307 2769 τὸ
3346 2717 3582 2788 Χριστοῦ
3623 2736 3726 2787 μυ·

2153 2811 2375 2879 στήριον
2440 2808 2849 2860 ὑπαινίττεσθαι
2928 2807 3106 2876 λέγειν
3182 2809 3290 2861 τῶν
3352 2808 3729 2879 προκειμένων

2153 2901 2351 2970 στίχων
2380 2899 2477 2970 τὴν
2506 2899 2756 2968 δύναμιν.
2791 2900 2853 2952 Ol
2887 2900 2995 2969 γάρ
3021 2916 3103 2950 τοι
3135 2900 3381 2963 πίνοντες
3409 2899 3471 2952 τὸ
3497 2899 3642 2970 ὕδωρ
3669 2901 3730 2952 τὸ

2146 2991 2274 3057 ζῶν,
2306 2993 2573 3054 τουτέστι,
2618 2992 2715 3059 τὴν
2749 2991 2834 3043 διὰ
2869 2991 2962 3044 τοῦ
3004 2990 3319 3061 Πνεῦματος
3353 2990 3734 3060 καταπλουτή-

2148 3100 2340 3146 σαντες
2377 3084 2539 3153 χάριν
2571 3082 2660 3136 διὰ
2702 3082 2797 3136 τοῦ
2841 3085 3132 3153 μετασχεῖν
3178 3081 3364 3146 αὑτοῦ,
3396 3083 3492 3134 καὶ
3529 3082 3734 3152 ἀγορά-

460 3172 512 3226 ἰιι
552 3169 861 3237 Beelzebul,
894 3172 1081 3225 orbem
1106 3181 1373 3225 terrarum
1396 3169 1724 3234 fefellerunt,
1741 3176 1794 3221 et
1819 3170 2039 3235 dogma-

2151 3191 2344 3238 σαντες
2382 3174 2541 3227 τοῦτο
2564 3173 2652 3227 διὰ
2681 3174 2778 3244 τῆς
2809 3174 3061 3241 πίστεως,
3091 3175 3147 3226 ἐν
3170 3174 3384 3245 μεθέξει
3411 3175 3733 3245 γενήσονται

462 3271 572 3314 tum
597 3277 700 3314 non
727 3277 994 3326 verorum,
1013 3262 1104 3314 sed
1133 3261 1462 3314 incertorum
1482 3275 1544 3314 ac
1566 3259 2038 3328 vituperandorum

459 3355 826 3421 espositiones
846 3353 1310 3420 conscripserunt,
1337 3368 1398 3406 ex
1427 3353 1588 3406 corde
1611 3366 1710 3406 suo
1735 3351 2040 3419 loquentes,

462 3463 566 3499 non
586 3463 650 3500 ex
676 3463 770 3498 ore
790 3445 1020 3509 Domini,
1048 3446 1205 3499 sicuti
1226 3447 1488 3514 scriptum
1513 3444 1678 3516 774
1707 3455 1789 3500 εει
1812 3445 1920 3498 ³⁸⁸⁸.
1941 3444 2044 3498 Ve-

462 3553 581 3590 I‘um
608 3555 726 3590 rum
755 3547 1004 3590 errantes
1047 3537 1409 3605 cognitionem
1440 3539 1684 3590 veritatis
1727 3545 1781 3590 et
1807 3535 2042 3590 divinant

463 3643 526 3680 ac
540 3629 815 3681 cmlestem
843 3628 1014 3680 lucem
1043 3644 1147 3680 non
1173 3627 1469 3690 haberent,
1497 3627 1839 3695 disciplinam
1862 3641 1924 3679 ac
1947 3625 2045 3678 do-

464 3719 699 3769 ctrinam
752 3716 1179 3784 perniciosarmn
1211 3717 1523 3784 opinionum
1559 3713 2044 3783 amplectebantur,

463 3808 721 3870 grandem
769 3805 1021 3873 pecunia:
1071 3807 1175 3858 vim
1244 3805 1580 3858 adducentes
1641 3803 1726 3858 his
1783 3803 1874 3872 qui
1925 3803 2046 3856 illas

464 3895 877 3963 pl'olitcbantttr.
931 3894 1035 3950 Sed
1084 3895 1232 3960 hanc,
1269 3896 1466 3963 inquit,
1503 3909 1675 3962 quare
1724 3894 2046 3948 mercamini

440 3984 734 4058 .argento?
765 3984 898 4037 Nam
931 4000 1050 4052 qua:
1083 3985 1292 4037 utilitas
1319 3992 1428 4048 est,
1466 3983 1606 4035 scire
1631 3979 1768 4033 velle
1798 3981 2047 4033 facundia

437 4059 846 4145 "quorumdam,
911 4090 1008 4128 ceu
1058 4073 1216 4127 melle
1261 4073 1542 4126 inunctum
1595 4070 1957 4136 mendacium,
1998 4080 2053 4124 et

465 4170 721 4222 dictionis
745 4168 1034 4238 splendore
1059 4175 1310 4220 ornatam
1343 4167 1650 4218 doctrinam
1682 4165 1910 4230 discere,
1931 4177 2052 4234 qua:

463 4276 584 4314 cum
631 4261 798 4314 exitio
841 4259 1126 4327 conjuncta
1162 4267 1280 4321 est,
1337 4266 1392 4310 et
1443 4258 1738 4310 vanitatem
1796 4267 2052 4324 tanquam

467 4353 636 4405 lotum
690 4353 742 4405 in
789 4367 917 4405 vase
971 4365 1137 4403 aureo
1189 4349 1482 4415 repositam
1536 4348 1897 4419 cognoscere?
1947 4347 2056 4402 Nos

465 4447 607 4499 enim
645 4447 695 4498 in
732 4445 876 4497 vasis
921 4441 1172 4496 testaceis
1216 4437 1419 4494 Christi
1452 4441 1766 4494 thesaurum
1801 4441 2048 4510 posside-

468 4551 610 4589 Inus.
650 4537 786 4602 Quid
824 4550 973 4605 ergo,
1015 4533 1373 4604 inquit,’_hzcc
1420 4545 1646 4603 argento
1693 4528 2047 4586 mercamini?
2079 4511 2123 4566 Ῐ)

468 4627 536 4681 Ει
579 4629 731 4681 labor
770 4639 954 4680 vester
997 4625 1088 4694 qui
1129 4625 1470 4680 consumitur
1501 4623 1778 4685 discendo,
1813 4637 1918 4676 non
1943 4623 2050 4674 erit

470 4719 526 4773 in
549 4720 880 4779 satietatem,
903 4718 954 4770 id
983 4728 1086 4782 est,
1117 4718 1182 4770 ad
1212 4706 1556 4769 nutriendam
1590 4725 1642 4769 et
1668 4715 2046 4768 viviﬂcandam

467 4811 702 4863 animam
735 4824 839 4862 non
870 4807 1086 4862 suillcit.
1129 4807 1300 4862 Nocet
1347 4809 1489 4862 enim
1538 4807 1610 4859 illi
1667 4806 1840 4875 magis
1886 4818 2046 4871 quam

468 4909 685 4975 prodest
719 4907 1145 4976 perniciosorum
1188 4906 1502 4972 dogmatum
1552 4902 1826 4956 collectio.
1879 4901 2048 4953 Recte

467 5015 598 5068 ergo
627 4999 803 5066 inquit
845 4998 1285 5065 sapientissimus
1317 4996 1514 5049 Paulus
1547 5011 1559 5046 :
1597 5012 1614 5043 ι
1653 4991 1753 5047 Ubi
1790 4989 2050 5059 sapiens?

475 5087 574 5142 Ubi
638 5086 858 5140 scriba?
895 5085 993 5140 Ubi
1031 5087 1367 5156 conquisitor
1419 5083 1598 5138 saeculi
1637 5081 1828 5149 hujus?
1864 5079 2054 5134 Nonne

473 5175 763 5229 inl‘atuavit
799 5177 938 5230 Deus
973 5178 1299 5246 sapientiam
1342 5178 1525 5228 mundi
1549 5174 1636 5227 '7?
1667 5193 1685 5225 ι
1724 5173 1788 5226 Ει
1829 5174 2043 5228 iterum:

473 5267 764 5333 Postquam
795 5269 938 5321 enim
971 5267 1022 5320 in
1060 5267 1322 5336 sapientia
1360 5266 1449 5319 Dei
1477 5281 1579 5319 non
1611 5265 1865 5327 cognovit
1893 5277 2048 5317 mun-

472 5355 574 5410 dus
610 5371 703 5425 per
729 5358 1052 5425 sapientiam
1085 5357 1281 5419 Deum;
1315 5356 1490 5408 visum
1525 5352 2048 5423 estDeoperstulti-

473 5447 601 5499 tiam
625 5447 1025 5515 mmihcationis
1041 5460 1264 5498 servare
1287 5445 1664 5499 credentes”.
1687 5445 2046 5498 Communem

472 5552 534 5591 ac
557 5541 835 5606 vulgarem
861 5537 1114 5608 loquendi
1149 5537 1363 5591 modmn
1401 5538 1450 5590 in
1479 5537 1760 5607 Scriptura
1787 5538 2048 5592 divinitus

542 5715 607 5745 '5‘
638 5711 779 5768 Psal.
817 5729 904 5781 xv,
933 5714 986 5766 ‘2.
1066 5716 1150 5746 ³⁶⁶⁶
1177 5713 1375 5770 Jcrem.
1412 5731 1570 5780 xxm,
1597 5715 1683 5769 16.

1762 5717 1802 5746 ³τ
1839 5717 2001 5771 lCor.
2036 5733 2074 5784 ι,
2107 5716 2196 5772 20.

2144 3265 2239 3320 καὶ
2290 3266 2435 3318 οἴνου
2463 3265 2558 3317 καὶ
2594 3264 2838 3327 στέατος,
2871 3266 3114 3318 τουτέστι
3149 3266 3244 3319 τοῦ
3273 3266 3428 3335 ἁγίου
3459 3265 3732 3336 σώματος,

2143 3356 2236 3408 καὶ
2267 3354 2361 3408 τοῦ
2394 3356 2622 3426 αἵματος
2642 3354 2736 3407 τοῦ
2764 3354 3002 3426 Χριστοῦ
3023 3370 3037 3384 ·
3069 3351 3187 3407 εἶτα
3218 3356 3430 3417 τούτοις
3456 3353 3729 3424 ἐπιφέρει·

2146 3447 2264 3498 Ἵνα
2292 3445 2342 3498 τί
2376 3445 2608 3516 τιμᾶσθε
2648 3445 2938 3515 ἀργυρίου,
2969 3445 3062 3498 καὶ
3091 3445 3183 3496 τὸν
3216 3445 3414 3516 μόχθον
3446 3445 3539 3516 [:il.
3573 3447 3600 3496 ὁ
3639 3444 3735 3516 μό·

2147 3535 2298 3608 χθος]
2325 3537 2479 3606 ὑμῶν
2509 3536 2608 3588 οῦκ
2631 3539 2709 3598 είς
2732 3535 3084 3607 πλησμονήν;
3119 3539 3180 3589 Ut
3208 3537 3305 3607 μὲν
3332 3535 3440 3608 γὰρ
3468 3537 3736 3608 Ἑλλήνων

2145 3629 2392 3696 λογάδες,
2418 3628 2560 3681 κατά
2589 3627 2648 3679 τὸ
2677 3628 2860 3690 αὐτοῖς
2887 3626 3078 3680 δοκοῦν
3106 3615 3324 3696 μᾶλλον,
3357 3629 3452 3680 καὶ
3484 3629 3546 3680 τὸ
3575 3627 3737 3682 πνεῦο

2151 3735 2228 3788 μα
2264 3718 2522 3781 λαϐόντες
2547 3718 2639 3771 τοῦ
2674 3719 2882 3789 κόσμου
2903 3757 2916 3782 ,
2951 3719 3046 3772 καὶ
3077 3714 3363 3782 λαποῦντες
3409 3720 3468 3772 ἐν
3512 3717 3739 3782 Βεελζεμ

2149 3809 2279 3863 σουλ
2313 3810 2698 3878 πεπλανήκασι
2732 3811 2832 3880 τὴν
2878 3811 2969 3863 ὑπ’
3014 3812 3273 3881 οὐρανὸν,
3313 3810 3599 3881 δογμάτων
3639 3810 3738 3863 οὐκ

2149 3901 2366 3971 ἀληθῶν
2390 3941 2404 3964 ,
2444 3902 2764 3954 ἀσυστάτων
2804 3902 2860 3954 δὲ
2913 3901 3113 3973 μᾶλλον
3155 3903 3248 3955 καὶ
3285 3901 3740 3972 κατεψευσμένων

2152 3991 2399 4054 ἐκθέσεις
2448 3993 2925 4064 συγγεγραφότες,
2985 3996 3080 4047 καὶ
3130 3995 3237 4048 ἀπὸ
3287 3995 3514 4065 καρδίας
3561 3994 3740 4048 αὐτῶν

2151 4079 2461 4143 λαλοῦντες,
2493 4082 2586 4132 καὶ
2617 4082 2716 4134 οῦκ
2747 4082 2855 4134 ἀπὸ
2903 4083 3168 4152 στόματος
3216 4085 3446 4154 Κυρίου,
3479 4084 3622 4137 καθά
3649 4084 3742 4152 γέν

2153 4189 2415 4242 γραπται.
2439 4173 2582 4242 Πλὴν
2610 4174 2710 4227 οὑκ
2740 4173 2954 4244 ἔχοντες
2979 4175 3077 4245 τῆς
3109 4176 3365 4246 ἀληθείας
3391 4177 3489 4247 τὴν
3517 4177 3738 4245 γνῶσιν,

2153 4262 2278 4316 οὕτε
2316 4264 2423 4336 μὴν
2471 4265 2530 4318 τὸ
2573 4265 2716 4318 θεῖόν
2751 4284 2809 4319 τε
2866 4267 2960 4320 καὶ
2993 4268 3242 4339 οὐράνιον
3274 4268 3410 4339 φῶς,
3440 4271 3488 4321 οἱ
3525 4268 3741 4322 πλανώ-

2159 4370 2310 4422 μενοι
2354 4356 2666 4424 προσῄεσαν
2697 4360 2761 4427 τῇ
2810 4358 3048 4429 μαθήσει
3095 4360 3205 4411 τῶν
3237 4360 3496 4432 ὀλεθρίων
3534 4360 3744 4431 δογμά-

2157 4460 2286 4509 των,
2319 4444 2546 4498 πλεῖστα
2580 4448 2946 4516 προσάγοντες
2979 4449 3237 4519 χρήματα
3270 4454 3380 4513 τοῖς
3418 4450 3555 4502 αὺτά
3592 4449 3739 4503 διδά-

2154 4549 2304 4586 σκειν
2346 4535 2817 4605 ὑπισχνουμένοις.
2867 4538 3026 4590 Ἀλλά
3085 4537 3282 4604 ταῦτα,
3317 4541 3502 4608 φησιν,
3555 4540 3641 4592 ἵνα
3687 4539 3742 4591 τί

2151 4625 2383 4694 τιμᾶσθε
2418 4625 2682 4696 ἀργυρίου
2707 4645 2720 4692 ;
2754 4629 2890 4681 Ποία
2913 4629 3022 4700 γάρ
3044 4613 3230 4700 ὄνησις
3253 4630 3313 4682 τὸ
3345 4629 3542 4683 εἰδέναι
3567 4629 3743 4682 θέλειν

2154 4716 2459 4786 εὐγλωττίᾳ
2498 4720 2561 4788 τῇ
2595 4736 2756 4770 τινων
2798 4715 2995 4790 οἷάπερ
3027 4719 3250 4792 μέλι[τι]
3291 4720 3744 4792 καταχριομένων

2155 4803 2248 4874 [:tl.
2273 4808 2798 4879 κατακεχρισμένον]
2820 4807 2878 4862 τὸ
2893 4811 3106 4878 ψεῦδος,
3121 4814 3213 4864 καὶ
3231 4814 3285 4862 έν
3304 4811 3645 4881 λαμπρότητι
3658 4807 3746 4861 λέ-

2155 4895 2288 4960 ξεων
2323 4898 2551 4968 μάθημα
2584 4900 2929 4972 φθοροποιὸν,
2964 4903 3056 4955 καὶ
3103 4898 3212 4956 οἷον
3243 4905 3299 4956 ἐν
3337 4902 3520 4955 σκεύει
3556 4899 3745 4972 χρυσῷ

2155 4989 2418 5062 βορϐόρου
2457 4992 2612 5062 δίκην
2647 4995 3057 5064 σεσωρευμένον
3096 4996 3155 5048 τὺ
3183 4995 3407 5065 ψεῦδοςς
3447 4997 3605 5064 ἡμεῖς
3631 4992 3745 5062 γάρ

2155 5083 2212 5134 ἐν
2261 5082 2514 5134 σκεύεσιν
2547 5084 2890 5154 ὀστρακίνοις
2943 5085 3033 5138 τὸν
3081 5087 3314 5158 Χριστὸν
3344 5085 3436 5156 [ιιι.
3480 5079 3744 5154 Χριστοῦ]

2158 5171 2434 5242 θησαυρὸν
2487 5175 2822 5246 κεκτήμεθα.
2866 5176 2984 5230 ’Ίνα
3035 5177 3089 5230 τί
3139 5172 3230 5231 οὖν
3263 5177 3436 5230 ταῦτα
3477 5172 3743 5244 τιμᾶσθε,

2159 5265 2344 5333 φησὶν,
2379 5265 2661 5336 ἀργυρίου;
2697 5267 2790 5321 καὶ
2819 5270 2846 5321 ὁ
2895 5269 3090 5339 μόχθος
3123 5269 3296 5340 ὑμῶν,
3321 5268 3378 5330 ὃς
3422 5266 3486 5318 ἂν
3536 5265 3747 5332 γένοιτο

2155 5354 2600 5424 διαπονουμένοις
2655 5359 2734 5420 είς
2783 5357 2845 5411 τδ
2894 5360 3109 5430 μαθεῖν,
3141 5361 3240 5412 οὐκ
3288 5361 3367 5421 είς
3427 5356 3747 5426 πλησμονὴν

2157 5444 2333 5506 ἔσται,
2357 5447 2656 5513 τουτέστιν,
2688 5450 2788 5503 οῦκ
2816 5451 3032 5522 ἀπόχρη
3060 5451 3196 5521 πρὸς
3235 5451 3294 5504 τὸ
3330 5449 3616 5521 διαθρέψαι
3653 5447 3748 5500 καὶ

2157 5535 2492 5610 ζωοποιῆσαι
2531 5538 2731 5611 ψυχήν.
2770 5543 2971 5596 Ἀδικεῖ
3009 5545 3117 5612 γὰρ
3168 5541 3388 5614 μᾶλλον,
3421 5541 3455 5612 ἢ
3505 5539 3749 5611 ὀνίνησιν

2275 5717 2388 5770 ³⁷⁸1
2427 5717 2553 5774 Cur.
2586 5735 2622 5785 Ι,
2644 5719 2733 5774 ἳί.
