4100 6454
308 302 441 356 i221

1454 297 1524 353 IN
1566 298 1803 355 ISAIAM
1847 299 1976 356 LIB.
2021 301 2082 356 Υ.
2115 301 2355 358 τοιιυδ
2392 302 2460 357 ll.

3471 306 3612 362 1929‘!

301 418 480 488 αὐτὴν
527 418 638 470 τῶν
677 416 937 486 ὀλεθρίων
986 417 1277 485 δογμάτων
1313 417 1346 488 ἡ
1398 418 1653 489 συλλογὴ.
1709 417 1917 490 Ὀρθῶς

2024 423 2311 493 inspirata,
2360 424 2647 478 stultitiam
2691 422 3096 492 praedicationis
3143 431 3322 479 vocat.
3364 422 3616 480 Omitttte

299 506 400 565 οῦν
429 511 541 581 ἄρα
571 510 665 562 καὶ
698 510 727 561 6
759 508 1035 577 πάνσοφος
1065 508 1277 571 Παῦλος
1315 526 1450 579 φησι
1474 527 1489 542 υ
1521 527 1539 561 t
1571 510 1682 563 Ποῦ
1713 511 1913 581 σοφός;

302 600 410 655 ποῦ
435 601 804 672 γραμματεύς
826 617 841 664 ;
880 601 982 653 ποῦ
1011 600 1316 672 συξητητὴς
1342 602 1436 655 τοῦ
1465 603 1660 666 αἰῶνος
1685 603 1875 657 τούτου
1898 622 1913 671 ;

304 692 451 761 Οὐχὶ
489 690 779 760 ἐμώρανεν
824 692 851 743 ὁ
882 689 1013 753 Θεὸς
1042 688 1141 759 τὴν
1189 690 1381 758 cogisti)
1414 691 1510 744 τοῦ
1541 693 1751 761 κόσμου
1791 692 1917 745 τού-

301 799 401 835 του
427 800 441 848 ;
466 801 485 832 ι
519 781 630 834 Καὶ
657 780 818 835 πάλιν
842 796 857 810 '
908 780 1128 851 Ἐπειδὴ
1158 780 1268 849 γὰρ
1299 783 1357 835 ἐν
1386 784 1450 853 τῇ
1479 782 1642 853 σοφίᾳ
1667 783 1760 835 τοῦ
1778 781 1914 835 Θεοῦ

300 873 409 925 οὐκ
442 872 584 941 ἔγνω
612 874 640 925 6
672 875 879 944 κόσμος
908 872 995 926 διὰ
1026 873 1124 943 τῆς
1154 871 1347 942 σοφίας
1379 873 1470 927 τὸν
1502 874 1656 937 Θεὸν,
1687 874 1914 944 εὐδοκη-

303 983 402 1019 σεν
431 969 459 1019 ὁ
490 967 624 1030 Θεὸς
657 965 747 1020 διὰ
778 967 877 1035 τῆς
913 965 1125 1036 μωρίας
1154 965 1248 1018 τοῦ
1281 964 1639 1036 κηρύγματος
1668 967 1796 1028 τοὺς
1824 982 1913 1019 m-

305 1057 647 1122 στεύσαντας
686 1057 883 1110 σῶσαι.
927 1056 1158 1128 Μωρίαν
1192 1056 1249 1109 δέ
1287 1056 1381 1109 τοῦ
1422 1055 1782 1126 κηρύγματος
1816 1056 1916 1127 τὴν

303 1150 604 1220 κοινότητα
632 1150 734 1220 τῆς
790 1149 990 1216 λέξεως
1032 1148 1133 1219 τῆς
1179 1148 1406 1219 ἐνούσης
1458 1152 1525 1219 τῇ
1573 1147 1917 1220 θεοπνεύστῳ

302 1242 504 1314 Γραφῇ
591 1240 777 1311 φησίν.
842 1241 1099 1308 Ἀφέντες
1147 1235 1241 1292 οῦν
1289 1240 1349 1292 τὸ
1396 1240 1521 1309 είκῆ
1562 1238 1915 1305 πονεῖνγκαὶ

302 1331 592 1403 ἀκαρπίαν
622 1329 924 1398 συλλέγειν,
959 1329 1053 1382 καὶ
1087 1329 1338 1399 δαπχνᾷν
1387 1330 1677 1399 ἀνέχεσθαι
1722 1331 1917 1393 πόνους

302 1425 399 1477 ἐπ’
428 1423 738 1493 ἀνωφελέσι
768 1423 1081 1494 πράγμασι,
1116 1422 1317 1491 μᾶλλον
1361 1422 1630 1474 ἀκούσατέ
1667 1440 1791 1492 μου,
1823 1424 1918 1477 καὶ

303 1517 554 1587 φάγεσθε
593 1516 776 1584 ἀγαθά
823 1514 892 1568 τὰ
933 1514 1023 1567 διὰ
1063 1513 1171 1567 τῶν
1228 1513 1607 1582 εὐαγγελικῶν
1651 1514 1915 1584 δηλονότι,

300 1606 391 1673 οἷς
420 1608 484 1679 δὴ
514 1608 609 1660 καὶ
654 1605 929 1678 περιττῶς
950 1647 963 1672 ,
999 1606 1165 1676 φησὶν
1186 1648 1200 1672 ,
1230 1607 1647 1678 ηέντρυφήσειεν
1692 1609 1724 1676 ή
1770 1606 1917 1677 ψυχὴ

303 1698 490 1769 ὑμῶν.
548 1699 698 1751 Ἐκεῖ
736 1695 938 1763 γκῶσις
988 1694 1195 1766 ἀληθὴς
1241 1693 1334 1748 τοῦ
1382 1695 1523 1748 κατά
1552 1695 1715 1763 φύσιν
1756 1696 1915 1763 Θεοῦ,

2022 514 2185 583 igitur
2218 513 2419 568 frustra
2458 516 2728 578 laborare,
2767 524 2822 569 et
2856 514 3035 569 nullos
3077 514 3287 570 fructus
3332 515 3613 585 colligere,

2020 619 2083 656 ac
2116 604 2170 657 in
2211 604 2374 659 rebus
2406 604 2742 673 infrugiferis
2771 604 2985 659 labores
3013 604 3309 670 collocare,
3340 619 3406 659 ac
3431 605 3613 674 potius

2021 695 2205 750 audite
2233 710 2339 761 me,
2368 706 2423 750 et
2454 696 2758 752 comedetis
2780 697 2942 761 bona,
2968 712 3033 751 ex
3064 698 3379 766 evangelica
3406 696 3615 750 scilicet

2019 790 2414 857 praedicatione
2443 808 2457 843 :
2491 790 2544 842 in
2580 803 2684 857 qua
2714 791 2895 845 anima
2928 800 3133 852 vestra,
3165 790 3365 857 inquit,
3395 788 3615 842 abunde

2020 880 2339 949 acquiescet
2373 888 2428 935 et
2474 880 2842 936 deliciabitur.
2898 879 3015 934 Illic
3050 881 3293 950 cognitio
3347 896 3513 944 vera,
3557 889 3614 933 et

2020 971 2114 1026 Dei
2155 972 2455 1026 secundum
2486 982 2764 1041 naturam,
2798 982 2852 1027 et
2879 973 3062 1026 omnis
3102 973 3322 1026 virtutis
3348 981 3406 1026 et
3436 972 3611 1037 sancti

2020 1066 2238 1120 decoris
2292 1065 2581 1133 disciplina
2638 1073 2725 1120 est
2778 1080 2843 1118 ac
2904 1064 3298 1133 intelligentia,
3349 1079 3472 1133 quae
3525 1078 3613 1118 res

2026 1172 2277 1227 quasque
2327 1157 2566 1227 agendas
2600 1155 2925 1211 mirabiliter
2969 1170 3034 1210 ac
3073 1164 3220 1209 recte
3248 1154 3530 1221 discernit,
3560 1161 3616 1208 et

2021 1259 2258 1301 mentem
2299 1248 2566 1300 bonorum
2600 1262 2827 1316 operum
2864 1247 3195 1302 ell'ectricem
3232 1246 3443 1309 reddit;
3475 1246 3615 1299 adeo

2020 1347 2076 1388 ut
2128 1337 2383 1390 omnibus
2430 1352 2554 1405 qum
2596 1337 2874 1392 intellectu
2920 1337 3297 1406 percipiuntur
3358 1336 3616 1389 adhaere-

2024 1435 2207 1491 scunt,
2240 1436 2296 1479 et
2338 1426 2407 1480 ob
2433 1427 2580 1497 onini
2617 1429 2818 1496 probro
2850 1429 3129 1491 recedant,
3158 1428 3323 1481 etiam
3352 1426 3443 1495 qui
3490 1434 3619 1478 ante

2020 1517 2277 1586 gravibus
2315 1518 2641 1573 criminibus
2682 1517 3151 1591 fueruntaﬂiues.
3197 1518 3479 1573 Attendite
3512 1517 3618 1569 ita-

2018 1625 2125 1680 que
2170 1611 2394 1665 auribus
2439 1611 2658 1675 vestris,
2706 1612 2756 1665 id
2807 1620 2924 1676 est,
2980 1622 3128 1665 recte
3158 1621 3227 1664 et
3272 1610 3596 1664 obedienter

2007 1703 2326 1770 .scquimini
2358 1703 2475 1758 vias
2510 1718 2685 1758 meas.
2721 1701 2811 1756 Sic
2834 1692 2982 1756 enim
3009 1702 3151 1756 dixit
3179 1701 3477 1756 Christus:
3509 1717 3529 1750 ι
3556 1698 3617 1753 Si

302 1792 404 1845 καὶ
444 1790 654 1861 ἀρετῆς
689 1788 910 1858 ἀπάσης
939 1787 1034 1841 καὶ
1075 1786 1452 1857 ἀγιοπρεποῦς
1482 1787 1783 1859 εὐκοσμίας
1812 1789 1916 1856 μά-

2021 1792 2138 1861 quis
2170 1791 2297 1846 velit
2343 1802 2467 1862 post
2512 1810 2598 1847 me
2627 1793 2838 1855 venire,
2874 1794 3108 1860 abneget
3145 1792 3531 1859 semetipsum,
3559 1797 3618 1843 ct

304 1883 376 1952 θη
388 1900 466 1952 μα
511 1882 607 1935 καὶ
643 1880 879 1943 σύνεσις,
909 1877 1244 1950 θαυμαστῶς
1266 1878 1471 1933 ἕκαστα
1492 1878 1601 1932 τῶν
1632 1880 1923 1949 πρακτέων

301 1972 485 2047 ὀρθῶς
538 1972 929 2043 διακρίνοντα,
971 1971 1068 2023 καὶ
1120 1969 1371 2041 τεχνίτην
1423 1972 1505 2033 είς
1547 1971 1922 2042 ἀγαθουργίαν

302 2064 653 2119 ἀποτελοῦσα
668 2064 760 2117 τὸν
784 2063 910 2117 νοῦν
940 2078 954 2094 ο
974 2061 1123 2115 ὥστε
1148 2061 1244 2114 καὶ
1275 2060 1449 2115 ἅπασι
1481 2062 1582 2133 μὲν
1610 2080 1731 2116 νοου
1740 2064 1923 2134 μένοις

306 2156 672 2228 προσκεῖσθαι
714 2154 913 2224 φιλεῖν,
949 2154 1252 2225 ἀποφοιτᾷν
1281 2152 1339 2206 δὲ
1363 2153 1473 2206 τῶν
1519 2154 1621 2207 ὅσα
1655 2155 1773 2207 ἐστὶ
1804 2154 1921 2207 δια-

305 2249 476 2319 ϐεϐλη
487 2249 651 2320 μένα,
682 2249 780 2302 καὶ
817 2249 917 2320 τῆς
944 2247 1283 2319 φαυλότητος
1321 2246 1469 2300 αἴτια
1506 2245 1621 2317 [πρ.
1653 2246 1827 2318 αἰτίᾳ]
1858 2247 1919 2299 οὐ

308 2342 551 2414 μετρίως
587 2339 1005 2413 ἐνισχημένους.
1060 2337 1369 2410 Προσέχετε
1412 2338 1594 2391 τοίνυν
1632 2341 1744 2401 τοῖς
1786 2340 1918 2391 ὠσὶν

304 2433 466 2505 ὑμῶν
488 2453 500 2464 ·
535 2434 787 2487 τουτέστι
816 2473 831 2497 ,
868 2431 944 2485 Τδ
981 2431 1040 2484 δὲ
1076 2430 1140 2485 τὺ
1171 2429 1329 2493 eoos;
1367 2429 1462 2483 καὶ
1500 2429 1731 2501 εὑήκοον
1758 2472 1772 2497 ,
1817 2431 1919 2483 ἐπ-

306 2528 737 2601 ακουληθήσατε
768 2528 891 2590 ταῖς
924 2525 1065 2589 ὁδοῖς
1096 2523 1345 2596 μου.Καὶ
1378 2524 1489 2594 γάρ
1509 2522 1615 2592 ἔφη
1640 2522 1875 2593 Χριστός
1900 2538 1915 2553 ·

309 2621 443 2677 LE!
469 2639 554 2684 τις
580 2620 726 2673 θέλει
753 2619 932 2673 ὀπίσω
965 2635 1067 2689 μου
1094 2617 1293 2683 ἐλθεῖν,
1337 2616 1670 2689 ἀρνησάσθω
1701 2616 1915 2680 ἐαυτὸν,

2026 1884 2181 1939 tollat
2209 1899 2426 1939 crucem
2456 1900 2637 1949 suam,
2666 1894 2719 1939 et
2749 1893 3010 1952 sequatur
3043 1899 3129 1937 me
3151 1883 3216 1936 ³⁸.
3252 1901 3273 1936 ι
3301 1883 3483 1949 Quare
3516 1880 3614 1950 qui

2023 1987 2153 2031 sunt
2181 1976 2322 2047 ejus,
2357 1993 2451 2031 eos
2482 1986 2696 2044 Oportet
2729 1976 2976 2047 vestigiis
3003 1977 3125 2041 ejus
3157 1976 3433 2029 insistere.
3474 1971 3616 2039 Quid

2022 2078 2209 2124 autem
2243 2071 2348 2124 erit
2383 2070 2492 2134 his,
2524 2068 2615 2140 qui
2647 2070 2727 2123 sic
2748 2068 2939 2123 volunt
2967 2067 3181 2122 facere?
3212 2064 3390 2130 Vivet,
3417 2064 3617 2135 inquit,

2024 2163 2078 2218 in
2120 2163 2279 2218 bonis
2328 2163 2507 2216 anima
2552 2172 2758 2217 vestra.
2806 2159 2971 2233 775
3014 2159 3416 2230 Sempiternam
3465 2171 3616 2227 spem

2024 2257 2233 2308 sanctis
2278 2257 2605 2308 destinatam
2642 2253 2861 2306 videtur
2901 2252 3057 2306 nobis
3084 2252 3233 2306 hisce
3258 2250 3441 2304 verbis
3484 2248 3618 2303 sub-

2019 2344 2279 2398 iodicare.
2330 2342 2406 2398 Ut
2461 2343 2607 2396 enim
2652 2342 2853 2396 Paulus
2895 2341 3076 2410 inquit
3124 2357 3140 2396 :
3188 2359 3208 2392 ι
3257 2339 3460 2396 Oculus
3512 2351 3618 2392 non

2017 2437 2174 2499 vidit,
2223 2436 2374 2489 auris
2408 2449 2517 2490 non
2561 2435 2794 2500 audivit,
2828 2443 2882 2487 et
2914 2449 3010 2488 cor
3050 2433 3293 2488 hominis
3328 2447 3434 2487 non
3465 2446 3619 2486 com-

2016 2527 2305 2597 prehendit
2373 2541 2496 2596 quae
2544 2525 2871 2597 praeparavit
2917 2523 3063 2581 Deus
3115 2525 3200 2580 his
3243 2525 3336 2593 qui
3385 2523 3619 2592 diligunt

2018 2631 2140 2671 eum
2161 2617 2231 2670 ⁸³.
2272 2637 2292 2671 ι

304 2719 406 2769 καὶ
434 2716 624 2787 ἀράτω
659 2715 751 2768 τὸν
774 2713 1009 2786 σταυρὸν
1033 2712 1221 2777 αὑτοῦ,
1251 2713 1345 2767 καὶ
1376 2711 1740 2766 ἀκολουθείτω
1798 2729 1910 2783 μοι.
1963 2731 1982 2764 ι
2025 2712 2145 2785 Χρὴ
2196 2712 2486 2785 τοιγαροῦν
2569 2715 2685 2778 τοῖς
2746 2715 2950 2787 ἴχνεσιν
2982 2712 3152 2768 αὐτοῦ
3192 2709 3618 2767 κατακολουθεῖν

302 2811 635 2881 ἐπείγεσθαι
685 2812 813 2874 τοὺς
880 2810 1041 2873 ὂντας
1078 2810 1267 2863 αὐτοῦ.
1313 2809 1422 2863 Καὶ
1464 2809 1518 2861 τί
1572 2807 1805 2879 ὑπάρξει
1854 2812 1968 2873 τοῖς
2006 2810 2254 2864 ἐθέλουσι
2300 2810 2462 2864 τοῦτο
2506 2811 2675 2884 δρᾷν;
2713 2813 2971 2882 Ζήσεται,
3001 2810 3189 2880 φησὶν,
3219 2809 3277 2861 ἐν
3323 2804 3549 2876 ἀγαθοῖς
3577 2804 3614 2876 ἡ

302 2912 460 2984 ψυχὴ
487 2909 665 2981 ὑμῶν.
699 2908 813 2980 Τὴν
847 2906 1206 2979 ἀτελεύτητον
1257 2906 1471 2970 ἐλπίδα,
1502 2905 1601 2977 τὴν
1628 2909 1742 2970 τοῖς
1810 2907 1989 2976 ἁγίοις
2026 2908 2496 2982 ηὐτρεπισμένην,
2536 2909 2682 2963 ἔοικε
2713 2908 2801 2963 διὰ
2861 2908 3069 2963 τούτων
3099 2909 3234 2979 ἡμῖν
3289 2899 3613 2975 ὑποδηλοῦν.

315 3006 411 3070 Ὠς
437 3006 549 3076 γὰρ
569 3006 598 3057 6
634 3003 844 3069 Παῦλος
876 3019 1062 3075 φησιν,
1097 3020 1117 3054 ι
1158 3001 1466 3072 ὐιρθαλμδς
1523 3002 1627 3055 οὐκ
1657 2996 1820 3068 εἶδεν,
1887 2999 1983 3068 οῦς
2017 3006 2120 3059 οὐκ
2152 3006 2376 3076 ⁴ἢκουσε,
2402 3008 2496 3061 καὶ
2517 3008 2612 3061 ἐπὶ
2654 3007 2885 3080 καρδίαν
2919 3006 3209 3078 ἀνθρώπου
3231 3006 3334 3060 οὐκ
3359 3001 3547 3073 ἀνέϐη,
3578 2998 3618 3055 at

305 3099 613 3172 ἡτοίμασεν
649 3099 677 3150 ὁ
716 3097 848 3162 Θεὸς
872 3101 987 3162 τοῖς
1013 3098 1304 3166 ἀγαπῶσιν
1323 3097 1508 3154 αὐτόν.
1534 3117 1552 3147 ι

382 3190 495 3244 Kal
519 3188 882 3258 διαΰήσομαι
902 3189 1048 3259 ὑμῖν
1072 3188 1374 3259 διαθήκην
1394 3172 1753 3255 αὶώνιονξτὰ
1773 3190 1917 3247 ὅσια

2093 3192 2452 3250 Vens.5-—5.
2482 3190 2552 3247 Et
2597 3192 2918 3247 constituam
2949 3190 3211 3246 vobiscum
3249 3198 3617 3244 testamentum

308 3280 495 3335 Δαεὶδ
542 3280 618 3334 τὰ
662 3280 869 3335 πιστά.
908 3281 1065 3337 Ἰδοὺ
1102 3283 1435 3351 μαρτύριον
1470 3283 1541 3337 ἐν
1589 3282 1794 3338 ἔθνεσι
1824 3283 1920 3337 δέ·

308 3372 478 3427 dum
521 3372 732 3438 αὑτὸν,
765 3373 1050 3442 ἄρχοντα,
1091 3373 1189 3427 καὶ
1237 3372 1712 3442 προστάσσοντα
1757 3377 1920 3429 ἔθνε-

310 3474 439 3518 σιν.
466 3463 626 3519 Ἰδοὺ
656 3463 803 3532 ἔθνη
835 3462 1015 3531 ἂλούκ
1043 3463 1297 3533 ᾒὸεισάν
1324 3481 1418 3529 σε,
1449 3465 1920 3520 ἐπικαλέω-ονοταί

311 3572 389 3610 σε
409 3571 424 3587 ο
456 3555 556 3609 καὶ
587 3558 750 3620 λαοὶ,
782 3554 840 3609 ot
872 3558 983 3610 οὐκ
1005 3556 1348 3625 ἠπίσταντό
1374 3572 1468 3620 σε,
1502 3555 1601 3608 ἐπὶ
1637 3556 1714 3609 σὲ
1744 3573 1920 3612 κατα-

311 3649 666 3718 φεύξονται,
681 3648 891 3703 ἕνεκεν
913 3648 1135 3716 Κυρίου
1160 3647 1268 3702 τοῦ
1289 3646 1437 3701 Θεοῦ
1458 3663 1597 3713 σου,
1614 3647 1721 3702 τοῦ
1743 3648 1917 3719 ἁγίου

327 3742 596 3812 Ἰσραὴλ,
625 3742 715 3795 ὅτι
746 3740 1008 3806 ἐδόξασέ
1041 3756 1137 3795 σε.

399 3833 831 3906 ’Υποσχὸμενος,
855 3835 939 3887 ὅτι
963 3833 1209 3903 Φάγεσθε
1232 3831 1435 3902 ἀγαθὰ,
1461 3833 1555 3887 καὶ
1588 3834 1675 3887 ἐντ
1686 3836 1921 3907 ρυφήσει

314 3926 376 3978 ἐν
413 3925 642 3993 ἀγαθοῖς
669 3929 703 3995 ὴ
952 3926 1129 3998 ὑμῶν,
1169 3925 1535 4003 διαδείκνυσιν
1578 3927 1742 3992 εὐθὺς
1794 3928 1919 3982 τίνα

313 4017 521 4088 τρόπον
551 4017 739 4080 αὐτοῖς
768 4019 848 4081 είς
878 4017 1053 4086 πέρας
1081 4018 1375 4088 ἐκϐήσεται
1399 4016 1460 4070 τὸ
1483 4018 1915 4089 ἐπηγγελμένον.

314 4111 534 4164 Διδόναι
564 4110 673 4182 γάρ
721 4110 1120 4180 ἐπαγγέλλεται
1164 4110 1437 4182 διαθήκην
1490 4111 1709 4165 αἰώνιον
1746 4114 1823 4183 (1)
1857 4105 1917 4166 εὖ

318 4203 467 4275 μάλα
498 4202 687 4273 φησίν.
772 4203 847 4256 Οὐ
879 4201 989 4272 γὰρ
1016 4197 1161 4271 εἶχεν
1180 4201 1208 4252 6
1245 4202 1409 4272 νόμος
1439 4201 1500 4254 τὸ
1525 4201 1775 4271 διηνεκὲς
1824 4202 1920 4256 καὶ

314 4294 652 4362 ἀσάλευτον,
698 4293 877 4348 ἔκειτο
921 4292 978 4346 δέ
1023 4293 1187 4365 μέχρι
1236 4293 1432 4365 καιροῦ
1478 4293 1852 4363 διορθώσεως,

313 4385 464 4458 καθά
499 4402 666 4458 φησιν
695 4374 723 4439 6
752 4386 1030 4455 πάνσοφος
1078 4384 1312 4450 Παῦλος,
1366 4387 1461 4439 καὶ
1508 4383 1918 4456 παλαιωθείσης

314 4452 420 4547 τῆς
450 4452 688 4549 ἀρχαίας
731 4452 953 4547 ἐντολῆς
991 4476 1068 4540 ὡς
1101 4477 1201 4543 οὐκ
1236 4474 1470 4547 ἐχούσης
1498 4475 1558 4529 τὺ
1603 4452 1914 4546 ἄμεμπτον,

2023 3292 2302 3347 (uernum,
2334 3293 2519 3337 sancta
2580 3280 2755 3335 David
2775 3281 2980 3346 ﬁdelia.
3008 3279 3143 3333 Ecce
3172 3280 3527 3334 testimonium
3562 3279 3622 3333 in

2019 3376 2259 3446 gentibus
2282 3376 2555 3438 dedieum,
2576 3374 2862 3443 principem
2880 3383 2927 3427 et
2948 3371 3337 3441 praecipientem
3354 3370 3410 3424 in
3442 3370 3618 3440 genti.

2024 3470 2141 3526 bus.
2164 3468 2357 3525 Gentes
2377 3482 2494 3539 qua:
2510 3465 2807 3520 nesciebant
2835 3476 2904 3529 te,
2921 3465 3235 3518 invocabunt
3252 3473 3334 3527 te;
3364 3471 3415 3516 et
3440 3460 3618 3531 populi

2020 3564 2109 3633 qui
2133 3559 2448 3631 ignorabant
2485 3559 2638 3625 te,ad
2685 3567 2735 3611 te
2781 3556 3104 3624 confugient,
3164 3564 3376 3623 propter
3435 3553 3621 3607 Domi-

2022 3670 2145 3706 num
2200 3652 2371 3705 Deum
2461 3659 2632 3716 tuum,
2684 3640 2926 3704 s‘anctum
2985 3645 3203 3713 Israel,
3263 3646 3391 3717 quia
3456 3648 3623 3715 αἰωνία-

2022 3748 2198 3816 ﬁcarit
2238 3757 2306 3800 te.

2093 3841 2231 3896 Cum
2262 3854 2325 3895 ea
2350 3837 2715 3907 promissione
2732 3837 2803 3892 sit
2834 3851 2963 3891 usus
2988 3851 3004 3891 :
3035 3832 3344 3889 Comedetis
3371 3833 3536 3897 bona,
3563 3840 3620 3887 et

2023 3934 2387 3989 delectabitur
2412 3929 2568 3987 bonis
2600 3931 2781 3984 anima
2813 3937 3018 3993 vestra,
3045 3928 3230 3980 statim
3267 3925 3624 3993 quemadmo-

2023 4026 2150 4080 dum
2205 4026 2273 4077 ad
2330 4023 2492 4075 linem
2538 4019 2819 4089 perveniet
2851 4019 2992 4086 quod
3023 4016 3349 4085 promissum
3386 4021 3490 4076 est,
3521 4014 3621 4066 de-

2022 4122 2315 4170 monstrat.
2345 4112 2642 4166 Pollicetur
2671 4108 2815 4163 enim
2862 4108 2994 4162 dare
3031 4112 3417 4161 testamentum
3450 4112 3618 4157 aeter-

2021 4220 2176 4272 num,
2204 4203 2577 4273 evangelicum
2607 4199 2863 4256 videlicet
2895 4208 2951 4253 et
2992 4197 3285 4252 salutarem
3348 4196 3617 4264 praedica-

2023 4302 2247 4358 tionem.
2303 4296 2459 4364 Quod
2514 4294 2719 4363 optime
2771 4290 2918 4347 dicit‘
2972 4305 3094 4345 esse
3139 4298 3429 4343 aeternum.
3507 4287 3622 4342 Nec

2022 4393 2168 4449 enim
2203 4397 2467 4461 perpetua
2497 4394 2618 4440 erat
2648 4394 2704 4440 et
2734 4383 3063 4438 inconcussa
3099 4381 3207 4448 lex,
3238 4381 3332 4435 sed
3376 4380 3442 4434 ad
3474 4387 3618 4434 tem-

2025 4500 2127 4552 pus
2170 4480 2589 4537 instaurationis
2638 4478 2815 4549 posita
2863 4484 2953 4531 est
2983 4475 3054 4542 ⁸⁸,
3092 4474 3249 4530 sicuti
3297 4473 3373 4527 ait
3402 4473 3619 4541 sapien-

314 4570 576 4642 δευτέρας
604 4569 844 4641 ἐζητήθη
878 4569 1063 4633 τόπος,
1105 4568 1264 4640 δῆλον
1301 4568 1358 4622 δέ
1390 4569 1473 4622 ὃτι
1505 4569 1604 4640 τῆς
1635 4567 1786 4631 νέας,
1821 4569 1915 4622 καὶ

2024 4573 2269 4629 tissimus
2298 4569 2518 4634 Paulus,
2565 4577 2621 4623 et
2650 4574 2832 4622 vetere
2872 4574 3142 4635 prrecepto
3183 4563 3487 4631 autiquato,
3533 4568 3616 4614 ut-

317 4663 378 4715 ἑν
423 4662 649 4733 Χριστῷ
694 4662 830 4715 πολὺ
868 4661 930 4715 τὸ
981 4660 1443 4734 παρηλλαγμένον
1494 4658 1919 4735 ὲχούσηςπαρὰ

2021 4674 2146 4736 pote
2190 4664 2244 4717 in
2297 4676 2406 4730 quo
2459 4659 2663 4732 aliquid
2725 4657 3163 4721 desiderabatur,
3192 4655 3344 4709 locus
3380 4661 3499 4708 erat.
3531 4665 3620 4707 sev

316 4753 418 4826 τὴν
452 4755 701 4827 πρώτην.
741 4756 808 4809 Ἠ
861 4755 962 4826 μὲν
1010 4754 1121 4825 γὰρ
1172 4750 1241 4825 ἦν
1287 4756 1346 4807 ἐν
1388 4756 1604 4817 σκιαῖς,
1636 4755 1670 4824 ἡ
1717 4753 1774 4806 δὲ
1820 4754 1919 4825 τῆς

2021 4752 2218 4817 eundo,
2252 4765 2393 4806 novo
2454 4749 2687 4811 scilicet,
2730 4746 2874 4817 quod
2930 4746 2981 4800 in
3021 4744 3245 4799 Christo
3302 4742 3531 4797 multum
3583 4755 3617 4799 a

316 4847 583 4918 ἀληθείας
604 4849 666 4902 τὸ
688 4848 884 4912 κάλλος
912 4847 1296 4919 ἀπαστράπτει
1328 4846 1736 4917 πνευματικῶς.
1774 4847 1919 4917 Ἔφη

2022 4842 2194 4915 priori
2233 4840 2606 4908 discrepabat.
2641 4836 2776 4893 Illud
2826 4837 2973 4893 enim
3019 4845 3138 4891 erat
3166 4835 3219 4888 in
3247 4833 3478 4895 umbris,
3509 4832 3616 4885 hoc

314 4938 453 5008 γοῦν
474 4942 502 4994 ὁ
529 4940 639 4994 τῶν
669 4940 808 4995 ὅλων
838 4939 970 5003 Θεὸς
995 4939 1062 4992 δι’
1106 4938 1225 5003 ἐνὸς
1248 4939 1356 4992 τῶν
1390 4937 1563 5007 ἁγίων
1598 4938 1918 5010 προφητῶν’

2024 4933 2275 4989 veritatis
2342 4930 2800 5002 pulchritudinem
2851 4929 3033 4984 elucet
3059 4924 3440 4998 spiritualiter.
3473 4922 3616 4976 Dixit

323 5050 345 5083 α
368 5023 504 5086 ’ἰδοὺ
530 5032 738 5105 ἡμέραι
769 5032 1041 5103 ἔρχονται,
1073 5031 1223 5101 λέγει
1256 5031 1483 5102 Κύριος,
1500 5031 1596 5085 καὶ
1620 5028 1919 5084 συντελέσω

2021 5030 2204 5097 itaque
2244 5025 2628 5080 universorum
2678 5022 2823 5077 Deus
2850 5035 2947 5091 per
2974 5035 3138 5073 unum
3193 5031 3226 5072 e
3258 5015 3466 5071 sanctis
3493 5029 3621 5083 pro-

318 5125 416 5178 ἐπὶ
459 5124 550 5179 τὸν
580 5120 732 5179 οἷκον
782 5124 979 5180 Ἰακὼϐ
1012 5125 1107 5178 καὶ
1138 5124 1232 5177 ἐπὶ
1256 5123 1350 5178 τὸν
1377 5117 1528 5177 οἷκον
1556 5120 1775 5194 Ἰσραὴλ
1800 5119 1919 5175 δια-

2023 5117 2204 5190 phetis
2229 5133 2244 5170 :
2286 5133 2304 5166 ι
2338 5114 2477 5168 Ecce
2504 5112 2621 5168 dies
2656 5112 2902 5175 veniunt,
2930 5108 3064 5164 dicit
3094 5106 3375 5171 Dominus,
3407 5113 3461 5160 et
3491 5119 3623 5160 ron-

210 5234 215 5237 ‘
319 5217 501 5290 θήκην
524 5220 738 5292 καινὴν,
762 5220 822 5274 οὐ
851 5219 994 5273 κατά
1021 5218 1121 5289 τὴν
1136 5218 1426 5290 διαθήκην,
1446 5219 1514 5291 ἣν
1538 5217 1797 5289 διεθέμην
1814 5218 1919 5280 τοῖς

2023 5209 2315 5267 summabo
2347 5223 2513 5279 super
2546 5208 2766 5261 domum
2796 5202 2987 5272 Jacob,
3015 5213 3070 5257 et
3098 5214 3261 5273 super
3293 5199 3514 5255 domum
3545 5197 3621 5253 ls-

320 5312 598 5383 πατράσιν
619 5312 800 5366 αὐτῶν
838 5314 897 5366 ἐν
925 5311 1110 5383 ἡμέρᾳ
1134 5310 1651 5382 ἐπιλαμϐανομένου
1690 5327 1792 5380 μου
1826 5308 1919 5381 τῆς

2025 5302 2140 5357 rael
2173 5310 2560 5357 testamentum
2596 5311 2822 5363 novum,
2856 5312 2961 5351 non
2990 5294 3287 5351 secundum
3316 5299 3618 5345 testamen-

320 5401 508 5472 χειρὸς
534 5402 715 5456 αὐτῶν
736 5401 827 5455 τοῦ
856 5401 1143 5470 ἐξαγαγεῖν
1169 5401 1369 5465 αὐτοὺς
1396 5402 1460 5455 ἐκ
1482 5401 1588 5472 γῆς
1610 5400 1890 5469 Αἰγύπτου
1907 5415 1919 5432 ·

2028 5406 2139 5451 tum
2177 5393 2323 5466 quod
2355 5393 2602 5466 percussi
2630 5407 2751 5449 cum
2785 5389 3034 5463 patribus
3068 5401 3286 5455 eorum,
3309 5385 3397 5442 die
3421 5396 3487 5438 eo
3509 5392 3622 5452 quo
3668 5442 3681 5455 κ

393 5572 440 5606 ⁸⁸
478 5574 672 5630 Matth.
710 5591 822 5655 ιιι-ι,
852 5576 944 5632 24.
1024 5577 1069 5609 ³⁸
1100 5577 1117 5631 l
1158 5575 1286 5632 Cor.
1322 5594 1385 5644 ll,
1409 5578 1462 5634 9.
1540 5579 1584 5611 “‘
1613 5576 1777 5634 llebr.
1809 5593 1885 5645 Ix,
1920 5576 2010 5632 10.
2043 5602 2046 5606 -

398 5726 473 5800 (l)
504 5727 891 5784 Desiderantur
927 5728 1014 5785 hic
1037 5726 1318 5784 nonnulla.
