4100 6468
465 301 605 358 1925

1456 298 1517 353 s.
1561 290 1840 350 crntLLt
1875 263 2349 343 ALEXANDRINI
2386 287 2707 344 ARCtiiEP.

3596 288 3734 344 1824

462 408 795 485 apprehendi
829 429 1045 469 manum
1076 426 1284 475 eorum,
1321 420 1382 465 ut
1408 409 1695 465 educerem
1719 422 1814 464 eos
1838 425 1869 462 e
1898 416 2047 462 terra

2161 409 2233 461 Ξτι
2269 408 2419 460 αὐτοὶ
2454 409 2555 461 οὐκ
2608 408 2891 476 ἐνέμειναν
2920 409 2977 460 ὲν
3031 410 3096 478 τῇ
3134 406 3365 478 διαθήκῃ
3401 423 3524 476 μου,
3578 406 3737 476 κάγὼ

463 507 683 577 Ᾱῦδγμιί
710 524 726 574 ;
762 507 886 575 quia
926 506 1000 559 illi
1032 520 1134 557 non
1185 511 1607 572 permanserunt
1637 500 1692 555 in
1723 507 2045 553 testamento

462 602 610 653 ineo.
643 598 706 651 Et
760 613 858 664 ego
918 595 1125 662 neglexi
1160 610 1275 658 eos,
1310 593 1443 647 dicit
1470 591 1750 644 Dominus.
1781 589 1914 643 Nam
1944 590 2047 642 hoc

469 700 849 744 testamentum
881 698 962 740 est
996 688 1138 752 quod
1174 686 1363 739 l'eriam
1396 700 1517 737 eum
1554 684 1712 736 domo
1743 682 1904 736 Israel
1930 688 2048 748 post

468 784 583 835 dies
611 782 746 844 illus,
769 780 901 832 dicit
943 779 1242 831 Dominus;
1274 779 1411 830 dabo
1455 776 1600 842 leges
1629 790 1773 827 meas
1808 772 1862 826 in
1896 788 2046 825 tuen-

474 884 583 926 tem
625 888 836 934 eorum,
873 879 927 923 et
965 869 1225 924 cordibus
1252 883 1440 922 eorum
1476 866 1768 920 inscribam
1801 880 1894 918 eas
1922 863 1985 917 ⁸³.
2022 882 2041 916 ι

469 965 843 1020 Diﬂcrentiatn
880 965 1044 1017 etiam
1103 962 1302 1016 veteris
1348 970 1404 1015 et
1461 959 1583 1013 novi
1619 957 1925 1012 testamenti
1956 971 2046 1010 os-

470 1061 640 1113 tendit
696 1059 854 1114 nobis
906 1056 1123 1125 sapiens
1168 1053 1426 1117 Joannes,
1474 1052 1696 1105 dicens:
1733 1069 1751 1101 t
1779 1048 1889 1103 Lex
1954 1063 2050 1118 per

469 1151 690 1222 Moysen
720 1152 843 1203 data
873 1160 976 1207 est,
1003 1148 1177 1214 gratia
1207 1157 1260 1201 et
1297 1145 1502 1198 veritas
1533 1158 1629 1211 per
1653 1141 1838 1196 Jesutn
1887 1140 2047 1193 Chri-

470 1253 611 1294 stum
680 1240 819 1292 facta
852 1248 939 1292 est
966 1237 1033 1291 ⁶³.
1061 1256 1079 1289 ι
1110 1236 1350 1291 Gratiam
1381 1243 1437 1289 et
1480 1233 1761 1287 veritatem
1817 1232 2050 1300 appellat

472 1331 871 1384 institutionem
913 1330 1026 1384 veri
1058 1340 1112 1383 et
1163 1328 1462 1399 spiritualis
1492 1325 1667 1380 cultus
1693 1340 1790 1393 per
1813 1339 2047 1393 evange-

473 1423 572 1474 lica
613 1421 830 1474 oracula
850 1462 865 1483 ,
925 1437 1046 1490 quae
1073 1436 1193 1474 cum
1227 1420 1425 1473 virtute
1451 1434 1514 1472 ac
1542 1419 1778 1486 potentia
1807 1426 1891 1471 est
1919 1432 2049 1472 con-

468 1513 677 1581 juncta.
696 1512 914 1583 Moysen
942 1513 1108 1575 enim,
1137 1528 1258 1565 cum
1289 1511 1519 1564 famulus
1544 1521 1709 1575 esset,
1739 1512 2047 1565 ministrum

472 1621 594 1660 esse
616 1608 823 1661 umbra:
863 1620 966 1658 non
1002 1607 1305 1669 manentis;
1340 1604 1663 1676 776jugis
1689 1619 1816 1659 vero
1852 1616 1905 1658 et
1937 1621 2051 1657 nta-

474 1698 652 1750 neniis
684 1697 858 1749 cultus
898 1695 1145 1749 nuntium
1179 1710 1302 1749 eum
1334 1697 1426 1763 qui
1495 1706 1730 1749 aeternus
1756 1706 1858 1759 est,
1895 1693 2051 1749 Chri-

2152 499 2406 569 ἠμέλησα
2432 498 2632 564 αὐτῶν,
2661 499 2809 568 λέγει
2840 498 3044 567 Κύριος
3071 514 3084 527 '
3132 499 3214 551 ὅτι
3245 497 3385 567 αῦτη
3409 497 3444 567 ἡ
3476 496 3713 567 διαθήκη

2152 589 2218 660 ἢν
2264 589 2590 669 διαθήσομαι
2635 588 2713 659 τῷ
2741 590 2874 660 οἴκῳ
2925 588 3143 658 Ἰσραὴλ
3197 588 3337 658 μετὰ
3379 587 3478 649 τὰς
3524 586 3737 661 ἡμέρας

2154 679 2387 741 ὲκείνας,
2418 678 2568 746 λέγει
2592 674 2825 748 Κύριος,
2840 678 3014 742 διδοὺς
3037 680 3233 744 νόμους
3265 695 3367 741 μου
3391 679 3471 737 είς
3501 678 3601 734 τὴν
3626 678 3738 731 διά-

2129 769 2301 822 ’νοιαν
2343 769 2547 832 αὐτῶν,
2582 770 2676 822 καὶ
2710 770 2803 822 ἐπὶ
2828 770 2925 832 τάς
2972 769 3199 841 καρδίας
3230 769 3407 823 αὐτῶν
3445 768 3742 838 ἐπιγράψω

2153 860 2372 923 αὐτούς.
2398 880 2416 911 ι
2450 862 2561 928 Τὴν
2616 860 2673 915 δέ
2725 878 2787 929 γε
2825 861 3089 931 διαφορὰν
3141 860 3238 929 τῆς
3268 875 3326 911 τε
3365 858 3602 917 παλαιᾶς
3642 858 3738 912 καὶ

2152 952 2252 1022 τῆς
2280 952 2404 1015 νέας
2429 950 2693 1021 διαθήκης
2722 952 2975 1017 διέδειξεν
3004 953 3135 1022 ἡμῖν
3176 951 3271 1004 καὶ
3305 951 3333 1002 ὁ
3361 950 3520 1018 σοφὸς
3554 951 3742 1003 Ἰωάν-

2154 1057 2252 1110 νης
2279 1040 2561 1108 λέγων,ὅτι
2597 1059 2615 1090 ι
2649 1041 2706 1093 '0
2737 1041 2898 1110 νόμος
2918 1041 3005 1094 διὰ
3031 1042 3276 1104 Μωσέως
3324 1040 3503 1112 ἐδόθη,
3527 1042 3561 1111 ή
3580 1040 3740 1110 χάρις

2156 1132 2249 1185 καὶ
2295 1132 2326 1201 ἡ
2358 1129 2584 1201 ἀλήθεια
2609 1130 2696 1182 διὰ
2745 1129 2917 1200 Ἰησοῦ
2954 1128 3191 1200 Χριστοῦ
3223 1129 3458 1196 ἐγένετο.
3505 1147 3523 1179 ι
3563 1128 3740 1201 Χάριν

2153 1220 2211 1274 δὲ
2229 1222 2320 1274 καὶ
2340 1221 2598 1292 ἀλήθειαν
2613 1222 2712 1292 τὴν
2734 1221 2821 1274 διὰ
2835 1220 2943 1273 τῶν
2962 1220 3334 1289 εὐαγγελικὼν
3355 1219 3739 1290 θεσπισμάτων

2154 1312 2420 1366 ἀποκαλεῖ
2440 1313 2738 1377 παίδευσιν,
2769 1312 2866 1381 τῆς
2887 1312 3120 1382 ἀληθοῦς
3148 1312 3243 1366 καὶ
3260 1313 3318 1364 ὲν
3349 1311 3617 1382 πνεύματι
3643 1311 3741 1364 λα-

2153 1403 2345 1471 τρείας
2382 1401 2480 1472 τὴν
2513 1402 2740 1472 δύναμιν
2772 1401 3036 1471 ἔχουσαν
3067 1402 3180 1456 ἔδει
3214 1411 3352 1474 γὰρ,
3385 1404 3600 1472 οἰκέτην
3635 1402 3737 1473 μὲν

2155 1493 2284 1547 ὄντα
2314 1494 2537 1554 Μωσέα,
2562 1494 2658 1562 τῆς
2692 1493 2765 1563 μὴ
2799 1493 3065 1565 μενούσης
3093 1497 3249 1557 σκιᾶς
3279 1493 3527 1563 γενέσθαι
3552 1494 3736 1547 διάκο-

2156 1600 2275 1635 νον·
2301 1581 2597 1651 ὲξαγγελέα
2641 1582 2697 1634 δὲ
2748 1584 2846 1653 τῆς
2893 1583 3175 1654 διηνεκοῦς
3211 1584 3304 1638 καὶ
3340 1584 3601 1655 μενούσης
3642 1584 3739 1636 λα-

2155 1690 2184 1725 τ
2193 1673 2364 1744 ρείας,
2384 1673 2473 1724 τὸν
2500 1671 2737 1735 αἰώνιον,
2766 1676 2910 1744 φημὶ
2930 1675 2995 1745 δὴ
3017 1675 3106 1727 τὸν
3132 1675 3385 1748 Χριστόν.
3406 1674 3541 1729 Ποία
3561 1676 3741 1727 τοίνυν

473 1802 613 1844 stum
639 1791 783 1851 dico,
817 1788 1083 1857 oportuit.
1120 1787 1289 1853 Quale
1319 1762 1390 1839 sit
1422 1788 1584 1857 igitur
1617 1787 1745 1841 illud
1796 1797 2055 1841 aeternum

2161 1766 2303 1817 ἐστὶν
2336 1764 2553 1827 αἰώνιος
2579 1765 2839 1836 διαθήκη,
2875 1769 2941 1837 ἢν
2980 1768 3045 1839 δὴ
3081 1768 3387 1821 συντελέσει
3431 1771 3542 1830 τοῖς
3572 1784 3740 1837 προσ-

475 1883 1036 1949 lestautentum,quod
1069 1878 1456 1934 accedentibus
1482 1878 1548 1931 ad
1574 1879 1746 1947 ipsum
1777 1893 1873 1947 per
1897 1876 2052 1931 ﬁdem

471 1975 892 2039 consutumabit,
953 1972 1172 2042 planttm
1238 1970 1368 2024 facit
1407 1985 1531 2025 cum
1590 1971 1774 2025 subdit
1826 1970 2053 2025 statim:

475 2067 675 2120 Sancta
724 2065 941 2118 Davidis
981 2063 1181 2117 ﬁdelia.
1248 2060 1342 2115 Vel
1392 2060 1537 2115 enim
1605 2061 2055 2131 pollicitationem

476 2155 673 2209 factam
709 2156 893 2207 divino
925 2153 1139 2218 Davidi,
1164 2151 1232 2207 de
1284 2151 1527 2205 omnium
1586 2162 1828 2204 nostrqu
1866 2149 2059 2204 Serva-

478 2249 595 2294 tore
651 2240 890 2304 Christo,
928 2240 1181 2306 gentibus
1243 2238 1645 2293 revertentibus
1698 2240 2055 2307 prmsiandam

476 2331 640 2395 dicit;
662 2322 743 2384 rel
779 2333 958 2384 divina
994 2340 1145 2383 vocat
1170 2340 1226 2384 et
1250 2343 1405 2383 sacra
1435 2328 1693 2381 vaticinia
1728 2328 1793 2382 de
1819 2327 2054 2394 Christo,

478 2424 570 2491 qui
596 2437 661 2475 ex
707 2423 914 2475 semine
951 2421 1116 2473 David
1148 2418 1445 2474 secundum
1481 2434 1702 2473 carnem
1735 2427 1897 2473 natus
1949 2430 2054 2474 est.

479 2509 679 2564 Sancta
711 2511 841 2564 dicit
892 2510 979 2563 illa
1018 2524 1159 2574 esse,
1198 2511 1342 2563 velut
1373 2518 1594 2565 sanctos
1637 2508 1913 2563 reddentia
1964 2524 2058 2563 eos

478 2601 532 2655 in
568 2601 765 2671 quibus
796 2603 977 2654 insunt
1004 2617 1018 2653 :
1053 2601 1505 2668 quemadmodum
1538 2599 1785 2655 Videlicet
1811 2600 2057 2654 timorem

477 2694 572 2749 Dei
603 2710 795 2762 purum
831 2693 1136 2746 nominavit
1168 2693 1259 2761 qui
1289 2693 1560 2762 purillcat,
1599 2702 1655 2746 et
1690 2695 1855 2746 vitam
1889 2708 2055 2746 evan-

477 2786 709 2852 gelicum
739 2784 985 2853 verbum,
1013 2784 1169 2851 quasi
1197 2782 1496 2839 vivide-aus.
1532 2782 1675 2836 Dixit
1704 2784 1847 2836 enim
1903 2782 2057 2837 Chri-

483 2886 641 2930 stus:
688 2895 706 2926 ι
734 2873 911 2927 Verba
939 2889 1059 2941 quae
1092 2886 1192 2942 ego
1249 2872 1458 2927 locutus
1490 2888 1605 2927 sum
1637 2875 1808 2941 vobis,
1838 2874 2060 2942 Spiritus

478 2975 609 3022 Sunt
668 2976 722 3020 ct
778 2967 887 3025 vita
922 2965 1038 3029 ",t
1076 2965 1128 3018 id
1184 2973 1287 3028 est,
1349 2965 1651 3034 spiritualia
1705 2974 1760 3018 et
1825 2966 2056 3020 vit-ilics.

2158 1854 2330 1909 ιοῦσιν
2363 1854 2513 1925 αὐτῷ
2552 1856 2642 1909 διὰ
2680 1857 2949 1921 πίστεως,
2989 1858 3309 1929 καθίστησιν
3351 1857 3599 1929 ἐναργὲς,
3639 1859 3740 1910 ἐπ-

2156 1946 2395 2015 ενεγκὼν
2424 1946 2585 2011 εὐθύς
2612 1964 2625 1977 ·
2657 1948 2739 2003 Τά
2766 1949 2890 2002 ὅσια
2919 1949 3082 2002 Actth
3105 1949 3174 2002 τὰ
3197 1951 3382 2004 πιστά.
3412 1951 3478 2001 Ἦ
3504 1949 3613 2018 γὰρ
3640 1949 3742 2018 τὴν

2154 2040 2232 2111 τῷ
2263 2041 2534 2110 θεσπεσίῳ
2566 2041 2731 2094 Δαδὶδ
2773 2041 3021 2096 δοθεῖσαν
3058 2041 3423 2110 ἑπαγγελλίαν
3481 2043 3610 2113 περὶ
3643 2040 3740 2094 τοῦ

2159 2131 2377 2185 πάντων
2423 2131 2584 2202 ἡμῶν
2638 2131 2888 2202 Σωτῆρος
2928 2131 3169 2202 Χριστοῦ
3241 2130 3562 2204 δοθήσεσθαί
3607 2149 3743 2203 φησι

2154 2221 2267 2282 τοῖς
2301 2221 2358 2285 ἐξ
2398 2220 2569 2273 ἐθνῶν
2620 2220 3081 2290 ἐπιστρέφουσιν,
3131 2221 3301 2290 ῆγουν
3333 2222 3451 2274 θεῖα
3499 2221 3653 2274 καλεῖ
3676 2221 3743 2273 τὰ

2159 2310 2280 2379 ἱερὰ
2317 2310 2666 2380 θεσπίσματα
2713 2310 2807 2362 τοῦ
2842 2310 2907 2362 ὲκ
2965 2310 3280 2380 σπέρματος
3308 2311 3471 2363 Δαὸὶδ
3501 2310 3561 2363 τὸ
3602 2313 3743 2363 κατᾶ

2159 2402 2338 2471 σάρκα
2365 2400 2603 2473 Χριστοῦ
2621 2418 2634 2431 ·
2667 2401 2790 2454 ὅσια
2818 2401 2876 2453 δέ
2901 2418 3067 2471 φησιν
3103 2402 3262 2467 αὐτὰ,
3296 2402 3370 2465 ὡς
3399 2401 3578 2464 ὁσίους
3610 2385 3748 2455 ἀπο-

2159 2492 2421 2547 τελοῦντα
2459 2496 2584 2558 τοὺς
2616 2496 2672 2547 ὲν
2711 2489 2793 2557 οἷς
2837 2495 2903 2548 ἂν
2943 2494 3205 2563 γένοιντο,
3258 2493 3511 2565 καθάπερ
3552 2493 3745 2563 ἀμέλει

2159 2590 2253 2641 καὶ
2281 2587 2371 2640 τὸν
2394 2587 2485 2639 τοῦ
2509 2585 2643 2640 Θεοῦ
2667 2586 2829 2654 φόϐον
2861 2586 3021 2653 ἁγνὸν
3040 2585 3312 2655 ὠνόμασε,
3337 2586 3432 2639 καὶ
3457 2585 3755 2654 ἀγνοπο.ὸν“

2158 2680 2312 2744 δντα,
2351 2679 2447 2732 καὶ
2463 2678 2606 2748 ζωὴν
2637 2678 2696 2731 τὸ
2724 2678 2875 2749 ῥῆμα
2900 2679 2961 2733 τὸ
2982 2678 3337 2746 εύαγγελικὶν
3360 2679 3435 2741 ὼς
3461 2676 3744 2741 ζωοποιώι.

2164 2773 2307 2842 Ἔφη
2330 2772 2439 2840 γάρ
2467 2788 2567 2822 που
2595 2770 2852 2841 Χριστὸς,
2874 2770 2956 2824 ὃτι
2997 2789 3013 2820 ι
3040 2770 3082 2822 Τ
3086 2771 3120 2824 ὰ
3151 2772 3393 2840 ῥήματα,
3428 2768 3465 2824 ἃ
3490 2771 3600 2837 ἐγὼ
3625 2770 3748 2823 ἑλά-

2159 2861 2301 2933 λησα
2330 2864 2483 2933 ὑμῖν,
2518 2860 2745 2931 πνεῦμά
2766 2861 2885 2913 ἐστι
2912 2861 3007 2914 καὶ
3024 2860 3156 2932 ζωὴ,
3191 2880 3209 2912 ι
3231 2861 3472 2913 τουτέστι
3496 2878 3742 2930 πνευμαο

2158 2955 2287 3007 τικὰ
2330 2955 2423 3007 καὶ
2458 2953 2716 3018 ζωοποιέι.
2748 2954 2912 3006 Ὄσια
2953 2952 3017 3024 δὴ
3044 2948 3140 3006 οὖν
3186 2952 3255 3005 τὰ
3312 2953 3608 3024 ὁσιουργὰ,
3652 2955 3748 3007 καὶ

481 3059 682 3112 Sancta
735 3058 898 3125 igitur
947 3068 1091 3124 sunt,
1129 3072 1251 3127 qua:
1299 3056 1664 3119 sanctilicant,
1705 3065 1757 3110 et
1790 3058 1967 3126 justus
1995 3073 2057 3111 ac

2175 3046 2414 3109 δικαίους
2465 3047 2558 3102 καὶ
2612 3044 2877 3116 ἀμώμους
2924 3044 3294 3113 ἀποφαίνοντα
3338 3048 3463 3109 τοὺς
3525 3046 3749 3116 δεχομὲο

481 3147 986 3216 irreprehensibiles
1017 3148 1244 3201 reddunt
1292 3162 1386 3203 eos
1416 3148 1505 3214 qui
1540 3147 1626 3200 illa
1656 3148 1928 3216 accipiunt
1953 3165 1967 3213 ;
1994 3147 2056 3203 li-

479 3240 617 3296 delia
656 3254 893 3309 quoque,
919 3240 1044 3309 quia
1069 3238 1229 3294 [idem
1264 3238 1491 3304 faciunt,
1531 3248 1585 3294 et
1617 3240 1968 3295 stabilitatem
1991 3239 2057 3294 li-

480 3330 652 3386 deiet
705 3330 827 3383 vita'
875 3330 1126 3397 pietatem
1175 3329 1259 3383 his
1313 3328 1404 3397 qui
1448 3342 1511 3382 ea
1562 3329 2056 3397 apprehenderunt,

479 3420 821 3491 ingenerant.
857 3421 982 3475 Haec
1007 3429 1092 3475 est
1131 3422 1275 3475 enim
1310 3419 1689 3476 vaticiniorum
1718 3420 1920 3476 Christi
1952 3420 2059 3474 rir-

483 3519 570 3565 tus
597 3521 651 3564 et
683 3511 994 3565 ellicacitas.
1022 3509 1158 3564 Cum
1201 3510 1364 3579 igitur
1408 3509 1665 3564 Davidem
1702 3511 2056 3576 nominasset,

482 3601 781 3665 Christum,
806 3616 871 3655 ex
900 3600 1107 3655 semine
1133 3598 1352 3654 Davidis
1382 3600 1679 3654 secundum
1727 3615 1970 3670 carnem,
1991 3600 2061 3656 de

483 3706 551 3745 eo
575 3691 703 3744 dicit
734 3692 1025 3746 continuo:
1054 3709 1073 3743 ι
1101 3691 1237 3744 Ecce
1263 3690 1630 3745 testimonium
1657 3691 1909 3760 gentibus
1937 3692 2059 3747 dedi

483 3781 662 3846 illum,
697 3782 994 3850 principem
1046 3789 1102 3834 et
1164 3790 1553 3851 praeceptorem
1612 3782 1754 3836 inter
1797 3790 2005 3851 gentes.
2035 3799 2055 3835 ι

482 3871 801 3931 Obtestatur
862 3874 1014 3942 quasi
1068 3872 1331 3927 Dominus
1388 3883 1576 3927 noster
1604 3871 1763 3928 Jesus
1791 3872 2076 3940 Christus,

484 3978 675 4033 greges
723 3963 986 4033 gentium,
1024 3963 1166 4033 quod
1206 3962 1319 4018 sint
1374 3963 1477 4018 illa:
1508 3977 1762 4032 capaces,
1793 3964 2064 4036 liceatque

484 4055 808 4117 volentibus,
871 4055 1021 4111 nullo
1068 4056 1409 4125 prohibente,
1439 4070 1583 4111 verte
1611 4055 1704 4111 Dei
1735 4057 2062 4127 cognitionis

452 4203 457 4227 τ
484 4147 609 4202 luce
638 4146 821 4202 ditari.
855 4146 995 4202 Dixit
1025 4149 1210 4218 itaque
1238 4163 1334 4217 per
1361 4147 1532 4219 lyram
1559 4147 1848 4205 Psallentis
1877 4171 1890 4207 :
1925 4151 2065 4205 «Au-

485 4237 598 4292 dite
646 4240 779 4302 haec,
804 4253 994 4293 omnes
1037 4249 1247 4308 gentes,
1279 4240 1505 4295 auribus
1539 4242 1825 4311 percipite,
1872 4257 2064 4298 omnes

486 4329 578 4397 qui
635 4329 893 4384 habitatis
942 4327 1129 4383 orbem
1179 4337 1468 4407 terrarum,
1521 4332 1825 4402 terrigenae,
1852 4338 1907 4386 et
1968 4331 2061 4388 lilii

2161 3155 2285 3201 νους
2325 3136 2497 3190 αύτάο
2534 3135 2702 3190 πιστὰ
2736 3136 2813 3199 δὲ,
2844 3137 2926 3188 ὅτι
2965 3137 3126 3189 πάλιν
3156 3137 3453 3191 πιστοποιά
3486 3141 3615 3203 εἰσι,
3652 3140 3749 3191 καὶ

2160 3230 2220 3283 τὸ
2244 3229 2531 3301 ἱδρυμένον
2560 3230 2615 3280 ἐν
2640 3228 2820 3280 πίστει
2844 3228 2936 3280 καὶ
2952 3230 3017 3298 τῇ
3058 3230 3176 3281 κατ’
3201 3227 3482 3283 εὐσέϐειαν
3504 3228 3617 3300 ζωῇ
3633 3232 3749 3297 τοῖς

2158 3319 2413 3373 λαϐοῦσιν
2456 3319 2832 3388 ἐνεργάζεται.
2875 3318 3113 3390 Δύναμις
3152 3319 3261 3390 γάρ
3317 3318 3456 3390 αὕτη
3512 3320 3620 3373 τῶν
3658 3320 3748 3373 διὰ

2159 3412 2817 3484 Χριστοῦθεσπισμάτων.
2840 3410 3052 3493 Οὐκοῦν
3074 3411 3235 3465 Δαϐὶδ
3256 3411 3556 3484 ὀνομάσας,
3572 3412 3662 3466 τὸν
3682 3413 3752 3467 ἐκ

2162 3504 2473 3577 σπέρματος
2491 3504 2654 3558 Δαὸὶδ
2668 3505 2810 3559 κατὰ
2823 3505 3002 3577 σάρκα
3022 3505 3276 3576 Χριστὸν,
3293 3524 3361 3561 πε
3367 3508 3421 3578 ρ“ι
3437 3505 3601 3561 αὐτοῦ
3614 3523 3751 3577 φησι

2162 3597 2524 3668 παραχρῆμα·
2564 3617 2582 3649 ι
2615 3597 2749 3651 Ἰδοὺ
2784 3597 3088 3668 μαρτύριον
3119 3597 3298 3650 ἔθνεσι
3326 3597 3536 3651 δέδωκα
3562 3598 3751 3666 αὐτὸν,

2161 3688 2419 3760 ἄρχοντα,
2443 3690 2537 3743 καὶ
2559 3689 2972 3761 προστάσσοντα
3008 3689 3185 3742 ἔθνεσι
3211 3728 3224 3742 .
3259 3707 3279 3742 ι
3313 3688 3752 3762 Διαμαρτύρεται

2161 3779 2349 3850 ὥσπερ
2372 3781 2400 3834 ὁ
2430 3780 2633 3851 Κύριος
2665 3779 2824 3852 ἡμῶν
2851 3779 3061 3851 Ἰησοῦς
3096 3780 3331 3850 Χριστὸς
3357 3779 3458 3844 τὰς
3494 3780 3552 3847 ἐξ
3579 3781 3752 3835 ἐθνῶν

2161 3872 2385 3940 ἀγέλας,
2413 3872 2497 3924 δτι
2541 3871 2732 3925 δεκταὶ
2762 3871 3019 3940 γεγόνασι
3060 3873 3155 3925 καὶ
3181 3864 3366 3935 αὗται,
3390 3871 3485 3925 καὶ
3531 3871 3752 3942 μέτεστι

2161 3965 2276 4026 τοῖς
2310 3962 2584 4016 ἐθέλουσιν
2626 3960 2988 4035 ἀπείργοντος
3031 3962 3246 4026 οὐδενὸς
3282 3964 3345 4015 τὸ
3379 3963 3480 4033 τῆς
3517 3961 3753 4034 ἀληθοῦς

2164 4054 2497 4123 θεογνωσίας
2524 4054 2971 4125 καταπλουτῆσαι
3010 4052 3144 4123 φῶς.
3179 4055 3324 4125 Ἔφη
3362 4053 3495 4123 γοῦν
3527 4054 3616 4108 διὰ
3654 4055 3754 4126 τῆς

2162 4146 2258 4201 τοῦ
2283 4147 2590 4210 Ψάλλοντος
2619 4146 2819 4218 λύρας⁹
2861 4164 2879 4198 t
2923 4146 3221 4200 Ἀκούσατε
3251 4146 3447 4213 ταῦτα,
3475 4146 3655 4201 πάντα
3686 4147 3756 4200 τὰ

2164 4236 2314 4308 ἔθνηο
2340 4236 2686 4305 ἐνωτίσασθε,
2725 4237 2927 4299 πάντες
2945 4237 2995 4290 οί
3025 4235 3405 4299 κατοικοῦντες
3436 4236 3533 4308 τὴν
3572 4238 3756 4290 οἱκουο

2169 4332 2360 4401 μένην,
2392 4332 2443 4384 oi
2471 4331 2746 4401 γηγενεῖς,
2779 4329 2874 4383 καὶ
2906 4329 3013 4383 υἱοὶ
3053 4329 3161 4383 τῶν
3204 4326 3529 4399 ἀνθρώπων,
3566 4328 3660 4381 ἐπὶ
3695 4330 3758 4381 τὸ

488 4419 787 4486 hominum,
814 4419 965 4474 dives
1012 4419 1173 4474 simul
1202 4429 1258 4474 et
1293 4434 1517 4489 pauper.
1548 4420 1622 4477 Os
1655 4437 1834 4477 meum
1874 4422 2057 4493 loque-

2168 4422 2302 4475 αὐτὸ
2361 4420 2618 4484 πλούσιος
2664 4420 2758 4474 καὶ⁵
2812 4419 3001 4491 πένης.
3045 4420 3117 4473 Τὸ
3171 4421 3348 4491 στόμα
3390 4438 3491 4491 μου
3522 4416 3757 4491 λαλήσει

489 4521 577 4563 ιιιι·
618 4510 961 4578 sapientiam,
999 4521 1054 4566 et
1086 4512 1366 4567 meditatio
1394 4513 1574 4569 cordis
1601 4515 1706 4569 mei
1757 4512 2067 4586 intelligen-

492 4600 622 4652 tiam
654 4600 722 4653 “.
755 4619 774 4653 ι
806 4599 952 4671 Opus
982 4603 1147 4668 enim,
1176 4617 1313 4672 opus
1336 4614 1456 4658 erat
1486 4605 1750 4674 sapientia
1781 4617 1833 4660 et
1863 4607 2067 4663 intelli-

489 4691 669 4761 gentia
726 4691 813 4746 his
844 4692 934 4761 qui
983 4704 1258 4760 errarunt,
1300 4697 1393 4764 qui
1433 4711 1501 4752 ex
1560 4697 1753 4765 insigni
1819 4696 2069 4753 fatuitate

490 4791 796 4836 creaturam
827 4798 936 4850 prae
970 4784 1231 4840 Creatore
1258 4788 1581 4853 adorarunt,
1606 4788 1698 4856 qui
1735 4786 1877 4856 ligna
1908 4798 1960 4843 et
1990 4788 2069 4843 la-

488 4872 643 4942 pides
691 4873 824 4929 deos
863 4884 1263 4945 nuncuparunt.
1293 4876 1563 4932 Praeterea
1590 4877 1926 4934 incarnatum
1985 4890 2069 4936 est

492 4960 753 5032 Verbum,
817 4981 979 5034 quam
1014 4967 1084 5022 ob
1142 4981 1360 5022 causam
1419 4968 1597 5022 innuit
1652 4968 1802 5038 ipsis,
1839 4969 2065 5028 dicens:

497 5074 516 5106 ι
563 5056 798 5126 Spiritus
844 5058 1056 5112 Domini
1092 5072 1254 5127 super
1294 5075 1399 5114 me.
1452 5059 1739 5129 Propterea
1764 5063 1920 5115 unxit
1960 5077 2066 5130 me,

494 5147 556 5203 ad
587 5148 1070 5219 evangelizandum
1104 5152 1436 5219 pauperibus
1464 5152 1613 5207 misit
1645 5167 1754 5220 me,
1779 5155 1846 5207 ad
1878 5155 2067 5224 pradi-

487 5238 723 5290 candutn
767 5238 998 5304 captivis
1060 5239 1455 5306 liberationem,
1483 5246 1540 5293 et
1567 5241 1725 5295 carcis
1770 5243 1969 5310 visum,
1999 5245 2063 5297 ad

494 5329 789 5382 sanandum
844 5328 1105 5382 contritas
1152 5329 1319 5382 corde
1348 5329 1414 5384 ⁴⁵.
1446 5348 1465 5382 t
1537 5328 1600 5384 lli
1646 5332 1789 5387 enim
1847 5332 2066 5388 fuerunt

494 5420 667 5473 morbi
695 5421 960 5486 gentium,
991 5422 1082 5473 sed
1115 5435 1213 5489 per
1238 5420 1384 5473 illum
1414 5422 1704 5491 redempta:
1733 5434 1875 5479 sunt.
1932 5424 2061 5478 Nam

489 5514 751 5580 sapientia
781 5514 933 5589 (litati
962 5524 1089 5567 sunt
1118 5513 1185 5566 ab
1216 5528 1304 5579 eo,
1336 5525 1390 5568 et
1428 5514 1555 5569 facti
1584 5525 1710 5571 sunt
1760 5516 2065 5587 intelligcno

565 5687 607 5719 ⁸³
639 5686 749 5745 .lct'.
779 5707 925 5758 χχχι,
956 5694 1137 5747 Eii-55.
1223 5691 1264 5721 ”
1303 5690 1455 5746 Jtzan.
1498 5708 1533 5758 t,
1576 5692 1660 5747 Π.

1737 5691 1783 5723 ⁸³
1812 5691 1969 5748 Joan.
2002 5708 2075 5762 rt,
2108 5692 2196 5749 64.
2274 5696 2319 5727 ⁵³
2342 5694 2485 5750 Ρειιι.
2518 5711 2705 5757 sum,
2733 5694 2851 5751 EH.

2177 4513 2391 4581 σοφίαν,
2425 4511 2520 4565 καὶ
2576 4511 2840 4584 ήμελέτη
2880 4511 2982 4581 τῆς
3031 4512 3259 4584 καρδίας
3304 4530 3407 4584 μου
3455 4512 3686 4565 σύνεσιν.
3731 4532 3752 4563 ι

2177 4603 2329 4656 Ἔδει
2363 4603 2495 4671 γὰρ,
2526 4601 2633 4655 ἔδει
2666 4603 2861 4671 σοφίας
2891 4603 2987 4656 καὶ
3028 4603 3298 4667 συνέσεως
3324 4605 3438 4667 τοῖς
3476 4602 3757 4671 πεπλανη-

2179 4692 2383 4763 μένοις.
2426 4693 2475 4745 οἳ
2516 4692 2605 4745 διὰ
2648 4692 2848 4764 πολλὴν
2875 4692 3203 4765 άὸελτηρίαν
3246 4693 3662 4765 προσεκύνησαν
3689 4689 3781 4763 τῇ⁴

2178 4785 2352 4838 κτίσει
2382 4783 2533 4855 παρὰ
2560 4784 2649 4837 τὸν
2678 4784 2978 4850 Κτίσαντα,
3006 4783 3182 4849 ξύλοις
3205 4786 3297 4838 καὶ
3321 4783 3488 4847 λίθοις
3518 4783 3757 4855 ἐπεγρά-

2175 4892 2338 4944 φοντο
2376 4875 2551 4937 θεούς.
2595 4873 3016 4945 Ἐνηνθρώπησε
3049 4875 3104 4928 δὲ
3136 4878 3165 4929 ὁ
3205 4877 3399 4944 Λόγος,
3433 4877 3556 4930 ὅτου
3598 4878 3761 4947 χάριν

2178 4965 2271 5020 καὶ
2319 4964 2609 5018 ἐπένευσεν
2651 4965 2856 5027 αὐτοῖς,
2886 4963 3090 5032 λέγων·
3120 4985 3138 5018 ι
3176 4966 3401 5037 Πνεῦμα
3439 4966 3644 5037 Κυρίου
3674 4967 3761 5019 ἐπ’

2180 5060 2300 5129 ἐμὲ,
2337 5053 2398 5112 οῦ
2428 5059 2635 5113 εἵνεκεν
2665 5057 2850 5129 ἔχρισε
2896 5075 2965 5127 με
2986 5075 2998 5089 ι
3031 5058 3487 5128 εὐαγγελίσασθαι
3525 5059 3762 5127 πτωχοῖς

2178 5151 2487 5205 ἁπέσταλκέ
2523 5167 2611 5221 με,
2642 5149 2879 5220 κηρύξαι
2905 5151 3271 5220 αἰχμαλώτοις
3295 5152 3508 5220 ἄφεσιν,
3541 5149 3635 5204 καὶ
3671 5166 3763 5201 τυ-

2181 5244 2334 5312 φλοῖς
2360 5242 2675 5312 ἀνάϐλεψιν,
2709 5241 2958 5295 ἰάσασθαι
2988 5244 3115 5306 τοὺς
3139 5242 3637 5313 συντετριμμένους
3662 5242 3763 5311 τὴν

2174 5334 2423 5404 καρδίαν.
2465 5353 2483 5385 ι
2528 5334 2715 5387 Ταῦτα
2750 5333 2860 5403 γὰρ
2900 5329 2968 5404 ἦν
3001 5332 3069 5386 τὰ
3098 5333 3207 5386 τῶν
3252 5332 3422 5386 ἐθνῶν
3471 5333 3754 5402 ἁρῤωστὴ·

2177 5443 2348 5499 ματα,
2381 5424 2717 5497 λελύτρωται
2754 5427 2808 5481 δὲ
2850 5427 2918 5479 δι’
2961 5424 3158 5478 αὐτοῦ·
3201 5423 3610 5496 πεπλουτήκασι
3650 5421 3761 5491 γὰρ

2171 5520 2270 5589 τὴν
2316 5519 2444 5588 παρ’
2480 5517 2644 5572 αὑτοῦ
2693 5517 2884 5588 σοφίαν
2908 5558 2922 5583 ,
2966 5517 3060 5570 καί
3103 5516 3315 5568 συνετοί⁵
3351 5516 3636 5585 γεγόνασι,
3667 5513 3763 5568 καὶ

2929 5695 2973 5726 ’⁸
3005 5694 3102 5751 lsa.
3138 5709 3251 5764 LXI,
3286 5693 3338 5753 i.
