4100 6460
327 417 473 474 ΕΞἓῦ

1473 414 1541 470 IN
1579 414 1812 471 ISAIAM
1857 414 1987 471 LIB.
2037 413 2100 470 V.
2145 412 2382 471 TOMUS
2420 414 2485 471 ll.

2608 466 2620 495 ’
3488 421 3510 465 1
3523 412 3623 465 226

324 534 530 602 ἀσθενῆ
560 535 653 585 καὶ
700 532 1176 603 συντετριμμένην
1192 529 1376 609 οὐκέτι
1401 531 1497 602 τὴν
1520 532 1760 585 διάνοιαν
1785 529 1933 602 ἔχου·

2041 541 2139 597 tes,
2173 540 2228 587 ct
2263 532 2536 586 inllrmum
2565 543 2628 585 ac
2661 527 3001 584 confractum
3047 542 3290 581 animum
3324 525 3485 596 777
3521 542 3625 578 non

325 645 437 691 σιν,
486 622 650 698 [ἀλλ’]
692 623 819 694 ὑγιῆ
874 641 931 675 τε
979 623 1074 675 καὶ
1104 622 1450 696 ἐρρωμένην,
1490 624 1583 678 καὶ
1614 624 1935 695 ἐπιτηδείως

323 720 561 791 ἔχουσαν
581 715 714 789 πρὸς
733 716 1070 788 παραδοχὴν,
1100 717 1195 771 καὶ
1212 716 1552 789 κατόρθωσιν
1576 717 1782 786 ἀγαθοῦ
1802 734 1937 771 παν-

321 814 422 875 τὸς
447 810 542 864 καὶ
582 805 852 879 σωτηρίου
887 810 1235 880 πράγματος.
1258 807 1404 879 Πλὴν
1430 806 1586 879 ἄθρει
1614 809 1676 862 τὸ
1706 806 1937 881 ἀκριϐὲς

322 904 425 958 τοῦ
440 902 816 973 λόγου.Εἰπιὶ›ν
829 900 960 973 γὰρ,
977 901 1070 966 Εἰς
1090 899 1389 973 μαρτύριον
1406 902 1517 964 τοϊς
1534 899 1711 953 ἔθνεσι
1729 900 1937 954 δέδωκα

321 997 518 1060 αὑτὸν,
563 995 651 1048 ἵνα
688 996 763 1065 μή
796 995 882 1057 τίς
919 1011 1043 1047 τινα
1084 993 1194 1047 τῶν
1237 993 1410 1063 ἁγίων
1441 992 1742 1065 προφητῶν
1771 993 1937 1048 αὐτὸν

326 1088 605 1158 ὑπάρχειν
624 1085 1043 1156 ὑποτοπήσειεν,
1069 1084 1300 1155 ἐνειδείη
1322 1083 1379 1138 δὲ
1404 1084 1605 1156 μᾶλλον
1634 1086 1741 1148 πᾶς
1757 1087 1939 1140 ὁστισ-

322 1181 446 1243 οῦν,
473 1182 557 1234 ὅτι
584 1181 651 1249 τῇ
684 1179 786 1250 τῆς
823 1178 1148 1251 κυριότητος
1179 1177 1476 1250 διαπρέπει
1498 1177 1799 1250 δόξῃοΘεὺς
1827 1180 1937 1251 γὰρ

323 1273 408 1325 ὢν
442 1271 717 1341 ἐπέφανεν
752 1272 916 1342 ἡμῖν’
947 1272 1007 1323 οὐ
1045 1270 1207 1341 μόνον
1252 1271 1416 1325 αὑτὸν
1462 1270 1764 1344 μαρτύριον
1791 1271 1938 1326 δεδό-

329 1366 458 1419 σθαι
488 1362 676 1435 φησὶν,
701 1362 839 1416 ἀλλὰ
875 1361 985 1433 γὰρ
1012 1363 1107 1415 καὶ
1130 1362 1371 1434 ἄρχοντα
1406 1363 1503 1418 καὶ
1523 1364 1937 1436 προστάσσοντα

327 1458 568 1512 ἔθνεσιν.
605 1458 670 1511 Oi
703 1455 805 1527 μὲν
854 1456 965 1528 γὰρ
1020 1456 1285 1528 μακάριοι
1330 1456 1648 1528 προφῆται,
1692 1460 1789 1513 καὶ
1830 1459 1937 1531 πρὸ

323 1551 513 1607 αὐτῶν
555 1550 638 1604 ἔτι
659 1548 887 1620 Μωσῆς,
926 1549 1125 1620 μέτρον
1164 1548 1381 1621 ἔχοντες
1414 1548 1477 1603 τὸ
1521 1550 1818 1616 οίκετικὸν,
1851 1550 1934 1618 τὸ,

336 1666 354 1698 ι
398 1644 541 1699 Τάδε
585 1643 735 1713 λέγει
776 1640 1002 1712 Κύριος,
1034 1658 1053 1693 ι
1092 1642 1409 1711 ἐπεφώνουν
1446 1642 1534 1696 ἀεὶ
1578 1645 1691 1708 τοῖς
1723 1646 1937 1716 ἀκροω-

2042 623 2241 678 habent
2298 621 2552 692 amplius,
2602 630 2658 675 at
2703 635 2899 677 sanum
2922 630 2980 676 et
3009 622 3076 674 ad
3122 619 3530 688 susripiendnm
3567 636 3629 670 ac

2040 714 2431 785 perliciendum
2505 729 2667 771 omne
2726 716 2923 771 bonum
2983 729 3045 769 ac
3078 728 3166 769 res
3197 714 3466 768 salutares
3518 713 3630 767 ido-

2039 823 2223 863 neum.
2254 807 2359 863 Sed
2392 808 2622 864 observa
2658 808 2923 863 orationis
2949 806 3279 861 elaboratam
3311 804 3628 874 dispositio-

2039 913 2185 954 nem.
2212 899 2361 955 Dixit
2402 901 2546 955 enim
2578 919 2592 956 :
2623 899 2681 955 In
2728 898 3095 955 testimonium
3126 897 3250 953 dedi
3292 911 3414 951 eum
3449 898 3624 967 genti-

2040 989 2161 1050 bus.
2198 1004 2263 1045 ne
2289 990 2415 1061 quis
2447 1006 2573 1047 eum
2608 1006 2640 1046 e
2669 991 2880 1048 sanctis
2912 991 3190 1061 prophetis
3237 989 3471 1059 aliquem
3501 1001 3629 1041 esse

2042 1083 2428 1154 suspicaretur
2453 1103 2469 1150 ;
2497 1086 2591 1139 sed
2621 1093 2680 1138 ut
2708 1098 2899 1139 omnes
2926 1084 3240 1153 quicunque
3271 1090 3397 1137 sunt
3430 1079 3629 1136 intelli~

2038 1185 2209 1245 gant,
2256 1175 2649 1232 dominationis
2682 1176 2964 1247 majestate
2992 1177 3222 1246 quadam
3247 1190 3369 1230 eum
3412 1173 3631 1244 praecel-

2039 1266 2170 1324 lere.
2209 1268 2353 1325 Deus
2410 1270 2558 1327 enim
2603 1270 2859 1341 apparuit
2895 1270 3053 1326 nobis
3101 1288 3116 1324 :
3149 1285 3248 1325 nec
3288 1268 3462 1325 solum
3504 1283 3629 1323 cum

2039 1359 2225 1415 datum
2276 1375 2397 1418 esse
2454 1362 2510 1417 in
2557 1363 2933 1419 testimonium
2980 1361 3152 1426 dicit,
3196 1362 3288 1417 sed
3331 1360 3632 1431 principem

2037 1467 2159 1509 esse
2184 1468 2251 1510 ac
2281 1464 2672 1526 praceptorem
2707 1456 2850 1512 inter
2884 1463 3096 1527 gentes.
3144 1453 3294 1509 Beati
3327 1452 3470 1509 enim
3508 1465 3635 1522 pro-

2038 1548 2235 1618 phetze,
2271 1558 2325 1604 et
2353 1549 2444 1619 qui
2476 1557 2604 1605 ante
2632 1564 2725 1605 eos
2759 1548 2861 1604 fuit
2887 1548 3124 1621 Moyses,
3157 1563 3281 1604 cum
3311 1546 3636 1602 famulorum

2041 1641 2216 1695 vicem
2258 1640 2545 1709 haberent,
2576 1655 2796 1711 semper
2844 1641 3222 1695 acclamabant
3247 1638 3632 1694 auditoribus:

332 1737 546 1809 μένοις,
579 1736 680 1808 οὐχ
703 1734 779 1800 ὡς
802 1735 1242 1806 προστάσσοντες
1274 1735 1499 1808 μᾶλλον,
1521 1734 1636 1789 ἀλλ’
1658 1736 1735 1800 ὼς
1763 1735 1933 1800 θείαις

2044 1752 2061 1783 ι
2090 1732 2218 1788 llaec
2248 1732 2380 1788 dicit
2403 1732 2668 1789 Dominus
2693 1751 2707 1789 :
2736 1751 2755 1786 ι
2791 1748 2899 1789 non
2925 1733 3070 1789 velut
3097 1732 3499 1803 praecipientes,
3538 1731 3637 1787 sed

328 1827 715 1891 διακονοῦντες
741 1830 947 1897 φωναῖς
968 1843 981 1856 ·
1025 1830 1054 1881 6
1082 1827 1140 1882 δέ
1177 1845 1243 1898 γε
1275 1828 1484 1901 Κύριος
1517 1827 1674 1901 ἡμῶν
1730 1826 1937 1898 Ἰησοῦς

2042 1824 2189 1882 velut
2222 1827 2423 1883 divinis
2471 1827 2697 1884 vocibus
2725 1826 3128 1883 ministrantes.
3158 1825 3426 1881 Dominus
3451 1834 3636 1879 autem

329 1924 360 1976 6
391 1920 633 1995 Χριστὸς
664 1919 1177 1992 θεοπρεπεστάτους
1212 1922 1453 1976 ἐποιεῖτο
1488 1920 1704 1991 λόγους.
1743 1920 1935 1975 Ἐοαυ-

2041 1927 2224 1975 noster
2267 1916 2438 1989 Iesus,
2487 1920 2742 1977 Christus
2781 1919 2948 1976 verba
2985 1916 3225 1975 faciebat
3275 1918 3386 1973 Deo
3437 1931 3638 1973 conve-

337 2012 546 2084 μάζετο
580 2010 714 2081 γοῦν
758 2012 853 2066 καλ
893 2013 1027 2084 παρ’
1068 2013 1255 2077 αὐτοῖς
1290 2017 1404 2078 τοῖς
1439 2013 1730 2080 Ἰουδαίοις,
1774 2015 1857 2070 ὅτι
1885 2016 1943 2069 ἐν

337 2104 559 2176 ἐξουσίᾳ
603 2100 671 2176 ἦν
717 2105 746 2157 6
782 2105 943 2176 λόγος
978 2104 1150 2177 αὐτῷ,
1180 2107 1276 2161 καὶ
1321 2108 1404 2161 ὃτι
1438 2108 1718 2163 ἐδίδασκεν
1746 2109 1944 2174 αὐτοὺς

338 2198 416 2261 ὡς
446 2196 695 2261 ἐξουσίαν
720 2196 885 2268 ἔχων,
909 2199 1005 2252 καὶ
1029 2198 1129 2271 οὐχ
1153 2199 1230 2263 ὡς
1264 2200 1315 2252 oi
1350 2200 1390 2253 Γ
1394 2203 1706 2272 ραμματεῖς
1735 2201 1939 2257 αὐτῶν.

336 2291 413 2344 Uti
443 2289 551 2362 γὰρ
584 2285 653 2363 ἦν
685 2290 715 2343 ό
758 2289 919 2360 λόγος
957 2290 1108 2363 αὐτῷ
1140 2291 1243 2362 τῆς
1279 2292 1375 2347 τοῦ
1409 2293 1573 2364 νόμον
1610 2295 1790 2360 σκιᾶς,
1822 2293 1940 2348 ἀλλ’

331 2384 410 2446 ὡς
435 2383 601 2448 αὐτὸς
630 2382 706 2438 ὢν
746 2385 775 2438 6
812 2384 1114 2456 νομοθέτης
1147 2384 1418 2456 μετετίθει
1451 2384 1512 2440 τὸ
1530 2386 1769 2459 γράμμα
1803 2386 1941 2459 πρὸς

333 2475 622 2549 ἀλήθειαν,
650 2476 900 2541 καὶτοὺς
943 2476 1151 2542 τύπους
1184 2479 1267 2542 είς
1301 2480 1606 2550 ἐμφάνειαν
1643 2481 1742 2552 τὴν
1778 2497 1941 2534 πνευ-

333 2568 614 2638 ματικήν-
659 2567 848 2638 ἄρχων
878 2567 987 2639 γὰρ
1015 2563 1105 2640 ἦν,
1137 2570 1233 2623 καὶ
1269 2569 1365 2624 τοῦ
1402 2573 1763 2644 προπάττειν
1800 2572 1940 2643 ἔχων

328 2660 433 2731 τὴν
455 2658 730 2724 ἐξουσίαν.
761 2661 883 2714 Ὅτι
916 2660 974 2714 δὲ
1011 2661 1144 2734 περὶ
1181 2662 1292 2716 τῶν
1321 2663 1493 2719 ἐθνῶν
1520 2668 1548 2720 ό
1580 2666 1681 2737 τῆς
1720 2683 1937 2739 προφη-

329 2754 485 2817 τείας
518 2753 876 2823 ὲξυφαίνεται
918 2753 1101 2824 λόγος,
1135 2756 1407 2818 ἀναμάθοι
1437 2773 1521 2823 τις
1552 2760 1642 2825 ἂν,
1674 2760 1769 2814 καὶ
1815 2759 1939 2814 λίαν

327 2845 606 2916 ἀμογητὶ,
634 2844 730 2899 τοῦ
753 2844 890 2899 Θεοῦ
910 2846 1004 2900 καὶ
1022 2847 1237 2919 Πατρός
1257 2850 1586 2920 ποιουμένου
1603 2853 1731 2917 τοὺς
1748 2852 1939 2923 λόγους

327 2938 412 3003 ὡς
441 2938 582 3009 πρὸς
615 2937 779 2992 αὑτὸν
818 2937 910 2992 τὸν
952 2937 1083 2992 ἴδιον
1115 2939 1264 2994 Υίόν.
1295 2941 1461 3014 Ἕθνη
1495 2943 1623 3015 γάρ,
1676 2946 1863 3017 φησὶν,
1903 2947 1941 3002 ἃ

328 3029 433 3081 οὐκ
471 3027 698 3100 ᾕδεισάν
732 3045 814 3096 σε,
851 3029 1268 3087 ἐπικαλέσονταί
1319 3050 1410 3100 σε,
1444 3037 1540 3090 καὶ
1574 3035 1717 3104 λαοὶ,
1756 3038 1806 3092 οἳ
1839 3039 1940 3093 οὐκ

327 3121 636 3192 ἠπίσταντό
670 3137 730 3174 σε
764 3121 879 3186 ,ἐπὶ
923 3122 983 3176 σὲ
1025 3125 1480 3195 καταφεύξονται.
1531 3130 1594 3183 Οἱ
1627 3129 1736 3202 γὰρ
1770 3131 1939 3186 πάλαι

328 3212 572 3285 Χριστὸν
601 3213 704 3267 οὐκ
730 3214 956 3282 εἰδότες,
990 3216 1081 3271 διὰ
1118 3218 1181 3274 τὸ
1211 3220 1271 3275 ἐν
1306 3221 1465 3291 ἁχλύῖ
1495 3223 1589 3277 καὶ
1616 3223 1795 3296 σκότῳ
1822 3225 1940 3281 δια.-

328 3306 534 3372 τελεῖν,
560 3306 989 3377 ἐπεκαλέσαντο,
1027 3313 1339 3378 τουτέστιν,
1377 3314 1511 3370 Θεὸν
1557 3318 1944 3390 ἐπεγράψαντο

328 3395 424 3449 τὸν
454 3394 686 3468 Ἰησοῦν,
732 3399 828 3452 καὶ
867 3399 956 3451 ἐπ’
995 3402 1159 3457 αὑτὸν
1205 3404 1547 3475 κατέφυγον,
1582 3409 1809 3477 ἐλπίδα,
1848 3390 1944 3468 καί

332 3489 680 3561 σκεπαστὴν,
712 3491 808 3544 καὶ
842 3494 1117 3566 σωτηρίας
1148 3497 1406 3567 πρόξενον
1429 3501 1812 3571 ὀνομάζοντες,
1848 3505 1944 3560 καὶ⁵

332 3580 407 3646 ὡς
426 3580 563 3635 Θεὸν
584 3582 1031 3655 ἐπικαλούμενοι·
1060 3587 1154 3641 καὶ
1178 3587 1266 3643 διὰ
1296 3591 1456 3645 ποίαν
1478 3592 1657 3647 αἰτίαν
1677 3611 1692 3661 ;
1714 3594 1944 3652 Ἕνεκεν

329 3675 543 3747 Κυρίου
569 3675 663 3730 τοῦ
710 3675 848 3731 Θεοῦ
891 3694 1009 3742 σου,
1058 3680 1215 3751 φησὶ,
1247 3683 1340 3737 τοῦ
1383 3684 1542 3753 ἁγίου
1577 3687 1820 3760 Ἰσραὴλ,
1860 3691 1944 3745 ὅτι

332 3768 558 3837 ὲδόξασέ
579 3786 659 3823 σεο
680 3771 934 3842 πρόσεισι
954 3773 1055 3844 μὲν
1076 3774 1187 3846 γὰρ
1210 3776 1290 3849 τῷ
1311 3777 1426 3851 Υίῷ
1442 3779 1757 3846 δοξάζοντες
1780 3783 1943 3840 αὐτὸν

328 3860 409 3925 ὡς
442 3864 509 3916 ὲκ
542 3862 679 3917 Θεοῦ
718 3864 931 3938 Πατρὸς
959 3868 1294 3940 γεννηθέντα
1329 3873 1473 3927 κατὰ
1501 3876 1686 3945 φύσιν,
1710 3876 1807 3932 καὶ
1843 3879 1943 3950 τὴν

330 3953 501 4008 αὐτοῦ
530 3955 627 4009 τοῦ
659 3957 914 4021 τεκόντος
943 3957 1142 4031 ἔχοντα
1174 3962 1352 4029 δόξαν.
1371 3966 1431 4020 '0
1461 3967 1572 4038 γὰρ
1593 3968 1835 4036 δοξάζων
1850 3972 1942 4026 τὸν

331 4046 558 4119 Πατέρα
585 4048 798 4116 δοξάζει
820 4051 911 4106 τὸν
936 4052 995 4119 ἐξ
1017 4052 1207 4120 αὐτοῦ,
1235 4058 1330 4111 καὶ
1359 4060 1387 4111 6
1396 4058 1649 4133 δοξάζων
1687 4061 1781 4117 τὸν
1812 4063 1941 4117 Υίὸν

334 4136 654 4204 συνδοξάζει
701 4139 920 4206 πάντως
957 4142 1111 4213 αὐτῷ
1161 4144 1255 4198 καὶ
1297 4146 1390 4199 τὸν
1418 4145 1478 4212 ἐξ
1516 4142 1579 4201 οὗ
1616 4149 1940 4221 γεγέννηται

332 4228 477 4283 κατὰ
504 4229 689 4297 φύσιν·
712 4232 881 4302 ἤγουν
911 4235 1006 4288 καὶ
1042 4233 1164 4288 καθ’
1190 4235 1399 4308 ἓτερον,
1419 4239 1468 4291 εί
1501 4238 1705 4311 βούλει,
1734 4242 1939 4313 τρόπον

329 4323 444 4386 τοῖς
478 4322 796 4394 εἰρημένοις
823 4326 1170 4399 προσϐάλῃς·
1205 4350 1223 4382 ι
1261 4331 1554 4404 ’Υπάρχων
1580 4334 1683 4405 μὲν
1723 4337 1832 4409 γὰρ
1880 4340 1940 4393 ἐν

335 4415 523 4485 μορφῇ
554 4414 650 4468 τοῦ
689 4415 849 4482 Θεοῦ,
888 4420 983 4472 καὶ
1022 4420 1239 4491 Πατρὸς
1268 4425 1297 4477 6
1327 4422 1474 4488 Υἱὸς,
1509 4427 1609 4498 οὐχ
1640 4428 1939 4501 ἁρπαγμὸν

329 4504 583 4595 ἡγήσατο
611 4506 673 4558 τὸ
702 4501 842 4595 εἶναι
874 4508 963 4563 ἴσα
992 4510 1131 4582 Θεῷ,
1162 4514 1280 4567 ἀλλ’
1315 4516 1511 4571 ἑαυτὸν
1532 4520 1772 4575 ἐκένωσε
1812 4540 1939 4595 μορ-

331 4591 440 4662 φὴν
475 4593 667 4647 δούλου
698 4594 976 4667 λαϐὼν,ἐν
1010 4602 1325 4675 ὁμοιώματι
1363 4607 1671 4678 ἀνθρώπων
1707 4591 1938 4686 γενόμέ.

2049 2012 2413 2097 trientissima.
2450 2011 2814 2069 Admiratioui
2853 2025 3050 2083 nempe
3092 2010 3189 2066 fuit
3236 2011 3373 2082 ipsis
3408 2007 3637 2074 Iudaeis,

2046 2107 2188 2175 quod
2217 2120 2340 2162 cum
2366 2114 2637 2178 potestate
2667 2106 2955 2178 conjuncta
2991 2112 3139 2162 esset
3184 2103 3305 2175 eius
3344 2104 3521 2159 oratio
3547 2122 3561 2158 :
3583 2112 3642 2158 et

2047 2199 2229 2254 docuit
2257 2214 2375 2267 eos,
2409 2200 2568 2270 quasi
2597 2207 2922 2271 potestatem
2959 2197 3190 2263 habens,
3216 2204 3273 2253 et
3307 2209 3414 2253 non
3447 2205 3506 2251 ut
3545 2209 3641 2250 eo-

2045 2306 2163 2345 rum
2201 2289 2407 2347 Scrihte
2427 2290 2568 2350 ‘°°".
2596 2289 2714 2347 Non
2756 2292 2900 2347 enim
2942 2289 3087 2347 illius
3116 2288 3292 2345 oratio
3343 2304 3411 2344 ex
3448 2287 3640 2343 umbra

2045 2382 2178 2453 legis
2199 2392 2342 2451 erat,
2372 2384 2470 2440 sed
2501 2393 2760 2454 tanquam
2790 2384 2906 2462 ipse
2934 2380 3217 2453 legislator
3240 2380 3641 2445 cxsistens,lit-

2045 2485 2215 2533 teram
2252 2478 2321 2534 ad
2370 2478 2685 2545 veritatem,
2719 2488 2875 2548 typos
2926 2477 2993 2532 ad
3040 2475 3382 2547 spiritualem
3428 2476 3642 2546 ρει-ερί-

2046 2569 2303 2626 cuitatem
2339 2570 2681 2629 traducebat.
2711 2569 2972 2638 Princeps
3000 2568 3148 2625 enim
3184 2576 3324 2634 erat,
3350 2576 3406 2624 et
3445 2568 3639 2639 praci-

2044 2664 2229 2733 piendi
2282 2671 2615 2736 potestatem
2684 2662 2940 2720 habebat.
3008 2661 3389 2732 Pr0pheticam
3452 2673 3637 2716 autem

2042 2757 2345 2813 orationem
2394 2758 2463 2813 de
2507 2757 2765 2828 gentibus
2804 2756 3050 2822 contexi,
3086 2755 3245 2811 facile
3279 2764 3365 2811 est
3406 2754 3535 2809 illud
3583 2764 3641 2809 et

2043 2850 2264 2922 quidem
2316 2851 2436 2906 sine
2482 2850 2671 2906 labore
2729 2849 2980 2905 discere:
3013 2862 3138 2903 cum
3188 2847 3331 2904 Deus
3378 2856 3436 2903 et
3474 2846 3641 2915 Pater

2042 2944 2209 3000 verba
2240 2943 2404 3000 l'aciat
2426 2944 2583 3014 quasi
2613 2958 2737 2999 cum
2772 2942 2890 3013 ipso
2914 2956 3015 2999 suo
3042 2941 3204 2999 Filio.
3236 2941 3439 2998 Gentes
3465 2940 3637 3009 enim,

2043 3037 2244 3108 inquit,
2275 3053 2398 3110 qua:
2421 3049 2473 3095 te
2508 3052 2615 3095 non
2659 3047 2952 3104 noverunt,
2984 3037 3318 3094 invocahunt
3350 3044 3425 3105 te,
3450 3047 3505 3093 et
3541 3050 3641 3106 po-

2044 3129 2155 3199 puli
2184 3130 2277 3200 qui
2327 3144 2435 3185 non
2493 3129 2776 3185 sciverunt
2809 3139 2881 3194 te,
2922 3126 2990 3183 ad
3042 3137 3093 3184 te
3137 3127 3473 3199 confugient.
3502 3124 3641 3181 Nam

2043 3222 2136 3293 qui
2185 3222 2314 3279 olim
2364 3220 2641 3277 Christum
2706 3222 3046 3292 ignorarunt,
3099 3234 3164 3275 eo
3216 3221 3360 3291 quod
3411 3220 3462 3274 in
3514 3219 3643 3273 ο.Ιί-

1971 3309 2013 3367 C
2048 3316 2172 3387 gine
2218 3324 2275 3371 et
2327 3313 2568 3369 tenebris
2609 3323 2980 3381 versarentur,
3034 3313 3384 3377 invocabant,
3430 3312 3481 3367 id
3533 3323 3637 3380 εει,

2049 3409 2218 3464 Deum
2250 3408 2639 3477 nuncupabant
2667 3406 2877 3473 Jesutn,
2910 3415 2964 3462 et
2988 3406 3055 3462 ad
3082 3420 3206 3461 eum
3229 3403 3639 3475 confugiebant,

2047 3517 2196 3573 spem
2241 3510 2296 3557 et
2327 3510 2714 3573 protectorem,
2760 3510 2816 3557 et
2846 3499 3039 3556 salutis
3069 3497 3483 3555 conciliatorctn
3515 3512 3641 3553 eum

2046 3595 2487 3661 nominantes,et
2517 3604 2773 3665 tanquam
2811 3592 2979 3649 Deum
3003 3594 3344 3649 invocantes.
3376 3590 3443 3647 Et
3476 3607 3641 3662 quam

2046 3688 2117 3744 ob
2139 3688 2408 3744 causam?
2439 3686 2669 3758 Pmpter
2710 3686 3001 3741 Dominum
3032 3684 3204 3741 Deum
3234 3693 3408 3750 tuum,
3444 3684 3642 3753 inquit,

2046 3792 2296 3840 sanctum
2348 3783 2537 3851 Israel,
2571 3781 2699 3854 quia
2733 3780 3027 3852 gloriosum
3079 3787 3131 3834 te
3167 3776 3321 3834 fecit.
3362 3775 3646 3831 Accedunt

2046 3875 2196 3933 enim
2220 3877 2289 3931 ad
2320 3874 2519 3931 Filium
2543 3887 2779 3945 eumque
2804 3872 3124 3943 praedicant,
3150 3869 3309 3942 quasi
3343 3876 3541 3923 natura
3574 3883 3640 3923 ex

2048 3968 2159 4022 Deo
2183 3964 2351 4021 Patre
2376 3974 2586 4030 natum,
2602 3963 2962 4031 eamdemque
2991 3975 3114 4015 cum
3136 3959 3388 4029 genitore
3413 3957 3643 4029 gloriam

2043 4061 2360 4116 habentem.
2402 4058 2506 4125 Qui
2544 4057 2690 4112 enim
2748 4055 2987 4111 illustrat
3016 4054 3258 4120 Patrem,
3293 4063 3349 4108 et
3393 4067 3515 4107 eum
3548 4054 3643 4124 qui
3692 4094 3697 4099 .

2042 4165 2111 4205 ex
2143 4151 2264 4221 ipso
2293 4158 2380 4205 est
2410 4149 2685 4214 illustrat;
2718 4156 2772 4203 et
2814 4146 2907 4216 qui
2953 4145 3190 4200 illustrat
3225 4144 3447 4210 Filium,
3479 4144 3643 4201 simul

2042 4255 2165 4297 cum
2193 4256 2260 4299 eo
2297 4253 2517 4312 semper
2572 4239 2808 4296 illustrat
2850 4250 2906 4294 et
2941 4238 3088 4294 illum
3122 4253 3186 4295 ex
3234 4255 3341 4310 quo
3374 4238 3642 4293 naturali-

2041 4345 2125 4390 ter
2161 4334 2375 4406 gcnitus
2403 4342 2509 4392 est.
2538 4332 2651 4399 Vel,
2688 4334 2733 4389 si
2768 4333 2968 4404 placet,
3002 4331 3111 4387 alio
3138 4332 3298 4387 modo
3330 4331 3443 4401 jam
3480 4331 3645 4387 dictis

2041 4428 2218 4483 adde:
2256 4445 2275 4478 ι
2300 4425 2475 4483 Filius
2505 4427 2651 4481 enim
2678 4440 2800 4481 cum
2827 4426 2878 4479 in
2922 4423 3093 4479 forma
3130 4422 3225 4477 Dei
3261 4430 3315 4476 et
3345 4421 3525 4477 Patris
3562 4436 3644 4477 es-

2040 4529 2143 4584 set,
2197 4535 2306 4575 non
2357 4519 2610 4589 rapinam
2661 4518 2965 4573 arbitratus
2998 4524 3083 4571 est
3119 4529 3241 4571 esse
3286 4529 3345 4570 se
3374 4513 3641 4584 aequalem

2042 4612 2187 4677 Deo;
2236 4611 2334 4667 sed
2390 4610 2621 4666 inanivit
2668 4610 2933 4681 seipsum,
2986 4609 3163 4665 l'orma
3206 4609 3351 4665 servi
3401 4619 3641 4678 sumpta,

328 4702 440 4777 νος,
470 4686 567 4740 καὶ
600 4688 841 4760 σχήματι
865 4692 1112 4764 εὑρεθεὶς
1140 4696 1216 4760 ὠς
1237 4697 1547 4769 ἄνθρωπος,
1569 4684 1935 4765 ἐταπείνωσεν

2043 4706 2213 4777 778
2235 4706 2288 4760 in
2320 4705 2677 4762 similitudine
2711 4704 2994 4760 hominum
3024 4702 3225 4769 factus,
3250 4715 3306 4761 et
3335 4704 3523 4760 habitu
3549 4719 3642 4761 re-

328 4776 522 4831 ἑαυτὸν
542 4779 837 4851 γενόμενος
864 4783 1105 4856 ὑπήκοος
1141 4788 1304 4861 μέχρι
1322 4791 1580 4863 θανάτου,
1612 4797 1844 4854 θανάτου
1870 4802 1929 4856 δὲ

329 4868 711 4964 σταυροῦζΔιὸ
738 4872 830 4925 καὶ
854 4876 881 4928 6
900 4873 1034 4938 Θεὸς
1056 4877 1219 4933 αὐτὸν
1243 4881 1597 4955 ὑπερύψωσε,
1627 4892 1722 4944 καὶ
1742 4893 1931 4964 ἐχαρίο

329 4977 463 5015 σατο
474 4960 630 5033 αὐτῷ
651 4961 824 5034 δνομα
841 4964 903 5018 τὸ
924 4967 1065 5039 ὑπὲρ
1083 4971 1190 5023 πᾶν
1209 4970 1402 5044 ὄνομα,
1423 4974 1511 5030 ἴνα
1530 4979 1589 5031 ἐν
1605 4979 1683 5051 τῷ
1698 4960 1926 5053 ὀνόματι

339 5051 519 5122 Ἰησοῦ
534 5054 774 5125 Χριστοῦ
800 5057 907 5111 πᾶν
933 5061 1062 5126 γόνυ
1096 5062 1312 5137 κάμψῃ,
1330 5068 1689 5139 ἐπουρανίων,
1706 5051 1803 5127 καί
1822 5077 1940 5129 επι-

237 5230 254 5248 .
326 5145 516 5214 γείων,
536 5148 632 5199 καὶ
656 5150 1053 5221 καταχθονίων,
1073 5156 1166 5209 καὶ
1199 5161 1350 5211 πᾶσα
1370 5162 1592 5229 γλῶσσα
1614 5166 1940 5242 ἐξομολογή-

327 5244 504 5306 σεται,
534 5240 617 5294 ὃτι
664 5242 869 5313 Κύριος
925 5247 1131 5317 Ἰησοῦς
1171 5252 1427 5324 Χριστὸς,
1481 5260 1561 5323 εἰς
1609 5260 1768 5327 δόξαν
1799 5240 1935 5318 Θεοῧ

324 5328 563 5429 Πατρός.
794 5356 812 5387 ι
836 5338 1057 5429 Ἐπειδὴ
1074 5341 1182 5416 γάρ
1205 5344 1294 5400 διὰ
1317 5347 1378 5401 τὸ
1395 5349 1492 5420 τῆς
1512 5352 1936 5429 ἀνθρωπότητος

327 5423 531 5523 μέτρον
563 5424 1050 5523 ⁸ὀικλεπίγς-τις-εἶναι
1087 5434 1349 5523 ἐνομίσθη
1372 5423 1633 5511 Χριστὸς,
1662 5423 1933 5523 ἀναφοιτᾷ

324 5514 496 5569 πάλιν
526 5516 611 5579 εἰς
640 5516 743 5588 τὴν
783 5518 1012 5574 ἐνοῦσαν
1048 5522 1198 5594 αὐτῷ
1228 5524 1513 5602 θεοπρεπῆ
1546 5549 1606 5585 τε
1647 5536 1739 5588 καὶ
1765 5514 1937 5608 άπερ.-

324 5605 499 5698 τάτην
530 5608 813 5698 ὑῌπεροχήν
846 5628 907 5664 τε
936 5612 1033 5665 καὶ
1065 5612 1247 5683 δόξαν,
1287 5620 1380 5672 καὶ
1408 5628 1546 5692 μετὰ
1579 5628 1798 5698 σαρκός.
1825 5605 1937 5684 Καὶ

319 5692 504 5765 τοῦτο,
524 5694 703 5769 οἶμαι,
730 5703 846 5756 ἐστὶ
885 5704 945 5756 τὸ
960 5703 1205 5761 δεδόσθαι
1222 5708 1401 5779 λέγειν
1426 5713 1505 5787 τῷ
1530 5692 1813 5792 Υίῷνπαρὰ
1842 5721 1936 5776 τοῦ

391 5891 510 5927 δ⁶”δ⁷
545 5892 716 5948 Marc.
756 5910 796 5959 ι,
823 5893 915 5949 22.
994 5894 1040 5926 "
1079 5893 1316 5964 Philipp.
1350 5911 1412 5963 tt,
1438 5893 1595 5954 6-11.

652 5991 933 6055 Ρετιιοι..
976 5993 1094 6057 Gn.
1128 5992 1315 6057 LXX.

2040 4806 2227 4865 pertus
2266 4806 2324 4852 ut
2374 4796 2538 4853 homo
2576 4838 2594 4867 ,
2623 4793 2825 4867 deiecit
2856 4796 2974 4866 ipse
2997 4810 3059 4852 se
3093 4840 3108 4865 ,
3152 4797 3326 4851 lactus
3382 4795 3642 4853 obediens

2037 4902 2208 4958 usque
2233 4890 2302 4943 ad
2331 4897 2587 4957 mortem,
2625 4895 2681 4943 et
2723 4888 2945 4959 quidem
2997 4900 3231 4945 mortem
3285 4885 3642 4957 crucis..Pro-

2034 4990 2155 5051 pter
2182 4983 2324 5051 quod
2346 4983 2557 5039 etDeus
2585 4981 2849 5038 exaltavit
2869 4989 3089 5045 eum,et
3113 4979 3333 5035 donavit
3363 4978 3409 5033 ci
3443 4993 3640 5034 nomen

2049 5091 2211 5145 supra
2264 5091 2426 5132 omne
2492 5090 2712 5141 nomen,
2750 5084 2809 5130 ut
2863 5074 2915 5129 in
2976 5072 3197 5129 nomine
3254 5070 3384 5128 Jesu
3431 5072 3638 5130 Christi

2047 5184 2209 5225 omne
2242 5185 2385 5233 genu
2446 5183 2504 5224 se
2553 5167 2759 5232 ﬂectat,
2802 5167 3134 5230 emlestium,
3183 5167 3527 5222 terrestrium
3587 5178 3644 5221 et

2048 5260 2548 5327 subterraneorum,
2574 5267 2629 5313 et
2676 5257 2856 5313 omnis
2905 5257 3090 5326 lingua
3138 5254 3467 5311 conﬁteatur
3515 5254 3642 5323 quia

2047 5352 2312 5407 Dominus
2356 5351 2514 5408 Jesus
2564 5350 2820 5407 Christus
2862 5357 2947 5406 est
2994 5349 3047 5403 in
3094 5348 3263 5420 gloria
3317 5349 3409 5402 Dei
3442 5346 3637 5403 Patris.

2043 5442 2308 5497 Amen“.
2338 5463 2359 5497 ι
2394 5442 2533 5511 Quia
2560 5442 2706 5499 enim
2731 5451 2954 5514 propter
2990 5438 3346 5495 humanitatis
3377 5434 3642 5490 conditio.
3726 5468 3741 5483 κ

2045 5551 2167 5591 ηοω
2226 5537 2477 5607 ignobilis
2519 5536 2799 5608 quispiam
2842 5550 2964 5592 esse
3009 5534 3262 5591 Christus
3304 5529 3635 5600 putabatur,

2047 5644 2236 5686 rursus
2258 5631 2326 5684 ad
2354 5629 2592 5686 divinam
2621 5643 2776 5685 suam
2802 5637 2857 5682 et
2886 5638 3156 5682 summam
3184 5620 3556 5691 prmstantiam
3586 5634 3642 5674 et

2047 5719 2276 5792 gloriam
2306 5737 2429 5777 cum
2467 5735 2633 5778 carne
2663 5720 2830 5775 etiam
2870 5718 3028 5773 redit.
3067 5718 3252 5786 quue,
3286 5711 3501 5782 epinOr,
3532 5724 3637 5783 est,

3162 5994 3237 6059 39
