4100 6462
494 399 523 455 1
535 401 636 459 227

1443 425 1449 428 -
1506 397 1565 452 S.
1604 395 1884 452 CYRII.”
1922 395 2390 454 ALEXANDHINI
2432 400 2752 459 ARCHIEP.

3635 416 3773 473 1228

497 523 681 575 datum
705 534 828 577 esse
848 520 984 576 Filio
1004 518 1205 576 ai’atre
1230 534 1426 576 nomen
1453 522 1597 590 quod
1625 532 1709 576 est
1734 534 1896 592 supra
1918 536 2058 575 omm

2185 521 2398 592 [ἰατρὸς
2425 524 2486 576 τὸ
2518 525 2693 596 ὄνομα
2730 527 2792 581 τὸ
2818 527 2959 600 ὑπὲρ
2994 532 3101 583 πᾶν
3129 531 3319 601 ὄνομα.
3360 487 3473 586 kal
3509 535 3637 603 γοῦν
3665 537 3769 610 ἔφη

497 627 716 668 nomen.
754 613 1030 682 Siquidem
1076 614 1213 667 dixit
1250 612 1337 668 ei:
1380 631 1400 666 ι
1430 612 1609 679 Pater,
1644 613 1854 669 illustra
1888 628 1974 668 me
2016 628 2058 669 e:

2183 615 2320 685 πρὸς
2342 615 2527 669 αὐτόν·
2555 637 2573 669 ι
2601 620 2804 688 Πάτερ,
2828 621 3050 687 δόξασόν
3079 640 3145 693 με
3169 626 3234 694 τῇ
3262 624 3411 697 δόξῃ,
3494 624 3639 698 εἶχον
3663 632 3772 700 πρὸ

496 710 667 779 gloria
715 722 876 778 quam
907 706 1096 773 habui,
1142 717 1431 777 antequam
1463 710 1696 762 mundus
1740 712 1907 771 esset,
1938 720 2058 776 aput

2178 706 2273 759 τοῦ
2300 707 2391 761 τὸν
2418 708 2624 780 κόσμον
2651 705 2789 764 εἶναι
2818 714 2969 784 παρὰ
3001 715 3103 768 σοί.
3133 735 3152 766 ι

495 817 548 856 te
574 804 641 855 ".
671 819 691 853 ι

570 892 729 948 Vens.
763 891 816 957 6,
842 891 897 946 7.
929 890 1161 957 Quaerite
1196 889 1387 957 Deum,
1416 901 1464 947 et
1499 891 1555 945 in
1592 889 1905 946 inveniendo
1930 905 2074 957 eum,

489 985 742 1038 invocato.
776 982 843 1038 Et
884 994 1163 1054 postquam
1201 985 1343 1039 vobis
1370 984 1886 1054 appropinquaverit,
1916 983 2075 1038 relin-

483 1086 614 1143 quat
662 1075 857 1144 impius
911 1075 1050 1129 viam
1108 1084 1283 1144 suam,
1321 1084 1368 1130 ct
1416 1075 1495 1130 uir
1532 1074 1745 1145 iniquus
1794 1075 2073 1129 consilium

476 1182 667 1224 suum,
707 1173 756 1219 et
787 1174 1123 1219 convertatur
1150 1166 1219 1219 ad
1249 1165 1552 1230 Dominum,
1579 1177 1626 1219 et
1652 1166 2072 1221 misericordiam

484 1268 853 1328 consequetur,
876 1259 1009 1328 quia
1037 1258 1260 1313 multum
1295 1258 1525 1314 dimittet
1558 1269 1772 1328 peccata
1797 1268 1986 1315 vestra.

546 1440 840 1496 (litin-ﬁdei
875 1441 928 1495 in
954 1455 1016 1495 se
1041 1440 1183 1495 viam
1218 1441 1560 1508 exposuisset
1588 1439 1852 1497 Dominus
1884 1451 2071 1498 noster

486 1533 645 1589 Jesus
668 1534 938 1601 Christus,
964 1537 1098 1592 dixit
1124 1536 1365 1592 Jutlteis:
1400 1555 1418 1587 ι
1452 1535 1530 1590 Ne
1566 1545 1901 1592 murmurate
1927 1537 2070 1591 inter

486 1640 602 1679 vos.
622 1624 791 1680 Nemo
817 1635 993 1695 potest
1017 1628 1205 1683 venire
1222 1629 1288 1682 ad
1318 1642 1421 1695 me,
1458 1628 1561 1683 nisi
1592 1628 1770 1693 Pater,
1804 1629 1895 1699 qui
1923 1630 2071 1684 misit

486 1733 596 1779 me.
642 1719 878 1774 traxerit
921 1733 1044 1774 eum
1078 1721 1150 1775 ⁵ο.
1185 1739 1204 1771 ι
1235 1720 1602 1776 lntroducitur
1646 1722 1810 1777 etiam
1838 1735 2065 1793 persona

477 1809 656 1877 ipsius
693 1806 894 1876 Patris,
931 1811 1010 1867 sic
1055 1810 1252 1867 Filium
1284 1812 1607 1883 alloquens:
1644 1832 1662 1865 ι
1694 1812 1835 1868 Sede
1870 1828 1900 1868 a
1931 1815 2065 1869 dex-

476 1902 585 1956 tris
611 1903 767 1970 meis,
791 1902 964 1959 donec
985 1918 1182 1973 ponam
1212 1904 1464 1960 inimicos
1497 1912 1619 1960 tuos
1651 1903 1943 1961 scabellum
1971 1919 2062 1975 pe-
2097 1883 2140 1938 Β

475 1994 609 2047 dum
654 2002 869 2050 tuorum
899 1996 967 2048 ⁵⁸.
1001 2013 1020 2047 ι
1072 1995 1179 2051 Eos
1236 1997 1381 2051 enim
1426 1997 1519 2067 qui
1558 2005 1838 2062 errarunt,
1880 1997 2064 2052 hostes

477 2083 1024 2155 :tliquando,vmundi
1064 2086 1337 2143 elementa
1365 2088 1628 2157 colentes,
1659 2098 1711 2143 et
1743 2089 1950 2160 peccati
1982 2089 2062 2144 Ia-

479 2181 638 2249 queis
683 2181 1385 2250 iuevitabiliter.irretitos,
1429 2182 1591 2239 Pater
1642 2182 1874 2253 subjecit
1897 2183 2057 2240 Filio.

473 2275 667 2345 «Neque
696 2291 824 2332 vero
850 2276 993 2332 dicat
1018 2275 1309 2348 quispiam,
1335 2277 1435 2332 hoc
1462 2277 1534 2332 illi
1561 2278 1716 2348 quasi
1748 2293 1937 2350 parum
1967 2292 2062 2349 po-

474 2367 616 2422 tenti
659 2375 712 2421 et
743 2366 1014 2422 imbecillo
1043 2367 1300 2438 tribuisse
1331 2367 1562 2423 :womnia
1593 2368 1739 2423 enim
1782 2376 2059 2438 operatur,

476 2468 535 2513 et
564 2458 679 2530 ipse
700 2468 783 2515 est
810 2458 883 2514 Pa
893 2459 1063 2515 remis
1078 2460 1269 2515 dextra
1283 2460 1629 2531 omnipotens
1659 2470 1714 2517 et
1739 2459 2058 2517 fortissima.

472 2552 589 2607 Sed
622 2552 745 2622 quia
782 2551 1044 2623 singulari
1076 2550 1484 2621 dispensatione
1500 2551 1568 2607 ad
1607 2551 1928 2622 capiendam
1958 2552 2058 2605 hu-

474 2643 759 2699 manitatis
811 2658 1123 2699 mensuram
1167 2658 1291 2699 eum
1336 2653 1561 2700 vocarat
1599 2661 1615 2698 :
1647 2643 1853 2700 idcirco
1900 2641 2060 2698 Pater

474 2734 679 2790 dicitur
710 2748 902 2789 omnes
933 2748 1045 2789 suae
1072 2733 1228 2804 quasi
1271 2734 1531 2804 potentia:
1573 2744 1630 2791 et
1660 2733 1945 2805 sapientia:
1966 2732 2060 2788 Fi-

469 2830 548 2883 iio
575 2827 833 2883 subdere:
855 2825 1056 2883 Potens
1084 2829 1229 2884 enim
1269 2826 1433 2884 elﬁcit
1461 2842 1557 2899 per
1588 2829 1764 2896 ipsum
1806 2827 1947 2897 quod
1976 2837 2060 2883 est

472 2921 775 2986 inﬁrmum,
806 2928 863 2978 et
894 2920 1219 2992 sapientiam
1253 2918 1394 2975 indit
1417 2919 1465 2977 ei
1494 2920 1738 2991 quodest
1772 2918 2054 2991 insipiens.

474 3011 588 3068 Nec
620 3012 908 3082 quisquam
949 3025 1133 3068 mente
1178 3012 1437 3082 przeditus
1491 3026 1729 3081 unquam
1747 3010 2057 3075 existimet,

473 3120 581 3160 non
619 3105 854 3160 valuisse
882 3104 1079 3159 Filium
1116 3104 1328 3173 aliquos
1365 3103 1469 3158 sibi
1506 3103 1810 3175 subjicere:
1847 3103 1942 3159 sed
1968 3116 2058 3158 co-

470 3195 612 3267 gitet
642 3196 844 3267 potius,
874 3206 930 3250 ιιι
959 3196 1069 3267 jam
1107 3196 1239 3261 dixi,
1273 3211 1369 3266 per
1406 3196 1556 3251 illum
1589 3195 1771 3250 omnia
1791 3194 1963 3250 Deum
2002 3203 2057 3250 et

470 3290 694 3345 Patrem
728 3288 968 3345 ellicere.
1012 3288 1180 3360 779
1208 3286 1344 3355 Quid
1367 3302 1498 3359 ergo
1536 3287 1624 3342 hic
1657 3285 1758 3343 sibi
1792 3286 1905 3342 vult
1932 3302 2059 3358 pro-

470 3380 673 3449 phetize
704 3379 932 3434 oratio?
967 3378 1176 3434 lnducit
1216 3392 1504 3449 personam
1540 3377 1740 3441 Patris,
1777 3377 2059 3447 alloquens

469 3483 527 3528 et
579 3471 913 3542 compellans
960 3486 1178 3543 gregem
1230 3472 1478 3542 gentium
1520 3488 1535 3525 :
1590 3468 1826 3536 Quzerite
1858 3468 2056 3532 Deum,

464 3581 631 3636 quem
678 3565 835 3619 modo
863 3563 1080 3620 dicebat
1111 3562 1480 3619 testimonium
1512 3562 1699 3617 datum
1726 3576 1847 3618 esse
1881 3561 2058 3630 gemi-

468 3658 596 3725 bus,
622 3667 674 3711 et
706 3656 1006 3727 principem
1063 3669 1250 3710 eorum
1303 3667 1367 3709 ac
1395 3664 1780 3724 praeceptorem
1798 3655 1844 3687 “
1870 3672 1884 3708 :
1916 3655 2059 3708 hunc

464 3748 617 3803 illico
656 3757 712 3801 et
757 3743 928 3799 Deum
977 3742 1235 3814 appellat,
1266 3753 1321 3797 et
1361 3742 1532 3814 quaeri
1566 3741 1744 3812 jubet.
1771 3742 2057 3812 inquisitio

470 3846 652 3893 autem
685 3852 793 3891 non
843 3836 961 3891 loco
992 3835 1407 3905 circumscripta
1437 3826 1552 3890 est:
1587 3834 1855 3890 Divinitas
1897 3836 2044 3890 enim

466 3934 789 4002 incorporea
815 3939 918 3995 est,
949 3943 1047 3986 nec
1082 3930 1135 3984 in
1161 3928 1281 3985 loco
1311 3926 1657 3997 intelligitur.
1690 3927 1880 3998 Implet
1904 3943 2057 3983 nam-

467 4039 576 4094 que
603 4024 811 4089 omnia,
837 4037 935 4079 nec
965 4038 995 4077 a
1029 4037 1087 4079 re
1111 4020 1218 4078 ulla
1243 4019 1419 4087 abest,
1442 4021 1536 4078 sed
1564 4021 1618 4077 in
1649 4020 1829 4078 studio
1857 4021 2055 4077 anima:

466 4114 866 4187 quodammodo
897 4116 1000 4171 sita
1025 4122 1129 4183 est,
1148 4129 1269 4185 quas
1291 4129 1391 4185 per
1415 4113 1630 4184 pietatis
1659 4114 1860 4181 studia,
1888 4123 1944 4171 et
1965 4128 2055 4170 ve-

464 4224 584 4265 ram
633 4209 728 4266 Dei
771 4207 1163 4279 cognitionem,
1196 4207 1313 4263 sitit
1359 4220 1479 4262 eam
1512 4220 1635 4277 quae
1666 4221 1795 4262 cum
1825 4206 1943 4277 ipso
1972 4215 2056 4262 est

364 4350 373 4361 μ
463 4303 932 4376 conjunctionem.
980 4300 1225 4370 Quadrat
1275 4300 1393 4357 haec
1436 4300 1766 4372 conquisitio
1828 4299 1915 4355 his
1959 4300 2052 4371 qui

463 4396 653 4465 procul
687 4396 753 4452 ab
803 4409 871 4451 eo
897 4393 1151 4463 disiuncti
1191 4392 1372 4448 adhuc
1399 4400 1548 4460 sunt,
1576 4391 1948 4450 intercedente
1975 4392 2054 4447 ni-

463 4489 664 4542 mirum
711 4496 966 4557 peccato,
997 4494 1056 4541 et
1100 4492 1369 4555 operante
1421 4484 1475 4539 in
1530 4484 1663 4557 ipsis
1706 4485 2047 4558 ignorantia:

2254 883 2564 950 Ζητήσατε
2587 886 2695 940 τὸν
2711 886 2886 953 Θεὸν,
2912 887 3008 941 καὶ
3029 888 3100 942 ἑν
3121 889 3202 955 τῷ
3226 893 3537 959 εὑρίσκειν
3555 898 3765 963 αὐτὸν,

2174 972 2643 1030 ἐπικαλέσασθε.
2683 977 2886 1035 Ἠνίκα
2914 978 2968 1032 δ’
2997 980 3081 1035 ἂν
3108 980 3309 1052 ἐγγίζῇ
3338 984 3500 1054 ὑμῖν,
3549 989 3764 1044 ἀπολι-

2175 1063 2334 1118 κέτω
2366 1068 2400 1121 ὁ
2428 1067 2658 1138 ἀσεϐὴς
2678 1069 2795 1139 τὴν
2817 1072 2965 1126 ὁδὸν
2995 1073 3203 1140 αὐτοῦ,
3228 1075 3329 1129 καὶ
3355 1078 3515 1147 ἀνὴρ
3541 1080 3767 1151 ἄνομος

2176 1156 2290 1227 τὴν
2328 1159 2578 1229 ,βουλὴν
2608 1162 2819 1227 αὐτοῦ,
2854 1163 2956 1217 καὶ
3004 1166 3428 1237 ἐπιστραφήτω
3468 1172 3619 1239 πρὸς
3654 1176 3767 1227 Κί.-

2167 1269 2324 1321 ριον,
2356 1255 2457 1309 καὶ
2490 1256 2907 1327 ἑλεηθήσεται,
2942 1257 3031 1312 ὅτι
3071 1260 3168 1313 ἐπὶ
3199 1261 3360 1315 πολὺ
3395 1263 3617 1331 ἀφήσει
3657 1267 3764 1331 τὰς

2171 1345 2460 1417 ἁμαρτίας
2476 1350 2662 1420 ὑμῶν.
3202 1333 3210 1341 ⁸

2244 1440 2355 1510 Τῆς
2380 1443 2463 1505 εἰς
2495 1442 2658 1496 αὐτὸν
2687 1443 2922 1509 πίστεως
2950 1445 3049 1517 τὴν
3081 1446 3197 1500 ὁδὸν
3224 1448 3428 1521 ἐναργῆ
3454 1450 3709 1512 καθιστὰς
3732 1453 3764 1505 6

2172 1532 2557 1606 Κύριοςὴμῶν
2602 1535 3129 1609 ’1ησοῦςόΧριστὸς,
3161 1539 3265 1610 ἔφη
3297 1557 3398 1592 που
3438 1541 3573 1612 πρὸς
3626 1542 3760 1593 ’1ου-

2169 1623 2377 1689 δαίους”
2425 1645 2443 1677 ι
2475 1626 2567 1698 Μὴ
2601 1628 2900 1698 γογγύζετε
2943 1632 3061 1700 μετ’
3087 1630 3353 1701 ἀλλήλων.
3382 1632 3571 1697 Οὐδεὶς
3600 1633 3764 1686 δύνα-

2168 1732 2258 1769 ται
2283 1717 2459 1771 ἐλθεῖν
2481 1718 2618 1788 πρὸς
2650 1720 2738 1790 μὲ,
2766 1720 2862 1775 ἐὰν
2893 1721 2967 1792 μὴ
2989 1721 3018 1772 6
3035 1722 3223 1794 Πατὴρ
3257 1722 3480 1793 πέμψας
3514 1741 3581 1794 με
3604 1724 3764 1779 ἐλκύ-

2172 1823 2241 1880 σῃ
2279 1809 2470 1863 αὐτόν.
2517 1830 2536 1862 ι
2579 1810 2902 1884 Είσφέρεται
2949 1814 3006 1867 δὲ
3038 1815 3133 1868 καὶ
3167 1814 3228 1869 τὸ
3257 1816 3425 1869 αὐτοῦ
3467 1816 3763 1888 πρόσωπον

2167 1899 2263 1952 τοῦ
2292 1900 2526 1972 Πατρὸς,
2553 1902 2695 1957 οὓτω
2735 1902 2894 1972 λέγον
2932 1905 3071 1976 πρὸς
3099 1906 3191 1960 τὸν
3230 1906 3357 1960 Υίόν
3378 1923 3392 1938 ο
3435 1927 3454 1959 ι
3482 1906 3666 1961 Κάθου
3696 1910 3763 1960 ἐκ

2169 1992 2358 2058 δεξιῶν
2404 2012 2529 2066 μου,
2557 1995 2663 2061 ἕως
2691 1996 2757 2052 ἂν
2786 1997 2863 2052 θῶ
2892 2000 3019 2064 τοὺς
3062 2000 3292 2072 ἐχθρούς
3339 2019 3431 2055 σου
3470 2002 3762 2057 ὑποπόδιον

2168 2086 2278 2139 τῶν
2308 2087 2484 2142 ποδῶν
2518 2106 2630 2144 σου.
2663 2109 2682 2141 ι
2704 2091 2963 2163 Ἐχθροὺς
2991 2093 3101 2165 γὰρ
3131 2093 3291 2158 ὄντας
3312 2096 3437 2158 τοὺς
3480 2094 3761 2167 πεπλανη-

2171 2177 2365 2245 μένους
2391 2179 2543 2246 ποτὲ,
2568 2182 2665 2235 καὶ
2688 2186 2800 2248 τοῖς
2816 2183 2909 2238 τοῦ
2938 2184 3145 2256 κόσμου
3169 2187 3454 2257 στοιχείοις
3471 2186 3760 2257 λατρεύον-

2167 2286 2287 2334 τας,
2345 2271 2438 2324 καὶ
2485 2275 2600 2339 τοῖς
2644 2274 2748 2345 τῆς
2799 2275 3076 2349 ἁμαρτίας
3118 2277 3333 2349 βρόχοις
3371 2278 3633 2348 ἀφύκτως
3673 2282 3760 2333 ὲν-

2172 2363 2520 2435 ισχημένους,
2557 2366 2835 2440 ὑπέθηκεν
2869 2371 2898 2424 6
2928 2370 3117 2442 Πατὴρ
3160 2371 3240 2443 τῷ
3284 2372 3418 2441 Υίῷ.
3461 2373 3572 2427 Καὶ
3598 2373 3659 2426 ού
3692 2373 3757 2444 δή

2168 2470 2271 2509 που
2309 2455 2440 2527 φαίη
2477 2475 2563 2523 τις
2610 2458 2700 2523 ἂν,
2754 2460 2832 2525 ὼς
2883 2461 3162 2527 ἀδυνάτως
3207 2463 3387 2534 ἔχοντι
3429 2463 3761 2536 προσνέμων

2169 2547 2280 2621 [Ion
2316 2551 2670 2626 προσνέμειν]
2697 2552 2758 2607 τὸ
2786 2552 2998 2625 χρῆμα.
3030 2555 3217 2609 Πάντα
3244 2555 3356 2627 γὰρ
3388 2558 3620 2629 ἐνεργεῖ,
3661 2556 3761 2612 καὶ

2167 2643 2332 2707 αὑτός
2389 2646 2537 2699 ἐστιν
2589 2644 2623 2716 ἠ
2664 2645 2759 2699 τοῦ
2803 2644 3055 2711 τεκόντος
3104 2646 3256 2713 δεξιά
3310 2649 3618 2720 πανσθενὴς
3661 2651 3758 2706 καὶ

2166 2736 2544 2809 ἀλκιμωτάτη.
2588 2736 2811 2807 Ἐπειδὴ
2856 2738 2915 2793 δὲ
2951 2737 3012 2792 τὸ
3047 2738 3150 2810 τῆς
3195 2739 3615 2812 ἀνθρωπότητος
3659 2744 3754 2813 μὲ-

2166 2843 2315 2898 τρον,
2341 2828 2436 2881 καὶ
2464 2829 2544 2892 είς
2575 2828 2636 2882 τὸ
2665 2829 2867 2903 χρῆναι
2893 2828 3077 2884 λαϐεῖν
3106 2830 3375 2902 κέκληκεν
3413 2833 3577 2886 αὑτὸν
3610 2836 3752 2888 οἱκο-

2166 2919 2428 2991 νομικῶς,
2457 2921 2663 2992 ταύτης
2692 2921 2855 2976 ἕνεκα
2885 2925 2987 2994 τῆς
3010 2923 3193 2988 αἰτίας
3230 2925 3260 2977 6
3297 2923 3490 2995 Πατὴρ
3533 2923 3755 2995 λέγεται

2167 3011 2377 3079 πάντας
2423 3014 2738 3086 ὑποφέρειν,
2770 3014 2848 3078 ὡς
2897 3014 3002 3087 ἰδίᾳ
3046 3014 3296 3087 δυνάμει,
3350 3016 3447 3071 καὶ
3486 3017 3644 3088 σοφίᾳ
3672 3019 3754 3090 τῷ

2167 3107 2281 3179 Υίῷ
2302 3124 2318 3141 ο
2361 3109 2591 3179 δυναμοῖ
2616 3109 2725 3181 γὰρ
2747 3109 2814 3163 δι’
2843 3108 3009 3163 αὑτοῦ
3030 3108 3091 3162 τὸ
3116 3108 3438 3182 ὴσθενηκὸς,
3469 3110 3565 3183 καὶ
3596 3114 3755 3178 σοφοῖ

2165 3199 2226 3253 τὸ
2251 3198 2542 3253 ἀσύνετονο
2574 3199 2669 3253 καὶ
2701 3200 2804 3254 οὐκ
2831 3201 2898 3254 ἄν
2919 3217 3003 3264 τις
3032 3200 3158 3254 νοῦν
3190 3199 3331 3272 ἔχων
3377 3200 3586 3271 οἰηθείη
3616 3202 3754 3254 ποτὲ

2164 3290 2240 3363 μὴ
2265 3290 2585 3362 δεδυνῆσθαι
2612 3292 2706 3345 τὸν
2730 3291 2860 3345 Υἰὸν
2890 3293 3157 3360 ὑποτάξαι
3179 3293 3303 3347 τινὰ
3328 3294 3538 3364 ἐαυτῴο
3574 3293 3756 3348 διαλο·

2159 3385 2361 3452 γιεῖται
2392 3384 2450 3437 δὲ
2476 3383 2679 3455 μᾶλλον
2698 3384 2780 3439 δτι
2801 3383 2980 3438 πάντα
2998 3384 3066 3438 δι’
3097 3383 3286 3449 αὐτοῦ,
3327 3385 3582 3457 καθάπερ
3613 3386 3755 3456 ἔφην

2158 3474 2383 3547 ἀρτίως,
2411 3477 2440 3529 6
2467 3474 2602 3539 Θεὸς
2656 3477 2751 3531 καὶ
2799 3475 2990 3548 Πατὴρ
3032 3476 3343 3549 ἐργάζεται.
3402 3477 3467 3530 Τί
3511 3472 3606 3530 οὖν
3645 3477 3750 3549 ἄρα

2160 3567 2254 3621 καὶ
2282 3567 2377 3620 νῦν
2408 3567 2659 3638 βούλεται
2685 3569 2783 3639 τῆς
2814 3567 3155 3639 προφητείας
3176 3570 3206 3621 6
3234 3567 3392 3635 λόγος
3418 3585 3433 3633 ;
3484 3568 3752 3640 Είσκομίο

2158 3659 2242 3725 ζει
2272 3661 2333 3714 τὸ
2359 3660 2455 3714 τοῦ
2499 3662 2710 3732 Πατρὸς
2753 3662 3067 3732 πρόσωπον,
3113 3658 3402 3728 ἐπιφωνῶν
3444 3660 3540 3713 καὶ
3577 3660 3753 3730 λέγων

2156 3756 2275 3815 ταῖς
2303 3752 2413 3805 τῶν
2454 3751 2623 3805 ἐθνῶν
2673 3753 2936 3819 ἀγέλαις’
2994 3753 3277 3825 Ζητήσατε
3334 3750 3427 3803 τὸν
3486 3750 3638 3814 Θεὸν,
3691 3751 3754 3803 ὃν

2156 3847 2361 3917 ἀρτίως
2383 3846 2486 3916 ἔφη
2516 3844 2818 3915 μαρτύριον
2847 3843 3092 3897 δεδόσθαι
3120 3848 3232 3908 τοῖς
3254 3845 3484 3909 ἔθνεσιν,
3514 3845 3755 3915 ἄρχοντά

2156 3955 2216 3991 τε
2243 3936 2444 3998 αὐτῶν,
2470 3936 2566 3987 καλ⁸
2609 3933 3017 4003 προστάττοντα
3038 3950 3053 3963 ο
3082 3932 3272 3986 τοῦτον
3306 3932 3469 3995 εὐθὺς
3498 3932 3593 3984 καὶ
3614 3931 3751 3984 Θεὸν

2154 4031 2440 4093 ἀποκαλεῖ,
2471 4030 2566 4082 καὶ
2601 4026 2880 4099 ζητεῖσθαι
2908 4024 3297 4097 προστέταχεν.
3344 4025 3406 4075 Ἡ
3436 4024 3493 4075 δὲ
3521 4024 3750 4094 ζήτησις

2162 4124 2225 4177 οὐ
2259 4122 2482 4194 τοπικὴ⁸
2504 4120 2565 4174 τὸ
2594 4120 2702 4192 γὰρ
2732 4119 2888 4173 Θεῖον
2908 4118 3223 4189 ἀσώματον,
3261 4117 3356 4171 καὶ
3382 4118 3481 4170 οὐκ
3515 4119 3574 4170 ἐν
3597 4118 3751 4187 τόπῳ

2153 4217 2377 4273 νοεῖται.
2420 4215 2630 4285 Πληροί
2647 4212 2757 4284 γὰρ
2797 4211 3033 4276 ἅπαντα,
3071 4211 3164 4266 καὶ
3191 4211 3404 4275 οὐδενὸς
3434 4210 3542 4263 τῶν
3577 4210 3750 4264 ὄντων

2153 4309 2458 4380 ἀποδημεῖ,
2507 4304 2623 4361 ἀλλ’
2649 4304 2725 4371 ὡς
2769 4305 2826 4359 ἐν
2878 4304 3160 4378 προθυμίᾳ
3205 4304 3385 4376 ψυχῆς
3436 4304 3749 4374 οἰκειότητα

2151 4399 2394 4472 διψώσης
2414 4397 2514 4470 τὴν
2549 4396 2685 4470 πρὸς
2714 4395 2877 4451 αὐτὸν
2902 4395 2991 4449 διὰ
3019 4394 3129 4448 τῶν
3153 4395 3233 4458 εἰς
3261 4393 3545 4447 εὐσέϐειαν
3574 4411 3746 4447 σπου-

2153 4493 2469 4565 ὼσμάτων,
2499 4489 2597 4544 καὶ⁹
2632 4487 2960 4558 θεογνωσίας
2983 4485 3084 4559 τῆς
3103 4484 3357 4555 ἀληθοῦς.
3400 4485 3608 4554 Πρέποι
3636 4484 3749 4555 γὰρ

462 4581 728 4648 quibuse
760 4577 939 4635 medio
968 4577 1222 4643 sublatis,
1257 4590 1426 4648 prope
1459 4578 1527 4633 ad
1570 4575 1740 4633 Deum
1769 4575 2049 4632 accedent.

2162 4589 2222 4643 ἢν
2251 4588 2286 4658 ἡ
2323 4583 2548 4654 τοιαύτη
2571 4581 2804 4653 ζήτησις
2838 4580 2953 4644 τοῖς
2980 4578 3062 4633 ἔτι
3105 4578 3343 4649 μακρὰν,
3381 4577 3476 4631 καὶ
3512 4578 3749 4646 ἀφεστη-

463 4677 558 4732 Sic
578 4674 955 4732 enim-Paulus
985 4673 1424 4744 sapientissimus
1457 4673 1545 4728 his
1573 4672 1669 4743 qui
1703 4687 1769 4728 ex
1802 4669 2052 4743 gentibus

463 4778 594 4828 sunt
645 4768 856 4832 scribit,
887 4768 1120 4824 dicens:
1153 4766 1354 4821 (Nunc
1402 4774 1586 4822 autem
1639 4764 1731 4834 qui
1779 4763 2049 4833 quondam

463 4862 653 4934 procul
684 4863 873 4929 eratis,
907 4861 1035 4916 facti
1070 4860 1203 4916 estis
1236 4857 1522 4929 propinqui
1543 4857 1611 4912 ⁸³.
1651 4874 1671 4909 ι
1725 4855 1818 4912 Sic
1850 4856 2052 4926 quaeri-

466 4969 553 5010 tur
585 4971 615 5010 a
638 4956 790 5011 vobis
818 4956 1196 5010 universorum
1219 4952 1382 5008 Deus.
1410 4951 1518 5006 Sed
1579 4950 1810 5014 interea,
1853 4949 2054 5018 inquit,

465 5051 591 5103 dum
617 5049 926 5115 invenietis,
945 5049 1216 5104 invocate.
1247 5046 1520 5108 lnvocate,
1550 5042 1696 5098 aliud
1722 5040 1857 5096 nihil
1885 5040 2046 5111 signi-

466 5145 613 5207 ticat,
652 5157 839 5212 quam,
870 5139 943 5196 Ut
992 5141 1162 5197 Deum
1205 5138 1499 5203 celebrate,
1532 5144 1587 5191 et
1612 5133 1855 5205 .quazrite
1883 5133 1952 5186 ab
1985 5146 2051 5187 eo

464 5235 611 5289 vires
638 5243 692 5288 ct
726 5232 1211 5306 promptitudinem
1267 5239 1498 5290 tantam,
1539 5235 1740 5296 quanta
1772 5225 1904 5282 satis
1931 5239 2053 5279 esse

467 5325 621 5381 vobis
645 5328 713 5382 ad
740 5324 1152 5380 conversionem
1188 5317 1607 5392 poterit.~Petite
1636 5316 1822 5372 abillo
1854 5316 2051 5371 libera-

465 5428 693 5487 tionem,
718 5430 776 5474 et
800 5414 1125 5472 facultatem
1155 5412 1447 5484 eﬂ'ugiendi
1491 5409 1700 5483 peccati
1729 5408 1968 5476 vincula,
1992 5418 2050 5463 et

465 5528 685 5567 manum
714 5511 831 5581 ejus
856 5509 947 5580 qui
975 5506 1279 5578 occupavit,
1305 5505 1357 5559 id
1382 5514 1490 5569 est,
1510 5502 1750 5560 Satanae.
1770 5501 2047 5572 Scriptum

465 5614 548 5657 cst
579 5605 761 5658 enim:
798 5621 817 5655 ι
844 5602 1097 5658 Laudans
1133 5598 1396 5654 invocabo
1427 5595 1733 5658 Dominum,
1767 5604 1822 5648 et
1850 5594 1919 5647 ab
1945 5592 2050 5646 ini-

466 5694 622 5748 micis
677 5696 812 5749 meis
869 5694 1051 5749 salvus
1104 5691 1345 5747 ιιι-ω’.)
1394 5687 1461 5743 Ει
1502 5691 1630 5742 dum
1686 5684 1941 5739 invenitis
1994 5692 2051 5737 et

2159 4681 2316 4735 κόσιν
2341 4675 2533 4742 αὑτοῦ,
2566 4672 2978 4747 μεσολαϐούσης
3023 4670 3270 4741 δηλονότι
3305 4669 3404 4740 τῆς
3444 4667 3751 4739 ἁμαρτίας,

2159 4772 2256 4826 καὶ
2299 4770 2401 4841 τῆς
2429 4767 2758 4838 ἐνεργούσης
2780 4766 2967 4827 αὐτοῖς
2999 4761 3243 4832 ἀγνοίας,
3267 4754 3341 4816 ὧν
3367 4761 3431 4813 ὲκ
3460 4760 3626 4831 μέσου
3662 4775 3752 4828 γε.

2159 4882 2291 4936 γενη
2301 4864 2477 4936 μένων
2496 4862 2664 4931 ἐγγὺς
2686 4859 2902 4913 ἔσονται
2923 4854 3081 4910 Θεοῦ.
3110 4854 3268 4908 Οῢτω
3301 4854 3412 4924 γάρ
3433 4870 3536 4906 που
3585 4852 3678 4904 καὶ
3719 4853 3751 4904 6

2165 4958 2441 5026 πάνσοφος
2490 4951 2701 5016 Παῦλος
2730 4952 2845 5014 τοῖς
2871 4947 2931 5016 ἐξ
2957 4946 3127 5002 ἐθνῶν
3165 4945 3491 5008 ἐπιστέλλει,
3527 4943 3704 5012 λέγων
3731 4960 3746 4974 ·

2156 5067 2174 5098 ι
2210 5047 2349 5100 Novi.
2378 5045 2437 5097 δὲ
2464 5043 2521 5096 οῖ
2547 5054 2681 5094 ποτε
2714 5039 2869 5102 ὅντες
2905 5037 3122 5107 μακρὰν
3153 5034 3447 5106 ἐγενήθητε
3498 5030 3688 5102 ἐγγύς.
3721 5050 3741 5081 ι

2150 5138 2306 5192 Ούτω
2338 5137 2582 5206 ζητεῖται
2609 5133 2746 5204 πρὸς
2784 5130 2939 5201 ὑμῶν
2985 5130 3013 5181 6
3056 5127 3166 5181 τῶν
3208 5128 3346 5181 ὅλων
3388 5125 3544 5186 Θεός.
3602 5122 3745 5175 Ἀλλ’
3826 5180 3837 5195 .

2151 5234 2209 5284 ὲν
2263 5228 2340 5299 τῷ
2394 5227 2691 5300 εὑρίσκειν,
2723 5220 3147 5285 ὲπικαλὲσασθε,
3183 5221 3339 5292 φησί.
3381 5219 3455 5271 Τὸ
3496 5216 3585 5279 δὲ,
3623 5216 3748 5267 ἐπι-

2151 5320 2477 5377 καλέσασθε.
2533 5316 2973 5387 κατασημήνειεν
3021 5313 3088 5367 ἂν
3140 5314 3328 5383 ἓτερον
3376 5309 3552 5375 οὐδὲν,
3604 5305 3747 5375 πλὴν

2158 5416 2238 5468 ὅτι
2284 5415 2366 5475 τὸ,
2410 5413 2488 5476 ὼς
2520 5411 2653 5465 Θεὸν
2683 5410 2984 5480 ὑμνήσατε,
3020 5407 3114 5461 καὶ
3147 5404 3361 5475 ζητεῖτε
3406 5399 3537 5470 παρ’
3574 5397 3745 5451 αὑτοῦ

2158 5505 2388 5576 δύναμίν
2436 5520 2496 5556 τε
2548 5500 2643 5554 καὶ
2707 5499 3017 5572 προθυμίαν
3083 5495 3415 5565 ἀποχρῶσαν
3478 5493 3608 5562 ὑμῖν
3664 5489 3747 5550 εἰς

2158 5595 2511 5666 ἐπιστροφήν.
2535 5594 2802 5664 Λίτήσατε
2834 5591 2963 5661 παρ’
2991 5589 3156 5643 αὑτοῦ
3183 5589 3282 5658 τὴν
3320 5586 3610 5657 λύτρωσιν,
3650 5582 3747 5635 καὶ

2156 5689 2217 5741 τὸ
2275 5687 2536 5742 δύνασθαι
2596 5686 2879 5756 διαφυγεῖν
2931 5682 3002 5737 τὰ
3052 5682 3150 5752 τῆς
3203 5679 3481 5751 ἁμαρτίας
3529 5672 3744 5746 δεσμὰ,

531 5870 757 5927 “Joan.
784 5888 916 5943 xm,
942 5874 996 5933 ξὶ,
1077 5873 1120 5906 ⁸ο
1147 5871 1305 5928 Juan.
1346 5884 1416 5939 γι,
1452 5869 1542 5937 45,
1570 5866 1661 5922 Li.
1702 5867 1773 5942 _"
1801 5863 1943 5922 Psal.
1973 5877 2058 5919 cu

2162 5903 2174 5919 .
2255 5867 2298 5898 ⁵³
2324 5865 2428 5922 lsa.
2461 5880 2544 5936 ιν,
2580 5863 2633 5918 4.
2701 5864 2963 5936 "Ephes.
2995 5875 3054 5928 tt,
3097 5860 3182 5917 1-5.
3226 5854 3481 5943 “3*.l’sal.
3519 5857 3736 5941 “11,4.

3749 5988 3800 6015 Ἀ.
