4100 6504
311 488 334 543 1
350 488 457 543 Ξ29

1461 480 1524 536 ΙΝ
1567 480 1804 537 ῐδΑΙΛΜ
1846 478 1996 552 ,LIB.
2042 481 2107 537 Υ.
2152 478 2391 539 TOMUS
2428 480 2496 538 ll.

3478 488 3615 547 123‘)

309 608 412 663 καὶ
482 607 580 680 τὴν
649 604 744 660 τοῦ
814 606 1312 677 πλεονεκτήσαντος
1363 608 1545 677 χεῖρα,
1592 605 1739 660 τοῦτ’
1774 606 1910 671 ἐστι,

2020 616 2307 676 postquam
2344 605 2498 661 vobis
2534 606 3073 677 apprOpinquaverit,
3104 608 3376 677 relinquat
3418 609 3618 680 impius

304 701 411 755 τοῦ
455 701 693 755 Σατανᾶ.
748 699 1065 770 Γέγραπται
1119 698 1251 770 γὰρ,
1309 700 1393 754 ὅτι
1437 719 1455 753 ι
1487 699 1664 754 Λίνῶν
1711 702 1916 755 ἐπικα-

306 796 547 865 λέσομαι
587 794 678 847 τὸν
719 793 945 864 Κύριον,
972 793 1067 846 καὶ
1105 794 1170 846 ὲκ
1198 794 1307 848 τῶν
1343 794 1555 865 ἐχθρῶν
1597 812 1700 865 μου
1734 794 1914 864 σωθή-

310 906 503 959 σομαι.
538 906 557 938 ι
598 888 686 940 Ἐν
728 886 786 939 δὲ
832 885 909 956 τῷ
958 886 1258 957 εὑρίσκειν,
1292 887 1545 954 γενέσθαι
1582 887 1640 941 δὲ
1677 887 1775 942 καὶ
1823 888 1918 955 ἐγ-

306 983 435 1053 γὺς,
469 978 796 1035 ἁπολιπέτω
826 981 854 1032 ὀ
882 978 1084 1051 ἀσεϐὴς
1122 979 1224 1049 τὴν
1269 979 1388 1033 ὁδὸν
1430 979 1618 1043 αὑτοῦ,
1655 980 1747 1033 καὶ
1775 978 1917 1051 ἀνὴρ

305 1073 514 1143 ἄνομος
564 1070 666 1143 τῂν
723 1069 921 1141 βουλὴν
971 1069 1137 1125 αὑτοῦ
1163 1113 1178 1137 ,
1228 1072 1323 1125 καὶ
1383 1073 1778 1144 ἐπιστραφήτω
1824 1074 1916 1126 ἐπὶ

306 1164 557 1237 Κύριον,
595 1164 692 1219 καὶ
742 1162 1120 1235 ἐλεηθήσεται.
1162 1165 1225 1218 Οί
1258 1164 1369 1237 γὰρ
1411 1165 1548 1229 ὅλως
1591 1165 1917 1233 ἀξιωθέντες

304 1255 561 1329 κλήσεώς
582 1275 642 1311 τε
673 1257 770 1311 καὶ
793 1255 1158 1328 ἐπιστροφῆς,
1193 1259 1291 1312 καὶ
1320 1258 1428 1313 τῶν
1452 1260 1582 1330 παρ’
1615 1257 1784 1312 αὑτοῦ
1818 1276 1915 1330 χα-

302 1350 621 1422 ρισμάτων,
677 1350 1087 1422 προσδοκῶντες
1149 1352 1250 1423 τὴν
1302 1351 1542 1423 μέθεξιν,
1612 1354 1915 1426 ἀποςροιτᾷν

298 1443 588 1512 ὀφείλουσι
609 1442 719 1498 τῶν
743 1442 993 1514 ἀρχαίων
1016 1444 1490 1516 ἐπιτηδευμάτων,
1517 1446 1733 1518 καὶτῆς
1752 1448 1834 1510 είς
1855 1447 1917 1501 τὸ

300 1534 514 1603 φαῦλον
545 1534 691 1600 ὁδοῦ,
721 1535 817 1590 καὶ
854 1536 1031 1607 ῥοπῆς
1065 1537 1161 1608 τῆς
1198 1539 1279 1602 είς
1311 1537 1611 1611 ἁμαρτίαν,
1641 1540 1738 1595 καὶ
1758 1541 1916 1612 φιλη-

297 1626 489 1690 δονίας
530 1626 825 1698 σαρκικῆς.
885 1627 1273 1700 Ἐλεηθήσεται
1294 1629 1406 1701 γὰρ
1437 1631 1613 1696 οὕτως
1642 1632 1703 1698 ἐξ
1725 1632 1915 1704 ἀληθι-

297 1718 401 1787 νῆς
433 1717 666 1789 καρδίας
697 1717 1071 1789 ποιησάμενος
1099 1720 1199 1791 τὴν
1222 1722 1584 1794 ἐπιστροφὴν,
1609 1723 1914 1795 ὄτιάφήσει

298 1811 395 1863 ἐπὶ
420 1809 559 1892 πολὺ
593 1809 694 1874 τὰς
740 1810 1016 1885 ἁμαρτίας
1046 1811 1221 1883 ὑμῶν.
1257 1812 1331 1867 Τὸ
1359 1812 1438 1880 δὲ,
1470 1814 1563 1870 ἐπὶ
1586 1814 1744 1880 πολὺ,
1780 1815 1916 1885 φησὶ

296 1901 424 1954 ἀντὶ
444 1894 562 1966 τοῦ,
584 1898 866 1965 παντελῶς
897 1900 996 1954 καὶ
1016 1900 1251 1956 είσάπαν
1272 1918 1287 1932 ⁸
1321 1895 1427 1956 «οῦ
1450 1902 1561 1974 γὰρ
1587 1901 1915 1975 ἐπλεόνασεν

2028 698 2170 751 viain
2213 713 2390 763 suam,
2427 709 2485 768 et
2523 700 2609 753 vir
2654 700 2877 769 iniquus
2909 702 3296 773 cogitationem
3347 719 3524 769 suam,
3562 716 3619 759 et

2027 797 2337 844 revertatur
2360 790 2426 844 ad
2456 788 2768 856 Dominum,
2809 807 2873 859 ac
2903 803 3273 865 consequetur
3302 795 3619 851 misericor-

2025 880 2192 935 diam.
2226 879 2329 948 Qui
2354 881 2501 936 enim
2539 895 2662 937 vere
2688 872 2839 950 digni
2879 882 3052 938 habili
3094 884 3535 940 sunt.vocationc
3561 896 3621 939 et

2023 974 2422 1041 conversione,
2475 984 2531 1030 et
2585 974 3062 1045 participationem
3142 976 3411 1032 donorum
3495 977 3617 1048 ejus

2023 1063 2440 1132 exspectabant,
2495 1063 2695 1121 debent
2745 1080 2774 1119 a
2804 1065 3050 1137 pristinis
3099 1068 3222 1122 vitae
3262 1068 3545 1132 institutis,
3583 1083 3615 1122 a

2026 1157 2110 1209 via
2154 1157 2222 1213 ad
2270 1155 2590 1227 nequitiam,
2627 1156 2696 1212 ab
2743 1158 3069 1228 impulsione
3120 1160 3186 1214 ad
3233 1170 3542 1229 peccatum,
3582 1173 3615 1212 a

2024 1248 2232 1304 carnali
2292 1248 2590 1317 voluptatis
2648 1251 2832 1307 studio
2908 1252 3184 1309 recedere.
3238 1254 3617 1324 Consequetur

2023 1342 2168 1398 enim
2230 1342 2332 1398 hoc
2369 1352 2530 1412 pacto
2569 1344 3005 1401 misericordiam
3065 1354 3309 1412 sanctus,
3367 1362 3435 1402 ex
3486 1361 3617 1401 vero

2020 1434 2188 1490 corde
2209 1449 2510 1492 conversus
2530 1475 2546 1503 ,
2574 1437 2834 1508 quoniam
2872 1438 3102 1494 multum
3128 1439 3367 1495 dimittet
3392 1449 3618 1509 peccata

2020 1538 2222 1583 vestra.
2276 1522 2507 1584 Multum
2553 1530 2711 1599 dicit,
2761 1546 2899 1601 pro,
2938 1532 3168 1588 omnino
3201 1542 3257 1588 et
3306 1532 3360 1588 in
3418 1541 3612 1588 totum.

2028 1640 2046 1676 ι
2073 1621 2174 1679 Ubi
2206 1623 2353 1680 enim
2384 1624 2688 1681 abundavit
2715 1636 3024 1697 peccatum,
3062 1628 3534 1698 superabundavit
3562 1636 3620 1683 et

2019 1717 2192 1786 gratia
2223 1718 2293 1786 ⁸⁵,
2319 1735 2337 1770 ι
2370 1718 2669 1775 secundum
2697 1718 2750 1774 id
2776 1719 2920 1790 quod
2950 1720 3210 1791 scriptum
3246 1729 3354 1776 est.
3394 1718 3615 1775 Nullum

2019 1811 2163 1878 enim
2203 1811 2412 1867 crimen
2451 1813 2503 1867 in
2553 1813 2723 1884 nobis:
2752 1812 3047 1870 indelebile
3089 1823 3192 1879 est,
3219 1813 3265 1869 si
3301 1813 3427 1867 velit
3470 1812 3618 1867 Deus

2021 1903 2356 1976 abstergere.
2390 1905 2668 1978 Scriptum
2701 1917 2788 1963 est
2815 1908 2963 1964 enim
2997 1910 3066 1964 de
3093 1907 3337 1962 omnium
3363 1915 3612 1962 nostrum

298 1996 333 2065 ἠ
363 1993 613 2067 ἁμαρτία
631 1992 1173 2066 ὑπερεπερίσσευσεν
1222 1996 1256 2067 ἡ
1296 1995 1480 2067 χάρις,
1510 2016 1528 2048 ι
1560 1994 1703 2050 κατὰ
1732 1995 1795 2048 τὸ
1831 2011 1916 2064 γε-

2018 1997 2313 2053 Scrvatore
2355 1997 2575 2055 Christo
2614 2017 2627 2054 :
2661 1998 2845 2054 «Ecce
2897 2000 3015 2071 ipse
3084 2001 3396 2069 egredietur
3456 2000 3615 2069 quasi

299 2088 632 2157 γραμμένον
656 2103 668 2117 ’
708 2084 1115 2140 δυσαπόνιπτον
1141 2086 1251 2158 γὰρ
1276 2086 1386 2139 τῶν
1416 2087 1475 2140 ὲν
1499 2086 1630 2157 ὑμῖν
1660 2084 1915 2156 αἱτιαμά·

300 2196 415 2231 των
435 2177 612 2243 οὐδὲν,
641 2176 913 2249 διασμήχε
922 2195 969 2231 ιν
988 2176 1266 2242 ἐθέλοντος
1287 2178 1446 2232 Θεοῦ.
1466 2179 1781 2249 Γέγραπται
1806 2178 1916 2250 γὰρ

305 2272 436 2341 περὶ
467 2270 561 2325 τοῦ
584 2270 808 2325 πάντων
844 2270 1099 2343 Σωτῆρος
1119 2272 1151 2341 ἡ
1163 2271 1281 2342 μῶν
1335 2270 1512 2344 Ἰησοῦ
1543 2271 1806 2342 Χριστοῦ,
1830 2272 1914 2326 ὃτι

305 2383 324 2415 ‹
360 2363 495 2417 Ἰδοὺ
528 2362 694 2426 αὑτὸς
717 2362 1107 2436 εἰσπορεύεται
1127 2364 1204 2429 ὡς
1234 2362 1346 2434 πῦρ
1372 2364 1765 2436 χωνευτηρίου,
1818 2365 1914 2419 καὶ

310 2458 389 2522 ὡς
440 2459 551 2511 πόα
614 2456 957 2512 πλυνόντων.
1020 2457 1130 2512 Kal
1179 2457 1451 2512 καθιεῖται
1496 2456 1770 2529 χωνεύων,
1817 2459 1915 2513 καὶ

299 2549 621 2622 καθαρίζων
643 2549 720 2615 ὡς
746 2549 808 2604 τὸ
833 2549 1101 2622 ἀργύριον
1123 2550 1218 2606 καὶ
1242 2550 1303 2604 τὸ
1331 2550 1574 2622 χρυσίον.
1591 2569 1610 2600 ι
1650 2549 1913 2615 Βαπτίζει

2014 2089 2155 2159 ignis
2215 2088 2521 2146 conﬂatorii
2553 2131 2569 2156 ,
2621 2100 2677 2146 et
2730 2092 2879 2147 velut
2931 2091 3101 2147 herba
3151 2091 3475 2147 lavantium.
3551 2091 3618 2145 Et

2013 2181 2181 2253 780
2227 2182 2438 2239 sedebit
2480 2181 2749 2250 conﬂans,
2784 2193 2839 2240 et
2872 2186 3177 2243 emundans
3223 2195 3482 2256 tanquam
3523 2200 3616 2239 ar—

2011 2282 2234 2343 gentum
2282 2283 2339 2329 et
2380 2289 2576 2330 aurum
2604 2275 2673 2330 ⁸⁸.
2707 2294 2725 2329 t
2765 2273 3018 2347 Baptizat
3058 2277 3203 2331 enim
3253 2292 3353 2332 nos
3406 2275 3613 2346 Spiritu

2011 2375 2201 2429 sancto
2233 2374 2290 2424 et
2313 2366 2440 2439 igne
2466 2367 2556 2420 '°'.
2587 2365 2772 2438 Ignem
2813 2377 2995 2423 autem
3031 2384 3154 2425 esse
3191 2368 3425 2423 dicimus
3468 2365 3614 2421 velut

2020 2457 2192 2513 sancti
2219 2456 2455 2528 Spiritus
2483 2458 2593 2513 vim
2649 2460 3086 2530 abstergentem,
3119 2462 3290 2516 instar
3311 2462 3455 2531 ignis
3487 2474 3611 2516 sor-

2022 2550 2116 2606 des
2147 2550 2471 2607 delictorum
2501 2551 2554 2606 in
2579 2551 2739 2607 nobis
2766 2551 3066 2622 liquantem
3091 2559 3146 2608 et
3171 2562 3610 2609 consumentem.

302 2645 419 2717 γὰρ
471 2647 625 2718 ἡμᾶς
667 2644 954 2716 Πνεὺματι
1003 2646 1146 2718 ἁγίῳ
1187 2645 1282 2700 καὶ
1336 2646 1490 2717 πυρί.
1536 2644 1658 2716 Πῦρ
1703 2645 1761 2699 δὲ
1808 2640 1950 2700 εἷναί
2004 2663 2187 2717 φαμεν
2232 2647 2334 2718 τὴν
2383 2641 2496 2701 οἷον
2544 2648 2858 2721 σμηκτικὴν
2907 2648 3004 2702 τοῦ
3067 2648 3223 2718 ἁγίου
3286 2647 3613 2719 Πνεὺματος

292 2737 556 2810 δύναμιν,
589 2738 761 2811 πυρὸς
787 2739 946 2811 δίκην
994 2741 1339 2812 ὲκτήκουσαν
1378 2740 1490 2794 τῶν
1521 2742 1579 2794 ὲν
1615 2741 1750 2811 ἡμῖν
1775 2738 2268 2812 πλημμελημάτων
2295 2739 2389 2795 τὸν
2417 2740 2612 2812 ῥύπον.
3600 2768 3605 2773 ·

374 2839 461 2892 Οὐ
494 2835 608 2906 γάρ
641 2837 800 2890 εἰσιν
819 2838 880 2890 αἱ
906 2836 1137 2902 ,βουλαί
1181 2853 1302 2906 μου
1357 2834 1562 2906 ὥσπερ
1594 2839 1654 2891 αἱ
1670 2833 1910 2915 ’,ϐουλαὶ

290 2928 490 3001 ὑμῶν,
541 2926 690 2982 οὐδὲ
738 2927 946 2997 ὥσπερ
996 2930 1058 2983 αὶ
1092 2926 1223 2981 ὀδοι
1255 2945 1400 2998 μου,
1439 2931 1498 2983 αι
1538 2927 1668 2982 ὁδοὶ
1716 2926 1905 2999 ὑμῶν,

290 3022 440 3079 ἀλλ’
484 3020 691 3090 ὥσπερ
719 3019 932 3089 ἀπέχει
966 3022 997 3074 ὁ
1032 3020 1293 3089 οὐρανὸς
1324 3018 1444 3074 ἀπὸ
1477 3019 1590 3089 τῆς
1621 3018 1756 3089 τῆς,
1803 3017 1908 3073 οὕ-

292 3124 413 3175 τως
441 3105 658 3176 ἀπέχει
684 3104 723 3174 ’ὴ
744 3104 886 3171 ὁδός
917 3123 1040 3175 μου
1074 3104 1197 3159 ἀπὸ
1226 3103 1349 3159 τῶν
1387 3102 1547 3159 ὁδῶν
1574 3104 1763 3174 ὑμῶν,
1804 3103 1904 3158 καὶ

293 3203 373 3255 τὰ
397 3197 780 3271 διανοήματα
809 3197 976 3269 ὑμῶν
1005 3197 1125 3254 ἀπὸ
1152 3197 1265 3268 τῆς
1287 3197 1563 3266 διανοίας
1584 3215 1728 3268 μου.

383 3292 667 3347 Ἀπιστεῖν
688 3291 791 3344 οὑκ
819 3292 886 3362 ἐᾷ
913 3290 1003 3345 διά
1045 3290 1288 3363 Χριστοῦ
1322 3291 1510 3363 χάριτι
1543 3291 1672 3355 τοὺς
1715 3289 1911 3344 καλου-

300 3387 503 3458 μένους
534 3386 617 3450 είς
649 3385 1011 3458 ἐπιστροφὴν,
1038 3386 1134 3439 καὶ
1160 3384 1450 3457 λύτρωσιν,
1471 3385 1567 3439 καὶ
1589 3383 1909 3456 ἀποκάθαρ-

296 3502 384 3538 σιν
441 3482 744 3555 ἀμαρτίας.
807 3478 985 3534 Τοῦτο
1041 3477 1382 3533 πεπόνθασιν
1441 3478 1492 3532 οι
1552 3476 1613 3541 ἐξ
1677 3476 1909 3547 αἵματος

308 3575 571 3648 Ἰσραήλ·
622 3573 762 3629 Θεοῦ
795 3573 906 3645 γὰρ
951 3569 1247 3637 καλοῦντος
1297 3572 1379 3635 εἰς
1432 3568 1775 3642 ἐπιστροφὴν
1812 3567 1908 3622 καὶ

298 3671 676 3743 μετάγνωσιν,
709 3669 823 3731 τοῖς
846 3665 939 3721 τοῦ
969 3664 1273 3730 συνειδότος
1298 3663 1544 3736 ἐλέγχοις
1566 3663 1906 3730 καταδακνό-

302 3777 482 3830 μενοι,
511 3758 609 3814 καὶ
632 3757 996 3812 δυσέκνιπτον
1030 3755 1231 3827 κομιδῇ
1266 3755 1359 3810 τὸν
1385 3755 1483 3826 τῆς
1516 3753 1729 3809 ἑαυτῶν
1763 3771 1902 3825 φαυ-

297 3849 525 3921 λότητος
570 3846 743 3918 ῥύπον
774 3843 1117 3919 λογιζόμενοι
1143 3887 1157 3911 ,
1208 3847 1274 3901 Αἱ
1307 3845 1510 3901 πλάναι
1558 3845 1739 3917 ἡμῶν,
1774 3844 1908 3916 ἔφα-

295 3961 452 4008 σκον,
484 3945 544 3996 ἐν
573 3942 709 4012 ἡμῖν
735 3941 899 4006 εἰσιν,
931 3939 1028 3995 καὶ
1060 3940 1118 3994 ὲν
1156 3939 1350 4005 αὑταῖς
1378 3941 1542 4011 ἡμεῖς
1581 3937 1905 4009 τικτόμεθα.

293 4038 410 4093 Kal
450 4036 571 4100 πῶς
599 4033 918 4106 (quotum;
947 4035 1060 4089 Kal
1088 4034 1141 4088 τί
1185 4035 1323 4105 πρὸς
1350 4033 1520 4088 ταῦτα
1552 4032 1721 4099 Θεός;
1764 4031 1909 4086 Ἐπι-

300 4129 509 4200 στροφῇ
557 4123 943 4198 ἀποστρέψατε
987 4124 1097 4180 ἀπὸ
1133 4125 1232 4196 τῆς
1261 4123 1382 4177 ὁδοῦ
1423 4122 1600 4194 ὑμῶν,
1631 4118 1779 4186 οἶκος
1810 4122 1905 4175 τοῦ

2093 2833 2256 2891 Vens.
2288 2833 2343 2899 8,
2379 2834 2435 2891 9.
2472 2834 2595 2890 Non
2625 2835 2764 2890 enim
2792 2844 2917 2889 sunt
2966 2833 3314 2905 cogitationes
3346 2849 3478 2890 mea:
3508 2836 3615 2889 sic-

2017 2938 2073 2983 ut
2123 2928 2472 2998 cogitationes
2520 2936 2738 2994 vestrm;
2775 2943 2939 2998 neque
2986 2928 3086 2983 via:
3141 2944 3272 2984 metu
3324 2929 3464 2982 sicut
3511 2928 3612 2983 via:

2015 3028 2221 3076 vestrae.
2259 3018 2390 3087 Sed,
2415 3028 2471 3073 ut
2502 3018 2664 3073 distat
2693 3019 2882 3073 coelum
2911 3036 2943 3073 a
2974 3028 3142 3086 terra,
3190 3018 3270 3073 sic
3319 3018 3483 3073 distat
3527 3019 3613 3072 via

2015 3128 2131 3168 mea
2168 3129 2200 3166 a
2226 3111 2324 3168 viis
2358 3111 2564 3177 vestris,
2622 3121 2673 3166 et
2700 3111 3045 3183 cogitationes
3076 3121 3260 3167 vestra
3283 3128 3314 3166 a
3340 3111 3615 3183 cogitatio-

1935 3214 1982 3279 C
2016 3218 2080 3257 ne
2105 3218 2245 3257 mea.

2086 3296 2322 3354 Vocates
2354 3295 2424 3357 ad
2470 3295 2889 3352 conversionem
2936 3302 2993 3351 et
3047 3292 3483 3365 redemptionem
3543 3305 3611 3347 ac

2012 3387 2454 3444 emendationem
2512 3395 2863 3456 peccatorum
2917 3371 3025 3441 non
3083 3384 3218 3440 sinit
3270 3384 3460 3456 gratiaa
3510 3396 3609 3454 per

2011 3480 2285 3543 Christum
2329 3477 2595 3536 dillidere.
2624 3477 2779 3547 Quod
2830 3478 3077 3535 fecerunt
3139 3477 3423 3534 Israelitte.
3490 3477 3605 3533 Deo

2012 3589 2250 3643 namque
2283 3572 2347 3627 ad
2378 3572 2794 3629 conversionem
2819 3580 2874 3628 et
2897 3571 3333 3642 resipisccntiam
3349 3579 3609 3639 vocante,

2011 3664 2456 3722 accusationibus
2486 3662 2838 3720 conscientiae
2860 3663 3174 3735 compuncti
3202 3672 3258 3719 et
3287 3664 3608 3727 cotnmorsi,

2009 3758 2310 3830 sordesque
2347 3772 2461 3815 sure
2492 3756 2814 3813 vitiositatis
2845 3756 2937 3811 vix
2987 3756 3094 3812 elui
3152 3770 3324 3827 posse
3382 3756 3606 3812 omnino

2010 3852 2336 3923 cogitantes,
2357 3851 2586 3913 Errores
2608 3849 2804 3917 nostri,
2822 3848 3164 3920 inquiebant,
3191 3849 3245 3904 in
3276 3849 3434 3905 nobis
3459 3857 3608 3914 sunt,

2011 3958 2064 4003 ct
2102 3962 2202 4003 nos
2227 3945 2283 4004 in
2313 3944 2423 4001 illis
2449 3945 2564 4001 nati
2603 3957 2831 4009 sumus”
2855 3942 2919 3997 Et
2971 3941 3246 4013 quomodo
3315 3940 3610 3996 vivemus?

2008 4043 2088 4096 Ad
2105 4055 2226 4112 qua:
2250 4041 2393 4095 Deus
2422 4060 2436 4096 :
2463 4037 2620 4095 Serio
2645 4035 2999 4092 revertamini
3025 4049 3055 4088 a
3082 4035 3169 4088 via
3200 4033 3607 4099 vestra,domus

2014 4132 2177 4188 lsrael
2199 4171 2215 4197 ,
2245 4140 2302 4188 et
2328 4145 2437 4186 non
2471 4131 2671 4187 cedent
2712 4127 2864 4184 vobis
2893 4126 2949 4180 in
3010 4124 3335 4196 supplicium
3390 4123 3606 4190 injusti-

310 4218 549 4292 Ἰσραὴλ,
585 4219 681 4274 καὶ
713 4220 816 4272 οὑκ
846 4216 1063 4271 ἔσονται
1114 4218 1242 4288 ὑμῖν
1276 4219 1356 4280 είς
1389 4216 1614 4271 κόλασιν
1666 4215 1901 4279 ἀδικίας.

2017 4228 2117 4282 tite.
2146 4224 2376 4293 Quando
2407 4224 2572 4295 igitur
2609 4236 2729 4287 vos,
2774 4219 2970 4290 inquit,
3018 4217 3312 4283 .dilliditis,
3365 4231 3452 4272 me
3507 4216 3619 4287 qui.

297 4312 473 4366 Ὅταν
498 4309 682 4365 τοίνυν
704 4310 973 4381 ἀπιστῆτε
1021 4309 1116 4364 καὶ
1138 4310 1316 4379 ὑμεῖς,
1351 4307 1511 4372 αὑτός
1538 4324 1691 4377 φησι,
1725 4305 1907 4359 διαϐε-

2017 4319 2189 4373 omnia
2229 4331 2473 4387 possum,
2524 4313 2829 4371 aﬂirmante
2880 4321 2937 4368 et
2972 4312 3225 4379 dicente:
3292 4309 3452 4366 Omni
3503 4324 3604 4366 vos

297 4400 633 4472 δαιουμένου
659 4417 718 4454 τε
748 4400 845 4455 καὶ
877 4399 1131 4469 λέγοντος
1160 4398 1296 4470 ἐμοῦ
1328 4396 1421 4451 τοῦ
1466 4398 1642 4451 πάντα
1668 4395 1905 4467 ιίσχύον-

2017 4409 2219 4466 macula
2247 4408 2513 4475 liberabo,
2545 4418 2602 4464 et
2626 4406 2694 4462 ab
2721 4403 3040 4462 inveteratis
3066 4403 3286 4475 ﬂagitiis
3326 4404 3599 4459 immunes

294 4513 408 4562 τος,
441 4495 527 4550 ὅτι
573 4494 766 4564 Πάσης
824 4494 968 4565 ὑμᾶς
1022 4491 1320 4557 ἀπαλλάξω
1383 4491 1625 4562 κηλῖδος,
1674 4490 1905 4545 καὶτῶν

2017 4503 2274 4566 reddam;
2317 4510 2446 4555 tunc
2493 4496 2637 4569 apud
2674 4512 2772 4555 vos
2799 4496 3038 4569 cogitate
3067 4495 3191 4567 quis
3234 4509 3337 4565 ego
3369 4494 3497 4562 sim,
3547 4504 3604 4549 et

294 4586 923 4658 πάλαιδιεπταισμένων
948 4584 1269 4657 ἐλευθέρους
1309 4584 1596 4654 ἀποφανῶ,
1627 4585 1749 4638 τότε
1777 4584 1901 4638 καθ’

2017 4595 2100 4668 qui
2134 4609 2229 4652 vos
2257 4593 2402 4662 sitis,
2437 4601 2494 4651 et
2538 4600 2748 4648 tantum
2775 4593 2897 4647 vias
2926 4603 3079 4646 meas
3135 4603 3164 4643 a
3214 4589 3319 4645 viis
3378 4587 3601 4655 vestris,
3685 4614 3695 4626 ι

295 4683 531 4747 ἑαυτοὺς
558 4681 876 4753 ἐννοήσατε,
917 4681 1000 4744 τίς
1028 4678 1127 4750 μὲν
1155 4678 1286 4746 ἐγὼ,
1316 4678 1460 4742 τίνες
1488 4678 1546 4731 δὲ
1579 4679 1674 4732 καὶ
1716 4678 1895 4748 ὑμεῖς,

2017 4705 2072 4746 ac
2113 4687 2471 4761 cogitationes
2502 4695 2715 4743 vestras
2738 4701 2769 4742 a
2809 4682 3140 4756 cogitatione
3176 4695 3297 4736 mea
3359 4678 3600 4747 dili‘erre,

286 4774 391 4829 καὶ
420 4775 503 4829 ὅτι
540 4772 797 4828 τοσοῦτον
844 4773 1194 4844 διεστήκασιν
1224 4772 1289 4825 ἐκ
1330 4770 1439 4825 τῶν
1474 4770 1609 4825 ὁδῶν
1655 4770 1810 4842 ὑμῶν
1840 4771 1898 4824 al

2017 4788 2212 4850 quanta
2245 4786 2331 4835 est
2361 4778 2528 4835 etiam
2559 4787 2882 4832 naturarum
2908 4773 3236 4831 differentia.
3286 4771 3397 4829 Vos
3453 4773 3602 4828 enim

288 4867 405 4922 ὁδοί
436 4883 565 4940 μου,
598 4867 691 4921 καὶ
723 4867 795 4920 τὰ
827 4865 1164 4937 διανοήματα
1191 4864 1343 4935 ὑμῶν
1374 4862 1484 4918 ἀπὸ
1514 4863 1616 4934 τῆς
1660 4862 1899 4928 διανοίας

2017 4872 2261 4929 homines
2293 4871 2451 4938 estis,
2480 4885 2587 4942 ego
2633 4870 2803 4927 Deus.
2840 4868 2983 4940 Ergo
3027 4869 3352 4923 immensum
3381 4876 3467 4921 est
3518 4865 3629 4919 in-.

294 4977 427 5032 μου,
456 4961 562 5031 ὅση
589 4959 675 5024 τίς
704 4961 822 5013 ἐστι
848 4958 945 5013 καὶ
971 4957 1081 5012 τῶν
1126 4956 1346 5028 φύσεων
1388 4957 1421 5028 ἡ
1467 4955 1723 5027 διαφορά.
1769 4959 1898 5010 ’Λν-

2017 4963 2318 5030 lervallum,
2368 4971 2425 5019 et
2461 4977 2583 5034 quae
2610 4963 2703 5019 Dei
2749 4971 2896 5029 sunt,
2932 4963 3158 5017 omnino
3199 4967 3329 5015 sunt.
3393 4958 3602 5012 incom-

291 5053 509 5124 θρωποι
548 5051 649 5122 μὲν
706 5051 816 5123 γὰρ
859 5051 1041 5122 ὑμεῖς,
1078 5048 1190 5120 ἐγὼ
1218 5050 1276 5105 δὲ
1318 5050 1471 5113 Θεὸς.
1509 5048 1722 5103 Οὐκοῦν
1769 5048 1907 5118 ἀμέ-

2017 5056 2292 5126 parabilia.
2339 5054 2520 5111 Viucit
2562 5055 2706 5111 enim
2735 5054 3076 5117 fortitudine,
3106 5052 3303 5124 gloria,
3363 5049 3631 5106 clemen--

289 5147 499 5216 τρητὸν
524 5162 586 5198 τε
619 5144 680 5197 τὸ
703 5143 933 5215 μεταξὺ,
976 5144 1071 5198 καὶ
1108 5143 1479 5215 ἀπαράϐλητα
1514 5142 1798 5205 παντελῶς
1835 5141 1907 5194 τὰ

2017 5151 2114 5206 tia:
2171 5165 2274 5206 nec
2306 5160 2389 5205 est
2429 5149 2724 5219 quidquam
2758 5147 2812 5202 in
2851 5162 3032 5202 rerum
3083 5154 3276 5201 natura
3324 5147 3469 5215 quod
3499 5161 3633 5200 ett--

289 5237 459 5293 Θεοῦ.
488 5238 640 5309 Νικᾷ
674 5237 783 5307 γὰρ
811 5236 977 5307 ἰσχύϊ,
1013 5236 1107 5289 καὶ
1133 5235 1281 5308 δόξῃ,
1314 5237 1409 5290 καὶ
1450 5234 1772 5306 ἡμερότητι,
1809 5233 1904 5285 καὶ

2017 5242 2314 5299 :cllentiam
2343 5222 2463 5310 eius
2491 5242 2797 5309 adaequare,
2827 5247 2920 5294 aut
2954 5254 3124 5309 prope
3150 5240 3315 5293 etiam
3339 5239 3604 5294 accedere

289 5331 452 5386 οὐδὲν
481 5329 600 5384 ἔστι
626 5328 908 5407 παντελῶς
939 5329 996 5381 ὲν
1023 5330 1325 5399 γεννητοῖς,
1358 5328 1386 5380 δ
1423 5330 1535 5391 τοῖς
1559 5327 1772 5381 ὲνοῦσιν
1805 5327 1904 5380 αὑ-

2017 5348 2161 5404 luisse
2195 5334 2467 5390 videatur.
2512 5332 2774 5388 llomines
2814 5331 2959 5387 enim
2996 5332 3076 5386 ira
3104 5347 3210 5388 non
3247 5340 3443 5387 vacant
3474 5346 3488 5382 :
3544 5343 3603 5384 at

290 5423 376 5496 τῷ
406 5423 849 5494 πλεονεκτήμασι
883 5420 1306 5486 συνεκτείνεται,
1351 5422 1521 5491 ἤγουν
1563 5421 1733 5489 ἐγγὺς
1771 5421 1903 5491 ὁρᾶ-

2017 5423 2111 5476 ltoc
2141 5420 2387 5476 omnium
2429 5436 2657 5478 summa;
2694 5429 2902 5477 natura:
2934 5420 3098 5489 inest,
3141 5431 3200 5478 ut
3224 5421 3445 5492 quacira
3491 5436 3597 5474 non

294 5535 393 5571 ται
444 5518 553 5570 καὶ
569 5512 927 5586 παραϐραχὺ.
968 5513 1282 5584 ’Ἄνθρωποι
1323 5512 1424 5583 μὲν
1457 5511 1902 5589 γὰρσάοργησίαν

2017 5522 2275 5569 οηοοιυι.
2308 5513 2452 5569 Acer
2501 5514 2666 5570 homo
2695 5522 2751 5570 et
2796 5529 3003 5586 pronus
3049 5515 3102 5569 in
3160 5513 3498 5583 nequitiam:
3546 5522 3604 5564 at

289 5609 400 5663 οὑκ
427 5606 646 5678 ἔχουσιν
667 5623 680 5637 ·
730 5605 907 5659 ἔνεστι
943 5605 1000 5659 δὲ
1030 5605 1188 5659 τοῦτο
1218 5607 1285 5676 τῇ
1311 5605 1452 5677 ὑπὲρ
1492 5604 1673 5658 πάντα
1716 5603 1901 5674 φύσει⁶

2017 5619 2177 5660 montis
2204 5614 2397 5662 natura
2420 5607 2587 5672 Deus,
2655 5607 2765 5663 imo
2800 5608 2984 5678 potius
3034 5606 3305 5676 ipsissiina
3355 5603 3596 5665 bonitas.

288 5701 357 5754 οὐ
388 5698 498 5769 γὰρ
521 5699 808 5767 κρατεῖται
826 5696 1002 5769 θυμῷ.
1026 5697 1233 5768 Πικρὸς
1259 5698 1289 5751 ὁ
1308 5696 1597 5767 ἄνθρωπος
1616 5695 1712 5749 καὶ
1736 5695 1906 5758 πολὺς

2017 5695 2266 5752 Rentittet
2292 5712 2424 5768 ergo
2455 5707 2514 5752 ut
2540 5697 2704 5764 Deus,
2724 5705 2781 5752 et
2813 5695 3406 5767 justilicabitimpium,
3445 5694 3601 5763 igno-

290 5794 378 5855 el;
408 5789 699 5861 πονηρίας,
735 5790 939 5859 ἀγαθὸς
969 5790 1027 5844 δὲ
1077 5793 1143 5862 τῇ
1189 5789 1349 5859 φύσει
1399 5788 1553 5855 Θεὸς,
1603 5787 1807 5861 μᾶλλον
1847 5788 1906 5841 δὲ

2017 5789 2198 5845 rantiac
2228 5790 2411 5860 lapsus
2443 5789 2717 5847 oblivione
2744 5790 3003 5855 ,obruens,
3036 5797 3092 5844 et
3137 5787 3342 5844 erroris
3412 5790 3604 5842 sordes

373 5971 420 6005 ⁵⁵
449 5971 611 6029 Rom.
646 5986 698 6039 ν,
723 5970 812 6049 ﬁlii.
892 5971 937 6004 "
964 5969 1153 6029 Malae.
1188 5986 1269 6040 tn,
1299 5968 1357 6041 2,
1390 5969 1469 6044 5.,
1510 5968 1606 6045 ᾖδ’
1630 5967 1823 6028 Matth.
1861 5968 2069 6043 mh“.
