4100 6462
518 467 652 523 1231

1517 466 1577 521 S.
1617 464 1889 522 CYRILLI
1927 466 2397 525 ALEXANDRINI
2437 464 2757 525 ARCHIEP.

3666 466 3817 521 1252.

519 583 725 636 delens.
762 579 879 636 Alio
915 592 1133 648 quoque
1172 580 1333 633 modo
1376 579 1666 636 v’erborum
1724 584 1916 639 borum
1975 600 2109 640 con-

2215 586 2539 657 αὐτόχρημα
2568 584 2630 638 τὸ
2655 582 2883 653 ἀγαθόν.
2942 580 3158 652 ’Δνήσει
3192 578 3256 650 δὴ
3282 573 3374 632 οὖν
3407 579 3483 642 ὡς
3521 578 3676 644 Θεὸς,
3715 583 3809 633 καὶ

518 671 833 728 siderationi
871 671 997 725 illud
1033 669 1281 739 adjicias.
1317 670 1458 727 Olim
1503 674 1648 728 enim
1680 677 1920 745 gentium
1969 676 2107 730 mul-

527 765 699 819 titudo
768 762 1026 832 insipiens
1076 762 1235 833 78],
1289 773 1410 819 erat
1470 774 1524 819 et
1574 764 1733 820 facile
1784 771 1837 821 in
1892 782 2108 823 omnem

519 857 818 912 foeditatem
867 854 1258 925 abripiebatur,
1297 864 1352 910 ct
1397 857 1523 912 toris
1563 858 1719 927 quasi
1764 858 1897 913 velis
1935 869 2111 915 trans-

516 946 717 1002 versim
753 944 1104 1001 auferebatur
1140 946 1207 1000 ad
1241 960 1305 1001 ea
1338 946 1584 1002 facienda
1619 963 1741 1017 qua:
1778 949 1860 1003 ias
1890 964 1995 1004 non
2032 958 2117 1006 est

518 1039 722 1093 dicere.
765 1036 872 1093 Sed
909 1047 1200 1108 postquam
1238 1054 1335 1108 per
1365 1037 1524 1094 ﬁdem
1562 1041 1897 1109 quaesierunt
1925 1043 2113 1107 Deum,

521 1129 869 1194 invocarunt,
902 1139 957 1183 et
980 1131 1190 1200 priores
1228 1146 1357 1185 suas
1401 1130 1515 1186 vias
1561 1140 1617 1187 et
1668 1132 1853 1203 iniqua
1893 1133 2118 1189 consilia

519 1222 890 1293 reliquerunt;
918 1223 1348 1278 misericordiam
1391 1224 1459 1278 ab
1502 1224 1620 1295 ipso
1653 1227 1932 1282 consecuti
1969 1238 2117 1293 sunt,

522 1325 579 1371 ct
611 1315 678 1370 ad
709 1315 871 1369 aliam
905 1315 1071 1370 vitam
1103 1326 1228 1371 sunt
1258 1315 1411 1385 quasi
1449 1315 1858 1385 transformati;
1905 1320 2111 1388 sapien-

522 1417 605 1463 tes
638 1406 767 1463 facti
801 1418 948 1473 sunt,
978 1418 1163 1478 utpote
1188 1408 1473 1478 sapientiae
1504 1411 1819 1482 participes,
1837 1413 2108 1466 omnium-

522 1515 628 1569 que
664 1515 841 1554 rerum
874 1503 1134 1555 bonarum
1188 1500 1460 1570 scientes;
1511 1501 1698 1573 jugum
1753 1504 1965 1573 pristini
2017 1519 2108 1559 er-

523 1593 665 1657 roris
701 1602 1078 1659 excusserunt,
1112 1602 1397 1662 peccatum
1430 1594 1698 1661 vicerunt,
1733 1610 1832 1651 nec
1875 1597 2109 1667 amplius

522 1681 730 1736 lubrico
758 1690 813 1735 et
850 1679 998 1736 labili
1023 1682 1206 1735 animo
1228 1681 1441 1751 praediti
1474 1690 1624 1748 sunt,
1662 1682 1758 1737 sed
1792 1681 1973 1747 ﬁrmo,
2045 1688 2104 1737 et

524 1774 669 1841 forti,
703 1782 759 1828 et
794 1781 983 1842 parato
1020 1772 1089 1828 ad
1142 1773 1546 1843 exsequendum
1587 1787 1652 1829 ea
1706 1772 1906 1844 quibus
1965 1772 2106 1827 Deus

521 1866 845 1922 oblectatur.
881 1864 986 1920 Sed
1020 1865 1243 1935 quando
1277 1866 1561 1934 promitto,
1615 1864 1814 1936 inquit,
1864 1866 2002 1930 bare,
2038 1878 2108 1920 ne

2214 677 2493 731 δικαιώσει
2522 676 2614 730 τὸν
2637 674 2832 744 ἀσεϐῆ,
2871 670 3224 742 καταχωννὺς
3254 670 3615 740 ἀμνηστέίαις
3651 670 3720 723 τὰ
3752 671 3810 737 ἐξ

2216 769 2439 840 ἀγνοίας
2486 769 2827 840 πταίσματα,
2851 764 3143 836 ζάφανίζων
3193 761 3252 814 δὲ
3296 761 3393 814 καὶ
3434 761 3562 826 τοὺς
3608 763 3675 814 ὲκ
3714 762 3809 814 τοῦ

2219 862 2594 933 πεπλανῆσθαι
2666 858 2891 932 ρύπους.
2938 856 3050 910 Καὶ
3102 852 3222 908 καθ’
3271 851 3458 921 ἓτερον
3511 853 3569 905 δὲ
3607 853 3811 923 τρόπον

2223 960 2286 1027 τῇ
2326 956 2436 1008 τῶν
2465 953 2844 1025 προκειμένων
2882 949 3089 1020 θεωρίᾳ
3122 945 3470 1017 προσϐαλεῖς.
3498 945 3675 999 Πάλαι
3712 946 3811 1015 μὲν

2219 1046 2331 1117 γὰρ
2378 1045 2487 1098 τῶν
2540 1041 2711 1096 ἐθνῶν
2762 1041 2797 1112 ή
2846 1036 3057 1109 πληθὺς
3108 1033 3371 1097 ἀσύνετος
3427 1029 3531 1103 ἦν,
3589 1030 3811 1093 εὔκολος

2220 1139 2299 1201 είς
2337 1133 2621 1207 ἀποφοράν
2650 1134 2749 1204 τὴν
2793 1131 3027 1184 εἰσάπαν
3063 1125 3246 1181 ὁτιοῦν
3277 1123 3386 1179 τῶν
3411 1124 3682 1189 ἐκτόπων,
3715 1122 3810 1175 καὶ

2222 1231 2366 1294 ὅλοις
2423 1228 2616 1299 ῶσπερ
2671 1226 2862 1289 ίστίοις
2927 1219 3313 1293 ἀποφερομένη
3368 1217 3508 1288 πρὸς
3559 1215 3620 1268 τό
3677 1215 3809 1286 δρᾷν

2218 1323 2457 1389 ἐθέλειν,
2511 1321 2548 1375 ἀ
2603 1318 2679 1391 μὴ
2730 1317 2890 1389 θέμις
2958 1316 3154 1368 εἰπεῖν.
3207 1309 3425 1380 Ἐπειδὴ
3473 1309 3530 1362 δὲ
3565 1308 3652 1362 διέι
3710 1309 3807 1376 τῆς

2212 1416 2447 1479 πίστεως
2486 1413 2757 1485 ἐζήτησαν
2799 1411 2890 1463 τὸν
2942 1407 3109 1471 Θεὸν,
3150 1400 3563 1458 ἀπεκαλὲσαντό
3611 1417 3669 1453 τε
3711 1399 3810 1453 καὶ

2211 1508 2481 1562 ἀπέλιπον
2511 1504 2723 1559 ἑαυτῶν
2752 1503 2850 1565 τὰς
2879 1498 3101 1571 πρώτας
3125 1497 3278 1560 ὁδοὺς
3302 1494 3395 1548 καὶ
3422 1493 3653 1564 ἀνόμους
3682 1490 3808 1562 βου-

2209 1601 2328 1668 λάς,
2360 1600 2621 1673 ήλέηνται
2674 1598 2772 1669 μὲν
2817 1597 2947 1667 παρ’
2994 1590 3184 1655 αὐτοῦ,
3246 1585 3807 1664 μετεστοιχειὼθησαν

2209 1693 2266 1747 δὲ
2299 1690 2492 1764 ὥσπερ
2520 1693 2599 1755 είς
2627 1690 2820 1760 ἑτέραν
2864 1685 3031 1756 ζωὴν,
3086 1683 3243 1753 σοφοὶ
3284 1682 3572 1750 γεγόνασιν
3613 1676 3689 1740 ὡς
3718 1693 3806 1729 σου

2215 1785 2345 1856 φίας
2373 1785 2612 1855 μέτοχοι,
2646 1782 2741 1836 καὶ
2762 1777 2969 1849 ἀγαθοῦ
3001 1775 3205 1839 παντὸς
3228 1772 3553 1845 πράγματος
3587 1768 3806 1837 ἐπιστή-

2217 1891 2397 1946 μονες,
2426 1873 2790 1929 ἀπεσείσαντο
2818 1871 2918 1941 τῆς
2964 1866 3197 1941 ἀρχαίας
3236 1865 3451 1933 ἀπάτης
3488 1861 3581 1914 τὸν
3617 1858 3803 1928 ζυγὸν,

521 1957 779 2023 diﬂidite,
818 1972 918 2012 nec
957 1957 1273 2013 mutabilem
1308 1957 1425 2014 fore
1452 1968 1689 2014 mentem
1733 1956 2104 2029 suspicamini.

2215 1968 2527 2038 νενικήκασι
2572 1964 2670 2037 τὴν
2702 1963 2999 2035 ἁμαρτίαν,
3042 1959 3143 2013 οὐκ
3194 1954 3672 2027 εὐπαρακόμιστον
3724 1949 3803 2003 ἔτι

522 2047 639 2103 Non
676 2056 805 2103 sunt
856 2047 1001 2102 enim
1030 2047 1260 2103 consilia
1290 2061 1407 2102 mea
1457 2047 1600 2103 sicut
1639 2047 1863 2103 consilia
1887 2057 2101 2115 vestra;

523 2156 624 2197 nec
666 2141 766 2196 viae
798 2155 931 2196 mea:
979 2140 1122 2195 sicut
1150 2140 1249 2219 via:
1282 2148 1497 2196 vestrae.
1552 2140 1717 2196 Vobis
1764 2142 1907 2196 enim
1946 2149 2108 2197 natu-

521 2247 583 2289 ra
618 2233 930 2289 hominibus
959 2231 1191 2302 plurima
1226 2242 1354 2289 sunt
1407 2247 1528 2304 quae
1580 2232 1866 2289 dilliculter
1915 2236 2107 2306 acqui-

522 2326 569 2380 ri
614 2324 897 2396 ac.perﬁci
946 2332 1195 2395 possunt.
1245 2323 1359 2381 Nec
1412 2325 1558 2381 enim
1621 2326 1883 2396 quidquid
1945 2327 2107 2383 vultis

523 2419 708 2474 facere
752 2418 855 2473 hoc
890 2432 1108 2487 semper
1144 2418 1209 2473 ad
1260 2417 1418 2474 linem
1465 2428 1773 2484 procurret.
1838 2420 1906 2475 At
1972 2421 2104 2475 mihi

525 2513 636 2568 Deo
662 2510 843 2566 omnia
898 2510 1078 2565 facilia
1118 2518 1279 2565 erunt
1309 2519 1373 2580 ct
1403 2510 1689 2582 proclivia,
1743 2525 1843 2566 nec
1884 2514 2107 2569 omnino

521 2602 816 2674 quidquam
842 2605 1095 2657 arduum.
1127 2601 1360 2657 Tantum
1403 2603 1549 2658 enim
1584 2603 1789 2659 distant
1834 2604 1936 2659 via:
1974 2618 2107 2660 mete

520 2712 555 2752 a
620 2696 722 2751 viis
755 2695 974 2761 vestris,
1011 2703 1272 2765 quantum
1327 2693 1648 2765 intelligitur
1710 2695 1852 2749 inter
1904 2702 2105 2749 terram

518 2802 578 2846 et
612 2788 809 2844 coelum
831 2788 1115 2845 interesse.
1146 2787 1659 2857 lncomprebensum
1711 2801 1843 2843 vero
1900 2788 2003 2843 hoc
2053 2796 2108 2844 et

521 2882 871 2946 immensum,
916 2895 1016 2937 nec
1074 2881 1127 2936 id
1180 2880 1416 2936 humana
1463 2894 1616 2937 mens
1663 2895 1862 2951 capere
1906 2890 2105 2951 potest.

519 2972 672 3029 Dixit
693 2973 860 3043 igitur
891 2972 1108 3028 divinus
1140 2973 1407 3042 propheta
1430 2970 1637 3027 Isaias:
1676 2991 1695 3025 ι
1726 2971 1859 3039 Quls
1888 2988 2108 3030 mensus

518 3073 611 3121 est
639 3080 801 3120 manu
832 3078 1053 3134 aquam,
1096 3072 1153 3121 et
1183 3064 1383 3120 caelum
1413 3063 1616 3133 palmo,
1655 3075 1714 3120 et
1741 3080 1957 3121 omnem
2008 3075 2112 3121 ter-

524 3175 642 3216 ram
667 3158 882 3229 pugno?
913 3157 1038 3226 quis
1073 3156 1330 3226 appendit
1370 3165 1584 3212 montes
1627 3157 1885 3228 pondere,
1912 3168 1967 3214 et
2020 3175 2111 3214 ru-

2208 2060 2306 2132 τὴν
2332 2054 2571 2114 διάνοιαν
2623 2058 2867 2130 ἔχοντες,
2903 2052 3302 2127 ἐρηρεισμένην
3334 2049 3391 2103 δὲ
3437 2047 3660 2119 μᾶλλον,
3712 2043 3803 2096 καὶ

2209 2153 2462 2223 εὐσθενῆ,
2502 2152 2596 2206 καὶ
2631 2152 2766 2206 πολὺ
2798 2151 3102 2223 βλέπουσαν
3135 2146 3227 2199 ἐπὶ
3258 2144 3319 2197 τὸ
3344 2143 3540 2214 χρῆναι
3562 2136 3805 2209 πληροῦν

2206 2244 2278 2299 τὰ
2310 2245 2396 2316 ἐφ’
2428 2242 2625 2318 οἷσπερ
2662 2244 2729 2299 ἂν
2759 2242 2954 2315 ἡσθείη
2988 2239 3140 2302 Θεός.
3171 2236 3315 2290 Ἀλλ’
3348 2236 3480 2288 ὅταν
3536 2228 3801 2318 ἐπαγγεί-

2207 2332 2389 2404 λωμαι
2440 2316 2646 2397 ταῦτα,
2708 2332 2842 2401 φησὶ
2870 2369 2884 2394 ,
2949 2328 3025 2399 μὴ
3082 2325 3461 2395 ἀπιστήσητε,
3512 2320 3648 2392 μήτε
3698 2316 3805 2388 μὴν

2210 2426 2485 2496 ἀμήνυτον
2511 2424 2623 2497 [ῑσ.
2660 2421 2956 2495 ἀνήνυτον]
2984 2420 3203 2474 ἔσεσθαι
3231 2416 3335 2487 τῆς
3367 2414 3547 2469 αὐτῶν
3580 2410 3807 2482 γνώμης

2207 2519 2305 2590 τὴν
2336 2518 2640 2590 μεταϐολὴν
2665 2515 3081 2589 ὑπολαμϐάνετε
3101 2529 3113 2545 ·
3139 2514 3200 2567 οὐ
3225 2510 3337 2582 γάρ
3366 2509 3507 2562 εἰσιν
3540 2507 3595 2559 αἱ
3619 2503 3809 2576 βουλαί

2212 2627 2315 2680 μου
2351 2609 2541 2679 ῶσπερ
2570 2610 2626 2661 αἱ
2662 2608 2848 2679 βουλαὶ
2879 2605 3056 2679 ὑμῶν,
3083 2605 3205 2660 οὐδὲ
3230 2603 3421 2674 ὥσπερ
3451 2601 3507 2654 αἱ
3534 2599 3644 2654 ὁδοί
3681 2614 3808 2668 μου,

2209 2705 2264 2757 αἱ
2324 2702 2433 2755 ὁδοὶ
2487 2700 2663 2771 ὑμῶν.
2717 2701 2876 2770 Ὑμῖν
2927 2700 3035 2771 γάρ
3094 2695 3405 2767 ἀνθρώποις
3461 2687 3582 2747 οῦσι
3647 2690 3807 2760 φύσει

2210 2794 2438 2849 πλεῖστά
2478 2794 2538 2847 τέ
2591 2794 2709 2847 ἐστι
2755 2793 2864 2846 τῶν
2916 2791 3262 2864 πραγμάτων
3293 2786 3362 2841 τὰ
3415 2785 3661 2857 δυσεργῆ
3711 2782 3804 2836 καὶ

2208 2887 2468 2957 ἀνήνυτα.
2493 2885 2567 2939 Οὐ
2598 2883 2707 2956 γὰρ
2730 2885 2858 2950 πᾶν,
2887 2885 3022 2953 ὅπερ
3038 2879 3247 2934 ἕλοισθε
3264 2879 3421 2950 δρᾷν,
3446 2875 3608 2929 τοῦτο
3627 2874 3802 2943 πάντη

2208 2994 2268 3031 τε
2297 2977 2391 3031 καὶ
2425 2977 2642 3042 πάντως
2681 2977 2970 3050 δραμεῖται
3016 2976 3155 3047 πρὸς
3199 2973 3406 3045 πέρας·
3451 2971 3573 3042 ἐμοὶ
3603 2970 3659 3022 δὲ
3690 2968 3805 3022 ὄντι

2209 3067 2329 3139 Θεῷ
2369 3069 2487 3122 λεῖα
2527 3069 2707 3139 πάντη
2763 3068 2858 3123 καὶ
2918 3066 3180 3139 εὐήλατα,
3230 3066 3324 3119 καὶ
3380 3062 3528 3116 οὐδὲν
3576 3062 3807 3121 ἄναντες

2210 3161 2369 3225 ὅλως.
2426 3160 2695 3215 Τοσοῦτον
2749 3161 2859 3230 γὰρ
2896 3160 3276 3230 ἀφεστήκασιν
3314 3159 3372 3210 αί
3409 3153 3515 3209 ὁδοί
3554 3168 3654 3224 μου
3694 3150 3809 3204 ἀπὸ

520 3268 621 3323 pes
645 3250 898 3307 statera?
939 3257 1033 3306 aut
1065 3247 1188 3319 quis
1219 3248 1369 3305 novit
1409 3259 1644 3304 mentem
1691 3249 1901 3306 Domini
1954 3251 2050 3305 '7?
2085 3271 2104 3305 ι

2215 3254 2320 3308 τῶν
2348 3254 2483 3308 ὁδῶν
2508 3254 2686 3327 ὑμῶν,
2727 3253 2851 3308 ὅσον
2876 3251 2942 3307 ἂν
2969 3255 3142 3306 νοοῖτο
3170 3251 3232 3304 τὸ
3264 3248 3468 3322 μεταξὺ
3497 3247 3597 3318 γῆς
3624 3261 3685 3297 τε
3715 3246 3810 3297 καὶ

523 3344 754 3419 οὐρανοῦ
785 3362 799 3376 ’
847 3342 1234 3413 ἀκατάληπτον
1264 3342 1322 3397 δὲ
1360 3342 1519 3397 τοῦτο
1566 3343 1871 3413 παντελῶς,
1927 3347 2023 3400 καὶ
2063 3347 2262 3419 μέτρου
2318 3348 2483 3421 πέρα,
2529 3348 2625 3403 καὶ
2665 3351 2785 3413 ταῖς
2828 3346 3132 3419 ἀνθρώπων
3164 3344 3427 3407 διανοίαις
3466 3342 3566 3412 οὐχ
3618 3331 3812 3392 ἁλώσι-

527 3456 649 3510 μον.
682 3440 829 3510 Ἔφη
873 3436 1004 3508 γοῦν
1038 3437 1134 3492 καὶ
1164 3437 1193 3490 6
1218 3437 1509 3500 θεσπέσιος
1546 3438 1836 3510 προφήτης
1876 3438 2104 3506 Ἡσαΐας
2126 3442 2290 3507 ·‹Τίς
2335 3443 2609 3515 ὲμέτρησε
2643 3444 2710 3514 τῇ
2757 3440 2903 3512 χειρὶ
2940 3438 3001 3493 τὸ
3049 3438 3226 3510 ὕδωρ,
3261 3435 3372 3508 ptui.
3425 3435 3514 3489 τὸν
3579 3430 3810 3505 οὐρανὸν

527 3532 804 3604 σπιθαμῇ,
849 3530 943 3587 καί
982 3533 1164 3587 πᾶσαν
1193 3531 1294 3603 τὴν
1330 3531 1437 3601 γῆν
1466 3531 1658 3604 δρακί;
1713 3532 1810 3597 Τίς
1848 3532 2046 3606 ἔστησε
2092 3535 2162 3590 τά
2201 3535 2327 3609 ὅρια
2362 3535 2610 3609 σταθμῷ,
2639 3535 2736 3590 καὶ
2767 3535 2869 3599 τὰς
2899 3534 3077 3599 νάπας
3105 3531 3293 3604 ζυγῷ;
3322 3528 3356 3602 ἢ
3392 3527 3475 3594 τίς
3506 3527 3648 3599 ἔγνω
3688 3524 3812 3579 νοῦν

521 3626 543 3678 1
581 3626 735 3697 υρίου
760 3643 776 3692 ;
810 3644 828 3677 ι

603 3717 768 3773 Vens.
795 3719 885 3783 10,
915 3718 1002 3772 ll.
1042 3717 1257 3771 Etenim
1279 3718 1723 3789 quemadmodum
1751 3735 1870 3773 cum
1895 3721 2110 3778 descen-

2301 3724 2398 3791 Ὠς
2427 3724 2538 3795 γὰρ
2573 3721 2801 3792 καταϐῇ
2831 3723 3026 3786 ὑετὸς,
3050 3722 3089 3788 ἢ
3120 3719 3269 3790 χιὼν
3299 3717 3368 3771 ἐκ
3392 3715 3501 3770 τοῦ
3525 3713 3814 3783 οίψανοῦν

527 3811 604 3864 dit
638 3810 814 3879 pluvia
842 3810 920 3864 vel
954 3811 1045 3864 nia:
1083 3811 1148 3863 de
1185 3810 1335 3876 caelo,
1375 3819 1424 3864 et
1471 3826 1578 3865 non
1621 3813 1903 3866 reuertitur
1945 3812 2110 3867 donec

2217 3816 2316 3872 καί
2346 3818 2419 3871 οὐ
2440 3815 2526 3886 μὴ
2565 3812 2928 3884 ἀποστροφῇ
2975 3814 3087 3880 ἕως
3126 3811 3202 3867 ἂν
3230 3811 3467 3882 μεθύση
3517 3809 3634 3878 τὴν
3670 3808 3807 3877 γῆν,

526 3901 745 3955 inebriet
780 3911 994 3966 terram,
1020 3909 1070 3955 et
1098 3908 1323 3971 generet,
1357 3908 1408 3953 et
1435 3899 1713 3969 germinet,
1740 3908 1789 3954 et
1829 3897 1915 3953 det
1938 3916 2110 3954 semen

2218 3907 2319 3962 καὶ
2359 3908 2572 3978 mea”
2611 3908 2713 3963 καὶ
2755 3905 3105 3973 ,βλαστήσει
3128 3944 3143 3970 ,
3194 3903 3290 3957 καὶ
3324 3900 3406 3967 δῷ
3441 3901 3681 3969 σπέρμα
3729 3896 3812 3964 τῷ

526 3991 720 4048 serenti
772 4000 819 4047 et
852 4008 1039 4061 panem
1072 3992 1141 4045 ad
1166 4007 1342 4047 escam
1390 4006 1411 4046 :
1448 3991 1526 4045 sic
1567 3990 1667 4044 erit
1701 3990 1909 4046 verbum
1971 3991 2110 4063 quod

2218 4000 2551 4070 σπείροντι,
2579 3999 2681 4054 καὶ
2712 4000 2899 4069 ἄρτον
2929 4001 3015 4064 εἱς
3031 3994 3269 4067 ,βρῶσιν
3286 4012 3298 4026 ·
3337 3993 3525 4059 οὕτως
3548 3993 3721 4047 ἕσται
3744 3990 3808 4042 τὸ

528 4082 709 4138 exierit
731 4084 795 4139 de
829 4099 920 4137 ore
952 4100 1065 4138 meo
1091 4099 1110 4149 ;
1139 4098 1242 4138 non
1268 4089 1578 4147 revertetur,
1600 4081 1766 4136 donec
1825 4082 2110 4154 compleve-

2215 4086 2376 4162 ῥῆμά
2418 4090 2451 4146 ὃ
2482 4091 2592 4147 ἐὰν
2633 4090 2852 4160 ἐξέλθῃ
2876 4092 2945 4145 ἐκ
2967 4088 3076 4144 τοῦ
3098 4087 3395 4157 στόματός
3424 4103 3543 4157 μου
3566 4101 3580 4115 ·
3610 4083 3682 4137 οὐ
3720 4083 3805 4153 μὴ

530 4176 597 4230 rit
625 4192 948 4247 quwcunque
974 4177 1135 4231 uolui.

2215 4184 2602 4256 ἀποστροφῇ,
2635 4185 2746 4253 ἓως
2767 4186 2845 4240 ἂν
2874 4182 3222 4251 συντελέσῃ
3254 4181 3331 4254 (l)
3367 4180 3485 4234 ὅσα
3507 4178 3804 4246 ἠθέλησα.

609 4267 763 4323 Velut
796 4267 1048 4338 exemplo
1089 4268 1377 4339 perspicuo
1419 4278 1477 4325 et
1526 4269 1780 4326 omnibus
1829 4268 2110 4327 notissimo

2296 4276 2388 4340 Ὠς
2413 4278 2479 4330 ὲκ
2509 4276 2953 4348 παραδείγματος
2985 4272 3251 4344 ἐναργοῦς
3281 4272 3378 4326 καὶ
3417 4271 3551 4324 πᾶσι
3606 4284 3811 4338 γνωρι-

528 4360 860 4430 persuadere
915 4359 1108 4415 nititur
1165 4368 1368 4430 quanta
1421 4361 1496 4417 sit
1524 4368 1754 4416 nutuum
1794 4361 1963 4432 ipsius
2016 4375 2110 4431 po-

2218 4368 2469 4440 μωτάτου
2516 4371 2775 4441 πειρᾶται
2824 4368 3208 4440 πληροφορείν,
3250 4366 3351 4436 ὅση
3399 4364 3484 4428 τίς
3534 4362 3649 4415 ἐστι
3698 4360 3812 4413 τῶν

530 4455 720 4510 tentia.
746 4451 905 4509 Cadit
943 4451 1087 4507 enim
1118 4452 1299 4522 pluvia
1336 4451 1422 4508 vel
1466 4452 1561 4507 nix
1600 4452 1857 4520 ctelitus;
1913 4451 2110 4507 demis-

2218 4459 2385 4514 αὑτοῦ
2430 4461 2718 4531 νευμάτων
2755 4462 2789 4532 ή
2824 4461 3073 4531 δύναμις.
3123 4459 3319 4512 Πίπτει
3372 4456 3471 4527 μὲν
3501 4452 3611 4525 γὰρ
3657 4453 3812 4517 ὑετὸς

529 4560 648 4601 sam
683 4559 811 4600 vero
846 4558 877 4599 a
914 4543 1024 4601 Deo
1057 4558 1220 4600 nemo
1261 4543 1524 4615 impedire
1552 4545 1771 4615 poterit,
1800 4546 1895 4602 sed
1922 4545 2110 4601 demit-

2224 4552 2257 4624 ἢ
2294 4551 2426 4624 χιὼν
2467 4552 2528 4618 ἐξ
2552 4553 2806 4623 οὐρανοῦ,
2830 4550 3160 4622 καθιεμένην
3196 4551 3252 4604 δὲ
3279 4548 3429 4621 παρὰ
3457 4546 3596 4601 Θεοῦ
3618 4547 3816 4600 διακω·

531 4636 699 4691 tentis
745 4650 942 4705 scopus
998 4650 1063 4691 ac
1107 4639 1442 4707 propositum
1517 4636 1677 4693 ﬁnem
1741 4638 2112 4707 consequitur.

531 4726 843 4783 Fecundam
875 4727 1020 4789 enim
1054 4726 1234 4781 reddit
1258 4742 1475 4783 omnem
1516 4736 1741 4796 terram,
1794 4729 1867 4784 ita
1894 4737 1951 4783 ut
1973 4727 2116 4799 agri-

534 4818 666 4874 colze
701 4827 813 4874 tum
843 4818 1071 4874 seminis
1096 4827 1209 4874 tum
1238 4820 1344 4876 cibi
1395 4821 1561 4892 782
1597 4835 1847 4892 magnam
1879 4819 2114 4875 habeant

533 4910 766 4980 c0piam.
819 4908 956 4967 Cum
984 4909 1133 4965 enim
1167 4911 1324 4967 adest
1364 4920 1576 4982 tempus
1630 4927 1738 4982 quo
1796 4910 1953 4980 plena
1997 4911 2111 4980 spi-

532 5017 596 5056 ca
646 5012 808 5057 terrae
867 5002 1148 5065 reddatur,
1186 5018 1291 5057 non
1347 5002 1521 5059 solum
1561 4999 2117 5073 quaerunt.agricola:

535 5105 657 5160 qua:
683 5092 750 5146 ad
781 5093 984 5148 victum
1015 5095 1381 5164 suppeditent,
1432 5094 1527 5151 sed
1555 5095 1719 5150 etiam
1778 5108 2118 5165 quaecunque

537 5184 668 5251 illis,
701 5194 945 5256 tempore
989 5197 1219 5244 vocante
1269 5188 1336 5244 ad
1382 5187 1758 5252 laborandum,
1829 5184 2112 5242 suliiciant.

536 5273 635 5340 Ita,
662 5274 855 5345 inquit,
889 5291 1049 5334 nemo
1088 5276 1267 5333 meum
1293 5292 1603 5334 sermonem
1642 5275 1973 5346 prohibebit,
2015 5291 2116 5331 nec

536 5376 835 5436 avertetur,
864 5369 919 5433 id
973 5382 1079 5440 cst,
1109 5385 1218 5426 non
1247 5370 1481 5436 desinet,
1515 5370 1689 5426 donec
1712 5369 1855 5439 quod
1880 5369 2011 5424 mihi
2034 5369 2117 5424 vi-

536 5472 654 5514 sum
683 5471 786 5529 est,
830 5463 990 5517 ﬁnem
1026 5462 1227 5532 capiat.
1287 5459 1357 5515 Et
1407 5473 1536 5515 vera
1586 5468 1672 5515 est
1728 5461 1845 5516 haec
1912 5460 2111 5515 oratio.

534 5546 693 5643 Nam,
729 5553 894 5609 sicuti
967 5553 1233 5624 propheta
1303 5550 1469 5608 Isaias
1531 5552 1648 5607 ait:
1701 5569 1722 5604 ε
1800 5550 1930 5618 Quae
1974 5551 2113 5607 Deus

604 5723 649 5756 "
685 5722 788 5792 lsa.
823 5741 914 5791 XL,
950 5722 1037 5791 12,
1071 5723 1163 5780 15.

604 5895 690 5965 (ι)
728 5896 894 5965 Lxx,
924 5898 1163 5971 τελεσθῇ.

2225 4643 2439 4699 λύσειεν
2470 4645 2537 4699 ἂν
2580 4645 2756 4709 οὐδείς
2776 4660 2792 4677 ⁸
2838 4647 3022 4717 τρέχει
3066 4645 3124 4698 δὲ
3174 4643 3375 4715 μᾶλλον
3403 4642 3484 4705 είς
3511 4639 3687 4712 πέρας
3714 4638 3812 4692 τοῦ

2222 4733 2504 4799 καθιέντος
2535 4735 2698 4790 αὑτὸν
2731 4737 2757 4789 6
2790 4736 2992 4799 σκοπός
3014 4752 3027 4765 ·
3065 4733 3341 4807 εὔκαρπον
3371 4731 3480 4801 γάρ
3514 4730 3813 4800 ἀποφαίνει

2221 4824 2442 4881 ἅπασαν
2488 4826 2587 4899 τὴν
2643 4828 2780 4897 γῆν,
2822 4826 2964 4881 ὥστε
3006 4828 3132 4891 τοὺς
3168 4827 3439 4900 γηπόνους
3471 4825 3529 4878 ἐν
3568 4822 3811 4895 ἀμφιλα-

2223 4918 2353 4990 ipsi;
2399 4919 2656 4987 γενέσθαι
2706 4920 2871 4992 πολλῇ
2933 4922 3025 4975 καὶ
3062 4918 3412 4991 σπερμάτων,
3450 4917 3545 4970 καὶ
3576 4914 3806 4986 τροφῆς.

2224 5010 2434 5081 Καιροῦ
2462 5010 2570 5083 γὰρ
2602 5011 2753 5074 ὄντος
2777 5012 2898 5066 καθ’
2924 5012 2982 5065 ὃν
3004 5012 3069 5066 ἂν
3097 5009 3373 5082 εὐτραφὴς
3397 5010 3425 5062 6
3454 5007 3653 5077 στάχυς
3684 5006 3812 5058 ἀνα-

2224 5100 2403 5172 δοθείη
2449 5103 2549 5172 τῆς
2577 5103 2700 5173 γῆς,
2748 5103 2869 5173 οὐχὶ
2908 5103 3044 5174 μόνα
3095 5101 3165 5155 τά
3195 5100 3482 5172 διαρκέσαι
3537 5095 3815 5166 δυνάμενα

2222 5193 2358 5264 πρδς
2404 5192 2611 5264 τροφὴν
2660 5192 2883 5264 ζητοῦσι
2936 5194 3187 5264 γηπόνοι,
3222 5190 3359 5247 ἀλλά
3416 5188 3526 5261 γὰρ
3566 5188 3662 5241 καὶ
3709 5185 3813 5239 ὅσα

2222 5283 2383 5336 πάλιν
2419 5284 2784 5356 ἀποχρήσειεν
2819 5285 2885 5339 ἄν
2916 5288 3098 5350 αὐτοῖς
3120 5325 3136 5351 ,
3168 5283 3363 5353 καιροῦ
3398 5280 3690 5342 καλοῦντος
3717 5277 3815 5331 ἐπὶ

2219 5376 2280 5429 τὸ
2302 5376 2501 5447 χρῆναι
2530 5378 2735 5433 πονεῖν.
2756 5378 2934 5447 Οὕτω,
2964 5380 3128 5451 φησὶν
3151 5420 3164 5444 ,
3202 5378 3304 5432 οὐκ
3332 5378 3399 5431 ἄν
3430 5391 3516 5439 τις
3554 5372 3646 5426 τὸν
3678 5371 3815 5442 ἐμὸν

2218 5462 2373 5536 εἵρξῃ
2390 5464 2570 5533 λόγον,
2600 5466 2709 5521 οὐδ’
2730 5467 2797 5522 ἂν
2826 5470 3231 5541 ἀποστραφείη,
3261 5467 3560 5532 τουτέστιν,
3591 5462 3653 5517 οὐ
3676 5461 3841 5529 παύο-

2220 5573 2393 5621 σεται,
2429 5559 2589 5629 ἄχρις
2624 5558 2689 5614 ἂν
2719 5562 2800 5626 είς
2835 5562 3007 5627 πέρας
3036 5561 3179 5617 ἔλθοι
3223 5563 3284 5617 τὸ
3314 5560 3506 5616 δοκοῦν
3529 5557 3673 5632 ἐμοί.
3701 5558 3817 5613 Καὶ
