4100 6538
393 394 417 450 l
430 393 544 450 253

1539 392 1609 448 ΙΝ
1647 391 1887 449 ISAIAM
1922 389 2052 447 LIB.
2087 387 2153 447 Υ.
2195 388 2434 447 TOMUS
2474 388 2537 447 η.

3562 389 3700 446 ιεξι

336 509 353 520 ⁸
393 512 608 584 ἀληθὴς
630 511 660 565 ὁ
682 512 840 581 λόγος
859 528 873 543 ’
905 511 981 576 ὡς
1011 511 1122 584 γὰρ
1153 510 1183 564 6
1220 513 1512 585 προφήτης
1543 514 1713 585 φησὶν
1748 514 1996 580 Ἡσαΐας,

2108 520 2331 568 sanctus
2380 494 2639 577 decrevit,
2669 511 2795 580 quis
2849 509 3180 581 dissipabit?
3210 510 3277 566 Et
3329 499 3548 566 manum
3606 527 3700 566 es-

398 626 419 658 t
439 608 511 659 Ἀ
534 607 566 659 6
593 605 730 669 Θεὸς
758 606 789 659 6
822 604 978 674 ἅγιος
1003 603 1475 675 βεδούλευται,τίς
1504 606 1876 671 διασκεδάσει,
1908 606 2004 661 καὶ

393 697 497 768 τὴν
550 698 710 768 χεῖρα
746 697 850 768 τὴν
895 695 1108 767 ὑψηλὴν
1153 695 1238 761 τίς
1290 696 1657 770 ἀποστρέψει;
1698 716 1717 750 ι
1756 697 1854 762 Τίς
1892 697 2002 767 γὰρ

392 788 552 842 ἔσται
576 789 855 855 τοσοῦτος,
889 787 966 851 ὡς
989 787 1162 852 θείαις
1188 787 1508 859 ἀντιστῆναι
1526 788 1752 861 ψήφοις,
1782 788 1881 842 καὶ
1913 787 2003 841 θε-

393 879 638 951 λήμασιν
658 879 1069 951 ἀνταναστῆναι
1088 879 1460 946 δεσποτικοῖςς
1480 879 1673 944 Οὐδεὶς
1695 880 1997 944 παντελῶς.

395 971 614 1026 Οὐκοῦν
648 973 790 1045 ὅπερ
819 971 888 1027 ἂν
918 973 985 1027 ἐκ
1010 973 1282 1045 στόματος
1312 970 1519 1039 ἐξέλθοι
1560 970 1656 1026 τοῦ
1688 971 1829 1027 κατὰ
1874 970 2003 1044 ἀλή-

393 1065 554 1119 θειαν
582 1065 739 1128 ὄντος
784 1063 946 1131 Θεοῦ,
976 1065 1137 1120 τοῦτο
1168 1064 1349 1136 πάντη
1377 1082 1437 1119 τε
1483 1064 1579 1119 καὶ
1607 1062 1828 1131 πάντως
1873 1064 2001 1135 δρα-

397 1160 583 1228 μεῖται
629 1157 771 1231 πρὸς
820 1158 1000 1230 πέρας
1027 1175 1040 1190 ο
1079 1158 1262 1211 ἔνεστι
1287 1156 1399 1228 γὰρ
1445 1156 1508 1211 τὸ
1531 1156 1711 1212 πάντα
1738 1156 2000 1213 δύνασθαι

396 1250 702 1323 κατορθοῦν
753 1250 925 1321 αὐτῷ,
969 1251 1065 1306 καὶ
1111 1251 1247 1321 πρός
1289 1268 1356 1320 γε
1393 1251 1570 1322 τούτῳ
1620 1252 1684 1305 τὸ
1725 1250 1999 1322 ἀψευδεῖν.

395 1342 549 1411 Πλὴν
578 1341 939 1413 κατέπεμψεν
967 1343 1100 1413 ἡμῖν
1121 1344 1237 1407 τοῖς
1270 1343 1366 1396 ἐπὶ
1398 1342 1505 1413 γῆς
1543 1344 1572 1396 6
1593 1342 1728 1407 Θεὸς
1754 1343 1850 1398 καὶ
1884 1344 1998 1396 [la-

391 1433 502 1504 τὴρ
528 1432 683 1486 ὑετὸν
711 1432 906 1506 ὥσπερ
952 1434 1078 1489 τινὰ
1110 1433 1255 1490 θεῖόν
1308 1451 1368 1488 τε
1417 1434 1513 1489 καὶ
1559 1432 1750 1505 νοητὸν
1778 1434 1880 1505 τὴν
1911 1434 2001 1489 διὰ

391 1524 637 1595 Χριστοῦ
672 1524 1044 1596 παράκλησιν,
1074 1525 1195 1596 ἦτοι
1224 1524 1335 1579 τῶν
1374 1524 1751 1594 εὐαγγελικῶν
1787 1543 1998 1598 κηρυγ-

396 1616 589 1686 μάτων
631 1615 733 1687 τὴν
779 1616 1069 1689 χορηγίαν,
1110 1616 1177 1671 δι’
1205 1611 1274 1690 ἦς
1303 1615 1582 1689 εὐκαρπος
1626 1616 1724 1671 καὶ
1770 1635 2000 1690 γονιμω-

389 1707 537 1777 τάτη
562 1707 790 1777 γέγονεν
818 1710 851 1779 ἡ
884 1707 1150 1779 σύμπασα
1172 1707 1266 1777 γῆ.
1281 1706 1490 1762 Ψάλλει
1512 1706 1644 1776 γοῦν
1663 1710 1692 1762 6
1713 1707 2000 1772 θεσπέσιος

391 1799 582 1869 Δαόὶδ,
611 1799 708 1854 καί
744 1816 938 1871 φησιν’
980 1817 999 1852 t
1032 1800 1356 1870 Ἐπεσκέψω
1381 1799 1482 1873 τὴν
1515 1800 1643 1869 γῆν,
1675 1800 1771 1854 καὶ
1803 1799 2001 1871 ὲμέθυ-

2105 603 2311 660 celsam
2370 603 2492 671 quis
2529 611 2739 659 avertet
2762 601 2856 658 ⁸⁸⁸3
2899 622 2917 656 ι
2959 601 3095 670 Quis
3147 603 3293 658 enim
3351 603 3458 658 erit
3516 612 3701 659 tantus

2107 705 2165 753 ut
2211 696 2397 752 divino
2433 697 2650 751 resistat
2692 695 2925 761 calculo,
2956 704 3012 752 et
3036 694 3248 750 Domini
3281 695 3550 749 voluntati
3602 695 3692 747 ob-

2103 788 2357 844 nitatur?
2399 786 2631 845 Prorsus
2655 802 2840 845 nemo.
2904 785 3091 858 itaque
3117 786 3387 857 quidquid
3444 785 3699 857 egredie-

2104 891 2194 937 tur
2231 880 2302 938 de
2348 880 2445 938 ore
2499 880 2616 952 ejus
2652 880 2743 951 qui
2790 893 2919 936 vere
2974 880 3117 936 Dens
3170 888 3276 945 est,
3326 880 3429 934 hoc
3471 879 3699 934 omnino

2102 988 2166 1032 ac
2193 987 2412 1046 semper
2443 973 2515 1030 ad
2539 973 2698 1030 linem
2738 972 2946 1029 tendet.
2986 970 3136 1030 Inest
3167 971 3331 1027 enim'
3384 970 3482 1037 illi,
3527 978 3583 1025 et
3639 978 3700 1023 ut

2100 1064 2283 1120 omnia
2339 1072 2603 1135 praestare
2667 1062 2863 1133 possit,
2904 1066 3268 1132 ctpraeterca‘
3295 1061 3458 1115 etiam
3495 1068 3554 1115 ut
3580 1076 3689 1114 non

2103 1156 2418 1213 mentiatur.
2483 1154 2591 1211 Sed
2656 1154 2802 1210 enim
2885 1154 3108 1210 demisit
3164 1153 3321 1209 nobis
3374 1152 3695 1207 mortalibus

2103 1250 2247 1305 Deus
2293 1258 2357 1325 et
2376 1247 2558 1315 Pater,
2606 1248 2763 1318 quasi
2811 1247 3051 1317 pluviam
3092 1247 3384 1317 quamdam
3446 1245 3688 1299 divinam

2100 1351 2156 1397 et
2179 1342 2282 1398 sub
2310 1340 2725 1411 intelligentiam
2759 1340 3070 1405 cadentem,
3112 1337 3540 1395 consolationem
3594 1351 3697 1406 per

2098 1434 2399 1499 Christum,
2433 1433 2551 1488 sive
2579 1432 2913 1504 evangelicae
2984 1430 3390 1503 praedicationis
3462 1428 3697 1483 admini-

2098 1526 2442 1591 strationem,
2484 1540 2583 1595 per
2607 1524 3059 1595 quam’universa
3107 1533 3253 1580 terra
3298 1522 3541 1579 redditur
3571 1521 3689 1575 rru-

2101 1618 2272 1690 gilera
2306 1628 2362 1675 et
2435 1616 2848 1674 fecundissima.
2904 1617 3097 1673 Psallit
3157 1617 3419 1673 nimirum
3480 1616 3699 1672 divinus

2102 1711 2294 1778 David,
2319 1718 2376 1766 et
2406 1710 2623 1780 inquit:
2670 1728 2690 1763 ι
2736 1709 2983 1766 Visitasti
3016 1718 3243 1777 terram,
3284 1717 3341 1765 et
3409 1707 3696 1785 inebriasti

2100 1817 2245 1870 eam,
2297 1801 2673 1871 mnltiplicasti
2727 1800 3062 1872 locupletare
3127 1815 3270 1857 eam.
3340 1799 3509 1854 Rivos
3578 1798 3698 1868 ejus

392 1906 498 1952 σας
546 1888 759 1962 αὐτὴν,
793 1888 1101 1961 ἐπλήθυνας
1151 1889 1248 1944 τοῦ
1297 1890 1587 1946 πλουτίσαι
1638 1892 1834 1962 αὐτήν⁸
1877 1891 1996 1955 τοὺς

2103 1890 2673 1962 inebria,mnltipliea
2762 1890 3010 1962 germina
3063 1888 3212 1960 ejus,
3271 1888 3326 1944 in
3403 1887 3697 1943 stillicidiis

390 1982 648 2046 αὔλακας
695 1982 867 2053 αὐτῆς
921 1983 1176 2054 μέθυσον,
1230 1983 1504 2055 πλήθυνον
1561 1984 1631 2038 τὰ
1681 1984 1998 2055 γεννήματα

393 2069 588 2141 αὐτῆς,
619 2070 680 2123 ὲν
711 2072 833 2134 ταῖς
859 2071 1116 2141 σταγόσιν
1161 2073 1335 2144 αὐτῆς
1382 2072 1825 2145 εὐφρανθήσεται
1875 2076 1999 2132 ἀνα·

398 2160 676 2215 τέλλουσα.
706 2184 725 2213 ρ
750 2162 863 2216 Καὶ
888 2161 995 2235 μὴν
1025 2166 1121 2217 καὶ
1147 2163 1238 2217 διὰ
1254 2165 1439 2237 φωνῆς
1461 2167 1727 2232 Μωσέως,
1761 2187 1781 2220 ι
1805 2168 1995 2224 Κατα-

395 2254 661 2325 δήσεται,
699 2255 890 2327 φησιν,
925 2255 1002 2320 ὡς
1056 2256 1212 2320 ὑετὸς
1255 2257 1319 2311 τὸ
1355 2258 1694 2331 ἀπόφθεγμὰ
1740 2278 1866 2330 μου,
1898 2261 1996 2316 καὶ

392 2346 695 2419 καταϐήτω
719 2347 796 2412 ὡς
822 2348 1015 2420 δρόσος
1041 2349 1110 2403 τὰ
1144 2350 1365 2422 ῥήματά
1393 2369 1549 2423 μου.»
1570 2352 1909 2408 Ἐπιστέλλει
1936 2354 1993 2409 δέ

389 2453 502 2489 τισι
534 2436 631 2490 καὶ
653 2438 683 2490 6
708 2437 986 2508 πάνσοφος
1015 2439 1252 2505 Παῦλος⁶
1280 2458 1300 2492 ‹
1323 2442 1383 2495 '0
1403 2441 1460 2495 δὲ
1481 2441 1614 2507 Θεὸς
1636 2443 1744 2514 τῆς
1769 2444 1994 2516 εἰρήνης

388 2528 629 2601 αὐξῆσαι
655 2529 747 2583 τὸν
787 2531 992 2603 σπόρον
1046 2532 1225 2603 ὑμῶν,
1261 2534 1354 2588 καὶ
1400 2534 1670 2606 πληθύναι
1716 2536 1785 2591 τὰ
1809 2538 1997 2609 γεννή-

392 2638 544 2691 ματα
593 2621 696 2693 τῆς
742 2622 1092 2695 δικαιοσύνης
1141 2624 1319 2695 ὑμῶν.
1359 2645 1378 2679 ι
1418 2626 1630 2681 υύκοῦν
1687 2628 1993 2701 εὐκαρπίαν

390 2714 714 2785 ἐσχήκαμεν
744 2713 845 2787 τὴν
877 2716 1280 2789 πνευματικὴν,
1303 2717 1402 2789 τὴν
1432 2718 1520 2772 διὰ
1565 2720 1808 2791 Χριστοῦ
1836 2738 1994 2794 χορη-

387 2805 519 2875 γίαν
571 2807 833 2874 λαϐόντες
879 2811 960 2874 είς
1017 2809 1167 2877 νοῦν,
1205 2809 1347 2864 ὥστε
1381 2811 1457 2883 μὴ
1501 2812 1662 2884 μόνον
1688 2813 1787 2886 τὴν
1840 2815 1993 2887 ἱερὰν

391 2899 648 2968 συλλέξαι
681 2901 912 2974 τροφήν,
931 2902 1050 2974 ἦτοι
1081 2902 1172 2956 τὸν
1195 2902 1362 2976 ἄρτον
1390 2903 1536 2976 ἔχειν
1570 2906 1721 2976 ἡμᾶς
1747 2905 1839 2960 τὸν
1865 2907 1995 2972 ζωο-

390 2990 568 3055 ποιὸν,
604 2992 742 3047 ἀλλὰ
775 2993 884 3064 γὰρ
916 2992 1013 3045 καὶ
1049 2991 1275 3063 σπέρμα
1324 2992 1403 3064 τῷ
1449 2993 1752 3066 σπείροντι.
1786 2996 1852 3048 οἱ
1881 2997 1993 3069 γάρ

389 3102 476 3139 τοι
506 3084 655 3140 λαῶν
693 3086 1118 3157 προεστηκότες,
1151 3086 1247 3139 καὶ
1275 3086 1563 3158 δογμάτων
1586 3087 1748 3159 ίερῶν
1774 3091 1994 3160 ἐπιστή-

2100 1985 2217 2057 ejus
2242 1984 2515 2043 laetabitur
2552 1983 2863 2056 germinans
2890 1982 2961 2039 δ’.
2997 2000 3016 2034 ι
3045 1982 3186 2049 Quin
3208 1990 3264 2037 et
3289 1993 3420 2037 voce
3447 1980 3653 2050 Moysis
3679 2020 3693 2042 .

2106 2095 2127 2129 (
2162 2076 2491 2141 Deseendet,
2527 2076 2723 2145 inquit,
2761 2083 3018 2145 tanquam
3064 2072 3248 2144 pluvia
3302 2086 3473 2128 sonus
3518 2086 3696 2137 meus,

2097 2179 2152 2226 et
2194 2170 2527 2227 descendant
2557 2185 2656 2226 ceu
2693 2184 2787 2225 ros
2805 2168 2971 2225 verba
3000 2182 3119 2223 mea
3141 2166 3266 2220 ⁵⁸⁸.»
3298 2164 3503 2221 Scribit
3528 2164 3701 2220 etiam

2098 2263 2167 2318 ad
2202 2263 2469 2332 quosdam
2533 2260 2982 2331 sapientissimus
3009 2257 3254 2316 Paulus:
3293 2275 3312 2310 ι
3376 2255 3520 2313 Deus
3546 2255 3715 2326 pacis‘

2098 2363 2298 2428 augeat
2323 2364 2624 2411 sementem
2660 2363 2927 2427 vestram,
2955 2363 3011 2410 et
3066 2352 3393 2422 multiplicat
3444 2349 3719 2422 germina.

2093 2446 2322 2517 iustitiae
2345 2455 2540 2503 vestra:
2571 2446 2639 2504 ⁸ο.
2682 2464 2705 2500 ι
2739 2445 3048 2503 Habuimus
3109 2445 3292 2516 itaque
3339 2445 3393 2499 in
3454 2443 3699 2499 animum

2096 2540 2434 2607 ubertatem,
2482 2549 2708 2612 accepta
2763 2538 2997 2611 spiritali
3047 2554 3146 2610 per
3198 2538 3478 2596 Christum
3536 2536 3700 2606 largi-

2096 2633 2267 2697 tione,
2303 2632 2378 2688 ita
2405 2640 2463 2687 ut
2487 2647 2595 2688 non
2624 2632 2802 2689 solum
2835 2645 3055 2687 sacrum
3078 2631 3261 2687 cibum
3288 2629 3693 2699 collegerimus,

2096 2740 2159 2783 ac
2201 2739 2397 2796 panem
2441 2724 2715 2781 viviticum
2751 2739 2851 2781 nos
2892 2724 3213 2789 habeamus,
3242 2723 3339 2779 sed
3388 2728 3553 2778 etiam
3608 2735 3700 2778 se-

2096 2833 2221 2873 men
2243 2818 2471 2875 serenti.
2528 2816 2705 2873 Duces
2756 2816 2903 2874 enim
2930 2816 3278 2888 populorum,
3309 2824 3367 2870 et
3403 2829 3695 2871 sacrorum

2097 2913 2417 2979 dogmatum
2443 2909 2625 2982 periti,
2664 2909 2871 2981 quique
2919 2909 3195 2980 paedagogi
3231 2907 3355 2965 aliis
3379 2921 3503 2964 esse
3565 2922 3698 2977 pos-

2099 3013 2246 3071 sunt,
2290 3012 2347 3059 et
2378 3003 2730 3076 mystagogiae
2762 3016 3071 3058 sermonem
3087 3001 3286 3073 populo
3319 3000 3537 3057 subdito
3563 3016 3702 3068 prte-

2101 3106 2311 3163 texere,
2344 3106 2538 3152 serunt
2573 3096 2626 3150 in
2654 3095 2912 3152 cordibus
2946 3109 3138 3151 eorum
3192 3108 3381 3149 semen
3417 3094 3563 3163 quod
3618 3109 3701 3148 re-

393 3193 579 3246 μονες,
613 3179 710 3232 καὶ
736 3177 1110 3248 παιδαγωγεῖν
1144 3178 1367 3252 ἑτέρους
1404 3175 1507 3235 οἷοί
1546 3198 1605 3234 τε
1647 3182 1744 3236 καὶ
1771 3182 1862 3236 τὸν
1893 3183 1991 3254 τῆς

2102 3191 2479 3256 condiderunt,
2513 3189 2773 3261 quodque
2815 3188 2967 3258 prius
3012 3187 3068 3243 in
3091 3187 3292 3243 animis
3330 3187 3444 3243 suis
3471 3201 3702 3257 conges-

393 3243 799 3342 μυσταγωγίας
835 3243 948 3336 τοῖς
997 3243 1102 3326 ὐπὸ
1129 3243 1288 3345 χεῖρα
1326 3274 1474 3339 λαοῖς
1497 3273 1879 3358 ἐξυφαίνοντες

2103 3291 2313 3339 serunt.
2372 3281 2441 3337 Ut
2485 3243 2631 3337 enim
2669 3243 3131 3349 sapientissimus
3159 3277 3364 3342 Paulus
3405 3278 3521 3333 ait:
3559 3243 3703 3332 (“Dei

390 3377 513 3431 γον,
541 3364 864 3436 σπείρουσιν
895 3366 954 3418 ἐν
986 3367 1110 3429 ταῖς
1136 3365 1389 3437 καρδίαις
1425 3366 1626 3432 αὐτῶν,
1661 3367 1722 3423 ὃν
1763 3368 1995 3440 ἐθησαύ-

393 3474 557 3529 ρισαν
601 3458 789 3521 αὐτοῖς
836 3457 1069 3528 σπόρον,
1106 3460 1740 3531 προκατασωρεύσαντες
1786 3464 1845 3515 ἐν
1874 3465 1993 3525 ταῖς

390 3551 609 3606 ἑαυτῶν
640 3551 862 3623 ψυχαῖς.
909 3553 996 3616 Ὠς
1023 3552 1136 3622 γὰρ
1172 3555 1201 3606 ὁ
1237 3554 1514 3624 πάνσοφος
1550 3554 1762 3621 Παῦλός
1797 3572 1987 3628 φησιν,

398 3644 575 3699 «Θεοῦ
617 3644 888 3716 γεώργιόν
942 3646 1133 3715 ὲσμεν·
1195 3666 1214 3699 ι
1269 3648 1524 3718 συνεργοὶ
1556 3647 1668 3719 γὰρ
1710 3647 1845 3703 Θεοῦ
1892 3648 1988 3703 τοῦ

392 3737 712 3809 σπείροντος
743 3739 800 3791 ἐν
824 3738 977 3809 ἡμῖν,
1002 3737 1096 3792 καὶ
1116 3738 1455 3810 δογματικῆς
1474 3739 1759 3811 εὐτεχνίας
1787 3724 1989 3810 γνῶσιν

389 3832 619 3904 ἀκριϐῆ.
648 3832 744 3885 καὶ
778 3830 1055 3896 πολιτείας
1084 3831 1317 3902 εὐαγοῦς
1344 3833 1683 3906 ἐπιστήμην.
1728 3834 1822 3889 καὶ
1850 3851 1989 3890 παν-

2104 3374 2418 3445 agricolatio
2446 3388 2639 3430 sumus
2663 3374 2726 3427 ⁶¹.
2765 3391 2786 3426 ι
2839 3364 3157 3440 Coeperarii
3213 3385 3451 3441 namque
3510 3384 3704 3423 sumus

2107 3469 2221 3534 Dei,
2274 3469 2364 3539 qui
2410 3468 2566 3523 nobis
2604 3468 2920 3538 dogmatum
2951 3465 3318 3536 cognitionem
3353 3474 3623 3526 exactam,
3646 3470 3706 3517 et

2100 3568 2305 3615 saneta:
2324 3557 2763 3615 conversationis
2782 3555 3092 3620 scientiam,
3122 3564 3178 3610 et
3205 3551 3559 3623 omnis783
3576 3550 3705 3607 boui

2099 3651 2429 3708 desiderium
2468 3651 2684 3707 inserit.
2716 3647 2816 3704 Hie
2863 3655 3047 3703 autem
3097 3658 3181 3703 est
3210 3646 3485 3710 Christus,
3520 3645 3612 3714 qui
3639 3644 3707 3698 de

2097 3761 2159 3803 se
2186 3727 2302 3817 ipso
2332 3744 2465 3801 dicit
2500 3760 2516 3800 :
2561 3763 2581 3797 ι
2615 3742 2762 3801 Exiit
2787 3743 2879 3813 qui
2920 3740 3058 3798 serit
3086 3740 3154 3797 ad
3187 3740 3482 3797 serendum
3515 3751 3703 3794 semen

2099 3854 2257 3894 suum
2289 3839 2359 3891 δ’.
2397 3857 2418 3893 ι

389 3928 487 3991 τὸς
515 3926 703 3996 ἔφεσιν
729 3925 938 3995 ἀγαθοῦ
982 3927 1328 3999 πράγματος·
1355 3922 1509 3994 οὗτος
1537 3929 1595 3983 δέ
1633 3932 1782 3986 ἐστιν
1817 3932 1846 3984 6
1880 3931 2138 4001 Χριστὸς,
2161 3934 2220 3999 ὃς
2256 3934 2323 4006 δὴ
2347 3934 2440 3988 καὶ
2464 3934 2594 4005 περὶ
2631 3929 2798 3985 αὐτοῦ
2826 3946 2991 4001 φησιν
3012 3945 3026 3960 ’
3078 3948 3095 3980 ι
3118 3928 3378 4000 Ἐξῆλθεν
3403 3930 3431 3981 6
3455 3924 3707 3995 σπείρω·

388 4018 486 4074 τοῦ
509 4020 732 4091 σπεῖραι
758 4018 852 4072 τὸν
875 4018 1077 4090 σπόρον
1106 4017 1293 4074 αὐτοῦ.
1329 4038 1348 4071 ι

464 4113 576 4170 Καὶ
613 4113 893 4168 εὐοδώσω
911 4114 1019 4180 τὰς
1045 4112 1226 4179 ὁδούς
1251 4130 1392 4181 μου,
1415 4114 1513 4168 καὶ
1551 4112 1624 4167 τὰ
1647 4116 1994 4187 ἐντάλματά

386 4226 530 4280 μου.
562 4208 660 4261 Ἐν
676 4206 786 4278 γὰρ
810 4206 1161 4276 εὐφροσύνῃ
1179 4204 1600 4273 ἑξελεύσεσθε,
1624 4206 1723 4262 καὶ
1749 4209 1820 4263 ἐν
1837 4206 1994 4278 χαρᾷ

390 4299 868 4368 διδαχθήσεσθε.
920 4364 923 4367 _

475 4393 885 4463 Ὑποσχόμενος
913 4391 998 4445 ὅτι
1019 4390 1193 4461 πάντη
1217 4407 1279 4443 τε
1306 4392 1400 4445 καὶ
1427 4390 1644 4456 πάντως
1667 4391 1993 4464 ἐλεηθήσον-

396 4503 488 4540 ται
527 4485 653 4548 τοὺς
690 4485 792 4552 τῆς
844 4483 1119 4553 ἁμαρτίας
1152 4483 1548 4555 ἀπονιψάμενοι
1585 4483 1790 4556 ῥύπους
1813 4526 1828 4549 ,
1872 4480 1993 4539 εἶτα

399 4578 636 4649 καθαροὶ
655 4578 939 4648 γεγονότες
957 4577 1106 4648 αὐτῷ
1130 4576 1563 4648 συναφθήσονται
1586 4576 1992 4648 πνευματικῶς,

398 4673 616 4726 ἔσονται
645 4673 701 4726 δὲ
721 4673 769 4724 oi
796 4671 1015 4743 μακρὰν
1045 4671 1232 4739 ἐγγὺς,
1256 4672 1352 4723 καὶ
1392 4672 1511 4734 ταῖς
1548 4670 1678 4741 παρ’
1704 4670 1868 4724 αὐτοῦ
1906 4689 2013 4740 ιρι-γ

398 4765 668 4835 λοτιμίαις
696 4765 1254 4836 καταπιανοήσονται,
1282 4767 1376 4819 καὶ⁸
1396 4765 1484 4818 διὰ
1508 4765 1674 4834 μέσου
1703 4766 1995 4838 παρενθεὶς

398 4857 465 4911 τὰ
491 4859 559 4911 δι’
589 4852 667 4913 ὧν
680 4854 750 4930 ἦν
765 4858 1023 4912 δύνασθαι
1054 4857 1332 4913 πιστεύειν
1360 4859 1578 4923 αὐτοὺς,
1601 4859 1685 4913 δτι
1714 4860 1809 4913 καὶ
1833 4858 1994 4929 ἀψευ-

396 4952 495 5023 δὴς
528 4947 585 5025 ᾗ,
620 4952 756 5016 Θεὸς
801 4953 880 5007 ὢν
918 4953 1102 5023 φύσει,
1157 4954 1252 5007 καὶ
1290 4951 1400 5006 τῶν
1430 4952 1715 5024 δυνάμεων
1768 4953 1991 5024 Κύριος,

394 5043 582 5115 ἔχεται
616 5044 781 5099 πάλιν
825 5044 938 5098 τῶν
977 5045 1196 5116 ἐφεξῆς,
1251 5046 1370 5117 ἢτοι
1402 5044 1502 5117 τῆς
1557 5043 1995 5116 ἀπαριθμήσεως

391 5138 505 5191 τῶν
526 5137 905 5209 δοθησομένων
937 5139 1124 5203 αὐτοῖς
1177 5138 1565 5209 πνευματικῶν
1614 5138 1990 5209 χαρισμάτων.

397 5228 667 5284 Ιζύοδώσω
709 5229 840 5301 γὰρ,
872 5231 1030 5301 φησὶ,
1078 5230 1177 5294 τὰς
1213 5230 1366 5291 ὁδούς
1395 5248 1523 5301 μου,
1549 5231 1647 5284 καὶ
1688 5229 1757 5283 τὰ
1802 5231 1993 5284 ἐντάλ-

399 5323 547 5392 ματόι
602 5338 726 5394 μου’
777 5323 921 5394 μέγα
946 5322 1104 5377 τοῦτο
1132 5324 1229 5378 καὶ
1255 5323 1582 5395 ἁξιόληπτον
1624 5324 1850 5395 ἀγαθὸν,
1900 5325 1996 5378 καὶ

397 5415 573 5480 ξένιον
605 5415 839 5487 οὐρανοῦ
864 5431 879 5446 ·
916 5416 1010 5470 καὶ
1032 5416 1158 5471 τινα
1187 5417 1411 5488 τρόπον,
1440 5415 1696 5488 ἐροῦμεν.
1735 5418 1862 5481 Τοῖς
1896 5417 1996 5488 μὲν

396 5509 505 5580 γὰρ
532 5510 598 5563 ἐκ
621 5507 935 5579 φιληδονίας
956 5507 1230 5579 κοσμικῆς
1249 5510 1328 5574 εἰς
1346 5509 1661 5580 εὐσχήμονα
1686 5509 1830 5580 ζωὴν
1863 5509 1995 5581 μεθ-

396 5601 722 5672 ορμίζεσθαι
761 5600 1108 5671 βουλομένοις
1144 5599 1246 5653 οὐκ
1276 5600 1484 5671 ἄτραχυ
1518 5601 1579 5653 τὸ
1610 5601 1800 5671 χρῆμὰ
1825 5602 1994 5660 ἐστιν,

395 5694 512 5748 ἀλλ’
535 5694 655 5749 οὐδὲ
684 5694 911 5765 βάσιμον
942 5694 999 5745 ἐν
1026 5693 1240 5764 ἀρχαῖς.
1309 5694 1720 5747 Ἀντανίσταται
1762 5692 1869 5763 γὰρ
1899 5693 1995 5747 αὐ-

471 5814 516 5844 "
555 5813 656 5866 lsa.
693 5830 804 5873 xw,
840 5812 929 5865 Ἦ.
1042 5813 1083 5844 ⁵³
1120 5812 1260 5867 l‘sal.
1301 5829 1449 5879 uir,
1515 5814 1593 5872 l0.
1638 5813 1718 5867 ll.

402 5883 444 5916 θ’
478 5884 662 5940 Matth.
696 5899 817 5951 xm,
856 5884 907 5937 5.

1837 5814 1900 5843 Μ’
1937 5812 2090 5869 Deut.
2157 5828 2334 5880 xxxii,
2384 5812 2436 5865 2.

2172 4114 2339 4170 Vens.
2400 4113 2490 4166 12.
2550 4110 2616 4164 Ει
2644 4105 2964 4179 prosperabo
3000 4106 3112 4160 vias
3158 4121 3300 4161 meas
3346 4114 3395 4159 et
3441 4118 3709 4177 prwcepta

2102 4223 2236 4261 mea.
2281 4202 2425 4257 Nam
2456 4219 2576 4257 cum
2606 4199 2792 4256 lwtitia
2821 4195 3181 4268 egredientini,
3222 4207 3274 4252 et
3336 4214 3457 4252 cum
3506 4202 3707 4269 gaudio

2101 4294 2442 4353 docebimini.

2172 4390 2306 4445 Cum
2336 4388 2406 4443 sit
2436 4385 2711 4458 pollicitus
2748 4385 3120 4456 plenissimam
3163 4390 3553 4437 consecuturos
3581 4396 3706 4436 esse

2103 4479 2556 4543 miscricordiam,
2585 4478 2677 4547 qui
2711 4468 2921 4548 peccati
2963 4477 3158 4532 sordes
3198 4473 3451 4537 eluerint,
3489 4483 3543 4526 et
3586 4474 3702 4541 qui,

2111 4572 2299 4631 mundi
2328 4571 2479 4635 facti,
2511 4568 2718 4626 fuerint
2751 4567 3030 4639 conjuncti
3071 4582 3195 4625 cum
3233 4579 3300 4621 eo
3327 4564 3705 4635 spiritualiter,

2105 4683 2168 4723 ac
2191 4668 2308 4720 l'ore
2330 4662 2662 4733 propinquos
2695 4661 2786 4731 qui
2814 4659 3092 4731 longinqui
3121 4658 3363 4722 fuerunt,
3390 4673 3455 4713 ac
3489 4659 3709 4711 muniti-

2106 4759 2283 4816 ccntia
2313 4757 2432 4830 ejus
2461 4755 2793 4827 saginandos
2815 4770 2880 4810 ac
2902 4755 3266 4815 recreandos;
3288 4752 3585 4820 cumqttein
3607 4769 3712 4804 nm-

2104 4855 2192 4910 dio
2218 4849 2602 4921 interposuerit
2632 4863 2694 4904 ea
2733 4849 2877 4903 unde
2904 4847 3064 4903 tidem
3096 4846 3280 4902 facere
3321 4856 3504 4915 posset
3526 4860 3587 4899 se
3616 4860 3711 4898 ve-

2097 4960 2216 5001 rum
2240 4958 2361 5000 CSSC
2393 4952 2586 4998 natura
2608 4939 2777 4995 Delli“
2808 4955 2871 4995 DC
2891 4938 3176 4993 Dominum
3190 4939 3530 4992 exercituum
3559 4954 3570 4989 ε
3598 4953 3714 4991 1ἹΙΙ¹⁶

2099 5050 2195 5091 sus
2209 5050 2332 5104 qua:
2360 5041 2664 5104 sequuntur
2688 5030 3057 5100 prosequitur,
3088 5039 3144 5085 et
3166 5029 3446 5083 continuat
3477 5010 3706 5080 cnnnne-

2100 5127 2372 5182 rationem
2409 5122 2775 5194 spiritualium
2808 5121 3071 5175 donorum
3099 5136 3219 5189 qua:
3250 5120 3360 5174 illis
3409 5118 3707 5173 dabuntur.

2100 5219 2462 5290 Prosperabo,
2495 5217 2688 5286 inquit,
2725 5215 2841 5270 vias
2873 5228 3022 5269 meas
3048 5224 3102 5266 et
3122 5222 3390 5283 praecepta
3421 5228 3558 5268 mea.
3592 5211 3713 5268 Mn-

2105 5328 2270 5384 gnnm
2296 5314 2421 5379 hoc,
2438 5319 2493 5366 et
2511 5324 2619 5365 non
2632 5306 3031 5376 aspernandum
3058 5304 3408 5369 beiielicium;
3436 5314 3490 5362 et
3512 5308 3709 5362 donum

2085 5407 2369 5479 caeleste:
2394 5402 2667 5476 quomodo
2699 5408 2905 5463 autem,
2934 5400 3199 5456 dicemus.
3212 5399 3313 5466 Qui
3344 5401 3535 5455 enimn
3555 5416 3714 5453 mun-

2106 5505 2261 5557 dana:
2273 5500 2565 5571 voluptatis
2579 5512 2766 5553 amore
2786 5496 2855 5553 ad
2877 5497 3160 5551 honestam
3179 5494 3343 5548 vitam
3372 5493 3603 5548 transire
3623 5508 3715 5547 vc-

2107 5596 2245 5661 lnnt,
2267 5595 2319 5650 hi
2341 5595 2576 5663 primum
2595 5592 2649 5647 in
2672 5605 2865 5661 aspera
2885 5605 2945 5645 re
2964 5604 3028 5644 ac
3054 5603 3160 5644 non
3185 5588 3254 5641 ita
3279 5596 3512 5657 pronaet
3529 5587 3715 5655 pervia

2106 5703 2411 5751 vorsantur.
2445 5692 2784 5748 Adversatur
2814 5688 2961 5744 enim
3004 5686 3108 5745 illis
3134 5684 3276 5739 trita}
3300 5682 3455 5753 quasi
3480 5696 3715 5737 consue‘

2553 5809 2598 5841 ‘°
2642 5805 2683 5861 ll
2726 5804 2851 5861 Cor.
2903 5818 2980 5871 ix,
3018 5804 3101 5858 l0.
3215 5801 3256 5832 ⁶¹
3299 5799 3317 5855 l
3356 5800 3478 5857 Cor.
3518 5812 3602 5864 ιιι,
3661 5796 3715 5849 9.
