4100 6518
391 388 532 445 1255

1386 382 1441 436 S.
1486 378 1757 439 CYRIILI
1802 377 2269 435 ALEXANDRINI
2312 377 2626 437 ARCHIEP.

3520 382 3660 439 ίὲἷιῧ

389 504 599 559 tudinis
640 504 887 567 dulcedo,
941 510 996 558 et
1046 509 1280 556 mentem
1326 515 1514 555 eorum
1562 500 1783 556 tristitia
1822 500 1967 555 velut

2079 503 2178 564 τοῖς
2220 498 2409 571 ὥσπερ
2439 501 2536 571 τῆς
2578 498 2859 571 ἐντριόοῦς
2900 498 3189 571 συνηθείας
3231 501 3290 553 τὸ
3331 501 3525 569 γλυκὺ,
3566 517 3672 556 και.

392 590 650 646 inebriat.
676 590 784 646 Nec
813 590 954 645 enim
978 587 1424 644 earnis'aﬂ'eetus
1456 589 1616 644 facile
1650 599 1778 644 sunt
1806 589 1974 645 evita-

391 680 553 747 biles,
577 697 678 736 nec
702 682 940 751 proclive
990 690 1074 738 est
1095 681 1421 747 volentibus,
1457 684 1526 737 ad
1564 683 1819 737 virtutem
1849 695 1975 736 cur-

393 788 550 829 rere.
580 775 649 828 At
676 783 1029 843 prosperante
1061 791 1127 832 ac
1164 785 1518 845 promovente
1568 776 1700 838 Deo,
1745 783 1799 829 et
1853 775 1972 829 loca

396 865 538 918 invia
573 873 627 919 et
648 875 917 934 praerupta
976 866 1263 923 alleviante
1307 877 1361 925 et
1393 867 1791 936 complanante,
1822 867 1975 921 facil-

394 954 523 1009 lime
544 956 664 1025 quis
686 954 973 1012 all‘ectuum
1001 958 1237 1015 assultus
1263 959 1448 1031 fugere
1477 960 1693 1029 poleril,
1711 970 1764 1014 et
1787 957 1972 1011 fortis-

395 1044 533 1098 sime
553 1045 619 1098 ad
637 1044 895 1100 virtutum
916 1048 1132 1104 culmen
1154 1048 1385 1105 assilire.
1404 1049 1673 1120 Scriptum
1693 1057 1775 1104 est
1794 1047 1969 1102 enim:

402 1153 422 1187 ι
473 1136 683 1194 Montes
734 1140 933 1194 excelsi
979 1141 1156 1196 cervis
1181 1141 1248 1196 “.
1283 1159 1304 1193 ι
1353 1140 1495 1208 Quid
1539 1155 1669 1208 ergo
1727 1137 1976 1209 promisit

410 1226 551 1281 Deus
578 1225 633 1281 in
660 1228 838 1295 ipsum
862 1230 1255 1287 credentibus?
1284 1230 1623 1300 Prosperabo
1659 1231 1774 1283 vias
1802 1243 1972 1291 meas,

397 1328 455 1372 et
478 1320 732 1375 mandata
763 1336 906 1386 mea,
953 1330 1009 1377 et
1034 1336 1138 1377 non
1170 1336 1291 1376 cum
1329 1322 1545 1375 tristitia
1597 1319 1972 1392 egrediemini,

403 1407 501 1463 sed
532 1423 656 1463 cum
678 1411 872 1477 gaudio
889 1412 1234 1467 docebimiui.
1261 1411 1372 1467 Hoc
1397 1413 1610 1467 demum
1639 1421 1742 1477 est,
1761 1412 1972 1481 opinor,

397 1500 542 1567 quod
577 1499 703 1556 alibi
729 1516 913 1559 rursus
948 1503 1085 1558 dixit
1114 1504 1392 1575 Scriptura
1423 1503 1738 1574 prepbetica
1769 1522 1783 1558 :
1821 1520 1840 1556 ι
1874 1501 1975 1558 Via

399 1591 613 1652 piorum
646 1602 791 1648 recta
818 1593 960 1650 facta
984 1605 1084 1661 est,
1116 1606 1170 1650 et
1194 1604 1493 1665 praeparata
1526 1597 1608 1651 via
1641 1598 1852 1667 piorum
1870 1596 1969 1651 “.i

397 1681 498 1738 Via
540 1684 683 1739 enim
713 1686 923 1741 Domini
966 1686 1250 1756 judicium.
1286 1687 1443 1744 Alius
1496 1689 1660 1742 etiam
1710 1703 1742 1744 e
1770 1688 1976 1743 sanctis

2076 591 2479 663 καταμεθύσκει
2508 593 2627 654 ταῖς
2655 590 2854 655 λύπαις
2907 591 2997 644 τὸν
3029 594 3088 644 ἐν
3116 592 3299 656 αὐτοῖς
3351 594 3481 646 ὄντα
3510 594 3660 647 νοῦν.

2075 682 2190 735 Οὐκ
2227 680 2559 751 εὐδιάφυκτα
2593 680 2704 751 γὰρ
2736 681 2805 734 τά
2827 680 2928 750 τῆς
2964 680 3167 751 σαρκὸς
3199 681 3368 748 πάθη,
3405 681 3527 736 οὔτε
3553 685 3664 753 μὴν

2074 775 2186 836 τοῖς
2230 772 2504 827 ἐθέλουσιν
2547 771 2795 843 εὐτριϐὲς
2824 772 2886 825 τὺ
2918 772 3131 843 τρέχειν
3178 775 3258 836 είς
3299 775 3521 844 ἀρετήν.
3560 776 3658 826 Εὐ-

2074 865 2318 930 οδοῦντός
2369 881 2433 933 γε
2469 864 2576 936 μὴν
2616 862 2710 918 τοῦ
2740 862 2895 927 Θεοῦ,
2949 864 3044 917 καὶ
3074 865 3141 918 τὰ
3188 864 3531 937 δυσπόρευτα
3565 866 3665 918 καὶ

2075 957 2275 1027 ἀνάντη
2311 956 2443 1026 ψιλά
2491 954 2731 1017 τιθέντος
2756 955 2850 1009 καὶ
2877 956 3136 1026 εὐήλατα,
3175 955 3336 1026 φύγοι
3366 974 3448 1020 τις
3476 957 3544 1011 ἂν
3569 958 3664 1009 καὶ

2078 1048 2223 1118 μάλα
2252 1048 2450 1119 ῥᾳδίως
2478 1047 2571 1102 καὶ
2603 1047 2700 1110 τὰς
2723 1047 2832 1100 τῶν
2871 1048 3059 1102 παθῶν
3101 1047 3429 1119 προσϐολὰς,
3468 1048 3663 1102 εὐσθε-

2077 1139 2311 1194 νέστατα
2347 1139 2406 1194 δὲ
2452 1138 2549 1193 καὶ
2574 1140 2655 1201 εἰς
2684 1138 2755 1193 τά
2779 1137 2888 1192 τῶν
2917 1138 3131 1210 ἀρετῶν
3163 1138 3434 1211 ὑψώματα
3464 1141 3663 1210 διαπη-

2076 1230 2307 1302 δήσειεν.
2338 1231 2652 1301 Γέγραπται
2694 1230 2802 1302 γάρ
2822 1245 2835 1260 '
2869 1230 3040 1301 ιὌρη
3068 1230 3138 1284 τά
3168 1230 3349 1301 suam
3390 1234 3511 1295 ταῖς
3537 1232 3664 1285 ὲλά-

2076 1339 2216 1392 φοις.
2260 1342 2279 1374 ι
2307 1322 2373 1376 Τί
2414 1323 2596 1377 τοίνυν
2638 1321 2772 1386 Θεὸς
2795 1320 3191 1389 ἐπαγγέλλεται
3228 1324 3341 1386 τοῖς
3381 1324 3462 1385 είς
3501 1321 3664 1375 αὐτὸν

2078 1413 2461 1480 πιστεύσασινς
2495 1411 2758 1467 Εὐοδὼσω
2781 1413 2880 1476 τὰς
2907 1411 3062 1474 ὁδούς
3085 1429 3215 1483 μου,
3245 1414 3340 1467 καὶ
3377 1413 3445 1466 τὰ
3474 1413 3662 1466 ὲντάλυ

2080 1500 2227 1570 ματά
2262 1517 2385 1571 μου,
2409 1501 2503 1555 καὶ
2529 1502 2629 1555 οὐκ
2650 1502 2708 1554 ἐν
2735 1500 2880 1572 λύπῃ
2908 1500 3279 1568 ἐξελεύσεσοε,
3308 1502 3424 1556 ἀλλ’
3448 1504 3504 1555 ἐν
3523 1503 3665 1573 χαρᾷ

2074 1591 2482 1663 διδαχθήσεσθε.
2518 1592 2712 1659 Τοῦτο,
2748 1589 2925 1665 οἶμαι,
2965 1595 3137 1659 ἐστὶν,
3168 1595 3309 1666 ὅπερ
3348 1594 3452 1665 ἔφη
3506 1596 3666 1649 πάλιν

2078 1684 2302 1756 ἑτέρωθί
2334 1701 2436 1738 που
2468 1685 2531 1739 τὸ
2550 1685 2784 1757 γράμμα
2807 1685 2870 1738 τὸ
2898 1686 3237 1758 προφητικόν
3257 1704 3270 1718 ·
3293 1704 3311 1737 ι
3333 1685 3483 1750 ὐδὸς
3508 1686 3665 1739 εὐσε-

398 1777 711 1847 prophetis,
735 1798 753 1831 ι
786 1778 989 1848 Recta},
1028 1798 1047 1832 ι
1095 1781 1291 1851 inquit,
1324 1797 1342 1831 ι
1377 1789 1505 1836 sunt
1532 1781 1633 1836 via;
1663 1779 1899 1846 Domini,
1922 1789 1976 1835 et

2079 1777 2187 1830 ϐῶν
2216 1775 2400 1831 εὐθεῖα
2424 1776 2659 1845 ἐγένετο,
2682 1777 2777 1831 καὶ
2812 1778 3309 1849 παρεσκευασμένη
3348 1780 3383 1849 ἡ
3413 1776 3532 1841 ὁδὸς
3560 1776 3669 1830 τῶν

392 1868 523 1938 justi
551 1869 905 1926 ambulabunt
942 1871 995 1926 in
1019 1872 1099 1927 eis
1124 1889 1139 1925 :
1165 1872 1313 1944 impii
1338 1880 1518 1927 autem
1559 1872 1978 1928 inilrmabuutur

397 1961 451 2014 in
475 1960 633 2017 eis“.
667 1979 686 2013 ι
715 1962 824 2018 Deo
842 1963 986 2018 enim
1015 1963 1120 2019 illis
1148 1964 1264 2020 vias
1295 1979 1399 2021 non
1428 1963 1719 2036 levigante,
1738 1979 1835 2036 per
1859 1964 1979 2020 illas

398 2050 528 2105 ferri
592 2066 699 2107 non
768 2058 1044 2124 poterunt.
1078 2052 1231 2123 Quod
1276 2055 1444 2121 enim,
1497 2063 1557 2109 ut
1611 2054 1745 2122 dixi,
1775 2054 1976 2110 donum

400 2143 623 2201 caeleste
649 2146 742 2211 sit,
774 2145 891 2201 vias
918 2146 1128 2203 divinas
1174 2149 1253 2203 ire
1286 2161 1465 2218 posse,
1498 2156 1552 2202 et
1581 2147 1808 2217 implere
1833 2162 1976 2202 man-

397 2238 522 2291 data
555 2236 751 2307 quibus
786 2238 854 2294 ad
900 2240 1067 2295 Deum
1109 2238 1306 2310 aliquis
1334 2237 1561 2303 feratur,
1594 2238 1797 2305 docuit,
1853 2252 1977 2293 cum

396 2328 545 2384 velut
568 2330 635 2385 de
660 2329 943 2403 Synagoga
980 2331 1311 2399 Judaeorum,
1340 2330 1506 2404 784
1529 2330 1821 2403 Propterea
1850 2346 1980 2388 ecce

398 2435 522 2488 ego,
560 2421 753 2493 inquit,
785 2422 1064 2479 obstruam
1101 2424 1216 2481 vias
1245 2424 1357 2494 ejus
1380 2424 1623 2493 sudibus,
1656 2432 1710 2480 et
1773 2432 1979 2496 quaaret

395 2512 535 2576 vias,
561 2521 616 2567 et
642 2528 747 2568 non
774 2513 1046 2569 inveniet.
1092 2513 1279 2585 Itaque
1331 2530 1439 2581 me,
1508 2515 1701 2586 inquit,
1754 2530 1978 2586 prospe-

396 2612 552 2660 rante
619 2605 891 2672 mandata,
937 2620 1061 2661 cum
1114 2606 1300 2663 laetitia
1358 2607 1825 2678 egrediemini:id
1870 2618 1975 2673 est,

394 2696 565 2753 dolori
612 2712 715 2753 non
770 2699 1154 2765 succumbetis,
1185 2715 1285 2756 nec
1325 2700 1491 2756 corde
1537 2700 1878 2771 pungemini,
1924 2709 1979 2756 et

395 2786 677 2845 atl'ectibus
700 2791 854 2846 vacui
887 2790 1061 2859 eritis,
1085 2799 1139 2848 et
1194 2792 1262 2847 ad
1288 2792 1568 2848 meliorem
1609 2786 1979 2849 et‘admiran-

396 2879 519 2933 dam
556 2878 723 2933 vitam
757 2882 1169 2938 transcurretis.
1195 2882 1532 2939 Docebimini
1564 2884 1713 2939 enim
1741 2883 1979 2955 gauden-

393 2978 502 3034 tes,
531 2977 587 3023 et
611 2971 976 3028 sacrosanctis
1007 2973 1350 3029 sermonibus
1379 2982 1591 3030 vosmet
1618 2973 1973 3032 obiectantes.

396 3058 667 3115 Nimirum
690 3061 911 3118 divinus
943 3063 1152 3119 David:
1192 3084 1210 3117 ι
1248 3064 1421 3132 Quam
1450 3064 1653 3133 dulcia,
1678 3084 1699 3120 ι
1774 3066 1975 3136 inquit,

2080 1870 2336 1925 εὐσεϐῶν.
2361 1889 2379 1922 ι
2417 1870 2481 1923 Ἦ
2508 1870 2617 1942 γάρ
2646 1869 2762 1934 ὁδὸς
2790 1870 2997 1942 Κυρίου
3022 1871 3456 1943 κρίσις.”Ετερος
3481 1870 3538 1924 δὲ
3558 1869 3669 1923 τῶν

2082 1962 2250 2031 ἀγίων
2306 1961 2624 2034 προφητῶν,
2665 1980 2683 2013 ι
2708 1961 2949 2027 Εὐθεῖαι,
2983 1961 3170 2033 φησὶν,
3204 1962 3261 2015 αἱ
3298 1961 3406 2015 ὁδοὶ
3435 1961 3666 2031 Κυρίου,

2080 2054 2173 2108 καὶ
2196 2054 2393 2107 δίκαιοι
2422 2051 2784 2124 πορεύσονται
2812 2053 2871 2107 ἐν
2892 2054 3105 2117 αὐταῖς,
3125 2053 3250 2106 οἱδέ
3268 2054 3482 2115 ἀσεϐεῖς
3505 2051 3669 2105 ἀσοε-

2079 2149 2332 2219 νήσουσιν
2358 2149 2415 2200 ἐν
2440 2147 2652 2208 αὐταῖς.
2688 2166 2706 2198 ι
2744 2146 2881 2200 Θεοῦ
2926 2146 3035 2217 γὰρ
3071 2147 3253 2210 αὐτοῖς
3285 2145 3384 2209 τὰς
3415 2146 3569 2209 ὁδοὺς
3604 2144 3670 2198 οὐ

2079 2239 2681 2304 καταλειαίνοντος,οὐκ
2704 2238 2769 2293 ἂν
2792 2240 3071 2311 ίσχύσειαν
3098 2239 3359 2310 φέρεσθαι
3381 2237 3450 2291 δι’
3466 2237 3664 2291 αὐτῶν.

2081 2337 2203 2390 ’Ότι
2226 2336 2335 2408 γάρ
2358 2335 2530 2403 ξένιόν
2557 2336 2725 2400 ἐστιν,
2753 2334 2828 2399 ὡς
2861 2334 3017 2403 ἔφην,
3048 2332 3281 2404 οὐρανοῦ
3305 2332 3367 2386 τὸ
3396 2331 3494 2394 τάς
3519 2330 3670 2394 Θείας

2078 2427 2340 2481 δύνασθαι
2378 2426 2616 2497 βαδίζειν
2641 2425 2816 2489 ὁδοὺς,
2839 2425 2935 2478 καὶ
2956 2422 3200 2493 πληροῦν
3239 2420 3666 2490 τὰέντάλματα,

2079 2517 2145 2571 δι’
2170 2511 2244 2571 ὧν
2285 2516 2350 2571 ἄν
2394 2533 2480 2580 τις
2527 2515 2722 2569 ὲλάσαι
2752 2515 2889 2585 πρὸς
2920 2514 3072 2579 Θεὸν,
3103 2512 3339 2579 ἐδίδαξεν
3386 2510 3557 2564 εἰπὼν
3593 2510 3670 2573 ὡς

2081 2609 2210 2681 περὶ
2235 2609 2335 2679 τῆς
2372 2606 2639 2661 Ἰουδαίων
2666 2606 3016 2676 Συναγωγῆς·
3061 2603 3161 2657 Διά
3192 2602 3350 2656 τοῦτο
3387 2601 3497 2654 nos
3536 2597 3669 2667 ἐγὼ,

2080 2702 2238 2772 φησὶ,
2272 2701 2500 2770 φράσσω
2517 2699 2615 2762 τὰς
2643 2698 2798 2762 ὁδοὺς
2819 2696 2990 2766 αὐτῆς
3019 2697 3078 2750 ἐν
3108 2694 3351 2764 σκόλοψι.
3386 2694 3479 2746 καὶ
3509 2691 3674 2761 ζητήο

2082 2810 2163 2848 σει
2190 2792 2289 2856 τάς
2322 2792 2473 2854 ὁδοὺς
2499 2791 2691 2860 αὐτῆς,
2742 2791 2833 2843 καὶ
2857 2789 2918 2842 οὐ
2944 2789 3018 2861 μὴ
3050 2787 3207 2860 εὕρῃ.
3255 2784 3469 2841 Οὐκοῦν
3510 2781 3666 2853 ἐμοῦ,

2080 2888 2265 2959 φησὶν,
2288 2884 2593 2949 εὐοδοῦντος
2614 2884 2682 2938 τὰ
2704 2883 3034 2953 ἐντάλματα,
3055 2883 3113 2934 ἐν
3128 2877 3434 2951 εὐφροσύνῃ
3460 2872 3672 2942 ἐξελεύ-

2080 2980 2260 3045 σεσΟε,
2292 2976 2591 3042 τουτέστιν,
2619 2975 2878 3047 ἀμείνους
2908 2972 3096 3027 ἔσεσθε
3124 2971 3321 3043 λύπης,
3345 2970 3406 3023 οὐ
3437 2966 3674 3035 καταδη-

2081 3070 2346 3144 χθήσεσθε
2375 3070 2474 3141 τὴν
2508 3069 2754 3141 καρδίαν,
2795 3068 2899 3133 ἔξω
2937 3066 3223 3136 γεγονότες
3245 3062 3455 3126 παθῶν,
3475 3061 3566 3114 καὶ
3588 3060 3671 3121 είς

400 3149 705 3208 «lancibus
750 3153 885 3209 meis
932 3153 1152 3210 oracula
1181 3156 1307 3210 tua!
1348 3154 1525 3225 Supra
1554 3154 1660 3212 mel
1693 3164 1749 3213 et
1794 3155 1976 3211 favum

2082 3160 2178 3233 τὴν
2199 3159 2408 3230 ἀμείνω
2436 3159 2529 3212 καὶ
2549 3157 3011 3227 τεθαυμασμένην
3053 3172 3219 3227 μετατ
3232 3153 3480 3225 ρέχοντες
3500 3149 3666 3217 ζωήν.

393 3241 477 3297 ori
498 3256 619 3299 meo
642 3243 708 3308 “,
740 3260 760 3295 ι
793 3257 857 3299 ac
876 3244 1298 3315 prudentissime
1314 3243 1605 3302 aﬂirmavit
1626 3246 1971 3317 gaudendum

392 3334 451 3386 in
482 3331 587 3388 illis
632 3335 805 3406 magis
836 3350 998 3405 quam
1036 3335 1091 3393 in
1118 3336 1373 3392 omnibus
1405 3336 1631 3396 divitiis.
1663 3335 1801 3394 Cum
1842 3354 1975 3410 gau-

397 3425 487 3480 dio
502 3439 791 3482 accurrere
815 3427 1040 3498 intelligi
1059 3438 1349 3499 possuntct
1364 3430 1544 3486 aliter.
1566 3429 1806 3487 Liberali
1828 3431 1972 3487 enim

395 3533 426 3571 a
463 3519 692 3587 pristino
717 3534 925 3587 errore,
948 3520 1242 3591 gaudentes
1267 3521 1606 3577 vocationem
1637 3522 1668 3576 ὰ
1698 3521 1806 3580 Deo
1833 3522 1975 3578 arri-

390 3609 567 3679 piunt.
599 3609 750 3676 Quod
789 3596 977 3665 verum
1008 3624 1151 3671 esse.
1175 3626 1240 3665 ex
1262 3610 1397 3681 ipsis
1433 3613 1596 3668 rebus
1618 3611 1803 3668 videre
1824 3612 1973 3669 licet.

2081 3251 2477 3323 Διδαχθήσεσθε
2514 3250 2623 3323 γάρ
2661 3250 2982 3321 χαίροντες,
3017 3250 3113 3301 καὶ
3149 3248 3264 3310 τοῖς
3295 3245 3460 3317 ἱεροῖς
3490 3243 3675 3308 ἐντρυ·

2083 3344 2295 3414 φῶντες
2343 3343 2548 3412 λόγοις.
2578 3343 2692 3396 Καὶ
2738 3340 2870 3411 γοῦν
2897 3343 2926 3395 ὀ
2958 3338 3245 3401 θεσπέσιος
3296 3333 3461 3389 Δαόίδ
3481 3350 3494 3363 ·
3543 3351 3561 3382 ι
3585 3332 3675 3394 Ὠς

2080 3437 2307 3507 γλυκέα,
2339 3435 2493 3506 φησὶ,
2527 3432 2608 3504 τῷ
2643 3432 2881 3505 λάρυγγί
2917 3450 3019 3504 μου
3048 3431 3116 3486 τὰ
3153 3429 3310 3498 λόγιά
3361 3426 3493 3480 σουι
3527 3424 3670 3493 ὑπὲρ

2085 3526 2208 3598 μέλι
2233 3526 2326 3580 καὶ
2346 3525 2540 3597 κηρίον
2563 3523 2644 3594 τῷ
2671 3522 2900 3594 στόματί
2927 3540 3050 3593 μου.
3080 3540 3099 3572 ι
3134 3519 3364 3591 Χαίρειν
3392 3515 3451 3571 δὲ
3474 3513 3675 3585 μᾶλλον

2082 3615 2171 3669 ἐπ’
2204 3615 2389 3678 αὐτοῖς
2427 3612 2814 3675 διεϐεϐαιοῦτο,
2847 3612 2943 3666 καὶ
2976 3611 3121 3683 μάλα
3148 3608 3438 3681 ἐμφρόνως
3467 3607 3542 3669 ὼς
3579 3604 3675 3658 ἐπὶ

392 3699 557 3753 παντὶ
591 3699 821 3771 πλούτῳ·
846 3702 904 3754 ἐν
937 3702 1082 3773 χαρᾷ
1104 3700 1162 3754 δὲ
1187 3700 1282 3753 καὶ
1310 3700 1510 3773 ἑτέρως
1536 3701 1779 3773 νοηθεῖεν
1818 3703 1884 3757 ἂν
1942 3704 2313 3779 ἐκτρέχοντες·
2353 3703 2820 3775 ἀπαλλαττόμενοι
2863 3701 2972 3774 γὰρ
3019 3702 3121 3771 τῆς
3170 3700 3403 3772 ἀρχαίας
3431 3697 3668 3769 ἀπάτης,

395 3791 702 3863 ἁρπάζουσι
743 3793 1025 3864 χαίροντες
1057 3793 1156 3863 τὴν
1197 3793 1349 3865 παρὰ
1371 3794 1505 3848 Θεοῦ
1556 3794 1774 3867 κλῆσιν,
1816 3799 1911 3851 καὶ
1961 3798 2161 3870 ἀληθὲς
2192 3799 2353 3854 τοῦτο
2381 3798 2627 3868 ὑπάρχον
2671 3798 2731 3864 ἐξ
2771 3796 2948 3850 αὐτῶν
2982 3794 3159 3849 ἔνεστι
3190 3792 3299 3847 τῶν
3328 3792 3673 3864 πραγμάτων

397 3883 542 3936 ἰδεῖν.

471 3978 635 4034 Vsus.
672 3977 757 4033 Η.
803 3978 1008 4035 Montes
1039 3981 1177 4035 enim
1217 3992 1263 4034 et
1294 3980 1447 4036 colles
1481 3983 1747 4050 exsilienl,
1792 4001 1975 4054 exspe-

395 4079 598 4123 ctantes
626 4086 716 4147 vos
746 4087 865 4124 cum
899 4072 1116 4141 gaudio,
1142 4083 1192 4127 et
1231 4075 1407 4128 omnia
1436 4072 1580 4145 ligna
1608 4078 1724 4146 agri
1760 4079 1978 4147 applau—

393 4164 518 4217 deut
544 4140 726 4217 ramis.
774 4163 843 4218 Et
877 4181 973 4235 pro
1012 4166 1175 4220 slazba
1217 4177 1506 4221 succrescat
1544 4170 1868 4239 cyparissus,
1928 4181 1975 4225 et

393 4272 491 4323 pro
544 4272 741 4326 canym
798 4267 993 4312 crescet
1047 4269 1269 4329 myrtus.
1338 4257 1404 4312 Et
1453 4262 1549 4314 erit
1606 4260 1860 4316 Dominus
1924 4264 1978 4316 in

397 4363 606 4414 nomen,
639 4359 689 4404 et
718 4351 771 4405 in
787 4353 991 4421 signum
1023 4358 1296 4417 a’ternum,
1326 4362 1372 4406 et
1408 4369 1511 4406 non
1542 4353 1769 4421 deﬁciet.

466 4526 677 4584 Montes
709 4530 795 4584 hic
837 4530 972 4584 dicit
998 4544 1223 4601 superas
1257 4543 1312 4586 et
1354 4531 1606 4588 ccelestes
1661 4541 1978 4602 potestates,

394 4634 515 4688 quae
535 4635 564 4672 a
596 4618 706 4677 Deo
739 4621 1046 4677 constitutae
1077 4631 1201 4677 sunt
1235 4623 1287 4677 in
1319 4624 1621 4681 subsidium
1649 4625 1977 4680 mortalium.

294 4778 301 4783 .
398 4709 705 4763 Suntcnim
771 4711 995 4780 spiritus
1038 4713 1369 4781 administri,
1436 4714 1532 4785 qui
1592 4714 1845 4784 legantur
1911 4716 1979 4769 ad

397 4802 783 4869 ministerium,
813 4813 1034 4873 propter
1064 4819 1158 4859 eos
1187 4807 1276 4875 qui
1314 4805 1543 4860 salutem
1592 4807 1979 4876 adipiscentur,

399 4906 453 4950 et
472 4895 707 4967 gaudent
722 4912 882 4967 super
902 4913 1007 4953 uno
1024 4909 1312 4968 peccatore
1334 4899 1785 4969 resipiseeute‘“.
1814 4899 1978 4969 Equi-

399 4988 521 5042 dem
552 4989 746 5043 merito
779 4990 1083 5057 comparari
1141 5003 1367 5061 possunt
1410 4991 1713 5057 montibus,
1779 4993 1981 5062 quippe

396 5078 668 5149 quialtam
697 5080 1013 5152 dignitatem
1031 5081 1332 5146 obtineant,
1359 5095 1457 5150 pro
1481 5082 1702 5136 virtutis
1734 5081 1980 5150 ipsorum

399 5168 791 5240 magnitudine.
825 5170 921 5225 Vel
968 5170 1133 5225 etiam
1190 5182 1407 5226 montes
1468 5172 1704 5241 accipies
1750 5187 1847 5240 pro
1898 5172 1984 5227 bis

399 5260 491 5328 qui
510 5259 734 5316 docendi
769 5276 963 5316 munus
990 5260 1190 5317 habent
1228 5262 1283 5316 in
1307 5261 1587 5327 Ecclesiis,
1622 5263 1863 5334 nihilque
1886 5265 1985 5319 ltu-

403 5351 531 5405 mile
554 5352 794 5422 sapiunt,
821 5354 915 5406 sed
939 5368 1059 5421 qua:
1077 5366 1272 5422 supera
1290 5364 1415 5408 sunt
1446 5366 1714 5423 qumrunt,
1749 5367 1802 5411 et
1822 5372 1985 5427 supra

401 5456 493 5498 res
537 5454 780 5500 terrenas
818 5446 1147 5498 transiliunt.
1182 5445 1359 5500 Colles
1404 5458 1583 5501 autem
1631 5450 1848 5518 probis
1896 5465 1983 5504 su—

404 5548 521 5589 mes
552 5536 645 5604 qui
684 5535 792 5590 illis
828 5536 1153 5590 auctoritate
1189 5534 1474 5591 ini‘eiiures
1512 5552 1658 5605 sunt,
1721 5549 1777 5594 et
1825 5540 1981 5608 quasi

407 5639 592 5679 turum
620 5626 802 5696 gloria:
822 5628 1103 5683 subsident
1127 5635 1182 5684 el
1226 5629 1610 5698 subjiciuntur.
1666 5631 1805 5684 Sunt
1835 5632 1979 5685 enim

2161 3985 2238 4040 Τὰ
2266 3985 2378 4055 γὰρ
2409 3984 2515 4052 ὅρη
2555 3981 2653 4036 καὶ
2687 3980 2975 4046 οἱβουνοὶ
3017 3977 3379 4044 ἐξαλοῦνται
3415 3970 3675 4044 προσδε-

2085 4080 2311 4149 χόμενα
2364 4073 2518 4145 ὑμᾶς
2564 4073 2635 4127 ἐν
2680 4070 2858 4143 χαρᾷ,
2890 4071 2989 4126 καὶ
3032 4069 3231 4125 πάντα
3262 4068 3335 4123 τὰ
3374 4068 3530 4134 ξύλα
3564 4065 3676 4121 τοῦ

2085 4169 2269 4239 anno?)
2316 4167 2700 4236 ἐπικροτήσει
2743 4164 2869 4231 τοῖς
2927 4161 3196 4228 κλάδοις,
3237 4160 3337 4215 καὶ
3388 4159 3524 4215 ἀντὶ
3563 4155 3679 4226 τῆς

2086 4260 2336 4330 στοιϐἦς
2359 4258 2726 4326 ἀναϐήσεται
2768 4254 3173 4325 κυπάρισσος,
3196 4249 3331 4306 ἀντὶ
3356 4248 3425 4302 δὲ
3449 4246 3560 4316 τῆς
3584 4263 3679 4300 κο-

2086 4351 2266 4421 νύζης
2295 4352 2665 4421 ἀναϐήσεται
2680 4348 2970 4421 μυρσίνη.
3004 4346 3113 4401 Καὶ
3143 4345 3315 4399 ἔσται
3348 4343 3564 4409 Κύριος
3588 4341 3677 4404 εἰς

2010 4479 2059 4536 1)
2088 4443 2296 4513 ὄνομα,
2326 4443 2426 4498 καί
2446 4444 2533 4508 εἰς
2556 4439 2809 4510 σημεῖον
2828 4440 3090 4503 αἰώνιον,
3115 4435 3211 4536 καί
3235 4436 3347 4536 οὐκ
3380 4433 3672 4536 ἐκλείψει.

2160 4538 2300 4607 Ὄρη
2326 4534 2491 4605 φησὶν
2516 4534 2575 4587 ἐν
2603 4531 2813 4590 τούτοις
2840 4530 2981 4600 τάχα
3010 4544 3114 4582 που
3148 4526 3248 4591 τὰς
3275 4525 3389 4581 ἄνω
3407 4542 3467 4577 τε
3486 4523 3580 4577 καὶ
3616 4523 3676 4575 ἐν

2082 4626 2296 4699 οὐρανῷ
2339 4626 2597 4695 δυνάμεις
2619 4662 2635 4689 ,
2674 4623 2731 4677 αἳ
2779 4621 2842 4691 δὴ
2875 4621 2969 4676 καὶ
3005 4619 3299 4689 τετάχαται
3345 4616 3500 4688 παρά
3538 4614 3676 4667 Θεοῦ

2083 4721 2222 4792 πρὸς
2259 4719 2577 4790 ἐπικουρίαν
2600 4716 2709 4771 τῶν
2730 4716 2825 4770 ἐπὶ
2844 4715 2946 4785 τῆς
2971 4715 3096 4785 γῆς.
3117 4712 3412 4783 Πνεύματα
3439 4710 3547 4780 γάρ
3567 4708 3674 4760 είσι

2081 4811 2432 4883 λειτουργικά
2463 4810 2798 4882 πεμπόμενα
2819 4807 2955 4881 πρὸς
2982 4805 3261 4862 διακονίαν
3288 4804 3377 4857 διὰ
3403 4802 3530 4865 τούς
3556 4799 3680 4871 μέλ-

2080 4903 2271 4966 λοντας
2318 4903 2677 4974 κληρονομεῖν
2723 4899 3018 4970 σωτηρίαν,
3052 4898 3308 4969 χαίρουσι
3345 4896 3403 4949 δὲ
3448 4893 3544 4948 καὶ
3592 4893 3676 4960 ἐφ’

2088 4993 2169 5046 ἐνὶ
2196 4992 2504 5064 ἁμαρτωλῷ
2531 4989 2901 5063 μετανοοῦντι.
2925 4987 3034 5041 Ναὶ
3058 4988 3164 5057 μὴν
3195 4987 3289 5040 καὶ
3312 4985 3465 5057 ὄρεσι
3487 4999 3675 5053 παρει-

2089 5085 2340 5150 κάζοιντο
2363 5083 2429 5138 ἂν
2465 5082 2689 5145 εἰκότως
2705 5079 2786 5144 ὡς
2815 5079 2878 5132 τὸ
2909 5076 3045 5148 ὑψοῦ
3080 5076 3201 5131 λίαν
3228 5074 3367 5131 εἶναι
3394 5073 3676 5143 λαχόντες,

2089 5180 2233 5232 κατά
2285 5193 2346 5228 τε
2392 5175 2493 5245 τῆς
2551 5171 2777 5243 ἐνούσης
2829 5172 3014 5233 αὐτοῖς
3051 5169 3253 5242 ἀρετῆς
3303 5168 3366 5222 τὸ
3421 5163 3674 5236 μέγεθος.

2093 5271 2299 5337 Ἥγουν
2350 5266 2450 5337 ὅρη
2491 5264 2592 5336 μὲν
2622 5262 2836 5335 ἐκλήψῃ
2870 5262 2998 5326 τοὺς
3055 5261 3117 5315 τὸ
3171 5256 3556 5315 διδασκαλικὸν
3618 5256 3676 5307 ἐν

2095 5359 2443 5431 Ἐκκλησίαις
2466 5356 2687 5428 ἔχοντας
2714 5350 3076 5425 ἐπιτήδευμα,
3102 5355 3199 5408 καὶ
3223 5348 3554 5423 φρονοῦντας
3579 5346 3677 5418 μὲν

2083 5453 2194 5505 τῶν
2221 5450 2578 5523 χαμαιπετῶν
2599 5448 2772 5515 οὐδὲν,
2804 5446 3103 5517 ζητουντας
3133 5445 3189 5498 δὲ
3220 5443 3422 5515 μᾶλλον
3446 5442 3515 5493 τὰ
3543 5439 3674 5503 ἄνω,

2081 5545 2174 5597 καὶ
2219 5543 2328 5596 τῶν
2375 5542 2578 5611 γηΐνων
2636 5541 3093 5611 ἀναπηδήσαντας
3116 5555 3128 5565 ·
3181 5535 3404 5607 βουνούς
3453 5551 3516 5603 γε
3571 5530 3677 5603 μὴν

2092 5635 2216 5698 τοὺς
2266 5635 2364 5703 τῆς
2422 5634 2645 5687 ἐκείνων
2694 5632 2969 5705 ὑπεροχῆς
3019 5629 3386 5701 ἡττωμένους,
3435 5631 3529 5682 καὶ
3567 5620 3679 5679 οἷον

478 5802 525 5836 ⁸³
560 5804 841 5877 l’sal.cm,
884 5811 964 5866 18.
1048 5816 1087 5839 δ’
1114 5813 1217 5868 lsa.
1256 5827 1400 5874 un.
1436 5814 1483 5867 7.
1564 5816 1603 5847 εδ
1638 5814 1759 5871 Osc.
1798 5829 1909 5880 xw,
1947 5814 1976 5867 li

2106 5814 2316 5888 “il‘sal.
2350 5828 2538 5883 cxvtii,
2571 5812 2690 5867 105.
2775 5812 2835 5844 “5‘
2869 5810 3033 5866 Hebr.
3068 5826 3104 5877 ι,
3142 5809 3202 5864 ll
3230 5826 3243 5876 ;
3277 5808 3407 5865 Luc.
3443 5822 3531 5874 XV,
3564 5803 3620 5857 7.
