4100 6466
304 430 447 486 1257

1448 417 1517 473 ιΝ
1558 416 1791 474 ISAIAM
1833 414 1957 472 LIB.
2001 415 2066 471 V.
2111 414 2345 473 TOMUS
2384 414 2475 471 llh

3461 409 3622 464 1333‘

306 543 765 616 ὐποκαθημένους
798 539 977 595 αὐτῶν
1006 539 1107 611 τὴν
1135 538 1311 604 δόξαν.
1346 538 1540 609 Μέτρα
1558 537 1667 610 γὰρ
1696 538 1755 592 ὲν
1787 538 1909 590 Ἐκι-
1939 572 1949 596 ε

2052 550 2283 590 tonsurae
2312 546 2368 592 et
2390 534 2587 605 gradus
2646 530 2871 589 honoris
2932 544 2996 585 ac
3058 528 3487 585 ministeriorum
3546 528 3599 579 in

309 636 572 708 κλησίαις
628 633 738 686 εἰσὶ
790 632 884 685 καὶ
936 630 1103 700 τιμῆς
1157 630 1252 682 καὶ
1295 627 1691 699 λειτουργιῶν·
1735 625 1912 680 ταῦτά

311 744 452 799 φησι
478 725 548 780 τὰ
571 724 674 796 ὅρη
700 722 773 776 τὰ
797 719 986 791 νοητὰ,
1028 720 1123 775 καὶ
1169 721 1268 774 σὺν
1299 720 1482 782 αὐτοῖς
1528 719 1579 772 οί
1613 716 1912 788 βουνοὶνὲξ-

313 819 600 884 αλοῦνται,
610 815 891 871 τουτέστιν
901 815 1382 886 ἀνασκιρτήσουσι,
1402 813 1662 883 χαίροντα
1673 809 1915 881 δηλονότι

312 913 407 967 διὰ
436 912 539 984 τὴν
568 908 726 981 ὑμῶν
756 908 1094 979 ἐπιστροφήν
1134 924 1195 960 τε
1239 905 1334 960 καὶ
1363 904 1581 975 κλῆσιν,
1615 905 1710 958 καὶ
1746 920 1917 975 προσ-

314 1004 564 1069 δέξονται
617 1002 765 1073 ὑμᾶς
817 1000 956 1072 μετά
995 1000 1201 1071 χαρᾶς·
1243 995 1657 1068 ὲπιγαννύμεθα
1688 996 1803 1068 γὰρ
1855 996 1917 1049 οὐ

322 1095 588 1168 μετρίως,
618 1094 749 1149 ὃταν
780 1092 925 1157 τινὲς
955 1092 1066 1146 τῶν
1106 1089 1560 1161 πεπλανημένων,
1587 1088 1650 1144 τὸ
1680 1090 1741 1143 ἐν
1759 1086 1922 1159 ἀχλύῖ

320 1189 422 1241 καὶ
438 1188 617 1257 σκότῳ
637 1185 901 1241 διατελεῖν
942 1183 1023 1237 ἔτι
1054 1182 1311 1252 μεθέντες
1329 1221 1343 1245 ,
1401 1182 1534 1252 πρὸς
1562 1181 1627 1235 τὸ
1651 1181 1754 1252 τῆς
1784 1180 1921 1250 ἀληο-

323 1275 459 1339 θοῦς
485 1274 741 1338 θεοπτίας
767 1274 985 1330 ἀττουσι
1023 1271 1159 1342 φῶς.
1188 1270 1376 1335 Οὕτως
1398 1271 1581 1335 αὐτοῖς
1610 1272 1706 1325 καλ⁵
1731 1272 1759 1324 ὁ
1782 1270 1922 1326 πάν-

328 1384 495 1436 σοφος
516 1364 730 1429 Παῦλος
749 1362 1111 1435 προσεφώνει,
1135 1362 1311 1431 λέγων
1333 1380 1346 1394 ·
1373 1381 1392 1415 ι
1415 1363 1575 1432 Χαρά
1600 1364 1695 1417 καὶ
1721 1363 1923 1433 στέφα-

329 1457 422 1523 νός
457 1474 582 1528 μου.
610 1475 629 1508 ι
686 1454 841 1511 Ἀλλά
873 1453 974 1512 καὶ
1009 1453 1190 1509 πάντα
1216 1454 1288 1508 τὰ
1316 1453 1450 1520 ξύλα
1479 1451 1574 1507 τοῦ
1595 1442 1797 1524 ἀγροῦ,
1817 1470 1924 1523 φη·-

332 1550 444 1615 xlv,
464 1550 822 1622 ὲπικροτήσει
840 1549 950 1616 τοῖς
972 1547 1209 1613 κλάδοις.
1227 1547 1341 1603 Καὶ
1363 1547 1497 1615 ξύλα
1516 1548 1731 1619 νοήσεις
1751 1545 1925 1617 ἀγροῦ

329 1644 462 1707 τοὺς
484 1641 777 1707 τελοῦντας
804 1642 864 1695 ὲν
885 1641 1055 1707 λαοῖς.
1090 1640 1337 1712 Εὐανθὴς
1362 1640 1470 1711 γὰρ
1498 1638 1592 1693 τοῦ
1623 1638 1876 1710 Σωτῆρος
1898 1638 1933 1692 ὁ

328 1735 534 1807 κῆπος.
564 1734 677 1789 Καὶ
701 1734 834 1804 γοῦν
866 1733 1099 1806 ἐπείπερ
1135 1733 1284 1789 ἐστὶν
1310 1731 1546 1803 εὐθαλὴς
1598 1748 1658 1785 τε
1703 1731 1800 1785 καὶ
1836 1729 1928 1783 εῦ-

329 1845 549 1900 καρπος
599 1828 635 1899 ἡ
682 1829 740 1882 ὲν
772 1826 854 1899 τῷ
886 1828 1128 1899 ’ᾼσματι
1168 1827 1278 1881 τῶν
1310 1824 1576 1898 ᾀσμάτων
1606 1822 1928 1897 γραφομένη

2018 627 2300 683 Ecclesiis.
2335 627 2421 693 lli,
2452 627 2651 698 inquit,
2677 634 2889 680 montes
2915 621 3017 677 sub
3076 619 3490 689 intelligentiam
3515 635 3606 674 ea.

2019 722 2231 789 dentes,
2255 728 2447 777 etcum
2476 720 2579 775 illis
2602 718 2767 774 colles
2811 714 3087 779 exsilient,
3109 712 3162 768 id
3179 722 3281 777 est,
3301 711 3604 773 saltabunt,

2018 814 2313 882 gaudentes
2342 811 2631 878 videlicet,
2658 818 2885 882 propter
2909 815 3150 863 vestram
3178 803 3601 859 conversionem

2019 913 2073 960 et
2110 905 2470 970 vocationem,
2508 913 2564 958 et
2598 918 2720 958 eum
2744 900 2942 971 gaudio
2989 914 3087 956 vos
3135 896 3422 967 recipient.
3488 892 3652 964 Non"

2020 995 2166 1051 enim
2201 995 2462 1051 mediocri
2495 993 2681 1048 lattitia
2714 991 3003 1053 atlicimur,
3048 1004 3171 1044 cum
3218 986 3385 1054 aliqui
3416 998 3608 1039 eorum

2021 1085 2114 1157 qui
2139 1094 2482 1152 erraverunt,
2512 1085 2745 1157 caligine
2760 1093 2816 1140 et
2842 1084 3085 1140 tenebris
3113 1080 3339 1145 relictis,
3368 1077 3610 1131 adverse

2028 1179 2119 1235 Dei
2143 1177 2309 1250 785
2329 1176 2806 1248 contemplationis
2857 1176 3032 1231 lucem
3064 1172 3331 1229 emicant.
3387 1167 3479 1223 Sic
3517 1180 3613 1220 eos
3650 1192 3662 1251 ,η

2023 1268 2187 1325 etiam
2213 1266 2411 1323 aﬁ‘atur
2447 1267 2880 1339 sapientissimus
2904 1264 3127 1332 Paulus,
3155 1263 3347 1318 dicens
3373 1277 3388 1315 :
3435 1277 3454 1310 ι
3477 1256 3619 1312 Gau—
3653 1284 3657 1293 ι

2026 1361 2176 1418 dium
2215 1369 2271 1418 et
2297 1376 2500 1417 corona
2543 1374 2664 1415 mea
2681 1361 2751 1414 ".
2787 1379 2807 1413 ι
2841 1359 2950 1427 Sed
2980 1370 3036 1413 et
3068 1355 3250 1413 omnia
3300 1353 3447 1423 ligna
3475 1349 3619 1419 agri,
3686 1342 3708 1353 “

2027 1453 2227 1523 inquit,
2251 1451 2587 1524 applaudent
2615 1452 2805 1507 ramis.
2831 1450 3004 1527 Ligna
3037 1448 3156 1521 agri
3220 1445 3499 1515 intelliges
3526 1455 3624 1496 eos

2029 1548 2119 1616 qui
2149 1545 2202 1601 in
2234 1544 2431 1617 populo
2454 1554 2769 1600 censentur.
2813 1542 2912 1598 Est
2960 1541 3110 1597 enim
3169 1540 3364 1594 hortus
3428 1534 3627 1591 Serva-

2034 1639 2166 1695 toris
2191 1637 2438 1694 ﬂoridus.
2470 1636 2536 1692 Et
2563 1636 2781 1706 quidem
2814 1635 3044 1691 viridem
3099 1647 3226 1689 esse
3276 1644 3342 1686 ac
3390 1626 3625 1699 frugife-

2032 1748 2154 1788 rum
2183 1740 2373 1788 narrat
2432 1727 2665 1801 Sponsa,
2718 1743 2842 1801 quae
2884 1728 2939 1784 in
2988 1726 3218 1783 Cantico
3280 1721 3625 1778 canticorum

2036 1823 2374 1879 describitur
2428 1840 2445 1876 :
2501 1840 2520 1873 ι
2552 1819 2858 1876 Descendat
2896 1832 3064 1889 nepos
3113 1828 3269 1870 meus
3314 1814 3367 1868 in
3406 1811 3632 1866 hortum

330 1922 547 1992 νύμφη,
570 1919 736 1991 φησί·
765 1940 785 1974 ι
806 1921 1121 1992 Καταϐήτω
1146 1922 1177 1974 ὁ
1210 1921 1494 1991 ἀδελφιδός
1518 1938 1624 1993 μου
1648 1920 1733 1984 είς
1757 1916 1935 1989 κῆπον

2049 1933 2221 1983 suum,
2270 1927 2329 1972 et
2385 1914 2637 1971 comedat
2692 1913 2932 1969 fructum
2985 1925 3187 1966 nucum
3236 1921 3467 1963 suarum
3493 1904 3562 1958 ⁸³.
3601 1920 3624 1954 ι

334 2014 526 2079 αὐτοῦ,
562 2015 660 2070 καὶ
692 2013 916 2087 φαγέτω
943 2013 1160 2085 καρπὸν
1181 2014 1501 2085 ἀκροδρύων
1528 2014 1715 2070 αὐτοῦ.
1743 2033 1763 2067 ι
1799 2014 1940 2068 Οὐκο

337 2110 434 2163 οῦν
454 2106 523 2161 τὰ
556 2105 692 2172 ξύλα
723 2108 794 2162 τά
818 2105 986 2178 νοητά
1007 2108 1121 2171 τοίς
1142 2105 1360 2171 κλάδοις
1383 2109 1757 2180 ὲπικροτήσει,
1782 2106 1938 2179 φησί.

344 2199 744 2273 Χαὶρουσιγὰρ
784 2200 835 2254 οι
873 2188 1285 2267 πιστεύσαντες,
1325 2201 1580 2274 καθάπερ
1610 2201 1802 2274 ἀμέλει
1846 2203 1942 2256 καὶ

344 2291 415 2345 τὰ
443 2292 544 2362 ὅρη
574 2291 671 2346 καὶ
708 2293 759 2347 οἱ
792 2291 994 2363 βουνοὶ,
1023 2291 1324 2359 τουτέστιν,
1356 2292 1408 2347 oi
1459 2293 1822 2366 καθηγεῖσθαι
1847 2293 1943 2348 λα-

340 2381 534 2452 χόντες
571 2381 741 2447 λαῶν,
768 2380 864 2436 ἐπὶ
907 2384 974 2454 τῇ
1015 2382 1265 2455 σωτηρίᾳ
1312 2383 1422 2437 τῶν
1480 2382 1832 2455 καλουμένων
1860 2386 1943 2448 είς

342 2472 514 2544 ζωὴν,
546 2474 642 2527 καὶ
669 2473 775 2545 τῆς
800 2473 1072 2545 ἀχράντου
1115 2475 1508 2546 μυσταγωγίας
1537 2478 1619 2540 εἰς
1644 2476 1838 2549 πέρας,
1874 2478 1941 2531 δι’

341 2562 411 2638 ἦς
438 2566 502 2621 τὺ
533 2566 678 2620 θεῖον
703 2569 890 2632 αὐτοῖς
910 2568 1112 2623 ὲνίεται
1143 2569 1280 2640 φῶς.
1323 2565 1457 2624 Εἶτα
1490 2571 1575 2625 ὅτι
1601 2570 1829 2643 πλείστη
1858 2590 1944 2637 τις

345 2656 499 2711 ἔσται
523 2657 634 2712 τῶν
654 2657 1010 2730 κεκλημένων
1035 2659 1307 2732 μεταϐολὴ
1333 2660 1473 2733 πρὸς
1500 2660 1561 2715 τὸ
1595 2662 1944 2735 ἀσυγκρίτως

347 2748 596 2821 ἄμεινον,
625 2749 985 2806 διαδείκνυσιν
1009 2750 1171 2816 εὐθὺς
1204 2750 1398 2820 λέγων,
1428 2752 1505 2816 ὡς
1532 2753 1654 2807 ἀντὶ
1678 2754 1777 2825 τῆς
1799 2770 1943 2808 στοι-

351 2842 454 2909 ϐἦς
488 2842 645 2897 ἔσται
673 2843 1033 2914 κυπάρισσος,
1056 2843 1180 2897 ἀντὶ
1202 2842 1259 2897 δὲ
1280 2843 1382 2914 τῆς
1415 2845 1648 2916 κονύζης
1673 2846 1945 2918 ἀναϐήσε-

352 2949 447 2985 ται
463 2933 726 3006 μυρσίνη.
750 2934 981 3004 Στοτῦὴν
1000 2934 1093 2987 καὶ
1117 2932 1355 2999 κόνυζαν
1379 2934 1606 3008 πικρὰς,
1625 2936 1721 2989 καὶ
1739 2938 1945 3009 ἀπροσο

254 3081 282 3101 ν
350 3024 585 3097 ϐλήτους
612 3023 718 3097 [αι.
747 3024 1115 3098 ἀποϐλήτους]
1139 3026 1383 3090 ἀκάνθας
1413 3023 1557 3080 εἶναί
1585 3045 1771 3097 φασιν,
1802 3030 1948 3083 ὲντε-

352 3114 552 3187 θήλασι
581 3115 639 3169 δὲ
685 3116 906 3189 χωρίοις
941 3117 1042 3187 μὲν
1093 3120 1202 3182 τοῖς
1236 3118 1342 3172 ὑπὸ
1371 3118 1644 3190 γηπόνους
1674 3120 1948 3191 οὐδαμῶς,

2038 2009 2230 2079 Itaque
2250 2009 2397 2082 ligna
2418 2008 2779 2081 intelligibilia
2803 2006 3156 2079 applaudent,
3185 2001 3385 2073 inquit,
3439 1997 3633 2055 ramis.

2038 2104 2452 2162 Gaudentenim
2500 2106 2807 2170 credentes,
2839 2117 2947 2159 non
2980 2101 3144 2157 aliter
3174 2097 3432 2156 videlicet
3465 2108 3634 2166 quam

2042 2205 2254 2254 montes
2280 2207 2338 2253 et
2364 2197 2569 2265 colles,
2603 2199 2656 2255 id
2689 2206 2798 2266 est,
2824 2195 2917 2268 qui
2983 2202 3230 2268 pmsunt
3283 2189 3505 2262 populo,
3567 2188 3638 2240 de

2042 2291 2216 2347 salute
2251 2307 2442 2348 eorum
2474 2292 2567 2358 qui
2603 2294 2671 2349 ad
2710 2291 2876 2347 vitam
2906 2299 2962 2347 et
2989 2291 3056 2345 ad
3089 2303 3238 2360 pura:
3288 2282 3639 2359 mystagogiae

2044 2382 2433 2452 perfectionem
2462 2383 2639 2439 vocati
2666 2391 2815 2448 sunt,
2860 2398 2959 2455 per
2988 2393 3151 2451 quam
3174 2378 3355 2433 divina
3407 2376 3514 2430 illis
3542 2375 3641 2430 lux

2044 2473 2287 2546 aﬂ‘ulget.
2326 2474 2465 2530 Fore
2499 2483 2694 2531 autem
2717 2488 2907 2531 eorum
2945 2472 3036 2544 qui
3072 2471 3250 2527 vocati
3285 2479 3413 2525 sunt
3465 2468 3642 2522 maxi-

2045 2583 2187 2623 mam
2257 2567 2614 2623 mutationem
2694 2568 2761 2623 ad
2816 2568 2870 2623 id
2916 2566 3062 2637 quod
3127 2560 3638 2633 incomparabiliter

2046 2669 2284 2732 prazstat,
2309 2661 2553 2718 ostendit
2574 2676 2717 2719 cum-
2737 2659 2889 2715 dicit:
2927 2652 3031 2714 Pro
3053 2656 3228 2714 stueba
3262 2655 3369 2711 erit
3391 2653 3637 2726 cyparis-

2046 2768 2157 2819 sus,
2190 2768 2291 2824 pro
2312 2768 2520 2825 conyza
2547 2761 2754 2810 crescet
2775 2760 3002 2824 myrtus.
3039 2750 3282 2806 Stmbam
3303 2756 3654 2819 eteonyaam.

2049 2860 2265 2901 amaras
2297 2846 2485 2916 spinas
2513 2853 2566 2900 et
2599 2844 2900 2918 rejectitias
2937 2857 3060 2900 esse
3089 2842 3276 2898 dicunt
3319 2857 3333 2894 :
3386 2847 3645 2894 crescunt

2051 2947 2229 2992 autem
2260 2936 2312 2992 in
2338 2937 2469 2993 locis
2490 2938 2558 2993 ad
2591 2936 2978 3007 agriculturam
3010 2949 3118 2991 non
3134 2930 3524 2995 aecommodis,
3544 2928 3646 2984 sed

2054 3039 2213 3083 terra
2242 3028 2447 3084 inculta
2480 3041 2537 3088 et
2578 3031 2922 3103 salsuginosa
2975 3027 3232 3096 gaudent.
3292 3022 3456 3079 Tales
3519 3028 3646 3075 sunt

2054 3123 2147 3188 qui
2205 3134 2414 3192 errant,
2470 3135 2526 3182 et
2580 3136 2892 3181 creaturam
2964 3136 3078 3192 prae
3127 3119 3392 3175 Creatore
3434 3113 3645 3170 colunt.

353 3209 539 3316 Ξέρσῳ
566 3208 624 3262 δὲ
675 3209 770 3263 καὶ
822 3209 1024 3281 ἀλμάδι
1079 3209 1332 3281 χαίρουσι
1371 3213 1464 3281 γῇ.
1523 3211 1766 3266 Τοιοῦτοί
1806 3230 1949 3278 τινες

2059 3214 2346 3286 Postquam
2383 3228 2565 3273 autem
2604 3216 2781 3272 vocati
2813 3223 2942 3272 sunt
2973 3216 3041 3270 ad
3071 3212 3407 3284 agnitionem
3445 3205 3650 3262 verita-

353 3296 496 3372 ῆσαν
533 3303 583 3355 oi
620 3301 997 3373 πλανώμενοι,
1054 3304 1148 3357 καὶ
1185 3306 1252 3376 τῇ
1285 3306 1460 3358 κτίσει
1505 3307 1657 3379 παρά
1710 3306 1803 3360 τὸν
1838 3306 1954 3361 κτί-

356 3411 530 3448 σαντα
551 3394 930 3467 λατρεύοντες.
975 3394 1195 3467 Ἐπειδὴ
1244 3395 1300 3449 δὲ
1328 3395 1622 3465 κέκληνται
1658 3397 1795 3467 πρὸς
1836 3397 1956 3451 ἐπί-

356 3503 559 3555 γνωσιν
582 3486 862 3558 ἀληθείας,
877 3486 1108 3557 ἀφέντες
1127 3487 1188 3541 τὸ
1217 3481 1356 3542 εἶναι
1379 3489 1592 3560 στοίϐη,
1615 3491 1709 3544 καὶ
1732 3490 1953 3556 κόνυζα,

361 3580 863 3653 μετακεχωρήκασι
894 3581 1102 3654 νοητῶς
1133 3584 1214 3648 είς
1245 3584 1313 3638 τὰ
1346 3583 1566 3655 εὐμήκη
1596 3584 1691 3637 καὶ
1723 3584 1958 3656 εὐοσμό-

358 3687 498 3724 τατα
536 3669 646 3725 τῶν
675 3669 882 3740 φυτῶν.
918 3672 1339 3745 Χρηματίζουσι
1365 3673 1477 3745 γὰρ
1494 3672 1837 3746 κυπάρισσος
1863 3674 1960 3729 καὶ⁵

361 3762 626 3835 μυρσίνη.
662 3762 825 3834 Μέγα
842 3763 1024 3818 τοίνυν
1050 3763 1113 3818 τὸ
1140 3764 1327 3836 θαῦμα
1352 3765 1447 3820 τοῦ
1468 3765 1838 3836 γηπονοῦντος
1860 3767 1962 3840 τὴν

373 3852 730 3927 Ἐκκλησίαν,
762 3857 1034 3923 τουτέστι,
1074 3858 1171 3913 τοῦ
1212 3859 1479 3931 Χριστοῦ.
1509 3859 1819 3933 Μεθίστησι
1853 3859 1965 3932 γὰρ

359 3946 461 4012 τὰς
494 3948 742 4013 ἀκάνθας
769 3950 850 4014 είς
877 3950 948 4004 τὰ
970 3950 1169 4023 εὐγενῆ
1199 3953 1296 4006 καὶ⁹
1319 3954 1575 4024 ἐξαίρετα
1600 3954 1711 4008 τῶν
1756 3954 1963 4025 φυτῶν,

365 4041 460 4094 καὶ
505 4040 727 4113 ἑτέρους
775 4041 892 4099 ἀνθ’
931 4042 1139 4115 ἑτέρων
1167 4034 1464 4115 ἀποφαίνει
1513 4046 1801 4120 πατρικῶς

366 4135 801 4208 πνευματικῶς].
835 4136 1159 4209 Εὐρήσομεν
1205 4136 1265 4190 δὲ
1314 4139 1466 4192 τουτὶ
1525 4139 1747 4208 γεγονὸς
1786 4139 1881 4193 καὶ
1909 4140 1969 4192 ὲν

366 4224 480 4290 τοῖς
512 4225 573 4290 ἐξ
597 4226 829 4296 αἵματος
868 4226 1105 4300 Ἰσραήλ.
1126 4227 1321 4299 Στοιὸὴ
1348 4227 1458 4299 γὰρ
1477 4227 1632 4292 ὄντες
1654 4228 1747 4282 καὶ
1767 4227 1970 4293 κόνυζά

370 4332 501 4368 ποτε
543 4318 824 4382 Ματοαῖος
854 4319 948 4373 καὶ
976 4317 1210 4382 Παῦλος·
1256 4318 1286 4370 ὁ
1326 4319 1424 4390 μὲν
1457 4320 1567 4390 γὰρ
1594 4313 1664 4390 ἦν
1710 4319 1967 4390 τελώνης,

369 4411 399 4461 ὁ
435 4408 494 4463 δὲ
546 4410 783 4481 διώκτης
842 4411 937 4466 καὶ
984 4412 1279 4484 ὑϐριστής·
1341 4413 1628 4483 φωστῆρες
1677 4411 1971 4481 γεγόνασιν

369 4504 764 4575 οἰκουμενικοὶ,
821 4505 915 4559 καὶ
969 4505 1207 4576 Χριστὸν
1262 4503 1652 4568 εὐωδιάζουσιν
1697 4504 1757 4556 ὲν
1806 4503 1972 4556 παντὶ

2060 3306 2150 3373 tis,
2181 3310 2357 3364 stuaba
2385 3318 2440 3364 et
2460 3323 2670 3380 conyza
2701 3321 2823 3364 esse
2861 3307 3154 3370 desinunt,
3191 3318 3254 3359 ac
3284 3309 3525 3372 vergunt
3564 3299 3651 3352 in-

2060 3398 2409 3469 telligibiliter
2462 3401 2513 3455 in
2573 3414 2827 3468 proceras
2864 3410 2919 3456 et
2960 3395 3360 3470 pulcherrimas
3403 3391 3651 3446 arbores.

2062 3489 2193 3544 Nam
2235 3494 2551 3564 cyparissus
2581 3502 2962 3563 nuncupantur
3015 3501 3074 3546 et
3125 3499 3358 3561 myrtus.
3395 3485 3653 3555 Magnum

2060 3578 2252 3648 itaque
2279 3587 2366 3634 est
2395 3579 2719 3636 miraculum
2764 3579 2883 3649 ejus
2913 3580 3007 3652 qui
3037 3578 3172 3636 colit
3226 3575 3547 3633 Eeclesiam.
3597 3568 3655 3626 i‘d

2061 3679 2165 3738 est,
2212 3672 2436 3728 Christi.
2495 3671 2824 3745 Transponit
2875 3675 3025 3730 enim
3083 3673 3271 3745 spinas
3339 3672 3392 3726 in
3449 3667 3660 3724 nobiles

2064 3777 2119 3820 et
2157 3772 2479 3835 praestantes
2509 3766 2758 3835 arbores,
2786 3775 2842 3823 et
2882 3767 3025 3824 alias
3068 3781 3143 3823 ex
3169 3765 3291 3821 aliis
3320 3763 3452 3820 facit
3496 3760 3661 3832 spiri-

2070 3858 2308 3914 tualiter.
2336 3860 2449 3916 Hoc
2489 3859 2690 3917 factum
2728 3874 2850 3918 esse
2895 3861 3237 3918 inveniemus
3265 3859 3318 3913 in
3377 3855 3662 3913 lsraelitis.

2080 3948 2371 4007 Matthaaus
2400 3954 2546 4008 enim
2576 3964 2633 4009 et
2657 3954 2879 4019 Paulus,
2911 3968 3142 4024 quorum
3172 3951 3263 4007 ille
3318 3949 3663 4021 publicanus,

2073 4043 2162 4098 hic
2189 4053 2511 4113 perseeutor
2543 4055 2599 4100 et
2625 4045 2782 4102 ferox
2819 4052 2962 4111 erat;
2994 4060 3116 4100 eum
3147 4052 3334 4099 essent
3385 4040 3664 4112 quondam

2072 4138 2252 4193 stwha
2278 4147 2334 4194 et
2360 4152 2590 4210 conyza,
2618 4139 2749 4195 facti
2786 4149 2925 4194 sunt
2944 4141 3110 4195 totius
3158 4137 3309 4193 orbis
3335 4136 3550 4205 publica
3586 4133 3665 4187 lu-

2072 4231 2241 4296 mina,
2273 4239 2330 4285 et
2354 4229 2638 4287 Christum
2687 4236 2741 4285 in
2777 4232 2926 4288 omni
2978 4230 3120 4297 loco,
3165 4228 3360 4284 tumin
3409 4226 3665 4289 servatis,

2075 4328 2186 4375 tum
2246 4321 2299 4376 in
2344 4321 2574 4391 perditis
2656 4324 2923 4388 redolent,
2980 4322 3438 4393 quemadmodum
3492 4319 3668 4388 inquit

2073 4410 2277 4467 Paulus
2301 4413 2788 4470 sanctissimus‘”.
2815 4415 2970 4483 Quod
3002 4424 3181 4471 autem
3205 4413 3448 4470 omnium
3475 4413 3667 4466 horum

2074 4504 2456 4573 suppeditator
2484 4521 2548 4561 ac
2574 4506 2802 4576 largitor
2853 4517 3055 4562 interna
3105 4506 3277 4576 gloria
3319 4512 3373 4559 et
3431 4501 3670 4557 nominis

369 4596 545 4668 τόπῳ,
574 4595 634 4651 ἐν
660 4614 719 4650 τε
751 4599 865 4661 τοῖς
894 4596 1245 4669 σωζομένοις,
1294 4597 1390 4651 καὶ
1418 4597 1477 4650 ὲν
1497 4598 1614 4659 τοῖς
1659 4594 1949 4665 άπολλυμέ

2049 4595 2440 4664 perpetuitate
2497 4595 2569 4651 sit
2628 4595 2924 4666 potiturus,
2977 4596 3138 4651 docet
3193 4609 3318 4650 cum
3382 4591 3509 4647 ait:
3556 4587 3669 4643 Erit

371 4706 508 4753 νοις,
543 4687 689 4743 καθά
719 4706 883 4760 φησιν
911 4691 939 4742 ὁ
965 4689 1260 4761 ἱερώτατος
1286 4687 1651 4752 Παῦλος.”υτι
1686 4686 1744 4740 δὲ
1790 4687 1820 4740 ὁ
1846 4686 1973 4739 τού-

370 4798 482 4835 των
520 4782 740 4859 πάντων
793 4783 1029 4854 χορηγὸς
1080 4782 1176 4837 κοιλ¹
1232 4781 1500 4853 πρύτανις
1537 4782 1595 4833 ὲν
1629 4779 1974 4850 ἀτελευτήτῳ

375 4874 620 4930 κείσεται
641 4874 770 4948 δόξῃ
787 4876 880 4930 καὶ
905 4876 1159 4948 διαμονῇ,
1183 4875 1426 4929 διδάσκει
1457 4873 1654 4942 λέγων,
1677 4874 1760 4926 ὃτι.
1776 4872 1973 4926 Ἔσται

377 4966 585 5039 Κύριος
620 4969 701 5032 είς
727 4968 920 5039 ὄνομα,
956 4969 1046 5023 καὶ
1080 4970 1160 5034 είς
1199 4968 1428 5039 σημεῖον
1470 4964 1710 5029 αἰώνιον,
1741 4964 1836 5018 καὶ
1874 4965 1975 5017 οὐκ

376 5061 645 5132 ἐκλείψει·
675 5062 847 5133 ὄνομα
873 5063 932 5117 δέ
964 5080 1129 5134 φησιν
1164 5064 1221 5113 ἐν
1259 5058 1469 5122 τούτοις
1504 5056 1602 5128 τὴν
1636 5055 1795 5123 δόξαν
1819 5096 1832 5117 ,
1876 5073 1974 5125 ση-

380 5154 533 5223 μεῖον
563 5153 642 5221 δὲ,
671 5154 748 5221 ὥς
778 5173 842 5225 γε
895 5150 1071 5226 οἶμαι,
1095 5155 1195 5226 τὴν
1223 5152 1315 5207 διὰ
1352 5140 1589 5224 σταυροῦ
1617 5146 1974 5220 φαιδρότητα,

374 5244 446 5299 δι’
472 5237 535 5300 οὗ
563 5247 660 5302 καὶ
698 5246 1022 5318 σεσώσμεθα
1049 5288 1064 5311 ,
1117 5245 1357 5316 ἐσόμεθα
1429 5244 1483 5296 δὲ
1526 5239 1919 5309 ἀκαταλήκτως

377 5344 573 5399 οὐδένα
593 5344 785 5416 καιρὸν
809 5345 840 5416 ἢ
871 5343 1095 5415 τρόπον.

898 5481 1134 5536 ΤΟΜΟΣ
1189 5478 1457 5533 ΤΡΙΤΟΣ.

465 5626 608 5681 Idas
645 5622 812 5695 λέγει
840 5622 1085 5691 Κύριος·
1121 5617 1528 5673 Φυλάσσεσῶς
1558 5614 1782 5681 κρίσιν,
1806 5608 1980 5676 ποιὴ-
2008 5588 2017 5593 ’

382 5735 535 5774 dare
563 5718 988 5787 δικαιοσύνην.
1017 5718 1262 5786 "unus
1290 5712 1398 5785 γὰρ
1428 5711 1495 5767 τὸ
1527 5708 1825 5778 σωτήριόν
1863 5724 1978 5776 μου

459 5905 504 5937 ⁶’
542 5902 737 5974 Philip.
772 5918 844 5971 tv,
882 5903 933 5959 ‘l.
1011 5901 1054 5933 ⁸³
1088 5901 1251 5956 Cant.
1287 5915 1338 5965 v,
1379 5898 1419 5952 Ι.
1473 5886 1538 5918 δ”
1611 5895 1648 5950 ll
1681 5896 1802 5979 (lor.
1844 5910 1901 5955 ιι,
1943 5891 2025 5946 16.

2089 4686 2347 4742 Dominus
2370 4688 2427 4742 in
2460 4703 2657 4743 nomen
2686 4689 2819 4745 etin
2870 4689 3085 4759 signum
3142 4687 3558 4756 sempiternum,
3620 4693 3671 4738 et

2084 4794 2190 4833 non
2240 4780 2475 4835 deﬁciet.
2508 4778 2718 4835 Nomen
2753 4781 2841 4836 hic
2897 4792 3057 4836 vocat
3108 4779 3387 4850 gloriam;
3437 4777 3673 4846 signum,

2083 4880 2141 4927 ut
2170 4890 2270 4944 ego
2300 4874 2515 4944 quidem
2551 4875 2967 4942 ecuseo,crucis
2990 4874 3355 4944 splendorem,
3388 4886 3482 4939 per
3513 4882 3673 4936 quam

2080 4965 2245 5018 etiam
2267 4967 2464 5020 servati
2498 4982 2706 5032 sumus,
2736 4966 2790 5020 in
2816 4981 2919 5035 qua
2951 4967 3115 5020 etiam
3144 4964 3347 5032 iugiter
3379 4973 3670 5029 pcrmane-
3733 4990 3741 5029 ε

2082 5055 2280 5134 ϋίιιιυε.
2314 5054 2602 5126 Nunquam
2628 5057 2772 5110 enim
2804 5054 2921 5124 ejus
2950 5055 3124 5126 gratia
3150 5054 3259 5107 ultu
3279 5060 3525 5120 tempore
3580 5057 3675 5102 aut

2085 5149 2244 5205 modo
2278 5165 2377 5204 nos
2400 5150 2634 5205 deﬁciet.

1988 5237 2045 5289 ἐν
2084 5237 2278 5308 τούτῳ.
2327 5240 2597 5311 Ἐκλείψει
2644 5245 2753 5315 γὰρ
2782 5247 2913 5317 ἡμῖν
2944 5243 2976 5315 ἠ
3011 5242 3140 5311 παρ’
3168 5236 3338 5293 αὐτοῦ
3367 5236 3528 5306 χάρις
3559 5228 3682 5284 κατέ·

2468 5467 2913 5542 786,1‘ouus
2932 5465 3295 5540 (lenitus.

2160 5608 2290 5662 CAP.
2323 5606 2456 5663 LVI.
2490 5606 2651 5665 Vens.
2690 5610 2739 5663 l.
2774 5607 2903 5663 ch
2926 5606 3053 5660 dicit
3081 5602 3336 5658 Dominus
3370 5616 3387 5651 :
3412 5596 3688 5653 Coa-(odire

2080 5701 2392 5771 judicium,
2452 5701 2609 5772 facile
2666 5702 2952 5772 justitiam.
3027 5691 3469 5768 Appropinqunvil
3538 5692 3695 5745 enim
