4100 6502
432 444 455 504 1
468 446 569 504 9.39

1427 448 1484 503 S.
1527 446 1798 505 CYRILLI
1836 443 2306 503 ALEXANDBlNl
2345 440 2519 499 ARCI‘
2618 444 2662 499 “.

3557 439 3696 493 19H)

434 546 671 599 salutare
715 562 883 601 meum
954 555 1008 599 ut
1069 545 1260 610 veniat,
1290 554 1337 600 et
1371 546 1739 601 misericordia
1773 562 1915 611 mea,
1949 556 2004 599 ut

2129 541 2588 613 ταραγενέσθαι,
2641 539 2739 593 καὶ
2793 539 2857 591 τὸ
2911 534 3085 601 ἔλεός
3155 553 3273 605 μου
3336 537 3697 604 ἀποκαλυρη

433 637 681 705 pateﬁat.

506 725 582 780 De
611 725 847 796 gentium
898 726 1182 782 vocatione
1249 742 1347 798 per
1417 727 1600 794 ﬁdem,
1658 730 1910 786 videlicet
1955 730 2010 785 in

432 815 668 883 Christo,
718 816 959 885 pluribus
1007 817 1187 874 verbis
1235 820 1347 890 egit
1403 820 1459 876 in
1508 822 1670 892 paulo
1718 821 2012 893 superiori-

433 908 536 964 bus
578 927 591 962 :
642 923 748 978 quo
787 912 1057 978 confecto,
1086 914 1281 970 transit
1306 914 1502 970 iterum
1537 916 1604 971 ad
1636 914 2011 971 commonefa-

432 998 682 1053 ciendum
718 997 1010 1058 lsraelitas.
1060 1001 1263 1059 Natura
1288 1004 1433 1061 enim
1459 1005 1631 1061 bonus
1654 1007 1795 1062 Deus
1825 1020 2015 1063 omnes

433 1089 681 1146 homines
715 1091 827 1147 vult
862 1092 1043 1150 salvos
1078 1092 1216 1163 ﬁeri,
1262 1102 1316 1151 et
1350 1097 1417 1152 ad
1448 1097 1782 1167 agnitionem
1808 1097 2010 1153 verita-

435 1180 505 1236 tis
526 1184 716 1239 venire
738 1182 852 1241 "‘2
891 1185 1156 1252 Quoniam
1185 1196 1369 1243 autem
1405 1188 1653 1244 solebant
1680 1198 1905 1259 propter
1927 1203 2015 1243 no-

434 1268 700 1328 bilitatem
726 1282 939 1344 patrum
977 1277 1327 1346 supercilium
1373 1276 1579 1342 tollere,
1607 1286 1661 1331 et
1686 1278 1790 1332 hac
1813 1277 1927 1332 sola
1947 1277 2015 1333 de

436 1375 598 1417 causa
618 1363 787 1419 altum
817 1380 1028 1435 sapere,
1056 1375 1111 1423 et
1133 1368 1258 1438 quia
1291 1368 1393 1423 hoc
1426 1368 1529 1424 sibi
1556 1368 1825 1437 putabant
1871 1370 2010 1424 satis

437 1463 576 1516 esse,
609 1453 821 1509 etiamsi
870 1456 1013 1511 nulla
1056 1458 1236 1527 probae
1270 1457 1540 1513 vitas-laus
1589 1458 1829 1513 eluceret
1856 1499 1871 1522 ,
1919 1474 2015 1514 co-

440 1550 599 1596 natur
650 1547 878 1612 probare
913 1547 1125 1603 inanem
1156 1547 1273 1605 fore
1321 1549 1429 1605 illis
1486 1549 1708 1605 omnino
1764 1551 1818 1605 in
1867 1551 2017 1607 hisce

441 1633 599 1689 rebus
631 1646 893 1692 tumorem
919 1659 931 1694 :
960 1639 1053 1695 sed
1077 1655 1172 1697 eos
1203 1641 1359 1697 docet
1384 1641 1751 1697 excellentem
1784 1642 2014 1713 gloriam

440 1727 718 1795 consequi,
753 1730 845 1799 qui
871 1744 934 1785 ea
976 1746 1095 1801 quae
1145 1733 1384 1803 injuncta
1442 1742 1591 1799 sunt,
1618 1743 2015 1806 exsequuntur,

438 1816 564 1870 etin
595 1818 757 1875 factis
786 1821 1127 1889 Splendorem
1188 1825 1453 1881 ambiunt.
1493 1824 1778 1882 Custodite
1831 1827 2014 1896 igitur,

2116 634 2313 703 θῆναι.

2181 725 2316 796 Περὶ
2344 727 2444 795 τῆς
2464 722 2572 776 τῶν
2594 722 2762 776 ὶθνῶν
2793 720 3037 793 κλήσεως
3074 720 3176 790 τῆς
3207 718 3295 772 διὰ
3319 717 3575 782 πίστεως,
3595 717 3695 787 δη-

2111 815 2285 869 λονότι
2311 815 2413 885 τῆς
2438 814 2497 867 ὲν
2527 812 2770 884 Χριστῷ,
2802 812 3043 884 μακροὺς
3078 810 3371 882 πεποίηται
3412 809 3606 878 λόγους
3638 811 3699 862 ὲν

2111 906 2226 970 τοῖς
2250 904 2442 958 άνόπιν
2467 903 2663 975 βραχὺ,
2695 902 3032 972 διαπεράνας
3049 898 3278 955 δὲτοῦτο
3299 899 3507 969 μέτεισι
3535 899 3700 953 πάλιν

2113 997 2205 1050 ἐπὶ
2238 997 2297 1051 τὺ
2332 997 2530 1067 χρῆναι
2579 994 2848 1048 νουθετεῖν
2873 995 3001 1057 τοὺς
3045 992 3105 1056 ἐξ
3160 990 3396 1062 αἵματος
3458 989 3702 1061 Ἰσραήλ.

2113 1086 2276 1141 Φύσει
2305 1086 2417 1157 γὰρ
2447 1085 2710 1157 ὑπάρχων
2740 1084 2944 1154 ἀγαθὸς
2976 1085 3183 1146 πάντας
3212 1081 3532 1153 ἀνθρώπους
3555 1082 3702 1137 θέλει

2118 1179 2376 1250 σωθῆναι,
2410 1178 2502 1232 καὶ
2530 1181 2610 1243 είς
2640 1177 2937 1246 ἐπίγνωσιν
2969 1175 3223 1247 ἀληθείας
3245 1175 3438 1230 ἐλθεῖν.
3484 1174 3703 1243 Ἐπειδὴ

2114 1272 2171 1325 δὲ
2193 1267 2263 1343 ἦν
2295 1270 2416 1335 ἔθος
2429 1271 2610 1336 αὐτοῖς
2644 1270 2737 1324 ἐπὶ
2764 1271 2829 1341 τῇ
2874 1268 2985 1323 τῶν
3012 1268 3287 1339 πατέρων
3322 1267 3571 1339 εὐγενείᾳ
3601 1266 3703 1337 τὴν

2118 1364 2289 1435 ὀφρὶν
2307 1364 2577 1434 άνασπᾷν,
2596 1362 2690 1417 καὶ
2718 1362 2860 1432 μέγα
2884 1361 3124 1431 φρονεῖν,
3147 1359 3232 1412 ἐπ’
3258 1357 3407 1429 αὐτῷ
3421 1358 3484 1428 δὴ
3506 1358 3697 1427 τούτῳ,

2117 1457 2213 1510 καὶ
2244 1455 2412 1528 μόνῳ,
2455 1455 2551 1509 καὶ
2578 1454 2913 1524 ἀποχρήσειν
2947 1452 3130 1514 αὐτοῖς
3158 1449 3367 1503 οἴεσθαι
3398 1448 3574 1510 ταυτὶ,
3605 1448 3701 1501 καὶ

2119 1549 2166 1601 εί
2194 1548 2268 1618 μὴ
2312 1547 2471 1619 μετὸν
2499 1546 2673 1619 ὁρῷτο
2691 1544 2792 1614 τῆς
2816 1544 3050 1607 εὐζωῖας
3076 1543 3137 1595 τὸ
3174 1541 3455 1612 καύχημα,
3505 1542 3699 1610 πειρᾶ-

2117 1658 2207 1693 ται
2238 1640 2626 1712 πληροφορεῖν,
2667 1639 2742 1702 ὡς
2766 1639 2976 1691 εἰκαῖον
3022 1636 3205 1698 αὐτοῖς
3241 1634 3392 1689 ἔσται
3429 1631 3706 1694 παντελῶς

2118 1732 2179 1785 τὸ
2212 1732 2305 1786 ἐπὶ
2350 1732 2531 1802 τούτῳ
2580 1731 2831 1801 φύσημα,
2880 1729 3036 1794 δόξαν
3069 1728 3124 1781 δὲ
3167 1728 3367 1798 μᾶλλον
3417 1724 3708 1793 ἀποφαίνει

2120 1823 2380 1894 λαχόντας
2411 1823 2709 1896 θεοπρεπῆ,
2735 1822 2796 1875 τὸ
2829 1819 3069 1892 πληροῦν
3097 1818 3312 1872 ἑλέσθαι
3331 1816 3400 1879 τὰ
3422 1817 3709 1883 διατεταγ-

438 1907 635 1979 inquit,
663 1912 950 1979 judicium,
984 1915 1037 1972 id
1070 1922 1175 1981 est,
1204 1927 1413 1972 rectum
1468 1916 1754 1985 judicium,
1792 1917 1876 1972 vel
1931 1917 2014 1973 di-

2129 1916 2275 1987 μένα,
2329 1917 2423 1971 καὶ
2452 1916 2514 1969 τὸ
2559 1916 2658 1987 τὴν
2698 1916 2757 1968 ὲν
2793 1914 2975 1985 ἔργοις
3011 1910 3349 1982 φαιδρότητα
3398 1907 3714 1989 μεταποιεῖ-

441 2000 564 2053 vina
615 1999 839 2070 judicia,
902 2004 1110 2066 scilicet
1165 2007 1437 2063 mandata.
1494 2007 1680 2066 Facite
1729 2010 2016 2080 justitiam.

440 2086 558 2142 Non
590 2091 732 2145 enim
764 2093 922 2150 modo
936 2095 1133 2152 divinis
1167 2096 1373 2168 legibus
1390 2098 1525 2155 velle
1546 2098 1829 2155 adhaerere
1885 2102 2021 2157 satis

441 2186 545 2243 cst,
578 2188 632 2235 et
665 2195 695 2235 a
728 2184 1019 2250 prmstandi
1055 2200 1117 2241 ac
1146 2186 1464 2257 perﬁciendi
1501 2188 1678 2247 cilicio
1717 2191 2016 2257 discedere,

442 2271 537 2323 sed
594 2281 819 2341 oportet
865 2290 1028 2344 porro
1077 2292 1358 2340 sacrorum
1400 2257 1732 2349 ju'diciorum
1770 2285 2022 2340 custodes

447 2374 731 2430 apparere,
776 2374 831 2418 et
858 2367 1002 2422 omni
1037 2370 1300 2425 bonorum
1324 2385 1549 2441 operum
1578 2388 1777 2443 genere
1839 2374 2020 2429 excel-

343 2518 345 2521 ι
447 2453 578 2505 lere.
613 2451 692 2508 Ne
716 2468 844 2510 vero
871 2455 992 2525 quis
1024 2468 1272 2528 nostrum
1304 2467 1456 2529 putet
1497 2462 1581 2519 his
1610 2463 1791 2519 verbis
1845 2461 2023 2519 lsrae-

446 2539 568 2595 litus
583 2542 649 2596 ad
677 2541 1112 2600 observationem
1140 2546 1294 2617 legis,
1313 2562 1433 2619 qure
1457 2549 1509 2603 in
1536 2549 1746 2605 umbris
1761 2550 2020 2604 nimirum

443 2633 545 2687 sita
601 2643 686 2690 est
723 2643 778 2691 et
828 2636 883 2692 in
938 2639 1098 2708 typis,
1160 2638 1386 2695 excitari
1435 2658 1449 2696 :
1490 2640 1822 2710 iustiﬁcetur
1880 2642 2022 2699 enim

449 2740 609 2781 nemo
655 2725 712 2782 in
762 2726 882 2798 lege
927 2730 1067 2800 apud
1119 2731 1311 2800 Deum,
1338 2733 1791 2804 quemadmodum
1830 2732 2027 2790 Paulus

443 2813 533 2870 ille
560 2824 640 2872 ter
672 2818 908 2888 optimus
937 2821 1214 2892 scripsit"
1233 2839 1252 2878 :
1281 2838 1450 2892 prope
1480 2838 1601 2880 esse
1629 2824 1761 2880 dicit
1789 2825 2028 2883 salutare

444 2923 629 2975 suum,
664 2918 720 2977 et
755 2911 1181 2970 misericordiam
1209 2916 1665 2987 patefaciendam.
1713 2918 2026 2977 Misericor-

446 3000 590 3055 diam
625 3011 679 3057 et
709 3004 951 3062 salutare
973 3020 1132 3068 vocat
1160 3009 1437 3066 Christum
1469 3029 1483 3067 :
1512 3026 1610 3083 per
1648 3012 1824 3080 ipsum
1881 3013 2026 3069 enim

441 3092 879 3150 misericordiam
926 3097 1106 3168 adepti
1171 3114 1383 3167 sumus,
1429 3112 1483 3157 et
1541 3104 1917 3159 remissionem
1962 3120 2028 3160 ac

444 3183 676 3240 salutem
708 3201 804 3258 per
839 3189 997 3245 tidem
1022 3189 1256 3248 lucrati:
1292 3191 1482 3250 Simile
1514 3208 1634 3250 esse
1660 3194 1892 3252 dicimus
1928 3196 2032 3252 hoc

2124 2008 2248 2062 σθαι
2280 2008 2475 2079 φιλεῖν.
2509 2006 2718 2061 Οὐκοῦν
2758 2005 3121 2075 φυλάσσεσθε,
3152 2004 3305 2075 φησι,
3330 2001 3534 2072 κρίσιν,
3554 2015 3716 2050 τουτ-

2122 2102 2260 2166 έστι,
2280 2100 2378 2171 τὴν
2399 2097 2773 2172 ὀρθοκρισίαν,
2796 2100 2916 2170 ἤτοι
2939 2096 3008 2151 τὰ
3033 2097 3152 2151 θεῖα
3176 2094 3445 2167 κρίματα,
3474 2089 3635 2161 δῆλον
3654 2087 3715 2141 δὲ

2121 2192 2201 2245 ὅτι
2229 2190 2329 2254 τὰς
2354 2189 2593 2253 ἐντολάς.
2632 2190 2844 2243 Ποιεῖτε
2864 2186 3231 2257 δικαιοσύνην·
3259 2185 3321 2238 ού
3355 2183 3466 2253 γὰρ
3489 2180 3713 2253 ἀρκέσει

2126 2284 2286 2353 μόνον
2317 2283 2379 2336 τὸ
2408 2281 2698 2352 βούλεσθαι
2730 2281 2829 2350 μὲν
2870 2282 2984 2344 τοῖς
3028 2279 3194 2341 θείοις
3238 2275 3595 2348 προσκεῖσθαι
3628 2271 3717 2325 νό-

2127 2389 2267 2440 μοις,
2295 2372 2596 2441 ἀποφοιτᾷν
2623 2370 2677 2422 δὲ
2710 2368 2805 2423 τοῦ
2840 2369 3041 2441 χρῆναι
3072 2366 3449 2438 διαπεραίνειν
3477 2361 3676 2422 αύτούς
3699 2375 3713 2390 '

2122 2463 2203 2515 δεῖ
2230 2463 2287 2516 δὲ
2312 2463 2558 2532 φύλακας
2582 2461 2813 2534 ὁρᾶσθαι
2838 2461 2945 2515 τῶν
2966 2460 3126 2533 ἱερῶν
3149 2458 3459 2530 χριμάτων,
3494 2455 3720 2525 διιιιπρέ-⁸

2126 2573 2246 2610 πειν
2272 2572 2332 2608 τε
2362 2556 2497 2626 πρὸς
2521 2555 2696 2625 τούτῳ
2726 2554 2814 2609 διὰ
2858 2553 3039 2627 πάσης
3089 2549 3480 2623 ἀγαθουργίας.
3515 2546 3631 2601 Ἵνα
3661 2547 3719 2600 δὲ

2129 2647 2202 2719 μή
2242 2663 2327 2711 τις
2350 2645 2530 2719 οἴηται
2559 2646 2668 2700 τῶν
2691 2645 2812 2701 καθ’
2852 2646 3004 2717 ἡμᾶς
3040 2645 3132 2699 ἐπὶ
3164 2643 3260 2716 τὴν
3299 2642 3396 2696 τοῦ
3431 2641 3600 2712 νόμου
3625 2639 3723 2710 τή-

2129 2757 2306 2812 ρησιν,
2344 2741 2442 2812 τὴν
2464 2740 2540 2804 ὡς
2579 2738 2637 2793 ἐν
2662 2739 2726 2808 γέ
2758 2756 2901 2810 φημι
2929 2741 3109 2802 σκιαῖς
3150 2755 3208 2792 τε
3256 2737 3350 2790 καὶ
3378 2735 3574 2798 τύποις
3613 2750 3719 2787 πα-

2130 2830 2463 2903 ραθήγεσθαι
2504 2831 2593 2885 διὰ
2642 2831 2849 2885 τούτων
2881 2832 3006 2895 τοὺς
3031 2830 3090 2895 ἐξ
3133 2828 3382 2901 Ἰσραήλ·
3417 2825 3719 2881 δικαιοῦται

2126 2922 2235 2995 γὰρ
2254 2923 2427 2985 οὐδεὶς
2452 2924 2509 2974 ὲν
2532 2922 2682 2993 νόμῳ
2720 2921 2869 2994 παρὰ
2913 2921 3054 2992 Θεῷ,
3102 2920 3247 2975 καθὰ
3285 2919 3536 2991 γέγραφέ
3576 2933 3723 2971 τισιν

2126 3016 2156 3067 0
2180 3015 2512 3087 πανάριστος
2545 3015 2753 3079 Παῦλος
2772 3031 2785 3044 ·
2809 3015 2977 3084 ἐγγὺς
3010 3009 3147 3068 εἷναί
3179 3029 3310 3083 φησι
3341 3012 3403 3064 τὸ
3432 3011 3720 3081 σωτήριον,
3804 3040 3817 3049 -

2129 3106 2319 3161 καὶτὸ
2366 3105 2514 3168 ἕλεος
2558 3104 2726 3159 αὑτοῦ
2775 3103 3255 3175 ἀποκαλυφθῆναι.
3318 3100 3510 3164 Ἔλεος
3537 3099 3594 3153 δὲ
3625 3100 3723 3152 καὶ

2131 3198 2397 3270 σωτήριον
2427 3196 2682 3269 ὀνομάζει
2702 3197 2962 3268 Χριστένο
2994 3196 3275 3268 ἡλεήμεθα
3311 3195 3420 3267 γὰρ
3442 3194 3506 3247 δι’
3531 3191 3724 3257 αὑτοῦ,

446 3273 523 3329 illi
570 3276 715 3347 quod
740 3291 770 3333 a
798 3277 910 3335 Deo
931 3279 1133 3337 dictum
1164 3292 1249 3340 est
1304 3284 1371 3340 ad
1421 3286 1641 3342 beatum
1701 3285 1980 3344 Abbacum
2011 3305 2024 3343 :

2131 3289 2231 3359 τὴν
2279 3287 2368 3342 διὰ
2393 3288 2628 3353 πίστεως
2653 3290 2849 3359 ἄφεσιν
2875 3288 2970 3342 καὶ⁹
3001 3287 3273 3359 σωτηρίαν
3301 3284 3727 3357 ἀποκερδαίνον-

454 3385 473 3417 ι
512 3367 704 3426 Adhuc
727 3371 1027 3442 paululum,
1056 3375 1148 3445 qui
1180 3376 1329 3434 venit
1350 3378 1554 3446 veniet,
1582 3387 1765 3435 etnon
1820 3395 2031 3437 moram

448 3463 629 3519 trahet
654 3464 779 3541 ⁷ο.)
828 3465 1101 3537 Pateﬁeri,
1146 3470 1275 3526 dicit
1304 3486 1402 3541 pro
1429 3473 1791 3531 manifestari.
1852 3474 2035 3547 Siqui-

450 3556 574 3613 dem
650 3562 1080 3630 prsenuntia'runt
1165 3565 1309 3621 beati
1376 3567 1657 3638 propheta:
1725 3568 2036 3626 Servatoris

449 3650 778 3718 adventum,
838 3652 1001 3725 787
1064 3664 1121 3710 et
1177 3656 1481 3727 patefactus
1532 3669 1615 3716 est
1673 3661 2032 3727 mortalibus,

450 3744 675 3814 quando
719 3746 1293 3814 potenti-dominatori
1325 3750 1501 3807 visum
1530 3761 1638 3809 est.
1669 3751 1824 3820 Quod
1868 3753 2034 3810 etiam

450 3833 671 3891 divinus
710 3835 878 3892 David
902 3836 1138 3904 docebit.
1169 3840 1390 3898 dicens:
1451 3861 1472 3896 ι
1502 3842 1703 3900 Notum
1732 3844 1867 3901 fecit
1933 3846 2036 3901 Do-

450 3927 634 3985 minus
660 3928 900 3986 salutare
928 3946 1108 3998 suum,
1133 3933 1188 3989 in
1223 3946 1516 4006 conspectu
1559 3937 1802 4007 gentium
1826 3938 2035 3995 revela-

451 4019 532 4075 vit
544 4020 813 4092 justitiam
831 4039 983 4081 suam
1014 4025 1082 4081 “.
1107 4043 1126 4079 ι
1154 4024 1534 4086 Manifestatus
1557 4030 1703 4086 enim
1758 4038 1843 4087 est
1878 4031 2037 4087 Chri-

458 4124 577 4170 stus
618 4117 895 4188 gentibus,
936 4119 1028 4191 qui
1062 4130 1147 4177 est
1190 4120 1430 4178 salutare
1476 4134 1531 4180 et
1558 4124 1809 4195 iustitia,
1836 4124 2037 4196 quippe

452 4206 509 4259 in
547 4205 684 4277 ipso,
708 4215 768 4264 ut
785 4208 896 4281 jam
925 4211 1056 4278 dixi,
1092 4213 1232 4271 Deus
1273 4230 1337 4270 ac
1373 4216 1532 4271 Pater
1583 4232 1683 4274 nos
1716 4217 1951 4274 servavit
1980 4223 2030 4272 et

448 4302 790 4370 iustiﬁcavit.

531 4568 694 4627 Vens.
747 4571 803 4625 2.
837 4567 1034 4626 Beatus
1062 4573 1140 4626 vir
1190 4573 1279 4642 qui
1331 4570 1607 4642 facit/tm,
1636 4584 1685 4627 et
1729 4571 1883 4626 homo
1947 4572 2042 4642 qui

2135 3397 2245 3444 τες,
2283 3380 2491 3445 Ἐοικὸς
2506 3374 2649 3436 εἷναί
2670 3381 3044 3452 φαμενςτούτῳ
3060 3380 3120 3433 τὸ
3144 3382 3264 3451 είρη
3275 3378 3432 3450 μένον
3456 3377 3551 3452 [aL
3567 3375 3729 3430 τοῦτο

2135 3473 2213 3543 τῷ
2251 3472 2549 3545 εἰρημένῳ]
2576 3473 2729 3544 παρὰ
2757 3470 2895 3528 Θεοῦ
2922 3472 3061 3544 πρὸς
3089 3470 3178 3525 τὸν
3211 3470 3482 3540 μακάριον
3528 3466 3728 3521 Ἀϐδα-

2136 3567 2298 3638 κούμ·
2323 3585 2341 3619 ι
2357 3567 2479 3636 Ἔτι
2509 3566 2726 3638 μικρὸν,
2744 3568 2773 3620 0
2797 3564 3091 3636 ἐρχόμενος
3105 3564 3245 3635 ἥξει,
3263 3562 3356 3616 καὶ
3375 3562 3436 3615 ού
3465 3563 3687 3633 χρονιεῖ.
3706 3577 3725 3610 ι

2138 3660 2213 3713 Τὸ
2236 3659 2296 3714 δέ
2323 3676 2387 3729 γε
2415 3657 2872 3727 ἀποκαλυφθῆναι
2909 3675 3096 3729 φησιν,
3131 3656 3253 3710 ἀντὶ
3289 3654 3384 3708 τοῦ
3412 3651 3719 3725 φανερωθῆη

2137 3767 2252 3807 ναι·
2282 3750 2737 3824 προαπήγγελλον
2777 3749 2879 3820 μὲν
2912 3748 3023 3820 γὰρ
3058 3750 3107 3802 οί
3162 3746 3421 3820 μακάριοι
3453 3747 3732 3817 προφῆται

2135 3843 2230 3898 τοῦ
2263 3844 2516 3916 Σωτῆρος
2543 3841 2643 3914 τὴν
2668 3841 2855 3912 ἄφιξιν
2877 3856 2892 3871 °
2928 3840 3119 3910 γέγονε
3143 3840 3199 3894 δὲ
3227 3843 3343 3904 τοῖς
3371 3839 3466 3892 ἐπὶ
3504 3839 3602 3909 τῆς
3626 3838 3732 3908 γῆς

2137 3933 2376 4005 ἐναργὴς
2400 3935 2458 3987 ἐν
2498 3934 2714 4003 καιροῖς
2735 3972 2749 3993 ,
2791 3931 2915 3985 καθ’
2947 3930 3044 3994 οὒς
3078 3929 3344 4001 ἠθέλησεν
3369 3930 3398 3981 0
3417 3925 3687 3996 δυνάστης
3715 3942 3727 3954 ·

2137 4026 2233 4081 καὶ
2257 4026 2418 4081 τοῦτο
2442 4024 2647 4092 διδάξει
2677 4025 2850 4093 λέγων
2875 4024 2904 4077 0
2928 4023 3216 4086 θεσπέσιος
3237 4020 3400 4076 Δαῢίδ
3423 4036 3439 4052 ο
3479 4038 3497 4071 ι
3529 4015 3732 4086 Ἐγνὼ-

2140 4132 2256 4186 ρισε
2290 4115 2496 4187 Κύριος
2517 4115 2578 4170 τὸ
2605 4116 2873 4187 σωτήριον
2897 4113 3084 4178 αὐτοῦ,
3138 4112 3382 4168 ἐναντίον
3414 4109 3524 4163 τῶν
3557 4107 3730 4162 ἐθνῶν

2138 4206 2456 4277 ἀπεκάλυψε
2506 4207 2606 4279 τὴν
2637 4206 2989 4277 δικαιοσύνην
3026 4204 3214 4259 αὑτοῦ.
3253 4224 3272 4257 ι
3334 4202 3730 4273 Πεφανέρωται

2137 4300 2247 4372 γάρ
2276 4303 2389 4365 τοῖς
2421 4300 2598 4355 ἔθνεσι
2636 4301 2897 4374 Χριστὸς,
2928 4301 2987 4364 ὃς
3030 4301 3148 4353 ἐστι
3199 4297 3484 4369 σωτήριον,
3514 4295 3608 4347 καὶ
3646 4294 3729 4347 δι-

2138 4391 2422 4464 καιοσύνη·
2454 4394 2529 4457 ὡς
2562 4393 2670 4465 γὰρ
2698 4394 2834 4465 ἔφην
2882 4393 3104 4465 ἀρτίως,
3139 4393 3348 4445 σέσωκέ
3382 4409 3438 4445 τε
3464 4390 3557 4444 καὶ
3587 4390 3728 4443 δεδι·

2139 4485 2379 4539 καίωκεν
2408 4487 2557 4557 ἡμᾶς
2591 4486 2618 4538 0
2648 4486 2781 4551 Θεὸς
2808 4487 2903 4540 καὶ
2941 4483 3132 4556 Πατὴρ
3156 4486 3213 4538 ὲν
3245 4481 3415 4554 αὐτῷ.

2210 4577 2513 4648 Μακάριος
2545 4578 2702 4647 ἀνὴρ
2734 4582 2767 4633 ὁ
2806 4578 2993 4633 ποιῶν
3024 4578 3235 4643 ταῦτα,
3271 4575 3373 4631 καί
3418 4575 3728 4641 ἅνθρωπος

454 4665 642 4720 retinet
673 4666 807 4730 lucc,
842 4673 887 4717 et
917 4664 1144 4720 custodit
1185 4665 1439 4732 Sabbata,
1464 4677 1519 4719 ut
1559 4683 1664 4722 non
1688 4666 2026 4735 profanetea,

2139 4669 2171 4719 ὀ
2194 4667 2597 4736 ἀντεχόμενος
2626 4668 2844 4732 αὐτῶν,
2870 4668 2967 4722 καὶ
2998 4666 3342 4737 φυλάσσων
3368 4665 3443 4719 τὰ
3460 4664 3735 4718 Σάϐϐατὰ

454 4768 501 4813 ct
522 4764 694 4815 servat
722 4775 909 4813 manus
933 4775 1081 4823 suas,
1104 4773 1166 4814 ne
1196 4759 1395 4828 faciant
1422 4760 1761 4829 injustitiam.

524 4933 765 5005 Cognata
794 4942 919 4989 sunt
942 4934 1057 4990 hinc
1074 4935 1187 5004 jam
1221 4937 1401 4999 dictis,
1446 4945 1502 4992 et
1541 4937 1730 4990 eodem
1762 4934 1987 4988 tendunt
2022 4952 2034 4987 :

455 5026 551 5081 sed
624 5026 787 5083 habet
844 5027 1023 5083 oratio
1082 5029 1331 5098 quaedam
1400 5027 1790 5083 observatione
1854 5026 2036 5094 digna.

456 5118 753 5174 Considera
783 5120 926 5175 enim
963 5135 1069 5190 quo
1109 5130 1268 5190 pacto
1305 5120 1451 5174 dicat
1473 5134 1598 5174 eum
1649 5121 1865 5174 beatum
1896 5132 2040 5183 esse,

456 5227 565 5267 non
600 5211 921 5283 simpliciter
945 5213 1037 5284 qui
1070 5229 1137 5268 ex
1165 5212 1377 5268 semine
1420 5211 1653 5267 Abrahae
1673 5222 1779 5274 est,
1812 5227 1920 5266 non
1951 5213 2071 5280 qui'

455 5303 662 5358 carnali
692 5303 978 5361 nobilitate
1019 5312 1220 5373 turget,
1280 5314 1333 5359 et
1385 5304 1439 5357 in
1477 5318 1543 5358 eo
1594 5302 1738 5357 inani
1790 5304 2041 5372 superbia

458 5395 757 5460 insolescit,
817 5395 912 5451 sed
970 5394 1121 5449 illum
1154 5392 1207 5447 in
1235 5408 1344 5463 quo
1378 5393 1533 5447 bona":
1571 5402 1626 5447 et
1672 5392 1891 5448 illibata:
1918 5393 2043 5448 vita:

457 5485 603 5541 velut
623 5484 906 5557 splendida
945 5494 1000 5540 et
1025 5483 1255 5539 illustris
1297 5484 1533 5555 dignitas
1574 5484 1755 5541 inesse
1800 5485 2045 5540 cernitur

458 5585 514 5632 et
534 5578 856 5635 enitescere.
889 5575 1022 5631 Tale
1045 5574 1301 5645 quiddam
1339 5575 1529 5632 beatus
1550 5574 1785 5633 Joannes
1804 5575 2041 5647 Baptista

532 5756 621 5787 ⁶¹¹⁹⁶
654 5761 670 5812 I
701 5761 845 5817 Tim.
870 5777 931 5827 ιι,
964 5763 1016 5817 ι.
1097 5764 1139 5795 ‘9
1174 5763 1350 5820 Galat.
1380 5778 1461 5834 lli,
1506 5764 1601 5835 ll;
1639 5762 1796 5821 Rom.
1829 5780 1865 5832 ι,
1907 5764 2007 5829 l7;

2129 5764 2211 5819 br.
2251 5782 2305 5835 κ,
2343 5765 2429 5822 58.

537 5914 611 5979 (ι)
648 5913 811 5979 LXX,
848 5912 1023 5972 ἄδικά.

2138 4776 2259 4829 μου
2280 4757 2368 4828 μὴ
2406 4758 2735 4826 βεϐηλοῦν,
2774 4759 2873 4813 καὶ
2912 4755 3208 4827 διατηρῶν
3237 4758 3343 4824 τὰς
3390 4754 3594 4826 χεῖρας
3626 4756 3734 4809 αὺ-

2146 4848 2250 4903 τοῦ
2272 4848 2359 4920 μὴ
2384 4853 2578 4905 ποιεῖν
2602 4850 2863 4920 ἀδίκημα
2891 4852 2990 4921 (l).
3754 4840 3769 4857 ’

2228 4943 2458 5013 ’Λδελφὰ
2492 4946 2585 4998 καὶ
2615 4943 2791 4999 ταῦτα
2824 4946 2936 5006 τοῖς
2978 4944 3180 5015 ἀρτίως
3221 4944 3353 5014 ἡμῖν
3396 4940 3732 5013 εἰρημένοις,

2149 5036 2243 5090 καὶ
2270 5033 2357 5088 διὰ
2379 5034 2488 5087 τῶν
2514 5036 2643 5089 ἴσων
2666 5035 2907 5106 ἔρχεται,
2932 5033 3256 5105 ὲπιτήρησίν
3286 5050 3349 5101 γε
3384 5030 3489 5103 μὴν
3517 5032 3545 5083 0
3574 5031 3736 5100 λόγος

2151 5126 2263 5197 ἔχει
2290 5125 2712 5198 πολλήν.¹Ἀθρει
2740 5125 2849 5196 γάρ
2880 5127 3029 5189 ὅπως
3063 5124 3335 5195 μακάριον
3370 5120 3511 5177 εἷναί
3542 5139 3731 5192 φησιν,

2136 5218 2257 5287 οὐχὶ
2281 5217 2456 5288 δήπου
2481 5219 2701 5278 πάντως
2736 5217 2825 5271 τὸν
2859 5218 2924 5270 ἐκ
2959 5218 3275 5287 σπέρματος
3309 5212 3583 5284 Ἁϐραάμ,
3607 5210 3735 5265 οὗτε

2141 5308 2247 5379 μὴν
2289 5309 2380 5363 τὸν
2426 5309 2591 5379 σαρκὶ
2635 5310 2729 5362 καὶ
2778 5308 3077 5378 εὐγενείαις
3122 5303 3591 5377 ἐπικομπάζοντα,
3639 5305 3737 5357 καὶ

2138 5403 2345 5454 εἰκαῖον
2391 5400 2581 5471 ἔχοντα
2622 5402 2682 5454 τὺ
2737 5403 2829 5454 ἐπὶ
2869 5401 3044 5471 τούτῳ
3092 5399 3378 5474 φρόνημα,
3421 5398 3628 5450 ἐκεῖνον
3673 5395 3734 5449 δὲ

2144 5492 2366 5561 μᾶλλον,
2394 5491 2582 5562 ὥσπερ
2630 5491 2695 5546 ἆν
2748 5491 3057 5562 ἐνυπάρχον
3091 5489 3266 5562 ὁρῷτο
3312 5489 3374 5542 τὺ
3411 5486 3734 5558 διαπρέπειν

2156 5585 2213 5635 ὲν
2246 5583 2491 5653 ἀγαθοῖς,
2528 5584 2622 5636 καὶ
2649 5582 2749 5653 τῆς
2778 5581 3045 5653 ἀϐεϐήλου
3073 5581 3216 5651 ζωῆς
3241 5579 3304 5634 τὸ
3328 5578 3598 5651 λαμπρὸν,
3638 5576 3735 5633 ttat

2510 5767 2552 5797 ⁷⁰
2580 5765 2782 5822 llubac.
2825 5782 2886 5832 ιι,
2915 5768 2967 5821 '5.
3045 5765 3089 5797 τί
3132 5762 3271 5819 Psal.
3305 5778 3445 5818 xcvn
3500 5760 3553 5814 9..
