4100 6518
370 424 402 480 1
418 424 518 479 9M

1489 419 1565 477 ΙΝ
1598 419 1832 477 ιδΑιΑιι
1874 420 2002 479 LIB.
2045 420 2108 478 V.
2148 418 2387 478 TOMUS
2417 419 2508 476 Ill.

3555 421 3691 480 1242

371 519 699 614 περιφανὲς·
722 540 963 612 ἀξίωμα.
992 540 1248 598 Τοιοῦτόν
1275 559 1329 596 τι
1386 543 1483 597 καὶ
1519 544 1548 597 ὁ
1589 543 1863 615 μακάριος
1888 543 1987 598 Βα-

2103 543 2308 599 dixisse
2336 542 2553 597 videtur
2582 536 2895 595 indecorum
2948 538 3141 594 turba).
3194 536 3564 595 Accesserant
3618 543 3687 597 ad

370 635 623 707 πτιστὴς
659 634 917 706 Ἰωάννης
938 639 1059 702 ταῖς
1094 636 1365 692 Ἰουδαίων
1392 637 1617 706 ἀγέλαις
1637 638 1992 710 ἐπιφωνήσας

371 724 613 795 ὁρᾶται·
653 725 969 797 προσῄεσαν
992 727 1092 798 μὲν
1115 725 1224 800 γὰρ
1261 726 1321 780 τὸ
1355 729 1486 799 παρ’
1510 727 1679 785 αὑτοῦ
1717 728 1992 798 τιμῶντες

378 816 701 888 βάπτισμα,
737 819 1031 888 μετανοίας
1058 818 1115 872 δὲ
1140 814 1232 891 ἦν,
1264 820 1358 875 καὶ
1395 821 1629 893 πικροὺς
1670 821 1833 885 ὄντας
1868 819 1993 875 λίαν

373 909 641 982 διήλεγχε
672 910 876 981 λέγων’
912 930 932 965 ι
979 913 1305 986 Γεννήματα
1330 912 1576 985 ἐχιδνῶν,
1598 913 1682 978 τίς
1708 911 1988 979 ὑπέδειξεν

370 1001 516 1073 ὗμῖι
576 1004 773 1073 φυγεῖν
821 1003 930 1058 ἀπὸ
974 1007 1075 1077 τῆς
1120 1005 1425 1076 μελλούσης
1465 1006 1665 1080 όργῆς;
1718 1006 1992 1078 Ποιήσατε

374 1087 481 1146 οὖν
517 1094 769 1164 καρποὺς
814 1093 1001 1160 ἀξίους
1047 1096 1148 1168 τῆς
1185 1097 1498 1169 μετανοίας,
1531 1099 1628 1153 καὶ
1680 1098 1756 1170 μὴ
1798 1097 1991 1169 δόξητε

376 1180 571 1251 λέγειν
615 1182 676 1237 ἐν
719 1185 963 1248 έαυτοῖς’
991 1185 1216 1258 Πατέρα
1245 1185 1442 1258 ἔχομεν
1479 1185 1572 1242 τὸν
1605 1186 1912 1259 Ἁϐραάμ.»
1932 1188 1990 1242 '0

376 1275 444 1329 δέ
476 1291 675 1347 φησιν’
716 1296 735 1329 ι
766 1278 832 1332 Εί
860 1278 1077 1352 πατέρα
1105 1280 1283 1351 εἴχετε
1314 1280 1405 1335 τὸν
1438 1278 1712 1353 Ἀϐραὰμ,
1744 1280 1815 1335 τὰ
1850 1279 1989 1355 ἔργα

376 1363 482 1422 τοῦ
520 1368 776 1443 Ἀϐραάμ
801 1372 1036 1426 ἐποιεῖτε
1068 1372 1155 1427 ἄν.
1186 1390 1204 1424 ι
1238 1372 1525 1446 Μακάριος
1558 1371 1757 1437 τοίνυν,
1797 1375 1985 1444 φησιν,

378 1460 488 1513 οὐκ
541 1460 597 1514 εῐ
646 1478 734 1526 τις
791 1462 909 1528 υἱός
962 1464 1111 1518 ἐστιν
1149 1464 1425 1537 ’Δϐραὰμ,
1478 1464 1594 1518 ἀλλ’
1628 1466 1656 1519 ὁ
1694 1466 1987 1536 φυλάσσων

377 1551 588 1608 ταῦτα·
625 1556 756 1608 ποτα
798 1554 857 1608 δὲ
882 1554 1096 1620 rubra;
1131 1554 1325 1626 Κρίμα
1357 1555 1454 1610 καὶ
1479 1555 1856 1628 δικαιοσύνην,
1891 1557 1987 1611 καὶ

378 1646 523 1722 πρός
573 1663 638 1716 γε
682 1648 862 1719 τούτῳ
899 1636 1183 1718 φυλάττων
1232 1648 1328 1705 καὶ
1365 1648 1651 1721 κατορθῶν
1694 1649 1855 1718 αὐτὰ,
1888 1652 1987 1705 καὶ

379 1738 747 1811 ἀντεχόμενος
779 1739 983 1808 αὐτῶν,
1013 1742 1314 1813 τουτέστιν,
1357 1743 1418 1796 οὐ
1448 1742 1745 1816 παρέργως
1776 1743 1810 1815 ἢ
1851 1760 1988 1816 παρ-

378 1831 621 1901 ειμένως
656 1832 745 1885 ἐπ’
765 1831 907 1888 αὑτά
939 1833 1158 1906 χωρῶν,
1184 1834 1302 1890 ἀλλ’
1330 1830 1445 1890 οἷον
1470 1837 1529 1890 ἐν
1564 1836 1718 1910 πάσῃ
1751 1838 1980 1911 σπουδῇ,

2094 638 2212 708 ejus
2242 635 2538 707 baptisma,
2566 631 2712 705 quod
2743 641 2864 689 erat
2885 630 3247 702 pmnitentizn,
3294 638 3351 686 et
3400 631 3454 686 in
3513 633 3690 702 pretio

2093 731 2442 791 habuerunt:
2470 742 2611 799 quos
2636 732 2698 782 ιιι
2722 723 3112 782 acerbissimos
3153 723 3406 780 homines
3436 732 3493 780 et
3515 739 3690 783 saevos

2089 822 2462 897 reprehendit,
2494 821 2725 879 dicens:
2762 837 2782 872 ι
2810 817 3107 891 Progenies
3171 817 3509 888 viperarum,
3563 818 3688 887 quis

2094 917 2418 976 monstravit
2450 915 2608 973 vobis
2655 922 2714 969 ut
2738 911 2998 984 fugeretis
3050 925 3083 966 a
3141 908 3328 966 futura
3394 909 3522 965 ira?
3579 907 3687 965 Fa-

2091 1018 2201 1073 cite
2238 1014 2403 1086 igitur
2426 1012 2644 1069 fructus
2674 1009 2871 1081 dignos
2908 1005 3253 1078 poenitentia,
3279 1014 3427 1064 etne
3467 1004 3595 1062 sitis
3620 1018 3687 1060 ea

2089 1111 2350 1182 opinione
2383 1115 2446 1165 ut
2499 1105 2702 1162 dicatis
2744 1103 2889 1176 apud
2937 1116 3084 1158 vos:
3138 1099 3357 1156 Patrem
3424 1099 3690 1155 habemus

2090 1203 2368 1260 Abraham
2393 1202 2495 1256 τ’.»
2533 1198 2640 1273 [(2)
2660 1198 2821 1255 Certe
2840 1210 3058 1269 quoque
3096 1193 3360 1251 Servator
3391 1193 3535 1249 idem
3565 1206 3689 1263 per-

2090 1305 2310 1354 secutus
2331 1304 2438 1360 est,
2473 1302 2529 1348 et
2557 1289 2758 1346 aﬂ‘atus
2802 1298 2887 1345 est
2942 1302 3037 1343 eos
3083 1283 3286 1341 obnixe
3318 1297 3539 1353 semper
3586 1281 3690 1336 hoc

2089 1386 2491 1462 praetendentes
2514 1384 2873 1454 dicentesque
2903 1398 2917 1436 :
2950 1398 2970 1434 ι
3013 1379 3123 1439 Nos
3156 1387 3366 1450 patrem
3426 1376 3691 1432 habemus

2087 1480 2363 1537 Abraham
2389 1476 2486 1549 ⁷³.]
2546 1476 2642 1533 ille
2690 1488 2869 1532 vero:
2909 1472 3013 1528 «Si
3057 1480 3288 1543 patrem,
3345 1467 3540 1538 inquit,
3591 1466 3693 1522 ba-

2085 1570 2292 1626 heretis
2316 1567 2593 1622 Abraham
2612 1606 2628 1633 ,
2656 1562 2929 1621 fecissetis
2954 1576 3119 1632 opera
3147 1560 3402 1616 Abrahae.
3430 1576 3449 1611 ι
3493 1557 3693 1612 Beatus

2087 1671 2171 1719 est
2200 1661 2386 1732 igitur,
2425 1658 2624 1727 inquit,
2653 1671 2763 1712 non
2793 1655 2840 1711 si
2868 1652 2994 1725 quis
3015 1652 3085 1709 sit
3118 1652 3264 1707 illius
3302 1649 3558 1713 Abrahae,
3597 1648 3692 1702 sed

2087 1754 2183 1826 qui
2210 1753 2445 1809 custodit
2468 1751 2605 1807 haec.
2634 1748 2894 1816 Quaenam
2928 1747 2953 1802 2
2985 1744 3285 1808 Iudicium,
3311 1742 3607 1814 justitiam,
3637 1747 3694 1796 et

2086 1855 2353 1917 prreterea
2401 1844 2495 1915 qui
2539 1839 2781 1899 custodit
2822 1838 2940 1907 illa,
2991 1845 3049 1894 et
3078 1835 3335 1892 ellicitac
3385 1833 3607 1899 retinet,
3636 1831 3691 1886 id

378 1923 478 1977 καὶ
510 1924 802 1990 νεανικῶς,
836 1924 979 1980 ὥστε
1011 1927 1106 1981 καὶ
1142 1928 1469 1999 ἀντέχεσθαι
1501 1929 1623 1985 λίαν
1659 1929 1864 1998 αὐτῶν,
1893 1930 1987 1986 καὶ

2091 1946 2197 2008 est,
2216 1938 2309 2009 qui
2338 1952 2447 1994 non
2479 1935 2668 1992 leviter
2693 1941 2788 1990 aut
2807 1931 3058 1999 remisse,
3087 1931 3185 1987 sed
3211 1927 3363 1986 omni
3391 1926 3544 1982 velut
3573 1933 3691 1981 stu-

380 2014 683 2084 φυλάσσειν
714 2016 787 2072 τὰ
817 2018 1072 2075 Σάϐϐατα
1096 2021 1172 2092 μὴ
1191 2020 1455 2094 βεϐηλοῦν
1483 2022 1651 2080 αὐτά.
1673 2021 1794 2078 Ἵνα
1817 2023 1986 2079 πάλιν

380 2106 597 2165 τοιοῦτο
637 2115 786 2184 νοῇς·
824 2114 927 2168 οὐκ
961 2113 1090 2188 ἐξῆν
1127 2117 1187 2171 ἐν
1216 2116 1483 2190 Σαϐϐάτῳ
1519 2119 1780 2191 φροντίδα
1820 2122 1988 2175 ποιεῖ-

386 2202 510 2257 σθαί
535 2222 661 2259 τινα
681 2205 794 2260 τῶν
829 2208 958 2281 περὶ
994 2208 1094 2281 τὴν
1125 2210 1310 2283 σάρκα
1348 2210 1528 2267 πόνων
1563 2212 1596 2284 ἢ
1632 2212 1986 2286 σπουδασμά-

379 2296 671 2352 των.¹Ἐδει
707 2298 765 2352 δέ
798 2298 1003 2368 μᾶλλον
1029 2301 1223 2372 ἀργεῖν
1264 2301 1426 2357 τοῦτο
1474 2302 1572 2359 τοῦ
1623 2304 1772 2359 θείου
1818 2322 1986 2378 προσ-

378 2387 677 2454 τάσσοντος
708 2390 902 2462 νόμου,
944 2391 1085 2465 πλὴν
1121 2394 1424 2466 ἀργοῦντες
1452 2395 1553 2462 τὰς
1586 2397 1985 2470 νενομισμένας

379 2478 576 2546 θυσίας
614 2484 1018 2555 προσεκόμιζον
1050 2485 1127 2558 τῷ
1155 2486 1297 2559 Θεῷ,
1324 2488 1418 2543 τοῦ
1458 2490 1688 2562 νομικοῦ
1719 2491 1986 2564 γράμμα-

375 2590 474 2639 τος
508 2576 930 2648 αίνιγματωδῶς
960 2578 1375 2649 ὑποφαίνοντος,
1407 2582 1491 2636 ὅτι
1535 2584 1819 2655 φροντίδος
1848 2601 1983 2657 σαρ-

378 2665 546 2735 κικῆς
588 2666 1005 2738 ἀποσχομένους
1048 2669 1341 2740 ἐμφρόνως
1378 2673 1681 2745 ἱερουργεῖν
1712 2675 1985 2746 προσήκει

375 2757 457 2829 τῷ
484 2758 607 2830 Θεῴ
658 2758 851 2824 θυσίας
879 2760 1282 2831 πνευματικὰς,
1309 2750 1403 2818 καὶ
1429 2764 1530 2829 τὰς
1561 2766 1642 2830 είς
1676 2766 1854 2839 ὀσμὴν
1890 2767 1984 2820 εὐ-

375 2853 545 2918 ωδίας
580 2854 681 2925 τῆς
723 2854 943 2925 νοητῆς.
963 2854 1186 2925 Ἀργίας
1214 2852 1308 2911 οὖν
1336 2856 1445 2930 ἄρα
1479 2861 1578 2929 τῆς
1609 2859 1671 2924 ἐξ
1700 2859 1986 2932 ἁμαρτιῶν

376 2947 473 3000 καὶ
524 2945 808 3017 σαρκικῶν
843 2947 1153 3019 ἐπιθυμιῶν
1184 2948 1354 3004 τύπον
1404 2950 1645 3023 ἐπλήρου
1691 2952 1793 3022 τῆς
1840 2952 1991 3007 κατά

374 3036 438 3091 τὺ
469 3037 750 3090 Σάϐϐατον
778 3037 980 3109 ἀργίας
1030 3040 1064 3110 ἡ
1111 3038 1342 3111 δύναμις
1367 3057 1380 3072 ·
1414 3040 1559 3097 οὕτω
1588 3040 1859 3116 προσήκει
1886 3061 1987 3113 φυ-

376 3129 672 3185 λάττεσθαι
705 3130 801 3184 καὶ
845 3132 995 3202 ἡμᾶς
1036 3130 1131 3186 τοῦ
1184 3132 1259 3205 μὴ
1290 3131 1555 3205 βεϐηλοῦν
1581 3134 1653 3188 τὰ
1688 3135 1945 3190 Σάϐϐατα
1966 3153 1980 3166 '

375 3222 832 3295 ἀποπαυσάμενοι
859 3221 991 3294 γάρ,
1013 3223 1090 3288 ὡς
1121 3221 1277 3296 ἔφην,
1299 3225 1580 3297 φροντίδος
1599 3226 1822 3299 ἀπάσης
1847 3226 1988 3297 γειὶιι⁵

374 3316 501 3381 δους
532 3317 628 3371 καὶ
662 3316 957 3388 σαρκικῆς,
997 3317 1208 3388 νοητῶς
1241 3317 1668 3389 σαϐϐατίζομεν,
1696 3321 1759 3374 οὐ
1789 3319 1890 3384 τὰς
1915 3319 1983 3374 δι’

374 3409 629 3481 αἱμάτων
661 3410 759 3464 καὶ
798 3410 1024 3464 καπνῶν
1064 3408 1352 3476 τελοῦντες
1399 3409 1617 3475 θυσίας,
1672 3412 1790 3467 ἀλλ’
1820 3413 1988 3483 ἱεροῖς

378 3504 762 3576 σπουδάσμασι
798 3502 1291 3575 κατευφραίνοντες
1322 3501 1509 3568 αὐτὸν,
1551 3502 1651 3556 καὶ
1690 3504 1773 3567 εἰς
1810 3501 1988 3574 ὀσμὴν

375 3598 607 3663 εὐωδίας
640 3597 872 3661 ἑαυτοὺς
902 3596 1290 3669 ἀναφέροντες.
1315 3592 1608 3659 Τοιαύταις
1634 3594 1744 3667 γὰρ
1774 3594 1989 3660 θυσίαις

374 3681 755 3763 εὐαρεστεῖται
780 3692 809 3744 ὁ
834 3690 989 3754 Θεὸς,
1013 3688 1157 3744 καθά
1185 3688 1517 3761 γέγραπται.
1549 3689 1643 3741 Δεῖ
1666 3687 1731 3760 δὴ
1765 3682 1858 3743 οὖν
1878 3687 1988 3760 ἄρα

377 3784 456 3857 μὴ
489 3782 756 3856 βεϐηλοῢν
785 3780 856 3837 τὰ
883 3780 1161 3846 Σάϐϐατα,
1194 3780 1474 3853 διατηρεῖν
1522 3780 1584 3834 δὲ
1628 3780 1768 3846 πρὸς
1812 3780 1990 3854 τούτῳ

375 3875 471 3930 καὶ
506 3874 608 3938 τὰς
639 3875 832 3945 χεῖρας
860 3872 1285 3944 κεκαθαρμένας
1310 3891 1324 3905 ·
1355 3872 1450 3926 καὶ
1481 3872 1609 3928 τίνα
1635 3873 1865 3945 τρόπον,
1889 3873 1990 3929 αὺο

374 3967 467 4032 τὸς
498 3967 740 4033 ἐδίδαξεν
768 3966 970 4022 εἰπών·
1001 3966 1110 4021 Τοῦ
1149 3967 1226 4041 μὴ
1257 3969 1433 4022 ποιεῖν
1468 3967 1716 4038 ἀδίκημα
1782 3967 1845 4021 οὐ
1877 3967 1990 4038 γὰρ

374 4058 494 4113 ἐστι
524 4059 822 4129 φυλάσσειν
844 4057 1116 4114 δύνασθαι
1144 4059 1348 4131 κρίσιν,
1384 4060 1480 4112 καὶ
1503 4062 1679 4113 ποιεῖν
1709 4058 1989 4113 δικαιοσύο

375 4167 475 4221 νην
514 4149 723 4204 ἀδικεῖν
748 4148 1057 4213 ἐθέλοντας,
1085 4149 1180 4202 καὶ
1207 4151 1322 4211 τοῖς
1348 4148 1448 4218 τῆς
1483 4148 1763 4219 ἁμαρτίας
1791 4147 1857 4220 pd
1868 4166 1989 4213 ποις

374 4245 476 4318 τὴν
508 4246 669 4317 χεῖρα
688 4243 1171 4316 καταμιαίνοντας.
1201 4243 1376 4314 Χεῖρα
1408 4242 1466 4295 δὲ
1489 4241 1612 4312 οὐχὶ
1638 4241 1860 4307 πάντως
1887 4241 1987 4313 τὴν

374 4336 471 4390 τοῦ
503 4335 781 4406 σώματος,
820 4334 944 4389 ἀντὶ
984 4333 1043 4388 δέ
1077 4351 1143 4403 γε
1190 4334 1291 4405 τῆς
1320 4334 1503 4408 χειρὸς
1531 4334 1634 4405 τὴν
1673 4333 1987 4407 πρακτικὴν

376 4431 593 4502 νοήσεις
646 4428 972 4499 ἐνέργειαν,
1022 4425 1149 4482 καθ’
1180 4427 1247 4498 ἦν
1299 4426 1519 4499 ἑκάστῳ
1564 4426 1835 4501 πρόσιμεν
1878 4426 1987 4482 τῶν

375 4523 746 4597 πραγμάτων.

2086 2033 2179 2090 dio
2207 2048 2272 2089 ac
2299 2031 2536 2088 viriliter
2560 2044 2627 2086 ea
2660 2026 3001 2100 aggreditur,
3032 2033 3095 2081 ut
3140 2039 3205 2081 ea
3224 2023 3520 2094 diligenter
3559 2020 3691 2075 reti-

2087 2136 2237 2195 neat,
2272 2135 2329 2183 et
2379 2124 2636 2193 custodit,
2658 2122 2900 2179 Sabbata
2933 2129 2996 2175 ut
3061 2134 3170 2177 non
3205 2116 3458 2189 prolanet
3503 2129 3589 2170 ea.
3623 2112 3694 2169 Ut

2085 2235 2280 2277 rursus
2310 2217 2446 2275 illud
2469 2217 2744 2288 intelligas
2769 2231 2786 2271 :
2815 2230 2924 2271 non
2948 2213 3148 2271 licebat
3185 2210 3239 2266 in
3276 2207 3519 2265 Sabbato
3544 2205 3696 2261 labo-

2085 2327 2209 2367 rum
2246 2318 2305 2367 et
2331 2308 2640 2366 studiorum
2690 2307 2759 2363 ad
2813 2320 3043 2362 carnem
3076 2300 3470 2375 pertinentium
3502 2312 3690 2353 curam

2086 2401 2328 2472 aliquam
2375 2414 2562 2471 agere.
2593 2397 2705 2456 Sed
2740 2398 2904 2455 otiari
2956 2396 3140 2469 potius
3169 2394 3479 2464 oportebat,
3510 2389 3692 2445 divina

2086 2495 2207 2568 lege
2237 2499 2340 2551 hoc
2357 2493 2638 2550 sanciente
2664 2503 2683 2545 :
2710 2490 2952 2546 otiantes
2984 2497 3169 2543 tamen
3225 2490 3371 2541 stata
3417 2480 3693 2538 sacriﬁcia

2086 2586 2200 2643 Deo
2248 2582 2550 2641 offerebant
2587 2599 2602 2638 :
2641 2579 2802 2651 legali
2864 2578 3047 2635 littera
3097 2574 3443 2647 amigmatice
3491 2570 3688 2628 subin-

2087 2687 2311 2744 nuente,
2340 2676 2526 2733 carnis
2555 2686 2689 2730 cura
2747 2668 3086 2729 abstinentes
3125 2669 3329 2725 debere
3383 2664 3696 2737 spirituales

2087 2774 2317 2840 hostias,
2349 2770 2410 2825 in
2467 2769 2696 2826 odorem
2743 2765 2901 2821 bona:
2937 2762 3252 2834 fragrantiae
3300 2755 3692 2829 iutelligibilis,

2088 2866 2261 2938 788
2290 2864 2401 2921 Deo
2430 2862 2731 2934 prudenter
2754 2858 3092 2914 ministrare.
3131 2853 3302 2923 Hujus
3351 2851 3520 2922 igitur
3565 2863 3689 2905 cess

2087 2959 2313 3019 sationis
2336 2958 2393 3014 in
2434 2955 2676 3013 Sabbato
2724 2955 2900 3009 virtus
2935 2950 3106 3009 otium
3162 2955 3220 3004 et
3270 2944 3632 3002 cessationem
3664 2958 3693 2996 a

2087 3062 2317 3126 peccato
2335 3051 2617 3109 et’carnis
2665 3045 3057 3119 cupiditatibus
3095 3040 3386 3112 ﬁgurabat.
3421 3038 3516 3094 Sic
3544 3050 3697 3091 eam-

2087 3149 2211 3205 dem
2240 3160 2430 3204 curam
2455 3159 2557 3202 nos
2587 3142 2885 3213 suscipere,
2909 3138 3194 3200 debemus,
3229 3148 3299 3188 ne
3323 3130 3563 3187 Sabbata
3583 3130 3699 3183 vio-

2095 3242 2293 3298 lemus.
2331 3237 2769 3309 Supersedentes
2796 3231 2970 3297 enim,
2994 3237 3054 3285 ut
3077 3224 3384 3293 dixi,omui
3415 3237 3547 3280 cura
3587 3229 3700 3276 ter-

2096 3350 2225 3391 rena
2247 3341 2303 3390 et
2333 3330 2568 3396 carnali,
2603 3324 3020 3398 intelligibiliter
3077 3318 3528 3377 sabbatizamus:
3588 3330 3698 3369 non

2090 3445 2192 3503 per
2223 3428 2547 3498 sanguinem
2582 3432 2639 3480 et
2671 3419 2853 3476 fumos
2908 3415 3251 3474 celebrantes
3284 3407 3576 3471 sacriﬁcia,
3602 3407 3697 3462 sed

2090 3521 2284 3579 studiis
2317 3516 2523 3576 sanctis
2560 3515 2716 3572 illum
2742 3510 3134 3573 exhilarantcs,
3159 3513 3215 3562 et
3235 3506 3290 3560 in
3314 3503 3540 3558 odorem
3569 3514 3700 3556 sua-

2088 3614 2277 3672 vitatis
2316 3618 2535 3669 nosmet
2576 3607 2891 3665 oll'erentes.
2921 3600 3146 3657 Talibus
3205 3594 3352 3652 enim
3394 3588 3690 3649 sacriﬁciis

2088 3709 2334 3780 placatur
2364 3706 2528 3772 Deus,
2556 3700 2720 3759 sicuti
2737 3696 3009 3767 scriptum
3029 3691 3217 3749 estw.
3251 3690 3481 3756 Oportet
3513 3683 3703 3753 itaque

2091 3802 2334 3861 Sabbata
2363 3815 2471 3857 non
2505 3796 2738 3863 violare,
2783 3794 2879 3850 sed
2910 3791 2976 3846 ad
3003 3788 3121 3844 haec
3167 3796 3364 3840 manus
3389 3792 3558 3851 puras
3590 3790 3707 3831 ser-

2092 3910 2252 3952 vare.
2291 3891 2579 3962 Quomodo
2627 3896 2830 3953 autem,
2862 3884 3096 3955 ipsemet
3158 3877 3366 3941 docuit,
3405 3871 3700 3943 inquiens:

2092 3987 2172 4044 Ne
2198 3987 2407 4043 iaciant
2439 3982 2719 4053 iniuriam.
2761 3976 2874 4034 Nec
2902 3976 3049 4031 enim
3077 3969 3359 4028 custodire
3408 3963 3705 4036 judicium,

2091 4095 2193 4137 nec
2221 4079 2403 4136 colere
2428 4075 2701 4146 justitiam
2737 4075 2968 4140 possunt
2995 4067 3048 4121 hi
3080 4064 3176 4135 qui
3225 4059 3487 4130 injuriam
3515 4056 3710 4111 volunt

2092 4171 2321 4235 inferre,
2339 4178 2399 4224 et
2432 4179 2657 4223 manum
2700 4160 2912 4232 peccati
2941 4157 3196 4215 sordibus
3247 4151 3559 4221 inquinare.
3590 4146 3705 4202 Ma-

2090 4277 2221 4320 num
2244 4272 2431 4317 autem
2468 4273 2574 4314 non
2606 4254 2933 4326 simpliciter
2974 4264 3097 4305 eam
3132 4262 3255 4318 quae
3294 4252 3381 4300 est
3432 4241 3703 4310 corporis,

2090 4357 2184 4415 sed
2228 4371 2326 4428 pro
2392 4367 2559 4409 manu
2620 4359 2897 4406 actuosam
2949 4342 3245 4414 quamdam
3325 4339 3436 4392 vim
3507 4332 3711 4388 intelli-

2089 4467 2210 4523 ges,
2256 4464 2357 4522 per
2405 4461 2570 4519 quam
2624 4444 2692 4501 ad
2739 4457 2828 4499 res
2864 4451 3114 4512 quasque
3166 4432 3434 4508 gerendas
3480 4427 3705 4482 accedi-

2088 4561 2232 4603 mus.

449 4638 549 4707 Μὴ
578 4638 800 4709 λεγέτω
846 4640 880 4692 ό
921 4636 1268 4707 ἀλλογενὴς
1295 4640 1328 4692 d
1360 4639 1799 4707 προσκείμενος
1831 4638 1984 4708 πρὸς

2160 4637 2331 4694 Vens.
2363 4634 2486 4692 5-5.
2520 4633 2604 4689 Ne
2631 4632 2777 4687 dicat
2842 4626 3143 4697 alienigena
3182 4621 3274 4692 qui
3320 4616 3596 4709 appositus
3632 4624 3710 4667 est

326 4790 329 4793 _
377 4722 622 4802 Κύριοῖη
654 4729 905 4802 Ἀφοριεῖ
950 4747 1028 4800 με
1075 4729 1190 4800 ἄρα
1242 4731 1463 4798 Κύριος
1508 4730 1630 4786 ἀπὸ
1677 4731 1786 4786 τοῦ
1826 4731 1982 4786 λαοῦ

377 4825 621 4881 τούτου.
659 4823 772 4879 Καὶ
802 4822 891 4894 μὴ
920 4821 1144 4893 λεγέτω
1172 4824 1206 4876 ὁ
1234 4821 1554 4892 εὐνοῦχος,
1587 4822 1844 4894 ὅτιἝγώ
1866 4823 1983 4895 εἶμι

294 4954 301 4957 -
379 4907 577 4983 ξύλον
601 4916 816 4986 ξηρόν.
852 4916 1002 4972 Τάδε
1026 4914 1189 4986 λέγει
1214 4915 1431 4984 Κύριος
1467 4915 1594 4981 τοῖς
1626 4916 1979 4985 εὐνούχοις-ο

382 5011 558 5066 Ὅσοι
587 5009 666 5065 ἂν
693 5008 1085 5079 φυλάξωνται
1111 5008 1191 5064 τὰ
1219 5005 1492 5062 Σάϐϐατά
1514 5023 1660 5076 μου,
1685 5006 1785 5061 καί
1813 5006 1988 5061 ἐκλέ-

379 5105 602 5169 ξωνται
626 5101 667 5157 ἃ
694 5102 812 5171 ἐγὼ
845 5101 1022 5164 θέλω,
1044 5100 1145 5155 καὶ
1165 5099 1533 5168 ἁντέχωνται
1558 5096 1670 5167 τῆς
1695 5096 1994 5166 διαθήκης

374 5210 519 5264 μου,
550 5191 726 5246 δώσω
749 5190 957 5257 αὐτοῖς
989 5191 1060 5245 ἐν
1091 5188 1175 5256 τῷ
1199 5190 1345 5257 οἴκῳ
1378 5206 1501 5260 μου
1536 5187 1638 5243 καὶ
1672 5188 1743 5242 ἐν
1764 5187 1846 5253 τῷ
1870 5189 1993 5241 τεί-

384 5302 476 5354 χει
500 5301 622 5354 μου
656 5283 849 5338 τόπον
879 5281 1246 5353 ὀνομαστόν,
1292 5280 1589 5351 κρεῖσσον
1611 5281 1691 5352 (1)
1719 5279 1870 5336 υἱῶν
1891 5280 1993 5335 καὶ

384 5374 751 5445 θυγατέρων,
785 5374 975 5445 ὄνομα
1003 5372 1249 5430 αἰώνιον
1273 5373 1450 5428 δώσω
1477 5372 1711 5440 αὐτοῖς,
1737 5373 1838 5428 καί
1878 5374 1991 5427 οὐκ

383 5467 679 5536 ἐκλείψει.

468 5561 700 5634 Ἑτέραν
742 5560 917 5633 ὀφρὺν
964 5559 1075 5615 τῶν
1122 5560 1185 5625 ἐξ
1226 5560 1460 5631 α’ίματος
1503 5559 1721 5632 Ἰσραὴλ
1748 5598 1764 5626 ,
1824 5561 1992 5631 ήγουν

2093 4732 2319 4788 Domino
2350 4746 2367 4784 :
2398 4725 2681 4798 Separabit
2708 4739 2790 4779 me
2816 4723 3001 4791 utique
3028 4717 3286 4772 Dominus
3315 4729 3346 4765 a
3373 4707 3566 4780 populo
3593 4721 3709 4760 suo.

2096 4824 2287 4896 Neque
2336 4822 2479 4877 dicat
2524 4818 2844 4876 eunuchus:
2901 4811 3017 4885 Ego
3039 4827 3157 4867 sum
3212 4808 3414 4878 lignum
3475 4799 3709 4855 aridum.

2096 4893 2231 4974 Haec
2254 4916 2383 4970 dicit
2437 4913 2702 4969 Dominus
2753 4908 3012 4965 eunuchis
3050 4919 3071 4960 :
3108 4901 3422 4969 Quicunque
3445 4893 3712 4949 custodie—

2096 5009 2203 5063 rint
2233 5004 2469 5063 Sabbato
2497 5021 2639 5066 mea,
2668 5011 2716 5057 et
2761 4999 3015 5071 elegerint
3059 5010 3180 5067 qua:
3212 5007 3307 5062 ego
3354 4986 3495 5049 uolo,
3545 4992 3595 5036 et
3633 4993 3712 5037 te-

2096 5099 2305 5155 nuerint
2332 5104 2704 5153 testamentum
2749 5107 2947 5158 meum,
2986 5088 3124 5143 dabo
3168 5084 3279 5140 illis
3327 5082 3385 5136 in
3410 5081 3569 5134 domo
3597 5093 3711 5131 mea

2095 5205 2146 5249 et
2199 5194 2345 5248 intra
2389 5190 2619 5262 parietes
2655 5203 2800 5243 meos
2863 5185 3038 5240 locum
3090 5179 3367 5245 celebrem,
3439 5171 3711 5229 meliorem

2096 5287 2225 5358 ﬁliis
2252 5303 2314 5342 ac
2369 5285 2605 5357 filiabus,
2639 5298 2831 5339 nomen
2875 5288 3132 5337 wternum
3189 5273 3327 5329 dabo
3370 5268 3504 5336 illis,
3524 5272 3575 5321 et
3605 5278 3709 5317 non
3758 5288 3769 5297 α

2097 5380 2325 5451 deﬁciet.

2174 5560 2333 5617 Aliud
2388 5557 2742 5631 supercilium
2811 5550 3187 5610 lsraelitarum
3270 5551 3325 5600 et
3385 5531 3714 5607 arrogantia:
3786 5548 3789 5551 ν

463 5718 510 5748 τι
546 5691 739 5774 Matth.
774 5716 1001 5783 "1,7-9.
1080 5715 1307 5772 “Joan.
1350 5730 1467 5785 VIII,
1498 5715 1588 5772 59.
1665 5717 1732 5748 τε·
1767 5715 1934 5773 Hebr.
1972 5726 2093 5783 xm,
2138 5716 2226 5774 lli.

467 5875 545 5947 (ι)
577 5874 743 5940 LXX,
770 5874 1029 5947 κρείττω.

387 6015 421 6027 Χ
467 5946 545 6019 (2)
578 5948 707 6015 Qua:
740 5942 894 6005 uncis
931 5946 1141 6004 inclusa
1175 5951 1322 6013 sunt,
1353 5942 1577 6004 Graecus
1611 5944 1785 6003 codex
1814 5961 1922 6006 non
1948 5945 2133 6005 habet.
