4100 6540
383 469 521 529 1245
1371 464 1428 522 S.
1471 464 1748 521 CYRILLI
1788 463 2261 524 ALEXANDRINI
2300 464 2627 525 ARCHIEP.
2697 515 2702 522 .
3522 469 3658 525 ΠΗ
3717 504 3751 518 ο

376 605 596 647 causam
617 588 856 659 putidam
884 595 940 643 et
968 584 1208 639 frivolam
1241 585 1383 641 Deus
1428 585 1753 643 insectatur.
1786 588 1963 641 Altum

2066 590 2386 655 ἀλαζονείας
2418 591 2713 662 πρόφασιν,
2745 586 2950 659 σαθράν
2984 603 3041 640 τε
3084 586 3177 641 καὶ
3218 585 3386 641 ἕωλον
3420 589 3660 642 κατασύ-

376 683 545 746 enim,
573 681 650 735 uti
682 681 813 747 dixi,
841 678 1143 748 sapiebaut,
1179 676 1422 732 dicentes
1455 695 1469 733 :
1499 696 1519 729 ι
1551 677 1770 734 Patrem
1795 678 1963 733 babe-

2071 700 2154 754 ρει
2190 681 2324 747 Θεός
2344 700 2357 713 ·
2391 682 2654 753 ἐφρόνουν
2687 679 2786 750 μὲν
2824 677 2954 750 γάρ,
2985 678 3061 744 ὡς
3093 677 3249 749 έφην,
3286 677 3450 750 μέγα,
3475 678 3662 748 λέγον-

380 789 505 828 mus
555 771 828 827 Abraham
858 768 927 834 ⁷⁸,
951 787 971 821 ι
1005 776 1061 823 ει
1090 785 1104 822 :
1136 765 1369 837 Populus
1383 777 1606 825 sanctus
1644 782 1831 825 sumus
1855 767 1965 822 ele-

2066 791 2177 839 τες,
2224 795 2243 829 t
2270 776 2489 851 Πατέρα
2546 776 2744 848 ἔχομεν
2791 774 2883 829 τὸν
2918 770 3191 844 ’Δϐραάμ,
3220 788 3239 822 ι
3279 768 3375 824 καὶ
3422 769 3531 849 μὴν
3579 771 3660 824 ὅτι

383 874 521 925 ctus,
556 872 719 933 atque
741 864 792 918 in
827 871 1028 919 sortem
1061 859 1297 915 divinam
1344 860 1499 914 asciti
1534 873 1744 915 sumus.
1794 859 1966 930 Fuge-

2067 863 2208 928 Λαδς
2248 865 2401 932 ἅγιός
2446 866 2618 936 ἐσμεν
2656 860 3053 934 ἐξειλεγμένος,
3101 858 3418 929 τετάγμεθα
3461 859 3519 913 δὲ
3568 861 3663 913 καὶ

381 962 507 1005 runt.
539 953 705 1008 etiam
757 954 1068 1018 orbitatem,
1119 959 1305 1020 utpote
1371 965 1494 1006 cum
1554 951 1765 1020 primus
1813 959 1968 1021 pater

2078 957 2159 1021 εἰς
2184 956 2388 1028 κλῆρον
2413 957 2570 1011 Θεοῦ.
2606 957 2879 1026 Ἐφευγον
2911 953 2969 1009 δὲ
2996 952 3088 1007 καὶ
3115 950 3214 1022 τὴν
3253 950 3534 1015 ἀπαιδίαν,
3565 951 3661 1004 ἆτε

380 1042 651 1098 Abraham
685 1042 803 1099 loco
833 1041 1229 1099 benedictionis
1257 1042 1554 1112 accepisset
1577 1057 1607 1096 a
1627 1042 1758 1107 Deo,
1778 1056 1966 1097 semen

2068 1046 2249 1119 δήτοῦ
2275 1049 2622 1122 προπάτορος
2656 1046 2906 1119 ’Δὸραάμ
2932 1046 2990 1099 ἐν
3019 1044 3270 1114 εὐλογίας
3290 1043 3439 1108 τάξει
3466 1043 3660 1098 λαϐόν-

379 1147 538 1188 suum
608 1134 663 1189 in
723 1134 1045 1189 immensam
1101 1133 1504 1190 multitudinem
1545 1132 1967 1205 propagandum,

2069 1157 2162 1204 τος
2209 1142 2360 1213 παρά
2414 1141 2553 1196 Θεοῦ
2596 1141 2659 1195 τὸ
2716 1141 2797 1204 εἰς
2844 1138 3052 1211 πληθὺν
3113 1136 3515 1207 ἐκταθήσεσθαι
3563 1134 3661 1206 τὴν

378 1226 522 1294 quod
552 1224 694 1281 Deus
725 1226 976 1296 promisit
1011 1226 1196 1281 stellas
1255 1239 1481 1281 numero
1522 1232 1855 1294 aequaturum
1878 1224 1966 1279 τυ.

2070 1231 2380 1303 ἀμέτρητον
2425 1233 2488 1286 τὸ
2537 1232 2757 1304 σπέρμα
2806 1229 3008 1286 αὐτοῦ·
3055 1228 3342 1301 ἰσάριθμον
3385 1226 3496 1298 7&9
3548 1229 3662 1290 τοῖς

387 1318 638 1389 Dixitque
687 1318 796 1375 illis
830 1335 926 1391 per
981 1319 1436 1390 sapientissimum
1471 1317 1708 1389 Moysem
1740 1336 1755 1373 :
1795 1336 1816 1370 ι
1852 1317 1969 1372 Non

2073 1320 2294 1394 ἄστροις
2322 1323 2687 1394 ἐπηγγέλλετο
2714 1322 2848 1387 Θεὸς
2868 1320 3166 1386 ἀναδείξειν
3195 1318 3345 1374 αὐτό.
3376 1318 3576 1392 Εἴρητο
3602 1317 3662 1372 δὲ

383 1411 487 1465 erit
514 1412 567 1466 in
595 1413 749 1469 vobis
776 1412 965 1479 orbus,
998 1426 1174 1482 neque
1222 1410 1425 1467 sterilis
1448 1410 1519 1464 ⁷³.
1558 1428 1579 1464 ι
1605 1409 1758 1477 Quod
1789 1416 1971 1464 autem

2075 1410 2213 1481 πρὸς
2254 1413 2453 1478 αὐτοὺς
2496 1413 2590 1467 καὶ
2638 1412 2729 1467 διά
2764 1411 2861 1467 τοῦ
2917 1411 3196 1481 πανσόφου
3233 1410 3514 1473 Μωῦσέως
3553 1410 3613 1462 τό
3641 1426 3653 1440 ’

386 1515 579 1571 magna
609 1512 661 1559 et
696 1503 957 1575 prmclara
991 1517 1080 1557 res
1124 1511 1440 1557 censeretur
1473 1500 1541 1555 ab
1574 1500 1681 1556 illis
1730 1500 1974 1555 fecundi-

2082 1520 2100 1554 ι
2128 1502 2242 1557 Οὐκ
2279 1503 2433 1557 ἔσται
2482 1504 2540 1559 ἐν
2585 1504 2715 1573 ὑμῖν
2758 1503 2950 1574 ἄγονος
2981 1503 3102 1556 οὐδέ
3146 1504 3354 1573 στεῖρα.
3389 1521 3407 1553 ι
3436 1502 3557 1554 Ὅτι
3600 1500 3658 1553 δὲ

390 1602 474 1648 tas
517 1593 725 1663 prolis,
766 1610 797 1651 e
843 1593 1048 1649 sanctis
1081 1592 1358 1662 prophetis
1396 1591 1616 1662 quidam
1675 1592 1970 1662 probabit:

2080 1593 2224 1665 μέγα
2247 1612 2299 1648 τι
2320 1597 2508 1669 χρῆμα
2534 1597 2630 1651 καὶ
2658 1596 2938 1669 ἐξαίρετον
2958 1598 2993 1666 ἡ
3016 1594 3348 1650 πολυπαιδία
3381 1594 3662 1663 νενόμιστο

390 1701 409 1734 ι
444 1683 626 1740 Gloria
658 1700 845 1742 eorum
888 1702 955 1742 ex
999 1688 1281 1757 partubus,
1328 1695 1385 1743 et
1422 1686 1890 1755 parturitionibus,
1921 1695 1976 1742 et

2079 1686 2208 1759 παρ’
2245 1688 2483 1755 αὐτοὺς,
2529 1689 2936 1761 πληροφορήσει
2992 1706 3076 1754 τις
3119 1688 3295 1758 λέγων
3336 1686 3447 1740 τῶν
3493 1685 3663 1753 ἁγίων

384 1774 824 1845 conceptionibus
856 1777 924 1833 ⁷⁸.
958 1796 978 1831 ι
1007 1777 1273 1847 Propheta
1312 1773 1480 1850 789
1502 1779 1628 1834 item
1660 1779 1830 1836 Isaias
1889 1779 1975 1834 die

2083 1781 2402 1852 προφητῶν·
2439 1799 2460 1834 ι
2511 1783 2578 1836 AI
2605 1779 2754 1848 δόξαι
2791 1781 2970 1837 αὐτῶν
2999 1782 3064 1835 ἐκ
3089 1781 3266 1835 τόκων
3296 1780 3391 1833 καὶ
3432 1778 3661 1840 ὠδίνων,

384 1865 460 1920 cit
478 1874 685 1937 septem
706 1867 958 1927 mulieres
986 1872 1416 1940 apprehensuras
1436 1886 1598 1927 unum
1619 1872 1818 1937 virum,
1853 1886 1977 1941 qua:

2081 1875 2173 1928 καὶ
2188 1874 2524 1946 συλλήψεων.
2540 1895 2560 1929 ι
2594 1874 2766 1929 Ἑπτά
2784 1874 2841 1928 δὲ
2871 1876 3134 1945 γυναῖκας
3158 1871 3522 1943 ἐπιλήψεσθαι
3546 1870 3667 1933 ἐνδς

386 1936 605 2013 dicant:
639 1979 659 2012 ι
695 1959 896 2018 Panem
931 1936 1173 2019 nostrum
1212 1966 1580 2030 comedemus,
1599 1975 1656 2020 et
1678 1965 1970 2021 vestimeu-
2004 1986 2005 1989 η

2075 1964 2272 2036 ἀνδρὸς
2296 2005 2311 2029 ,
2426 1966 2710 2038 προφήτης
2754 1936 2920 2036 φησίν
2954 1936 3219 2028 Ἦσαῖαςο
3272 1936 3425 2016 είπόν
3474 1978 3531 2015 τε
3584 1962 3667 2014 ὅτι

388 2049 460 2106 tis
491 2052 697 2108 nostris
746 2053 1104 2124 amiciemur;
1131 2066 1503 2111 verumtamen
1528 2065 1754 2113 vocetur
1775 2072 1968 2114 nomen

2077 2074 2097 2108 ι
2128 2057 2231 2112 Τὸν
2267 2058 2433 2131 ἄρτον
2479 2057 2638 2129 ἡμῶν
2688 2056 3000 2129 φαγόμεθα,
3047 2057 3142 2110 καὶ
3173 2054 3242 2109 τά
3277 2053 3471 2124 ἱμάτια
3509 2049 3671 2123 ἡμῶν

390 2149 540 2196 tuum
575 2158 741 2213 super
796 2160 941 2202 nos:
977 2147 1131 2203 aul‘er
1169 2148 1517 2217 opprobrium
1566 2158 1813 2205 nostrum
1840 2149 1908 2206 '".
1945 2167 1964 2201 ι

2073 2149 2539 2222 περιϐαλώμεθα,
2567 2150 2708 2222 πλήν
2733 2150 2794 2205 τὸ
2824 2150 2994 2222 ὄνομα
3034 2148 3098 2203 τὸ
3143 2148 3235 2202 σὸν
3267 2144 3557 2217 κεκλήσθω
3582 2143 3668 2214 ἐφ’

388 2232 504 2289 Νοη
527 2235 672 2289 enim
704 2234 977 2300 volebant,
1014 2246 1074 2292 ut
1107 2239 1241 2304 dixi,
1300 2247 1558 2309 tanquam
1609 2239 1795 2297 liberis
1825 2241 1973 2298 orbae

2071 2243 2241 2314 ἡμᾶς,
2268 2242 2435 2313 ἄφελε
2467 2242 2557 2296 τὸν
2591 2241 2894 2313 ὀνειδισμὸν
2936 2241 3114 2312 ήμῶν.
3141 2258 3159 2291 ι
3201 2240 3275 2293 υύ
3312 2238 3419 2310 γὰρ
3453 2236 3670 2309 ἤθελον,

390 2334 445 2379 ει
475 2325 689 2382 steriles
721 2329 916 2383 notari.
944 2328 1083 2397 Quia
1141 2330 1304 2402 igitur
1348 2331 1671 2387 videbantur
1714 2333 1973 2389 Israelita:

2073 2335 2150 2400 ὡς
2201 2334 2360 2405 ἔφην,
2385 2335 2461 2399 ὡς
2499 2334 2683 2404 ἄγονοί
2710 2352 2770 2388 τε
2806 2335 2902 2388 καί⁸
2932 2336 3139 2405 στεῖραι
3183 2329 3668 2393 κατονειδίζεσθαι.

390 2426 614 2486 propter
657 2418 927 2475 carnalem
962 2420 1297 2477 nobilitatem
1327 2431 1380 2478 et
1408 2423 1608 2479 sobolis
1668 2424 1974 2479 fecundita-

2076 2426 2283 2480 Οὐκοῦν
2312 2427 2612 2499 ἐπειδήπερ
2642 2425 2728 2480 ἐπ’
2751 2425 2999 2496 εὐγενείᾳ
3024 2425 3285 2495 σαρκικῇ,
3321 2422 3416 2477 καὶ
3447 2420 3671 2493 προσέτι

395 2517 503 2563 tem
529 2508 669 2564 elato
694 2523 813 2566 esse
841 2511 1044 2578 animo,
1100 2526 1195 2568 eos
1221 2515 1532 2572 necessario
1560 2516 1628 2572 ab
1657 2515 1758 2571 hac
1815 2516 1971 2587 igno-

2073 2521 2141 2591 τῇ
2184 2518 2514 2589 πολυπαιδία
2548 2518 2696 2588 μέγα
2729 2518 2946 2588 φρονεῖν
2985 2515 3158 2568 ἐδόκει
3189 2515 3302 2577 τοῖς
3330 2511 3391 2578 ἐξ
3431 2510 3670 2583 Ἰσραὴλ,

394 2601 566 2655 rantia
589 2602 825 2668 abducit,
856 2603 1148 2673 inquiens:
1191 2603 1270 2661 Ne
1311 2606 1456 2662 dicat
1511 2607 1837 2679 alienigena,
1883 2610 1973 2677 qui

2076 2611 2389 2681 ἀναγκαίως
2420 2611 2616 2674 αὐτοὺς
2645 2609 2738 2664 καὶ
2770 2609 2976 2678 ταύτης
3006 2605 3251 2676 ἐξίστησι
3275 2604 3375 2673 τῆς
3408 2600 3670 2672 ἀμαθίας.

391 2695 668 2760 appositus
690 2705 772 2750 est
802 2696 867 2751 ad
900 2692 1214 2751 Dominum:
1237 2696 1530 2769 Separabit
1553 2714 1639 2755 me
1660 2700 1918 2756 Dominus
1945 2716 1974 2754 a

2078 2702 2252 2757 εἰπών
2273 2720 2284 2731 ’
2309 2703 2402 2771 Μὴ
2432 2700 2637 2772 λεγέτω
2664 2702 2693 2754 ὁ
2722 2697 3016 2768 ἀλλογενὴς
3052 2697 3079 2749 ὁ
3114 2693 3512 2766 προσκείμενος
3536 2689 3676 2761 πρὸς

392 2782 587 2851 populo
615 2801 730 2842 suo.
766 2785 882 2842 Non
913 2787 1083 2854 enim,
1116 2788 1242 2859 quia
1266 2799 1351 2845 est
1398 2791 1724 2862 alienigena,
1761 2792 1813 2846 id
1870 2803 1972 2859 est,

2078 2797 2307 2869 Κύριον,
2325 2796 2570 2865 Ἀφοριεῖ
2598 2811 2665 2863 με
2694 2793 2802 2863 ἄρα
2829 2789 3036 2860 Κύριος
3065 2787 3173 2842 ἀπὸ
3202 2786 3295 2840 τοῦ
3323 2783 3454 2839 λαοῦ
3483 2782 3669 2837 αὐτοῦ.

392 2889 495 2927 non
521 2891 584 2930 ex
627 2878 887 2946 sanguine
919 2879 1105 2947 lsrael,
1143 2891 1429 2951 propterea
1461 2897 1567 2937 non
1598 2884 1708 2938 erit
1731 2882 1850 2951 ejus
1867 2884 1970 2940 do-

2079 2888 2157 2943 Οὐ
2183 2887 2294 2958 γάρ
2324 2886 2556 2956 ἐπείπερ
2583 2882 2897 2954 ἀλλογενὴς,
2920 2879 3215 2944 τουτέστιν,
3239 2877 3337 2930 οὐκ
3358 2876 3417 2940 ἐξ
3444 2874 3676 2945 αἵματος

392 2982 587 3023 uorum
614 2977 667 3023 et
686 2969 1083 3039 conjunctiouis
1108 2986 1231 3027 cum
1260 2975 1397 3042 ipso,
1431 2973 1684 3030 videlicet
1716 2976 1973 3046 spiritua-

2091 2979 2341 3052 Ἰσραὴλ,
2391 2976 2482 3033 διὰ
2521 2976 2680 3030 τοῦτο
2728 2975 2822 3029 καὶ
2869 2972 3135 3045 ἀμέτοχος
3184 2969 3293 3023 τῶν
3346 2970 3478 3042 παρ’
3509 2964 3674 3020 αὐτοῦ

393 3061 479 3126 lis,
500 3061 805 3131 particeps;
835 3062 927 3117 sed
958 3063 1001 3117 si
1031 3061 1260 3118 Domino
1289 3064 1586 3128 adhaereat,
1631 3066 1857 3121 omnino
1887 3067 1973 3120 in-

2081 3071 2458 3143 χαρισμάτων,
2493 3070 2664 3140 ἤγουν
2692 3067 2795 3138 τῆς
2822 3066 2960 3137 πρὸς
2996 3063 3162 3120 αὐτὸν
3199 3061 3547 3131 οἰκειότητος,
3574 3058 3670 3126 δη-

395 3161 476 3206 ter
512 3153 835 3209 domesticos
867 3163 922 3208 et
950 3162 1109 3209 notos
1136 3153 1512 3221 collocabitur,
1543 3165 1601 3213 et
1654 3156 1721 3211 ad
1765 3168 1977 3228 gentem

2081 3162 2257 3217 λονότι
2305 3159 2720 3230 πνευματικῆς·
2754 3156 2872 3212 ἀλλ’
2897 3158 2946 3211 εί
2982 3152 3302 3228 προσκέοιτο
3339 3150 3417 3222 τῷ
3461 3146 3669 3219 Κυρίῳ,

396 3252 667 3309 sanctam,
693 3245 759 3298 ad
791 3244 996 3315 regium
1025 3246 1481 3313 sacerdotium,in
1512 3257 1714 3303 sortem
1749 3248 1845 3306 Dei
1876 3266 1972 3307 co-
2006 3281 2015 3328 ε

2080 3254 2302 3321 τάξεται
2331 3252 2550 3315 πάντως
2576 3253 2635 3304 ἐν
2658 3249 2902 3313 οἰκείοις,
2931 3248 3026 3303 καὶ
3051 3246 3435 3317 ἐγνωσμένοις,
3470 3240 3564 3296 καὶ
3594 3241 3674 3333 είς

391 3331 686 3402 optabitur,
714 3341 771 3389 et
833 3332 886 3386 in
936 3332 1059 3389 [iliis
1117 3334 1390 3389 Abraham
1440 3338 1836 3395 numerabitur.
1861 3339 1978 3397 Non

2087 3344 2239 3409 ἐθνος
2286 3342 2465 3413 ἆγιον,
2506 3342 2600 3397 καὶ
2645 3342 2727 3407 είς
2784 3339 3056 3413 βασίλειον
3105 3336 3427 3410 ἱεράτευμα,
3456 3333 3549 3386 καὶ
3597 3330 3677 3393 εἰς

392 3424 537 3479 enim
560 3438 751 3481 omnes
779 3426 872 3494 qui
904 3433 1033 3481 sunt
1060 3439 1128 3481 ex
1158 3425 1345 3494 Israel,
1373 3427 1430 3482 hi
1482 3427 1673 3497 lsrael,
1705 3431 1870 3487 sicuti
1898 3446 1981 3489 sa-

2086 3435 2289 3508 κλῆρον
2310 3434 2447 3491 Θεοῦ
2480 3451 2499 3469 ο
2530 3436 2740 3490 τελέσει
2765 3433 2825 3488 δέ
2853 3432 3035 3503 καὶέν
3062 3431 3275 3493 τέκνοις
3307 3426 3576 3499 Ἀδραάμ.
3601 3424 3677 3477 Οὐ

401 3517 771 3589 pientissimus
809 3517 1010 3574 Paulus
1047 3519 1144 3587 ait,
1181 3535 1282 3577 nec
1303 3521 1431 3591 quia
1477 3536 1662 3578 semen
1722 3522 1977 3590 Abrabaa,

2084 3524 2194 3596 7&9
2222 3522 2425 3589 πάντες
2453 3523 2503 3578 οί
2541 3522 2603 3588 ἐξ
2637 3520 2857 3594 Ἰσραὴλ
2881 3514 3028 3576 οῦτοι
3065 3517 3301 3591 Ἰσραὴλ,
3340 3515 3485 3572 καθά
3514 3530 3682 3585 φησιν

395 3625 591 3667 omnes
649 3610 766 3677 lilii,
818 3612 914 3667 sed
955 3611 1050 3667 ﬁlii
1101 3612 1481 3681 promissionis
1532 3624 1855 3685 reputantur
1925 3618 1981 3673 In

2082 3613 2112 3667 ὁ
2148 3611 2423 3681 πάνσοφος
2454 3609 2689 3677 Παῦλος,
2719 3611 2842 3665 οὐδὲ
2870 3611 2953 3665 ὅτι
2984 3609 3092 3664 εἰσὶ
3138 3607 3365 3679 σπέρμα
3401 3605 3677 3677 Ἀϐραὰμ,

404 3705 620 3759 semine
643 3703 712 3758 ⁷⁸.
752 3704 888 3760 Data
917 3713 1002 3760 est
1021 3712 1201 3761 autem
1227 3705 1462 3762 Abrahae
1478 3707 1768 3776 promissio
1797 3724 1826 3764 a
1850 3708 1983 3775 Deo,

2085 3702 2507 3769 πάντεςτέκνα,
2533 3701 2672 3757 ἀλλά
2691 3701 2763 3755 τά
2789 3701 2957 3756 τέκνα
2984 3701 3081 3771 τῆς
3106 3698 3442 3769 ἐπαγγελίας
3469 3695 3680 3766 λογίζε-

398 3811 504 3851 uon
526 3796 699 3854 solum
725 3805 945 3867 propter
968 3812 1063 3854 eos
1089 3798 1183 3867 qui
1212 3799 1507 3855 secundum
1557 3814 1776 3856 carnem
1821 3800 1889 3856 ab
1917 3816 1984 3857 eo

2083 3809 2178 3848 ται
2214 3794 2297 3856 εις
2324 3793 2567 3864 σπέρμα.
2596 3791 2816 3846 Δέδοται
2844 3791 2904 3845 δέ
2931 3791 3010 3862 τῷ
3047 3789 3299 3861 Ἀϐραὰμ
3320 3789 3353 3859 ἡ
3377 3784 3680 3856 ἐπαγγελία

396 3896 545 3954 sunt,
569 3888 662 3943 sed
686 3896 908 3958 propter
929 3902 1117 3944 omnes
1145 3903 1245 3960 per
1273 3888 1430 3944 ﬁdem
1454 3889 1684 3960 genitos.
1720 3890 1812 3948 Sic
1837 3892 1982 3949 enim

2087 3882 2239 3955 παρά
2266 3881 2425 3949 Θεοῦ,
2456 3882 2559 3937 οὐκ
2591 3882 2686 3936 ἐπὶ
2726 3881 2910 3953 μόνοις
2943 3883 3057 3945 τοῖς
3094 3877 3154 3945 ἐξ
3182 3877 3350 3934 αὐτοῦ
3380 3879 3523 3933 κατά
3553 3876 3681 3948 σάρ-

396 3979 671 4035 Abraham
692 3978 1022 4049 justitiaatus
1049 3989 1155 4037 est.
1181 3979 1324 4054 Ergo
1350 3982 1443 4052 qui
1497 3982 1758 4040 insistunt
1806 3986 1978 4042 vesti-

2085 3993 2179 4042 κα,
2208 3974 2347 4031 ἀλλά
2380 3975 2490 4048 γὰρ
2526 3975 2620 4030 καὶ
2657 3973 2833 4029 ἀπασι
2869 3975 2982 4039 τοῖς
3023 3972 3112 4028 διά
3136 3973 3239 4044 τῆς
3272 3971 3539 4035 πίστεως·
3575 3971 3679 4024 ἐδι-

396 4069 500 4142 giis
527 4069 649 4126 Iidci
677 4069 1117 4138 Abrahamiticas,
1138 4071 1222 4126 his
1249 4074 1471 4129 omnino
1524 4073 1741 4130 dabitur
1775 4085 1833 4131 ut
1860 4077 1985 4135 ﬁliis

2084 4068 2295 4140 καιώθη
2325 4066 2433 4140 γάρ
2464 4066 2638 4131 οὕτως
2668 4065 2940 4138 Ἀϐραάμ.
2991 4063 3203 4119 Οὐκοῦν
3250 4067 3365 4128 τοῖς
3405 4063 3678 4133 στοιχοῦσι

398 4172 807 4219 accenseantur.
837 4162 951 4217 Non
986 4162 1149 4233 igitur
1170 4165 1500 4234 proselytum
1526 4167 1800 4236 separabit
1828 4184 1858 4223 a
1886 4184 1983 4240 po-

2083 4162 2196 4225 τοῖς
2225 4162 2397 4232 ῖχνεσι
2425 4160 2525 4231 τῆς
2554 4158 2792 4222 πίστεως
2850 4156 3106 4228 Ἀϐραὰμ
3134 4154 3419 4226 δοθήσεται
3458 4154 3677 4216 πάντως

397 4250 524 4320 pulo
549 4265 687 4306 suo:
722 4264 776 4308 at
807 4253 973 4308 semel
1022 4251 1261 4309 additum
1308 4262 1366 4309 et
1406 4266 1660 4315 vocatum
1693 4273 1790 4328 per
1820 4258 1981 4315 ﬁdem

2084 4251 2147 4306 τδ
2164 4251 2338 4305 τελεῖν
2362 4251 2421 4304 ἐν
2444 4250 2675 4314 τέκνοις.
2700 4250 2817 4303 Οὐκ
2843 4250 3065 4320 ἀφοριεῖ
3090 4246 3378 4320 τοιγαροῦν
3401 4248 3493 4301 τὸν
3512 4265 3680 4319 προσ-

396 4342 675 4411 suscipiet,
724 4344 1089 4414 populumque
1146 4355 1395 4401 sanctum
1462 4346 1787 4404 nominabit.
1839 4349 1982 4417 Quin

2085 4345 2285 4417 ήλυτον
2307 4344 2372 4397 ἐκ
2397 4343 2491 4397 τοῦ
2517 4343 2648 4397 λαοῦ
2695 4341 2884 4407 αὐτοῦ,
2913 4342 3008 4396 τὸν
3031 4342 3090 4396 δὲ
3122 4341 3270 4409 ἅπαξ
3312 4339 3678 4426 προρτεθὲντα

398 4433 561 4488 etiam
600 4434 646 4490 si
668 4436 816 4505 quis,
850 4436 1046 4505 inquit,
1089 4436 1161 4492 sit
1184 4438 1485 4504 eunuchus,
1511 4438 1565 4494 id
1599 4449 1685 4495 est
1704 4454 1896 4497 carens
1919 4440 1984 4495 li-

2087 4440 2183 4494 καὶ
2207 4437 2545 4508 κεκλημένον
2567 4437 2625 4489 ἐν
2655 4435 2837 4489 πίστει
2867 4432 3240 4506 προσδέξεται,
3262 4433 3357 4489 καὶ
3376 4433 3502 4487 λαὸν
3523 4434 3679 4503 ἅγιον

398 4525 546 4582 beris
573 4535 628 4583 et
655 4527 866 4592 sobole,
900 4542 967 4581 ne
996 4529 1142 4583 dicat
1174 4530 1315 4599 apud
1369 4531 1608 4601 seipsum
1640 4550 1656 4586 :
1690 4532 1802 4603 Ego
1861 4548 1980 4589 sum

2083 4531 2364 4602 όνομάσει.
2381 4528 2546 4582 Ἀλλά
2560 4527 2714 4591 εἴτις
2733 4526 2987 4598 εὐνοῦχός
3009 4528 3150 4592 ἐστι,
3169 4527 3355 4595 φησὶν,
3374 4525 3675 4591 τουτέστιν,

398 4618 599 4686 lignum
636 4616 872 4684 aridum,
903 4618 955 4674 id
998 4629 1100 4683 est,
1134 4633 1200 4674 ne
1222 4620 1447 4677 moleste
1476 4620 1620 4676 ferat
1664 4622 1979 4679 orbitatem.
2014 4648 2017 4703 ς

2059 4619 2254 4693 ,ἄπαις
2291 4619 2324 4689 ἢ
2360 4617 2575 4687 ἄγονος,
2627 4616 2700 4689 μὴ
2749 4615 2956 4685 λεγέτω
3000 4615 3124 4670 καθ’
3153 4616 3367 4678 ἑαυτὸν,
3410 4615 3493 4669 ὅτι
3537 4611 3678 4682 Ἐγώ

344 4706 347 4707 ⁷
397 4710 550 4776 Apud
583 4709 748 4763 Deum
780 4710 924 4764 enim
956 4710 1088 4786 nihil
1127 4711 1270 4768 istud
1318 4724 1420 4778 est,
1460 4728 1562 4769 nec
1585 4730 1707 4769 eum
1745 4714 1963 4784 rejiciet.

2084 4713 2201 4780 ειμι
2245 4709 2400 4776 ξύλον
2444 4708 2627 4781 ξηρὸν,
2675 4708 2959 4771 τουτέστι,
3010 4707 3086 4780 μὴ
3131 4708 3405 4763 λυπείσθω
3447 4707 3535 4762 διά
3579 4707 3679 4777 τὴν

401 4799 534 4855 Nam
594 4817 717 4869 qua:
747 4803 922 4858 virtus
995 4815 1097 4869 est,
1174 4804 1330 4874 cujus
1394 4807 1639 4876 prmclari
1721 4806 1982 4864 facinoris

2085 4800 2362 4857 ἀπαιδίαν.
2387 4799 2551 4854 οὐδὲν
2585 4801 2695 4871 γὰρ
2722 4799 2881 4854 τοῦτο
2909 4801 3062 4871 παρά
3087 4799 3228 4870 Θεῷ,
3254 4798 3377 4854 οὐτε
3409 4799 3516 4871 μὴν
3540 4798 3679 4853 ἀπό-

397 4890 673 4959 splendor,
715 4893 879 4960 prolis
910 4893 1233 4950 fecunditas?
1261 4895 1456 4951 Carnis
1481 4897 1627 4951 enim
1664 4911 1830 4967 opera
1853 4908 1982 4953 sunt

2087 4896 2282 4965 ϐλητον
2334 4893 2647 4963 ἀποφαίνει.
2691 4894 2906 4958 ’οποἷος
2950 4895 3061 4966 γάρ
3106 4895 3306 4967 τρόπος
3352 4892 3592 4964 ἀρετῆς,
3643 4891 3676 4961 ἦ

386 4982 536 5046 haec,
564 4997 663 5038 nec
690 4986 1111 5054 reprehensione
1133 5004 1234 5044 nec
1262 4987 1420 5045 laude
1445 4988 1625 5057 digna.
1673 4987 1785 5043 Etsi
1833 4991 1977 5045 enim

2087 4988 2257 5041 ποίων
2309 4985 2751 5058 κατορθωμάτων
2813 4986 3176 5058 λαμπρότης,
3224 4989 3257 5059 ἡ
3306 4985 3675 5052 πολυπαιδία,

402 5075 674 5145 aliquibus
698 5075 1089 5135 benedictionis
1114 5079 1235 5136 loco
1281 5080 1466 5134 datum
1526 5081 1620 5145 sit,
1655 5082 1722 5134 ad
1748 5082 1850 5137 hoc
1874 5080 1985 5137 Deo

2083 5079 2294 5150 Σαρκὸς
2322 5078 2458 5149 ἔργα
2480 5079 2642 5132 ταυτὶ
2670 5077 2864 5150 μώμου
2887 5096 2947 5131 τε
2973 5079 3069 5133 καὶ
3091 5080 3316 5134 ἐπαίνου
3348 5079 3587 5152 μακράν.
3614 5080 3676 5131 Εἰ

400 5177 648 5233 vocante,
695 5177 751 5222 at
789 5170 920 5224 nihil
947 5172 1052 5225 erit
1083 5185 1187 5226 non
1243 5170 1567 5225 habentibus
1630 5171 1980 5227 incommodi.

2079 5171 2190 5243 7&9
2231 5173 2327 5226 καὶ
2365 5170 2574 5224 δέδοταί
2604 5186 2749 5223 τισιν
2788 5171 2847 5223 ἐν
2893 5170 3142 5238 εὐλογίας
3170 5171 3321 5237 τάξει
3355 5171 3416 5225 τὸ
3458 5171 3672 5242 χρῆμα,

400 5260 539 5326 Quid
591 5260 734 5316 enim
774 5274 963 5319 contra
1001 5278 1096 5320 eos
1131 5263 1237 5319 dici
1284 5272 1461 5333 poti-st
1516 5263 1606 5333 qui
1654 5273 1981 5332 prmmature

2079 5262 2275 5336 καιροῦ
2317 5261 2607 5324 καλοῦντος
2651 5261 2731 5324 εἰς
2774 5259 2951 5325 τοῦτο,
2981 5260 3098 5314 ἀλλ’
3125 5264 3224 5315 οὐκ
3268 5261 3574 5331 ἀδικήσειεν
3608 5261 3675 5314 ἂν

403 5352 601 5405 mortui
640 5363 788 5418 sunt,
823 5354 906 5409 vel
937 5363 1065 5408 ante
1115 5354 1329 5422 nuptias
1357 5365 1412 5409 et
1441 5355 1642 5408 coitum
1673 5354 1833 5409 rebus
1879 5355 1979 5408 hu-

2076 5354 2229 5409 οὐδὲν
2268 5352 2394 5417 τοὺς
2426 5352 2501 5425 μὴ
2534 5351 2800 5423 λαχόντας
2832 5353 3154 5408 αὐτό.Ἐπε“ι
3193 5353 3345 5415 ποῖος
3375 5351 3443 5405 ἂν
3467 5351 3675 5419 γένοιτο

404 5443 579 5498 manis
602 5443 863 5508 defuncti,
898 5445 1100 5499 liberos
1137 5458 1242 5498 non
1283 5444 1672 5514 susceperunt?
1700 5445 1981 5512 Quomodo

2088 5446 2483 5517 καταρῤήσεως
2508 5443 2712 5514 τρόπος
2740 5445 2853 5506 τοῖς
2879 5442 3141 5497 τεθνεῶσι
3174 5442 3281 5514 πρὸ
3308 5441 3479 5513 ὥρας,
3507 5440 3540 5511 ἢ
3568 5440 3675 5510 πρὸ

405 5534 567 5589 etiam
593 5535 809 5603 juvabit
854 5535 1092 5606 peccatis
1126 5536 1177 5589 in
1233 5535 1337 5590 hac
1381 5538 1487 5590 vita
1535 5535 1800 5597 addictos.
1834 5537 1977 5605 quod

2087 5538 2269 5609 γάμου
2321 5536 2417 5589 καὶ
2452 5536 2671 5605 μίξεως,
2703 5534 2813 5589 τῶν
2839 5535 2961 5590 καθ’
2990 5535 3136 5605 ἡμᾶς
3168 5533 3509 5603 πραγμάτων
3536 5532 3670 5583 ἀπο-

406 5624 697 5680 iuultorum
724 5626 957 5682 ﬁliorum
974 5636 1026 5681 et
1056 5626 1285 5680 liliarum
1313 5636 1495 5696 patres
1542 5627 1834 5684 exsismnt?
1870 5627 1977 5681 Ne-

2085 5630 2414 5699 δημήσασιν,
2447 5621 2528 5690 οἷς
2574 5625 2784 5679 παίδων
2815 5626 2912 5694 οὐχ
2945 5623 3155 5695 ὑπῆρξε
3196 5624 3364 5692 γονῆς
3399 5624 3581 5692 ὀνήσει
3612 5620 3667 5672 δὲ

407 5730 513 5785 que
541 5717 701 5784 dicat,
736 5718 1038 5790 inquit,qui
1069 5719 1269 5776 liberos
1294 5735 1397 5773 uou
1445 5720 1606 5776 habet
1640 5738 1650 5773 :
1692 5720 1802 5791 Ego
1860 5732 1977 5773 sum

2085 5720 2282 5791 τρόπον
2320 5716 2440 5770 τινὰ
2490 5717 2612 5779 τοὺς
2662 5715 3148 5787 φιλαμαρτήμονας
3176 5716 3233 5767 ἐν
3266 5714 3393 5783 τῷδε
3435 5712 3512 5782 τῷ
3547 5712 3666 5781 βίῳ,

480 5886 526 5919 ’⁸⁵
563 5886 716 5945 Joau.
757 5906 873 5957 vui,
909 5893 993 5947 59.
1072 5897 1134 5928 τῖ’
1162 5897 1297 5951 Gen.
1336 5911 1422 5965 sv,
1454 5896 1486 5949 5
1584 5898 1623 5925 ’⁵
1660 5897 1829 5952 Exod.
1877 5910 2028 5966 nm,
2062 5894 2096 5947 2’.

2062 5893 2150 5952 ‘35.
2230 5895 2270 5924 τ’
2306 5893 2425 5949 05c.
2475 5910 2546 5961 ix,
2582 5894 2660 5948 il.
2740 5893 2910 5947 "Ibit.
2950 5905 3020 5955 Iv,
3067 5890 3083 5942 ι
3192 5891 3230 5917 ’⁸
3262 5889 3416 5944 Rom.
3448 5883 3583 5951 “,6
3613 5881 3668 5941 3.
