4100 6480
324 388 473 446 1245

1480 390 1551 447 IN
1589 390 1827 447 ISAIAM
1868 390 1999 447 LIB.
2046 391 2111 449 ν.
2151 392 2390 453 TOMUS
2423 394 2516 454 Ill.
2606 388 2613 395 ’

3525 399 3632 457 246

321 507 543 563 πολλῶν
578 510 823 580 πατέρας
859 508 991 563 υίῶν
1026 508 1120 562 καὶ¹
1148 507 1500 582 θυγατέρων;
1535 512 1689 584 Μηδὲ
1716 512 1932 582 λεγέτω,

2052 513 2218 586 790
2243 515 2447 585 lignum
2490 515 2731 572 aridum.
2768 515 2910 572 Nihil
2939 524 3121 573 autem
3160 526 3342 585 nocet,
3373 518 3481 576 imo
3505 531 3633 573 vero

322 603 517 673 φησὶν,
543 600 572 653 ὁ
602 601 799 665 παῖδας
823 601 925 655 οὐκ
949 600 1111 672 ἔχων,
1129 602 1210 656 ὅτι
1235 601 1379 672 Ἐγώ
1410 604 1524 675 είμι
1557 603 1714 670 ξύλον
1743 605 1928 676 ξηρόν.

323 696 510 749 Λυπεῖ
544 693 603 748 δὲ
628 694 805 759 οὐδὲν,
840 693 1044 764 μᾶλλον
1071 694 1128 749 δὲ
1150 696 1447 764 ἀναγκαῖον
1471 690 1612 751 εἷναί
1646 715 1792 769 φημι
1812 697 1930 752 δια-

327 786 710 858 μνημονεῦσαι
744 787 840 841 καὶ
869 787 966 842 νῦν
992 787 1105 842 τῶν
1135 789 1565 861 εὐνουχισάντων
1594 791 1823 854 ἑαυτοὺς
1842 790 1931 846 διὰ

318 880 427 950 τὴν
461 878 743 949 βασιλείαν
787 879 897 934 τῶν
943 880 1209 953 οὐρανῶν,
1242 882 1385 937 κατὰ
1411 883 1512 955 τὴν
1542 882 1636 938 τοῦ
1676 884 1931 956 Σωτῆρος

322 972 532 1043 φωνὴν,
559 965 642 1035 οἷς
668 970 735 1026 ἂν
764 972 1100 1043 ἐφαρμόσειὲ
1128 991 1231 1038 τις,
1270 975 1366 1029 καὶ
1392 975 1538 1047 μάλα
1555 976 1806 1045 εἰκότως,
1837 976 1931 1032 τὸν

320 1062 380 1115 ἐν
421 1079 485 1131 γε
522 1062 738 1127 τούτοις
784 1065 940 1136 παρὰ
981 1063 1119 1119 Θεοῦ
1163 1064 1343 1135 λόγον.
1375 1067 1545 1123 Δώσω
1576 1067 1685 1141 γάρ
1720 1070 1927 1135 αὐτοῖς,

321 1154 515 1224 φησὶν,
557 1155 617 1209 ὲν
642 1155 719 1227 τῷ
746 1155 881 1228 οἴκῳ
910 1174 1036 1228 μου,
1068 1156 1166 1211 καὶ
1208 1159 1266 1212 ἐν
1306 1156 1388 1229 τῷ
1416 1158 1586 1229 τείχει
1620 1176 1724 1231 μου
1761 1158 1929 1214 τόπον

316 1247 643 1318 ὀνομαστόν.
675 1244 841 1303 Οἷκον
865 1249 923 1304 δὲ
965 1250 1062 1305 καὶ
1102 1252 1303 1321 τεῖχος,
1335 1252 1457 1322 ἦτοι
1502 1252 1597 1307 τὸν
1640 1252 1928 1325 περίϐολον

318 1340 420 1395 καὶ
461 1340 765 1409 ἀσφάλειαν
794 1341 1093 1397 ἀποκαλεῖν
1131 1342 1277 1398 ἔοικε
1301 1344 1402 1413 τὴν
1444 1343 1795 1417 Ἐκκλησίαν,
1827 1344 1929 1417 τὴν

318 1432 437 1487 ἀνω
470 1449 576 1486 που
621 1433 767 1504 τάχα
811 1434 906 1488 καὶ
951 1434 1011 1490 ἐν
1040 1434 1315 1506 οὐρανοῖς,
1345 1435 1515 1506 ἤγουν
1540 1434 1641 1509 τὴν
1674 1436 1770 1491 ἐπὶ
1800 1437 1923 1509 γῆς,

317 1526 403 1590 είς
456 1524 524 1595 ἥν
556 1524 957 1596 διαπρέπουσιν
999 1524 1195 1599 ἄνδρες
1245 1526 1442 1600 ἁγνείᾳ
1492 1527 1588 1582 καὶ
1635 1528 1927 1601 σεμνότητι

318 1616 638 1688 σύντροφοι,
686 1617 783 1671 καὶ
826 1618 891 1672 τὺ
917 1618 1019 1692 τῆς
1048 1620 1373 1692 ἐγκρατείας
1406 1620 1766 1692 ἀναδούμενοι
1793 1622 1928 1679 καύ-

315 1730 387 1783 χη
397 1729 496 1783 μα,
521 1712 617 1766 καὶ
642 1711 1006 1777 πολυπαιδίας
1026 1713 1313 1786 κρείττονα
1339 1714 1439 1786 τὴν
1458 1714 1553 1769 ἐπὶ
1572 1713 1749 1787 τούτῳ
1766 1715 1927 1783 δόξαν

316 1803 642 1876 ἡγούμενοι,
672 1804 768 1858 καὶ
797 1805 860 1859 τό
885 1822 949 1874 γε
977 1800 1114 1878 ἧκον
1147 1808 1230 1871 είς
1274 1807 1586 1879 σεμνότητα
1644 1808 1927 1873 πολιτείας

2036 622 2266 666 necesse
2285 623 2409 666 esse
2438 608 2584 677 dico,
2616 619 2679 666 ut
2704 610 3035 667 mentionem
3076 610 3343 666 faciamus
3373 623 3516 664 nunc
3538 622 3634 663 eo-

2034 716 2156 757 rum
2191 700 2284 771 qui
2314 716 2374 757 sc
2400 709 2623 772 propter
2652 715 2878 773 regnum
2911 701 3175 759 caelorum
3200 701 3482 757 eunuchos
3506 701 3631 757 red-

2033 794 2292 851 diderunt
2319 792 2389 860 ",
2415 794 2572 863 juxta
2597 808 2787 851 vocem
2823 795 3134 852 Servatoris
3162 811 3176 848 :
3200 794 3401 864 quibus
3453 794 3631 851 oratio

2034 901 2065 940 a
2082 886 2191 942 Deo
2211 886 2314 941 hoc
2328 885 2449 943 loco
2464 885 2652 942 habita
2671 872 2781 942 don
2796 886 2896 943 abs
2924 901 2983 943 re
3003 887 3354 962 accommoda
3366 886 3405 939 ri
3424 894 3627 955 potest.

2032 977 2183 1034 Dabo
2209 978 2358 1033 enim
2389 976 2519 1044 illis,
2555 977 2754 1047 inquit,
2788 977 2844 1033 in
2871 978 3031 1034 domo
3065 993 3185 1032 mea
3250 985 3305 1033 et
3331 974 3475 1032 intra
3511 992 3629 1030 mu-

2032 1085 2153 1124 rum
2203 1084 2383 1125 meum
2435 1069 2615 1127 locum
2663 1068 2957 1126 celebrem.
3005 1070 3233 1125 Domum
3280 1078 3336 1125 et
3388 1083 3624 1130 murum,

2030 1162 2118 1217 vel
2177 1161 2530 1218 munitionem
2572 1168 2631 1216 et
2672 1161 3047 1228 securitatem,
3090 1159 3364 1231 appellare
3414 1158 3629 1213 videtur

2029 1253 2351 1320 Ecclesiam,
2376 1266 2631 1323 superam
2665 1261 2722 1308 et
2760 1252 3060 1319 ccclestem,
3090 1251 3176 1308 vel
3221 1251 3359 1307 hanc
3405 1266 3526 1321 quae
3572 1249 3625 1303 in

2029 1346 2192 1403 terris
2226 1352 2480 1403 versatur
2513 1361 2529 1401 :
2561 1345 2617 1401 in
2652 1359 2759 1417 qua
2808 1344 3155 1415 resplendent
3199 1343 3303 1398 viri
3337 1341 3628 1399 sanctimo-

2030 1437 2136 1494 nia:
2180 1444 2236 1493 ct
2274 1435 2526 1516 gravitati
2581 1436 2739 1506 quasi
2783 1435 3074 1503 innutriti,
3114 1445 3168 1490 et
3207 1434 3301 1506 qui
3349 1432 3629 1489 continen-

2032 1529 2118 1585 tiae
2160 1543 2359 1585 corona
2402 1529 2637 1585 redimiti
2685 1537 2835 1594 sunt,
2869 1542 2935 1584 ac
3000 1526 3228 1597 gloriam
3266 1527 3406 1581 hanc
3456 1523 3628 1594 potio-

2032 1636 2144 1678 rem
2202 1621 2536 1678 fecunditate
2581 1620 2936 1685 existimant,
2981 1626 3040 1674 et
3076 1619 3254 1688 quoad
3295 1616 3623 1687 gravitatem

2029 1729 2094 1771 ac
2130 1716 2476 1773 sanctitatem
2537 1712 2973 1772 conversationis
3041 1711 3111 1767 ab
3173 1709 3442 1766 eunuchis
3495 1706 3630 1763 nihi.

2029 1804 2306 1863 dili‘erunt.
2330 1805 2396 1863 lli
2422 1805 2700 1877 accipiunt
2727 1819 2758 1859 a
2785 1802 2898 1859 Deo
2924 1801 3155 1874 gloriam
3204 1806 3491 1862 aeternam,
3526 1797 3628 1853 hoc

316 1869 594 1967 E'fiVOt'leV
637 1897 793 1951 οὐδὲν
839 1869 1221 1971 διαφέροντες.⁷
1263 1869 1426 1955 Οὗτοι
1472 1869 1719 1972 δέχονται
1776 1869 1928 1973 παρά

2036 1899 2179 1955 enim
2211 1898 2420 1956 illustre
2458 1898 2565 1954 illis
2590 1912 2787 1953 nomen
2812 1905 2919 1962 est,
2948 1894 3179 1963 illosque
3226 1890 3404 1963 gratia
3458 1889 3630 1961 ipsius

316 1990 458 2044 Θεοῦ
485 1990 647 2056 δόξαν
674 1989 894 2047 αἰώνιον
915 2009 927 2021 ⁸
956 1992 1110 2064 δηλοῖ
1137 1992 1194 2047 δὲ
1227 1994 1386 2048 τοῦτο
1418 1994 1679 2066 τοῦνομα,
1704 1995 1800 2050 καὶ
1827 1995 1931 2049 οὐκ

318 2082 388 2136 ἂν
416 2081 662 2152 ὲκλείψοι
690 2083 749 2134 ὲν
782 2083 968 2148 αὐτοῖς
1010 2085 1043 2155 ὴ
1084 2085 1215 2155 παρ’
1244 2082 1413 2139 αὐτοῦ
1451 2084 1644 2156 χάρις’
1671 2084 1930 2157 ἐξαίρετα

323 2173 433 2245 γὰρ
484 2174 586 2243 τῆς
635 2174 963 2245 ἐγκρατείας
993 2175 1064 2229 τὰ
1094 2176 1252 2248 γέρα,
1296 2176 1438 2248 πλὴν
1487 2176 1585 2247 οὐχ
1616 2177 1808 2242 ἁπλοῖς
1834 2178 1929 2231 εὐι-

320 2264 538 2336 νούχοις
561 2264 661 2337 τὴν
686 2266 797 2320 τῶν
828 2265 973 2322 οὕτω
997 2267 1269 2340 λαμπρῶν
1303 2268 1632 2342 ἀξιωμάτων
1658 2268 1930 2339 ἐπαγγέλ-

318 2359 476 2413 λεται
532 2358 820 2431 χορηγίαν,
849 2359 987 2414 ἀλλὰ
1028 2363 1144 2426 τοῖς
1199 2362 1530 2431 φυλάττουσι
1567 2361 1637 2417 τὰ
1670 2361 1929 2417 Σάϐϐατα

317 2450 515 2515 αὐτοῦ,
547 2452 790 2524 Χριστοῦ
818 2452 876 2506 δὲ
904 2454 1180 2526 δηλονότιο
1223 2455 1389 2529 ἕτερα
1433 2456 1511 2521 δὲ,
1541 2457 1619 2521 ὡς
1660 2454 1821 2528 ἔφην,
1859 2456 1931 2511 τά

317 2544 491 2599 αὑτοῦ
527 2546 787 2601 Σάϐϐατα
820 2548 975 2614 παρὰ
1014 2548 1108 2603 τοῦ
1141 2549 1337 2620 νόμου.
1368 2549 1452 2603 Τὰ
1480 2549 1580 2621 μὲν
1610 2550 1721 2623 γάρ
1759 2545 1828 2622 ἦν
1871 2550 1931 2604 ἐν

316 2637 538 2702 τύποις,
571 2638 641 2692 τά
664 2640 722 2693 δὲ
753 2640 833 2712 τῷ
857 2641 958 2712 τῆς
985 2641 1247 2713 ἀληθείας
1281 2642 1784 2715 καταφαιδρύνεται
1807 2644 1933 2699 κάλ-

317 2732 425 2785 λει.
460 2732 572 2786 Καὶ
601 2732 724 2786 ἐπεὶ
746 2736 858 2797 τοῖς
891 2733 1306 2805 ἐπιλεξαμένοις
1331 2733 1524 2807 [άπερ]
1546 2735 1709 2799 αὐτὸς
1747 2735 1933 2806 βούλε-

317 2844 433 2890 ται,
459 2827 553 2881 καὶ
570 2826 956 2898 ἀντεχομένοις
980 2828 1080 2899 τῆς
1099 2827 1367 2899 διαθήκης
1384 2827 1575 2882 αὑτοῦ.
1594 2827 1855 2882 Βούλεται
1873 2827 1932 2882 δὲ

318 2920 563 2992 Χριστὸς
588 2920 650 2973 οὐ
670 2920 738 2975 τά
758 2921 817 2974 ὲν
841 2924 1021 2986 σκιαῖς
1054 2921 1152 2975 καὶ
1180 2921 1476 2994 γράμμασι
1503 2921 1764 2994 νομικῶς,
1791 2918 1934 2976 ἀλλὰ

320 3013 421 3067 καὶ
454 3012 524 3067 τὰ
554 3013 612 3067 ὲν
633 3016 700 3085 τῇ
726 3013 962 3087 διαθήκῃ
980 3015 1049 3087 τῇ
1081 3013 1212 3086 παρ’
1241 3012 1407 3068 αὑτοῦ
1429 3029 1443 3044 °
1483 3012 1642 3087 δῆλον
1673 3013 1732 3069 δὲ
1759 3013 1931 3086 ὅτιτῇ

317 3106 424 3179 νέᾳ
450 3123 512 3160 τε
536 3105 632 3162 καὶ
666 3106 1027 3179 εὐαγγελικῇ.

2032 2005 2141 2047 non
2180 1991 2417 2049 deliciet.
2449 1989 2659 2046 Eximia
2707 1995 2837 2044 sunt
2883 1986 3030 2042 enim
3088 1980 3439 2042 continentia:
3490 1994 3629 2050 pra:-

2030 2092 2160 2148 mia.
2188 2082 2392 2142 Verum
2418 2097 2528 2139 non
2561 2078 2885 2150 simpliciter
2917 2075 3183 2131 eunuchis
3230 2073 3374 2129 hanc
3403 2070 3538 2126 adeo
3561 2069 3628 2123 il-

2033 2181 2223 2239 lustris
2257 2175 2539 2249 dignitatis
2574 2167 3146 2230 subministrationem
3202 2163 3511 2236 pollicetur,
3536 2160 3631 2217 sed

2033 2271 2449 2332 observantibus
2481 2266 2722 2323 Sabbata
2759 2263 2899 2336 eius,
2928 2262 3128 2319 Christi
3182 2258 3454 2316 videlicet.
3511 2255 3632 2311 Alia

2031 2381 2163 2423 vero
2191 2372 2339 2431 sunt,
2373 2363 2449 2417 uti
2476 2359 2612 2425 dixi,
2643 2359 2763 2427 eius
2813 2357 3076 2417 Sabbata,
3104 2368 3267 2425 quam
3322 2350 3476 2421 legis.
3506 2348 3634 2404 Haec

2033 2469 2271 2526 namque
2299 2454 2353 2508 in
2387 2451 2528 2524 typis
2556 2458 2716 2506 erant
2744 2448 2849 2504 sita
2870 2486 2885 2511 ,
2921 2445 3012 2500 illa
3058 2444 3299 2500 veritatis
3332 2439 3632 2512 pulchritu-

2040 2550 2168 2607 dine
2192 2549 2556 2604 illustrantur.
2579 2543 2765 2610 Addit,
2781 2541 2875 2613 qui
2902 2538 3168 2609 elegerint
3193 2551 3314 2607 quas
3352 2534 3470 2605 ipse
3494 2532 3628 2597 vult,

2034 2656 2099 2696 ac
2136 2637 2412 2695 tenuerint
2477 2641 2860 2690 testamentum
2905 2644 3087 2685 suum.
3147 2625 3401 2683 Christus
3449 2632 3631 2678 autem

2035 2732 2147 2789 vult
2176 2746 2281 2788 non
2313 2744 2434 2800 qua:
2465 2727 2520 2782 in
2574 2722 2784 2779 umbris
2816 2732 2873 2777 et
2911 2719 3107 2777 litteris
3138 2716 3400 2787 legalibus
3451 2711 3632 2769 consi-

2032 2834 2208 2891 stunt,
2242 2822 2336 2879 sed
2355 2835 2477 2893 qua:
2502 2819 2570 2874 ad
2603 2822 2989 2874 testamentum
3020 2825 3179 2870 suum
3203 2808 3499 2882 pertinent,
3529 2818 3631 2860 no-

2034 2934 2160 2975 vum
2204 2915 2414 2974 scilicet
2448 2922 2507 2970 et
2536 2909 2935 2983 evangelicum.

394 3156 511 3255 kal
539 3199 665 3266 τοῖς
690 3156 1057 3271 (“harenam
1082 3199 1211 3268 τοῖς
1245 3156 1711 3272 προσκειμένοις
1733 3200 1931 3271 Κυρίῳ

2110 3206 2415 3265 Vens.6-8.
2451 3203 2523 3259 Et
2580 3200 2794 3268 alienis,
2824 3199 2916 3271 qui
2957 3194 3162 3252 addicti
3204 3200 3330 3248 sunt
3379 3189 3630 3253 Domino,

317 3285 835 3358 δωλεύειναύτῷ,
868 3288 968 3343 καὶ
994 3288 1240 3359 ἀγαπᾷν
1265 3291 1334 3345 τὸ
1360 3292 1550 3362 ὄνομα
1578 3291 1834 3362 Κυρίου,
1863 3291 1931 3345 τὸ

318 3376 481 3435 εἶναι
534 3378 699 3447 αὐτῷ
733 3382 822 3448 εὶς
859 3380 1124 3449 δούλους
1158 3382 1262 3438 καί
1293 3383 1542 3451 δούλας,
1563 3386 1666 3440 καὶ
1698 3385 1934 3451 πάντας

320 3473 470 3541 τοὺς
491 3474 1011 3545 φυλασσομένους
1047 3476 1121 3530 τὰ
1161 3476 1436 3532 Σάϐϐατά
1464 3495 1586 3548 μου
1620 3477 1710 3549 μὴ
1748 3480 1933 3549 ,βεϐη-

320 3563 503 3624 λοῦν.
532 3564 632 3619 καὶ
672 3566 1126 3637 ἀντεχομένους
1162 3567 1274 3639 τῆς
1312 3569 1609 3641 διαθήκης
1639 3589 1781 3643 μου,
1807 3575 1933 3629 είσ-

322 3657 452 3724 ἁξω
469 3658 698 3726 αὐτοὺς
713 3661 803 3727 είς
831 3659 898 3715 τύ
921 3659 1061 3730 ὅρος
1081 3663 1148 3717 τὸ
1174 3661 1351 3733 ἅγιόν
1368 3681 1511 3734 μου,
1534 3664 1635 3720 καὶ
1655 3665 1935 3736 εὐφρανῶ

322 3750 555 3817 αὐτοὺς
586 3750 658 3805 ἐν
687 3751 769 3817 τῷ
798 3751 945 3818 οἴκῳ
971 3752 1085 3823 τῆς
1122 3755 1479 3826 προσευχῆς
1513 3774 1653 3828 μου.
1689 3758 1769 3814 Τὰ
1804 3761 1937 3814 ὀλο-

328 3844 693 3915 καυτώματα
734 3843 957 3910 αὐτῶν,
980 3845 1083 3900 καί
1122 3849 1184 3902 al
1223 3849 1433 3903 θυσίαι
1464 3849 1668 3904 αὐτῶν
1685 3847 1936 3906 ἔσονται

334 3938 543 3994 (Sexta!
566 3939 667 3993 ἐπὶ
694 3939 763 3993 τὸ
796 3939 1238 4010 θυσιαστήριον
1252 3960 1394 4012 μου.
1412 3943 1467 3997 '0
1490 3945 1603 4013 γὰρ
1635 3940 1801 4013 οἶκός
1816 3963 1937 4015 μου

327 4028 500 4098 οἶκος
533 4030 890 4102 προσευχῆς
913 4034 1408 4102 προκληθήσεται
1431 4033 1585 4091 πᾶσι
1614 4036 1742 4102 τοῖς
1771 4037 1936 4093 ἔθνε-

329 4140 458 4190 σιν,
479 4119 614 4179 εἷπε
639 4125 851 4194 Κύριος
887 4127 920 4179 ό
950 4123 1237 4194 συνάγων
1265 4126 1411 4194 τοὺς
1450 4127 1934 4199 διεσπαρμένους

343 4218 617 4288 Ἰσραήλ.

406 4309 717 4365 Συναπτέον
743 4313 859 4374 τοῖς
888 4310 1080 4366 άνόπιν
1112 4312 1205 4367 καὶ
1231 4312 1426 4377 ταῦτα,
1458 4309 1578 4388 ἴν’ᾔ
1608 4312 1851 4369 τοιοῦτον
1872 4315 1935 4368 τὸ

329 4404 650 4475 λεγόμενον*
681 4403 821 4456 Τάδε
841 4402 991 4473 λέγει
1013 4404 1218 4475 Κύριος
1239 4407 1352 4470 τοῖς
1371 4406 1667 4477 εὐνούχοις,
1694 4407 1789 4462 καὶ
1820 4410 1936 4472 τοῖς

328 4493 648 4565 άλλογενέσι
671 4497 788 4558 τοῖς
810 4496 1234 4567 προσκειμένοις
1258 4499 1449 4570 Κυρίῳ
1468 4499 1742 4553 δουλεύειν
1762 4499 1931 4571 αὐτῷ.

2034 3303 2228 3358 servire
2262 3300 2331 3364 ei,
2358 3308 2409 3354 et
2443 3296 2665 3366 diligere
2691 3307 2881 3348 nomen
2934 3287 3172 3349 Domini,
3221 3292 3279 3338 ut
3316 3282 3421 3336 sint
3458 3281 3507 3335 ei
3577 3281 3634 3334 in

2034 3409 2209 3451 servos
2228 3402 2277 3448 et
2327 3388 2573 3453 ancillas,
2612 3395 2660 3442 et
2706 3385 3001 3457 quicunque
3049 3376 3354 3433 custodiunt
3398 3370 3634 3427 Sabbata

2038 3500 2175 3547 mea,
2228 3497 2290 3535 ne
2363 3476 2645 3548 profanent
2697 3490 2783 3539 ea,
2827 3478 2878 3526 et
2914 3470 3007 3539 qui
3046 3474 3221 3522 tenent
3264 3470 3635 3519 testamentum

2035 3591 2230 3639 meum,
2263 3571 2520 3627 inducam
2555 3584 2642 3624 eos
2692 3567 2747 3619 in
2801 3570 3030 3618 montem
3065 3568 3306 3614 sanctum
3353 3568 3549 3616 meum,
3587 3560 3638 3606 et

2038 3665 2346 3725 exhilarabo
2382 3680 2469 3719 eos
2514 3662 2574 3716 in
2600 3661 2758 3715 domo
2793 3654 3052 3713 orationis
3096 3666 3225 3707 mea:
3261 3665 3280 3704 :
3328 3645 3640 3703 holocausta

2037 3776 2219 3819 eorum
2239 3765 2290 3813 et
2310 3756 2534 3812 victima:
2563 3766 2746 3808 eorum
2776 3757 2929 3805 erunt
2959 3740 3302 3813 acceptabiles
3357 3753 3511 3806 super
3549 3736 3634 3789 al-

2041 3862 2157 3907 tare
2190 3866 2384 3906 meum.
2417 3846 2617 3901 Domus
2656 3842 2796 3897 enim
2832 3856 2946 3895 mea
2995 3839 3186 3892 domus
3221 3830 3479 3888 orationis
3538 3844 3631 3883 vo-

2041 3945 2251 4000 cabitur
2273 3939 2473 3997 cunctis
2502 3934 2766 4007 gentibus,
2798 3931 2927 3986 dicit
2963 3929 3242 3995 Dominus,
3290 3923 3381 3994 qui
3413 3936 3634 3992 congre-

2040 4046 2128 4109 gat
2154 4035 2416 4105 dispersos
2442 4029 2637 4085 Israel.

2114 4314 2465 4375 Adnectenda
2493 4312 2758 4370 sunthaec
2790 4323 3007 4380 quoque
3031 4303 3422 4377 superioribus,
3456 4310 3515 4358 ut
3535 4301 3642 4356 tale

2044 4412 2175 4484 quid
2212 4411 2427 4467 dicatur
2456 4423 2471 4461 :
2509 4405 2635 4462 Haec
2663 4403 2796 4460 dicit
2824 4401 3082 4458 Dominus
3112 4396 3395 4461 eunuchis,
3429 4404 3484 4450 et
3512 4395 3640 4448 alie-

2044 4502 2281 4574 nigenis,
2316 4499 2554 4555 addictis
2581 4497 2831 4562 Domino,
2864 4504 2923 4549 ut
2951 4494 3193 4548 serviant
3221 4491 3292 4545 ei.
3318 4488 3493 4543 Habet
3512 4501 3642 4557 ergo

327 4587 548 4644 Οὐκοῦν
570 4586 879 4657 διαλέγεται
908 4591 1023 4653 τοῖς
1049 4588 1107 4656 ἐξ
1140 4569 1458 4655 ἐθνῶν,ίκα“ι
1480 4591 1598 4646 οὔτι
1623 4608 1727 4645 που
1753 4569 1932 4663 μόνοις

2043 4569 2353 4651 sermonem
2414 4604 2539 4646 cum
2575 4585 2850 4657 gentibus,
2876 4598 2985 4639 non
3024 4596 3147 4637 cum
3175 4579 3309 4636 solis
3354 4575 3638 4636 lsraelitis,

326 4684 445 4747 τοῖς
483 4680 542 4748 ἐξ
592 4680 823 4749 αἵματος
871 4679 1110 4753 Ἰσραὴλ,
1147 4682 1197 4735 οἳ
1244 4682 1342 4752 τὴν
1384 4683 1558 4756 ὀφρὺν
1585 4684 1942 4749 ἀνασπῶντες

328 4770 545 4843 ὑψηλὴν
598 4770 1010 4840 κατεπεφύοντο
1061 4770 1173 4825 τῶν
1213 4773 1519 4843 ἀλλογενῶν
1542 4815 1557 4841 ,
1603 4777 1800 4848 μερίδα
1847 4778 1945 4831 καὶ

327 4863 538 4934 κλῆρον
593 4862 731 4916 Θεοῦ
768 4863 865 4917 καὶ
911 4863 1041 4917 λαὸν
1085 4865 1242 4934 ἅγιον
1283 4866 1512 4931 ἑαυτοὺς
1541 4869 1900 4939 ὀνομάζοντες
1925 4889 1939 4903 ’

329 4957 639 5026 φάσκοντες
697 4956 794 5021 τὸ,
861 4975 880 5009 ι
914 4957 1192 5030 Μακάριοί
1244 4959 1413 5030 ἐσμεν
1448 4962 1702 5034 Ἰσραὴλ,
1749 4964 1832 5018 ὅτι
1876 4963 1946 5018 τά

326 5047 539 5119 ἀρεστὰ
586 5047 780 5120 Κυρίῳ
827 5048 1047 5119 γνωστὰ
1098 5051 1232 5121 ἡμῖν
1277 5051 1467 5106 ἐστι.»
1508 5055 1785 5126 Πρόδηλον
1818 5051 1935 5123 οῦν,

327 5141 413 5195 ὅτι
465 5139 529 5194 οὐ
578 5141 855 5213 σαρκικῆς
901 5142 1184 5210 εὐγενείας
1214 5143 1448 5216 δύναμις
1478 5148 1741 5202 συνάπτει
1772 5147 1895 5221 Θεῷ
1919 5167 1933 5181 ο

328 5234 395 5287 οὐ
432 5232 544 5306 γάρ
570 5234 652 5288 ὅτι
680 5234 974 5304 γεγόνασιν
1014 5235 1074 5301 ἐξ
1107 5237 1379 5311 Ἀϐραὰμ,
1427 5241 1629 5313 κλῆρος
1661 5243 1801 5301 Θεοῦ
1836 5260 1936 5315 με-

334 5325 632 5397 μενήκασι,
672 5323 1120 5394 καταλογισθεῖεν
1150 5327 1195 5381 δ’
1223 5327 1293 5383 ἂν
1338 5330 1418 5394 εἰς
1464 5330 1592 5385 λαὸν
1638 5332 1805 5387 αὑτοῦ
1848 5334 1938 5389 διὰ

333 5414 635 5485 συναφείας
665 5415 770 5487 τῆς
802 5418 1181 5487 πνευματικῆς
1227 5421 1276 5474 οἱ
1319 5420 1469 5492 αὐτῷ
1522 5424 1937 5495 προσκείμενοι,

333 5507 441 5561 κᾶν
489 5508 543 5561 εἴ
585 5523 729 5573 τινες
784 5502 895 5561 εἶεν
942 5508 1272 5577 άλλογενείς,
1309 5512 1700 5584 προσκείμενοι
1751 5514 1809 5568 δὲ
1851 5517 1940 5570 διὰ,

333 5603 575 5667 πίστεώς
622 5619 685 5655 τε
708 5643 722 5667 ,
768 5605 863 5657 καὶ
910 5602 1010 5676 τὴν
1054 5604 1145 5656 ὑπ’
1177 5603 1328 5675 αὐτῷ
1379 5605 1625 5661 δουλείαν
1683 5609 1936 5677 ἡγεῖσθαι

335 5695 625 5763 καύχημα,
661 5693 758 5748 καὶ
804 5696 1031 5766 ἀγαπᾷν
1079 5695 1141 5747 τὸ
1192 5695 1362 5767 ὄνομα
1407 5697 1596 5752 αὐτοῦ·
1622 5700 1847 5773 ἀγαπᾷν
1879 5702 1934 5756 δὲ

412 5880 458 5911 ⁷³
487 5878 683 5938 Matth.
713 5899 825 5953 χιιι,
862 5883 941 5939 l2.
1019 5885 1065 5917 ⁸ο
1097 5885 1330 5944 Barucb.
1375 5902 1450 5958 tv,
1479 5887 1530 5944 i.

2043 4682 2315 4757 791qui
2346 4680 2515 4737 altum
2551 4675 2903 4757 supercilium
2928 4671 3231 4743 erigebant,
3283 4678 3339 4724 et
3385 4664 3644 4736 alienige-

2046 4752 2545 4848 nas—impetebant,
2585 4784 2646 4826 se
2669 4752 2974 4840 portionem
3000 4776 3054 4820 et
3077 4773 3282 4820 sortem
3318 4762 3433 4829 Dei,
3466 4768 3520 4815 et
3549 4774 3643 4827 po-

2044 4875 2231 4945 pulum
2266 4875 2517 4927 sanctum
2545 4863 2911 4928 nominantes,
2937 4875 3001 4915 ac
3031 4857 3345 4914 dictitantes
3378 4870 3392 4906 :
3429 4871 3448 4904 ι
3490 4850 3641 4904 Beati

2045 4982 2235 5025 sumus
2258 4960 2448 5024 Israel,
2477 4957 2603 5028 quia
2644 4970 2767 5025 quae
2795 4964 2926 5011 sunt
2969 4959 3192 5019 accepta
3226 4946 3478 5010 Domino,
3513 4951 3642 4996 nota

2044 5066 2174 5117 sunt
2218 5053 2373 5110 nobis
2395 5051 2464 5104 ⁸⁸.
2497 5068 2516 5102 ι
2568 5046 2798 5102 Constat
2859 5058 2991 5114 ergo
3049 5038 3288 5097 carnalis
3341 5033 3644 5090 nobilitatis

2045 5146 2302 5200 virtutem
2334 5156 2436 5197 nos
2473 5138 2586 5193 Deo
2635 5151 2742 5192 non
2789 5134 3153 5202 conjungere;
3193 5144 3296 5184 nec
3318 5128 3464 5183 enim
3500 5126 3644 5193 quod

2045 5239 2157 5295 nati
2191 5246 2319 5295 sunt
2339 5231 2674 5297 Ahrahamo,
2725 5243 2848 5286 sors
2897 5227 2990 5282 Dei
3035 5232 3383 5288 manserunt;
3420 5220 3514 5275 sed
3546 5234 3641 5289 po-

2046 5332 2172 5403 pulo
2197 5328 2291 5386 Dei
2313 5322 2708 5384 annumerandi
2730 5332 2880 5389 sunt,
2903 5319 2998 5392 qui
3018 5316 3285 5391 spirituali
3316 5314 3505 5383 copula
3539 5311 3640 5381 ipsi

2045 5424 2345 5489 adhaerent,
2376 5418 2592 5477 etiamsi
2647 5415 2966 5488 alienigenze
3013 5412 3146 5478 sint,
3173 5411 3334 5466 modo
3359 5422 3454 5477 per
3481 5405 3641 5457 tidem

2044 5519 2094 5574 ei
2119 5517 2231 5574 sint
2257 5513 2482 5582 addicti,
2520 5512 2749 5584 ejusque
2777 5506 3097 5566 servitutem
3133 5504 3319 5576 gloriae
3379 5497 3483 5554 sibi
3536 5496 3641 5549 du-

2042 5619 2188 5676 cant,
2217 5624 2282 5665 ac
2307 5622 2505 5665 nomen
2528 5605 2649 5677 ejus
2703 5603 2953 5674 diligant,
2983 5608 3039 5655 et
3074 5600 3145 5653 ita
3185 5594 3431 5663 diligant,
3458 5597 3518 5642 ut
3544 5602 3643 5657 per

2042 5695 2460 5759 submissionem
2483 5699 2535 5753 in
2569 5695 2844 5763 omnibus,
2870 5692 3017 5765 regni
3050 5684 3402 5756 illiusjugum
3427 5693 3642 5750 setnpcr
