4100 6486
484 387 622 447 1247

480 612 578 653 nec
611 598 873 668 praecipiti
901 599 1102 669 impetu
1129 600 1196 654 ad
1226 599 1528 656 alienorum
1577 600 1803 657 deorum
1848 600 2057 656 cultum

480 698 840 758 recurrentes,
862 691 956 746 sed
980 690 1142 747 ﬁxam
1162 706 1227 748 ac
1272 691 1552 748 immotam
1606 701 1838 749 mentem
1864 692 2059 748 haben-

479 789 577 845 tes,
599 789 652 834 et
675 780 748 834 ita
784 778 1018 838 Sabbata
1049 783 1184 853 ejus,
1207 784 1455 842 videlicet
1479 784 1705 850 Christi,
1754 785 2055 841 obsonan-

417 928 421 949 ί
476 881 576 935 tes,
618 880 757 928 utea
787 889 893 931 non
931 875 1151 949 violent.
1193 872 1491 933 Sabbattlm
1534 877 1678 934 enim
1735 878 1919 934 colunt
1959 876 2056 933 Ju-

416 943 421 977 θ
473 961 572 1015 daei
602 976 669 1017 ex
702 963 836 1033 legis
869 946 1209 1037 praescripto,
1271 983 1491 1025 carnem
1536 968 1683 1025 omni
1726 969 1912 1025 labore
1966 984 2055 1026 va-

471 1067 630 1108 cuam
653 1066 956 1121 servantes,
983 1070 1039 1113 et
1069 1061 1241 1117 otium
1273 1062 1441 1118 veluti
1492 1063 1545 1117 in
1611 1064 1844 1133 negotiis
1872 1079 2055 1134 corpo-

474 1144 679 1203 ralibus
699 1158 943 1217 agentes.
976 1151 1084 1207 Sed
1111 1152 1202 1208 hic
1229 1153 1593 1211 sabbatismus
1615 1171 1645 1209 ιι
1673 1155 1784 1212 Deo
1823 1156 2052 1225 rejectus

471 1245 573 1290 est.
603 1238 705 1305 Qui
736 1256 864 1298 vero
889 1243 943 1299 in
969 1246 1206 1315 requiem
1234 1244 1441 1303 Christi
1468 1247 1782 1318 ingreditur,
1802 1255 1859 1305 et
1873 1257 2051 1306 mente

477 1328 805 1398 sabbatizat,
832 1349 861 1387 ιι
897 1334 1010 1392 suis
1067 1335 1297 1392 feriatur
1333 1337 1607 1408 operibus.
1647 1338 1740 1394 Sic
1794 1339 2048 1395 nimirum

476 1420 667 1476 scribit
696 1426 1128 1494 sapientissimus
1155 1428 1371 1485 Paulus.
1398 1430 1583 1500 Itaque
1607 1432 1956 1489 inducturum
1992 1448 2051 1489 se

476 1511 760 1579 pollicetur
795 1516 1124 1589 alienigenas
1154 1521 1205 1575 in
1235 1530 1473 1578 montem
1496 1538 1653 1579 suum
1682 1540 1952 1592 sanctum,
1993 1534 2050 1583 et

474 1603 656 1661 laetitia
688 1607 1004 1664 all'ecturum
1035 1611 1087 1664 in
1117 1612 1277 1668 domo
1299 1613 1563 1670 orationis
1618 1631 1750 1673 suae.
1788 1616 1887 1673 Ilic
1915 1620 2045 1675 mihi

474 1694 613 1761 vide,
650 1699 897 1753 umbram
921 1700 1055 1770 legis
1080 1717 1326 1759 eversam
1344 1719 1486 1771 esse,
1505 1716 1561 1761 et
1581 1705 1775 1765 litterae
1804 1720 2047 1767 vetusta-

474 1792 583 1840 tem
630 1787 742 1857 jam
799 1791 1126 1849 inellicacem
1187 1796 1605 1865 quodammodo.
1653 1799 1845 1856 Omnia
1902 1804 2045 1858 enim

474 1876 616 1933 facta
663 1889 789 1935 sunt
836 1882 887 1937 in
915 1882 1132 1940 Christo
1165 1901 1339 1955 nova;
1370 1889 1747 1957 pratterierunt
1769 1900 1951 1948 vetera
1974 1895 2042 1951 ⁸⁸.

472 1969 650 2027 Vetuit
671 1974 758 2027 lex
795 1974 1126 2047 alienigenas
1162 1979 1379 2035 domum
1399 1982 1490 2037 Dei
1517 1982 1757 2052 ingredi';
1786 2000 1909 2041 nam
1930 1987 2038 2044 ait:

474 2080 494 2114 ι
538 2062 656 2120 Non
685 2066 911 2124 intrabit
937 2069 1245 2127 Ammonita
1272 2081 1329 2127 et
1372 2072 1605 2130 Muabita
1662 2078 1713 2132 in
1749 2076 2044 2135 Ecclesiam

472 2153 682 2213 Domini
714 2158 782 2215 ".
813 2179 833 2213 ι
862 2161 934 2217 At
954 2165 1334 2220 universorum
1364 2165 1624 2224 Servator
1669 2179 1723 2225 et
1764 2171 2043 2241 Dominus,

472 2248 631 2305 rebus
659 2255 861 2309 nostris
885 2255 937 2311 in
972 2259 1263 2331 novitatem
1309 2261 1647 2331 spiritualem
1678 2265 2042 2332 commutatis,

469 2342 799 2415 alienigenas
832 2346 883 2401 in
910 2347 1127 2403 domum
1152 2359 1395 2406 sanctam
1427 2368 1577 2408 suam
1613 2354 1956 2410 inducturum
1986 2370 2045 2412 se

471 2434 770 2502 pollicetur.
801 2436 1035 2495 Montem
1063 2441 1207 2495 enim
1246 2452 1490 2498 sanctum
1513 2445 1715 2500 nullum
1738 2446 1902 2501 alium
1926 2463 2045 2503 esse

469 2527 603 2583 dicit
654 2542 814 2598 quam
870 2547 1021 2587 suam
1084 2533 1379 2590 Ecclesiam
1417 2555 1430 2592 :
1466 2536 1520 2591 in
1573 2552 1734 2607 qnam
1797 2540 2043 2609 ingressi,

465 2619 857 2689 exhilarantur,
887 2624 1040 2679 donis
1066 2625 1184 2695 ejus
1206 2624 1501 2695 afﬂuentes,
1533 2637 1588 2683 et
1617 2643 1713 2697 spe
1734 2638 2043 2685 sanctorum

465 2709 829 2778 ditatiuQuod
855 2724 1034 2770 autem
1070 2730 1201 2785 pure
1252 2726 1308 2771 et
1343 2719 1554 2790 integre
1606 2721 1869 2775 versatnri
1913 2722 2042 2788 sint,

465 2809 517 2853 et
551 2800 714 2856 Deum
745 2806 1122 2861 universorum
1169 2810 1489 2879 placabilem
1538 2827 1601 2868 ac
1630 2815 1918 2883 propitium
1946 2817 2046 2870 ha-

469 2886 653 2954 bituri,
684 2890 1014 2961 signiﬁcavit
1050 2895 1335 2966 inquiens:
1368 2917 1386 2951 ι
1425 2900 1748 2957 Ilolocausta
1772 2918 1960 2960 eorum
1990 2915 2046 2961 et

467 2976 697 3032 victimae
717 2993 906 3034 eorum
933 2994 1094 3040 erunt
1119 2990 1477 3057 aceeptabiles
1504 2992 1665 3063 792
1689 3008 1853 3063 super
1877 2994 2046 3052 altare

469 3081 678 3121 meum.
704 3088 724 3122 ι
758 3068 945 3128 Oratio
979 3086 1160 3131 autem
1191 3078 1307 3134 haec
1332 3089 1587 3149 tanquam
1634 3085 1700 3140 ab
1729 3087 1973 3158 exemplo
1991 3099 2046 3144 et

1472 385 1530 441 S.
1570 382 1845 441 CYRILLI
1887 383 2357 442 ALEXANDRINI
2396 385 2717 445 ARCHILP.

479 508 725 573 subeant,
763 521 866 561 non
900 506 966 562 ad
1007 519 1068 562 ea
1100 520 1220 576 quae
1249 504 1335 563 fas
1382 522 1491 564 non
1530 516 1616 564 est
1660 508 2044 580 digredientes,

2155 507 2329 573 οὕτως
2354 507 2431 571 ὡς
2457 509 2546 564 διὰ
2571 511 2668 581 τῆς
2699 511 2929 565 εἰσάπαν
2959 510 3240 581 ὑποταγῆς
3264 512 3366 583 τῆς
3384 512 3550 568 αὑτοῦ
3585 517 3747 587 βασι-ι
3842 586 3851 593 ί

3607 396 3743 454 1248

2160 598 2308 663 λείας
2336 600 2657 671 ὑποτρέχειν
2683 601 2772 656 ἀεὶ
2791 601 2882 655 τὸν
2910 601 3096 671 ζυγὸν,
3130 603 3203 676 μὴ
3234 604 3624 675 ὲξισταμένθυς
3657 610 3743 677 ἐφ’

2156 688 2192 743 ἃ
2221 690 2296 761 μὴ
2325 690 2503 762 θέμις,
2534 692 2675 762 μήτε
2716 693 2824 765 μὴν
2868 694 3270 765 εὐπαραφόρως
3310 695 3533 766 ἔχοντας
3566 699 3645 762 εἰς
3683 700 3745 752 τὸ

2156 780 2371 836 ἑλέσθαι
2422 782 2803 855 παλινδρομεῖν
2853 786 2945 839 ἐπί
2996 803 3063 855 γε
3111 785 3175 839 τὸ
3220 786 3332 841 δεῖν
3382 791 3744 859 προσκεῖσθαι

2156 870 2298 938 θεοῖς
2340 873 2566 945 ἑτέροις,
2599 875 2999 948 ἐρηρεισμένην
3022 878 3079 931 δὲ
3112 878 3311 949 μᾶλλον
3341 881 3434 933 καὶ
3469 882 3745 952 άκράδαν-

2154 978 2244 1014 τον
2288 961 2511 1033 ἔχοντας
2557 963 2829 1031 διάνοιαν,
2882 966 3025 1020 οὕτω
3066 985 3128 1020 τε
3177 968 3621 1039 φυλασσομένους
3673 971 3744 1024 τὰ

2155 1051 2407 1106 Σάϐϐατα
2434 1053 2622 1122 αὺτοῦ,
2645 1054 2789 1109 ὥστε
2822 1056 2896 1127 μὴ
2932 1056 3195 1126 βεὸηλοῦν
3226 1060 3389 1122 αὐτὰ,
3417 1061 3658 1133 Χριστοῦ
3682 1061 3739 1114 δὲ

2152 1141 2413 1213 δηλονότι.
2438 1144 2833 1210 Σαϐϐατίζουσι
2855 1147 2967 1220 γὰρ
2998 1150 3240 1205 Ἰουδαῖοι
3268 1151 3408 1205 κατὰ
3431 1152 3523 1205 τὸν
3549 1154 3733 1222 νόμον,

2151 1234 2252 1304 τὴν
2282 1235 2460 1307 σάρκα
2491 1237 2780 1309 τηροῦντες
2814 1238 2920 1304 ἔξω
2951 1241 3115 1294 πόνου
3151 1242 3371 1306 παντὸς,
3404 1244 3498 1297 καὶ
3536 1244 3734 1312 ἀργίαν

2152 1325 2562 1397 ἐπιτηδεύοντες
2604 1327 2704 1400 τὴν
2743 1329 2818 1392 ὡς
2847 1331 2906 1384 ὲν
2941 1330 3122 1401 ἔργοις
3167 1336 3516 1402 σωματικοῖς.
3536 1334 3675 1386 Ἀλλ’
3704 1339 3732 1386 ό

2150 1415 2389 1482 τοιοῦτος
2421 1418 2791 1492 σαϐϐατισμὸς
2818 1421 3122 1491 ἀπόϐλητος
3150 1420 3218 1494 ἦν
3253 1423 3404 1494 παρὰ
3443 1424 3578 1494 Θεῷ·
3607 1426 3635 1477 ὀ
3672 1426 3728 1477 δὲ

2150 1506 2405 1562 εἰσελθὼν
2450 1511 2532 1573 εἰς
2568 1510 2667 1582 τὴν
2696 1512 3042 1567 κατάπαυσιν
3072 1513 3166 1567 τοῦ
3196 1513 3451 1586 Χριστοῦ,
3482 1515 3575 1568 καὶ
3602 1533 3730 1585 νοη-

2149 1598 2256 1663 τῶς
2297 1600 2660 1668 σαϐϐατίζων,
2693 1604 3037 1659 κατέπαυσεν
3068 1606 3174 1659 ἀπὸ
3212 1606 3323 1659 τῶν
3354 1607 3499 1660 ἰδίων
3530 1606 3727 1677 ἔργων.

2150 1691 2352 1763 Γράφει
2382 1692 2507 1762 γοῦν
2533 1693 2705 1760 οὕτως
2731 1696 2759 1750 ὁ
2788 1695 3061 1765 πάνσοφος
3088 1696 3320 1762 Παῦλος.
3347 1699 3486 1763 Τοὺς
3517 1698 3610 1751 νῦν
3639 1698 3729 1752 ἀλ-

2148 1782 2386 1850 λογενεῖς
2426 1782 2660 1849 εἰσάξειν
2700 1786 3097 1855 ἐπαγγέλλεται
3122 1789 3204 1853 εἰς
3234 1788 3293 1841 τὸ
3326 1788 3451 1857 ὅρος
3483 1788 3545 1841 τὸ
3576 1787 3734 1857 ἅγιον

2148 1873 2336 1940 αὑτοῦ,
2380 1874 2475 1930 καὶ
2520 1878 2936 1946 κατευφραίνειν
2981 1880 3180 1943 αὐτοὺς
3223 1882 3281 1934 ὲν
3323 1879 3403 1951 τῷ
3450 1882 3586 1951 οἴκῳ
3628 1879 3733 1949 τῆς

2149 1969 2456 2040 προσευχῆς
2491 1969 2679 2025 αὐτοῦ.
2706 1969 2975 2027 Ἐνταῦθα
3007 1990 3098 2043 μοι
3117 1972 3282 2042 βλέπε
3312 1974 3413 2044 τὴν
3438 1973 3532 2027 τοῦ
3562 1973 3733 2043 νόμου

2149 2064 2309 2118 σκιὰν
2353 2065 2845 2137 ἀνατετραμμένην
2874 2108 2890 2133 ,
2941 2068 3037 2121 καὶ
3094 2070 3193 2137 τὴν
3249 2068 3585 2139 παλαιότητα
3636 2068 3733 2121 τοῦ

2145 2152 2473 2225 γράμματος
2503 2155 2890 2227 άπρακτοῦσαν
2919 2159 3019 2230 ἤδη
3048 2176 3185 2223 πως.
3228 2160 3410 2214 Πάντα
3439 2160 3545 2230 γὰρ
3575 2160 3734 2228 γέγο-

2147 2262 2234 2299 νεν
2260 2247 2317 2301 ὲν
2344 2247 2568 2318 Χριστῷ
2587 2248 2771 2313 καινὰ,
2800 2250 2871 2304 τά
2902 2252 3105 2322 ἀρχαῖα
3136 2252 3433 2322 παρῆλθεν.
3454 2252 3732 2321 ’Δπέφησε

2149 2338 2247 2408 μὲν
2274 2340 2304 2393 ὁ
2337 2339 2498 2410 νόμος
2530 2341 2623 2395 τοῦ
2650 2342 2759 2395 δεῖν
2790 2343 2869 2406 εἰς
2904 2338 3054 2397 οἷκον
3083 2343 3220 2396 ἰέναι
3253 2342 3386 2395 Θεοῦ
3416 2342 3541 2405 τοὺς
3576 2341 3735 2394 ἁλλο-

2146 2432 2324 2498 γενεῖς
2343 2447 2356 2460 ·
2384 2431 2488 2502 ἔφη
2509 2432 2616 2504 γάρ
2636 2449 2648 2461 ·
2686 2451 2705 2485 ι
2731 2436 2845 2487 Οὐκ
2875 2433 3240 2488 εἰσελεύσεται
3276 2433 3609 2504 ’Δμμονίτης
3636 2433 3733 2485 καὶ

2147 2522 2442 2594 Μωαϐίτης
2470 2526 2549 2588 εἰς
2584 2525 2914 2596 Ἐκκλησίαν
2931 2526 3159 2596 Κυρίου.
3176 2545 3193 2578 ι
3237 2527 3295 2579 '0
3316 2526 3373 2579 δέ
3390 2541 3452 2595 γε
3473 2524 3578 2577 τῶν
3593 2524 3735 2578 ὅλων

2147 2614 2339 2684 Σωτὴρ
2386 2616 2481 2669 καὶ
2514 2616 2717 2689 Κύριος
2750 2620 2830 2682 εἰς
2876 2619 3171 2689 καινότητα
3210 2617 3308 2688 τὴν
3351 2616 3734 2687 πνευματικὴν

2145 2704 2217 2761 τὰ
2255 2706 2378 2759 καθ’
2408 2707 2554 2776 ἡμᾶς
2590 2706 2868 2778 μεθιστὰς,
2897 2709 3134 2774 εἰσάξειν
3178 2709 3258 2772 εἰς
3306 2708 3396 2762 τὸν
3441 2703 3590 2761 οἰκον
3640 2708 3735 2760 τὸν

2147 2794 2301 2862 ἆγιον
2322 2796 2515 2849 ἑαυτοῦ
2548 2798 3050 2868 κατεπαγγέλλεται
3076 2800 3207 2864 τοὺς
3230 2799 3731 2871 ἀλλογενεϊς.’ορος

2145 2886 2251 2960 γὰρ
2283 2887 2436 2955 ἆγιον
2463 2888 2615 2943 οὐδὲν
2641 2889 2826 2961 ἕτερον
2853 2888 2989 2946 εἷναί
3020 2908 3178 2962 φησι,
3212 2892 3349 2962 πλὴν
3381 2892 3464 2944 ὃτι
3491 2890 3590 2961 τὴν
3613 2891 3735 2944 ἑαυι

2143 2979 2238 3034 τοῦ
2255 2981 2601 3051 Ἐκκλησίαν,
2628 2984 2709 3046 εἰς
2731 2984 2796 3054 ἧν
2834 2983 3212 3048 εἰσελάσαντες
3242 2983 3736 3054 κατευφραίνονται

2145 3075 2256 3137 τοῖς
2295 3073 2424 3143 παρ’
2452 3073 2615 3127 αὐτοῦ
2660 3075 3014 3146 χαρίσμασιν,
3051 3075 3422 3146 ἐντρυφῶντες
3463 3074 3728 3143 δηλονότι,

470 3168 594 3228 typo
620 3159 802 3228 legalis
830 3166 1009 3224 cultus
1036 3180 1249 3240 sumpta
1294 3182 1396 3229 est.
1419 3172 1555 3230 Nam
1607 3177 1738 3233 olim
1769 3181 1969 3239 arietes
1990 3190 2044 3239 et

2149 3164 2243 3220 καὶ
2273 3165 2371 3235 τὴν
2401 3164 2511 3219 τῶν
2550 3165 2722 3235 ἁγίων
2762 3165 3119 3230 πλουτοῦντες
3144 3166 3361 3221 unwa-
3387 3168 3468 3222 ὅτι
3492 3164 3549 3220 δὲ
3572 3166 3732 3219 πολι-

466 3251 651 3309 hircos
678 3254 980 3322 incendere,
1014 3275 1081 3317 ac
1106 3264 1369 3320 sacriﬁcia
1397 3265 1590 3341 oﬁ’erre
1610 3269 1855 3328 solebant
1870 3271 2044 3332 Israe-

468 3342 593 3400 litze.
627 3345 732 3403 Sed
763 3351 1039 3419 quoniam,
1072 3356 1280 3424 utdixi,
1316 3362 1505 3417 umbra
1534 3365 1768 3429 transiit,
1806 3382 1914 3423 non
1947 3382 2043 3438 per

465 3439 757 3507 sanguines
793 3444 995 3499 aditum
1030 3446 1131 3502 sibi
1194 3449 1418 3521 faciunt,
1451 3470 1517 3510 ex
1550 3457 1800 3527 gentibus
1825 3461 2040 3528 vocati;

465 3533 559 3584 sed
590 3531 750 3588 veluti
777 3536 983 3606 seipsos
1007 3539 1116 3595 Deo
1153 3545 1495 3613 sacriﬁcant,
1547 3550 1748 3604 mundo
1802 3552 2042 3608 morien-

467 3629 568 3688 tes,
593 3621 815 3690 justitize
849 3629 1111 3697 viventes,
1142 3635 1299 3690 sicuti
1335 3638 1597 3708 scriptum
1622 3651 1705 3697 est
1730 3642 1821 3696 ⁸³⁸.
1871 3643 2043 3699 Erunt

465 3719 646 3766 autem
676 3718 903 3785 accepti,
947 3731 999 3774 et
1034 3721 1085 3776 in
1120 3726 1341 3781 odorem
1370 3730 1673 3799 suavitatis,
1702 3740 1812 3787 tum
1865 3735 1918 3790 lti
1949 3737 2040 3805 qui

470 3813 635 3859 tutam
667 3810 819 3877 quasi
853 3811 1016 3866 vitam
1037 3826 1280 3871 sanetam
1315 3820 1565 3886 reddunt,
1618 3823 1763 3879 velut
1788 3826 2043 3883 holocauo

468 3904 688 3963 tomata,
751 3909 859 3955 tum
901 3905 1064 3961 etiam
1117 3909 1167 3962 Ιιί
1198 3911 1287 3978 qui
1346 3912 1674 3982 particulare
1716 3918 2041 3975 sacriﬁcium

466 3986 697 4045 nﬁ'erunt
726 4008 741 4046 :
791 3996 968 4063 qualis
994 4008 1077 4052 est
1123 4000 1229 4055 vita
1273 4016 1459 4057 eorum
1491 4006 1587 4074 qui
1619 4009 1835 4078 nuptias
1855 4010 1911 4066 in
1935 4012 2043 4068 Do-

467 4078 611 4133 mino
640 4092 1040 4155 contraxerunt,
1067 4089 1222 4145 divisi
1261 4094 1654 4161 quodammodo
1688 4099 1794 4156 Deo
1818 4112 1871 4157 et
1886 4118 2043 4159 mun-

466 4166 556 4225 do.
615 4170 922 4230 Animantia
984 4181 1126 4234 enim
1183 4182 1235 4236 in
1284 4186 1612 4242 sacriﬁcium
1678 4205 1770 4246 seu
1809 4193 2040 4252 hostiam

465 4259 665 4326 oblata,
691 4278 796 4318 non
823 4266 1052 4334 integra,
1082 4273 1176 4325 sed
1228 4272 1451 4330 dimidia
1507 4278 1591 4332 vel
1653 4295 1719 4336 ex
1750 4291 1904 4352 parte
1932 4288 2042 4343 aris

467 4350 902 4419 imponebantur.
927 4359 1148 4429 Aceepti
1186 4373 1312 4418 sunt
1340 4379 1469 4436 ergo
1517 4350 1856 4442 alienigenae,
1889 4377 2043 4449 seip-

465 4458 553 4499 sos
575 4445 625 4499 in
654 4445 1003 4516 fragrantiam
1020 4454 1354 4522 spiritualem
1376 4459 1845 4532 oll'erentesQuod
1861 4445 2039 4525 autem

466 4551 573 4591 non
614 4539 744 4595 solis
782 4541 1041 4600 lsraelitis
1065 4547 1327 4603 tributum
1376 4552 1449 4606 sit
1489 4554 1728 4610 divinum
1760 4557 2038 4628 templum,

464 4644 558 4683 seu
586 4633 777 4687 domus
810 4635 1075 4693 orationis
1112 4637 1205 4716 Dei
1246 4642 1335 4709 qui
1371 4652 1457 4698 est
1507 4659 1670 4714 supra
1696 4662 1905 4709 omnes,
1945 4651 2039 4705 sed

414 4706 424 4779 ᾇ
463 4722 714 4778 omnibus
747 4739 842 4793 per
871 4728 1059 4782 orbem
1096 4710 1399 4797 terrarum,
1422 4737 1779 4794 conversione
1820 4748 1878 4794 et
1938 4741 2043 4796 ﬁde

464 4812 530 4865 ad
558 4813 881 4882 agnitionem
905 4818 1074 4888 ipsius
1090 4822 1295 4879 vocatis
1327 4824 1675 4893 patefactum,
1699 4830 2040 4898 perspicuum

466 4902 615 4970 facit,
658 4906 947 4976 inquiens:
978 4912 1178 4968 Domus
1222 4931 1339 4971 mea
1380 4917 1572 4975 domus
1618 4911 1883 4975 orationis
1941 4937 2038 4978 vo-

463 4995 676 5052 cabitur
715 5004 971 5059 omnibus
1012 5006 1279 5075 gentibus.
1333 5008 1466 5075 Quis
1493 5018 1730 5081 estergo
1781 5013 1874 5082 qui
1931 5013 2047 5069 haec

462 5089 744 5157 promisit?
775 5093 911 5150 Num
935 5097 1152 5153 divinus
1174 5101 1433 5169 propheta
1480 5102 1669 5167 Isaias,
1695 5103 1844 5159 velut
1861 5118 1929 5160 ex
1949 5119 2045 5160 sua

465 5182 772 5239 sententia?
823 5185 1063 5242 Minime.
1118 5186 1265 5245 Dixit
1316 5192 1461 5247 enim
1516 5194 1798 5258 Dominus,
1847 5195 2045 5266 inquit,

465 5274 556 5344 qui
611 5289 900 5347 congregat
964 5281 1238 5352 dispersos
1291 5284 1477 5339 Israel.
1541 5285 1634 5340 Har
1704 5295 1832 5342 sunt
1882 5289 2044 5358 igitur

466 5365 758 5428 orationes,
797 5369 880 5424 lue
909 5385 1071 5427 voces
1119 5374 1580 5429 commiserantis.
1633 5374 1835 5431 Natura
1892 5379 2039 5434 enim

470 5448 641 5511 bonus
658 5473 788 5514 cum
811 5460 901 5526 sit,
927 5476 1118 5519 omnes
1142 5462 1389 5517 homines
1416 5462 1593 5519 salvos
1610 5464 1725 5520 ﬁeri
1750 5465 1885 5532 vult,
1911 5470 2044 5524 etad

469 5549 797 5618 agnitionem
829 5553 1078 5608 veritatis
1104 5554 1292 5611 venire
1311 5554 1424 5610 3’“.
1447 5556 1718 5613 Caeterum
1746 5557 2046 5615 clementia:

471 5643 892 5712 magnitudinem
951 5660 1057 5699 non
1105 5645 1158 5701 in
1208 5646 1337 5703 solis
1394 5649 1643 5717 gentibus
1694 5650 2023 5720 'apparuisse

2152 3255 2435 3311 τεύσονται
2483 3256 2760 3330 καθαρῶς,
2805 3257 3009 3329 εὐμενῆ
3056 3277 3116 3313 τε
3170 3260 3265 3313 καὶ
3311 3259 3442 3312 ἵλεω
3485 3258 3582 3311 τὸν
3620 3257 3735 3311 τῶν

2151 3348 2288 3403 ὅλων
2325 3347 2504 3415 ἕξουσι
2533 3349 2686 3417 Θεὸν,
2727 3350 3136 3420 διαμεμήνυκεν
3166 3349 3356 3414 εἰπὼν,
3389 3351 3471 3403 ὅτι
3503 3349 3585 3403 Τὰ
3612 3349 3735 3403 ὁλο-

2153 3440 2487 3513 καυτώματα
2514 3443 2711 3507 αὐτῶν,
2738 3442 2833 3496 καὶ
2865 3444 2922 3497 αί
2950 3442 3130 3498 θυσίαι
3179 3444 3357 3498 αὐτῶν
3392 3442 3605 3496 ἔσονται
3649 3442 3733 3494 δε-

2153 3533 2276 3586 κτοιί¹
2314 3532 2406 3587 ἐπὶ
2438 3534 2498 3587 τὸ
2526 3534 2910 3605 θυσιαπήριὸν
2952 3552 3076 3605 μου.
3108 3535 3307 3604 Γέγονε
3333 3535 3388 3588 δὲ
3414 3537 3442 3588 ὁ
3466 3535 3624 3602 λόγος
3657 3534 3734 3597 ὡς

2152 3623 2218 3677 ἐκ
2265 3624 2706 3695 παραδείγματος
2747 3626 2841 3679 καὶ
2877 3623 3052 3679 τύπου
3097 3626 3197 3696 τῆς
3237 3625 3381 3680 κατὰ
3432 3625 3597 3695 νόμον
3638 3624 3737 3677 λα-

2151 3714 2358 3785 τρείας.
2388 3715 2567 3770 Πάλαι
2585 3717 2683 3788 μὲν
2699 3717 2807 3788 γὰρ
2832 3718 3019 3789 κριοὺς
3043 3717 3137 3772 καὶ
3153 3718 3385 3788 ταύρους
3409 3717 3736 3771 ὀλοκαυτοῦν

2151 3807 2272 3872 ἒθος
2296 3804 2363 3880 ἦν
2394 3812 2507 3873 τοῖς
2535 3808 2597 3874 ἐξ
2623 3810 2855 3880 Ἰσραὴλ,
2886 3811 3076 3875 θυσίας
3100 3828 3160 3864 τε
3184 3812 3498 3881 προσάγειν.
3517 3810 3736 3881 Ἐπειδὴ

2149 3901 2227 3965 δὲ,
2253 3901 2329 3965 ὡς
2356 3901 2515 3973 ἔφην,
2545 3901 2926 3973 παρελήλακεν
2948 3906 2981 3975 ἡ
3012 3904 3160 3966 σκιὰ,
3190 3904 3250 3957 οὐ
3270 3905 3369 3974 τὴν
3393 3904 3457 3957 δι’
3487 3905 3737 3975 αἱμάτων

2153 3993 2429 4048 ποιοῦνται
2481 3994 2743 4067 πρόσοδον
2793 3995 2845 4048 οἱ
2898 3994 2959 4060 ἐξ
3008 3995 3180 4049 ἐθνῶν
3223 3995 3571 4066 κεκλημένοι,
3615 3996 3736 4049 ἀλλ’

2149 4078 2260 4140 οἷον
2293 4085 2522 4149 ἑαυτοὺς
2568 4085 2912 4157 ἰερουργοῦσι
2950 4085 3029 4157 τῷ
3068 4084 3206 4157 Θεῷ,
3234 4086 3425 4157 κόσμῳ
3461 4086 3562 4157 μὲν
3592 4087 3735 4140 ἀπο-

2150 4177 2497 4249 θνήσκοντες,
2530 4176 2735 4245 ζῶντεςη
2763 4177 2819 4231 δὲ
2859 4179 2926 4249 τῇ
2974 4177 3312 4249 δικαιοσύνῃ,
3346 4177 3488 4231 καθὰ
3529 4177 3738 4249 γέγρα-

2150 4288 2301 4325 πται.
2341 4271 2594 4323 Ἔσονται
2616 4269 2673 4322 δὲ
2715 4268 2916 4334 δεκτοὶ,
2950 4268 3045 4321 καὶ
3074 4269 3153 4332 εἰς
3183 4268 3358 4339 ὀσμὴν
3398 4268 3644 4333 εὐωδίας,
3678 4271 3728 4321 οἱ

2154 4362 2251 4432 μὲν
2275 4363 2404 4432 ὅλην
2424 4361 2631 4415 ἑαυτῶν
2655 4360 2751 4431 τὴν
2773 4360 2916 4431 ζωὴν
2935 4360 3126 4430 ὥσπερ
3148 4359 3300 4430 ἱερὰν
3318 4360 3733 4428 ἀποφαίνοντες,

2150 4454 2225 4519 ὡς
2263 4456 2321 4509 ὲν
2363 4453 2514 4518 τάξει
2563 4453 2799 4507 νοεῖσθαι
2827 4452 2935 4506 τῶν
2968 4452 3432 4522 ὁλοκαυτωμάτων
3457 4468 3471 4483 ⁸
3498 4454 3547 4506 οἱ
3577 4451 3634 4505 δὲ
3658 4450 3738 4514 ὡς

2147 4546 2335 4602 θυσίαν
2386 4545 2651 4618 μερικὴν,
2685 4543 2847 4599 ὁποία
2888 4544 2972 4607 τίς
3023 4545 3171 4598 ἐστιν
3205 4546 3238 4614 ἡ
3274 4543 3381 4597 τῶν
3432 4544 3489 4597 ὲν
3544 4544 3739 4614 Κυρίῳ

2146 4638 2540 4710 γεγαμηκότων
2588 4636 2726 4709 ζωὴ,
2770 4636 3191 4707 μεμερισμένων
3220 4636 3419 4707 τρόπον
3449 4635 3571 4689 τινὰ
3616 4636 3739 4703 Θεῴ

2145 4746 2205 4782 τε
2236 4729 2331 4781 καὶ
2356 4729 2565 4798 κόσμῳ.
2591 4728 2673 4782 Τὰ
2695 4728 2804 4799 γάρ
2833 4728 2913 4792 εἰς
2944 4727 3133 4791 θυσίας
3170 4726 3589 4798 προσφερόμενα
3625 4724 3735 4777 τῶν

2147 4820 2301 4885 ζώων
2339 4820 2437 4888 οὐχ
2476 4819 2747 4891 ὁλόκληρα
2788 4822 2902 4883 τοῖς
2944 4817 3349 4889 θυσιαστηρίοις
3387 4816 3737 4870 ὲναπετίθετο

2151 4911 2370 4982 μᾶλλον,
2398 4912 2512 4965 ἀλλ’
2542 4911 2603 4977 ἐξ
2646 4910 2924 4982 ἡμισείας,
2950 4911 3116 4982 ἡγουν
3163 4911 3230 4963 ὲκ
3277 4909 3493 4980 μέρους.
3543 4907 3739 4960 Δεκτοὶ

2141 5003 2427 5074 τοιγαροῦν
2457 5005 2506 5056 οἱ
2537 5002 2864 5071 ἀλλογενεῖς,
2897 5002 3125 5065 ἑαυτοὺς
3163 4999 3507 5061 ἀνατιθέντες
3534 4999 3614 5061 εἰς
3642 4996 3738 5049 εῦ-

2140 5090 2338 5160 οσμίαν
2390 5090 2787 5160 πνευματικήν.
2828 5089 2950 5142 Ὅτι
3006 5090 3064 5143 δὲ
3110 5088 3232 5159 οὐχὶ
3281 5087 3464 5158 μόνοις
3512 5089 3627 5149 τοῖς
3676 5084 3739 5149 ἐξ

2154 5184 2373 5258 Ἰσραὴλ
2400 5186 2429 5238 ὀ
2462 5185 2604 5246 θεῖος
2627 5185 2986 5256 ἐκνενέμηται
3011 5184 3166 5247 νεὼς,
3194 5184 3360 5254 ἤγουν
3393 5184 3422 5235 ὁ
3451 5176 3598 5243 οἶκος
3635 5179 3738 5249 τῆς

2145 5276 2455 5349 προσευχῆς
2502 5274 2597 5330 τοῦ
2630 5278 2726 5330 ἐπὶ
2753 5278 2957 5342 πάντας
2988 5276 3149 5341 Θεοῦ,
3182 5278 3413 5330 αἰνεῖται
3443 5273 3501 5328 δὲ
3535 5271 3738 5344 μᾶλλον

2140 5372 2257 5433 τοῖς
2287 5369 2392 5423 ἀνὰ
2421 5371 2600 5423 πᾶσαν
2628 5369 2724 5440 τὴν
2757 5370 2864 5439 γῆν
2896 5369 2962 5422 δι’
2986 5368 3322 5439 ἐπιστροφῆς
3354 5366 3449 5418 καὶ
3498 5365 3738 5426 πίστεως

2144 5461 2495 5532 καλουμένοις
2523 5462 2603 5525 εἰς
2624 5461 2920 5530 ἐπίγνωσιν
2948 5460 3135 5526 αὐτοῦ,
3157 5458 3478 5528 καθίστησιν
3508 5456 3738 5524 ἐναργὲς

2145 5554 2335 5617 εἰπὼν,
2370 5556 2454 5609 ὅτι
2491 5555 2551 5610 Ὀ
2576 5551 2721 5618 οἶκός
2773 5572 2874 5625 μου
2929 5550 3079 5617 οἶκος
3122 5552 3434 5624 προσευχῆς
3466 5547 3740 5619 κληθήσε-

2144 5662 2232 5699 ται
2280 5647 2413 5698 πᾶσι
2457 5646 2570 5709 τοῖς
2616 5643 2809 5698 ἔθνεσι.
2862 5643 2955 5707 Τίς
3002 5640 3095 5697 οὖν
3142 5643 3250 5713 ἄρα
3307 5642 3453 5694 ἐστὶν
3484 5638 3512 5691 ὁ
3564 5636 3738 5692 ταῦτα

542 5810 585 5843 ⁸³
626 5812 664 5867 ll
697 5814 825 5870 Cur.
855 5833 907 5885 ν,
946 5819 1029 5874 l7.
1104 5823 1148 5855 ⁸³
1176 5822 1331 5880 Deut.
1376 5838 1533 5890 xxttt,
1568 5824 1620 5880 5.
1664 5822 2044 5908 ’θ-ιίῦοιιίβιιζ

2170 5838 2245 5894 γι,
2275 5824 2367 5891 Ii;
2396 5821 2425 5910 1⁸
2447 5822 2591 5921 I‘etr:
2621 5839 2699 5917 ιι,
2720 5823 2811 5878 2i.
2844 5903 2853 5916 '
3060 5821 3197 5877 Tim.
3230 5835 3290 5888 ιι,
3317 5818 3365 5873 εἰ.
