4100 6538
416 446 562 501 ίῖίθ

1544 436 1610 492 IN
1662 435 1896 493 ISAIAM
1940 435 2070 492 LIB.
2111 434 2178 491 V.
2222 434 2460 495 TOMUS
2496 434 2586 493 Ill.

3580 442 3720 498 1250

412 560 793 636 προῦπισχνού
803 576 962 631 μενος
980 553 1066 624 ;⁷Λ
1076 558 1124 629 ρ’
1143 559 1170 612 ὁ
1190 555 1475 621 θεσπέσιος
1496 555 2025 628 προφήτηςἮσαῒας

2131 562 2417 625 postquam
2444 553 2648 610 mundo
2705 551 2952 608 Christus
2996 550 3267 620 illuxerat,
3312 554 3408 612 sed
3456 557 3620 613 etiam
3655 575 3721 617 ex

408 657 491 720 ὡς
519 654 630 710 ἀπὺ
666 652 896 724 γνώμης
938 651 1073 715 ἰδίας
1100 669 1113 718 ;
1138 651 1212 705 Οὐ
1247 650 1347 721 μὲν
1377 645 1491 703 οῦν.
1534 643 1670 702 Εἷπε
1703 648 1814 719 γὰρ
1849 648 1879 700 ὁ
1911 646 2023 701 Κύ-

408 765 552 819 ριος,
588 746 775 817 φησὶν,
803 746 832 798 ό
857 743 1108 812 συνάγων
1154 745 1279 807 τοὺς
1315 741 1750 813 διεσπαρμένους
1783 741 2019 813 Ἰσραήλ.

407 836 576 896 Οὗτοι
614 835 909 908 τοιγαροῦν
940 836 990 889 οἱ
1019 835 1185 905 λόγοι,
1218 834 1314 889 καὶ
1345 832 1441 887 τοῦ
1469 833 1931 903 κατοικτείροντος
1966 835 2025 887 αἱ

408 934 626 1005 φωναί·
662 932 826 1002 φύσει
874 929 985 1002 γὰρ
1032 927 1296 1002 ὑπάρχων
1337 925 1541 997 ἀγαθὸς
1570 926 1782 991 πάντας
1810 924 2026 998 ἀνθρώ-

405 1045 550 1091 πους
584 1025 730 1081 θέλει
763 1023 1028 1095 σωθῆναι,
1061 1022 1158 1076 καὶ
1190 1022 1270 1086 εἰς
1299 1018 1598 1089 ἐπίγνωσιν
1647 1017 1907 1090 ἀληθείας
1939 1016 2026 1071 ὲλυ

405 1121 547 1175 θεῖν.
592 1120 742 1190 Πλὴν
771 1116 948 1171 ὅτιτὸ
989 1116 1090 1187 τῆς
1133 1113 1476 1185 ἡμερότητος
1514 1110 1743 1183 μέγεθος
1791 1111 1892 1164 οὐκ
1929 1109 2025 1163 ἐπὶ

412 1212 602 1281 μόνοις
636 1210 795 1281 ὤφθη
818 1211 931 1273 τοῖς
961 1208 1020 1275 ἐξ
1054 1206 1247 1267 ἐθνῶν,
1284 1203 1696 1276 ἐπιλάμψαντος
1725 1202 1805 1273 τῷ
1834 1200 2025 1272 κόσμῳ

408 1304 679 1376 Χριστοῦ,
708 1302 846 1357 ἀλλά
882 1302 991 1373 γὰρ
1023 1300 1119 1353 καὶ
1150 1299 1245 1353 ἐπὶ
1273 1297 1399 1362 τοὺς
1424 1297 1485 1363 ἐξ
1512 1298 1742 1367 αἵματος
1784 1294 2022 1367 Ἰσραὴλ,

410 1396 584 1466 σαφὲς
607 1397 674 1450 ἂν
700 1396 913 1464 γένοιτο
933 1394 1234 1456 διειπόντος
1257 1388 1423 1445 αὑτοῦ
1453 1389 1536 1456 τὸ,
1570 1385 1739 1442 Εἶπεν
1760 1390 1789 1441 ὁ
1820 1387 2026 1460 Κύριος

407 1491 442 1541 ὁ
494 1489 745 1557 συνάγων
794 1487 921 1550 τοὺς
966 1484 1404 1556 διεσπαρμένους
1444 1481 1684 1553 Ἰσραήλ.
1701 1476 1883 1535 Ἦσαν
1931 1475 2025 1534 οῦν

407 1583 521 1653 ἄρα
555 1581 650 1634 καὶ
676 1578 831 1634 αὐτοὶ
864 1575 1382 1648 κατεσκεδασμὲνοι,
1409 1576 1505 1629 καὶ
1528 1573 1652 1644 οὐχὶ
1687 1572 1890 1645 μᾶλλον
1918 1588 2026 1625 σω-

411 1671 688 1744 ματικῶς,
718 1671 888 1743 ἤγουν
921 1669 1028 1735 ἔξω
1061 1686 1165 1721 που
1200 1667 1300 1739 τῆς
1340 1665 1604 1729 Ἰουδαίας
1650 1661 2027 1734 ἀπενηνεγμέ-

408 1784 515 1827 νοι,
549 1763 647 1817 καὶ
680 1765 760 1827 εἰς
817 1761 1003 1825 πόλεις
1051 1761 1204 1825 ὄντες
1252 1760 1446 1831 ἑτέρας
1487 1758 1521 1831 ἢ
1562 1756 1768 1829 χώρας,
1804 1755 1920 1810 ἀλλ’
1950 1754 2024 1818 ὡς

404 1858 509 1927 τῆς
557 1856 788 1926 ἐννόμου
840 1852 1116 1917 πολιτείας
1158 1852 1653 1923 ἀποφοιτήσαντες,
1690 1846 1916 1918 καὶτῆς
1944 1846 2025 1911 είς

2128 646 2391 717 sanguine
2419 645 2721 702 Israelitico
2761 644 3027 711 oriundis,
3080 646 3301 716 planum
3349 661 3474 704 esse
3522 659 3722 719 potest,

2127 741 2247 812 ipso
2295 741 2563 799 dicente:
2621 740 2766 798 Dixit
2811 742 3073 798 Dominus
3125 743 3217 813 qui
3293 758 3588 818 congregat
3644 750 3727 805 di-

2125 848 2345 907 spersos
2390 835 2575 892 Israel.
2634 834 2803 891 Erant
2842 836 3070 905 proinde
3096 845 3154 891 et
3218 836 3273 891 hi
3302 837 3574 909 dissipati,
3615 855 3725 898 non

2126 926 2301 983 solum
2332 940 2562 999 corpore
2596 936 2754 984 tenus
2798 936 2954 983 extra
2997 925 3240 983 Judaeam
3278 928 3523 999 abducti,
3556 939 3613 988 et
3657 934 3725 989 ad

2128 1020 2266 1076 alias
2320 1021 2575 1078 civitates
2629 1035 2728 1078 seu
2776 1022 3027 1092 regiones
3060 1022 3308 1094 evagati,
3333 1025 3428 1080 sed
3467 1032 3724 1095 tanquam

2125 1115 2217 1183 qui
2242 1129 2273 1169 a
2300 1114 2410 1171 vita
2439 1113 2587 1184 justa
2616 1124 2983 1182 recesserant,
3011 1122 3068 1171 et
3094 1130 3126 1171 a
3158 1116 3448 1174 dilectione
3473 1118 3526 1173 in
3554 1119 3724 1175 Deum

2127 1206 2461 1264 resilierant.
2496 1206 2614 1266 Non
2648 1208 2793 1265 enim
2831 1209 3151 1264 mandatum
3177 1209 3280 1265 sibi
3305 1211 3489 1266 datum
3538 1227 3724 1267 serva-

2128 1308 2296 1356 runt:
2332 1309 2390 1358 at
2422 1315 2797 1372 swpenumero
2838 1316 2936 1358 eos
2984 1302 3325 1358 inveniemus
3363 1311 3419 1357 et
3456 1304 3509 1359 in
3550 1304 3724 1361 idolo-

2127 1407 2248 1448 rum
2267 1394 2472 1451 cultum
2493 1393 2776 1467 prolapsos
2819 1410 2960 1459 esse,
3008 1400 3074 1452 ‘et
3135 1395 3295 1453 labiis
3343 1396 3512 1453 Deum
3554 1399 3724 1454 hono-

2112 1499 2272 1551 rare,
2288 1487 2531 1545 animum
2549 1496 2731 1543 autem
2753 1486 3051 1544 alienatum
3074 1487 3238 1560 793
3264 1488 3492 1556 habere,
3514 1505 3580 1546 ac
3603 1505 3729 1546 eum

2124 1573 2328 1632 frustra
2360 1576 2561 1645 colere,
2601 1578 2988 1649 doctrinasque
3042 1588 3100 1635 et
3124 1590 3396 1652 praecepta
3447 1580 3729 1638 hominum

2125 1668 2343 1725 docere.
2373 1668 2451 1726 Ne
2477 1670 2663 1739 itaque
2687 1670 2952 1743 glorietur
2976 1681 3171 1726 contra
3199 1672 3539 1742 alienigenas
3558 1674 3731 1729 refra-

2125 1760 2333 1816 ctarius
2360 1760 2858 1833 lsrael.1Equalem
2893 1762 3038 1818 enim
3083 1777 3111 1817 a
3144 1762 3256 1819 Deo
3290 1765 3727 1821 misericordiam

2127 1856 2183 1905 et
2210 1850 2315 1921 ipsi
2346 1853 2627 1909 consecuti
2681 1861 2847 1921 sunt;
2882 1864 3048 1925 atque
3096 1855 3420 1927 deprehensi
3474 1865 3603 1913 sunt
3651 1858 3725 1912 illi

404 1948 547 2000 Θεὸν
578 1947 801 2018 ἀγάπης
827 1946 1310 2017 ἀποπηδήσαντες·
1339 1944 1399 1997 οὐ
1423 1942 1534 2014 γὰρ
1564 1941 1904 2012 τετηρήκασι
1923 1937 2022 2009 τὴν

2126 1957 2236 1998 non
2266 1944 2638 2018 satisingenui
2669 1960 2736 2002 ac
2783 1947 3029 2015 stabiles,
3059 1962 3160 2005 nec
3218 1949 3271 2004 in
3325 1948 3474 2005 omni
3525 1963 3729 2020 genere

405 2040 659 2096 δοθεῖσαν
715 2039 974 2110 ἐντολήν·
1034 2039 1346 2110 εὑρήσομεν
1393 2037 1451 2090 δὲ
1499 2031 1828 2103 πλεισταχοῦ
1855 2072 1871 2098 ,
1925 2030 2021 2084 καὶ

2130 2034 2456 2091 obedientiae
2507 2035 2885 2106 iuculpabiles,
2918 2038 3013 2093 sed
3072 2036 3320 2109 dissipati
3413 2054 3478 2097 ac
3527 2041 3725 2110 Sparsi,

407 2136 530 2197 ταῖς
556 2132 665 2186 τῶν
697 2130 934 2185 εἰδώλων
965 2130 1286 2201 θεραπείαις
1308 2126 1777 2200 προσνενευκότας
1798 2123 2020 2190 αὐτοὺς,

2129 2128 2587 2196 quemadmodum
2614 2129 2723 2199 jam
2748 2130 2882 2185 dixi.

409 2230 505 2283 Ααὶ
554 2229 761 2300 χείλεσι
813 2228 912 2298 μὲν
953 2226 1231 2297 τιμῶντας
1261 2226 1416 2291 Θεὸν,
1459 2221 1951 2294 ἀπεσχοινισμένην
1991 2219 2048 2272 δὲ
2087 2220 2268 2276 αὐτῶν
2296 2223 2397 2293 τὴν
2431 2223 2673 2278 διάνοιαν
2711 2223 2956 2297 ἔχοντας,
3003 2227 3096 2281 καὶ
3134 2227 3315 2300 μάτην
3347 2229 3512 2285 αὐτὸν
3569 2230 3728 2286 σεόο..

408 2325 630 2396 μένους,
660 2322 1013 2386 διδάσκοντας
1054 2338 1116 2375 τε
1162 2320 1531 2387 διδασκαλίας,
1573 2318 1885 2388 ἐντάλματα
1921 2313 2248 2386 ἀνθρώπων.
2302 2317 2514 2371 Οὐκοῦν
2556 2318 2630 2389 μὴ
2679 2318 2978 2391 καυχάσθω
3016 2318 3127 2374 τῶν
3161 2320 3466 2392 ἀλλογενῶν
3516 2325 3546 2378 ό
3602 2324 3730 2377 δυσ-

403 2419 627 2489 άγωγος
667 2417 915 2491 Ἰσραήλ·
966 2416 1225 2489 ὴλέηνται
1271 2414 1382 2487 γὰρ
1428 2415 1488 2467 ὲν
1537 2413 1639 2483 ἴσῳ
1673 2411 1860 2484 τρόπῳ
1889 2408 1986 2462 καὶ
2022 2409 2178 2463 αὐτοὶ
2217 2408 2372 2481 παρά
2410 2409 2549 2463 Θεοῦ
2572 2427 2586 2443 ο
2621 2413 3045 2485 κατελήφθησαν
3101 2416 3232 2488 γὰρ,
3262 2417 3365 2471 οὐκ
3392 2416 3729 2488 ἀκράδαντον

405 2510 631 2581 ἔχοντες
678 2509 739 2564 τὸ
787 2513 1030 2582 γνήσιον,
1062 2509 1186 2564 οὔτε
1230 2507 1336 2580 μὴν
1365 2504 1668 2577 ἀμώμητον
1726 2502 1958 2557 είσάπαν
1994 2500 2056 2555 τὸ
2081 2501 2337 2569 εὐπαθὲς,
2377 2504 2881 2575 κατεσκεδασμένοι
2917 2506 2973 2560 δὲ
3014 2507 3216 2578 μᾶλλον
3240 2509 3335 2562 καὶ
3365 2508 3727 2582 ἐσπαρμένοι,

407 2604 668 2677 καθάπερ
698 2604 835 2675 ἔφην
864 2604 1091 2676 ἀρτίως.

488 2698 620 2751 ’Ὁτι
654 2696 904 2762 συνάξω
936 2696 1029 2750 ἐπ’
1067 2696 1257 2752 αὐτὸν
1287 2692 1671 2765 συναγωγήν.
1715 2690 1921 2747 Πάντα
1947 2686 2023 2742 τὰ

2200 2683 2368 2741 Vens.
2410 2684 2570 2741 9-12.
2614 2685 2757 2753 Quia
2800 2690 3124 2760 congregabo
3169 2691 3239 2746 ad
3284 2708 3402 2746 eum
3443 2710 3729 2765 congrega-

296 2836 327 2863 t,
409 2789 593 2858 θηρία
630 2789 702 2843 τὰ
747 2788 943 2860 ἄγρια,
977 2788 1171 2853 δεῦτε,
1214 2787 1455 2859 φάγετε,
1502 2785 1701 2840 πάντα
1730 2785 1803 2839 τὰ
1844 2782 2022 2852 θηρία

2129 2776 2349 2830 tionem.
2384 2772 2579 2830 Omnes
2614 2778 2794 2832 bestia
2828 2779 2977 2847 lena,
3015 2779 3205 2845 venite,
3238 2782 3514 2845 comedite,
3548 2799 3728 2838 omnes

412 2879 525 2934 τοῦ
564 2878 816 2950 δρυμοῦ.
878 2878 1070 2935 Ἴδετε
1118 2879 1208 2933 ὅτι
1243 2878 1469 2943 πάντες
1511 2877 2018 2945 ἐκτετύςρλωνται,

2128 2865 2258 2935 fera:
2317 2865 2496 2937 sylva.
2521 2865 2707 2922 Videte
2755 2869 2883 2938 quia
2939 2885 3117 2925 omnes
3158 2872 3411 2926 excrecati
3450 2883 3593 2939 sunt,
3624 2891 3729 2929 non

412 2971 517 3026 καὶ
559 2974 671 3026 οὐκ
717 2973 999 3042 ἔγνωσαν
1041 2971 1368 3042 φρονῆσαι.
1417 2970 1648 3034 Πάντες
1699 2967 1882 3031 κύνες
1925 2964 2023 3019 ἐν·

2125 2966 2321 3013 ηοηιηι
2374 2974 2580 3030 sapere.
2608 2957 2805 3017 Omnes
2855 2977 3014 3017 canes
3065 2964 3222 3028 muti,
3253 2979 3359 3019 nou
3386 2965 3616 3020 ualentes
3645 2968 3728 3020 la-

410 3064 545 3120 νεοὶ
575 3067 649 3120 οὐ
678 3064 1003 3136 δυνάμενοι
1031 3062 1341 3132 ὑλακτεῖν,
1372 3060 1860 3130 ἐνυπνιαζόμενοι
1891 3057 2021 3112 κοί-

2125 3049 2644 3113 trare,somuiautes
2694 3051 2752 3104 in
2803 3050 3226 3116 lerto,amentes
3272 3054 3727 3123 dormitationem,

408 3176 552 3227 την,
588 3158 915 3230 φιλοῦντες
945 3155 1320 3228 νυσταγμὸν,
1359 3155 1459 3210 καὶ
1496 3154 1578 3221 ὠς
1624 3154 1808 3219 κύνες
1856 3152 2024 3206 ἀναι-

2125 3147 2170 3191 et
2223 3139 2384 3209 quasi
2441 3155 2599 3194 canes
2652 3139 3007 3211 impudentes,
3037 3142 3216 3199 animo
3248 3146 3534 3201 nescientes
3563 3149 3727 3203 satie-

405 3251 540 3317 δεῖς
612 3249 688 3320 τῇ
742 3248 937 3320 ψυχῇ,
996 3251 1109 3304 οὐκ
1172 3248 1395 3315 ειδότες
1465 3244 1858 3315 πλησμονὴν,
1916 3242 2020 3297 καί

2125 3239 2284 3286 tatem
2326 3247 2347 3287 :
2384 3242 2433 3288 et
2497 3233 2629 3288 mali
2694 3240 2819 3289 sunt
2852 3273 2869 3302 ,
2927 3235 3216 3292 nescientes
3265 3237 3666 3309 intelligentiam
3707 3257 3728 3297 :

407 3345 532 3400 εἰσὶ
561 3344 814 3413 πονηροὶ
845 3345 957 3397 οὐκ
988 3342 1214 3409 εἰδότες
1240 3342 1521 3403 σύνεσιν,
1547 3337 1772 3406 πάντες
1796 3339 1867 3391 ἐν
1890 3335 2018 3403 ταῖς

2125 3336 2306 3377 omnes
2332 3323 2449 3378 uias
2476 3339 2605 3381 suae
2632 3326 2800 3380 secuti
2828 3336 2985 3395 sunt,
3018 3329 3378 3400 unusquisque
3401 3330 3458 3384 in
3492 3347 3652 3387 una»:
3676 3342 3725 3388 et

408 3436 580 3501 ὁδοῖς
621 3434 824 3491 αὐτῶν
855 3434 1379 3503 ἑξηκολούθησαν,
1429 3429 1689 3497 ἕκαστος
1760 3427 1912 3483 κατὰ
1948 3427 2018 3481 τὸ
2125 3413 2288 3470 “em-

409 3532 586 3587 αὑτό.

487 3619 623 3692 Διχῆ
654 3622 767 3685 τοῖς
796 3618 1209 3691 γεγραμμένοις
1231 3615 1646 3690 προσϐαλεῖςθῆ
1680 3614 1790 3687 γάρ
1828 3613 1997 3687 θηρία

412 3712 584 3784 φησὶν
658 3710 929 3765 ἁτίθασσά
964 3726 1025 3763 τε
1078 3709 1174 3762 καὶ
1220 3710 1496 3780 ἀνήμερα,
1542 3706 1673 3772 τοὺς
1719 3706 1785 3776 ἐξ
1823 3706 2018 3772 ἐθνῶν,

409 3806 512 3860 διτε
560 3802 627 3874 δὴ
675 3802 770 3856 καὶ
818 3801 925 3855 ὑπὸ
965 3800 1213 3872 τυράννῳ
1262 3800 1622 3873 τεθραμμένα
1662 3799 1915 3872 τοιούτῳ,
1941 3798 2021 3871 τῷ

408 3898 647 3969 διαϐόλῳ
688 3896 854 3967 φημὶ,
889 3894 984 3949 καὶ
1024 3891 1135 3949 οἷον
1166 3893 1657 3968 ὲκτεθηριωμένοι,
1686 3895 1784 3949 καὶ
1815 3893 2020 3962 ζῶντες

408 3992 514 4043 οὐκ
563 3987 958 4061 ἀνθρωπίνως·
1015 3987 1185 4058 ἤγουν
1235 3984 1403 4060 θηρία
1459 3988 1646 4043 καλεῖν
1698 3987 1845 4043 ἔοικε
1893 3989 2022 4052 τοὺς

412 4081 884 4154 καταδῃώσαντας
936 4081 1029 4133 τὸν
1079 4080 1318 4152 Ἰσραὴλ,
1367 4082 1461 4136 καὶ⁸
1507 4082 1615 4153 ὅλῳ
1652 4081 1734 4154 τῷ
1788 4084 2019 4155 στόματι

412 4176 693 4247 φαγόντας
724 4174 886 4229 αὑτὸν
917 4174 1007 4228 διὰ
1045 4176 1148 4246 τὴν
1181 4175 1263 4239 είς
1296 4174 1535 4245 Χριστὸν
1574 4175 1856 4231 ἀσέϐειαν.
1908 4176 2023 4232 Καὶ

411 4270 461 4323 εἰ
502 4269 602 4339 μὲν
651 4266 759 4321 τῶν
809 4266 982 4322 ἐθνῶν
1027 4266 1105 4331 ὡς
1150 4266 1356 4340 θηρίων
1398 4258 1807 4339 διαμέμνηὲαι,
1841 4270 2021 4341 φαμὲν

411 4362 603 4425 αὐτοῖς
636 4358 1141 4433 προσπεφωνῆσθαι
1184 4359 1339 4433 παρά
1374 4359 1513 4414 Θεοῦ
1567 4361 1653 4425 τὸ,
1687 4360 1877 4426 Δεῦτε,
1910 4361 2019 4433 φά-

410 4470 564 4522 γετε,
616 4452 882 4524 Σημαίνει
915 4451 973 4506 δὲ
1023 4451 1184 4507 τοῦτο
1227 4453 1410 4507 πᾶσαν
1456 4452 1640 4517 αὐτοῖς
1671 4452 2020 4524 ἀμφιλαφίαν

386 4543 665 4611 ,δεδόσθαι
717 4545 849 4617 παρ’
898 4543 1066 4598 αὐτοῦ
1110 4544 1220 4599 τῶν
1272 4544 1435 4618 ἱερῶν
1482 4547 1866 4618 χαρισμάτων,
1923 4548 2021 4602 καὶ

411 4637 849 4709 παρατεθεῖσθαί.
893 4635 1176 4707 τράπεζαν
1221 4636 1320 4709 τὴν
1375 4637 1672 4703 ζωοποιόν·
1725 4637 2019 4711 κατεδηδό-
2053 4671 2098 4730 D

412 4747 547 4785 κασι
573 4729 684 4801 γὰρ
712 4730 809 4784 καὶ
836 4728 990 4783 αὐτοὶ
1014 4728 1105 4783 τὸν
1138 4730 1303 4803 ἄρτον
1336 4728 1436 4801 τῆς
1467 4729 1636 4801 ζωῆς,
1662 4730 1882 4804 μέτοχοι
1908 4731 2018 4806 γὰρ

411 4821 677 4891 γεγόνασι
721 4820 817 4874 τοῦ
861 4818 1126 4892 Χριστοῦ,
1173 4819 1272 4875 καὶ
1325 4819 1607 4893 σύσσωμοι
1667 4822 1776 4877 τῶν
1821 4824 2018 4893 ἁγίων,

413 4912 560 4967 ὥστε
591 4911 686 4965 καὶ
732 4910 1026 4983 χαίροντας
1060 4909 1273 4979 λέγειν’
1307 4927 1326 4961 ι
1358 4908 1566 4980 Κύριος
1609 4911 1888 4982 ποιμαίνει
1928 4930 2020 4985 με,

414 5003 512 5058 καί
539 5002 693 5055 οὐδέν
726 5018 794 5073 με
825 5002 1139 5072 ὕστερήσει,
1167 5000 1247 5064 εἰς
1271 4999 1437 5053 τόπον
1467 4999 1631 5071 χλόης
1654 5000 1774 5053 ἐκεῖ
1793 5017 1861 5070 με
1890 5016 2024 5054 κατ-

414 5095 751 5166 εσκήνωσεν,
822 5093 916 5146 ἐπὶ
960 5092 1153 5157 ὕδατος
1200 5092 1567 5158 ἀναπαύσεως
1616 5092 1878 5166 ἐξέθρεψέ
1924 5112 2016 5166 με,

415 5186 517 5257 τὴν
555 5186 738 5257 ψυχήν
769 5203 869 5258 μου
904 5185 1262 5258 ἐπέστρεψεν.
1289 5185 1628 5257 Ἦτοίμασας
1650 5184 1880 5241 ἐνώπιόν
1912 5204 2015 5258 μου

414 5279 715 5350 τράπεζαν.
758 5299 775 5329 ι
811 5278 959 5349 Ἔφη
988 5277 1046 5331 δὲ
1078 5278 1171 5332 καὶ
1196 5278 1263 5332 δι’
1305 5276 1422 5341 ἐνὸς
1451 5277 1560 5331 τῶν
1592 5277 1766 5347 ἁγίων
1804 5264 2019 5349 προφη-

415 5370 546 5425 τῶν·
585 5389 603 5422 ι
640 5371 871 5440 Φάγετε,
905 5370 1079 5435 πίετε,
1122 5370 1218 5424 καὶ
1264 5370 1596 5443 μεθύσθητε,
1641 5373 1691 5425 οί
1731 5371 2013 5443 πλησίον.»

417 5462 658 5535 Μακρὰν
709 5462 819 5535 γὰρ
873 5462 1025 5526 ὄντες
1075 5461 1213 5516 Θεοῦ
1261 5462 1554 5533 γεγόνασιν
1597 5465 1767 5533 ἐγγὺς
1801 5463 1889 5518 διὰ
1923 5464 2021 5537 τῆς

421 5554 682 5620 πίστεως,
717 5556 769 5609 oi
819 5553 951 5608 ποτὲ
997 5552 1345 5625 πλανώμενοι
1388 5553 1486 5608 καὶ
1523 5554 1622 5626 τῆς
1658 5555 1811 5626 ἱερᾶς
1847 5554 2021 5627 ὲμπέ-

423 5646 656 5716 πληνται
681 5644 889 5717 τροφῆς
914 5660 928 5674 ·
964 5644 1278 5715 γέγραπται
1303 5644 1432 5718 γὰρ,
1459 5644 1540 5700 ὅτι
1569 5646 1800 5716 ιἈρτος
1832 5645 2024 5716 στηρί-

418 5735 519 5799 ζει·
536 5737 763 5809 καρδίαν
790 5735 1104 5809 ἀνθρώπου.
1132 5754 1151 5788 ι
1182 5735 1248 5791 Ei
1272 5736 1328 5789 δὲ
1353 5736 1418 5807 δὴ
1452 5735 1620 5808 θηρία
1657 5738 1861 5790 νοοῖντο
1883 5737 2021 5808 πρὸς

2192 3592 2500 3665 Dupliciter
2539 3592 2812 3676 intelligas
2850 3609 2972 3666 quae
3009 3595 3213 3666 scripta
3253 3605 3402 3653 sunt.
3442 3598 3539 3655 Vel
3577 3601 3724 3657 enim

2122 3690 2269 3749 feras
2302 3690 2598 3747 indomitas
2637 3697 2694 3746 et
2730 3689 2969 3748 immites
3003 3691 3241 3762 appellat
3278 3703 3498 3765 gentes,
3538 3703 3726 3766 utpote

2123 3786 2227 3843 sub
2284 3784 2381 3840 tali
2419 3792 2684 3857 tyranno,
2727 3783 2965 3851 diabolo,
3022 3785 3276 3857 inquam,
3325 3788 3620 3855 educatas,
3668 3800 3728 3846 et

2124 3878 2283 3950 quasi
2316 3876 2602 3948 efferatas,
2632 3894 2699 3935 ac
2728 3893 2838 3935 non
2870 3879 3109 3937 humano
3140 3896 3291 3938 more
3318 3882 3564 3940 viventes
3598 3904 3612 3941 :
3642 3886 3725 3942 vel

2141 3976 2329 4031 dicere
2356 3975 2575 4030 videtur
2619 3973 2768 4031 feras
2798 3988 2893 4030 eos
2922 3974 3015 4045 qui
3046 3974 3300 4031 lsraelem
3332 3987 3639 4048 vastarunt,
3670 3990 3727 4036 et

2123 4075 2350 4138 propter
2389 4067 2729 4137 impietatem
2775 4066 2830 4121 in
2870 4066 3151 4122 Christum
3198 4076 3314 4124 toto
3357 4084 3455 4125 ore
3498 4073 3727 4128 devora-

2124 4168 2271 4215 runt.
2302 4156 2360 4213 Si
2391 4160 2635 4230 gentium
2666 4167 2726 4213 ut
2755 4156 2997 4213 ferarum
3028 4160 3298 4235 meminit,
3352 4161 3586 4221 dicimus
3618 4165 3724 4221 illis

2123 4251 2229 4308 hoc
2272 4250 2478 4306 dictum
2521 4264 2646 4307 esse
2697 4265 2728 4305 a
2787 4250 2900 4307 Deo
2952 4268 2967 4306 :
3019 4249 3236 4317 Venite,
3265 4256 3536 4311 comedite
3569 4277 3582 4312 :
3615 4273 3725 4328 quo

2122 4358 2342 4400 omnem
2369 4351 2687 4401 sanctorum
2711 4344 3104 4402 charismatum
3132 4343 3467 4401 allluentiam
3495 4347 3603 4404 illis
3629 4350 3726 4403 da-

2126 4446 2235 4493 tam
2264 4451 2387 4495 esse
2414 4437 2708 4509 signiﬁcat,
2747 4447 2804 4493 et
2830 4451 3073 4493 mensam
3103 4451 3226 4495 esse
3268 4441 3571 4510 appositam
3599 4456 3724 4512 quae

2123 4529 2385 4586 viviﬁeat.
2425 4529 2671 4586 Ederunt
2709 4531 2853 4586 enim
2894 4538 2951 4586 et
2992 4530 3097 4601 ipsi
3138 4544 3333 4600 panem
3370 4532 3497 4590 vitae
3537 4550 3553 4589 :
3597 4550 3722 4591 nam

2124 4622 2284 4696 panis
2312 4622 2522 4679 Christi
2555 4622 2853 4694 participes
2882 4621 3014 4679 lacti
3047 4634 3204 4692 sunt,
3234 4634 3292 4681 et
3321 4625 3565 4694 ejusdem
3598 4641 3723 4683 cum

2128 4714 2336 4773 sanctis
2360 4713 2635 4785 corporis,
2663 4713 2798 4770 adeo
2823 4722 2884 4767 ut
2908 4712 3209 4785 gaudentes
3234 4716 3459 4773 dicant:
3488 4734 3511 4769 α
3543 4715 3726 4773 1)οωί-

2122 4825 2230 4867 nus
2263 4808 2439 4881 pascit
2472 4825 2578 4877 me,
2609 4818 2668 4865 et
2700 4808 2836 4864 nihil
2870 4808 3002 4865 mihi
3037 4808 3236 4879 deerit,
3266 4811 3323 4868 in
3360 4813 3479 4868 loco
3510 4828 3726 4884 pascua:

2124 4905 2199 4962 ibi
2229 4918 2317 4961 me
2347 4903 2654 4961 collocavit.
2684 4902 2863 4976 Super
2888 4920 3088 4979 aquam
3124 4904 3440 4962 relectionis
3465 4909 3723 4964 educavit

2124 5013 2234 5063 me,
2268 4998 2509 5054 animam
2548 5012 2724 5053 meam
2759 4999 3053 5053 convertit.
3087 4998 3296 5053 Parasti
3334 5000 3386 5053 in
3423 5010 3723 5070 conspectu

2125 5103 2251 5147 meo
2286 5105 2526 5147 mensam
2550 5089 2617 5145 ⁸³.
2662 5109 2682 5143 ι
2732 5090 2876 5144 Dixit
2915 5090 3078 5147 etiam
3120 5105 3217 5160 per
3248 5108 3414 5148 unum
3451 5107 3483 5150 e
3515 5096 3725 5152 sanctis

2127 5183 2406 5255 prophetis
2435 5200 2448 5238 :
2483 5200 2502 5236 ι
2534 5181 2709 5251 Edite,
2736 5181 2920 5249 bibite,
2945 5192 3000 5239 et
3026 5182 3579 5253 iuebriamini,vicini
3598 5188 3663 5242 θ’.
3698 5207 3717 5241 ι

2128 5274 2231 5343 Qui
2259 5275 2402 5332 enim
2433 5275 2619 5347 procul
2647 5275 2878 5332 aberant
2905 5291 2934 5331 a
2965 5277 3093 5343 Deo,
3120 5278 3411 5351 prOpittqui
3439 5296 3537 5352 per
3563 5281 3722 5338 fidem

2126 5368 2257 5427 lacti
2302 5378 2423 5426 sunt
2465 5388 2479 5425 :
2519 5370 2612 5441 qui
2659 5371 2932 5442 quondam
2975 5371 3262 5441 errabant,
3292 5384 3359 5445 .et
3401 5390 3559 5431 sacro
3600 5375 3724 5430 cibo

2123 5461 2319 5534 repleti
2352 5470 2499 5518 sunt.
2528 5462 2801 5534 Scriptqu
2835 5463 2980 5519 enim
3001 5475 3124 5521 est:
3159 5484 3179 5517 ι
3203 5464 3365 5521 Panis
3396 5466 3725 5524 roboratcor

2127 5555 2365 5612 hominis
2399 5554 2470 5588 3"
2499 5575 2547 5611 ,ι
2576 5555 2670 5613 Sin
2706 5556 2836 5612 fera:
2856 5557 3230 5629 intelligantur
3251 5575 3278 5612 a
3305 5558 3478 5625 nobis,
3516 5558 3608 5628 qui
3630 5560 3724 5615 de-

2127 5648 2616 5717 vorantlsraelem,
2643 5648 2769 5705 illud
2796 5666 2811 5703 :
2838 5650 3052 5716 Venite,
3079 5650 3245 5716 edite,
3269 5660 3351 5706 est
3378 5658 3585 5705 tantum
3614 5666 3722 5709 non

2125 5738 2432 5810 objicientis
2468 5739 2577 5796 illis
2616 5755 2715 5798 eos
2760 5741 2851 5812 qui
2891 5742 3055 5813 impie
3089 5754 3353 5814 egerunt,
3417 5743 3725 5816 quibusque

487 5910 533 5945 ⁸³
572 5914 714 5975 Psal.
747 5932 883 5987 xm,
932 5915 1040 5973 1-5.
1116 5916 1164 5949 ⁸⁸
1197 5914 1356 5974 Cant.
1390 5932 1442 5986 ν,
1475 5915 1524 5971 l.
1602 5914 1672 5947 ⁸⁸·
1710 5914 1852 5972 Psal.
1885 5931 2005 5986 cm,
2036 5915 2128 5973 15.
