4100 6524
468 422 601 478 1251

1462 422 1520 481 S.
1561 420 1839 479 CYRILLI
1876 419 2348 477 ALEXANDRINI
2390 419 2710 478 ARCHIEP.

3603 428 3749 485 19.52

467 541 661 598 merito
708 543 934 612 contigit
975 551 1032 596 ut
1076 542 1129 597 id
1171 542 1461 611 patiantur,
1503 543 1700 612 quippe
1743 540 1908 613 795.
1949 542 2040 611 qui

2149 541 2304 611 ἡμῶν
2328 543 2376 594 οἱ
2411 539 2819 609 καταφαγόντες
2844 538 2935 591 rbv
2960 538 3193 609 Ἰσραὴλ,
3225 539 3284 592 rb
3310 540 3496 605 Δεῦτε,
3514 542 3744 613 φάγετε,

464 635 764 704 principem
787 635 910 689 vita:
934 633 1348 700 interfecerunt,
1376 634 1534 688 tidem
1561 649 1664 688 non
1693 636 2050 698 admiserunt,

465 742 532 781 ac
565 727 720 796 longe
755 725 931 781 abacti
967 735 1096 780 sunt
1131 727 1223 795 qui
1261 739 1428 796 prope
1461 732 1651 791 erant,
1688 739 1787 780 nec
1823 723 2053 795 amplius

468 817 562 871 Dei
604 816 856 886 populus,
891 815 987 872 sed
1027 817 1153 872 odio
1193 817 1365 872 habiti
1403 825 1549 881 sunt,
1589 825 1778 887 utpote
1822 816 2054 872 domini-

466 907 620 963 cidae.
650 906 730 962 Ne
761 916 942 962 autem
973 908 1092 963 sine
1121 922 1284 964 causa
1316 908 1511 978 punire
1538 909 1783 963 videatur
1809 906 1975 972 Deus,
1998 916 2054 962 et

463 999 533 1054 de
564 1013 621 1054 re
650 999 803 1054 nihili
833 1015 1024 1069 pmnas
1053 1000 1300 1071 exigere,
1355 1000 1541 1056 statim
1570 999 1678 1056 illis
1705 1000 1932 1055 crimina
1961 1013 2056 1068 ap-

465 1091 636 1159 ponit,
666 1091 867 1160 quibus
901 1092 1194 1162 implicati,
1228 1093 1339 1147 dati
1374 1101 1503 1147 sunt
1535 1092 1589 1147 in
1623 1092 1849 1148 exitium
1885 1092 2054 1147 hosti-

465 1182 586 1244 bus.
640 1183 726 1238 vel
782 1182 837 1237 in
895 1196 1049 1239 esum
1111 1183 1321 1240 bestiis.
1354 1182 1547 1240 Videte
1607 1184 1777 1251 enim,
1843 1183 2052 1253 inquit,

464 1278 589 1345 quia
644 1293 834 1334 omnes
895 1279 1152 1334 cxczecati
1213 1287 1370 1347 sunt,
1405 1292 1516 1333 non
1575 1286 1777 1333 norunt
1836 1291 2049 1347 sapere.

466 1369 604 1425 Vere
618 1370 762 1425 enim
780 1370 909 1426 caeci
931 1368 1193 1427 Israelitae
1217 1370 1458 1437 luerunt,
1476 1379 1531 1426 et
1552 1384 1663 1439 pra;
1680 1369 1803 1426 aliis
1819 1369 2055 1426 maxime

466 1459 671 1516 Scriba:
692 1474 756 1516 ac
778 1461 1062 1527 Pharisaei,
1086 1472 1141 1519 et
1163 1462 1407 1533 praefecti
1429 1462 1751 1534 Synagogaz.
1774 1460 1884 1517 Nec
1907 1461 2052 1518 enim

463 1565 653 1604 veram
694 1550 868 1607 lucem
912 1552 1270 1617 admiserunt,
1310 1568 1412 1609 nec
1457 1552 1735 1609 Christum
1779 1552 1921 1609 scire
1958 1567 2053 1609 vo-

466 1641 706 1706 luerunt,
742 1641 867 1696 licet
897 1652 1083 1710 aperte
1113 1642 1466 1709 clamantem,
1500 1659 1645 1700 nunc
1680 1663 1694 1699 :
1733 1664 1752 1698 ι
1789 1643 1901 1715 Ego
1932 1659 2049 1700 sum

465 1731 553 1785 lux
577 1730 895 1798 mundi“";
924 1750 944 1785 ι
980 1734 1340 1789 nunciterum
1366 1751 1381 1790 :
1405 1756 1423 1785 ι
1454 1736 1673 1807 Egolux
1706 1738 1760 1792 in
1794 1737 2052 1792 mundum

467 1823 609 1877 hunc
633 1821 754 1877 veni
788 1840 802 1876 :
835 1822 925 1891 qui
954 1824 1201 1893 sequitur
1228 1840 1341 1893 me,
1373 1826 1428 1880 in
1459 1828 1702 1884 tenebris
1728 1841 1835 1884 non
1862 1827 2050 1883 ambu-

2157 633 2438 704 μονονουχὶ
2464 629 2981 703 παραρριπτοῦντός
3014 631 3165 683 ἐστιν
3187 631 3370 695 αὐτοῖς
3394 634 3519 696 τοὺς
3538 635 3747 707 ἠσεβη-

2120 774 2125 777 ι
2154 725 2339 790 κότας,
2367 725 2460 778 καὶ
2488 719 2569 787 οἷς
2600 724 2663 777 rb
2690 722 2885 777 παθεῖν
2916 722 3138 793 πρέπει,
3181 723 3276 777 καὶ
3306 725 3450 793 μάλα
3482 726 3740 789 εἰκότως·

2153 816 2486 870 ἀπεκτόνασι
2532 815 2643 885 γὰρ
2689 814 2781 868 τὸν
2813 814 3055 885 ἀρχηγὸν
3093 814 3192 884 τῆς
3221 815 3386 886 ζωῆς,
3421 815 3524 887 τὴν
3556 818 3745 872 πίστιν

2152 909 2213 961 οὐ
2244 906 2680 980 προσηκάμενοι,
2709 906 2804 959 καὶ
2828 906 3084 975 γεγόνασι
3118 905 3334 975 μακρὰν
3360 907 3409 958 οἱ
3433 908 3619 975 ἐγγὺς,
3645 908 3746 961 καὶ

2154 998 2283 1059 λαὸς
2307 997 2491 1051 οὐκέτι
2517 995 2675 1060 Θεοῦ,
2703 995 3170 1065 κατεστυγημένοι
3195 995 3252 1048 δὲ
3287 994 3488 1066 μᾶλλον
3511 997 3587 1060 ὡς
3624 999 3741 1049 Κυ-

2158 1089 2440 1160 ριοκτόνοι.
2491 1086 2607 1142 Ἵνα
2650 1086 2707 1140 δὲ
2739 1086 2814 1157 μὴ
2855 1086 3113 1157 φαίνηται
3142 1085 3272 1149 Θεὸς
3310 1085 3555 1150 κολάζων
3594 1087 3742 1156 είκῆ,

2154 1184 2247 1238 καὶ
2272 1182 2429 1246 δίκας
2456 1181 2625 1237 αίτῶν
2668 1180 2768 1244 τὰς
2815 1180 2902 1233 ἐπ’
2941 1178 3136 1246 οὐδενὶ,
3185 1179 3549 1251 παρατίθησιν
3580 1179 3743 1241 εὐθὺς

2152 1275 2250 1335 τὰς
2282 1271 2482 1339 αἰτίας,
2509 1264 2598 1334 αἷς
2617 1268 2683 1340 δὴ
2712 1267 2808 1322 καὶ
2833 1267 3007 1337 ἔνοχοι
3033 1268 3317 1336 γεγονότες
3336 1267 3576 1321 δέδονται
3604 1268 3743 1343 πρὸς

2152 1361 2372 1434 ὄλεθρον
2409 1363 2524 1426 τοῖς
2565 1360 2816 1433 ἐχθροῖς,
2845 1359 2965 1429 ἦτοι
3011 1360 3126 1422 τοῖς
3168 1357 3334 1428 θηρσὶ
3377 1357 3511 1427 πρὸς
3563 1357 3741 1410 κατά-

2153 1454 2370 1525 ϐρωμα.
2401 1450 2567 1505 Ἴδετε
2589 1452 2719 1522 γὰρ,
2745 1448 2932 1520 φησὶν,
2953 1448 3034 1501 ὅτι
3057 1447 3259 1531 πάντες
3280 1444 3736 1514 ἐκτετύφλωνται,

2152 1545 2253 1598 οὐκ
2300 1542 2546 1611 ἔγνωσαν
2594 1542 2881 1611 φρονῆσαι.
2947 1536 3151 1607 Τυφλοὶ
3194 1536 3305 1606 γὰρ
3358 1535 3528 1599 ὅντως
3578 1536 3628 1586 οἱ
3677 1534 3742 1598 ἐξ

2164 1636 2403 1708 Ἰσραὴλ,
2455 1633 2692 1706 μάλιστα
2745 1632 2803 1686 δὲ
2844 1632 2953 1685 τῶν
2989 1630 3165 1685 ἄλλων
3198 1630 3248 1682 οί
3282 1629 3636 1700 Γραμματεῖς
3680 1645 3739 1681 τε

2154 1729 2249 1783 καὶ
2289 1728 2339 1781 οἱ
2365 1728 2674 1798 Φαρισαῖοι,
2709 1726 2805 1779 καὶ
2842 1725 2893 1778 οί
2936 1722 3298 1794 καθηγεῖσθαι
3340 1721 3596 1791 λαχόντες
3636 1719 3742 1790 τῆς

2152 1820 2500 1888 Συναγωγῆς.
2547 1817 2621 1871 Ού
2657 1815 2766 1887 γὰρ
2806 1814 3171 1886 παρεδέξαντο
3208 1813 3322 1883 φῶς
3365 1813 3426 1866 rb
3463 1812 3738 1882 ἀληθινὸν,

464 1913 617 1979 labit,
651 1914 745 1969 sed
770 1914 992 1969 habebit
1021 1915 1194 1970 lucem
1226 1915 1352 1971 vita:
1369 1915 1440 1971 ⁸⁵.
1472 1934 1492 1968 ι
1529 1916 1663 1972 Cum
1679 1932 1808 1988 ergo
1840 1916 2040 1988 liceret1

2157 1907 2279 1963 οὔτε
2316 1909 2423 1981 μὴν
2469 1908 2741 1980 ἠθέλησαν
2786 1906 2991 1977 γνῶναι
3032 1904 3288 1978 Χριστὸν,
3322 1904 3499 1958 καίτοι
3529 1902 3739 1973 βοῶντα

464 2005 570 2060 ﬁde
597 2015 879 2076 suscepta,
909 2005 1029 2062 luce
1059 2006 1253 2073 ditari,
1286 2007 1340 2063 id
1371 2009 1588 2079 quidem
1620 2024 1729 2065 non
1763 2008 2039 2074 fecerunt,

462 2106 522 2151 ut
557 2105 613 2152 et
648 2098 911 2168 propheta
952 2098 1126 2169 inquit
1161 2115 1178 2154 :
1216 2099 1669 2171 Exspectantibus
1701 2101 1807 2156 illis
1844 2101 2039 2167 lucem,

462 2188 618 2244 factae
658 2198 785 2244 sunt
827 2190 1063 2246 tenebrae
1104 2207 1119 2245 :
1163 2198 1219 2246 et
1260 2200 1640 2261 exspectantes
1681 2192 2042 2262 splendorem,

463 2275 517 2329 in
557 2276 790 2346 caligine
821 2279 1020 2334 versati
1064 2288 1212 2334 sunt.
1245 2279 1314 2335 Et
1359 2280 1475 2350 ipse
1517 2280 1774 2336 Servator
1805 2280 1945 2337 dixit
1977 2282 2045 2336 de

463 2364 572 2422 illis
592 2366 738 2422 etde
774 2367 971 2437 popqu
998 2367 1208 2422 illorum
1237 2369 1418 2424 manui
1448 2370 1738 2426 commisso
1785 2387 1800 2427 ς
1845 2388 1866 2423 ι
1903 2369 2041 2427 (ιιεοί

463 2466 612 2525 sunt,
637 2466 692 2513 et
722 2472 988 2514 caecorum
1013 2460 1282 2517 ducesw.
1313 2479 1332 2514 ι
1372 2459 1574 2518 Omnes
1607 2461 1794 2532 igitur,
1831 2462 2039 2531 inquit,

462 2549 715 2605 excaecati
776 2558 925 2615 sunt,
969 2565 1143 2621 neque
1185 2565 1380 2623 sapere
1426 2562 1646 2609 norunt.
1712 2552 1845 2609 Erat
1897 2555 2040 2610 enim

463 2654 592 2695 vere
632 2641 909 2695 hominum
951 2643 1275 2712 prudentum
1317 2653 1373 2700 et
1418 2644 1860 2716 intelligentiam,
1898 2645 2042 2703 cele-

462 2735 597 2789 riter
616 2748 864 2804 prazsens
884 2734 1079 2792 salutis
1107 2744 1319 2805 tempus
1342 2736 1768 2808 apprehendere.
1789 2736 1870 2793 Ad
1895 2738 2042 2809 quod

461 2834 518 2882 et
546 2826 761 2882 divinus
793 2825 960 2881 David
989 2841 1085 2884 eos
1115 2828 1432 2884 cohortatus
1462 2838 1577 2898 est,
1605 2828 1792 2886 dicens
1820 2846 1833 2882 :
1869 2847 1890 2881 ι
1927 2831 2038 2899 Ap-

459 2917 778 2986 prehendite
810 2917 1188 2988 disciplinam,
1222 2933 1293 2976 ne
1314 2922 1533 2989 quando
1555 2920 1824 2978 irascatur
1860 2921 2041 2977 Domi-

460 3023 585 3073 nus,
608 3016 662 3064 et
686 3009 923 3077 pereatis
948 3022 980 3062 a
1005 3006 1092 3063 via
1117 3008 1288 3078 justa,
1313 3024 1437 3064 cum
1464 3010 1574 3066 cito
1597 3010 1865 3067 exarserit
1893 3009 2042 3066 l'uror

459 3100 580 3171 ejus
615 3101 669 3154 in
706 3113 803 3155 vos
830 3098 947 3153 9'“.
983 3117 1003 3152 ι
1040 3097 1306 3166 Quoniam
1339 3116 1469 3158 vero
1488 3103 1632 3159 hanc
1652 3117 1747 3174 per
1765 3103 2037 3160 Christum

460 3190 800 3261 disciplinam
837 3205 943 3245 non
976 3190 1481 3263 apprehenderunt,
1512 3194 1718 3249 exarsit
1746 3195 1803 3250 in
1828 3210 1923 3252 eos
1953 3196 2038 3250 l‘u-

2150 2000 2337 2071 σαφῶς
2370 1998 2502 2053 ποτὲ
2532 1998 2651 2069 μὲν,
2669 1998 2751 2051 ὅτι
2777 2014 2795 2047 ι
2820 1995 3098 2066 Ἐγώ··είμι
3122 1994 3184 2047 τὸ
3211 1994 3327 2063 φῶς
3347 1992 3441 2046 τοῦ
3468 1992 3729 2063 κόσμου,›

2150 2092 2281 2146 ποτὲ
2302 2092 2359 2146 δὲ
2383 2091 2567 2157 πάλιν,
2592 2108 2611 2142 ι
2635 2087 2777 2158 Ἐγὼ
2799 2086 2914 2158 φῶς
2942 2089 3022 2151 είς
3052 2085 3144 2139 τὸν
3163 2085 3367 2154 κόσμον
3392 2083 3581 2138 τοῦτον
3609 2084 3735 2153 ἐλή-

2148 2186 2285 2240 λυθα
2308 2202 2323 2218 ο
2353 2187 2384 2239 ὁ
2409 2182 2721 2240 ἀκολουθῶν
2752 2183 2898 2253 ἐμοὶ,
2927 2181 2989 2233 ού
3039 2178 3114 2250 μὴ
3165 2178 3518 2251 περιπατήσῃ
3567 2178 3625 2230 ἐν
3666 2179 3734 2247 τῇ

2150 2279 2362 2350 σκοτίᾳ,
2386 2278 2499 2332 ἀλλ’
2528 2277 2639 2343 ἕξει
2667 2275 2728 2330 τὺ
2770 2274 2884 2345 φῶς
2910 2274 3012 2344 τῆς
3059 2273 3225 2343 ζωῆς.
3264 2289 3285 2323 ›
3328 2270 3480 2337 Ἐξὸν
3507 2267 3599 2324 οὖν
3627 2270 3737 2344 ἄρα

2149 2370 2594 2441 καταπλουτῆσαι
2620 2370 2681 2423 τὸ
2723 2368 2840 2439 φῶς
2892 2366 3345 2439 προσηκαμένους
3391 2365 3489 2436 τὴν
3526 2365 3733 2430 πίστιν,

2148 2463 2304 2517 τοῦτο
2341 2462 2441 2534 μὲν
2470 2463 2531 2515 ού
2572 2461 2939 2533 πεπράκασιν,
2970 2459 3044 2523 ῶς
3067 2459 3123 2511 δὲ
3156 2460 3186 2511 ό
3218 2457 3507 2529 προφήτης
3548 2456 3732 2527 φησὶν,

2162 2553 2601 2624 Ύπομεινάντων
2621 2552 2801 2607 αὐτῶν
2819 2549 2957 2619 φῶς,
2974 2550 3188 2618 ἐγένετο
3200 2547 3383 2610 αὐτοῖς
3398 2546 3608 2612 σκότος,
3623 2563 3690 2617 με
3700 2547 3739 2598 ί·

2148 2659 2337 2706 ναντες
2380 2642 2554 2714 αὐγὴν
2582 2644 2638 2696 ἐν
2681 2641 2857 2713 άωρίᾳ
2890 2640 3327 2712 περιεπάτησαν.
3359 2630 3506 2709 Ἐφη
3543 2637 3601 2691 δὲ
3642 2638 3738 2693 καὶ

2147 2736 2310 2799 αὐτὸς
2323 2737 2352 2790 ὁ
2371 2734 2562 2806 Σωτὴρ
2579 2734 2707 2806 περί
2726 2752 2787 2788 τε
2810 2734 2993 2788 αὐτῶν
3020 2734 3114 2788 καὶ
3132 2734 3240 2787 τῶν
3260 2731 3363 2785 ύπδ
3382 2734 3540 2804 χεῖρα
3566 2729 3729 2795 λαῶν.

2146 2825 2229 2880 ὅτι
2287 2845 2306 2879 ι
2335 2826 2538 2895 Τυφλοί
2580 2827 2686 2879 είσι
2738 2826 2835 2880 καὶ
2881 2825 3097 2895 τυφλῶν
3158 2824 3364 2896 ὁδηγοί.
3393 2844 3412 2876 ι
3464 2826 3732 2888 Ἅπαντες

2144 2918 2324 2974 τοίνυν
2364 2918 2821 2988 ἐκτετύφλωνται,
2850 2919 3003 2989 φησὶ,
3034 2919 3128 2971 καὶ
3171 2917 3271 2970 ούκ
3313 2915 3558 2985 ἔγνωσαν
3603 2933 3736 2989 φρο-

2151 3010 2331 3081 νῆσαι.
2383 3008 2494 3063 Καὶ
2524 3007 2633 3080 γὰρ
2663 3003 2732 3077 ἦν
2771 3006 2912 3061 κατὰ
2945 3006 3006 3060 rb
3029 3005 3226 3077 ἀληθὲς
3259 3004 3468 3075 ἀνδρῶν
3523 3004 3734 3075 ἐμφρό-

2144 3119 2251 3156 νων
2275 3102 2368 3155 καὶ
2402 3098 2660 3164 συνετῶν,
2710 3099 2771 3152 τὸ
2825 3095 3218 3167 ἐπιδράξασθαι
3248 3096 3460 3166 γοργῶς
3488 3095 3580 3147 τοῦ
3626 3095 3730 3165 τῆς

2146 3193 2421 3265 σωτηρίας
2462 3191 2729 3264 παρόντος
2772 3188 2966 3260 καιροῦ
2987 3206 3001 3220 ’
3036 3190 3340 3261 προέτρεπε
3373 3187 3499 3258 γοῦν
3532 3189 3732 3251 αὐτοὺς
3802 3186 3805 3187 ⁷

461 3297 570 3346 ror,
597 3290 654 3338 et
680 3282 747 3339 tle
771 3283 854 3337 via
879 3279 1020 3351 iusta
1048 3283 1349 3355 perierunt,
1372 3284 1426 3341 id
1449 3294 1556 3355 est,
1574 3285 1738 3342 alieni
1763 3284 1890 3342 facti
1913 3296 2040 3343 sunt

2145 3285 2225 3348 είς
2285 3282 2441 3339 τοῦτο
2506 3282 2681 3350 λέγων
2730 3282 2760 3334 ὁ
2808 3279 3095 3343 θεσπέσιος
3151 3279 3347 3332 Δαϐίδ·
3399 3296 3419 3331 ι
3451 3277 3731 3350 Δρὰξασθε

458 3388 490 3427 a
521 3375 932 3430 conversatione
953 3374 1290 3443 evangelica,
1317 3391 1416 3447 per
1437 3392 1600 3449 quam
1626 3387 1682 3434 et
1708 3378 1927 3449 quidem
1954 3392 2045 3434 so-

461 3460 566 3516 lam
609 3462 799 3518 modus
824 3463 1049 3534 iustitia:
1092 3464 1203 3521 Deo
1233 3475 1402 3537 grata:
1445 3467 1640 3524 elucet.
1673 3468 2043 3538 Praeterquam

459 3550 626 3622 quod,
675 3551 872 3621 inquit,
918 3555 1049 3609 caeci
1095 3554 1226 3620 sint,
1269 3556 1435 3611 etiam
1478 3571 1643 3614 canes
1687 3561 1819 3615 muti
1864 3562 2041 3627 erant,

459 3659 569 3699 non
614 3644 855 3700 valentes
901 3645 1134 3712 latrare,
1178 3647 1514 3704 somniantes
1561 3649 1617 3703 in
1664 3649 1834 3717 lecto,
1877 3651 2041 3705 dediti

458 3750 671 3791 somno.
738 3736 816 3791 De
852 3736 957 3793 illis
988 3738 1137 3793 velut
1170 3739 1238 3794 ab
1273 3739 1524 3808 exemplo
1556 3741 1847 3798 manifesto
1876 3743 2041 3797 verba

458 3828 612 3882 facit.
653 3826 759 3893 Qui
803 3827 946 3881 enim
989 3843 1209 3901 gregem
1255 3839 1564 3899 sequuntur
1594 3846 1777 3899 canes,
1806 3832 2044 3902 undique

465 3928 870 3982 circumeuntes
922 3942 1159 3998 semper,
1187 3943 1287 3984 nec
1316 3942 1506 3985 somno
1534 3943 1633 3985 nec
1660 3930 2043 3986 dormitatione

455 4021 766 4075 vincuntur.
801 4019 859 4074 Si
899 4021 1043 4089 quod
1078 4020 1223 4076 enim
1263 4021 1466 4077 animal
1503 4020 1784 4078 efferatum
1825 4023 2040 4092 conspi-

456 4110 650 4175 ciatur,
686 4109 943 4164 allatrant
982 4110 1218 4177 fortiter,
1254 4120 1310 4167 et
1347 4111 1604 4169 omnibus
1638 4112 1846 4168 virilms
1881 4128 1910 4165 a
1948 4127 2040 4181 pe—

457 4215 584 4256 core
609 4217 797 4258 arcere
821 4211 1098 4272 satagunt,
1124 4213 1289 4273 atque
1318 4204 1421 4259 hoc
1447 4219 1634 4260 eorum
1664 4215 1749 4261 est
1776 4205 2035 4262 ollicium.

456 4291 566 4349 llos
597 4292 798 4348 imitari
828 4307 1047 4349 necesse
1071 4304 1154 4349 est
1181 4295 1361 4366 gnegis
1392 4295 1555 4367 795
1586 4298 1797 4352 ratione
1826 4297 2036 4366 praediti

452 4384 760 4456 prtclectos,
793 4386 961 4442 duces
982 4386 1235 4442 videlicet
1258 4397 1313 4444 et
1336 4388 1607 4456 doctores,
1630 4398 1689 4444 ut
1719 4405 1905 4444 curam
1934 4390 2035 4445 ha-

452 4479 615 4533 beant
653 4479 988 4535 subditorum
1009 4520 1026 4545 ,
1061 4489 1118 4535 et
1156 4480 1412 4537 omnibus
1445 4482 1620 4538 modis
1651 4497 1747 4538 eos
1779 4483 2030 4553 abigant,

450 4569 541 4638 qui
578 4568 825 4637 iniuriam
864 4580 1087 4640 parant,
1132 4571 1334 4641 quique
1375 4587 1405 4626 a
1443 4572 1736 4629 dilectione
1772 4575 1824 4629 in
1863 4572 2032 4629 Deum

2148 3376 2396 3441 παιδείας
2440 3375 2651 3448 μήποτε
2682 3373 2913 3446 ὀργισθῇ
2949 3372 3176 3444 Κύριος,
3217 3373 3312 3425 καὶ
3343 3371 3632 3426 ἀπολεῖσθε
3667 3371 3734 3437 ἐξ

2145 3469 2266 3524 ὁδοῦ
2293 3469 2530 3532 δικαίας,
2570 3467 2698 3520 ὅταν
2735 3463 2981 3535 ἐκκαυθῇ
3028 3465 3087 3517 ἐν
3122 3465 3277 3534 τάχει
3304 3465 3333 3518 ὁ
3363 3464 3532 3535 θυμὸς
3563 3463 3728 3517 αὐτοῦ

2143 3565 2228 3634 ἐφ’
2279 3563 2444 3633 ὑμᾶς.
2502 3579 2521 3612 ι
2570 3558 2789 3629 Ἐπειδὴ
2830 3558 2888 3612 δέ
2934 3558 3033 3611 οὐκ
3080 3556 3447 3627 ἐπεδράξαντο
3493 3557 3593 3628 τῆς
3639 3556 3730 3610 διὰ

2142 3653 2379 3725 Χριστοῦ
2402 3652 2670 3715 παιδείας,
2694 3649 2962 3721 ἐξεκαύθη
3001 3651 3126 3703 κατ’
3150 3649 3332 3702 αὐτῶν
3355 3650 3383 3702 ὁ
3414 3648 3608 3719 θυμὸς,
3634 3649 3730 3702 καὶ

2143 3745 2486 3800 ἀπολώλασιν
2506 3745 2565 3811 ἐξ
2591 3741 2713 3797 ὁδοῦ
2742 3741 2976 3807 δικαίας,
3007 3742 3311 3807 τουτέστιν,
3337 3742 3443 3808 ἔξω
3468 3743 3728 3811 γεγόνασι

2142 3835 2416 3898 πολιτείας
2469 3833 2852 3902 εύαγγελικῆς,
2903 3832 2972 3885 δι’
3022 3829 3093 3905 ἧς
3145 3833 3241 3886 καὶ
3295 3833 3465 3903 μόνης
3525 3836 3574 3887 oi
3629 3835 3730 3905 τῆς

2140 3925 2486 3998 ἀρεσκούσης
2541 3923 2662 3996 Θεῷ
2712 3923 3063 3994 δικαιοσύνης
3109 3924 3454 3995 ἐκλάμπουσι
3512 3927 3724 3998 τρόποι.

2140 4020 2284 4092 Πρὸς
2323 4019 2380 4073 δέ
2422 4036 2486 4088 γε
2517 4019 2579 4072 rb
2616 4014 2759 4072 εἶναι
2794 4016 3007 4087 τυφλοὶ,
3053 4018 3207 4088 φησὶ,
3239 4019 3335 4071 καὶ
3383 4016 3544 4080 κύνες
3585 4013 3727 4089 ἦσαν

2138 4112 2332 4177 ἐννεοὶ,
2363 4112 2425 4164 ού
2456 4111 2742 4182 δυνάμενοι
2792 4107 3066 4173 ὑλακτεῖν,
3116 4109 3562 4179 ἐνυπνιαζόμενοι
3608 4109 3726 4161 κοί-

2136 4220 2256 4275 την,
2317 4202 2595 4272 φιλοῦντες
2650 4193 2982 4270 νυσταγμόν·
3036 4199 3113 4265 ὡς
3164 4202 3229 4254 ἐκ
3280 4199 3727 4271 παραδείγματος

2136 4294 2401 4366 ἐναργοῦς
2426 4293 2553 4358 τοὺς
2591 4292 2723 4363 περὶ
2753 4290 2934 4345 αὐτῶν
2982 4292 3215 4344 ποιεῖται
3247 4289 3457 4359 λόγους.
3510 4291 3571 4343 Οί
3622 4288 3725 4359 μὲν

2135 4386 2246 4459 γὰρ
2286 4388 2407 4450 ταῖς
2439 4384 2699 4455 ποίμναις
2752 4381 3010 4453 ἑπόμενοι
3057 4379 3221 4445 κύνες
3269 4381 3454 4453 κύκλῳ
3504 4398 3725 4454 περινο-

2137 4478 2389 4541 στοῦντες
2418 4477 2527 4543 ἀεὶ,
2563 4475 2844 4548 κρείττους
2899 4475 3007 4527 είσὶ
3037 4475 3132 4528 καὶ
3166 4474 3334 4529 ὕπνου
3365 4475 3460 4529 καὶ
3494 4493 3724 4544 νυσταγο

2138 4552 2275 4642 μοῦζ
2308 4570 2373 4624 Εἰ
2399 4569 2510 4640 γάρ
2543 4566 2645 4621 πού
2682 4584 2737 4621 τι
2778 4565 2889 4621 τῶν
2926 4564 3237 4622 ἀτιθάσσων
3267 4568 3460 4638 ὀφθείη
3495 4566 3719 4639 θηρίων,

450 4659 744 4728 abducunt,
770 4664 1159 4729 persuadentes
1191 4664 1551 4720 reverentiam
1576 4680 1699 4735 quae
1726 4678 1852 4735 erga
1881 4666 2030 4719 illum

2143 4661 2570 4719 καθυλακτοῦσιν
2598 4661 2853 4728 εὐτόνως,
2885 4658 2982 4713 καὶ
3019 4660 3184 4713 παντὶ
3223 4658 3402 4712 σθένει
3446 4658 3720 4729 χρώμενοι

450 4750 696 4807 habenda
729 4761 832 4818 est,
869 4754 1019 4823 parvi
1066 4753 1266 4819 facere,
1299 4763 1355 4808 et
1395 4755 1462 4809 ad
1502 4756 1645 4823 quod
1684 4756 1817 4824 ipsis
1857 4755 2034 4825 placet

449 4845 811 4901 attrahentes.
843 4844 949 4901 Sed
984 4845 1123 4900 tales
1185 4858 1309 4901 esse
1342 4844 1596 4901 nolebant
1624 4844 1861 4900 Iudaica:
1894 4842 2034 4915 Syn-

448 4948 633 5006 agogaa
663 4938 935 5008 praepositi
962 4955 974 4991 :
998 4937 1111 4992 imo
1140 4951 1306 4992 canes
1329 4946 1486 4992 erant
1518 4935 2027 5002 muti,dormitatio-

449 5043 570 5082 nem
605 5039 870 5097 amantes,
901 5037 958 5085 et
992 5029 1045 5084 in
1082 5027 1222 5085 lecto
1257 5028 1617 5084 somniantes.
1652 5028 1864 5084 Etenim
1903 5027 2031 5083 licet

447 5116 644 5184 populo
682 5132 782 5174 suo
820 5118 973 5172 utilia
1013 5117 1339 5188 praecipere,
1382 5132 1446 5173 ac
1486 5127 1675 5173 contra
1716 5117 2026 5173 docentium

447 5208 683 5278 impetus
709 5210 1027 5280 propulsare
1053 5209 1332 5276 deberent,
1358 5210 1410 5264 id
1439 5210 1653 5278 quidem
1684 5224 1790 5266 non
1818 5210 2027 5280 praesti-

2138 4756 2248 4809 τῶν
2301 4753 2634 4826 θρεμμάτων
2682 4752 2977 4807 ἀποσοϐεῖν
3024 4752 3374 4822 ἐπείγονται,
3426 4751 3519 4805 καὶ
3562 4750 3723 4806 τοῦτο

2118 4845 2300 4923 ,ἔργον
2333 4845 2537 4907 αὐτοῖς.
2584 4842 2807 4907 Τούτοις
2834 4843 3072 4897 ἐοικέναι
3111 4843 3217 4915 χρὴ
3265 4845 3390 4907 τοὺς
3432 4842 3540 4896 τῶν
3569 4842 3721 4910 λογι-

2138 4934 2252 4988 κῶν
2301 4933 2567 5005 ποιμνίων
2619 4933 3047 5006 προεστηκότας,
3092 4932 3413 5005 καθηγητὰς
3478 4931 3720 5004 δηλονότι

2138 5028 2233 5081 καὶ
2259 5026 2636 5090 διδασκάλους,
2683 5026 2825 5079 ῶστε
2874 5024 3138 5093 κήδεσθαι
3184 5027 3278 5079 καὶ
3302 5025 3411 5078 τῶν
3453 5026 3721 5093 ὑπεζευγ-

2127 5121 2332 5191 μένων,
2383 5136 2475 5173 και
2521 5117 2847 5173 ἀπελαύνειν
2892 5116 3017 5181 τοὺς
3085 5116 3207 5172 καθ’
3255 5116 3529 5172 ὁντιναοῦν
3594 5119 3722 5189 τρό-

2124 5228 2226 5265 πον
2249 5211 2457 5265 ἀδικεῖν
2491 5209 2798 5275 ἐθέλοντας,
2829 5211 2923 5263 καὶ
2954 5211 3330 5280 ἀποφέροντας
3365 5209 3466 5279 μὲν
3501 5210 3604 5279 τῆς
3636 5212 3718 5273 εἰς

449 5308 648 5363 terunt,
692 5301 787 5356 sed
825 5300 928 5370 ipsi
972 5302 1151 5371 potius
1187 5316 1283 5357 eos
1327 5302 1383 5357 in
1423 5302 1732 5372 voraginem
1779 5303 2027 5359 interitus

2143 5303 2256 5357 9abv
2304 5303 2548 5371 ἀγάπης,
2608 5302 2997 5372 κατολιγωρεῖν
3044 5302 3437 5364 ἁναπείθοντας
3485 5303 3584 5371 τῆς
3637 5303 3720 5365 εἰς

443 5390 876 5459 praecipitarunt.
906 5392 1059 5459 Quod
1090 5393 1305 5448 docebit
1335 5395 1712 5450 universorum
1741 5395 1904 5462 Deus,
1939 5398 2022 5449 in-

446 5478 639 5548 quiens
668 5498 684 5535 :
718 5500 736 5533 ι
775 5480 1101 5537 Sacerdotes
1130 5484 1206 5537 tui
1240 5498 1343 5538 non
1374 5483 1776 5540 dixerunt:Ubi
1806 5497 1889 5542 est
1923 5486 2022 5541 Do-

446 5569 663 5626 minus?
725 5582 780 5628 et
815 5574 905 5644 qui
945 5582 1132 5629 tenent
1166 5575 1340 5646 legem
1377 5592 1573 5642 meam,
1608 5592 1714 5632 non
1748 5577 2026 5632 sciverunt

448 5675 564 5725 tne,
597 5679 657 5717 ac
696 5674 941 5734 pastores
976 5667 1027 5720 in
1063 5682 1148 5723 me
1179 5678 1404 5737 egerunt
1441 5670 1631 5739 impie,
1664 5680 1717 5726 et
1753 5669 2024 5740 prOphcta)

2124 5395 2285 5450 αὑτὸν
2317 5392 2520 5457 αἰδοῦς,
2551 5395 2631 5458 εἰς
2681 5395 2739 5447 δὲ
2786 5394 2848 5446 rb
2888 5395 3069 5456 αὐτοῖς
3116 5393 3307 5447 δοκοῦν
3345 5392 3713 5465 ἁρπάζοντας.

2141 5487 2283 5540 Ἀλλ’
2305 5487 2405 5541 οὐκ
2421 5487 2610 5557 ἤθελον
2627 5482 2766 5541 εἶναι
2799 5487 3007 5540 τοιοῦτο
3037 5485 3134 5557 τῆς
3168 5485 3436 5539 Ἰουδαίων
3456 5486 3715 5552 Συναγω-

2129 5578 2234 5649 γῆς
2262 5580 2311 5633 οἱ
2332 5579 2730 5649 προεστηκότες
2751 5595 2762 5606 ·
2793 5580 2991 5650 μᾶλλον
3022 5579 3130 5650 γὰρ
3161 5574 3301 5649 ἦσαν
3334 5577 3493 5640 κύνες
3519 5577 3711 5642 ἐννεοὶ,

2129 5672 2435 5741 νυσταγμδν
2490 5670 2789 5738 φιλοῦντες,
2846 5674 2939 5725 καὶ
3002 5673 3186 5742 κοίτην
3245 5668 3710 5739 ἐνυπνιαζόμενοι.

514 5835 610 5868 ⁸⁸⁸⁸
643 5837 795 5897 Joan.
831 5859 947 5909 vni,
985 5843 1069 5897 12.
1146 5844 1191 5877 ⁸⁵
1220 5844 1374 5903 Joan.
1412 5861 1506 5913 xu,
1540 5847 1628 5901 46.
1707 5848 1775 5879 ⁸⁵⁴
1803 5844 1996 5902 Mallll-
2028 5863 2040 5902 1

2156 5849 2240 5903 l0.
2319 5850 2409 5882 ⁸⁵⁸⁸
2446 5849 2585 5905 Paul.
2622 5865 2680 5916 ιι,
2717 5848 2800 5919 l2,
2837 5848 2920 5904 13.

1064 5962 1081 5967 -
1106 5960 1208 5971 αρ-νςι
1334 5955 1402 5966 -Αηδ
