4100 6488
346 403 372 456 1
384 400 496 456 255

1495 385 1563 441 ΙΝ
1603 385 1839 442 ISAIAM
1882 384 2015 443 LIB.
2059 385 2121 440 ν.
2163 385 2399 444 TOMUS
2440 388 2529 445 III.

3522 391 3660 447 Iiﬁa

344 520 545 575 Καίτοι
593 516 705 587 γὰρ
743 514 861 568 δέον
910 514 1022 575 τοῖς
1071 511 1176 564 ὑπὸ
1214 512 1372 583 χεῖρα
1425 510 1573 573 λαοῖς
1614 507 1952 580 εἰσηγεῖσθαι

2061 509 2458 579 prophetarum
2497 509 2625 565 Baal
2653 509 2718 563 ⁸³.
2769 527 2787 561 ι
2832 508 3015 579 Itaque
3059 510 3316 585 nolebant
3356 526 3452 567 ceu
3496 528 3662 571 canes

342 612 421 666 τὰ
452 611 726 681 χρήσιμα,
765 604 859 660 καὶ
891 604 1003 657 τῶν
1033 601 1535 674 ἑτεροδιδασκαλεῖν
1565 600 1834 655 εἰωθότων
1854 599 1954 663 τὰς

344 702 576 772 ἐφόδους
606 697 920 760 ἀποσοϐεῖν⁹
964 695 1123 749 τοῦτο
1169 694 1269 766 μὲν
1320 695 1421 748 οὐκ
1470 693 1663 764 ἔδρων,
1711 691 1867 745 αὐτοὶ
1895 691 1953 744 δὲ

346 794 560 866 μᾶλλον
608 790 808 852 αὐτοὺς
839 790 954 851 τοῖς
997 787 1100 857 τῆς
1146 785 1425 850 ἀπωλείας
1459 783 1671 838 ἐνίεσαν
1717 781 1952 855 βόθροις.

344 887 462 941 Καὶ
495 885 656 939 τοῦτο
687 881 890 946 διδάξει
918 879 1095 948 λέγων
1123 881 1153 932 ὁ
1188 877 1301 933 τῶν
1328 877 1465 933 ὅλων
1498 876 1633 940 Θεός
1654 891 1666 905 ·
1705 895 1724 927 ι
1773 875 1839 929 Οἱ
1881 875 1956 928 ίε-

345 980 466 1050 ρεῖς
507 994 603 1031 σου
633 976 737 1030 οὐκ
771 969 953 1027 εἶπαν·
980 970 1093 1025 Ποῦ
1115 971 1231 1025 ἐστι
1263 969 1497 1041 Κύριος;
1531 968 1627 1023 καὶ
1659 968 1709 1021 οἱ
1729 967 1953 1039 ἀντεχό-

347 1087 508 1142 μενοι
535 1069 630 1124 τοῦ
678 1068 846 1139 νόμου
875 1066 976 1120 οὐκ
1004 1063 1306 1136 ὴπίσταντό
1356 1080 1444 1135 με,
1491 1062 1584 1116 καὶ
1615 1061 1664 1115 οἱ
1696 1059 1954 1132 ποιμένες

344 1161 585 1233 ἠσέϐουν
630 1162 711 1225 εἰς
741 1158 867 1231 ἐμὲ,
910 1156 1003 1211 καὶ
1052 1158 1102 1210 οἱ
1149 1158 1431 1228 προφῆται
1461 1153 1840 1226 ἐπροφήτευον
1883 1154 1951 1225 τῇ

343 1254 522 1308 Βάαλ.
565 1272 584 1306 ι
620 1250 833 1305 Οὐκοῦν
880 1249 1075 1321 ῶσπερ
1119 1247 1282 1312 κύνες
1319 1246 1681 1301 καθυλακτείν
1718 1244 1816 1316 μὲν
1842 1243 1953 1298 τῶν

343 1351 472 1412 ταῖς
504 1345 769 1417 ποίμναις
811 1341 1231 1415 ἐπηρεαζόντων
1262 1341 1362 1395 ούκ
1401 1339 1615 1413 ἤθελον,
1655 1339 1953 1412 ἐμιμοῦντο

343 1443 407 1496 δὲ
443 1442 554 1494 τὲλν
601 1437 784 1492 κυνῶν
812 1436 913 1508 τὴν
961 1433 1372 1505 ἀναισχυντίαν,
1412 1432 1510 1486 καὶ¹
1548 1432 1612 1485 τὸ
1648 1430 1724 1502 μὴ
1752 1429 1950 1484 εἰδέναι

262 1534 281 1541 ”
344 1534 697 1607 πλησμονήν.
737 1529 1091 1585 Φιλόπλουτοι
1140 1529 1250 1601 γὰρ
1288 1526 1463 1590 ὄντες,
1505 1525 1600 1579 καὶ
1644 1523 1949 1595 λημμάτων

344 1626 597 1698 αἰσχρῶν
640 1622 967 1696 ἡττώμενοι,
996 1623 1092 1677 καὶ
1133 1619 1484 1692 δωροδοκίαις
1526 1617 1949 1689 ἐπιγαννύμενοι

346 1718 731 1791 παρηνόμουν,
783 1716 834 1769 οἳ
865 1715 961 1769 καὶ
994 1713 1375 1784 αἰσχυνόμενοι
1418 1711 1601 1783 ψῆφον
1631 1709 1817 1765 ἄδικον
1846 1724 1950 1761 κα-

343 1813 686 1883 ταφέροντες
708 1807 821 1862 ἔσθ’
843 1808 932 1862 ὅτε
960 1806 1070 1860 τῶν
1098 1804 1428 1861 ἀδικούντων
1461 1803 1653 1875 μηδὲν,
1678 1798 1952 1855 δικαιοῦν-

2058 608 2247 654 contra
2278 600 2600 657 infestantes
2631 614 2851 672 gregem
2880 600 3101 669 latrare,
3131 604 3227 659 sed
3256 618 3456 660 canum
3484 605 3661 674 impu-

2057 689 2298 745 dentiam
2329 690 2703 756 imitabantur,
2750 699 2806 747 et
2846 692 3202 749 voracitatem
3248 694 3520 752 satietatis
3565 713 3653 751 ne«

2057 781 2248 837 sciam.
2271 780 2411 838 Nam
2437 783 2684 855 pecuniae
2708 794 2978 847 amantes,
3002 794 3059 838 et
3083 786 3225 856 turpi
3252 785 3403 843 lucro
3427 788 3654 859 addicti,

2055 883 2112 929 et
2146 891 2433 932 munerum
2468 876 2850 948 largitionibus
2881 878 3156 944 delectati,
3187 879 3359 949 legem
3395 883 3659 949 praevari-

2054 967 2165 1023 cati
2207 978 2335 1024 sunt
2370 985 2385 1023 :
2425 970 2517 1039 qui
2572 970 2741 1026 etiam
2793 984 2915 1025 cum
2956 970 3164 1040 pudore
3197 971 3469 1028 interdum
3509 974 3656 1043 inju-

2056 1069 2198 1114 stum
2237 1059 2509 1116 calculum
2542 1060 2789 1118 ferebant
2820 1062 2873 1116 in
2907 1075 3003 1118 eos
3032 1060 3124 1131 qui
3159 1062 3415 1133 iniuriam
3453 1063 3654 1118 nullam

2056 1153 2319 1220 lecerant,
2376 1154 2717 1225 impiumque
2738 1153 3135 1225 justiﬁeabant.
3168 1153 3285 1210 Non
3315 1155 3460 1211 enim
3490 1170 3657 1210 nove-

2054 1257 2183 1302 runt
2229 1247 2572 1314 satietatem,
2610 1230 2675 1303 id
2728 1256 2846 1317 est,
2892 1248 3083 1304 satiari
3134 1250 3461 1320 nequibant,
3513 1250 3656 1320 turpi

2055 1348 2268 1408 quaestu
2298 1339 2575 1397 videlicet.
2607 1340 2706 1396 llis
2738 1343 2906 1397 etiam
2937 1344 3005 1398 de
3037 1341 3221 1397 causis
3254 1356 3346 1398 eos
3380 1344 3657 1397 accusavit

2055 1429 2319 1486 Servator
2347 1430 2492 1500 ipse,
2523 1430 2716 1487 dicens
2746 1450 2758 1487 :
2798 1451 2818 1484 ι
2858 1431 2952 1487 Va:
2979 1431 3164 1498 vobis,
3198 1431 3404 1487 Scriba:
3431 1442 3488 1487 et
3517 1431 3659 1487 Pha-

2054 1524 2194 1580 risaei
2228 1510 2528 1596 hypocrita:
2561 1542 2575 1579 :
2604 1525 2894 1583 decimatis
2928 1527 3232 1595 mentbam,
3276 1535 3334 1582 et
3377 1525 3656 1590 anethum,

2051 1626 2108 1673 et
2135 1619 2446 1687 cuminum,
2493 1627 2549 1674 et
2593 1634 2715 1687 qum
2746 1619 3005 1693 graviora,
3035 1618 3170 1689 legis
3198 1627 3325 1675 sunt
3359 1618 3654 1685 omisiStis,

2048 1708 2342 1780 judicium,
2377 1710 2810 1768 misericordiam
2849 1722 2904 1768 et
2937 1712 3097 1767 [idem
3120 1711 3190 1765 ⁸⁷.
3228 1731 3248 1766 ι
3308 1712 3385 1768 De
3418 1712 3525 1768 illis
3557 1729 3656 1769 au-

2056 1810 2162 1855 tem
2190 1801 2327 1856 dixit
2357 1801 2574 1858 divinus
2600 1804 2861 1873 propheta
2894 1803 3066 1860 Isaias
3096 1823 3108 1859 :
3143 1824 3163 1859 ι
3200 1804 3483 1873 Quomodo
3510 1805 3653 1860 facta

343 1922 441 1968 τες
469 1904 525 1957 δὲ
555 1902 648 1955 τὸν
681 1900 879 1972 ἀσεϐῆ,
915 1899 977 1953 οὐ
1023 1900 1134 1971 γὰρ
1163 1898 1387 1971 ᾔδεισαν
1425 1893 1765 1967 πλησμονὴν,
1794 1909 1952 1946 τουτ-

2054 1904 2139 1949 est
2176 1895 2436 1950 meretrix
2473 1895 2669 1951 civitas
2706 1896 2905 1962 ﬁdelis,
2944 1897 3097 1964 Sion,
3133 1899 3292 1969 plena
3331 1897 3653 1968 judicio,,in

346 1998 490 2059 ἐστι,
538 1994 701 2066 κόρον
753 1992 1059 2063 λημμάτων
1104 1988 1351 2061 αἰσχρῶν
1397 1986 1676 2058 δηλονότιο
1732 1986 1828 2040 καὶ
1862 1984 1956 2037 ἐπὶ

346 2087 564 2149 τούτοις
613 2085 816 2148 αὐτοὺς
864 2083 960 2137 καὶ
992 2081 1161 2146 αὐτὸς
1205 2080 1235 2134 ό
1280 2080 1476 2152 Σωτὴρ
1520 2079 1711 2151 ᾐτιᾶτο
1757 2076 1952 2146 λέγων·

353 2202 378 2238 ι
409 2182 550 2236 Οὐαὶ
587 2179 739 2250 ὑμῖν,
772 2176 1131 2248 Γραμματεῖς
1175 2173 1271 2228 κα)⁴
1308 2173 1593 2244 Φαρισαῖοι
1638 2168 1953 2242 ὑποκριταὶ,

349 2276 436 2329 ὅτι
476 2268 882 2328 ἀποδεκατοῦτε
926 2267 988 2322 τὸ
1038 2266 1334 2338 ἡδύοσμον,
1365 2264 1462 2318 καὶ
1501 2264 1564 2318 τὸ
1607 2262 1830 2335 ἄνηθον,
1859 2262 1955 2316 καὶ

360 2364 432 2418 τὸ
481 2361 739 2434 κύμινον,
768 2359 864 2413 καλ⁸
900 2358 1153 2430 ἀφήκατε
1196 2353 1267 2407 τὰ
1308 2352 1584 2425 βαρύτερα
1623 2351 1717 2406 τοῦ
1760 2350 1951 2423 νόμου,

350 2455 453 2527 τὴν
484 2455 690 2527 κρίσιν,
721 2452 817 2507 καὶ
848 2450 941 2505 τὸν
973 2450 1123 2503 ἔλεον
1153 2447 1248 2501 καὶ
1275 2445 1374 2517 τὴν
1406 2445 1612 2499 πίστιν.
1647 2464 1667 2496 ι
1713 2445 1858 2516 Ἔφη
1894 2444 1953 2498 δὲ

350 2552 485 2621 περὶ
536 2546 717 2601 αὐτῶν
781 2544 877 2599 καὶ
924 2544 954 2597 ό
1003 2540 1290 2604 θεσπέσιος
1339 2539 1629 2611 προφήτης
1685 2537 1949 2601 Ἡσαΐας·

357 2662 377 2694 ι
417 2640 545 2704 Πῶς
589 2639 811 2709 ἐγένετο
861 2636 1034 2709 πόρνη
1093 2633 1249 2697 πόλις
1297 2631 1465 2703 πιστὴ
1509 2629 1687 2697 Σιὼν,
1736 2629 1954 2702 πλήρης

352 2732 612 2804 κρίσεως,
637 2731 697 2784 ἐν
788 2726 1104 2797 δικαιοσύνη
1127 2722 1422 2796 ἐκοιμήθη,
1453 2723 1549 2777 νῦν
1577 2722 1632 2777 δὲ
1658 2721 1949 2793 φονευταί;

353 2822 431 2878 'I'b
450 2823 715 2896 ἀργύριον
745 2819 903 2894 ὑμῶν
923 2819 1208 2890 ἀδόκιμον,
1231 2818 1280 2871 οἱ
1314 2815 1551 2888 κάπηλοι
1576 2832 1669 2871 σου
1695 2814 1952 2887 μίσγουσι

348 2917 447 2970 τόν
470 2912 615 2969 οἶνον
649 2914 825 2980 ὕδατι,
854 2914 904 2967 οἱ
921 2901 1193 2985 ’ἄρχοντές
1230 2925 1325 2963 σου
1365 2907 1675 2975 ἀπειθοῦσι,
1705 2906 1953 2962 κοινωνοὶ⁹

351 3007 629 3073 κλεπτῶν,
662 3007 992 3075 ἀγαπῶντες
1029 3001 1202 3075 δῶρα,
1235 2999 1530 3065 διώκοντες
1574 2998 1946 3070 ἀνταπόδομα,

349 3103 614 3174 ὀρφανοῖς
636 3100 696 3154 οὐ
713 3098 1013 3171 κρίνοντες,
1040 3095 1137 3150 καὶ
1154 3094 1335 3166 κρίσει
1352 3095 1531 3167 χήρας
1557 3095 1621 3149 ού
1649 3092 1950 3165 προσέχον-

349 3210 501 3256 τες.»
536 3192 645 3244 Ναὶ
679 3190 787 3262 μὴν
811 3190 906 3243 καὶ
932 3190 962 3242 ὁ
1000 3185 1289 3251 θεσπέσιος
1315 3184 1651 3256 Ἀ66ακοὺμ,
1686 3184 1773 3239 ἐπ’
1799 3181 1950 3253 αύτῷ

347 3252 440 3356 δὴ*
458 3283 659 3354 τούτῳ,
679 3252 981 3353 ’μονονουχὶ
1016 3279 1112 3332 καὶ
1150 3252 1952 3349 δεδακρυμένωςξπροσεφώνει
1979 3252 2022 3311 C

348 3376 492 3449 πρὸς
521 3374 655 3428 Θεόν
683 3390 694 3403 ·
720 3392 740 3426 ι
762 3373 908 3436 Ἕως
928 3371 1097 3436 τίνος,
1129 3369 1325 3442 Κύριε,
1344 3369 1542 3440 Κύριε,
1560 3366 1835 3439 κράξομαι
1854 3366 1950 3420 καὶ

351 3467 506 3545 [οὐκ]
526 3465 826 3539 εἰσακούσῃ
840 3484 855 3531 ;
878 3464 1143 3536 βοήσομαι
1167 3462 1304 3535 πρὸς
1318 3462 1376 3515 σὲ
1390 3460 1762 3531 ἀδικούμενος,
1777 3459 1871 3513 καὶ
1886 3458 1947 3513 οὐ

350 3563 587 3628 σώσεις;
623 3553 794 3615 ’ῐνατί
829 3576 918 3630 μοι
955 3556 1163 3625 ἔδειξας
1189 3556 1412 3620 κόπους,
1455 3554 1549 3608 καὶ
1577 3554 1795 3618 πόνους,
1828 3554 1948 3606 ἐπι-

346 3656 581 3709 6λέπειν
611 3649 1011 3723 ταλαιπωρίαν,
1040 3648 1136 3702 καὶ
1165 3647 1452 3711 ἀσέϐειανς
1476 3645 1537 3711 ἐξ
1567 3644 1812 3707 ἐναντίας
1844 3661 1946 3715 μου

348 3749 547 3819 γέγονε
577 3745 781 3817 κρίσις,
811 3742 906 3797 καὶ
943 3744 972 3796 ὁ
1009 3740 1203 3812 κριτὴς
1236 3738 1526 3810 λαμϐάνει.
1557 3737 1657 3791 Διά
1681 3734 1838 3791 τοῦτο
1865 3737 1946 3791 διο

347 3839 680 3894 εσκέδασται
707 3835 892 3907 νόμος,
914 3835 1008 3887 καὶ
1033 3833 1094 3886 ού
1124 3832 1429 3900 διεξάγεται
1457 3831 1538 3895 είς
1565 3828 1719 3893 τέλος
1748 3827 1945 3901 κρίμα,

345 3934 436 3988 ὅτι
479 3934 509 3986 ὁ
555 3930 760 4000 ἀσεϐὴς
812 3923 1271 3983 καταδυναστεύει
1303 3924 1395 3979 τὸν
1447 3924 1677 3978 δίκαιον.
1723 3922 1949 3977 Ἕνεκεν

346 4024 544 4081 τούτου
576 4020 917 4088 ἐξελεύσεται
956 4020 1018 4073 τὸ
1046 4019 1223 4090 κρίμα
1252 4016 1704 4088 διεστραμμένον.
1747 4032 1767 4066 ι
1800 4015 1946 4069 Οὐκ-

348 4120 446 4174 οῦν
486 4118 547 4171 τὸ
584 4115 682 4187 μὲν
716 4112 1114 4185 φιλογρήγορον
1141 4108 1249 4162 τῶν
1278 4111 1337 4163 ἐν
1373 4107 1599 4176 ἀγέλαις
1639 4104 1818 4159 κυνῶν
1851 4105 1948 4177 ζη-

349 4207 481 4262 λοῦν
509 4207 609 4260 οὐκ
637 4203 852 4274 ἡθελον,
885 4196 1265 4272 ἀπεμιμοῦντο
1291 4199 1349 4253 δὲ
1388 4196 1550 4269 μόνον
1576 4195 1773 4260 αὐτοὺς
1803 4194 1949 4250 κατά

349 4316 419 4368 γε
446 4298 509 4351 τὸ
530 4293 673 4351 εἶναι
705 4291 1133 4365 καταφρονητάς
1162 4291 1263 4362 μὲν
1294 4288 1514 4362 ἀπάσης
1537 4286 1744 4352 αἰδοῦς,
1776 4289 1950 4357 ἐγκεῖ-

351 4390 482 4445 σθαι
506 4389 564 4444 δὲ
578 4387 890 4460 ἀκορέστως
917 4388 1036 4448 ταῖς
1054 4383 1162 4437 τῶν
1178 4381 1484 4455 λημμάτων
1511 4380 1815 4450 συλλογαῖς.
1836 4380 1947 4434 Καὶ

350 4483 497 4554 πρός
524 4496 590 4552 γε
618 4479 816 4550 τούτῳ,
846 4477 1120 4549 πονηροὺς
1139 4476 1337 4539 αὐτοὺς
1369 4469 1512 4529 εἷναί
1543 4490 1698 4545 φησι,
1729 4472 1825 4527 καὶ
1845 4472 1946 4526 οὐκ

348 4573 556 4629 εἰδέναι
588 4564 826 4623 σύνεσιν.
862 4565 1073 4621 Οὐκοῦν
1102 4564 1360 4629 ἀσύνετος
1385 4565 1415 4617 ό
1456 4562 1692 4634 πονηρός
1712 4579 1726 4594 ·
1759 4563 1793 4633 η
1835 4561 1953 4633 γὰρ⁸
1977 4595 2022 4650 D

351 4667 575 4728 σύνεσις
612 4666 814 4737 πρέποι
856 4660 924 4716 ἂν
961 4658 1195 4731 μάλιστα
1240 4659 1353 4722 τοῖς
1385 4655 1637 4710 εἰωθόσιν
1668 4653 1944 4725 ἀγαθουρ-

347 4760 495 4827 γείν,
536 4754 776 4828 πονηρία
808 4752 867 4808 δὲ
898 4750 1096 4825 φρενὸς
1130 4750 1355 4805 ἀπέστω
1393 4747 1496 4819 τῆς
1523 4746 1757 4818 ἀγαθῆς.
1799 4747 1945 4801 Ἴσον

348 4847 464 4918 γὰρ
501 4847 630 4901 ἰδεῖν
690 4843 883 4917 ψώραν
914 4859 974 4897 τε
1003 4840 1100 4896 καὶ⁸
1145 4839 1303 4903 ἕλκος
1335 4839 1394 4892 ἐν
1438 4836 1676 4909 σώματι,
1710 4838 1808 4893 καὶ
1845 4855 1946 4892 πο-

349 4941 549 5012 νηρίαν
580 4941 660 5003 είς
690 4937 845 4993 νοῦν·
892 4933 1152 4990 ἀσύνετον
1193 4931 1303 5003 γὰρ
1331 4930 1496 4985 αὐτὸν
1522 4930 1817 5000 ἀποφαίνει
1848 4948 1948 4984 κα-

347 5032 672 5104 ταφέροντα
700 5030 838 5102 πρὸς
871 5027 1191 5098 σκαιότητα,
1219 5024 1317 5078 καὶ
1343 5021 1682 5077 ἀποτελοῦσα
1719 5021 1947 5094 δύστρο-

355 5143 487 5180 πον.
560 5121 784 5194 Ἐπειδὴ
832 5120 891 5175 δὲ
940 5117 1168 5191 πονηροὶ
1216 5116 1474 5187 γεγόνασι
1520 5115 1616 5169 καὶ
1673 5113 1945 5180 ἁσύνετοι,

347 5216 562 5287 ταύτης
607 5215 773 5269 ἓνεκα
818 5212 920 5284 τῆς
971 5211 1167 5278 αἰτίας,
1194 5210 1424 5277 Πάντες,
1473 5208 1673 5280 φησὶν,
1719 5210 1779 5262 ἐν
1823 5210 1946 5272 ταῖς

348 5310 497 5371 ὁδοῖς
529 5306 713 5361 αὐτῶν
761 5302 1197 5376 ἐξηκολούθησαν
1242 5300 1472 5365 ἕκαστος
1514 5299 1657 5354 κατά
1687 5299 1750 5354 τὸ
1780 5300 1912 5354 αὐτό
1931 5316 1947 5333 ο

351 5400 585 5471 ἀφέντες
616 5398 726 5469 γὰρ
757 5397 950 5469 ὥσπερ
998 5395 1060 5450 τὸ
1102 5393 1233 5447 εὐθὺ
1266 5394 1529 5464 φέρεσθαι
1578 5392 1778 5457 παντὸς
1810 5394 1949 5462 ἀγα-

352 5493 475 5559 θοῦ,
509 5491 604 5547 καὶ
647 5491 708 5545 τὸ
754 5489 863 5544 δεῖν
896 5486 1128 5542 ἕπεσθαι
1176 5488 1289 5549 τοῖς
1322 5485 1792 5555 τεθεσπισμένοις,
1840 5487 1953 5548 τοῖς

2064 1999 2170 2055 qua
2205 1986 2419 2057 justitia
2459 1986 2735 2054 dormivit,
2773 2003 2918 2044 nunc
2961 1997 3143 2044 autem
3191 1989 3516 2045 homicida}?
3549 1989 3653 2044 Ar-

2057 2091 2278 2148 gentum
2305 2088 2542 2135 vestrum
2570 2078 2937 2135 adulteratum
2967 2098 2980 2135 :
3011 2095 3288 2151 caupones
3314 2082 3391 2137 tui
3420 2083 3656 2139 miscent

2058 2170 2241 2225 vinum
2282 2186 2446 2242 aqua,
2484 2172 2762 2243 principes
2802 2174 2883 2229 tui
2930 2189 3039 2231 non
3079 2175 3364 2241 obediunt,
3398 2177 3533 2232 socii
3573 2176 3655 2232 fu-

2057 2278 2199 2329 rum,
2223 2263 2512 2336 diligentes
2535 2282 2786 2336 munera,
2810 2276 3200 2338 persequentes
3220 2269 3654 2337 retributionem,

2054 2356 2317 2425 orphanis
2340 2372 2449 2414 non
2472 2357 2804 2429 iudicantes,
2828 2369 2885 2416 et
2903 2360 3111 2431 judicio
3140 2361 3316 2418 viduae
3340 2378 3446 2418 non
3475 2372 3655 2418 atten-

2055 2449 2244 2506 dentes
2267 2450 2368 2504 ⁸⁸.»
2403 2450 2542 2518 Quin
2564 2461 2620 2507 et
2639 2452 2856 2508 divinus
2885 2450 3200 2520 Abbacum,
3235 2455 3425 2508 eadem
3460 2456 3527 2510 de
3562 2470 3651 2522 re,

2057 2548 2264 2594 tantum
2299 2555 2404 2596 non
2444 2540 2827 2612 illacrymans,
2860 2541 3171 2613 appellabat
3206 2542 3378 2599 Deum
3407 2561 3421 2598 :
3446 2563 3469 2597 ι
3509 2545 3657 2613 Quo-

2054 2645 2248 2700 usque,
2277 2632 2528 2700 Domine,
2545 2633 2790 2698 Domine,
2822 2632 3094 2701 clamabo,
3124 2643 3182 2691 et
3209 2650 3318 2692 non
3350 2637 3655 2694 exaudies"

2054 2724 2395 2780 vociferabor
2422 2726 2490 2780 ad
2522 2732 2595 2794 te,
2627 2724 2824 2794 injuria
2853 2723 3115 2794 amictus,
3143 2737 3199 2783 et
3227 2743 3332 2783 non
3363 2730 3653 2811 servabis?

2054 2815 2234 2884 Quare
2262 2816 2394 2873 mihi
2424 2818 2712 2874 ostendisti
2741 2817 2962 2876 labores
2991 2829 3048 2876 et
3077 2820 3382 2888 molestias,
3410 2833 3471 2877 ut
3497 2822 3665 2880 vide-‘

2057 2923 2169 2964 rem
2203 2910 2482 2966 miseriam
2512 2920 2570 2966 et
2601 2911 2975 2981 impietatem?
2995 2912 3299 2970 Adversum
3330 2929 3420 2971 me
3445 2913 3653 2972 factum

2053 3009 2138 3054 est
2169 2999 2458 3067 judicium,
2492 3011 2548 3058 et
2583 3000 2749 3072 judex
2795 3004 3018 3075 accipit.
3055 3004 3353 3075 Propterea
3391 3006 3652 3078 dissipata

2054 3090 2222 3163 796
2251 3102 2334 3148 est
2367 3091 2487 3160 lex,
2519 3102 2576 3148 et
2608 3108 2715 3149 non
2751 3094 3039 3151 deducitur
3070 3095 3124 3151 in
3161 3095 3324 3152 linem
3355 3097 3651 3169 judicium.

2055 3184 2263 3261 Impius
2292 3187 2441 3242 enim
2476 3186 2618 3243 valet
2650 3195 2840 3243 contra
2870 3188 3101 3258 justum.
3133 3188 3346 3248 Idcirco
3372 3193 3655 3261 egreditur

2051 3258 2315 3346 judicium
2358 3291 2675 3347 perversum
2700 3279 2768 3335 ”.
2817 3297 2838 3331 ι
2886 3278 3076 3350 Itaque
3117 3258 3490 3352 vigilantiam,
3530 3300 3653 3356 quae

2051 3375 2134 3420 est
2162 3365 2216 3420 iu
2247 3380 2413 3438 grege
2442 3382 2680 3436 canum,
2711 3369 3006 3426 noluerunt
3034 3373 3281 3428 aemulari
3319 3392 3334 3429 :
3366 3377 3465 3431 sed
3496 3376 3552 3431 in
3583 3392 3652 3433 eo

2050 3455 2226 3511 solum
2266 3458 2460 3513 imitati
2498 3468 2647 3525 sunt,
2689 3461 2832 3531 quod
2871 3462 2985 3538 sint
3021 3473 3430 3535 contemptores
3467 3470 3650 3525 omnis

2050 3550 2413 3616 verecundiae,
2447 3551 2874 3623 incumbautque
2904 3556 3102 3624 praedis
3136 3561 3528 3616 coacervandis
3562 3562 3651 3617 in-

2050 3642 2508 3699 satiabiliter..Ad
2542 3644 2658 3701 haec
2686 3658 2781 3700 eos
2813 3644 2986 3701 malos
3015 3662 3139 3704 csse
3167 3649 3321 3715 dicit,
3353 3660 3408 3705 et
3437 3655 3652 3710 nescire

2051 3736 2489 3808 intelligentiam.
2515 3738 2704 3810 Itaque
2730 3739 2932 3798 stultus
2962 3751 3046 3798 est
3079 3744 3252 3799 malus
3280 3763 3296 3800 :
3328 3760 3452 3803 nam
3486 3748 3651 3805 intel-

2050 3828 2276 3900 ligentia
2320 3829 2391 3886 iis
2445 3831 2707 3887 convenit
2756 3833 2996 3890 maxime
3030 3822 3122 3905 qui
3165 3836 3305 3892 bene
3344 3836 3523 3896 facere
3560 3856 3654 3896 so-

2051 3919 2168 3976 lent
2204 3940 2217 3978 :
2254 3931 2313 3978 at
2352 3922 2561 3979 malitia
2605 3939 2637 3978 a
2682 3935 2864 3982 mente
2905 3928 3048 3982 bona
3086 3929 3253 3984 absit.
3290 3928 3527 3989 Perinde
3568 3947 3655 3991 est

2052 4013 2195 4068 enim
2248 4015 2491 4070 scabiem
2537 4023 2594 4069 et
2644 4016 2797 4072 ulcus
2836 4017 3026 4074 videre
3075 4019 3127 4073 in
3177 4035 3439 4090 corpore,
3486 4039 3551 4080 ac
3598 4026 3652 4081 in

2048 4108 2234 4164 animo
2281 4109 2567 4164 malitiam.
2616 4111 2857 4167 Stultum
2908 4114 3055 4169 enim
3106 4116 3283 4187 ipsum
3336 4119 3537 4188 reddit,
3584 4127 3652 4179 ad

2049 4210 2321 4269 agrestem
2358 4201 2652 4258 ruditatem
2688 4205 2986 4273 adducens,
3018 4219 3073 4264 et
3107 4208 3348 4267 ferocem
3386 4211 3648 4271 efﬁciens.

2049 4291 2187 4359 Quia
2209 4306 2340 4348 vero
2363 4291 2487 4348 mali
2513 4292 2739 4351 fuerunt
2759 4305 2817 4351 et
2840 4298 3015 4367 stulti,
3043 4301 3172 4357 hinc
3210 4303 3403 4371 etiam,
3424 4300 3649 4372 Omnes,

2051 4382 2248 4454 inquit,
2286 4383 2404 4438 vias
2444 4397 2578 4441 suas
2620 4386 2793 4442 secuti
2833 4398 2983 4455 sunt,
3018 4390 3249 4462 quisque
3291 4393 3344 4448 in
3387 4410 3553 4451 unum
3594 4410 3653 4454 et

2053 4473 2216 4530 idem.
2241 4472 2375 4529 Nam
2409 4490 2532 4531 cum
2564 4485 2712 4532 recta
2742 4478 2810 4533 ad
2837 4492 3001 4536 omne
3031 4482 3233 4539 bonum
3261 4482 3416 4553 ferri,
3440 4496 3497 4543 et
3526 4505 3651 4560 qua:

2050 4567 2287 4623 oraculis
2309 4569 2524 4638 prodita
2550 4578 2703 4638 sunt,
2730 4572 2888 4643 sequi
2922 4573 3253 4632 desisterent
3281 4595 3295 4633 :
3323 4593 3436 4637 suae
3457 4581 3651 4638 volun-

2053 4658 2147 4713 tati
2187 4669 2330 4731 totas
2365 4660 2608 4718 habenas
2644 4661 2923 4729 laxarunt,
2960 4673 3016 4720 et
3053 4666 3303 4725 fecerunt
3342 4687 3442 4742 pro
3479 4659 3650 4730 ariimi

2052 4751 2137 4807 sui
2169 4751 2427 4819 libidine;
2458 4768 2560 4811 nec
2592 4754 2770 4810 solum
2808 4755 3149 4829 singulatim,
3179 4761 3278 4818 sed
3310 4762 3366 4819 in
3401 4779 3567 4820 unum
3598 4777 3654 4822 et

2054 4843 2236 4913 idem,
2270 4844 2324 4900 id
2359 4852 2481 4912 est,
2516 4846 2678 4902 simul
2712 4862 2777 4904 ac
2807 4851 3097 4921 gregatim.
3128 4852 3472 4911 Inveniemus
3504 4859 3650 4914 enim

2056 4935 2343 5006 praefectos
2389 4935 2700 4994 Iudaeorum
2729 4939 2873 4997 raeda
2899 4950 2956 4997 et
2983 4943 3181 5000 divinis
3208 4944 3419 5016 legibus
3442 4946 3654 5001 dissen~

2051 5027 2240 5085 tientia
2287 5029 2340 5084 in
2387 5029 2632 5101 collegiis
2673 5045 2740 5087 ac
2782 5034 3133 5091 consessibus
3178 5036 3294 5092 suis
3333 5046 3388 5093 et
3426 5038 3650 5093 consul.-

2055 5129 2199 5173 tasse
2232 5126 2288 5172 et
2320 5116 2538 5174 fecisse.
2575 5118 2654 5174 Ita
2687 5119 2834 5174 enim
2872 5119 3009 5191 lapsi
3050 5129 3178 5177 sunt
3217 5122 3271 5177 in
3307 5123 3650 5180 dominicidii

2053 5208 2283 5276 crimen,
2312 5216 2369 5265 et
2403 5208 2526 5264 aliis
2558 5219 2725 5280 atque
2758 5209 2883 5267 aliis
2918 5212 3097 5269 modis
3129 5215 3367 5287 quisque
3402 5216 3469 5271 ad
3508 5217 3651 5272 viam

2056 5315 2212 5357 suam
2234 5301 2412 5383 aversi
2432 5309 2580 5358 sunt.
2617 5300 2965 5374 Voluptatum
2981 5304 3128 5361 enim
3146 5308 3481 5364 amantiores
3495 5316 3654 5364 erant

2059 5409 2222 5464 quam
2237 5394 2355 5463 Dei,
2376 5396 2568 5451 etvitae
2586 5393 2746 5464 hujus
2762 5396 3214 5467 occupationibus
3228 5398 3400 5468 magis
3411 5398 3652 5453 oblecta-

2063 5486 2282 5550 bantur,
2313 5488 2421 5541 vita
2453 5489 2682 5545 honesta
2714 5498 2770 5545 et
2798 5490 3057 5561 praeclara
3090 5490 3142 5545 in
3174 5499 3346 5547 totum
3381 5490 3648 5561 neglecta.

358 5587 512 5658 σφῶν
542 5585 844 5657 θελήμασιν
888 5584 1015 5647 ὅλας
1048 5581 1236 5651 ὥσπερ
1270 5579 1500 5648 ἀφέντες
1561 5578 1743 5651 ἡνίας,
1777 5578 2047 5649 ἔπραττον
2108 5581 2169 5633 τὸ
2238 5580 2361 5633 καθ’
2419 5565 2636 5653 ήδονῆν,
2667 5584 2761 5637 καὶ
2787 5584 2849 5637 ού
2878 5583 3001 5637 καθ’
3029 5583 3126 5636 ἕνα
3161 5582 3342 5653 μόνον,
3367 5580 3505 5636 ἀλλά
3536 5583 3650 5653 γὰρ

355 5683 453 5738 καὶ
481 5676 625 5733 κατά
648 5679 708 5732 τὸ
739 5678 892 5743 αὐτὸ,
923 5676 1227 5740 τουτέστιν,
1255 5672 1390 5744 ὁμοῦ
1417 5675 1511 5726 καὶ
1539 5673 1679 5728 κατὰ
1750 5672 1981 5743 πληθύν.
2024 5674 2344 5744 Εύρὴσομεν
2373 5674 2429 5728 δὲ
2455 5675 2580 5738 τοὺς
2638 5674 2747 5729 τῶν
2788 5675 3060 5732 Ἰουδαίων
3092 5674 3411 5747 καθηγητὰς
3442 5672 3651 5731 ἔκτοπά

423 5883 475 5918 ⁸⁸
510 5879 622 5939 Jcr.
662 5896 720 5949 ιι,
752 5880 805 5938 8.
883 5878 1153 5953 "Alalth.
1190 5893 1345 5948 ut”,
1376 5877 1467 5937 9.5.
1546 5880 1590 5912 8"
1618 5878 1720 5934 lsa.
1753 5895 1789 5948 ι,
1828 5879 1952 5934 21—9

2097 5882 2142 5913 ⁸⁹
2180 5879 2386 5938 llabac.
2415 5894 2454 5949 l,
2484 5878 2603 5935 2-4.
