4100 6476
540 404 680 462 1253

1555 402 1613 458 S.
1655 398 1931 458 CYRILLI
1969 394 2440 453 ALEXANDRINI
2477 392 2797 451 ABCHIEP.

3657 399 3799 454 1256

533 542 592 579 τε
627 521 847 584 καὶιιοις
874 520 1035 583 peior;
1083 518 1355 589 ἀπᾴδοντα
1386 516 1593 586 νόμοις,
1636 517 1731 570 καὶ¹
1767 518 1826 570 ὲν
1883 512 2161 582 συλλόγοις
2216 511 2416 573 αὐτῶν,
2450 511 2543 563 καὶ
2586 508 2881 577 συνεδρίοις
2915 508 3358 578 βουλευομένους,
3396 510 3492 562 καὶ
3534 511 3799 581 πράττον-

535 627 657 674 τας.
677 612 1000 666 Πεπτώκασι
1029 613 1139 681 γὰρ
1173 609 1317 662 οὕτω
1348 609 1437 681 καὶ
1469 610 1548 672 είς
1585 609 1656 662 τὰ
1684 609 1786 679 τῆς
1824 603 2221 678 Κυριοκτονίας
2264 603 2608 674 ἐγκλήματα,
2636 603 2935 673 ἐτράποντο
2973 601 3029 653 δὲ
3069 602 3165 654 καὶ
3191 601 3392 672 ἑτέρως
3444 604 3676 667 ἕκαστος
3719 606 3802 668 είς

549 705 649 777 τὴν
682 707 798 777 όδὸν
843 704 1027 760 αὑτοῦ.
1072 704 1350 775 ⁴ιιιλήδονοι
1399 707 1511 775 γὰρ
1558 700 1699 775 ἦσαν
1740 702 1938 775 μᾶλλον
1977 702 2009 773 ἢ
2051 699 2307 771 φιλόθεοι,
2351 714 2425 753 κα.
2493 700 2606 761 τοῖς
2641 697 2736 751 τοῦ
2779 699 3045 769 παρόντος
3084 696 3201 767 βίου
3248 701 3653 769 περισπασμοῖς
3706 699 3802 767 ἐφ-

531 776 719 870 ήδοντο
751 797 972 869 μᾶλλον,
999 797 1100 865 τῆς
1132 797 1357 868 ἐννόμου
1386 813 1446 849 τε
1476 796 1573 850 καὶ
1601 794 1831 867 ἀρίστης
1856 792 2001 863 ζωῆς
2023 789 2258 846 είσάπαν
2288 788 2747 859 ὀλιγωρήσαντες.

592 932 721 986 Car.
764 928 923 986 LVII.
972 928 1139 986 Vrsas.
1178 930 1308 997 1,2.
1356 928 1534 985 Videte
1575 938 1633 982 ut
1666 928 1845 999 justus
1869 926 2039 993 periit,
2060 936 2108 982 et
2137 909 2187 967 Α

540 1040 671 1078 temo
719 1024 911 1091 excipit
962 1024 1139 1089 corde,
1174 1034 1223 1078 et
1273 1025 1369 1079 uiri
1395 1022 1532 1095 justi
1566 1021 1847 1088 tolluntur,
1878 1033 1929 1076 et
1964 1035 2113 1074 nemo

522 1117 915 1170 animadvertit.
941 1116 983 1170 Α
1012 1116 1149 1187 facie
1178 1116 1315 1171 enim
1338 1115 1615 1185 iujustitia'
1646 1112 1885 1168 sublatus
1917 1120 1990 1166 est
2015 1110 2113 1180 ju-

521 1217 654 1260 stus.
696 1205 815 1260 Erit
856 1207 913 1261 in
962 1223 1090 1277 pace
1146 1206 1418 1277 sepultura
1465 1204 1624 1275 ejus,
1665 1202 1902 1257 sublatus
1957 1210 2033 1256 est
2086 1217 2115 1255 e

522 1301 716 1356 medio.

594 1433 730 1489 Cum
767 1431 1067 1489 ostenderit
1101 1445 1196 1488 eos
1229 1444 1393 1486 canes
1430 1438 1610 1484 mutos
1649 1428 1840 1495 fuisse,
1873 1434 1928 1483 et
1962 1430 2114 1482 insa-

526 1526 695 1580 tiabili
736 1525 965 1579 avaritia
1007 1523 1280 1593 praeditos,
1321 1521 1405 1577 his
1449 1521 1634 1577 verbis
1665 1535 1833 1591 porro
1893 1521 2115 1576 demon-

524 1625 662 1671 strat
692 1630 786 1671 eos
818 1614 1078 1670 socordes
1106 1628 1231 1669 esse
1257 1621 1312 1666 et
1340 1621 1742 1683 contemptores
1761 1652 1775 1677 ,
1806 1613 1941 1669 adeo
1971 1621 2030 1667 ut
2058 1612 2112 1666 in

529 1707 789 1762 extremis
817 1705 1035 1775 flagitiis
1061 1705 1506 1772 obdurescerent,
1533 1713 1590 1760 et
1618 1705 1936 1775 resipiscere
1962 1718 2029 1758 ne
2057 1703 2113 1757 in

521 1800 761 1854 animum
790 1798 1006 1868 quidem
1040 1796 1302 1852 inducere
1333 1797 1509 1867 parati
1540 1804 1741 1852 essent.
1769 1796 1938 1852 Periit
1967 1795 2112 1850 enim

514 1888 714 1960 justus,
760 1891 958 1960 inquit,
999 1898 1056 1944 et
1095 1903 1257 1945 nemo
1297 1887 1504 1959 excipit
1544 1888 1732 1955 corde,
1772 1897 1828 1945 et
1866 1888 2112 1944 homines

515 1980 647 2050 justi
682 1979 967 2045 tolluntur,
993 1988 1050 2033 et
1081 1992 1245 2033 nemo
1274 1977 1680 2034 animadvertit.
1704 1978 1911 2047 Quibus
1933 1980 2113 2035 verbis

521 2071 870 2129 subindicare
914 2070 1131 2126 videtur
1175 2067 1419 2125 nefarios
1469 2083 1635 2126 ausus
1679 2068 1890 2125 Judaici
1935 2071 2113 2141 gregis

522 2171 736 2228 contra,
783 2160 1102 2227 Christum,
1153 2159 1315 2231 797
1374 2170 1428 2216 et
1478 2175 1814 2231 quaecunque
1866 2160 2113 2217 fecerunt

522 2262 715 2309 contra
751 2262 972 2308 sanctos
1013 2252 1307 2321 apostolos.
1344 2250 1674 2308 Occiderunt
1706 2253 1852 2309 enim
1892 2251 2106 2320 Jesum,

524 2354 735 2401 tantum
770 2358 878 2399 non
914 2343 1284 2413 propheticum
1321 2342 1451 2397 illud
1486 2343 1804 2410 clamantes,
1836 2352 1892 2400 et
1923 2344 2107 2401 dicen-

524 2448 604 2493 tes
650 2456 663 2490 :
713 2454 733 2488 ι
783 2435 1036 2507 Ligemus
1072 2434 1315 2504 justum,
1357 2435 1482 2505 quia
1532 2435 1906 2492 incommodus
1953 2434 2106 2491 nobis

519 2526 711 2596 est”;
744 2545 761 2579 ι
796 2536 1134 2596 ctquantum
1154 2528 1220 2581 ad
1241 2526 1481 2595 ipsorum
1515 2528 1757 2585 animum
1791 2527 2107 2584 consilium-

520 2634 627 2688 que
662 2621 880 2683 attinet,
916 2619 1077 2688 periit
1106 2618 1284 2687 justus
1320 2619 1430 2687 ille,
1464 2621 1517 2675 id
1555 2630 1661 2688 est,
1694 2622 1786 2691 qui
1824 2628 2106 2693 peccatum

521 2728 628 2767 non
656 2712 810 2767 novit
834 2728 850 2766 :
878 2726 977 2767 nec
1005 2710 1152 2766 enim
1178 2710 1339 2779 iustis
1363 2712 1431 2766 de
1456 2712 1636 2768 causis
1664 2727 1788 2768 eum
1820 2712 2109 2770 interfece-

521 2813 681 2872 runt,
721 2813 778 2860 et
814 2804 958 2860 viros
999 2804 1170 2871 iustos
1212 2804 1453 2859 divinum
1497 2802 1606 2861 illis
1644 2813 1701 2863 et
1736 2804 2106 2876 evangelicum

518 2910 825 2953 sermonem
854 2895 1167 2966 largientes,
1193 2903 1249 2949 et
1276 2894 1345 2949 ad
1376 2894 1710 2951 crudelitatis
1737 2909 1849 2951 sum
1876 2895 2107 2967 agnitio-

521 3003 647 3045 nem
683 3002 748 3043 ac
788 2986 1219 3057 resipiscentiam
1253 2995 1530 3053 vocantes,
1568 2987 1622 3042 in
1667 2986 1965 3057 periculum
2006 2988 2107 3043 im-

522 3077 906 3134 misericordes
939 3078 1302 3133 adduxerunt.
1335 3077 1593 3133 Sublatus
1628 3079 1753 3134 hinc
1786 3086 1869 3136 est
1900 3079 1967 3134 ab
1999 3079 2107 3137 illis

522 3171 736 3225 divinus
769 3168 1099 3239 Stephanus,
1124 3184 1247 3224 cum
1278 3169 1544 3239 prolixum
1577 3171 1645 3225 ad
1676 3184 1770 3225 eos
1800 3184 2106 3227 sermonem

521 3260 821 3327 habuisset,
846 3270 902 3315 et
928 3261 1126 3330 quibus
1152 3261 1315 3317 rebus
1338 3275 1432 3317 eos
1456 3261 1739 3332 illaqueari
1769 3278 1870 3334 par
1892 3274 2013 3320 erat
2038 3265 2107 3321 ad

522 3352 979 3421 resipiscentiam,
1005 3351 1090 3407 his
1118 3351 1248 3422 ipsis
1272 3353 1339 3408 ad
1365 3351 1719 3410 oll'ensionem
1766 3355 2108 3412 exacueban-

523 3455 630 3499 tur.
657 3443 947 3498 Tolluntur
973 3457 1134 3513 ergo,
1168 3445 1376 3513 inquit,
1403 3444 1503 3499 viri
1533 3444 1703 3515 justi,
1734 3455 1791 3502 et
1823 3462 1982 3504 nemo
2012 3462 2108 3503 ex-

521 3534 651 3604 cipit
684 3538 870 3599 corde,
907 3534 959 3589 id
994 3543 1100 3599 est,
1137 3548 1299 3589 nemo
1334 3535 1589 3605 dignatur
1623 3537 1807 3592 animo
1843 3550 2109 3609 reponere

2287 922 2475 978 Ἴδετε
2499 925 2579 989 ὡς
2612 925 2645 976 ὀ
2676 922 2907 988 δίκαιος
2936 922 3226 986 ἀπώλετο,
3260 922 3360 976 καί
3398 925 3600 992 οὐδεὶς
3636 928 3800 981 ἐκδέ-

2216 1032 2382 1086 χεται
2404 1012 2481 1085 τῇ
2508 1013 2733 1084 καρδίᾳ,
2764 1014 2859 1067 καί
2889 1012 3105 1082 ἄνδρες
3136 1013 3351 1068 δίκαιοι
3380 1015 3669 1085 αἴρονται,
3699 1020 3796 1072 καί

2215 1109 2417 1176 οὐδεὶς
2442 1107 2737 1164 κατανοεῖ.
2788 1106 2921 1161 Ἀπὸ
2944 1107 3054 1176 γὰρ
3086 1109 3410 1175 προσώπου
3439 1108 3676 1176 ἀδικίας
3696 1108 3798 1180 ἦρ-

2215 1216 2309 1254 ται
2341 1201 2374 1253 ὀ
2420 1198 2670 1262 δίκαιος,
2722 1196 2893 1250 ἔσται
2942 1196 3014 1249 ἐν
3049 1194 3257 1265 εἰρήνῃ
3306 1197 3345 1264 ἢ
3393 1190 3560 1267 cassii
3587 1200 3794 1267 αὐτοῦ,

2214 1287 2385 1361 ἦρται
2419 1290 2487 1343 ἐκ
2520 1289 2628 1343 τοῦ
2661 1288 2880 1357 μέσου.

2299 1426 2609 1499 Ἀποφήνας
2644 1427 2726 1479 ὅτι
2763 1424 2923 1490 κύνες
2971 1425 3259 1494 γεγόνασιν
3299 1426 3488 1491 ἐννεοὶ,
3522 1433 3615 1480 καὶ
3660 1429 3793 1481 ἀκόο

2218 1536 2399 1591 ρεστοι
2431 1519 2569 1590 πρὸς
2601 1517 2966 1589 φιλοκερδίαν,
3020 1518 3537 1588 προσαποδείκνυσιν
3579 1520 3637 1573 ἐν
3664 1519 3793 1571 τού-

2212 1627 2328 1675 τοις
2366 1610 2644 1685 ῥᾳθύμους
2671 1610 2850 1675 ὄντας,
2884 1611 2976 1664 καί⁵
3019 1612 3451 1682 καταφρονητάς,
3482 1611 3557 1674 ὠς
3580 1612 3674 1665 καὶ
3702 1612 3798 1664 ἐπὶ

2214 1708 2329 1771 τοῖς
2349 1706 2599 1777 ἐσχάτοις
2636 1705 2745 1759 τῶν
2766 1704 3253 1776 πλημμελημάτων
3308 1706 3586 1773 ἀτέγκτως
3629 1705 3794 1776 ἔχειν,

2214 1798 2309 1853 καὶ
2352 1797 2413 1851 τὸ
2461 1800 2659 1869 χρῆναι
2700 1799 2979 1868 μετανοεῖν
3050 1797 3173 1850 οὐδὲ
3219 1799 3299 1861 είς
3334 1796 3460 1852 νοῦν
3511 1796 3795 1867 βούλεσθαι

2215 1887 2714 1960 προθυμουμένους.
2785 1887 3056 1943 ’Λπώλετο
3106 1888 3247 1958 γὰρ,
3285 1889 3471 1958 φησὶν,
3503 1890 3531 1941 ὁ
3562 1889 3791 1953 δίκαιος,

2213 1981 2308 2033 καὶ
2351 1979 2523 2043 οὐδεὶς
2555 1979 2834 2049 ἐκδέχεται
2868 1982 2935 2050 τῇ
2984 1979 3214 2051 καρδίᾳ,
3240 1980 3331 2034 καὶ
3362 1980 3556 2051 ἄνδρες
3597 1979 3790 2033 δίκαιοι

2213 2069 2479 2141 αἴρονται,
2510 2070 2602 2123 καὶ
2645 2070 2820 2134 οὐδεὶς
2859 2073 3129 2124 κατανοεῖ.
3169 2072 3351 2125 Ἔοικε
3385 2071 3442 2125 δὲ
3473 2071 3563 2125 διά
3589 2071 3791 2127 τούτων

2215 2159 2513 2231 ὑποδηλοῦν
2542 2160 2612 2214 τά
2639 2164 2720 2225 είς
2765 2161 3001 2233 Χριστὸν
3032 2156 3357 2233 τολμήματα
3384 2163 3484 2232 τῆς
3524 2162 3794 2216 Ἰουδαίων

2211 2252 2433 2324 ἀγέλης,
2463 2253 2558 2306 καὶ
2585 2253 2685 2306 ὅσα
2716 2252 3031 2323 πεπράχασι
3053 2252 3195 2306 κατά
3223 2253 3331 2307 τῶν
3360 2254 3531 2321 ἁγίων
3561 2254 3797 2308 ἀποστό-

2210 2344 2339 2400 λων·
2385 2345 2719 2398 ἀπεκτόνασι
2766 2343 2865 2414 μὲν
2893 2344 3001 2415 γὰρ
3026 2344 3121 2399 τὸν
3164 2344 3391 2415 Ἰησοῦν,
3424 2347 3705 2417 μονονουχὶ
3732 2346 3797 2401 τὸ

2208 2435 2547 2508 προφητικὸν
2572 2436 2748 2489 ἐκεῖνο
2774 2434 3022 2505 βοῶντες,
3048 2434 3142 2489 καὶ
3166 2435 3415 2505 λέγοντες
3437 2454 3448 2466 ·
3483 2455 3501 2489 ι
3526 2438 3797 2509 Δήσωμεν

2207 2526 2298 2580 τὸν
2323 2526 2553 2593 δίκαιον,
2582 2528 2665 2581 ὅτι
2702 2526 3040 2599 δύσχρηστος
3090 2529 3222 2599 ἡμῖν
3253 2529 3391 2594 ἐστι,
3434 2548 3453 2581 ι
3500 2530 3595 2585 καὶ
3635 2532 3698 2585 τό
3729 2549 3795 2600 γε

2206 2613 2343 2691 ἧκον
2370 2621 2451 2683 είς
2491 2618 2585 2674 τὸν
2614 2620 2805 2675 ἐνόντα
2834 2620 3035 2674 σκοπὸν
3066 2621 3268 2688 αὐτοῖς,
3305 2622 3555 2679 ἀπώλετο
3584 2627 3796 2691 δίκαιος

2207 2708 2307 2775 ὢν,
2335 2708 2634 2777 τουτέστιν,
2666 2711 2766 2765 ούκ
2815 2710 2972 2774 εἰδὼς
3004 2711 3313 2782 ἁμαρτίανο
3359 2714 3420 2766 ού
3452 2715 3561 2787 γὰρ
3590 2717 3678 2769 ἐπ’
3705 2719 3789 2771 αι-

2207 2800 2350 2866 τίαις
2385 2800 2628 2870 εὐλόγοις
2679 2802 3042 2856 ἀπεκτόνασιν
3073 2802 3259 2868 αὐτὸν,
3288 2804 3489 2876 ἄνδρας
3535 2825 3592 2861 τε
3634 2809 3790 2872 ὄντας

2206 2892 2473 2959 δικαίους,
2501 2894 2628 2955 τοὺς
2655 2893 2717 2946 τὸ
2748 2893 2889 2948 θεῖον
2915 2895 3098 2959 αὐτοῖς
3130 2896 3222 2949 καὶ
3261 2897 3615 2966 εὐαγγελικὸν
3660 2918 3796 2972 πρε-

2212 2981 2506 3047 σϐεύοντας
2532 2981 2713 3052 λόγον,
2742 2984 2835 3037 κο.)⁸
2868 2984 3167 3049 καλοῦντας
3199 2989 3278 3050 είς
3314 2989 3652 3058 μετάγνωσιν
3691 2994 3796 3063 τῆς

2210 3073 2437 3145 ἐνούσης
2465 3072 2646 3136 αὐτοῖς
2690 3073 2992 3145 ὠμότητος,
3028 3078 3107 3140 είς
3153 3078 3348 3146 πεῖραν
3377 3077 3547 3132 ἐλθεῖν
3579 3081 3796 3149 ἀφιλοι-

2210 3165 2523 3238 κτιρμόνως
2555 3165 2997 3235 παρεσκεύασαν.
3045 3169 3338 3240 Ἀνῄρηται
3369 3170 3497 3240 γοῦν
3535 3173 3663 3243 παρ’
3694 3174 3799 3226 αύ-

2210 3257 2322 3321 τοῖς
2347 3258 2378 3311 ό
2406 3254 2693 3321 θεσπέσιος
2717 3257 2988 3327 Στέφανος
3014 3260 3222 3330 μακρὸν
3243 3261 3382 3331 πρὸς
3399 3262 3594 3326 αὐτοὺς
3620 3281 3797 3319 κατα-

2209 3345 2390 3411 τείνας
2414 3347 2595 3416 λόγον,
2624 3348 2717 3401 καὶ
2749 3347 2817 3401 δι’
2848 3341 2924 3402 ὧν
2955 3343 3024 3420 ἦν
3053 3350 3198 3413 είκδς
3233 3352 3628 3421 σαγηνεύεσθαι
3654 3355 3795 3424 πρὸς

2214 3439 2577 3510 μετάγνωσιν,
2609 3437 2700 3493 διὰ
2728 3439 2934 3495 τούτων
2965 3442 3146 3496 αὐτῶν
3175 3444 3541 3514 κατεθήγοντο
3571 3447 3707 3517 πρὸς
3734 3447 3797 3501 τὸ
3833 3434 3839 3438 ’

2210 3530 2500 3601 δυσμενές.
2537 3531 2794 3604 Δῐρονται
2826 3532 3007 3587 τοίνυν
3037 3534 3229 3606 ἄνδρες
3257 3535 3477 3602 δίκαιοι,
3514 3539 3668 3608 φησὶ,
3700 3541 3797 3592 καὶ

521 3624 814 3693 impietatis
841 3623 1291 3693 magnitudinem.
1318 3622 1577 3681 Sublatus
1605 3637 1691 3682 est
1718 3626 1882 3682 etiam
1908 3645 1938 3684 a
1966 3629 2107 3686 facie

2210 3621 2382 3687 οὐδεὶς
2434 3622 2713 3694 ἐκδέχεται
2763 3627 2829 3696 τῇ
2883 3623 3103 3697 καρδίᾳ,
3162 3626 3462 3693 τουτέστιν,
3510 3631 3592 3692 είς
3669 3630 3797 3683 νοῦν

523 3712 803 3782 iniustitiae
829 3713 1030 3783 justus,
1065 3713 1117 3768 id
1146 3723 1253 3779 est,
1286 3713 1472 3784 injusti
1503 3719 1888 3789 oppugnabant
1909 3721 2104 3790 justas,

523 3819 588 3859 ac
621 3804 748 3857 mali
785 3805 1147 3860 obtinuerunt
1181 3815 1367 3860 contra
1401 3821 1524 3862 eum
1559 3809 1650 3878 qui
1687 3824 1795 3865 non
1830 3812 1979 3866 novit
2011 3813 2108 3868 de-

523 3898 788 3967 linquere.
819 3896 938 3952 Erit
968 3896 1129 3966 igitur
1155 3898 1209 3952 in
1241 3912 1372 3968 pace
1398 3900 1675 3968 sepultura
1701 3902 1838 3972 ejus,
1866 3904 2109 3963 sublatus

519 4000 606 4046 est
642 3991 708 4045 de
745 3991 941 4046 medio.
978 3990 1223 4047 Observa
1264 3992 1397 4047 mihi
1439 3994 1634 4049 iterum
1674 3997 1936 4051 orationis
1974 3998 2109 4069 ﬁgu-

522 4096 661 4136 ram.
691 4080 926 4154 Scopam
956 4083 1102 4138 enim
1130 4093 1183 4138 et
1213 4086 1549 4155 propositum
1580 4102 1779 4159 eorum,
1802 4090 1896 4159 qui
1925 4099 2108 4146 sustu-

529 4172 732 4239 lerunt,
763 4189 869 4229 non
923 4188 1112 4230 revera
1142 4176 1313 4246 ipsius
1337 4177 1417 4232 rei
1442 4178 1646 4233 exitum
1671 4158 1930 4250 ostendit,
1951 4183 2107 4253 quasi

522 4268 595 4321 ita
628 4281 688 4322 se
721 4266 945 4322 haberet
979 4276 1038 4322 ut
1067 4265 1291 4323 dicitur.
1320 4267 1439 4323 Non
1470 4271 1617 4326 enim
1651 4272 1899 4329 sublatus
1929 4280 2011 4329 est
2040 4275 2109 4330 de

520 4358 700 4414 medio
744 4358 994 4414 Christus
1033 4376 1048 4413 :
1091 4373 1193 4414 nec
1237 4360 1292 4414 hi
1334 4362 1425 4431 qui
1471 4362 1590 4431 ejus
1632 4361 1903 4432 legatione
1938 4363 2106 4421 functi

520 4458 668 4515 sunt,
694 4446 828 4516 justi
860 4450 1024 4505 etiam
1058 4450 1181 4520 ipsi,
1214 4460 1403 4521 utpote
1431 4454 1502 4508 ab
1534 4454 1655 4523 ipso
1676 4454 1981 4525 justificati.
2038 4457 2104 4512 At

522 4542 755 4607 quodam
790 4542 954 4598 modo
984 4543 1327 4599 exterminati
1364 4553 1490 4599 sunt
1524 4561 1555 4601 ο
1588 4547 1788 4615 medio,
1819 4559 2105 4619 quantum,

524 4632 766 4700 inquam,
794 4633 862 4688 ad
891 4643 1147 4689 conatum
1176 4649 1244 4692 ac
1273 4635 1585 4693 institutum
1614 4653 1803 4695 eorum
1836 4643 1929 4711 qui
1961 4644 2108 4699 occi-

524 4722 746 4788 derunt,
772 4724 990 4780 attinet.
1012 4727 1431 4783 Accusationem
1457 4741 1639 4786 autem
1668 4733 1809 4788 hanc
1837 4734 1890 4788 in
1917 4749 2108 4790 omnes

524 4815 799 4870 occisores
832 4817 1029 4871 cadere
1065 4828 1123 4872 et
1160 4820 1458 4887 incurrere,
1496 4833 1551 4878 et
1587 4825 1856 4879 neminem
1893 4823 2107 4881 Iudaeo-

526 4918 646 4958 rum
679 4913 835 4960 extra
868 4905 1082 4977 culpam
1116 4921 1261 4978 esse,
1295 4910 1556 4979 insinuat,
1585 4928 1707 4968 cum
1743 4915 1917 4984 inquit
1944 4933 1958 4969 :
1991 4914 2108 4970 Erit

2208 3711 2351 3776 ἀξιοί
2392 3712 2651 3783 βαλέσθαι
2677 3713 2778 3785 τῆς
2809 3715 3127 3780 δυσσεϐείας
3157 3717 3218 3771 τὺ
3262 3718 3509 3788 μέγεθος*
3541 3738 3798 3793 κατηγω-

2210 3804 2427 3858 νίσαντο
2468 3805 2594 3864 τοὺς
2623 3805 2885 3875 δικαίους,
2918 3809 3012 3863 καὶ
3039 3813 3446 3884 κεκρατήκασιν
3482 3815 3532 3866 οί
3566 3816 3797 3885 πονηροὶ

2208 3893 2304 3947 τοῦ
2341 3896 2415 3966 μὴ
2451 3896 2653 3961 εἰδότος
2677 3896 3036 3969 πλημμελεῖν.
3072 3903 3263 3957 Ἔσται
3288 3903 3351 3973 δὴ
3397 3900 3491 3958 οὗν
3519 3906 3576 3960 ὲν
3602 3909 3796 3979 εἰρήνῃ

2209 3989 2243 4056 ἡ
2273 3988 2418 4057 ταφὴ
2451 3989 2651 4042 αὐτοῦ’
2682 3986 2846 4061 ἦρται
2891 3994 2954 4045 ἐκ
2993 3992 3082 4047 τοῦ
3136 3995 3325 4064 μέσου.
3356 3997 3547 4070 Ἀθρει
3588 3998 3652 4071 δή
3703 4019 3796 4071 μοι

2209 4077 2373 4133 πάλιν
2403 4080 2499 4133 τοῦ
2532 4080 2691 4150 λόγου
2747 4083 2808 4136 τὸ
2831 4084 3049 4155 σχῆμαο
3088 4087 3180 4140 τὸν
3214 4087 3407 4162 γάρτοι
3451 4092 3653 4145 σκοπὸν
3686 4094 3794 4147 τῶν

2211 4170 2591 4242 ἀνῃρηκότων,
2615 4175 2710 4227 καὶ
2735 4173 2853 4228 οὔτι
2880 4191 2985 4229 που
3017 4179 3239 4242 πάντως
3261 4181 3322 4233 τὸ
3345 4179 3439 4234 τοῦ
3470 4182 3795 4254 πράγματος

2207 4259 2385 4326 οὕτως
2429 4262 2552 4333 ἔχον
2592 4265 2670 4329 ὡς
2705 4266 2923 4335 λέγεται
2970 4268 3301 4324 διαδείκνυσι
3334 4273 3526 4345 πέρας.
3565 4276 3799 4348 06,7319

2208 4348 2374 4424 ἦρται
2413 4354 2480 4409 ἐκ
2505 4355 2598 4409 τοῦ
2634 4357 3101 4432 μέσουθΧριστὺς,
3132 4362 3255 4417 οὔτε
3288 4365 3395 4437 μὴν
3437 4368 3487 4420 οἱ
3529 4367 3597 4422 τά
3625 4369 3799 4423 αύτοί.

2208 4444 2633 4516 πρεσϐεύοντες,
2684 4447 2881 4504 δίκαιοι
2931 4452 3026 4507 καὶ
3070 4455 3223 4508 αὐτοὶ
3268 4458 3626 4529 τυγχάνοντες
3648 4500 3664 4523 ,
3718 4461 3802 4525 ὡς

2210 4534 2340 4603 παρ’
2371 4535 2538 4590 αὑτοῦ
2589 4537 2988 4611 δικαιούμενον
3039 4545 3295 4615 γεγόνασί
3326 4566 3390 4617 γε
3433 4550 3541 4621 μὴν
3588 4546 3701 4605 οἷον
3731 4554 3806 4606 ἐκ

2213 4627 2404 4697 μέσου,
2429 4630 2572 4685 κατά
2590 4629 2654 4699 γέ
2683 4649 2826 4704 φημι
2846 4634 2907 4688 τὸ
2933 4636 3041 4690 τῶν
3065 4639 3419 4712 ἀνῃρηκότων
3448 4645 3757 4716 ἐγχείρημα
3785 4665 3798 4675 ·

2210 4717 2293 4771 ὅτι
2326 4716 2382 4771 δέ
2408 4720 2516 4774 τῶν
2544 4722 2898 4797 ἀνῃρηκότων
2944 4729 3199 4786 ἁπάντων
3234 4735 3560 4806 κατατρέχει
3578 4738 3639 4790 τὸ
3658 4754 3806 4791 κατι

2210 4809 2491 4880 ηγόρημα,
2539 4815 2635 4867 καὶ
2680 4816 2856 4881 οὐδεὶς
2887 4814 2956 4889 ἦν
3003 4821 3062 4874 ἐν
3091 4826 3204 4887 τοῖς
3268 4824 3558 4890 Ἰουδαίοις,
3589 4827 3647 4891 ὃς
3687 4829 3806 4896 ἔξω

2211 4899 2454 4957 κείσεται
2503 4904 2604 4973 τῆς
2655 4907 2855 4974 αἰτίας,
2909 4912 3207 4985 ύπέφηνεν,
3255 4917 3461 4972 εἰπών·
3495 4921 3689 4974 Ἔσται
3742 4924 3805 4977 ἐν

526 4996 579 5050 in
618 5011 750 5067 pace
784 4999 1061 5068 sepultura
1095 5000 1233 5071 ejus.
1272 5002 1616 5074 Sepulturam
1654 5017 1811 5061 vocat
1849 5016 2097 5064 mortem.

2210 4994 2395 5066 εἰρήνῃ
2421 4998 2455 5066 ἡ
2485 4998 2631 5067 ταφὴ
2680 5000 2867 5056 αὐτοῦ.
2900 5006 3009 5058 Καὶ
3053 5007 3231 5078 ταφὴν
3278 5010 3375 5079 μὲν
3403 5010 3658 5079 ὀνομάζει
3706 5016 3805 5068 τὸν

526 5084 680 5155 Illud,
710 5089 762 5142 in
793 5093 1229 5163 pace,adjeetum
1262 5094 1501 5153 insinuat
1556 5101 1823 5153 neminem
1879 5115 2101 5170 prorsus

527 5178 580 5231 in
611 5180 858 5236 tribubus
884 5181 1155 5250 Judaicis,
1187 5186 1371 5256 impiis
1402 5204 1591 5244 eorum
1623 5191 1911 5247 carnalibus
1943 5193 2101 5249 resti-

525 5269 680 5335 tisse,
708 5272 791 5327 vel
820 5289 879 5330 se
906 5279 1242 5345 opposuisse,
1273 5289 1328 5335 et
1357 5281 1521 5352 impie
1550 5297 1709 5354 agere
1734 5284 1979 5341 volentes
2013 5286 2099 5341 in-

524 5370 803 5431 crepasse,
851 5369 945 5421 sed
996 5383 1106 5422 uno
1150 5383 1341 5427 omnes
1381 5387 1651 5429 consensu
1696 5385 1752 5430 et
1800 5376 2101 5446 conjunmis

526 5453 722 5509 animis
765 5465 953 5511 contra
1013 5457 1290 5514 Christum
1327 5463 1503 5518 audax
1539 5465 1643 5522 hoc
1675 5466 1886 5524 facinus
1916 5485 2102 5526 susce-

525 5545 691 5613 pisse,
735 5555 790 5601 ct
822 5563 951 5613 pace
985 5550 1128 5604 inter
1157 5553 1362 5623 seipsos
1394 5554 1554 5625 facta,
1586 5575 1708 5617 eum
1745 5561 2100 5623 interfecisse.

598 5781 641 5814 ‘°
677 5781 801 5851 Sap.
828 5788 1000 5854 11,1Ξ.

2209 5087 2457 5154 θάνατον,
2491 5091 2552 5144 τὸ
2583 5091 2659 5157 δὲ,
2693 5094 2749 5147 ἐν
2778 5097 2988 5169 εἰρήνῃ,
3033 5101 3371 5170 προστεθεὶς,
3409 5103 3687 5174 ὑπέφηνε-,ι
3716 5107 3802 5161 ὅτι

2207 5178 2385 5242 οὐδεὶς
2421 5176 2490 5251 ἦν
2522 5181 2661 5246 ὅλως
2689 5186 2749 5239 ὲν
2775 5189 2887 5250 τοῖς
2910 5190 3017 5242 τῶν
3060 5191 3328 5247 Ἰουδαίων
3360 5194 3633 5265 τάγμασιν
3666 5198 3804 5251 ἀνθ-

2207 5270 2456 5340 εστηκὼς
2483 5277 2604 5338 ταῖς
2633 5277 2877 5343 ἀνοσίαις
2901 5282 3082 5335 αὐτῶν
3126 5283 3362 5354 βουλαῖς,
3401 5288 3568 5358 ἤγουν
3599 5290 3806 5344 ἀνταν-

2212 5358 2532 5429 ιστάμενος,
2573 5366 2665 5418 καὶ
2711 5370 2823 5431 τοῖς
2875 5370 3248 5444 ἀνοσιουργεῖν
3297 5374 3569 5430 ἐθέλουσιν
3615 5380 3806 5434 ἐπιτι-

2211 5450 2368 5521 μῶν·
2425 5456 2489 5509 ἐκ
2547 5459 2677 5528 μιᾶς
2724 5460 2832 5530 γὰρ
2891 5461 3130 5529 ἅπαντες
3180 5454 3371 5538 βουλῆς
3425 5470 3517 5523 καὶ
3566 5471 3804 5546 γνώμης

2204 5545 2570 5637 τετολμήκασι
2618 5553 2758 5606 κατὰ
2802 5554 3064 5625 Χριστοῦ,
3114 5560 3487 5631 είρηνεύοντές
3541 5580 3599 5616 τε
3656 5545 3807 5637 πρός

2207 5636 2467 5709 ἀλλήλους
2500 5644 2862 5702 ἀπεκτόνασιν
2892 5650 3077 5705 αὐτόν.
