4100 6460
329 373 470 432 I257

1430 377 1496 433 IN
1536 376 1771 433 lSAlAM
1809 375 1940 433 LIB.
1984 374 2051 430 ν.
2092 372 2331 431 TOMUS
2367 373 2457 431 Ill.

3497 380 3636 443 1258

413 489 609 563 Ὑμεῖς
666 488 737 544 δὲ
803 494 1215 566 προσαγάγοιεν
1273 488 1427 563 ὦδε,
1484 498 1601 554 vlol
1670 498 1883 569 ἄνομοι
1905 537 1922 563 ,

2103 493 2266 551 Vens.
2303 494 2360 560 5,
2395 495 2451 551 4.
2507 492 2606 550 Vos
2636 503 2812 550 autem
2836 496 3074 551 accedite
3099 497 3224 562 huc,
3264 496 3368 565 [Ilii
3426 501 3633 572 iniqui,

324 581 572 653 σπέρμα
603 582 838 655 μοιχῶν
877 585 976 640 καὶ
1019 589 1271 656 πόρνης.
1315 590 1411 645 Ἐν
1443 590 1561 644 τίνι
1605 591 1935 662 ἐνετρυφή-

322 694 514 745 cate;
543 676 643 732 καὶ
670 677 773 731 ἐπὶ
805 679 941 734 τίνα
969 678 1254 747 ἠνοίξατε
1284 680 1353 736 τὸ
1383 682 1578 750 στόμα
1608 681 1809 753 ὑμῶν;
1839 681 1939 737 καὶ

323 769 431 828 ἐπὶ
468 768 609 825 τινα
662 769 1012 839 ἐχαλάσατε
1060 772 1177 839 τὴν
1232 772 1527 844 γλῶσσαν
1571 773 1779 845 ὑμῶν;
1813 776 1938 845 Οὐχ

325 861 509 935 ὑμεῖς
535 862 679 916 ἐστε
712 861 899 915 τέκνα
938 864 1264 932 ἀπωλείας,
1296 866 1537 938 σπέρμα
1571 867 1831 938 (impar;

422 952 519 1007 Ἐκ
557 951 759 1024 πολλῆς
788 951 930 1022 ἄγαν
964 954 1243 1025 φιλοθεῖας
1268 958 1296 1011 ό
1333 956 1619 1022 θεσπέσιος
1652 960 1939 1032 προφήτης

326 1047 452 1109 ταῖς
480 1045 589 1100 τῶν
622 1045 895 1102 Ἰουδαίων
929 1047 1359 1120 ἀθυροστομίαις
1391 1050 1651 1123 ὲπιπηδᾷ,
1683 1053 1779 1106 καὶ
1812 1068 1941 1106 κατ-

326 1137 635 1207 αλγύνεται
681 1138 803 1193 λίαν
856 1139 951 1194 ἐπὶ
1004 1143 1126 1204 ταῖς
1177 1141 1421 1206 ἀνοσίαις
1468 1142 1649 1198 αὐτῶν
1702 1146 1937 1215 φωναῖς,

326 1238 397 1294 ἃς
426 1232 687 1303 εἰρήκασι
721 1232 864 1286 κατά
898 1233 1162 1304 Χριστοῦ.
1192 1235 1608 1291 Διατετελέκασι
1639 1236 1749 1308 γὰρ
1776 1237 1940 1309 μέχρι

336 1324 536 1388 παντὸς
593 1325 759 1379 οἱονεὶ
805 1325 1082 1396 χαλῶντες
1108 1327 1194 1383 ἐπ’
1225 1326 1376 1399 αὐτῷ
1402 1328 1503 1399 τὴν
1535 1328 1810 1400 γλῶσσαν,
1846 1331 1941 1385 καὶ

325 1417 476 1481 ὅλοις
516 1416 711 1489 ὥσπερ
756 1418 950 1485 ἱστίοις
991 1420 1092 1490 τῆς
1138 1417 1365 1490 ἐνούσης
1394 1421 1747 1488 ἀνεξικακίας
1790 1421 1941 1491 αὐτῷ

324 1511 787 1582 κατατρέχοντες.
827 1512 893 1567 Τί
939 1511 1049 1585 γὰρ
1080 1512 1191 1569 τῶν
1250 1513 1502 1568 ἐκτόπων
1534 1515 1634 1587 οὐχ
1664 1515 1840 1570 ἁλοῖεν
1874 1514 1940 1569 ἂν

327 1602 727 1674 κατειρηκότες
752 1601 922 1656 αὐτοῦ
950 1621 965 1671 ;
996 1604 1366 1676 Σαμαρείτην,
1391 1606 1487 1660 καὶ
1514 1607 1823 1677 οἰνοπότην,
1847 1606 1942 1661 καὶ

327 1696 394 1747 ἐκ
425 1692 687 1764 πορνείας
719 1695 1119 1765 γεγεννημένον
1149 1695 1437 1767 ὠνόμαζον
1468 1697 1654 1761 αὑτὸν,
1687 1698 1782 1751 καὶ
1825 1697 1944 1757 δαιο

331 1784 503 1854 μονᾷν
538 1782 777 1853 ἔφασκον
805 1783 897 1836 τὸν
923 1784 1264 1855 ἐπιτιμῶντα
1298 1786 1545 1858 δαίμοσι,
1568 1786 1667 1842 καὶ
1701 1788 1759 1841 ὲν
1782 1786 1940 1841 Beck.

2041 604 2217 644 semen
2266 587 2631 643 adulterorum
2659 596 2709 642 rt
2756 590 3073 645 meretricia.
3130 589 3199 644 In
3241 608 3347 659 quo
3391 593 3638 651 oblat-tati

2042 681 2217 739 satis?
2270 690 2319 735 et
2364 696 2524 751 super
2572 696 2725 752 quem
2774 682 3060 751 aperuisti;
3094 698 3152 737 os
3184 686 3458 741 uestrum?
3506 695 3555 740 et
3584 689 3638 742 in

2040 790 2192 845 quem
2245 772 2474 829 laxastia
2537 773 2776 844 linguam
2822 776 3088 830 vestram?
3136 773 3329 830 Nonne
3371 793 3460 832 vos
3512 778 3638 834 alia

2043 866 2144 936 ﬁlii
2168 866 2507 933 perditionis,
2537 882 2711 921 semen
2734 867 3010 938 iniquum?

2116 957 2288 1031 798
2327 958 2406 1012 Ex
2444 958 2643 1029 insigni
2680 958 2899 1027 pietatis
2942 958 3123 1015 studio
3156 958 3384 1015 insultat
3421 960 3638 1016 divinus

2042 1050 2312 1120 propheta
2362 1049 2416 1106 in
2456 1048 2782 1106 ell‘renatam
2816 1049 3130 1107 Judaeorum
3162 1052 3542 1123 petulantiam,
3581 1061 3638 1108 et

2044 1142 2228 1213 impiis
2258 1142 2485 1198 vocibus
2516 1157 2652 1211 quas
2676 1151 2867 1197 contra
2893 1141 3169 1199 Christum
3196 1144 3452 1201 dixerunt
3479 1145 3637 1201 valdo

2042 1233 2358 1290 oli'enditur.
2420 1234 2649 1305 Semper
2700 1234 2847 1290 enim
2904 1233 3165 1291 laxabant
3208 1238 3355 1293 velut
3407 1239 3462 1293 in
3511 1253 3635 1294 eum

2043 1323 2309 1395 linguam,
2359 1330 2416 1379 et
2474 1323 2605 1379 totis
2650 1324 2806 1395 quasi
2860 1323 2999 1380 velis
3049 1326 3300 1383 insectati
3351 1337 3476 1381 sunt
3522 1326 3640 1394 ejus

2045 1412 2386 1483 patientiam.
2443 1412 2586 1481 Quid
2628 1414 2774 1469 enim
2826 1414 3030 1472 licdum
3077 1428 3135 1472 et
3185 1418 3554 1488 prodigiosum
3587 1421 3639 1487 in

2042 1519 2165 1561 eum
2184 1505 2502 1563 debacchati
2526 1506 2802 1562 non'sunt?
2818 1506 3249 1574 Samaritanum,
3267 1510 3376 1565 vini
3396 1519 3638 1579 potorem

2046 1608 2099 1654 ct
2126 1613 2195 1652 ea
2237 1598 2571 1655 scortationc
2605 1607 2790 1655 natum
2830 1615 2956 1655 eum
2988 1601 3259 1657 vocabant
3288 1620 3302 1658 :
3341 1614 3395 1658 et
3426 1605 3637 1660 daemo-

2046 1691 2264 1747 niacum
2312 1705 2436 1748 esse
2466 1691 2724 1748 dicebant
2767 1707 2894 1749 eum
2955 1694 3049 1763 qui
3081 1695 3403 1765 increpabat
3434 1697 3642 1753 dmino-

2047 1799 2183 1839 nas:
2240 1791 2295 1839 et
2346 1783 2398 1839 in
2456 1783 2748 1841 Beelzebul
2816 1787 3036 1854 operari
3102 1787 3282 1858 signa,
3354 1790 3447 1857 qui
3507 1804 3640 1844 con-

326 1874 527 1941 ζεϐοὺλ
541 1875 743 1948 ὲργάζε
752 1874 875 1931 σθαι
891 1875 990 1942 τὰς
1009 1877 1174 1949 θεοση
1182 1878 1334 1948 μίας,
1350 1879 1443 1932 τὸν
1473 1878 1832 1952 συντρίϐοντα
1846 1879 1940 1935 τὸν

2053 1877 2195 1932 ιτίτίι
2257 1874 2565 1941 Beelzebul.
2628 1877 2758 1932 Dein
2799 1878 2864 1930 ad
2948 1888 3258 1933 extremum
3307 1879 3482 1935 Pilato
3544 1882 3644 1935 ad-

335 1967 685 2032 Βεελζεϐούλ.
720 1964 855 2022 Εἶτα
882 1968 1248 2035 τελευτῶντες
1274 1970 1497 2042 Πιλάτῳ
1523 1971 1827 2043 προσῆγον,
1846 1972 1944 2029 καὶ

335 2060 709 2131 κατηγόρευον
761 2060 949 2129 αὐτοῦ,
981 2062 1091 2116 τῶν
1132 2064 1232 2132 μὲν
1282 2062 1500 2136 ἀληθῶν
1547 2064 1721 2133 οὐδὲν,
1752 2064 1947 2135 ψευδο-

333 2149 551 2215 επείαις
587 2151 645 2205 δὲ
688 2152 889 2224 μᾶλλον
927 2152 1022 2207 καὶ
1051 2153 1441 2223 συκοφαντίαις
1470 2154 1946 2229 χρώμενοιοἝφα-

327 2262 465 2299 σκον
490 2243 711 2316 γὰρ,ὅτι
744 2238 914 2310 Οὗτος
933 2244 1181 2299 ἀνασείει
1214 2246 1341 2311 τοὺς
1369 2246 1581 2317 ὄχλους,
1617 2249 1711 2302 καὶ
1743 2247 1945 2303 κωλύει

326 2336 533 2408 φόρους
562 2335 762 2391 διδόναι
804 2338 1089 2409 Καίσαρι·
1143 2337 1312 2411 ἕτερα
1348 2338 1407 2393 δὲ
1455 2338 1594 2411 πρὸς
1644 2340 1875 2407 τούτοις,
1904 2338 1946 2397 ,ἃ

335 2429 434 2500 τῆς
462 2430 645 2484 αὐτῶν
667 2430 912 2502 κεφαλῆς
932 2431 1032 2503 τὴν
1058 2431 1325 2488 ἄσϐεστον
1350 2433 1717 2506 καταντλήσει
1744 2434 1940 2507 φλόγα.

337 2522 470 2577 Ἐπὶ
497 2524 710 2587 τούτοις
726 2524 924 2589 αὐτοὺς
955 2524 1051 2578 καὶ
1081 2526 1243 2591 αὐτὸς
1272 2527 1300 2579 ὁ
1317 2526 1511 2599 Σωτὴρ
1533 2529 1741 2602 ᾐτιᾶτο,
1769 2529 1946 2600 λέγων

327 2614 421 2671 διὰ
448 2617 634 2689 φωνῆς
673 2618 852 2689 Ὠσηὲ·
885 2637 903 2669 ι
941 2617 1077 2672 οὐαὶ
1114 2619 1319 2688 αὐτοῖς,
1341 2621 1423 2675 ὃτι
1453 2620 1819 2693 ἀπεπήδησαν
1848 2622 1947 2677 ἀπ’

329 2709 468 2780 ἐμοῦ
492 2726 508 2740 ·
540 2708 766 2764 δείλαιοί
796 2704 959 2778 εἰσιν,
986 2711 1067 2766 ὅτι
1111 2711 1396 2784 ἠσέϐησαν
1437 2714 1517 2778 είς
1546 2713 1668 2785 ἐμέ.
1710 2713 1854 2784 Ἐγὼ
1888 2713 1946 2769 δὲ

325 2800 732 2876 ἑλυτρωσάμην
787 2805 1023 2869 αὐτοὺς,
1075 2806 1232 2861 αὐτοὶ
1263 2807 1320 2863 δὲ
1380 2807 1762 2880 κατελάλησαν
1823 2810 1945 2863 κατ’

328 2894 469 2968 ἐμοῦ
529 2895 723 2969 ψευδῆ.
755 2915 773 2949 ι
823 2898 934 2950 Καὶ
990 2896 1081 2952 διά
1127 2915 1192 2967 γε
1263 2899 1364 2972 τῆς
1418 2899 1686 2973 Ἰερεμίου
1740 2902 1945 2975 φωνῆς·

334 3006 355 3041 ι
401 2988 873 3058 Ἐγκαταλέλοιπα
904 2990 995 3048 τὸν
1025 2986 1174 3047 οἶκόν
1208 3010 1335 3064 μου,
1378 2993 1571 3067 ἀφῆκα
1600 2994 1701 3068 τὴν
1736 2994 1940 3068 κληροο

328 3082 530 3154 νομίαν
580 3100 707 3154 μου,
755 3084 934 3141 ἔδωκα
970 3084 1069 3158 τὴν
1115 3085 1492 3160 ἠγαπημένην
1520 3085 1705 3159 ψυχήν
1737 3104 1840 3159 μου
1869 3090 1952 3157 εἰς

331 3174 526 3246 χεῖρας
562 3174 775 3247 ἐχθρῶν
825 3177 1017 3248 αὐτῆς.
1070 3176 1339 3252 Ἑγενήθη
1379 3180 1413 3251 ἡ
1447 3178 1791 3253 κληρονομία
1847 3197 1949 3253 μου

332 3265 479 3336 ἱμοὶ,
511 3263 587 3329 ὡς
621 3265 758 3320 λέων
784 3267 843 3322 ὲν
886 3266 1080 3342 δρυμῷ
1099 3286 1113 3302 ·
1144 3269 1347 3326 ἔδωκεν
1381 3273 1467 3329 ἐπ’
1500 3275 1603 3347 ἐμὲ
1633 3274 1733 3348 τὴν
1764 3276 1951 3348 φωνὴν

331 3353 544 3424 αὐτῆς,
591 3354 680 3410 διὰ
728 3355 889 3411 τοῦτο
923 3359 1164 3431 ἐμίσησα
1213 3362 1407 3435 αὑτήν.
1438 3382 1457 3417 ι
1492 3364 1640 3436 Πρὸς
1680 3366 1790 3436 γὰρ
1829 3369 1954 3437 ταῖς

332 3446 557 3520 ἑτέραις
600 3451 1030 3521 συκοφαντίαις,
1078 3447 1169 3517 αἶς
1213 3456 1544 3526 πεποίηνται
1590 3458 1712 3512 κατ’
1760 3457 1951 3526 αὑτοῦ,

332 3540 669 3612 πλεισταχοῦ
710 3542 1120 3615 τετολμήκασιν
1152 3546 1329 3602 εἰπεῖν
1377 3547 1599 3620 Πιλάτῳ
1646 3550 1955 3622 προσάγον-

333 3649 447 3697 τες·
485 3651 504 3685 ι
533 3630 689 3705 Αἶρε,
723 3630 870 3707 αἶρε,
901 3636 1140 3709 σταύρου
1170 3638 1357 3695 αὐτόν.
1390 3658 1409 3692 ι
1446 3641 1752 3712 Δεδράκασι
1790 3642 1955 3698 τοῦτο

333 3724 579 3797 μάλιστα
604 3726 713 3781 τῶν
745 3727 922 3784 ἄλλων
948 3730 1050 3801 τῆς
1088 3731 1357 3786 Ἰουδαίων
1386 3733 1723 3805 Συναγωγῆς
1746 3735 1795 3789 oi
1828 3752 1958 3806 προ·

332 3818 652 3887 εστηκότες.
678 3820 875 3875 Καίτοι
891 3820 1234 3895 γὰρξείδότες,
1253 3824 1334 3878 ὅτι
1352 3826 1515 3892 αὑτός
1538 3829 1685 3882 ἐστιν
1706 3829 1735 3883 ὁ
1759 3827 1959 3899 κληροο

334 3911 527 3983 νόμος,
549 3908 703 3967 εἷπον
726 3914 784 3966 ἐν
809 3915 1040 3980 ἑαυτοῖς·
1075 3916 1292 3985 «Δεῦτε,
1327 3920 1741 3994 ἀποκτείνωμεν
1764 3921 1956 3991 αὐτὸν,

333 4005 432 4062 καὶ
464 4004 687 4077 σχῶμεν
726 4005 916 4070 αὐτοῖς
953 4007 1053 4080 τὴν
1102 4008 1475 4082 κληρονομίαν
1514 4013 1702 4068 αὐτοῦ.
1750 4032 1773 4066 a
1813 4004 1955 4068 Ἀλλ’

334 4098 662 4171 ἡμάρτανον
690 4099 792 4170 τῆς
824 4098 1062 4163 ἐλπίδος.
1097 4099 1460 4157 Ἀπεκτόνασι
1506 4103 1606 4173 μὲν
1645 4101 1776 4175 γὰρ,
1811 4102 1953 4174 πλὴν

334 4192 401 4246 οὐ
438 4191 724 4264 μεμένηκε
773 4190 851 4262 τῷ
881 4190 1102 4263 θανάτῳ
1140 4193 1404 4264 κάτοχος·
1450 4193 1652 4248 ἀνεϐίω
1695 4193 1826 4264 γὰρ,
1860 4195 1956 4248 καὶ

335 4283 430 4337 τὸν
470 4283 777 4355 ἀμπελῶνα
814 4283 1020 4339 δέδωκε
1054 4286 1326 4357 γεωργοῖς
1352 4284 1585 4357 ἑτέροις,
1619 4286 1823 4356 κακοὺς
1854 4301 1955 4345 κα.-

335 4373 451 4439 κῶς
486 4374 764 4440 ἀπολέσας
807 4376 935 4439 τοὺς
964 4376 1291 4448 ἀγνώμονας
1319 4377 1416 4432 καὶ
1442 4375 1863 4449 κυριοκτόνους.
1884 4371 1957 4437 Ὦ

337 4466 529 4523 τοίνυν
566 4467 701 4535 υἱοὶ,
759 4466 949 4546 φησὶν,
999 4462 1299 4540 ἄνομοι,ὧ
1335 4468 1558 4541 σπέρμα
1605 4467 1813 4540 μοιχῶν
1858 4467 1955 4524 καὶ

338 4559 575 4633 πόρνης.
616 4559 732 4614 Καὶ
766 4559 992 4632 μοιχοὺς
1036 4560 1135 4631 μὲν
1163 4561 1224 4615 ὲν
1254 4559 1465 4625 τούτοις
1492 4559 1761 4617 ἀποκαλεῖ
1816 4560 1947 4623 τοὺς
1982 4592 2031 4649 Β

338 4648 707 4722 καθηγεῖσθαι
756 4649 1024 4721 λαχόντας
1072 4651 1434 4722 Γραμματεῖς
1486 4668 1547 4705 τε
1594 4650 1692 4707 καὶ
1738 4650 1955 4724 νομοδι-

337 4736 672 4802 δασκάλους,
700 4741 752 4791 οἳ
799 4737 1086 4810 μονονουχὶ
1124 4756 1535 4812 κατεμοιχωντο
1572 4738 1673 4814 τὴν
1702 4741 1930 4810 Συναγω

340 4832 473 4905 γὴν,
518 4832 617 4887 καὶ
658 4834 730 4887 τὰ
775 4836 840 4888 ὲκ
896 4833 1065 4905 νόμου
1111 4833 1208 4888 τοῦ
1244 4835 1395 4889 θείου
1446 4832 1740 4900 λαλοῦντες
1790 4836 1959 4910 αὐτῇ³

349 4925 808 4997 παρατρέπονται
851 4926 907 4981 δὲ
940 4926 1140 4998 μᾶλλον
1170 4927 1255 4996 ἐφ’
1280 4926 1317 4983 ἃ
1350 4928 1428 5000 μὴ
1457 4926 1645 4999 θέμις,
1679 4928 1775 4987 καὶ
1813 4927 1959 4987 διδά-

344 5033 575 5082 σκοντες
605 5017 958 5074 διδασκαλίαν
983 5019 1299 5089 ἐντάλματα
1326 5018 1653 5092 ἀνθρώπων.
1685 5020 1867 5092 Πόρνη
1897 5019 1956 5073 δὲ

345 5109 580 5174 εἰκότως
608 5112 643 5181 ἡ
675 5110 787 5166 τῶν
820 5111 1092 5167 Ἰουδαίων
1121 5112 1447 5186 Συναγωγὴ,
1486 5110 1555 5166 τὰ
1603 5111 1715 5168 τῶν
1746 5128 1955 5183 μοιχω-

350 5202 531 5274 μένων
562 5202 835 5279 δεχομένη
885 5207 1218 5280 σπέρματα,
1267 5208 1363 5263 καὶ
1405 5206 1499 5260 τὸν
1536 5204 1631 5261 τοῦ
1674 5204 1954 5273 πανσόφου

345 5292 598 5358 Μωσέως
643 5293 914 5349 ἀθετοῦσα
940 5296 1128 5367 νόμον.
1156 5298 1430 5371 Ταύτῃτοι
1486 5297 1582 5359 καὶ
1623 5297 1771 5369 μάλα
1816 5295 1959 5352 sua.

348 5400 460 5449 τως
503 5386 656 5451 υἱοὺς
694 5386 895 5453 αὐτοὺς
928 5387 1200 5443 ἀποκαλεῖ
1225 5388 1486 5460 ἀνόμους.
1526 5387 1734 5453 Elaeae
1769 5387 1836 5460 δὴ
1863 5382 1959 5443 οῦν

349 5477 408 5528 ὲν
446 5476 576 5542 τίνι,
610 5478 798 5551 φησὶν,
831 5480 1262 5550 ἑνετρυφήσατε,
1296 5481 1395 5535 καὶ
1427 5481 1519 5547 ipsi
1550 5480 1676 5541 τίνα
1707 5480 1960 5551 ὴνοίξατε

345 5564 411 5625 τὸ
436 5568 616 5647 στόμα
643 5570 822 5642 ὑμῶν,
850 5571 945 5628 καὶ
973 5571 1067 5629 ἐπὶ
1092 5570 1214 5625 τίνα
1245 5572 1550 5647 ὲχαλᾲσατε
1576 5571 1675 5649 τὴν
1705 5572 1959 5644 γλῶσσαν

2045 1969 2270 2024 ductum
2305 1969 2660 2033 accusabant,
2688 1962 2965 2024 nihil‘veri
2999 1969 3319 2036 all‘erentes,
3352 1972 3446 2027 sed
3482 1988 3639 2028 men-

2047 2060 2219 2115 daciis
2269 2059 2354 2115 usi
2395 2067 2452 2115 et
2494 2059 2891 2131 sycophantiis.
2964 2060 3226 2116 Dicebant
3277 2063 3425 2116 cnim
3471 2081 3485 2118 :
3532 2060 3644 2121 Iste

2049 2154 2264 2210 turbam
2313 2152 2571 2219 concitat,
2618 2161 2769 2208 vetat
2815 2152 2947 2207 dare
2996 2152 3198 2208 tributa
3242 2153 3470 2221 (lassari,
3509 2156 3644 2211 alia-

2032 2258 2155 2317 que
2210 2254 2475 2317 praeterea
2530 2260 2652 2315 quae
2716 2244 2773 2301 in
2842 2246 3083 2315 ipsorum
3147 2256 3315 2316 caput
3373 2249 3643 2305 inexstin-

2040 2330 2194 2403 ctam
2224 2335 2501 2397 flammam
2541 2338 2852 2399 devolvent.
2888 2338 2969 2393 De
2996 2339 3201 2408 quibus
3226 2342 3511 2397 accusavit
3540 2358 3641 2400 eos

2044 2428 2336 2499 Set-valor,
2371 2445 2505 2489 voce
2524 2428 2681 2487 Oscae
2710 2430 2941 2491 dicens:
2975 2431 3101 2489 «Vae
3125 2431 3250 2498 illis,
3274 2433 3402 2502 quia
3434 2434 3648 2490 resilie-

2046 2535 2176 2583 runt
2224 2538 2389 2593 {me
2416 2540 2431 2591 ;
2466 2521 2655 2579 miseri
2685 2531 2836 2592 sunt,
2866 2523 2994 2592 quia
3040 2523 3190 2595 impii
3220 2526 3558 2581 exstiterunt
3590 2527 3646 2583 in

2048 2629 2159 2675 me.
2196 2614 2308 2683 Ego
2336 2615 2538 2672 redemi
2574 2629 2694 2681 eos,
2723 2614 2802 2670 illi
2831 2629 2961 2670 vero
3004 2615 3246 2671 oblocuti
3292 2626 3423 2673 sum
3454 2627 3645 2675 contra

2050 2721 2141 2764 me
2201 2706 2489 2765 mendacia
2515 2707 2585 2763 “.
2619 2726 2641 2767 ι
2698 2708 2769 2766 Et
2807 2721 2945 2764 voce
2983 2706 3240 2764 Jeremiae
3268 2725 3283 2763 :
3316 2728 3336 2761 ι
3364 2708 3644 2781 Dereliqui

2048 2799 2272 2859 domum
2326 2813 2529 2865 meam,
2580 2799 2767 2859 dimisi
2824 2800 3205 2856 baereditatem
3256 2817 3465 2868 meam,
3522 2804 3649 2860 dedi

2050 2890 2308 2949 dilectam
2373 2892 2615 2948 animam
2673 2907 2851 2948 meam
2897 2892 2955 2948 in
3014 2906 3239 2948 manum
3299 2894 3651 2951 inimicorum

2049 2983 2243 3052 ipsius.
2300 2984 2473 3041 Facta
2504 2993 2587 3041 est
2628 2985 2923 3041 liaereditas
2968 2998 3091 3042 mea
3141 2986 3300 3052 mibi,
3341 3002 3441 3043 ceu
3477 2987 3562 3043 leo
3596 2988 3651 3045 in

2053 3074 2213 3130 silva.
2278 3076 2468 3132 Edidit
2517 3085 2716 3132 contra
2763 3090 2853 3133 me
2901 3088 3090 3133 vocem
3122 3092 3278 3134 suam
3312 3095 3327 3133 :
3360 3089 3653 3151 propterea

2056 3169 2150 3227 odi
2178 3183 2302 3231 eam
2333 3171 2400 3225 ”.
2433 3188 2453 3229 ι
2486 3168 2626 3226 Nam
2667 3179 2872 3239 prater
2911 3168 3047 3227 alias
3073 3174 3484 3246 sycophantias,
3512 3192 3654 3248 quas

2058 3263 2113 3325 in
2149 3263 2302 3323 illum
2348 3263 2756 3334 excogitarunt,
2790 3278 3171 3334 saepenumero
3221 3269 3547 3325 accedentes
3584 3274 3653 3329 ait

2056 3353 2296 3421 Pilatum
2326 3355 2605 3410 audebant
2635 3355 2820 3413 dicere
2852 3377 2864 3411 :
2896 3373 2923 3407 ι
2944 3354 3115 3422 Tolle,
3145 3357 3290 3424 tolle,
3322 3365 3470 3417 cruci
3500 3363 3656 3436 alligo

2057 3462 2184 3514 eum
2211 3448 2279 3506 ³³.
2306 3467 2326 3502 ι
2383 3448 2500 3506 Hoc
2547 3448 2714 3505 etiam
2774 3451 3014 3509 maxime
3045 3448 3172 3520 fpra:
3236 3454 3359 3511 aliis
3404 3455 3659 3513 fecerunt

2057 3541 2301 3599 Judaicae
2345 3541 2651 3614 Synagogac
2677 3557 2956 3622 proceres.
2984 3546 3245 3615 Quamvis
3277 3550 3423 3605 enim
3454 3551 3663 3606 scirent

2059 3649 2187 3693 eum
2227 3636 2499 3692 hatrcdem
2557 3651 2703 3702 esse,
2757 3638 3018 3695 dixerunt
3076 3649 3255 3695 tamen
3302 3642 3446 3712 apud
3497 3656 3656 3698 sese:

2065 3745 2087 3785 ι
2116 3724 2334 3794 Venite,
2364 3728 2683 3785 occidamus
2710 3742 2857 3795 eum,
2903 3739 2961 3787 et
3004 3747 3338 3803 occupemus
3367 3734 3522 3790 nobis
3548 3736 3662 3790 lia:-

2063 3821 2355 3881 reditatem
2402 3819 2521 3889 ejus
2550 3821 2669 3887 ’δν
2730 3822 2826 3878 sed
2894 3837 2992 3894 spe
3046 3840 3144 3879 sua
3199 3823 3449 3882 frustrati
3511 3837 3659 3883 sunt.

2062 3910 2399 3969 Deciderunt
2426 3912 2598 3978 estita,
2632 3913 2729 3969 sed
2764 3928 2871 3968 non
2919 3915 3119 3969 mansit
3161 3915 3414 3972 detentus
3461 3928 3659 3986 morte,

2063 4010 2121 4055 at
2155 4000 2377 4069 revixit,
2411 3999 2652 4070 aliisque
2715 4002 2974 4073 agricolis
3017 4003 3171 4059 dedit
3224 4006 3463 4074 vineam,
3521 4010 3663 4066 male

2059 4093 2236 4157 malos
2280 4092 2543 4162 pendens,
2592 4103 2839 4153 amentes
2871 4104 2928 4150 et
2958 4094 3345 4154 dominicidas.
3394 4099 3657 4172 O‘igitur,

2060 4185 2265 4254 inquit,
2295 4184 2392 4242 lilii
2429 4184 2625 4252 iniqui,
2665 4199 2698 4240 ο
2733 4199 2920 4242 semen
2960 4186 3336 4244 adulterorum
3380 4202 3437 4246 et
3478 4207 3652 4248 mere-

2063 4276 2252 4337 tricis!
2314 4275 2612 4335 Adulteros
2673 4277 2766 4332 hic
2816 4278 3060 4349 appellat
3115 4279 3207 4348 qui
3262 4281 3660 4351 pmsidebant,

2061 4368 2287 4426 Scribas
2313 4379 2368 4427 et
2397 4368 2536 4440 legis
2567 4369 2822 4425 doctores
2852 4390 2867 4426 :
2902 4370 2995 4441 qui
3043 4379 3253 4426 tantum
3296 4388 3404 4427 non
3449 4375 3664 4431 adulta.

2063 4470 2262 4521 rasant
2292 4461 2659 4534 Synagogam,
2694 4472 2753 4518 et
2781 4463 2831 4519 ei
2860 4462 2993 4534 legis
3034 4473 3307 4534 praecepta
3351 4466 3659 4536 loquentes,

2061 4555 2157 4613 sed
2198 4558 2267 4613 ad
2320 4569 2447 4626 qua
2476 4553 2562 4610 fas
2590 4569 2698 4610 non
2726 4564 2845 4612 erat
2870 4555 3282 4625 detorquentcs,
3312 4566 3367 4612 et
3401 4559 3663 4616 docentes

2062 4646 2345 4705 doctrinas
2374 4648 2637 4711 mandata
2675 4646 2986 4703 hominum.
3019 4648 3278 4705 Meretrix
3318 4660 3500 4706 autem
3544 4667 3663 4709 me-

2062 4739 2170 4799 rito
2197 4748 2318 4797 erat
2369 4737 2683 4803 Judcorum
2714 4739 3036 4813 ,Synagoga,
3062 4750 3123 4797 ut
3152 4756 3274 4811 quas
3305 4743 3475 4815 799
3506 4746 3665 4800 adul-

2064 4841 2306 4895 terorum
2351 4833 2564 4891 semina
2624 4834 2917 4905 reciperet,
2964 4845 3020 4893 et
3066 4840 3460 4908 sapientissimi
3499 4840 3666 4897 Mosis

2064 4923 2239 4995 legem
2296 4926 2634 4996 repudiaret.
2690 4925 2831 4983 Hinc
2872 4942 2969 4993 eos
3018 4930 3378 4986 meritissimo
3427 4932 3668 5001 appellat

2064 5016 2206 5073 ﬁlios
2255 5019 2581 5090 iniquitatis.
2640 5018 2815 5077 Dicite
2849 5034 3003 5092 ergo,
3074 5022 3273 5091 inquit,
3332 5023 3384 5078 in
3418 5037 3528 5093 quo
3580 5024 3667 5079 in-

2064 5110 2314 5171 aultastis
2339 5152 2355 5178 ,
2393 5120 2450 5168 et
2499 5123 2693 5170 canna
2745 5127 2907 5183 quem
2960 5114 3259 5184 aperuistis
3286 5129 3352 5171 os
3385 5126 3628 5172 vestrum
3650 5156 3664 5180 ,

2063 5212 2119 5259 et.
2164 5204 2216 5260 in
2253 5217 2421 5274 quem
2466 5205 2697 5262 lanatis
2748 5205 2991 5277 linguam
3045 5206 3329 5265 vestram?
3362 5208 3540 5280 Saepe,
3580 5209 3666 5264 in-

2067 5296 2212 5367 quit,
2256 5295 2494 5352 ludibrio
2551 5297 2820 5361 habuistis
2869 5307 3097 5361 sanctos
3137 5302 3478 5371 prophetas:
3513 5301 3666 5371 atqui

2068 5399 2229 5443 erant
2254 5388 2333 5443 illi
2363 5389 2614 5461 germani
2648 5389 2744 5447 Dei
2776 5391 2974 5447 summi
3010 5390 3128 5459 ﬁlii,
3175 5407 3364 5448 verum
3392 5401 3448 5447 et
3476 5391 3664 5448 famuli

2068 5488 2126 5536 et
2161 5481 2388 5547 subditi,
2418 5492 2476 5538 et
2501 5483 2756 5548 humanae
2778 5484 3110 5541 conditionis
3136 5502 3150 5539 ι
3186 5499 3253 5540 ac
3280 5486 3337 5539 in
3369 5498 3667 5540 conservos

2070 5573 2139 5631 ab
2164 5574 2298 5649 ipsis
2324 5584 2540 5649 patrata
2570 5586 2702 5635 sunt
2731 5575 2999 5635 facinora.
3031 5577 3187 5634 Nunc
3216 5587 3397 5635 autem
3425 5578 3479 5634 in
3504 5591 3669 5652 quem

422 5812 468 5854 "
501 5812 662 5880 Osee,
699 5830 795 5879 vtt,
830 5815 917 5869 15.
993 5816 1038 5847 ’ί
1065 5814 1180 5873 Jer.
1216 5833 1318 5885 an,
1349 5819 1405 5888 7,
1435 5819 1490 5874 8.
1569 5821 1613 5852 ”
1643 5818 1804 5877 loan.
1840 5834 1955 5885 ιιι,
1982 5818 2073 5882 15.
2114 5819 2161 5852 ’⁸
2194 5818 2390 5879 Matth.
2421 5835 2535 5893 xxi,
2576 5819 2665 5881 38.

686 5930 962 5997 Panos.
1005 5934 1124 5995 Gn.
1175 5934 1373 6002 LXX.

3298 5931 3378 6001 ιο
