4100 6464
470 381 514 441 τι
526 381 630 440 269

1516 383 1574 461 S.
1614 380 1891 440 CYlllLLl
1934 381 2404 443 ALEXANDRINI
2445 385 2770 447 ARCllIEP.

3624 390 3762 447 ηοξ)

491 501 728 573 linguam
783 502 1095 559 laxavistis?
1161 500 1300 574 [Non
1352 501 1494 556 enim
1550 504 1829 574 prophetis
1875 504 2052 560 simili:

2177 507 2349 576 ὑμῶν.
2403 509 2610 574 nam;
2650 510 2965 572 πλειστάκις
3016 507 3366 576 ἐποιήσασθε,
3414 506 3567 579 φησὶ,
3598 507 3765 563 λοιδο-

492 594 611 661 fuit,
647 605 846 650 nostra:
874 596 1203 650 conditionis
1234 594 1491 659 famulus,
1531 597 1661 667 jugo
1693 598 1944 652 subditus
1972 615 1986 651 :
2014 607 2071 652 at

488 686 604 754 ipse
648 687 906 742 Dominus
957 689 1358 754 universorum,
1413 690 1513 743 etsi
1571 690 1790 758 quidem
1841 689 2069 744 formam

486 779 737 835 servilem
777 780 1031 834 induerit.
1081 780 1203 834 Filii
1246 782 1452 850 itaque,
1502 780 1698 849 inquit,
1730 781 1865 835 estis
1891 780 1956 834 ad
1989 782 2074 833 in-

488 870 705 923 teritum
742 871 1000 926 destinati
1056 868 1187 945 (l).]
1219 871 1327 927 Nec
1356 872 1497 925 enim
1554 871 1801 926 voluistis
1830 872 2072 940 recipere

483 958 859 1027 Servatorem;
906 974 960 1017 et
1006 979 1192 1019 semen
1252 966 1493 1034 iniquum
1531 966 1661 1019 estis
1706 983 1718 1018 :
1776 979 1883 1018 non
1924 964 2067 1018 enim

485 1050 681 1105 tulistis
720 1066 885 1118 eum,
935 1054 1027 1122 qui
1082 1070 1178 1124 per
1227 1057 1536 1126 evangelica
1594 1054 1811 1111 oracula
1859 1070 1952 1111 vos
2003 1056 2068 1110 ad

483 1139 739 1207 pietatem
767 1142 1028 1197 instituit.

555 1330 720 1386 Vens.
758 1331 813 1396 5,
842 1333 895 1387 7.
934 1333 1040 1398 Qui
1080 1335 1278 1387 vocatis
1324 1334 1393 1387 ad
1448 1335 1591 1388 idola
1642 1335 1818 1389 subter
1851 1335 2065 1390 arbores

479 1423 780 1493 frondosus,
838 1424 1171 1478 immolantes
1218 1425 1361 1493 filios
1390 1438 1587 1479 vestros
1636 1428 1689 1477 in
1723 1426 1944 1480 vallibus
1973 1444 2066 1492 per

478 1516 709 1569 medium
740 1525 1035 1582 petrarum.
1085 1514 1213 1569 Ha'c
1257 1533 1381 1584 pars
1419 1527 1529 1579 tua,
1572 1518 1682 1572 licet:
1709 1535 1824 1573 sors
1858 1530 1972 1585 tua,
2012 1528 2062 1573 et

477 1606 582 1659 illis
609 1606 845 1674 e/fudisti
875 1606 1154 1674 libamina,
1180 1620 1224 1661 et
1256 1608 1364 1661 illis
1392 1609 1628 1663 obtulisti
1666 1612 1891 1665 hostias.
1928 1610 2063 1665 Pro-

474 1708 587 1764 pter
615 1699 727 1751 Itwc
755 1714 877 1767 ergo
907 1713 1009 1751 non
1039 1698 1289 1752 irascar?
1310 1698 1375 1752 In
1415 1714 1587 1754 monte
1616 1705 1819 1758 excelso
1848 1714 1894 1757 et
1923 1720 2062 1774 prir-

474 1789 585 1841 alto
609 1798 685 1843 est
712 1790 877 1842 (ttbtle
903 1798 1076 1853 tuum,
1107 1798 1158 1843 et
1189 1789 1321 1843 illuc
1354 1792 1634 1846 ascendere
1664 1793 1835 1861 fecisti
1860 1795 2058 1850 hostias

2177 599 2298 668 ρίας
2332 600 2473 654 κατὰ
2514 602 2810 673 προφητῶν
2842 601 3029 671 ἁγίων,
3064 599 3177 653 ἀλλ’
3205 595 3346 670 ⁴ἦσαν
3377 602 3596 666 ἐκεῖνοι,
3632 602 3757 674 γνη⁴

2175 706 2279 743 σιοι
2325 690 2426 761 μὲν
2464 692 2542 762 τῷ
2592 693 2683 747 ἐπὶ
2747 693 2964 746 πάντων
3002 691 3142 761 Θεῷ,
3195 690 3335 763 πλὴν
3369 692 3616 759 οἰκέται,
3666 695 3757 747 καὶ

2173 778 2600 850 ὑπεζευγμένοι,
2647 782 2744 835 καὶ
2800 783 2998 853 μέτρον
3038 782 3254 852 ἔχοντες
3290 782 3352 835 τὸ
3393 782 3757 860 ἀνθρώπινον,

2172 870 2267 922 καὶ
2294 872 2372 934 είς
2402 872 2722 941 ὁμοδούλους
2747 868 2814 944 ἦν
2836 873 2906 926 τὰ
2932 873 3058 944 παρ’
3081 874 3259 926 αὐτῶν
3287 872 3729 945 πλημμελήματα
3746 918 3759 932 .

2171 963 2307 1016 Νυνὶ
2349 962 2406 1016 δὲ
2438 966 2530 1017 ἐπὶ
2562 965 2685 1019 τίνα
2729 965 2826 1035 τὴν
2861 964 3113 1032 γλῶσσαν
3158 965 3497 1035 ἐχαλάσατε;
3534 965 3607 1018 Οὐ
3650 966 3762 1034 γάρ

2169 1054 2471 1125 ἠθελήσατε
2501 1056 2683 1109 λαϐεῖν
2712 1057 2803 1109 τὸν
2836 1055 3075 1121 σώζοντα
3099 1071 3111 1085 ·
3143 1057 3237 1109 καὶ
3273 1057 3495 1127 σπέρμα
3532 1057 3760 1128 ἄνομον·

2168 1147 2230 1200 ού
2262 1152 2371 1217 γάρ
2401 1148 2663 1218 ἡνὲχεσθε
2696 1147 2788 1201 τοῦ
2818 1147 3320 1219 καταρυθμίζοντος
3357 1151 3440 1211 είς
3473 1148 3769 1210 εὐσέϐειαν,

2166 1238 2253 1293 διὰ
2282 1239 2669 1309 θεσπισμάτων
2696 1239 3091 1308 εύαγγελικῶν.

2241 1334 2306 1385 οι
2342 1331 2833 1400 παρακαλοῦντες
2861 1331 2959 1385 ἐπὶ
3004 1332 3078 1387 τὰ
3113 1332 3333 1387 εἴδωλα
3379 1333 3497 1388 ὑπὸ
3535 1331 3754 1400 δένδρα

2165 1421 2376 1487 δασέα,
2420 1421 2751 1492 σφάζοντες
2799 1423 2872 1477 τὰ
2917 1423 3099 1478 τέκνα
3127 1423 3329 1479 αὐτῶν
3355 1425 3426 1478 ἐν
3465 1423 3593 1490 ταῖς
3635 1424 3741 1493 φά-

2158 1513 2378 1583 ραγξιν
2434 1512 2552 1569 ἀνὰ
2594 1512 2789 1583 μέσον
2817 1514 2939 1568 τῶν
2984 1515 3238 1583 πετρῶν.
3281 1515 3508 1581 Ἐκείνη
3558 1531 3676 1567 σου
3712 1515 3750 1581 si

2157 1606 2351 1675 μερὶς,
2384 1602 2562 1673 οὗτός
2613 1624 2731 1661 σου
2769 1610 2803 1661 ὁ
2853 1606 3102 1675 κλῆρος,
3143 1607 3450 1673 κάκείνοις
3505 1606 3755 1674 ἐξέχεας

2163 1698 2467 1766 σπονδὰς,
2536 1700 2840 1767 κάκείνοις
2912 1701 3258 1769 ἀνήνεγκας
3328 1700 3566 1765 θυσίας.
3624 1698 3752 1750 Ἐπὶ

2161 1790 2396 1856 τούτοις
2428 1785 2541 1846 οὖν
2580 1792 2693 1845 οὐκ
2742 1791 3215 1862 ὀργισθήσομαι;
3254 1791 3377 1845 Ἐπ’
3421 1790 3559 1860 ὅρος
3591 1793 3753 1858 ὑψη-

472 1891 612 1946 ιιιαδ,
661 1890 709 1934 et
762 1889 879 1949 post
936 1890 1108 1950 postes
1163 1882 1289 1935 ostii
1345 1882 1422 1935 tui
1472 1858 1694 1951 posuisti
1753 1886 2052 1940 memoriam

2160 1881 2275 1936 λον
2313 1882 2411 1935 καὶ
2451 1858 2782 1952 μετέωρον,
2820 1858 2954 1937 ἐκεῖ
2983 1858 3102 1939 σοι)
3153 1885 3192 1953 ἠ
3232 1887 3422 1953 κοίτη,
3450 1858 3581 1941 ⁷καὶ
3628 1882 3754 1936 ἐκεῖ

468 1977 640 2025 tuam.

544 2147 922 2204 Duminicidas
970 2157 1258 2219 postquam
1293 2163 1388 2205 eos
1414 2163 1536 2206 esse
1576 2148 1841 2216 ostendit,
1890 2150 2054 2206 alium

466 2242 724 2297 morbum
773 2240 1057 2311 patefacit,
1093 2242 1237 2311 quod
1268 2242 1378 2296 sint
1401 2256 1591 2297 osores
1628 2241 1746 2307 Dei,
1779 2252 1833 2296 et
1855 2243 1920 2297 ad
1946 2256 2054 2312 cte-

469 2333 595 2386 tlem
625 2330 928 2386 faciendam
957 2332 1285 2401 prmcipites,
1344 2346 1443 2387 nec
1494 2332 1547 2386 id
1595 2347 1792 2387 novum
1831 2342 1921 2387 aut
1956 2349 2058 2389 nu-

481 2439 673 2494 perum
705 2425 758 2479 in
785 2425 893 2479 illis
924 2426 1019 2490 sit,
1055 2426 1148 2479 sed
1190 2425 1516 2495 jampridem
1564 2441 1627 2481 ac
1677 2427 1858 2483 multis
1907 2436 2055 2482 retro

469 2513 684 2569 szeculis
715 2514 796 2567 eis
826 2513 1125 2569 iuoleverit.
1154 2513 1447 2568 Vos;enim
1503 2515 1656 2581 estis,
1708 2515 1902 2585 inquit,
1961 2515 2053 2584 qui

466 2606 846 2677 superioribus
887 2605 1224 2675 temporibus
1269 2606 1600 2675 implorastis
1642 2607 1782 2662 idola
1827 2607 1928 2662 sub
1961 2622 2053 2661 ar-

465 2698 694 2752 boribus
730 2696 1027 2752 frondosis.
1061 2697 1174 2751 Etsi
1214 2700 1357 2751 enim
1392 2697 1475 2753 lex
1509 2695 1743 2753 Mosaica
1772 2699 1921 2753 utilia
1949 2699 2055 2755 illis

465 2789 854 2856 praescriberet
884 2797 940 2843 et
970 2789 1173 2843 diserte
1217 2788 1424 2843 diceret
1453 2806 1465 2842 :
1505 2807 1524 2840 ι
1550 2788 1836 2844 Dominum
1883 2789 2052 2844 Deum

470 2890 621 2935 tuum
642 2880 923 2944 adorabis,
949 2890 1004 2935 et
1032 2880 1083 2934 ei
1110 2878 1209 2935 soli
1239 2880 1468 2945 servies,
1504 2898 1521 2931 ι
1561 2895 1626 2935 eo
1669 2889 1847 2935 tamen
1890 2879 2052 2936 fatui-

473 2972 626 3037 tatis,
660 2973 740 3027 vel
770 2973 951 3041 potius
974 2971 1269 3041 impietatis
1322 2972 1679 3027 intolerandae
1710 2981 1764 3027 et
1790 2973 2054 3027 immode-

466 3073 602 3117 rata!
651 3063 884 3133 prolapsi
925 3073 1069 3127 sunt,
1105 3072 1164 3117 ut
1191 3064 1460 3118 idolorum
1504 3064 1786 3118 architecti
1834 3064 2045 3130 fierent,

468 3153 682 3224 illisque
704 3170 858 3209 sacra
903 3153 1167 3216 facerent,
1213 3165 1269 3208 et
1322 3155 1746 3208 eshortarentur
1774 3170 1838 3209 ac
1881 3156 2046 3211 doce—

465 3216 610 3303 rent-
645 3247 782 3301 alios
845 3251 948 3302 sub
993 3245 1277 3301 arboribus
1349 3243 1618 3299 frondosis
1681 3245 1950 3310 adorare,
1995 3216 2126 3302 etc

461 3354 527 3395 ea
567 3338 766 3394 divinis
833 3338 1134 3394 honoribus
1204 3352 1423 3393 ornare.
1494 3336 1647 3403 Quod
1708 3337 2049 3408 perspicuum

464 3430 598 3487 facit
659 3431 1042 3486 universorum
1097 3429 1241 3493 Deus
1302 3443 1437 3483 voce
1481 3426 1752 3494 Jercmiae,
1814 3430 2048 3485 dicens:

469 3521 716 3577 «Vidisti
792 3535 916 3591 quae
976 3518 1107 3575 fecit
1168 3517 1302 3573 mihi
1362 3518 1629 3574 habitatio
1693 3516 1884 3577 Israel.
1938 3518 2052 3574 Ab-

463 3614 645 3669 ierunt
684 3614 752 3668 ad
794 3625 1012 3668 omnem
1070 3614 1306 3664 montem
1367 3610 1689 3676 excelsum,
1734 3619 1790 3665 et
1855 3609 2049 3665 subtus

461 3719 627 3760 omne
677 3703 882 3774 lignum
932 3701 1276 3767 frondosum,
1308 3713 1363 3757 et
1388 3701 1642 3757 fornicati
1668 3710 1793 3757 sunt
1821 3700 1894 3755 ibi
1921 3700 1989 3755 ’⁸.
2025 3718 2046 3754 ι

460 3792 820 3865 Occupabant
845 3794 991 3849 enim
1020 3795 1282 3850 montium
1311 3794 1569 3860 vertices,
1592 3804 1646 3849 et
1675 3792 1825 3848 lucos
1852 3790 2051 3849 ﬂoren-

462 3888 726 3953 tissimos,
781 3896 837 3943 et
882 3887 993 3943 illic
1028 3901 1155 3943 aras
1189 3902 1255 3943 ac
1289 3885 1515 3943 delubra
1548 3894 1958 3950 exstruxerunt,
1997 3894 2054 3941 et

466 3980 677 4037 hostias
710 3979 939 4050 impuris
991 3980 1329 4036 daemonibus
1354 3994 1420 4036 ac
1462 3977 1719 4033 libamina
1751 3977 1921 4049 800
1948 3978 2051 4033 ob-

465 4071 727 4137 tulerunt,
784 4084 888 4127 nec
942 4070 1054 4126 suis
1109 4070 1297 4125 liberis
1357 4076 1742 4139 pepercerunt.
1798 4066 2054 4123 Mactavit

460 4163 693 4232 exempli
754 4177 915 4218 causa
977 4162 1271 4218 Jechonias
1326 4159 1495 4214 filium
1541 4173 1723 4223 suum,
1771 4173 1877 4215 non
1924 4161 2043 4215 diis.

462 4254 618 4323 Quod
655 4253 820 4309 etiam
854 4252 998 4308 Deus
1025 4254 1143 4324 ipse
1167 4268 1263 4321 per
1292 4267 1458 4307 unum
1486 4265 1517 4305 e
1548 4251 1751 4307 sanctis
1775 4250 2052 4322 prophetis

461 4347 618 4412 dixit,
681 4344 1056 4402 crudelitatem
1107 4359 1295 4399 eorum
1333 4342 1428 4413 qui
1463 4341 1589 4397 talia
1636 4341 1923 4413 patrahant
1958 4342 2054 4397 de-

463 4446 817 4493 monstrans:
865 4455 884 4489 ι
920 4434 1245 4491 Sacrificale
1283 4433 1551 4501 homines,
1587 4433 1742 4489 vituli
1773 4434 1919 4489 enim
1954 4433 2051 4488 de-

2155 1974 2521 2039 ἀνεϐίϐασας
2547 1976 2785 2041 θυσίας,
2816 1976 2915 2029 καὶ
2941 1977 3135 2031 ὀπίσω
3170 1975 3290 2031 τῶν
3317 1973 3603 2045 σταθμῶν
3641 1972 3753 2043 τῆς

2156 2068 2340 2137 θύρας
2371 2083 2490 2123 σου
2527 2068 2748 2137 ἔθηκας
2780 2069 3184 2138 μνημόσυνόν
3212 2086 3349 2124 σου.

2227 2160 2625 2231 κυριοκτόνους
2672 2161 2871 2224 αὐτοὺς
2899 2160 3209 2232 ἀποφήνας,
3240 2161 3512 2215 δείκνυσιν
3565 2162 3651 2217 δτι
3689 2163 3751 2220 τὸ

2158 2250 2406 2322 μισόθεον
2452 2252 2638 2316 αὐτοῖς
2670 2252 3043 2325 ἀρρώστημα,
3092 2253 3188 2307 καὶ
3232 2253 3293 2307 τὺ
3329 2254 3618 2327 πρόχειρον
3669 2258 3751 2321 si;

2158 2340 2492 2412 μιαιφονίαν,
2522 2343 2582 2396 οὗ
2615 2343 2733 2397 νέον
2763 2338 2832 2415 ἦν
2875 2344 2934 2396 ὲν
2969 2343 3171 2406 αὐτοῖς,
3202 2342 3339 2397 ἀλλὰ
3372 2343 3481 2415 γὰρ
3515 2347 3579 2398 ὲκ
3623 2347 3752 2399 πολ-

2154 2432 2248 2487 λοῦ
2301 2434 2396 2487 καὶ
2432 2433 2639 2488 ἄνωθεν
2684 2434 2990 2505 ἐνυπάρχον
3019 2434 3221 2497 αὐτοῖς.
3260 2435 3451 2505 Ὑμεῖς
3484 2437 3594 2507 γάρ
3623 2439 3750 2491 ἐστε

2154 2526 2205 2579 oi
2240 2526 2378 2579 κατὰ
2411 2526 2539 2589 τοὺς
2572 2524 2803 2589 ἄνωθεν,
2838 2526 2993 2596 φησὶ,
3027 2526 3254 2599 καιροὺς
3304 2528 3751 2598 παρακαλοῦντες

2155 2616 2248 2670 ὲπὶ
2284 2616 2353 2671 τά
2385 2617 2579 2671 εἴδωλα
2629 2617 2735 2671 ὑπὸ
2777 2618 2974 2690 δένδρα
3016 2617 3201 2672 δασέα.
3235 2618 3431 2672 Καίτοι
3462 2620 3571 2690 γὰρ
3617 2619 3751 2692 βρα-

2154 2710 2405 2787 βεύοντος
2431 2711 2615 2775 αὐτοῖς
2647 2709 2741 2764 τοῦ
2778 2710 2866 2764 διὰ
2901 2710 3145 2773 Μωσέως
3176 2710 3340 2781 νόμου
3370 2710 3437 2764 τά
3481 2712 3746 2783 χρήσιμα,

2153 2803 2453 2876 διαρρήδην
2488 2820 2546 2856 τε
2570 2801 2842 2872 λέγοντος,
2880 2822 2897 2853 ι
2928 2802 3131 2874 Κύριον
3162 2804 3252 2855 τὸν
3281 2802 3411 2856 Θεὸν
3447 2819 3541 2856 σου
3574 2820 3744 2874 προσ-

2154 2896 2445 2964 κυνήσεις,
2484 2893 2579 2946 καὶ
2623 2892 2771 2979 αὐτῷ
2819 2892 2966 2961 μόνῳ
3001 2890 3352 2963 λατρεύσεις,
3378 2910 3395 2943 ι
3449 2892 3747 2963 φρενοϐλα·

2153 2985 2306 3050 Gela;
2346 2987 2427 3050 είς
2460 2984 2619 3038 τοῦτο
2669 2983 3026 3051 κατώλισθον,
3077 2984 3279 3055 μᾶλλον
3326 2984 3384 3038 δὲ
3432 2984 3750 3043 δυσσεϐείας

2152 3075 2382 3147 ἀσχέτου
2438 3075 2531 3128 καὶ
2559 3074 2661 3144 τῆς
2708 3072 2853 3144 πέρα
2885 3072 3085 3145 μέτρου
3117 3073 3339 3141 παντὸς,
3366 3073 3506 3127 ὥστε
3536 3075 3628 3127 καὶ
3665 3076 3748 3127 εί-

2151 3167 2336 3223 δώλων
2364 3167 2615 3236 γενέσθαι
2645 3166 3036 3235 δημιουργοὺς,
3069 3163 3163 3217 καὶ
3199 3166 3501 3236 ἱερουργεῖν
3529 3164 3745 3228 αὐτοῖς,

2155 3261 2251 3315 καὶ
2289 3258 2648 3332 παρακαλεῖν,
2678 3258 2795 3329 ἦτοι
2840 3256 3115 3310 διδάσκειν
3149 3256 3369 3326 ἑτέρους
3407 3255 3513 3309 ὑπὸ
3553 3254 3749 3327 δένδρα

2153 3351 2323 3405 δασέα
2352 3349 2703 3421 προσκυνεῖν,
2741 3347 2836 3401 καὶ
2860 3348 3046 3417 τιμαῖς
3070 3348 3191 3409 ταῖς
3216 3345 3578 3413 θεοπρεπέσιν
3604 3346 3750 3400 αὐτὰ

2154 3439 2473 3511 στεφανοῦν.
2511 3439 2686 3493 Τοῦτο
2736 3436 3060 3508 καθίστησιν
3107 3436 3337 3508 ἐναργὲς
3373 3438 3401 3489 ό
3446 3435 3557 3490 τῶν
3608 3435 3747 3489 ὅλων

2152 3534 2286 3599 Θεὸς
2317 3534 2405 3587 διὰ
2436 3531 2621 3603 φωνῆς
2657 3529 2921 3602 Ἱερεμίου
2949 3528 3157 3597 λέγων·
3200 3546 3219 3579 ι
3255 3523 3408 3590 Εἶδες
3438 3527 3474 3583 ἃ
3519 3527 3746 3599 ἐποίησέ

2156 3642 2245 3698 μοι
2282 3625 2315 3694 ἡ
2362 3620 2616 3679 κατοικία
2660 3618 2754 3673 τοῦ
2789 3617 3042 3690 Ἰσραήλ·
3081 3616 3459 3689 ἐπορεύθησαν
3508 3618 3599 3670 ἐπὶ
3636 3618 3746 3670 πᾶν

2151 3717 2277 3790 δρος
2312 3714 2541 3786 ὑψηλὸν,
2570 3713 2665 3766 καὶ
2700 3710 2961 3765 ὑποκάτω
2990 3708 3192 3772 παντὸς
3232 3708 3389 3773 ξύλου
3443 3707 3741 3771 ἁλσὼδους,

2151 3809 2246 3863 καὶ
2274 3807 2608 3878 ἐπόρνευσαν
2631 3803 2801 3856 ἐκεῖ.»
2829 3798 3361 3869 Καταλαμϐάνοντες
3392 3797 3499 3868 γὰρ
3522 3796 3620 3859 τάς
3633 3797 3745 3849 τῶν

2151 3900 2295 3971 ὀρῶν
2339 3896 2585 3970 κορυφὰς
2640 3893 2735 3947 καὶ
2782 3891 2851 3945 τά
2910 3890 3022 3943 τῶν
3078 3888 3289 3943 ἀλσέων
3342 3887 3742 3957 εύανθέστερα.

2154 3990 2372 4062 βωμοὺς
2420 3986 2515 4041 καὶ
2558 3983 2758 4055 τεμένη
2813 3978 3238 4044 κατεσκεύαζον,
3289 3978 3484 4041 θυσίας
3534 3994 3593 4030 τε
3651 3978 3747 4031 καὶ

2154 4078 2387 4141 σπονδὰς
2433 4072 2835 4148 προσεκόμιζον
2868 4070 3056 4125 αὐτόθι
3106 4071 3220 4133 τοῖς
3250 4068 3583 4140 ἀκαθάρτοις
3625 4067 3744 4122 δαί-

2155 4188 2345 4246 μοσιν*
2386 4170 2497 4223 εἰσὶ
2532 4168 2590 4222 δὲ
2637 4167 2735 4221 καὶ
2774 4166 2824 4219 οἱ
2857 4163 2967 4217 τῶν
3022 4162 3169 4216 ἰδίων
3204 4161 3599 4234 ἀφειδήσαντες
3650 4163 3744 4215 τέ-

2152 4282 2315 4321 κνων.
2342 4262 2587 4332 Ἔσφαξε
2617 4259 2746 4330 γοῦν
2781 4256 3035 4328 Ἰεχονίας
3067 4254 3159 4309 τὸν
3190 4248 3325 4309 ἴδιον
3350 4256 3464 4308 υἱὸν
3500 4256 3612 4317 τοῖς
3640 4253 3744 4307 ούκ

2151 4354 2272 4413 οὖσι
2296 4351 2645 4419 θεοῖς.Τοῦτο
2672 4351 2767 4405 καὶ
2786 4347 2949 4410 αὐτὸς
2974 4346 3077 4418 ἔφη
3107 4362 3212 4400 που
3234 4346 3367 4409 Θεὸς
3392 4345 3458 4399 δι’
3485 4345 3602 4408 ἐνὸς
3631 4345 3742 4397 τῶν

2153 4450 2326 4519 ἁγίων
2365 4442 2689 4517 προφητῶν,
2720 4440 2818 4513 τὴν
2856 4439 3117 4511 ὠμότητα
3146 4435 3504 4499 καταδεικνὺς
3534 4433 3643 4488 τῶν
3673 4433 3744 4487 τά

462 4529 711 4585 focerunt
737 4528 808 4584 ".
843 4546 863 4580 ι
897 4526 1006 4583 Vos
1041 4528 1204 4597 igitur
1227 4526 1383 4592 estis,
1433 4526 1627 4596 inquit,
1663 4526 1758 4595 qui
1786 4525 2046 4583 exhorta-

2153 4540 2330 4597 τοιάδε
2364 4539 2499 4610 δρᾷν
2536 4533 2826 4588 εἰωθότωνο
2866 4550 2885 4584 t
2915 4530 3126 4584 Θύσατε
3164 4527 3511 4599 ἀνθρώπους·
3549 4526 3744 4598 μόσχοι

460 4620 595 4676 mini
622 4620 690 4675 ad
725 4619 890 4687 idola,
938 4618 1043 4675 sub
1079 4617 1370 4673 arboribus
1401 4616 1605 4685 densis,
1642 4626 1941 4674 mactantes
1972 4616 2041 4672 li-

459 4711 619 4768 beros
664 4717 876 4766 vestros
910 4710 964 4764 in
1012 4708 1389 4778 vallibus,per
1442 4709 1677 4765 medium
1735 4719 2039 4779 petrarum.

434 4799 597 4868 ,Quid
645 4808 762 4858 tum
799 4799 1034 4871 postea?
1083 4799 1208 4855 Haec
1258 4809 1346 4855 tua
1400 4815 1547 4870 pars,
1596 4801 1715 4856 haec
1761 4810 1850 4854 tua
1898 4813 2038 4855 sors.

454 4893 707 4950 Adorasti
738 4894 884 4948 enim
914 4907 1072 4960 vana,
1107 4891 1304 4963 inquit,
1353 4893 1514 4949 talem
1562 4904 1784 4960 quoque
1813 4890 2041 4946 habebis

455 4986 783 5054 portionem,
818 4993 874 5039 et
897 4998 1022 5040 sors
1049 4984 1144 5039 tibi
1179 4984 1286 5039 erit
1316 4984 1517 5039 inanis.
1554 4982 1649 5039 Vel
1681 4981 1812 5036 illud
1854 4981 2039 5037 dicere

452 5076 605 5132 vult:
635 5075 916 5133 Mactastis
954 5076 1153 5133 liberos
1200 5087 1433 5141 vestros,
1473 5076 1672 5144 inquit,
1700 5075 1754 5129 in
1781 5073 2029 5129 vallibus.

452 5169 545 5224 illa
573 5182 708 5237 ergo
728 5176 811 5224 est
841 5176 933 5229 tua
967 5184 1119 5241 pars,
1156 5170 1272 5225 haec
1314 5178 1401 5223 tua
1443 5182 1567 5223 sors
1595 5185 1608 5221 :
1641 5165 1693 5220 id
1717 5175 1823 5231 est,
1859 5165 1914 5219 in
1938 5179 2033 5220 ea-

452 5263 576 5315 dem
607 5261 887 5315 deducetis
921 5260 1082 5324 mala,
1114 5259 1328 5327 eritque
1365 5272 1492 5325 pars
1533 5271 1597 5311 ac
1637 5270 1757 5311 sors
1788 5256 1881 5311 tibi
1918 5270 2034 5310 ma-

452 5354 643 5408 t-tatio.
672 5350 1079 5419 Quamobrem?
1100 5349 1346 5404 Primum
1378 5348 1504 5416 quia
1529 5346 1828 5402 liberortnn
1868 5347 2038 5401 exsti-

453 5446 566 5502 tiSti
592 5445 912 5500 interfector
943 5460 957 5496 :
990 5440 1187 5496 deinde
1208 5439 1590 5509 quiaimpuris
1618 5439 1953 5494 daemonibus
1986 5448 2040 5493 et

451 5536 712 5592 inanimis
753 5536 914 5590 idolis
940 5530 1181 5586 eﬂ‘udisti
1208 5529 1486 5595 libamina,
1537 5530 1754 5600 illisque
1792 5529 2038 5586 obtulisti

449 5627 677 5682 hostias.
702 5625 910 5695 Itaque,
937 5622 1132 5693 inquit,
1164 5636 1341 5677 nonne
1359 5620 1428 5679 ob
1457 5623 1559 5678 hoc
1581 5622 1831 5678 irascar?
1858 5636 2036 5676 nonne

517 5799 598 5867 (t)
635 5796 1021 5851 Desiderantur
1049 5797 1163 5853 ιιωε
1193 5799 1247 5853 ἱιι
1280 5797 1469 5855 Graeco
1500 5798 1818 5867 exemplari.

2147 4632 2254 4705 γάρ
2294 4628 2691 4683 ἐκλελοίπασιν.
2719 4643 2737 4677 s
2784 4623 2974 4694 Ὑμεῖς
3019 4618 3199 4673 τοίνυν
3248 4619 3394 4683 ἐστὲ,
3442 4618 3629 4688 φησὶν,
3688 4620 3741 4670 οἱ

2147 4718 2593 4795 παρακαλοῦντες
2636 4717 2730 4770 ἐπὶ
2777 4714 2846 4767 τά
2900 4712 3131 4775 εἴδωλα,
3180 4711 3285 4764 ὑπὸ
3333 4709 3524 4780 δένδρα
3572 4708 3744 4763 δασέα

2086 4797 2100 4812 ’
2145 4813 2446 4885 σφάζοντες
2493 4811 2561 4865 τὰ
2611 4809 2779 4863 τέκνα
2828 4805 3011 4860 αὐτῶν
3048 4805 3104 4858 ὲν
3140 4805 3259 4866 ταῖς
3287 4801 3559 4872 φάραγξιν
3603 4801 3743 4854 ἀνα-

2145 4903 2307 4972 μέσον
2335 4901 2443 4954 τῶν
2480 4897 2718 4970 πετρῶν.
2747 4895 2813 4949 Τί
2841 4889 2936 4948 οὖν
2977 4893 3070 4947 ἐπὶ
3106 4891 3346 4957 τούτοις;
3393 4889 3606 4958 Ἐκείνη
3644 4906 3744 4942 σου

2144 4994 2324 5065 μερὶς.
2348 4983 2505 5054 οὗτός
2543 5006 2637 5043 σου
2665 4987 2695 5040 ὁ
2727 4986 2950 5056 κλῆρος.
2976 4983 3440 5055 Προσκεκύνηκας
3475 4980 3574 5051 μὲν
3604 4979 3744 5050 γὰρ,

2141 5084 2298 5155 φησὶ,
2323 5084 2437 5144 τοῖς
2473 5079 2724 5151 ματαίοις
2751 5093 2764 5106 '
2815 5076 2960 5141 ἕξεις
3006 5075 3060 5127 δὲ
3098 5073 3291 5145 μερίδα
3332 5069 3607 5142 τοιαύτην,
3644 5073 3744 5125 καὶ

2141 5172 2343 5243 κλῆρος
2389 5171 2542 5223 ἔσται
2575 5185 2659 5221 σοι
2709 5165 2959 5238 μάταιος.
2990 5166 3196 5233 Ἦγουν
3245 5162 3422 5218 ἐκεῖνό
3459 5179 3562 5216 που
3597 5160 3745 5233 τάχα

2145 5262 2395 5333 βούλεται
2419 5257 2635 5330 δηλοῦν⁹
2681 5256 2984 5325 Ἐσφάξατε
3018 5255 3087 5309 τὰ
3122 5255 3286 5309 τέκνα
3317 5252 3498 5307 αὐτῶν
3530 5253 3587 5306 ὲν
3619 5256 3745 5316 ταῖς

2147 5346 2409 5420 φάραγξι,
2445 5346 2630 5418 φησίν.
2662 5344 2874 5398 Οὐκοῦν
2913 5344 3095 5415 ἐκείνη
3127 5360 3220 5399 σου
3254 5342 3431 5413 μερὶς,
3462 5335 3614 5403 οὗτός
3642 5356 3742 5395 σου

2144 5442 2174 5494 ὀ
2196 5440 2418 5512 κλῆρος,
2450 5437 2721 5502 τουτέστι,
2752 5437 2866 5499 τοῖς
2896 5436 3033 5498 ἴσοις
3065 5433 3371 5506 ὲνσχεθήσῃ
3404 5436 3617 5494 κακοῖς,
3646 5434 3745 5487 καὶ

2146 5532 2438 5602 γενήσεταί
2468 5547 2553 5584 σοι
2596 5529 2758 5601 μερὶς
2802 5529 2899 5583 καὶ
2925 5528 3129 5598 κλῆρος
3156 5528 3192 5597 ἡ
3221 5526 3427 5597 σφαγή.
3452 5524 3552 5579 Διὰ
3576 5522 3743 5577 ποίαν

2146 5622 2359 5690 ait-ictu;
2393 5621 2617 5693 Πρῶτον
2669 5622 2768 5690 μὲν
2810 5621 2891 5674 ὅτι
2927 5620 3158 5689 γέγονας
3191 5617 3573 5681 παιδοκτόνος,
3616 5608 3742 5671 sica

2250 5798 2295 5830 ”
2323 5797 2433 5853 Jcr.
2466 5813 2546 5863 ιιι,
2572 5796 2626 5852 6.
2704 5797 2749 5829 ’⁸
2778 5796 2908 5851 Ose.
2937 5810 3054 5863 xm,
3082 5796 3117 5848 2
