4100 6494
352 457 486 515 1261

1463 457 1529 513 lN
1571 456 1802 514 ISAIAM
1842 456 1970 514 LIB.
2014 456 2078 512 ν.
2111 457 2352 515 TOMUS
2389 455 2477 514 Ill.

3522 460 3657 517 l263

349 576 434 630 ὅτι
465 574 718 646 δαίμοσιν
771 572 1105 645 ἀκαθάρτοις
1166 573 1261 628 καὶ
1308 574 1541 645 ἀψύχοις
1575 574 1817 639 εἰδώλοις
1867 574 1958 640 ἐξα

2070 576 2246 647 gravis
2306 575 2361 630 in
2415 588 2512 629 vos
2558 572 2763 627 furoris
2807 572 2911 625 mei
2966 570 3177 627 causa?
3222 581 3277 627 et
3326 571 3651 643 supplicium

351 666 515 737 έχεας
566 663 840 729 σπονδὰς,
896 665 1180 730 κάκείνοις
1226 666 1536 738 ἀνήνεγκας
1586 665 1796 730 Θυσίας.
1826 662 1955 738 Ἆρ’

349 756 445 814 οὖν
489 760 584 814 ἐπὶ
612 758 825 833 τούτοις
858 760 959 813 οὐκ
1009 758 1443 831 ὀργισθήσομαις
1479 759 1646 830 φησίν
1669 774 1685 791 ο
1717 759 1817 812 οὐκ
1863 759 1955 812 εύ-

351 854 600 926 άφορμος
638 851 762 907 καθ’
789 851 944 922 ὑμῶν
968 850 996 901 ὁ
1026 850 1220 921 θυμὸς,
1264 852 1357 903 καὶ
1393 851 1461 904 τὰ
1492 852 1591 921 τῆς
1644 850 1804 919 δίκης
1855 850 1955 904 οὐκ

349 946 577 1014 εὔλογον
616 944 732 1015 ἔχει
757 944 856 1014 τὴν
897 944 1194 1016 ἀφορμήν;
1256 943 1373 995 Ἐπ’
1424 942 1552 1014 ὅρος
1600 941 1807 1013 ὑψηλὸν
1860 941 1955 995 καὶ

354 1041 657 1111 μετέωρον,
687 1039 805 1090 ἐκεῖ
834 1053 927 1089 σου
956 1037 990 1107 ἡ
1022 1036 1201 1105 κοίτη,
1233 1035 1350 1087 ἐκεῖ
1376 1033 1705 1098 ἀνεϐίϐασας
1740 1032 1950 1099 θυσίας,

262 1116 268 1121 ’
350 1133 447 1185 καὶ
477 1130 655 1182 ὀπίσω
684 1128 794 1182 τῶν
830 1127 1092 1197 σταθμῶν
1124 1126 1226 1197 τῆς
1257 1125 1429 1199 θύρας
1461 1142 1555 1179 σου
1589 1125 1793 1196 ἔθηκας
1827 1142 1957 1196 μνη-

353 1222 588 1295 μόσυνόν
623 1238 740 1275 σου.
773 1220 896 1274 Ὀτι
932 1218 1033 1291 μὲν
1071 1213 1165 1274 οῦν
1197 1221 1257 1272 ἐν
1300 1220 1415 1282 τοῖς
1447 1217 1631 1288 ὄρεσιν
1662 1217 1956 1271 ἐκάθευδον

349 1316 621 1370 ἐνυπνίων
650 1316 837 1378 ἓνεκα,
869 1313 1198 1384 πλεισταχοῦ
1241 1311 1656 1384 διαμεμήνυκεν
1681 1311 1710 1363 ὁ
1740 1327 1953 1383 προιρη-

347 1410 501 1472 me;
543 1410 673 1480 ἡμῖν
716 1407 894 1475 λόγος.
927 1408 1064 1459 Φασὶ
1094 1406 1152 1461 δέ
1183 1408 1261 1472 εἰς
1295 1406 1456 1460 τοῦτο
1498 1405 1709 1475 πλάνης
1739 1403 1954 1458 κατολι-

349 1499 549 1570 σθῆσαι
579 1499 668 1551 τὸν
704 1496 939 1569 Ἰσραὴλ,
966 1495 1107 1549 ὥστε
1135 1496 1229 1549 καὶ
1271 1498 1326 1549 ἐν
1359 1499 1480 1560 ταῖς
1525 1493 1721 1566 θύραις
1772 1495 1865 1547 καὶ
1896 1495 1953 1547 ἐν

346 1594 462 1655 τοῖς
499 1588 761 1661 σταθμοῖς
792 1587 1140 1660 ἐντορνεῦσαι
1166 1587 1265 1651 τὰς
1295 1586 1403 1641 τῶν
1443 1586 1681 1641 εἰδώλων
1713 1585 1950 1658 μορφάς,

348 1684 438 1736 ἵνα
465 1684 561 1737 καὶ
605 1681 982 1745 εἰσδάλλοντες
1015 1682 1137 1745 ταῖς
1169 1680 1368 1744 οἰκίαις
1415 1678 1520 1744 ἔξω
1550 1696 1609 1733 τε
1648 1678 1742 1733 καὶ
1791 1678 1978 1751 βαδίκ

347 1776 536 1841 ζοντες
576 1774 780 1848 ὁρῶσιν
805 1774 964 1837 αὐτὰ,
994 1774 1089 1828 καὶ
1118 1775 1177 1826 ἐν
1208 1772 1591 1844 ἀτελευτήτοις
1619 1771 1785 1843 ἔχωσι
1816 1774 1953 1843 μνή-

2067 681 2253 721 nonne
2296 667 2643 720 oceasionem
2678 664 2844 718 habet
2870 664 3065 718 rationi
3096 663 3564 719 consentaneam?
3597 660 3655 715 In

2066 768 2250 813 monte
2300 756 2517 812 excelso
2557 765 2611 811 et
2663 756 2889 825 praealto
2938 768 3022 810 est
3064 756 3243 811 cubile
3302 766 3477 817 tuum,
3528 754 3658 808 illuc

2062 851 2359 906 ascendere
2403 849 2582 905 fecisti
2630 849 2862 914 hostias,
2914 858 2968 904 et
3020 859 3142 919 post
3189 858 3372 919 postes
3402 847 3527 901 ostii
3563 862 3660 917 p0-

2062 937 2220 992 snisti
2266 946 2679 993 monumentum
2712 947 2887 994 tuum.
2917 938 3251 995 Dormivisse
3277 937 3535 992 nimirum
3561 953 3658 992 eos

2062 1032 2115 1086 in
2177 1032 2486 1101 montibus,
2543 1032 2936 1085 insomniorum
2980 1046 3167 1095 causa,
3210 1046 3353 1101 saepe
3404 1032 3657 1086 meminit

2064 1127 2381 1197 prophetica
2438 1128 2636 1182 oratio.
2680 1126 2918 1183 Narrant
2945 1138 3127 1184 autem
3158 1130 3416 1185 lsraelem
3449 1129 3655 1183 incum

2062 1234 2307 1275 errorem
2357 1221 2694 1291 prolapsum,
2750 1232 2809 1277 ut
2838 1236 2937 1291 pro
2976 1222 3187 1277 foribus
3222 1231 3277 1276 et
3314 1222 3367 1275 in
3411 1221 3659 1290 postibus

2065 1310 2275 1365 formas
2333 1312 2597 1367 idolorum
2649 1314 2962 1379 inciderint,
3018 1328 3127 1384 quo
3174 1315 3512 1369 introeuntes
3565 1314 3660 1367 do-

2065 1420 2211 1457 mum
2236 1413 2291 1459 et
2325 1417 2588 1461 exeuntes
2623 1407 2710 1461 illa
2743 1408 3015 1472 viderent,
3051 1419 3103 1462 et
3148 1407 3480 1474 sempiterna
3513 1416 3661 1460 tene-

2063 1505 2182 1549 rent
2234 1497 2514 1551 memOria.
2579 1497 2691 1552 Hoc
2751 1499 2935 1566 itaque
2986 1499 3040 1552 in
3104 1498 3210 1553 illis
3272 1496 3397 1567 jure
3452 1497 3661 1566 optimo

2064 1589 2253 1644 haberi
2315 1598 2495 1658 potest
2522 1605 2752 1644 summae
2784 1590 3080 1661 impietatis
3112 1591 3338 1645 evidens
3373 1604 3663 1660 argumen-

2063 1690 2198 1736 tum.
2248 1680 2529 1737 Vocabant
2561 1691 2742 1737 autem
2783 1683 2881 1737 ltas
2916 1682 3183 1737 idolorum
3216 1682 3418 1737 incisas
3454 1681 3664 1737 formas

2060 1782 2394 1839 servatores,
2421 1783 2477 1829 et.
2503 1775 2786 1830 domorum
2811 1775 3089 1831 custodes.

350 1888 503 1941 μαις.
542 1868 882 1939 Ἀφιλοθεῒας
915 1868 973 1922 δὲ
1003 1869 1102 1940 τῆς
1137 1867 1371 1921 εἰσάπαν
1400 1867 1679 1933 ἀπόδειξις
1743 1866 1981 1940 ἐναργὴς
2019 1867 2441 1941 καταλογισθείη
2507 1869 2575 1923 ἂν
2613 1869 2674 1924 τὸ
2710 1871 2902 1942 χρῆμα
2941 1869 3162 1934 αὐτοῖς,
3205 1867 3302 1922 καὶ
3333 1867 3481 1939 μάλα
3516 1866 3662 1922 εἰκό-

345 1981 485 2029 τως·
520 1964 751 2018 ἐκάλουν
775 1964 830 2017 δὲ
859 1963 928 2017 τά
955 1964 1064 2017 τῶν
1094 1963 1328 2020 εἰδώλων
1357 1962 1868 2036 ἐντετορ[ν]ευμένα
1918 1964 2193 2037 σωτηρίας
2219 1964 2318 2037 [αι.
2349 1966 2628 2040 σωτῆρας]
2660 1969 2753 2021 καὶ
2787 1966 3092 2039 οἰκουροὺς.

428 2059 575 2128 ᾭου
629 2056 721 2110 ὅτι
773 2055 884 2110 ἐὰν
931 2057 1034 2112 ἀπ’
1079 2056 1227 2126 ἐμοῦ
1276 2058 1588 2127 ἀποστῇς,
1646 2059 1864 2115 πλεῖόν
1904 2077 1959 2114 τι

2141 2060 2303 2117 Vens.
2335 2063 2386 2129 8,
2420 2063 2475 2118 9.
2518 2061 2778 2129 Putabas,
2827 2064 2875 2118 si
2926 2064 3201 2117 recesseris
3237 2080 3267 2117 α
3316 2079 3417 2130 me,
3468 2079 3585 2133 plus
3613 2073 3661 2117 te

345 2148 531 2215 ἕξεις.
583 2147 930 2218 Ἠγάπησας
979 2146 1124 2214 τοὺς
1168 2147 1577 2217 κοιμωμένους
1617 2149 1770 2220 μετὰ
1814 2149 1954 2213 σοῦ,

347 2241 451 2296 καὶ
496 2240 850 2307 ἐπλήθυνίις
900 2239 1018 2308 τὴν
1078 2240 1373 2309 πορνείαν
1410 2255 1528 2295 σου
1575 2243 1705 2312 μετ’
1733 2240 1954 2309 αὐτῶν,

346 2334 450 2388 καὶ
510 2332 788 2399 πολλοὺς
837 2332 1135 2401 ἐποίησας
1179 2332 1323 2400 τοὺς
1356 2332 1601 2404 μακρὰν
1647 2333 1767 2389 ἀπὸ
1808 2334 1950 2401 σοῦ,

346 2428 451 2483 καὶ
482 2426 848 2493 ἀπέστειλας
875 2425 1158 2495 πρέσϐεις
1187 2425 1341 2495 ὑπὲρ
1371 2425 1446 2480 τὰ
1479 2425 1610 2496 ὅριά
1635 2441 1777 2481 σου.

424 2521 651 2575 Ἅπασα
690 2520 790 2590 μὲν
829 2519 1062 2583 ἔκτοπος
1093 2519 1278 2591 ἡδονὴ,
1324 2519 1421 2575 καὶ
1454 2522 1605 2575 πᾶσα
1640 2520 1832 2586 κακία,
1864 2519 1958 2574 τὸν

347 2611 701 2685 ἀνθρώπινον
741 2611 1227 2683 καταγοητεύουσα
1277 2611 1425 2679 νοῦν,
1480 2613 1768 2685 μονονουχὶ
1819 2630 1957 2667 κατ-

345 2705 755 2779 επαγγέλλεται
802 2705 1002 2778 πεῖράν
1051 2721 1174 2758 τινα
1219 2705 1546 2779 πράγματος
1584 2706 1817 2775 ἀγαθοῦ,
1865 2706 1961 2760 καὶ

346 2801 435 2853 ὅτι
481 2796 702 2868 μεθέξει
746 2795 856 2850 τῶν
895 2796 957 2849 οὐ
998 2794 1169 2849 πάλαι
1208 2795 1652 2868 διεγνωσμένων,
1716 2800 1872 2853 ἔσται
1902 2799 1960 2852 δὲ

345 2892 448 2944 καὶ
473 2890 532 2942 ἐν
561 2887 866 2959 ἀμείνοσιν,
908 2887 941 2957 ἢ
991 2886 1258 2957 πρότερον
1287 2882 1376 2958 ἦν.
1426 2887 1686 2942 Λαϐοῦσα
1727 2889 1838 2960 γὰρ
1866 2886 1960 2941 οῦ-

344 2999 460 3046 τως
492 2981 861 3053 αἰχμάλωτον,
890 2975 1054 3053 οἷπερ
1079 2982 1144 3036 ἂν
1160 2980 1420 3055 ἐλοιινῂο
1448 2982 1637 3037 λοιπὸν
1661 2982 1956 3053 ἀποφέρει.

358 3071 507 3126 Ἀλλ’
532 3074 582 3124 οἱ
618 3071 716 3142 μὲν
751 3068 1025 3132 ἀσύνετοι,
1076 3073 1246 3145 πείρᾳ
1295 3071 1563 3143 μαθόντες
1602 3073 1692 3127 ἴνα
1720 3073 1829 3126 είσί
1864 3089 1963 3125 κα-

346 3164 475 3231 κοῦ,
514 3165 889 3236 μεταφοιτῶσι
927 3165 1081 3237 μόλις
1110 3168 1205 3219 ἐπὶ
1234 3167 1295 3220 τὸ
1324 3168 1382 3221 ἐν
1412 3167 1612 3238 ἀρχαῖς
1636 3183 1650 3198 ·
1679 3166 1821 3236 οἵγε
1854 3165 1963 3237 μὴν

345 3263 464 3325 τοῖς
499 3260 600 3331 τῆς
632 3258 875 3323 διανοίας
904 3258 1120 3331 ὄμμασι
1157 3258 1588 3331 περιαθροῦντες
1618 3253 1678 3312 εὖ
1718 3259 1864 3330 μάλα
1901 3258 1964 3312 τὸ

347 3353 587 3407 ἑκάστου
616 3352 945 3424 πράγματος
980 3352 1175 3425 πέρας,
1208 3353 1495 3422 ἀποφορᾶς
1519 3352 1620 3406 οὐκ
1649 3352 1958 3422 ἀνέχονταιο

348 3443 686 3517 φυλάττουσι
718 3443 775 3496 δὲ
819 3443 1021 3515 μᾶλλον
1069 3442 1296 3515 ἀπλῆγα
1362 3444 1453 3497 τὸν
1478 3442 1604 3497 νοῦν
1637 3444 1744 3516 πρὸ
1768 3443 1964 3515 πείρας
1991 3436 2034 3492 C

345 3538 592 3609 ὁρῶντες
619 3538 686 3592 τὰ
728 3537 870 3609 μετά
896 3536 1123 3610 ταύτην.
1160 3537 1300 3591 Ἀλλ’
1322 3538 1383 3590 οὐ
1414 3537 1640 3609 τοιαύτη
1671 3538 1897 3606 γέγονεν
1927 3538 1961 3609 ἡ

346 3631 467 3687 τῶν
498 3630 769 3685 Ἰουδαίων
792 3631 1128 3703 Συναγωγή·
1154 3626 1223 3702 ἦν
1257 3631 1355 3702 μὲν
1391 3629 1502 3701 γὰρ
1533 3630 1641 3683 ὑπὸ
1671 3632 1835 3703 χεῖρα
1863 3630 1962 3683 τοῦ

353 3728 540 3781 πάντα
586 3724 864 3797 ἰσχύοντος
911 3724 1082 3791 Θεοῦ,
1133 3725 1230 3778 καὶ
1275 3725 1375 3796 τὴν
1409 3726 1543 3797 παρ’
1588 3724 1757 3778 αὐτοῦ
1805 3724 1964 3791 δόξαν

353 3817 742 3891 ἠμφιεσμένη,
765 3814 917 3888 δεινὴ
943 3816 1037 3869 καὶ
1064 3815 1339 3889 ἀφόρητος
1368 3817 1482 3878 τοῖς
1505 3817 1728 3889 ὁμόροις
1750 3811 1841 3888 ἦν,
1872 3817 1967 3870 καὶ

351 3913 695 3985 τριπόθητον
737 3911 938 3983 ἔχουσα
981 3909 1080 3981 τέγν
1113 3909 1327 3977 ἐλπίδα,
1358 3911 1455 3965 καὶ
1502 3911 1722 3978 ἀπάσης
1764 3911 1969 3980 εὑημε-

353 4008 484 4080 ρίας
498 4003 823 4078 ἐμπλεω[ςι.
844 4004 1118 4075 Ἐπομένη
1138 4004 1249 4075 γάρ
1261 4005 1340 4076 τῷ
1354 4005 1443 4059 διά
1462 4004 1707 4068 Μωσέως
1723 4003 1874 4075 νόμῳ
1888 4003 1968 4075 τῷ

354 4100 521 4172 φύσει
557 4100 652 4154 καὶ
691 4097 913 4171 ἀληθῶς
943 4096 1276 4169 λελάτρευκε
1331 4097 1481 4169 Θεῷ·
1519 4096 1865 4151 διατετέλεκε
1908 4094 1967 4149 δὲ

354 4192 590 4262 καιροὺς
616 4192 804 4262 ἕτερον
835 4192 920 4245 ἐπ’
948 4189 1097 4261 αὐτῷ
1122 4189 1256 4243 Θεὸν
1278 4189 1380 4243 οὐκ
1411 4187 1715 4260 ἀνεχομένη
1755 4185 1966 4255 καλεῖν,

356 4286 531 4356 ἤγουν
581 4284 783 4339 εἰδέναι
830 4286 1183 4356 προσκυνεῖν.
1225 4281 1447 4353 Ἐπειδὴ
1494 4281 1553 4336 δὲ
1612 4277 1965 4352 προσεκλήθη

354 4377 473 4431 τισὶ
500 4375 845 4439 διδασκάλοις
875 4376 972 4430 καὶ
1004 4375 1245 4438 ἀνοσίοις
1277 4373 1525 4445 ποιμέσι,
1567 4373 1858 4427 πέπτωκεν
1889 4372 1995 4436 εἰς.

357 4470 667 4525 ἀπόστασιν
695 4469 795 4540 τὴν
826 4468 935 4522 ἀπὸ
980 4466 1140 4533 Θεοῦ,
1184 4467 1281 4521 καὶ
1314 4464 1696 4537 προσεκύνησε
1726 4468 1839 4528 τοῖς
1880 4463 1972 4535 ἔρ-

356 4579 480 4633 γοις
508 4561 618 4616 τῶν
656 4561 803 4616 ἰδίων
837 4560 1060 4632 χειρῶν·
1106 4559 1354 4631 οἰηθεῖσα
1402 4560 1544 4630 τάχα
1594 4576 1725 4622 που,
1766 4559 1866 4612 καὶ
1912 4559 1972 4611 ἐν

356 4654 649 4728 ἀμείνοσιν
686 4654 931 4719 ἔσεσθαι,
957 4653 1058 4724 τῆς
1087 4653 1224 4725 πρὸς
1258 4651 1392 4706 Θεὸν
1424 4651 1652 4722 ἀγάπης
1692 4649 1972 4718 ἐξολισθή-

360 4765 534 4804 σασα.
571 4747 700 4802 Ἐπὶ
741 4746 955 4810 τούτοις
1004 4745 1177 4817 αὐτὴν
1206 4744 1451 4799 αἰτιᾶται
1497 4743 1694 4812 λέγων’
1729 4743 1861 4814 ’ῼου
1887 4743 1971 4796 ὅτι

358 4842 463 4897 ἐὰν
496 4842 591 4896 ἀπ’
618 4839 756 4912 ἐμοῦ
781 4840 1049 4909 ἀποστῇς,
1086 4836 1270 4890 πλεῖόν
1298 4854 1350 4889 τι
1374 4834 1538 4900 ἕξεις.
1578 4819 1720 4889 Ἀλλ’
1749 4835 1853 4889 οὐκ
1885 4835 1978 4888 ὲκ-

358 4935 606 5006 6ἑ6ηκεν
635 4933 715 4996 εἰς
746 4932 921 5004 πέρας
949 4931 1087 5002 αὐτῇ
1128 4928 1198 4982 τὰ
1226 4927 1669 5001 προσδοκηθέντα
1699 4927 1797 4997 τῆς
1824 4925 1972 4979 οὕτω

353 5027 583 5101 ψυχρᾶς
622 5025 719 5079 καὶ
756 5022 992 5096 ματαίας
1032 5022 1273 5087 ἐλπίδος·
1315 5020 1575 5090 γεγόνασι
1615 5018 1727 5090 γὰρ
1769 5017 1974 5089 μᾶλλον

358 5127 421 5177 ἐν
464 5119 632 5174 παντὶ
674 5115 852 5187 κακῷ.
900 5114 1203 5187 Ἐσχήκασι
1242 5113 1425 5169 τοίνυν
1454 5113 1537 5177 εἴς
1568 5130 1633 5183 γε
1676 5111 1737 5165 τὸ
1769 5111 1975 5181 εὑημε-

363 5216 482 5289 ρείν
508 5215 571 5265 τὸ
601 5209 862 5282 περιττὸν
894 5208 1071 5274 οὐδὲν,
1105 5206 1478 5270 ἀποϐαλόντες
1511 5204 1573 5259 τὸ
1599 5207 1845 5275 γνήσιον,
1879 5202 1976 5281 καὶ

358 5305 424 5357 τὸ
483 5302 701 5373 ἑδραῖον
749 5302 807 5354 ἐν
860 5298 1073 5362 τούτοις
1121 5298 1320 5372 μικροῦ
1368 5297 1649 5361 παντελῶς
1696 5296 1978 5361 ἀξιοῦντες

367 5396 551 5464 λόγου.
579 5395 690 5449 Καὶ
705 5392 768 5447 τὺ
782 5392 864 5446 ἔτι
894 5391 1090 5445 τούτου
1124 5391 1606 5464 παραλογώτερον,
1625 5390 1975 5460 Ἦγάπησας,

366 5490 529 5559 φησι,
562 5489 691 5551 τοὺς
720 5486 1103 5559 κοιμωμένους
1134 5486 1274 5556 μετά
1301 5485 1419 5548 σοῦ,
1438 5482 1856 5556 καὶὲπλήθυνας
1879 5482 1980 5552 τὴν

369 5581 635 5654 πορνείαν
662 5596 757 5635 σου
786 5580 905 5651 μετ’
925 5578 1128 5633 αὐτῶν⁹
1158 5579 1256 5632 καὶ
1277 5577 1588 5644 διαλέγεται
1618 5575 1717 5648 μὲν
1736 5575 1812 5639 ὡς
1841 5573 1981 5647 πρὸς

366 5676 612 5743 γυναῖκα
659 5673 889 5745 πόρνην.
917 5672 1075 5736 Τίνες
1119 5671 1177 5726 δὲ
1222 5667 1362 5743 ἦσαν
1390 5671 1439 5724 οι
1481 5667 1818 5740 κοιμώμενοι
1861 5667 1979 5740 μετ’

369 5766 580 5836 αὐτῆς,
619 5765 654 5834 ἢ
685 5765 829 5835 τάχα
866 5781 973 5819 που
1022 5784 1039 5817 ι
1069 5761 1511 5833 Ψευδοποιμὲνες
1560 5760 1840 5832 ἄνθρωποι
1888 5758 1982 5813 τὸν

465 5937 535 5998 ⁸⁷1
566 5943 708 5998 Tim.
745 5958 819 6009 tv,
849 5941 904 5995 2.

2060 2152 2392 2209 habiturum.
2449 2156 2696 2210 Dilexisti
2747 2157 3069 2211 dormientes
3132 2168 3326 2221 tecum,
3380 2166 3430 2210 et
3480 2156 3660 2210 crebro

2061 2245 2326 2315 fornicata
2354 2264 2408 2301 es
2443 2263 2563 2301 cum
2593 2249 2689 2314 eis,
2727 2256 2778 2302 et
2810 2248 3003 2303 multos
3040 2247 3213 2318 fecisti
3244 2263 3331 2303 eos
3358 2248 3446 2319 qui
3476 2251 3662 2318 procul

2059 2354 2093 2392 α
2121 2347 2190 2403 te,
2229 2350 2276 2393 et
2318 2340 2510 2394 misisti
2540 2339 2742 2411 legatos
2766 2340 2907 2395 ultra
2931 2340 3185 2396 terminos
3215 2350 3353 2396 tuos.

2132 2521 2324 2579 Omnis
2364 2521 2506 2579 foeda
2553 2524 2824 2596 voluptas,
2855 2533 2910 2580 et
2930 2524 3114 2581 omnis
3144 2525 3417 2581 vitiositas
3460 2525 3659 2580 huma-

2063 2632 2192 2672 nam
2243 2623 2478 2671 mentem
2530 2619 2835 2684 ineantans,
2893 2618 3174 2690 specimen
3224 2619 3444 2689 aliquod
3506 2621 3662 2676 bonae

2064 2709 2145 2764 rei
2229 2718 2445 2765 tantum
2511 2725 2622 2766 non
2696 2711 3016 2782 pollicetur,
3057 2721 3134 2766 .et
3204 2728 3291 2767 res
3356 2726 3484 2767 ante
3550 2727 3661 2768 non

2067 2803 2310 2874 cognitas
2367 2803 2730 2875 adepturam,
2790 2820 2854 2860 ac
2915 2806 2971 2861 in
3032 2806 3260 2861 meliore
3330 2806 3449 2860 loco
3519 2804 3658 2872 fore,

2065 2912 2229 2967 quam
2281 2898 2432 2968 prius
2478 2899 2660 2963 fuerit.
2725 2899 3012 2971 promittit.
3086 2901 3252 2972 θοι
3325 2897 3463 2953 Nam
3534 2916 3657 2955 cum

2066 2990 2147 3045 sic
2211 2991 2480 3061 captivam
2551 2993 2806 3062 ceperit,
2878 3005 3203 3062 quocunque
3281 2991 3497 3046 tandem
3552 2989 3665 3046 vult

2357 3083 2463 3153 sed
2525 3084 2678 3141 stulti
2763 3085 3099 3155 experientia
3188 3085 3332 3140 docti

2067 3175 2333 3229 malorum
2369 3176 2500 3245 sint,
2541 3176 2633 3231 vix
2683 3176 2751 3231 ad
2808 3178 3047 3247 priorem
3085 3185 3287 3232 statum
3322 3176 3661 3232 relabuntur.

2066 3266 2168 3333 Qui
2204 3278 2383 3322 autem
2440 3268 2614 3322 animi
2647 3269 2823 3323 oculis
2874 3269 3141 3339 cujusque
3175 3269 3252 3323 rei
3292 3269 3500 3322 exitum
3536 3283 3663 3338 per-

2071 3360 2300 3413 lustrant
2338 3359 2777 3430 diligentissime,
2814 3361 3124 3432 prmeipites
3154 3376 3215 3416 se
3261 3360 3377 3415 dari
3431 3378 3537 3417 non
3583 3362 3662 3417 si-

2071 3461 2227 3513 nunt,
2255 3451 2349 3505 sed
2377 3461 2617 3506 mentem
2645 3462 2870 3507 servant
2893 3451 3314 3514 invulneratam,
3372 3461 3503 3507 ante
3544 3461 3661 3506 ten-

2070 3542 2326 3596 tationem
2367 3542 2614 3599 videntes
2685 3544 2815 3613 quid
2856 3553 3172 3601 secuturum
3226 3546 3322 3600 sit.
3382 3542 3489 3599 Sed
3545 3542 3668 3599 talis

2069 3648 2172 3687 non
2201 3633 2303 3687 fuit
2334 3632 2647 3690 Judarorum
2682 3635 2970 3708 Synagoga
3032 3654 3044 3691 :
3107 3645 3226 3693 erat
3259 3636 3406 3692 enim
3446 3636 3666 3692 subdita

2068 3728 2252 3781 tnanni
2279 3728 2672 3797 omnipotentis
2696 3728 2813 3795 Dei,
2837 3740 2893 3784 et
2914 3730 3085 3801 gloria
3109 3729 3178 3785 ab
3202 3729 3321 3801 ipso
3338 3730 3663 3798 convestita,

2071 3817 2332 3873 terribilis
2359 3827 2414 3873 et
2447 3819 2817 3877 intolerabilis
2853 3821 3069 3878 exstitit
3108 3821 3375 3886 finitimis,
3407 3830 3464 3877 et
3510 3831 3668 3891 opta-

2071 3911 2339 3967 tissimam
2365 3927 2516 3983 spem
2542 3913 2751 3981 habuit,
2776 3915 3037 3984 omnique
3065 3913 3326 3970 felicitate
3348 3915 3667 3970 abundavit.

2071 4004 2266 4060 Secuta
2298 4005 2442 4060 enim
2471 4006 2645 4077 legem
2681 4005 2998 4074 Mosaicam,
3031 4017 3228 4062 natura
3256 4016 3313 4062 et
3340 4023 3466 4065 vere
3496 4007 3667 4063 Deum

2067 3085 2266 3138 aufert.
2357 3085 2463 3139 Sed
2525 3085 2678 3140 stulti
2763 3085 3099 3140 exnerientia
3188 3085 3332 3140 docti
3440 3086 3663 3140 ubinam

2038 4132 2043 4137 -
2071 4098 2267 4162 coluit;
2303 4112 2403 4153 nec
2431 4098 2596 4153 alium
2629 4099 2698 4154 ab
2738 4099 2832 4154 illo
2863 4099 3034 4154 Deum
3067 4100 3229 4171 longo
3262 4108 3512 4172 tempore
3543 4118 3669 4158 sus-

2071 4191 2235 4245 tinuit
2292 4189 2586 4260 appellare,
2623 4205 2724 4247 nec
2768 4192 2936 4247 alium
2985 4193 3137 4247 novit
3195 4195 3446 4249 adorare.
3508 4193 3670 4250 Post—

2070 4298 2232 4354 quan.
2263 4295 2443 4338 autem
2473 4284 2539 4338 ad
2566 4283 2834 4354 quosdam
2872 4285 3125 4341 doctores
3164 4285 3330 4341 falsos
3361 4286 3562 4343 defecit
3607 4304 3672 4343 ac

2075 4378 2271 4448 impios
2316 4387 2566 4447 pastores
2601 4401 2613 4432 :
2649 4378 2842 4434 recidit
2875 4380 2928 4432 in
2971 4379 3308 4448 apostasiam
3355 4394 3386 4434 a
3438 4380 3570 4447 Deo,
3618 4392 3673 4434 et

2073 4480 2239 4538 opera
2272 4481 2533 4522 manuum
2583 4482 2805 4523 suarum
2847 4469 3115 4536 adoravit,
3150 4478 3265 4524 rata
3301 4468 3553 4525 fortassis
3589 4485 3675 4525 se-

2074 4576 2198 4615 cum
2233 4560 2428 4617 melius
2455 4569 2637 4617 actum
2686 4561 2775 4627 iri,
2828 4562 2920 4617 ubi
2975 4577 3005 4616 a
3065 4563 3332 4619 cliaritate
3393 4562 3483 4617 Dei
3525 4563 3673 4634 lapsa

2078 4651 2292 4707 fuisset.
2328 4651 2490 4706 llisee
2530 4653 2599 4706 de
2653 4652 2818 4707 rebus
2867 4651 3013 4707 illam
3062 4652 3362 4716 accusavit,
3413 4651 3605 4706 dicens
3658 4669 3672 4705 :

2080 4742 2339 4810 Putabas,
2373 4742 2419 4799 si
2451 4743 2736 4800 recederes
2764 4759 2794 4798 a
2825 4724 3083 4815 me,’plus
3112 4752 3164 4798 te
3195 4743 3536 4799 habiturum.
3570 4741 3677 4798 Sed

2082 4851 2191 4890 non
2223 4845 2590 4907 pervenerunt
2625 4836 2688 4893 ad
2720 4836 2951 4905 exitum,
3003 4851 3125 4907 quas
3170 4835 3274 4891 hac
3310 4836 3446 4890 adeo
3481 4832 3676 4905 frigida

2077 4937 2129 4981 et
2160 4929 2308 4983 inani
2342 4944 2438 5001 spe
2460 4929 2949 5000 exspectabantur;
2998 4930 3108 4983 imo
3144 4928 3196 4983 in
3229 4928 3486 4983 omnibus
3522 4926 3681 4980 malis

2081 5021 2466 5075 versabantur.
2503 5019 2821 5076 Habuerunt
2853 5019 3017 5091 igitur
3043 5017 3425 5089 prosperitatis
3460 5016 3680 5071 eximia:

2085 5111 2241 5180 nihil,
2285 5127 2408 5167 cum
2448 5127 2634 5168 veram
2685 5113 2922 5168 filiorum
2974 5121 3030 5166 et
3080 5109 3371 5181 genuinam
3428 5117 3679 5163 naturam

2084 5205 2403 5275 abjicerent,
2435 5213 2491 5261 et
2517 5205 2837 5261 firmitatem
2870 5204 3351 5275 constantiamque
3383 5202 3536 5273 parvi
3584 5201 3685 5256 ad-

2085 5298 2302 5352 modum
2335 5298 2615 5351 ducerent.
2647 5297 2715 5352 Et
2740 5299 2886 5366 quod
2920 5296 3098 5353 adhuc
3120 5304 3207 5351 est
3235 5294 3548 5359 absurdius,
3592 5293 3682 5351 Di-

2085 5388 2286 5453 lexisti,
2321 5389 2520 5457 inquit,
2554 5390 2889 5447 dormientes
2920 5399 3121 5455 tecum,
3173 5397 3229 5444 et
3267 5387 3462 5445 crebro
3513 5384 3685 5440 forni-

2088 5487 2210 5534 cata
2254 5493 2315 5532 es
2349 5494 2472 5532 cum
2524 5479 2661 5547 illis;
2723 5488 2779 5534 et
2837 5495 2961 5535 cum
3025 5493 3090 5534 ea
3135 5479 3284 5534 velut
3334 5492 3457 5532 cum
3503 5485 3687 5530 scorto

2087 5570 2346 5641 disputat.
2377 5570 2480 5643 Qui
2510 5579 2639 5625 sunt
2667 5585 2801 5640 ergo
2848 5570 3180 5627 dormientes
3231 5585 3358 5625 cum
3391 5568 3490 5624 ea?
3536 5564 3686 5622 Falsi

2089 5671 2341 5733 pastores
2372 5669 2523 5728 sunt,
2559 5662 2651 5731 qui
2684 5668 2924 5715 mentem
2953 5662 3196 5716 inustam
3224 5669 3278 5715 et
3302 5658 3550 5716 cauterio
3582 5671 3685 5711 no-

2092 5753 2358 5821 tatam",
2405 5751 2563 5810 sicuti
2618 5752 2696 5808 ait
2756 5752 2949 5807 beatus
3000 5750 3224 5819 Paulus,
3287 5766 3353 5806 ac
3416 5747 3686 5805 diabolica
