4100 6454
346 381 490 442 1265
528 406 535 411 θ

1447 382 1513 437 IN
1550 383 1782 441 ISAIAM
1827 382 1959 440 LIB.
2000 384 2065 440 ν.
2107 384 2344 443 TOM'US
2385 385 2477 440 lli.

3495 393 3638 447 {966

342 497 525 553 τοῦτο
554 496 628 552 οὐ
662 495 1029 564 κατώειὶθης
1053 512 1194 565 μου·
1243 496 1326 551 σὺ
1366 497 1500 552 τινα
1537 497 1928 566 εὐλαϐηθεῑσο

2044 497 2209 569 803
2245 502 2441 569 rogasti
2468 515 2582 564 me;
2615 508 2695 564 ια,
2726 514 2875 565 quem
2918 500 3108 556 limem
3147 511 3426 570 perterrita
3478 526 3553 572 es,
3582 518 3633 561 et

340 587 670 660 ἐφοϐήθης,
709 589 809 643 καί
839 589 1086 657 ἐψεύσω
1114 604 1229 659 με;

415 679 482 734 Τί
524 679 584 733 τὸ
613 679 788 751 πέρας
835 680 934 749 τῆς
976 680 1331 746 ἀποστάσεως
1370 684 1468 752 τῆς
1499 682 1607 735 ἀπὸ
1646 680 1807 746 θεοῦ,
1837 681 1941 753 τῆς

339 768 662 840 ἀμετρήτου
684 768 967 838 πορνείας,
997 769 1091 822 καὶ
1118 768 1228 823 τῶν
1248 771 1477 825 ἀνοσίων
1498 772 1937 843 ἐγχειρημάτων,

339 861 463 930 ἦτοι
504 859 605 930 τῆς
635 860 993 931 ἀποστροφῆς
1021 861 1131 916 ἀπό
1160 878 1224 930 γε
1257 862 1365 916 τῶν
1397 863 1703 934 ἀμεινόνων·
1736 862 1829 916 ἐπὶ
1872 861 1942 917 τὰ

337 951 515 1023 χείρω
541 969 555 1017 ;
597 951 662 1006 Ἡ
701 953 785 1016 είς
810 951 982 1023 ἄκρον
1010 953 1363 1019 ταπείνωσις,
1382 955 1475 1009 καὶ
1500 955 1560 1008 τὸ
1588 954 1940 1021 καθικέσθαι,

337 1046 533 1114 φησιν,
592 1047 674 1110 εἰς
729 1046 791 1099 τὸ
843 1047 943 1117 τῆς
987 1046 1264 1112 ἀπωλείας
1306 1048 1608 1102 κατωτάτω
1642 1047 1938 1121 βάραθρον.

350 1136 577 1209 Ἐπειδὴ
641 1137 753 1208 γὰρ
798 1138 899 1191 οὐκ
952 1137 1226 1210 ἠθέλησας
1270 1138 1450 1211 ὑψηλὴ
1496 1140 1791 1211 διαμεῖναι,
1845 1140 1941 1195 καὶ

334 1229 683 1301 ἀκράδαντον
716 1231 863 1301 ἔχειν
894 1230 995 1304 τὴν
1032 1233 1358 1304 εὐημερίαν,
1398 1231 1656 1303 ταύτῃτοι
1705 1233 1939 1302 γέγονας

332 1324 592 1392 ταπεινή.
626 1323 752 1377 Ὀτι
785 1324 895 1394 γάρ
926 1324 1121 1398 ὑψηλοί
1153 1342 1297 1390 τινες
1324 1321 1465 1397 ἦσαν
1498 1328 1547 1380 οἱ
1595 1326 1656 1394 ἐξ
1698 1327 1935 1401 Ἰσραὴλ,

332 1412 401 1466 τό
423 1430 485 1482 γε
509 1410 647 1486 ἧκον
666 1418 746 1479 είς
767 1416 924 1481 δόξαν
946 1418 1046 1487 τὴν
1077 1418 1228 1492 παρὰ
1251 1418 1588 1489 Θεοῦ,σαφὲς
1612 1420 1678 1474 ἂν
1700 1421 1933 1490 γένοιτο,

331 1503 589 1573 λέγοντος
612 1506 780 1561 αὐτοῦ
801 1507 892 1564 διὰ
913 1510 1099 1581 φωνῆς
1115 1511 1337 1565 Ἡσαΐου
1359 1513 1485 1585 περὶ
1497 1512 1698 1567 αὐτῶψ
1725 1532 1744 1565 ι
1772 1513 1937 1577 Υίοὺς

331 1596 626 1669 ἐγέννησα,
650 1601 747 1653 καὶ
791 1599 1038 1670 ῦψωσα.»
1062 1602 1272 1657 Οὐκοῦν
1309 1605 1644 1676 αὐτόκλητον
1676 1604 1791 1677 ἔχει
1835 1607 1936 1677 τὴν

327 1687 670 1743 ταπείνωσιν
693 1705 707 1720 ·
732 1690 1100 1762 δεδυσσέὸηκε
1141 1690 1248 1765 γὰρ
1273 1693 1354 1757 είς
1384 1692 1475 1745 τὸν
1502 1692 1746 1763 ὑψοῦντα
1765 1692 1930 1747 Θεόν·

325 1781 735 1835 τεταπείνωται
782 1782 840 1837 δὲ
878 1781 1000 1836 τίνα
1049 1784 1274 1853 τρόπον,
1319 1784 1684 1840 διαδείκνυσιν
1734 1785 1929 1851 εὐθύς·

2054 591 2273 643 mentita
2311 606 2363 644 es
2397 590 2527 644 mihi
2548 591 2573 646 1’

2116 682 2247 748 Quis
2279 692 2364 738 est
2390 683 2673 752 apostasiae
2704 699 2732 737 a
2762 681 2891 749 Deo,
2915 694 2970 739 et
2992 684 3363 743 immoderate
3397 687 3634 744 fornica-

2044 776 2231 840 tionis,
2261 785 2315 830 et
2345 776 2629 846 impiorum
2665 778 2967 832 facinorum
3002 792 3095 833 seu
3123 780 3426 837 aversionis
3457 798 3486 835 a
3518 796 3635 837 me-

2044 866 2270 922 lioribus
2301 867 2367 921 ad
2396 867 2663 923 deteriora
2706 868 2862 924 finis?
2892 868 3138 936 Summa,
3169 872 3366 943 inqttit,
3388 873 3627 944 depres—

2040 957 2146 1022 sio,
2180 967 2236 1014 et
2278 958 2332 1012 in
2375 957 2621 1013 infimum
2668 959 2921 1016 interitus
2973 962 3295 1018 barathrum
3348 965 3631 1021 devenire.

2040 1047 2175 1105 Nam
2210 1050 2339 1122 quia
2368 1049 2474 1105 alta
2506 1065 2729 1107 manere
2746 1053 2987 1122 nolebas,
3012 1064 3067 1110 et
3091 1054 3405 1112 felicitatem
3431 1057 3636 1114 habere
3684 1062 3687 1065 ’

2040 1141 2450 1210 inconcussam,
2495 1143 2625 1199 hinc
2659 1144 2942 1200 bumiliata
2973 1162 3054 1202 es.
3088 1146 3241 1214 Quod
3271 1150 3417 1204 enim
3456 1150 3549 1205 alti
3583 1165 3636 1206 et

2039 1235 2303 1292 sublimes
2340 1236 2544 1293 fuerint
2575 1236 2852 1302 Israelita,
2889 1240 3036 1308 quod
3071 1239 3137 1295 ad
3169 1239 3394 1310 gloriam
3446 1258 3574 1312 quas
3607 1260 3637 1296 α

2040 1326 2153 1384 Deo
2183 1329 2549 1399 proﬁciscitur
2590 1329 2815 1396 attinet,
2849 1331 3202 1400 perspicuum
3266 1348 3391 1388 esse
3432 1343 3635 1405 potest,

2038 1420 2157 1492 ipso
2184 1423 2402 1478 dicente
2421 1437 2521 1498 per
2538 1437 2726 1478 vocem
2754 1422 2904 1478 Isaiae
2933 1423 3134 1479 deillis
3165 1442 3179 1478 :
3221 1443 3239 1478 ι
3275 1424 3445 1480 Filios
3473 1426 3633 1495 genui

2036 1518 2092 1568 et
2121 1511 2351 1568 exaltavi
2387 1513 2427 1568 ί.
2489 1532 2509 1566 ι
2551 1509 2742 1582 ltaque
2781 1512 3071 1568 accersivit
3104 1512 3209 1568 sibi
3268 1513 3369 1585 ipsi
3411 1515 3646 1585 dcpres~

2037 1602 2268 1671 sionem,
2304 1604 2449 1674 quod
2495 1605 2660 1675 impie
2695 1605 2749 1658 in
2788 1603 2958 1659 Deum
2997 1605 3088 1674 qui
3149 1605 3378 1670 exaltat,
3438 1611 3633 1676 egerit.

2034 1696 2105 1751 At
2128 1699 2401 1767 quomodo
2421 1697 2707 1753 humiliata
2724 1698 2816 1762 sit,
2842 1712 2967 1752 mox
2995 1698 3231 1752 ostendit
3252 1714 3275 1764 ι
3295 1698 3429 1753 dixit
3451 1699 3633 1755 enim:

2036 1788 2221 1847 Multis
2253 1790 2360 1848 viis
2383 1792 2490 1848 tuis
2526 1791 2814 1848 laborasti.
2856 1789 2991 1845 Nam
3031 1790 3082 1844 in
3116 1805 3307 1846 omnes
3328 1791 3485 1861 quasi
3517 1792 3632 1848 vias

325 1869 436 1942 ἔφη
473 1872 763 1944 γάρ·Ταῑς
794 1874 1106 1939 πολυοδίαις
1140 1893 1235 1930 σου
1267 1877 1597 1942 ὲκοπίασας.
1628 1880 1724 1943 Εἰς
1753 1880 1928 1933 πᾶσαν

2040 1883 2294 1941 interitus
2333 1885 2722 1956 ingredientes,
2759 1885 2812 1938 in
2849 1899 2909 1938 re
2943 1882 3088 1939 nulla
3126 1882 3270 1948 utili,
3303 1883 3470 1938 animi
3507 1897 3632 1938 ner-

324 1964 440 2035 γάρ
473 1963 669 2036 ὥσπερ
702 1966 981 2032 ἀπωλείας
1011 1969 1296 2041 ἐρχόμενοι
1343 1970 1484 2036 ὁδὸν,
1527 1971 1931 2044 δεδαπανήκασι

329 2056 436 2125 μὲν
473 2059 562 2110 ἐπ’
598 2058 774 2114 οὐδενὶ
816 2059 924 2115 τῶν
952 2064 1244 2134 χρησίμων
1281 2062 1382 2127 τὰς
1427 2063 1530 2134 τῆς
1561 2064 1742 2137 ψυχῆς
1782 2066 1933 2119 εὐτο-

320 2147 471 2214 νίας,
530 2150 691 2222 δῆλον
741 2153 798 2208 δὲ
846 2153 928 2208 ὅτι
981 2154 1081 2218 τὰς
1127 2154 1346 2226 νοητὰς,
1402 2157 1718 2227 κεκμήκασι
1767 2157 1823 2211 δὲ
1869 2157 1930 2210 οὐ

328 2246 593 2319 μετρίως,
658 2248 746 2300 ἐπ’
799 2246 1069 2319 ὀλεθρίοις
1132 2249 1424 2319 πράγμασι
1481 2249 1759 2320 τιθέμενοι
1832 2249 1933 2314 τὰς

324 2336 593 2400 σπουδάς.
626 2338 698 2390 Ἦ
729 2337 873 2407 τάχα
898 2355 999 2391 που
1033 2337 1128 2391 καὶ
1159 2338 1446 2402 πολυοδίας
1476 2339 1535 2392 ἐν
1556 2338 1767 2404 τούτοις
1796 2340 1932 2411 φησὶ

320 2432 389 2485 τὸ
414 2431 505 2485 ἀεὶ
538 2429 898 2501 μεθίστασθαι
928 2430 1066 2502 πρὸς
1109 2430 1270 2495 θεοὺς
1298 2431 1542 2502 ἐτέρους,
1575 2430 1669 2485 καὶ
1695 2431 1806 2485 τῶν
1831 2432 1930 2502 μὲν

323 2523 434 2594 ἦδη
480 2523 907 2594 πεπορισμένων
952 2523 1259 2591 ὀλιγωρεῖν,
1309 2523 1494 2594 ζητείν
1531 2523 1588 2577 δὲ
1630 2524 1758 2588 τοὺς
1798 2524 1930 2596 παρ’

324 2616 538 2687 ἑτέροις
564 2615 727 2679 ὄντας
750 2615 882 2680 τισὶ,
920 2616 1013 2669 καὶ
1063 2613 1433 2687 καταμεθύειν
1476 2614 1668 2687 ὥσπερ
1713 2615 1929 2688 διαρρι-

321 2708 658 2780 πτουμένοις
704 2708 1007 2780 πανταχοῦ,
1052 2708 1289 2780 ἔρεισμά
1332 2726 1392 2762 τε
1455 2709 1548 2763 καὶ
1596 2710 1931 2765 κατάστασιν

319 2803 431 2858 οὐκ
483 2802 630 2874 ἔχειν
679 2804 771 2858 τὸν
805 2805 865 2857 ὲν
911 2803 1094 2867 αὐτοῖς
1144 2803 1277 2857 ὅντα
1318 2802 1465 2858 νοῦν.
1528 2803 1828 2873 Συμϐαίνει
1872 2804 1931 2858 δὲ

320 2894 487 2951 τοῦτο
520 2897 755 2967 πάσχειν
797 2897 950 2967 ἡμᾶς
1005 2896 1102 2951 καὶ
1129 2897 1188 2951 ἐν
1222 2898 1343 2961 ταῖς
1375 2896 1627 2959 ἐκτόποις
1666 2896 1773 2950 τῶν
1803 2897 1929 2967 ἠδο-

320 2985 455 3041 νῶν.
501 2985 868 3058 Ἀποφέρεται
890 2985 1000 3058 γὰρ
1025 2989 1052 3041 ὁ
1082 2986 1209 3050 νοῦς
1240 2986 1353 3040 ἔσθ’
1374 2988 1464 3044 ὅτε
1491 2989 1628 3059 πρὸς
1656 2988 1764 3041 πᾶν
1791 2983 1932 3051 εἶδος

320 3078 695 3151 ἀκαθαρσίας,
727 3079 819 3133 καὶ
850 3079 979 3133 ποτὲ
1012 3079 1112 3150 μὲν
1144 3078 1208 3133 τὸ
1244 3081 1501 3134 πλουτεῖν
1532 3082 1766 3147 ἐπαινεῖ,
1800 3080 1931 3134 ποτὲ

318 3171 380 3227 δὲ
416 3170 627 3244 σαρκὸς
673 3173 796 3243 ἐρᾷ,
847 3172 943 3225 καὶ
981 3171 1138 3242 δόξης
1188 3173 1420 3243 ἡττᾶται
1450 3171 1635 3243 κενῆς,
1677 3174 1772 3227 καὶ
1818 3167 1930 3226 οἷον

2036 1991 2153 2042 vos,
2189 1976 2391 2031 mentis
2419 1974 2864 2045 etintelligentiaa
2892 1973 3121 2037 scilicet,
3146 1983 3629 2042 consumpserunt.

2034 2067 2383 2123 Laborarunt
2410 2069 2556 2123 haud
2590 2066 2959 2131 mediocriter,
2991 2074 3048 2120 et
3081 2067 3134 2119 in
3172 2066 3332 2121 rebus
3358 2066 3635 2135 pernicio-

2033 2159 2110 2214 sis
2141 2157 2322 2214 studia
2359 2166 2678 2230 posuerunt.
2713 2157 2810 2212 Vel
2859 2156 3111 2213 fortassis
3150 2156 3267 2213 vias
3301 2155 3499 2211 multas
3545 2156 3635 2211 hic

2032 2247 2186 2314 dicit,
2223 2264 2440 2319 semper
2475 2249 2541 2303 ad
2570 2249 2708 2305 alios
2755 2249 2886 2306 deos
2930 2248 3238 2313 transferri,
3276 2259 3333 2305 et
3361 2264 3497 2320 quos
3534 2251 3631 2303 Ita-

2034 2341 2184 2406 bent,
2208 2351 2581 2405 contemnere,
2613 2350 2668 2395 et
2699 2341 2791 2411 qui
2832 2342 2972 2411 apud
3003 2340 3139 2396 alios
3172 2349 3320 2404 sunt,
3352 2356 3630 2410 quaerere;

2033 2442 2092 2490 ct
2119 2434 2265 2490 velut
2295 2433 2480 2489 ebrios
2507 2435 2614 2489 huc
2634 2444 2689 2488 et
2721 2434 2851 2489 illuc
2874 2434 3096 2505 jactari,
3138 2442 3193 2488 ct
3236 2433 3396 2489 lixam
3436 2443 3490 2488 et
3517 2444 3631 2488 sta-

2032 2524 2193 2581 bilem
2224 2524 2279 2581 in
2318 2526 2384 2581 iis
2432 2534 2668 2580 mentem
2712 2540 2817 2580 non
2865 2541 3010 2581 esse.
3058 2524 3211 2592 Quod
3252 2525 3414 2580 etiam
3474 2527 3631 2581 nobis

2034 2615 2285 2672 usuvenit
2311 2616 2363 2671 iu
2398 2614 2560 2671 ft‘edis
2589 2615 2976 2686 voluptatibus.
3012 2617 3315 2672 Abducitur
3348 2616 3493 2671 enim
3543 2618 3630 2671 in-

2035 2709 2246 2763 terdum
2285 2722 2439 2763 mens
2470 2707 2538 2763 ad
2569 2722 2732 2763 omne
2778 2722 2950 2779 genus
3004 2706 3358 2778 impuritatis,
3420 2715 3476 2763 et
3533 2707 3631 2760 ali-

2032 2802 2250 2871 quando
2274 2800 2456 2856 laudat
2472 2800 2718 2867 divitias,
2743 2802 3034 2873 aliquando
3052 2802 3234 2857 carnis
3255 2801 3435 2857 studia
3460 2812 3630 2867 amat,

2030 2904 2086 2951 et
2115 2894 2263 2950 inani
2291 2892 2462 2966 gloria
2489 2894 2750 2961 vincitur,
2784 2903 2841 2950 et
2867 2902 3128 2966 tanquam
3157 2896 3305 2949 omni
3338 2906 3501 2951 vento
3518 2898 3632 2952 cir-

2032 2986 2354 3052 cumfertur,
2373 2987 2528 3057 juxta
2549 2987 2601 3041 id
2632 2988 2777 3056 quod
2806 2987 3015 3042 dictum
3047 2995 3131 3043 est
3152 2988 3220 3044 de
3237 2988 3472 3058 quodam
3498 3004 3633 3045 voce

2031 3079 2283 3137 Jeremize
2322 3100 2335 3136 :
2367 3100 2385 3134 ι
2430 3080 2833 3152 Cupiditatibus
2876 3081 3074 3137 anima:
3112 3082 3265 3152 quasi
3318 3092 3481 3138 vento
3515 3082 3633 3156 agi-

2035 3184 2147 3230 tata
2177 3185 2264 3231 est
2291 3195 2305 3231 :
2332 3175 2533 3230 tradita
2561 3184 2667 3241 est,
2699 3174 2822 3245 quis
2878 3184 3163 3230 convertet
3190 3176 3352 3232 eam?
3383 3195 3403 3230 ι
3434 3177 3631 3232 Anima

321 3265 496 3318 παντὶ
524 3262 806 3335 πνεύματι
853 3263 1241 3335 περιφέρεται,
1273 3267 1417 3319 κατά
1445 3282 1509 3333 γε
1538 3265 1601 3319 τὸ
1635 3266 1928 3338 εἰρημένον

2033 3266 2179 3320 enim
2212 3280 2333 3337 quae
2357 3266 2457 3321 boc
2485 3280 2646 3336 passa
2676 3273 2780 3332 est,
2813 3265 3061 3321 tradetur
3090 3280 3308 3336 semper
3344 3266 3635 3337 perturba-

316 3355 412 3411 διὰ
454 3355 645 3425 φωνῆς
704 3356 976 3428 Ἱερεμίου
1021 3357 1153 3427 περί
1189 3374 1373 3422 τινοςο
1411 3375 1432 3409 t
1473 3357 1562 3410 'Ev
1608 3358 1930 3429 ἐπιθυμίαις

317 3446 507 3519 ψυχῆς
537 3448 713 3519 αὐτῆς
743 3450 1307 3520 ἑπνευματοφορεῖτο·
1355 3449 1654 3520 παρεδόθη,
1695 3450 1778 3514 τίς
1808 3452 1928 3505 ὲπι-

321 3542 551 3614 στρέψει
570 3543 742 3610 αὐτήν
766 3560 816 3611 ;t
840 3543 905 3596 'H
920 3541 1030 3613 γὰρ
1058 3540 1219 3595 τοῦτο
1243 3541 1496 3596 παθοῦσα
1524 3541 1670 3613 ψυχὴ
1690 3542 1927 3616 παραδο⁴

321 3636 558 3707 θήσεται
596 3635 820 3700 πάντως
870 3636 990 3698 ταῖς
1019 3633 1133 3688 τῶν
1172 3633 1364 3690 παθῶν
1409 3636 1736 3707 προσϐολαῖς
1764 3653 1775 3666 ·
1835 3637 1928 3691 καὶ

315 3728 482 3786 τοῦτο
505 3728 749 3783 διδάσκει
783 3728 961 3798 λέγων
991 3729 1020 3782 ὁ
1049 3729 1489 3800 Παροιμιαστής·
1525 3748 1545 3783 ι
1570 3728 1783 3784 Σκολιοὶ
1817 3730 1927 3802 γὰρ

313 3823 576 3895 λογισμοὶ
627 3822 957 3895 χωρίζουσιν
1042 3822 1153 3877 ἀπὸ
1209 3822 1385 3891 Θεοῦ,
1459 3823 1556 3879 καὶ
1607 3823 1929 3896 ρεμόασμὺς

315 3916 624 3988 ἐπιθυμίας
650 3915 969 3989 μεταλλεύει
990 3916 1117 3974 νοῦν
1146 3916 1541 3989 ἀκακον.›Χρὴ
1573 3918 1754 3972 τοίνυν
1780 3919 1929 3990 ἡμᾶς

313 4011 708 4085 ἀνασειρὰζειν
731 4011 824 4066 τὸν
867 4010 1014 4080 νοῦν,
1058 4012 1107 4064 εί
1137 4010 1201 4082 δὴ
1235 4011 1479 4082 βούλοιτό
1518 4029 1636 4076 πως
1680 4011 1929 4083 ἀσχέτως

319 4105 461 4159 ἰέναι
506 4105 650 4159 κατὰ
684 4105 923 4177 πετρῶν,
971 4104 1068 4158 καὶ
1108 4106 1230 4168 ταῖς
1268 4104 1381 4157 τῶν
1419 4102 1625 4175 ἡδονῶν
1670 4103 1928 4167 ὲκτόποις

314 4195 621 4267 ὲφήδεσθαί
645 4213 706 4249 τε
751 4196 847 4250 καὶ
895 4195 1126 4268 ὁμιλεῖν,
1160 4195 1246 4249 ἵνα
1284 4194 1360 4266 μὴ
1409 4193 1606 4266 καμὼν
1649 4195 1715 4249 ἐκ
1763 4193 1929 4249 πολυ-

313 4286 471 4351 οδίας
503 4285 741 4360 θήρωμα
786 4286 1015 4357 γένηται
1070 4284 1398 4342 διαϐολικόν.
1429 4284 1594 4339 Ταῦτ’
1625 4281 1720 4339 οὗν
1767 4286 1927 4359 ποιή-

316 4399 485 4446 σασα,
524 4382 713 4454 φησὶν,
755 4374 802 4436 ὦ
842 4380 1224 4452 Ἰερουσαλὴμ,
1269 4381 1370 4434 οὐκ
1403 4377 1586 4446 εἶπας⁸
1635 4382 1925 4451 Παύσομαι

313 4475 668 4547 ὲνισχὺουσα,
729 4475 1030 4538 τουτέστιν,
1102 4475 1204 4529 οὐκ
1254 4474 1529 4545 ἀνέκοψας
1577 4476 1691 4538 τοῖς
1737 4473 1924 4528 ἐπιλο-

312 4569 540 4639 γισμοῖς
563 4568 664 4638 τὴν
702 4568 798 4622 ἐπὶ
834 4567 903 4621 τὰ
937 4565 1135 4637 αίσχίω
1168 4566 1418 4636 πρόοδον,
1457 4566 1520 4620 οὐ
1567 4565 1925 4637 μεμέτρηκας

2034 3359 2240 3413 tionutn
2298 3357 2944 3428 impressiouibuszquod
2996 3357 3156 3413 docet
3229 3357 3635 3426 Parcetniasta,

2030 3452 2216 3508 dicens
2238 3470 2251 3506 :
2272 3470 2290 3503 ι
2316 3449 2661 3507 Pravaaeuim
2688 3450 3045 3520 cogitationes
3070 3462 3326 3523 separant
3345 3471 3372 3512 :t
3398 3453 3506 3509 Deo
3528 3455 3622 3521 ⁸-³,

2029 3556 2086 3600 et
2113 3545 2482 3601 inconstantia
2518 3543 2831 3616 cupiditatis
2868 3545 3224 3598 transversim
3279 3547 3424 3616 rapit
3476 3562 3630 3601 men-

2032 3647 2140 3691 tcm
2173 3637 2518 3693 innocentem
2555 3638 2597 3691 ⁵.
2640 3657 2658 3690 ι
2713 3635 3059 3693 Retraltenda
3114 3647 3198 3695 est
3259 3639 3425 3710 igitur
3474 3641 3634 3696 nobis

2031 3744 2208 3796 utens,
2241 3730 2286 3786 si
2310 3732 2442 3787 velit
2469 3731 2522 3784 in
2558 3746 2725 3802 rupes
2754 3745 2997 3802 prteceps
3025 3731 3126 3799 ire,
3164 3744 3221 3790 et
3262 3730 3420 3790 foedis
3445 3734 3630 3789 exsul-

2033 3830 2150 3878 tare
2181 3823 2570 3895 voluptatibus,
2616 3827 2835 3899 illisqne
2872 3830 3187 3898 assueﬁeri;
3232 3846 3317 3898 ne,
3360 3832 3407 3887 si
3445 3832 3634 3888 multis

2031 3913 2185 3970 hisce
2225 3916 2329 3972 viis
2376 3916 2669 3990 defatigata
2715 3922 2808 3985 sit,
2844 3923 3024 3991 prmda
3076 3922 3172 3976 flat
3219 3922 3445 3982 diaboli.
3499 3922 3627 3979 Haec

2031 4005 2218 4077 igitur,
2253 4009 2450 4078 inquit,
2481 4025 2604 4064 cum
2639 4010 2839 4079 fecisti,
2867 4027 2901 4068 ο
2925 4010 3251 4083 Jerusalem,
3280 4030 3386 4070 non
3418 4016 3627 4082 dixisti,

2020 4099 2276 4157 Desinam
2310 4100 2647 4169 confortata,
2686 4103 2737 4158 id
2771 4114 2876 4172 est,
2910 4119 3128 4160 cursum
3163 4106 3306 4162 hunc
3331 4107 3383 4161 in
3420 4108 3630 4177 turpio-

2030 4206 2113 4258 ra,
2143 4194 2536 4262 posterioribus
2586 4196 2830 4267 consiliis
2873 4196 3042 4270 804
3095 4214 3201 4254 non
3260 4199 3627 4271 interrupisti,

2029 4285 2319 4354 apostasia:
2348 4287 2568 4342 modum
2602 4303 2710 4343 non
2752 4287 3081 4358 imposuisti,
3114 4289 3357 4347 studium
3391 4293 3457 4345 ad
3486 4291 3625 4347 mala

2027 4392 2138 4433 non
2174 4377 2505 4447 exstinxisti,
2536 4380 2634 4436 sed
2675 4379 2869 4452 majori
2921 4382 3275 4439 contentione
3302 4383 3623 4453 incubuisti,

2027 4480 2090 4526 ut
2115 4484 2180 4526 ea
2210 4469 2420 4527 faceres
2468 4488 2588 4541 qua:
2618 4487 2687 4530 ne
2732 4474 2907 4544 primo
2950 4475 3167 4545 quidem
3210 4485 3455 4548 tempore
3507 4478 3623 4533 ﬁeri

2028 4562 2368 4620 debuissent.
2390 4562 2573 4619 Animi
2606 4566 2751 4621 enim
2776 4567 2862 4623 vel
2890 4568 3237 4626 mediocriter
3265 4570 3626 4641 intelligentis

313 4658 417 4731 τὴν
466 4657 793 4722 ἀπόστασιν,
854 4660 915 4712 οὐ
967 4657 1274 4721 κατέλυσας
1333 4657 1433 4727 τὴν
1486 4657 1568 4720 είς
1622 4656 1691 4710 τὰ
1740 4655 1924 4725 φαῦλα.

2032 4654 2264 4711 ollicium
2291 4665 2395 4721 est,
2423 4661 2621 4714 erratis
2649 4668 2704 4714 ct
2723 4672 2952 4731 peccato
2998 4662 3140 4718 nolle
3181 4663 3481 4734 implicari;
3539 4666 3623 4719 siu

314 4748 581 4821 σπουδὴν,
620 4749 899 4804 ἐπίκεισαι
932 4747 990 4803 δὲ
1025 4748 1229 4819 μᾶλλον
1271 4747 1632 4820 ἐντονώτερον
1670 4747 1749 4820 τῷ
1785 4749 1920 4821 δρᾷν

313 4842 547 4903 ἐθέλειν,
590 4842 627 4897 ἃ
667 4844 807 4916 χρῆν
842 4843 907 4916 δή
940 4861 1043 4898 που
1094 4844 1231 4916 μηδὲ
1272 4843 1525 4913 γενέσθαι
1571 4843 1671 4915 τὴν
1721 4843 1917 4915 ἀρχήν.

313 4930 512 5001 Ψυχῆς
549 4931 651 5002 μὲν
689 4932 799 5004 γὰρ
823 4931 984 5003 ἔργον
1018 4933 1156 4999 ἐστὶ,
1184 4931 1288 4987 κᾶν
1313 4931 1446 5003 γοῦν
1485 4932 1716 5004 μετρίαν
1760 4931 1920 5004 ἐχού-

315 5037 418 5092 σης
442 5020 682 5087 σύνεσιν,
709 5021 770 5075 τὸ
797 5024 874 5095 μὴ
916 5022 1117 5078 ἁλῶναι
1152 5024 1328 5078 θέλειν
1358 5023 1650 5095 αἰτιάμασι
1693 5025 1807 5088 τοῖς
1837 5024 1919 5088 είς

313 5112 634 5184 ἁμαρτίαν·
684 5115 733 5167 εί
789 5114 847 5169 δὲ
892 5115 957 5186 δή
994 5132 1098 5170 που
1153 5116 1366 5186 γένοιτο
1403 5117 1499 5170 καὶ
1533 5116 1726 5170 παθεῖν
1761 5114 1915 5181 αὐτὸ,

316 5203 422 5258 κᾶν
450 5201 586 5274 γοῦν
612 5205 831 5261 ἑλέσθαι
866 5212 1169 5279 μετανοεῖν,
1203 5211 1293 5264 καὶ
1322 5210 1412 5264 διά
1436 5211 1536 5284 τὴς
1563 5214 1648 5276 είς
1678 5211 1737 5265 τὸ
1760 5210 1919 5282 ἄμει-

315 5312 408 5349 νον
446 5296 763 5370 ἀναδρομῆς
791 5300 1368 5358 ἀποσκευάσασθαιτά
1396 5303 1741 5375 ἐγκλήματα.
1774 5303 1837 5357 Εἰ
1857 5301 1917 5356 δὲ

313 5386 567 5459 ἀσχέτως
595 5391 964 5462 καταφέροιτο
989 5393 1127 5464 πρὸς
1152 5394 1219 5448 τὰ
1248 5395 1467 5464 alexim,
1502 5396 1821 5466 παραιτοῖτό
1856 5412 1917 5448 τε

311 5479 735 5553 προσεπιτούτῳ
752 5482 813 5535 τὸ
834 5483 1033 5554 χρῆναι
1061 5485 1717 5558 μετανοεῖν,προσέθηκεν
1740 5487 1920 5558 ἀμαρ-

309 5571 437 5628 τίαν
467 5574 555 5645 ἐφ’
589 5574 858 5649 ἁμαρτίᾳ,
892 5576 1239 5650 ἀρρώστημα
1279 5578 1338 5632 δὲ
1377 5580 1465 5632 ἐπ’
1517 5580 1917 5651 ἀρρωστήματι

312 5660 602 5720 παθοῦσαν
630 5665 803 5737 αὐτὴν
832 5666 1043 5722 ἔνεστιν
1070 5666 1222 5726 ἰδεῖν.
1264 5669 1513 5725 Δίτιᾶται
1540 5670 1671 5740 γοῦν
1703 5669 1828 5733 τοὺς
1858 5672 1917 5723 ὲν

2029 4748 2135 4807 boc
2179 4749 2296 4805 ﬁeri
2345 4753 2647 4822 contingat,
2682 4752 2819 4807 velle
2860 4754 3053 4809 saltem
3086 4756 3429 4826 resipiscere,
3455 4766 3511 4813 et
3542 4773 3627 4812 re-

2028 4858 2193 4898 cursu
2223 4844 2291 4897 ad
2328 4843 2552 4899 meliora
2586 4845 2771 4901 delere
2805 4846 3060 4903 crimina.
3095 4847 3190 4903 Sin
3223 4849 3487 4920 praecipiti
3522 4850 3624 4903 itu-

2028 4943 2152 5003 petu
2185 4932 2254 4989 ad
2319 4936 2560 5006 turpiora
2611 4924 2969 5005 devolvatur,
3023 4950 3347 5012 recusetqtte
3402 4941 3625 5011 insuper

2029 5026 2394 5097 resipiscere:
2436 5039 2720 5097 peccatum
2745 5029 2964 5083 additur
3001 5040 3248 5100 peccato,
3291 5039 3346 5085 et
3373 5030 3624 5086 morbum

2027 5117 2215 5173 videas
2247 5119 2438 5174 morbo
2467 5119 2754 5176 accedere.
2784 5121 3023 5177 Accusat
3064 5121 3250 5191 itaque
3295 5138 3390 5178 eos
3433 5122 3523 5192 qui
3569 5123 3622 5177 itt

2027 5206 2113 5264 bis
2140 5207 2439 5264 sceleribus
2466 5219 2773 5275 versantur,
2803 5211 3185 5265 universorum
3219 5209 3383 5280 Deus,
3439 5224 3495 5267 et
3539 5212 3627 5268 in-

2027 5300 2189 5369 quit:
2227 5320 2246 5352 ι
2283 5299 2421 5354 Num
2467 5301 2559 5370 qui
2615 5302 2783 5367 cadit,
2842 5318 2950 5356 non
3008 5303 3295 5375 resurget?
3347 5319 3471 5359 num
3527 5307 3619 5374 qui

2026 5407 2254 5448 aversus
2277 5404 2382 5458 est,
2415 5410 2521 5448 non
2555 5395 2898 5449 revertetur?
2927 5395 3110 5463 Quare
3148 5411 3377 5452 aversus
3406 5407 3487 5449 est
3519 5411 3617 5465 po-

2026 5485 2185 5555 pulus
2216 5486 2304 5541 hic
2345 5488 2631 5542 aversione
2677 5488 3009 5558 impudente,
3045 5496 3101 5542 et
3147 5486 3453 5543 confirmati
3490 5495 3619 5542 sunt

2028 5575 2081 5630 in
2106 5576 2390 5632 voluntate
2413 5593 2532 5644 sua,
2574 5588 2625 5632 et
2656 5578 2947 5633 uoluerunt
2972 5579 3170 5633 reverti
3201 5577 3263 5630 '?
3304 5595 3322 5629 ι
3354 5577 3458 5632 Sed
3486 5577 3613 5646 quia

2029 5669 2142 5723 ltzec
2173 5669 2367 5734 t'ccisti,
2404 5669 2598 5740 ittquit,
2644 5679 2932 5742 propterea
2976 5684 3080 5724 non
3126 5668 3475 5741 intert-Ogasti
3507 5684 3639 5752 “18..

392 5843 410 5877 ‘
448 5844 551 5901 lea.
589 5859 629 5915 ι,
660 5844 716 5902 Ξ.
795 5849 874 5888 ’-³
907 5848 1071 5904 Prov.
1106 5865 1195 5915 xv,
1234 5849 1327 5904 25.
1373 5848 1391 5883 ⁵
1426 5850 1554 5920 Sap.
1601 5864 1673 5919 tv,
1710 5849 1791 5906 1'2.
1870 5851 1890 5883 ⁸
1932 5849 2042 5907 Jcr.
2077 5867 2191 5922 vttt,
2236 5852 2280 5906 ί.
