4100 6516
303 481 328 536 l
339 480 446 536 ‘269

1444 471 1510 528 IN
1553 468 1787 526 lSAlAM
1827 466 1955 520 [ΑΒ.
2008 465 2068 524 \i.
2109 465 2351 525 TOMUS
2390 467 2477 525 ΙΙΙ.

3465 473 3487 526 1
3500 466 3617 527 ετοτ

316 596 593 653 Ἰουδαίων
626 594 861 667 μητέρα,
891 593 1035 664 φημὶ
1058 590 1122 663 δὴ
1144 592 1242 663 τὴν
1263 590 1616 659 Συναγωγήν·
1659 607 1676 638 ι
1704 584 1901 649 Καθὼς

2025 601 2151 651 ὐηι,
2184 585 2549 656 Synagngam,
2575 591 2835 655 inquam:
2882 606 2900 639 ι
2939 586 3409 654 Quemadmodum
3481 588 3615 644 feci-

303 688 598 758 ἐποίησας,
628 687 802 750 οὕτως
840 686 993 741 ἔσται
1028 702 1131 740 σοι’
1179 684 1240 738 τὸ
1267 681 1615 752 ἀνταπόδομά
1654 698 1746 733 σου
1784 681 1907 733 ἀντ-

303 779 708 849 αποδοθήσεται
726 780 806 842 εἰς
835 774 1081 846 κεφαλήν
1102 792 1217 829 σου.
1235 774 1369 828 »Ναὶ
1406 774 1512 844 μὴν
1532 773 1624 826 καὶ
1647 773 1672 825 ό
1700 771 1910 841 προφή-

302 889 408 942 της
424 869 653 933 Ἡσαΐας
670 885 682 898 ·
698 867 865 921 «οὐαὶ
880 865 959 937 τῷ
974 866 1183 937 ἀνόμῳ,
1197 884 1213 915 ι
1238 865 1391 935 φησί·
1407 882 1425 913 ι
1452 863 1663 933 πονηρὰ
1680 860 1824 915 κατά
1840 859 1910 913 τά

303 964 449 1036 ἔργα
472 960 580 1014 τῶν
604 959 809 1031 χειρῶν
840 957 1007 1011 αὐτοῦ
1038 956 1380 1027 συμϐήσεται
1405 953 1572 1025 αὐτῷ.
1603 974 1620 1004 ι
1656 952 1909 1006 Τοιοῦτόν

305 1055 486 1109 τικαὶ
513 1051 613 1107 νῦν
645 1051 733 1106 διὰ
753 1051 861 1105 τῶν
896 1049 1273 1121 προκειμένων
1301 1046 1651 1118 σημαίνεται.
1694 1043 1910 1114 Ἐπειδὴ

306 1150 422 1217 γὰρ
451 1145 551 1217 τὴν
592 1143 725 1214 περὶ
762 1140 897 1214 ἐμοῦ
936 1140 1139 1209 γνῶσιν
1189 1136 1450 1201 ἀπεώσω,
1488 1138 1676 1207 φησιν,
1740 1137 1911 1207 ὑπερ-

302 1236 564 1310 οραθὴσῃ
593 1236 729 1305 παρ’
756 1234 916 1305 ἐμοῦ,
941 1232 1037 1287 καὶ
1054 1230 1284 1302 ἰσοπαλῆ
1309 1233 1419 1293 τοῖς
1439 1230 1547 1300 πλη
1556 1227 1737 1299 μμελή
1747 1243 1911 1298 μασιν

307 1330 611 1399 ὑπομενεῖς
669 1327 770 1398 τὴν
808 1325 985 1394 δίκην.
1057 1320 1509 1376 Ἑπιλανθάνεται
1565 1320 1623 1372 δέ
1680 1335 1763 1381 τις
1815 1318 1908 1371 τοῦ

304 1420 450 1475 Θεοῦ
482 1418 578 1473 τοῦ
603 1418 745 1471 κατά
772 1416 936 1487 φύσιν
961 1414 1056 1469 καὶ
1083 1413 1320 1486 ἀληθῶς,
1363 1413 1459 1466 καὶ
1505 1409 1601 1465 τοῦ
1648 1409 1909 1474 κατεξου-

307 1512 595 1574 σιάζοντος
653 1509 762 1562 τῶν
794 1508 953 1570 ὅλων,
986 1507 1109 1578 ούχί¹
1136 1506 1310 1577 δήπου
1340 1505 1560 1567 πάντως
1612 1504 1693 1566 είς
1737 1503 1913 1571 ἀμνη-

2008 680 2101 744 sti,
2138 679 2217 733 sic
2246 680 2352 733 erit
2382 680 2499 733 tibi.
2530 680 2839 735 ltetributio
2871 691 2959 735 tua
3016 681 3352 737 retribuetnr
3405 681 3459 736 in
3516 696 3609 738 ca-

2009 781 2107 841 put
2147 781 2295 826 tuum
2332 772 2394 827 ¹¹.
2435 791 2453 825 ι
2485 772 2624 839 Quin
2647 784 2701 827 et
2730 774 2994 843 propheta
3023 772 3193 829 Isaias
3220 792 3234 829 :
3265 792 3284 825 ι
3331 772 3439 839 ναι,
3469 792 3486 825 ι
3527 773 3609 827 iu-

2010 863 2151 933 quit,
2177 882 2194 915 ι
2225 862 2413 933 iniquo
2449 883 2462 918 :
2498 863 2639 918 mala
2677 867 2973 919 secundum
2997 880 3161 935 opera
3200 881 3458 919 manuum
3485 881 3612 919 sua-

2012 970 2132 1009 rum
2186 955 2505 1027 contingent
2537 959 2585 1012 ei
2623 957 2688 1011 ¹³.
2724 977 2744 1010 ι
2787 958 2920 1014 Tale
2954 959 3083 1028 quid
3122 961 3290 1014 etiam
3322 974 3467 1013 mmc
3527 958 3614 1013 liis

2015 1047 2197 1101 verbis
2248 1048 2544 1118 propositis
2585 1050 2946 1117 signiﬁcatur.
2989 1049 3263 1117 Quoniam
3301 1050 3472 1115 enim,
3536 1048 3615 1103 in-

2011 1140 2149 1208 quit,
2185 1142 2554 1203 cognitionem
2585 1143 2687 1195 mei
2723 1142 2988 1211 repnlisti,
3031 1142 3351 1211 despicieris
3410 1158 3439 1197 a
3503 1158 3611 1204 me,

2012 1242 2068 1286 et
2101 1246 2292 1301 parem
2323 1232 2538 1288 delictis
2576 1245 2793 1304 poenam
2826 1235 3056 1290 subibis.
3103 1234 3458 1290 Obliviseitur
3519 1249 3616 1289 an-

2015 1333 2122 1379 tem
2154 1324 2269 1389 Dei,
2323 1324 2441 1394 ejus
2486 1326 2579 1395 qui
2629 1338 2819 1381 natura
2861 1337 2916 1382 ct
2941 1341 3069 1384 vere
3105 1327 3246 1383 Deus
3271 1338 3376 1391 est,
3398 1334 3455 1383 et
3489 1328 3615 1382 nni-

2014 1432 2296 1473 versorum
2334 1418 2669 1485 dominator,
2703 1434 2806 1474 non
2837 1422 3012 1475 solum
3045 1420 3135 1491 qui
3167 1421 3219 1475 in
3285 1420 3621 1476 oblivionem

2012 1510 2185 1575 venit,
2221 1509 2363 1579 quod
2398 1509 2544 1566 Deus
2598 1511 2705 1578 sit;
2737 1511 3008 1566 daemonia
3055 1512 3202 1567 enim
3259 1512 3494 1567 credunt
3571 1520 3628 1565 et

308 1602 469 1657 στίαν
502 1598 673 1654 ἐλθὼν
706 1598 803 1653 τοῦ
837 1601 921 1654 ὅτι
950 1598 1082 1663 Θεὸς
1116 1597 1232 1651 ἐστι
1280 1595 1397 1669 (καὶ
1417 1595 1485 1650 τὰ
1512 1593 1766 1665 δαιμόνια
1802 1593 1913 1663 γάρ

2025 1609 2274 1667 tremunt,
2310 1601 2609 1656 secundum
2653 1602 2880 1672 apostoli
2909 1616 3096 1657 vocem
3127 1602 3204 1669 ¹⁵;
3230 1603 3324 1658 sed
3347 1603 3441 1672 qui
3507 1616 3621 1655 non

305 1693 653 1758 πιστεύουσι,
681 1692 777 1745 καὶ
816 1691 1124 1763 φρίττουσι,
1158 1689 1302 1744 κατά
1333 1688 1433 1761 τὴν
1454 1686 1548 1741 τοῦ
1609 1686 1912 1743 ἀποστόλου

2025 1693 2269 1764 dignatur
2289 1695 2337 1749 ei
2391 1693 2611 1763 subjici,
2648 1705 2701 1749 et
2726 1693 2847 1765 ejus
2879 1694 3198 1765 praescripta
3256 1694 3410 1763 parvi
3466 1693 3617 1748 testi-

307 1778 556 1861 φωνὴν),
599 1786 904 1857 ἀφειδήσας
924 1785 981 1839 δὲ
1017 1784 1220 1857 μᾶλλον
1252 1782 1346 1839 τοῦ
1381 1778 1704 1836 ὑποκεῖσθαι
1739 1777 1916 1832 θέλειν

2025 1798 2149 1850 mat,
2190 1786 2266 1840 ita
2296 1795 2354 1841 ιιι
2380 1773 2601 1842 ell‘reuis
2627 1795 2682 1841 et
2706 1798 2999 1843 contumax
3050 1786 3323 1849 videatur,
3379 1794 3434 1840 et
3489 1799 3614 1840 om-

306 1881 484 1953 αύτῷ,
557 1880 654 1935 καὶ
710 1879 823 1934 τῶν
878 1879 1011 1950 παρ’
1056 1876 1221 1932 αὑτοῦ
1265 1873 1704 1946 διατεταγμένων
1757 1871 1916 1940 ὀλίγα

2025 1878 2151 1933 nino
2172 1878 2238 1934 ad
2274 1894 2336 1934 ea
2386 1894 2508 1949 quae
2570 1889 2760 1935 contra
2819 1877 3055 1934 cilicium
3101 1888 3230 1933 sunt
3296 1892 3611 1935 conversus.

308 1940 637 2045 φροντίσας·
670 1969 749 2034 ὡς
805 1940 1018 2041 ἑξήνιον
1070 1968 1304 2041 ὁρᾶσθαι
1363 1966 1461 2021 καί⁸
1498 1940 1757 2035 ἀπειθῆ,
1823 1962 1920 2017 καὶ

2025 1970 2190 2042 306
2229 1940 2585 2027 Obliviscitur
2629 1986 2762 2028 vero
2790 1971 2935 2028 Deus
2964 1970 3050 2025 vel
3102 1969 3336 2040 despicit
3373 1984 3471 2025 eos
3521 1971 3614 2039 qui

307 2063 628 2136 όλοτρόπως
670 2062 1029 2116 ἐκνενευκότα
1068 2060 1207 2129 πρὸς
1277 2060 1389 2113 πᾶν
1460 2057 1796 2123 τούναντίον,
1845 2049 1921 2111 ὧν

310 2156 425 2212 ἔδει
454 2152 722 2227 πληροῦν.
742 2152 1192 2208 Ἑπιλανθάνεται
1217 2150 1273 2205 δὲ
1300 2149 1454 2214 Θεὸς,
1475 2150 1645 2220 ἤγουν
1673 2149 1923 2220 ὑπερορᾷ

309 2248 425 2302 τῶν
454 2246 923 2320 ἀμνημονούντων
948 2243 1137 2308 αὑτοῦ,
1175 2242 1463 2314 μονονουχὶ
1492 2241 1589 2313 τὴν
1623 2240 1922 2312 ἐπίκουρον

311 2342 478 2412 χεῖρα
530 2338 862 2405 συστέλλων,
914 2338 1010 2392 καὶ
1058 2335 1277 2408 φειῐοῦς
1318 2335 1539 2404 ἁπάσης
1581 2331 1920 2403 ἀπογυμνῶν

309 2428 558 2495 αὐτούς’
603 2429 632 2483 ὃ
678 2429 744 2502 δὴ
795 2428 1065 2483 πέπονθεν
1122 2425 1364 2499 Ἰσραήλ.
1404 2426 1479 2479 Ού
1514 2425 1625 2497 γὰρ
1672 2422 1920 2494 ἐφοϐήθη

308 2521 407 2577 τὸν
438 2520 676 2594 ούρανοῦ
709 2536 772 2574 τε
825 2520 923 2575 καὶ
955 2520 1059 2590 γῆς
1096 2518 1326 2592 Κύριον,
1373 2517 1469 2571 καὶ
1509 2515 1620 2569 τῶν
1654 2514 1792 2568 ὅλων
1821 2513 1917 2587 δηο

314 2613 587 2688 μιουργόν
613 2629 676 2667 τε
729 2613 827 2667 καὶ
865 2613 1139 2684 τεχνίτηνο
1182 2610 1464 2674 ἀπολύσας
1498 2609 1555 2664 δὲ
1593 2609 1787 2681 ὥσπερ
1810 2608 1922 2662 τῶν

310 2703 489 2760 αὐτοῦ
546 2703 851 2775 σκήπτρων
888 2702 982 2756 τὸν
1026 2701 1253 2773 αὐχένα,
1301 2700 1620 2755 δεδούλευκε
1667 2703 1781 2764 τοῖς
1820 2699 1921 2754 ούκ

309 2797 438 2857 οὖσι
484 2800 650 2864 θεοῖς.
702 2797 976 2871 Ταύτῃτοί
1017 2814 1204 2870 φησιν,
1249 2798 1333 2852 ὅτι
1383 2798 1459 2853 Σὺ
1498 2797 1598 2852 οὐκ
1646 2795 1922 2868 ἐφοϐήθης

313 2913 410 2967 με,
457 2894 555 2948 καὶ
601 2892 714 2963 ἐγὼ
754 2892 1045 2962 ἀναγγελῶ
1107 2892 1597 2964 τὴν-δικαιοσύνην
1649 2908 1776 2958 μου,
1826 2893 1923 2946 καὶ

307 2986 384 3042 τὰ
414 2985 566 3041 κακά
596 3002 693 3039 σου
721 3002 735 3016 ⁸
782 2985 932 3039 κακά
964 2985 1140 3054 λέγων
1183 2985 1282 3057 τὴν
1323 2985 1628 3039 ἀπόστασιν
1676 2986 1776 3056 τὴν
1824 2984 1921 3039 ἀπ’

310 3078 487 3134 αὐτοῦ
525 3077 794 3149 δηλονότι,
845 3077 941 3132 καὶ
991 3079 1055 3131 τὸ
1100 3078 1527 3148 προοκλίνεσθαι
1580 3077 1786 3147 λέγειν,
1839 3074 1924 3142 οἷς

311 3171 485 3235 αὐτὸς
528 3170 829 3242 εἰργάσατο
881 3168 1043 3235 θεοῖς.
1097 3170 1460 3240 Ἐπαγγέλλει
1511 3170 1569 3223 δὲ
1611 3168 1921 3242 τὴν-αὑτοῦ

2022 2072 2150 2118 sunt
2186 2063 2355 2134 ipsius
2382 2064 2754 2132 immemores,
2782 2080 2906 2119 cum
2945 2072 3153 2118 tantum
3222 2079 3329 2118 non
3399 2071 3619 2118 centra-

2023 2153 2105 2208 Ιιὶι
2155 2169 2380 2210 manum
2408 2170 2562 2211 suam
2600 2156 2945 2221 auxiliarein,
2978 2165 3033 2212 et
3075 2156 3224 2212 omni
3285 2170 3383 2211 eos
3452 2155 3621 2208 nudat

2023 2248 2422 2303 misericordia.
2461 2247 2618 2317 Quod
2652 2248 2838 2305 lsraeli
2863 2248 3087 2305 accidit.
3108 2247 3226 2303 Non
3257 2247 3402 2302 enim
3438 2246 3622 2301 timuit

2021 2333 2143 2389 emli
2168 2342 2404 2391 etterra:
2444 2336 2754 2402 Dominum,
2792 2347 2848 2392 et
2872 2338 3260 2393 universorqu
3293 2336 3543 2406 opificem
3569 2345 3624 2392 et

2020 2427 2324 2485 artiﬁcem:
2362 2429 2457 2484 sed
2484 2430 2718 2499 sceptris
2744 2429 2861 2498 ejus
2888 2430 3053 2485 veluti
3084 2432 3363 2485 subtracta
3410 2429 3622 2484 cervice

2021 2518 2173 2575 falsis
2206 2521 2310 2576 diis
2340 2521 2585 2576 servivit.
2622 2521 2759 2577 liinc
2782 2523 2946 2577 dicit:
2992 2541 3013 2575 ι
3068 2522 3149 2576 Τιι
3214 2537 3320 2577 non
3385 2521 3618 2576 timuisti

2022 2624 2129 2676 me,
2180 2620 2236 2666 et
2267 2624 2369 2682 ego
2407 2612 3034 2683 annuntiabojustitiam
3101 2628 3303 2678 meam,
3365 2622 3418 2667 et
3481 2612 3621 2666 mala

2024 2712 2115 2757 tua
2149 2718 2165 2758 :
2211 2719 2230 2755 ι
2285 2702 2424 2758 mala
2463 2718 2687 2769 vocans,
2721 2706 3053 2776 apostasiam
3084 2705 3337 2760 videlicet
3371 2707 3437 2757 ab
3465 2705 3608 2773 ipso,

2021 2804 2078 2849 et
2116 2795 2353 2853 deﬁcere
2410 2800 2478 2851 ad
2506 2798 2638 2854 deos
2671 2814 2808 2868 quos
2860 2800 2976 2869 ipse
3019 2798 3330 2854 fabricavit.
3398 2800 3653 2854 Aunun-u

2025 2888 2127 2943 tiat
2161 2897 2350 2944 autem
2383 2887 2654 2958 justitiam
2691 2905 2848 2945 suam
2882 2891 3259 2946 universorum
3318 2889 3462 2945 Deus
3494 2904 3625 2944 con-

2024 2986 2108 3033 tra
2137 2992 2234 3033 eos
2263 2978 2353 3048 qui
2381 2978 2514 3035 talia
2552 2980 2925 3048 committunt,
2959 2982 3084 3035 dum
3128 2982 3180 3035 in
3204 2981 3326 3035 illos
3375 2980 3621 3035 divinum
3644 3002 3658 3019 π

2023 3066 2229 3138 profert
2266 3067 2557 3136 calculum,
2587 3081 2644 3125 et
2669 3070 2889 3142 dignam
2948 3085 3166 3143 poenam
3208 3071 3422 3143 infligit.
3509 3069 3627 3126 Non

2023 3161 2169 3215 enim
2198 3162 2435 3218 audaces
2466 3174 2694 3220 conatus
2729 3166 2781 3220 bi
2808 3177 2999 3221 contra
3035 3182 3203 3222 unum
3240 3165 3476 3232 aliquem
3533 3180 3633 3219 no-

308 3262 669 3336 δικαιοσύνην
719 3263 815 3317 ἐπὶ
853 3262 962 3317 τῶν
1013 3264 1195 3318 τοιάδε
1241 3263 1377 3335 δρᾷν
1426 3262 1698 3317 εἰωθότων
1761 3264 1789 3316 ὁ
1816 3263 1923 3317 τῶν

2026 3262 2156 3308 ειιιε
2194 3255 2527 3310 conditionis
2580 3255 2738 3323 ﬁunt,
2778 3259 2877 3313 sed
2925 3268 3116 3313 ccutra
3149 3258 3421 3313 escelsam
3460 3268 3515 3312 et
3538 3273 3631 3312 su-

309 3357 454 3413 ὅλων
503 3356 659 3421 Θεὸς,
720 3356 902 3429 ψῆφον
950 3356 1036 3410 ἐπ’
1090 3356 1276 3420 αὐτοῖς
1319 3353 1470 3409 Θείαν
1521 3356 1792 3428 ἐκφέρων,
1830 3356 1923 3409 καὶ

316 3450 615 3520 ἰσόρροπον
668 3447 894 3501 κόλασιν
942 3446 1225 3511 ἐπιτιθείς.
1271 3446 1347 3499 Ού
1397 3446 1508 3518 γὰρ
1555 3449 1637 3511 είς
1691 3446 1789 3501 ἕνα
1833 3447 1925 3500 τὸν

312 3541 443 3595 καθ’
479 3541 630 3612 ἡμᾶς
688 3539 759 3593 τὰ
789 3539 1138 3611 τολμήματα,
1170 3538 1285 3592 ἀλλ’
1313 3540 1395 3602 εἰς
1427 3537 1600 3610 αὐτὴν
1622 3539 1925 3609 πράττεται

312 3633 420 3707 τὴν
474 3632 614 3704 ὑψοῦ
643 3649 704 3687 τε
745 3632 841 3686 καὶ
879 3632 1012 3696 ἀνω,
1055 3632 1150 3686 καὶ
1191 3630 1301 3684 τῶν
1348 3620 1487 3684 ὅλων
1540 3629 1926 3701 κατάρχουσαν

316 3725 507 3798 φύσιν.
544 3725 670 3778 Ὀτι
697 3724 755 3778 δὲ
791 3725 1055 3796 ἀνήνυτος
1085 3722 1194 3795 [αι.
1221 3720 1509 3795 ἀνόνητοςὲ
1538 3723 1724 3787 αὐτοῖς
1755 3724 1788 3794 ἡ
1817 3721 1928 3776 τῶν

313 3816 695 3892 ψευδωνύμων
727 3813 946 3887 εὕρεσις
993 3815 1153 3880 θεῶν,
1194 3813 1560 3869 διαδείκνυσιν
1598 3815 1793 3880 εἰπὼν,
1846 3815 1929 3869 ὅτι

323 3929 341 3966 ‹
368 3911 489 3965 Οὐκ
525 3907 874 3980 ὠφελήσουσι
902 3925 982 3962 σε·
1008 3927 1027 3960 ι
1079 3908 1175 3962 καὶ
1201 3907 1285 3962 ὅτι
1308 3908 1370 3961 τὸ
1399 3906 1593 3979 χρῆμά
1621 3909 1772 3961 ἐστιν
1799 3907 1931 3980 ἀλη-

316 4001 435 4067 θὲς,
468 3998 908 4073 προσαποφαίνει
932 3997 1352 4068 λέγων·‹“οταν
1380 3997 1716 4069 ἀναϐοήσῃς,
1749 3995 1929 4062 ἐξελέ-

319 4094 543 4150 σθωσάν
574 4109 635 4147 σε
660 4093 721 4147 ὲν
740 4095 810 4165 τῇ
840 4091 1015 4163 θλίψει
1047 4109 1161 4146 σου.
1187 4110 1205 4144 ι
1238 4091 1472 4157 Οὐκοῦν,
1493 4091 1569 4154 ὡς
1586 4092 1616 4144 ό
1643 4092 1934 4164 προφήτης

323 4186 481 4258 φησι,
505 4202 527 4239 ι
557 4184 624 4238 Τί
650 4184 855 4255 ὠφελεῖ
875 4183 1135 4255 γλυπτὸν,
1161 4183 1244 4237 ὅτι
1272 4182 1515 4254 έγλυψαν
1543 4183 1675 4237 αὐτό
1699 4200 1715 4250 ;
1762 4182 1933 4237 ἔπλα-

323 4294 432 4334 σαν
487 4277 623 4332 αύτδ
678 4275 942 4350 χώνευμα
1001 4276 1309 4348 φαντασίαν
1352 4274 1567 4348 ψευδῆ,
1632 4277 1729 4331 καὶ⁸
1799 4277 1935 4331 αὐτὸ

319 4370 539 4426 τέκτων
570 4370 822 4444 ἐποίησε,
849 4370 945 4426 καὶ
971 4372 1033 4425 οὐ
1069 4370 1204 4436 Θεός
1235 4372 1406 4427 ἐστιν.
1446 4391 1464 4424 ι
1500 4369 1634 4426 Εἶτα
1665 4373 1783 4438 πῶς
1810 4374 1934 4428 ὲπι-

322 4460 655 4534 κουρήσειεν
682 4460 750 4515 ἂν
776 4463 889 4525 τοῖς
911 4461 1447 4533 πεπλανημένοις,ὲκ
1471 4460 1632 4530 ξύλου
1659 4464 1753 4517 καὶ
1782 4462 1934 4518 λίθου

322 4553 702 4625 πεποιημένον
754 4554 1000 4627 ἄγαλμα,
1053 4555 1147 4609 καὶ
1174 4554 1372 4626 τέχνης
1422 4553 1730 4627 ἀνθρώπων
1768 4556 1937 4626 εὑρή-

325 4666 481 4720 ματα
526 4647 751 4719 μᾶλλον,
804 4648 836 4717 ἢ
884 4647 1052 4716 Θεός;
1085 4645 1186 4701 Διά
1216 4647 1376 4701 τοῦτὸ
1430 4665 1616 4719 φησιν,
1649 4647 1733 4701 ὅτι
1786 4647 1923 4711 Τοὺς

2034 4656 2213 4703 torum
2263 4647 2624 4718 projicinntur
2645 4647 2886 4704 ﬂatibus.
2940 4649 3120 4720 Atque

323 4736 541 4812 πάντας
564 4735 765 4807 ἄνεμος
791 4735 1046 4807 λήψεται,
1078 4736 1176 4791 καὶ
1210 4737 1428 4790 ἀποίσει
1458 4737 1741 4807 καταιγίς.
1798 4735 1935 4791 Τού-

322 4847 456 4894 τους
485 4829 568 4897 δὲ,
608 4829 786 4895 τίνοις;
825 4831 899 4884 Ἢ
925 4831 1054 4894 τοὺς
1117 4828 1251 4901 παρ’
1305 4828 1489 4883 αὐτῶν
1541 4829 1935 4902 ἐπινοηθέντας

324 4922 510 4991 θεοὺς,
545 4923 580 4996 ἢ
613 4924 755 4996 τάχα
795 4926 907 4979 που
936 4925 1065 4989 τοὺς
1104 4921 1550 4994 προσκυνοῦντας
1596 4923 1816 4988 αὐτοὺς,
1858 4924 1931 4989 οἳ,

325 5017 587 5090 καθάπερ
612 5016 744 5088 χοῦς
788 5016 885 5070 καὶ
924 5016 1095 5081 κόνις,
1134 5018 1254 5081 ταῖς
1297 5015 1408 5069 τῶν
1453 5014 1676 5085 ἀνέμων
1708 5016 1937 5088 ἀναρρι-

331 5110 599 5166 πτοῦνται
630 5113 839 5175 πνοαῖς.
862 5111 976 5165 Καὶ
1017 5100 1197 5174 τοῦτο,
1236 5105 1412 5181 οἶμαι,
1449 5109 1566 5162 ἐστὶ
1587 5107 1649 5162 τὸ
1677 5109 1736 5162 ὲν
1769 5108 1935 5179 βίὁλῳ

2028 3360 2215 3416 peram
2249 3361 2313 3400 ac
2345 3349 2721 3404 universitatis
2784 3352 3071 3406 rectricem
3134 3361 3405 3405 naturam.
3472 3349 3630 3418 Quod

2028 3448 2210 3493 autem
2242 3455 2437 3511 parum
2501 3441 2753 3512 proﬁciat
2834 3445 2951 3499 iure
3015 3445 3175 3500 falso
3229 3444 3632 3499 mminaiornm

2028 3533 2253 3588 deorum
2305 3534 2574 3602 inventio,
2607 3538 2865 3603 ostendit,
2903 3554 3025 3593 cum
3055 3540 3132 3593 ait
3187 3557 3199 3593 :
3254 3558 3273 3590 ι
3340 3537 3457 3592 Non
3535 3536 3637 3592 tibi

2028 3626 2347 3695 proderunt.
2393 3645 2413 3680 ι
2450 3628 2604 3696 Quod
2631 3645 2822 3685 verum
2862 3645 2985 3686 esse
3017 3631 3242 3700 insuper
3265 3630 3635 3696 demonstrat,

2031 3719 2256 3775 dicens:
2294 3737 2313 3773 ι
2352 3719 2489 3777 Cum
2529 3722 2876 3790 clamaveris,
2918 3725 3154 3794 eripiant
3179 3735 3232 3779 te
3265 3726 3319 3780 in
3380 3723 3635 3779 alllictio-

2031 3827 2101 3868 ne
2128 3826 2239 3870 tua.
2288 3831 2309 3868 ι
2348 3813 2558 3886 Itaque,
2590 3819 2938 3888 utprOplieta
2962 3817 3102 3874 aitz‘
3134 3834 3153 3870 ι
3200 3817 3341 3885 Quid
3392 3814 3638 3888 proderit

2033 3904 2286 3975 sculptile
2329 3908 2474 3979 quod
2499 3908 2888 3980 sculpserunt?
2918 3910 3252 3967 Formarum
3312 3911 3440 3967 illud
3500 3926 3636 3966 con-

2033 3998 2224 4067 ﬂatile,
2258 3999 2723 4070 imaginationem
2770 4001 2983 4070 falsam,
3040 4004 3185 4073 quod
3241 4004 3398 4057 lictor
3454 4003 3634 4069 tinxit,

2035 4106 2139 4148 nec
2168 4091 2311 4148 Deus
2340 4099 2427 4148 est
2476 4092 2564 4148 ⁸⁸⁸.
2602 4111 2622 4145 ι
2666 4091 2874 4149 Deinde
2915 4108 3078 4163 quam
3120 4109 3276 4164 apem
3323 4095 3640 4150 errantibus

2035 4182 2225 4239 aﬂ‘cret
2264 4184 2445 4254 imago
2494 4200 2561 4240 ex
2583 4184 2728 4255 ligno
2776 4195 2832 4240 et
2861 4184 3039 4256 lapide
3078 4184 3249 4252 facta,
3300 4193 3355 4240 ct
3411 4187 3636 4241 humani

2036 4275 2257 4332 artiﬁcii
2306 4276 2589 4332 inventum
2638 4279 2818 4348 potius
2869 4293 3034 4348 quam
3099 4279 3277 4335 Deus?
3341 4277 3643 4347 Propterea

2039 4368 2261 4440 inquit:
2310 4388 2329 4422 ι
2366 4368 2570 4426 Omnes
2599 4381 2794 4428 ventus
2821 4372 2991 4438 tollet,
3043 4383 3099 4427 et
3145 4372 3356 4427 auferet
3426 4382 3639 4441 tempe-

2039 4472 2182 4519 stas.
2224 4482 2243 4518 ι
2277 4463 2598 4531 Quasnam?
2633 4463 2732 4521 Vel
2787 4470 2917 4522 deos
2951 4466 3020 4522 ab
3064 4467 3196 4537 ipsis
3272 4465 3641 4536 excogitatas,

2037 4557 2124 4611 vel
2159 4557 2259 4626 qui
2287 4558 2519 4612 adorant
2562 4572 2679 4624 eos,
2702 4560 2797 4634 qui
2832 4573 2930 4614 ccu
2966 4559 3109 4615 cinls
3134 4569 3191 4615 et
3231 4558 3436 4629 pulvis,
3501 4571 3637 4610 ven-

3201 4652 3304 4704 boe
3353 4658 3465 4709 est,
3518 4647 3638 4717 cpi-

2038 4756 2161 4806 nor,
2195 4740 2340 4811 quod
2368 4741 2420 4795 in
2476 4740 2616 4797 libro
2647 4740 2990 4797 l’salmorum
3041 4743 3247 4797 dictum
3277 4750 3356 4797 est
3387 4760 3400 4796 :
3438 4759 3456 4793 ι
3479 4738 3649 4795 Fiant

2038 4843 2297 4904 tanquam
2334 4832 2565 4904 pulvisa
2598 4832 2738 4890 faeie
2770 4835 3048 4901 ventinid
3066 4844 3172 4900 est,
3210 4836 3262 4889 in
3311 4833 3446 4888 nihil
3501 4832 3641 4887 reci-

2038 4924 2169 4979 dent
2190 4924 2258 4979 ης
2373 4923 2471 4980 Est
2493 4934 2674 4981 autem
2715 4927 2961 4983 solemne
3024 4926 3320 4997 Scriptura:
3379 4922 3641 4979 divinitus

2040 5017 2342 5088 inspiratae,
2372 5020 2734 5074 tentatinnum
2782 5034 2878 5075 seu
2941 5019 3329 5090 suppliciorum
3381 5017 3639 5086 impetus,

2048 5112 2308 5181 procella:
2356 5126 2734 5179 smpennmero
2781 5122 2835 5166 et
2876 5111 3185 5180 tempestati
3222 5122 3563 5178 comparare.

332 5202 584 5276 ιἰ³“οιλμι“ῖιν
613 5202 905 5275 εἰρημένον
935 5219 949 5233 '
978 5201 1412 5275 «Γενηθήτωσαν
1479 5201 1613 5256 ὡσεὶ
1662 5200 1792 5272 χοῦς
1832 5201 1977 5256 κατά
2012 5202 2309 5273 πρόσωπον
2378 5202 2609 5274 ἀνέμου·
2645 5222 2665 5255 ι
2699 5202 2970 5269 τουτέστι,
3013 5201 3323 5273 βαδιοῦνται
3383 5199 3522 5273 πρὸς
3583 5196 3647 5252 τὸ

331 5297 524 5373 μηδέν.
553 5296 820 5361 »Ἔθοςδὲ
853 5292 921 5369 τῇ
949 5297 1294 5369 θεοπνεύστῳ
1355 5298 1549 5371 Γραφῇ
1587 5295 1689 5361 τὰς
1755 5294 1865 5350 τῶν
1927 5298 2276 5369 πειρασμῶν,
2321 5298 2440 5370 ἦτοι
2487 5296 2598 5350 τῶν
2632 5296 2929 5395 Ικολάσεων
2979 5295 3224 5365 ἐφόδους,
3286 5293 3517 5349 λαίλαπι
3550 5293 3645 5346 καὶ.

330 5389 610 5461 καταιγίδι
640 5391 903 5455 πολλάκις
928 5391 1250 5462 ἀφομοιοῦν.

408 5487 474 5539 Ol
533 5483 604 5538 δὲ
653 5485 1051 5555 ἀντεχόμενοί
1091 5503 1213 5556 μου
1262 5485 1591 5552 κτήσονται
1646 5485 1781 5557 γῆν,
1840 5486 1939 5540 καὶ

2118 5483 2286 5537 Vens.
2345 5481 2435 5536 Μ.
2497 5479 2697 5550 Atqui
2753 5479 3057 5535 innituntur
3108 5477 3237 5532 mihi
3299 5477 3641 5545 possidebunt

329 5578 877 5649 κληρονομήσουσι
945 5578 1015 5634 τὸ
1080 5578 1220 5647 ὄρος
1283 5577 1349 5631 τὸ
1404 5577 1579 5649 ἅγιόν
1623 5596 1780 5648 μου·
1839 5595 1923 5632 κα

2044 5585 2263 5641 terram,
2287 5584 2335 5630 et
2365 5574 2676 5629 haereditate
2714 5584 3094 5643 consequentur
3127 5579 3354 5624 montem
3390 5579 3638 5624 sanctum

327 5671 566 5741 ἐροῦσι·
591 5671 972 5742 Καθαρίσατε
998 5670 1121 5727 ἀπὸ
1153 5669 1481 5738 προσώπου
1504 5672 1692 5726 αὐτοῦ
1736 5671 1937 5737 ὀδοὺς,

332 5763 433 5818 καὶ
473 5762 656 5819 dcam
701 5763 914 5819 σκῶλα
965 5763 1086 5820 ἀπὸ
1120 5761 1234 5831 τῆς
1267 5762 1412 5818 ὁδοῦ
1450 5762 1557 5818 τοῦ
1608 5764 1763 5818 λαοῦ
1792 5783 1933 5833 μου.

414 5940 458 5971 ¹²
493 5936 690 5996 Ezech.
732 5955 827 6008 ιιι,
858 5939 943 5995 9.7.
1028 5939 1071 5972 ¹³
1103 5937 1208 5995 lsa.
1248 5955 1333 6007 ιιι,
1366 5938 1454 5995 Η.

1535 5938 1577 5970 ⁸³⁸
1605 5937 1721 5995 Jac.
1761 5954 1819 6007 ιι,
1867 5939 1948 5994 l9.

2043 5684 2259 5733 meum;
2295 5679 2343 5722 et
2372 5667 2543 5722 dicent
2572 5684 2590 5721 :
2644 5665 2897 5721 Mundam
2936 5683 2967 5718 a
3023 5664 3159 5734 facie
3222 5663 3338 5732 ejus
3393 5662 3526 5727 vias,
3591 5672 3640 5717 et

2046 5760 2251 5829 auferte
2275 5760 2586 5830 offensiones
2618 5776 2645 5814 ε
2679 5761 2762 5814 via
2809 5757 2990 5828 populi
3029 5773 3151 5810 met.

2032 5939 2096 5971 ’δ’
2130 5938 2332 5995 Habac.
2379 5953 2438 6003 ιι,
2475 5939 2559 5993 18.
2641 5939 2683 5969 ⁵⁸
2726 5936 2871 5992 Psal.
2902 5952 3087 6004 xxxiv,
3126 5937 3178 5992 5.
