4100 6490
482 439 505 497 i
519 438 623 502 171

553 563 871 620 Necessario
896 564 1251 620 subtexerunt
1287 565 1403 622 haec
1435 567 1834 636 superioribus.
1877 565 2052 636 Opor-
2083 568 2127 625 Α

483 656 583 711 luit
603 657 770 721 enim,
801 656 1038 726 oportuit
1091 656 1370 711 hominum
1405 657 1793 729 ﬂagitiosorum
1818 668 1874 714 et
1901 657 2052 712 defe-

479 754 693 798 ctorum
730 744 1087 811 punitionem,
1112 754 1168 797 et
1215 744 1557 814 diligentiutn
1615 748 1765 803 illum
1827 747 2048 818 praemia

479 836 764 889 manifesta
793 846 849 889 et
876 836 1156 905 perspicua
1224 835 1366 894 ﬁeri.
1459 838 1624 909 807
1684 840 1764 894 Ae
1831 838 2050 909 quidem

478 927 529 979 in
575 927 886 981 universum
927 928 1241 995 pollicitatio
1290 928 1404 984 haec
1451 944 1579 985 vera
1626 939 1731 986 est.
1785 929 2048 999 Quisquis

476 1015 618 1068 enim
656 1014 823 1070 Deum
859 1017 1223 1085 amplectitur,
1250 1027 1307 1074 et
1336 1018 1575 1089 perfecta
1615 1020 1735 1092 eius
1795 1020 2047 1077 dilectio-

476 1121 542 1162 ne
572 1106 704 1161 nihil
750 1108 900 1177 prius
939 1118 1033 1163 aut
1068 1110 1430 1179 prasstabilius
1486 1127 1607 1168 esse
1668 1121 1874 1179 censet,
1928 1127 2047 1168 om-

474 1197 744 1265 nibusque
769 1197 925 1253 bonis
953 1201 1203 1268 operibus
1223 1200 1469 1257 excellit:
1495 1202 1584 1257 hic
1606 1202 1711 1258 erit
1749 1212 1909 1258 terrae
1943 1202 2049 1256 ha:-

473 1304 581 1353 res,
617 1304 737 1357 quae
789 1292 996 1345 sanctis
1022 1292 1289 1349 destinata
1316 1302 1427 1359 est,
1477 1309 1640 1363 quam
1671 1294 1835 1348 etiam
1894 1293 2050 1348 nobis

472 1383 735 1435 Servator
777 1381 890 1450 ipse
911 1382 1257 1451 signiﬁcavit,
1311 1385 1529 1440 dicens:
1576 1402 1599 1438 ι
1658 1383 1811 1440 Beati
1866 1384 2049 1450 mites,

472 1471 597 1537 quia
635 1470 736 1541 ipsi
775 1465 1118 1531 lnéreditario
1149 1476 1503 1545 possidebunt
1529 1485 1728 1533 terram
1766 1478 1832 1531 ¹⁶.
1871 1495 1893 1530 ι
1920 1476 2052 1533 San-

472 1567 623 1612 ctum
646 1568 825 1615 autem
852 1572 1087 1617 montem
1110 1564 1196 1619 hic
1222 1565 1366 1634 dico,
1397 1581 1710 1637 supremam
1746 1567 2046 1635 civitatem,

475 1648 750 1706 cmlestem
770 1649 1097 1721 Jerusalem,
1135 1655 1414 1725 pulchram
1480 1666 1791 1714 sanctorum
1852 1658 2054 1714 civita-

477 1748 603 1793 tem.
662 1739 853 1798 Psallit
919 1745 1212 1816 siquidem,
1254 1748 1431 1818 deque
1488 1763 1551 1804 ea
1615 1750 1792 1819 inquit
1837 1749 2054 1806 divinus

473 1829 672 1886 David:
701 1834 866 1901 «Quis
908 1839 1167 1893 ascendet
1187 1838 1243 1893 in
1276 1850 1513 1896 montem
1541 1840 1780 1906 Domini,
1805 1850 1900 1896 aut
1929 1841 2053 1911 quis

474 1922 641 1977 stabit
678 1923 731 1979 in
776 1925 895 1982 loco
927 1937 1120 1984 sancto
1169 1930 1334 1999 ejus?
1385 1931 1655 1987 lnnocens
1700 1933 1953 1990 manibus
2000 1942 2055 1988 et

472 2015 709 2073 mundus
764 2018 927 2074 corde
954 2019 1023 2076 ".
1063 2039 1085 2073 ι
1124 2021 1392 2078 Omnibus
1420 2023 1585 2093 igitur
1632 2022 1802 2079 Deum
1850 2023 2057 2092 ample-

474 2106 774 2173 ctentibus,
798 2124 920 2165 sors
940 2110 1043 2167 erit
1072 2119 1220 2168 terra
1238 2122 1626 2179 sanctorum,ot
1649 2129 1806 2171 mons
1827 2128 2054 2169 venera-

475 2194 600 2252 bilis
634 2206 692 2252 et
738 2198 1218 2258 celebratissimus.
1291 2202 1523 2258 Videtur
1587 2213 1766 2260 autem
1806 2219 1951 2260 nunc
1989 2206 2057 2259 de

477 2285 565 2342 his
595 2288 687 2359 qui
720 2303 788 2345 ex
826 2291 1074 2347 tribubus
1112 2291 1357 2350 Judaicis
1392 2296 1747 2353 crediderunt
1777 2298 1946 2352 verba
1969 2296 2048 2351 l‘a-

475 2389 603 2433 cere
638 2395 652 2431 :
693 2395 920 2449 quorum
947 2382 1200 2450 primitia:
1230 2399 1297 2443 ac
1324 2387 1485 2456 primi
1522 2388 1855 2443 exStiterunt
1886 2388 2055 2443 divini

474 2464 749 2535 discipuli,
793 2469 1136 2526 dilectionem
1186 2473 1389 2529 Christi
1455 2476 1737 2533 mordicus
1787 2485 2057 2545 tenentes,

474 2564 532 2611 et
558 2557 716 2613 tidem
754 2556 808 2614 in
864 2560 957 2616 illo
1023 2562 1404 2620 inconcussam
1467 2566 1750 2633 habentes,
1801 2577 1858 2624 et
1920 2568 2058 2624 obe-

475 2646 737 2703 dientiam
769 2649 1322 2722 irreprehensibilem,
1347 2664 1402 2711 et
1435 2657 1769 2714 charitatem
1820 2659 2057 2714 indivul-

479 2752 615 2793 sam.
679 2737 882 2796 Dicunt
946 2744 1256 2814 siquidem:
1292 2764 1314 2800 ι
1353 2746 1484 2814 Quis
1542 2763 1641 2805 nos
1698 2751 1977 2821 separabit
2026 2765 2059 2805 a

474 2830 766 2889 dilectione
817 2832 1071 2892 Christi?
1111 2834 1384 2894 Alliictio?
1417 2855 1543 2895 num
1586 2840 1887 2911 angustia?
1917 2856 2047 2897 num

470 2922 829 2987 persecutio?
856 2940 986 2980 num
1022 2926 1242 2983 fames?
1297 2944 1429 2983 num
1478 2931 1735 2987 nuditas?
1780 2947 1908 2987 num
1965 2947 2063 3002 pe-

474 3012 748 3069 riculum?
789 3031 917 3071 num
940 3018 1149 3087 gladius
1176 3019 1260 3076 "7
1303 3039 1324 3074 ι
1360 3023 1426 3077 Hi
1462 3032 1590 3079 sunt
1640 3024 1882 3080 hasredes
1904 3024 2056 3095 regni

475 3105 859 3162 coelorum:et
899 3117 1098 3164 terram
1153 3126 1443 3181 supernam
1501 3115 1872 3185 possidebunt,
1939 3132 2060 3187 quae

1502 441 1559 496 S.
1599 439 1879 497 CYRILLI
1918 436 2392 496 ΑιΕΧΑΝῡιιιΜ
2426 435 2748 495 ARCHIEP.

3605 433 3745 489 ms

2242 561 2580 630 ’Δναγκαίως
2613 562 2970 633 ἑπενήνεκται
3011 562 3125 625 τοῖς
3166 559 3359 615 ἀνόπιν
3409 560 3505 614 καὶ
3546 557 3744 614 ταῦτα.

2158 649 2308 706 Ἔδει
2325 652 2457 723 γὰρ,
2479 651 2584 706 ἔδει
2607 652 2826 706 καὶτῶν
2853 651 3351 724 φιλαμαρτημόνων
3373 649 3471 704 καὶ
3501 652 3747 704 ἀποστα-

2152 743 2262 796 τῶν
2288 743 2495 815 ἐναργῆ
2523 743 2778 811 γενέσθαι
2815 744 2914 815 τὴν
2948 744 3189 807 κόλασιν,
3224 743 3319 797 καὶ
3344 741 3453 797 τῶν
3480 740 3746 810 ἀγαπών-

2152 850 2263 887 των
2320 834 2484 889 αὐτὸν
2515 835 2587 888 τὰ
2637 834 2795 905 ἔργα.
2850 836 2963 889 Καὶ
3020 834 3249 888 καθόλου
3304 833 3405 904 μιν
3454 831 3661 902 ἀληθὴς
3706 833 3745 904 ἠ

2155 912 2481 997 ὐπὸσχεσιςέ
2513 924 2662 988 ἄπας
2687 926 2796 996 γὰρ
2832 926 2967 990 εῖτις
3004 926 3288 995 ἀντέχεται
3321 923 3477 990 Θεοῦ,
3513 924 3609 978 καὶ
3643 924 3747 994 τῆς

2154 1017 2235 1081 είς
2255 1017 2417 1069 αὐτὸν
2451 1017 2671 1085 ἀγάπης
2700 1015 2978 1078 όλοτελοῦς
3013 1015 3165 1069 οὐδὲν
3217 1016 3431 1086 ἡγεῖται
3480 1014 3541 1067 τὸ
3587 1015 3749 1085 ἀμει-

2158 1126 2271 1174 νον,
2328 1108 2625 1179 διαπρέπει
2671 1108 2729 1161 δὲ
2781 1108 2875 1161 καὶ
2932 1108 3000 1160 δι’
3062 1106 3283 1178 ἀπάσης
3350 1105 3747 1176 ἀγαθουργίαςσ

2155 1194 2312 1263 οὗτος
2340 1200 2495 1253 ἔσται
2527 1198 2863 1271 κληρονόμος
2891 1198 2993 1269 τῆς
3030 1196 3444 1269 ἡτοιμασμένης
3473 1197 3578 1266 γῆς
3630 1200 3747 1260 τοῖς

2155 1293 2354 1362 ἁγίοις,
2381 1292 2448 1364 ἢν
2481 1291 2547 1363 δὴ
2586 1292 2681 1345 καὶ
2723 1291 2885 1355 αὐτὸς
2913 1292 3046 1360 ἡμῖν
3077 1292 3106 1343 ό
3144 1289 3338 1361 Σωτὴρ
3375 1289 3747 1359 κατεσήμαινι

2150 1382 2357 1451 λέγων’
2402 1400 2422 1434 ι
2447 1382 2722 1453 Μακάριοι
2760 1382 2809 1434 οἱ
2849 1382 3065 1450 πραεῖς,
3107 1380 3190 1433 ὅτι
3223 1378 3378 1432 αὐτοὶ⁵
3408 1376 3751 1448 κληρονομή-

2159 1489 2314 1526 σουσι
2355 1471 2455 1543 τὴν
2489 1472 2655 1543 γῆν.»
2697 1472 2863 1542 Ὄρος
2898 1470 2956 1523 δὲ
2992 1470 3146 1539 διγιον
3196 1469 3262 1520 ὲν
3329 1466 3540 1530 τούτοις
3579 1468 3745 1537 φημὶ,

2151 1564 2293 1635 τάχα
2315 1581 2418 1617 που
2436 1563 2535 1635 τὴν
2549 1562 2662 1617 ἀνω
2682 1562 2859 1629 πόλιν,
2883 1561 2982 1633 τὴν
3007 1560 3330 1629 ἐπουράνιον
3368 1559 3748 1631 Ἰερουσαλὴμ,

2151 1652 2251 1723 τὴν
2296 1653 2407 1706 τῶν
2473 1652 2646 1720 ἁγίων
2685 1650 3027 1705 καλλίπολιν.
3079 1649 3287 1704 Ψάλλει
3332 1649 3444 1718 γάρ
3481 1666 3608 1711 που,
3655 1648 3750 1701 καί

2153 1761 2287 1817 φησι
2324 1746 2453 1817 περὶ
2495 1744 2666 1814 αὐτῆς
2711 1745 2740 1797 ό
2777 1743 3065 1806 θεσπέσιος
3101 1741 3298 1795 Δαϐίδ·
3354 1741 3497 1804 ιΤις
3544 1740 3749 1808 ἀναϐήο

2155 1854 2307 1891 σεται
2347 1838 2425 1900 είς
2471 1836 2532 1889 τὸ
2559 1837 2683 1907 ὅρος
2712 1834 2957 1906 Κυρίου;
2992 1833 3026 1904 ἢ
3068 1833 3152 1896 τίς
3181 1834 3439 1904 στήσεται
3485 1834 3545 1887 ὲν
3587 1833 3744 1902 τόπῳ

2085 1896 2126 1952 Β
2159 1928 2297 2000 ἁγίῳ
2326 1896 2528 1994 αὐτοῦ;
2570 1896 2766 1991 ’Ᾱθίῦος
2795 1896 2973 1998 χερσί,
3002 1896 3095 1980 καὶ
3114 1896 3352 1997 καθαρὸς
3380 1928 3445 1996 τῇ
3478 1896 3746 1995 καρδίᾳ.)

2157 2016 2365 2073 Οὐκοῦν
2390 2018 2561 2072 ἃπασι
2596 2018 2709 2080 τοῖς
2739 2015 3119 2086 ἀντεχομένοις
3148 2014 3310 2080 Θεοῦ,
3343 2014 3547 2087 κλῆρος
3595 2014 3750 2068 ἐσται

2156 2109 2267 2164 τῶν
2297 2109 2468 2177 ἁγίων
2502 2110 2535 2180 ἠ
2580 2108 2674 2179 γῆ,
2711 2108 2809 2162 καὶ
2853 2107 2914 2161 τὸ
2964 2107 3161 2160 σεπτόν
3210 2123 3271 2159 τε
3315 2106 3410 2160 καὶ
3463 2104 3751 2176 διαϐόητον

2156 2200 2303 2272 ὅρος.
2330 2201 2515 2254 Ἐοικε
2538 2199 2595 2252 δὲ
2622 2200 2739 2253 νυνὶ
2772 2199 2902 2271 περὶ
2926 2197 3032 2251 τῶν
3055 2197 3464 2251 πιστευσάντων
3485 2198 3564 2259 είς
3584 2195 3751 2250 αὐτὸν

2156 2294 2222 2346 ὲκ
2248 2292 2358 2346 τῶν
2398 2290 2704 2345 Ἰουδαϊκῶν
2729 2289 3026 2359 ταγμάτων
3069 2288 3338 2342 ποιεῖσθαι
3365 2288 3493 2351 τούς
3537 2286 3750 2353 λόγους,

2156 2375 2233 2436 ὧν
2277 2380 2501 2453 ἀπαρχὴ
2530 2381 2622 2434 καὶ
2649 2379 2858 2451 πρῶτοι
2878 2378 3165 2448 γεγόνασιν
3193 2377 3243 2430 οἱ
3270 2375 3549 2430 θεσπέσιοι
3575 2374 3739 2445 μαθηο

2155 2474 2271 2540 ταὶ,
2313 2475 2414 2543 τῆς
2436 2474 2516 2535 είς
2545 2471 2782 2543 Χριστὸν
2815 2470 3037 2541 ἀγάπης
3060 2469 3231 2542 ἀπρὶξ
3260 2467 3530 2539 ἐχόμενοι,
3576 2465 3749 2536 άκρά·

2157 2566 2348 2621 δαντον
2371 2565 2587 2636 ἔχοντες
2627 2564 2715 2618 ἐπ’
2753 2562 2904 2634 αὐτῷ
2930 2561 3028 2633 τὴν
3057 2563 3260 2626 πίστιν,
3301 2560 3394 2614 καὶ
3426 2559 3750 2629 ἀδιάϐλητον

2159 2656 2260 2729 τὴν
2298 2655 2603 2727 ὑποταγὴν,
2647 2656 2745 2709 καὶ
2779 2655 3148 2709 ἀδιάσπαστον
3180 2653 3280 2724 τὴν
3326 2651 3569 2721 ἀγάπην.
3611 2649 3750 2703 Φασὶ

2158 2748 2313 2817 γοῦν,
2335 2749 2418 2802 ὅτι
2472 2767 2491 2800 ι
2522 2747 2619 2812 Τίς
2662 2747 2809 2818 ἡμᾶς
2845 2745 3071 2817 χωρίσει
3111 2744 3220 2798 ἀπὸ
3260 2743 3361 2813 τῆς
3389 2743 3617 2813 ἀγάπης
3658 2741 3752 2795 τοῦ

2158 2837 2419 2912 Χριστοῦ;
2450 2837 2658 2907 θλίψις,
2681 2837 2716 2909 ἢ
2746 2835 3078 2908 στενοχωρία
3096 2873 3112 2899 ,
3140 2836 3174 2907 ἢ
3203 2834 3477 2904 διωγμὸς,
3507 2832 3751 2903 ἢλιμὺς.

2159 2930 2498 3002 ἦγυμνότης
2519 2969 2535 2994 ,
2570 2929 2605 3000 ἢ
2635 2928 2909 2993 κίνδυνος,
2951 2927 2986 2999 ἢ
3028 2927 3299 2999 μάχαιρα;
3326 2945 3344 2978 ι
3394 2920 3556 2979 Οὗτοι
3595 2925 3756 2993 γεγόο

2162 3037 2287 3076 νασι
2343 3020 2445 3090 τῆς
2495 3019 2605 3075 τῶν
2644 3018 2892 3090 οὐρανῶν
2937 3017 3216 3089 βασιλείας
3264 3015 3612 3087 κληρονόμοι,
3658 3016 3756 3068 καὶ

2160 3115 2568 3185 κατεκτήσαντο
2598 3113 2702 3183 γῆν
2731 3113 2829 3183 τὴν
2861 3112 2975 3167 ἀνω
3008 3113 3106 3184 τὴν
3132 3114 3245 3175 τοῖς
3282 3111 3514 3182 πραέσιν
3552 3109 3751 3180 ηὐτρεο

477 3198 776 3253 rnansuetis
820 3212 905 3256 est
937 3213 1260 3270 praeparata.
1295 3204 1565 3262 Convenit
1626 3208 2053 3265 mansuetudinis

2162 3204 2455 3275 πισμὲνην.
2493 3204 2702 3274 Πρέποι
2727 3203 2773 3257 δ’
2797 3203 2865 3256 ἂν
2893 3202 2954 3254 τὸ
2976 3205 3075 3273 τῆς
3106 3201 3416 3273 πραότητος
3444 3201 3610 3269 ὄνομα
3633 3202 3751 3263 τοῖς

474 3301 693 3353 nomen,
763 3291 1132 3361 evangelicam
1219 3295 1386 3350 vitam
1457 3297 1799 3369 degentibus,
1854 3299 2053 3371 quibus

2161 3294 2261 3366 τὴν
2285 3293 2650 3363 εὐαγγελικὴν
2689 3292 2960 3346 διαϐιοῦσι
3020 3291 3188 3363 ζωὴν,
3216 3286 3297 3356 οἷς
3327 3292 3421 3345 καὶ
3452 3291 3754 3361 προστέτα-

473 3377 640 3433 etiam
668 3379 920 3437 Christus
950 3386 1210 3457 praecepit
1258 3401 1325 3442 ne
1381 3387 1771 3455 irascerentur,
1807 3406 1877 3446 ne
1919 3392 2057 3447 ulci-

476 3480 758 3528 scerentur
783 3489 1114 3544 quemquam
1148 3492 1336 3533 eorum
1369 3480 1459 3550 qui
1521 3480 1897 3538 offenderunt:
1961 3486 2057 3539 sed

475 3566 650 3614 nteos
692 3559 783 3629 qui
834 3561 1021 3619 hostes
1050 3575 1199 3632 sunt,
1234 3568 1517 3625 beneﬁciis
1571 3579 2050 3640 prosequerentur.

480 3666 498 3698 ι
525 3647 835 3706 Benel'acite
852 3652 1056 3718 enim,»
1090 3655 1566 3726 inquit,¢inimicis
1588 3661 1805 3728 vestris,
1839 3671 1893 3716 et
1923 3676 2053 3717 ora-

475 3748 528 3795 te
555 3755 655 3809 pro
687 3739 774 3798 his
821 3744 913 3813 qui
963 3744 1305 3802 insectantur
1339 3765 1454 3806 vos.
1500 3752 1565 3806 Et
1614 3754 1939 3823 percutienti
2004 3764 2056 3811 te

474 3835 530 3888 in
563 3831 808 3887 dextram
840 3835 1138 3900 maxillam,
1183 3838 1234 3894 ei
1265 3838 1487 3896 obverte
1515 3852 1570 3898 et
1595 3842 1822 3899 alteram
1844 3843 2056 3900 “.iPa-

478 3921 684 3978 tientia:
734 3933 789 3980 et
855 3929 1289 3986 mansuetudinis
1341 3946 1569 3990 summa:
1616 3945 1703 3991 est
1748 3935 1834 3991 his
1893 3936 2057 3992 rebus

473 4012 761 4072 excellere.
826 4014 1253 4086 Possidentibus,
1290 4023 1486 4093 inquit,
1520 4034 1721 4081 terram
1800 4034 1857 4082 et
1902 4041 2057 4089 mon-

474 4110 579 4154 tem
606 4113 876 4172 sanctum,
908 4108 1056 4164 velut
1102 4111 1155 4165 in
1175 4114 1540 4181 promissione
1567 4124 1623 4172 et
1662 4131 1758 4186 spe
1793 4117 2005 4172 dicetur
2031 4136 2045 4173 :

477 4212 496 4245 ι
538 4192 793 4253 Mundate
818 4214 848 4253 a
875 4197 1016 4257 facie
1043 4201 1160 4270 ejus
1191 4205 1339 4259 vias:
1371 4223 1392 4258 ι
1451 4205 1505 4261 id
1547 4216 1649 4272 est,
1692 4216 1861 4275 certe,
1894 4227 1914 4261 ι
1953 4208 2056 4264 Pa-

470 4295 587 4342 rate
614 4287 755 4342 viam
798 4290 1036 4357 Domini,
1088 4304 1266 4352 rectas
1297 4296 1457 4352 facite
1484 4298 1711 4354 semitas
1740 4299 1856 4370 ejus
1908 4301 1977 4355 ὀ.
2028 4321 2047 4355 ι

471 4378 752 4447 Quomodo
784 4392 966 4440 autem
992 4388 1317 4456 praeparatio
1365 4389 1482 4446 haec
1526 4399 1831 4464 peragetur,
1869 4392 2052 4449 decla-

470 4473 631 4542 ravit,
666 4475 952 4544 inquiens:
993 4495 1013 4528 ι
1048 4476 1242 4535 Tollite
1265 4477 1599 4539 oﬂensiones
1650 4483 1718 4539 de
1744 4483 1832 4538 via
1860 4484 2046 4555 populi

2155 3403 2250 3457 χεν
2295 3389 2323 3440 ό
2361 3385 2596 3457 Χριστὸς
2651 3384 2713 3438 τὸ
2766 3384 2841 3455 μὴ
2889 3382 3203 3454 ὀργίζεσθαι
3254 3384 3384 3447 δεῖν,
3446 3384 3583 3452 μήτε
3639 3380 3753 3451 μὴν

2155 3473 2458 3545 ἀμύνεσθαί
2498 3490 2656 3539 τινας
2710 3473 2820 3527 τῶν
2873 3473 3278 3545 λελυπηκότων,
3329 3472 3648 3540 ἐπείγεσθαι
3691 3471 3753 3525 δὲ

2159 3567 2358 3639 μᾶλλον
2391 3566 2700 3638 εὐεργετεῖν
2759 3564 3009 3629 καὶτοὺς
3047 3568 3103 3618 ὲν
3133 3564 3285 3630 τάξει
3326 3563 3621 3633 γεγονότας
3640 3561 3752 3615 τῶν

2160 3654 2508 3731 ἐχθρῶν.ιΕὗ
2529 3660 2762 3712 ποιεῖτε»
2786 3656 2914 3729 γὰρ,
2942 3657 3127 3727 φησ“ι,ι
3159 3656 3286 3719 τοὺς
3315 3654 3544 3726 ἐχθροὺς
3570 3652 3750 3724 ὐμῶν,

2156 3750 2251 3803 καὶ
2282 3749 2650 3821 προσεύχεσθε
2697 3749 2840 3819 ὑπὲρ
2874 3748 2981 3801 τῶν
3013 3748 3428 3820 ἐπηρεαζόντων
3454 3747 3617 3816 ὑμᾶς,
3654 3745 3753 3799 καὶ

2156 3839 2235 3911 τῷ
2264 3839 2479 3894 παίοντί
2516 3856 2574 3891 σε
2604 3842 2683 3904 είς
2714 3839 2813 3910 τὴν
2843 3838 3026 3903 δεξιὰν
3063 3838 3308 3908 σιαγόνα,
3341 3838 3572 3910 στρέψον
3601 3836 3752 3907 αὐτῷ

2156 3934 2251 3986 καὶ
2277 3932 2374 4004 τὴν
2396 3932 2585 4003 ἄλλην,
2615 3949 2633 3983 ι
2680 3931 3062 3998 ’Δνεξικακίας
3089 3931 3145 3984 δὲ
3176 3931 3271 3983 καὶ
3311 3929 3618 4001 πραότητος
3647 3927 3752 3999 τῆς

2156 4026 2237 4089 είς
2284 4025 2453 4095 ἀκρον
2484 4024 2762 4090 ἀπόδειξις
2794 4025 2861 4080 ἂν
2911 4025 2996 4097 εἴη
3031 4025 3091 4077 τὺ
3135 4023 3461 4094 διαπρέπειν
3508 4023 3566 4075 ἐν
3622 4020 3752 4074 τοῦ-

2155 4132 2287 4180 τοις.
2319 4115 2447 4179 Τοῖς
2473 4115 2530 4169 δέ
2563 4132 2629 4184 γε
2652 4117 3018 4188 κτησαμένοις
3043 4115 3143 4187 τὴν
3180 4116 3284 4185 γῆν
3313 4115 3408 4167 καὶ
3433 4113 3494 4167 τὸ
3526 4113 3654 4184 ὅρος
3687 4112 3752 4165 τὸ

2155 4206 2331 4275 ἅγιον,
2383 4205 2460 4269 ὡς
2510 4208 2568 4259 ὲν
2620 4206 2913 4278 ὑποσχέσει
2964 4207 3058 4261 καὶ
3101 4208 3160 4259 ἐν
3205 4205 3382 4259 ἐλπίδι
3422 4202 3745 4277 ῥηθήσεται,

2155 4296 2310 4368 φησί’
2362 4316 2381 4348 ι
2407 4295 2760 4368 Καθαρίσατε
2810 4298 2921 4353 ἀπὸ
2959 4296 3251 4369 προσώπου
3301 4295 3467 4349 αὐτοῦ
3506 4294 3685 4357 ὁδούς·
3723 4312 3744 4346 ι

2153 4383 2310 4439 τοῦτό
2332 4387 2477 4438 ἐστιν
2497 4386 2740 4457 ἐναργῶς
2753 4386 2835 4454 τὸ,
2853 4404 2871 4437 ι
2896 4384 3251 4457 Ἑτοιμάσατε
3266 4384 3363 4456 τὴν
3374 4383 3492 4437 ὁδὸν
3515 4383 3747 4453 Κυρίου,

2155 4476 2373 4540 εὐθείας
2414 4479 2619 4530 ποιεῖτε
2653 4476 2755 4540 τάς
2785 4477 3007 4549 τρίϐους
3028 4476 3254 4532 αὐτοῦ.»
3291 4476 3426 4529 Τίνα
3456 4475 3513 4529 δὲ
3542 4475 3750 4546 τρόπον

469 4564 596 4627 mei,
630 4582 652 4617 ι
687 4565 741 4619 id
771 4575 873 4632 est,
900 4566 1042 4622 viam
1071 4568 1262 4626 salutis
1293 4585 1390 4641 per
1415 4571 1575 4627 iidem
1606 4571 1824 4643 planam
1858 4583 1914 4641 et
1950 4589 2049 4628 ex-

2153 4570 2185 4637 ή
2219 4567 2508 4639 ἑτοιμασία
2538 4569 2857 4641 πράττεται,
2887 4570 3217 4642 διεσάφησεν
3241 4568 3409 4623 εἰπών
3430 4581 3445 4597 ⁸
3491 4586 3510 4619 ι
3542 4569 3750 4639 ’Ἄρατε

471 4655 706 4722 peditem
736 4658 947 4713 cunctis
1003 4667 1163 4714 terra:
1215 4660 1408 4718 incolis
1438 4661 1643 4719 facile:
1670 4664 1804 4718 nihil
1833 4663 1906 4719 sit
1956 4678 2048 4720 as-

356 4772 361 4775 -
469 4761 658 4815 pernm
701 4757 797 4803 aut
848 4749 1101 4806 arduum.
1137 4750 1247 4807 Lex
1278 4758 1421 4809 enim
1447 4754 1682 4810 Mosaica
1735 4754 2051 4810 misericor-

468 4835 612 4890 diam
646 4838 946 4904 nesciebat,
997 4850 1055 4896 et
1101 4842 1273 4913 808
1353 4842 1586 4899 dilﬁcilis
1638 4856 1792 4900 erat:
1861 4860 2051 4902 omnes

467 4927 609 4980 enim
648 4928 875 4984 multum
900 4928 1245 4997 oli‘endimus,
1277 4942 1333 4987 et
1381 4933 1470 4988 vix
1552 4934 1779 5004 reperiri
1837 4944 2052 5003 poterat

466 5018 556 5084 qui
580 5033 801 5086 prorsus
831 5020 970 5075 liber
992 5030 1157 5086 esset,
1227 5032 1281 5078 et
1319 5039 1437 5077 eum
1498 5025 1768 5094 inculpate
1825 5027 2050 5097 implere

468 5118 672 5176 posset.
704 5104 858 5162 Unde
892 5109 1058 5163 divini
1117 5110 1365 5180 discipuli
1419 5112 1504 5168 his
1579 5114 1668 5183 qui
1718 5124 1840 5185 post
1888 5116 2046 5171 (idem

470 5199 534 5254 ad
562 5198 694 5267 legis
723 5200 941 5254 umbras
995 5201 1194 5255 reverti
1256 5201 1565 5268 voluerunt,
1643 5204 1944 5261 dicebant:
1983 5206 2049 5261 Et

470 5307 612 5345 nunc
650 5290 779 5360 quid
824 5292 1044 5346 tentatis
1124 5292 1314 5359 Deum,
1376 5303 1435 5347 ut
1490 5295 1779 5365 imponatis
1853 5297 2045 5370 jngum

467 5382 604 5440 collo
626 5382 1038 5453 discipulorum,
1088 5386 1229 5454 quod
1265 5400 1441 5456 neque
1492 5404 1594 5445 nos
1626 5404 1803 5460 neque
1863 5403 2048 5462 patres

466 5477 636 5534 nostri
662 5486 879 5546 portare
923 5476 1209 5532 valuerunt
1239 5479 1281 5510 ’ί
1305 5479 1328 5532 ?
1355 5479 1499 5535 Dixit
1534 5481 1660 5538 item
1695 5482 1915 5548 Paulus,
1974 5485 2049 5537 le-

464 5567 1105 5639 gemtransgressionum
1126 5581 1287 5624 causa
1325 5572 1626 5640 appositam
1697 5586 1862 5627 esse:
1922 5587 2045 5625 nam

468 5650 553 5712 lex
600 5671 883 5729 peccatum
915 5658 1126 5731 arguit:
1164 5669 1217 5715 et
1261 5661 1351 5732 qui
1409 5665 1475 5717 ad
1526 5678 1645 5719 eam
1678 5662 2048 5733 impingebant

2152 4660 2341 4714 σκῶλα
2363 4659 2473 4713 ἀπὸ
2497 4663 2596 4732 τῆς
2629 4658 2750 4714 όδοῦ
2779 4660 2874 4714 τοῦ
2904 4659 3038 4715 λαοῦ
3076 4676 3204 4732 μου·
3235 4680 3253 4713 ι
3307 4659 3749 4723 τουτέστι,λείαν

2148 4749 2243 4803 καὶ
2262 4749 2523 4821 εὐήλατον
2549 4753 2868 4821 ἀποδείξατε
2891 4757 3001 4819 τοῖς
3034 4754 3139 4808 ἀνά
3164 4755 3346 4807 πᾶσαν
3369 4754 3469 4824 τὴν
3499 4753 3606 4823 γῆν
3643 4754 3750 4823 τῆς

2146 4839 2238 4894 διὰ
2294 4840 2530 4907 πίστεως
2579 4846 2854 4918 σωτηρίας
2906 4845 3004 4918 τὴν
3059 4845 3218 4899 ὁδόνο
3273 4844 3444 4916 μηδὲν
3489 4844 3633 4897 ἔστω
3684 4843 3751 4897 τὸ

2146 4936 2321 5007 τραχὺ
2374 4936 2470 4991 καὶ
2501 4936 2748 5002 ἄναντες.
2792 4938 2850 4992 Ὀ
2886 4937 2986 5004 μὲν
3014 4935 3123 5009 γὰρ
3156 4936 3319 5008 νόμος
3369 4936 3459 4990 διὰ
3497 4934 3750 4999 Μωσέως

2155 5024 2326 5079 ἐλεεῖν
2355 5027 2458 5080 οὐκ
2490 5027 2778 5098 ἠπίστατο,
2827 5028 2924 5082 καὶ
2954 5027 3400 5100 δυσκατόρθωτος
3428 5023 3497 5099 ἦν
3516 5043 3528 5056 ·
3572 5024 3755 5079 πολλὰ

2154 5113 2264 5187 γάρ
2295 5117 2559 5187 πταίομεν
2584 5117 2846 5180 ἅπαντες,
2887 5118 2981 5172 καὶ
3010 5118 3332 5190 δυσεύρετος
3356 5114 3426 5189 ἦν
3457 5119 3484 5170 ό
3506 5117 3754 5171 είσάπαν

2153 5208 2455 5280 ἐλεύθερος,
2510 5209 2602 5262 καὶ
2633 5210 2950 5281 ἀμωμήτως
2995 5209 3161 5264 αὐτὸν
3192 5209 3537 5280 ἀποπεράναι
3583 5208 3756 5261 δυνά-

2157 5317 2339 5370 μενος.
2371 5300 2483 5354 Καὶ
2516 5300 2648 5370 γοῦν
2681 5301 2919 5369 ἔφασκον
2958 5304 3006 5356 οί
3049 5302 3325 5355 θεσπέσιοι
3363 5299 3605 5371 μαθηταὶ
3631 5296 3755 5364 τοῖς

2160 5390 2298 5461 μετὰ
2320 5391 2419 5461 τὴν
2452 5391 2634 5446 πίστιν
2668 5392 2760 5446 ἐπὶ
2786 5392 2885 5456 τὰς
2917 5392 3009 5446 τοῦ
3040 5393 3205 5464 νόμου
3235 5393 3395 5456 σκιάς
3427 5392 3758 5445 ὑπονοστεῖν

2155 5483 2418 5537 ἐθέλουσιο
2453 5484 2564 5538 Καὶ
2602 5483 2698 5537 νῦν
2738 5484 2791 5537 τί
2840 5483 3132 5554 πειράζετε
3165 5484 3256 5539 τὸν
3284 5483 3436 5548 Θεὸν,
3474 5481 3758 5535 ἐπιθεῖναι

2153 5574 2244 5629 τὸν
2288 5574 2449 5644 ζυγὸν
2487 5575 2580 5628 ἐπὶ
2625 5574 2717 5630 τὸν
2758 5576 3028 5649 τράχηλον
3049 5575 3157 5629 τῶν
3191 5574 3471 5647 μαθητῶν,
3519 5571 3579 5625 ὃν
3615 5568 3761 5627 οὔτε

2154 5667 2335 5736 ἡμεῖς,
2362 5663 2484 5718 οὐτε
2514 5667 2559 5718 οί
2586 5666 2818 5737 πατέρες
2849 5668 2881 5736 ἡ
2891 5665 3009 5735 μῶν
3031 5665 3256 5735 ἴσχυσαν
3275 5661 3543 5734 βαστάσαι
3568 5660 3760 5733 ;”Εφη

543 5825 586 5863 ⁸⁸
615 5827 803 5892 Matth.
827 5850 880 5903 ν,
912 5835 964 5895 ό.
1046 5836 1086 5871 ’⁷
1113 5837 1252 5895 Psal.
1284 5853 1438 5904 χχιιι,
1470 5835 1527 5905 3,
1556 5841 1610 5895 4.
1653 5838 1695 5871 ⁸⁸
1732 5839 1881 5894 Rom.
1910 5855 2027 5905 Vill,

2227 5841 2267 5874 ’τ’
2300 5840 2488 5897 Matth.
2521 5858 2569 5907 ν,
2608 5842 2693 5897 44.
2771 5843 2816 5874 ³⁸
2846 5839 2947 5896 lea.
2986 5858 3073 5905 ιιι..
3111 5842 3163 5895 5.
3240 5842 3280 5873 ¹¹
3320 5838 3507 5895 Malm.
3540 5852 3616 5903 X'a
3650 5836 3759 5894 ἀθ-
