4100 6454
424 353 568 411 1273

1527 356 1596 415 1N
1636 358 1874 416 ISAIAM
1911 359 2044 417 LIB.
2085 361 2153 418 ν.
2196 360 2434 421 ἰὀιιυε
2469 350 2563 420 tu;

3587 362 3727 421 1276

420 471 480 526 δέ
524 470 618 524 καὶ
654 470 684 524 6
726 468 959 537 Παῦλος,
1009 470 1091 527 ὅτι
1120 475 1214 529 καὶ
1235 476 1266 530 6
1294 478 1482 550 νόμος,
1514 479 1626 533 τῶν
1656 479 2018 552 παραϐάσεων

2132 484 2541 551 reprehensioni
2570 492 2729 539 erant
2765 493 2822 540 et
2858 482 3195 540 accusationi
3241 483 3487 539 obnoxii.
3536 480 3726 553 Itaque

421 562 587 633 χάριν
639 562 971 635 προσετέθη·
1021 564 1243 638 ἐλεγχος
1284 568 1393 641 γάρ
1437 572 1711 643 ἁμαρτίας
1756 573 1785 626 6
1828 572 2017 643 νόμος,

421 652 520 706 καὶ
548 650 699 722 αὑτῷ
730 654 1186 725 προσπταίοντες,
1219 657 1324 712 ὑπὸ
1360 659 1551 732 μῶμον
1576 657 1719 733 ἦσαν
1760 662 1856 716 καὶ
1883 676 2021 732 γρα-

422 743 552 813 φήν.
592 742 861 797 Ἐκώλυον
879 740 972 798 οὖν
1005 748 1114 818 ἀρα
1128 751 1227 821 τῆς
1243 750 1470 822 ἐννόμου
1500 752 1648 822 ζωῆς
1686 752 1748 805 τὸ
1778 753 2019 825 δυσήνυ-

421 849 516 886 τον
534 870 548 886 .
599 833 743 887 Ἀλλ’
763 835 1025 906 αἰρέσθω,
1050 839 1239 910 φησιν,
1263 841 1328 894 ἐκ
1354 841 1519 909 μέσου
1541 858 1556 872 ·
1585 844 1619 914 ή
1650 843 1708 896 δέ
1758 844 2020 916 εὐστιθὴς

423 924 520 978 καὶ
573 924 837 997 ἀνιδρωτὶ
893 929 971 996 (1)
1049 929 1285 1001 βάσιμος
1344 933 1752 989 ἀναδεικνύσθω
1808 935 2018 1007 τρίὸος,

421 1014 687 1079 τουτέστι,
712 1019 813 1088 τῆς
839 1018 1210 1090 εὑαγγελικῆς
1260 1021 1536 1087 πολιτείας
1575 1024 1609 1094 ή
1647 1024 1874 1095 δύναμις
1918 1024 2019 1097 τὴν

421 1106 603 1177 ἀληθῆ
660 1108 922 1182 λατρείαν
973 1112 1324 1184 εἰσφέρουσα.
1375 1115 1521 1186 Ἔφη
1565 1132 1620 1170 τι
1656 1117 1898 1171 τοιοῦτον
1924 1118 2018 1173 καὶ

298 1240 307 1245 .
420 1197 655 1269 ἑτέρωθί
686 1218 788 1254 που
843 1201 977 1265 Θεὸς
1021 1203 1159 1275 πρὸς
1202 1206 1329 1270 τοὺς
1374 1206 1564 1275 ἁγίους
1600 1208 2017 1278 μυσταγωγούς·

424 1318 443 1349 ι
480 1287 786 1361 Πορεύεσθε
818 1291 907 1346 διὰ
932 1293 1040 1346 τῶν
1080 1293 1264 1348 πυλῶν
1308 1313 1432 1366 μου,
1465 1298 1560 1352 καὶ
1587 1298 1715 1362 τοὺς
1742 1296 1922 1364 λίθους
1954 1302 2019 1356 ἐκ

2125 572 2314 643 legalis
2340 576 2466 630 vitae
2493 573 2836 631 diilicultates
2871 570 3293 645 prohibuerunt.
3343 572 3451 628 Sed
3484 572 3724 630 tollatur.

2126 665 2324 736 inquit,
2343 666 2410 720 de
2428 668 2626 722 medio.
2649 669 2715 722 At
2734 667 2919 735 pervia
2945 665 3133 721 ctaine
3153 666 3351 719 sudore
3378 660 3729 731 permcabiIia

2124 758 2213 812 via
2238 761 2578 826 ostendatur,
2623 759 2675 814 id
2724 768 2834 821 est,
2890 757 3222 829 evangelica
3286 755 3727 812 conversationis

2124 850 2291 907 viset
2328 850 2469 906 ratio
2515 865 2704 905 verum
2771 851 2977 907 cultum
3035 850 3319 904 inducens.
3378 847 3529 902 Dixit
3595 845 3725 900 alibi

2125 954 2347 1010 quoque
2386 942 2533 998 Deus
2596 944 2703 999 tale
2772 943 3029 1013 quiddam
3078 943 3286 997 sanctis
3344 922 3721 1011 m'ystagogis:

2131 1048 2150 1084 ι
2185 1030 2263 1087 Ιιε
2315 1048 2413 1102 per
2453 1044 2640 1103 portas
2702 1049 2872 1102 meas,
2930 1045 2985 1088 et
3036 1035 3244 1103 lapides
3297 1033 3363 1087 de
3415 1032 3501 1084 via
3545 1043 3717 1083 remo-

2126 1131 2248 1178 vete
2276 1125 2369 1192 υς
2407 1143 2427 1178 ι
2466 1127 2518 1181 id
2561 1136 2665 1190 est,
2696 1127 2844 1181 omni
2888 1125 3205 1182 diﬂlcultate
3260 1125 3404 1177 viam
3473 1122 3721 1183 liberate,

2127 1228 2247 1284 qua:
2275 1217 2343 1269 ad
2386 1218 2553 1271 Deum
2603 1218 2860 1281 adducat,
2894 1232 2993 1287 per
3020 1214 3365 1287 spiritualem
3415 1226 3480 1269 ac
3530 1225 3720 1266 verum

2126 1306 2356 1375 cultum,
2416 1319 2473 1364 ct
2500 1308 2625 1364 ﬁdei
2656 1309 3030 1380 splendorem.

416 1381 518 1451 τῆς
548 1381 671 1437 6δοῦ
706 1382 1093 1456 διαρρίψατεήι
1143 1386 1410 1454 τουτέστι,
1444 1388 1760 1459 δυσχερείας
1789 1389 2011 1462 ἀπάσης
2047 1393 2396 1463 ἀπαλλάξατε
2460 1401 2563 1471 τὴν
2587 1400 2728 1467 ὁδὸν,
2763 1401 2913 1473 ἥπερ
2981 1400 3053 1455 ἀν
3076 1398 3409 1469 ἀποφέροιτο
3432 1394 3569 1468 πρὸς
3589 1391 3726 1449 Θεὸν

414 1473 508 1530 διὰ
535 1476 637 1545 τῆς
671 1476 730 1528 ἐν
751 1474 1034 1564 πνεύματί
1068 1494 1128 1530 τε
1198 1480 1291 1534 καὶ
1332 1478 1566 1551 ἀληθοῦς
1600 1479 1877 1553 λατρείας,
1916 1484 2011 1538 καὶ
2045 1486 2148 1557 τῆς
2184 1491 2244 1544 ἐν
2306 1491 2491 1546 πίστει
2520 1492 2903 1564 φαιδρότητος.

497 1565 645 1620 Τάδε
687 1563 851 1635 λέγει
896 1565 1114 1634 Κύριος
1146 1569 1181 1622 ό
1231 1564 1518 1638 ὕψιστος,
1563 1573 1598 1624 ό
1634 1571 1706 1625 ἐν
1745 1573 2016 1641 ὑψηλοῖς

416 1655 716 1713 κατοικῶν
756 1656 863 1710 τὸν
902 1656 1114 1724 αἰῶνα,
1146 1659 1319 1731 ἅγιος
1351 1660 1423 1716 ἐν
1452 1660 1647 1733 ἁγίοις
1701 1664 2014 1719 ἁναπαινό·

2194 1581 2362 1641 Vitas.
2404 1582 2491 1649 l5,
2538 1583 2626 1639 16.
2688 1582 2820 1637 Hac
2881 1583 3011 1637 dicit
3068 1582 3333 1636 Dominus
3405 1581 3723 1646 altissimas,

2121 1677 2211 1746 qui
2231 1677 2288 1731 iu
2314 1676 2438 1730 altis
2460 1676 2667 1729 habitat
2693 1676 2748 1729 in
2796 1683 3095 1741 tutemet",-
3116 1683 3336 1728 sanctus
3366 1676 3424 1727 in
3482 1673 3710 1739 sanctis,

412 1766 622 1853 μενος,
647 1748 763 1853 κιαι.
783 1750 1181 1851 ὀλιγοψύχοις
1211 1751 1418 1820 διδοὺς
1444 1756 1889 1825 μακροθυμίαν,
1916 1758 2017 1812 καὶ

2123 1770 2480 1835 requiescens,
2516 1776 2566 1822 et
2598 1768 2668 1822 iis
2698 1767 2788 1838 qui
2818 1777 2941 1820 attat
2998 1782 3163 1833 parvo
3211 1766 3391 1819 animo
3444 1766 3583 1817 dans
3625 1780 3723 1831 pa-

414 1840 627 1906 διὸοὺς
665 1838 821 1909 ζωὴν
859 1838 986 1908 τοῖς
1025 1845 1556 1914 συντετριμμένοις
1584 1845 1701 1916 τὴν
1739 1848 2018 1917 καρδίαν·

418 1932 545 1985 Οὐκ
625 1931 714 1996 εἰς
790 1929 900 1983 τὸν
976 1930 1165 1985 αἰῶνα
1234 1933 1541 2002 ἐκδικήσω
1623 1934 1811 2006 ὑμᾶς,
1883 1935 2027 1992 οὐδὲ

412 2018 516 2077 διὰ
585 2022 818 2089 παντὸς
880 2023 1317 2094 ὁργισθήσομαι
1376 2026 1541 2097 ὑμῖν.
1598 2029 1845 2100 Πνεῦμα
1916 2032 2028 2101 γὰρ

414 2110 556 2178 παρ’
604 2108 754 2178 ἐμοῦ
813 2110 1224 2179 ἐξελεύσεται,
1269 2114 1370 2169 καὶ
1420 2116 1625 2187 πνοὴν
1655 2118 1867 2174 πᾶσαν
1909 2118 2026 2190 ἐγὼ

412 2200 705 2268 ἐποίησα.

488 2290 554 2342 Ol
584 2291 848 2363 μακάριοι
880 2291 1196 2363 προφῆται,
1231 2292 1321 2348 ὅτε
1357 2312 1410 2349 τι
1447 2294 1595 2368 μέγα
1640 2297 1738 2351 καὶ
1795 2297 2025 2371 θεοπρε-

411 2379 519 2444 πὲς
558 2381 921 2452 ὑπισχνεῖταί’
946 2398 1094 2435 τισιν
1137 2385 1167 2436 6
1209 2383 1320 2441 τῶν
1357 2385 1497 2440 ὅλων
1537 2387 1766 2461 Κύριος,
1792 2390 1931 2445 πολὺ
1961 2391 2023 2445 τὸ

411 2472 602 2545 θαῦμα
630 2473 875 2544 δέχονται
910 2473 1012 2546 τῆς
1039 2475 1217 2547 ’δόξης
1258 2478 1424 2532 αὑτοῦ
1485 2480 1579 2535 καὶ
1608 2480 1707 2552 τῆς
1741 2483 2019 2556 ἡμερότη-

415 2566 662 2633 τος,,κα“ι
693 2560 804 2620 οἷον
833 2567 1274 2638 ἀνασκιρτῶντες
1307 2571 1372 2625 ἐκ
1417 2569 1690 2643 θυμηδίας
1727 2575 2020 2646 τρέπονται

412 2657 558 2728 πρὸς
602 2655 933 2726 δοξολογίαν.
980 2659 1239 2714 Τοιοῦτόν
1299 2679 1354 2716 τι
1402 2662 1717 2718 πεπονθότα
1772 2665 1892 2719 νυνὶ⁹
1927 2666 2020 2722 τὸν

412 2751 707 2823 προφήτην
732 2751 1067 2824 εὑρήσομεν·
1092 2753 1153 2806 οὐ
1185 2754 1294 2828 γὰρ
1319 2753 1507 2822 ἁπλῶς
1540 2754 1668 2827 ἔφη·
1698 2754 1839 2813 Τάδε
1867 2757 2019 2829 λέγει

414 2839 645 2914 Κύριος,
668 2843 1089 2912 προσεπάγειδὲ
1119 2845 1453 2914 ἀναγκαίως,
1490 2848 1518 2901 6
1556 2846 1805 2918 ὕψιστος,
1860 2867 2020 2904 τουτ-

413 2934 588 2998 έστιν,
616 2937 646 2989 6
676 2935 896 2991 πάντων
930 2937 1191 2992 ἐπέκεινα
1248 2941 1343 2994 καὶ
1370 2940 1632 2997 ἀνωτάτω
1664 2942 1808 2998 κατά
1842 2943 2008 3015 φύσιν

414 3029 621 3093 παντὸς
647 3028 742 3083 τοῦ
776 3031 1204 3101 παρενεχθέντος
1232 3034 1307 3097 είς
1328 3031 1597 3106 ὓπαρξιν·
1627 3034 1806 3104 λέγων
1838 3034 1897 3089 δὲ
1928 3036 2011 3104 τὸ,

2133 1860 2391 1927 tientitmt,
2415 1868 2466 1914 et
2494 1858 2734 1914 contritis
2757 1858 2914 1913 corde
2934 1858 3069 1911 dans
3085 1857 3246 1911 vitam
3277 1868 3297 1910 :
3328 1853 3454 1909 Non
3482 1856 3537 1907 in
3559 1864 3718 1909 teter-

2128 1966 2252 2006 ttum
2273 1952 2503 2006 ulciscor
2538 1967 2655 2017 vos,
2689 1966 2851 2018 neque
2881 1964 3085 2019 semper
3131 1950 3339 2001 irascor
3376 1946 3545 2001 vobis.
3593 1943 3717 2013 Spi-

2128 2044 2265 2099 ritus
2289 2046 2430 2100 enim
2458 2062 2491 2100 ιι
2527 2059 2609 2099 me
2625 2043 2953 2116 egredietur,
2992 2051 3044 2097 ει
3096 2042 3287 2111 ﬂatum
3347 2053 3554 2095 omnem
3618 2052 3719 2110 ego

2126 2137 2250 2207 foci.

2193 2316 2345 2373 Beati
2375 2315 2676 2387 proplteue,
2702 2314 2921 2386 quando
2958 2326 3217 2383 magnum
3251 2310 3513 2380 quiddam
3540 2315 3597 2363 et
3622 2305 3712 2370 dio

2124 2409 2310 2464 vinum
2341 2408 2629 2479 pollicetur
2654 2406 2931 2477 aliquibus
2984 2405 3370 2460 universorum
3426 2399 3716 2463 Dominus.

2121 2516 2314 2571 magna
2352 2500 2714 2555 admiratione
2747 2498 2934 2568 gloriae
2961 2497 3084 2568 ejus
3126 2504 3185 2550 et
3240 2493 3545 2550 clementiae
3589 2504 3720 2560 per-

2121 2590 2446 2656 funduntur,
2484 2598 2541 2645 et
2573 2590 2721 2645 velut
2748 2586 3091 2644 exsultantes
3118 2600 3229 2655 prae
3254 2584 3443 2640 laetitia
3473 2583 3542 2637 ad
3597 2581 3721 2638 lau-

2122 2686 2217 2739 des
2247 2683 2525 2738 canendus
2570 2688 2986 2737 convertuntur.
3055 2675 3189 2731 Tale
3242 2674 3501 2744 quiddam
3570 2685 3718 2728 nunc

2121 2774 2318 2831 fecisse
2347 2774 2671 2845 prophetam
2737 2771 3102 2827 inveniemus.
3171 2766 3289 2824 Non
3367 2767 3512 2824 enim
3577 2766 3720 2821 dixit

2119 2870 2484 2939 simpliciter:
2543 2865 2670 2923 limo
2708 2863 2840 2919 dicit
2907 2862 3189 2927 Dominus,
3248 2859 3342 2915 sed
3403 2857 3718 2913 necessario

2119 2958 2399 3029 adiungit,
2471 2955 2819 3021 Altissimus,
2904 2952 2957 3006 id
3023 2959 3142 3016 est,
3208 2949 3302 3018 qui
3373 2958 3460 3002 est
3547 2961 3714 3016 supra

2118 3051 2301 3105 omnia
2360 3058 2417 3103 et
2447 3057 2635 3103 natura
2668 3045 2921 3100 omnibus
2954 3043 3118 3098 rebus
3142 3041 3343 3096 creatis
3403 3040 3715 3096 sublimior.

414 3121 694 3177 κατοικῶν
739 3123 800 3177 ἐν
840 3123 1086 3194 ὑψηλοῖς,
1127 3125 1419 3199 ὑποφαίνει
1451 3128 1615 3182 πάλιν
1642 3127 1720 3192 ὡς
1764 3132 1822 3183 ἐν
1854 3129 2018 3184 ἁκλο-

2122 3141 2255 3196 Cum
2280 3141 2430 3206 dicit,
2467 3139 2558 3210 qui
2606 3136 2818 3191 habitat
2860 3135 2915 3189 in
2943 3134 3197 3198 excelsis,
3231 3133 3542 3189 subiudicat
3593 3146 3717 3185 rur-

414 3217 600 3287 νήτοις
627 3210 776 3269 ἐστὶν
802 3216 1118 3288 ὑπεροχαῖς,
1146 3218 1243 3271 καὶ
1277 3220 1335 3272 ἐν
1364 3221 1627 3292 ἀρῥήτοις
1658 3218 1952 3292 ὑψώμασιν
1980 3224 2014 3295 ἠ

415 3309 539 3363 θεία
574 3326 635 3362 τε
686 3310 782 3362 καὶ
820 3308 1099 3382 ὑπερτάτη
1147 3311 1330 3380 φύσις.
1375 3313 1571 3367 Καίτοι
1616 3313 1796 3379 τοῦτο,
1835 3310 2012 3386 οἶμαι,

416 3402 539 3457 ἐστὶ
571 3401 632 3455 τὸ
660 3404 936 3455 κατοικεῖν
985 3403 1043 3455 ἐν
1088 3403 1315 3474 ὑψηλοῖς
1350 3404 1434 3470 είς
1465 3404 1556 3457 τὸν
1601 3404 1775 3459 αἰῶνα
1804 3407 1977 3478 αὑτήν
2001 3424 2014 3439 ·

415 3492 533 3564 ἔχει
569 3494 679 3566 γὰρ
724 3493 1099 3560 ἀναλλοιώτως
1148 3492 1207 3548 ἐν
1247 3513 1310 3564 γε
1354 3499 1468 3561 τοῖς
1500 3497 1621 3551 καθ’
1654 3499 1878 3570 ἑαυτὴν,
1914 3500 2013 3554 καὶ

415 3585 520 3640 οὐκ
547 3587 613 3639 ἂν
639 3586 850 3656 γένοιτό
883 3603 1001 3651 πως
1032 3589 1090 3640 ἐν
1117 3588 1421 3659 ἀμείνοσιν,
1465 3588 1498 3660 ἢ
1541 3589 1677 3660 ὅπερ
1712 3591 1889 3655 ἐστὶν,
1925 3591 2016 3645 ἐν·

417 3694 537 3732 εστι
575 3678 633 3731 δὲ
674 3678 878 3749 μᾶλλον
904 3679 1315 3750 ἀμεταπτώτως
1342 3681 1479 3754 αὐτῇ
1524 3681 1587 3735 τὸ
1631 3684 1690 3734 ἐν
1736 3677 1818 3746 οἷς
1868 3683 2016 3738 ἐστιν

415 3764 561 3824 εἶναι
586 3768 872 3841 διηνεκῶς.
911 3770 1102 3839 ’Ἃγιον
1127 3771 1186 3825 δὲ
1211 3774 1269 3825 ἐν
1309 3771 1487 3842 ἁγίοις
1529 3771 1910 3827 ἀναπαύεσθαί
1955 3791 2015 3827 τε

417 3862 515 3918 καὶ
563 3865 837 3917 κατοικεῖν
882 3863 1047 3917 αὐτόν
1087 3881 1273 3936 φησιν,
1305 3865 1669 3938 ὑπεμφαίνων
1699 3869 1782 3923 ὅτι
1810 3887 2016 3942 παραι-

416 3958 595 4010 τεῖται
648 3955 748 4029 μὲν
783 3954 861 4018 ὡς
900 3955 1349 4026 μεμολυσμένους
1374 3956 1465 4011 διά
1506 3959 1707 4032 πολλὴν
1739 3962 2017 4033 ἁμαρτίαν

415 4050 548 4113 τοὺς
581 4049 642 4116 ἐξ
672 4048 902 4120 αἵματος
940 4047 1189 4125 Ἰσραὴλ,
1225 4049 1566 4113 ἐναυλίζεται
1607 4050 1664 4104 δὲ
1698 4053 2016 4122 φιλαγάθως

416 4141 531 4204 τοῖς
563 4139 652 4194 διὰ
685 4140 926 4202 πίστεως
969 4137 1495 4210 ἐκκεκαθαρμένοις,
1532 4140 1626 4193 καὶ
1657 4140 2015 4211 ἡγιασμένοις

417 4237 479 4288 ἐν
512 4231 808 4303 πνεύματι.
860 4229 1054 4283 Δίδωσι
1082 4228 1141 4282 δὲ
1200 4231 1296 4283 καὶ
1344 4229 1692 4302 ὀλιγοψύχοις
1729 4233 2015 4304 μακροθυ..

419 4329 573 4401 μίαν,
602 4328 695 4380 καὶ
718 4323 1075 4397 ὀλιγοψύχους
1105 4324 1240 4396 φησὶ
1267 4323 1391 4389 τοὺς
1426 4322 1535 4377 ἐσθ’
1554 4324 1643 4376 ὅτε
1675 4321 1849 4396 βραχύ
1895 4340 2015 4389 πως

415 4418 668 4473 ἀσθενεῖν
694 4416 975 4480 εἰωθότας,
1012 4415 1142 4486 περὶ
1170 4415 1268 4469 τὸν
1304 4414 1640 4487 προτεθέντα
1674 4416 1860 4480 αὐτοῖς
1917 4414 2013 4469 τοῦ

419 4512 540 4583 βίου
570 4509 791 4565 σκοπόν.
816 4509 1009 4563 Δίδωσι
1029 4508 1086 4562 δὲ
1110 4508 1321 4571 τούτοις
1358 4507 1815 4582 μακροθυμία[ν],
1852 4526 2012 4562 τουτ-
2046 4488 2089 4544 D

417 4606 538 4661 έστι
580 4602 881 4676 καρτερίαν
923 4604 1016 4655 καὶ
1064 4602 1363 4674 ὑπομονὴν,
1424 4602 1710 4674 μονονουχὶ
1755 4601 1896 4672 βοῶν
1951 4618 2013 4655 τε

418 4702 517 4751 καὶ
548 4695 753 4765 λέγων·
787 4715 806 4748 ι
832 4693 1194 4767 Ἀνδρίζεσθε,
1229 4694 1323 4748 καὶ
1350 4694 1734 4766 κραταιούσθω
1755 4696 1788 4766 ή
1812 4693 2012 4766 καρδία

418 4786 598 4859 ὑμῶν,
631 4785 837 4850 πάντες
868 4786 917 4840 oi
944 4784 1257 4848 ἐλπίζοντες
1284 4784 1378 4839 ἐπὶ
1406 4784 1635 4857 Κύριον.
1667 4803 1688 4838 ι
1718 4785 1918 4839 Δίδωσι
1951 4783 2011 4838 δέ

420 4879 517 4934 καὶ
558 4878 705 4951 ζωὴν
752 4879 866 4942 τοῖς
909 4875 1395 4949 συντετριμμένοις
1423 4878 1523 4949 τὴν
1571 4878 1823 4948 καρδίαν,
1853 4894 2016 4930 τουτ-

421 4975 541 5026 έστι
582 4974 697 5036 τοῖς
722 4974 958 5043 πτωχοῖς
991 4971 1068 5043 τῷ
1101 4971 1402 5042 πνεύματι·
1442 4969 1675 5024 τοιοῦτοι
1725 4968 1782 5024 δὲ
1812 4969 2016 5034 πάντες

421 5066 471 5121 οἱ
500 5066 558 5118 ἐν
591 5065 808 5136 ὑπακοῇ
843 5063 1002 5131 Θεοῦ,
1028 5066 1123 5118 καὶ
1156 5064 1396 5118 είκτικδν
1427 5062 1643 5136 ἔχοντες
1677 5063 1824 5116 νοῦν·
1865 5056 2014 5116 οὗτοι

419 5156 464 5210 δ’
492 5157 559 5211 ἂν
585 5152 695 5211 εἶεν
723 5159 770 5210 οῖ
798 5156 887 5210 διὰ
918 5156 1154 5223 πίστεως
1181 5157 1511 5229 κεκλημένοι
1550 5157 1684 5229 πρὸς
1711 5155 2012 5224 ἐπίγνωσιν

418 5248 515 5304 τοῦ
548 5249 807 5323 Χριστοῦ·
842 5250 1201 5322 ὀνομάζονται
1232 5251 1292 5305 δὲ
1329 5252 1537 5323 πτωχοὶ
1577 5252 1656 5322 τῷ
1707 5249 2007 5321 πνεύματι,

420 5342 520 5413 τὴν
548 5343 797 5397 ἐναντίαν
835 5345 948 5406 τοῖς
988 5343 1047 5407 ἐξ
1084 5342 1301 5415 Ἰσραὴλ
1350 5344 1635 5416 ἐρχόμενοι
1686 5340 1891 5413 τρίϐον.
1947 5341 2010 5393 Ui.

402 5418 524 5506 ’μὲν
555 5434 665 5506 γὰρ
692 5430 832 5506 ἦσαν
860 5432 1140 5501 ἀλαζόνες,
1200 5436 1446 5500 ἀπειθεῖς
1478 5453 1536 5488 τε
1570 5435 1665 5489 καὶ
1689 5434 2012 5507 ἄθραυστοι·

502 5581 672 5669 "lsa.
705 5629 860 5678 um,
886 5611 974 5668 lo.
1050 5612 1096 5645 "
1135 5613 1272 5668 Psal.
1312 5628 1462 5673 xxvu.
1507 5611 1592 5667 Η.

2116 3246 2233 3298 sus,
2260 3232 2312 3285 in
2342 3230 2604 3301 dignitate
2640 3228 2788 3282 velut
2819 3228 3145 3281 inconcussa
3178 3224 3536 3280 constitutam
3590 3234 3718 3278 esse

2117 3333 2173 3379 et
2213 3318 2465 3377 ineil‘abili
2516 3318 2842 3375 celsitudine
2889 3317 3281 3386 conspicuam,
3347 3314 3588 3369 divinam
3649 3328 3718 3368 ac

2115 3427 2384 3470 summam
2443 3422 2719 3466 naturam.
2759 3410 2827 3465 Et
2885 3409 2991 3464 hoc
3056 3418 3187 3479 puto
3240 3420 3401 3472 esse,
3467 3405 3719 3461 habitare

2113 3521 2239 3562 eum
2271 3506 2325 3560 in
2369 3504 2603 3560 excelsis
2635 3505 2690 3559 in
2744 3513 3034 3559 aeternum.
3068 3499 3167 3555 Est
3239 3500 3390 3555 enim
3449 3498 3592 3569 apud
3650 3513 3716 3557 se

2116 3596 2494 3663 immutabilis,
2541 3611 2646 3652 nec
2681 3596 2737 3650 in
2775 3594 3022 3661 meliore,
3046 3608 3212 3664 quam
3263 3601 3383 3656 est,
3434 3590 3713 3647 conditio-

2117 3703 2186 3743 ne
2224 3701 2355 3755 esse.
2380 3694 2591 3756 potest:
2620 3684 2732 3739 imo
2775 3684 2829 3739 in
2871 3699 2993 3741 eam
3042 3682 3186 3737 nulla
3238 3681 3388 3736 cadit
3475 3679 3718 3734 mutabi-

2115 3781 2267 3848 litas,
2290 3779 2386 3835 sed
2433 3778 2537 3833 hoc
2565 3777 2617 3833 ei
2651 3776 2974 3842 inbaaretut,
3002 3776 3055 3831 in
3082 3775 3282 3845 quibus
3311 3784 3417 3839 est,
3444 3774 3515 3829 sit
3550 3772 3720 3844 809

2116 3880 2401 3939 perpetuo.
2438 3868 2699 3924 Sanctum
2746 3882 2873 3923 eum
2909 3868 2962 3922 in
3003 3868 3210 3923 sanctis
3259 3867 3605 3936 requiescere
3644 3875 3703 3921 et
3808 3912 3811 3915 .

2118 3960 2368 4015 habitare
2405 3960 2563 4013 dicit:
2612 3958 3029 4020 subinsinuans,
3065 3973 3190 4012 eum
3224 3955 3529 4011 Israelitico
3569 3970 3705 4011 san-

2116 4053 2283 4125 guine
2320 4060 2471 4106 ortos
2523 4058 2780 4118 tanquam
2814 4049 3000 4103 multis
3027 4049 3273 4118 peccatis
3306 4048 3713 4103 contaminatos

2116 4143 2445 4216 repudiare:
2475 4151 2849 4198 commoratur
2881 4152 3062 4197 autem
3100 4157 3165 4197 ex
3207 4143 3443 4211 quodam
3483 4142 3706 4196 bonita-

2118 4237 2190 4293 tis
2230 4250 2417 4291 amore
2473 4250 2598 4290 cum
2650 4234 2717 4290 iis
2773 4234 2867 4304 qui
2911 4248 3007 4302 per
3058 4233 3221 4288 ﬁdem
3267 4233 3490 4304 purgati
3545 4242 3710 4300 sunt,

2115 4340 2170 4386 et
2202 4328 2532 4386 sanctiﬁcati
2583 4327 2639 4383 iu
2681 4328 2904 4395 spiritu.
2932 4326 3036 4382 Dat
3087 4325 3254 4381 etiam
3298 4341 3466 4397 parvo
3522 4325 3711 4380 animo

2116 4423 2361 4493 prteditis
2405 4420 2746 4492 patientiam.
2783 4419 2851 4474 Et
2904 4433 3072 4489 parvo
3104 4419 3287 4473 animo
3327 4417 3585 4486 praeditos
3610 4417 3711 4484 ait,

2120 4514 2212 4584 qui
2244 4512 2515 4568 interdum
2550 4511 2604 4565 iu
2637 4519 2891 4582 suscepto
2922 4511 3044 4565 vine
3086 4510 3334 4565 instituto
3369 4507 3529 4563 facile
3555 4510 3707 4563 fran-

2117 4612 2319 4675 guntur
2354 4617 2418 4657 ac
2457 4603 2832 4657 debilitantur.
2871 4599 2975 4655 Dat
3007 4599 3167 4653 etiam
3204 4599 3311 4654 illis
3357 4598 3704 4669 patientiam,

2119 4699 2300 4762 idest,
2352 4695 2695 4751 tolerantiam
2750 4702 2806 4749 et
2851 4694 3256 4760 sustinentiam,
3321 4692 3713 4763 prepemudum

2117 4789 2362 4845 clamans
2410 4799 2466 4843 et
2519 4790 2752 4844 dicens:
2800 4805 2819 4839 ι
2851 4786 3097 4842 Viriliter
3122 4786 3289 4858 agite,
3327 4794 3382 4841 et
3432 4785 3713 4841 conferte-

2118 4894 2208 4939 tur
2237 4898 2333 4940 cor
2360 4892 2623 4947 vestrum,
2656 4895 2847 4937 omnes
2882 4882 2973 4950 qui
3006 4881 3238 4950 speratis
3270 4879 3323 4932 in
3351 4877 3579 4932 Domino
3595 4876 3664 4930 ³³.
3688 4895 3710 4930 ι

2117 4975 2221 5031 Dat
2257 4977 2423 5031 etiam
2462 4974 2715 5030 contritis
2741 4974 2905 5029 corde
2929 4974 3119 5037 vitam,
3150 4972 3201 5027 id
3232 4980 3334 5036 est,
3384 4970 3713 5041 pauperibus

2116 5070 2334 5140 spiritu.
2374 5066 2652 5138 Ejusmodi
2693 5074 2821 5122 sunt
2858 5078 3051 5120 omnes
3120 5064 3212 5134 qui
3277 5062 3387 5117 Deo
3450 5069 3713 5133 praestant

2117 5158 2512 5223 obedientiam,
2565 5166 2621 5213 et
2650 5158 2837 5212 animo
2876 5165 3001 5211 sunt
3036 5155 3315 5210 submisso
3357 5162 3411 5209 et
3455 5168 3710 5223 sequace.

2120 5252 2185 5308 lli
2221 5259 2347 5307 sunt
2388 5253 2478 5321 qui
2506 5249 2683 5305 vocati
2714 5257 2841 5304 sunt
2894 5264 2991 5319 per
3014 5246 3174 5303 ﬁdem
3209 5247 3276 5302 ad
3305 5246 3510 5304 Christi
3561 5246 3711 5315 agni-

2124 5345 2348 5406 tionem,
2377 5351 2432 5398 et
2468 5354 2734 5412 pauperes
2774 5339 2974 5409 spiritu
3051 5339 3427 5405 nominantur,
3461 5336 3712 5392 semitam

2126 5432 2496 5505 ingredientes
2554 5430 2820 5488 lsraelitis
2870 5433 3229 5509 contrariam.
3274 5429 3409 5486 Nam
3461 5428 3515 5484 bi
3565 5441 3705 5482 arro-

496 5778 575 5851 (Ι)
616 5778 906 5844 Aubertus,
946 5777 1042 5830 σὺν
1082 5774 1289 5845 ἱδρῶτι,
1328 5775 1601 5832 contraria
1639 5782 1693 5829 ut
1726 5771 2015 5838 sententia,
2052 5770 2132 5827 sic
2172 5770 2428 5825 dictione.
2459 5764 2616 5821 Enn.
2660 5850 2663 5853 δ
