4100 6490
431 364 572 420 I275

1465 378 1523 433 ὃ.
1566 379 1845 437 CYRILLI
1886 385 2358 450 ALEXANDRINI
2398 397 2721 460 ARCHIEP.

3580 424 3714 482 I276

428 489 623 552 gentes
686 491 844 539 erant
898 484 1301 555 lnobedientes,
1342 500 1400 547 et
1428 493 1736 562 pmrl‘al'ii:
1772 498 1848 554 illi
1891 500 2005 556 boni

2125 505 2174 558 οί
2217 507 2275 562 δὲ
2311 509 2530 580 ἁγαθοὶ,
2581 518 2678 573 καὶ
2711 518 3010 592 εὐκάρδιοι,
3046 524 3140 579 καὶ
3176 527 3289 593 τοῖς
3323 529 3418 584 τοῦ
3457 533 3592 588 Θεοῦ
3626 539 3713 591 v6-

427 579 484 624 ιιι
512 571 747 638 cordati,
785 584 842 629 et
870 573 1079 646 legibus
1117 576 1212 632 Dei
1265 579 1601 638 dominatum
1637 601 1702 642 ac
1758 589 2011 658 superio-

429 676 542 715 rem
581 674 789 733 partem
817 666 1136 734 tribuentes,
1166 679 1219 723 et
1244 669 1375 741 jugo
1396 673 1599 729 Christi
1631 678 1827 732 mentis
1850 680 2023 733 cervi-

426 765 546 807 cem
584 754 983 813 subtnittentes.
1022 759 1199 828 Atque
1232 761 1348 818 haec
1383 780 1549 833 opera
1591 776 1719 821 sunt
1757 767 2021 827 Christia-

428 860 636 900 norutn.
669 848 739 901 At
792 850 922 918 quid
970 851 1100 906 dicit
1144 854 1459 912 Altissimus
1505 858 1608 926 his,
1668 863 1763 931 qui
1821 878 1887 917 ex
1940 868 2020 920 in-

372 998 377 1003 _
426 935 736 991 obedientia
768 938 821 993 in
852 939 1058 996 crimen
1093 942 1387 1013 impietatis
1417 948 1651 1019 prolapsi
1676 954 1846 1007 sunt?
1904 953 2016 1010 Non

426 1025 480 1078 iu
534 1037 798 1083 ueternum
856 1030 1091 1088 ulciscar
1151 1050 1269 1101 vos,
1305 1053 1481 1108 neque
1534 1056 1753 1112 semper
1809 1040 2019 1100 irascar

426 1115 600 1172 vobis.
678 1117 840 1186 Spem
900 1122 1093 1179 salutis
1147 1140 1252 1187 non
1304 1129 1617 1196 praesciudit
1682 1129 1941 1188 lsraelitis
1999 1151 2013 1189 :

426 1221 549 1261 nam
590 1209 835 1280 reliquias
872 1222 1101 1270 servatae
1138 1219 1350 1283 sunt“,
1383 1232 1439 1275 et
1492 1224 1727 1278 maxima
1760 1239 1887 1294 pars
1919 1240 2012 1280 eo-

427 1313 545 1353 rum
598 1302 958 1359 multitudinis
1008 1319 1202 1363 vocata
1248 1322 1351 1367 est.
1384 1312 1658 1369 Extremis
1685 1318 1850 1371 etiam
1885 1326 2015 1371 tem-

425 1390 649 1456 poribus
682 1395 1043 1464 voeabuntur,
1079 1399 1192 1455 Deo
1230 1402 1538 1459 refrenante
1587 1407 1719 1459 iram
1780 1408 1835 1462 in
1875 1408 2013 1477 ,illos

425 1491 482 1536 et
530 1498 747 1553 poenam
791 1488 1122 1555 retrahente.
1178 1506 1245 1546 ne
1275 1495 1499 1547 omnino
1547 1496 1599 1549 in
1645 1511 1742 1552 eos
1773 1497 2005 1554 intente-

426 1583 534 1628 tur.
577 1575 757 1630 Bmus
811 1578 954 1632 enim
988 1595 1108 1634 cum
1158 1582 1249 1646 sit,
1284 1586 1527 1639 servavit
1573 1600 1695 1642 cum
1761 1590 2011 1659 patribus

424 1678 613 1720 eorum
665 1667 847 1724 datam
913 1671 1110 1737 tidem,
1148 1688 1248 1728 nec
1305 1674 1525 1732 fefellit.
1571 1677 1770 1735 Reddit
1842 1684 2008 1737 etiam

2128 615 2250 668 μοις
2269 600 2330 655 τὸ
2356 607 2553 676 χρῆναι
2581 613 2805 679 κρατεῖν
2831 612 3219 686 ἀπονέμοντες,
3239 620 3334 675 καὶ
3362 623 3711 695 ὑποτιθέντες

2122 691 2189 761 τῇ
2245 690 2449 770 ζεύγλῃ
2491 697 2730 770 Χριστοῦ
2773 702 2866 759 τὸν
2908 706 3009 778 τῆς
3044 707 3279 775 διανοίας
3325 714 3550 786 αὐχένα.
3600 690 3712 775 Καί

2120 784 2294 839 ταῦτα
2325 789 2423 859 μὲν
2456 791 2567 846 τῶν
2600 795 2661 847 ἐν
2694 796 2914 869 Χριστῷ
2950 800 3018 854 τὰ
3047 800 3206 871 ἔργα.
3246 804 3312 859 Τί
3357 784 3430 860 δέ
3463 826 3630 880 φησιν
3682 816 3709 867 ό

2123 875 2389 947 ’Υψιστος
2427 884 2543 947 τοῖς
2573 882 2633 950 ἐξ
2671 888 2957 954 ἀπειθείας
2988 891 3352 963 ὠλισθηκόσιν
3386 875 3564 963 είς-τα
3608 903 3710 974 τῆς

2119 967 2200 1030 είς
2242 969 2403 1023 αὐτὸν
2425 972 2745 1040 δυσσεϐείας
2767 979 3115 1052 ἐγκλήματα;
3165 986 3278 1038 Οὐκ
3309 988 3387 1052 είς
3414 988 3506 1042 τὸν
3534 967 3708 1048 αἰῶνα

2119 1057 2391 1130 ἐκδικήσω
2428 1065 2593 1135 ὑμᾶς,
2645 1069 2768 1122 οὐδὲ
2799 1070 3090 1138 διαπαντὸς
3114 1075 3514 1149 όργισθήσομαι
3555 1081 3703 1152 ὑμῖν.

2118 1148 2233 1204 Οὐκ
2278 1153 2563 1226 ἀποκείρει
2594 1159 2688 1212 τοῦ
2739 1161 3006 1225 σώζεσθαι
3072 1167 3173 1239 τὴν
3211 1148 3427 1224 ἐλπίδα
3472 1148 3605 1238 τοῖς-
3646 1176 3707 1244 ἐξ

2131 1241 2370 1314 Ἰσραήλο
2416 1248 2682 1303 σέσωσται
2724 1252 2833 1325 γὰρ
2876 1254 2936 1307 τὸ
3007 1259 3386 1332 κατάλειμμαο
3440 1241 3706 1339 κέκληται

2118 1331 2218 1400 μὲν
2253 1332 2481 1406 πλείστη
2514 1353 2599 1402 τις
2639 1342 2805 1411 μοῖρα
2845 1343 2944 1413 τῆς
2982 1345 3163 1401 αὐτῶν
3209 1331 3468 1420 πληθύος,
3504 1331 3703 1430 κεκλή-

2116 1439 2299 1477 σονται
2345 1426 2401 1479 δὲ
2445 1429 2541 1481 καὶ
2580 1431 2639 1482 ἐν
2692 1432 2942 1503 ἐσχάτοις
2995 1442 3241 1510 καιροῖς,
3298 1426 3703 1514 ἀνακόπτοντες

2113 1513 2249 1567 Θεοῦ
2278 1515 2376 1587 τὴν
2412 1518 2497 1572 ἐπ’
2529 1520 2713 1586 αὐτοῖς
2745 1523 2938 1597 ὀργὴν,
2971 1528 3065 1581 καὶ
3091 1530 3191 1597 τὴν
3222 1531 3378 1603 δίκην
3405 1537 3700 1610 ἀνασειρά-

2112 1603 2318 1672 ζοντος,
2378 1610 2455 1674 ὡς
2508 1612 2585 1684 μὴ
2644 1615 2881 1671 είσάπαν
2929 1620 3266 1677 ἐκτείνεσθαι
3320 1629 3438 1679 κατ’
3498 1629 3694 1685 αὐτῶν.

2124 1698 2350 1767 Ἀγαθὸς
2384 1702 2493 1773 γὰρ
2522 1703 2804 1777 ὑπάρχων,
2839 1711 3110 1781 τετήρηκε
3150 1717 3261 1777 τοῖς
3300 1717 3569 1785 πατράσιν
3598 1722 3695 1775 26-

423 1758 586 1813 sliam
624 1775 865 1826 causam,
899 1773 958 1815 ut
1000 1764 1315 1822 misericors
1352 1769 1531 1825 Deus:
1570 1771 1812 1840 Spiritus
1861 1774 2005 1828 enim

2110 1758 2220 1842 τῶν
2264 1758 2473 1865 aliendi;
2520 1794 2618 1867 τὴν
2638 1758 3335 1869 ⁸ίιῗπόο-χενσινῗ’λποιόίδῐιυσι
3369 1758 3437 1863 δὲ1⁸
3468 1812 3561 1866 καὶ
3590 1813 3695 1867 ἑτέι

422 1865 453 1902 a
491 1864 576 1904 me
611 1851 948 1921 egredietur.
979 1853 1102 1923 Quo
1139 1866 1320 1912 autem
1362 1860 1523 1915 modo
1546 1864 1876 1931 egredietur,
1914 1865 2009 1921 de-
2040 1854 2082 1909 Β

421 1938 649 1995 claravit
698 1942 947 2011 inquiens
991 1961 1004 1997 :
1065 1946 1274 2002 Flatum
1320 1965 1537 2005 onmem
1593 1968 1695 2024 ego
1747 1954 1871 2013 feci.
1913 1955 2010 2013 Est

420 2032 564 2085 enim
598 2033 886 2102 spirituum
917 2036 1100 2094 Pater.
1131 2037 1460 2112 lntelligitur
1492 2056 1673 2100 autem
1715 2063 1823 2102 non
1862 2049 2010 2104 velut

418 2138 487 2176 ex
558 2125 779 2194 propria
838 2137 1034 2182 natura
1103 2130 1223 2187 illos
1286 2136 1557 2204 genuisse,
1600 2144 1659 2192 ut
1726 2141 2005 2209 proprium

419 2212 615 2268 Filium
675 2218 860 2285 genuit
892 2237 904 2273 :
938 2220 1030 2274 sed
1082 2237 1182 2277 nec
1243 2224 1361 2280 illos
1388 2243 1571 2296 parem
1605 2230 1835 2301 Spiritui
1869 2246 1999 2287 san—

421 2315 508 2362 cto
573 2324 637 2363 ex
707 2310 1008 2367 substantia
1088 2331 1434 2387 progressum
1520 2322 1635 2379 sive
1688 2339 2002 2393 processum

423 2400 674 2455 habuisse
747 2404 1024 2461 dicimus":
1083 2410 1176 2463 sed
1239 2424 1303 2463 ex
1351 2413 1631 2470 creatione
1693 2416 1876 2483 potius
1946 2419 1998 2472 in

420 2493 710 2547 essentiam
776 2497 1044 2561 protliisse
1121 2515 1186 2554 ex
1242 2501 1350 2556 Deo
1425 2503 1784 2572 allirmamus,
1854 2520 2003 2565 recte

417 2581 636 2651 quidem
675 2587 991 2642 sentientes.
1030 2588 1162 2643 Nam
1201 2592 1317 2660 ipse
1364 2611 1580 2651 omnem
1630 2597 1761 2655 fecit
1790 2599 1999 2658 ﬂatum.

422 2672 521 2730 libi
566 2688 747 2731 autem
783 2678 994 2734 ell‘ectin
1049 2685 1272 2740 omnino
1302 2695 1385 2742 est
1413 2691 1710 2759 nominata,
1741 2695 1817 2750 ibi
1856 2713 2003 2752 sem-

417 2779 517 2833 per
563 2776 644 2821 est
695 2772 960 2839 ogresdo,
998 2773 1167 2845 διο
1219 2792 1312 2830 seu
1370 2781 1573 2848 exitus,
1642 2801 1749 2840 non
1789 2790 2002 2846 ratione

416 2856 757 2925 substantiae,
808 2861 903 2923 sed
954 2864 1120 2919 verbo
1184 2867 1410 2925 abusivo
1452 2870 1794 2931 eﬂ'ertionem
1827 2878 1999 2950 signi-

416 2944 613 3004 ﬂcans.
1443 2968 1451 2974 ‘

492 3038 652 3093 Vsus.
685 3042 871 3098 17-21.
927 3045 1154 3117 Propter
1200 3064 1473 3120 peceatum
1516 3058 1794 3123 paululum
1832 3063 2001 3117 tristi-

2117 1896 2214 1951 ραν
2240 1883 2440 1950 αἰτίαν,
2463 1885 2539 1951 ὼς
2562 1887 2954 1963 φιλοικτίρμων
2977 1893 3127 1960 Θεός.
3154 1897 3373 1969 Πνεῦμα
3398 1901 3525 1973 γὰρ,
3541 1905 3697 1975 φησὶ,

2111 1974 2245 2046 παρ’
2278 1974 2414 2046 ἐμοῦ
2442 1976 2803 2044 ἐξελεύσεται.
2822 1986 3193 2052 Ἐξελεύσεται
3227 1991 3283 2045 δὲ
3318 1994 3443 2048 τίνα
3466 1996 3695 2066 τρόπον,

2107 2067 2434 2141 διεσάφησεν
2479 2074 2651 2128 είπών
2688 2093 2702 2107 ·
2778 2079 2954 2150 Πνοὴν
3020 2085 3199 2138 πᾶσαν
3272 2088 3505 2157 ἐποίησα
3561 2090 3693 2160 ἐγώ.

2112 2161 2269 2216 Ἐστι
2313 2164 2413 2234 μὲν
2448 2167 2557 2237 γὰρ
2599 2170 2928 2240 πνευμάτων
2975 2173 3188 2247 Πατήρ.
3244 2178 3465 2234 Νοεῖταί
3489 2198 3549 2249 γε
3589 2180 3695 2253 μὴν

2107 2255 2206 2325 οὐχ
2228 2255 2304 2319 ὡς
2338 2257 2398 2323 ἐξ
2426 2257 2562 2324 ἰδίας
2598 2261 2815 2331 φύσεως
2852 2267 3089 2332 τετοκὼς
3109 2268 3270 2334 αὐτὰ,
3304 2270 3446 2325 καθὰ
3480 2273 3575 2326 καὶ
3604 2273 3696 2327 τὸν

2109 2345 2240 2400 ῐδιον
2270 2345 2418 2412 Υἱόν,
2452 2349 2570 2405 ἀλλ’
2599 2352 2723 2405 οῦδέ
2751 2355 2810 2408 ἐν
2841 2357 2942 2429 ῐσῳ
2980 2357 3059 2429 τῷ
3103 2359 3244 2431 ἁγίῳ
3276 2360 3553 2432 Πνεύματι
3594 2363 3694 2435 τὴν

2107 2438 2173 2491 ἐκ
2199 2439 2297 2510 τῆς
2328 2441 2516 2506 οὐσίας
2541 2445 2786 2518 πρόοδον,
2810 2449 2979 2520 ἤγουν
3029 2451 3376 2522 ἐκπόρευσιν,
3400 2456 3693 2524 ἐσχηκέναι

2106 2532 2287 2602 φαμὲν
2312 2534 2453 2589 αὐτά
2473 2552 2486 2566 ·
2528 2537 2940 2612 δημιουργικῶς
2964 2542 3022 2598 δὲ
3058 2544 3260 2614 μᾶλλον
3299 2546 3362 2599 ἐκ
3392 2546 3525 2600 Θεοῦ
3558 2565 3695 2618 προ-

2104 2623 2280 2678 ελθεῖν
2302 2627 2383 2690 είς
2407 2627 2467 2681 τὸ
2497 2624 2636 2682 εἷναι
2658 2631 3689 2709 διαϐεϐαιούμεθα,φρονοῦντες’ὀρθῶς-

2102 2714 2265 2779 αὑτὸς
2302 2717 2413 2789 γὰρ
2455 2721 2638 2775 πᾶσαν
2682 2721 2908 2795 ἐποίησε
2940 2726 3131 2796 πνοήν.
3166 2726 3339 2779 Ὅπου
3372 2726 3429 2778 δὲ
3472 2726 3695 2797 ποίησις

2101 2806 2239 2870 ὅλως
2258 2807 2594 2880 ὠνόμασται,
2612 2813 2731 2866 ἐκεῖ
2752 2832 2854 2868 που
2885 2817 3102 2880 πάντως
3130 2818 3215 2888 εἴη
3238 2816 3304 2871 ἂν
3327 2820 3359 2888 ἡ
3392 2817 3691 2884 ἐξέλευσις,

2102 2898 2272 2969 ἠγουν
2321 2902 2353 2972 ἡ
2398 2900 2600 2970 ἔξοδος,
2631 2905 2733 2957 οὐκ
2779 2905 3055 2970 οὐσιωδῶς
3089 2906 3312 2977 μᾶλλον,
3356 2907 3470 2961 ἀλλ’
3518 2909 3594 2972 ὠς
3632 2909 3693 2963 ἐν

2103 2990 2245 3057 λέξει
2270 3001 2684 3068 καταχρηστικῇ
2720 2997 2780 3051 τὸ
2816 2999 3221 3070 περιποιεῖσθαι
3256 3001 3615 3072 σημαίνουσα.

2173 3087 2253 3137 Δι’
2302 3086 2598 3156 ἁμαρτίαν
2641 3089 2844 3160 ,ϐραχύ
2892 3108 2948 3144 τι
3000 3091 3288 3160 ἐλύπησα
3335 3092 3542 3157 αὑτὸν,
3589 3094 3693 3147 καί

414 3133 491 3187 tia
539 3134 694 3203 u/I’eci
739 3153 878 3202 eum,
903 3152 951 3195 et
1013 3146 1244 3210 percussi
1295 3163 1434 3211 eum,
1468 3157 1518 3202 et
1566 3154 1734 3206 averti
1805 3154 1995 3223 faciem

414 3240 581 3253 “......”
630 3226 690 3253 ,Ι-
730 3244 783 3253 --
854 3241 894 3253 ,ι
941 3234 1155 3253 .--ξλεην
1247 3237 1284 3253 no
1345 3247 1354 3253 .
1525 3251 1534 3253 -
1624 3252 1627 3253 ,
1716 3245 1781 3253 ...

2173 3133 2232 3137 --
2305 3133 2576 3156 ”ε’“ιι’“’ν’⁷
2641 3133 2839 3160 ἀνευ-ω’
2896 3133 2948 3144 π
3000 3133 3288 3160 νηνηψ-ἰ*
3335 3133 3506 3147 νιν-’ν’
3529 3135 3542 3157 ο
3589 3133 3689 3147 ἰν·-

2104 3172 2371 3241 ὲπάταξιι
2397 3179 2604 3247 αὑτὸν,
2630 3181 2729 3234 καί
2766 3181 3122 3251 ἀπέστρεψα
3137 3181 3201 3236 τὸ
3217 3183 3543 3251 πρόσωπόν
3567 3201 3689 3253 μου

413 3240 583 3280 meum
625 3226 690 3279 ab
725 3244 813 3292 eo,
847 3241 894 3284 et
936 3234 1157 3288 tristitia
1200 3237 1421 3303 aﬂ‘eclus
1460 3251 1557 3304 est,
1584 3252 1629 3295 et
1674 3245 1802 3297 abiit
1868 3262 1996 3300 mw-

411 3325 524 3371 stus
570 3319 624 3371 iu
659 3320 756 3374 riis
802 3323 931 3379 suis.
980 3324 1106 3380 i'ias
1144 3327 1259 3397 qius
1309 3330 1439 3395 vidi,
1469 3342 1516 3384 et
1549 3336 1735 3388 sanari
1775 3352 1914 3401 eum,
1949 3348 1996 3391 et

410 3409 711 3463 consolatus
768 3429 884 3467 sum
923 3432 1062 3482 eum,
1104 3429 1150 3472 et
1193 3420 1314 3474 dedi
1365 3424 1411 3476 ei
1453 3425 1870 3481 consolationem
1908 3445 1997 3483 ve-

410 3513 547 3563 rum,
577 3517 758 3568 pacem
805 3522 961 3571 super
1002 3525 1181 3576 pacem
1234 3511 1315 3565 his
1362 3516 1453 3583 qui
1487 3515 1659 3586 longe,
1701 3526 1750 3572 et
1781 3519 1865 3574 his
1908 3524 1999 3592 qui

409 3607 568 3661 prope
608 3605 748 3649 sunt.
790 3594 857 3649 Et
885 3598 1024 3653 dixit
1070 3599 1329 3656 Dominus
1354 3616 1373 3655 :
1404 3603 1619 3662 Sanabo
1656 3624 1781 3675 eos;
1809 3619 1864 3664 at
1890 3613 1996 3665 ini-

408 3684 500 3753 qui
553 3685 634 3738 sic
694 3687 1064 3756 ﬂuctuabant,
1111 3700 1161 3745 et
1227 3694 1493 3762 quiescere
1566 3714 1670 3752 non
1729 3711 1995 3768 poterunt.

412 3770 536 3827 Non
592 3785 667 3829 est
704 3777 957 3845 gaudium
1014 3779 1221 3850 impiis,
1263 3782 1396 3835 dixit
1444 3784 1704 3842 Dominus
1753 3789 1917 3846 Deus.

481 4047 723 4105 Luerunt
749 4065 938 4119 poenas
961 4053 1129 4111 Judaei
1153 4057 1594 4127 debacchationis
1621 4065 1673 4119 in
1698 4064 1995 4137 Christum,
2096 4047 2115 4114 :-

409 4144 664 4200 omnihus
719 4148 939 4214 quidem
981 4151 1296 4208 hominibus
1363 4153 1762 4228 intolerandas,
1806 4163 1995 4219 mode-

408 4245 556 4292 ratas
604 4244 805 4302 tamen,
854 4238 900 4294 si
955 4250 1091 4296 cum
1138 4244 1339 4300 erratis
1397 4260 1811 4319 comparentur.
1857 4252 1991 4311 Nam

407 4328 546 4381 ultra
603 4345 818 4386 omnem
874 4335 1094 4389 modum
1165 4335 1314 4407 impii
1380 4339 1622 4408 fuerunt,
1661 4344 1840 4415 justos
1900 4364 1997 4406 oc-

407 4419 683 4485 ciderunt,
718 4436 769 4476 et
795 4434 1107 4481 sanctorum
1133 4431 1532 4498 prophetarum
1569 4440 1849 4510 sanguinis
1874 4459 1993 4499 reos

405 4526 467 4566 se
511 4512 905 4570 reddiderunt:
950 4519 1168 4572 tandem
1227 4521 1329 4589 ipsi
1379 4527 1543 4580 etiam
1588 4528 1811 4586 Christo
1874 4552 1987 4588 tua-
2023 4527 2069 4583 Β

406 4618 509 4658 nus
563 4605 904 4661 intulerunt:
935 4623 1116 4676 quem,
1142 4627 1264 4665 cum
1312 4613 1481 4671 Filius
1513 4629 1678 4685 esset,
1723 4623 1990 4679 misitPa-

406 4704 490 4749 ter
534 4704 656 4764 post
706 4696 958 4752 fanmlos.
993 4701 1059 4753 At
1099 4703 1151 4756 hi
1192 4705 1274 4757 sic
1319 4718 1511 4763 contra
1569 4712 1718 4766 illum
1786 4716 1987 4771 insole-

403 4787 648 4848 scebaut,
696 4790 908 4844 etiamsi
950 4791 1092 4845 inter
1125 4809 1182 4847 se
1241 4796 1518 4854 dicerent:
1558 4819 1577 4851 ι
1611 4802 1707 4856 llic
1741 4816 1827 4858 est
1880 4807 1987 4862 hm-

403 4880 564 4936 res".
595 4900 614 4934 ι
634 4881 819 4953 Itaque
848 4896 1067 4954 propter
1085 4886 1184 4940 ltoc
1209 4901 1513 4957 peccatum,
1536 4894 1734 4963 inquit,
1754 4897 1979 4955 tristitia

401 4971 553 5028 οϐ’εοὶ
590 4989 713 5029 eum
738 5017 752 5041 ,
782 4987 836 5030 et
879 4983 1146 5050 percussi,
1173 4994 1227 5039 et
1258 4989 1427 5041 averti
1473 4987 1666 5044 faciem
1719 5008 1893 5046 meam
1920 4998 1988 5051 ab

399 5076 485 5116 co.
564 5063 708 5119 Dixit
742 5068 923 5124 enim:
958 5071 1132 5126 «Cum
1171 5090 1361 5131 manus
1392 5088 1600 5134 vestras
1632 5085 1986 5143 extenderitis

401 5156 466 5207 at!
503 5171 611 5223 me,
647 5171 888 5215 avertam
930 5164 1116 5218 oculos
1166 5181 1313 5219 meos
1348 5184 1377 5221 a
1411 5172 1596 5228 vobis:
1643 5177 1769 5228 etsi
1805 5178 1985 5233 multi-

399 5242 729 5311 plicavetitis
779 5254 1106 5318 orationem,
1129 5272 1234 5309 non
1267 5263 1554 5316 exaudiant
1614 5282 1727 5319 vos.
1796 5268 1985 5325 Manus

397 5336 539 5390 enim
574 5350 767 5395 vestra:
795 5341 967 5410 plenze
999 5355 1125 5399 sunt
1156 5350 1425 5416 sanguine
1451 5353 1516 5406 ’⁸.
1539 5373 1557 5405 ι
1608 5357 1712 5411 Sed
1779 5372 1986 5427 postre-

398 5428 503 5483 mis
556 5432 898 5501 temporibus
957 5437 1319 5505 resipisceute
1363 5442 1598 5504 lsraele:
1636 5451 1808 5506 abibit
1835 5455 1981 5507 enim

400 5528 649 5586 maestus,
683 5523 910 5580 desistet
938 5530 1005 5579 alt
1056 5528 1156 5584 hac
1220 5534 1526 5601 aversione,
1567 5549 1620 5593 et
1664 5558 1761 5610 per
1818 5544 1977 5600 tidem

398 5610 710 5682 rccipietur,
755 5626 809 5671 et
841 5632 870 5672 ο
929 5621 1177 5690 pristinis
1221 5628 1478 5694 peccatis,
1518 5629 1623 5686 Deo
1697 5636 1981 5692 commise-

2100 3267 2199 3320 ἀπ’
2237 3269 2443 3337 αὐτοῦς
2480 3271 2577 3324 καὶ
2611 3272 2909 3341 ἐλυπήθη,
2966 3274 3065 3327 καὶ
3091 3274 3383 3344 ἐπορεύθη
3426 3276 3692 3344 στυγνὸς

2072 3353 2167 3407 ’ἐν
2200 3355 2327 3422 ταῖς
2372 3356 2533 3424 ὁδοῖς
2561 3360 2767 3413 αὑτοῦ.
2821 3361 2932 3428 Τὰς
2980 3360 3161 3428 ὀδοὺς
3212 3362 3399 3416 αὐτοῦ
3435 3362 3685 3431 ἑώρακα,

2100 3444 2199 3498 καὶ
2231 3446 2498 3517 ἰασάμην
2525 3450 2733 3514 αὑτὸν,
2770 3452 2866 3506 καὶ
2913 3453 3302 3521 παρεκάλεσα
3338 3455 3544 3516 αὑτὸν,
3586 3457 3686 3509 καί

2100 3536 2292 3592 ἔδωκα
2326 3540 2485 3605 αὐτῷ
2525 3541 2913 3611 παράκλησιν
2957 3544 3279 3613 ἀληθινὴν,
3304 3544 3556 3613 ειρήνην
3587 3547 3687 3599 ἐπὶ

2098 3631 2353 3699 εἰρήνην
2401 3633 2526 3699 τοῖς
2576 3638 2815 3703 μακρὰν
2850 3637 2948 3689 καὶ
2994 3636 3119 3704 τοῖς
3159 3637 3341 3707 ἐγγὺς
3374 3633 3536 3693 οὖσι.
3573 3639 3682 3691 Kal

2098 3715 2229 3774 εἷπε
2248 3722 2461 3789 Κύριος
2482 3741 2496 3753 ·
2516 3723 2785 3795 Ἰάσομαι
2822 3726 3066 3794 αὐτούς·
3097 3730 3152 3781 ol
3189 3727 3258 3781 δὲ
3280 3729 3471 3784 ἄδικοι
3498 3731 3686 3796 οὕτως

2100 3811 2726 3883 κλυδωνισθήσονται,
2753 3816 2853 3871 καί
2894 3818 3365 3877 ἀναπαύσασθαι
3396 3823 3466 3875 οὐ
3501 3821 3687 3886 (Surri-

2100 3919 2330 3958 σονται.
2386 3907 2510 3959 Οὐκ
2563 3907 2696 3962 ἔστι
2747 3909 2981 3977 χαίρειν
3031 3909 3156 3978 τοῖς
3190 3912 3507 3978 ἀσεϐέσιν,
3555 3908 3687 3967 εἶπε

2098 3996 2316 4063 Κύριος
2348 3999 2381 4050 ὁ
2413 3999 2577 4065 Θεός.

2183 4087 2527 4143 Ἐκτετίκασι
2559 4091 2658 4161 μὲν
2694 4091 2935 4148 Ἰουδαῖοι
2986 4096 3142 4162 δίκας
3173 4097 3275 4169 τῆς
3317 4100 3398 4163 εἰς
3446 4100 3686 4173 Χριστὸν

2099 4180 2406 4251 παροινίας,
2451 4182 2724 4257 ἀνθρώπῳ
2770 4187 2870 4257 μὲν
2919 4188 3227 4261 ἁτορήτους
3274 4193 3457 4255 παντὶ,
3510 4208 3684 4262 μεμε-

2096 4272 2377 4343 τρημένας
2427 4274 2486 4329 δὲ
2541 4275 2709 4346 ὅμως,
2768 4279 2828 4332 τό
2873 4296 2937 4348 γε
2984 4276 3118 4352 ἧκον
3165 4283 3246 4346 είς
3304 4282 3524 4353 ίσότητα
3571 4282 3686 4335 τῶν

2097 4365 2522 4436 ἡμαρτημένων.
2563 4368 2999 4440 Δεδυσσεϐήκασι
3046 4373 3154 4443 γὰρ
3200 4373 3267 4428 τὰ
3303 4374 3446 4446 πέρα
3481 4373 3684 4445 μέτρου

2099 4457 2319 4523 παντὸς,
2351 4459 2711 4526 ἀπεκτονότες
2747 4463 3009 4529 δικαίους,
3057 4465 3149 4519 καὶ
3182 4467 3475 4538 προφητῶν
3510 4467 3685 4534 ἁγίων

2097 4549 2325 4620 αἵμασιν
2357 4551 2572 4621 ἐνόχους
2604 4553 2833 4617 ἑαυτοὺς
2863 4557 3329 4627 καταστήσαντες.
3373 4557 3682 4609 Τελευτῶν·
3766 4577 3784 4587 ·

2095 4658 2187 4704 τες
2223 4641 2281 4694 δὲ
2326 4642 2420 4696 καὶ
2459 4643 2608 4715 αῦτῷ
2637 4645 2736 4710 τὰς
2780 4649 2967 4717 χεῖρας
3001 4649 3280 4720 ἐπήγαγον
3314 4649 3393 4719 τῷ
3437 4650 3682 4720 Χριστῷ,

2093 4729 2150 4783 ὃν
2179 4731 2304 4786 Υἱὺν
2331 4733 2459 4787 ὄντα
2493 4736 2779 4807 πέπομφεν
2817 4740 2844 4790 ὁ
2870 4738 3059 4811 Πατὴρ
3106 4741 3244 4811 μετὰ
3274 4744 3399 4806 τοὺς
3441 4743 3679 4807 οἰκέτις.

2095 4820 2157 4873 ΟΞ
2200 4820 2258 4873 δὲ
2299 4822 2394 4876 καὶ
2440 4823 2613 4889 οὕτως
2661 4828 3049 4899 ἠλαζονεύοντο
3098 4831 3217 4884 κατ’
3265 4831 3451 4895 αὑτοῦ,
3502 4832 3682 4886 καίτοι.

2096 4912 2232 4981 πρὶς
2248 4906 2509 4984 ἀλλήλους
2526 4915 2793 4986 λέγοντες·
2818 4941 2835 4971 ι
2864 4916 3033 4986 Οὗτός
3048 4924 3195 4975 ἐστιν
3222 4925 3250 4976 ό
3281 4922 3616 4995 κληρονόμος
3653 4945 3670 4974 ι

2093 5004 2304 5058 Οὐκοῦν
2349 5006 2434 5060 διὰ
2478 5009 2681 5081 ταύτην
2719 5012 2818 5083 τὴν
2861 5013 3134 5086 ἁμαρτίαν
3193 5014 3440 5085 ἐλύπησα
3491 5016 3679 5077 αὑτὸν,

2090 5095 2246 5165 φησὶ,
2277 5098 2369 5150 καὶ.
2391 5098 2659 5164 ἐπάταξα,
2693 5102 2788 5155 καὶ
2821 5103 3141 5175 ἀπέστρεψα
3168 5107 3226 5160 τὸ
3257 5108 3548 5176 πρόσωπόν
3575 5125 3677 5176 μου

2089 5186 2184 5239 ἀπ’
2218 5188 2405 5242 αὑτοῦ.
2441 5190 2585 5261 Ἔφη
2612 5192 2740 5263 γάρ·
2778 5213 2795 5245 ι
2828 5195 2995 5249 Ὅταν
3038 5197 3137 5261 τὰς
3164 5201 3354 5269 χεῖρας
3393 5198 3550 5269 ὑμῶν
3582 5200 3678 5251 ἐκ-

2089 5274 2300 5346 τείνητε
2347 5279 2482 5349 πρός
2522 5298 2620 5351 με,
2660 5283 2986 5356 ἀποστρέψαι
3030 5291 3156 5353 τοὺς
3201 5290 3515 5361 ὀφθαλμούς
3572 5308 3675 5360 μου

2089 5366 2182 5434 ἀφ’
2214 5367 2384 5437 ὑμῶν·
2420 5375 2513 5424 καὶ
2544 5372 2640 5426 ἐὰν
2671 5375 2978 5448 πληθύνητε
3009 5379 3107 5449 τὴν
3163 5380 3367 5451 δέησιν,
3414 5383 3515 5435 οὐκ
3556 5384 3673 5436 εἰσ-

2091 5457 2398 5529 ακούσομαι
2432 5461 2616 5532 ὑμῶν·
2656 5466 2712 5517 αί
2749 5466 2855 5539 γὰρ
2885 5471 3064 5540 χεῖρες
3099 5470 3254 5540 ὑμῶν
3274 5471 3505 5541 αἵματος
3539 5473 3675 5543 πλή-

2089 5564 2224 5617 ρεις.
2241 5569 2257 5599 ι
2281 5550 2419 5604 Ἀλλ’
2446 5554 2504 5605 ἐν
2533 5555 2781 5627 ὑστέροις
2812 5563 3023 5630 καιροῖς
3054 5562 3555 5635 μεταγινώσκοντος
3578 5565 3670 5618 τοῦ

2101 5641 2314 5710 Ἰσραὴλ
2329 5642 2677 5715 (πορεύσεται
2706 5648 2814 5721 γὰρ
2843 5652 3461 5724 στυγνὸς),πεπαύσεται
3486 5657 3580 5727 μὲν
3602 5658 3669 5711 τὰ

473 5772 517 5804 ’³
557 5791 659 5848 lsa.
699 5811 754 5860 κ,
788 5794 897 5865 2‘2;
938 5801 1096 5859 Rom.
1130 5819 1205 5869 ts,
1231 5805 1322 5861 27.
1400 5811 1446 5843 “
1477 5812 1606 5868 Luc.
1639 5832 1728 5879 xx,
1770 5817 1832 5869 14
1930 5820 1975 5850 ²⁶
2006 5819 2107 5874 lsa.
2150 5836 2187 5887 ι,
2234 5821 2316 5875 15.
