  <div class='ocr_page' id='page_1' title='image "/cluster/home/n/w/nwhite01/storage/ocr_20150623/70:no.3/coo.31924054869726/646.png"; bbox 0 0 4100 6486; ppageno 0'>
   <div class='ocr_carea' id='block_1_1' title="bbox 373 352 512 409">
    <p class='ocr_par' dir='ltr' id='par_1_1' title="bbox 373 352 512 409">
     <span class='ocr_line' id='line_1_1' title="bbox 373 352 512 409; baseline 0 0"><span class='ocrx_word' id='word_1_1' title='bbox 373 352 512 409; x_wconf 69' lang='grc'><strong>1277</strong></span> 
     </span>
    </p>
   </div>
   <div class='ocr_carea' id='block_1_2' title="bbox 1498 361 2528 426">
    <p class='ocr_par' dir='ltr' id='par_1_2' title="bbox 1498 361 2528 426">
     <span class='ocr_line' id='line_1_2' title="bbox 1498 361 2528 426; baseline 0.009 -9"><span class='ocrx_word' id='word_1_2' title='bbox 1498 361 1565 418; x_wconf 78' lang='grc' dir='ltr'><strong>ΙΝ</strong></span> <span class='ocrx_word' id='word_1_3' title='bbox 1608 364 1846 421; x_wconf 77' lang='lat' dir='ltr'><strong>ISAIAM</strong></span> <span class='ocrx_word' id='word_1_4' title='bbox 1887 365 2017 424; x_wconf 83' lang='lat' dir='ltr'><strong>LIB.</strong></span> <span class='ocrx_word' id='word_1_5' title='bbox 2061 366 2126 423; x_wconf 83' lang='lat' dir='ltr'><strong>V.</strong></span> <span class='ocrx_word' id='word_1_6' title='bbox 2168 368 2402 425; x_wconf 70' lang='lat' dir='ltr'><strong>TOMUS</strong></span> <span class='ocrx_word' id='word_1_7' title='bbox 2442 369 2528 426; x_wconf 87' lang='lat' dir='ltr'><strong>Ill.</strong></span> 
     </span>
    </p>
   </div>
   <div class='ocr_carea' id='block_1_3' title="bbox 3520 349 3695 441">
    <p class='ocr_par' dir='ltr' id='par_1_3' title="bbox 3520 349 3695 441">
     <span class='ocr_line' id='line_1_3' title="bbox 3520 349 3695 441; baseline 0.006 -2"><span class='ocrx_word' id='word_1_8' title='bbox 3520 349 3695 441; x_wconf 18' lang='lat' dir='ltr'><strong>l278’</strong></span> 
     </span>
    </p>
   </div>
   <div class='ocr_carea' id='block_1_4' title="bbox 372 471 1973 565">
    <p class='ocr_par' dir='ltr' id='par_1_4' title="bbox 372 471 1970 550">
     <span class='ocr_line' id='line_1_4' title="bbox 372 471 1970 550; baseline 0.013 -29"><span class='ocrx_word' id='word_1_9' title='bbox 372 471 469 544; x_wconf 73' lang='grc' dir='ltr'><strong>τῆς</strong></span> <span class='ocrx_word' id='word_1_10' title='bbox 500 472 889 544; x_wconf 76' lang='grc' dir='ltr'>ἀποστροφῆς’</span> <span class='ocrx_word' id='word_1_11' title='bbox 935 474 1345 548; x_wconf 78' lang='grc' dir='ltr'>εἰσδεχθήσεται</span> <span class='ocrx_word' id='word_1_12' title='bbox 1377 481 1434 535; x_wconf 71' lang='grc' dir='ltr'>δὲ</span> <span class='ocrx_word' id='word_1_13' title='bbox 1464 482 1552 537; x_wconf 83' lang='grc' dir='ltr'>διὰ</span> <span class='ocrx_word' id='word_1_14' title='bbox 1582 487 1840 550; x_wconf 83' lang='grc' dir='ltr'>πίστεως,</span> <span class='ocrx_word' id='word_1_15' title='bbox 1875 488 1970 541; x_wconf 70' lang='grc' dir='ltr'><strong>καὶ</strong></span> 
     </span>
    </p>
   </div>
   <div class='ocr_carea' id='block_1_5' title="bbox 2078 471 3656 565">
    <p class='ocr_par' dir='ltr' id='par_1_5' title="bbox 2078 490 3656 565">
     <span class='ocr_line' id='line_1_5' title="bbox 2078 490 3656 565; baseline 0.01 -24"><span class='ocrx_word' id='word_1_16' title='bbox 2078 501 2231 544; x_wconf 87' lang='lat' dir='ltr'><strong>rante</strong></span> <span class='ocrx_word' id='word_1_17' title='bbox 2272 490 2606 556; x_wconf 67' lang='lat' dir='ltr'><strong>absolvatur,</strong></span> <span class='ocrx_word' id='word_1_18' title='bbox 2644 502 2698 547; x_wconf 90' lang='lat' dir='ltr'><strong>et</strong></span> <span class='ocrx_word' id='word_1_19' title='bbox 2744 495 2925 565; x_wconf 88' lang='lat' dir='ltr'><strong>capiet</strong></span> <span class='ocrx_word' id='word_1_20' title='bbox 2964 511 3150 551; x_wconf 80' lang='lat' dir='ltr'><strong>veram</strong></span> <span class='ocrx_word' id='word_1_21' title='bbox 3202 500 3656 556; x_wconf 79' lang='lat' dir='ltr'><strong>consolationem.</strong></span> 
     </span>
    </p>
   </div>
   <div class='ocr_carea' id='block_1_6' title="bbox 371 564 1965 648">
    <p class='ocr_par' dir='ltr' id='par_1_6' title="bbox 371 564 1965 648">
     <span class='ocr_line' id='line_1_6' title="bbox 371 564 1965 648; baseline 0.011 -32"><span class='ocrx_word' id='word_1_22' title='bbox 371 564 481 617; x_wconf 83' lang='grc' dir='ltr'>τῶν</span> <span class='ocrx_word' id='word_1_23' title='bbox 523 564 773 635; x_wconf 82' lang='grc' dir='ltr'>ἀρχαίων</span> <span class='ocrx_word' id='word_1_24' title='bbox 815 566 1236 638; x_wconf 78' lang='grc' dir='ltr'><strong>ἁμαρτημάτων</strong></span> <span class='ocrx_word' id='word_1_25' title='bbox 1283 572 1787 648; x_wconf 78' lang='grc' dir='ltr'><strong>ἀπαλλαχθήσεται,</strong></span> <span class='ocrx_word' id='word_1_26' title='bbox 1829 579 1965 632; x_wconf 86' lang='grc' dir='ltr'>Θεοῦ</span> 
     </span>
    </p>
   </div>
   <div class='ocr_carea' id='block_1_7' title="bbox 369 654 1967 740">
    <p class='ocr_par' dir='ltr' id='par_1_7' title="bbox 369 654 1967 740">
     <span class='ocr_line' id='line_1_7' title="bbox 369 654 1967 740; baseline 0.01 -33"><span class='ocrx_word' id='word_1_27' title='bbox 369 654 865 727; x_wconf 83' lang='grc' dir='ltr'>κατοικτείροντος·</span> <span class='ocrx_word' id='word_1_28' title='bbox 895 657 1127 728; x_wconf 71' lang='grc' dir='ltr'>λήψεται</span> <span class='ocrx_word' id='word_1_29' title='bbox 1173 660 1230 714; x_wconf 82' lang='grc' dir='ltr'>δὲ</span> <span class='ocrx_word' id='word_1_30' title='bbox 1257 664 1351 715; x_wconf 75' lang='grc' dir='ltr'><strong>καὶ</strong></span> <span class='ocrx_word' id='word_1_31' title='bbox 1381 667 1730 738; x_wconf 86' lang='grc' dir='ltr'>παράκλησιν</span> <span class='ocrx_word' id='word_1_32' title='bbox 1776 669 1967 740; x_wconf 87' lang='grc' dir='ltr'>ἀληθι-</span> 
     </span>
    </p>
   </div>
   <div class='ocr_carea' id='block_1_8' title="bbox 369 742 1967 831">
    <p class='ocr_par' dir='ltr' id='par_1_8' title="bbox 369 742 1967 831">
     <span class='ocr_line' id='line_1_8' title="bbox 369 742 1967 831; baseline 0.009 -32"><span class='ocrx_word' id='word_1_33' title='bbox 369 748 491 817; x_wconf 85' lang='grc' dir='ltr'>νήν.</span> <span class='ocrx_word' id='word_1_34' title='bbox 528 746 639 797; x_wconf 79' lang='grc' dir='ltr'><strong>Καὶ</strong></span> <span class='ocrx_word' id='word_1_35' title='bbox 668 744 831 799; x_wconf 84' lang='grc' dir='ltr'>ποίαν</span> <span class='ocrx_word' id='word_1_36' title='bbox 863 742 1003 801; x_wconf 74' lang='grc' dir='ltr'>εἶναι</span> <span class='ocrx_word' id='word_1_37' title='bbox 1034 748 1242 821; x_wconf 89' lang='grc' dir='ltr'>ταύτην</span> <span class='ocrx_word' id='word_1_38' title='bbox 1272 754 1484 824; x_wconf 76' lang='grc' dir='ltr'>φαμὲν,</span> <span class='ocrx_word' id='word_1_39' title='bbox 1517 756 1550 827; x_wconf 87' lang='grc' dir='ltr'>ἢ</span> <span class='ocrx_word' id='word_1_40' title='bbox 1585 758 1831 828; x_wconf 88' lang='grc' dir='ltr'>δηλονότι</span> <span class='ocrx_word' id='word_1_41' title='bbox 1866 759 1967 831; x_wconf 83' lang='grc' dir='ltr'><strong>τὴν</strong></span> 
     </span>
    </p>
   </div>
   <div class='ocr_carea' id='block_1_9' title="bbox 369 834 1966 921">
    <p class='ocr_par' dir='ltr' id='par_1_9' title="bbox 369 834 1966 921">
     <span class='ocr_line' id='line_1_9' title="bbox 369 834 1966 921; baseline 0.009 -32"><span class='ocrx_word' id='word_1_42' title='bbox 369 835 461 890; x_wconf 79' lang='grc' dir='ltr'><strong>διὰ</strong></span> <span class='ocrx_word' id='word_1_43' title='bbox 487 834 730 907; x_wconf 77' lang='grc' dir='ltr'><strong>Χριστοῦ</strong></span> <span class='ocrx_word' id='word_1_44' title='bbox 757 835 941 906; x_wconf 82' lang='grc' dir='ltr'><strong>χάριν,</strong></span> <span class='ocrx_word' id='word_1_45' title='bbox 977 837 1297 895; x_wconf 83' lang='grc' dir='ltr'>δικαιοῦσαν</span> <span class='ocrx_word' id='word_1_46' title='bbox 1325 845 1382 895; x_wconf 81' lang='grc' dir='ltr'>ἐν</span> <span class='ocrx_word' id='word_1_47' title='bbox 1409 845 1614 910; x_wconf 88' lang='grc' dir='ltr'>πίστει,</span> <span class='ocrx_word' id='word_1_48' title='bbox 1652 851 1745 901; x_wconf 72' lang='grc' dir='ltr'><strong>καὶ</strong></span> <span class='ocrx_word' id='word_1_49' title='bbox 1780 850 1966 921; x_wconf 88' lang='grc' dir='ltr'>ἀμαρ-</span> 
     </span>
    </p>
   </div>
   <div class='ocr_carea' id='block_1_10' title="bbox 318 926 1967 1001">
    <p class='ocr_par' dir='ltr' id='par_1_10' title="bbox 318 926 1967 1001">
     <span class='ocr_line' id='line_1_10' title="bbox 318 926 1967 1001; baseline 0.01 -23"><span class='ocrx_word' id='word_1_50' title='bbox 318 998 321 999; x_wconf 14' lang='grc' dir='ltr'><em>ν</em></span> <span class='ocrx_word' id='word_1_51' title='bbox 368 927 503 981; x_wconf 84' lang='grc' dir='ltr'>τιῶν</span> <span class='ocrx_word' id='word_1_52' title='bbox 546 926 1020 990; x_wconf 78' lang='grc' dir='ltr'>ἀπαλλάττουσαν.</span> <span class='ocrx_word' id='word_1_53' title='bbox 1066 930 1434 1001; x_wconf 81' lang='grc' dir='ltr'>προξενοῦσαν</span> <span class='ocrx_word' id='word_1_54' title='bbox 1485 936 1543 989; x_wconf 80' lang='grc' dir='ltr'>δὲ</span> <span class='ocrx_word' id='word_1_55' title='bbox 1594 941 1690 991; x_wconf 79' lang='grc' dir='ltr'><strong>καὶ</strong></span> <span class='ocrx_word' id='word_1_56' title='bbox 1741 940 1838 993; x_wconf 74' lang='grc' dir='ltr'>τὸν</span> <span class='ocrx_word' id='word_1_57' title='bbox 1878 941 1967 995; x_wconf 80' lang='grc' dir='ltr'>διὰ</span> 
     </span>
    </p>
   </div>
   <div class='ocr_carea' id='block_1_11' title="bbox 370 1019 1965 1104">
    <p class='ocr_par' dir='ltr' id='par_1_11' title="bbox 370 1019 1965 1104">
     <span class='ocr_line' id='line_1_11' title="bbox 370 1019 1965 1104; baseline 0.009 -33"><span class='ocrx_word' id='word_1_58' title='bbox 370 1019 697 1090; x_wconf 86' lang='grc' dir='ltr'>Πνεύματος</span> <span class='ocrx_word' id='word_1_59' title='bbox 724 1020 1030 1091; x_wconf 85' lang='grc' dir='ltr'>ἁγιασμὸν,</span> <span class='ocrx_word' id='word_1_60' title='bbox 1060 1024 1155 1076; x_wconf 78' lang='grc' dir='ltr'>καὶ</span> <span class='ocrx_word' id='word_1_61' title='bbox 1196 1025 1297 1094; x_wconf 86' lang='grc' dir='ltr'><strong>τῆς</strong></span> <span class='ocrx_word' id='word_1_62' title='bbox 1330 1027 1605 1094; x_wconf 82' lang='grc' dir='ltr'>υἱοθεσίας</span> <span class='ocrx_word' id='word_1_63' title='bbox 1647 1031 1745 1104; x_wconf 83' lang='grc' dir='ltr'><strong>τὴν</strong></span> <span class='ocrx_word' id='word_1_64' title='bbox 1778 1033 1965 1102; x_wconf 78' lang='grc' dir='ltr'>δόξαν,</span> 
     </span>
    </p>
   </div>
   <div class='ocr_carea' id='block_1_12' title="bbox 370 1112 1964 1194">
    <p class='ocr_par' dir='ltr' id='par_1_12' title="bbox 370 1112 1964 1194">
     <span class='ocr_line' id='line_1_12' title="bbox 370 1112 1964 1194; baseline 0.01 -31"><span class='ocrx_word' id='word_1_65' title='bbox 370 1113 468 1165; x_wconf 68' lang='grc' dir='ltr'>καὶ</span> <span class='ocrx_word' id='word_1_66' title='bbox 507 1114 690 1183; x_wconf 87' lang='grc' dir='ltr'>γερῶν</span> <span class='ocrx_word' id='word_1_67' title='bbox 721 1112 911 1165; x_wconf 77' lang='grc' dir='ltr'>ἐλπίδα</span> <span class='ocrx_word' id='word_1_68' title='bbox 953 1114 1063 1168; x_wconf 81' lang='grc' dir='ltr'><strong>τῶν</strong></span> <span class='ocrx_word' id='word_1_69' title='bbox 1106 1119 1219 1180; x_wconf 90' lang='grc' dir='ltr'>τοῖς</span> <span class='ocrx_word' id='word_1_70' title='bbox 1251 1118 1429 1186; x_wconf 78' lang='grc' dir='ltr'>ἁγίοις</span> <span class='ocrx_word' id='word_1_71' title='bbox 1472 1122 1964 1194; x_wconf 72' lang='grc' dir='ltr'>ηὑτρεπισμένωνς</span> 
     </span>
    </p>
   </div>
   <div class='ocr_carea' id='block_1_13' title="bbox 385 1202 1967 1281">
    <p class='ocr_par' dir='ltr' id='par_1_13' title="bbox 385 1202 1967 1281">
     <span class='ocr_line' id='line_1_13' title="bbox 385 1202 1967 1281; baseline 0.009 -28"><span class='ocrx_word' id='word_1_72' title='bbox 385 1202 646 1274; x_wconf 81' lang='grc' dir='ltr'>Ἀληθινὴ</span> <span class='ocrx_word' id='word_1_73' title='bbox 672 1202 967 1273; x_wconf 79' lang='grc' dir='ltr'>τοιγαροῦν</span> <span class='ocrx_word' id='word_1_74' title='bbox 998 1206 1030 1275; x_wconf 83' lang='grc' dir='ltr'><strong>ή</strong></span> <span class='ocrx_word' id='word_1_75' title='bbox 1063 1207 1432 1278; x_wconf 83' lang='grc' dir='ltr'>παράκλησις,</span> <span class='ocrx_word' id='word_1_76' title='bbox 1461 1212 1597 1281; x_wconf 76' lang='grc' dir='ltr'>πρὸς</span> <span class='ocrx_word' id='word_1_77' title='bbox 1627 1217 1742 1277; x_wconf 90' lang='grc' dir='ltr'>τοῖς</span> <span class='ocrx_word' id='word_1_78' title='bbox 1785 1214 1967 1280; x_wconf 83' lang='grc' dir='ltr'>ἀλλοις</span> 
     </span>
    </p>
   </div>
   <div class='ocr_carea' id='block_1_14' title="bbox 373 1294 1968 1377">
    <p class='ocr_par' dir='ltr' id='par_1_14' title="bbox 373 1294 1968 1377">
     <span class='ocr_line' id='line_1_14' title="bbox 373 1294 1968 1377; baseline 0.007 -29"><span class='ocrx_word' id='word_1_79' title='bbox 373 1295 583 1348; x_wconf 73' lang='grc' dir='ltr'>ἅπασιν</span> <span class='ocrx_word' id='word_1_80' title='bbox 611 1294 840 1363; x_wconf 81' lang='grc' dir='ltr'><strong>ἀγαθοῖς</strong></span> <span class='ocrx_word' id='word_1_81' title='bbox 869 1298 1261 1367; x_wconf 80' lang='grc' dir='ltr'>εἰσκομίζουσα</span> <span class='ocrx_word' id='word_1_82' title='bbox 1286 1304 1401 1365; x_wconf 88' lang='grc' dir='ltr'>τοῖς</span> <span class='ocrx_word' id='word_1_83' title='bbox 1431 1301 1746 1367; x_wconf 80' lang='grc' dir='ltr'><strong>ἀξιωθεῖσιν</strong></span> <span class='ocrx_word' id='word_1_84' title='bbox 1795 1308 1968 1377; x_wconf 81' lang='grc' dir='ltr'>αὐτῆς</span> 
     </span>
    </p>
   </div>
   <div class='ocr_carea' id='block_1_15' title="bbox 372 1386 1966 1467">
    <p class='ocr_par' dir='ltr' id='par_1_15' title="bbox 372 1386 1966 1467">
     <span class='ocr_line' id='line_1_15' title="bbox 372 1386 1966 1467; baseline 0.008 -30"><span class='ocrx_word' id='word_1_85' title='bbox 372 1386 465 1438; x_wconf 76' lang='grc' dir='ltr'><strong>καὶ</strong></span> <span class='ocrx_word' id='word_1_86' title='bbox 527 1387 751 1458; x_wconf 77' lang='grc' dir='ltr'><strong>εἰρήνην</strong></span> <span class='ocrx_word' id='word_1_87' title='bbox 799 1386 892 1440; x_wconf 69' lang='grc' dir='ltr'><strong>ἐπὶ</strong></span> <span class='ocrx_word' id='word_1_88' title='bbox 945 1390 1202 1460; x_wconf 79' lang='grc' dir='ltr'><strong>εἰρήνην,</strong></span> <span class='ocrx_word' id='word_1_89' title='bbox 1256 1394 1506 1447; x_wconf 82' lang='grc' dir='ltr'>τουτέστι</span> <span class='ocrx_word' id='word_1_90' title='bbox 1574 1397 1798 1467; x_wconf 83' lang='grc' dir='ltr'>διηνεκῆ</span> <span class='ocrx_word' id='word_1_91' title='bbox 1870 1399 1966 1452; x_wconf 89' lang='grc' dir='ltr'><strong>καί</strong></span> 
     </span>
    </p>
   </div>
   <div class='ocr_carea' id='block_1_16' title="bbox 371 1478 1968 1559">
    <p class='ocr_par' dir='ltr' id='par_1_16' title="bbox 371 1478 1968 1559">
     <span class='ocr_line' id='line_1_16' title="bbox 371 1478 1968 1559; baseline 0.007 -27"><span class='ocrx_word' id='word_1_92' title='bbox 371 1478 732 1532; x_wconf 79' lang='grc' dir='ltr'>ἀνέκλειπτον</span> <span class='ocrx_word' id='word_1_93' title='bbox 775 1480 876 1549; x_wconf 82' lang='grc' dir='ltr'>τὴν</span> <span class='ocrx_word' id='word_1_94' title='bbox 927 1481 1028 1552; x_wconf 83' lang='grc' dir='ltr'><strong>τῆς</strong></span> <span class='ocrx_word' id='word_1_95' title='bbox 1072 1482 1299 1554; x_wconf 75' lang='grc' dir='ltr'>εἰρήνης</span> <span class='ocrx_word' id='word_1_96' title='bbox 1340 1484 1544 1552; x_wconf 78' lang='grc' dir='ltr'>εὐδίαν,</span> <span class='ocrx_word' id='word_1_97' title='bbox 1588 1488 1656 1559; x_wconf 77' lang='grc' dir='ltr'>ἢν</span> <span class='ocrx_word' id='word_1_98' title='bbox 1694 1487 1896 1542; x_wconf 75' lang='grc' dir='ltr'>ἔδωκεν</span> <span class='ocrx_word' id='word_1_99' title='bbox 1939 1491 1968 1543; x_wconf 96' lang='lat'><strong>6</strong></span> 
     </span>
    </p>
   </div>
   <div class='ocr_carea' id='block_1_17' title="bbox 371 1568 1966 1645">
    <p class='ocr_par' dir='ltr' id='par_1_17' title="bbox 371 1568 1966 1645">
     <span class='ocr_line' id='line_1_17' title="bbox 371 1568 1966 1645; baseline 0.005 -22"><span class='ocrx_word' id='word_1_100' title='bbox 371 1569 569 1640; x_wconf 69' lang='grc' dir='ltr'>Σωτὴρ</span> <span class='ocrx_word' id='word_1_101' title='bbox 611 1568 708 1624; x_wconf 76' lang='grc' dir='ltr'>καὶ</span> <span class='ocrx_word' id='word_1_102' title='bbox 749 1573 864 1633; x_wconf 87' lang='grc' dir='ltr'>τοῖς</span> <span class='ocrx_word' id='word_1_103' title='bbox 900 1571 1140 1642; x_wconf 84' lang='grc' dir='ltr'>μακρὰν,</span> <span class='ocrx_word' id='word_1_104' title='bbox 1183 1574 1421 1638; x_wconf 77' lang='grc' dir='ltr'>καὶτοῖς</span> <span class='ocrx_word' id='word_1_105' title='bbox 1473 1577 1661 1645; x_wconf 77' lang='grc' dir='ltr'>ἐγγὺς,</span> <span class='ocrx_word' id='word_1_106' title='bbox 1694 1578 1966 1644; x_wconf 80' lang='grc' dir='ltr'>τουτέστι,</span> 
     </span>
    </p>
   </div>
   <div class='ocr_carea' id='block_1_18' title="bbox 373 1658 1965 1740">
    <p class='ocr_par' dir='ltr' id='par_1_18' title="bbox 373 1658 1965 1740">
     <span class='ocr_line' id='line_1_18' title="bbox 373 1658 1965 1740; baseline 0.008 -29"><span class='ocrx_word' id='word_1_107' title='bbox 373 1658 471 1712; x_wconf 72' lang='grc' dir='ltr'>καὶ</span> <span class='ocrx_word' id='word_1_108' title='bbox 515 1661 630 1723; x_wconf 86' lang='grc' dir='ltr'>τοῖς</span> <span class='ocrx_word' id='word_1_109' title='bbox 674 1659 735 1725; x_wconf 77' lang='grc' dir='ltr'><strong>ἐξ</strong></span> <span class='ocrx_word' id='word_1_110' title='bbox 779 1658 973 1728; x_wconf 71' lang='grc' dir='ltr'>ἐθνῶν,</span> <span class='ocrx_word' id='word_1_111' title='bbox 1029 1662 1125 1715; x_wconf 78' lang='grc' dir='ltr'><strong>καὶ</strong></span> <span class='ocrx_word' id='word_1_112' title='bbox 1165 1666 1277 1726; x_wconf 87' lang='grc' dir='ltr'>τοῖς</span> <span class='ocrx_word' id='word_1_113' title='bbox 1320 1665 1381 1731; x_wconf 79' lang='grc' dir='ltr'>ἐξ</span> <span class='ocrx_word' id='word_1_114' title='bbox 1435 1665 1668 1737; x_wconf 84' lang='grc' dir='ltr'>αἵματος</span> <span class='ocrx_word' id='word_1_115' title='bbox 1727 1668 1965 1740; x_wconf 86' lang='grc' dir='ltr'>Ἰσραήλ.</span> 
     </span>
    </p>
   </div>
   <div class='ocr_carea' id='block_1_19' title="bbox 373 1751 1964 1829">
    <p class='ocr_par' dir='ltr' id='par_1_19' title="bbox 373 1751 1964 1829">
     <span class='ocr_line' id='line_1_19' title="bbox 373 1751 1964 1829; baseline 0.006 -26"><span class='ocrx_word' id='word_1_116' title='bbox 373 1751 827 1822; x_wconf 81' lang='grc' dir='ltr'>Προσπεφώνηκε</span> <span class='ocrx_word' id='word_1_117' title='bbox 860 1752 971 1824; x_wconf 88' lang='grc' dir='ltr'><strong>γάρ</strong></span> <span class='ocrx_word' id='word_1_118' title='bbox 993 1755 1106 1816; x_wconf 87' lang='grc' dir='ltr'>τοῖς</span> <span class='ocrx_word' id='word_1_119' title='bbox 1136 1753 1345 1808; x_wconf 75' lang='grc' dir='ltr'>ἔθνεσιν</span> <span class='ocrx_word' id='word_1_120' title='bbox 1373 1757 1403 1809; x_wconf 90' lang='lat'><strong>6</strong></span> <span class='ocrx_word' id='word_1_121' title='bbox 1435 1759 1708 1829; x_wconf 82' lang='grc' dir='ltr'>μακάριος</span> <span class='ocrx_word' id='word_1_122' title='bbox 1735 1759 1964 1826; x_wconf 81' lang='grc' dir='ltr'>Παῦλος,</span> 
     </span>
    </p>
   </div>
   <div class='ocr_carea' id='block_1_20' title="bbox 2069 581 3661 651">
    <p class='ocr_par' dir='ltr' id='par_1_20' title="bbox 2069 581 3661 651">
     <span class='ocr_line' id='line_1_20' title="bbox 2069 581 3661 651; baseline 0.008 -16"><span class='ocrx_word' id='word_1_123' title='bbox 2069 583 2140 635; x_wconf 85' lang='grc' dir='ltr'>Αι</span> <span class='ocrx_word' id='word_1_124' title='bbox 2175 581 2388 651; x_wconf 89' lang='lat' dir='ltr'><strong>qualem</strong></span> <span class='ocrx_word' id='word_1_125' title='bbox 2450 583 2591 637; x_wconf 84' lang='lat' dir='ltr'><strong>hanc</strong></span> <span class='ocrx_word' id='word_1_126' title='bbox 2648 599 2767 641; x_wconf 87' lang='lat' dir='ltr'><strong>esse</strong></span> <span class='ocrx_word' id='word_1_127' title='bbox 2820 588 3097 643; x_wconf 79' lang='lat' dir='ltr'><strong>dicimus?</strong></span> <span class='ocrx_word' id='word_1_128' title='bbox 3143 606 3209 644; x_wconf 89' lang='lat' dir='ltr'><strong>an</strong></span> <span class='ocrx_word' id='word_1_129' title='bbox 3261 608 3365 647; x_wconf 84' lang='lat' dir='ltr'><strong>non</strong></span> <span class='ocrx_word' id='word_1_130' title='bbox 3411 592 3661 647; x_wconf 73' lang='lat' dir='ltr'><strong>videlicet</strong></span> 
     </span>
    </p>
   </div>
   <div class='ocr_carea' id='block_1_21' title="bbox 2068 672 3651 749">
    <p class='ocr_par' dir='ltr' id='par_1_21' title="bbox 2068 672 3651 749">
     <span class='ocr_line' id='line_1_21' title="bbox 2068 672 3651 749; baseline 0.005 -26"><span class='ocrx_word' id='word_1_131' title='bbox 2068 672 2301 742; x_wconf 82' lang='lat' dir='ltr'><strong>gratiam</strong></span> <span class='ocrx_word' id='word_1_132' title='bbox 2355 686 2452 740; x_wconf 89' lang='lat' dir='ltr'><strong>per</strong></span> <span class='ocrx_word' id='word_1_133' title='bbox 2489 673 2942 744; x_wconf 73' lang='lat' dir='ltr'><strong>Cbristum,quae</strong></span> <span class='ocrx_word' id='word_1_134' title='bbox 2989 692 3086 744; x_wconf 89' lang='lat' dir='ltr'><strong>per</strong></span> <span class='ocrx_word' id='word_1_135' title='bbox 3138 678 3299 733; x_wconf 83' lang='lat' dir='ltr'><strong>ﬁdem</strong></span> <span class='ocrx_word' id='word_1_136' title='bbox 3358 680 3651 749; x_wconf 75' lang='lat' dir='ltr'><strong>justiticat,</strong></span> 
     </span>
    </p>
   </div>
   <div class='ocr_carea' id='block_1_22' title="bbox 2068 765 3653 840">
    <p class='ocr_par' dir='ltr' id='par_1_22' title="bbox 2068 765 3653 840">
     <span class='ocr_line' id='line_1_22' title="bbox 2068 765 3653 840; baseline 0.004 -22"><span class='ocrx_word' id='word_1_137' title='bbox 2068 780 2097 818; x_wconf 89' lang='lat' dir='ltr'><strong>a</strong></span> <span class='ocrx_word' id='word_1_138' title='bbox 2134 766 2371 834; x_wconf 77' lang='lat' dir='ltr'><strong>peccatis</strong></span> <span class='ocrx_word' id='word_1_139' title='bbox 2402 765 2617 834; x_wconf 83' lang='lat' dir='ltr'><strong>liberal,</strong></span> <span class='ocrx_word' id='word_1_140' title='bbox 2640 777 2694 822; x_wconf 93' lang='lat' dir='ltr'><strong>et</strong></span> <span class='ocrx_word' id='word_1_141' title='bbox 2729 769 3219 825; x_wconf 87' lang='lat' dir='ltr'><strong>sanetilicatiouem</strong></span> <span class='ocrx_word' id='word_1_142' title='bbox 3251 786 3349 840; x_wconf 89' lang='lat' dir='ltr'><strong>per</strong></span> <span class='ocrx_word' id='word_1_143' title='bbox 3384 770 3653 840; x_wconf 89' lang='lat' dir='ltr'><strong>Spiritum</strong></span> 
     </span>
    </p>
   </div>
   <div class='ocr_carea' id='block_1_23' title="bbox 2070 855 3654 930">
    <p class='ocr_par' dir='ltr' id='par_1_23' title="bbox 2070 855 3654 930">
     <span class='ocr_line' id='line_1_23' title="bbox 2070 855 3654 930; baseline 0.003 -21"><span class='ocrx_word' id='word_1_144' title='bbox 2070 855 2345 919; x_wconf 73' lang='lat' dir='ltr'><strong>conciliat,</strong></span> <span class='ocrx_word' id='word_1_145' title='bbox 2397 865 2450 911; x_wconf 89' lang='lat' dir='ltr'><strong>et</strong></span> <span class='ocrx_word' id='word_1_146' title='bbox 2503 858 2807 925; x_wconf 86' lang='lat' dir='ltr'><strong>adoptionis</strong></span> <span class='ocrx_word' id='word_1_147' title='bbox 2873 860 3124 929; x_wconf 83' lang='lat' dir='ltr'><strong>gloriam,</strong></span> <span class='ocrx_word' id='word_1_148' title='bbox 3187 870 3242 914; x_wconf 90' lang='lat' dir='ltr'><strong>et</strong></span> <span class='ocrx_word' id='word_1_149' title='bbox 3302 862 3654 930; x_wconf 64' lang='lat' dir='ltr'><strong>praemiorum</strong></span> 
     </span>
    </p>
   </div>
   <div class='ocr_carea' id='block_1_24' title="bbox 2069 949 3662 1022">
    <p class='ocr_par' dir='ltr' id='par_1_24' title="bbox 2069 949 3662 1022">
     <span class='ocr_line' id='line_1_24' title="bbox 2069 949 3662 1022; baseline 0.003 -22"><span class='ocrx_word' id='word_1_150' title='bbox 2069 960 2218 1013; x_wconf 86' lang='lat' dir='ltr'><strong>spem</strong></span> <span class='ocrx_word' id='word_1_151' title='bbox 2255 962 2379 1016; x_wconf 84' lang='lat' dir='ltr'><strong>quae</strong></span> <span class='ocrx_word' id='word_1_152' title='bbox 2414 949 2618 1002; x_wconf 89' lang='lat' dir='ltr'><strong>sanctis</strong></span> <span class='ocrx_word' id='word_1_153' title='bbox 2658 949 2925 1003; x_wconf 87' lang='lat' dir='ltr'><strong>destinata</strong></span> <span class='ocrx_word' id='word_1_154' title='bbox 2958 951 3132 1005; x_wconf 76' lang='lat' dir='ltr'><strong>sunt?</strong></span> <span class='ocrx_word' id='word_1_155' title='bbox 3168 950 3309 1005; x_wconf 87' lang='lat' dir='ltr'><strong>Vera</strong></span> <span class='ocrx_word' id='word_1_156' title='bbox 3359 962 3445 1005; x_wconf 85' lang='lat' dir='ltr'><strong>est</strong></span> <span class='ocrx_word' id='word_1_157' title='bbox 3495 951 3662 1022; x_wconf 90' lang='lat' dir='ltr'><strong>igitur</strong></span> 
     </span>
    </p>
   </div>
   <div class='ocr_carea' id='block_1_25' title="bbox 2070 1039 3664 1110">
    <p class='ocr_par' dir='ltr' id='par_1_25' title="bbox 2070 1039 3664 1110">
     <span class='ocr_line' id='line_1_25' title="bbox 2070 1039 3664 1110; baseline 0.004 -19"><span class='ocrx_word' id='word_1_158' title='bbox 2070 1040 2186 1092; x_wconf 75' lang='lat' dir='ltr'><strong>hzec</strong></span> <span class='ocrx_word' id='word_1_159' title='bbox 2218 1039 2542 1102; x_wconf 75' lang='lat' dir='ltr'><strong>consolatio,</strong></span> <span class='ocrx_word' id='word_1_160' title='bbox 2579 1054 2699 1109; x_wconf 62' lang='lat' dir='ltr'><strong>quae</strong></span> <span class='ocrx_word' id='word_1_161' title='bbox 2734 1051 2928 1110; x_wconf 66' lang='lat' dir='ltr'><strong>praeter</strong></span> <span class='ocrx_word' id='word_1_162' title='bbox 2947 1042 3049 1096; x_wconf 90' lang='lat' dir='ltr'><strong>alia</strong></span> <span class='ocrx_word' id='word_1_163' title='bbox 3080 1045 3217 1098; x_wconf 88' lang='lat' dir='ltr'><strong>bona</strong></span> <span class='ocrx_word' id='word_1_164' title='bbox 3246 1044 3448 1107; x_wconf 85' lang='lat' dir='ltr'><strong>omnia,</strong></span> <span class='ocrx_word' id='word_1_165' title='bbox 3502 1043 3664 1098; x_wconf 74' lang='lat' dir='ltr'><strong>aﬂ‘ert</strong></span> 
     </span>
    </p>
   </div>
   <div class='ocr_carea' id='block_1_26' title="bbox 2069 1128 3658 1204">
    <p class='ocr_par' dir='ltr' id='par_1_26' title="bbox 2069 1128 3658 1204">
     <span class='ocr_line' id='line_1_26' title="bbox 2069 1128 3658 1204; baseline 0.003 -22"><span class='ocrx_word' id='word_1_166' title='bbox 2069 1128 2153 1183; x_wconf 83' lang='lat' dir='ltr'><strong>his</strong></span> <span class='ocrx_word' id='word_1_167' title='bbox 2189 1130 2281 1198; x_wconf 90' lang='lat' dir='ltr'><strong>qui</strong></span> <span class='ocrx_word' id='word_1_168' title='bbox 2310 1144 2373 1185; x_wconf 89' lang='lat' dir='ltr'><strong>ea</strong></span> <span class='ocrx_word' id='word_1_169' title='bbox 2409 1132 2621 1199; x_wconf 67' lang='lat' dir='ltr'><strong>praediti</strong></span> <span class='ocrx_word' id='word_1_170' title='bbox 2642 1142 2789 1198; x_wconf 90' lang='lat' dir='ltr'><strong>sunt,</strong></span> <span class='ocrx_word' id='word_1_171' title='bbox 2822 1148 3010 1202; x_wconf 88' lang='lat' dir='ltr'><strong>pacem</strong></span> <span class='ocrx_word' id='word_1_172' title='bbox 3045 1150 3207 1202; x_wconf 80' lang='lat' dir='ltr'><strong>super</strong></span> <span class='ocrx_word' id='word_1_173' title='bbox 3246 1151 3459 1204; x_wconf 90' lang='lat' dir='ltr'><strong>pacem,</strong></span> <span class='ocrx_word' id='word_1_174' title='bbox 3483 1136 3533 1189; x_wconf 91' lang='lat' dir='ltr'><strong>id</strong></span> <span class='ocrx_word' id='word_1_175' title='bbox 3555 1145 3658 1202; x_wconf 90' lang='lat' dir='ltr'><strong>est,</strong></span> 
     </span>
    </p>
   </div>
   <div class='ocr_carea' id='block_1_27' title="bbox 2070 1222 3664 1295">
    <p class='ocr_par' dir='ltr' id='par_1_27' title="bbox 2070 1222 3664 1295">
     <span class='ocr_line' id='line_1_27' title="bbox 2070 1222 3664 1295; baseline 0.006 -23"><span class='ocrx_word' id='word_1_176' title='bbox 2070 1232 2382 1289; x_wconf 87' lang='lat' dir='ltr'><strong>perpetuam</strong></span> <span class='ocrx_word' id='word_1_177' title='bbox 2411 1232 2466 1276; x_wconf 89' lang='lat' dir='ltr'><strong>et</strong></span> <span class='ocrx_word' id='word_1_178' title='bbox 2494 1222 2677 1292; x_wconf 87' lang='lat' dir='ltr'><strong>jugem</strong></span> <span class='ocrx_word' id='word_1_179' title='bbox 2712 1224 2863 1292; x_wconf 81' lang='lat' dir='ltr'><strong>pacis</strong></span> <span class='ocrx_word' id='word_1_180' title='bbox 2912 1225 3262 1280; x_wconf 84' lang='lat' dir='ltr'><strong>serenitatem</strong></span> <span class='ocrx_word' id='word_1_181' title='bbox 3293 1241 3456 1295; x_wconf 88' lang='lat' dir='ltr'><strong>quam</strong></span> <span class='ocrx_word' id='word_1_182' title='bbox 3508 1226 3664 1282; x_wconf 86' lang='lat' dir='ltr'><strong>dedit</strong></span> 
     </span>
    </p>
   </div>
   <div class='ocr_carea' id='block_1_28' title="bbox 2070 1310 3656 1389">
    <p class='ocr_par' dir='ltr' id='par_1_28' title="bbox 2070 1310 3656 1389">
     <span class='ocr_line' id='line_1_28' title="bbox 2070 1310 3656 1389; baseline 0.003 -23"><span class='ocrx_word' id='word_1_183' title='bbox 2070 1310 2351 1376; x_wconf 80' lang='lat' dir='ltr'><strong>Servatur,</strong></span> <span class='ocrx_word' id='word_1_184' title='bbox 2380 1323 2435 1368; x_wconf 88' lang='lat' dir='ltr'><strong>et</strong></span> <span class='ocrx_word' id='word_1_185' title='bbox 2463 1315 2546 1369; x_wconf 85' lang='lat' dir='ltr'><strong>his</strong></span> <span class='ocrx_word' id='word_1_186' title='bbox 2572 1315 2660 1382; x_wconf 93' lang='lat' dir='ltr'><strong>qui</strong></span> <span class='ocrx_word' id='word_1_187' title='bbox 2687 1317 2892 1383; x_wconf 89' lang='lat' dir='ltr'><strong>procul,</strong></span> <span class='ocrx_word' id='word_1_188' title='bbox 2924 1323 2979 1371; x_wconf 87' lang='lat' dir='ltr'><strong>et</strong></span> <span class='ocrx_word' id='word_1_189' title='bbox 3024 1317 3112 1374; x_wconf 85' lang='lat' dir='ltr'><strong>his</strong></span> <span class='ocrx_word' id='word_1_190' title='bbox 3141 1319 3233 1387; x_wconf 91' lang='lat' dir='ltr'><strong>qui</strong></span> <span class='ocrx_word' id='word_1_191' title='bbox 3292 1334 3463 1389; x_wconf 79' lang='lat' dir='ltr'><strong>prope</strong></span> <span class='ocrx_word' id='word_1_192' title='bbox 3506 1328 3656 1384; x_wconf 90' lang='lat' dir='ltr'><strong>sunt,</strong></span> 
     </span>
    </p>
   </div>
   <div class='ocr_carea' id='block_1_29' title="bbox 2071 1404 3665 1477">
    <p class='ocr_par' dir='ltr' id='par_1_29' title="bbox 2071 1404 3665 1477">
     <span class='ocr_line' id='line_1_29' title="bbox 2071 1404 3665 1477; baseline 0.004 -21"><span class='ocrx_word' id='word_1_193' title='bbox 2071 1404 2120 1456; x_wconf 95' lang='lat' dir='ltr'><strong>id</strong></span> <span class='ocrx_word' id='word_1_194' title='bbox 2155 1413 2257 1465; x_wconf 84' lang='lat' dir='ltr'><strong>est,</strong></span> <span class='ocrx_word' id='word_1_195' title='bbox 2282 1405 2444 1475; x_wconf 78' lang='lat'><strong>811</strong></span> <span class='ocrx_word' id='word_1_196' title='bbox 2466 1415 2519 1460; x_wconf 78' lang='lat' dir='ltr'><strong>et</strong></span> <span class='ocrx_word' id='word_1_197' title='bbox 2539 1406 2621 1459; x_wconf 89' lang='lat' dir='ltr'><strong>his</strong></span> <span class='ocrx_word' id='word_1_198' title='bbox 2646 1408 2737 1476; x_wconf 89' lang='lat' dir='ltr'><strong>qui</strong></span> <span class='ocrx_word' id='word_1_199' title='bbox 2760 1422 2824 1461; x_wconf 82' lang='lat' dir='ltr'><strong>ex</strong></span> <span class='ocrx_word' id='word_1_200' title='bbox 2843 1407 3111 1475; x_wconf 74' lang='lat' dir='ltr'><strong>gentibus,</strong></span> <span class='ocrx_word' id='word_1_201' title='bbox 3133 1419 3181 1462; x_wconf 86' lang='lat' dir='ltr'><strong>et</strong></span> <span class='ocrx_word' id='word_1_202' title='bbox 3204 1408 3308 1461; x_wconf 90' lang='lat' dir='ltr'><strong>illis</strong></span> <span class='ocrx_word' id='word_1_203' title='bbox 3325 1410 3413 1477; x_wconf 88' lang='lat' dir='ltr'><strong>qui</strong></span> <span class='ocrx_word' id='word_1_204' title='bbox 3443 1423 3508 1462; x_wconf 82' lang='lat' dir='ltr'><strong>ex</strong></span> <span class='ocrx_word' id='word_1_205' title='bbox 3536 1423 3665 1462; x_wconf 86' lang='lat' dir='ltr'><strong>san-</strong></span> 
     </span>
    </p>
   </div>
   <div class='ocr_carea' id='block_1_30' title="bbox 2069 1495 3666 1569">
    <p class='ocr_par' dir='ltr' id='par_1_30' title="bbox 2069 1495 3666 1569">
     <span class='ocr_line' id='line_1_30' title="bbox 2069 1495 3666 1569; baseline 0.004 -22"><span class='ocrx_word' id='word_1_206' title='bbox 2069 1495 2232 1562; x_wconf 88' lang='lat' dir='ltr'><strong>guine</strong></span> <span class='ocrx_word' id='word_1_207' title='bbox 2278 1496 2447 1551; x_wconf 90' lang='lat' dir='ltr'><strong>Israel</strong></span> <span class='ocrx_word' id='word_1_208' title='bbox 2496 1508 2645 1551; x_wconf 88' lang='lat' dir='ltr'><strong>sunt.</strong></span> <span class='ocrx_word' id='word_1_209' title='bbox 2684 1496 2893 1552; x_wconf 79' lang='lat' dir='ltr'><strong>Atl‘atus</strong></span> <span class='ocrx_word' id='word_1_210' title='bbox 2932 1506 3016 1553; x_wconf 85' lang='lat' dir='ltr'><strong>est</strong></span> <span class='ocrx_word' id='word_1_211' title='bbox 3043 1500 3188 1553; x_wconf 89' lang='lat' dir='ltr'><strong>enim</strong></span> <span class='ocrx_word' id='word_1_212' title='bbox 3218 1507 3410 1569; x_wconf 86' lang='lat' dir='ltr'><strong>gentes</strong></span> <span class='ocrx_word' id='word_1_213' title='bbox 3474 1500 3666 1554; x_wconf 86' lang='lat' dir='ltr'><strong>beatus</strong></span> 
     </span>
    </p>
   </div>
   <div class='ocr_carea' id='block_1_31' title="bbox 2070 1585 3666 1659">
    <p class='ocr_par' dir='ltr' id='par_1_31' title="bbox 2070 1585 3666 1659">
     <span class='ocr_line' id='line_1_31' title="bbox 2070 1585 3666 1659; baseline -0.001 -17"><span class='ocrx_word' id='word_1_214' title='bbox 2070 1587 2304 1642; x_wconf 84' lang='lat' dir='ltr'><strong>Paulus:</strong></span> <span class='ocrx_word' id='word_1_215' title='bbox 2336 1605 2356 1639; x_wconf 77' lang='grc' dir='ltr'><strong>ι</strong></span> <span class='ocrx_word' id='word_1_216' title='bbox 2396 1585 2547 1643; x_wconf 77' lang='lat' dir='ltr'><strong>Nunc</strong></span> <span class='ocrx_word' id='word_1_217' title='bbox 2574 1598 2760 1643; x_wconf 89' lang='lat' dir='ltr'><strong>autem</strong></span> <span class='ocrx_word' id='word_1_218' title='bbox 2800 1590 2891 1659; x_wconf 88' lang='lat' dir='ltr'><strong>qui</strong></span> <span class='ocrx_word' id='word_1_219' title='bbox 2926 1591 3200 1658; x_wconf 88' lang='lat' dir='ltr'><strong>quondam</strong></span> <span class='ocrx_word' id='word_1_220' title='bbox 3232 1591 3400 1644; x_wconf 85' lang='lat' dir='ltr'><strong>eratis</strong></span> <span class='ocrx_word' id='word_1_221' title='bbox 3447 1589 3666 1659; x_wconf 88' lang='lat' dir='ltr'><strong>procul,</strong></span> 
     </span>
    </p>
   </div>
   <div class='ocr_carea' id='block_1_32' title="bbox 2072 1678 3666 1753">
    <p class='ocr_par' dir='ltr' id='par_1_32' title="bbox 2072 1678 3666 1753">
     <span class='ocr_line' id='line_1_32' title="bbox 2072 1678 3666 1753; baseline 0.002 -20"><span class='ocrx_word' id='word_1_222' title='bbox 2072 1678 2197 1734; x_wconf 79' lang='lat' dir='ltr'><strong>facti</strong></span> <span class='ocrx_word' id='word_1_223' title='bbox 2220 1681 2357 1734; x_wconf 73' lang='lat' dir='ltr'><strong>esus</strong></span> <span class='ocrx_word' id='word_1_224' title='bbox 2409 1695 2576 1749; x_wconf 88' lang='lat' dir='ltr'><strong>prope</strong></span> <span class='ocrx_word' id='word_1_225' title='bbox 2604 1680 2656 1735; x_wconf 91' lang='lat' dir='ltr'><strong>in</strong></span> <span class='ocrx_word' id='word_1_226' title='bbox 2685 1683 2953 1753; x_wconf 83' lang='lat' dir='ltr'><strong>sanguine</strong></span> <span class='ocrx_word' id='word_1_227' title='bbox 2983 1681 3189 1737; x_wconf 83' lang='lat' dir='ltr'><strong>Christi</strong></span> <span class='ocrx_word' id='word_1_228' title='bbox 3210 1682 3277 1735; x_wconf 80' lang='lat'><strong>&quot;&#39;.</strong></span> <span class='ocrx_word' id='word_1_229' title='bbox 3312 1702 3330 1733; x_wconf 76' lang='grc' dir='ltr'><strong>ι</strong></span> <span class='ocrx_word' id='word_1_230' title='bbox 3367 1681 3501 1736; x_wconf 76' lang='lat' dir='ltr'><strong>Nam</strong></span> <span class='ocrx_word' id='word_1_231' title='bbox 3530 1698 3666 1751; x_wconf 83' lang='lat' dir='ltr'><strong>qua-</strong></span> 
     </span>
    </p>
   </div>
   <div class='ocr_carea' id='block_1_33' title="bbox 2070 1771 3661 1843">
    <p class='ocr_par' dir='ltr' id='par_1_33' title="bbox 2070 1771 3661 1843">
     <span class='ocr_line' id='line_1_33' title="bbox 2070 1771 3661 1843; baseline 0.003 -18"><span class='ocrx_word' id='word_1_232' title='bbox 2070 1779 2229 1826; x_wconf 87' lang='lat' dir='ltr'><strong>tenus</strong></span> <span class='ocrx_word' id='word_1_233' title='bbox 2259 1771 2425 1825; x_wconf 88' lang='lat' dir='ltr'><strong>lsrael</strong></span> <span class='ocrx_word' id='word_1_234' title='bbox 2456 1773 2773 1841; x_wconf 75' lang='lat' dir='ltr'><strong>subiugatus</strong></span> <span class='ocrx_word' id='word_1_235' title='bbox 2811 1781 2933 1828; x_wconf 90' lang='lat' dir='ltr'><strong>erat</strong></span> <span class='ocrx_word' id='word_1_236' title='bbox 2962 1772 3090 1843; x_wconf 83' lang='lat' dir='ltr'><strong>legi,</strong></span> <span class='ocrx_word' id='word_1_237' title='bbox 3116 1783 3173 1827; x_wconf 89' lang='lat' dir='ltr'><strong>et</strong></span> <span class='ocrx_word' id='word_1_238' title='bbox 3212 1774 3489 1828; x_wconf 83' lang='lat' dir='ltr'><strong>serviebat</strong></span> <span class='ocrx_word' id='word_1_239' title='bbox 3548 1774 3661 1829; x_wconf 59' lang='lat' dir='ltr'><strong>Dt-o</strong></span> 
     </span>
    </p>
   </div>
   <div class='ocr_carea' id='block_1_34' title="bbox 370 1842 1973 1935">
    <p class='ocr_par' dir='ltr' id='par_1_34' title="bbox 370 1842 1971 1924">
     <span class='ocr_line' id='line_1_34' title="bbox 370 1842 1971 1924; baseline 0.007 -30"><span class='ocrx_word' id='word_1_240' title='bbox 370 1842 456 1895; x_wconf 85' lang='grc' dir='ltr'><strong>δτι</strong></span> <span class='ocrx_word' id='word_1_241' title='bbox 488 1859 511 1894; x_wconf 75' lang='lat' dir='ltr'><strong>t</strong></span> <span class='ocrx_word' id='word_1_242' title='bbox 536 1842 672 1896; x_wconf 70' lang='lat' dir='ltr'><strong>Novi.</strong></span> <span class='ocrx_word' id='word_1_243' title='bbox 700 1843 758 1895; x_wconf 81' lang='grc' dir='ltr'>δὲ</span> <span class='ocrx_word' id='word_1_244' title='bbox 791 1844 1015 1911; x_wconf 85' lang='grc' dir='ltr'>ὅλως,οί</span> <span class='ocrx_word' id='word_1_245' title='bbox 1049 1846 1181 1899; x_wconf 85' lang='grc' dir='ltr'>ποτὲ</span> <span class='ocrx_word' id='word_1_246' title='bbox 1210 1845 1363 1911; x_wconf 73' lang='grc' dir='ltr'>ὅντες</span> <span class='ocrx_word' id='word_1_247' title='bbox 1396 1850 1637 1922; x_wconf 80' lang='grc' dir='ltr'>μακρὰν,</span> <span class='ocrx_word' id='word_1_248' title='bbox 1673 1852 1971 1924; x_wconf 78' lang='grc' dir='ltr'>ἐγενήθητε</span> 
     </span>
    </p>
   </div>
   <div class='ocr_carea' id='block_1_35' title="bbox 2078 1842 3668 1935">
    <p class='ocr_par' dir='ltr' id='par_1_35' title="bbox 2078 1842 3668 1935">
     <span class='ocr_line' id='line_1_35' title="bbox 2078 1842 3668 1935; baseline 0.001 -22"><span class='ocrx_word' id='word_1_249' title='bbox 2078 1862 2276 1916; x_wconf 80' lang='lat' dir='ltr'><strong>viventi</strong></span> <span class='ocrx_word' id='word_1_250' title='bbox 2318 1873 2371 1917; x_wconf 90' lang='lat' dir='ltr'><strong>et</strong></span> <span class='ocrx_word' id='word_1_251' title='bbox 2404 1878 2552 1930; x_wconf 88' lang='lat' dir='ltr'><strong>vero,</strong></span> <span class='ocrx_word' id='word_1_252' title='bbox 2612 1864 2687 1918; x_wconf 88' lang='lat' dir='ltr'><strong>ita</strong></span> <span class='ocrx_word' id='word_1_253' title='bbox 2756 1874 2814 1918; x_wconf 92' lang='lat' dir='ltr'><strong>ut</strong></span> <span class='ocrx_word' id='word_1_254' title='bbox 2865 1842 3036 1919; x_wconf 65' lang='lat' dir='ltr'><strong>sacrae</strong></span> <span class='ocrx_word' id='word_1_255' title='bbox 3087 1854 3455 1935; x_wconf 80' lang='lat' dir='ltr'><strong>praedicationi</strong></span> <span class='ocrx_word' id='word_1_256' title='bbox 3490 1864 3668 1933; x_wconf 85' lang='lat' dir='ltr'><strong>placet</strong></span> 
     </span>
    </p>
   </div>
   <div class='ocr_carea' id='block_1_36' title="bbox 370 1933 1977 2013">
    <p class='ocr_par' dir='ltr' id='par_1_36' title="bbox 370 1933 1977 2013">
     <span class='ocr_line' id='line_1_36' title="bbox 370 1933 1977 2013; baseline 0.007 -28"><span class='ocrx_word' id='word_1_257' title='bbox 370 1933 544 2002; x_wconf 70' lang='grc' dir='ltr'>ἐγγὺς</span> <span class='ocrx_word' id='word_1_258' title='bbox 587 1933 646 1987; x_wconf 74' lang='grc' dir='ltr'>ἐν</span> <span class='ocrx_word' id='word_1_259' title='bbox 672 1934 751 2005; x_wconf 78' lang='grc' dir='ltr'>τῷ</span> <span class='ocrx_word' id='word_1_260' title='bbox 781 1935 977 2004; x_wconf 82' lang='grc' dir='ltr'>αἵματι</span> <span class='ocrx_word' id='word_1_261' title='bbox 1023 1935 1118 1989; x_wconf 90' lang='grc' dir='ltr'><strong>τοῦ</strong></span> <span class='ocrx_word' id='word_1_262' title='bbox 1158 1937 1416 2007; x_wconf 80' lang='grc' dir='ltr'>Χριστοῦ.</span> <span class='ocrx_word' id='word_1_263' title='bbox 1459 1958 1480 1992; x_wconf 73' lang='grc' dir='ltr'><strong>ι</strong></span> <span class='ocrx_word' id='word_1_264' title='bbox 1531 1940 1700 1994; x_wconf 87' lang='grc' dir='ltr'>Ὅσον</span> <span class='ocrx_word' id='word_1_265' title='bbox 1737 1942 1835 2012; x_wconf 86' lang='grc' dir='ltr'><strong>μὲν</strong></span> <span class='ocrx_word' id='word_1_266' title='bbox 1864 1942 1977 2013; x_wconf 84' lang='grc' dir='ltr'><strong>γάρ</strong></span> 
     </span>
    </p>
   </div>
   <div class='ocr_carea' id='block_1_37' title="bbox 367 2020 1977 2104">
    <p class='ocr_par' dir='ltr' id='par_1_37' title="bbox 367 2020 1977 2104">
     <span class='ocr_line' id='line_1_37' title="bbox 367 2020 1977 2104; baseline 0.007 -26"><span class='ocrx_word' id='word_1_267' title='bbox 367 2020 510 2099; x_wconf 73' lang='grc' dir='ltr'><strong>⁴ἧκεν</strong></span> <span class='ocrx_word' id='word_1_268' title='bbox 548 2027 630 2089; x_wconf 87' lang='grc' dir='ltr'><strong>εἰς</strong></span> <span class='ocrx_word' id='word_1_269' title='bbox 667 2027 729 2079; x_wconf 80' lang='grc' dir='ltr'><strong>τὸ</strong></span> <span class='ocrx_word' id='word_1_270' title='bbox 773 2027 1139 2099; x_wconf 80' lang='grc' dir='ltr'>κατεζεῦχθαι</span> <span class='ocrx_word' id='word_1_271' title='bbox 1172 2029 1324 2099; x_wconf 82' lang='grc' dir='ltr'>νόμῳ</span> <span class='ocrx_word' id='word_1_272' title='bbox 1351 2030 1443 2083; x_wconf 87' lang='grc' dir='ltr'>τὸν</span> <span class='ocrx_word' id='word_1_273' title='bbox 1483 2031 1724 2104; x_wconf 83' lang='grc' dir='ltr'>Ἰσραὴλ,</span> <span class='ocrx_word' id='word_1_274' title='bbox 1754 2033 1851 2087; x_wconf 71' lang='grc' dir='ltr'><strong>καὶ</strong></span> <span class='ocrx_word' id='word_1_275' title='bbox 1881 2035 1977 2089; x_wconf 87' lang='grc' dir='ltr'>λα-</span> 
     </span>
    </p>
   </div>
   <div class='ocr_carea' id='block_1_38' title="bbox 368 2116 1976 2193">
    <p class='ocr_par' dir='ltr' id='par_1_38' title="bbox 368 2116 1976 2193">
     <span class='ocr_line' id='line_1_38' title="bbox 368 2116 1976 2193; baseline 0.001 -19"><span class='ocrx_word' id='word_1_276' title='bbox 368 2116 591 2190; x_wconf 81' lang='grc' dir='ltr'>τρεύειν</span> <span class='ocrx_word' id='word_1_277' title='bbox 640 2117 765 2193; x_wconf 3' lang='grc' dir='ltr'>Θεῷ,</span> <span class='ocrx_word' id='word_1_278' title='bbox 806 2117 972 2182; x_wconf 74' lang='grc' dir='ltr'>ζῶντι</span> <span class='ocrx_word' id='word_1_279' title='bbox 1032 2119 1128 2174; x_wconf 76' lang='grc' dir='ltr'>καὶ</span> <span class='ocrx_word' id='word_1_280' title='bbox 1176 2119 1436 2191; x_wconf 77' lang='grc' dir='ltr'>ἀληθινῷ,</span> <span class='ocrx_word' id='word_1_281' title='bbox 1469 2123 1612 2175; x_wconf 89' lang='grc' dir='ltr'><strong>κατά</strong></span> <span class='ocrx_word' id='word_1_282' title='bbox 1667 2140 1731 2191; x_wconf 88' lang='grc' dir='ltr'><strong>γε</strong></span> <span class='ocrx_word' id='word_1_283' title='bbox 1763 2123 1828 2177; x_wconf 77' lang='grc' dir='ltr'>τὸ</span> <span class='ocrx_word' id='word_1_284' title='bbox 1863 2126 1976 2185; x_wconf 84' lang='grc' dir='ltr'>τοῖς</span> 
     </span>
    </p>
   </div>
   <div class='ocr_carea' id='block_1_39' title="bbox 372 2208 1971 2285">
    <p class='ocr_par' dir='ltr' id='par_1_39' title="bbox 372 2208 1971 2285">
     <span class='ocr_line' id='line_1_39' title="bbox 372 2208 1971 2285; baseline 0.026 -27"><span class='ocrx_word' id='word_1_285' title='bbox 372 2212 544 2283; x_wconf 70' lang='grc' dir='ltr'>ἱεροῖς</span> <span class='ocrx_word' id='word_1_286' title='bbox 573 2210 897 2280; x_wconf 80' lang='grc' dir='ltr'>κηρύγμασι</span> <span class='ocrx_word' id='word_1_287' title='bbox 928 2208 1121 2265; x_wconf 79' lang='grc' dir='ltr'>δοκοῦν</span> <span class='ocrx_word' id='word_1_288' title='bbox 1174 2210 1416 2282; x_wconf 80' lang='grc' dir='ltr'>(εἴρηται</span> <span class='ocrx_word' id='word_1_289' title='bbox 1444 2213 1552 2284; x_wconf 83' lang='grc' dir='ltr'>γὰρ</span> <span class='ocrx_word' id='word_1_290' title='bbox 1578 2215 1716 2285; x_wconf 56' lang='lat' dir='ltr'><strong>“Pb;</strong></span> <span class='ocrx_word' id='word_1_291' title='bbox 1750 2214 1971 2277; x_wconf 61' lang='grc' dir='ltr'><strong>αὐτούς’</strong></span> 
     </span>
    </p>
   </div>
   <div class='ocr_carea' id='block_1_40' title="bbox 376 2302 1976 2378">
    <p class='ocr_par' dir='ltr' id='par_1_40' title="bbox 376 2302 1976 2378">
     <span class='ocr_line' id='line_1_40' title="bbox 376 2302 1976 2378; baseline 0.004 -23"><span class='ocrx_word' id='word_1_292' title='bbox 376 2324 396 2355; x_wconf 79' lang='grc' dir='ltr'><strong>ι</strong></span> <span class='ocrx_word' id='word_1_293' title='bbox 430 2304 638 2377; x_wconf 83' lang='grc' dir='ltr'>Κύριος</span> <span class='ocrx_word' id='word_1_294' title='bbox 664 2306 693 2358; x_wconf 97' lang='lat'><strong>6</strong></span> <span class='ocrx_word' id='word_1_295' title='bbox 714 2304 847 2368; x_wconf 84' lang='grc' dir='ltr'>Θεός</span> <span class='ocrx_word' id='word_1_296' title='bbox 882 2322 999 2373; x_wconf 65' lang='grc' dir='ltr'>σου,</span> <span class='ocrx_word' id='word_1_297' title='bbox 1041 2306 1249 2378; x_wconf 84' lang='grc' dir='ltr'>Κύριος</span> <span class='ocrx_word' id='word_1_298' title='bbox 1276 2302 1358 2371; x_wconf 81' lang='grc' dir='ltr'>εἷς</span> <span class='ocrx_word' id='word_1_299' title='bbox 1384 2309 1533 2362; x_wconf 72' lang='grc' dir='ltr'>ἐστιν</span> <span class='ocrx_word' id='word_1_300' title='bbox 1559 2308 1807 2378; x_wconf 47' lang='lat' dir='ltr'><strong>nam;</strong></span> <span class='ocrx_word' id='word_1_301' title='bbox 1835 2305 1976 2362; x_wconf 83' lang='grc' dir='ltr'><strong>εἰναί</strong></span> 
     </span>
    </p>
   </div>
   <div class='ocr_carea' id='block_1_41' title="bbox 372 2396 1977 2471">
    <p class='ocr_par' dir='ltr' id='par_1_41' title="bbox 372 2396 1977 2471">
     <span class='ocr_line' id='line_1_41' title="bbox 372 2396 1977 2471; baseline 0.004 -21"><span class='ocrx_word' id='word_1_302' title='bbox 372 2413 497 2460; x_wconf 79' lang='grc' dir='ltr'><strong>πως</strong></span> <span class='ocrx_word' id='word_1_303' title='bbox 544 2396 790 2453; x_wconf 85' lang='grc' dir='ltr'>ἐδόκουν·</span> <span class='ocrx_word' id='word_1_304' title='bbox 830 2397 1049 2471; x_wconf 86' lang='grc' dir='ltr'>μακρὰν</span> <span class='ocrx_word' id='word_1_305' title='bbox 1088 2398 1147 2453; x_wconf 81' lang='grc' dir='ltr'>δὲ</span> <span class='ocrx_word' id='word_1_306' title='bbox 1191 2398 1262 2452; x_wconf 88' lang='grc' dir='ltr'>τὰ</span> <span class='ocrx_word' id='word_1_307' title='bbox 1307 2398 1454 2471; x_wconf 73' lang='grc' dir='ltr'>ἔθνη,</span> <span class='ocrx_word' id='word_1_308' title='bbox 1503 2399 1592 2454; x_wconf 90' lang='grc' dir='ltr'><strong>διά</strong></span> <span class='ocrx_word' id='word_1_309' title='bbox 1646 2401 1708 2453; x_wconf 82' lang='grc' dir='ltr'><strong>τὸ</strong></span> <span class='ocrx_word' id='word_1_310' title='bbox 1745 2401 1977 2456; x_wconf 80' lang='grc' dir='ltr'>εἰσάπαν</span> 
     </span>
    </p>
   </div>
   <div class='ocr_carea' id='block_1_42' title="bbox 375 2486 1979 2561">
    <p class='ocr_par' dir='ltr' id='par_1_42' title="bbox 375 2486 1979 2561">
     <span class='ocr_line' id='line_1_42' title="bbox 375 2486 1979 2561; baseline 0.001 -18"><span class='ocrx_word' id='word_1_311' title='bbox 375 2486 864 2559; x_wconf 70' lang='grc' dir='ltr'>ἀπηλλπριῶσθαι</span> <span class='ocrx_word' id='word_1_312' title='bbox 914 2491 1008 2542; x_wconf 81' lang='grc' dir='ltr'>καὶ</span> <span class='ocrx_word' id='word_1_313' title='bbox 1036 2489 1378 2561; x_wconf 82' lang='grc' dir='ltr'>μαθημάτων</span> <span class='ocrx_word' id='word_1_314' title='bbox 1409 2490 1602 2560; x_wconf 87' lang='grc' dir='ltr'>ἁγίων,</span> <span class='ocrx_word' id='word_1_315' title='bbox 1651 2493 1745 2545; x_wconf 78' lang='grc' dir='ltr'><strong>καί</strong></span> <span class='ocrx_word' id='word_1_316' title='bbox 1775 2491 1870 2545; x_wconf 89' lang='grc' dir='ltr'><strong>τοῦ</strong></span> <span class='ocrx_word' id='word_1_317' title='bbox 1898 2494 1979 2545; x_wconf 88' lang='grc' dir='ltr'>εἰ-</span> 
     </span>
    </p>
   </div>
   <div class='ocr_carea' id='block_1_43' title="bbox 373 2579 1976 2654">
    <p class='ocr_par' dir='ltr' id='par_1_43' title="bbox 373 2579 1976 2654">
     <span class='ocr_line' id='line_1_43' title="bbox 373 2579 1976 2654; baseline 0.001 -19"><span class='ocrx_word' id='word_1_318' title='bbox 373 2581 529 2635; x_wconf 79' lang='grc' dir='ltr'>δέναι</span> <span class='ocrx_word' id='word_1_319' title='bbox 563 2579 655 2634; x_wconf 82' lang='grc' dir='ltr'><strong>τὸν</strong></span> <span class='ocrx_word' id='word_1_320' title='bbox 688 2580 798 2635; x_wconf 86' lang='grc' dir='ltr'><strong>τῶν</strong></span> <span class='ocrx_word' id='word_1_321' title='bbox 825 2581 963 2635; x_wconf 84' lang='grc' dir='ltr'>ὅλων</span> <span class='ocrx_word' id='word_1_322' title='bbox 988 2582 1375 2653; x_wconf 81' lang='grc' dir='ltr'>γενεσιουργδν</span> <span class='ocrx_word' id='word_1_323' title='bbox 1429 2584 1523 2636; x_wconf 73' lang='grc' dir='ltr'><strong>καὶ</strong></span> <span class='ocrx_word' id='word_1_324' title='bbox 1561 2582 1787 2654; x_wconf 85' lang='grc' dir='ltr'>Κύριον.</span> <span class='ocrx_word' id='word_1_325' title='bbox 1835 2583 1976 2637; x_wconf 87' lang='grc' dir='ltr'>Ἀλλ’</span> 
     </span>
    </p>
   </div>
   <div class='ocr_carea' id='block_1_44' title="bbox 375 2672 1975 2747">
    <p class='ocr_par' dir='ltr' id='par_1_44' title="bbox 375 2672 1975 2747">
     <span class='ocr_line' id='line_1_44' title="bbox 375 2672 1975 2747; baseline 0.003 -22"><span class='ocrx_word' id='word_1_326' title='bbox 375 2673 574 2744; x_wconf 84' lang='grc' dir='ltr'>εἰρήνη</span> <span class='ocrx_word' id='word_1_327' title='bbox 609 2672 820 2727; x_wconf 79' lang='grc' dir='ltr'>δέδοται</span> <span class='ocrx_word' id='word_1_328' title='bbox 850 2672 1064 2737; x_wconf 81' lang='grc' dir='ltr'>τούτοις</span> <span class='ocrx_word' id='word_1_329' title='bbox 1085 2690 1147 2727; x_wconf 90' lang='grc' dir='ltr'><strong>τε</strong></span> <span class='ocrx_word' id='word_1_330' title='bbox 1211 2674 1490 2739; x_wconf 77' lang='grc' dir='ltr'>κάκείνοις</span> <span class='ocrx_word' id='word_1_331' title='bbox 1515 2677 1667 2747; x_wconf 84' lang='grc' dir='ltr'><strong>παρά</strong></span> <span class='ocrx_word' id='word_1_332' title='bbox 1707 2674 1804 2729; x_wconf 89' lang='grc' dir='ltr'><strong>τοῦ</strong></span> <span class='ocrx_word' id='word_1_333' title='bbox 1837 2675 1975 2730; x_wconf 84' lang='grc' dir='ltr'>Θεοῦ</span> 
     </span>
    </p>
   </div>
   <div class='ocr_carea' id='block_1_45' title="bbox 375 2767 1978 2839">
    <p class='ocr_par' dir='ltr' id='par_1_45' title="bbox 375 2767 1978 2839">
     <span class='ocr_line' id='line_1_45' title="bbox 375 2767 1978 2839; baseline -0.001 -17"><span class='ocrx_word' id='word_1_334' title='bbox 375 2769 475 2822; x_wconf 80' lang='grc' dir='ltr'><strong>καὶ</strong></span> <span class='ocrx_word' id='word_1_335' title='bbox 501 2769 739 2839; x_wconf 85' lang='grc' dir='ltr'>Πατρὺς,</span> <span class='ocrx_word' id='word_1_336' title='bbox 778 2770 811 2837; x_wconf 87' lang='grc' dir='ltr'>ἠ</span> <span class='ocrx_word' id='word_1_337' title='bbox 831 2767 919 2821; x_wconf 81' lang='grc' dir='ltr'>διὰ</span> <span class='ocrx_word' id='word_1_338' title='bbox 944 2767 1183 2838; x_wconf 84' lang='grc' dir='ltr'>Χριστοῦ</span> <span class='ocrx_word' id='word_1_339' title='bbox 1215 2767 1484 2838; x_wconf 80' lang='grc' dir='ltr'>δηλονότι,</span> <span class='ocrx_word' id='word_1_340' title='bbox 1517 2767 1614 2822; x_wconf 88' lang='grc' dir='ltr'><strong>τοῦ</strong></span> <span class='ocrx_word' id='word_1_341' title='bbox 1649 2770 1978 2837; x_wconf 82' lang='grc' dir='ltr'>ποιήσαντος</span> 
     </span>
    </p>
   </div>
   <div class='ocr_carea' id='block_1_46' title="bbox 377 2859 1979 2933">
    <p class='ocr_par' dir='ltr' id='par_1_46' title="bbox 377 2859 1979 2933">
     <span class='ocr_line' id='line_1_46' title="bbox 377 2859 1979 2933; baseline 0.001 -20"><span class='ocrx_word' id='word_1_342' title='bbox 377 2862 451 2914; x_wconf 68' lang='grc' dir='ltr'>τὰ</span> <span class='ocrx_word' id='word_1_343' title='bbox 495 2860 784 2933; x_wconf 80' lang='grc' dir='ltr'>ἀμφότερα</span> <span class='ocrx_word' id='word_1_344' title='bbox 814 2859 894 2924; x_wconf 82' lang='grc' dir='ltr'>ἓν,</span> <span class='ocrx_word' id='word_1_345' title='bbox 930 2860 1026 2914; x_wconf 56' lang='grc' dir='ltr'><strong>καὶ¹</strong></span> <span class='ocrx_word' id='word_1_346' title='bbox 1069 2860 1198 2924; x_wconf 80' lang='grc' dir='ltr'>τοὺς</span> <span class='ocrx_word' id='word_1_347' title='bbox 1232 2860 1327 2915; x_wconf 90' lang='grc' dir='ltr'><strong>δύο</strong></span> <span class='ocrx_word' id='word_1_348' title='bbox 1370 2859 1534 2925; x_wconf 82' lang='grc' dir='ltr'>λαοὺς</span> <span class='ocrx_word' id='word_1_349' title='bbox 1573 2861 1859 2925; x_wconf 82' lang='grc' dir='ltr'>κτίσαντος</span> <span class='ocrx_word' id='word_1_350' title='bbox 1898 2862 1979 2926; x_wconf 89' lang='grc' dir='ltr'><strong>εἰς</strong></span> 
     </span>
    </p>
   </div>
   <div class='ocr_carea' id='block_1_47' title="bbox 378 2952 1976 3025">
    <p class='ocr_par' dir='ltr' id='par_1_47' title="bbox 378 2952 1976 3025">
     <span class='ocr_line' id='line_1_47' title="bbox 378 2952 1976 3025; baseline 0.001 -19"><span class='ocrx_word' id='word_1_351' title='bbox 378 2953 480 3007; x_wconf 72' lang='grc' dir='ltr'>ἕνα</span> <span class='ocrx_word' id='word_1_352' title='bbox 507 2952 694 3006; x_wconf 67' lang='grc' dir='ltr'>καινὸν</span> <span class='ocrx_word' id='word_1_353' title='bbox 718 2952 1028 3023; x_wconf 77' lang='grc' dir='ltr'>ἄνθρωπον,</span> <span class='ocrx_word' id='word_1_354' title='bbox 1053 2953 1148 3006; x_wconf 63' lang='grc' dir='ltr'><strong>καλ⁸</strong></span> <span class='ocrx_word' id='word_1_355' title='bbox 1173 2952 1236 3006; x_wconf 75' lang='grc' dir='ltr'>τὸ</span> <span class='ocrx_word' id='word_1_356' title='bbox 1261 2952 1572 3024; x_wconf 84' lang='grc' dir='ltr'>μεσότοιχον</span> <span class='ocrx_word' id='word_1_357' title='bbox 1599 2954 1693 3007; x_wconf 91' lang='grc' dir='ltr'><strong>τοῦ</strong></span> <span class='ocrx_word' id='word_1_358' title='bbox 1718 2953 1976 3025; x_wconf 80' lang='grc' dir='ltr'>φραγμοῦ</span> 
     </span>
    </p>
   </div>
   <div class='ocr_carea' id='block_1_48' title="bbox 375 3043 1977 3116">
    <p class='ocr_par' dir='ltr' id='par_1_48' title="bbox 375 3043 1977 3116">
     <span class='ocr_line' id='line_1_48' title="bbox 375 3043 1977 3116; baseline -0.001 -16"><span class='ocrx_word' id='word_1_359' title='bbox 375 3047 667 3111; x_wconf 76' lang='grc' dir='ltr'>λύσαντος,</span> <span class='ocrx_word' id='word_1_360' title='bbox 712 3045 809 3099; x_wconf 74' lang='grc' dir='ltr'><strong>καὶ</strong></span> <span class='ocrx_word' id='word_1_361' title='bbox 853 3046 946 3099; x_wconf 87' lang='grc' dir='ltr'><strong>τὸν</strong></span> <span class='ocrx_word' id='word_1_362' title='bbox 993 3043 1159 3115; x_wconf 86' lang='grc' dir='ltr'>νόμον</span> <span class='ocrx_word' id='word_1_363' title='bbox 1212 3043 1324 3097; x_wconf 82' lang='grc' dir='ltr'><strong>τῶν</strong></span> <span class='ocrx_word' id='word_1_364' title='bbox 1369 3043 1602 3098; x_wconf 76' lang='grc' dir='ltr'>ἐντολῶν</span> <span class='ocrx_word' id='word_1_365' title='bbox 1646 3046 1705 3098; x_wconf 80' lang='grc' dir='ltr'>ἐν</span> <span class='ocrx_word' id='word_1_366' title='bbox 1744 3045 1977 3116; x_wconf 82' lang='grc' dir='ltr'>δόγμασι</span> 
     </span>
    </p>
   </div>
   <div class='ocr_carea' id='block_1_49' title="bbox 2080 1953 3668 2027">
    <p class='ocr_par' dir='ltr' id='par_1_49' title="bbox 2080 1953 3668 2027">
     <span class='ocr_line' id='line_1_49' title="bbox 2080 1953 3668 2027; baseline 0.001 -19"><span class='ocrx_word' id='word_1_367' title='bbox 2080 1953 2323 2027; x_wconf 91' lang='lat' dir='ltr'><strong>(dictum</strong></span> <span class='ocrx_word' id='word_1_368' title='bbox 2354 1964 2435 2009; x_wconf 90' lang='lat' dir='ltr'><strong>est</strong></span> <span class='ocrx_word' id='word_1_369' title='bbox 2461 1956 2605 2009; x_wconf 92' lang='lat' dir='ltr'><strong>enim</strong></span> <span class='ocrx_word' id='word_1_370' title='bbox 2630 1955 2767 2010; x_wconf 89' lang='lat' dir='ltr'><strong>illis:</strong></span> <span class='ocrx_word' id='word_1_371' title='bbox 2791 1975 2808 2008; x_wconf 82' lang='grc' dir='ltr'><strong>ι</strong></span> <span class='ocrx_word' id='word_1_372' title='bbox 2834 1956 3095 2011; x_wconf 89' lang='lat' dir='ltr'><strong>Dominus</strong></span> <span class='ocrx_word' id='word_1_373' title='bbox 3127 1956 3268 2011; x_wconf 87' lang='lat' dir='ltr'><strong>Deus</strong></span> <span class='ocrx_word' id='word_1_374' title='bbox 3307 1966 3434 2010; x_wconf 90' lang='lat' dir='ltr'><strong>tuus</strong></span> <span class='ocrx_word' id='word_1_375' title='bbox 3481 1955 3668 2009; x_wconf 70' lang='lat' dir='ltr'><strong>Domi~</strong></span> 
     </span>
    </p>
   </div>
   <div class='ocr_carea' id='block_1_50' title="bbox 2078 2047 3671 2118">
    <p class='ocr_par' dir='ltr' id='par_1_50' title="bbox 2078 2047 3671 2118">
     <span class='ocr_line' id='line_1_50' title="bbox 2078 2047 3671 2118; baseline 0 -16"><span class='ocrx_word' id='word_1_376' title='bbox 2078 2063 2181 2102; x_wconf 91' lang='lat' dir='ltr'><strong>nus</strong></span> <span class='ocrx_word' id='word_1_377' title='bbox 2212 2062 2351 2102; x_wconf 90' lang='lat' dir='ltr'><strong>unus</strong></span> <span class='ocrx_word' id='word_1_378' title='bbox 2375 2056 2457 2103; x_wconf 90' lang='lat' dir='ltr'><strong>est</strong></span> <span class='ocrx_word' id='word_1_379' title='bbox 2474 2048 2520 2080; x_wconf 76' lang='grc'><strong>’⁸</strong></span> <span class='ocrx_word' id='word_1_380' title='bbox 2543 2067 2561 2101; x_wconf 78' lang='grc' dir='ltr'><strong>ι</strong></span> <span class='ocrx_word' id='word_1_381' title='bbox 2578 2047 2619 2118; x_wconf 85' lang='grc'>),</span> <span class='ocrx_word' id='word_1_382' title='bbox 2650 2063 2816 2118; x_wconf 87' lang='lat' dir='ltr'><strong>prope</strong></span> <span class='ocrx_word' id='word_1_383' title='bbox 2844 2063 2962 2103; x_wconf 88' lang='lat' dir='ltr'><strong>esse</strong></span> <span class='ocrx_word' id='word_1_384' title='bbox 2982 2048 3377 2116; x_wconf 86' lang='lat' dir='ltr'><strong>quodammodo</strong></span> <span class='ocrx_word' id='word_1_385' title='bbox 3404 2047 3594 2102; x_wconf 87' lang='lat' dir='ltr'><strong>videba</strong></span> <span class='ocrx_word' id='word_1_386' title='bbox 3606 2064 3671 2102; x_wconf 70' lang='lat' dir='ltr'><strong>no</strong></span> 
     </span>
    </p>
   </div>
   <div class='ocr_carea' id='block_1_51' title="bbox 2079 2140 3668 2211">
    <p class='ocr_par' dir='ltr' id='par_1_51' title="bbox 2079 2140 3668 2211">
     <span class='ocr_line' id='line_1_51' title="bbox 2079 2140 3668 2211; baseline -0.001 -16"><span class='ocrx_word' id='word_1_387' title='bbox 2079 2148 2190 2205; x_wconf 72' lang='lat' dir='ltr'><strong>tur,</strong></span> <span class='ocrx_word' id='word_1_388' title='bbox 2215 2150 2405 2210; x_wconf 89' lang='lat' dir='ltr'><strong>gentes</strong></span> <span class='ocrx_word' id='word_1_389' title='bbox 2430 2152 2612 2195; x_wconf 84' lang='lat' dir='ltr'><strong>autem</strong></span> <span class='ocrx_word' id='word_1_390' title='bbox 2656 2140 2848 2210; x_wconf 87' lang='lat' dir='ltr'><strong>procul</strong></span> <span class='ocrx_word' id='word_1_391' title='bbox 2909 2140 3123 2205; x_wconf 85' lang='lat' dir='ltr'><strong>abesse,</strong></span> <span class='ocrx_word' id='word_1_392' title='bbox 3154 2156 3219 2196; x_wconf 89' lang='lat' dir='ltr'><strong>eo</strong></span> <span class='ocrx_word' id='word_1_393' title='bbox 3255 2140 3399 2211; x_wconf 87' lang='lat' dir='ltr'><strong>quod</strong></span> <span class='ocrx_word' id='word_1_394' title='bbox 3442 2153 3668 2211; x_wconf 79' lang='lat' dir='ltr'><strong>prorsus</strong></span> 
     </span>
    </p>
   </div>
   <div class='ocr_carea' id='block_1_52' title="bbox 2078 2232 3666 2305">
    <p class='ocr_par' dir='ltr' id='par_1_52' title="bbox 2078 2232 3666 2305">
     <span class='ocr_line' id='line_1_52' title="bbox 2078 2232 3666 2305; baseline 0.001 -19"><span class='ocrx_word' id='word_1_395' title='bbox 2078 2246 2111 2286; x_wconf 88' lang='lat' dir='ltr'><strong>a</strong></span> <span class='ocrx_word' id='word_1_396' title='bbox 2154 2235 2365 2289; x_wconf 85' lang='lat' dir='ltr'><strong>sanctis</strong></span> <span class='ocrx_word' id='word_1_397' title='bbox 2414 2232 2697 2304; x_wconf 87' lang='lat' dir='ltr'><strong>discipulis</strong></span> <span class='ocrx_word' id='word_1_398' title='bbox 2748 2234 2940 2288; x_wconf 66' lang='lat' dir='ltr'><strong>aliena:</strong></span> <span class='ocrx_word' id='word_1_399' title='bbox 2984 2243 3194 2302; x_wconf 89' lang='lat' dir='ltr'><strong>essent,</strong></span> <span class='ocrx_word' id='word_1_400' title='bbox 3237 2235 3666 2305; x_wconf 79' lang='lat' dir='ltr'><strong>ignorarentque</strong></span> 
     </span>
    </p>
   </div>
   <div class='ocr_carea' id='block_1_53' title="bbox 2078 2322 3670 2394">
    <p class='ocr_par' dir='ltr' id='par_1_53' title="bbox 2078 2322 3670 2394">
     <span class='ocr_line' id='line_1_53' title="bbox 2078 2322 3670 2394; baseline -0.001 -15"><span class='ocrx_word' id='word_1_401' title='bbox 2078 2324 2453 2379; x_wconf 85' lang='lat' dir='ltr'><strong>universitatis</strong></span> <span class='ocrx_word' id='word_1_402' title='bbox 2494 2323 2812 2379; x_wconf 86' lang='lat' dir='ltr'><strong>Creatorem</strong></span> <span class='ocrx_word' id='word_1_403' title='bbox 2834 2334 2891 2379; x_wconf 90' lang='lat' dir='ltr'><strong>et</strong></span> <span class='ocrx_word' id='word_1_404' title='bbox 2924 2322 3236 2381; x_wconf 86' lang='lat' dir='ltr'><strong>Dominum.</strong></span> <span class='ocrx_word' id='word_1_405' title='bbox 3270 2325 3378 2379; x_wconf 88' lang='lat' dir='ltr'><strong>Sed</strong></span> <span class='ocrx_word' id='word_1_406' title='bbox 3416 2340 3518 2394; x_wconf 78' lang='lat' dir='ltr'><strong>pax</strong></span> <span class='ocrx_word' id='word_1_407' title='bbox 3543 2324 3670 2379; x_wconf 75' lang='lat' dir='ltr'><strong>data</strong></span> 
     </span>
    </p>
   </div>
   <div class='ocr_carea' id='block_1_54' title="bbox 2079 2415 3659 2486">
    <p class='ocr_par' dir='ltr' id='par_1_54' title="bbox 2079 2415 3659 2486">
     <span class='ocr_line' id='line_1_54' title="bbox 2079 2415 3659 2486; baseline -0.003 -13"><span class='ocrx_word' id='word_1_408' title='bbox 2079 2424 2161 2473; x_wconf 79' lang='lat' dir='ltr'><strong>est</strong></span> <span class='ocrx_word' id='word_1_409' title='bbox 2198 2426 2253 2471; x_wconf 91' lang='lat' dir='ltr'><strong>et</strong></span> <span class='ocrx_word' id='word_1_410' title='bbox 2285 2416 2372 2471; x_wconf 86' lang='lat' dir='ltr'><strong>his</strong></span> <span class='ocrx_word' id='word_1_411' title='bbox 2410 2427 2464 2471; x_wconf 89' lang='lat' dir='ltr'><strong>et</strong></span> <span class='ocrx_word' id='word_1_412' title='bbox 2495 2416 2600 2470; x_wconf 90' lang='lat' dir='ltr'><strong>illis</strong></span> <span class='ocrx_word' id='word_1_413' title='bbox 2634 2431 2662 2469; x_wconf 90' lang='lat' dir='ltr'><strong>a</strong></span> <span class='ocrx_word' id='word_1_414' title='bbox 2691 2416 2800 2471; x_wconf 85' lang='lat' dir='ltr'><strong>Deo</strong></span> <span class='ocrx_word' id='word_1_415' title='bbox 2833 2427 2882 2471; x_wconf 88' lang='lat' dir='ltr'><strong>et</strong></span> <span class='ocrx_word' id='word_1_416' title='bbox 2922 2416 3107 2481; x_wconf 85' lang='lat' dir='ltr'><strong>Patre,</strong></span> <span class='ocrx_word' id='word_1_417' title='bbox 3142 2431 3237 2486; x_wconf 91' lang='lat' dir='ltr'><strong>per</strong></span> <span class='ocrx_word' id='word_1_418' title='bbox 3265 2417 3543 2471; x_wconf 84' lang='lat' dir='ltr'><strong>Christum</strong></span> <span class='ocrx_word' id='word_1_419' title='bbox 3582 2415 3659 2469; x_wconf 84' lang='lat' dir='ltr'><strong>vi-</strong></span> 
     </span>
    </p>
   </div>
   <div class='ocr_carea' id='block_1_55' title="bbox 2080 2507 3671 2579">
    <p class='ocr_par' dir='ltr' id='par_1_55' title="bbox 2080 2507 3671 2579">
     <span class='ocr_line' id='line_1_55' title="bbox 2080 2507 3671 2579; baseline -0.003 -13"><span class='ocrx_word' id='word_1_420' title='bbox 2080 2509 2296 2574; x_wconf 91' lang='lat' dir='ltr'><strong>delicet,</strong></span> <span class='ocrx_word' id='word_1_421' title='bbox 2321 2509 2413 2579; x_wconf 87' lang='lat' dir='ltr'><strong>qui</strong></span> <span class='ocrx_word' id='word_1_422' title='bbox 2444 2507 2575 2563; x_wconf 79' lang='lat' dir='ltr'><strong>fecit</strong></span> <span class='ocrx_word' id='word_1_423' title='bbox 2605 2518 2836 2578; x_wconf 88' lang='lat' dir='ltr'><strong>utraque</strong></span> <span class='ocrx_word' id='word_1_424' title='bbox 2866 2523 3054 2575; x_wconf 91' lang='lat' dir='ltr'><strong>unum,</strong></span> <span class='ocrx_word' id='word_1_425' title='bbox 3104 2520 3158 2562; x_wconf 88' lang='lat' dir='ltr'><strong>et</strong></span> <span class='ocrx_word' id='word_1_426' title='bbox 3196 2507 3420 2577; x_wconf 87' lang='lat' dir='ltr'><strong>populos</strong></span> <span class='ocrx_word' id='word_1_427' title='bbox 3454 2509 3591 2562; x_wconf 81' lang='lat' dir='ltr'><strong>duos</strong></span> <span class='ocrx_word' id='word_1_428' title='bbox 3618 2508 3671 2561; x_wconf 93' lang='lat' dir='ltr'><strong>in</strong></span> 
     </span>
    </p>
   </div>
   <div class='ocr_carea' id='block_1_56' title="bbox 2081 2601 3676 2663">
    <p class='ocr_par' dir='ltr' id='par_1_56' title="bbox 2081 2601 3676 2663">
     <span class='ocr_line' id='line_1_56' title="bbox 2081 2601 3676 2663; baseline -0.003 -6"><span class='ocrx_word' id='word_1_429' title='bbox 2081 2619 2247 2657; x_wconf 91' lang='lat' dir='ltr'><strong>unum</strong></span> <span class='ocrx_word' id='word_1_430' title='bbox 2274 2616 2469 2656; x_wconf 89' lang='lat' dir='ltr'><strong>novum</strong></span> <span class='ocrx_word' id='word_1_431' title='bbox 2496 2601 2773 2655; x_wconf 86' lang='lat' dir='ltr'><strong>hominem</strong></span> <span class='ocrx_word' id='word_1_432' title='bbox 2805 2603 3068 2663; x_wconf 86' lang='lat' dir='ltr'><strong>condidit,</strong></span> <span class='ocrx_word' id='word_1_433' title='bbox 3101 2610 3154 2655; x_wconf 90' lang='lat' dir='ltr'><strong>et</strong></span> <span class='ocrx_word' id='word_1_434' title='bbox 3178 2602 3528 2654; x_wconf 85' lang='lat' dir='ltr'><strong>iuterstitium</strong></span> <span class='ocrx_word' id='word_1_435' title='bbox 3559 2615 3676 2654; x_wconf 78' lang='lat' dir='ltr'><strong>ma-</strong></span> 
     </span>
    </p>
   </div>
   <div class='ocr_carea' id='block_1_57' title="bbox 2077 2689 3673 2762">
    <p class='ocr_par' dir='ltr' id='par_1_57' title="bbox 2077 2689 3673 2762">
     <span class='ocr_line' id='line_1_57' title="bbox 2077 2689 3673 2762; baseline -0.004 -13"><span class='ocrx_word' id='word_1_436' title='bbox 2077 2696 2238 2749; x_wconf 69' lang='lat' dir='ltr'><strong>ceriaz</strong></span> <span class='ocrx_word' id='word_1_437' title='bbox 2262 2692 2441 2756; x_wconf 87' lang='lat' dir='ltr'><strong>solvit,</strong></span> <span class='ocrx_word' id='word_1_438' title='bbox 2469 2707 2533 2746; x_wconf 88' lang='lat' dir='ltr'><strong>ac</strong></span> <span class='ocrx_word' id='word_1_439' title='bbox 2552 2689 2755 2762; x_wconf 87' lang='lat' dir='ltr'><strong>Legem</strong></span> <span class='ocrx_word' id='word_1_440' title='bbox 2789 2706 3176 2762; x_wconf 65' lang='lat' dir='ltr'><strong>praeceptorum</strong></span> <span class='ocrx_word' id='word_1_441' title='bbox 3211 2692 3263 2745; x_wconf 91' lang='lat' dir='ltr'><strong>iu</strong></span> <span class='ocrx_word' id='word_1_442' title='bbox 3293 2692 3519 2746; x_wconf 81' lang='lat' dir='ltr'><strong>decretis</strong></span> <span class='ocrx_word' id='word_1_443' title='bbox 3537 2692 3673 2744; x_wconf 88' lang='lat' dir='ltr'><strong>abo-</strong></span> 
     </span>
    </p>
   </div>
   <div class='ocr_carea' id='block_1_58' title="bbox 2079 2776 3674 2848">
    <p class='ocr_par' dir='ltr' id='par_1_58' title="bbox 2079 2776 3674 2848">
     <span class='ocr_line' id='line_1_58' title="bbox 2079 2776 3674 2848; baseline -0.001 -13"><span class='ocrx_word' id='word_1_444' title='bbox 2079 2779 2228 2835; x_wconf 90' lang='lat' dir='ltr'><strong>levit.</strong></span> <span class='ocrx_word' id='word_1_445' title='bbox 2256 2776 2445 2847; x_wconf 88' lang='lat' dir='ltr'><strong>Itaque</strong></span> <span class='ocrx_word' id='word_1_446' title='bbox 2461 2794 2555 2847; x_wconf 91' lang='lat' dir='ltr'><strong>per</strong></span> <span class='ocrx_word' id='word_1_447' title='bbox 2580 2781 2756 2848; x_wconf 87' lang='lat' dir='ltr'><strong>ipsum</strong></span> <span class='ocrx_word' id='word_1_448' title='bbox 2784 2781 3276 2835; x_wconf 87' lang='lat' dir='ltr'><strong>reconciliationem</strong></span> <span class='ocrx_word' id='word_1_449' title='bbox 3299 2780 3591 2834; x_wconf 87' lang='lat' dir='ltr'><strong>habuimus</strong></span> <span class='ocrx_word' id='word_1_450' title='bbox 3619 2789 3674 2834; x_wconf 86' lang='lat' dir='ltr'><strong>et.</strong></span> 
     </span>
    </p>
   </div>
   <div class='ocr_carea' id='block_1_59' title="bbox 2076 2871 3671 2943">
    <p class='ocr_par' dir='ltr' id='par_1_59' title="bbox 2076 2871 3671 2943">
     <span class='ocr_line' id='line_1_59' title="bbox 2076 2871 3671 2943; baseline 0.001 -18"><span class='ocrx_word' id='word_1_451' title='bbox 2076 2887 2267 2943; x_wconf 84' lang='lat' dir='ltr'><strong>pacem</strong></span> <span class='ocrx_word' id='word_1_452' title='bbox 2287 2886 2410 2925; x_wconf 90' lang='lat' dir='ltr'><strong>cum</strong></span> <span class='ocrx_word' id='word_1_453' title='bbox 2429 2872 2557 2939; x_wconf 91' lang='lat' dir='ltr'><strong>Deo,</strong></span> <span class='ocrx_word' id='word_1_454' title='bbox 2576 2881 2689 2926; x_wconf 89' lang='lat' dir='ltr'><strong>tum</strong></span> <span class='ocrx_word' id='word_1_455' title='bbox 2713 2873 2855 2927; x_wconf 88' lang='lat' dir='ltr'><strong>inter</strong></span> <span class='ocrx_word' id='word_1_456' title='bbox 2878 2889 2978 2928; x_wconf 89' lang='lat' dir='ltr'><strong>nos</strong></span> <span class='ocrx_word' id='word_1_457' title='bbox 2997 2888 3268 2941; x_wconf 89' lang='lat' dir='ltr'><strong>nunquam</strong></span> <span class='ocrx_word' id='word_1_458' title='bbox 3296 2871 3671 2926; x_wconf 81' lang='lat' dir='ltr'><strong>scindendum.</strong></span> 
     </span>
    </p>
   </div>
   <div class='ocr_carea' id='block_1_60' title="bbox 2079 2962 3673 3019">
    <p class='ocr_par' dir='ltr' id='par_1_60' title="bbox 2079 2962 3673 3019">
     <span class='ocr_line' id='line_1_60' title="bbox 2079 2962 3673 3019; baseline -0.001 -3"><span class='ocrx_word' id='word_1_459' title='bbox 2079 2962 2220 3016; x_wconf 78' lang='lat' dir='ltr'><strong>Nam</strong></span> <span class='ocrx_word' id='word_1_460' title='bbox 2247 2962 2504 3018; x_wconf 86' lang='lat' dir='ltr'><strong>Christus</strong></span> <span class='ocrx_word' id='word_1_461' title='bbox 2538 2964 2738 3018; x_wconf 88' lang='lat' dir='ltr'><strong>alicubi</strong></span> <span class='ocrx_word' id='word_1_462' title='bbox 2774 2966 2910 3019; x_wconf 82' lang='lat' dir='ltr'><strong>dixit</strong></span> <span class='ocrx_word' id='word_1_463' title='bbox 2945 2968 3011 3019; x_wconf 88' lang='lat' dir='ltr'><strong>ad</strong></span> <span class='ocrx_word' id='word_1_464' title='bbox 3046 2964 3265 3019; x_wconf 86' lang='lat' dir='ltr'><strong>Patrem</strong></span> <span class='ocrx_word' id='word_1_465' title='bbox 3307 2975 3361 3018; x_wconf 92' lang='lat' dir='ltr'><strong>et</strong></span> <span class='ocrx_word' id='word_1_466' title='bbox 3404 2964 3572 3017; x_wconf 86' lang='lat' dir='ltr'><strong>Deum</strong></span> <span class='ocrx_word' id='word_1_467' title='bbox 3619 2964 3673 3016; x_wconf 90' lang='lat' dir='ltr'><strong>in</strong></span> 
     </span>
    </p>
   </div>
   <div class='ocr_carea' id='block_1_61' title="bbox 2078 3055 3673 3126">
    <p class='ocr_par' dir='ltr' id='par_1_61' title="bbox 2078 3055 3673 3126">
     <span class='ocr_line' id='line_1_61' title="bbox 2078 3055 3673 3126; baseline -0.001 -17"><span class='ocrx_word' id='word_1_468' title='bbox 2078 3055 2234 3110; x_wconf 77' lang='lat' dir='ltr'><strong>ccelis</strong></span> <span class='ocrx_word' id='word_1_469' title='bbox 2265 3070 2277 3107; x_wconf 93' lang='lat'>:</span> <span class='ocrx_word' id='word_1_470' title='bbox 2303 3073 2322 3106; x_wconf 80' lang='grc' dir='ltr'><strong>ι</strong></span> <span class='ocrx_word' id='word_1_471' title='bbox 2351 3055 2488 3111; x_wconf 80' lang='lat' dir='ltr'><strong>Volo</strong></span> <span class='ocrx_word' id='word_1_472' title='bbox 2536 3065 2594 3109; x_wconf 93' lang='lat' dir='ltr'><strong>ut</strong></span> <span class='ocrx_word' id='word_1_473' title='bbox 2651 3057 3106 3126; x_wconf 83' lang='lat' dir='ltr'><strong>quemadmodum</strong></span> <span class='ocrx_word' id='word_1_474' title='bbox 3163 3071 3264 3125; x_wconf 86' lang='lat' dir='ltr'><strong>ego</strong></span> <span class='ocrx_word' id='word_1_475' title='bbox 3303 3064 3357 3110; x_wconf 92' lang='lat' dir='ltr'><strong>et</strong></span> <span class='ocrx_word' id='word_1_476' title='bbox 3411 3064 3468 3109; x_wconf 94' lang='lat' dir='ltr'><strong>tu</strong></span> <span class='ocrx_word' id='word_1_477' title='bbox 3507 3070 3673 3108; x_wconf 87' lang='lat' dir='ltr'><strong>unum</strong></span> 
     </span>
    </p>
   </div>
   <div class='ocr_carea' id='block_1_62' title="bbox 377 3132 1973 3242">
    <p class='ocr_par' dir='ltr' id='par_1_62' title="bbox 377 3132 1973 3209">
     <span class='ocr_line' id='line_1_62' title="bbox 377 3132 1973 3209; baseline -0.003 -17"><span class='ocrx_word' id='word_1_478' title='bbox 377 3139 854 3209; x_wconf 82' lang='grc' dir='ltr'>καταργήσαντος.</span> <span class='ocrx_word' id='word_1_479' title='bbox 910 3134 1121 3188; x_wconf 80' lang='grc' dir='ltr'>Οὐκοῦν</span> <span class='ocrx_word' id='word_1_480' title='bbox 1165 3134 1232 3188; x_wconf 87' lang='grc' dir='ltr'>δι’</span> <span class='ocrx_word' id='word_1_481' title='bbox 1282 3132 1448 3188; x_wconf 80' lang='grc' dir='ltr'>αὐτοῦ</span> <span class='ocrx_word' id='word_1_482' title='bbox 1481 3133 1579 3206; x_wconf 85' lang='grc' dir='ltr'>τὴν</span> <span class='ocrx_word' id='word_1_483' title='bbox 1629 3132 1973 3204; x_wconf 83' lang='grc' dir='ltr'>καταλλαγὴν</span> 
     </span>
    </p>
   </div>
   <div class='ocr_carea' id='block_1_63' title="bbox 2078 3132 3679 3242">
    <p class='ocr_par' dir='ltr' id='par_1_63' title="bbox 2079 3144 3679 3215">
     <span class='ocr_line' id='line_1_63' title="bbox 2079 3144 3679 3215; baseline -0.001 -13"><span class='ocrx_word' id='word_1_484' title='bbox 2079 3162 2291 3212; x_wconf 84' lang='lat' dir='ltr'><strong>sutnus,</strong></span> <span class='ocrx_word' id='word_1_485' title='bbox 2315 3147 2397 3202; x_wconf 80' lang='lat' dir='ltr'><strong>sie</strong></span> <span class='ocrx_word' id='word_1_486' title='bbox 2429 3158 2484 3202; x_wconf 89' lang='lat' dir='ltr'><strong>et</strong></span> <span class='ocrx_word' id='word_1_487' title='bbox 2520 3147 2620 3215; x_wconf 89' lang='lat' dir='ltr'><strong>ipsi</strong></span> <span class='ocrx_word' id='word_1_488' title='bbox 2656 3149 2707 3201; x_wconf 93' lang='lat' dir='ltr'><strong>in</strong></span> <span class='ocrx_word' id='word_1_489' title='bbox 2734 3148 2891 3203; x_wconf 90' lang='lat' dir='ltr'><strong>nobis</strong></span> <span class='ocrx_word' id='word_1_490' title='bbox 2916 3164 3080 3201; x_wconf 90' lang='lat' dir='ltr'><strong>unum</strong></span> <span class='ocrx_word' id='word_1_491' title='bbox 3100 3147 3210 3202; x_wconf 86' lang='lat' dir='ltr'><strong>sint</strong></span> <span class='ocrx_word' id='word_1_492' title='bbox 3243 3147 3310 3201; x_wconf 77' lang='grc'><strong>³⁸.</strong></span> <span class='ocrx_word' id='word_1_493' title='bbox 3338 3164 3357 3198; x_wconf 76' lang='grc' dir='ltr'><strong>ι</strong></span> <span class='ocrx_word' id='word_1_494' title='bbox 3385 3144 3679 3215; x_wconf 76' lang='lat' dir='ltr'><strong>Subjuugit</strong></span> 
     </span>
    </p>
   </div>
   <div class='ocr_carea' id='block_1_64' title="bbox 374 3227 1977 3302">
    <p class='ocr_par' dir='ltr' id='par_1_64' title="bbox 374 3227 1977 3302">
     <span class='ocr_line' id='line_1_64' title="bbox 374 3227 1977 3302; baseline -0.002 -18"><span class='ocrx_word' id='word_1_495' title='bbox 374 3232 721 3302; x_wconf 82' lang='grc' dir='ltr'>ἐσχήκαμεν,</span> <span class='ocrx_word' id='word_1_496' title='bbox 759 3230 852 3283; x_wconf 79' lang='grc' dir='ltr'><strong>καὶ</strong></span> <span class='ocrx_word' id='word_1_497' title='bbox 896 3229 1225 3300; x_wconf 84' lang='grc' dir='ltr'>ἀδιὰτμητον</span> <span class='ocrx_word' id='word_1_498' title='bbox 1255 3228 1351 3299; x_wconf 83' lang='grc' dir='ltr'>τὴν</span> <span class='ocrx_word' id='word_1_499' title='bbox 1385 3230 1633 3300; x_wconf 82' lang='grc' dir='ltr'>εἰρήνην,</span> <span class='ocrx_word' id='word_1_500' title='bbox 1675 3234 1811 3300; x_wconf 82' lang='grc' dir='ltr'>πρὸς</span> <span class='ocrx_word' id='word_1_501' title='bbox 1842 3227 1977 3281; x_wconf 78' lang='grc' dir='ltr'>Θεὸν</span> 
     </span>
    </p>
   </div>
   <div class='ocr_carea' id='block_1_65' title="bbox 377 3319 1977 3392">
    <p class='ocr_par' dir='ltr' id='par_1_65' title="bbox 377 3319 1977 3392">
     <span class='ocr_line' id='line_1_65' title="bbox 377 3319 1977 3392; baseline -0.002 -16"><span class='ocrx_word' id='word_1_502' title='bbox 377 3322 475 3376; x_wconf 67' lang='grc' dir='ltr'><strong>καὶ</strong></span> <span class='ocrx_word' id='word_1_503' title='bbox 504 3321 643 3391; x_wconf 87' lang='grc' dir='ltr'>πρὸς</span> <span class='ocrx_word' id='word_1_504' title='bbox 680 3319 977 3392; x_wconf 82' lang='grc' dir='ltr'>ἀλλήλους.</span> <span class='ocrx_word' id='word_1_505' title='bbox 1008 3321 1155 3390; x_wconf 65' lang='grc' dir='ltr'><strong>Ἔφη</strong></span> <span class='ocrx_word' id='word_1_506' title='bbox 1194 3320 1304 3390; x_wconf 86' lang='grc' dir='ltr'><strong>γάρ</strong></span> <span class='ocrx_word' id='word_1_507' title='bbox 1331 3337 1433 3373; x_wconf 91' lang='grc' dir='ltr'><strong>που</strong></span> <span class='ocrx_word' id='word_1_508' title='bbox 1466 3320 1699 3390; x_wconf 84' lang='grc' dir='ltr'>Χριστὸς</span> <span class='ocrx_word' id='word_1_509' title='bbox 1725 3321 1860 3389; x_wconf 80' lang='grc' dir='ltr'>πρὸς</span> <span class='ocrx_word' id='word_1_510' title='bbox 1885 3319 1977 3373; x_wconf 83' lang='grc' dir='ltr'><strong>τὸν</strong></span> 
     </span>
    </p>
   </div>
   <div class='ocr_carea' id='block_1_66' title="bbox 375 3409 1976 3483">
    <p class='ocr_par' dir='ltr' id='par_1_66' title="bbox 375 3409 1976 3483">
     <span class='ocr_line' id='line_1_66' title="bbox 375 3409 1976 3483; baseline -0.003 -15"><span class='ocrx_word' id='word_1_511' title='bbox 375 3417 438 3468; x_wconf 82' lang='grc' dir='ltr'>ὲν</span> <span class='ocrx_word' id='word_1_512' title='bbox 465 3414 581 3475; x_wconf 86' lang='grc' dir='ltr'>τοῖς</span> <span class='ocrx_word' id='word_1_513' title='bbox 608 3413 856 3482; x_wconf 84' lang='grc' dir='ltr'>οὐρανοῖς</span> <span class='ocrx_word' id='word_1_514' title='bbox 882 3411 1100 3478; x_wconf 82' lang='grc' dir='ltr'>Πατέρα</span> <span class='ocrx_word' id='word_1_515' title='bbox 1124 3411 1218 3464; x_wconf 76' lang='grc' dir='ltr'>καὶ</span> <span class='ocrx_word' id='word_1_516' title='bbox 1240 3410 1373 3464; x_wconf 82' lang='grc' dir='ltr'>Θεόν</span> <span class='ocrx_word' id='word_1_517' title='bbox 1394 3430 1408 3443; x_wconf 88' lang='grc'><strong>·</strong></span> <span class='ocrx_word' id='word_1_518' title='bbox 1438 3430 1456 3463; x_wconf 77' lang='grc' dir='ltr'><strong>ι</strong></span> <span class='ocrx_word' id='word_1_519' title='bbox 1477 3410 1627 3464; x_wconf 82' lang='grc' dir='ltr'><strong>Θέλω</strong></span> <span class='ocrx_word' id='word_1_520' title='bbox 1647 3410 1754 3477; x_wconf 85' lang='grc' dir='ltr'>ἵνα,</span> <span class='ocrx_word' id='word_1_521' title='bbox 1787 3409 1976 3483; x_wconf 84' lang='grc' dir='ltr'>ὥσπερ</span> 
     </span>
    </p>
   </div>
   <div class='ocr_carea' id='block_1_67' title="bbox 375 3501 1975 3577">
    <p class='ocr_par' dir='ltr' id='par_1_67' title="bbox 375 3501 1975 3577">
     <span class='ocr_line' id='line_1_67' title="bbox 375 3501 1975 3577; baseline -0.001 -18"><span class='ocrx_word' id='word_1_522' title='bbox 375 3504 494 3575; x_wconf 77' lang='grc' dir='ltr'><strong>ἐγὼ</strong></span> <span class='ocrx_word' id='word_1_523' title='bbox 537 3505 635 3561; x_wconf 76' lang='grc' dir='ltr'><strong>καὶ</strong></span> <span class='ocrx_word' id='word_1_524' title='bbox 686 3506 750 3559; x_wconf 82' lang='grc' dir='ltr'><strong>σὺ</strong></span> <span class='ocrx_word' id='word_1_525' title='bbox 795 3505 855 3558; x_wconf 78' lang='grc' dir='ltr'><strong>ἒν</strong></span> <span class='ocrx_word' id='word_1_526' title='bbox 898 3506 1089 3577; x_wconf 77' lang='grc' dir='ltr'>ἐσμεν,</span> <span class='ocrx_word' id='word_1_527' title='bbox 1137 3503 1279 3557; x_wconf 77' lang='grc' dir='ltr'>οὕτω</span> <span class='ocrx_word' id='word_1_528' title='bbox 1312 3504 1407 3558; x_wconf 75' lang='grc' dir='ltr'>καὶ</span> <span class='ocrx_word' id='word_1_529' title='bbox 1450 3504 1605 3556; x_wconf 78' lang='grc' dir='ltr'>αὐτοὶ</span> <span class='ocrx_word' id='word_1_530' title='bbox 1648 3505 1705 3557; x_wconf 78' lang='grc' dir='ltr'>ἐν</span> <span class='ocrx_word' id='word_1_531' title='bbox 1751 3505 1884 3575; x_wconf 81' lang='grc' dir='ltr'>ἡμῖν</span> <span class='ocrx_word' id='word_1_532' title='bbox 1917 3501 1975 3557; x_wconf 81' lang='grc' dir='ltr'>ἓν</span> 
     </span>
    </p>
   </div>
   <div class='ocr_carea' id='block_1_68' title="bbox 375 3590 1974 3667">
    <p class='ocr_par' dir='ltr' id='par_1_68' title="bbox 375 3590 1974 3667">
     <span class='ocr_line' id='line_1_68' title="bbox 375 3590 1974 3667; baseline -0.003 -15"><span class='ocrx_word' id='word_1_533' title='bbox 375 3593 534 3653; x_wconf 80' lang='grc' dir='ltr'>ὦσιν.</span> <span class='ocrx_word' id='word_1_534' title='bbox 573 3615 594 3650; x_wconf 74' lang='grc' dir='ltr'><strong>ι</strong></span> <span class='ocrx_word' id='word_1_535' title='bbox 636 3596 917 3667; x_wconf 58' lang='grc' dir='ltr'>Ἐωφέρει</span> <span class='ocrx_word' id='word_1_536' title='bbox 959 3597 1015 3651; x_wconf 80' lang='grc' dir='ltr'>δὲ</span> <span class='ocrx_word' id='word_1_537' title='bbox 1051 3595 1259 3659; x_wconf 80' lang='grc' dir='ltr'>τούτοις</span> <span class='ocrx_word' id='word_1_538' title='bbox 1287 3597 1315 3649; x_wconf 90' lang='grc' dir='ltr'>ὁ</span> <span class='ocrx_word' id='word_1_539' title='bbox 1346 3596 1656 3667; x_wconf 66' lang='grc' dir='ltr'>προφήτης·</span> <span class='ocrx_word' id='word_1_540' title='bbox 1700 3596 1812 3648; x_wconf 73' lang='grc' dir='ltr'><strong>Καὶ</strong></span> <span class='ocrx_word' id='word_1_541' title='bbox 1853 3590 1974 3648; x_wconf 80' lang='grc' dir='ltr'>εἶπε</span> 
     </span>
    </p>
   </div>
   <div class='ocr_carea' id='block_1_69' title="bbox 377 3689 1977 3763">
    <p class='ocr_par' dir='ltr' id='par_1_69' title="bbox 377 3689 1977 3763">
     <span class='ocr_line' id='line_1_69' title="bbox 377 3689 1977 3763; baseline -0.002 -16"><span class='ocrx_word' id='word_1_542' title='bbox 377 3691 607 3763; x_wconf 75' lang='grc' dir='ltr'>Κύριος,</span> <span class='ocrx_word' id='word_1_543' title='bbox 643 3689 890 3762; x_wconf 79' lang='grc' dir='ltr'>’ἰάσομαι</span> <span class='ocrx_word' id='word_1_544' title='bbox 914 3692 1130 3757; x_wconf 83' lang='grc' dir='ltr'>αὐτοὺς,</span> <span class='ocrx_word' id='word_1_545' title='bbox 1158 3690 1630 3760; x_wconf 67' lang='grc' dir='ltr'>ἀνακεφαλαίωσιν</span> <span class='ocrx_word' id='word_1_546' title='bbox 1650 3689 1839 3762; x_wconf 83' lang='grc' dir='ltr'>ὥσπερ</span> <span class='ocrx_word' id='word_1_547' title='bbox 1854 3689 1977 3744; x_wconf 84' lang='grc' dir='ltr'>τινὰ</span> 
     </span>
    </p>
   </div>
   <div class='ocr_carea' id='block_1_70' title="bbox 375 3786 1976 3858">
    <p class='ocr_par' dir='ltr' id='par_1_70' title="bbox 375 3786 1976 3858">
     <span class='ocr_line' id='line_1_70' title="bbox 375 3786 1976 3858; baseline -0.001 -17"><span class='ocrx_word' id='word_1_548' title='bbox 375 3787 476 3841; x_wconf 85' lang='grc' dir='ltr'><strong>τοῦ</strong></span> <span class='ocrx_word' id='word_1_549' title='bbox 511 3787 711 3850; x_wconf 84' lang='grc' dir='ltr'>παντὸς</span> <span class='ocrx_word' id='word_1_550' title='bbox 754 3786 912 3855; x_wconf 82' lang='grc' dir='ltr'>λόγου</span> <span class='ocrx_word' id='word_1_551' title='bbox 947 3786 1269 3858; x_wconf 88' lang='grc' dir='ltr'>ποιούμενος</span> <span class='ocrx_word' id='word_1_552' title='bbox 1309 3786 1399 3840; x_wconf 81' lang='grc' dir='ltr'>διὰ</span> <span class='ocrx_word' id='word_1_553' title='bbox 1447 3786 1663 3850; x_wconf 84' lang='grc' dir='ltr'>τούτου,</span> <span class='ocrx_word' id='word_1_554' title='bbox 1713 3787 1808 3841; x_wconf 76' lang='grc' dir='ltr'><strong>καὶ</strong></span> <span class='ocrx_word' id='word_1_555' title='bbox 1839 3786 1976 3840; x_wconf 83' lang='grc' dir='ltr'>ὑπό-</span> 
     </span>
    </p>
   </div>
   <div class='ocr_carea' id='block_1_71' title="bbox 381 3878 1975 3951">
    <p class='ocr_par' dir='ltr' id='par_1_71' title="bbox 381 3878 1975 3951">
     <span class='ocr_line' id='line_1_71' title="bbox 381 3878 1975 3951; baseline 0.001 -19"><span class='ocrx_word' id='word_1_556' title='bbox 381 3897 574 3951; x_wconf 83' lang='grc' dir='ltr'>σχεσιν</span> <span class='ocrx_word' id='word_1_557' title='bbox 591 3878 801 3950; x_wconf 74' lang='grc' dir='ltr'>ἀψευδῆ</span> <span class='ocrx_word' id='word_1_558' title='bbox 820 3878 915 3932; x_wconf 88' lang='grc' dir='ltr'><strong>τοῦ</strong></span> <span class='ocrx_word' id='word_1_559' title='bbox 943 3879 1161 3935; x_wconf 83' lang='grc' dir='ltr'>πάντων</span> <span class='ocrx_word' id='word_1_560' title='bbox 1188 3879 1519 3951; x_wconf 84' lang='grc' dir='ltr'>κρατοῦντος</span> <span class='ocrx_word' id='word_1_561' title='bbox 1544 3878 1679 3933; x_wconf 85' lang='grc' dir='ltr'>Θεοῦ</span> <span class='ocrx_word' id='word_1_562' title='bbox 1711 3879 1975 3943; x_wconf 82' lang='grc' dir='ltr'>καθιστὰς</span> 
     </span>
    </p>
   </div>
   <div class='ocr_carea' id='block_1_72' title="bbox 377 3969 1971 4045">
    <p class='ocr_par' dir='ltr' id='par_1_72' title="bbox 377 3969 1971 4045">
     <span class='ocr_line' id='line_1_72' title="bbox 377 3969 1971 4045; baseline -0.003 -19"><span class='ocrx_word' id='word_1_563' title='bbox 377 3972 619 4045; x_wconf 81' lang='grc' dir='ltr'>ἐναργῆ·</span> <span class='ocrx_word' id='word_1_564' title='bbox 652 3969 1020 4041; x_wconf 77' lang='grc' dir='ltr'>ἐπηγγείλατο</span> <span class='ocrx_word' id='word_1_565' title='bbox 1048 3970 1178 4041; x_wconf 75' lang='grc' dir='ltr'>γὰρ,</span> <span class='ocrx_word' id='word_1_566' title='bbox 1217 3972 1372 4041; x_wconf 73' lang='grc' dir='ltr'>φησι,</span> <span class='ocrx_word' id='word_1_567' title='bbox 1412 3971 1609 4040; x_wconf 86' lang='grc' dir='ltr'>λέγων,</span> <span class='ocrx_word' id='word_1_568' title='bbox 1644 3970 1722 4034; x_wconf 83' lang='grc' dir='ltr'>ὡς</span> <span class='ocrx_word' id='word_1_569' title='bbox 1762 3970 1971 4024; x_wconf 85' lang='grc' dir='ltr'>ἰάσεται</span> 
     </span>
    </p>
   </div>
   <div class='ocr_carea' id='block_1_73' title="bbox 378 4061 1973 4132">
    <p class='ocr_par' dir='ltr' id='par_1_73' title="bbox 378 4061 1973 4132">
     <span class='ocr_line' id='line_1_73' title="bbox 378 4061 1973 4132; baseline -0.002 -13"><span class='ocrx_word' id='word_1_570' title='bbox 378 4062 604 4126; x_wconf 82' lang='grc' dir='ltr'>αὐτούς·</span> <span class='ocrx_word' id='word_1_571' title='bbox 652 4064 703 4116; x_wconf 90' lang='grc' dir='ltr'><strong>οἰ</strong></span> <span class='ocrx_word' id='word_1_572' title='bbox 752 4062 810 4115; x_wconf 85' lang='grc' dir='ltr'>δὲ</span> <span class='ocrx_word' id='word_1_573' title='bbox 842 4061 1019 4116; x_wconf 77' lang='grc' dir='ltr'>ἄδικοι</span> <span class='ocrx_word' id='word_1_574' title='bbox 1071 4061 1246 4124; x_wconf 77' lang='grc' dir='ltr'>οὕτως</span> <span class='ocrx_word' id='word_1_575' title='bbox 1280 4061 1835 4132; x_wconf 85' lang='grc' dir='ltr'>κλυδωνισθήσονται,</span> <span class='ocrx_word' id='word_1_576' title='bbox 1877 4064 1973 4116; x_wconf 72' lang='grc' dir='ltr'>καὶ</span> 
     </span>
    </p>
   </div>
   <div class='ocr_carea' id='block_1_74' title="bbox 378 4152 1973 4226">
    <p class='ocr_par' dir='ltr' id='par_1_74' title="bbox 378 4152 1973 4226">
     <span class='ocr_line' id='line_1_74' title="bbox 378 4152 1973 4226; baseline -0.006 -12"><span class='ocrx_word' id='word_1_577' title='bbox 378 4156 806 4215; x_wconf 78' lang='grc' dir='ltr'>ἀναπαύσασθαι</span> <span class='ocrx_word' id='word_1_578' title='bbox 829 4157 889 4209; x_wconf 87' lang='grc' dir='ltr'><strong>ού</strong></span> <span class='ocrx_word' id='word_1_579' title='bbox 925 4155 1263 4226; x_wconf 85' lang='grc' dir='ltr'>δυνήσονται.</span> <span class='ocrx_word' id='word_1_580' title='bbox 1304 4152 1523 4225; x_wconf 80' lang='grc' dir='ltr'>Ἐπειδὴ</span> <span class='ocrx_word' id='word_1_581' title='bbox 1560 4152 1669 4224; x_wconf 81' lang='grc' dir='ltr'>γὰρ</span> <span class='ocrx_word' id='word_1_582' title='bbox 1697 4153 1808 4207; x_wconf 83' lang='grc' dir='ltr'><strong>τῶν</strong></span> <span class='ocrx_word' id='word_1_583' title='bbox 1839 4153 1973 4224; x_wconf 88' lang='grc' dir='ltr'>κλη-</span> 
     </span>
    </p>
   </div>
   <div class='ocr_carea' id='block_1_75' title="bbox 380 4244 1972 4324">
    <p class='ocr_par' dir='ltr' id='par_1_75' title="bbox 380 4244 1972 4324">
     <span class='ocr_line' id='line_1_75' title="bbox 380 4244 1972 4324; baseline -0.006 -18"><span class='ocrx_word' id='word_1_584' title='bbox 380 4251 702 4324; x_wconf 82' lang='grc' dir='ltr'>θησομένων</span> <span class='ocrx_word' id='word_1_585' title='bbox 752 4248 996 4320; x_wconf 80' lang='grc' dir='ltr'>διεξῆλθε</span> <span class='ocrx_word' id='word_1_586' title='bbox 1042 4246 1113 4300; x_wconf 70' lang='grc' dir='ltr'>τὰ</span> <span class='ocrx_word' id='word_1_587' title='bbox 1155 4246 1313 4317; x_wconf 83' lang='grc' dir='ltr'>γέρα,</span> <span class='ocrx_word' id='word_1_588' title='bbox 1361 4244 1642 4316; x_wconf 84' lang='grc' dir='ltr'>ταύτῃτοι,</span> <span class='ocrx_word' id='word_1_589' title='bbox 1678 4244 1774 4299; x_wconf 83' lang='grc' dir='ltr'><strong>καὶ</strong></span> <span class='ocrx_word' id='word_1_590' title='bbox 1826 4244 1972 4316; x_wconf 84' lang='grc' dir='ltr'>μάλα</span> 
     </span>
    </p>
   </div>
   <div class='ocr_carea' id='block_1_76' title="bbox 380 4335 1975 4409">
    <p class='ocr_par' dir='ltr' id='par_1_76' title="bbox 380 4335 1975 4409">
     <span class='ocr_line' id='line_1_76' title="bbox 380 4335 1975 4409; baseline -0.007 -10"><span class='ocrx_word' id='word_1_591' title='bbox 380 4344 635 4409; x_wconf 83' lang='grc' dir='ltr'>εἰκότως,</span> <span class='ocrx_word' id='word_1_592' title='bbox 667 4343 762 4397; x_wconf 73' lang='grc' dir='ltr'><strong>καὶ</strong></span> <span class='ocrx_word' id='word_1_593' title='bbox 795 4340 895 4405; x_wconf 90' lang='grc' dir='ltr'><strong>τάς</strong></span> <span class='ocrx_word' id='word_1_594' title='bbox 920 4338 1029 4394; x_wconf 82' lang='grc' dir='ltr'><strong>τῶν</strong></span> <span class='ocrx_word' id='word_1_595' title='bbox 1055 4337 1423 4393; x_wconf 81' lang='grc' dir='ltr'>ἀπειθούντων</span> <span class='ocrx_word' id='word_1_596' title='bbox 1458 4335 1726 4401; x_wconf 83' lang='grc' dir='ltr'>κολάσεις,</span> <span class='ocrx_word' id='word_1_597' title='bbox 1753 4336 1847 4391; x_wconf 76' lang='grc' dir='ltr'><strong>καί</strong></span> <span class='ocrx_word' id='word_1_598' title='bbox 1877 4336 1975 4389; x_wconf 88' lang='grc' dir='ltr'><strong>τὸν</strong></span> 
     </span>
    </p>
   </div>
   <div class='ocr_carea' id='block_1_77' title="bbox 379 4428 1972 4502">
    <p class='ocr_par' dir='ltr' id='par_1_77' title="bbox 379 4428 1972 4502">
     <span class='ocr_line' id='line_1_77' title="bbox 379 4428 1972 4502; baseline -0.006 -10"><span class='ocrx_word' id='word_1_599' title='bbox 379 4440 441 4492; x_wconf 80' lang='grc' dir='ltr'>ὲν</span> <span class='ocrx_word' id='word_1_600' title='bbox 469 4439 656 4500; x_wconf 84' lang='grc' dir='ltr'>αὐτοῖς</span> <span class='ocrx_word' id='word_1_601' title='bbox 682 4433 952 4496; x_wconf 87' lang='grc' dir='ltr'>κλύδωνα,</span> <span class='ocrx_word' id='word_1_602' title='bbox 985 4433 1080 4487; x_wconf 71' lang='grc' dir='ltr'>καὶ</span> <span class='ocrx_word' id='word_1_603' title='bbox 1101 4432 1199 4496; x_wconf 85' lang='grc' dir='ltr'><strong>τάς</strong></span> <span class='ocrx_word' id='word_1_604' title='bbox 1229 4431 1570 4499; x_wconf 74' lang='grc' dir='ltr'>ἀπεράντους</span> <span class='ocrx_word' id='word_1_605' title='bbox 1596 4428 1781 4492; x_wconf 86' lang='grc' dir='ltr'>αἰκίας</span> <span class='ocrx_word' id='word_1_606' title='bbox 1801 4445 1972 4502; x_wconf 87' lang='grc' dir='ltr'>προσ-</span> 
     </span>
    </p>
   </div>
   <div class='ocr_carea' id='block_1_78' title="bbox 2085 3236 3671 3306">
    <p class='ocr_par' dir='ltr' id='par_1_78' title="bbox 2085 3236 3671 3306">
     <span class='ocr_line' id='line_1_78' title="bbox 2085 3236 3671 3306; baseline -0.002 -14"><span class='ocrx_word' id='word_1_607' title='bbox 2085 3238 2233 3292; x_wconf 86' lang='lat' dir='ltr'><strong>hisce</strong></span> <span class='ocrx_word' id='word_1_608' title='bbox 2250 3240 2545 3306; x_wconf 87' lang='lat' dir='ltr'><strong>propheta:</strong></span> <span class='ocrx_word' id='word_1_609' title='bbox 2572 3238 2794 3293; x_wconf 83' lang='lat' dir='ltr'><strong>Etdixit</strong></span> <span class='ocrx_word' id='word_1_610' title='bbox 2818 3238 3111 3294; x_wconf 89' lang='lat' dir='ltr'><strong>Dominus:</strong></span> <span class='ocrx_word' id='word_1_611' title='bbox 3137 3236 3352 3292; x_wconf 85' lang='lat' dir='ltr'><strong>Sauabu</strong></span> <span class='ocrx_word' id='word_1_612' title='bbox 3381 3253 3497 3301; x_wconf 88' lang='lat' dir='ltr'><strong>vos,</strong></span> <span class='ocrx_word' id='word_1_613' title='bbox 3518 3237 3671 3290; x_wconf 84' lang='lat' dir='ltr'><strong>velut</strong></span> 
     </span>
    </p>
   </div>
   <div class='ocr_carea' id='block_1_79' title="bbox 2084 3326 3678 3397">
    <p class='ocr_par' dir='ltr' id='par_1_79' title="bbox 2084 3326 3678 3397">
     <span class='ocr_line' id='line_1_79' title="bbox 2084 3326 3678 3397; baseline -0.001 -15"><span class='ocrx_word' id='word_1_614' title='bbox 2084 3329 2560 3397; x_wconf 62' lang='lat' dir='ltr'><strong>anacepbalmosin</strong></span> <span class='ocrx_word' id='word_1_615' title='bbox 2604 3330 2894 3397; x_wconf 88' lang='lat' dir='ltr'><strong>quamdam</strong></span> <span class='ocrx_word' id='word_1_616' title='bbox 2935 3342 3000 3381; x_wconf 85' lang='lat' dir='ltr'><strong>ac</strong></span> <span class='ocrx_word' id='word_1_617' title='bbox 3034 3327 3466 3381; x_wconf 88' lang='lat' dir='ltr'><strong>recollectionem</strong></span> <span class='ocrx_word' id='word_1_618' title='bbox 3508 3326 3678 3380; x_wconf 83' lang='lat' dir='ltr'><strong>totius</strong></span> 
     </span>
    </p>
   </div>
   <div class='ocr_carea' id='block_1_80' title="bbox 2082 3417 3676 3488">
    <p class='ocr_par' dir='ltr' id='par_1_80' title="bbox 2082 3417 3676 3488">
     <span class='ocr_line' id='line_1_80' title="bbox 2082 3417 3676 3488; baseline -0.003 -14"><span class='ocrx_word' id='word_1_619' title='bbox 2082 3420 2344 3475; x_wconf 82' lang='lat' dir='ltr'><strong>orationis</strong></span> <span class='ocrx_word' id='word_1_620' title='bbox 2395 3420 2680 3484; x_wconf 88' lang='lat' dir='ltr'><strong>inducens,</strong></span> <span class='ocrx_word' id='word_1_621' title='bbox 2728 3430 2783 3473; x_wconf 90' lang='lat' dir='ltr'><strong>et</strong></span> <span class='ocrx_word' id='word_1_622' title='bbox 2820 3420 2944 3473; x_wconf 90' lang='lat' dir='ltr'><strong>inde</strong></span> <span class='ocrx_word' id='word_1_623' title='bbox 2973 3419 3392 3488; x_wconf 84' lang='lat' dir='ltr'><strong>promissionem</strong></span> <span class='ocrx_word' id='word_1_624' title='bbox 3426 3417 3676 3471; x_wconf 80' lang='lat' dir='ltr'><strong>omnium</strong></span> 
     </span>
    </p>
   </div>
   <div class='ocr_carea' id='block_1_81' title="bbox 2084 3507 3678 3566">
    <p class='ocr_par' dir='ltr' id='par_1_81' title="bbox 2084 3507 3678 3566">
     <span class='ocr_line' id='line_1_81' title="bbox 2084 3507 3678 3566; baseline -0.003 -1"><span class='ocrx_word' id='word_1_625' title='bbox 2084 3511 2446 3566; x_wconf 86' lang='lat' dir='ltr'><strong>dominatoris</strong></span> <span class='ocrx_word' id='word_1_626' title='bbox 2508 3511 2600 3565; x_wconf 89' lang='lat' dir='ltr'><strong>Dei</strong></span> <span class='ocrx_word' id='word_1_627' title='bbox 2648 3526 2835 3566; x_wconf 86' lang='lat' dir='ltr'><strong>veram</strong></span> <span class='ocrx_word' id='word_1_628' title='bbox 2886 3524 3008 3564; x_wconf 87' lang='lat' dir='ltr'><strong>esse</strong></span> <span class='ocrx_word' id='word_1_629' title='bbox 3057 3509 3363 3564; x_wconf 86' lang='lat' dir='ltr'><strong>declarans.</strong></span> <span class='ocrx_word' id='word_1_630' title='bbox 3417 3507 3678 3562; x_wconf 79' lang='lat' dir='ltr'><strong>Promisit</strong></span> 
     </span>
    </p>
   </div>
   <div class='ocr_carea' id='block_1_82' title="bbox 2081 3597 3671 3674">
    <p class='ocr_par' dir='ltr' id='par_1_82' title="bbox 2081 3597 3671 3674">
     <span class='ocr_line' id='line_1_82' title="bbox 2081 3597 3671 3674; baseline -0.004 -15"><span class='ocrx_word' id='word_1_631' title='bbox 2081 3605 2251 3669; x_wconf 88' lang='lat' dir='ltr'><strong>enim,</strong></span> <span class='ocrx_word' id='word_1_632' title='bbox 2283 3603 2477 3674; x_wconf 86' lang='lat' dir='ltr'><strong>inquit,</strong></span> <span class='ocrx_word' id='word_1_633' title='bbox 2509 3602 2699 3657; x_wconf 87' lang='lat' dir='ltr'><strong>dicens</strong></span> <span class='ocrx_word' id='word_1_634' title='bbox 2736 3616 2794 3657; x_wconf 88' lang='lat' dir='ltr'><strong>se</strong></span> <span class='ocrx_word' id='word_1_635' title='bbox 2835 3601 2955 3655; x_wconf 89' lang='lat' dir='ltr'><strong>illos</strong></span> <span class='ocrx_word' id='word_1_636' title='bbox 2989 3610 3307 3656; x_wconf 90' lang='lat' dir='ltr'><strong>sanaturum</strong></span> <span class='ocrx_word' id='word_1_637' title='bbox 3341 3616 3356 3653; x_wconf 87' lang='lat'><strong>:</strong></span> <span class='ocrx_word' id='word_1_638' title='bbox 3393 3608 3446 3654; x_wconf 87' lang='lat' dir='ltr'><strong>at</strong></span> <span class='ocrx_word' id='word_1_639' title='bbox 3483 3597 3671 3667; x_wconf 82' lang='lat' dir='ltr'><strong>injusti</strong></span> 
     </span>
    </p>
   </div>
   <div class='ocr_carea' id='block_1_83' title="bbox 2082 3689 3675 3764">
    <p class='ocr_par' dir='ltr' id='par_1_83' title="bbox 2082 3689 3675 3764">
     <span class='ocr_line' id='line_1_83' title="bbox 2082 3689 3675 3764; baseline -0.006 -12"><span class='ocrx_word' id='word_1_640' title='bbox 2082 3697 2163 3753; x_wconf 89' lang='lat' dir='ltr'><strong>sic</strong></span> <span class='ocrx_word' id='word_1_641' title='bbox 2201 3695 2560 3763; x_wconf 86' lang='lat' dir='ltr'><strong>ﬂuetuabuut,</strong></span> <span class='ocrx_word' id='word_1_642' title='bbox 2586 3706 2642 3749; x_wconf 90' lang='lat' dir='ltr'><strong>et</strong></span> <span class='ocrx_word' id='word_1_643' title='bbox 2689 3696 3041 3764; x_wconf 87' lang='lat' dir='ltr'><strong>requiescere</strong></span> <span class='ocrx_word' id='word_1_644' title='bbox 3073 3706 3179 3746; x_wconf 91' lang='lat' dir='ltr'><strong>non</strong></span> <span class='ocrx_word' id='word_1_645' title='bbox 3220 3700 3496 3761; x_wconf 87' lang='lat' dir='ltr'><strong>poterunt.</strong></span> <span class='ocrx_word' id='word_1_646' title='bbox 3541 3689 3675 3743; x_wconf 79' lang='lat' dir='ltr'><strong>Nam</strong></span> 
     </span>
    </p>
   </div>
   <div class='ocr_carea' id='block_1_84' title="bbox 2083 3780 3681 3858">
    <p class='ocr_par' dir='ltr' id='par_1_84' title="bbox 2083 3780 3681 3858">
     <span class='ocr_line' id='line_1_84' title="bbox 2083 3780 3681 3858; baseline -0.007 -14"><span class='ocrx_word' id='word_1_647' title='bbox 2083 3800 2374 3858; x_wconf 87' lang='lat' dir='ltr'><strong>postquam</strong></span> <span class='ocrx_word' id='word_1_648' title='bbox 2407 3786 2777 3842; x_wconf 82' lang='lat' dir='ltr'><strong>vocandorum</strong></span> <span class='ocrx_word' id='word_1_649' title='bbox 2816 3785 3038 3856; x_wconf 78' lang='lat' dir='ltr'><strong>praemia</strong></span> <span class='ocrx_word' id='word_1_650' title='bbox 3085 3783 3363 3854; x_wconf 80' lang='lat' dir='ltr'><strong>percurrit</strong></span> <span class='ocrx_word' id='word_1_651' title='bbox 3395 3800 3409 3836; x_wconf 89' lang='lat'><strong>:</strong></span> <span class='ocrx_word' id='word_1_652' title='bbox 3451 3780 3577 3834; x_wconf 87' lang='lat' dir='ltr'><strong>hinc</strong></span> <span class='ocrx_word' id='word_1_653' title='bbox 3623 3788 3681 3834; x_wconf 88' lang='lat' dir='ltr'><strong>et</strong></span> 
     </span>
    </p>
   </div>
   <div class='ocr_carea' id='block_1_85' title="bbox 2082 3874 3676 3953">
    <p class='ocr_par' dir='ltr' id='par_1_85' title="bbox 2082 3874 3676 3953">
     <span class='ocr_line' id='line_1_85' title="bbox 2082 3874 3676 3953; baseline -0.007 -16"><span class='ocrx_word' id='word_1_654' title='bbox 2082 3883 2301 3953; x_wconf 90' lang='lat' dir='ltr'><strong>quidem</strong></span> <span class='ocrx_word' id='word_1_655' title='bbox 2334 3881 2680 3936; x_wconf 87' lang='lat' dir='ltr'><strong>meritissime</strong></span> <span class='ocrx_word' id='word_1_656' title='bbox 2709 3879 3006 3934; x_wconf 81' lang='lat' dir='ltr'><strong>inﬁdelium</strong></span> <span class='ocrx_word' id='word_1_657' title='bbox 3035 3877 3320 3947; x_wconf 88' lang='lat' dir='ltr'><strong>supplicia,</strong></span> <span class='ocrx_word' id='word_1_658' title='bbox 3357 3886 3412 3931; x_wconf 90' lang='lat' dir='ltr'><strong>et</strong></span> <span class='ocrx_word' id='word_1_659' title='bbox 3444 3874 3676 3928; x_wconf 79' lang='lat' dir='ltr'><strong>ﬁuctua-</strong></span> 
     </span>
    </p>
   </div>
   <div class='ocr_carea' id='block_1_86' title="bbox 2089 3969 3681 4040">
    <p class='ocr_par' dir='ltr' id='par_1_86' title="bbox 2089 3969 3681 4040">
     <span class='ocr_line' id='line_1_86' title="bbox 2089 3969 3681 4040; baseline -0.006 -11"><span class='ocrx_word' id='word_1_660' title='bbox 2089 3974 2288 4029; x_wconf 88' lang='lat' dir='ltr'><strong>tionem</strong></span> <span class='ocrx_word' id='word_1_661' title='bbox 2326 3986 2392 4026; x_wconf 90' lang='lat' dir='ltr'><strong>ac</strong></span> <span class='ocrx_word' id='word_1_662' title='bbox 2423 3972 2663 4026; x_wconf 79' lang='lat' dir='ltr'><strong>inﬁnitas</strong></span> <span class='ocrx_word' id='word_1_663' title='bbox 2698 3971 2884 4040; x_wconf 79' lang='lat' dir='ltr'><strong>plagas</strong></span> <span class='ocrx_word' id='word_1_664' title='bbox 2931 3978 3059 4023; x_wconf 88' lang='lat' dir='ltr'><strong>ante</strong></span> <span class='ocrx_word' id='word_1_665' title='bbox 3098 3969 3384 4024; x_wconf 89' lang='lat' dir='ltr'><strong>denuntiat</strong></span> <span class='ocrx_word' id='word_1_666' title='bbox 3436 3982 3681 4022; x_wconf 80' lang='lat' dir='ltr'><strong>commo-</strong></span> 
     </span>
    </p>
   </div>
   <div class='ocr_carea' id='block_1_87' title="bbox 2080 4057 3680 4132">
    <p class='ocr_par' dir='ltr' id='par_1_87' title="bbox 2080 4057 3680 4132">
     <span class='ocr_line' id='line_1_87' title="bbox 2080 4057 3680 4132; baseline -0.005 -12"><span class='ocrx_word' id='word_1_667' title='bbox 2080 4066 2171 4120; x_wconf 92' lang='lat' dir='ltr'><strong>de.</strong></span> <span class='ocrx_word' id='word_1_668' title='bbox 2198 4063 2314 4118; x_wconf 86' lang='lat' dir='ltr'><strong>Non</strong></span> <span class='ocrx_word' id='word_1_669' title='bbox 2358 4075 2443 4118; x_wconf 88' lang='lat' dir='ltr'><strong>est</strong></span> <span class='ocrx_word' id='word_1_670' title='bbox 2476 4062 2644 4127; x_wconf 87' lang='lat' dir='ltr'><strong>enim,</strong></span> <span class='ocrx_word' id='word_1_671' title='bbox 2677 4062 2879 4131; x_wconf 90' lang='lat' dir='ltr'><strong>inquit,</strong></span> <span class='ocrx_word' id='word_1_672' title='bbox 2924 4061 3028 4115; x_wconf 87' lang='lat' dir='ltr'><strong>illis</strong></span> <span class='ocrx_word' id='word_1_673' title='bbox 3062 4062 3343 4132; x_wconf 77' lang='lat' dir='ltr'><strong>gaudium,</strong></span> <span class='ocrx_word' id='word_1_674' title='bbox 3375 4059 3517 4112; x_wconf 70' lang='lat' dir='ltr'><strong>dixit</strong></span> <span class='ocrx_word' id='word_1_675' title='bbox 3572 4057 3680 4112; x_wconf 87' lang='lat' dir='ltr'><strong>Do-</strong></span> 
     </span>
    </p>
   </div>
   <div class='ocr_carea' id='block_1_88' title="bbox 2081 4149 3678 4212">
    <p class='ocr_par' dir='ltr' id='par_1_88' title="bbox 2081 4149 3678 4212">
     <span class='ocr_line' id='line_1_88' title="bbox 2081 4149 3678 4212; baseline -0.004 -1"><span class='ocrx_word' id='word_1_676' title='bbox 2081 4157 2263 4212; x_wconf 89' lang='lat' dir='ltr'><strong>minus</strong></span> <span class='ocrx_word' id='word_1_677' title='bbox 2307 4153 2474 4210; x_wconf 88' lang='lat' dir='ltr'><strong>Deus.</strong></span> <span class='ocrx_word' id='word_1_678' title='bbox 2504 4153 2732 4208; x_wconf 84' lang='lat' dir='ltr'><strong>Domino</strong></span> <span class='ocrx_word' id='word_1_679' title='bbox 2797 4164 2979 4207; x_wconf 88' lang='lat' dir='ltr'><strong>autem</strong></span> <span class='ocrx_word' id='word_1_680' title='bbox 3009 4161 3066 4207; x_wconf 90' lang='lat' dir='ltr'><strong>et</strong></span> <span class='ocrx_word' id='word_1_681' title='bbox 3111 4150 3359 4206; x_wconf 90' lang='lat' dir='ltr'><strong>omnium</strong></span> <span class='ocrx_word' id='word_1_682' title='bbox 3404 4151 3515 4205; x_wconf 87' lang='lat' dir='ltr'><strong>Deo</strong></span> <span class='ocrx_word' id='word_1_683' title='bbox 3555 4149 3678 4204; x_wconf 81' lang='lat' dir='ltr'><strong>illos</strong></span> 
     </span>
    </p>
   </div>
   <div class='ocr_carea' id='block_1_89' title="bbox 2081 4240 3675 4321">
    <p class='ocr_par' dir='ltr' id='par_1_89' title="bbox 2081 4240 3675 4321">
     <span class='ocr_line' id='line_1_89' title="bbox 2081 4240 3675 4321; baseline -0.005 -18"><span class='ocrx_word' id='word_1_684' title='bbox 2081 4251 2327 4321; x_wconf 84' lang='lat' dir='ltr'><strong>privante</strong></span> <span class='ocrx_word' id='word_1_685' title='bbox 2372 4262 2473 4302; x_wconf 84' lang='lat' dir='ltr'><strong>suo</strong></span> <span class='ocrx_word' id='word_1_686' title='bbox 2531 4245 2752 4315; x_wconf 88' lang='lat' dir='ltr'><strong>gaudio,</strong></span> <span class='ocrx_word' id='word_1_687' title='bbox 2798 4260 2918 4310; x_wconf 70' lang='lat' dir='ltr'><strong>quae</strong></span> <span class='ocrx_word' id='word_1_688' title='bbox 2973 4260 3098 4299; x_wconf 86' lang='lat' dir='ltr'><strong>esse</strong></span> <span class='ocrx_word' id='word_1_689' title='bbox 3152 4253 3329 4314; x_wconf 87' lang='lat' dir='ltr'><strong>potest</strong></span> <span class='ocrx_word' id='word_1_690' title='bbox 3378 4240 3675 4313; x_wconf 76' lang='lat' dir='ltr'><strong>voluptas?</strong></span> 
     </span>
    </p>
   </div>
   <div class='ocr_carea' id='block_1_90' title="bbox 2081 4336 3676 4409">
    <p class='ocr_par' dir='ltr' id='par_1_90' title="bbox 2081 4336 3676 4409">
     <span class='ocr_line' id='line_1_90' title="bbox 2081 4336 3676 4409; baseline -0.006 -13"><span class='ocrx_word' id='word_1_691' title='bbox 2081 4341 2234 4409; x_wconf 89' lang='lat' dir='ltr'><strong>Quod</strong></span> <span class='ocrx_word' id='word_1_692' title='bbox 2270 4349 2452 4393; x_wconf 89' lang='lat' dir='ltr'><strong>autem</strong></span> <span class='ocrx_word' id='word_1_693' title='bbox 2497 4347 2741 4406; x_wconf 87' lang='lat' dir='ltr'><strong>tempore</strong></span> <span class='ocrx_word' id='word_1_694' title='bbox 2794 4338 3100 4392; x_wconf 87' lang='lat' dir='ltr'><strong>vocationis</strong></span> <span class='ocrx_word' id='word_1_695' title='bbox 3150 4336 3544 4399; x_wconf 86' lang='lat' dir='ltr'><strong>lsraelitarum,</strong></span> <span class='ocrx_word' id='word_1_696' title='bbox 3585 4348 3676 4388; x_wconf 88' lang='lat' dir='ltr'><strong>re-</strong></span> 
     </span>
    </p>
   </div>
   <div class='ocr_carea' id='block_1_91' title="bbox 2083 4425 3673 4498">
    <p class='ocr_par' dir='ltr' id='par_1_91' title="bbox 2083 4425 3673 4498">
     <span class='ocr_line' id='line_1_91' title="bbox 2083 4425 3673 4498; baseline -0.002 -14"><span class='ocrx_word' id='word_1_697' title='bbox 2083 4432 2383 4485; x_wconf 88' lang='lat' dir='ltr'><strong>manebunt</strong></span> <span class='ocrx_word' id='word_1_698' title='bbox 2434 4428 2653 4498; x_wconf 85' lang='lat' dir='ltr'><strong>quidam</strong></span> <span class='ocrx_word' id='word_1_699' title='bbox 2696 4428 2748 4481; x_wconf 88' lang='lat' dir='ltr'><strong>in</strong></span> <span class='ocrx_word' id='word_1_700' title='bbox 2804 4427 3146 4491; x_wconf 91' lang='lat' dir='ltr'><strong>iulidelitate,</strong></span> <span class='ocrx_word' id='word_1_701' title='bbox 3190 4427 3301 4481; x_wconf 82' lang='lat' dir='ltr'><strong>lilio</strong></span> <span class='ocrx_word' id='word_1_702' title='bbox 3373 4425 3673 4492; x_wconf 70' lang='lat' dir='ltr'><strong>iniquitatis</strong></span> 
     </span>
    </p>
   </div>
   <div class='ocr_carea' id='block_1_92' title="bbox 377 4513 1973 4599">
    <p class='ocr_par' dir='ltr' id='par_1_92' title="bbox 377 4523 1969 4599">
     <span class='ocr_line' id='line_1_92' title="bbox 377 4523 1969 4599; baseline -0.009 -11"><span class='ocrx_word' id='word_1_703' title='bbox 377 4529 720 4599; x_wconf 76' lang='grc' dir='ltr'>ἀπαγγέλλει</span> <span class='ocrx_word' id='word_1_704' title='bbox 748 4527 1057 4599; x_wconf 83' lang='grc' dir='ltr'>χρησίμως.</span> <span class='ocrx_word' id='word_1_705' title='bbox 1094 4526 1169 4577; x_wconf 74' lang='grc' dir='ltr'><strong>Οὐ</strong></span> <span class='ocrx_word' id='word_1_706' title='bbox 1216 4524 1325 4596; x_wconf 80' lang='grc' dir='ltr'>γὰρ</span> <span class='ocrx_word' id='word_1_707' title='bbox 1362 4523 1478 4578; x_wconf 75' lang='grc' dir='ltr'>ἐστι</span> <span class='ocrx_word' id='word_1_708' title='bbox 1517 4523 1732 4594; x_wconf 81' lang='grc' dir='ltr'>χαίρειν</span> <span class='ocrx_word' id='word_1_709' title='bbox 1763 4523 1969 4587; x_wconf 85' lang='grc' dir='ltr'>αὐτοῖς,</span> 
     </span>
    </p>
   </div>
   <div class='ocr_carea' id='block_1_93' title="bbox 2078 4513 3675 4599">
    <p class='ocr_par' dir='ltr' id='par_1_93' title="bbox 2081 4513 3675 4588">
     <span class='ocr_line' id='line_1_93' title="bbox 2081 4513 3675 4588; baseline -0.003 -14"><span class='ocrx_word' id='word_1_710' title='bbox 2081 4520 2441 4580; x_wconf 71' lang='lat' dir='ltr'><strong>adhmrentes,</strong></span> <span class='ocrx_word' id='word_1_711' title='bbox 2478 4518 2730 4573; x_wconf 84' lang='lat' dir='ltr'><strong>ostendet</strong></span> <span class='ocrx_word' id='word_1_712' title='bbox 2774 4519 2933 4587; x_wconf 85' lang='lat' dir='ltr'><strong>plane</strong></span> <span class='ocrx_word' id='word_1_713' title='bbox 2985 4517 3428 4588; x_wconf 88' lang='lat' dir='ltr'><strong>sapientissimus</strong></span> <span class='ocrx_word' id='word_1_714' title='bbox 3473 4513 3675 4570; x_wconf 75' lang='lat' dir='ltr'><strong>Paulus</strong></span> 
     </span>
    </p>
   </div>
   <div class='ocr_carea' id='block_1_94' title="bbox 379 4613 1975 4697">
    <p class='ocr_par' dir='ltr' id='par_1_94' title="bbox 379 4613 1975 4697">
     <span class='ocr_line' id='line_1_94' title="bbox 379 4613 1975 4697; baseline -0.007 -19"><span class='ocrx_word' id='word_1_715' title='bbox 379 4624 570 4697; x_wconf 66' lang='grc' dir='ltr'>φησιν,</span> <span class='ocrx_word' id='word_1_716' title='bbox 607 4617 727 4675; x_wconf 83' lang='grc' dir='ltr'>εἶπε</span> <span class='ocrx_word' id='word_1_717' title='bbox 769 4620 977 4689; x_wconf 84' lang='grc' dir='ltr'>Κύριος</span> <span class='ocrx_word' id='word_1_718' title='bbox 1002 4620 1031 4671; x_wconf 89' lang='lat'><strong>6</strong></span> <span class='ocrx_word' id='word_1_719' title='bbox 1067 4617 1220 4680; x_wconf 85' lang='grc' dir='ltr'>Θεός.</span> <span class='ocrx_word' id='word_1_720' title='bbox 1251 4616 1359 4670; x_wconf 86' lang='grc' dir='ltr'><strong>Τοῦ</strong></span> <span class='ocrx_word' id='word_1_721' title='bbox 1387 4617 1444 4670; x_wconf 81' lang='grc' dir='ltr'><strong>δὲ</strong></span> <span class='ocrx_word' id='word_1_722' title='bbox 1472 4614 1681 4686; x_wconf 82' lang='grc' dir='ltr'>Κυρίου</span> <span class='ocrx_word' id='word_1_723' title='bbox 1709 4613 1803 4667; x_wconf 78' lang='grc' dir='ltr'><strong>καὶ</strong></span> <span class='ocrx_word' id='word_1_724' title='bbox 1834 4614 1975 4668; x_wconf 84' lang='grc' dir='ltr'>πάν-</span> 
     </span>
    </p>
   </div>
   <div class='ocr_carea' id='block_1_95' title="bbox 378 4711 1973 4785">
    <p class='ocr_par' dir='ltr' id='par_1_95' title="bbox 378 4711 1973 4785">
     <span class='ocr_line' id='line_1_95' title="bbox 378 4711 1973 4785; baseline -0.008 -11"><span class='ocrx_word' id='word_1_725' title='bbox 378 4737 491 4774; x_wconf 88' lang='grc' dir='ltr'><strong>των</strong></span> <span class='ocrx_word' id='word_1_726' title='bbox 529 4717 666 4775; x_wconf 86' lang='grc' dir='ltr'>Θεοῦ</span> <span class='ocrx_word' id='word_1_727' title='bbox 691 4716 752 4769; x_wconf 83' lang='grc' dir='ltr'>τὸ</span> <span class='ocrx_word' id='word_1_728' title='bbox 781 4714 992 4785; x_wconf 85' lang='grc' dir='ltr'>χαίρειν</span> <span class='ocrx_word' id='word_1_729' title='bbox 1017 4712 1199 4765; x_wconf 80' lang='grc' dir='ltr'>αὐτῶν</span> <span class='ocrx_word' id='word_1_730' title='bbox 1222 4712 1657 4780; x_wconf 77' lang='grc' dir='ltr'>ἀποστήσαντος,</span> <span class='ocrx_word' id='word_1_731' title='bbox 1689 4712 1843 4773; x_wconf 85' lang='grc' dir='ltr'>ποῖος</span> <span class='ocrx_word' id='word_1_732' title='bbox 1871 4711 1973 4763; x_wconf 81' lang='grc' dir='ltr'>αῦ-</span> 
     </span>
    </p>
   </div>
   <div class='ocr_carea' id='block_1_96' title="bbox 378 4801 1975 4881">
    <p class='ocr_par' dir='ltr' id='par_1_96' title="bbox 378 4801 1975 4881">
     <span class='ocr_line' id='line_1_96' title="bbox 378 4801 1975 4881; baseline -0.008 -15"><span class='ocrx_word' id='word_1_733' title='bbox 378 4814 495 4876; x_wconf 86' lang='grc' dir='ltr'>τοῖς</span> <span class='ocrx_word' id='word_1_734' title='bbox 525 4808 795 4881; x_wconf 81' lang='grc' dir='ltr'>θυμηδίας</span> <span class='ocrx_word' id='word_1_735' title='bbox 822 4803 1057 4877; x_wconf 78' lang='grc' dir='ltr'>ὑπάρξει</span> <span class='ocrx_word' id='word_1_736' title='bbox 1091 4804 1320 4875; x_wconf 87' lang='grc' dir='ltr'>τρόπος;</span> <span class='ocrx_word' id='word_1_737' title='bbox 1350 4804 1472 4855; x_wconf 83' lang='grc' dir='ltr'>Ὅτι</span> <span class='ocrx_word' id='word_1_738' title='bbox 1498 4801 1554 4854; x_wconf 80' lang='grc' dir='ltr'><strong>δὲ</strong></span> <span class='ocrx_word' id='word_1_739' title='bbox 1582 4803 1676 4855; x_wconf 80' lang='grc' dir='ltr'><strong>καὶ</strong></span> <span class='ocrx_word' id='word_1_740' title='bbox 1707 4803 1764 4855; x_wconf 83' lang='grc' dir='ltr'>ὲν</span> <span class='ocrx_word' id='word_1_741' title='bbox 1796 4801 1975 4874; x_wconf 83' lang='grc' dir='ltr'>καιρῷ</span> 
     </span>
    </p>
   </div>
   <div class='ocr_carea' id='block_1_97' title="bbox 381 4893 1976 4973">
    <p class='ocr_par' dir='ltr' id='par_1_97' title="bbox 381 4893 1976 4973">
     <span class='ocr_line' id='line_1_97' title="bbox 381 4893 1976 4973; baseline -0.006 -16"><span class='ocrx_word' id='word_1_742' title='bbox 381 4904 484 4972; x_wconf 81' lang='grc' dir='ltr'>τῆς</span> <span class='ocrx_word' id='word_1_743' title='bbox 530 4901 780 4973; x_wconf 85' lang='grc' dir='ltr'>κλήσεως</span> <span class='ocrx_word' id='word_1_744' title='bbox 826 4897 935 4951; x_wconf 81' lang='grc' dir='ltr'>τῶν</span> <span class='ocrx_word' id='word_1_745' title='bbox 983 4896 1041 4961; x_wconf 75' lang='grc' dir='ltr'><strong>ἐξ</strong></span> <span class='ocrx_word' id='word_1_746' title='bbox 1080 4895 1318 4966; x_wconf 76' lang='grc' dir='ltr'>Ἰσραὴλ,</span> <span class='ocrx_word' id='word_1_747' title='bbox 1343 4893 1679 4961; x_wconf 85' lang='grc' dir='ltr'>ἀπομενοῦσί</span> <span class='ocrx_word' id='word_1_748' title='bbox 1729 4911 1875 4958; x_wconf 88' lang='grc' dir='ltr'>τινες</span> <span class='ocrx_word' id='word_1_749' title='bbox 1920 4897 1976 4948; x_wconf 82' lang='grc' dir='ltr'>ὲν</span> 
     </span>
    </p>
   </div>
   <div class='ocr_carea' id='block_1_98' title="bbox 382 4985 1980 5065">
    <p class='ocr_par' dir='ltr' id='par_1_98' title="bbox 382 4985 1980 5065">
     <span class='ocr_line' id='line_1_98' title="bbox 382 4985 1980 5065; baseline -0.006 -15"><span class='ocrx_word' id='word_1_750' title='bbox 382 4993 643 5065; x_wconf 78' lang='grc' dir='ltr'>ἀπειθείᾳ</span> <span class='ocrx_word' id='word_1_751' title='bbox 668 4990 747 5059; x_wconf 84' lang='grc' dir='ltr'>τῷ</span> <span class='ocrx_word' id='word_1_752' title='bbox 776 4993 876 5062; x_wconf 82' lang='grc' dir='ltr'>τῆς</span> <span class='ocrx_word' id='word_1_753' title='bbox 907 4988 1139 5058; x_wconf 87' lang='grc' dir='ltr'>ἀνομίας</span> <span class='ocrx_word' id='word_1_754' title='bbox 1162 4987 1265 5059; x_wconf 79' lang='grc' dir='ltr'><strong>υἱῷ</strong></span> <span class='ocrx_word' id='word_1_755' title='bbox 1286 4985 1699 5059; x_wconf 85' lang='grc' dir='ltr'>προσκείμενοι,</span> <span class='ocrx_word' id='word_1_756' title='bbox 1722 4989 1980 5059; x_wconf 76' lang='grc' dir='ltr'>σαφηνιεῖ</span> 
     </span>
    </p>
   </div>
   <div class='ocr_carea' id='block_1_99' title="bbox 380 5070 1977 5155">
    <p class='ocr_par' dir='ltr' id='par_1_99' title="bbox 380 5070 1977 5155">
     <span class='ocr_line' id='line_1_99' title="bbox 380 5070 1977 5155; baseline -0.009 -14"><span class='ocrx_word' id='word_1_757' title='bbox 380 5087 560 5155; x_wconf 77' lang='grc' dir='ltr'>λέγων</span> <span class='ocrx_word' id='word_1_758' title='bbox 588 5086 618 5139; x_wconf 88' lang='lat'><strong>6</strong></span> <span class='ocrx_word' id='word_1_759' title='bbox 639 5083 912 5150; x_wconf 71' lang='grc' dir='ltr'>πάνσοφος</span> <span class='ocrx_word' id='word_1_760' title='bbox 938 5072 1170 5143; x_wconf 59' lang='grc' dir='ltr'>Παῦλος</span> <span class='ocrx_word' id='word_1_761' title='bbox 1199 5098 1217 5130; x_wconf 85' lang='grc'><em>‹</em></span> <span class='ocrx_word' id='word_1_762' title='bbox 1259 5076 1402 5132; x_wconf 82' lang='grc' dir='ltr'>’Λνθ’</span> <span class='ocrx_word' id='word_1_763' title='bbox 1440 5070 1514 5131; x_wconf 82' lang='grc' dir='ltr'>ὧν</span> <span class='ocrx_word' id='word_1_764' title='bbox 1547 5077 1647 5149; x_wconf 84' lang='grc' dir='ltr'>τὴν</span> <span class='ocrx_word' id='word_1_765' title='bbox 1678 5078 1977 5146; x_wconf 79' lang='grc' dir='ltr'>ἐπίγνωσιν</span> 
     </span>
    </p>
   </div>
   <div class='ocr_carea' id='block_1_100' title="bbox 379 5169 1974 5250">
    <p class='ocr_par' dir='ltr' id='par_1_100' title="bbox 379 5169 1974 5250">
     <span class='ocr_line' id='line_1_100' title="bbox 379 5169 1974 5250; baseline -0.006 -17"><span class='ocrx_word' id='word_1_766' title='bbox 379 5181 482 5250; x_wconf 80' lang='grc' dir='ltr'>τῆς</span> <span class='ocrx_word' id='word_1_767' title='bbox 511 5174 768 5246; x_wconf 88' lang='grc' dir='ltr'>ἀληθείας</span> <span class='ocrx_word' id='word_1_768' title='bbox 802 5173 903 5225; x_wconf 75' lang='grc' dir='ltr'><strong>οὐκ</strong></span> <span class='ocrx_word' id='word_1_769' title='bbox 958 5171 1228 5238; x_wconf 75' lang='grc' dir='ltr'>ἐδέξαντο,</span> <span class='ocrx_word' id='word_1_770' title='bbox 1282 5170 1372 5224; x_wconf 74' lang='grc' dir='ltr'>διὰ</span> <span class='ocrx_word' id='word_1_771' title='bbox 1407 5169 1567 5223; x_wconf 86' lang='grc' dir='ltr'>τοῦτο</span> <span class='ocrx_word' id='word_1_772' title='bbox 1604 5170 1810 5240; x_wconf 71' lang='grc' dir='ltr'>πέμψει</span> <span class='ocrx_word' id='word_1_773' title='bbox 1872 5170 1974 5224; x_wconf 78' lang='grc' dir='ltr'>αὐ-</span> 
     </span>
    </p>
   </div>
   <div class='ocr_carea' id='block_1_101' title="bbox 380 5261 1975 5335">
    <p class='ocr_par' dir='ltr' id='par_1_101' title="bbox 380 5261 1975 5335">
     <span class='ocr_line' id='line_1_101' title="bbox 380 5261 1975 5335; baseline -0.006 -11"><span class='ocrx_word' id='word_1_774' title='bbox 380 5275 495 5332; x_wconf 54' lang='grc' dir='ltr'>τοῖς</span> <span class='ocrx_word' id='word_1_775' title='bbox 525 5272 554 5323; x_wconf 90' lang='lat'><strong>6</strong></span> <span class='ocrx_word' id='word_1_776' title='bbox 591 5267 724 5330; x_wconf 84' lang='grc' dir='ltr'>Θεὸς</span> <span class='ocrx_word' id='word_1_777' title='bbox 765 5263 1046 5334; x_wconf 81' lang='grc' dir='ltr'>ἐνέργειαν</span> <span class='ocrx_word' id='word_1_778' title='bbox 1077 5262 1308 5335; x_wconf 83' lang='grc' dir='ltr'>πλάνης.</span> <span class='ocrx_word' id='word_1_779' title='bbox 1340 5281 1363 5316; x_wconf 72' lang='grc' dir='ltr'><strong>ι</strong></span> <span class='ocrx_word' id='word_1_780' title='bbox 1398 5263 1545 5331; x_wconf 81' lang='grc' dir='ltr'><strong>Ἔφη</strong></span> <span class='ocrx_word' id='word_1_781' title='bbox 1580 5261 1638 5315; x_wconf 81' lang='grc' dir='ltr'><strong>δὲ</strong></span> <span class='ocrx_word' id='word_1_782' title='bbox 1674 5262 1769 5315; x_wconf 74' lang='grc' dir='ltr'>καὶ</span> <span class='ocrx_word' id='word_1_783' title='bbox 1810 5261 1975 5325; x_wconf 67' lang='grc' dir='ltr'>αὐτὸς</span> 
     </span>
    </p>
   </div>
   <div class='ocr_carea' id='block_1_102' title="bbox 252 5354 1976 5430">
    <p class='ocr_par' dir='ltr' id='par_1_102' title="bbox 252 5354 1976 5430">
     <span class='ocr_line' id='line_1_102' title="bbox 252 5354 1976 5430; baseline -0.009 -10"><span class='ocrx_word' id='word_1_784' title='bbox 252 5400 276 5420; x_wconf 69' lang='grc' dir='ltr'><strong><em>ρ</em></strong></span> <span class='ocrx_word' id='word_1_785' title='bbox 378 5367 409 5418; x_wconf 81' lang='lat'><strong>6</strong></span> <span class='ocrx_word' id='word_1_786' title='bbox 438 5362 632 5430; x_wconf 82' lang='grc' dir='ltr'>Σωτήρ</span> <span class='ocrx_word' id='word_1_787' title='bbox 653 5375 667 5389; x_wconf 76' lang='grc'>⁶</span> <span class='ocrx_word' id='word_1_788' title='bbox 699 5377 718 5409; x_wconf 80' lang='lat' dir='ltr'><strong>t</strong></span> <span class='ocrx_word' id='word_1_789' title='bbox 745 5355 888 5425; x_wconf 85' lang='grc' dir='ltr'><strong>Ἐγὼ</strong></span> <span class='ocrx_word' id='word_1_790' title='bbox 916 5354 1151 5426; x_wconf 80' lang='grc' dir='ltr'>ἐλήλυθα</span> <span class='ocrx_word' id='word_1_791' title='bbox 1181 5357 1238 5409; x_wconf 76' lang='grc' dir='ltr'>ἐν</span> <span class='ocrx_word' id='word_1_792' title='bbox 1266 5354 1344 5426; x_wconf 83' lang='grc' dir='ltr'>τῷ</span> <span class='ocrx_word' id='word_1_793' title='bbox 1374 5355 1598 5425; x_wconf 80' lang='grc' dir='ltr'>ὀνόματι</span> <span class='ocrx_word' id='word_1_794' title='bbox 1636 5354 1730 5408; x_wconf 86' lang='grc' dir='ltr'><strong>τοῦ</strong></span> <span class='ocrx_word' id='word_1_795' title='bbox 1764 5355 1976 5425; x_wconf 81' lang='grc' dir='ltr'>Πατρός</span> 
     </span>
    </p>
   </div>
   <div class='ocr_carea' id='block_1_103' title="bbox 386 5446 1978 5521">
    <p class='ocr_par' dir='ltr' id='par_1_103' title="bbox 386 5446 1978 5521">
     <span class='ocr_line' id='line_1_103' title="bbox 386 5446 1978 5521; baseline -0.006 -13"><span class='ocrx_word' id='word_1_796' title='bbox 386 5471 510 5521; x_wconf 84' lang='grc' dir='ltr'>μου,</span> <span class='ocrx_word' id='word_1_797' title='bbox 560 5450 658 5508; x_wconf 74' lang='grc' dir='ltr'><strong>καὶ</strong></span> <span class='ocrx_word' id='word_1_798' title='bbox 693 5449 754 5503; x_wconf 83' lang='grc' dir='ltr'><strong>ού</strong></span> <span class='ocrx_word' id='word_1_799' title='bbox 797 5446 1108 5518; x_wconf 78' lang='grc' dir='ltr'>λαμϐάνετέ</span> <span class='ocrx_word' id='word_1_800' title='bbox 1143 5461 1232 5516; x_wconf 86' lang='grc' dir='ltr'>με·</span> <span class='ocrx_word' id='word_1_801' title='bbox 1277 5446 1374 5499; x_wconf 72' lang='grc' dir='ltr'>ἐὰν</span> <span class='ocrx_word' id='word_1_802' title='bbox 1424 5446 1583 5507; x_wconf 80' lang='grc' dir='ltr'>ἀλλος</span> <span class='ocrx_word' id='word_1_803' title='bbox 1624 5446 1754 5517; x_wconf 72' lang='grc' dir='ltr'>ἔλθῃ</span> <span class='ocrx_word' id='word_1_804' title='bbox 1800 5449 1857 5500; x_wconf 82' lang='grc' dir='ltr'><strong>ἐν</strong></span> <span class='ocrx_word' id='word_1_805' title='bbox 1900 5449 1978 5517; x_wconf 81' lang='grc' dir='ltr'>τῷ</span> 
     </span>
    </p>
   </div>
   <div class='ocr_carea' id='block_1_104' title="bbox 389 5535 1978 5609">
    <p class='ocr_par' dir='ltr' id='par_1_104' title="bbox 389 5535 1978 5609">
     <span class='ocr_line' id='line_1_104' title="bbox 389 5535 1978 5609; baseline -0.004 -14"><span class='ocrx_word' id='word_1_806' title='bbox 389 5544 616 5609; x_wconf 84' lang='grc' dir='ltr'>ονόματι</span> <span class='ocrx_word' id='word_1_807' title='bbox 647 5538 726 5609; x_wconf 83' lang='grc' dir='ltr'>τῷ</span> <span class='ocrx_word' id='word_1_808' title='bbox 757 5538 926 5608; x_wconf 56' lang='lat' dir='ltr'><strong>ialm,»</strong></span> <span class='ocrx_word' id='word_1_809' title='bbox 966 5535 1250 5590; x_wconf 82' lang='grc' dir='ltr'>τουτέστιν</span> <span class='ocrx_word' id='word_1_810' title='bbox 1290 5539 1318 5589; x_wconf 87' lang='lat'><strong>6</strong></span> <span class='ocrx_word' id='word_1_811' title='bbox 1339 5536 1438 5605; x_wconf 82' lang='grc' dir='ltr'><strong>τῆς</strong></span> <span class='ocrx_word' id='word_1_812' title='bbox 1469 5536 1701 5605; x_wconf 84' lang='grc' dir='ltr'>ἀνομίας</span> <span class='ocrx_word' id='word_1_813' title='bbox 1735 5537 1870 5602; x_wconf 72' lang='grc' dir='ltr'>υἱὸς.</span> <span class='ocrx_word' id='word_1_814' title='bbox 1901 5536 1978 5602; x_wconf 83' lang='grc' dir='ltr'>ὡς</span> 
     </span>
    </p>
   </div>
   <div class='ocr_carea' id='block_1_105' title="bbox 382 5627 1974 5704">
    <p class='ocr_par' dir='ltr' id='par_1_105' title="bbox 382 5627 1974 5704">
     <span class='ocr_line' id='line_1_105' title="bbox 382 5627 1974 5704; baseline -0.003 -18"><span class='ocrx_word' id='word_1_815' title='bbox 382 5633 545 5704; x_wconf 77' lang='grc' dir='ltr'>ἔφην,</span> <span class='ocrx_word' id='word_1_816' title='bbox 589 5632 850 5684; x_wconf 74' lang='grc' dir='ltr'>«ἐκεῖνον</span> <span class='ocrx_word' id='word_1_817' title='bbox 898 5627 1156 5700; x_wconf 66' lang='grc' dir='ltr'>λήψεσθε.</span> <span class='ocrx_word' id='word_1_818' title='bbox 1193 5647 1211 5680; x_wconf 76' lang='grc' dir='ltr'><strong>ι</strong></span> <span class='ocrx_word' id='word_1_819' title='bbox 1261 5628 1472 5681; x_wconf 82' lang='grc' dir='ltr'>Οὐκοῦν</span> <span class='ocrx_word' id='word_1_820' title='bbox 1499 5628 1827 5699; x_wconf 78' lang='grc' dir='ltr'>κεκλήσεται</span> <span class='ocrx_word' id='word_1_821' title='bbox 1874 5630 1974 5699; x_wconf 84' lang='grc' dir='ltr'><strong>μὲν</strong></span> 
     </span>
    </p>
   </div>
   <div class='ocr_carea' id='block_1_106' title="bbox 2081 4608 3675 4680">
    <p class='ocr_par' dir='ltr' id='par_1_106' title="bbox 2081 4608 3675 4680">
     <span class='ocr_line' id='line_1_106' title="bbox 2081 4608 3675 4680; baseline -0.004 -14"><span class='ocrx_word' id='word_1_822' title='bbox 2081 4612 2329 4680; x_wconf 80' lang='lat' dir='ltr'><strong>inquiens</strong></span> <span class='ocrx_word' id='word_1_823' title='bbox 2354 4627 2368 4662; x_wconf 89' lang='lat'><strong>:</strong></span> <span class='ocrx_word' id='word_1_824' title='bbox 2399 4627 2418 4660; x_wconf 74' lang='grc' dir='ltr'><strong>ι</strong></span> <span class='ocrx_word' id='word_1_825' title='bbox 2447 4608 2740 4678; x_wconf 84' lang='lat' dir='ltr'><strong>Propterea</strong></span> <span class='ocrx_word' id='word_1_826' title='bbox 2766 4610 2908 4680; x_wconf 89' lang='lat' dir='ltr'><strong>quod</strong></span> <span class='ocrx_word' id='word_1_827' title='bbox 2932 4610 3264 4679; x_wconf 77' lang='lat' dir='ltr'><strong>agnitionem</strong></span> <span class='ocrx_word' id='word_1_828' title='bbox 3291 4608 3538 4661; x_wconf 86' lang='lat' dir='ltr'><strong>veritatis</strong></span> <span class='ocrx_word' id='word_1_829' title='bbox 3568 4620 3675 4659; x_wconf 91' lang='lat' dir='ltr'><strong>non</strong></span> 
     </span>
    </p>
   </div>
   <div class='ocr_carea' id='block_1_107' title="bbox 2084 4696 3670 4770">
    <p class='ocr_par' dir='ltr' id='par_1_107' title="bbox 2084 4696 3670 4770">
     <span class='ocr_line' id='line_1_107' title="bbox 2084 4696 3670 4770; baseline -0.005 -12"><span class='ocrx_word' id='word_1_830' title='bbox 2084 4708 2428 4770; x_wconf 87' lang='lat' dir='ltr'><strong>receperunt,</strong></span> <span class='ocrx_word' id='word_1_831' title='bbox 2455 4701 2575 4754; x_wconf 88' lang='lat' dir='ltr'><strong>ideo</strong></span> <span class='ocrx_word' id='word_1_832' title='bbox 2608 4700 2788 4755; x_wconf 89' lang='lat' dir='ltr'><strong>mittet</strong></span> <span class='ocrx_word' id='word_1_833' title='bbox 2825 4700 2933 4755; x_wconf 89' lang='lat' dir='ltr'><strong>illis</strong></span> <span class='ocrx_word' id='word_1_834' title='bbox 2950 4701 3325 4770; x_wconf 85' lang='lat' dir='ltr'><strong>operationem</strong></span> <span class='ocrx_word' id='word_1_835' title='bbox 3340 4699 3546 4753; x_wconf 89' lang='lat' dir='ltr'><strong>erroris</strong></span> <span class='ocrx_word' id='word_1_836' title='bbox 3569 4696 3670 4751; x_wconf 81' lang='grc' dir='ltr'><strong>⁸⁰.ι</strong></span> 
     </span>
    </p>
   </div>
   <div class='ocr_carea' id='block_1_108' title="bbox 2087 4788 3678 4865">
    <p class='ocr_par' dir='ltr' id='par_1_108' title="bbox 2087 4788 3678 4865">
     <span class='ocr_line' id='line_1_108' title="bbox 2087 4788 3678 4865; baseline -0.004 -14"><span class='ocrx_word' id='word_1_837' title='bbox 2087 4797 2339 4865; x_wconf 84' lang='lat' dir='ltr'><strong>Dixitque</strong></span> <span class='ocrx_word' id='word_1_838' title='bbox 2379 4796 2493 4865; x_wconf 90' lang='lat' dir='ltr'><strong>ipse</strong></span> <span class='ocrx_word' id='word_1_839' title='bbox 2527 4792 2791 4849; x_wconf 87' lang='lat' dir='ltr'><strong>Servator</strong></span> <span class='ocrx_word' id='word_1_840' title='bbox 2817 4813 2829 4849; x_wconf 89' lang='lat'><strong>:</strong></span> <span class='ocrx_word' id='word_1_841' title='bbox 2857 4813 2874 4847; x_wconf 78' lang='grc' dir='ltr'><strong>ι</strong></span> <span class='ocrx_word' id='word_1_842' title='bbox 2910 4795 3020 4865; x_wconf 82' lang='lat' dir='ltr'><strong>Ego</strong></span> <span class='ocrx_word' id='word_1_843' title='bbox 3049 4795 3172 4848; x_wconf 88' lang='lat' dir='ltr'><strong>veni</strong></span> <span class='ocrx_word' id='word_1_844' title='bbox 3232 4792 3453 4846; x_wconf 88' lang='lat' dir='ltr'><strong>nomine</strong></span> <span class='ocrx_word' id='word_1_845' title='bbox 3497 4788 3678 4844; x_wconf 86' lang='lat' dir='ltr'><strong>Patrts</strong></span> 
     </span>
    </p>
   </div>
   <div class='ocr_carea' id='block_1_109' title="bbox 2086 4881 3676 4957">
    <p class='ocr_par' dir='ltr' id='par_1_109' title="bbox 2086 4881 3676 4957">
     <span class='ocr_line' id='line_1_109' title="bbox 2086 4881 3676 4957; baseline -0.004 -13"><span class='ocrx_word' id='word_1_846' title='bbox 2086 4889 2213 4956; x_wconf 89' lang='lat' dir='ltr'><strong>mei,</strong></span> <span class='ocrx_word' id='word_1_847' title='bbox 2264 4899 2318 4944; x_wconf 88' lang='lat' dir='ltr'><strong>el</strong></span> <span class='ocrx_word' id='word_1_848' title='bbox 2356 4905 2462 4942; x_wconf 88' lang='lat' dir='ltr'><strong>non</strong></span> <span class='ocrx_word' id='word_1_849' title='bbox 2498 4888 2747 4957; x_wconf 87' lang='lat' dir='ltr'><strong>accipitis</strong></span> <span class='ocrx_word' id='word_1_850' title='bbox 2782 4904 2909 4942; x_wconf 87' lang='lat' dir='ltr'><strong>me:</strong></span> <span class='ocrx_word' id='word_1_851' title='bbox 2953 4888 2995 4943; x_wconf 90' lang='lat' dir='ltr'><strong>si</strong></span> <span class='ocrx_word' id='word_1_852' title='bbox 3026 4887 3168 4941; x_wconf 84' lang='lat' dir='ltr'><strong>alius</strong></span> <span class='ocrx_word' id='word_1_853' title='bbox 3201 4884 3410 4939; x_wconf 85' lang='lat' dir='ltr'><strong>venerit</strong></span> <span class='ocrx_word' id='word_1_854' title='bbox 3456 4881 3676 4937; x_wconf 82' lang='lat' dir='ltr'><strong>nomine</strong></span> 
     </span>
    </p>
   </div>
   <div class='ocr_carea' id='block_1_110' title="bbox 2086 4975 3677 5048">
    <p class='ocr_par' dir='ltr' id='par_1_110' title="bbox 2086 4975 3677 5048">
     <span class='ocr_line' id='line_1_110' title="bbox 2086 4975 3677 5048; baseline -0.003 -14"><span class='ocrx_word' id='word_1_855' title='bbox 2086 4996 2241 5042; x_wconf 62' lang='lat' dir='ltr'><strong>suo,»</strong></span> <span class='ocrx_word' id='word_1_856' title='bbox 2280 4980 2330 5033; x_wconf 87' lang='lat' dir='ltr'><strong>id</strong></span> <span class='ocrx_word' id='word_1_857' title='bbox 2356 4989 2463 5044; x_wconf 87' lang='lat' dir='ltr'><strong>est,</strong></span> <span class='ocrx_word' id='word_1_858' title='bbox 2505 4979 2648 5033; x_wconf 87' lang='lat' dir='ltr'><strong>ﬁlius</strong></span> <span class='ocrx_word' id='word_1_859' title='bbox 2678 4980 2999 5048; x_wconf 84' lang='lat' dir='ltr'><strong>iniquitatis,</strong></span> <span class='ocrx_word' id='word_1_860' title='bbox 3039 4989 3095 5032; x_wconf 93' lang='lat' dir='ltr'><strong>ut</strong></span> <span class='ocrx_word' id='word_1_861' title='bbox 3129 4977 3265 5043; x_wconf 77' lang='lat' dir='ltr'><strong>dixi,</strong></span> <span class='ocrx_word' id='word_1_862' title='bbox 3296 4993 3317 5028; x_wconf 71' lang='grc' dir='ltr'><strong>ι</strong></span> <span class='ocrx_word' id='word_1_863' title='bbox 3348 4976 3496 5030; x_wconf 89' lang='lat' dir='ltr'><strong>illum</strong></span> <span class='ocrx_word' id='word_1_864' title='bbox 3536 4975 3677 5029; x_wconf 80' lang='lat' dir='ltr'><strong>acci-</strong></span> 
     </span>
    </p>
   </div>
   <div class='ocr_carea' id='block_1_111' title="bbox 2085 5068 3673 5141">
    <p class='ocr_par' dir='ltr' id='par_1_111' title="bbox 2085 5068 3673 5141">
     <span class='ocr_line' id='line_1_111' title="bbox 2085 5068 3673 5141; baseline -0.003 -16"><span class='ocrx_word' id='word_1_865' title='bbox 2085 5072 2246 5141; x_wconf 88' lang='lat' dir='ltr'><strong>pietis</strong></span> <span class='ocrx_word' id='word_1_866' title='bbox 2267 5071 2561 5141; x_wconf 64' lang='lat' dir='ltr'><strong>“altaque</strong></span> <span class='ocrx_word' id='word_1_867' title='bbox 2584 5072 2868 5126; x_wconf 87' lang='lat' dir='ltr'><strong>vocabitur</strong></span> <span class='ocrx_word' id='word_1_868' title='bbox 2899 5072 3028 5125; x_wconf 91' lang='lat' dir='ltr'><strong>olim</strong></span> <span class='ocrx_word' id='word_1_869' title='bbox 3050 5070 3214 5125; x_wconf 90' lang='lat' dir='ltr'><strong>Israel</strong></span> <span class='ocrx_word' id='word_1_870' title='bbox 3250 5069 3317 5122; x_wconf 88' lang='lat' dir='ltr'><strong>ad</strong></span> <span class='ocrx_word' id='word_1_871' title='bbox 3341 5068 3673 5140; x_wconf 81' lang='lat' dir='ltr'><strong>agnitionem</strong></span> 
     </span>
    </p>
   </div>
   <div class='ocr_carea' id='block_1_112' title="bbox 2086 5162 3671 5239">
    <p class='ocr_par' dir='ltr' id='par_1_112' title="bbox 2086 5162 3671 5239">
     <span class='ocr_line' id='line_1_112' title="bbox 2086 5162 3671 5239; baseline -0.008 -15"><span class='ocrx_word' id='word_1_872' title='bbox 2086 5169 2312 5234; x_wconf 82' lang='lat' dir='ltr'><strong>Christi,</strong></span> <span class='ocrx_word' id='word_1_873' title='bbox 2360 5180 2412 5224; x_wconf 89' lang='lat' dir='ltr'><strong>et</strong></span> <span class='ocrx_word' id='word_1_874' title='bbox 2470 5170 2646 5239; x_wconf 86' lang='lat' dir='ltr'><strong>gratia</strong></span> <span class='ocrx_word' id='word_1_875' title='bbox 2702 5183 2799 5237; x_wconf 88' lang='lat' dir='ltr'><strong>per</strong></span> <span class='ocrx_word' id='word_1_876' title='bbox 2853 5167 3009 5220; x_wconf 74' lang='lat' dir='ltr'><strong>[idem</strong></span> <span class='ocrx_word' id='word_1_877' title='bbox 3047 5166 3100 5218; x_wconf 89' lang='lat' dir='ltr'><strong>in</strong></span> <span class='ocrx_word' id='word_1_878' title='bbox 3150 5164 3325 5233; x_wconf 90' lang='lat' dir='ltr'><strong>ipsum</strong></span> <span class='ocrx_word' id='word_1_879' title='bbox 3368 5162 3671 5217; x_wconf 83' lang='lat' dir='ltr'><strong>ditabitur:</strong></span> 
     </span>
    </p>
   </div>
   <div class='ocr_carea' id='block_1_113' title="bbox 2085 5252 3673 5333">
    <p class='ocr_par' dir='ltr' id='par_1_113' title="bbox 2085 5252 3673 5333">
     <span class='ocr_line' id='line_1_113' title="bbox 2085 5252 3673 5333; baseline -0.008 -16"><span class='ocrx_word' id='word_1_880' title='bbox 2085 5261 2251 5333; x_wconf 79' lang='lat'><strong>812</strong></span> <span class='ocrx_word' id='word_1_881' title='bbox 2298 5269 2353 5315; x_wconf 85' lang='lat' dir='ltr'><strong>at</strong></span> <span class='ocrx_word' id='word_1_882' title='bbox 2387 5260 2609 5330; x_wconf 87' lang='lat' dir='ltr'><strong>quidam</strong></span> <span class='ocrx_word' id='word_1_883' title='bbox 2649 5258 2798 5329; x_wconf 86' lang='lat' dir='ltr'><strong>impii</strong></span> <span class='ocrx_word' id='word_1_884' title='bbox 2848 5268 2903 5313; x_wconf 88' lang='lat' dir='ltr'><strong>et</strong></span> <span class='ocrx_word' id='word_1_885' title='bbox 2931 5256 3113 5325; x_wconf 85' lang='lat' dir='ltr'><strong>injusti</strong></span> <span class='ocrx_word' id='word_1_886' title='bbox 3146 5252 3673 5309; x_wconf 79' lang='lat' dir='ltr'><strong>remanebuntztum</strong></span> 
     </span>
    </p>
   </div>
   <div class='ocr_carea' id='block_1_114' title="bbox 2087 5347 3674 5422">
    <p class='ocr_par' dir='ltr' id='par_1_114' title="bbox 2087 5347 3674 5422">
     <span class='ocr_line' id='line_1_114' title="bbox 2087 5347 3674 5422; baseline -0.008 -14"><span class='ocrx_word' id='word_1_887' title='bbox 2087 5366 2268 5408; x_wconf 89' lang='lat' dir='ltr'><strong>autem</strong></span> <span class='ocrx_word' id='word_1_888' title='bbox 2320 5353 2490 5407; x_wconf 85' lang='lat' dir='ltr'><strong>veluti</strong></span> <span class='ocrx_word' id='word_1_889' title='bbox 2528 5353 2876 5407; x_wconf 85' lang='lat' dir='ltr'><strong>iustabilibus</strong></span> <span class='ocrx_word' id='word_1_890' title='bbox 2916 5350 3108 5422; x_wconf 86' lang='lat' dir='ltr'><strong>agitati</strong></span> <span class='ocrx_word' id='word_1_891' title='bbox 3143 5347 3418 5412; x_wconf 81' lang='lat' dir='ltr'><strong>fluctibus,</strong></span> <span class='ocrx_word' id='word_1_892' title='bbox 3470 5359 3533 5399; x_wconf 87' lang='lat' dir='ltr'><strong>ac</strong></span> <span class='ocrx_word' id='word_1_893' title='bbox 3562 5359 3674 5397; x_wconf 85' lang='lat' dir='ltr'><strong>om-</strong></span> 
     </span>
    </p>
   </div>
   <div class='ocr_carea' id='block_1_115' title="bbox 2088 5431 3672 5517">
    <p class='ocr_par' dir='ltr' id='par_1_115' title="bbox 2088 5431 3672 5517">
     <span class='ocr_line' id='line_1_115' title="bbox 2088 5431 3672 5517; baseline -0.011 -14"><span class='ocrx_word' id='word_1_894' title='bbox 2088 5448 2141 5503; x_wconf 90' lang='lat' dir='ltr'><strong>ni</strong></span> <span class='ocrx_word' id='word_1_895' title='bbox 2187 5447 2391 5502; x_wconf 85' lang='lat' dir='ltr'><strong>amisso</strong></span> <span class='ocrx_word' id='word_1_896' title='bbox 2432 5446 2652 5517; x_wconf 87' lang='lat' dir='ltr'><strong>gaudio,</strong></span> <span class='ocrx_word' id='word_1_897' title='bbox 2683 5444 3029 5514; x_wconf 85' lang='lat' dir='ltr'><strong>requiescere</strong></span> <span class='ocrx_word' id='word_1_898' title='bbox 3076 5456 3182 5496; x_wconf 91' lang='lat' dir='ltr'><strong>non</strong></span> <span class='ocrx_word' id='word_1_899' title='bbox 3217 5446 3491 5509; x_wconf 85' lang='lat' dir='ltr'><strong>poterunt.</strong></span> <span class='ocrx_word' id='word_1_900' title='bbox 3522 5431 3672 5487; x_wconf 85' lang='lat' dir='ltr'><strong>Con-</strong></span> 
     </span>
    </p>
   </div>
   <div class='ocr_carea' id='block_1_116' title="bbox 2088 5523 3672 5603">
    <p class='ocr_par' dir='ltr' id='par_1_116' title="bbox 2088 5523 3672 5603">
     <span class='ocr_line' id='line_1_116' title="bbox 2088 5523 3672 5603; baseline -0.008 -10"><span class='ocrx_word' id='word_1_901' title='bbox 2088 5549 2337 5595; x_wconf 88' lang='lat' dir='ltr'><strong>tereutur</strong></span> <span class='ocrx_word' id='word_1_902' title='bbox 2393 5538 2873 5603; x_wconf 88' lang='lat' dir='ltr'><strong>enim,diuturna</strong></span> <span class='ocrx_word' id='word_1_903' title='bbox 2937 5534 3232 5591; x_wconf 78' lang='lat' dir='ltr'><strong>etintinita</strong></span> <span class='ocrx_word' id='word_1_904' title='bbox 3296 5543 3453 5600; x_wconf 61' lang='lat' dir='ltr'><strong>paena</strong></span> <span class='ocrx_word' id='word_1_905' title='bbox 3535 5523 3672 5581; x_wconf 59' lang='grc' dir='ltr'>οϐε-</span> 
     </span>
    </p>
   </div>
   <div class='ocr_carea' id='block_1_117' title="bbox 2080 5632 2176 5687">
    <p class='ocr_par' dir='ltr' id='par_1_117' title="bbox 2080 5632 2176 5687">
     <span class='ocr_line' id='line_1_117' title="bbox 2080 5632 2176 5687; baseline -0.01 0"><span class='ocrx_word' id='word_1_906' title='bbox 2080 5632 2176 5687; x_wconf 84' lang='lat' dir='ltr'><strong>eti.</strong></span> 
     </span>
    </p>
   </div>
   <div class='ocr_carea' id='block_1_118' title="bbox 378 5805 1973 5880">
    <p class='ocr_par' dir='ltr' id='par_1_118' title="bbox 378 5807 1973 5880">
     <span class='ocr_line' id='line_1_118' title="bbox 378 5807 1973 5880; baseline -0.001 -14"><span class='ocrx_word' id='word_1_907' title='bbox 378 5861 383 5866; x_wconf 89' lang='lat'><strong>.</strong></span> <span class='ocrx_word' id='word_1_908' title='bbox 455 5810 500 5845; x_wconf 81' lang='lat'><strong>&quot;</strong></span> <span class='ocrx_word' id='word_1_909' title='bbox 531 5808 727 5880; x_wconf 84' lang='lat' dir='ltr'><strong>Ephes.</strong></span> <span class='ocrx_word' id='word_1_910' title='bbox 766 5824 821 5875; x_wconf 85' lang='grc' dir='ltr'><strong>ιι,</strong></span> <span class='ocrx_word' id='word_1_911' title='bbox 866 5807 945 5863; x_wconf 78' lang='lat' dir='ltr'><strong>l3.</strong></span> <span class='ocrx_word' id='word_1_912' title='bbox 1023 5810 1068 5841; x_wconf 78' lang='lat'><strong>&quot;‘</strong></span> <span class='ocrx_word' id='word_1_913' title='bbox 1092 5811 1245 5866; x_wconf 75' lang='lat' dir='ltr'><strong>Deu‘.</strong></span> <span class='ocrx_word' id='word_1_914' title='bbox 1275 5824 1349 5874; x_wconf 76' lang='lat' dir='ltr'><strong>vr,</strong></span> <span class='ocrx_word' id='word_1_915' title='bbox 1384 5809 1437 5863; x_wconf 69' lang='grc'>4.</span> <span class='ocrx_word' id='word_1_916' title='bbox 1515 5812 1560 5842; x_wconf 64' lang='grc' dir='ltr'><strong>’θ</strong></span> <span class='ocrx_word' id='word_1_917' title='bbox 1592 5808 1747 5865; x_wconf 76' lang='lat' dir='ltr'><strong>Joan.</strong></span> <span class='ocrx_word' id='word_1_918' title='bbox 1784 5826 1912 5875; x_wconf 66' lang='lat' dir='ltr'><strong>xvu,</strong></span> <span class='ocrx_word' id='word_1_919' title='bbox 1942 5810 1973 5865; x_wconf 70' lang='lat'><strong>2</strong></span> 
     </span>
    </p>
   </div>
   <div class='ocr_carea' id='block_1_119' title="bbox 2078 5805 3205 5880">
    <p class='ocr_par' dir='ltr' id='par_1_119' title="bbox 2110 5805 3205 5875">
     <span class='ocr_line' id='line_1_119' title="bbox 2110 5805 3205 5875; baseline -0.009 -7"><span class='ocrx_word' id='word_1_920' title='bbox 2110 5814 2153 5845; x_wconf 76' lang='grc' dir='ltr'><strong>³ο</strong></span> <span class='ocrx_word' id='word_1_921' title='bbox 2185 5812 2229 5868; x_wconf 87' lang='grc' dir='ltr'><strong>ιι</strong></span> <span class='ocrx_word' id='word_1_922' title='bbox 2267 5810 2459 5866; x_wconf 85' lang='lat' dir='ltr'><strong>Thess.</strong></span> <span class='ocrx_word' id='word_1_923' title='bbox 2498 5824 2558 5875; x_wconf 87' lang='lat' dir='ltr'><strong>tt,</strong></span> <span class='ocrx_word' id='word_1_924' title='bbox 2603 5810 2686 5865; x_wconf 86' lang='lat' dir='ltr'><strong>l0.</strong></span> <span class='ocrx_word' id='word_1_925' title='bbox 2763 5808 2802 5841; x_wconf 81' lang='grc'><strong>³⁸</strong></span> <span class='ocrx_word' id='word_1_926' title='bbox 2837 5808 2994 5863; x_wconf 78' lang='lat' dir='ltr'><strong>Joan.</strong></span> <span class='ocrx_word' id='word_1_927' title='bbox 3024 5822 3075 5873; x_wconf 76' lang='grc' dir='ltr'><strong>γ,</strong></span> <span class='ocrx_word' id='word_1_928' title='bbox 3117 5805 3205 5861; x_wconf 69' lang='grc'><strong>45.</strong></span> 
     </span>
    </p>
   </div>
  </div>
