4100 6502
459 367 593 422 ίξἻθ

1486 360 1542 413 S.
1584 355 1863 412 CYBILLI
1904 357 2373 414 ALEXANDRINI
2417 357 2741 414 ARCHIEP.

3608 360 3749 419 ιςευ

454 485 597 540 κατά
621 486 846 556 καιροὺς
874 485 904 537 ό
940 480 1155 553 Ἰσραὴλ
1188 480 1270 543 είς
1335 478 1634 549 ἐπίγνωσιν
1676 477 1771 531 τοῦ
1795 475 2068 548 Χριστοῦ,
2108 479 2201 533 καὶ
2243 480 2342 551 τὴν
2379 478 2470 534 διὰ
2525 478 2763 540 πίστεως
2829 474 2930 546 τῆς
2981 475 3061 538 είς
3092 475 3256 530 αὐτὸν
3299 477 3746 546 καταπλουτήσιι

454 576 637 648 χάριν
671 574 889 638 ἀσεϐεῖς
912 574 968 628 δὲ
1021 574 1116 627 καὶ
1142 572 1318 626 ἄδικοί
1342 588 1488 635 τινες
1526 570 1897 642 ἀπομενοῦσι·
1930 572 2026 625 καὶ
2062 575 2186 627 τότε
2254 573 2508 645 καθάπερ
2548 575 2608 628 ὲν
2648 570 2882 627 κλύδωνι
2933 569 3192 633 πεσόντες
3260 570 3484 642 ἀστάτῳ
3507 614 3523 636 ,
3557 571 3655 623 καὶ
3684 571 3745 623 τὸ

456 667 666 739 χαίρειν
707 667 939 720 είσάπαν
983 664 1456 734 ἀποϐεϐληκότες,
1509 663 1931 720 ἀναπαύσασθαι
1969 666 2031 718 οὐ
2105 667 2181 739 μὴ
2211 667 2499 722 δύνωνται⁸
2553 665 3007 739 συντριϐήσονται
3050 662 3161 736 γάρ
3232 665 3419 736 μακρᾷ
3466 666 3561 721 καὶ
3606 666 3735 719 ἀτε-

454 758 698 829 λευτήτῳ
732 758 854 828 δίκῃ
888 758 1298 828 κατισχημένοι..

526 848 654 902 CAP.
684 844 864 900 LVIII.
906 847 1068 901 Vens.
1108 848 1159 901 I.
1188 846 1374 901 Clama
1404 863 1500 917 pro
1537 847 1758 910 uiribus,
1802 863 1864 900 ne
1909 862 2031 912 par-
2065 851 2112 907 Α

455 954 567 1001 cas,
600 938 773 990 instar
807 938 947 991 Iubar
978 938 1186 992 intende
1230 955 1404 992 vocem
1456 948 1626 1003 tuam,
1659 950 1708 993 et
1774 937 2036 992 annuntio

452 1028 648 1094 populo
678 1043 790 1082 meo
822 1036 1037 1096 peccata
1081 1045 1203 1095 sua,
1242 1039 1292 1084 et
1328 1029 1510 1083 domui
1547 1028 1715 1084 Jacob
1740 1029 2041 1099 iniquitates

452 1134 602 1172 suas.

528 1207 795 1264 Sermone
829 1209 896 1264 de
930 1209 1300 1265 lsraelitarum
1337 1210 1625 1266 vocatione
1674 1210 1957 1275 confecto,
1980 1211 2046 1264 ad

456 1300 605 1354 aliud
651 1315 823 1370 genus
878 1302 1267 1357 admonitionis
1308 1304 1539 1365 accedit,
1596 1302 1929 1372 praeclarum
1993 1311 2047 1356 et

456 1390 707 1458 perutile,
735 1405 951 1445 omnem
1017 1392 1351 1446 honestatem
1380 1401 1435 1446 et
1470 1392 1778 1462 splendidas
1815 1406 2048 1446 coronas

459 1478 735 1546 ingerens.
793 1478 899 1534 Sed
936 1479 1229 1535 lectoribus
1280 1480 1453 1548 prius,
1492 1482 1718 1550 opinor,
1746 1481 2047 1550 prophetia!

457 1582 655 1637 scopus
686 1568 1031 1640 relegendus,
1078 1579 1136 1623 ut
1167 1571 1385 1624 videant
1413 1586 1521 1641 quo
1566 1571 1790 1627 demum
1859 1572 2047 1627 tendat

458 1656 652 1714 Itorutu
694 1660 961 1714 dictorum
1016 1666 1306 1717 sententia.
1346 1662 1404 1717 In
1450 1665 1824 1732 superioribus
1864 1667 2047 1735 itaque

466 1751 830 1813 sermonibus,
859 1767 995 1819 quos
1029 1751 1171 1809 Deus
1218 1755 1407 1809 habuit
1445 1757 1512 1811 de
1549 1755 1834 1823 lsraclitis,
1873 1758 2049 1812 mani-

457 1837 609 1892 festa:
658 1851 813 1895 erant
867 1841 990 1897 belli
1048 1852 1103 1898 et
1143 1845 1368 1914 jdtlljam
1435 1846 1632 1902 futurae
1701 1847 2032 1904 calamitatis

457 1931 788 1988 inevitabilis
818 1935 1381 2005 praesigniﬁcatlones.
1410 1938 1558 1993 Dixit
1600 1938 1783 1995 enim:
1814 1959 1834 1992 ι
1855 1938 2045 1993 Etnon

457 2023 743 2077 recordata
776 2039 834 2080 es
857 2027 987 2094 mei,
1026 2042 1204 2097 neque
1253 2043 1340 2084 me
1408 2030 1697 2099 reposuisti
1757 2032 1810 2086 itt
1869 2041 2047 2086 mente

460 2121 577 2180 tua,
630 2130 805 2186 neque
842 2116 895 2171 in
937 2119 1102 2172 corde
1142 2130 1262 2174 tuo.
1294 2118 1361 2175 Et
1411 2135 1512 2190 ego
1552 2122 1742 2178 videns
1784 2130 1838 2176 te
1866 2122 2043 2191 despi-

459 2210 567 2273 cio,
606 2222 692 2261 me
730 2224 837 2264 non
890 2211 1141 2267 timuisti.
1175 2212 1287 2284 Ego
1331 2228 1461 2268 vero
1503 2216 1836 2270 annuntiabo
1878 2215 2040 2285 justi-

461 2297 593 2351 tiam
653 2314 854 2365 meam,
897 2311 946 2356 et
1003 2302 1142 2357 mala
1179 2312 1289 2369 tua,
1323 2319 1443 2373 qua:
1475 2313 1528 2359 te
1592 2319 1700 2358 non
1754 2305 2043 2373 juvabnnt.

462 2388 598 2445 Cum
634 2391 1223 2466 ciantaveris,erlpiant
1255 2404 1306 2451 te
1333 2397 1387 2451 in
1428 2395 1718 2452 atilictione
1750 2398 1819 2453 ³³.
1848 2417 1869 2450 ι
1900 2396 2048 2453 Disi-

464 2496 587 2535 mus
635 2490 840 2548 autem,
874 2484 962 2539 hic
1021 2500 1144 2540 eum
1182 2486 1325 2541 mala
1380 2486 1752 2543 Israelitarum
1828 2502 2045 2552 vocare,

463 2572 729 2628 idolorum
769 2574 1011 2635 inventa.
1042 2576 1276 2651 Ideoque
1309 2580 1429 2635 ait:
1467 2579 1644 2636 «Cum
1703 2580 2047 2649 clamaveris,

461 2663 698 2732 eripiant
758 2676 809 2722 te
851 2668 903 2722 in
944 2668 1239 2728 alﬂictione
1311 2682 1422 2729 tua.
1456 2692 1475 2727 ι
1521 2674 1654 2731 Erat
1704 2677 1869 2748 igitur
1933 2678 2050 2734 haec

460 2755 707 2824 quzrdam
777 2758 903 2814 belli
941 2761 1300 2828 denuntiatio,
1342 2775 1395 2819 et
1453 2766 1557 2821 ltoc
1622 2768 1763 2837 apud
1828 2766 2047 2824 Iudaeos

460 2848 791 2917 percrebuit.
829 2848 932 2905 Sed
984 2852 1126 2909 inter
1168 2871 1263 2911 eos
1298 2857 1521 2926 quidam
1563 2866 1724 2913 erant
1755 2870 2041 2928 captantes

462 2938 683 3006 pietatis
740 2943 1226 3014 existimationem,
1268 2956 1323 3005 et
1365 2952 1767 3008 committentes
1830 2955 2050 3024 quidem

464 3039 672 3087 temere
711 3049 832 3103 quae
873 3036 955 3091 I'as
998 3053 1107 3093 non
1166 3049 1251 3094 est
1319 3041 1526 3105 dicere,
1568 3045 1810 3099 externis
1867 3056 2048 3100 tamen

462 3121 756 3180 decoribus
797 3141 919 3181 sese
959 3140 1309 3195 exornantes,
1332 3141 1390 3188 et
1426 3134 1763 3201 opinionem,
1797 3146 1856 3189 ut
1898 3136 2036 3200 dixi,

476 3213 762 3281 probitatis
817 3230 1173 3288 aucupantes.
1232 3220 1327 3277 Sic
1377 3230 1433 3278 et
1470 3222 1718 3290 jejuuare
1758 3240 1838 3292 se,
1865 3234 2055 3282 etcre-

2222 843 2591 913 Ὰναόὁησογ
2652 845 2724 898 ἐν
2785 844 2985 913 ίσχύτ,
3058 842 3159 896 καί
3220 843 3309 913 μὴ
3360 845 3581 914 φείσῃθ
3656 851 3739 917 ὡς

2149 932 2457 1005 σάλπιγγα
2501 936 2757 1004 ὕψωσον
2794 933 2912 1001 τὴν
2960 933 3170 1001 φωνήν
3215 948 3353 997 σου,
3409 934 3509 987 καί
3555 938 3734 1009 ἀνάγ-

2149 1030 2355 1091 Tentor-
2386 1026 2467 1092 τῷ
2503 1024 2632 1091 λαῷ
2688 1042 2808 1095 μου
2835 1023 2946 1090 τὰς
2970 1024 3253 1093 ἁμαρτίας
3275 1024 3495 1089 αὐτῶν,
3528 1028 3629 1083 καί
3665 1028 3744 1095 τῷ

2149 1116 2295 1181 οἴκῳ
2335 1119 2546 1172 Ἰακὼϐ
2573 1119 2680 1184 τὰς
2707 1117 2961 1186 ἀνομίας
2983 1115 3203 1171 αὐτῶν.

2222 1207 2361 1271 Τοὺς
2388 1207 2517 1278 περὶ
2545 1210 2645 1278 τῆς
2667 1207 2914 1276 κλήσεως
2933 1206 3041 1259 τῶν
3064 1205 3121 1271 ἐξ
3161 1204 3381 1277 Ἰσραὴλ
3404 1206 3742 1281 διαπεράνας

2150 1297 2364 1367 λόγους,
2394 1300 2479 1369 ἐφ’
2508 1298 2697 1370 ἔτερόν
2747 1315 2872 1351 τινα
2900 1296 3187 1359 νουθεσίας
3220 1298 3441 1367 ἔρχεται
3494 1300 3701 1370 τρόπον
3723 1340 3738 1363 ,

2152 1387 2313 1442 καλὸν
2334 1389 2428 1442 καὶ
2449 1388 2730 1457 ὲπωφελῆ,
2760 1387 2853 1440 καὶ
2885 1387 3104 1456 ἀπάσης
3136 1387 3435 1457 εὐκοσμίας
3458 1388 3739 1461 πρόξενον,

2149 1481 2245 1535 καὶ
2277 1479 2546 1553 λαμπρῶν
2577 1478 2856 1549 στεφάνων
2877 1478 3255 1550 ὲμποιητικόν·
3280 1478 3482 1549 χρῆναι
3508 1479 3566 1531 δέ
3592 1497 3740 1550 φημι

2148 1570 2241 1625 τὸν
2280 1571 2381 1641 τῆς
2431 1570 2774 1641 προφητείας
2824 1570 3026 1624 σκοπὸν
3081 1570 3589 1642 προαπογυμνῶσαι
3629 1573 3741 1635 τοῖς

2148 1662 2575 1733 ἐντευξομένοις,
2591 1662 2667 1727 ὡς
2686 1662 2954 1716 ἃνείδεῖεν
2982 1662 3068 1731 ἐφ’
3090 1661 3198 1732 ὅτῳ
3211 1661 3397 1714 λοιπὸν
3418 1663 3446 1714 ό
3462 1661 3568 1715 τῶν
3586 1663 3740 1733 εἰρη-

2152 1756 2333 1827 μένων
2351 1754 2685 1809 συντείνεται
2712 1752 2859 1817 νοῦς.
2888 1753 3098 1808 Οὐκοῦν
3124 1756 3183 1808 ὲν
3200 1758 3310 1817 τοῖς
3326 1754 3522 1807 ἀνόπιν
3536 1753 3739 1823 λόγοις,

2149 1842 2231 1912 οἷς
2261 1847 2555 1917 πεποίηται
2580 1846 2715 1911 Θεὸς
2758 1847 2889 1917 περὶ
2940 1846 3050 1899 τῶν
3092 1845 3152 1913 ἐξ
3193 1844 3432 1918 Ἰσραήλ,
3476 1846 3743 1916 ἐμφανεῖς

2157 1934 2300 2010 ἦσαν
2325 1939 2566 2010 πολέμου
2606 1937 2702 1991 καὶ
2731 1939 2811 2001 είς
2823 1937 2945 1990 ὅσον
2963 1934 3176 1988 οὐδέπω
3197 1935 3579 2006 παρεσομένης
3598 1935 3743 1988 ἀδια-

2149 2032 2353 2102 φύκτου
2369 2044 2431 2084 συ
2441 2030 2653 2101 μφορᾶς
2668 2026 3174 2103 [προαπαγγελίαι].
3186 2026 3332 2097 Ἔφη
3354 2028 3481 2098 γάρ·
3492 2045 3510 2077 ι
3524 2026 3633 2079 Καὶ
3643 2026 3742 2079 οὒκ

2148 2124 2428 2196 ἐμνήσθης
2457 2140 2582 2195 μου,
2619 2120 2739 2177 οὐδὲ
2772 2120 2964 2184 ἔλαὸές
2993 2136 3064 2191 με
3094 2122 3175 2184 είς
3201 2119 3302 2191 τὴν
3331 2118 3575 2172 διάνοιάν
3621 2132 3740 2181 σου,

2145 2217 2265 2271 οὐδὲ
2293 2217 2371 2279 είς
2398 2216 2496 2287 τὴν
2518 2214 2745 2287 καρδίαν
2777 2228 2894 2268 σου*
2933 2210 3091 2281 κάγὼ
3126 2210 3250 2265 ίδών
3292 2226 3352 2264 σε
3379 2208 3627 2282 παρορῶ,
3649 2212 3743 2263 καὶ⁵

2146 2308 2249 2380 ἐμὲ
2271 2310 2373 2363 οὐκ
2394 2308 2692 2379 ἐφοϐήθης
2729 2306 2887 2376 κάγὼ
2931 2304 3233 2375 ἀπαγγελῶ
3270 2304 3370 2374 τὴν
3400 2302 3746 2371 δικαιοσύνην

2154 2414 2277 2471 μου,
2303 2399 2399 2452 καὶ
2432 2398 2502 2452 τὰ
2530 2398 2679 2452 κακά
2710 2415 2825 2463 σου,
2873 2396 2911 2451 ἀ
2949 2396 3051 2450 οὐκ
3076 2393 3422 2465 ὠφελήσουσί
3457 2409 3539 2445 σε.
3574 2390 3747 2445 Ὅταν

2151 2490 2504 2563 ἀναϐοήσῃς,
2554 2489 2926 2555 ἐξελέσθωσάν
2982 2504 3044 2542 σε
3095 2488 3154 2541 ὲν
3203 2488 3270 2558 τῇ
3335 2484 3511 2554 θλίψει
3565 2499 3682 2536 σου.
3723 2499 3742 2532 ι

2162 2583 2452 2654 Ἐλέγομεν
2497 2583 2576 2645 δὲ,
2613 2584 2698 2636 ὅτι
2753 2582 2903 2636 κακά
2958 2598 3125 2653 φησιν
3174 2580 3234 2632 ὲν
3277 2578 3491 2640 τούτοις
3540 2574 3648 2628 τῶν
3688 2573 3752 2639 ἐξ

2162 2674 2403 2747 Ἰσραὴλ,
2436 2674 2506 2729 τὰ
2536 2675 2631 2729 ἐπὶ
2675 2677 2789 2738 τοῖς
2816 2672 3056 2737 εἰδώλοις
3090 2673 3404 2743 εὑρήματα.
3431 2666 3534 2721 Διά
3590 2664 3752 2720 τοῦτο

2152 2766 2249 2820 καὶ
2287 2765 2549 2835 ἔφασκενο
2592 2783 2612 2816 ι
2646 2766 2817 2818 Ὅταν
2867 2761 3211 2832 ἀναδοήσῃς,
3263 2754 3636 2826 έξελέσθωσάν
3688 2770 3751 2807 σε

2152 2858 2212 2911 ἐν
2239 2860 2305 2929 τῇ
2338 2856 2516 2925 θλίψει
2545 2872 2663 2910 σου.
2707 2873 2727 2907 ι
2761 2849 2871 2908 Ἦν
2893 2847 2986 2907 οὖν
3012 2852 3121 2925 ἄρα
3170 2851 3286 2905 τισὶ
3331 2846 3753 2922 προαπαγγελία

2155 2950 2394 3020 πολέμου
2420 2989 2434 3013 ,
2490 2950 2588 3003 καὶ
2650 2946 3051 3018 ὲκτεθρύλλητο
3101 2943 3253 3015 παρά
3304 2944 3417 3006 τοῖς
3480 2938 3752 2994 Ἰουδαίων

2151 3042 2346 3112 δήμοις
2376 3038 2551 3093 τοῦτο·
2605 3039 2722 3093 ἀλλ’
2754 3035 2899 3110 ἦσάν
2951 3055 3095 3102 τινες
3136 3037 3195 3091 ὲν
3252 3035 3438 3097 αὐτοῖς
3462 3030 3752 3092 εὐλαϐείας

2152 3134 2376 3205 δόκησιν
2404 3131 2799 3206 περικείμενοι,
2833 3130 2928 3185 καὶ
2971 3130 3205 3202 δρῶντες
3240 3128 3338 3198 μὲν
3387 3125 3751 3195 ἀφυλάκτως,

2153 3226 2190 3280 ἃ
2223 3226 2359 3298 μηδὲ
2393 3224 2557 3295 θέμις
2583 3226 2782 3284 είπεϊν,
2814 3222 3122 3293 ὼραῖσμοῖς
3149 3219 3204 3273 δὲ
3235 3220 3345 3282 τοῖς
3393 3217 3593 3281 ἔξωθεν
3624 3216 3753 3267 ἑαυ-

464 3303 595 3359 bras
654 3308 934 3366 orationes
979 3312 1182 3367 habere
1225 3315 1579 3382 simulabant,
1649 3316 1774 3371 hinc
1822 3319 1923 3372 rati
1981 3319 2047 3371 di~

2157 3316 2286 3379 τοὺς
2317 3311 2837 3375 κατακαλλύνοντες,
2857 3312 2953 3365 καὶ
2977 3309 3135 3375 δόξαν
3158 3304 3566 3369 ὲπιεικείας,ὼς
3592 3304 3751 3375 ἔφην,

466 3395 646 3452 vinam
694 3398 829 3456 iram
876 3417 936 3458 se
983 3420 1143 3474 posse
1193 3407 1491 3463 declinare.
1539 3410 1786 3479 Cumque
1827 3410 1879 3463 in
1919 3410 2047 3465 obli-

2158 3404 2521 3477 ἁρπάζοντες.
2562 3398 2726 3458 Οὗτοι
2771 3403 2868 3456 καὶ
2894 3404 3151 3474 νηστείας
3187 3399 3610 3460 ὑπεπλάττοντο,
3656 3396 3754 3449 καὶ

467 3490 681 3547 vionem
724 3508 948 3580 suorum
981 3498 1300 3554 delictorum
1336 3501 1755 3567 adducerentur,
1784 3502 2047 3569 putabant

2162 3498 2364 3568 συχνὰς
2413 3495 2690 3550 ποιεῖσθαι
2742 3494 2842 3559 τὰς
2896 3492 3227 3566 προσευχὰς,
3278 3486 3752 3580 ἀποσκευάζεσθαι

468 3576 789 3639 ίωιίἰεεὶηια
842 3597 1062 3655 patrare
1121 3589 1321 3652 solitis,
1394 3591 1459 3643 ad
1518 3590 1965 3657 justiticationem
2002 3601 2047 3646 et

2160 3586 2248 3641 διὰ
2283 3587 2475 3640 τούτου
2508 3586 2823 3657 νομίζοντες
2838 3585 2905 3638 τά
2926 3585 2990 3638 ὲκ
3009 3583 3111 3652 τῆς
3140 3581 3293 3645 θείας
3319 3581 3509 3652 ὀργῆς.
3539 3577 3755 3633 Οὐκοῦν

468 3676 957 3733 sanctiﬁcationem
1004 3679 1253 3735 sniiicere
1315 3680 1486 3734 solam
1555 3682 1938 3736 abstinentiam
1998 3692 2047 3737 et

2162 3679 2469 3751 ἐπειδήπερ
2499 3680 2579 3742 είς
2627 3677 2799 3750 λήθην
2843 3677 3195 3747 ἔνηνεγμένοι
3225 3675 3335 3728 τῶν
3374 3672 3518 3727 ἰδίων
3564 3671 3755 3740 πλημ-

467 3768 867 3841 precationem.
930 3768 1150 3823 Mandat
1198 3779 1379 3824 autem
1445 3771 1720 3840 propheta:
1784 3772 1943 3836 Deus,
1986 3773 2047 3825 itt-

2151 3772 2521 3843 -μελημάτων,
2579 3771 2838 3841 ᾠήθησαν
2892 3772 2975 3824 δτι
3017 3772 3128 3832 τοῖς
3186 3768 3255 3821 τὰ
3313 3768 3568 3836 αἴσχιστα
3623 3762 3758 3834 δρᾷν

468 3855 701 3925 quiens:
741 3874 759 3908 ι
798 3856 985 3912 Clama
1023 3874 1121 3927 pro
1185 3860 1395 3914 viribus
1422 3901 1438 3927 ,
1482 3877 1549 3915 ne
1608 3874 1829 3929 parcas,
1891 3864 2047 3917 instat

2162 3863 2414 3916 εἰωθόσιν
2446 3862 2664 3933 ἀπόχρη
2688 3860 2825 3931 πρὸς
2841 3860 3125 3913 δικαίωσιν
3162 3859 3257 3912 καὶ
3276 3857 3548 3928 ἀγιασμδν
3571 3854 3760 3908 ἀσιτία

474 3946 622 4002 tubae
689 3947 911 4002 intende
960 3964 1148 4005 vocem
1231 3959 1400 4016 tuam,
1435 3960 1490 4005 ct
1532 3953 1793 4006 annuntia
1863 3954 2047 4021 populc

2170 3956 2305 4026 μόνη
2365 3955 2458 4008 καὶ
2494 3954 2792 4024 προσευχή·
2836 3951 3165 4024 προστάττει
3191 3950 3324 4014 Θεὸς
3350 3950 3427 4020 τῷ
3463 3947 3720 4018 προφήτῃ
3743 3987 3756 4007 ι

471 4051 596 4094 meo
630 4050 850 4109 peccata
873 4054 996 4107 sua,
1021 4050 1072 4096 et
1102 4042 1286 4097 domui
1313 4041 1482 4098 Iacob
1513 4043 1826 4113 iniquitates
1847 4060 1992 4100 suas.
2027 4064 2047 4098 ο

2164 4047 2361 4116 λέγων’
2398 4065 2416 4098 ι
2441 4045 2770 4114 Ἀναδόησον
2791 4046 2850 4097 ὲν
2878 4041 3042 4114 ἰσχύϊ,
3078 4042 3266 4114 καὶμὴ
3298 4041 3459 4113 φείσῃ
3477 4058 3489 4069 ·
3527 4039 3603 4101 ὡς
3627 4037 3759 4089 σέλ-

470 4127 590 4184 Non
634 4131 871 4196 occulte,
913 4132 1110 4203 inquit,
1156 4149 1255 4190 nec
1316 4135 1370 4189 in
1437 4136 1761 4191 abscondito
1829 4136 2047 4205 loquere

2170 4156 2344 4207 πιγγα
2374 4136 2589 4207 ὖψωσον
2630 4136 2730 4206 τὴν
2761 4136 2946 4206 φωνήν
2978 4151 3095 4201 σου,
3146 4135 3243 4188 καὶ
3301 4129 3622 4199 ἀνάγγειλον
3678 4127 3761 4195 τῷ

469 4221 763 4292 aliquibus,
807 4225 973 4295 813
1026 4226 1120 4282 sed
1163 4226 1375 4281 inteusa
1426 4238 1482 4283 et
1526 4230 1667 4284 elata
1696 4245 1830 4284 voce
1875 4231 2047 4299 potius

2151 4228 2265 4299 λαῷ
2296 4244 2395 4298 μου
2414 4227 2485 4279 τὰ.
2508 4228 2726 4297 άμαρτή
2738 4241 2882 4296 ματα
2898 4224 3098 4281 αὐτῶν.
3127 4242 3145 4274 ι
3170 4224 3261 4294 Μὴ
3293 4224 3403 4294 γὰρ
3439 4222 3503 4292 δὴ
3534 4220 3760 4290 λεληθό-

471 4322 643 4379 utere,
673 4326 730 4370 et
758 4318 906 4371 omni
950 4317 1198 4372 libertate
1225 4319 1602 4389 delinquentes
1658 4321 1945 4391 redargne.
1990 4321 2047 4375 Et

2154 4336 2288 4383 τως,
2352 4320 2509 4389 φησὶ,
2565 4319 2704 4388 μήτε
2753 4317 2860 4387 μὴν
2913 4319 2972 4370 ὲν
3030 4316 3367 4387 παραϐύστῳ
3413 4314 3564 4367 λάλει
3604 4313 3752 4366 τισί·

469 4404 683 4459 discant
731 4419 829 4460 sua
877 4407 1094 4472 delicta,
1134 4416 1191 4463 et
1238 4420 1269 4462 a
1299 4407 1498 4478 quibus
1542 4410 1928 4465 abstinendum
1952 4410 2046 4474 sit,

2161 4411 2400 4481 κέχρησο
2423 4409 2479 4462 δὲ
2512 4408 2713 4480 μᾶλλον
2745 4407 2923 4479 ὑψηλῇ
2956 4425 3065 4465 τινι
3116 4407 3210 4461 κα)⁵
3265 4406 3554 4478 ἐπηρμένη
3583 4407 3761 4475 φωνῇ,

467 4496 735 4565 siquidem
770 4499 935 4553 velint
961 4499 1101 4569 apud
1127 4500 1294 4555 Deum
1336 4501 1389 4555 in
1423 4502 1607 4572 aliquo
1630 4517 1751 4558 esse
1775 4503 1972 4572 pretio,
1997 4511 2047 4555 et

2151 4501 2243 4555 καὶ
2269 4501 2329 4553 ἐν
2360 4500 2509 4571 πάσῃ
2537 4497 2823 4571 παρρησίᾳ
2861 4499 2988 4561 τοὺς
3026 4495 3487 4568 πλημμελοῦντας
3533 4494 3759 4572 ἔλεγχε,

469 4584 587 4653 eius
640 4587 783 4656 digni
837 4603 961 4644 esse
997 4591 1395 4646 misericordia.
1587 4596 1593 4602 ”

2151 4592 2244 4647 καὶ
2273 4563 2695 4663 μανθανέτωσαν
2713 4563 2724 4570 ’
2744 4563 2955 4643 ἑαυτῶν
3010 4593 3079 4642 τά
3125 4563 3426 4660 μμελή
3437 4603 3602 4658 ματα.
3668 4563 3763 4637 και

469 4672 550 4735 ὧν
609 4681 946 4753 ἀποσχέσθαι
1011 4684 1168 4757 χρῆν,
1217 4685 1378 4759 εἴπερ
1446 4686 1642 4757 ἧθελον
1707 4682 1848 4743 εἶναι
1905 4686 2058 4758 παρά
2132 4684 2253 4757 Θεῷ
2314 4686 2522 4756 τίμιοι,
2572 4686 2668 4739 καὶ
2710 4682 2926 4756 φειδοῦς
2965 4681 3107 4748 ἄξιοι
3139 4686 3253 4747 τοῖς
3286 4682 3417 4754 [ίσ.
3446 4677 3592 4751 τῆς]
3629 4680 3766 4750 παρ’

470 4767 657 4822 αὑτοῦ.

545 4861 709 4916 Vens.
738 4860 791 4915 2.
820 4860 908 4916 He
939 4862 1004 4916 de
1032 4863 1117 4917 die
1150 4863 1204 4917 in
1238 4863 1376 4918 diem
1409 4873 1670 4934 quierunt,
1701 4874 1748 4918 et
1782 4865 1915 4919 scire
1951 4862 2047 4919 vim

2249 4858 2390 4929 Ἐμὲ
2418 4860 2646 4929 ἡμέραν
2674 4861 2744 4923 ἐξ
2793 4861 3018 4930 ἡμέρας
3060 4859 3325 4928 ζητοῦσι,
3377 4850 3477 4914 καὶ
3539 4860 3768 4930 γνῶναί

470 4968 614 5007 mea:
650 4954 887 5021 cupiunt,
918 4955 1069 5019 quasi
1103 4954 1329 5023 populus
1360 4956 1449 5024 qui
1479 4955 1748 5026 justitiam
1784 4955 1987 5026 fecerit,
2019 4972 2046 5009 ε

2163 4970 2285 5023 μου
2305 4953 2410 5020 τὰς
2434 4953 2617 5021 ὁδοὺς
2646 4954 3068 5023 ἐπιθυμοῦσιν,
3091 4954 3167 5020 ὡς
3196 4952 3349 5019 λαός
3368 4951 3769 5021 δικαιοσύνην

468 5044 732 5111 judicium
764 5044 859 5099 Dei
888 5045 969 5098 sui
998 5044 1358 5117 dereliquerit.

2171 5045 2532 5113 πεποιηκὼς,
2564 5046 2663 5100 καὶ
2696 5048 2901 5115 κρίσιν
2935 5046 3085 5100 Θεοῦ
3116 5045 3302 5100 αὐτοῦ
3326 5043 3414 5115 μὴ
3444 5045 3768 5115 erratum.“-

2167 5137 2414 5204 λοιπώς.

2240 5230 2605 5290 Συνάπτουσι,
2630 5229 2817 5301 φησὶν,
2840 5230 3057 5301 ἡμέραν
3087 5229 3450 5301 ἡμέραις,τὴν
3476 5228 3607 5301 παρ’
3627 5226 3768 5299 ἐμοῦ

472 5314 760 5383 auxilium,
790 5321 846 5369 et
878 5327 1027 5367 meas
1053 5314 1169 5368 vias
1202 5314 1346 5372 scire
1376 5317 1641 5381 volentes,
1669 5317 1720 5372 id
1754 5327 1858 5381 est,
1891 5320 2042 5388 cujus

2175 5317 2471 5391 ζητοῦντες
2500 5320 2851 5392 ἐπικουρίαν.
2880 5321 2975 5374 καὶ
2995 5320 3201 5388 γνῶναι
3228 5320 3475 5383 θέλοντες
3496 5318 3597 5383 τὰς
3622 5319 3768 5389 έμὰς

477 5420 585 5475 que
613 5407 690 5461 rei
722 5404 1271 5463 administrationem.
1302 5408 1450 5464 Bello
1482 5407 1626 5463 enim
1658 5408 1899 5478 undique
1932 5426 2047 5465 nun

2169 5410 2346 5475 ὀδοὺς,
2377 5411 2622 5466 τουτέστι
2661 5412 2757 5475 τὰς
2788 5413 2871 5481 ἐφ’
2888 5412 3106 5483 ἑκάστῳ
3129 5411 3418 5484 πράγματι
3438 5411 3763 5481 διοικήσεις.

485 5497 647 5564 tiato,
681 5506 736 5553 et
779 5498 1031 5554 omnibus
1077 5507 1223 5554 metu
1257 5500 1510 5568 turbatis,
1555 5500 1968 5571 jejttnaveru‘nt,
2005 5518 2047 5557 at

2174 5501 2422 5573 Πολέμου
2469 5502 2581 5573 γὰρ
2620 5502 3094 5575 περιηγγελμένου
3118 5544 3132 5571 ,
3170 5504 3263 5557 καὶ
3297 5502 3464 5573 φόϐου
3495 5502 3561 5556 τὰ
3586 5502 3767 5556 πάντα

484 5598 744 5653 putarunt
774 5605 832 5644 se
868 5589 1181 5659 cognituros
1232 5604 1338 5659 quo
1375 5593 1590 5646 tandem
1628 5592 1802 5647 abiret
1838 5591 1911 5644 rei
1975 5604 2047 5647 ex-

2172 5593 2621 5664 διακυκήσαντος,
2670 5596 3061 5668 νενηστεύκασι
3115 5595 3233 5666 μὲν,
3272 5595 3530 5666 ᾠήθησαν
3578 5593 3634 5649 δὲ
3679 5594 3766 5648 ὅτι

546 5222 814 5294 Iungunt,
862 5222 1069 5291 inquit,
1114 5223 1231 5279 dies
1282 5224 1503 5291 diebus,
1551 5240 1579 5280 a
1629 5242 1716 5280 me
1760 5237 2066 5296 qutnrentcs

558 5762 602 5794 "
636 5765 739 5821 lsa.
778 5782 906 5823 Lm.
935 5766 1117 5823 H-Il’r.
