  <div class='ocr_page' id='page_1' title='image "/cluster/home/n/w/nwhite01/storage/ocr_20150623/70:no.3/coo.31924054869726/648.png"; bbox 0 0 4100 6452; ppageno 0'>
   <div class='ocr_carea' id='block_1_1' title="bbox 348 408 482 465">
    <p class='ocr_par' dir='ltr' id='par_1_1' title="bbox 348 408 482 465">
     <span class='ocr_line' id='line_1_1' title="bbox 348 408 482 465; baseline 0.007 -1"><span class='ocrx_word' id='word_1_1' title='bbox 348 408 482 465; x_wconf 70' lang='grc'><strong>1281</strong></span> 
     </span>
    </p>
   </div>
   <div class='ocr_carea' id='block_1_2' title="bbox 1461 410 2490 471">
    <p class='ocr_par' dir='ltr' id='par_1_2' title="bbox 1461 410 2490 471">
     <span class='ocr_line' id='line_1_2' title="bbox 1461 410 2490 471; baseline 0.002 -4"><span class='ocrx_word' id='word_1_2' title='bbox 1461 410 1527 467; x_wconf 65' lang='lat' dir='ltr'><strong>IN</strong></span> <span class='ocrx_word' id='word_1_3' title='bbox 1572 410 1806 467; x_wconf 73' lang='lat' dir='ltr'><strong>ISAIAM</strong></span> <span class='ocrx_word' id='word_1_4' title='bbox 1846 411 1976 467; x_wconf 85' lang='lat' dir='ltr'><strong>LIB.</strong></span> <span class='ocrx_word' id='word_1_5' title='bbox 2018 411 2083 467; x_wconf 67' lang='grc' dir='ltr'>γ.</span> <span class='ocrx_word' id='word_1_6' title='bbox 2127 412 2364 471; x_wconf 75' lang='lat' dir='ltr'><strong>TOMUS</strong></span> <span class='ocrx_word' id='word_1_7' title='bbox 2401 412 2490 469; x_wconf 91' lang='grc' dir='ltr'><strong>ΙΙΙ.</strong></span> 
     </span>
    </p>
   </div>
   <div class='ocr_carea' id='block_1_3' title="bbox 3492 418 3633 478">
    <p class='ocr_par' dir='ltr' id='par_1_3' title="bbox 3492 418 3633 478">
     <span class='ocr_line' id='line_1_3' title="bbox 3492 418 3633 478; baseline -0.021 0"><span class='ocrx_word' id='word_1_8' title='bbox 3492 418 3633 478; x_wconf 69' lang='lat'><strong>1282</strong></span> 
     </span>
    </p>
   </div>
   <div class='ocr_carea' id='block_1_4' title="bbox 344 530 1946 612">
    <p class='ocr_par' dir='ltr' id='par_1_4' title="bbox 344 530 1940 606">
     <span class='ocr_line' id='line_1_4' title="bbox 344 530 1940 606; baseline 0.003 -23"><span class='ocrx_word' id='word_1_9' title='bbox 344 530 710 603; x_wconf 73' lang='grc' dir='ltr'>μαθήσονται,</span> <span class='ocrx_word' id='word_1_10' title='bbox 748 534 841 586; x_wconf 76' lang='grc' dir='ltr'>καὶ</span> <span class='ocrx_word' id='word_1_11' title='bbox 884 534 1006 586; x_wconf 78' lang='grc' dir='ltr'>ὅποι</span> <span class='ocrx_word' id='word_1_12' title='bbox 1053 533 1186 587; x_wconf 76' lang='grc' dir='ltr'>ποτὲ</span> <span class='ocrx_word' id='word_1_13' title='bbox 1225 534 1286 588; x_wconf 86' lang='grc' dir='ltr'><strong>τδ</strong></span> <span class='ocrx_word' id='word_1_14' title='bbox 1319 532 1418 587; x_wconf 85' lang='grc' dir='ltr'><strong>τοῦ</strong></span> <span class='ocrx_word' id='word_1_15' title='bbox 1466 535 1794 606; x_wconf 80' lang='grc' dir='ltr'>πράγματος</span> <span class='ocrx_word' id='word_1_16' title='bbox 1819 533 1940 605; x_wconf 68' lang='grc' dir='ltr'>ἡξει</span> 
     </span>
    </p>
   </div>
   <div class='ocr_carea' id='block_1_5' title="bbox 2046 530 3634 612">
    <p class='ocr_par' dir='ltr' id='par_1_5' title="bbox 2047 533 3634 612">
     <span class='ocr_line' id='line_1_5' title="bbox 2047 533 3634 612; baseline 0.006 -24"><span class='ocrx_word' id='word_1_17' title='bbox 2047 534 2175 591; x_wconf 67' lang='lat' dir='ltr'><strong>ilus.</strong></span> <span class='ocrx_word' id='word_1_18' title='bbox 2216 533 2360 600; x_wconf 88' lang='lat' dir='ltr'><strong>lloc,</strong></span> <span class='ocrx_word' id='word_1_19' title='bbox 2396 537 2608 606; x_wconf 88' lang='lat' dir='ltr'><strong>npinor,</strong></span> <span class='ocrx_word' id='word_1_20' title='bbox 2644 544 2756 601; x_wconf 90' lang='lat' dir='ltr'><strong>est,</strong></span> <span class='ocrx_word' id='word_1_21' title='bbox 2792 534 2919 592; x_wconf 86' lang='lat' dir='ltr'><strong>Vias</strong></span> <span class='ocrx_word' id='word_1_22' title='bbox 2957 552 3107 593; x_wconf 77' lang='lat' dir='ltr'><strong>meas</strong></span> <span class='ocrx_word' id='word_1_23' title='bbox 3135 540 3377 609; x_wconf 80' lang='lat' dir='ltr'><strong>cupiunt.</strong></span> <span class='ocrx_word' id='word_1_24' title='bbox 3396 540 3634 612; x_wconf 85' lang='lat' dir='ltr'><strong>Cupiunt</strong></span> 
     </span>
    </p>
   </div>
   <div class='ocr_carea' id='block_1_6' title="bbox 344 623 1941 699">
    <p class='ocr_par' dir='ltr' id='par_1_6' title="bbox 344 623 1941 699">
     <span class='ocr_line' id='line_1_6' title="bbox 344 623 1941 699; baseline 0.001 -21"><span class='ocrx_word' id='word_1_25' title='bbox 344 624 542 696; x_wconf 76' lang='grc' dir='ltr'>πέρας.</span> <span class='ocrx_word' id='word_1_26' title='bbox 574 623 769 684; x_wconf 84' lang='grc' dir='ltr'>Τοῦτο,</span> <span class='ocrx_word' id='word_1_27' title='bbox 797 624 975 695; x_wconf 82' lang='grc' dir='ltr'>οἶμαι,</span> <span class='ocrx_word' id='word_1_28' title='bbox 1016 627 1135 679; x_wconf 79' lang='grc' dir='ltr'>ἐστὶ</span> <span class='ocrx_word' id='word_1_29' title='bbox 1166 626 1247 691; x_wconf 83' lang='grc' dir='ltr'><strong>τὸ,</strong></span> <span class='ocrx_word' id='word_1_30' title='bbox 1288 626 1498 680; x_wconf 85' lang='grc' dir='ltr'>Γνῶναί</span> <span class='ocrx_word' id='word_1_31' title='bbox 1526 644 1627 699; x_wconf 82' lang='grc' dir='ltr'>μου</span> <span class='ocrx_word' id='word_1_32' title='bbox 1656 626 1755 690; x_wconf 69' lang='grc' dir='ltr'>τὰς</span> <span class='ocrx_word' id='word_1_33' title='bbox 1786 627 1941 689; x_wconf 79' lang='grc' dir='ltr'>ὁδοὺς</span> 
     </span>
    </p>
   </div>
   <div class='ocr_carea' id='block_1_7' title="bbox 341 721 1940 793">
    <p class='ocr_par' dir='ltr' id='par_1_7' title="bbox 341 721 1940 793">
     <span class='ocr_line' id='line_1_7' title="bbox 341 721 1940 793; baseline -0.003 -15"><span class='ocrx_word' id='word_1_34' title='bbox 341 721 730 793; x_wconf 73' lang='grc' dir='ltr'><strong>ἐπιθυμοῦσιν.</strong></span> <span class='ocrx_word' id='word_1_35' title='bbox 770 722 1132 793; x_wconf 79' lang='grc' dir='ltr'><strong>Ἐπιουμοῦσι</strong></span> <span class='ocrx_word' id='word_1_36' title='bbox 1182 724 1240 776; x_wconf 77' lang='grc' dir='ltr'><strong>δὲ</strong></span> <span class='ocrx_word' id='word_1_37' title='bbox 1284 724 1360 787; x_wconf 85' lang='grc' dir='ltr'><strong>ὼς</strong></span> <span class='ocrx_word' id='word_1_38' title='bbox 1403 723 1532 788; x_wconf 80' lang='grc' dir='ltr'>λαὸς</span> <span class='ocrx_word' id='word_1_39' title='bbox 1588 722 1940 791; x_wconf 85' lang='grc' dir='ltr'>δικαιοσύνην</span> 
     </span>
    </p>
   </div>
   <div class='ocr_carea' id='block_1_8' title="bbox 341 813 1941 887">
    <p class='ocr_par' dir='ltr' id='par_1_8' title="bbox 341 813 1941 887">
     <span class='ocr_line' id='line_1_8' title="bbox 341 813 1941 887; baseline -0.001 -20"><span class='ocrx_word' id='word_1_40' title='bbox 341 813 692 884; x_wconf 82' lang='grc' dir='ltr'>πεποιηκὼς,</span> <span class='ocrx_word' id='word_1_41' title='bbox 722 814 816 867; x_wconf 70' lang='grc' dir='ltr'><strong>καὶ</strong></span> <span class='ocrx_word' id='word_1_42' title='bbox 845 815 1030 884; x_wconf 82' lang='grc' dir='ltr'>κρίσιν</span> <span class='ocrx_word' id='word_1_43' title='bbox 1069 814 1204 868; x_wconf 87' lang='grc' dir='ltr'>Θεοῦ</span> <span class='ocrx_word' id='word_1_44' title='bbox 1235 815 1402 869; x_wconf 81' lang='grc' dir='ltr'>αὑτοῦ</span> <span class='ocrx_word' id='word_1_45' title='bbox 1436 815 1512 887; x_wconf 82' lang='grc' dir='ltr'>μὴ</span> <span class='ocrx_word' id='word_1_46' title='bbox 1555 813 1941 884; x_wconf 80' lang='grc' dir='ltr'>ἐγκαταλελοι-</span> 
     </span>
    </p>
   </div>
   <div class='ocr_carea' id='block_1_9' title="bbox 344 900 1940 975">
    <p class='ocr_par' dir='ltr' id='par_1_9' title="bbox 344 900 1940 975">
     <span class='ocr_line' id='line_1_9' title="bbox 344 900 1940 975; baseline -0.003 -17"><span class='ocrx_word' id='word_1_47' title='bbox 344 904 485 968; x_wconf 83' lang='grc' dir='ltr'><strong>πώς·</strong></span> <span class='ocrx_word' id='word_1_48' title='bbox 508 908 814 967; x_wconf 80' lang='grc' dir='ltr'><strong>τουτέστιν,</strong></span> <span class='ocrx_word' id='word_1_49' title='bbox 839 905 916 967; x_wconf 82' lang='grc' dir='ltr'><strong>ὼς</strong></span> <span class='ocrx_word' id='word_1_50' title='bbox 940 905 1180 975; x_wconf 76' lang='grc' dir='ltr'><strong>ἐννόμως</strong></span> <span class='ocrx_word' id='word_1_51' title='bbox 1212 905 1681 975; x_wconf 84' lang='grc' dir='ltr'>πολιτευσάμενοι,</span> <span class='ocrx_word' id='word_1_52' title='bbox 1713 900 1940 956; x_wconf 73' lang='grc' dir='ltr'>καὶτῶν</span> 
     </span>
    </p>
   </div>
   <div class='ocr_carea' id='block_1_10' title="bbox 341 989 1940 1065">
    <p class='ocr_par' dir='ltr' id='par_1_10' title="bbox 341 989 1940 1065">
     <span class='ocr_line' id='line_1_10' title="bbox 341 989 1940 1065; baseline -0.001 -20"><span class='ocrx_word' id='word_1_53' title='bbox 341 993 610 1046; x_wconf 79' lang='grc' dir='ltr'><strong>δοθέντων</strong></span> <span class='ocrx_word' id='word_1_54' title='bbox 638 994 823 1057; x_wconf 82' lang='grc' dir='ltr'>αὐτοῖς</span> <span class='ocrx_word' id='word_1_55' title='bbox 847 994 1237 1064; x_wconf 83' lang='grc' dir='ltr'>Θεσπισμάτων</span> <span class='ocrx_word' id='word_1_56' title='bbox 1270 995 1483 1065; x_wconf 78' lang='grc' dir='ltr'>ἄριστοι</span> <span class='ocrx_word' id='word_1_57' title='bbox 1517 992 1801 1061; x_wconf 78' lang='grc' dir='ltr'><strong>γεγονότες</strong></span> <span class='ocrx_word' id='word_1_58' title='bbox 1836 989 1940 1061; x_wconf 78' lang='grc' dir='ltr'>φύ-</span> 
     </span>
    </p>
   </div>
   <div class='ocr_carea' id='block_1_11' title="bbox 343 1083 1939 1157">
    <p class='ocr_par' dir='ltr' id='par_1_11' title="bbox 343 1083 1939 1157">
     <span class='ocr_line' id='line_1_11' title="bbox 343 1083 1939 1157; baseline -0.001 -20"><span class='ocrx_word' id='word_1_59' title='bbox 343 1086 532 1151; x_wconf 86' lang='grc' dir='ltr'>λακες,</span> <span class='ocrx_word' id='word_1_60' title='bbox 563 1087 658 1139; x_wconf 80' lang='grc' dir='ltr'>καὶ</span> <span class='ocrx_word' id='word_1_61' title='bbox 688 1083 998 1157; x_wconf 85' lang='grc' dir='ltr'>’ἀμώμητον</span> <span class='ocrx_word' id='word_1_62' title='bbox 1050 1086 1265 1156; x_wconf 75' lang='grc' dir='ltr'>ἔχοντες</span> <span class='ocrx_word' id='word_1_63' title='bbox 1298 1085 1466 1157; x_wconf 77' lang='grc' dir='ltr'>ζωὴν,</span> <span class='ocrx_word' id='word_1_64' title='bbox 1519 1087 1613 1139; x_wconf 79' lang='grc' dir='ltr'>καὶ</span> <span class='ocrx_word' id='word_1_65' title='bbox 1663 1083 1939 1145; x_wconf 78' lang='grc' dir='ltr'><strong>πολιτείας</strong></span> 
     </span>
    </p>
   </div>
   <div class='ocr_carea' id='block_1_12' title="bbox 341 1178 1938 1253">
    <p class='ocr_par' dir='ltr' id='par_1_12' title="bbox 341 1178 1938 1253">
     <span class='ocr_line' id='line_1_12' title="bbox 341 1178 1938 1253; baseline 0 -22"><span class='ocrx_word' id='word_1_66' title='bbox 341 1178 581 1245; x_wconf 85' lang='grc' dir='ltr'>εὐαγοῦς</span> <span class='ocrx_word' id='word_1_67' title='bbox 611 1179 894 1249; x_wconf 80' lang='grc' dir='ltr'><strong>αὐχήματι</strong></span> <span class='ocrx_word' id='word_1_68' title='bbox 922 1181 1317 1251; x_wconf 78' lang='grc' dir='ltr'><strong>περικείμενοι.</strong></span> <span class='ocrx_word' id='word_1_69' title='bbox 1357 1181 1484 1245; x_wconf 82' lang='grc' dir='ltr'>Τοῖς</span> <span class='ocrx_word' id='word_1_70' title='bbox 1521 1181 1630 1253; x_wconf 84' lang='grc' dir='ltr'><strong>γὰρ</strong></span> <span class='ocrx_word' id='word_1_71' title='bbox 1672 1178 1938 1242; x_wconf 80' lang='grc' dir='ltr'><strong>τοιούτοις</strong></span> 
     </span>
    </p>
   </div>
   <div class='ocr_carea' id='block_1_13' title="bbox 342 1270 1935 1344">
    <p class='ocr_par' dir='ltr' id='par_1_13' title="bbox 342 1270 1935 1344">
     <span class='ocr_line' id='line_1_13' title="bbox 342 1270 1935 1344; baseline 0.004 -22"><span class='ocrx_word' id='word_1_72' title='bbox 342 1271 549 1341; x_wconf 85' lang='grc' dir='ltr'>πρέποι</span> <span class='ocrx_word' id='word_1_73' title='bbox 570 1270 712 1324; x_wconf 66' lang='lat' dir='ltr'><strong>am</strong></span> <span class='ocrx_word' id='word_1_74' title='bbox 739 1272 832 1324; x_wconf 72' lang='grc' dir='ltr'>καὶ</span> <span class='ocrx_word' id='word_1_75' title='bbox 860 1273 1042 1343; x_wconf 78' lang='grc' dir='ltr'>ζητεῖν</span> <span class='ocrx_word' id='word_1_76' title='bbox 1060 1272 1153 1326; x_wconf 80' lang='grc' dir='ltr'><strong>τὸν</strong></span> <span class='ocrx_word' id='word_1_77' title='bbox 1176 1273 1327 1337; x_wconf 70' lang='grc' dir='ltr'>Θεὸν,</span> <span class='ocrx_word' id='word_1_78' title='bbox 1346 1274 1644 1336; x_wconf 81' lang='grc' dir='ltr'><strong>τουτέστιν,</strong></span> <span class='ocrx_word' id='word_1_79' title='bbox 1667 1275 1832 1344; x_wconf 81' lang='grc' dir='ltr'>ἐγγὺς</span> <span class='ocrx_word' id='word_1_80' title='bbox 1852 1273 1935 1329; x_wconf 78' lang='grc' dir='ltr'><strong>εἴ·</strong></span> 
     </span>
    </p>
   </div>
   <div class='ocr_carea' id='block_1_14' title="bbox 344 1362 1935 1435">
    <p class='ocr_par' dir='ltr' id='par_1_14' title="bbox 344 1362 1935 1435">
     <span class='ocr_line' id='line_1_14' title="bbox 344 1362 1935 1435; baseline 0.005 -21"><span class='ocrx_word' id='word_1_81' title='bbox 344 1380 434 1415; x_wconf 76' lang='grc' dir='ltr'><strong>ναι</strong></span> <span class='ocrx_word' id='word_1_82' title='bbox 468 1362 643 1415; x_wconf 82' lang='grc' dir='ltr'>θέλειν</span> <span class='ocrx_word' id='word_1_83' title='bbox 673 1363 859 1425; x_wconf 74' lang='grc' dir='ltr'>αὐτοῦ,</span> <span class='ocrx_word' id='word_1_84' title='bbox 890 1364 985 1417; x_wconf 69' lang='grc' dir='ltr'>καὶ</span> <span class='ocrx_word' id='word_1_85' title='bbox 1011 1364 1228 1434; x_wconf 79' lang='grc' dir='ltr'><strong>φειδοῦς</strong></span> <span class='ocrx_word' id='word_1_86' title='bbox 1254 1364 1548 1418; x_wconf 81' lang='grc' dir='ltr'><strong>ἀπολαύειν</strong></span> <span class='ocrx_word' id='word_1_87' title='bbox 1577 1366 1677 1435; x_wconf 73' lang='grc' dir='ltr'><strong>τῆς</strong></span> <span class='ocrx_word' id='word_1_88' title='bbox 1708 1368 1935 1435; x_wconf 76' lang='grc' dir='ltr'>ἄνωθεν,</span> 
     </span>
    </p>
   </div>
   <div class='ocr_carea' id='block_1_15' title="bbox 344 1454 1939 1529">
    <p class='ocr_par' dir='ltr' id='par_1_15' title="bbox 344 1454 1939 1529">
     <span class='ocr_line' id='line_1_15' title="bbox 344 1454 1939 1529; baseline 0.005 -24"><span class='ocrx_word' id='word_1_89' title='bbox 344 1454 552 1522; x_wconf 74' lang='grc' dir='ltr'>γνῶναί</span> <span class='ocrx_word' id='word_1_90' title='bbox 582 1471 642 1507; x_wconf 88' lang='grc' dir='ltr'>τε</span> <span class='ocrx_word' id='word_1_91' title='bbox 672 1455 808 1527; x_wconf 68' lang='grc' dir='ltr'>πρὸς</span> <span class='ocrx_word' id='word_1_92' title='bbox 835 1455 1010 1527; x_wconf 84' lang='grc' dir='ltr'>τούτῳ</span> <span class='ocrx_word' id='word_1_93' title='bbox 1041 1456 1139 1520; x_wconf 82' lang='grc' dir='ltr'>τὰς</span> <span class='ocrx_word' id='word_1_94' title='bbox 1163 1457 1314 1520; x_wconf 63' lang='lat' dir='ltr'><strong>dicit;</strong></span> <span class='ocrx_word' id='word_1_95' title='bbox 1334 1457 1515 1511; x_wconf 74' lang='grc' dir='ltr'>αὐτοῦ.</span> <span class='ocrx_word' id='word_1_96' title='bbox 1551 1458 1779 1529; x_wconf 71' lang='grc' dir='ltr'>Εἴρηται</span> <span class='ocrx_word' id='word_1_97' title='bbox 1811 1460 1939 1528; x_wconf 89' lang='grc' dir='ltr'>γοῦν</span> 
     </span>
    </p>
   </div>
   <div class='ocr_carea' id='block_1_16' title="bbox 343 1546 1940 1620">
    <p class='ocr_par' dir='ltr' id='par_1_16' title="bbox 343 1546 1940 1620">
     <span class='ocr_line' id='line_1_16' title="bbox 343 1546 1940 1620; baseline 0.004 -23"><span class='ocrx_word' id='word_1_98' title='bbox 343 1546 413 1597; x_wconf 84' lang='grc' dir='ltr'><strong>δι’</strong></span> <span class='ocrx_word' id='word_1_99' title='bbox 456 1547 575 1609; x_wconf 75' lang='grc' dir='ltr'><strong>ἐνὸς</strong></span> <span class='ocrx_word' id='word_1_100' title='bbox 599 1546 709 1599; x_wconf 85' lang='grc' dir='ltr'><strong>τῶν</strong></span> <span class='ocrx_word' id='word_1_101' title='bbox 756 1548 927 1615; x_wconf 80' lang='grc' dir='ltr'>ἁγίων</span> <span class='ocrx_word' id='word_1_102' title='bbox 961 1548 1276 1620; x_wconf 74' lang='grc' dir='ltr'><strong>προφητῶν·</strong></span> <span class='ocrx_word' id='word_1_103' title='bbox 1336 1568 1354 1600; x_wconf 76' lang='grc' dir='ltr'>ι</span> <span class='ocrx_word' id='word_1_104' title='bbox 1382 1550 1661 1619; x_wconf 75' lang='grc' dir='ltr'>Ζητήσατε</span> <span class='ocrx_word' id='word_1_105' title='bbox 1694 1550 1784 1603; x_wconf 82' lang='grc' dir='ltr'><strong>τὸν</strong></span> <span class='ocrx_word' id='word_1_106' title='bbox 1828 1551 1940 1605; x_wconf 82' lang='grc' dir='ltr'><strong>Κύ-</strong></span> 
     </span>
    </p>
   </div>
   <div class='ocr_carea' id='block_1_17' title="bbox 350 1639 1940 1712">
    <p class='ocr_par' dir='ltr' id='par_1_17' title="bbox 350 1639 1940 1712">
     <span class='ocr_line' id='line_1_17' title="bbox 350 1639 1940 1712; baseline 0.004 -21"><span class='ocrx_word' id='word_1_107' title='bbox 350 1656 487 1709; x_wconf 90' lang='grc' dir='ltr'>ριον,</span> <span class='ocrx_word' id='word_1_108' title='bbox 522 1640 615 1692; x_wconf 72' lang='grc' dir='ltr'>καὶ</span> <span class='ocrx_word' id='word_1_109' title='bbox 645 1641 703 1693; x_wconf 75' lang='grc' dir='ltr'><strong>ὲν</strong></span> <span class='ocrx_word' id='word_1_110' title='bbox 723 1639 803 1710; x_wconf 81' lang='grc' dir='ltr'><strong>τῷ</strong></span> <span class='ocrx_word' id='word_1_111' title='bbox 832 1640 1105 1712; x_wconf 81' lang='grc' dir='ltr'>εὑρίσκειν</span> <span class='ocrx_word' id='word_1_112' title='bbox 1131 1641 1291 1694; x_wconf 76' lang='grc' dir='ltr'>αὑτὸν</span> <span class='ocrx_word' id='word_1_113' title='bbox 1309 1641 1940 1697; x_wconf 80' lang='grc' dir='ltr'>ἐπικα).έσασθε.⁹Ηνίκα</span> 
     </span>
    </p>
   </div>
   <div class='ocr_carea' id='block_1_18' title="bbox 345 1728 1941 1804">
    <p class='ocr_par' dir='ltr' id='par_1_18' title="bbox 345 1728 1941 1804">
     <span class='ocr_line' id='line_1_18' title="bbox 345 1728 1941 1804; baseline 0.003 -22"><span class='ocrx_word' id='word_1_114' title='bbox 345 1729 390 1782; x_wconf 78' lang='grc' dir='ltr'><strong>δ’</strong></span> <span class='ocrx_word' id='word_1_115' title='bbox 426 1729 494 1782; x_wconf 82' lang='grc' dir='ltr'>ἂν</span> <span class='ocrx_word' id='word_1_116' title='bbox 537 1728 733 1803; x_wconf 76' lang='grc' dir='ltr'>ἐγγίζῃ</span> <span class='ocrx_word' id='word_1_117' title='bbox 773 1730 925 1799; x_wconf 87' lang='grc' dir='ltr'>ύμῖν,</span> <span class='ocrx_word' id='word_1_118' title='bbox 964 1732 1306 1785; x_wconf 85' lang='grc' dir='ltr'>ἀπολειπέτω</span> <span class='ocrx_word' id='word_1_119' title='bbox 1360 1736 1387 1786; x_wconf 86' lang='grc' dir='ltr'>ὁ</span> <span class='ocrx_word' id='word_1_120' title='bbox 1433 1733 1638 1804; x_wconf 76' lang='grc' dir='ltr'>ἀσεϐὴς</span> <span class='ocrx_word' id='word_1_121' title='bbox 1684 1733 1782 1803; x_wconf 78' lang='grc' dir='ltr'><strong>τὴν</strong></span> <span class='ocrx_word' id='word_1_122' title='bbox 1820 1734 1941 1787; x_wconf 78' lang='grc' dir='ltr'><strong>ὁδὸν</strong></span> 
     </span>
    </p>
   </div>
   <div class='ocr_carea' id='block_1_19' title="bbox 345 1822 1941 1896">
    <p class='ocr_par' dir='ltr' id='par_1_19' title="bbox 345 1822 1941 1896">
     <span class='ocr_line' id='line_1_19' title="bbox 345 1822 1941 1896; baseline 0.001 -20"><span class='ocrx_word' id='word_1_123' title='bbox 345 1822 541 1883; x_wconf 81' lang='grc' dir='ltr'>αὑτοῦ.</span> <span class='ocrx_word' id='word_1_124' title='bbox 573 1823 668 1875; x_wconf 75' lang='grc' dir='ltr'><strong>καὶ</strong></span> <span class='ocrx_word' id='word_1_125' title='bbox 695 1824 833 1894; x_wconf 78' lang='grc' dir='ltr'>ἀνὴρ</span> <span class='ocrx_word' id='word_1_126' title='bbox 862 1823 1064 1894; x_wconf 82' lang='grc' dir='ltr'>ἄνομος</span> <span class='ocrx_word' id='word_1_127' title='bbox 1100 1824 1199 1894; x_wconf 77' lang='grc' dir='ltr'>τὴν</span> <span class='ocrx_word' id='word_1_128' title='bbox 1242 1823 1436 1896; x_wconf 77' lang='grc' dir='ltr'>βουλὴν</span> <span class='ocrx_word' id='word_1_129' title='bbox 1471 1824 1657 1885; x_wconf 83' lang='grc' dir='ltr'>αὐτοῦ,</span> <span class='ocrx_word' id='word_1_130' title='bbox 1688 1825 1783 1878; x_wconf 69' lang='grc' dir='ltr'>καὶ</span> <span class='ocrx_word' id='word_1_131' title='bbox 1822 1827 1941 1879; x_wconf 78' lang='grc' dir='ltr'><strong>ἑπι-</strong></span> 
     </span>
    </p>
   </div>
   <div class='ocr_carea' id='block_1_20' title="bbox 350 1897 2013 1988">
    <p class='ocr_par' dir='ltr' id='par_1_20' title="bbox 350 1897 2013 1988">
     <span class='ocr_line' id='line_1_20' title="bbox 350 1897 2013 1988; baseline 0.003 -20"><span class='ocrx_word' id='word_1_132' title='bbox 350 1915 655 1986; x_wconf 85' lang='grc' dir='ltr'>στραφήτω</span> <span class='ocrx_word' id='word_1_133' title='bbox 675 1917 767 1968; x_wconf 76' lang='grc' dir='ltr'>ἐπὶ</span> <span class='ocrx_word' id='word_1_134' title='bbox 790 1915 1012 1985; x_wconf 78' lang='grc' dir='ltr'><strong>Κύριον,</strong></span> <span class='ocrx_word' id='word_1_135' title='bbox 1049 1916 1146 1969; x_wconf 69' lang='grc' dir='ltr'>καὶ</span> <span class='ocrx_word' id='word_1_136' title='bbox 1173 1916 1544 1988; x_wconf 74' lang='grc' dir='ltr'>ὲλεηθήσεταιο</span> <span class='ocrx_word' id='word_1_137' title='bbox 1571 1918 1652 1971; x_wconf 84' lang='grc' dir='ltr'>ὃτι</span> <span class='ocrx_word' id='word_1_138' title='bbox 1684 1918 1777 1971; x_wconf 70' lang='grc' dir='ltr'>ἐπὶ</span> <span class='ocrx_word' id='word_1_139' title='bbox 1803 1918 1937 1972; x_wconf 74' lang='grc' dir='ltr'>πολὺ</span> <span class='ocrx_word' id='word_1_140' title='bbox 1973 1897 2013 1951; x_wconf 69' lang='grc' dir='ltr'><strong>Β</strong></span> 
     </span>
    </p>
   </div>
   <div class='ocr_carea' id='block_1_21' title="bbox 346 2004 1291 2075">
    <p class='ocr_par' dir='ltr' id='par_1_21' title="bbox 346 2004 1291 2075">
     <span class='ocr_line' id='line_1_21' title="bbox 346 2004 1291 2075; baseline -0.002 -17"><span class='ocrx_word' id='word_1_141' title='bbox 346 2005 555 2074; x_wconf 64' lang='grc' dir='ltr'>ἀφήσει</span> <span class='ocrx_word' id='word_1_142' title='bbox 582 2004 683 2068; x_wconf 74' lang='grc' dir='ltr'><strong>τὰς</strong></span> <span class='ocrx_word' id='word_1_143' title='bbox 716 2004 991 2075; x_wconf 77' lang='grc' dir='ltr'>ἁμαρτίας</span> <span class='ocrx_word' id='word_1_144' title='bbox 1025 2004 1229 2059; x_wconf 76' lang='grc' dir='ltr'><strong>αὐτῶν.</strong></span> <span class='ocrx_word' id='word_1_145' title='bbox 1270 2022 1291 2056; x_wconf 74' lang='grc' dir='ltr'>ι</span> 
     </span>
    </p>
   </div>
   <div class='ocr_carea' id='block_1_22' title="bbox 418 2095 1944 2168">
    <p class='ocr_par' dir='ltr' id='par_1_22' title="bbox 418 2095 1944 2168">
     <span class='ocr_line' id='line_1_22' title="bbox 418 2095 1944 2168; baseline -0.001 -17"><span class='ocrx_word' id='word_1_146' title='bbox 418 2095 674 2151; x_wconf 80' lang='grc' dir='ltr'>Αιτοῦσί</span> <span class='ocrx_word' id='word_1_147' title='bbox 694 2114 771 2165; x_wconf 88' lang='grc' dir='ltr'><strong>με</strong></span> <span class='ocrx_word' id='word_1_148' title='bbox 793 2096 910 2151; x_wconf 79' lang='grc' dir='ltr'><strong>νῦν</strong></span> <span class='ocrx_word' id='word_1_149' title='bbox 956 2098 1157 2165; x_wconf 78' lang='grc' dir='ltr'><strong>κρίσιν</strong></span> <span class='ocrx_word' id='word_1_150' title='bbox 1212 2097 1489 2163; x_wconf 76' lang='grc' dir='ltr'>δικαίαν,</span> <span class='ocrx_word' id='word_1_151' title='bbox 1545 2096 1643 2150; x_wconf 76' lang='grc' dir='ltr'><strong>καί</strong></span> <span class='ocrx_word' id='word_1_152' title='bbox 1694 2095 1944 2168; x_wconf 59' lang='grc' dir='ltr'>ἐγγίζειν</span> 
     </span>
    </p>
   </div>
   <div class='ocr_carea' id='block_1_23' title="bbox 349 2187 1940 2258">
    <p class='ocr_par' dir='ltr' id='par_1_23' title="bbox 349 2187 1940 2258">
     <span class='ocr_line' id='line_1_23' title="bbox 349 2187 1940 2258; baseline -0.001 -15"><span class='ocrx_word' id='word_1_153' title='bbox 349 2188 476 2255; x_wconf 81' lang='grc' dir='ltr'><strong>Θεῷ</strong></span> <span class='ocrx_word' id='word_1_154' title='bbox 503 2189 888 2257; x_wconf 78' lang='grc' dir='ltr'>ἐπιθυμοῦσι.</span> <span class='ocrx_word' id='word_1_155' title='bbox 920 2187 1221 2257; x_wconf 56' lang='grc' dir='ltr'>λέγοντες</span> <span class='ocrx_word' id='word_1_156' title='bbox 1254 2188 1315 2243; x_wconf 86' lang='grc' dir='ltr'>Τί</span> <span class='ocrx_word' id='word_1_157' title='bbox 1343 2188 1433 2241; x_wconf 79' lang='grc' dir='ltr'><strong>ὅτι</strong></span> <span class='ocrx_word' id='word_1_158' title='bbox 1462 2188 1940 2258; x_wconf 72' lang='grc' dir='ltr'>ὲνηστεύσαμεν,</span> 
     </span>
    </p>
   </div>
   <div class='ocr_carea' id='block_1_24' title="bbox 347 2278 1941 2352">
    <p class='ocr_par' dir='ltr' id='par_1_24' title="bbox 347 2278 1941 2352">
     <span class='ocr_line' id='line_1_24' title="bbox 347 2278 1941 2352; baseline 0.002 -17"><span class='ocrx_word' id='word_1_159' title='bbox 347 2282 450 2335; x_wconf 76' lang='grc' dir='ltr'>καὶ</span> <span class='ocrx_word' id='word_1_160' title='bbox 478 2283 589 2334; x_wconf 82' lang='grc' dir='ltr'>οὐκ</span> <span class='ocrx_word' id='word_1_161' title='bbox 634 2278 825 2347; x_wconf 58' lang='lat' dir='ltr'><strong>cidae;</strong></span> <span class='ocrx_word' id='word_1_162' title='bbox 855 2282 1341 2352; x_wconf 73' lang='grc' dir='ltr'>ἑταπεινάκάμεν</span> <span class='ocrx_word' id='word_1_163' title='bbox 1374 2280 1482 2348; x_wconf 83' lang='grc' dir='ltr'><strong>τὰς</strong></span> <span class='ocrx_word' id='word_1_164' title='bbox 1509 2282 1716 2351; x_wconf 70' lang='grc' dir='ltr'>ψυχὰς</span> <span class='ocrx_word' id='word_1_165' title='bbox 1749 2282 1941 2351; x_wconf 74' lang='grc' dir='ltr'>ἡμῶν,</span> 
     </span>
    </p>
   </div>
   <div class='ocr_carea' id='block_1_25' title="bbox 347 2370 1943 2442">
    <p class='ocr_par' dir='ltr' id='par_1_25' title="bbox 347 2370 1943 2442">
     <span class='ocr_line' id='line_1_25' title="bbox 347 2370 1943 2442; baseline -0.001 -16"><span class='ocrx_word' id='word_1_166' title='bbox 347 2373 447 2426; x_wconf 79' lang='grc' dir='ltr'>καὶ</span> <span class='ocrx_word' id='word_1_167' title='bbox 472 2375 583 2426; x_wconf 80' lang='grc' dir='ltr'><strong>οὐκ</strong></span> <span class='ocrx_word' id='word_1_168' title='bbox 610 2372 820 2441; x_wconf 56' lang='grc' dir='ltr'>ἔγνως</span> <span class='ocrx_word' id='word_1_169' title='bbox 837 2374 938 2425; x_wconf 81' lang='grc' dir='ltr'><em>Ἕν</em></span> <span class='ocrx_word' id='word_1_170' title='bbox 959 2373 1070 2442; x_wconf 77' lang='grc' dir='ltr'>γὰρ</span> <span class='ocrx_word' id='word_1_171' title='bbox 1090 2372 1223 2439; x_wconf 79' lang='grc' dir='ltr'>ταῖς</span> <span class='ocrx_word' id='word_1_172' title='bbox 1241 2372 1490 2442; x_wconf 70' lang='grc' dir='ltr'>ἡμέραις</span> <span class='ocrx_word' id='word_1_173' title='bbox 1512 2372 1631 2426; x_wconf 72' lang='grc' dir='ltr'><strong>τῶν</strong></span> <span class='ocrx_word' id='word_1_174' title='bbox 1650 2370 1943 2440; x_wconf 73' lang='grc' dir='ltr'><strong>νηστειῶν</strong></span> 
     </span>
    </p>
   </div>
   <div class='ocr_carea' id='block_1_26' title="bbox 344 2460 1942 2532">
    <p class='ocr_par' dir='ltr' id='par_1_26' title="bbox 344 2460 1942 2532">
     <span class='ocr_line' id='line_1_26' title="bbox 344 2460 1942 2532; baseline -0.001 -15"><span class='ocrx_word' id='word_1_175' title='bbox 344 2460 522 2531; x_wconf 79' lang='grc' dir='ltr'><strong>ὑμῶν</strong></span> <span class='ocrx_word' id='word_1_176' title='bbox 552 2462 871 2531; x_wconf 73' lang='grc' dir='ltr'><strong>εὑρίσκετε</strong></span> <span class='ocrx_word' id='word_1_177' title='bbox 898 2464 972 2516; x_wconf 84' lang='grc' dir='ltr'><strong>τὰ</strong></span> <span class='ocrx_word' id='word_1_178' title='bbox 1005 2462 1315 2532; x_wconf 75' lang='grc' dir='ltr'>θελήματα</span> <span class='ocrx_word' id='word_1_179' title='bbox 1360 2464 1546 2531; x_wconf 81' lang='grc' dir='ltr'>ὑμῶν,</span> <span class='ocrx_word' id='word_1_180' title='bbox 1578 2464 1676 2517; x_wconf 75' lang='grc' dir='ltr'>καὶ</span> <span class='ocrx_word' id='word_1_181' title='bbox 1710 2462 1942 2529; x_wconf 80' lang='grc' dir='ltr'><strong>πάντας</strong></span> 
     </span>
    </p>
   </div>
   <div class='ocr_carea' id='block_1_27' title="bbox 347 2555 1944 2623">
    <p class='ocr_par' dir='ltr' id='par_1_27' title="bbox 347 2555 1944 2623">
     <span class='ocr_line' id='line_1_27' title="bbox 347 2555 1944 2623; baseline 0.001 -16"><span class='ocrx_word' id='word_1_182' title='bbox 347 2555 495 2621; x_wconf 83' lang='grc' dir='ltr'>τοὺς</span> <span class='ocrx_word' id='word_1_183' title='bbox 526 2556 914 2623; x_wconf 80' lang='grc' dir='ltr'><strong>ὑποχειρίους</strong></span> <span class='ocrx_word' id='word_1_184' title='bbox 955 2557 1363 2620; x_wconf 64' lang='grc' dir='ltr'>ὑπογύσσετε,</span> <span class='ocrx_word' id='word_1_185' title='bbox 1425 2558 1510 2622; x_wconf 85' lang='grc' dir='ltr'>εἱς</span> <span class='ocrx_word' id='word_1_186' title='bbox 1561 2557 1793 2622; x_wconf 84' lang='grc' dir='ltr'><strong>κρίσεις</strong></span> <span class='ocrx_word' id='word_1_187' title='bbox 1843 2555 1944 2609; x_wconf 74' lang='grc' dir='ltr'>καὶ</span> 
     </span>
    </p>
   </div>
   <div class='ocr_carea' id='block_1_28' title="bbox 346 2645 1941 2720">
    <p class='ocr_par' dir='ltr' id='par_1_28' title="bbox 346 2645 1941 2720">
     <span class='ocr_line' id='line_1_28' title="bbox 346 2645 1941 2720; baseline 0.002 -21"><span class='ocrx_word' id='word_1_188' title='bbox 346 2645 549 2715; x_wconf 76' lang='grc' dir='ltr'>μάχας</span> <span class='ocrx_word' id='word_1_189' title='bbox 617 2647 978 2714; x_wconf 81' lang='grc' dir='ltr'>νηστεύετε,</span> <span class='ocrx_word' id='word_1_190' title='bbox 1043 2647 1141 2701; x_wconf 77' lang='grc' dir='ltr'>καὶ</span> <span class='ocrx_word' id='word_1_191' title='bbox 1208 2649 1459 2702; x_wconf 73' lang='grc' dir='ltr'>τύπτετε</span> <span class='ocrx_word' id='word_1_192' title='bbox 1529 2648 1788 2720; x_wconf 79' lang='grc' dir='ltr'><strong>πυγμαῖς</strong></span> <span class='ocrx_word' id='word_1_193' title='bbox 1839 2665 1941 2703; x_wconf 81' lang='grc' dir='ltr'>τα-</span> 
     </span>
    </p>
   </div>
   <div class='ocr_carea' id='block_1_29' title="bbox 346 2739 581 2791">
    <p class='ocr_par' dir='ltr' id='par_1_29' title="bbox 346 2739 581 2791">
     <span class='ocr_line' id='line_1_29' title="bbox 346 2739 581 2791; baseline 0.004 -1"><span class='ocrx_word' id='word_1_194' title='bbox 346 2739 581 2791; x_wconf 61' lang='lat' dir='ltr'><strong>asta-6r.</strong></span> 
     </span>
    </p>
   </div>
   <div class='ocr_carea' id='block_1_30' title="bbox 438 2828 1945 2903">
    <p class='ocr_par' dir='ltr' id='par_1_30' title="bbox 438 2828 1945 2903">
     <span class='ocr_line' id='line_1_30' title="bbox 438 2828 1945 2903; baseline 0.001 -21"><span class='ocrx_word' id='word_1_195' title='bbox 438 2828 768 2898; x_wconf 80' lang='grc' dir='ltr'>Ἐγκαλοῦσί</span> <span class='ocrx_word' id='word_1_196' title='bbox 811 2846 925 2900; x_wconf 86' lang='grc' dir='ltr'>μοι,</span> <span class='ocrx_word' id='word_1_197' title='bbox 970 2831 1155 2901; x_wconf 77' lang='grc' dir='ltr'>φησὶν,</span> <span class='ocrx_word' id='word_1_198' title='bbox 1200 2830 1278 2894; x_wconf 85' lang='grc' dir='ltr'><strong>ὡς</strong></span> <span class='ocrx_word' id='word_1_199' title='bbox 1312 2829 1389 2903; x_wconf 80' lang='grc' dir='ltr'>μὴ</span> <span class='ocrx_word' id='word_1_200' title='bbox 1411 2829 1480 2884; x_wconf 77' lang='grc' dir='ltr'><strong>τὰ</strong></span> <span class='ocrx_word' id='word_1_201' title='bbox 1511 2829 1694 2884; x_wconf 86' lang='grc' dir='ltr'>δίκαια</span> <span class='ocrx_word' id='word_1_202' title='bbox 1726 2830 1945 2902; x_wconf 79' lang='grc' dir='ltr'><strong>νέμοντι</strong></span> 
     </span>
    </p>
   </div>
   <div class='ocr_carea' id='block_1_31' title="bbox 348 2922 1943 2995">
    <p class='ocr_par' dir='ltr' id='par_1_31' title="bbox 348 2922 1943 2995">
     <span class='ocr_line' id='line_1_31' title="bbox 348 2922 1943 2995; baseline 0.001 -18"><span class='ocrx_word' id='word_1_203' title='bbox 348 2922 439 2977; x_wconf 66' lang='lat' dir='ltr'><strong>sta</strong></span> <span class='ocrx_word' id='word_1_204' title='bbox 474 2922 572 2977; x_wconf 88' lang='grc' dir='ltr'>τοῦ</span> <span class='ocrx_word' id='word_1_205' title='bbox 598 2922 674 2995; x_wconf 81' lang='grc' dir='ltr'>μὴ</span> <span class='ocrx_word' id='word_1_206' title='bbox 705 2922 995 2994; x_wconf 73' lang='grc' dir='ltr'>βούλεσθαι</span> <span class='ocrx_word' id='word_1_207' title='bbox 1042 2924 1323 2977; x_wconf 80' lang='grc' dir='ltr'>κατελεεῖν</span> <span class='ocrx_word' id='word_1_208' title='bbox 1365 2925 1493 2989; x_wconf 76' lang='grc' dir='ltr'>τοὺς</span> <span class='ocrx_word' id='word_1_209' title='bbox 1530 2924 1822 2989; x_wconf 82' lang='grc' dir='ltr'>ταπεινοὺς</span> <span class='ocrx_word' id='word_1_210' title='bbox 1855 2924 1943 2980; x_wconf 89' lang='grc' dir='ltr'>διά</span> 
     </span>
    </p>
   </div>
   <div class='ocr_carea' id='block_1_32' title="bbox 326 3011 1943 3087">
    <p class='ocr_par' dir='ltr' id='par_1_32' title="bbox 326 3011 1943 3087">
     <span class='ocr_line' id='line_1_32' title="bbox 326 3011 1943 3087; baseline 0.002 -20"><span class='ocrx_word' id='word_1_211' title='bbox 326 3016 614 3083; x_wconf 79' lang='grc' dir='ltr'>ονηστείας</span> <span class='ocrx_word' id='word_1_212' title='bbox 666 3015 760 3068; x_wconf 76' lang='grc' dir='ltr'>καὶ</span> <span class='ocrx_word' id='word_1_213' title='bbox 786 3015 1126 3087; x_wconf 80' lang='grc' dir='ltr'><strong>προσευχῆς·</strong></span> <span class='ocrx_word' id='word_1_214' title='bbox 1153 3011 1275 3070; x_wconf 72' lang='grc' dir='ltr'>εἶτα</span> <span class='ocrx_word' id='word_1_215' title='bbox 1321 3015 1604 3086; x_wconf 86' lang='grc' dir='ltr'>βούλονται</span> <span class='ocrx_word' id='word_1_216' title='bbox 1642 3017 1738 3070; x_wconf 80' lang='grc' dir='ltr'>καὶ</span> <span class='ocrx_word' id='word_1_217' title='bbox 1774 3018 1943 3086; x_wconf 82' lang='grc' dir='ltr'>ὲγγὺς</span> 
     </span>
    </p>
   </div>
   <div class='ocr_carea' id='block_1_33' title="bbox 347 3104 1943 3182">
    <p class='ocr_par' dir='ltr' id='par_1_33' title="bbox 347 3104 1943 3182">
     <span class='ocr_line' id='line_1_33' title="bbox 347 3104 1943 3182; baseline 0.002 -21"><span class='ocrx_word' id='word_1_218' title='bbox 347 3104 494 3162; x_wconf 75' lang='grc' dir='ltr'>εἶναι</span> <span class='ocrx_word' id='word_1_219' title='bbox 526 3107 687 3172; x_wconf 81' lang='grc' dir='ltr'>Θεοῦ,</span> <span class='ocrx_word' id='word_1_220' title='bbox 725 3110 814 3162; x_wconf 78' lang='grc' dir='ltr'><strong>ἐπ’</strong></span> <span class='ocrx_word' id='word_1_221' title='bbox 835 3108 1014 3162; x_wconf 72' lang='grc' dir='ltr'>οὐδενὶ</span> <span class='ocrx_word' id='word_1_222' title='bbox 1045 3109 1142 3179; x_wconf 74' lang='grc' dir='ltr'><strong>μὲν</strong></span> <span class='ocrx_word' id='word_1_223' title='bbox 1167 3109 1279 3163; x_wconf 85' lang='grc' dir='ltr'>τῶν</span> <span class='ocrx_word' id='word_1_224' title='bbox 1312 3112 1395 3174; x_wconf 74' lang='grc' dir='ltr'><strong>είς</strong></span> <span class='ocrx_word' id='word_1_225' title='bbox 1428 3110 1710 3164; x_wconf 77' lang='grc' dir='ltr'>εὐσέϐειαν</span> <span class='ocrx_word' id='word_1_226' title='bbox 1741 3111 1943 3182; x_wconf 88' lang='grc' dir='ltr'>ἀνδρα-</span> 
     </span>
    </p>
   </div>
   <div class='ocr_carea' id='block_1_34' title="bbox 2041 626 3629 700">
    <p class='ocr_par' dir='ltr' id='par_1_34' title="bbox 2041 626 3629 700">
     <span class='ocr_line' id='line_1_34' title="bbox 2041 626 3629 700; baseline 0.006 -22"><span class='ocrx_word' id='word_1_227' title='bbox 2041 636 2220 679; x_wconf 84' lang='lat' dir='ltr'><strong>autent</strong></span> <span class='ocrx_word' id='word_1_228' title='bbox 2255 627 2411 696; x_wconf 86' lang='lat' dir='ltr'><strong>quasi</strong></span> <span class='ocrx_word' id='word_1_229' title='bbox 2450 627 2682 697; x_wconf 89' lang='lat' dir='ltr'><strong>populus</strong></span> <span class='ocrx_word' id='word_1_230' title='bbox 2717 626 2986 696; x_wconf 81' lang='lat' dir='ltr'><strong>justitiam</strong></span> <span class='ocrx_word' id='word_1_231' title='bbox 3024 629 3255 699; x_wconf 78' lang='lat' dir='ltr'><strong>faciens,</strong></span> <span class='ocrx_word' id='word_1_232' title='bbox 3282 644 3335 688; x_wconf 92' lang='lat' dir='ltr'><strong>et</strong></span> <span class='ocrx_word' id='word_1_233' title='bbox 3365 632 3629 700; x_wconf 79' lang='lat' dir='ltr'><strong>judicium</strong></span> 
     </span>
    </p>
   </div>
   <div class='ocr_carea' id='block_1_35' title="bbox 2043 715 3633 792">
    <p class='ocr_par' dir='ltr' id='par_1_35' title="bbox 2043 715 3633 792">
     <span class='ocr_line' id='line_1_35' title="bbox 2043 715 3633 792; baseline 0.007 -23"><span class='ocrx_word' id='word_1_234' title='bbox 2043 715 2135 771; x_wconf 91' lang='lat' dir='ltr'><strong>Dei</strong></span> <span class='ocrx_word' id='word_1_235' title='bbox 2167 720 2250 773; x_wconf 90' lang='lat' dir='ltr'><strong>sui</strong></span> <span class='ocrx_word' id='word_1_236' title='bbox 2282 735 2386 772; x_wconf 87' lang='lat' dir='ltr'><strong>nun</strong></span> <span class='ocrx_word' id='word_1_237' title='bbox 2417 720 2696 783; x_wconf 81' lang='lat' dir='ltr'><strong>deserens,</strong></span> <span class='ocrx_word' id='word_1_238' title='bbox 2727 720 2778 773; x_wconf 88' lang='lat' dir='ltr'><strong>id</strong></span> <span class='ocrx_word' id='word_1_239' title='bbox 2811 730 2915 786; x_wconf 90' lang='lat' dir='ltr'><strong>est,</strong></span> <span class='ocrx_word' id='word_1_240' title='bbox 2942 722 3098 789; x_wconf 88' lang='lat' dir='ltr'><strong>quasi</strong></span> <span class='ocrx_word' id='word_1_241' title='bbox 3134 722 3377 792; x_wconf 78' lang='lat' dir='ltr'><strong>legitime</strong></span> <span class='ocrx_word' id='word_1_242' title='bbox 3408 740 3633 780; x_wconf 84' lang='lat' dir='ltr'><strong>versan-</strong></span> 
     </span>
    </p>
   </div>
   <div class='ocr_carea' id='block_1_36' title="bbox 2041 811 3627 884">
    <p class='ocr_par' dir='ltr' id='par_1_36' title="bbox 2041 811 3627 884">
     <span class='ocr_line' id='line_1_36' title="bbox 2041 811 3627 884; baseline 0.004 -20"><span class='ocrx_word' id='word_1_243' title='bbox 2041 819 2145 876; x_wconf 90' lang='lat' dir='ltr'><strong>tes,</strong></span> <span class='ocrx_word' id='word_1_244' title='bbox 2169 819 2224 865; x_wconf 94' lang='lat' dir='ltr'><strong>et</strong></span> <span class='ocrx_word' id='word_1_245' title='bbox 2252 811 2631 866; x_wconf 83' lang='lat' dir='ltr'><strong>vaticiniorum</strong></span> <span class='ocrx_word' id='word_1_246' title='bbox 2659 812 2761 866; x_wconf 87' lang='lat' dir='ltr'><strong>sibi</strong></span> <span class='ocrx_word' id='word_1_247' title='bbox 2791 813 3115 868; x_wconf 91' lang='lat' dir='ltr'><strong>traditorum</strong></span> <span class='ocrx_word' id='word_1_248' title='bbox 3140 817 3328 884; x_wconf 84' lang='lat' dir='ltr'><strong>optimi</strong></span> <span class='ocrx_word' id='word_1_249' title='bbox 3354 817 3627 881; x_wconf 81' lang='lat' dir='ltr'><strong>cusrodes,</strong></span> 
     </span>
    </p>
   </div>
   <div class='ocr_carea' id='block_1_37' title="bbox 2042 903 3629 973">
    <p class='ocr_par' dir='ltr' id='par_1_37' title="bbox 2042 903 3629 973">
     <span class='ocr_line' id='line_1_37' title="bbox 2042 903 3629 973; baseline 0.004 -17"><span class='ocrx_word' id='word_1_250' title='bbox 2042 915 2107 956; x_wconf 83' lang='lat' dir='ltr'><strong>ac</strong></span> <span class='ocrx_word' id='word_1_251' title='bbox 2161 903 2330 955; x_wconf 86' lang='lat' dir='ltr'><strong>vitam</strong></span> <span class='ocrx_word' id='word_1_252' title='bbox 2402 910 2625 972; x_wconf 78' lang='lat' dir='ltr'><strong>agentes</strong></span> <span class='ocrx_word' id='word_1_253' title='bbox 2677 903 3034 973; x_wconf 90' lang='lat' dir='ltr'><strong>inculpatam,</strong></span> <span class='ocrx_word' id='word_1_254' title='bbox 3093 915 3149 958; x_wconf 89' lang='lat' dir='ltr'><strong>et</strong></span> <span class='ocrx_word' id='word_1_255' title='bbox 3201 907 3629 963; x_wconf 79' lang='lat' dir='ltr'><strong>conversationis</strong></span> 
     </span>
    </p>
   </div>
   <div class='ocr_carea' id='block_1_38' title="bbox 2039 992 3629 1065">
    <p class='ocr_par' dir='ltr' id='par_1_38' title="bbox 2039 992 3629 1065">
     <span class='ocr_line' id='line_1_38' title="bbox 2039 992 3629 1065; baseline 0.004 -22"><span class='ocrx_word' id='word_1_256' title='bbox 2039 999 2242 1045; x_wconf 66' lang='lat' dir='ltr'><strong>sanctae</strong></span> <span class='ocrx_word' id='word_1_257' title='bbox 2305 992 2643 1047; x_wconf 73' lang='lat' dir='ltr'><strong>ornamentis</strong></span> <span class='ocrx_word' id='word_1_258' title='bbox 2722 993 2925 1047; x_wconf 80' lang='lat' dir='ltr'><strong>vestiti.</strong></span> <span class='ocrx_word' id='word_1_259' title='bbox 2992 993 3215 1050; x_wconf 81' lang='lat' dir='ltr'><strong>Talibus</strong></span> <span class='ocrx_word' id='word_1_260' title='bbox 3269 996 3414 1050; x_wconf 89' lang='lat' dir='ltr'><strong>enim</strong></span> <span class='ocrx_word' id='word_1_261' title='bbox 3490 1011 3629 1065; x_wconf 81' lang='lat' dir='ltr'><strong>qua-</strong></span> 
     </span>
    </p>
   </div>
   <div class='ocr_carea' id='block_1_39' title="bbox 2041 1084 3630 1158">
    <p class='ocr_par' dir='ltr' id='par_1_39' title="bbox 2041 1084 3630 1158">
     <span class='ocr_line' id='line_1_39' title="bbox 2041 1084 3630 1158; baseline 0.004 -21"><span class='ocrx_word' id='word_1_262' title='bbox 2041 1084 2180 1148; x_wconf 83' lang='lat' dir='ltr'><strong>drat,</strong></span> <span class='ocrx_word' id='word_1_263' title='bbox 2208 1086 2373 1139; x_wconf 86' lang='lat' dir='ltr'><strong>Deum</strong></span> <span class='ocrx_word' id='word_1_264' title='bbox 2412 1100 2678 1155; x_wconf 74' lang='lat' dir='ltr'><strong>quaerere,</strong></span> <span class='ocrx_word' id='word_1_265' title='bbox 2713 1087 2765 1141; x_wconf 91' lang='lat' dir='ltr'><strong>id</strong></span> <span class='ocrx_word' id='word_1_266' title='bbox 2801 1097 2904 1153; x_wconf 87' lang='lat' dir='ltr'><strong>est,</strong></span> <span class='ocrx_word' id='word_1_267' title='bbox 2932 1087 3068 1142; x_wconf 90' lang='lat' dir='ltr'><strong>velle</strong></span> <span class='ocrx_word' id='word_1_268' title='bbox 3105 1103 3272 1158; x_wconf 83' lang='lat' dir='ltr'><strong>prope</strong></span> <span class='ocrx_word' id='word_1_269' title='bbox 3306 1090 3452 1142; x_wconf 89' lang='lat' dir='ltr'><strong>illum</strong></span> <span class='ocrx_word' id='word_1_270' title='bbox 3488 1105 3630 1158; x_wconf 84' lang='lat' dir='ltr'><strong>esse,</strong></span> 
     </span>
    </p>
   </div>
   <div class='ocr_carea' id='block_1_40' title="bbox 2039 1175 3634 1250">
    <p class='ocr_par' dir='ltr' id='par_1_40' title="bbox 2039 1175 3634 1250">
     <span class='ocr_line' id='line_1_40' title="bbox 2039 1175 3634 1250; baseline 0.003 -20"><span class='ocrx_word' id='word_1_271' title='bbox 2039 1184 2096 1230; x_wconf 89' lang='lat' dir='ltr'><strong>et</strong></span> <span class='ocrx_word' id='word_1_272' title='bbox 2137 1190 2371 1244; x_wconf 83' lang='lat' dir='ltr'><strong>superna</strong></span> <span class='ocrx_word' id='word_1_273' title='bbox 2414 1175 2522 1230; x_wconf 77' lang='lat' dir='ltr'><strong>l’rni</strong></span> <span class='ocrx_word' id='word_1_274' title='bbox 2560 1178 2968 1242; x_wconf 87' lang='lat' dir='ltr'><strong>misericordia,</strong></span> <span class='ocrx_word' id='word_1_275' title='bbox 2996 1194 3058 1233; x_wconf 90' lang='lat' dir='ltr'><strong>ac</strong></span> <span class='ocrx_word' id='word_1_276' title='bbox 3091 1180 3232 1233; x_wconf 90' lang='lat' dir='ltr'><strong>scire</strong></span> <span class='ocrx_word' id='word_1_277' title='bbox 3267 1180 3634 1250; x_wconf 82' lang='lat' dir='ltr'><strong>insuper&#39;vias</strong></span> 
     </span>
    </p>
   </div>
   <div class='ocr_carea' id='block_1_41' title="bbox 2040 1267 3631 1340">
    <p class='ocr_par' dir='ltr' id='par_1_41' title="bbox 2040 1267 3631 1340">
     <span class='ocr_line' id='line_1_41' title="bbox 2040 1267 3631 1340; baseline 0.004 -19"><span class='ocrx_word' id='word_1_278' title='bbox 2040 1267 2182 1338; x_wconf 88' lang='lat' dir='ltr'><strong>ejus.</strong></span> <span class='ocrx_word' id='word_1_279' title='bbox 2219 1267 2543 1336; x_wconf 86' lang='lat' dir='ltr'><strong>Dictumque</strong></span> <span class='ocrx_word' id='word_1_280' title='bbox 2586 1278 2670 1323; x_wconf 88' lang='lat' dir='ltr'><strong>est</strong></span> <span class='ocrx_word' id='word_1_281' title='bbox 2717 1285 2747 1323; x_wconf 86' lang='lat' dir='ltr'><strong>a</strong></span> <span class='ocrx_word' id='word_1_282' title='bbox 2792 1272 3026 1338; x_wconf 90' lang='lat' dir='ltr'><strong>quodam</strong></span> <span class='ocrx_word' id='word_1_283' title='bbox 3074 1271 3333 1340; x_wconf 77' lang='lat' dir='ltr'><strong>propheta</strong></span> <span class='ocrx_word' id='word_1_284' title='bbox 3376 1284 3566 1326; x_wconf 80' lang='lat' dir='ltr'><strong>sancto</strong></span> <span class='ocrx_word' id='word_1_285' title='bbox 3614 1287 3631 1327; x_wconf 90' lang='lat'><strong>:</strong></span> 
     </span>
    </p>
   </div>
   <div class='ocr_carea' id='block_1_42' title="bbox 2046 1360 3634 1426">
    <p class='ocr_par' dir='ltr' id='par_1_42' title="bbox 2046 1360 3634 1426">
     <span class='ocr_line' id='line_1_42' title="bbox 2046 1360 3634 1426; baseline 0.005 -15"><span class='ocrx_word' id='word_1_286' title='bbox 2046 1376 2066 1411; x_wconf 76' lang='grc' dir='ltr'>ι</span> <span class='ocrx_word' id='word_1_287' title='bbox 2096 1360 2330 1426; x_wconf 66' lang='lat' dir='ltr'><strong>Quaerite</strong></span> <span class='ocrx_word' id='word_1_288' title='bbox 2360 1360 2671 1426; x_wconf 90' lang='lat' dir='ltr'><strong>Dominum,</strong></span> <span class='ocrx_word' id='word_1_289' title='bbox 2693 1372 2745 1415; x_wconf 94' lang='lat' dir='ltr'><strong>et</strong></span> <span class='ocrx_word' id='word_1_290' title='bbox 2771 1363 2987 1416; x_wconf 89' lang='lat' dir='ltr'><strong>interim</strong></span> <span class='ocrx_word' id='word_1_291' title='bbox 3016 1362 3488 1419; x_wconf 64' lang='lat' dir='ltr'><strong>dum&#39;lnveneritis</strong></span> <span class='ocrx_word' id='word_1_292' title='bbox 3510 1379 3634 1419; x_wconf 84' lang='lat' dir='ltr'><strong>eum</strong></span> 
     </span>
    </p>
   </div>
   <div class='ocr_carea' id='block_1_43' title="bbox 2040 1447 3638 1521">
    <p class='ocr_par' dir='ltr' id='par_1_43' title="bbox 2040 1447 3638 1521">
     <span class='ocr_line' id='line_1_43' title="bbox 2040 1447 3638 1521; baseline 0.003 -20"><span class='ocrx_word' id='word_1_293' title='bbox 2040 1447 2309 1506; x_wconf 88' lang='lat' dir='ltr'><strong>invocate.</strong></span> <span class='ocrx_word' id='word_1_294' title='bbox 2340 1449 2475 1504; x_wconf 80' lang='lat' dir='ltr'><strong>Cum</strong></span> <span class='ocrx_word' id='word_1_295' title='bbox 2518 1462 2696 1505; x_wconf 88' lang='lat' dir='ltr'><strong>autem</strong></span> <span class='ocrx_word' id='word_1_296' title='bbox 2738 1452 3254 1521; x_wconf 83' lang='lat' dir='ltr'><strong>appmpinquaverit</strong></span> <span class='ocrx_word' id='word_1_297' title='bbox 3294 1453 3358 1507; x_wconf 86' lang='lat' dir='ltr'><strong>ad</strong></span> <span class='ocrx_word' id='word_1_298' title='bbox 3394 1467 3519 1517; x_wconf 84' lang='lat' dir='ltr'><strong>vos,</strong></span> <span class='ocrx_word' id='word_1_299' title='bbox 3552 1467 3638 1507; x_wconf 90' lang='lat' dir='ltr'><strong>re-</strong></span> 
     </span>
    </p>
   </div>
   <div class='ocr_carea' id='block_1_44' title="bbox 2040 1538 3636 1615">
    <p class='ocr_par' dir='ltr' id='par_1_44' title="bbox 2040 1538 3636 1615">
     <span class='ocr_line' id='line_1_44' title="bbox 2040 1538 3636 1615; baseline 0.003 -24"><span class='ocrx_word' id='word_1_300' title='bbox 2040 1538 2249 1608; x_wconf 82' lang='lat' dir='ltr'><strong>linquat</strong></span> <span class='ocrx_word' id='word_1_301' title='bbox 2278 1540 2477 1610; x_wconf 87' lang='lat' dir='ltr'><strong>impius</strong></span> <span class='ocrx_word' id='word_1_302' title='bbox 2510 1543 2649 1595; x_wconf 88' lang='lat' dir='ltr'><strong>viam</strong></span> <span class='ocrx_word' id='word_1_303' title='bbox 2685 1558 2862 1604; x_wconf 81' lang='lat' dir='ltr'><strong>suam.</strong></span> <span class='ocrx_word' id='word_1_304' title='bbox 2893 1555 2947 1598; x_wconf 92' lang='lat' dir='ltr'><strong>et</strong></span> <span class='ocrx_word' id='word_1_305' title='bbox 2978 1546 3063 1598; x_wconf 86' lang='lat' dir='ltr'><strong>vir</strong></span> <span class='ocrx_word' id='word_1_306' title='bbox 3095 1545 3314 1615; x_wconf 86' lang='lat' dir='ltr'><strong>iniquus</strong></span> <span class='ocrx_word' id='word_1_307' title='bbox 3347 1544 3636 1599; x_wconf 87' lang='lat' dir='ltr'><strong>consilium</strong></span> 
     </span>
    </p>
   </div>
   <div class='ocr_carea' id='block_1_45' title="bbox 2041 1632 3635 1701">
    <p class='ocr_par' dir='ltr' id='par_1_45' title="bbox 2041 1632 3635 1701">
     <span class='ocr_line' id='line_1_45' title="bbox 2041 1632 3635 1701; baseline 0.002 -16"><span class='ocrx_word' id='word_1_308' title='bbox 2041 1645 2221 1696; x_wconf 86' lang='lat' dir='ltr'><strong>suum,</strong></span> <span class='ocrx_word' id='word_1_309' title='bbox 2252 1640 2308 1685; x_wconf 89' lang='lat' dir='ltr'><strong>et</strong></span> <span class='ocrx_word' id='word_1_310' title='bbox 2337 1641 2643 1686; x_wconf 83' lang='lat' dir='ltr'><strong>revertatur</strong></span> <span class='ocrx_word' id='word_1_311' title='bbox 2674 1633 2741 1688; x_wconf 91' lang='lat' dir='ltr'><strong>ad</strong></span> <span class='ocrx_word' id='word_1_312' title='bbox 2775 1632 3085 1701; x_wconf 85' lang='lat' dir='ltr'><strong>Dominum,</strong></span> <span class='ocrx_word' id='word_1_313' title='bbox 3114 1647 3171 1690; x_wconf 91' lang='lat' dir='ltr'><strong>et</strong></span> <span class='ocrx_word' id='word_1_314' title='bbox 3202 1636 3635 1690; x_wconf 87' lang='lat' dir='ltr'><strong>misericordiam</strong></span> 
     </span>
    </p>
   </div>
   <div class='ocr_carea' id='block_1_46' title="bbox 2042 1732 2472 1790">
    <p class='ocr_par' dir='ltr' id='par_1_46' title="bbox 2042 1732 2472 1790">
     <span class='ocr_line' id='line_1_46' title="bbox 2042 1732 2472 1790; baseline 0.007 -14"><span class='ocrx_word' id='word_1_315' title='bbox 2042 1732 2406 1790; x_wconf 88' lang='lat' dir='ltr'><strong>consequetur</strong></span> <span class='ocrx_word' id='word_1_316' title='bbox 2457 1739 2472 1778; x_wconf 88' lang='lat'><strong>:</strong></span> 
     </span>
    </p>
   </div>
   <div class='ocr_carea' id='block_1_47' title="bbox 2044 1816 2368 1871">
    <p class='ocr_par' dir='ltr' id='par_1_47' title="bbox 2044 1816 2368 1871">
     <span class='ocr_line' id='line_1_47' title="bbox 2044 1816 2368 1871; baseline 0.003 -3"><span class='ocrx_word' id='word_1_317' title='bbox 2044 1824 2222 1871; x_wconf 85' lang='lat' dir='ltr'><strong>vestra</strong></span> <span class='ocrx_word' id='word_1_318' title='bbox 2246 1816 2314 1870; x_wconf 87' lang='grc'><strong>³³.</strong></span> <span class='ocrx_word' id='word_1_319' title='bbox 2348 1835 2368 1868; x_wconf 81' lang='lat' dir='ltr'><strong>t</strong></span> 
     </span>
    </p>
   </div>
   <div class='ocr_carea' id='block_1_48' title="bbox 2530 1723 3633 1796">
    <p class='ocr_par' dir='ltr' id='par_1_48' title="bbox 2530 1723 3633 1796">
     <span class='ocr_line' id='line_1_48' title="bbox 2530 1723 3633 1796; baseline 0.003 -19"><span class='ocrx_word' id='word_1_320' title='bbox 2530 1723 2658 1792; x_wconf 86' lang='lat' dir='ltr'><strong>quia</strong></span> <span class='ocrx_word' id='word_1_321' title='bbox 2722 1724 3044 1796; x_wconf 87' lang='lat' dir='ltr'><strong>plerumque</strong></span> <span class='ocrx_word' id='word_1_322' title='bbox 3104 1726 3350 1781; x_wconf 89' lang='lat' dir='ltr'><strong>remittet</strong></span> <span class='ocrx_word' id='word_1_323' title='bbox 3404 1735 3633 1796; x_wconf 83' lang='lat' dir='ltr'><strong>peccata</strong></span> 
     </span>
    </p>
   </div>
   <div class='ocr_carea' id='block_1_49' title="bbox 2115 2103 3635 2175">
    <p class='ocr_par' dir='ltr' id='par_1_49' title="bbox 2115 2103 3635 2175">
     <span class='ocr_line' id='line_1_49' title="bbox 2115 2103 3635 2175; baseline -0.007 -11"><span class='ocrx_word' id='word_1_324' title='bbox 2115 2106 2276 2164; x_wconf 65' lang='lat' dir='ltr'><strong>Vnus.</strong></span> <span class='ocrx_word' id='word_1_325' title='bbox 2315 2107 2370 2171; x_wconf 80' lang='grc'><strong>5,</strong></span> <span class='ocrx_word' id='word_1_326' title='bbox 2403 2106 2457 2161; x_wconf 76' lang='grc'><strong>4.</strong></span> <span class='ocrx_word' id='word_1_327' title='bbox 2496 2104 2688 2160; x_wconf 77' lang='lat' dir='ltr'><strong>Petunt</strong></span> <span class='ocrx_word' id='word_1_328' title='bbox 2731 2120 2812 2160; x_wconf 80' lang='lat' dir='ltr'><strong>nte</strong></span> <span class='ocrx_word' id='word_1_329' title='bbox 2854 2120 2993 2159; x_wconf 85' lang='lat' dir='ltr'><strong>nunc</strong></span> <span class='ocrx_word' id='word_1_330' title='bbox 3029 2103 3292 2175; x_wconf 79' lang='lat' dir='ltr'><strong>judicium</strong></span> <span class='ocrx_word' id='word_1_331' title='bbox 3329 2103 3556 2172; x_wconf 82' lang='lat' dir='ltr'><strong>justum,</strong></span> <span class='ocrx_word' id='word_1_332' title='bbox 3586 2108 3635 2156; x_wconf 84' lang='lat' dir='ltr'><strong>ct</strong></span> 
     </span>
    </p>
   </div>
   <div class='ocr_carea' id='block_1_50' title="bbox 2043 2192 3640 2267">
    <p class='ocr_par' dir='ltr' id='par_1_50' title="bbox 2043 2192 3640 2267">
     <span class='ocr_line' id='line_1_50' title="bbox 2043 2192 3640 2267; baseline -0.003 -16"><span class='ocrx_word' id='word_1_333' title='bbox 2043 2199 2464 2267; x_wconf 79' lang='lat' dir='ltr'><strong>appropinquare</strong></span> <span class='ocrx_word' id='word_1_334' title='bbox 2488 2195 2598 2249; x_wconf 75' lang='lat' dir='ltr'><strong>Deo</strong></span> <span class='ocrx_word' id='word_1_335' title='bbox 2635 2196 2878 2263; x_wconf 74' lang='lat' dir='ltr'><strong>cupiunt,</strong></span> <span class='ocrx_word' id='word_1_336' title='bbox 2903 2195 3132 2248; x_wconf 83' lang='lat' dir='ltr'><strong>dicentes</strong></span> <span class='ocrx_word' id='word_1_337' title='bbox 3165 2210 3183 2247; x_wconf 92' lang='lat'><strong><em>:</em></strong></span> <span class='ocrx_word' id='word_1_338' title='bbox 3217 2193 3393 2259; x_wconf 76' lang='lat' dir='ltr'><strong>Quare</strong></span> <span class='ocrx_word' id='word_1_339' title='bbox 3416 2192 3640 2260; x_wconf 83' lang='lat' dir='ltr'><strong>jejuna-</strong></span> 
     </span>
    </p>
   </div>
   <div class='ocr_carea' id='block_1_51' title="bbox 2047 2286 3639 2353">
    <p class='ocr_par' dir='ltr' id='par_1_51' title="bbox 2047 2286 3639 2353">
     <span class='ocr_line' id='line_1_51' title="bbox 2047 2286 3639 2353; baseline -0.005 -10"><span class='ocrx_word' id='word_1_340' title='bbox 2047 2290 2240 2353; x_wconf 78' lang='lat' dir='ltr'><strong>rimus,</strong></span> <span class='ocrx_word' id='word_1_341' title='bbox 2267 2299 2315 2341; x_wconf 89' lang='lat' dir='ltr'><strong>et</strong></span> <span class='ocrx_word' id='word_1_342' title='bbox 2352 2304 2455 2341; x_wconf 80' lang='lat' dir='ltr'><strong>non</strong></span> <span class='ocrx_word' id='word_1_343' title='bbox 2488 2287 2703 2341; x_wconf 76' lang='lat' dir='ltr'><strong>vidisti?</strong></span> <span class='ocrx_word' id='word_1_344' title='bbox 2735 2286 3125 2339; x_wconf 77' lang='lat' dir='ltr'><strong>humiliavimus</strong></span> <span class='ocrx_word' id='word_1_345' title='bbox 3158 2286 3363 2338; x_wconf 79' lang='lat' dir='ltr'><strong>animos</strong></span> <span class='ocrx_word' id='word_1_346' title='bbox 3398 2294 3639 2348; x_wconf 80' lang='lat' dir='ltr'><strong>nostras,</strong></span> 
     </span>
    </p>
   </div>
   <div class='ocr_carea' id='block_1_52' title="bbox 2043 2374 3638 2447">
    <p class='ocr_par' dir='ltr' id='par_1_52' title="bbox 2043 2374 3638 2447">
     <span class='ocr_line' id='line_1_52' title="bbox 2043 2374 3638 2447; baseline -0.004 -15"><span class='ocrx_word' id='word_1_347' title='bbox 2043 2388 2089 2432; x_wconf 84' lang='lat' dir='ltr'><strong>et</strong></span> <span class='ocrx_word' id='word_1_348' title='bbox 2123 2393 2225 2431; x_wconf 89' lang='lat' dir='ltr'><strong>non</strong></span> <span class='ocrx_word' id='word_1_349' title='bbox 2257 2378 2586 2447; x_wconf 77' lang='lat' dir='ltr'><strong>cognovisti?</strong></span> <span class='ocrx_word' id='word_1_350' title='bbox 2614 2374 2757 2430; x_wconf 76' lang='lat' dir='ltr'><strong>Nam</strong></span> <span class='ocrx_word' id='word_1_351' title='bbox 2788 2377 2842 2429; x_wconf 86' lang='lat' dir='ltr'><strong>in</strong></span> <span class='ocrx_word' id='word_1_352' title='bbox 2869 2377 3050 2429; x_wconf 79' lang='lat' dir='ltr'><strong>diebus</strong></span> <span class='ocrx_word' id='word_1_353' title='bbox 3075 2376 3405 2443; x_wconf 68' lang='lat' dir='ltr'><strong>jejuniorum</strong></span> <span class='ocrx_word' id='word_1_354' title='bbox 3442 2382 3638 2428; x_wconf 67' lang='lat' dir='ltr'><strong>vestroo</strong></span> 
     </span>
    </p>
   </div>
   <div class='ocr_carea' id='block_1_53' title="bbox 2044 2467 3731 2539">
    <p class='ocr_par' dir='ltr' id='par_1_53' title="bbox 2044 2467 3731 2539">
     <span class='ocr_line' id='line_1_53' title="bbox 2044 2467 3731 2539; baseline -0.002 -16"><span class='ocrx_word' id='word_1_355' title='bbox 2044 2486 2192 2534; x_wconf 87' lang='lat' dir='ltr'><strong>rum,</strong></span> <span class='ocrx_word' id='word_1_356' title='bbox 2220 2468 2463 2522; x_wconf 68' lang='lat' dir='ltr'><strong>int-eniti:</strong></span> <span class='ocrx_word' id='word_1_357' title='bbox 2494 2468 2790 2522; x_wconf 76' lang='lat' dir='ltr'><strong>voluntates</strong></span> <span class='ocrx_word' id='word_1_358' title='bbox 2822 2480 3051 2529; x_wconf 67' lang='lat' dir='ltr'><strong>vestras,</strong></span> <span class='ocrx_word' id='word_1_359' title='bbox 3080 2475 3130 2519; x_wconf 85' lang='lat' dir='ltr'><strong>et</strong></span> <span class='ocrx_word' id='word_1_360' title='bbox 3166 2483 3343 2520; x_wconf 82' lang='lat' dir='ltr'><strong>omnes</strong></span> <span class='ocrx_word' id='word_1_361' title='bbox 3375 2467 3638 2533; x_wconf 76' lang='lat' dir='ltr'><strong>subjectos</strong></span> <span class='ocrx_word' id='word_1_362' title='bbox 3726 2534 3731 2539; x_wconf 27' lang='grc' dir='ltr'><strong><em>η</em></strong></span> 
     </span>
    </p>
   </div>
   <div class='ocr_carea' id='block_1_54' title="bbox 2042 2555 3637 2629">
    <p class='ocr_par' dir='ltr' id='par_1_54' title="bbox 2042 2555 3637 2629">
     <span class='ocr_line' id='line_1_54' title="bbox 2042 2555 3637 2629; baseline -0.003 -17"><span class='ocrx_word' id='word_1_363' title='bbox 2042 2558 2188 2612; x_wconf 76' lang='lat' dir='ltr'><strong>vobis</strong></span> <span class='ocrx_word' id='word_1_364' title='bbox 2221 2558 2473 2629; x_wconf 68' lang='lat' dir='ltr'><strong>aﬁiigitis,</strong></span> <span class='ocrx_word' id='word_1_365' title='bbox 2501 2560 2571 2610; x_wconf 86' lang='lat' dir='ltr'><strong>ad</strong></span> <span class='ocrx_word' id='word_1_366' title='bbox 2598 2556 2807 2626; x_wconf 79' lang='lat' dir='ltr'><strong>judicia</strong></span> <span class='ocrx_word' id='word_1_367' title='bbox 2836 2565 2887 2610; x_wconf 86' lang='lat' dir='ltr'><strong>et</strong></span> <span class='ocrx_word' id='word_1_368' title='bbox 2917 2555 3102 2627; x_wconf 73' lang='lat' dir='ltr'><strong>jurgz&#39;a</strong></span> <span class='ocrx_word' id='word_1_369' title='bbox 3130 2556 3485 2625; x_wconf 77' lang='lat' dir='ltr'><strong>jejunatis,et</strong></span> <span class='ocrx_word' id='word_1_370' title='bbox 3517 2573 3637 2622; x_wconf 83' lang='lat' dir='ltr'><strong>per-</strong></span> 
     </span>
    </p>
   </div>
   <div class='ocr_carea' id='block_1_55' title="bbox 2044 2649 2743 2720">
    <p class='ocr_par' dir='ltr' id='par_1_55' title="bbox 2044 2649 2743 2720">
     <span class='ocr_line' id='line_1_55' title="bbox 2044 2649 2743 2720; baseline -0.001 -16"><span class='ocrx_word' id='word_1_371' title='bbox 2044 2651 2224 2704; x_wconf 79' lang='lat' dir='ltr'><strong>cutitis</strong></span> <span class='ocrx_word' id='word_1_372' title='bbox 2253 2650 2444 2720; x_wconf 78' lang='lat' dir='ltr'><strong>pugnis</strong></span> <span class='ocrx_word' id='word_1_373' title='bbox 2469 2649 2743 2703; x_wconf 79' lang='lat' dir='ltr'><strong>humilem.</strong></span> 
     </span>
    </p>
   </div>
   <div class='ocr_carea' id='block_1_56' title="bbox 2117 2846 3636 2921">
    <p class='ocr_par' dir='ltr' id='par_1_56' title="bbox 2117 2846 3636 2921">
     <span class='ocr_line' id='line_1_56' title="bbox 2117 2846 3636 2921; baseline -0.001 -17"><span class='ocrx_word' id='word_1_374' title='bbox 2117 2848 2176 2904; x_wconf 91' lang='lat' dir='ltr'><strong>ln</strong></span> <span class='ocrx_word' id='word_1_375' title='bbox 2199 2848 2285 2917; x_wconf 86' lang='lat' dir='ltr'><strong>jus</strong></span> <span class='ocrx_word' id='word_1_376' title='bbox 2312 2865 2396 2905; x_wconf 91' lang='lat' dir='ltr'><strong>me</strong></span> <span class='ocrx_word' id='word_1_377' title='bbox 2420 2853 2635 2912; x_wconf 88' lang='lat' dir='ltr'><strong>vocant,</strong></span> <span class='ocrx_word' id='word_1_378' title='bbox 2654 2846 2850 2917; x_wconf 88' lang='lat' dir='ltr'><strong>inquit,</strong></span> <span class='ocrx_word' id='word_1_379' title='bbox 2872 2848 3041 2921; x_wconf 84' lang='lat' dir='ltr'><strong>utqui</strong></span> <span class='ocrx_word' id='word_1_380' title='bbox 3064 2847 3210 2917; x_wconf 88' lang='lat' dir='ltr'><strong>justa</strong></span> <span class='ocrx_word' id='word_1_381' title='bbox 3239 2863 3345 2903; x_wconf 92' lang='lat' dir='ltr'><strong>non</strong></span> <span class='ocrx_word' id='word_1_382' title='bbox 3378 2847 3636 2914; x_wconf 89' lang='lat' dir='ltr'><strong>tribuam,</strong></span> 
     </span>
    </p>
   </div>
   <div class='ocr_carea' id='block_1_57' title="bbox 2044 2940 3638 3013">
    <p class='ocr_par' dir='ltr' id='par_1_57' title="bbox 2044 2940 3638 3013">
     <span class='ocr_line' id='line_1_57' title="bbox 2044 2940 3638 3013; baseline -0.002 -15"><span class='ocrx_word' id='word_1_383' title='bbox 2044 2957 2110 2998; x_wconf 89' lang='lat' dir='ltr'><strong>eo</strong></span> <span class='ocrx_word' id='word_1_384' title='bbox 2140 2942 2284 3013; x_wconf 92' lang='lat' dir='ltr'><strong>quod</strong></span> <span class='ocrx_word' id='word_1_385' title='bbox 2313 2940 2576 2997; x_wconf 88' lang='lat' dir='ltr'><strong>noluerim</strong></span> <span class='ocrx_word' id='word_1_386' title='bbox 2610 2940 2858 2995; x_wconf 89' lang='lat' dir='ltr'><strong>misereri</strong></span> <span class='ocrx_word' id='word_1_387' title='bbox 2889 2957 3077 2997; x_wconf 82' lang='lat' dir='ltr'><strong>eorum</strong></span> <span class='ocrx_word' id='word_1_388' title='bbox 3125 2942 3214 3011; x_wconf 88' lang='lat' dir='ltr'><strong>qui</strong></span> <span class='ocrx_word' id='word_1_389' title='bbox 3253 2956 3346 3011; x_wconf 90' lang='lat' dir='ltr'><strong>per</strong></span> <span class='ocrx_word' id='word_1_390' title='bbox 3369 2940 3638 3010; x_wconf 85' lang='lat' dir='ltr'><strong>jejunium</strong></span> 
     </span>
    </p>
   </div>
   <div class='ocr_carea' id='block_1_58' title="bbox 2045 3033 3639 3106">
    <p class='ocr_par' dir='ltr' id='par_1_58' title="bbox 2045 3033 3639 3106">
     <span class='ocr_line' id='line_1_58' title="bbox 2045 3033 3639 3106; baseline -0.003 -13"><span class='ocrx_word' id='word_1_391' title='bbox 2045 3046 2100 3094; x_wconf 87' lang='lat' dir='ltr'><strong>et</strong></span> <span class='ocrx_word' id='word_1_392' title='bbox 2142 3037 2515 3106; x_wconf 82' lang='lat' dir='ltr'><strong>precationem</strong></span> <span class='ocrx_word' id='word_1_393' title='bbox 2562 3034 2793 3089; x_wconf 88' lang='lat' dir='ltr'><strong>humiles</strong></span> <span class='ocrx_word' id='word_1_394' title='bbox 2844 3043 2990 3090; x_wconf 89' lang='lat' dir='ltr'><strong>sunt.</strong></span> <span class='ocrx_word' id='word_1_395' title='bbox 3039 3033 3243 3090; x_wconf 86' lang='lat' dir='ltr'><strong>Deinde</strong></span> <span class='ocrx_word' id='word_1_396' title='bbox 3283 3034 3471 3088; x_wconf 87' lang='lat' dir='ltr'><strong>volunt</strong></span> <span class='ocrx_word' id='word_1_397' title='bbox 3515 3048 3639 3089; x_wconf 84' lang='lat' dir='ltr'><strong>esse</strong></span> 
     </span>
    </p>
   </div>
   <div class='ocr_carea' id='block_1_59' title="bbox 2048 3124 3636 3199">
    <p class='ocr_par' dir='ltr' id='par_1_59' title="bbox 2048 3124 3636 3199">
     <span class='ocr_line' id='line_1_59' title="bbox 2048 3124 3636 3199; baseline 0.001 -19"><span class='ocrx_word' id='word_1_398' title='bbox 2048 3127 2144 3183; x_wconf 88' lang='lat' dir='ltr'><strong>Dei</strong></span> <span class='ocrx_word' id='word_1_399' title='bbox 2174 3127 2483 3199; x_wconf 84' lang='lat' dir='ltr'><strong>propinqui,</strong></span> <span class='ocrx_word' id='word_1_400' title='bbox 2512 3142 2636 3184; x_wconf 89' lang='lat' dir='ltr'><strong>cum</strong></span> <span class='ocrx_word' id='word_1_401' title='bbox 2666 3127 2735 3183; x_wconf 91' lang='lat' dir='ltr'><strong>de</strong></span> <span class='ocrx_word' id='word_1_402' title='bbox 2759 3128 2903 3183; x_wconf 92' lang='lat' dir='ltr'><strong>nullo</strong></span> <span class='ocrx_word' id='word_1_403' title='bbox 2928 3127 3142 3198; x_wconf 87' lang='lat' dir='ltr'><strong>pietatis</strong></span> <span class='ocrx_word' id='word_1_404' title='bbox 3171 3127 3433 3197; x_wconf 66' lang='lat' dir='ltr'><strong>praeclaro</strong></span> <span class='ocrx_word' id='word_1_405' title='bbox 3460 3124 3636 3181; x_wconf 80' lang='lat' dir='ltr'><strong>ofﬁcio</strong></span> 
     </span>
    </p>
   </div>
   <div class='ocr_carea' id='block_1_60' title="bbox 357 3199 1946 3302">
    <p class='ocr_par' dir='ltr' id='par_1_60' title="bbox 357 3199 1944 3275">
     <span class='ocr_line' id='line_1_60' title="bbox 357 3199 1944 3275; baseline 0.001 -21"><span class='ocrx_word' id='word_1_406' title='bbox 357 3201 695 3270; x_wconf 70' lang='grc' dir='ltr'>γαθημόιτων</span> <span class='ocrx_word' id='word_1_407' title='bbox 742 3199 1114 3271; x_wconf 81' lang='grc' dir='ltr'><strong>καυχώμενοι,</strong></span> <span class='ocrx_word' id='word_1_408' title='bbox 1166 3201 1281 3255; x_wconf 83' lang='grc' dir='ltr'>ἀλλ’</span> <span class='ocrx_word' id='word_1_409' title='bbox 1318 3202 1438 3256; x_wconf 82' lang='grc' dir='ltr'>οὐδὲ</span> <span class='ocrx_word' id='word_1_410' title='bbox 1487 3202 1586 3275; x_wconf 78' lang='grc' dir='ltr'><strong>τὴν</strong></span> <span class='ocrx_word' id='word_1_411' title='bbox 1641 3201 1702 3267; x_wconf 73' lang='grc' dir='ltr'>ἐξ</span> <span class='ocrx_word' id='word_1_412' title='bbox 1734 3201 1944 3274; x_wconf 81' lang='grc' dir='ltr'>ἀρετῶν</span> 
     </span>
    </p>
   </div>
   <div class='ocr_carea' id='block_1_61' title="bbox 2046 3199 3639 3302">
    <p class='ocr_par' dir='ltr' id='par_1_61' title="bbox 2048 3217 3639 3288">
     <span class='ocr_line' id='line_1_61' title="bbox 2048 3217 3639 3288; baseline 0.001 -18"><span class='ocrx_word' id='word_1_413' title='bbox 2048 3217 2268 3287; x_wconf 78' lang='lat' dir='ltr'><strong>gloriari</strong></span> <span class='ocrx_word' id='word_1_414' title='bbox 2294 3220 2524 3288; x_wconf 86' lang='lat' dir='ltr'><strong>possint,</strong></span> <span class='ocrx_word' id='word_1_415' title='bbox 2545 3233 2645 3276; x_wconf 91' lang='lat' dir='ltr'><strong>nec</strong></span> <span class='ocrx_word' id='word_1_416' title='bbox 2666 3217 2778 3273; x_wconf 87' lang='lat' dir='ltr'><strong>ullo</strong></span> <span class='ocrx_word' id='word_1_417' title='bbox 2804 3218 3065 3272; x_wconf 82' lang='lat' dir='ltr'><strong>virtutum</strong></span> <span class='ocrx_word' id='word_1_418' title='bbox 3089 3220 3378 3286; x_wconf 88' lang='lat' dir='ltr'><strong>splendore</strong></span> <span class='ocrx_word' id='word_1_419' title='bbox 3401 3221 3639 3272; x_wconf 86' lang='lat' dir='ltr'><strong>vestian-</strong></span> 
     </span>
    </p>
   </div>
   <div class='ocr_carea' id='block_1_62' title="bbox 347 3288 1945 3362">
    <p class='ocr_par' dir='ltr' id='par_1_62' title="bbox 347 3288 1945 3362">
     <span class='ocr_line' id='line_1_62' title="bbox 347 3288 1945 3362; baseline 0.001 -20"><span class='ocrx_word' id='word_1_420' title='bbox 347 3288 692 3361; x_wconf 78' lang='grc' dir='ltr'>φαιδρότητα</span> <span class='ocrx_word' id='word_1_421' title='bbox 722 3288 1127 3360; x_wconf 78' lang='grc' dir='ltr'>περικείμενοι,</span> <span class='ocrx_word' id='word_1_422' title='bbox 1145 3289 1234 3343; x_wconf 85' lang='grc' dir='ltr'>διὰ</span> <span class='ocrx_word' id='word_1_423' title='bbox 1262 3289 1426 3361; x_wconf 75' lang='grc' dir='ltr'>ψιλὴν</span> <span class='ocrx_word' id='word_1_424' title='bbox 1445 3290 1504 3343; x_wconf 80' lang='grc' dir='ltr'><strong>δὲ</strong></span> <span class='ocrx_word' id='word_1_425' title='bbox 1531 3291 1626 3345; x_wconf 79' lang='grc' dir='ltr'>καὶ</span> <span class='ocrx_word' id='word_1_426' title='bbox 1658 3291 1826 3362; x_wconf 89' lang='grc' dir='ltr'>μόνην</span> <span class='ocrx_word' id='word_1_427' title='bbox 1841 3291 1945 3361; x_wconf 82' lang='grc' dir='ltr'><strong>τὴν</strong></span> 
     </span>
    </p>
   </div>
   <div class='ocr_carea' id='block_1_63' title="bbox 350 3379 1941 3452">
    <p class='ocr_par' dir='ltr' id='par_1_63' title="bbox 350 3379 1941 3452">
     <span class='ocr_line' id='line_1_63' title="bbox 350 3379 1941 3452; baseline -0.001 -17"><span class='ocrx_word' id='word_1_428' title='bbox 350 3380 576 3435; x_wconf 76' lang='grc' dir='ltr'>ἀσιτίαν</span> <span class='ocrx_word' id='word_1_429' title='bbox 592 3398 605 3411; x_wconf 92' lang='grc'><strong>·</strong></span> <span class='ocrx_word' id='word_1_430' title='bbox 625 3381 721 3433; x_wconf 71' lang='grc' dir='ltr'>καὶ</span> <span class='ocrx_word' id='word_1_431' title='bbox 734 3380 796 3451; x_wconf 86' lang='grc' dir='ltr'><strong>δή</strong></span> <span class='ocrx_word' id='word_1_432' title='bbox 821 3397 1047 3447; x_wconf 73' lang='grc' dir='ltr'>φασινί</span> <span class='ocrx_word' id='word_1_433' title='bbox 1071 3381 1631 3452; x_wconf 74' lang='grc' dir='ltr'>Ἑνηστεύσαμεν,καὶ</span> <span class='ocrx_word' id='word_1_434' title='bbox 1649 3382 1751 3435; x_wconf 78' lang='grc' dir='ltr'>οὐκ</span> <span class='ocrx_word' id='word_1_435' title='bbox 1780 3379 1941 3447; x_wconf 76' lang='grc' dir='ltr'>εἶδεςο</span> 
     </span>
    </p>
   </div>
   <div class='ocr_carea' id='block_1_64' title="bbox 351 3471 1939 3543">
    <p class='ocr_par' dir='ltr' id='par_1_64' title="bbox 351 3471 1939 3543">
     <span class='ocr_line' id='line_1_64' title="bbox 351 3471 1939 3543; baseline 0 -17"><span class='ocrx_word' id='word_1_436' title='bbox 351 3471 808 3543; x_wconf 67' lang='grc' dir='ltr'>ἀταπεινώσαμεν</span> <span class='ocrx_word' id='word_1_437' title='bbox 842 3474 940 3536; x_wconf 83' lang='grc' dir='ltr'>τὰς</span> <span class='ocrx_word' id='word_1_438' title='bbox 993 3471 1173 3543; x_wconf 78' lang='grc' dir='ltr'>ψυχὰς</span> <span class='ocrx_word' id='word_1_439' title='bbox 1193 3472 1375 3541; x_wconf 73' lang='grc' dir='ltr'>ἡμῶν,</span> <span class='ocrx_word' id='word_1_440' title='bbox 1412 3477 1507 3526; x_wconf 73' lang='grc' dir='ltr'>καὶ</span> <span class='ocrx_word' id='word_1_441' title='bbox 1532 3474 1633 3528; x_wconf 84' lang='grc' dir='ltr'>οὐκ</span> <span class='ocrx_word' id='word_1_442' title='bbox 1671 3474 1863 3542; x_wconf 73' lang='grc' dir='ltr'>ἔγνως.</span> <span class='ocrx_word' id='word_1_443' title='bbox 1920 3493 1939 3525; x_wconf 70' lang='grc' dir='ltr'>ι</span> 
     </span>
    </p>
   </div>
   <div class='ocr_carea' id='block_1_65' title="bbox 352 3562 1948 3635">
    <p class='ocr_par' dir='ltr' id='par_1_65' title="bbox 352 3562 1948 3635">
     <span class='ocr_line' id='line_1_65' title="bbox 352 3562 1948 3635; baseline 0.001 -17"><span class='ocrx_word' id='word_1_444' title='bbox 352 3565 465 3618; x_wconf 74' lang='grc' dir='ltr'><strong>Καὶ</strong></span> <span class='ocrx_word' id='word_1_445' title='bbox 498 3565 596 3633; x_wconf 77' lang='grc' dir='ltr'><strong>οὐχ</strong></span> <span class='ocrx_word' id='word_1_446' title='bbox 630 3564 705 3627; x_wconf 84' lang='grc' dir='ltr'>ὡς</span> <span class='ocrx_word' id='word_1_447' title='bbox 739 3564 1106 3633; x_wconf 83' lang='grc' dir='ltr'>ἀγνοήσαντος</span> <span class='ocrx_word' id='word_1_448' title='bbox 1131 3562 1266 3617; x_wconf 83' lang='grc' dir='ltr'>Θεοῦ</span> <span class='ocrx_word' id='word_1_449' title='bbox 1290 3564 1388 3635; x_wconf 81' lang='grc' dir='ltr'><strong>τὴν</strong></span> <span class='ocrx_word' id='word_1_450' title='bbox 1432 3564 1520 3619; x_wconf 68' lang='grc' dir='ltr'><strong>διὰ</strong></span> <span class='ocrx_word' id='word_1_451' title='bbox 1559 3567 1813 3635; x_wconf 80' lang='grc' dir='ltr'>νηστείας</span> <span class='ocrx_word' id='word_1_452' title='bbox 1848 3567 1948 3620; x_wconf 82' lang='grc' dir='ltr'>αύ-</span> 
     </span>
    </p>
   </div>
   <div class='ocr_carea' id='block_1_66' title="bbox 357 3654 1947 3728">
    <p class='ocr_par' dir='ltr' id='par_1_66' title="bbox 357 3654 1947 3728">
     <span class='ocr_line' id='line_1_66' title="bbox 357 3654 1947 3728; baseline 0.003 -19"><span class='ocrx_word' id='word_1_453' title='bbox 357 3655 465 3709; x_wconf 83' lang='grc' dir='ltr'><strong>τῶν</strong></span> <span class='ocrx_word' id='word_1_454' title='bbox 501 3654 834 3709; x_wconf 80' lang='grc' dir='ltr'>ταπείνωσιν</span> <span class='ocrx_word' id='word_1_455' title='bbox 874 3654 945 3709; x_wconf 81' lang='grc' dir='ltr'><strong>τὰ</strong></span> <span class='ocrx_word' id='word_1_456' title='bbox 983 3655 1162 3709; x_wconf 82' lang='grc' dir='ltr'>τοιάδε</span> <span class='ocrx_word' id='word_1_457' title='bbox 1188 3657 1372 3722; x_wconf 73' lang='grc' dir='ltr'>φασιν·</span> <span class='ocrx_word' id='word_1_458' title='bbox 1399 3656 1587 3728; x_wconf 81' lang='grc' dir='ltr'>ἐπειδὴ</span> <span class='ocrx_word' id='word_1_459' title='bbox 1613 3657 1673 3710; x_wconf 80' lang='grc' dir='ltr'><strong>δὲ</strong></span> <span class='ocrx_word' id='word_1_460' title='bbox 1697 3658 1761 3711; x_wconf 79' lang='grc' dir='ltr'><strong>ού</strong></span> <span class='ocrx_word' id='word_1_461' title='bbox 1793 3659 1947 3728; x_wconf 85' lang='grc' dir='ltr'>γεγό-</span> 
     </span>
    </p>
   </div>
   <div class='ocr_carea' id='block_1_67' title="bbox 353 3746 1946 3818">
    <p class='ocr_par' dir='ltr' id='par_1_67' title="bbox 353 3746 1946 3818">
     <span class='ocr_line' id='line_1_67' title="bbox 353 3746 1946 3818; baseline 0.003 -18"><span class='ocrx_word' id='word_1_462' title='bbox 353 3764 510 3801; x_wconf 83' lang='grc' dir='ltr'>νασιν</span> <span class='ocrx_word' id='word_1_463' title='bbox 545 3749 604 3800; x_wconf 82' lang='grc' dir='ltr'><strong>ὲν</strong></span> <span class='ocrx_word' id='word_1_464' title='bbox 625 3746 875 3818; x_wconf 80' lang='grc' dir='ltr'><strong>αἰσθήσει</strong></span> <span class='ocrx_word' id='word_1_465' title='bbox 892 3747 1001 3801; x_wconf 83' lang='grc' dir='ltr'><strong>τῶν</strong></span> <span class='ocrx_word' id='word_1_466' title='bbox 1017 3748 1380 3817; x_wconf 76' lang='grc' dir='ltr'>αἰτιαμάτων,</span> <span class='ocrx_word' id='word_1_467' title='bbox 1410 3749 1491 3813; x_wconf 79' lang='grc' dir='ltr'><strong>τὸ,</strong></span> <span class='ocrx_word' id='word_1_468' title='bbox 1513 3750 1628 3804; x_wconf 80' lang='grc' dir='ltr'><strong>Οὐκ</strong></span> <span class='ocrx_word' id='word_1_469' title='bbox 1657 3747 1819 3816; x_wconf 84' lang='grc' dir='ltr'>εῐόες,</span> <span class='ocrx_word' id='word_1_470' title='bbox 1849 3753 1946 3808; x_wconf 74' lang='grc' dir='ltr'>καὶ</span> 
     </span>
    </p>
   </div>
   <div class='ocr_carea' id='block_1_68' title="bbox 350 3838 1947 3916">
    <p class='ocr_par' dir='ltr' id='par_1_68' title="bbox 350 3838 1947 3916">
     <span class='ocr_line' id='line_1_68' title="bbox 350 3838 1947 3916; baseline 0.005 -25"><span class='ocrx_word' id='word_1_471' title='bbox 350 3838 435 3903; x_wconf 75' lang='grc' dir='ltr'>τὸ,</span> <span class='ocrx_word' id='word_1_472' title='bbox 466 3839 588 3892; x_wconf 80' lang='grc' dir='ltr'><strong>οὐκ</strong></span> <span class='ocrx_word' id='word_1_473' title='bbox 611 3838 806 3907; x_wconf 77' lang='grc' dir='ltr'>ἔγνως,</span> <span class='ocrx_word' id='word_1_474' title='bbox 835 3839 1018 3908; x_wconf 83' lang='grc' dir='ltr'>φασίν.</span> <span class='ocrx_word' id='word_1_475' title='bbox 1056 3841 1272 3897; x_wconf 80' lang='grc' dir='ltr'>Εἰδὲναι</span> <span class='ocrx_word' id='word_1_476' title='bbox 1316 3841 1427 3914; x_wconf 89' lang='grc' dir='ltr'><strong>γάρ</strong></span> <span class='ocrx_word' id='word_1_477' title='bbox 1459 3844 1581 3897; x_wconf 84' lang='grc' dir='ltr'>τότε</span> <span class='ocrx_word' id='word_1_478' title='bbox 1610 3848 1791 3916; x_wconf 70' lang='grc' dir='ltr'>φαμὲν</span> <span class='ocrx_word' id='word_1_479' title='bbox 1818 3845 1947 3910; x_wconf 85' lang='grc' dir='ltr'>τούς</span> 
     </span>
    </p>
   </div>
   <div class='ocr_carea' id='block_1_69' title="bbox 350 3931 1946 4008">
    <p class='ocr_par' dir='ltr' id='par_1_69' title="bbox 350 3931 1946 4008">
     <span class='ocr_line' id='line_1_69' title="bbox 350 3931 1946 4008; baseline 0.004 -23"><span class='ocrx_word' id='word_1_480' title='bbox 350 3948 518 3985; x_wconf 86' lang='grc' dir='ltr'>τινων</span> <span class='ocrx_word' id='word_1_481' title='bbox 559 3931 795 3996; x_wconf 81' lang='grc' dir='ltr'>πόνους,</span> <span class='ocrx_word' id='word_1_482' title='bbox 842 3931 972 3995; x_wconf 83' lang='grc' dir='ltr'>τοὺς</span> <span class='ocrx_word' id='word_1_483' title='bbox 1016 3931 1107 3985; x_wconf 85' lang='grc' dir='ltr'>διά</span> <span class='ocrx_word' id='word_1_484' title='bbox 1157 3949 1243 4001; x_wconf 91' lang='grc' dir='ltr'><strong>γε,</strong></span> <span class='ocrx_word' id='word_1_485' title='bbox 1285 3935 1452 4006; x_wconf 75' lang='grc' dir='ltr'>φημὶ,</span> <span class='ocrx_word' id='word_1_486' title='bbox 1493 3936 1806 4008; x_wconf 81' lang='grc' dir='ltr'>προσευχῆς</span> <span class='ocrx_word' id='word_1_487' title='bbox 1850 3938 1946 3991; x_wconf 71' lang='grc' dir='ltr'>καὶ</span> 
     </span>
    </p>
   </div>
   <div class='ocr_carea' id='block_1_70' title="bbox 350 4021 1945 4093">
    <p class='ocr_par' dir='ltr' id='par_1_70' title="bbox 350 4021 1945 4093">
     <span class='ocr_line' id='line_1_70' title="bbox 350 4021 1945 4093; baseline 0.002 -16"><span class='ocrx_word' id='word_1_488' title='bbox 350 4022 667 4092; x_wconf 78' lang='grc' dir='ltr'>ἀσκήσεως,</span> <span class='ocrx_word' id='word_1_489' title='bbox 692 4022 785 4076; x_wconf 73' lang='grc' dir='ltr'><strong>τὸν</strong></span> <span class='ocrx_word' id='word_1_490' title='bbox 832 4021 942 4075; x_wconf 84' lang='grc' dir='ltr'>τῶν</span> <span class='ocrx_word' id='word_1_491' title='bbox 988 4023 1128 4076; x_wconf 83' lang='grc' dir='ltr'>ὅλων</span> <span class='ocrx_word' id='word_1_492' title='bbox 1176 4023 1332 4087; x_wconf 78' lang='grc' dir='ltr'>Θεὸν,</span> <span class='ocrx_word' id='word_1_493' title='bbox 1383 4026 1473 4077; x_wconf 82' lang='grc' dir='ltr'><strong>ὅτε</strong></span> <span class='ocrx_word' id='word_1_494' title='bbox 1504 4026 1798 4080; x_wconf 82' lang='grc' dir='ltr'>κατανεύει</span> <span class='ocrx_word' id='word_1_495' title='bbox 1833 4031 1945 4093; x_wconf 81' lang='grc' dir='ltr'>τοῖς</span> 
     </span>
    </p>
   </div>
   <div class='ocr_carea' id='block_1_71' title="bbox 353 4109 1945 4189">
    <p class='ocr_par' dir='ltr' id='par_1_71' title="bbox 353 4109 1945 4189">
     <span class='ocr_line' id='line_1_71' title="bbox 353 4109 1945 4189; baseline 0.002 -21"><span class='ocrx_word' id='word_1_496' title='bbox 353 4116 482 4185; x_wconf 77' lang='grc' dir='ltr'>αἰτή</span> <span class='ocrx_word' id='word_1_497' title='bbox 493 4130 659 4184; x_wconf 85' lang='grc' dir='ltr'>μασιν</span> <span class='ocrx_word' id='word_1_498' title='bbox 685 4114 888 4168; x_wconf 81' lang='grc' dir='ltr'>αὐτῶν.</span> <span class='ocrx_word' id='word_1_499' title='bbox 909 4112 1034 4178; x_wconf 83' lang='grc' dir='ltr'><strong>Πῶς</strong></span> <span class='ocrx_word' id='word_1_500' title='bbox 1049 4109 1142 4167; x_wconf 85' lang='grc' dir='ltr'>οῦν</span> <span class='ocrx_word' id='word_1_501' title='bbox 1167 4114 1275 4186; x_wconf 77' lang='grc' dir='ltr'>ἄρα</span> <span class='ocrx_word' id='word_1_502' title='bbox 1299 4116 1659 4185; x_wconf 76' lang='grc' dir='ltr'>νηστεύοντας</span> <span class='ocrx_word' id='word_1_503' title='bbox 1686 4119 1747 4171; x_wconf 83' lang='grc' dir='ltr'><strong>οὐ</strong></span> <span class='ocrx_word' id='word_1_504' title='bbox 1776 4136 1945 4189; x_wconf 82' lang='grc' dir='ltr'>προσ-</span> 
     </span>
    </p>
   </div>
   <div class='ocr_carea' id='block_1_72' title="bbox 356 4205 1945 4277">
    <p class='ocr_par' dir='ltr' id='par_1_72' title="bbox 356 4205 1945 4277">
     <span class='ocr_line' id='line_1_72' title="bbox 356 4205 1945 4277; baseline 0.003 -19"><span class='ocrx_word' id='word_1_505' title='bbox 356 4207 488 4270; x_wconf 79' lang='grc' dir='ltr'>ίετο,</span> <span class='ocrx_word' id='word_1_506' title='bbox 545 4207 643 4260; x_wconf 70' lang='grc' dir='ltr'>καὶ</span> <span class='ocrx_word' id='word_1_507' title='bbox 680 4205 1188 4277; x_wconf 83' lang='grc' dir='ltr'>ἀνευπαραδέκτους</span> <span class='ocrx_word' id='word_1_508' title='bbox 1220 4208 1457 4263; x_wconf 68' lang='grc' dir='ltr'>ἐποιεῖτο</span> <span class='ocrx_word' id='word_1_509' title='bbox 1506 4206 1607 4272; x_wconf 80' lang='grc' dir='ltr'>τὰς</span> <span class='ocrx_word' id='word_1_510' title='bbox 1650 4208 1804 4273; x_wconf 77' lang='grc' dir='ltr'>λιτὰς</span> <span class='ocrx_word' id='word_1_511' title='bbox 1837 4209 1945 4263; x_wconf 77' lang='grc' dir='ltr'>τῶν</span> 
     </span>
    </p>
   </div>
   <div class='ocr_carea' id='block_1_73' title="bbox 353 4297 1947 4373">
    <p class='ocr_par' dir='ltr' id='par_1_73' title="bbox 353 4297 1947 4373">
     <span class='ocr_line' id='line_1_73' title="bbox 353 4297 1947 4373; baseline 0.003 -23"><span class='ocrx_word' id='word_1_512' title='bbox 353 4298 585 4362; x_wconf 71' lang='grc' dir='ltr'>ἑαυτοὺς</span> <span class='ocrx_word' id='word_1_513' title='bbox 604 4297 1103 4373; x_wconf 84' lang='grc' dir='ltr'>τεταπεινωκότων,</span> <span class='ocrx_word' id='word_1_514' title='bbox 1124 4297 1490 4366; x_wconf 76' lang='grc' dir='ltr'>ἀπολογεῖται,</span> <span class='ocrx_word' id='word_1_515' title='bbox 1512 4298 1708 4368; x_wconf 81' lang='grc' dir='ltr'>λέγων·</span> <span class='ocrx_word' id='word_1_516' title='bbox 1728 4301 1815 4356; x_wconf 90' lang='grc' dir='ltr'><strong>Ἐν</strong></span> <span class='ocrx_word' id='word_1_517' title='bbox 1836 4300 1947 4373; x_wconf 80' lang='grc' dir='ltr'><strong>γὰρ</strong></span> 
     </span>
    </p>
   </div>
   <div class='ocr_carea' id='block_1_74' title="bbox 353 4389 1948 4462">
    <p class='ocr_par' dir='ltr' id='par_1_74' title="bbox 353 4389 1948 4462">
     <span class='ocr_line' id='line_1_74' title="bbox 353 4389 1948 4462; baseline 0.001 -19"><span class='ocrx_word' id='word_1_518' title='bbox 353 4392 478 4453; x_wconf 76' lang='grc' dir='ltr'>ταῖς</span> <span class='ocrx_word' id='word_1_519' title='bbox 513 4390 751 4462; x_wconf 75' lang='grc' dir='ltr'>ἡμέραις</span> <span class='ocrx_word' id='word_1_520' title='bbox 773 4389 884 4444; x_wconf 79' lang='grc' dir='ltr'><strong>τῶν</strong></span> <span class='ocrx_word' id='word_1_521' title='bbox 913 4390 1179 4457; x_wconf 84' lang='grc' dir='ltr'>νηστειῶν</span> <span class='ocrx_word' id='word_1_522' title='bbox 1212 4390 1368 4462; x_wconf 85' lang='grc' dir='ltr'>ὑμῶν</span> <span class='ocrx_word' id='word_1_523' title='bbox 1427 4391 1712 4460; x_wconf 81' lang='grc' dir='ltr'>εὑρίσκετε</span> <span class='ocrx_word' id='word_1_524' title='bbox 1736 4391 1808 4447; x_wconf 80' lang='grc' dir='ltr'><strong>τὰ</strong></span> <span class='ocrx_word' id='word_1_525' title='bbox 1856 4391 1948 4446; x_wconf 80' lang='grc' dir='ltr'><strong>θε-</strong></span> 
     </span>
    </p>
   </div>
   <div class='ocr_carea' id='block_1_75' title="bbox 354 4477 1944 4552">
    <p class='ocr_par' dir='ltr' id='par_1_75' title="bbox 354 4477 1944 4552">
     <span class='ocr_line' id='line_1_75' title="bbox 354 4477 1944 4552; baseline -0.001 -19"><span class='ocrx_word' id='word_1_526' title='bbox 354 4478 579 4552; x_wconf 78' lang='grc' dir='ltr'>λήματα</span> <span class='ocrx_word' id='word_1_527' title='bbox 604 4478 780 4550; x_wconf 81' lang='grc' dir='ltr'><strong>ὑμῶν.</strong></span> <span class='ocrx_word' id='word_1_528' title='bbox 807 4479 851 4532; x_wconf 87' lang='grc' dir='ltr'><strong>Χ</strong></span> <span class='ocrx_word' id='word_1_529' title='bbox 863 4478 1015 4551; x_wconf 84' lang='grc' dir='ltr'>ρῆμα</span> <span class='ocrx_word' id='word_1_530' title='bbox 1042 4478 1142 4550; x_wconf 79' lang='grc' dir='ltr'>μὲν</span> <span class='ocrx_word' id='word_1_531' title='bbox 1168 4478 1281 4550; x_wconf 81' lang='grc' dir='ltr'><strong>γὰρ</strong></span> <span class='ocrx_word' id='word_1_532' title='bbox 1310 4477 1588 4549; x_wconf 72' lang='grc' dir='ltr'>ἐξαίρετον</span> <span class='ocrx_word' id='word_1_533' title='bbox 1616 4480 1649 4548; x_wconf 81' lang='grc' dir='ltr'>ἡ</span> <span class='ocrx_word' id='word_1_534' title='bbox 1685 4477 1944 4549; x_wconf 74' lang='grc' dir='ltr'>νηστεία,</span> 
     </span>
    </p>
   </div>
   <div class='ocr_carea' id='block_1_76' title="bbox 2050 3309 3636 3382">
    <p class='ocr_par' dir='ltr' id='par_1_76' title="bbox 2050 3309 3636 3382">
     <span class='ocr_line' id='line_1_76' title="bbox 2050 3309 3636 3382; baseline 0 -18"><span class='ocrx_word' id='word_1_535' title='bbox 2050 3320 2169 3375; x_wconf 91' lang='lat' dir='ltr'><strong>tur,</strong></span> <span class='ocrx_word' id='word_1_536' title='bbox 2195 3309 2365 3382; x_wconf 64' lang='grc'><strong>814</strong></span> <span class='ocrx_word' id='word_1_537' title='bbox 2396 3311 2503 3364; x_wconf 88' lang='lat' dir='ltr'><strong>nisi</strong></span> <span class='ocrx_word' id='word_1_538' title='bbox 2541 3310 2658 3365; x_wconf 88' lang='lat' dir='ltr'><strong>sola</strong></span> <span class='ocrx_word' id='word_1_539' title='bbox 2710 3310 2850 3365; x_wconf 87' lang='lat' dir='ltr'><strong>nuda</strong></span> <span class='ocrx_word' id='word_1_540' title='bbox 2888 3310 3213 3379; x_wconf 81' lang='lat' dir='ltr'><strong>abstinentia</strong></span> <span class='ocrx_word' id='word_1_541' title='bbox 3253 3326 3269 3366; x_wconf 89' lang='lat'><strong>:</strong></span> <span class='ocrx_word' id='word_1_542' title='bbox 3306 3318 3361 3363; x_wconf 91' lang='lat' dir='ltr'><strong>et</strong></span> <span class='ocrx_word' id='word_1_543' title='bbox 3392 3309 3581 3364; x_wconf 88' lang='lat' dir='ltr'><strong>dicunt</strong></span> <span class='ocrx_word' id='word_1_544' title='bbox 3618 3326 3636 3364; x_wconf 91' lang='lat'><strong>:</strong></span> 
     </span>
    </p>
   </div>
   <div class='ocr_carea' id='block_1_77' title="bbox 2052 3399 3637 3469">
    <p class='ocr_par' dir='ltr' id='par_1_77' title="bbox 2052 3399 3637 3469">
     <span class='ocr_line' id='line_1_77' title="bbox 2052 3399 3637 3469; baseline 0.001 -15"><span class='ocrx_word' id='word_1_545' title='bbox 2052 3419 2072 3452; x_wconf 79' lang='grc' dir='ltr'>ι</span> <span class='ocrx_word' id='word_1_546' title='bbox 2104 3399 2496 3469; x_wconf 86' lang='lat' dir='ltr'><strong>Jejunavimus,</strong></span> <span class='ocrx_word' id='word_1_547' title='bbox 2521 3410 2576 3456; x_wconf 90' lang='lat' dir='ltr'><strong>et</strong></span> <span class='ocrx_word' id='word_1_548' title='bbox 2602 3416 2708 3455; x_wconf 91' lang='lat' dir='ltr'><strong>non</strong></span> <span class='ocrx_word' id='word_1_549' title='bbox 2738 3401 2920 3455; x_wconf 81' lang='lat' dir='ltr'><strong>vidisti</strong></span> <span class='ocrx_word' id='word_1_550' title='bbox 2954 3419 2968 3455; x_wconf 87' lang='lat'><strong>:</strong></span> <span class='ocrx_word' id='word_1_551' title='bbox 2999 3400 3403 3455; x_wconf 84' lang='lat' dir='ltr'><strong>humiliavimus</strong></span> <span class='ocrx_word' id='word_1_552' title='bbox 3427 3402 3637 3456; x_wconf 89' lang='lat' dir='ltr'><strong>animas</strong></span> 
     </span>
    </p>
   </div>
   <div class='ocr_carea' id='block_1_78' title="bbox 2048 3490 3636 3563">
    <p class='ocr_par' dir='ltr' id='par_1_78' title="bbox 2048 3490 3636 3563">
     <span class='ocr_line' id='line_1_78' title="bbox 2048 3490 3636 3563; baseline 0.002 -18"><span class='ocrx_word' id='word_1_553' title='bbox 2048 3502 2299 3557; x_wconf 88' lang='lat' dir='ltr'><strong>nostras,</strong></span> <span class='ocrx_word' id='word_1_554' title='bbox 2325 3504 2379 3547; x_wconf 90' lang='lat' dir='ltr'><strong>et</strong></span> <span class='ocrx_word' id='word_1_555' title='bbox 2413 3508 2517 3546; x_wconf 92' lang='lat' dir='ltr'><strong>non</strong></span> <span class='ocrx_word' id='word_1_556' title='bbox 2559 3491 2883 3563; x_wconf 75' lang='lat' dir='ltr'><strong>cognovisti.</strong></span> <span class='ocrx_word' id='word_1_557' title='bbox 2927 3510 2947 3544; x_wconf 69' lang='grc' dir='ltr'><strong>ι</strong></span> <span class='ocrx_word' id='word_1_558' title='bbox 2987 3490 3097 3548; x_wconf 82' lang='lat' dir='ltr'><strong>Nec</strong></span> <span class='ocrx_word' id='word_1_559' title='bbox 3133 3493 3248 3547; x_wconf 68' lang='lat' dir='ltr'><strong>haec</strong></span> <span class='ocrx_word' id='word_1_560' title='bbox 3280 3492 3447 3558; x_wconf 87' lang='lat' dir='ltr'><strong>dicit,</strong></span> <span class='ocrx_word' id='word_1_561' title='bbox 3478 3493 3636 3562; x_wconf 86' lang='lat' dir='ltr'><strong>quasi</strong></span> 
     </span>
    </p>
   </div>
   <div class='ocr_carea' id='block_1_79' title="bbox 2046 3580 3634 3654">
    <p class='ocr_par' dir='ltr' id='par_1_79' title="bbox 2046 3580 3634 3654">
     <span class='ocr_line' id='line_1_79' title="bbox 2046 3580 3634 3654; baseline 0.002 -18"><span class='ocrx_word' id='word_1_562' title='bbox 2046 3580 2190 3638; x_wconf 82' lang='lat' dir='ltr'><strong>Dens</strong></span> <span class='ocrx_word' id='word_1_563' title='bbox 2218 3598 2405 3638; x_wconf 90' lang='lat' dir='ltr'><strong>eorum</strong></span> <span class='ocrx_word' id='word_1_564' title='bbox 2435 3584 2797 3639; x_wconf 88' lang='lat' dir='ltr'><strong>humilitatem</strong></span> <span class='ocrx_word' id='word_1_565' title='bbox 2831 3598 2929 3654; x_wconf 90' lang='lat' dir='ltr'><strong>per</strong></span> <span class='ocrx_word' id='word_1_566' title='bbox 2955 3583 3221 3654; x_wconf 84' lang='lat' dir='ltr'><strong>jejunium</strong></span> <span class='ocrx_word' id='word_1_567' title='bbox 3258 3583 3584 3654; x_wconf 79' lang='lat' dir='ltr'><strong>ignoraveril</strong></span> <span class='ocrx_word' id='word_1_568' title='bbox 3619 3600 3634 3639; x_wconf 91' lang='lat'><strong>:</strong></span> 
     </span>
    </p>
   </div>
   <div class='ocr_carea' id='block_1_80' title="bbox 2047 3673 3637 3745">
    <p class='ocr_par' dir='ltr' id='par_1_80' title="bbox 2047 3673 3637 3745">
     <span class='ocr_line' id='line_1_80' title="bbox 2047 3673 3637 3745; baseline -0.001 -15"><span class='ocrx_word' id='word_1_569' title='bbox 2047 3676 2140 3730; x_wconf 88' lang='lat' dir='ltr'><strong>sed</strong></span> <span class='ocrx_word' id='word_1_570' title='bbox 2197 3674 2322 3745; x_wconf 87' lang='lat' dir='ltr'><strong>quia</strong></span> <span class='ocrx_word' id='word_1_571' title='bbox 2382 3673 2436 3728; x_wconf 87' lang='lat' dir='ltr'><strong>lti</strong></span> <span class='ocrx_word' id='word_1_572' title='bbox 2499 3683 2682 3729; x_wconf 89' lang='lat' dir='ltr'><strong>errata</strong></span> <span class='ocrx_word' id='word_1_573' title='bbox 2743 3689 2847 3728; x_wconf 89' lang='lat' dir='ltr'><strong>non</strong></span> <span class='ocrx_word' id='word_1_574' title='bbox 2909 3684 3235 3742; x_wconf 89' lang='lat' dir='ltr'><strong>senserunt,</strong></span> <span class='ocrx_word' id='word_1_575' title='bbox 3288 3692 3394 3729; x_wconf 90' lang='lat' dir='ltr'><strong>non</strong></span> <span class='ocrx_word' id='word_1_576' title='bbox 3425 3675 3637 3744; x_wconf 72' lang='lat' dir='ltr'><strong>vidisti,</strong></span> 
     </span>
    </p>
   </div>
   <div class='ocr_carea' id='block_1_81' title="bbox 2044 3766 3638 3837">
    <p class='ocr_par' dir='ltr' id='par_1_81' title="bbox 2044 3766 3638 3837">
     <span class='ocr_line' id='line_1_81' title="bbox 2044 3766 3638 3837; baseline -0.001 -14"><span class='ocrx_word' id='word_1_577' title='bbox 2044 3766 2319 3837; x_wconf 81' lang='lat' dir='ltr'><strong>inquiunt,</strong></span> <span class='ocrx_word' id='word_1_578' title='bbox 2342 3776 2395 3821; x_wconf 91' lang='lat' dir='ltr'><strong>et</strong></span> <span class='ocrx_word' id='word_1_579' title='bbox 2423 3782 2528 3820; x_wconf 90' lang='lat' dir='ltr'><strong>non</strong></span> <span class='ocrx_word' id='word_1_580' title='bbox 2559 3766 2882 3837; x_wconf 77' lang='lat' dir='ltr'><strong>cognovisti.</strong></span> <span class='ocrx_word' id='word_1_581' title='bbox 2916 3766 3069 3823; x_wconf 82' lang='lat' dir='ltr'><strong>Tunc</strong></span> <span class='ocrx_word' id='word_1_582' title='bbox 3093 3767 3238 3822; x_wconf 86' lang='lat' dir='ltr'><strong>enim</strong></span> <span class='ocrx_word' id='word_1_583' title='bbox 3260 3767 3638 3823; x_wconf 88' lang='lat' dir='ltr'><strong>universorum</strong></span> 
     </span>
    </p>
   </div>
   <div class='ocr_carea' id='block_1_82' title="bbox 2046 3857 3636 3927">
    <p class='ocr_par' dir='ltr' id='par_1_82' title="bbox 2046 3857 3636 3927">
     <span class='ocr_line' id='line_1_82' title="bbox 2046 3857 3636 3927; baseline -0.001 -14"><span class='ocrx_word' id='word_1_584' title='bbox 2046 3858 2219 3914; x_wconf 88' lang='lat' dir='ltr'><strong>Deum</strong></span> <span class='ocrx_word' id='word_1_585' title='bbox 2251 3859 2559 3927; x_wconf 88' lang='lat' dir='ltr'><strong>aliquorum</strong></span> <span class='ocrx_word' id='word_1_586' title='bbox 2590 3857 2830 3925; x_wconf 83' lang='lat' dir='ltr'><strong>labores,</strong></span> <span class='ocrx_word' id='word_1_587' title='bbox 2852 3873 2947 3927; x_wconf 90' lang='lat' dir='ltr'><strong>per</strong></span> <span class='ocrx_word' id='word_1_588' title='bbox 2971 3858 3364 3927; x_wconf 88' lang='lat' dir='ltr'><strong>precationem,</strong></span> <span class='ocrx_word' id='word_1_589' title='bbox 3391 3857 3636 3927; x_wconf 86' lang='lat' dir='ltr'><strong>inquam,</strong></span> 
     </span>
    </p>
   </div>
   <div class='ocr_carea' id='block_1_83' title="bbox 2046 3948 3638 4014">
    <p class='ocr_par' dir='ltr' id='par_1_83' title="bbox 2046 3948 3638 4014">
     <span class='ocr_line' id='line_1_83' title="bbox 2046 3948 3638 4014; baseline -0.003 -8"><span class='ocrx_word' id='word_1_590' title='bbox 2046 3960 2104 4007; x_wconf 86' lang='lat' dir='ltr'><strong>et</strong></span> <span class='ocrx_word' id='word_1_591' title='bbox 2146 3951 2630 4011; x_wconf 76' lang='lat' dir='ltr'><strong>exercitationem,</strong></span> <span class='ocrx_word' id='word_1_592' title='bbox 2664 3949 2845 4003; x_wconf 86' lang='lat' dir='ltr'><strong>videre</strong></span> <span class='ocrx_word' id='word_1_593' title='bbox 2889 3948 3155 4011; x_wconf 88' lang='lat' dir='ltr'><strong>dicimus,</strong></span> <span class='ocrx_word' id='word_1_594' title='bbox 3193 3949 3407 4014; x_wconf 80' lang='lat' dir='ltr'><strong>quando</strong></span> <span class='ocrx_word' id='word_1_595' title='bbox 3452 3964 3638 4003; x_wconf 85' lang='lat' dir='ltr'><strong>eorum</strong></span> 
     </span>
    </p>
   </div>
   <div class='ocr_carea' id='block_1_84' title="bbox 2047 4037 3637 4110">
    <p class='ocr_par' dir='ltr' id='par_1_84' title="bbox 2047 4037 3637 4110">
     <span class='ocr_line' id='line_1_84' title="bbox 2047 4037 3637 4110; baseline 0 -19"><span class='ocrx_word' id='word_1_596' title='bbox 2047 4040 2337 4110; x_wconf 86' lang='lat' dir='ltr'><strong>postulatis</strong></span> <span class='ocrx_word' id='word_1_597' title='bbox 2365 4039 2575 4095; x_wconf 87' lang='lat' dir='ltr'><strong>annuit.</strong></span> <span class='ocrx_word' id='word_1_598' title='bbox 2598 4037 2707 4090; x_wconf 87' lang='lat' dir='ltr'><strong>Cur</strong></span> <span class='ocrx_word' id='word_1_599' title='bbox 2728 4052 2859 4107; x_wconf 81' lang='lat' dir='ltr'><strong>ergo</strong></span> <span class='ocrx_word' id='word_1_600' title='bbox 2879 4037 3191 4107; x_wconf 85' lang='lat' dir='ltr'><strong>jejunantes</strong></span> <span class='ocrx_word' id='word_1_601' title='bbox 3218 4054 3323 4092; x_wconf 88' lang='lat' dir='ltr'><strong>non</strong></span> <span class='ocrx_word' id='word_1_602' title='bbox 3354 4039 3637 4107; x_wconf 83' lang='lat' dir='ltr'><strong>receperit,</strong></span> 
     </span>
    </p>
   </div>
   <div class='ocr_carea' id='block_1_85' title="bbox 2050 4127 3636 4198">
    <p class='ocr_par' dir='ltr' id='par_1_85' title="bbox 2050 4127 3636 4198">
     <span class='ocr_line' id='line_1_85' title="bbox 2050 4127 3636 4198; baseline -0.001 -13"><span class='ocrx_word' id='word_1_603' title='bbox 2050 4141 2107 4185; x_wconf 91' lang='lat' dir='ltr'><strong>et</strong></span> <span class='ocrx_word' id='word_1_604' title='bbox 2146 4145 2336 4198; x_wconf 89' lang='lat' dir='ltr'><strong>preces</strong></span> <span class='ocrx_word' id='word_1_605' title='bbox 2370 4145 2557 4184; x_wconf 88' lang='lat' dir='ltr'><strong>eorum</strong></span> <span class='ocrx_word' id='word_1_606' title='bbox 2592 4128 2683 4198; x_wconf 83' lang='lat' dir='ltr'><strong>qui</strong></span> <span class='ocrx_word' id='word_1_607' title='bbox 2720 4144 2777 4182; x_wconf 89' lang='lat' dir='ltr'><strong>se</strong></span> <span class='ocrx_word' id='word_1_608' title='bbox 2813 4127 3165 4181; x_wconf 83' lang='lat' dir='ltr'><strong>humiliarunt</strong></span> <span class='ocrx_word' id='word_1_609' title='bbox 3199 4144 3305 4181; x_wconf 92' lang='lat' dir='ltr'><strong>non</strong></span> <span class='ocrx_word' id='word_1_610' title='bbox 3342 4129 3636 4191; x_wconf 89' lang='lat' dir='ltr'><strong>admiserit.</strong></span> 
     </span>
    </p>
   </div>
   <div class='ocr_carea' id='block_1_86' title="bbox 2047 4218 3636 4287">
    <p class='ocr_par' dir='ltr' id='par_1_86' title="bbox 2047 4218 3636 4287">
     <span class='ocr_line' id='line_1_86' title="bbox 2047 4218 3636 4287; baseline -0.004 -9"><span class='ocrx_word' id='word_1_611' title='bbox 2047 4223 2314 4278; x_wconf 84' lang='lat' dir='ltr'><strong>rationem</strong></span> <span class='ocrx_word' id='word_1_612' title='bbox 2345 4221 2542 4287; x_wconf 88' lang='lat' dir='ltr'><strong>reddit,</strong></span> <span class='ocrx_word' id='word_1_613' title='bbox 2571 4221 2757 4274; x_wconf 88' lang='lat' dir='ltr'><strong>dicens</strong></span> <span class='ocrx_word' id='word_1_614' title='bbox 2786 4238 2801 4274; x_wconf 90' lang='lat'><strong>:</strong></span> <span class='ocrx_word' id='word_1_615' title='bbox 2834 4218 2889 4272; x_wconf 91' lang='lat' dir='ltr'><strong>In</strong></span> <span class='ocrx_word' id='word_1_616' title='bbox 2923 4218 3112 4273; x_wconf 82' lang='lat' dir='ltr'><strong>diebus</strong></span> <span class='ocrx_word' id='word_1_617' title='bbox 3138 4219 3282 4271; x_wconf 90' lang='lat' dir='ltr'><strong>enim</strong></span> <span class='ocrx_word' id='word_1_618' title='bbox 3302 4219 3636 4285; x_wconf 79' lang='lat' dir='ltr'><strong>jejuniorunt</strong></span> 
     </span>
    </p>
   </div>
   <div class='ocr_carea' id='block_1_87' title="bbox 2046 4307 3634 4372">
    <p class='ocr_par' dir='ltr' id='par_1_87' title="bbox 2046 4307 3634 4372">
     <span class='ocr_line' id='line_1_87' title="bbox 2046 4307 3634 4372; baseline 0 -9"><span class='ocrx_word' id='word_1_619' title='bbox 2046 4320 2385 4372; x_wconf 88' lang='lat' dir='ltr'><strong>vestrorum,</strong></span> <span class='ocrx_word' id='word_1_620' title='bbox 2423 4308 2678 4363; x_wconf 89' lang='lat' dir='ltr'><strong>invenitis</strong></span> <span class='ocrx_word' id='word_1_621' title='bbox 2722 4309 3024 4363; x_wconf 84' lang='lat' dir='ltr'><strong>voluntates</strong></span> <span class='ocrx_word' id='word_1_622' title='bbox 3076 4316 3306 4362; x_wconf 89' lang='lat' dir='ltr'><strong>vestras.</strong></span> <span class='ocrx_word' id='word_1_623' title='bbox 3345 4307 3441 4362; x_wconf 87' lang='lat' dir='ltr'><strong>Est</strong></span> <span class='ocrx_word' id='word_1_624' title='bbox 3490 4310 3634 4363; x_wconf 92' lang='lat' dir='ltr'><strong>enim</strong></span> 
     </span>
    </p>
   </div>
   <div class='ocr_carea' id='block_1_88' title="bbox 2045 4399 3634 4476">
    <p class='ocr_par' dir='ltr' id='par_1_88' title="bbox 2045 4399 3634 4476">
     <span class='ocr_line' id='line_1_88' title="bbox 2045 4399 3634 4476; baseline -0.003 -19"><span class='ocrx_word' id='word_1_625' title='bbox 2045 4403 2304 4476; x_wconf 71' lang='lat' dir='ltr'><strong>praeclara</strong></span> <span class='ocrx_word' id='word_1_626' title='bbox 2347 4417 2436 4457; x_wconf 90' lang='lat' dir='ltr'><strong>res</strong></span> <span class='ocrx_word' id='word_1_627' title='bbox 2472 4400 2765 4471; x_wconf 75' lang='lat' dir='ltr'><strong>jejunium,</strong></span> <span class='ocrx_word' id='word_1_628' title='bbox 2800 4407 2856 4454; x_wconf 88' lang='lat' dir='ltr'><strong>et</strong></span> <span class='ocrx_word' id='word_1_629' title='bbox 2888 4400 3036 4454; x_wconf 88' lang='lat' dir='ltr'><strong>utilis</strong></span> <span class='ocrx_word' id='word_1_630' title='bbox 3069 4407 3155 4453; x_wconf 91' lang='lat' dir='ltr'><strong>est</strong></span> <span class='ocrx_word' id='word_1_631' title='bbox 3189 4399 3459 4468; x_wconf 88' lang='lat' dir='ltr'><strong>precatio,</strong></span> <span class='ocrx_word' id='word_1_632' title='bbox 3493 4408 3548 4453; x_wconf 89' lang='lat' dir='ltr'><strong>et</strong></span> <span class='ocrx_word' id='word_1_633' title='bbox 3581 4399 3634 4454; x_wconf 92' lang='lat' dir='ltr'><strong>in</strong></span> 
     </span>
    </p>
   </div>
   <div class='ocr_carea' id='block_1_89' title="bbox 2048 4488 3636 4549">
    <p class='ocr_par' dir='ltr' id='par_1_89' title="bbox 2048 4488 3636 4549">
     <span class='ocr_line' id='line_1_89' title="bbox 2048 4488 3636 4549; baseline -0.004 -1"><span class='ocrx_word' id='word_1_634' title='bbox 2048 4493 2219 4548; x_wconf 87' lang='lat' dir='ltr'><strong>oculis</strong></span> <span class='ocrx_word' id='word_1_635' title='bbox 2243 4492 2336 4545; x_wconf 91' lang='lat' dir='ltr'><strong>Dei</strong></span> <span class='ocrx_word' id='word_1_636' title='bbox 2368 4505 2487 4547; x_wconf 90' lang='lat' dir='ltr'><strong>sese</strong></span> <span class='ocrx_word' id='word_1_637' title='bbox 2513 4489 2801 4544; x_wconf 82' lang='lat' dir='ltr'><strong>hniniliare</strong></span> <span class='ocrx_word' id='word_1_638' title='bbox 2824 4488 3115 4543; x_wconf 74' lang='lat' dir='ltr'><strong>maximam</strong></span> <span class='ocrx_word' id='word_1_639' title='bbox 3140 4489 3302 4544; x_wconf 88' lang='lat' dir='ltr'><strong>habet</strong></span> <span class='ocrx_word' id='word_1_640' title='bbox 3322 4489 3636 4549; x_wconf 87' lang='lat' dir='ltr'><strong>utilitatem.</strong></span> 
     </span>
    </p>
   </div>
   <div class='ocr_carea' id='block_1_90' title="bbox 356 4570 1946 4651">
    <p class='ocr_par' dir='ltr' id='par_1_90' title="bbox 356 4570 1944 4645">
     <span class='ocr_line' id='line_1_90' title="bbox 356 4570 1944 4645; baseline -0.001 -19"><span class='ocrx_word' id='word_1_641' title='bbox 356 4572 681 4643; x_wconf 77' lang='grc' dir='ltr'>ὁνησιφὸρος</span> <span class='ocrx_word' id='word_1_642' title='bbox 715 4572 773 4625; x_wconf 73' lang='grc' dir='ltr'><strong>δὲ</strong></span> <span class='ocrx_word' id='word_1_643' title='bbox 806 4573 901 4627; x_wconf 74' lang='grc' dir='ltr'>καὶ</span> <span class='ocrx_word' id='word_1_644' title='bbox 952 4573 986 4642; x_wconf 77' lang='grc' dir='ltr'>ἡ</span> <span class='ocrx_word' id='word_1_645' title='bbox 1035 4572 1334 4645; x_wconf 78' lang='grc' dir='ltr'>προσευχὴ·</span> <span class='ocrx_word' id='word_1_646' title='bbox 1398 4571 1495 4627; x_wconf 76' lang='grc' dir='ltr'>καὶ</span> <span class='ocrx_word' id='word_1_647' title='bbox 1542 4570 1605 4624; x_wconf 82' lang='grc' dir='ltr'><strong>τὸ</strong></span> <span class='ocrx_word' id='word_1_648' title='bbox 1653 4570 1944 4627; x_wconf 77' lang='grc' dir='ltr'>ταπεινοῦν</span> 
     </span>
    </p>
   </div>
   <div class='ocr_carea' id='block_1_91' title="bbox 2046 4570 3635 4651">
    <p class='ocr_par' dir='ltr' id='par_1_91' title="bbox 2050 4578 3635 4651">
     <span class='ocr_line' id='line_1_91' title="bbox 2050 4578 3635 4651; baseline -0.001 -14"><span class='ocrx_word' id='word_1_649' title='bbox 2050 4580 2324 4651; x_wconf 88' lang='lat' dir='ltr'><strong>Scriptum</strong></span> <span class='ocrx_word' id='word_1_650' title='bbox 2350 4591 2433 4635; x_wconf 89' lang='lat' dir='ltr'><strong>est</strong></span> <span class='ocrx_word' id='word_1_651' title='bbox 2460 4580 2602 4635; x_wconf 88' lang='lat' dir='ltr'><strong>enim</strong></span> <span class='ocrx_word' id='word_1_652' title='bbox 2637 4595 2652 4633; x_wconf 86' lang='lat'><strong>:</strong></span> <span class='ocrx_word' id='word_1_653' title='bbox 2694 4597 2714 4632; x_wconf 83' lang='grc' dir='ltr'>ι</span> <span class='ocrx_word' id='word_1_654' title='bbox 2751 4578 3038 4634; x_wconf 82' lang='lat' dir='ltr'><strong>Humiliavi</strong></span> <span class='ocrx_word' id='word_1_655' title='bbox 3075 4580 3127 4633; x_wconf 92' lang='lat' dir='ltr'><strong>in</strong></span> <span class='ocrx_word' id='word_1_656' title='bbox 3160 4580 3367 4650; x_wconf 84' lang='lat' dir='ltr'><strong>jejunio</strong></span> <span class='ocrx_word' id='word_1_657' title='bbox 3396 4581 3635 4635; x_wconf 85' lang='lat' dir='ltr'><strong>animam</strong></span> 
     </span>
    </p>
   </div>
   <div class='ocr_carea' id='block_1_92' title="bbox 357 4662 1950 4737">
    <p class='ocr_par' dir='ltr' id='par_1_92' title="bbox 357 4662 1950 4737">
     <span class='ocr_line' id='line_1_92' title="bbox 357 4662 1950 4737; baseline -0.001 -18"><span class='ocrx_word' id='word_1_658' title='bbox 357 4666 590 4729; x_wconf 79' lang='grc' dir='ltr'>ἑαυτοὺς</span> <span class='ocrx_word' id='word_1_659' title='bbox 620 4666 679 4718; x_wconf 85' lang='grc' dir='ltr'><strong>ὲν</strong></span> <span class='ocrx_word' id='word_1_660' title='bbox 716 4664 1019 4737; x_wconf 79' lang='grc' dir='ltr'>ὀφθαλμοῖς</span> <span class='ocrx_word' id='word_1_661' title='bbox 1050 4662 1145 4718; x_wconf 79' lang='grc' dir='ltr'>τοῦ</span> <span class='ocrx_word' id='word_1_662' title='bbox 1180 4662 1342 4730; x_wconf 84' lang='grc' dir='ltr'>Θεοῦ,</span> <span class='ocrx_word' id='word_1_663' title='bbox 1380 4664 1643 4735; x_wconf 82' lang='grc' dir='ltr'>πλείστην</span> <span class='ocrx_word' id='word_1_664' title='bbox 1662 4664 1801 4735; x_wconf 73' lang='grc' dir='ltr'>ὅσην</span> <span class='ocrx_word' id='word_1_665' title='bbox 1834 4664 1950 4735; x_wconf 72' lang='grc' dir='ltr'>ἔχει</span> 
     </span>
    </p>
   </div>
   <div class='ocr_carea' id='block_1_93' title="bbox 357 4754 1953 4829">
    <p class='ocr_par' dir='ltr' id='par_1_93' title="bbox 357 4754 1953 4829">
     <span class='ocr_line' id='line_1_93' title="bbox 357 4754 1953 4829; baseline -0.001 -21"><span class='ocrx_word' id='word_1_666' title='bbox 357 4756 459 4827; x_wconf 75' lang='grc' dir='ltr'><strong>τὴν</strong></span> <span class='ocrx_word' id='word_1_667' title='bbox 481 4756 691 4826; x_wconf 73' lang='grc' dir='ltr'>ὄνησιν.</span> <span class='ocrx_word' id='word_1_668' title='bbox 730 4758 1043 4829; x_wconf 78' lang='grc' dir='ltr'>Γέγραπται</span> <span class='ocrx_word' id='word_1_669' title='bbox 1069 4754 1202 4825; x_wconf 75' lang='grc' dir='ltr'>γὰρ,</span> <span class='ocrx_word' id='word_1_670' title='bbox 1228 4755 1315 4810; x_wconf 80' lang='grc' dir='ltr'><strong>ὅτι</strong></span> <span class='ocrx_word' id='word_1_671' title='bbox 1338 4772 1359 4806; x_wconf 85' lang='grc'><strong><em>‹</em></strong></span> <span class='ocrx_word' id='word_1_672' title='bbox 1398 4755 1747 4808; x_wconf 77' lang='grc' dir='ltr'>Έταπείνουν</span> <span class='ocrx_word' id='word_1_673' title='bbox 1774 4757 1831 4809; x_wconf 75' lang='grc' dir='ltr'><strong>έν</strong></span> <span class='ocrx_word' id='word_1_674' title='bbox 1856 4772 1953 4826; x_wconf 74' lang='grc' dir='ltr'>νηρ</span> 
     </span>
    </p>
   </div>
   <div class='ocr_carea' id='block_1_94' title="bbox 362 4845 1953 4919">
    <p class='ocr_par' dir='ltr' id='par_1_94' title="bbox 362 4845 1953 4919">
     <span class='ocr_line' id='line_1_94' title="bbox 362 4845 1953 4919; baseline 0 -19"><span class='ocrx_word' id='word_1_675' title='bbox 362 4848 520 4918; x_wconf 79' lang='grc' dir='ltr'>στείᾳ</span> <span class='ocrx_word' id='word_1_676' title='bbox 539 4847 639 4918; x_wconf 79' lang='grc' dir='ltr'><strong>τὴν</strong></span> <span class='ocrx_word' id='word_1_677' title='bbox 667 4848 846 4919; x_wconf 82' lang='grc' dir='ltr'>ψυχήν</span> <span class='ocrx_word' id='word_1_678' title='bbox 882 4863 1009 4918; x_wconf 84' lang='grc' dir='ltr'>μου,</span> <span class='ocrx_word' id='word_1_679' title='bbox 1055 4847 1150 4902; x_wconf 74' lang='grc' dir='ltr'>καὶ</span> <span class='ocrx_word' id='word_1_680' title='bbox 1184 4847 1218 4917; x_wconf 81' lang='grc' dir='ltr'><strong>ἡ</strong></span> <span class='ocrx_word' id='word_1_681' title='bbox 1252 4845 1528 4917; x_wconf 73' lang='grc' dir='ltr'><strong>προσευχή</strong></span> <span class='ocrx_word' id='word_1_682' title='bbox 1577 4862 1679 4917; x_wconf 88' lang='grc' dir='ltr'>μου</span> <span class='ocrx_word' id='word_1_683' title='bbox 1719 4847 1800 4909; x_wconf 70' lang='grc' dir='ltr'>εἰς</span> <span class='ocrx_word' id='word_1_684' title='bbox 1831 4846 1953 4901; x_wconf 76' lang='grc' dir='ltr'>κόλ·</span> 
     </span>
    </p>
   </div>
   <div class='ocr_carea' id='block_1_95' title="bbox 361 4937 1952 5011">
    <p class='ocr_par' dir='ltr' id='par_1_95' title="bbox 361 4937 1952 5011">
     <span class='ocr_line' id='line_1_95' title="bbox 361 4937 1952 5011; baseline -0.002 -18"><span class='ocrx_word' id='word_1_685' title='bbox 361 4956 465 4993; x_wconf 78' lang='grc' dir='ltr'>πον</span> <span class='ocrx_word' id='word_1_686' title='bbox 517 4956 618 5010; x_wconf 75' lang='grc' dir='ltr'><strong>μου</strong></span> <span class='ocrx_word' id='word_1_687' title='bbox 648 4941 1153 5011; x_wconf 64' lang='grc' dir='ltr'>ἀποστραφήσεται.</span> <span class='ocrx_word' id='word_1_688' title='bbox 1178 4957 1196 4992; x_wconf 87' lang='lat' dir='ltr'><strong>t</strong></span> <span class='ocrx_word' id='word_1_689' title='bbox 1226 4937 1369 5010; x_wconf 81' lang='grc' dir='ltr'><strong>Ἔφη</strong></span> <span class='ocrx_word' id='word_1_690' title='bbox 1393 4938 1451 4991; x_wconf 79' lang='grc' dir='ltr'><strong>δὲ</strong></span> <span class='ocrx_word' id='word_1_691' title='bbox 1489 4938 1584 4991; x_wconf 72' lang='grc' dir='ltr'>καὶ</span> <span class='ocrx_word' id='word_1_692' title='bbox 1610 4939 1638 4991; x_wconf 83' lang='grc' dir='ltr'><strong>ό</strong></span> <span class='ocrx_word' id='word_1_693' title='bbox 1663 4937 1952 5001; x_wconf 77' lang='grc' dir='ltr'>θεσπέσιος</span> 
     </span>
    </p>
   </div>
   <div class='ocr_carea' id='block_1_96' title="bbox 340 5027 1951 5102">
    <p class='ocr_par' dir='ltr' id='par_1_96' title="bbox 340 5027 1951 5102">
     <span class='ocr_line' id='line_1_96' title="bbox 340 5027 1951 5102; baseline -0.004 -17"><span class='ocrx_word' id='word_1_694' title='bbox 340 5029 547 5093; x_wconf 21' lang='grc' dir='ltr'>,Δαὸίδο</span> <span class='ocrx_word' id='word_1_695' title='bbox 568 5050 589 5081; x_wconf 74' lang='grc' dir='ltr'>ι</span> <span class='ocrx_word' id='word_1_696' title='bbox 614 5031 697 5083; x_wconf 79' lang='grc' dir='ltr'><strong>Τὰ</strong></span> <span class='ocrx_word' id='word_1_697' title='bbox 715 5029 919 5098; x_wconf 78' lang='grc' dir='ltr'>γόνατά</span> <span class='ocrx_word' id='word_1_698' title='bbox 946 5047 1047 5102; x_wconf 83' lang='grc' dir='ltr'>μου</span> <span class='ocrx_word' id='word_1_699' title='bbox 1076 5029 1384 5101; x_wconf 72' lang='grc' dir='ltr'>ἠσθένησαν</span> <span class='ocrx_word' id='word_1_700' title='bbox 1407 5028 1516 5081; x_wconf 80' lang='grc' dir='ltr'>ἀπὸ</span> <span class='ocrx_word' id='word_1_701' title='bbox 1542 5027 1820 5097; x_wconf 76' lang='grc' dir='ltr'>νηστείας,</span> <span class='ocrx_word' id='word_1_702' title='bbox 1854 5027 1951 5080; x_wconf 79' lang='grc' dir='ltr'>καὶ</span> 
     </span>
    </p>
   </div>
   <div class='ocr_carea' id='block_1_97' title="bbox 359 5118 1952 5193">
    <p class='ocr_par' dir='ltr' id='par_1_97' title="bbox 359 5118 1952 5193">
     <span class='ocr_line' id='line_1_97' title="bbox 359 5118 1952 5193; baseline -0.003 -19"><span class='ocrx_word' id='word_1_703' title='bbox 359 5124 393 5193; x_wconf 80' lang='grc' dir='ltr'><strong>ή</strong></span> <span class='ocrx_word' id='word_1_704' title='bbox 440 5121 577 5192; x_wconf 76' lang='grc' dir='ltr'>σάρξ</span> <span class='ocrx_word' id='word_1_705' title='bbox 614 5139 716 5191; x_wconf 87' lang='grc' dir='ltr'><strong>μου</strong></span> <span class='ocrx_word' id='word_1_706' title='bbox 760 5122 1027 5192; x_wconf 75' lang='grc' dir='ltr'><strong>ἠλλοιώθη</strong></span> <span class='ocrx_word' id='word_1_707' title='bbox 1053 5122 1123 5175; x_wconf 74' lang='grc' dir='ltr'><strong>δι’</strong></span> <span class='ocrx_word' id='word_1_708' title='bbox 1149 5121 1318 5175; x_wconf 64' lang='grc' dir='ltr'>ἔλεον·</span> <span class='ocrx_word' id='word_1_709' title='bbox 1345 5140 1363 5172; x_wconf 78' lang='lat' dir='ltr'><strong>t</strong></span> <span class='ocrx_word' id='word_1_710' title='bbox 1392 5120 1485 5173; x_wconf 75' lang='grc' dir='ltr'>ναὶ</span> <span class='ocrx_word' id='word_1_711' title='bbox 1527 5118 1633 5190; x_wconf 80' lang='grc' dir='ltr'>μὴν</span> <span class='ocrx_word' id='word_1_712' title='bbox 1657 5118 1751 5172; x_wconf 75' lang='grc' dir='ltr'>καὶ</span> <span class='ocrx_word' id='word_1_713' title='bbox 1787 5118 1952 5181; x_wconf 75' lang='grc' dir='ltr'>αὐτὸς</span> 
     </span>
    </p>
   </div>
   <div class='ocr_carea' id='block_1_98' title="bbox 358 5211 1951 5283">
    <p class='ocr_par' dir='ltr' id='par_1_98' title="bbox 358 5211 1951 5283">
     <span class='ocr_line' id='line_1_98' title="bbox 358 5211 1951 5283; baseline -0.003 -16"><span class='ocrx_word' id='word_1_714' title='bbox 358 5215 389 5267; x_wconf 85' lang='grc' dir='ltr'><strong>ὁ</strong></span> <span class='ocrx_word' id='word_1_715' title='bbox 419 5213 528 5266; x_wconf 80' lang='grc' dir='ltr'><strong>τῶν</strong></span> <span class='ocrx_word' id='word_1_716' title='bbox 548 5214 686 5267; x_wconf 82' lang='grc' dir='ltr'>ὅλων</span> <span class='ocrx_word' id='word_1_717' title='bbox 722 5214 876 5276; x_wconf 83' lang='grc' dir='ltr'>Θεός·</span> <span class='ocrx_word' id='word_1_718' title='bbox 928 5214 1338 5282; x_wconf 77' lang='grc' dir='ltr'>Ἑπιστράφητε</span> <span class='ocrx_word' id='word_1_719' title='bbox 1388 5211 1525 5283; x_wconf 83' lang='grc' dir='ltr'>πρός</span> <span class='ocrx_word' id='word_1_720' title='bbox 1555 5228 1647 5282; x_wconf 80' lang='grc' dir='ltr'><strong>με,</strong></span> <span class='ocrx_word' id='word_1_721' title='bbox 1668 5213 1860 5281; x_wconf 78' lang='grc' dir='ltr'>φησὶν,</span> <span class='ocrx_word' id='word_1_722' title='bbox 1892 5212 1951 5264; x_wconf 82' lang='grc' dir='ltr'><strong>ὲν</strong></span> 
     </span>
    </p>
   </div>
   <div class='ocr_carea' id='block_1_99' title="bbox 361 5302 1952 5375">
    <p class='ocr_par' dir='ltr' id='par_1_99' title="bbox 361 5302 1952 5375">
     <span class='ocr_line' id='line_1_99' title="bbox 361 5302 1952 5375; baseline -0.001 -18"><span class='ocrx_word' id='word_1_723' title='bbox 361 5304 613 5375; x_wconf 64' lang='grc' dir='ltr'>νηστείᾳ,</span> <span class='ocrx_word' id='word_1_724' title='bbox 657 5306 751 5358; x_wconf 74' lang='grc' dir='ltr'>καὶ</span> <span class='ocrx_word' id='word_1_725' title='bbox 776 5307 838 5358; x_wconf 79' lang='grc' dir='ltr'><strong>ἐν</strong></span> <span class='ocrx_word' id='word_1_726' title='bbox 858 5304 1140 5375; x_wconf 75' lang='grc' dir='ltr'>κλαυθμῷ,</span> <span class='ocrx_word' id='word_1_727' title='bbox 1165 5307 1258 5358; x_wconf 80' lang='grc' dir='ltr'>καὶ</span> <span class='ocrx_word' id='word_1_728' title='bbox 1280 5308 1340 5363; x_wconf 67' lang='grc' dir='ltr'><strong>ἐν</strong></span> <span class='ocrx_word' id='word_1_729' title='bbox 1375 5304 1610 5375; x_wconf 82' lang='grc' dir='ltr'>κοπετῷ.</span> <span class='ocrx_word' id='word_1_730' title='bbox 1651 5303 1824 5358; x_wconf 75' lang='grc' dir='ltr'>Ἐλεεί</span> <span class='ocrx_word' id='word_1_731' title='bbox 1842 5302 1952 5375; x_wconf 83' lang='grc' dir='ltr'><strong>γὰρ</strong></span> 
     </span>
    </p>
   </div>
   <div class='ocr_carea' id='block_1_100' title="bbox 363 5392 1950 5465">
    <p class='ocr_par' dir='ltr' id='par_1_100' title="bbox 363 5392 1950 5465">
     <span class='ocr_line' id='line_1_100' title="bbox 363 5392 1950 5465; baseline 0 -20"><span class='ocrx_word' id='word_1_732' title='bbox 363 5392 604 5463; x_wconf 76' lang='grc' dir='ltr'>ἑτοίμως</span> <span class='ocrx_word' id='word_1_733' title='bbox 631 5395 758 5457; x_wconf 78' lang='grc' dir='ltr'>τοὺς</span> <span class='ocrx_word' id='word_1_734' title='bbox 788 5393 1119 5465; x_wconf 80' lang='grc' dir='ltr'>αὐτόκλητον</span> <span class='ocrx_word' id='word_1_735' title='bbox 1144 5394 1503 5464; x_wconf 66' lang='grc' dir='ltr'>ποιουμένους</span> <span class='ocrx_word' id='word_1_736' title='bbox 1535 5394 1636 5464; x_wconf 77' lang='grc' dir='ltr'><strong>τὴν</strong></span> <span class='ocrx_word' id='word_1_737' title='bbox 1664 5393 1755 5448; x_wconf 83' lang='grc' dir='ltr'>διὰ</span> <span class='ocrx_word' id='word_1_738' title='bbox 1784 5393 1950 5446; x_wconf 80' lang='grc' dir='ltr'>πόνου</span> 
     </span>
    </p>
   </div>
   <div class='ocr_carea' id='block_1_101' title="bbox 363 5483 1951 5550">
    <p class='ocr_par' dir='ltr' id='par_1_101' title="bbox 363 5483 1951 5550">
     <span class='ocr_line' id='line_1_101' title="bbox 363 5483 1951 5550; baseline -0.001 -14"><span class='ocrx_word' id='word_1_739' title='bbox 363 5483 722 5536; x_wconf 83' lang='grc' dir='ltr'>ταπείνωσιν.</span> <span class='ocrx_word' id='word_1_740' title='bbox 746 5484 886 5537; x_wconf 77' lang='grc' dir='ltr'><strong>Ἀλλ’</strong></span> <span class='ocrx_word' id='word_1_741' title='bbox 913 5484 1029 5536; x_wconf 73' lang='grc' dir='ltr'>ἐστι</span> <span class='ocrx_word' id='word_1_742' title='bbox 1052 5483 1161 5537; x_wconf 82' lang='grc' dir='ltr'><strong>τῶν</strong></span> <span class='ocrx_word' id='word_1_743' title='bbox 1191 5484 1583 5550; x_wconf 79' lang='grc' dir='ltr'>ἀτοπωτάτων,</span> <span class='ocrx_word' id='word_1_744' title='bbox 1614 5484 1743 5546; x_wconf 78' lang='grc' dir='ltr'>τοὺς</span> <span class='ocrx_word' id='word_1_745' title='bbox 1776 5483 1951 5536; x_wconf 78' lang='grc' dir='ltr'>ὲλεεῖο</span> 
     </span>
    </p>
   </div>
   <div class='ocr_carea' id='block_1_102' title="bbox 332 5571 1955 5646">
    <p class='ocr_par' dir='ltr' id='par_1_102' title="bbox 332 5571 1955 5646">
     <span class='ocr_line' id='line_1_102' title="bbox 332 5571 1955 5646; baseline 0.002 -25"><span class='ocrx_word' id='word_1_746' title='bbox 332 5618 335 5621; x_wconf 88' lang='grc'>.</span> <span class='ocrx_word' id='word_1_747' title='bbox 368 5571 498 5625; x_wconf 82' lang='grc' dir='ltr'>σθαι</span> <span class='ocrx_word' id='word_1_748' title='bbox 538 5573 792 5638; x_wconf 78' lang='grc' dir='ltr'>θέλοντας</span> <span class='ocrx_word' id='word_1_749' title='bbox 839 5573 1203 5646; x_wconf 79' lang='grc' dir='ltr'>παροτρύνειν</span> <span class='ocrx_word' id='word_1_750' title='bbox 1239 5575 1440 5645; x_wconf 80' lang='grc' dir='ltr'>ἑτέρως</span> <span class='ocrx_word' id='word_1_751' title='bbox 1480 5575 1576 5629; x_wconf 78' lang='grc' dir='ltr'>τὸν</span> <span class='ocrx_word' id='word_1_752' title='bbox 1631 5573 1955 5644; x_wconf 79' lang='grc' dir='ltr'>νομοθέτην,</span> 
     </span>
    </p>
   </div>
   <div class='ocr_carea' id='block_1_103' title="bbox 368 5663 1958 5738">
    <p class='ocr_par' dir='ltr' id='par_1_103' title="bbox 368 5663 1958 5738">
     <span class='ocr_line' id='line_1_103' title="bbox 368 5663 1958 5738; baseline -0.001 -19"><span class='ocrx_word' id='word_1_753' title='bbox 368 5664 467 5719; x_wconf 64' lang='grc' dir='ltr'>καὶ</span> <span class='ocrx_word' id='word_1_754' title='bbox 497 5663 681 5718; x_wconf 82' lang='grc' dir='ltr'>καλεῖν</span> <span class='ocrx_word' id='word_1_755' title='bbox 696 5668 777 5733; x_wconf 71' lang='grc' dir='ltr'><strong>είς</strong></span> <span class='ocrx_word' id='word_1_756' title='bbox 802 5667 970 5734; x_wconf 69' lang='grc' dir='ltr'>ὀργὰς</span> <span class='ocrx_word' id='word_1_757' title='bbox 997 5665 1083 5721; x_wconf 71' lang='grc' dir='ltr'><strong>διὰ</strong></span> <span class='ocrx_word' id='word_1_758' title='bbox 1110 5666 1205 5721; x_wconf 76' lang='grc' dir='ltr'>τοῦ</span> <span class='ocrx_word' id='word_1_759' title='bbox 1239 5666 1405 5737; x_wconf 77' lang='grc' dir='ltr'>μηδὲν</span> <span class='ocrx_word' id='word_1_760' title='bbox 1428 5664 1760 5738; x_wconf 71' lang='grc' dir='ltr'>ἐργάζεσθαι</span> <span class='ocrx_word' id='word_1_761' title='bbox 1783 5666 1958 5735; x_wconf 72' lang='grc' dir='ltr'>φιλεῖν</span> 
     </span>
    </p>
   </div>
   <div class='ocr_carea' id='block_1_104' title="bbox 2045 4670 3634 4736">
    <p class='ocr_par' dir='ltr' id='par_1_104' title="bbox 2045 4670 3634 4736">
     <span class='ocr_line' id='line_1_104' title="bbox 2045 4670 3634 4736; baseline -0.001 -9"><span class='ocrx_word' id='word_1_762' title='bbox 2045 4688 2247 4736; x_wconf 87' lang='lat' dir='ltr'><strong>meam,</strong></span> <span class='ocrx_word' id='word_1_763' title='bbox 2271 4680 2325 4727; x_wconf 88' lang='lat' dir='ltr'><strong>et</strong></span> <span class='ocrx_word' id='word_1_764' title='bbox 2345 4672 2521 4726; x_wconf 87' lang='lat' dir='ltr'><strong>oratio</strong></span> <span class='ocrx_word' id='word_1_765' title='bbox 2549 4685 2665 4725; x_wconf 85' lang='lat' dir='ltr'><strong>mea</strong></span> <span class='ocrx_word' id='word_1_766' title='bbox 2696 4670 2750 4724; x_wconf 91' lang='lat' dir='ltr'><strong>in</strong></span> <span class='ocrx_word' id='word_1_767' title='bbox 2781 4672 2961 4724; x_wconf 90' lang='lat' dir='ltr'><strong>sinum</strong></span> <span class='ocrx_word' id='word_1_768' title='bbox 2989 4685 3166 4725; x_wconf 90' lang='lat' dir='ltr'><strong>meum</strong></span> <span class='ocrx_word' id='word_1_769' title='bbox 3195 4681 3498 4728; x_wconf 86' lang='lat' dir='ltr'><strong>revertetur</strong></span> <span class='ocrx_word' id='word_1_770' title='bbox 3517 4672 3582 4727; x_wconf 77' lang='grc'><strong>⁸⁵.</strong></span> <span class='ocrx_word' id='word_1_771' title='bbox 3613 4692 3634 4726; x_wconf 75' lang='grc' dir='ltr'><strong>ι</strong></span> 
     </span>
    </p>
   </div>
   <div class='ocr_carea' id='block_1_105' title="bbox 2046 4759 3638 4819">
    <p class='ocr_par' dir='ltr' id='par_1_105' title="bbox 2046 4759 3638 4819">
     <span class='ocr_line' id='line_1_105' title="bbox 2046 4759 3638 4819; baseline 0.001 -2"><span class='ocrx_word' id='word_1_772' title='bbox 2046 4763 2197 4817; x_wconf 78' lang='lat' dir='ltr'><strong>Dixit</strong></span> <span class='ocrx_word' id='word_1_773' title='bbox 2224 4763 2387 4818; x_wconf 87' lang='lat' dir='ltr'><strong>etiam</strong></span> <span class='ocrx_word' id='word_1_774' title='bbox 2421 4761 2637 4816; x_wconf 87' lang='lat' dir='ltr'><strong>divinus</strong></span> <span class='ocrx_word' id='word_1_775' title='bbox 2670 4761 2838 4816; x_wconf 86' lang='lat' dir='ltr'><strong>David</strong></span> <span class='ocrx_word' id='word_1_776' title='bbox 2875 4779 2890 4815; x_wconf 88' lang='lat'><strong>:</strong></span> <span class='ocrx_word' id='word_1_777' title='bbox 2934 4779 2953 4813; x_wconf 77' lang='grc' dir='ltr'>ι</span> <span class='ocrx_word' id='word_1_778' title='bbox 2987 4759 3174 4818; x_wconf 90' lang='lat' dir='ltr'><strong>Genua</strong></span> <span class='ocrx_word' id='word_1_779' title='bbox 3212 4778 3331 4818; x_wconf 87' lang='lat' dir='ltr'><strong>mea</strong></span> <span class='ocrx_word' id='word_1_780' title='bbox 3367 4764 3638 4819; x_wconf 78' lang='lat' dir='ltr'><strong>inﬁrmata</strong></span> 
     </span>
    </p>
   </div>
   <div class='ocr_carea' id='block_1_106' title="bbox 2044 4851 3644 4922">
    <p class='ocr_par' dir='ltr' id='par_1_106' title="bbox 2044 4851 3644 4922">
     <span class='ocr_line' id='line_1_106' title="bbox 2044 4851 3644 4922; baseline 0.001 -15"><span class='ocrx_word' id='word_1_781' title='bbox 2044 4862 2174 4907; x_wconf 86' lang='lat' dir='ltr'><strong>sunt</strong></span> <span class='ocrx_word' id='word_1_782' title='bbox 2218 4867 2327 4921; x_wconf 76' lang='lat' dir='ltr'><strong>pra:</strong></span> <span class='ocrx_word' id='word_1_783' title='bbox 2366 4851 2592 4922; x_wconf 78' lang='lat' dir='ltr'><strong>jejunio,</strong></span> <span class='ocrx_word' id='word_1_784' title='bbox 2625 4863 2682 4907; x_wconf 88' lang='lat' dir='ltr'><strong>et</strong></span> <span class='ocrx_word' id='word_1_785' title='bbox 2720 4868 2848 4906; x_wconf 83' lang='lat' dir='ltr'><strong>caro</strong></span> <span class='ocrx_word' id='word_1_786' title='bbox 2893 4867 3010 4907; x_wconf 90' lang='lat' dir='ltr'><strong>mea</strong></span> <span class='ocrx_word' id='word_1_787' title='bbox 3058 4862 3261 4906; x_wconf 87' lang='lat' dir='ltr'><strong>mutata</strong></span> <span class='ocrx_word' id='word_1_788' title='bbox 3297 4860 3382 4907; x_wconf 86' lang='lat' dir='ltr'><strong>est</strong></span> <span class='ocrx_word' id='word_1_789' title='bbox 3422 4865 3644 4922; x_wconf 89' lang='lat' dir='ltr'><strong>propter</strong></span> 
     </span>
    </p>
   </div>
   <div class='ocr_carea' id='block_1_107' title="bbox 2045 4941 3642 5010">
    <p class='ocr_par' dir='ltr' id='par_1_107' title="bbox 2045 4941 3642 5010">
     <span class='ocr_line' id='line_1_107' title="bbox 2045 4941 3642 5010; baseline -0.002 -13"><span class='ocrx_word' id='word_1_790' title='bbox 2045 4943 2228 4997; x_wconf 85' lang='lat' dir='ltr'><strong>oleum</strong></span> <span class='ocrx_word' id='word_1_791' title='bbox 2253 4941 2318 4996; x_wconf 86' lang='grc'><strong>³⁸.</strong></span> <span class='ocrx_word' id='word_1_792' title='bbox 2354 4960 2372 4993; x_wconf 73' lang='grc' dir='ltr'><strong>ι</strong></span> <span class='ocrx_word' id='word_1_793' title='bbox 2401 4942 2543 5008; x_wconf 86' lang='lat' dir='ltr'><strong>Quin</strong></span> <span class='ocrx_word' id='word_1_794' title='bbox 2574 4954 2628 4995; x_wconf 90' lang='lat' dir='ltr'><strong>et</strong></span> <span class='ocrx_word' id='word_1_795' title='bbox 2661 4941 2777 5010; x_wconf 88' lang='lat' dir='ltr'><strong>ipse</strong></span> <span class='ocrx_word' id='word_1_796' title='bbox 2805 4943 3182 4995; x_wconf 85' lang='lat' dir='ltr'><strong>universorum</strong></span> <span class='ocrx_word' id='word_1_797' title='bbox 3217 4941 3357 4995; x_wconf 83' lang='lat' dir='ltr'><strong>Deus</strong></span> <span class='ocrx_word' id='word_1_798' title='bbox 3388 4956 3403 4994; x_wconf 85' lang='lat'><strong>:</strong></span> <span class='ocrx_word' id='word_1_799' title='bbox 3442 4941 3642 4995; x_wconf 77' lang='lat' dir='ltr'><strong>Rever-</strong></span> 
     </span>
    </p>
   </div>
   <div class='ocr_carea' id='block_1_108' title="bbox 2054 5029 3640 5100">
    <p class='ocr_par' dir='ltr' id='par_1_108' title="bbox 2054 5029 3640 5100">
     <span class='ocr_line' id='line_1_108' title="bbox 2054 5029 3640 5100; baseline -0.001 -12"><span class='ocrx_word' id='word_1_800' title='bbox 2054 5033 2257 5096; x_wconf 90' lang='lat' dir='ltr'><strong>timini,</strong></span> <span class='ocrx_word' id='word_1_801' title='bbox 2285 5033 2480 5099; x_wconf 86' lang='lat' dir='ltr'><strong>inquit,</strong></span> <span class='ocrx_word' id='word_1_802' title='bbox 2509 5031 2577 5085; x_wconf 89' lang='lat' dir='ltr'><strong>ad</strong></span> <span class='ocrx_word' id='word_1_803' title='bbox 2621 5046 2729 5094; x_wconf 89' lang='lat' dir='ltr'><strong>me,</strong></span> <span class='ocrx_word' id='word_1_804' title='bbox 2760 5032 2810 5083; x_wconf 92' lang='lat' dir='ltr'><strong>in</strong></span> <span class='ocrx_word' id='word_1_805' title='bbox 2845 5029 3088 5100; x_wconf 79' lang='lat' dir='ltr'><strong>jejuniis,</strong></span> <span class='ocrx_word' id='word_1_806' title='bbox 3116 5037 3171 5082; x_wconf 86' lang='lat' dir='ltr'><strong>et</strong></span> <span class='ocrx_word' id='word_1_807' title='bbox 3210 5030 3260 5082; x_wconf 90' lang='lat' dir='ltr'><strong>in</strong></span> <span class='ocrx_word' id='word_1_808' title='bbox 3301 5029 3469 5094; x_wconf 91' lang='lat' dir='ltr'><strong>luctu,</strong></span> <span class='ocrx_word' id='word_1_809' title='bbox 3493 5041 3549 5086; x_wconf 89' lang='lat' dir='ltr'><strong>et</strong></span> <span class='ocrx_word' id='word_1_810' title='bbox 3586 5031 3640 5086; x_wconf 93' lang='lat' dir='ltr'><strong>in</strong></span> 
     </span>
    </p>
   </div>
   <div class='ocr_carea' id='block_1_109' title="bbox 2057 5119 3641 5194">
    <p class='ocr_par' dir='ltr' id='par_1_109' title="bbox 2057 5119 3641 5194">
     <span class='ocr_line' id='line_1_109' title="bbox 2057 5119 3641 5194; baseline -0.002 -17"><span class='ocrx_word' id='word_1_811' title='bbox 2057 5124 2298 5194; x_wconf 80' lang='lat' dir='ltr'><strong>planctu.</strong></span> <span class='ocrx_word' id='word_1_812' title='bbox 2359 5119 2650 5176; x_wconf 75' lang='lat' dir='ltr'><strong>Miseretur</strong></span> <span class='ocrx_word' id='word_1_813' title='bbox 2700 5119 2845 5174; x_wconf 79' lang='lat' dir='ltr'><strong>enim</strong></span> <span class='ocrx_word' id='word_1_814' title='bbox 2895 5120 3127 5174; x_wconf 81' lang='lat' dir='ltr'><strong>libenter</strong></span> <span class='ocrx_word' id='word_1_815' title='bbox 3169 5133 3357 5173; x_wconf 88' lang='lat' dir='ltr'><strong>eorum</strong></span> <span class='ocrx_word' id='word_1_816' title='bbox 3404 5120 3496 5189; x_wconf 89' lang='lat' dir='ltr'><strong>qui</strong></span> <span class='ocrx_word' id='word_1_817' title='bbox 3544 5135 3641 5175; x_wconf 88' lang='lat' dir='ltr'><strong>sua</strong></span> 
     </span>
    </p>
   </div>
   <div class='ocr_carea' id='block_1_110' title="bbox 2059 5211 3643 5285">
    <p class='ocr_par' dir='ltr' id='par_1_110' title="bbox 2059 5211 3643 5285">
     <span class='ocr_line' id='line_1_110' title="bbox 2059 5211 3643 5285; baseline -0.004 -14"><span class='ocrx_word' id='word_1_818' title='bbox 2059 5222 2254 5285; x_wconf 76' lang='lat' dir='ltr'><strong>sponte</strong></span> <span class='ocrx_word' id='word_1_819' title='bbox 2281 5214 2637 5269; x_wconf 85' lang='lat' dir='ltr'><strong>humiliantur</strong></span> <span class='ocrx_word' id='word_1_820' title='bbox 2665 5227 2761 5281; x_wconf 80' lang='lat' dir='ltr'><strong>per</strong></span> <span class='ocrx_word' id='word_1_821' title='bbox 2788 5211 3048 5265; x_wconf 82' lang='lat' dir='ltr'><strong>laborem.</strong></span> <span class='ocrx_word' id='word_1_822' title='bbox 3074 5211 3181 5265; x_wconf 81' lang='lat' dir='ltr'><strong>Sed</strong></span> <span class='ocrx_word' id='word_1_823' title='bbox 3206 5220 3290 5265; x_wconf 83' lang='lat' dir='ltr'><strong>est</strong></span> <span class='ocrx_word' id='word_1_824' title='bbox 3318 5211 3643 5266; x_wconf 85' lang='lat' dir='ltr'><strong>absurdissi-</strong></span> 
     </span>
    </p>
   </div>
   <div class='ocr_carea' id='block_1_111' title="bbox 2056 5301 3643 5374">
    <p class='ocr_par' dir='ltr' id='par_1_111' title="bbox 2056 5301 3643 5374">
     <span class='ocr_line' id='line_1_111' title="bbox 2056 5301 3643 5374; baseline -0.002 -14"><span class='ocrx_word' id='word_1_825' title='bbox 2056 5322 2207 5363; x_wconf 87' lang='lat' dir='ltr'><strong>tnutu</strong></span> <span class='ocrx_word' id='word_1_826' title='bbox 2248 5320 2342 5360; x_wconf 84' lang='lat' dir='ltr'><strong>eos</strong></span> <span class='ocrx_word' id='word_1_827' title='bbox 2381 5304 2473 5374; x_wconf 90' lang='lat' dir='ltr'><strong>qui</strong></span> <span class='ocrx_word' id='word_1_828' title='bbox 2516 5303 2705 5357; x_wconf 85' lang='lat' dir='ltr'><strong>volunt</strong></span> <span class='ocrx_word' id='word_1_829' title='bbox 2748 5301 3180 5357; x_wconf 74' lang='lat' dir='ltr'><strong>miscricordiam</strong></span> <span class='ocrx_word' id='word_1_830' title='bbox 3226 5302 3505 5373; x_wconf 72' lang='lat' dir='ltr'><strong>consequi,</strong></span> <span class='ocrx_word' id='word_1_831' title='bbox 3535 5302 3643 5357; x_wconf 83' lang='lat' dir='ltr'><strong>alio</strong></span> 
     </span>
    </p>
   </div>
   <div class='ocr_carea' id='block_1_112' title="bbox 2056 5394 3636 5466">
    <p class='ocr_par' dir='ltr' id='par_1_112' title="bbox 2056 5394 3636 5466">
     <span class='ocr_line' id='line_1_112' title="bbox 2056 5394 3636 5466; baseline 0 -17"><span class='ocrx_word' id='word_1_832' title='bbox 2056 5397 2218 5451; x_wconf 86' lang='lat' dir='ltr'><strong>modo</strong></span> <span class='ocrx_word' id='word_1_833' title='bbox 2248 5394 2614 5466; x_wconf 74' lang='lat' dir='ltr'><strong>legislaturem</strong></span> <span class='ocrx_word' id='word_1_834' title='bbox 2646 5395 2888 5458; x_wconf 84' lang='lat' dir='ltr'><strong>irritare,</strong></span> <span class='ocrx_word' id='word_1_835' title='bbox 2913 5405 2966 5449; x_wconf 88' lang='lat' dir='ltr'><strong>et</strong></span> <span class='ocrx_word' id='word_1_836' title='bbox 2992 5396 3059 5448; x_wconf 86' lang='lat' dir='ltr'><strong>ad</strong></span> <span class='ocrx_word' id='word_1_837' title='bbox 3092 5395 3229 5449; x_wconf 90' lang='lat' dir='ltr'><strong>iram</strong></span> <span class='ocrx_word' id='word_1_838' title='bbox 3261 5410 3477 5459; x_wconf 82' lang='lat' dir='ltr'><strong>vocare,</strong></span> <span class='ocrx_word' id='word_1_839' title='bbox 3502 5394 3636 5449; x_wconf 88' lang='lat' dir='ltr'><strong>nihil</strong></span> 
     </span>
    </p>
   </div>
   <div class='ocr_carea' id='block_1_113' title="bbox 2046 5484 3643 5556">
    <p class='ocr_par' dir='ltr' id='par_1_113' title="bbox 2046 5484 3643 5556">
     <span class='ocr_line' id='line_1_113' title="bbox 2046 5484 3643 5556; baseline 0 -18"><span class='ocrx_word' id='word_1_840' title='bbox 2046 5502 2242 5539; x_wconf 78' lang='lat' dir='ltr'><strong>eorum</strong></span> <span class='ocrx_word' id='word_1_841' title='bbox 2273 5501 2395 5556; x_wconf 71' lang='lat' dir='ltr'><strong>qum</strong></span> <span class='ocrx_word' id='word_1_842' title='bbox 2424 5487 2734 5556; x_wconf 70' lang='lat' dir='ltr'><strong>pratscripta</strong></span> <span class='ocrx_word' id='word_1_843' title='bbox 2765 5496 2892 5539; x_wconf 85' lang='lat' dir='ltr'><strong>sunt</strong></span> <span class='ocrx_word' id='word_1_844' title='bbox 2917 5484 3208 5555; x_wconf 84' lang='lat' dir='ltr'><strong>operando.</strong></span> <span class='ocrx_word' id='word_1_845' title='bbox 3233 5484 3467 5540; x_wconf 84' lang='lat' dir='ltr'><strong>Omnino</strong></span> <span class='ocrx_word' id='word_1_846' title='bbox 3496 5484 3643 5539; x_wconf 82' lang='lat' dir='ltr'><strong>enim</strong></span> 
     </span>
    </p>
   </div>
   <div class='ocr_carea' id='block_1_114' title="bbox 2058 5572 3646 5643">
    <p class='ocr_par' dir='ltr' id='par_1_114' title="bbox 2058 5572 3646 5643">
     <span class='ocr_line' id='line_1_114' title="bbox 2058 5572 3646 5643; baseline 0.002 -15"><span class='ocrx_word' id='word_1_847' title='bbox 2058 5585 2278 5628; x_wconf 84' lang='lat' dir='ltr'><strong>sanctos</strong></span> <span class='ocrx_word' id='word_1_848' title='bbox 2307 5588 2431 5628; x_wconf 87' lang='lat' dir='ltr'><strong>esse</strong></span> <span class='ocrx_word' id='word_1_849' title='bbox 2463 5584 2678 5643; x_wconf 87' lang='lat' dir='ltr'><strong>oportet</strong></span> <span class='ocrx_word' id='word_1_850' title='bbox 2708 5588 2805 5630; x_wconf 86' lang='lat' dir='ltr'><strong>eos</strong></span> <span class='ocrx_word' id='word_1_851' title='bbox 2855 5575 2945 5643; x_wconf 92' lang='lat' dir='ltr'><strong>qui</strong></span> <span class='ocrx_word' id='word_1_852' title='bbox 2979 5574 3044 5626; x_wconf 90' lang='lat' dir='ltr'><strong>ad</strong></span> <span class='ocrx_word' id='word_1_853' title='bbox 3077 5572 3246 5627; x_wconf 76' lang='lat' dir='ltr'><strong>Deum</strong></span> <span class='ocrx_word' id='word_1_854' title='bbox 3274 5577 3562 5637; x_wconf 76' lang='lat' dir='ltr'><strong>accedunt,</strong></span> <span class='ocrx_word' id='word_1_855' title='bbox 3586 5582 3646 5631; x_wconf 80' lang='lat' dir='ltr'><strong>et</strong></span> 
     </span>
    </p>
   </div>
   <div class='ocr_carea' id='block_1_115' title="bbox 2056 5663 3649 5738">
    <p class='ocr_par' dir='ltr' id='par_1_115' title="bbox 2056 5663 3649 5738">
     <span class='ocr_line' id='line_1_115' title="bbox 2056 5663 3649 5738; baseline 0.001 -19"><span class='ocrx_word' id='word_1_856' title='bbox 2056 5666 2218 5721; x_wconf 82' lang='lat' dir='ltr'><strong>benis</strong></span> <span class='ocrx_word' id='word_1_857' title='bbox 2249 5665 2505 5738; x_wconf 79' lang='lat' dir='ltr'><strong>operibus</strong></span> <span class='ocrx_word' id='word_1_858' title='bbox 2533 5665 2823 5732; x_wconf 75' lang='lat' dir='ltr'><strong>excellere,</strong></span> <span class='ocrx_word' id='word_1_859' title='bbox 2852 5680 2917 5720; x_wconf 75' lang='lat' dir='ltr'><strong>ac</strong></span> <span class='ocrx_word' id='word_1_860' title='bbox 2946 5664 3200 5721; x_wconf 84' lang='lat' dir='ltr'><strong>omnibus</strong></span> <span class='ocrx_word' id='word_1_861' title='bbox 3227 5664 3481 5721; x_wconf 78' lang='lat' dir='ltr'><strong>sordibus</strong></span> <span class='ocrx_word' id='word_1_862' title='bbox 3510 5663 3649 5721; x_wconf 59' lang='lat' dir='ltr'><strong>libo.</strong></span> 
     </span>
    </p>
   </div>
   <div class='ocr_carea' id='block_1_116' title="bbox 441 5858 2180 5949">
    <p class='ocr_par' dir='ltr' id='par_1_116' title="bbox 441 5858 2180 5949">
     <span class='ocr_line' id='line_1_116' title="bbox 441 5858 2180 5949; baseline 0.006 -37"><span class='ocrx_word' id='word_1_863' title='bbox 441 5858 625 5949; x_wconf 56' lang='lat' dir='ltr'><strong>f&#39;lsa.</strong></span> <span class='ocrx_word' id='word_1_864' title='bbox 657 5877 743 5927; x_wconf 70' lang='grc' dir='ltr'><strong>ιν,</strong></span> <span class='ocrx_word' id='word_1_865' title='bbox 778 5864 832 5928; x_wconf 84' lang='lat'><strong>6.</strong></span> <span class='ocrx_word' id='word_1_866' title='bbox 868 5864 920 5919; x_wconf 90' lang='lat'><strong>7.</strong></span> <span class='ocrx_word' id='word_1_867' title='bbox 970 5864 1211 5949; x_wconf 47' lang='lat' dir='ltr'><strong>&quot;il‘sal.</strong></span> <span class='ocrx_word' id='word_1_868' title='bbox 1249 5881 1431 5930; x_wconf 62' lang='lat' dir='ltr'><strong>sum,</strong></span> <span class='ocrx_word' id='word_1_869' title='bbox 1472 5867 1558 5919; x_wconf 78' lang='grc'><strong>15.</strong></span> <span class='ocrx_word' id='word_1_870' title='bbox 1637 5866 1681 5899; x_wconf 83' lang='grc'>³⁸</span> <span class='ocrx_word' id='word_1_871' title='bbox 1723 5866 1864 5922; x_wconf 72' lang='grc' dir='ltr'><strong>Ρείιι.</strong></span> <span class='ocrx_word' id='word_1_872' title='bbox 1898 5882 2052 5933; x_wconf 82' lang='lat' dir='ltr'><strong>cvm,</strong></span> <span class='ocrx_word' id='word_1_873' title='bbox 2086 5869 2180 5923; x_wconf 67' lang='grc'><strong>24.</strong></span> 
     </span>
    </p>
   </div>
  </div>
