4100 6468
486 408 624 466 ιεδσ
1516 406 1574 462 S.
1617 402 1897 462 CYRILLI
1932 399 2405 458 ALEXANDRINI
2444 403 2745 459 ARCﬂlEP
2777 418 2789 475 ξ
3611 415 3752 470 tam

487 534 578 575 ros
613 519 804 574 videri.
834 518 941 574 llac
959 518 1023 574 de
1048 532 1209 573 causa
1273 516 1449 589 inquit
1487 535 1501 572 :
1535 517 1852 588 Jejnnastis,
1883 524 1941 570 at
1975 529 2068 586 ego

2175 513 2286 568 τῶν
2324 517 2837 587 προστεταγμένων⁸
2888 518 3191 590 όλοτρόπως
3234 519 3341 588 γὰρ
3384 522 3573 591 ἁγίους
3614 521 3753 579 εἶναι

485 628 591 669 non
637 613 772 676 vidi,
799 611 849 665 id
894 620 995 677 est,
1030 625 1133 664 non
1176 611 1378 664 attendi
1428 629 1442 666 :
1489 611 1819 665 ltumiliastis
1864 609 2068 663 animas

2174 606 2281 678 χρὴ
2314 608 2439 671 τοὺς
2466 609 2788 678 προσιόντας
2831 608 2969 680 Θεῷ,
2993 611 3086 665 καὶ
3135 612 3457 683 διαπρέπειν
3486 617 3544 669 ὲν
3575 618 3753 685 ἀγαθ-

482 713 724 769 vestras,
768 714 823 757 et
883 718 990 756 non
1050 703 1312 773 cognovi,
1360 703 1409 755 id
1471 712 1587 768 est,
1638 702 2067 756 humiliationem

484 802 721 847 vestram
759 807 862 845 non
894 794 1144 860 dignatus
1173 807 1295 845 sum
1330 792 1437 845 ulla
1473 793 1725 846 mercede
1761 809 1776 845 :
1813 792 2067 861 quoniam

483 884 536 938 in
569 884 760 937 diebus
783 882 1112 949 jejuniorum
1143 893 1446 936 vestrorum
1483 881 1737 936 invenitis
1766 882 2067 936 voluntates

484 986 716 1029 vestras.
738 974 837 1039 Qui
864 988 994 1043 ergo
1024 988 1155 1042 pure
1183 985 1238 1028 et
1262 986 1448 1027 sancte
1469 974 1721 1043 jejunare
1748 973 1951 1035 volunt.
1974 988 2067 1029 eos

480 1072 692 1126 Oportet
741 1063 852 1117 suis
898 1063 1208 1116 renuntiare
1254 1062 1637 1127 voluntatibus,
1673 1072 1727 1117 et
1770 1064 1911 1132 quod
1957 1063 2066 1118 Deo

484 1156 697 1209 videtur
744 1154 1025 1221 amplecti,
1069 1164 1124 1208 et
1165 1169 1263 1222 pro
1313 1153 1430 1221 ejus
1476 1154 1752 1209 voluntate
1798 1154 2062 1208 cervicem

480 1246 717 1299 frenare.
753 1246 859 1299 Sed
896 1246 1008 1298 haec
1039 1245 1294 1298 Israelita?
1323 1245 1634 1312 neutiquam
1669 1245 2059 1315 praBSIiterunt,

479 1337 573 1392 sed
601 1337 903 1391 voluntates
932 1352 1060 1394 suas
1092 1339 1261 1391 secuti
1296 1347 1440 1402 sunt,
1473 1341 1615 1405 quod
1640 1346 1820 1389 autem
1848 1336 2062 1402 legisla-

482 1428 582 1481 tori
641 1428 817 1495 placet
861 1428 1213 1494 neglexerunt
1264 1446 1277 1481 :
1331 1426 1743 1495 υωιχθνιιηιψιθ
1792 1426 2062 1493 subjectos

477 1517 682 1587 judicio
715 1528 769 1573 et
796 1518 1005 1585 iurgiis,
1035 1533 1155 1570 cum
1191 1532 1283 1571 cos
1316 1517 1405 1585 qui
1446 1518 1587 1570 inter
1614 1532 1673 1570 se
1704 1516 2058 1581 dissidebant,

482 1612 547 1663 azl
581 1610 925 1663 concordiam
959 1609 1224 1678 redigere.
1251 1618 1305 1660 et
1334 1622 1519 1676 pacem
1555 1608 1887 1662 constituere
1923 1608 2063 1662 inter

481 1700 862 1755 dissentientes
894 1708 1185 1766 oporteret.
1220 1696 1325 1753 Sed
1364 1699 1435 1752 illi
1471 1700 1650 1753 studia
1685 1715 1779 1751 sua
1817 1707 2058 1754 transtu-

480 1790 659 1845 lerunt
685 1791 736 1843 in
772 1792 953 1843 omnia
987 1804 1107 1859 quae
1141 1800 1299 1843 erant
1328 1790 1621 1844 contraria.
1651 1789 1817 1861 815
1853 1790 2055 1844 Percu-

482 1883 687 1936 tiebant
715 1882 878 1935 etiam
909 1881 1166 1936 humilem
1202 1899 1216 1935 :
1252 1896 1355 1934 non
1390 1880 1638 1936 absolute
1669 1881 1938 1947 manibus,
1967 1881 2059 1936 sed

482 1973 698 2043 injuriis
731 1982 786 2027 et
818 1972 891 2037 vi,
925 1971 1009 2025 vel
1045 1971 1166 2025 aliis
1206 1970 1379 2025 modis
1419 1970 1655 2037 injustis.
1692 1969 1835 2041 Ergo
1867 1970 2064 2040 quibus

480 2065 653 2120 inerat
703 2064 826 2119 talis
862 2078 926 2117 ac
958 2071 1106 2117 tanta
1142 2063 1454 2132 impuritas,
1519 2062 1788 2131 quomodo
1819 2077 1913 2119 eos
1947 2063 2063 2116 lau-

479 2159 636 2212 daret
673 2154 1013 2225 jejunantes?
1057 2153 1140 2207 vel
1182 2152 1454 2221 quomodo
1499 2152 1634 2206 adeo
1676 2151 2063 2207 sceleratorum

479 2264 671 2322 preces
696 2247 976 2314 suscipere
1007 2245 1218 2313 posset?

2172 696 2455 766 ουργίαις,
2520 698 2615 749 καὶ
2671 697 2843 767 ῥύπου
2937 700 3143 762 παντὸς
3212 700 3530 774 ἐλευθέρους
3593 707 3749 771 ὄντας

2170 786 2426 877 ὁρᾶσθαι.
2464 787 2680 858 Ταύτης
2717 788 2825 860 γὰρ
2848 789 3023 877 ἕνεκα.ι
3049 791 3151 860 τῆς
3181 793 3359 857 αἰτίας
3389 795 3542 866 φησί⁸
3577 795 3749 865 Νενη-

2172 876 2442 930 στεύκατε
2473 878 2593 948 μὲν,
2618 877 2726 946 ἐγὼ
2746 879 2801 931 δὲ
2823 880 2924 932 οὐκ
2946 875 3107 946 εἶδον,
3140 884 3439 948 τουτέστιν,
3462 886 3523 938 οὐ
3583 904 3752 959 προσο

2171 968 2363 1037 έσχον·
2419 968 2824 1023 ὲταπεινώσατε
2870 971 2972 1034 τάς
3011 971 3187 1042 ψυχὰς
3244 976 3473 1040 ἑαυτῶν,
3516 980 3607 1031 καί
3647 982 3750 1033 οὐκ

2168 1055 2363 1124 ἔγνων,
2422 1058 2722 1122 τουτέστιν,
2776 1060 2878 1112 οὐκ
2908 1061 3117 1129 ὴξίωσά
3176 1080 3321 1127 τινος
3372 1066 3606 1137 ἀμοιεῆς
3653 1071 3749 1139 τὴν

2169 1149 2325 1218 ὑμῶν
2347 1149 2683 1203 ταπείνωσιν
2721 1166 2733 1179 ⁸
2770 1150 3068 1222 ἐπειδήπερ
3115 1152 3174 1204 ἐν
3219 1156 3341 1217 ταῖς
3371 1156 3606 1228 ἡμέραις
3643 1160 3748 1210 τῶν

2165 1238 2429 1309 νηστειῶν
2474 1239 2628 1310 ὑμῶν
2672 1240 2955 1311 εὑρίσκετε
3017 1241 3088 1294 τὰ
3125 1242 3404 1314 θελήματα
3440 1246 3615 1316 ὑμῶν.
3653 1250 3744 1301 Δεῖ

2164 1328 2228 1400 δὴ
2258 1325 2350 1384 οὖν
2377 1328 2484 1402 ἄρα
2509 1373 2524 1397 ,
2555 1331 2682 1393 τοὺς
2734 1331 3013 1401 νηστεύειν
3044 1331 3323 1396 ἐθέλοντας
3362 1335 3616 1405 καθαρῶς
3655 1340 3750 1391 καὶ

2126 1442 2133 1449 ο
2167 1422 2366 1488 ἀγίως,
2408 1422 2775 1492 ἁποιροιτῆσαι
2806 1423 2906 1493 μὲν
2942 1423 3050 1475 τῶν
3083 1424 3226 1477 ἰδίων
3251 1425 3591 1497 θελημάτων,
3623 1431 3749 1483 ἀηθ-

2163 1511 2381 1565 ελέσθαι
2410 1512 2466 1565 δὲ
2514 1513 2574 1566 τὸ
2608 1511 2684 1583 τῷ
2710 1513 2828 1584 Θεῷ
2856 1514 3066 1579 δοκοῦν,
3115 1515 3207 1568 καὶ
3249 1518 3461 1586 εὐήνιον
3495 1519 3748 1589 ὑποσχεῖν

2161 1605 2273 1667 τοῖς
2306 1602 2474 1657 αὐτοῦ
2530 1603 2799 1675 θελήμασι
2851 1604 2944 1657 τὸν
3002 1606 3241 1676 αὐχένα·
3292 1606 3407 1659 ἀλλ’
3433 1608 3533 1660 οὐκ
3579 1608 3749 1678 ἔδρων

2162 1695 2319 1747 τοῦτο
2340 1697 2387 1747 oi
2415 1694 2474 1760 ἐξ
2515 1695 2732 1766 Ἰσραήλ
2761 1695 2945 1749 ποθεν*
2971 1696 3185 1749 εἵποντο
3199 1696 3254 1749 δὲ
3276 1697 3474 1767 μᾶλλον
3499 1702 3609 1761 τοῖς
3633 1700 3750 1750 ἑαυ-

2165 1784 2274 1838 τῶν
2307 1783 2574 1855 θελήμασι
2601 1785 2659 1839 τὸ
2690 1785 2769 1857 τῷ
2820 1786 3087 1861 νομοθέτῃ
3124 1787 3312 1841 δοκοῦν
3354 1789 3709 1855 ἀτιμάζοντες
3733 1830 3747 1849 .

2164 1877 2458 1930 ὑπένυττον
2518 1879 2575 1931 δὲ
2614 1879 2862 1942 καὶτοὺς
2897 1880 3238 1951 ὑποχειρίους
3292 1882 3369 1943 είς
3425 1881 3606 1951 κρίσιν
3657 1883 3749 1933 καὶ

2174 1968 2372 2039 μάχας·
2418 1970 2596 2023 καίτοι
2652 1969 2771 2023 δέον
2820 1972 2899 2035 εἰς
2946 1972 3248 2042 ὁμοψυχίαν
3301 1973 3573 2040 συλλέγειν
3625 1975 3749 2035 τοὺς

2169 2061 2419 2132 ἀλλήλοις
2465 2061 2977 2133 ἀντανισταμένους,
3042 2065 3136 2117 καὶ
3194 2064 3479 2136 βραϐεύειν
3521 2067 3746 2136 εἰρήνην

2169 2156 2280 2217 τοῖς
2331 2152 2766 2223 διενηνεγμένοις
2821 2156 2901 2217 είς
2963 2155 3244 2227 διαφοράς.
3299 2156 3439 2208 Ἀλλ’
3497 2157 3576 2219 είς
3641 2157 3750 2208 πᾶν

2168 2242 2477 2295 τούναντίον
2506 2242 2604 2306 τάς
2628 2243 2865 2307 σπουδὰς
2892 2246 3086 2298 ἐκεῖνοι
3113 2245 3460 2315 μεθίστασαν.
3484 2248 3752 2299 Ἕτυπτον

479 2340 537 2396 δὲ
570 2339 665 2393 καὶ
696 2339 968 2404 ταπεινὸν,
989 2336 1081 2391 καὶ
1109 2335 1230 2409 οὐχὶ
1269 2335 1709 2408 πάντωςχερσὶν,
1756 2335 1872 2390 ἀλλ’
1914 2334 2099 2406 ὕϐρεσι
2139 2334 2235 2389 καὶ
2291 2332 2659 2401 πλεονεξίαις,
2709 2335 2875 2407 ἤγουν
2961 2337 3081 2390 καθ’
3139 2338 3323 2406 ἕτερόν
3376 2357 3497 2392 τινα
3550 2339 3755 2409 τρόπον

479 2434 710 2495 ἀδικίας.
770 2432 905 2487 Εἶτα
956 2431 1072 2494 πῶς
1111 2427 1178 2502 ἦν
1228 2428 1512 2486 ἐπαινέσαι
1551 2429 1933 2504 νηστεύοντας,
1985 2430 2084 2499 τῆς
2122 2429 2377 2500 τοιαύτης
2416 2428 2758 2500 ἀκαθαρσίας
2802 2430 3028 2503 ἐνούσης
3070 2433 3287 2499 αὑτοῖς;
3324 2433 3356 2504 ἦ
3400 2434 3517 2497 πῶς
3545 2433 3609 2487 ἂν
3639 2433 3753 2487 ἐδέ-

479 2526 683 2595 χθησαν
706 2522 864 2591 εὐχαὶ
883 2521 992 2575 τῶν
1023 2521 1195 2586 οὓτως
1219 2524 1542 2594 ἀλιτηρίων;

560 2618 724 2673 Vens.
757 2619 811 2673 5.
847 2617 1022 2682 Quare
1068 2617 1197 2670 mihi
1231 2617 1512 2686 jejunatis,
1543 2627 1597 2671 ut
1625 2618 1779 2672 hodie
1819 2621 2073 2673 audiatur

481 2711 534 2761 in
578 2710 803 2761 clamore
847 2722 943 2759 rex
984 2708 1195 2761 vestra?
1237 2706 1357 2760 Non
1402 2706 1505 2760 tale
1543 2706 1799 2775 jejunium
1836 2710 1990 2778 elegi,
2024 2718 2071 2762 ιι

482 2798 566 2850 die
595 2797 875 2850 humiliore
908 2796 1170 2849 hominem
1204 2797 1434 2849 animum
1468 2813 1640 2849 suam.
1674 2795 1887 2867 Neque,
1914 2800 1958 2851 si
1988 2801 2072 2853 in-

482 2890 776 2941 eurvaveris
806 2887 942 2940 velut
970 2886 1224 2940 circulum
1254 2887 1444 2940 collum
1474 2896 1643 2953 tuum,
1668 2897 1716 2940 et
1750 2890 1977 2942 cilicium
2006 2907 2069 2944 ac

483 2981 705 3034 cinerem
728 2977 1099 3044 substrareiis,
1131 2993 1222 3031 nec
1249 2978 1323 3030 sic
1353 2978 1604 3032 vocabili:
1638 2978 1890 3047 jejunium
1918 2996 2067 3034 acce—

487 3069 701 3138 piabile.

559 3242 685 3298 Veri
720 3242 905 3314 jejunii
941 3242 1113 3296 virtus
1149 3239 1403 3297 eximiam
1439 3241 1601 3296 habet
1635 3241 1847 3297 laudent
1884 3253 1937 3299 et
1968 3259 2063 3313 ap-

488 3336 881 3408 proh..tiouem,
911 3343 964 3387 et
996 3334 1135 3403 apud
1170 3333 1559 3387 dominatorem
1589 3334 1829 3387 omniunt
1862 3333 2063 3399 Deum;

488 3429 718 3483 libenter
770 3426 912 3480 enim
971 3425 1197 3491 Suscipit
1246 3438 1437 3494 preces
1497 3439 1685 3478 eorum
1741 3426 1829 3495 qui
1890 3425 2065 3492 ipsum

489 3523 677 3578 colunt
707 3538 720 3575 :
753 3529 807 3575 et
836 3519 878 3573 si
906 3518 1087 3571 videat
1116 3531 1211 3571 eos
1242 3533 1336 3587 per
1365 3516 1602 3571 laborem
1637 3527 1690 3569 et
1718 3517 2069 3571 exercitatio-

489 3629 612 3668 nem
645 3611 979 3674 lnnniliatos,
1007 3608 1218 3678 abjecta
1246 3610 1393 3663 muni
1422 3609 1790 3674 cunctatione,
1820 3608 2072 3664 concedit

490 3703 782 3776 postulata.
812 3700 963 3767 Quod
1007 3712 1188 3754 autem
1235 3701 1475 3769 segniter
1521 3701 1579 3752 lit
1617 3709 1671 3754 et
1715 3700 2067 3769 negligenter,

490 3794 735 3863 repudiat
764 3806 827 3843 ac
859 3789 1055 3855 rejicit.
1077 3788 1345 3858 Jejunium
1372 3788 1601 3843 dicimus
1631 3800 1899 3854 sanctum,
1923 3790 2069 3859 quod

490 3900 554 3939 ex
591 3898 723 3952 pura
761 3881 819 3936 lit
853 3881 1179 3935 conscientia
1231 3896 1245 3932 :
1291 3880 1433 3949 quod
1474 3878 1559 3933 ille
1593 3878 1757 3933 faciat
1790 3881 1882 3949 qui
1922 3883 2072 3950 prius

491 3990 669 4030 mores
702 3972 977 4042 improbos
1009 3986 1333 4040 omnemque
1366 3970 1542 4025 labem
1579 3986 1645 4025 ex
1685 3972 1865 4027 animo
1899 3973 2073 4040 eiece-

492 4064 582 4127 rit,
607 4073 659 4116 et
685 4060 923 4116 carnalis
953 4060 1245 4130 voluptatis
1277 4062 1467 4116 sordes
1492 4060 1772 4128 deleverit,
1798 4070 1850 4115 et
1876 4060 2071 4116 laverit

490 4154 631 4209 inter
678 4153 992 4221 innocentes
1038 4168 1228 4207 manus
1273 4167 1435 4220 suas,
1480 4153 1777 4207 secundum
1828 4152 1879 4206 id
1928 4153 2070 4221 quod

489 4245 748 4314 scriptum
779 4254 859 4297 est
889 4260 903 4297 :
935 4254 987 4298 et
1017 4245 1068 4298 in
1099 4258 1330 4308 summa,
1355 4243 1533 4299 atunis
1561 4243 1844 4313 probitatis
1868 4246 2073 4299 studio-

489 4351 581 4391 sus
622 4334 800 4391 cultor
831 4334 1059 4390 eﬂ‘ectns
1103 4338 1194 4390 sit.
1231 4335 1303 4388 At
1337 4334 1603 4405 jejunium
1637 4339 1781 4405 quod
1821 4352 1928 4392 non
1967 4338 2069 4393 hoc

492 4428 649 4481 modo
666 4443 725 4482 se
761 4429 943 4489 habet.
980 4427 1141 4481 fallax
1178 4437 1284 4491 est,
1313 4436 1369 4483 et
1402 4428 1636 4496 speciem
1675 4437 1880 4482 tantum
1916 4430 2074 4483 habet

2251 2614 2385 2668 Ἵνα
2414 2610 2466 2665 τί
2500 2625 2598 2679 μοι
2620 2609 2962 2679 νηστεύει-ε,
2981 2609 3061 2678 ὡς
3089 2609 3356 2679 σήμερον
3375 2612 3755 2683 ἀκουσθῆναι

2174 2705 2245 2759 ἐν
2268 2702 2500 2772 κραυγῇ
2532 2703 2646 2769 τὴν
2665 2702 2877 2771 φωνὴν
2901 2702 3066 2773 ὑμῶν
3081 2719 3101 2766 ;
3139 2703 3222 2756 Οὐ
3263 2703 3483 2771 ταύτην
3509 2705 3624 2770 τὴν
3647 2724 3757 2772 νη-

2171 2797 2383 2850 στείαν
2424 2793 2821 2863 ἐξελεξάμην,
2873 2795 2973 2848 καὶ
3022 2794 3250 2864 ἡμέραν
3284 2796 3608 2852 ταπεινοῦν
3648 2798 3755 2850 ἅν·-

2171 2888 2408 2953 θρωπυν
2450 2884 2565 2953 τὴν
2605 2884 2820 2953 ψυχὴν
2861 2886 3067 2939 αὐτοῦ.
3105 2887 3240 2940 Οὐδ’
3294 2888 3372 2942 ἂν
3394 2888 3642 2960 κάμψῃς
3675 2894 3757 2960 ὡς

2175 2976 2385 3042 κρίκον
2425 2978 2534 3028 τίν
2575 2974 2881 3045 τράχηλόν
2911 2992 3050 3043 σου,
3074 2978 3172 3032 καί
3204 2979 3440 3034 σάκκον
3484 2983 3580 3035 καί
3605 2999 3760 3037 σποο

2176 3066 2287 3121 δὸν
2312 3067 2697 3137 ὑποστρώσῃ,
2744 3068 2871 3123 οὐδ’
2916 3071 3106 3136 οὕτως
3147 3072 3436 3126 καὶέσετε
3468 3074 3757 3141 νηστείαν

2171 3158 2415 3226 δεκτήν.

2246 3251 2354 3321 Τῆς
2380 3250 2613 3321 ἀληθοῦς
2646 3252 2900 3323 νηστείας
2932 3252 3214 3323 ἡδύναμις
3253 3253 3489 3321 ἐξαίσιον
3509 3254 3621 3326 ἔχει
3650 3255 3752 3326 τὴν

2176 3344 2303 3416 βοὴν
2332 3344 2485 3416 παρά
2516 3343 2593 3413 τῷ
2635 3345 2853 3396 πάντων
2890 3344 3179 3414 κρατοῦντι
3221 3344 3359 3416 Θεῷ.
3396 3347 3619 3417 Δέχεται
3648 3346 3759 3419 γὰρ

2175 3436 2305 3500 ἴσως
2330 3435 2581 3505 ἀσμένως
2612 3434 2720 3487 τῶν
2746 3434 3053 3505 σεϐομένων
3081 3436 3245 3490 αὑτὸν
3292 3437 3391 3500 τὰς
3438 3437 3589 3500 λιτάς
3611 3454 3627 3470 ο
3656 3441 3762 3493 κᾶν

2186 3528 2269 3601 ίδῃ
2310 3527 2764 3597 ταπεινουμένους
2803 3525 2895 3579 διὰ
2922 3527 3099 3580 πόνων
3148 3530 3241 3581 καὶ
3288 3530 3595 3599 ἀσκήσεων,
3630 3530 3760 3601 μελ-

2174 3617 2387 3690 λησμοῦ
2444 3618 2571 3688 δίχα
2612 3616 2811 3680 παντὸς
2867 3618 3049 3688 ὀρέγει
3086 3619 3153 3671 τὰ
3197 3621 3497 3688 αἰτήματα.
3541 3619 3653 3690 Τῆς
3696 3638 3759 3689 γε

2179 3712 2304 3783 μὴν,
2338 3713 2485 3782 ἥπερ
2529 3711 2594 3766 ἂν
2626 3710 2835 3779 γένοιτο
2890 3710 3151 3782 ῥαθύμως
3193 3728 3254 3763 τε
3300 3711 3394 3765 καὶ
3447 3712 3763 3783 ἀτημελῶς,

2176 3805 2483 3875 ἀπόϐλητον
2537 3810 2769 3860 ποιεῖται
2822 3807 2913 3860 τον
2956 3806 3177 3876 τρόπον.
3217 3804 3326 3858 Καὶ
3379 3803 3631 3873 νηστείαν
3663 3803 3765 3874 μὲν

2174 3894 2319 3953 εἷναί
2354 3916 2537 3969 φαμεν
2572 3900 2904 3970 ἀγιοπρεπῆ,
2934 3899 3031 3968 τὴν
3089 3898 3154 3951 ὲκ
3195 3895 3433 3967 καθαροῦ
3464 3895 3763 3961 συνειδότος

2178 3988 2624 4061 ἐπιτελουμένην·
2658 3991 2724 4057 ἣν
2777 3990 2841 4042 ἀν
2891 4007 2973 4052 τις
3025 3990 3231 4041 ποιοῖτο
3284 3988 3764 4057 προαποφοιτήσας

2176 4078 2446 4142 εὐσθενῶς
2480 4079 2586 4131 τῶν
2627 4079 2727 4148 τῆς
2768 4078 3101 4148 φαυλότητος
3134 4077 3387 4149 τρόπων,
3434 4078 3530 4131 καὶ
3582 4079 3763 4131 πᾶσαν

2178 4169 2372 4239 κηλίδα
2410 4169 2509 4237 τῆς
2561 4168 2757 4221 ἑαυτοῦ
2801 4166 3042 4230 διανοίας
3090 4164 3581 4236 ἀποπεμψάμενος,
3628 4165 3764 4235 ἀπο-

2175 4261 2509 4333 τριψάμενος
2557 4278 2617 4313 τε
2661 4262 2761 4331 τῇς
2810 4257 3162 4328 φιλοσαρκίας
3224 4257 3349 4318 τοὺς
3405 4254 3633 4327 ῥύπους,
3668 4254 3765 4309 καὶ

2178 4349 2472 4419 νιψάμενος
2495 4351 2552 4402 ὲν
2582 4346 2779 4410 ἀθώοις
2805 4348 2904 4410 τὰς
2963 4348 3172 4417 χεῖρας,
3215 4345 3357 4398 κατὰ
3406 4344 3467 4397 τὸ
3516 4360 3763 4414 γεγραμ-

2183 4439 2362 4509 μένονο
2394 4439 2486 4493 καὶ
2516 4436 2873 4503 ἁπαξαπλῶς,
2912 4435 3131 4507 ἁπάσης
3175 4434 3546 4507 ἀγαθουργίας
3599 4438 3766 4506 ἐκμε-

490 4517 720 4587 jejunii:
757 4527 811 4573 et
842 4534 961 4572 cum
994 4519 1127 4572 nihil
1158 4519 1384 4574 omnino
1413 4520 1612 4575 habeat
1650 4520 1904 4576 decorum
1938 4521 1984 4577 ei
2017 4537 2068 4578 ac

2183 4529 2347 4602 λητὴς
2374 4529 2840 4600 ἀναδεδειγμένος.
2878 4528 2942 4581 Ἦ
2991 4527 3048 4580 δὲ
3091 4528 3191 4580 οὐκ
3220 4523 3360 4581 οὖσα
3385 4525 3629 4595 τοιαύτη,
3662 4543 3762 4579 πε-

490 4623 824 4678 eongruens,
860 4608 1063 4663 ridetur
1105 4619 1158 4663 et
1203 4618 1360 4678 turpe
1406 4611 1656 4670 habetur.
1690 4613 1827 4668 Nam
1870 4615 2070 4684 quibus

492 4700 623 4754 nihil
652 4714 793 4754 curae
822 4710 904 4755 est
929 4708 986 4753 ut
1018 4700 1170 4770 probi
1201 4717 1265 4757 ac
1294 4703 1419 4759 boni
1454 4706 1584 4769 sint,
1610 4720 1671 4760 ac
1703 4705 1902 4759 nullam
1936 4721 2072 4775 prte-

494 4796 656 4850 τίει-ω
702 4796 917 4851 virtutis
958 4797 1409 4867 signiﬁcationem
1453 4802 1649 4865 edunt,
1684 4802 2072 4856 abstinentiam

493 4897 674 4941 tamen
721 4887 828 4942 cibi
877 4897 931 4942 et
984 4889 1217 4942 inediam
1268 4889 1656 4943 infructuosam
1705 4900 1760 4945 et
1805 4890 2070 4958 inutilem,

493 4989 746 5048 tanquam
799 4994 913 5034 rem
963 4979 1228 5048 insignem
1277 4988 1333 5033 et
1370 4980 1508 5049 apud
1558 4980 1726 5034 Deum
1779 4982 2072 5050 pretiosam

491 5080 750 5125 exercent
796 5088 811 5124 :
888 5069 943 5125 bi
989 5071 1208 5141 quidem
1248 5070 1485 5125 inaniter
1533 5073 1742 5143 pugiles
1787 5085 1985 5144 agunt,
2019 5085 2076 5131 et

491 5178 670 5219 aerem
717 5164 1028 5219 verberant.
1064 5162 1181 5217 Non
1228 5164 1371 5218 enim
1419 5165 1571 5221 labor
1614 5182 1801 5221 eorum
1854 5170 2076 5237 prtemio

491 5256 740 5318 adicitur,
769 5257 894 5324 quia
931 5256 1095 5310 etiam
1132 5255 1242 5311 Deo
1274 5266 1529 5327 acceptus
1598 5275 1702 5315 non
1736 5270 1837 5315 est.
1897 5263 2076 5328 Quare

494 5348 657 5417 igitur
706 5361 848 5399 nunc
902 5346 1030 5400 mihi
1079 5346 1358 5415 jejunatis,
1393 5351 1589 5417 inquit,
1625 5361 1681 5405 ut
1737 5352 1787 5405 in
1832 5353 1918 5408 die
1971 5371 2074 5409 una

490 5438 697 5494 clamor
723 5436 871 5490 vocis
902 5446 1093 5492 vestra:
1121 5438 1405 5494 audiatur?
1484 5440 1786 5497 Clamorem
1817 5445 1968 5511 dicit,
1994 5447 2076 5500 vel

494 5529 880 5599 precationem,
927 5542 1048 5583 cum
1097 5530 1269 5584 inutili
1306 5531 1512 5601 jejunio
1553 5535 1934 5602 conjunctam,
1991 5536 2077 5590 vel

493 5622 561 5672 ah
594 5619 714 5689 ipso
746 5635 934 5689 opere.
956 5620 1166 5677 Habere
1198 5622 1343 5676 enim
1377 5624 1633 5679 dicuntur
1665 5642 1849 5681 vocem
1885 5642 2078 5694 qnam-

493 5708 616 5762 dam
658 5712 723 5765 ad
772 5710 940 5764 Deum
996 5727 1115 5782 qua:
1167 5726 1195 5766 a
1250 5715 1406 5769 nobis
1449 5716 1782 5784 llunt,juxta
1833 5716 1884 5769 id
1933 5720 2077 5786 quod

497 5795 695 5853 dictum
722 5809 805 5856 est
833 5798 1003 5857 Caino
1032 5804 1101 5858 ab
1129 5818 1193 5859 eo
1224 5822 1241 5869 ξ
1279 5823 1298 5857 ι
1338 5805 1448 5862 Vox
1479 5807 1757 5878 sanguinis
1789 5806 1968 5860 fratris
1997 5808 2073 5861 tui

2177 4621 2496 4693 πλανημένη
2516 4620 2614 4689 μὲν
2636 4619 2946 4689 ῶσπερ,καὶ
2971 4620 3029 4671 ὲν
3059 4618 3188 4672 εἴδει
3214 4619 3311 4688 μὲν
3326 4614 3463 4671 οὖσα
3485 4616 3763 4687 νηστείας,

2178 4714 2376 4785 ἔχουσα
2419 4713 2478 4767 δὲ
2519 4711 2627 4764 τῶν
2681 4712 2819 4781 αὐτῇ
2862 4711 3182 4782 πρεπόντων
3234 4710 3512 4773 παντελῶς
3568 4708 3723 4763 οὐδὲν
3747 4750 3763 4773 ,

2178 4805 2401 4875 γελᾶται
2455 4805 2548 4858 καὶ
2580 4806 2901 4875 ἀσχημονεῖ.
2942 4804 3005 4857 υἱ
3027 4802 3137 4875 γάρ
3168 4804 3230 4855 τὸ
3258 4797 3395 4855 εἶναι
3429 4801 3655 4873 χρηστοί
3704 4817 3765 4853 τε

2180 4897 2275 4951 καὶ
2297 4896 2492 4963 ἀγαθοὶ
2509 4895 2786 4957 παντελῶς
2815 4894 3276 4963 ὀλιγωρήσαντες,
3293 4891 3508 4945 καὶτῶν
3529 4893 3767 4962 ἀρίστων

2179 4987 2686 5060 ἀνδραγαθημάτων
2716 4970 2868 5038 οὐδὲν
2916 4983 3450 5056 προκατωρθωκότες
3471 5001 3483 5014 ·
3518 4978 3638 5036 εἶτα
3667 4981 3781 5051 τὴν

2181 5079 2396 5133 ἀσιτίαν
2421 5079 2521 5148 τὴν
2550 5076 2779 5145 ἀκερδῆ,
2806 5076 2901 5128 καὶ
2926 5075 3206 5146 ἀνόνητον,
3230 5076 3305 5138 ὼς
3347 5076 3491 5144 μέγα
3537 5092 3587 5129 τι
3631 5074 3770 5146 χρῆ-

2184 5186 2261 5239 μα
2302 5168 2398 5222 καὶ
2423 5167 2573 5238 παρά
2599 5165 2718 5236 Θεῷ
2732 5166 2911 5235 τίμιον
2934 5166 3363 5236 ἐπιτηδεύοντι·
3384 5166 3504 5235 είκῆ
3534 5163 3768 5218 πυκτεύ-

2180 5277 2321 5323 ουσι,
2348 5259 2444 5312 καὶ
2482 5259 2562 5321 είς
2588 5257 2730 5329 ἀέρα
2748 5257 3013 5328 δέρουσιν·
3040 5258 3102 5311 οὐ
3126 5258 3233 5332 γὰρ
3262 5256 3526 5328 ἔμμισθος
3553 5258 3582 5309 ὁ
3610 5255 3771 5318 πόνος

2181 5351 2388 5412 αὐτοῖς,
2419 5350 2501 5402 ὅτι
2536 5349 2631 5403 καὶ
2660 5349 3043 5420 ἀπαρὰδεκτος
3081 5349 3157 5419 τῷ
3177 5349 3315 5420 Θεῷ.
3346 5350 3466 5402 Ἵνα
3494 5348 3545 5402 τί
3588 5347 3772 5400 τοίνυν

2182 5441 2475 5513 νηστεύετέ
2529 5459 2642 5513 μοι,
2712 5443 2902 5513 φησιν,
2951 5442 3092 5496 ὥστε
3156 5445 3213 5496 ὲν
3278 5442 3461 5512 ἡμέρᾳ
3516 5441 3615 5511 μιᾷ
3670 5441 3772 5507 τὴν

2183 5533 2432 5605 κραυγὴν
2463 5537 2564 5605 τῆς
2600 5534 2784 5605 φωνῆς
2815 5535 2971 5604 ὑμῶν
3024 5532 3393 5603 ἀκουσθῆναις
3426 5532 3688 5604 Κραυγὴν
3714 5531 3775 5583 δέ

2183 5642 2370 5694 φησιν,
2402 5627 2521 5697 ἦτοι
2563 5625 2662 5697 τὴν
2688 5627 2997 5698 προσευχὴν
3021 5628 3121 5698 τὴν
3149 5628 3290 5697 μετά
3324 5642 3411 5692 γε,
3459 5625 3623 5695 φημὶ,
3671 5625 3775 5692 τῆς

2183 5717 2491 5785 ἀνωφελοῦς
2522 5718 2795 5789 νηστείας,
2830 5719 2998 5789 ἤγουν
3029 5719 3129 5789 τὴν
3149 5718 3243 5771 ἀπ’
3269 5715 3433 5770 αὐτοῦ
3466 5715 3556 5768 τοῦ
3591 5714 3775 5784 πράγ-

2187 5826 2374 5880 ματος.
2406 5811 2590 5879 Ἔχειν
2623 5811 2732 5882 γάρ
2783 5828 2902 5865 τινα
2936 5811 3184 5878 λέγονται
3242 5808 3425 5879 φωνὴν
3489 5806 3626 5875 προς
3676 5808 3773 5859 τὶν
