4100 6452
280 388 304 440 ί
313 382 423 439 985

1424 376 1490 431 IN
1546 376 1784 433 ISAIAM
1835 376 1965 434 LIB.
2009 377 2073 433 V.
2116 378 2353 435 TOMUS
2389 377 2481 433 111.

3460 376 3598 433 ιεεε

279 498 417 551 Θεὸν
447 497 517 548 τὰ
544 497 805 569 δρώμενα
834 495 965 565 παρ’
1001 492 1188 564 ἡμῶν,
1226 491 1367 546 κατά
1418 508 1482 560 γε
1511 491 1571 545 τὸ
1597 491 1888 562 εἰρημένον

2006 493 2194 549 :lamat
2241 493 2310 549 ad
2362 508 2449 550 me
2493 493 2562 549 de
2612 501 2761 548 terra
2797 494 2862 547 ⁸⁸.
2918 513 2937 547 ι
2997 493 3107 551 Sed
3150 494 3419 567 jejunium
3467 499 3594 560 ltOr,

280 582 365 653 τῷ
391 588 535 643 Κάῖν
564 588 696 659 παρ’
747 586 914 640 αὐτοῦ
939 602 954 617 ο
998 605 1016 638 ι
1042 584 1198 655 Φωνὴ
1259 584 1493 655 αἵματος
1519 582 1614 636 τοῦ
1658 581 1893 652 ἀδελφοῦ

280 696 382 732 σου
410 683 508 753 βοᾷ
536 679 675 751 πρός
709 695 777 750 με
826 680 891 730 ἐκ
919 676 1043 747 γῆς.
1088 694 1107 728 ι
1152 674 1294 729 Ἀλλ’
1322 676 1382 729 οὐ
1417 674 1625 745 ταύτην
1661 675 1762 745 τὴν
1795 691 1893 746 νη-

281 768 473 823 στείαν
495 768 852 839 ἐξελεξάμην,
891 766 1027 837 φησί
1063 784 1076 797 ·
1115 767 1211 822 καὶ
1236 767 1397 820 ποίαν
1426 765 1653 836 ταύτην,
1684 781 1896 836 προαπ.

285 862 496 942 ἔφηνεν
531 859 727 925 εἰπὼν,
758 861 842 915 ὅτι
882 879 900 912 ι
945 861 1031 912 Ἐν
1071 862 1192 923 ταῖς
1226 858 1467 930 ἡμέραις
1493 858 1602 910 τῶν
1630 857 1897 929 νηστειῶν

283 953 311 1006 ὑ
322 954 447 1024 μῶν
476 953 766 1026 εὑρίσκετε
797 952 867 1006 τά
887 952 1172 1023 θελήματα
1211 951 1388 1022 ὑμῶν,
1420 952 1516 1003 καὶ
1542 951 1749 1014 πάντας
1772 949 1899 1013 τοὺς

279 1046 642 1118 ὑποχειρίους
723 1043 1064 1098 ὑπονύσσετε
1137 1046 1228 1108 είς
1274 1044 1457 1114 κρίσιν
1511 1045 1609 1098 καὶ
1680 1043 1885 1114 μάχας.

279 1135 623 1207 Νηστεύετε,
649 1136 744 1190 καὶ
774 1135 1010 1189 τύπτετε
1042 1138 1289 1205 πυγμαῖς
1322 1135 1598 1189 ταπεινόν.
1625 1134 1887 1197 »Οὑκοῦν,

294 1227 417 1280 οὐδ’
463 1227 531 1282 ἂν
575 1228 804 1300 κάμψῃς
856 1224 931 1291 ὡς
967 1227 1158 1300 κρίκον
1192 1228 1284 1280 τὸν
1322 1226 1594 1299 τράχηλον
1640 1244 1735 1279 σου
1759 1267 1772 1290 ,
1804 1227 1899 1281 καὶ

282 1320 498 1375 σάκκον
547 1322 644 1376 καὶ
675 1321 871 1375 σποδὸν
916 1319 1351 1393 ύποστρὼσῃ[ς],
1374 1321 1644 1383 τουτέστι,
1670 1320 1773 1374 κᾶν
1799 1318 1898 1390 τὴν

281 1416 371 1474 εἰς
392 1414 572 1483 ἄκραν
603 1412 971 1484 ἐπιτηδεύσῃς
991 1413 1345 1475 ταπείνωσιν,
1380 1413 1475 1465 καὶ
1506 1412 1671 1465 πόνου
1711 1410 1899 1483 τρίϐον

281 1506 494 1578 ἐλάσῃς
551 1505 612 1558 ού
646 1510 915 1577 φορητὴν,
944 1505 1082 1576 μετὰ
1103 1505 1212 1558 τῶν
1233 1504 1408 1569 οὓτως
1446 1504 1692 1576 αἰσχρῶν
1721 1507 1899 1558 αἰτια-

284 1598 502 1666 μάτων,
530 1596 639 1650 οὐδ’
655 1595 800 1651 οὕτω
841 1596 1101 1651 καλέσετε
1135 1597 1392 1668 νηστείαν
1424 1597 1642 1666 δεκτήν.
1703 1597 1767 1649 Et
1789 1595 1898 1666 γὰρ
1949 1608 1956 1614 ·

283 1689 572 1760 βούλεσθε,
598 1690 786 1760 φησὶν,
819 1688 1023 1759 ἀληθὲς
1063 1690 1263 1751 εἰπεῖν,
1303 1688 1414 1742 οὐδ’
1442 1686 1509 1741 ἂν
1544 1688 1701 1759 ὑμεῖς
1730 1686 1901 1758 αὐτὴν

283 1799 353 1852 νη
364 1782 561 1835 στείαν»
579 1781 776 1851 δεκτὴν
809 1780 1107 1852 ὀνομάσετε
1136 1780 1329 1850 αὐτήν.

1999 586 2203 656 inquit,
2241 600 2347 639 non
2394 585 2552 656 elegi.
2589 585 2757 651 Quale
2803 585 2854 640 id
2904 586 3005 653 sit,
3042 588 3342 643 declaravit
3387 604 3549 661 supra
3577 633 3593 657 ,

1999 680 2253 749 inquiens
2289 698 2302 735 :
2342 696 2361 730 ι
2398 676 2456 732 ln
2492 678 2681 734 diebus
2713 677 3045 746 jejuniorum
3075 678 3246 749 816
3268 688 3597 743 vestrorum,

1999 774 2257 828 invenitis
2306 772 2614 827 voluntates
2671 778 2916 835 vestras,
2970 776 3026 823 et
3072 785 3265 823 omnes
3319 770 3599 838 subjectos

1998 866 2235 938 aﬂligitis
2264 866 2473 936 judicio
2495 876 2545 919 et
2567 879 2764 935 pugna.
2795 861 3085 931 Jejunatis,
3117 863 3474 930 etpercutitis
3495 878 3600 931 pu-

2000 960 2120 1031 guis
2142 960 2461 1015 humileth
2492 958 2681 1028 Itaque
2737 956 2782 1009 si
2812 955 3184 1010 incurvaveris
3208 968 3304 1009 ceu
3332 953 3598 1008 circulum

1999 1053 2388 1118 cotlumtuum,
2420 1061 2476 1105 et
2509 1050 2746 1106 cilicium
2786 1063 2849 1103 ac
2901 1048 3141 1101 cinerem
3201 1046 3595 1107 substraveris.

2001 1147 2054 1199 id
2084 1155 2189 1210 est,
2217 1142 2432 1197 etiamsi
2460 1155 2729 1196 summam
2764 1137 3196 1192 humiliationem
3229 1150 3509 1201 exerceas,
3541 1144 3599 1189 et

2000 1236 2201 1291 laboris
2244 1235 2388 1287 viam
2443 1246 2726 1302 capessas,
2763 1246 2868 1284 non
2919 1238 3097 1283 tamen
3148 1243 3272 1283 cum
3321 1227 3406 1281 his
3460 1227 3598 1281 adeo

2002 1327 2162 1386 {tedis
2215 1328 2363 1381 vitiis
2389 1324 2696 1386 tolerabile,
2726 1337 2904 1390 neque
2935 1322 3018 1375 sic
3051 1317 3594 1389 vocabitisjejunium

2001 1430 2309 1491 acceptum.
2352 1418 2410 1473 Si
2434 1419 2578 1472 enim
2608 1415 2809 1479 velitis,
2846 1414 3044 1482 inquit,
3072 1426 3261 1466 verum
3293 1412 3497 1476 dicere,
3530 1425 3597 1464 ne

2002 1514 2103 1583 ipsi
2150 1513 2369 1583 quidem
2396 1496 2514 1567 vos
2562 1509 2667 1565 hoc
2710 1508 2979 1578 jejunium
3026 1514 3312 1576 acceptum
3358 1502 3595 1574 appella-

2001 1606 2150 1662 bilis.

365 1874 517 1942 Οὐχὶ
552 1850 841 1938 τοιαύτην
876 1850 1172 1939 fndes/ar
1199 1870 1315 1940 ἐγὼ
1363 1869 1761 1941 ἐξελεξάμην,
1799 1868 1899 1925 λέ-

2074 1871 2244 1929 Vens.
2289 1871 2354 1937 6,
2397 1870 2449 1926 7.
2497 1869 2620 1925 Non
2669 1868 2772 1924 tale
2820 1884 2912 1938 ego
2953 1866 3219 1938 jejunium
3264 1864 3429 1934 elegi,
3467 1864 3597 1918 dicit

282 1982 378 2036 γει
414 1966 652 2033 Κύριος,
682 1964 843 2018 ἀλλὰ
874 1965 988 2018 λύε
1025 1962 1225 2017 πάντα
1252 1963 1605 2034 σύνδεσμον
1638 1962 1897 2030 ἀδικίας,

282 2058 507 2114 διάλυε
576 2057 992 2127 στρατταλιὰς
1052 2056 1276 2121 βιαίων
1332 2055 1897 2127 συναλλαγμάτω,

282 2152 642 2207 ἀπόστελλε
675 2148 1171 2218 τεθραυσμένους
1195 2148 1258 2202 ἐν
1295 2147 1533 2217 ἀφέσει,
1568 2148 1665 2202 καί
1693 2146 1902 2203 πᾶσαν

283 2239 657 2309 συγγραφὴν
680 2239 896 2293 ἄδικον
937 2238 1189 2292 διάσπα.
1257 2239 1591 2306 Διάθρυπτε
1650 2238 1901 2292 πεινῶν-

283 2349 343 2385 τι
394 2332 504 2385 τὸν
537 2330 723 2399 ἄρτον
782 2347 927 2391 σου,
957 2331 1056 2382 καὶ
1102 2327 1381 2396 πτωχοὺς
1418 2328 1717 2398 ἀστέγους
1771 2329 1903 2381 εἰσ-

286 2417 481 2487 άγαγε
512 2418 601 2483 εἰς
633 2418 740 2471 τὸν
760 2415 933 2472 οἶκόν
959 2432 1100 2471 σου.
1121 2415 1264 2468 Ἐὰν
1293 2415 1429 2485 ἴδῃς
1456 2416 1708 2486 γυμνὸν,
1731 2416 1898 2484 περί-

286 2514 477 2573 ϐαλε,
528 2506 630 2563 καὶ
671 2509 792 2564 ἀπὸ
835 2510 957 2564 τῶν
1005 2508 1243 2564 οἰκείων
1267 2506 1375 2561 τοῦ
1415 2510 1761 2579 σπέρματός
1784 2524 1902 2564 σου

286 2606 407 2671 οὐχ
433 2603 752 2672 ὐπερόψει.

366 2693 520 2747 Ἔδει
558 2696 673 2757 τοῖς
725 2694 827 2748 οὐκ
885 2694 1051 2749 εἰδόσι
1109 2696 1211 2767 τῆς
1257 2694 1495 2767 ἀληθοῦς
1535 2695 1787 2767 νηστείας
1812 2697 1904 2752 τὸν

282 2785 517 2857 τρόπον,
550 2783 929 2855 ἐπιδειχθῆναι
961 2782 1154 2840 τοῦτον
1187 2785 1342 2859 παρὰ
1379 2785 1536 2839 Θεοῦ.
1572 2785 1710 2857 Παρ’
1736 2786 1903 2841 αὐτοῦ

284 2877 403 2948 γὰρ
432 2877 586 2929 πᾶσα
617 2875 801 2944 σοφία,
832 2876 928 2928 καὶ
959 2879 1201 2940 σύνεσις,
1236 2878 1330 2930 καὶ
1351 2878 1385 2947 ἡ
1429 2876 1567 2945 πρὸς
1596 2879 1703 2929 πᾶν
1726 2875 1904 2930 ὁτιοῦν

283 2967 403 3021 τῶν
460 2966 704 3039 ἀρίστων
740 2966 860 3029 ὁδὸς
913 2966 1318 3020 ἀναδείκνυται.
1344 2965 1553 3021 Ψάλλει
1595 2965 1725 3035 γοῦν
1755 2967 1848 3021 καὶ
1874 2968 1903 3020 ὁ

284 3057 588 3122 θεσπέσιος
609 3056 796 3118 Δαὸὶδ,
842 3058 938 3112 καί
986 3075 1172 3129 φησιν·
1209 3078 1229 3111 ι
1258 3058 1556 3129 Ὀδήγησόν
1585 3076 1673 3129 με,
1694 3058 1902 3131 Κύριε,

286 3153 350 3205 ἐν
374 3151 443 3221 τῇ
475 3147 580 3219 όδῴ
608 3165 728 3213 σου,
764 3149 860 3202 καὶ
892 3149 1236 3219 πορεύσομαι
1291 3151 1348 3204 ἐν
1378 3153 1444 3221 τῇ
1482 3150 1714 3222 ἀληθείᾳ
1735 3168 1850 3204 σου.
1877 3170 1896 3204 s

289 3242 509 3298 υύκοῦν
551 3241 861 3312 ἀπόϐλητον
897 3241 999 3313 μὲν
1022 3242 1320 3314 ἐποιήσατο
1349 3241 1446 3315 τὴν
1497 3244 1899 3316 ἀτεχνεστάτην

288 3338 391 3390 καὶ
437 3335 562 3388 κατ’
593 3334 787 3388 οὐδένα
835 3334 1037 3406 τρόπον
1090 3334 1414 3407 ὀνησιφόρον
1471 3334 1582 3387 τῶν
1630 3334 1898 3389 Ἰουδαίων

291 3426 580 3498 νηστείαν,
630 3426 924 3498 ἐμφανίζει
958 3426 1015 3479 δέ
1049 3427 1149 3497 τῆς
1198 3426 1459 3497 ἀληθινῆς
1511 3426 1609 3498 τὴν
1642 3427 1895 3499 δύναμιν.

293 3517 407 3573 Λύε
438 3517 570 3588 γὰρ,
600 3518 754 3587 φησὶ,
790 3516 969 3570 πάντα
991 3516 1289 3588 σύνδεσμον
1323 3516 1558 3581 ἀδικίας,
1583 3519 1861 3572 τουτέστιν
1880 3561 1895 3586 ,

292 3608 644 3664 ἀπαλλάττου
673 3606 765 3662 τοῦ
797 3608 1145 3660 πλεονεκτεῖν
1176 3604 1464 3677 βούλεσθαί
1486 3624 1659 3671 τινας·
1685 3609 1901 3675 ἀδικίας

292 3703 409 3773 γὰρ
440 3700 742 3771 σύνδεσμος
781 3701 815 3769 ἡ
846 3682 1156 3763 πλεονεξία,
1190 3698 1285 3751 καὶ
1319 3697 1381 3750 τὺ
1426 3697 1759 3766 ἐπιφύεσθαί
1787 3717 1900 3754 τισι

292 3794 408 3847 τῶν
456 3791 885 3862 ἀσθενεστέρων,
943 3791 1040 3843 καὶ
1088 3785 1200 3843 οἷον
1259 3788 1584 3853 ἐπιπλοκαῖς
1636 3790 1901 3862 ἀφύκτοις

293 3885 643 3956 αἰτιαμάτων
679 3884 1046 3955 καταδεσμεῖν
1077 3883 1297 3948 αὐτοὺς,
1339 3882 1480 3955 ὑπέρ
1517 3901 1579 3953 γε
1607 3882 1699 3938 τού
1729 3903 1899 3939 κατα-

296 3980 499 4051 στῆσαι
532 3977 821 4049 περιδεεῖς,
845 3974 990 4028 οὕτω
1016 3992 1074 4027 τε
1108 3975 1292 4048 ζητεῖν
1322 3976 1467 4048 ἅπερ
1499 3977 1565 4031 ἂν
1599 3977 1901 4048 βούλωνται

295 4073 431 4142 παρ’
458 4069 640 4124 αὐτῶν
674 4068 997 4140 λαμϐάνειν.
1037 4068 1232 4120 Διάλυε
1285 4068 1662 4139 στραγγαλιάς
1708 4070 1902 4141 βιαίων

296 4161 791 4233 συναλλαγμάτων.
827 4159 1262 4230 Συναλλάγματα
1293 4159 1350 4213 δὲ
1375 4158 1547 4229 βίαια,
1591 4161 1686 4212 καὶ
1729 4161 1798 4215 τὰ
1837 4163 1903 4215 ἐκ

295 4254 718 4327 στραγγαλιᾶς,
771 4253 941 4325 ἤγουν
991 4252 1344 4324 δυστροπίας,
1408 4252 1686 4323 ἐπίμεστά
1720 4270 1903 4325 φαμεν

293 4343 441 4402 εἶναι
482 4349 550 4400 τὰ
600 4347 903 4419 ἐμπορικὰ.
951 4346 1063 4399 Καὶ
1093 4346 1232 4417 πρός
1260 4362 1323 4414 γε
1355 4345 1568 4411 τούτοις
1618 4345 1690 4401 τά
1740 4346 1903 4417 ἕτερα

290 4441 405 4496 τῶν
429 4440 788 4511 καλουμένων
839 4438 1041 4493 δόσεων
1073 4457 1132 4494 τε
1199 4440 1294 4493 καὶ
1345 4439 1583 4510 λήψεων,
1640 4439 1676 4495 ἃ
1714 4439 1905 4494 πλεον-

2004 1967 2261 2021 Dominus
2293 1980 2311 2019 :
2342 1965 2432 2018 sed
2464 1963 2604 2018 solve
2633 1979 2836 2017 omnem
2872 1961 3239 2033 colligaturam
3274 1957 3592 2029 iniquitatis,

2001 2060 2227 2114 dissolve
2277 2057 2621 2127 obligationes
2666 2053 3010 2109 violentorunt
3059 2063 3458 2116 eontraetnum;
3508 2048 3599 2104 di-

2002 2152 2149 2206 mitte
2191 2150 2387 2218 fractos
2429 2148 2486 2200 in
2531 2146 2867 2207 remissione,
2902 2151 2952 2197 et
2994 2158 3199 2197 onmem
3245 2139 3600 2212 syngrapham

2002 2243 2258 2312 injustam
2282 2239 2584 2293 conscinde.
2617 2235 2831 2306 Frange
2859 2235 3110 2289 esurienti
3137 2248 3325 2302 panem
3355 2241 3525 2296 tuum,
3548 2238 3600 2284 et

2001 2350 2255 2404 pauperes
2308 2340 2441 2387 terte
2486 2341 2722 2384 carentes
2765 2328 2926 2383 induc
2968 2328 3023 2380 in
3073 2328 3285 2379 domum
3330 2334 3497 2377 tuam.
3537 2319 3603 2401 Si

2003 2426 2194 2482 videris
2236 2424 2468 2489 nudum,
2505 2430 2648 2492 tege,
2685 2429 2734 2475 et
2787 2418 3105 2472 domesticos
3153 2415 3366 2470 seminis
3414 2413 3492 2467 tui
3537 2428 3601 2466 ne

2006 2516 2287 2586 despicias.

2026 2728 2029 2731 -
2078 2692 2179 2761 Qui
2216 2693 2330 2748 veri
2368 2690 2565 2762 jt-junii
2608 2687 2826 2744 modum
2876 2685 3145 2751 nesciunt,
3185 2685 3269 2742 his
3306 2694 3521 2756 oportet
3566 2700 3596 2738 a

2007 2788 2119 2842 Deo
2149 2786 2383 2842 ostendi.
2408 2786 2489 2839 Ah
2520 2785 2638 2853 ipso
2661 2784 2806 2837 enim
2831 2781 3009 2836 omnis
3036 2779 3299 2850 sapientia
3324 2789 3376 2833 et
3401 2776 3601 2833 intelli-

2007 2881 2208 2952 gentia,
2233 2893 2287 2933 et
2310 2879 2395 2933 via
2428 2879 2492 2931 ad
2524 2878 2703 2931 omnia
2732 2891 2852 2945 quae
2881 2882 3009 2929 sunt
3033 2873 3238 2943 optima
3269 2872 3598 2927 ostenditur.

2007 2971 2194 3026 Psallit
2222 2973 2405 3039 itaque
2430 2980 2485 3026 et
2512 2969 2725 3024 divinus
2751 2966 2942 3031 David,
2968 2975 3021 3020 et
3042 2964 3216 3034 inquit
3247 2981 3259 3019 :
3298 2981 3317 3015 ι
3355 2963 3468 3018 Duc
3491 2977 3599 3027 me,

2008 3065 2260 3130 Domine,
2284 3066 2337 3118 in
2364 3064 2450 3118 via
2482 3073 2592 3126 tua,
2615 3070 2669 3116 et
2694 3059 2987 3117 ambulabo
3019 3059 3071 3111 in
3099 3057 3333 3111 veritate
3368 3065 3455 3109 tua
3474 3054 3542 3108 ³⁷.
3574 3073 3593 3107 s

2006 3155 2171 3210 Proin
2207 3154 2520 3210 Judmorum
2560 3150 2963 3207 crassissimum
2999 3158 3053 3205 et
3090 3147 3238 3203 nullo
3274 3149 3434 3202 modo
3469 3145 3601 3201 utile

2001 3245 2267 3317 jejunium
2305 3246 2523 3316 rejeeit,
2557 3253 2612 3298 et
2642 3244 2751 3298 veri
2782 3242 2890 3295 vim
2925 3240 3185 3295 declarat.
3225 3237 3387 3294 Solve
3419 3239 3596 3300 enim,

2009 3341 2205 3410 inquit,
2237 3354 2456 3395 onmem
2493 3351 2688 3392 nexum
2722 3334 3019 3406 injustitiac,
3054 3331 3105 3386 id
3136 3339 3240 3396 est,
3269 3330 3462 3385 omitte
3490 3328 3597 3383 vim

2008 3434 2169 3488 alicui
2199 3433 2397 3488 facere.
2431 3428 2714 3498 Injustitiae
2743 3429 2888 3484 enim
2922 3440 3094 3480 nexus
3125 3434 3211 3479 est
3242 3422 3524 3486 violentia,
3548 3429 3605 3476 et

2008 3525 2396 3582 imbecilliores
2426 3520 2704 3586 invadere,
2727 3530 2783 3576 et
2809 3519 2957 3575 velut
2989 3515 3388 3572 inevitabilibus
3415 3514 3603 3570 erimi-

2006 3620 2293 3675 nationum
2317 3615 2550 3672 vinculis
2572 3613 2766 3691 ligare,
2788 3621 2848 3667 ut
2866 3626 2961 3668 eos
2986 3609 3214 3665 reddant
3239 3608 3475 3677 timidos,
3498 3606 3607 3665 sic-

2013 3726 2120 3782 que
2151 3718 2421 3764 concntur
2449 3709 2516 3763 ab
2548 3706 2680 3771 illis,
2708 3721 2828 3777 quae
2854 3705 3036 3759 volunt
3069 3704 3336 3772 accipere.
3362 3700 3607 3756 Dissolve

2009 3803 2181 3857 nodos
2210 3801 2572 3856 violenter-um
2609 3808 3024 3854 contractuum.
3051 3795 3376 3851 Contractus
3401 3791 3606 3848 violen-

2013 3905 2129 3959 tos,
2165 3904 2220 3949 et
2262 3892 2435 3949 nodos
2477 3891 2685 3947 smitia
2728 3891 2917 3961 plenos
2959 3902 3081 3942 esse
3119 3887 3379 3951 dicimus,
3415 3884 3505 3955 qui
3550 3883 3606 3939 in

2011 3982 2472 4053 negotiationibus
2511 3981 2668 4043 ﬁunt,
2703 3988 2759 4032 et
2802 3979 2856 4032 in
2903 3977 3026 4030 aliis
3072 3991 3193 4046 quae
3238 3987 3504 4029 vocantur
3546 3972 3602 4026 in

2009 4075 2189 4129 dando
2216 4084 2270 4127 et
2295 4072 2612 4142 accipiendo
2645 4069 2995 4136 commercia,
3028 4083 3149 4137 quae
3175 4075 3412 4137 quaestus
3438 4080 3605 4137 quos-

2009 4166 2131 4221 dam
2190 4165 2418 4229 habent,
2463 4172 2519 4219 et
2566 4177 2662 4218 eos
2723 4162 2897 4232 turpis
2954 4161 3091 4216 lucri
3150 4171 3421 4215 amatores
3482 4174 3606 4216 esse

2010 4267 2265 4329 arguunt,
2295 4257 2386 4326 qui
2419 4271 2483 4311 ea
2520 4254 2697 4310 solent
2727 4270 2911 4325 agere.
2945 4253 3010 4308 Et
3040 4253 3370 4317 confractos,
3404 4252 3601 4321 inquit,

2011 4350 2223 4406 dimitte
2270 4350 2324 4404 in
2376 4348 2732 4414 remissione,
2770 4347 2824 4402 id
2874 4356 2989 4409 est,
3022 4346 3112 4415 qui
3161 4352 3471 4399 atteruntur
3516 4343 3603 4398 vel

2012 4441 2399 4512 defatigantur,
2432 4438 2516 4495 vel
2547 4455 2612 4494 ex
2638 4454 2778 4493 nexu
2810 4437 3116 4507 iniustitiae,
3145 4437 3228 4493 vel
3258 4453 3326 4492 ex
3352 4435 3602 4491 violentis

292 4533 509 4606 ασμούς
538 4551 692 4596 τινας
739 4532 873 4602 ἔχει,
921 4532 1014 4585 καὶ
1039 4530 1345 4603 λημμάτων
1392 4532 1634 4604 αἰσχρῶν
1669 4532 1901 4604 ἐραστὰς

2012 4534 2406 4591 contractibus.
2436 4533 2657 4588 Dimitte
2686 4532 2737 4587 in
2765 4530 3107 4594 remissione,
3132 4532 3185 4585 id
3211 4539 3314 4596 est,
3339 4529 3407 4585 ab
3433 4544 3603 4601 angu-

290 4625 652 4681 ἀποδείκνυσι
673 4624 801 4688 τοὺς
822 4625 962 4678 αὐτὰ
980 4624 1114 4695 δρᾷν
1132 4624 1412 4688 εἰωθότας.
1434 4627 1545 4679 Καὶ
1562 4624 1903 4696 τεθραυσμέ-

291 4735 424 4782 νους
452 4715 531 4781 δὲ,
560 4717 747 4788 φησὶν,
773 4716 1098 4769 ἀπόστειλον
1129 4718 1187 4769 ἐν
1209 4715 1422 4784 ἀφέσει,
1458 4717 1726 4781 τουτέστι,
1776 4717 1904 4781 τοὺς

294 4808 679 4880 ὓπομένοντας
724 4807 1021 4881 συντριὸὴν
1039 4847 1057 4872 ,
1099 4807 1132 4878 ἢ
1173 4807 1447 4876 κάματον,
1481 4809 1515 4880 ἢ
1552 4809 1619 4862 ἐκ
1653 4808 1745 4862 τοῦ
1776 4826 1905 4861 συν-

291 4902 498 4972 δέσμου
529 4901 633 4970 τῆς
681 4901 922 4966 ἀδικίας,
983 4902 1153 4972 ἤγουν
1210 4902 1276 4954 ἐκ
1322 4900 1432 4954 τῶν
1472 4900 1665 4971 βιαίων
1710 4902 1904 4955 συναλ-

292 4994 625 5067 λαγμάτων.
677 4994 974 5048 Ἀπόλυσον
1001 4996 1060 5048 ἐν
1086 4994 1304 5064 ἀφέσει,
1344 4994 1644 5059 τουτέστιν,
1687 4994 1904 5048 ἐλευθέ-

296 5104 477 5162 ρωσον
527 5086 628 5157 τῆς
690 5086 1081 5159 ἐπενεχθείσης
1141 5087 1504 5159 στενοχωρίας
1531 5104 1544 5117 ο
1612 5086 1907 5159 ἐπίτρεψον

293 5179 603 5250 κάμνουσιν
639 5177 962 5232 ἀναπαῦσαι
996 5179 1187 5232 λοιπόν
1209 5222 1227 5240 .
1263 5180 1480 5234 Διάσπα
1517 5179 1571 5232 δὲ
1603 5179 1698 5232 καὶ
1724 5180 1906 5232 πᾶσαν

293 5272 484 5326 ἄδικον
516 5272 877 5343 συγγραφήν·
924 5270 1000 5336 ὥς
1046 5289 1110 5340 γε
1133 5268 1309 5339 οἶμαι,
1339 5273 1406 5327 τά
1436 5272 1544 5326 τῶν
1577 5272 1900 5337 τοκιζόντων

295 5358 664 5431 γραμματεῖὰ
689 5376 879 5430 φησιν,
922 5362 1291 5431 συνταχθέντα
1325 5362 1586 5427 πολλάκις
1616 5363 1739 5416 οὐδὲ
1776 5363 1901 5414 ἐπι-

293 5453 443 5507 δόσει
470 5451 772 5524 χρημάτων
804 5451 1099 5518 τοσούτων,
1134 5453 1389 5524 ὅσωνπερ
1423 5454 1603 5508 ὠδίνει
1639 5453 1838 5524 μέτρον
1863 5457 1898 5526 ἡ

298 5546 618 5616 συγγραφή.
679 5545 848 5600 Ὅταν
899 5546 957 5601 δὲ
1015 5545 1222 5600 τούτων
1278 5548 1518 5619 ἀπόσχῃ,
1553 5549 1720 5621 φησὶ,
1778 5549 1900 5601 τότε

296 5635 586 5709 προστίθει
618 5634 681 5690 τὸ
708 5636 915 5691 λεῖπον.
956 5639 1114 5691 Ἔστι
1133 5637 1191 5692 δὲ
1221 5637 1382 5692 τοῦτο
1412 5642 1787 5711 καρποφορεῖν
1824 5640 1902 5711 τῷ

380 5815 423 5847 ³⁸
447 5815 584 5872 Gen.
617 5830 690 5876 tv.
726 5815 812 5871 10.
888 5815 934 5847 ³⁷
969 5813 1110 5871 Psal.
1148 5832 1271 5885 va,
1308 5815 1395 5873 10.
1464 5816 1516 5893 ’⁸⁸
1547 5816 1564 5869 Ι
1607 5814 1745 5870 Tim.
1776 5830 1813 5883 ι,
1841 5817 1893 5872 5.

2009 4627 2129 4681 stiis
2177 4625 2228 4680 in
2275 4641 2411 4695 quas
2455 4623 2691 4694 conjecti
2736 4634 2861 4678 sunt
2902 4623 3094 4679 libera.
3129 4623 3295 4695 817
3336 4621 3603 4679 Permitte

2011 4718 2170 4774 lassis
2230 4728 2288 4772 ut
2336 4718 2592 4787 deinceps
2643 4718 2933 4787 respirent.
2990 4734 3010 4770 ι
3074 4715 3381 4773 Conscinde
3434 4715 3601 4769 etiam

2009 4826 2226 4867 onmem
2273 4811 2527 4880 injustam
2577 4811 2943 4882 syngrapham
2983 4826 2998 4865 ε
3041 4829 3060 4863 ι
3104 4818 3162 4864 ut
3194 4810 3410 4880 opinor,
3453 4807 3600 4862 fene-

2011 4906 2247 4959 rantium
2284 4904 2496 4961 libellos
2531 4907 2694 4967 dicit,
2723 4920 2865 4974 smpe
2902 4904 3236 4971 compositos
3270 4916 3601 4956 coacervan-

2011 4999 2199 5053 tlarum
2252 4999 2604 5069 pecuniarum
2659 5012 2856 5062 causa,
2895 5011 3030 5066 quas
3080 4996 3220 5064 parit
3264 4993 3596 5065 syngrapha.

2008 5088 2144 5144 Cum
2191 5103 2353 5152 vero,
2395 5089 2606 5158 inquit,
2640 5088 2709 5142 ab
2757 5087 2844 5141 his
2894 5086 3258 5149 abstinueris,
3297 5096 3408 5139 tum
3454 5085 3600 5155 quod

2010 5180 2164 5236 deest
2197 5195 2428 5252 appone,
2458 5178 2740 5247 nimirum,
2773 5188 2830 5233 ut
2864 5178 3074 5235 fructus
3105 5178 3279 5233 bonos
3313 5177 3598 5232 charitatis

2003 5287 2130 5341 erga
2158 5272 2462 5340 proximum
2487 5272 2762 5342 praeferas.
2783 5270 3250 5341 Complententum
3272 5271 3418 5326 enim
3466 5268 3598 5338 legis

2007 5365 2269 5434 t-haritas,
2296 5364 2452 5436 juxta
2496 5365 2547 5420 id
2588 5365 2732 5435 quod
2779 5365 3039 5436 scriptum
3086 5374 3173 5421 est
3198 5364 3264 5418 ³⁸.
3301 5362 3599 5420 Charitatis

2010 5472 2140 5510 vero
2187 5456 2428 5526 impletin
2474 5473 2600 5529 erga
2643 5457 2839 5512 fratres
2885 5466 2940 5513 et
2977 5456 3164 5513 etiusae
3214 5454 3601 5512 misericordiae

2008 5562 2130 5617 qute
2162 5549 2303 5616 apud
2335 5546 2506 5602 Deum
2546 5549 2599 5603 in
2637 5549 2814 5618 pretio
2848 5548 3030 5604 habita
3064 5559 3169 5614 est,
3205 5545 3600 5602 demonstratio

2010 5649 2092 5695 est
2147 5656 2160 5692 :
2217 5639 2477 5694 esurienti
2538 5653 2733 5707 panem
2794 5638 3080 5710 frangere,
3130 5649 3396 5708 pauperes
3455 5643 3600 5692 lecto
