4100 6466
520 392 661 454 1287

1521 387 1579 443 5.
1623 384 1904 442 CYRILLI
1945 384 2420 444 ALEXANDHINI
2458 387 2779 445 ARCHIEP.

3668 390 3806 447 i288

517 516 765 564 carentes
806 506 860 561 in
903 506 1118 563 domum
1161 502 1542 570 intromittere,
1575 512 1632 557 et
1672 502 1849 557 nudos
1880 502 2104 568 vestire,

2212 506 2382 569 πέλας
2429 505 2499 559 τὰ
2533 502 2594 568 εξ
2639 504 2860 573 ἀγάπης
2911 501 3113 571 ἀγαθά.
3168 502 3454 573 Πλήρωμα
3499 502 3608 575 γὰρ
3638 509 3806 569 νόμου

516 609 572 655 et
614 600 943 655 domesticos
985 599 1232 663 seminis,
1274 597 1328 652 id
1376 606 1480 664 est,
1526 610 1723 667 genere
1766 595 2105 666 conjunetos,

521 692 891 745 misericordia
940 698 1123 753 tanta,
1165 699 1368 758 quanta
1417 690 1552 744 satis
1597 696 1683 744 est
1729 687 2014 757 prosequi.
2055 694 2110 740 et

523 780 812 848 voluptatis
841 795 872 834 a
900 779 1011 834 Deo
1043 782 1182 834 data:
1208 779 1619 849 amplitudinem
1665 778 1773 833 illis
1817 776 2109 847 impartiri.

520 872 758 924 Observa
787 881 991 938 autem,
1017 886 1123 925 non
1153 871 1291 925 idem
1318 886 1461 937 esse,
1492 886 1521 925 a
1550 870 1710 925 malis
1736 869 2031 931 abstinere,
2048 877 2113 922 et

518 963 716 1016 bonum
746 963 983 1030 operari.
1010 960 1123 1017 Nec
1168 963 1303 1017 satis
1342 965 1447 1017 erit
1484 961 1708 1033 gloriari
1743 960 1882 1029 apud
1917 959 2110 1026 Betim,

518 1069 625 1107 non
659 1063 874 1124 patrare
903 1055 1129 1119 malum,
1157 1054 1252 1109 sed
1279 1054 1503 1108 omnino
1529 1054 1774 1122 sequitur
1825 1060 1888 1106 ut
1912 1052 2109 1106 bonum

518 1159 655 1211 opus
689 1148 1033 1216 exsequeris,
1061 1156 1117 1201 et
1144 1146 1363 1216 pietatis
1393 1146 1573 1200 studia
1603 1144 1947 1214 amplexeris.
1974 1140 2109 1196 Nam

518 1236 813 1292 dissolvere
837 1240 1006 1294 nodos
1024 1239 1381 1294 violentorum
1405 1247 1805 1301 conti-actuum,
1824 1244 1876 1290 et
1895 1248 2110 1289 omnem

518 1343 716 1384 nexum
751 1329 1049 1398 iniustitiae,
1083 1345 1148 1383 at:
1185 1344 1402 1384 omnem
1446 1328 1807 1400 syngrapham
1851 1326 2108 1382 consciu-

518 1416 674 1481 dere,
730 1415 874 1469 aliud
903 1416 1035 1470 nihil
1067 1425 1171 1482 est,
1200 1431 1360 1483 quam
1392 1413 1730 1468 solummodo
1756 1426 1788 1465 a
1819 1412 2110 1466 vitiositate

518 1505 1002 1574 discedere.’Atqui
1027 1506 1311 1560 charitatis
1333 1504 1510 1561 cilicia
1539 1503 1781 1573 explere,
1807 1500 2107 1571 frangendo

517 1609 713 1663 panem
744 1597 1023 1661 esurienti,
1053 1613 1316 1666 pauperes
1358 1606 1502 1652 tecto
1542 1606 1796 1652 carentes
1827 1594 2106 1650 intromit-

521 1694 635 1741 tere
671 1686 724 1739 in
766 1687 928 1753 aedes,
959 1687 1135 1743 nudos
1176 1690 1394 1755 vestire,
1427 1697 1481 1742 et
1517 1688 1847 1745 domesticos
1885 1684 2112 1742 seminis

517 1791 625 1831 non
656 1787 1010 1832 contemnere
1052 1797 1067 1833 :
1113 1779 1439 1847 optimarum
1469 1779 1729 1833 virtutum
1760 1775 2107 1831 manifestam

2211 597 2423 668 ἀγάπη,
2444 597 2587 651 κατά
2618 597 2679 650 τὸ
2708 594 3117 667 γεγραμμένον.
3152 595 3400 663 ’Δγάπης
3431 594 3489 649 δὲ
3522 597 3802 667 πλήρωσις

2209 694 2309 763 τῆς
2338 693 2419 755 εἰς
2468 690 2750 759 ἀδελφοὺς.
2778 690 2871 743 καὶ
2916 688 3325 758 εὐσπλαγχνίας
3373 687 3654 753 ἀπόδειξις
3702 689 3802 759 τῆς

2209 781 2582 851 τετιμημένης
2604 780 2753 850 παρά
2771 776 2911 848 Θεῷ,
2933 778 2993 830 τὸ
3024 776 3278 829 πεινῶντι
3314 776 3412 845 μὲν
3451 774 3809 846 διαθρύπτειν

2210 873 2303 925 τὸν
2334 873 2520 943 ἀρτον,
2556 871 2810 941 πτωχοὺς
2852 869 2909 923 δὲ
2942 870 3205 938 άστέγους
3262 867 3677 925 είσοικίσασθαι,
3709 873 3799 924 κτλ

2210 959 2452 1031 γυμνοὺς
2473 959 2761 1031 ἀμφιέσαι,
2797 959 2893 1012 καὶ
2924 960 3037 1020 τοῖς
3075 957 3297 1020 οἰκείοις
3320 956 3413 1010 τοῦ
3449 958 3763 1028 σπέρματος,
3784 997 3801 1024 ,

2208 1051 2477 1113 τουτέστι,
2499 1054 2610 1114 τοῖς
2635 1052 2698 1104 ὲκ
2729 1051 2938 1118 γένους,
2955 1049 3054 1121 τὴν
3077 1049 3375 1119 ἀρκοῦσαν,
3404 1045 3578 1119 οἶμαι,
3599 1048 3802 1119 φειδῶ.

2212 1142 2548 1216 [ἀπονεῖμαι]
2590 1143 2686 1197 καὶ
2727 1140 3055 1213 μερίσασθαι
3087 1140 3229 1221 πρὸς
3262 1141 3459 1203 αὐτοὺς
3500 1142 3600 1211 τῆς
3651 1142 3803 1212 παρὰ

2210 1236 2347 1291 Θεοῦ
2373 1236 2620 1306 δοθείσης
2641 1234 2897 1305 εὐθηνίας
2918 1234 2981 1286 τὸ
3003 1233 3224 1296 πλάτος.
3243 1234 3607 1306 Ἐπιτήρησον
3633 1235 3802 1293 δὲ,ὅτι

2211 1329 2271 1382 ού
2295 1327 2491 1381 ταυτόν
2515 1328 2633 1379 ἔστι
2656 1325 2717 1378 τὸ
2737 1324 3071 1395 ἀποσχέσθαι
3089 1323 3275 1377 κακῶν
3286 1325 3716 1395 τῷὲργάσασθαι
3741 1326 3802 1378 τὸ

2211 1419 2434 1487 ἀγαθόν.
2462 1417 2585 1471 Οὐδ’
2626 1417 2691 1470 ἃν
2718 1415 2973 1487 ἀρκέσειέ
3001 1432 3145 1470 τισιν
3169 1419 3249 1480 είς
3275 1416 3536 1487 καύχημα
3569 1418 3628 1470 τὸ
3650 1419 3803 1489 παρά

2210 1509 2331 1582 Θεῷ
2354 1510 2415 1562 τὸ
2443 1511 2519 1581 μὴ
2546 1510 2747 1581 δρᾶσαι
2778 1507 2841 1562 τὸ
2876 1508 3102 1576 φαῦλον,
3135 1508 3249 1561 ἀλλ’
3265 1508 3495 1561 ἕπεσθαι
3516 1510 3595 1561 δεῖ
3620 1509 3798 1578 πάντη

2209 1619 2271 1656 τε
2281 1604 2375 1657 καὶ
2389 1604 2627 1667 πάντως,
2646 1601 2816 1654 καὶτὸ
2826 1603 3024 1672 χρῆναι
3037 1599 3278 1671 πληροῦν
3294 1600 3392 1671 τὴν
3407 1601 3611 1669 ἀγαθοῦ
3620 1601 3798 1672 ργίαν,

2212 1696 2308 1751 καὶ
2340 1695 2663 1765 ἀντέχεσθαι
2690 1693 2799 1747 τῶν
2823 1694 2903 1755 είς
2934 1692 3215 1746 εὐσέϐειαν
3242 1692 3695 1762 σπουδασμάτων.
3725 1693 3801 1745 τὸ

2220 1789 2317 1861 μὲν
2350 1787 2457 1856 γὰρ
2500 1785 2738 1840 διαλύειν
2779 1783 3149 1857 στραγγαλιάς
3182 1784 3373 1854 βιαίων
3418 1783 3801 1853 συναλλαγμες

517 1868 716 1923 habent
746 1870 1287 1925 demonstrationem.
1319 1870 1503 1941 Itaque
1530 1880 1688 1924 vetus
1728 1870 1812 1924 lex
1864 1868 2104 1937 paedago-

2211 1896 2339 1945 των,
2377 1881 2470 1933 καὶ
2500 1879 2677 1932 πάντα
2713 1877 3010 1944 σύνδεσμον
3040 1876 3276 1941 ἀδικίας,
3320 1875 3413 1928 καὶ
3445 1876 3626 1928 πᾶσαν
3667 1890 3800 1940 συγ-

514 1997 614 2051 gus
644 1984 710 2036 ad
742 1984 1039 2051 Christum,
1071 1984 1175 2040 illis
1218 1999 1281 2040 ea
1327 1993 1648 2055 tempestate
1676 1983 1802 2038 boni
1837 1982 2110 2051 impletio-

516 2087 637 2126 nem
672 2088 776 2127 non
808 2075 1053 2139 adduxit,
1081 2075 1176 2129 sed
1206 2089 1236 2127 a
1263 2074 1409 2129 vitiis
1437 2074 1622 2129 docuit
1653 2074 1931 2128 recedere.
1964 2072 2101 2127 Nam

514 2162 646 2217 illud
669 2163 737 2230 ”,
768 2163 881 2218 Non
912 2165 1151 2228 occides,
1180 2163 1297 2219 Non
1346 2165 1705 2230 adulterabis,
1738 2164 1854 2219 Non
1897 2161 2109 2234 peiera-

514 2257 623 2319 bis,
655 2258 900 2310 eamdem
946 2255 1149 2310 habent
1190 2256 1320 2309 vim.
1351 2256 1421 2309 At
1464 2256 1606 2325 quod
1652 2255 1955 2327 perfectum
2000 2264 2105 2321 est,

514 2347 800 2414 onmisque
842 2347 966 2403 boni
1010 2347 1274 2417 impletin,
1304 2348 1501 2403 Christi
1534 2348 1804 2402 vaticiniis
1832 2355 2106 2411 servatur,

513 2450 579 2490 ex
612 2439 804 2505 quibus
836 2438 1143 2504 didicimus,
1170 2438 1456 2494 charitatis
1497 2438 1551 2493 in
1597 2438 1768 2494 Deum
1811 2446 1868 2494 et
1909 2435 2111 2492 fratres

512 2528 683 2583 oﬂicia
709 2533 953 2601 exsequi.

2212 1972 2430 2044 γραφὴν
2490 1970 2677 2026 ἀδικον
2733 1968 2987 2039 διασπᾷν,
3035 1968 3188 2020 οὐδὲν
3247 1966 3433 2037 ἕτερόν
3465 1968 3605 2030 ἐστι,
3658 1965 3799 2034 πλὴν

2212 2064 2294 2123 ὅτι
2328 2065 2487 2135 μόνον
2509 2061 2873 2132 ἀωφοιτῆσαι
2904 2059 3257 2129 φαυλότητος.
3278 2060 3321 2111 Τ
3324 2060 3351 2111 ό
3371 2075 3427 2127 γε
3451 2059 3556 2126 μὴν
3581 2056 3797 2110 ἑλέσθαι

2211 2157 2281 2211 τά
2329 2156 2429 2226 τῆς
2471 2156 2693 2225 ἀγάπης
2747 2154 2885 2225 ἔργα
2946 2151 3185 2226 πληροῦν
3225 2151 3313 2206 διά
3362 2149 3455 2204 τοῦ
3502 2148 3798 2220 διαθρύψαι

2212 2248 2469 2303 πεινῶντι
2488 2247 2577 2300 τὸν
2601 2246 2785 2316 ἀρτον,
2817 2245 2910 2299 καὶ
2937 2244 3184 2312 πτωχοὺς
3213 2241 3474 2309 ἀστέγους
3501 2238 3800 2292 εἰσοικισα-

2213 2342 2357 2408 σθαι,
2391 2341 2487 2394 καὶ
2516 2340 2757 2409 γυμνοὺς
2787 2335 3121 2407 περιϐαλεῖν,
3160 2334 3257 2387 καὶ
3308 2333 3466 2404 μὴῙν]
3503 2330 3798 2402 ἀνέχεσθαί

2211 2449 2365 2497 τινας
2387 2431 2496 2484 τῶν
2514 2432 2578 2483 ὲκ
2603 2428 2708 2481 τῶν
2737 2425 2953 2480 οἰκείων
2968 2422 3062 2477 τοῦ
3087 2422 3535 2493 σπέρματος,τῶν
3560 2422 3800 2490 ἀρίστων

2214 2522 2724 2599 ἀνδραγαθημάτων
2760 2515 3033 2583 ἀπόδειξιν
3065 2515 3178 2585 ἔχει
3211 2514 3375 2583 σαφῆ.
3395 2512 3494 2569 Διά
3525 2510 3800 2567 τοῦτοκαὶ

512 2623 541 2675 ὁ
570 2622 737 2677 πάλαι
769 2624 955 2695 νόμος,
1007 2624 1354 2693 παιδαγωγὸς
1387 2624 1648 2696 ὑπάρχων
1675 2625 1767 2679 επὶ
1804 2625 2061 2698 Χριστὸν,
2084 2625 2145 2678 ού
2185 2622 2283 2693 τὴν
2338 2615 2544 2687 ἀγαθοῦ
2581 2613 2861 2685 πλήρωσιν
2903 2608 3251 2681 εἱσκεκόμικε
3280 2608 3391 2668 τοῖς
3421 2603 3482 2657 τδ
3506 2602 3761 2673 τηνικάδε
3780 2643 3800 2672 ν

512 2712 758 2767 ἐδίδασκε
811 2715 868 2768 δὲ
919 2716 1118 2787 μᾶλλον
1153 2716 1489 2788 φαυλότητος
1530 2721 1967 2792 προαποφοιτᾷν.
2004 2719 2080 2773 Τὸ
2117 2715 2249 2787 γάρ,
2277 2713 2352 2767 Ού
2395 2707 2696 2781 φονεύσεις,
2736 2705 2810 2759 Οὐ
2862 2701 3202 2775 μοιχεύσεις,
3269 2699 3384 2752 υύκ
3417 2698 3796 2792 έπιορκήσεις,

509 2803 715 2875 ταύτην
762 2805 874 2876 ἔχει
922 2806 1021 2879 τὴν
1091 2807 1340 2881 δύναμιν.
1375 2788 1656 2881 Τετήρητο
1702 2809 1852 2863 δὲτὸ
1890 2788 2124 2877 τέλειον,
2182 2806 2277 2862 καὶ
2318 2806 2353 2871 ἠ
2428 2799 2628 2861 παντὸς
2670 2793 2876 2867 ἀγαθοῦ
2940 2793 3220 2863 πλήρωσις
3258 2793 3373 2855 τοῖς
3426 2788 3515 2845 διὰ
3559 2789 3796 2862 Χριστοῦ

513 2894 845 2967 θεσπίσμαοι
866 2939 881 2969 ,
924 2900 1054 2973 παρ’
1097 2892 1171 2952 ὧν
1207 2899 1487 2972 ἐμάθομεν
1517 2900 1586 2956 τά
1625 2899 1723 2972 τῆς
1744 2902 1823 2967 είς
1845 2900 1978 2959 Θεόν
2006 2918 2065 2957 τε
2118 2898 2213 2955 καὶ
2253 2894 2512 2969 ἀδελφοὺς
2542 2888 2761 2962 ἀγάπης
2785 2886 2921 2957 ἔργα
2948 2882 3210 2956 πληροῦν-

1010 3034 1186 3106 818
1227 3036 1468 3094 TOMUS
1488 3038 1582 3095 IV.

587 3165 748 3222 Vens.
789 3165 842 3221 8.
897 3165 1041 3221 Tunc
1073 3180 1303 3237 erumpet
1331 3171 1650 3226 matutinum
1702 3171 1878 3227 lumen
1921 3181 2092 3239 tuum,
2126 3192 2170 3251 α

513 3268 561 3313 et
588 3259 843 3314 sanitates
870 3268 974 3313 (uae
998 3260 1099 3313 cito
1129 3263 1389 3326 orientur,
1416 3272 1463 3316 et
1491 3264 1702 3329 prwibit
1736 3265 1790 3317 in
1820 3275 2102 3335 conspectu

516 3360 606 3403 tuo
660 3348 879 3420 justitia
908 3359 1021 3415 tua,
1063 3361 1111 3406 et
1135 3352 1304 3423 gloria
1347 3352 1444 3408 Dei
1470 3355 1816 3412 circumdabit
1852 3365 1919 3411 te.
1958 3356 2103 3412 Tunc

513 3443 768 3497 clamabis
798 3485 812 3508 ,
852 3456 902 3499 et
961 3443 1103 3498 Deus
1144 3446 1387 3501 exaudiet
1426 3455 1497 3501 te.
1545 3447 1735 3503 Adhuc
1773 3448 2012 3520 loquente
2053 3458 2104 3506 te

515 3535 651 3589 dicet
682 3549 703 3590 .°
744 3533 884 3591 Ecce
918 3535 1127 3589 adsum.

588 3707 645 3762 Si
674 3723 828 3778 pure,
858 3709 1053 3777 inquit,
1080 3707 1435 3778 ieiunaveris,
1462 3721 1516 3767 et
1542 3715 1822 3769 abstersas
1847 3729 1910 3769 ac
1939 3730 2101 3769 mun-

516 3800 613 3855 das
658 3801 969 3854 Ostenderis
998 3815 1194 3856 manus
1226 3802 1375 3867 Deo,
1436 3815 1785 3874 mentemque
1848 3807 2103 3862 omnibus

512 3889 803 3944 liberatam
833 3891 1121 3955 sordibus,
1160 3892 1418 3946 nimirum
1459 3894 1681 3965 quando
1729 3898 2100 3966 snpersederis

513 3982 734 4050 pulsare
790 3981 984 4051 pugnis
1033 3981 1297 4037 humilem
1329 4021 1344 4047 ,
1411 3992 1466 4037 et
1500 3983 1740 4053 afﬂigere
1787 3986 2098 4055 subjectos,

511 4072 719 4141 judicio
757 4080 811 4126 et
840 4072 1057 4143 pugnis,
1086 4083 1141 4127 et
1164 4072 1388 4143 obsequi
1438 4083 1543 4129 tute
1606 4076 1872 4131 voluntati
1935 4086 2102 4148 atque

516 4163 726 4218 libidini
761 4180 779 4233 ;
812 4165 1026 4234 quando
1069 4163 1304 4236 fregeris
1339 4166 1601 4220 esurienti
1630 4181 1825 4236 panem
1847 4206 1862 4233 ,
1896 4173 2098 4221 nudum

518 4256 844 4326 aperueris,
910 4270 1179 4326 pauperes
1244 4265 1388 4312 tecta
1441 4267 1690 4313 carentes
1761 4259 1816 4314 in
1878 4259 2098 4314 domum

515 4358 661 4402 tuam
712 4346 1124 4402 introduxeris:
1164 4355 1292 4405 tunc
1344 4359 1593 4418 erumpet
1638 4350 1964 4405 matutinum
2014 4350 2099 4405 lu-

515 4456 635 4494 men
677 4448 847 4495 tuum.
884 4438 1173 4492 Maximam
1214 4439 1377 4495 habet
1404 4440 1705 4510 emphasim
1761 4441 1873 4496 haec
1895 4443 2093 4500 oratio.

2752 3042 2761 3047 '
2821 3024 3057 3079 ΤΟΜΟΣ
3094 3022 3170 3075 Δ’.

2278 3164 2415 3220 Τότε
2447 3162 2784 3232 ῥαγήσεται
2828 3156 3095 3227 πρώϊμον
3135 3157 3203 3212 τὸ
3249 3155 3377 3227 φῶς
3424 3172 3559 3222 σου,
3595 3154 3691 3209 καί
3717 3156 3797 3210 τὰ

2208 3252 2425 3323 ἰάματα
2470 3269 2589 3308 σου
2639 3250 2791 3320 ταχὺ
2841 3249 3141 3317 ἀνατελεῖ,
3183 3251 3281 3305 καὶ
3323 3250 3798 3319 προπορεύσεται

2204 3346 2550 3418 ἔμπροσθέν
2585 3361 2703 3399 σου
2746 3344 2785 3411 ἠ
2834 3343 3191 3408 δικαιοσύνη
3237 3360 3376 3405 σου,
3424 3344 3523 3399 καί
3566 3343 3603 3410 ἠ
3645 3342 3799 3406 δόξα

2203 3436 2313 3493 τοῦ
2343 3437 2494 3492 Θεοῦ
2521 3434 2867 3504 περιστελεῒ
2879 3435 2971 3488 σε.
3002 3436 3139 3487 Τότε
3166 3431 3562 3501 ,ϐοήσειςνκαί
3593 3434 3626 3485 ιε
3650 3433 3798 3496 Θεὸς

2204 3525 2629 3582 είσακούσεταί
2656 3524 2927 3579 σου.Ἕτι
2953 3521 3294 3587 λαλοῦντός
3322 3536 3440 3576 σου
3477 3518 3615 3589 ἐρεῖ·
3649 3517 3796 3572 Ἰδοὺ

2204 3618 2467 3688 πάρειμι.

2275 3711 2340 3763 Ei
2371 3707 2651 3779 καθαρῶς,
2675 3706 2829 3777 φησὶ,
2858 3704 3232 3776 νηστεύσειας,
3262 3704 3356 3757 καὶ
3385 3700 3797 3774 διεσμηγμένας

2200 3799 2302 3864 τάς
2343 3802 2534 3870 χεῖρας
2565 3796 2904 3863 ἀποδείξεως
2940 3795 3019 3867 τῷ
3060 3795 3198 3865 Θεῷ,
3234 3794 3327 3847 καὶ
3374 3794 3545 3867 ῥύπου
3597 3793 3796 3857 παντὸς

2203 3889 2620 3961 ἀπηλλαγμένον
2663 3889 2754 3942 τὸν
2802 3888 2946 3952 νοῦν,
2983 3888 3150 3958 ἤγουν
3194 3887 3320 3940 ὅταν
3365 3887 3663 3958 ἀποσμήχῃ
3697 3884 3796 3943 τοῦ

2204 3981 2530 4036 καταπαῖειν
2573 3982 2819 4050 πυγμαῖς
2863 3979 3138 4041 ταπεινὸν,
3181 3979 3274 4032 καὶ
3325 3977 3648 4031 ύπονύσσειν
3695 3977 3797 4047 μὲν

2202 4074 2328 4137 τοὺς
2376 4072 2721 4144 ὑποχειρίους
2764 4072 2843 4134 είς
2888 4071 3072 4142 κρίσιν
3125 4071 3219 4125 καὶ
3254 4072 3451 4142 μάχας,
3483 4069 3711 4123 ἔπεσθαι
3738 4067 3796 4125 δὲ

2201 4169 2315 4229 τοῖς
2348 4164 2514 4219 αὐτοῦ
2548 4164 2662 4236 [γρ.
2694 4162 2815 4236 σοῦ]
2844 4163 3116 4235 θελήμασι
3166 4164 3257 4217 καὶ
3287 4161 3636 4233 φιληδονίαις.
3665 4162 3798 4215 ὅταν

2200 4257 2504 4329 διαθρύψῃς
2553 4257 2805 4310 πεινῶντι
2850 4255 2940 4310 τὸν
2989 4256 3193 4327 ἀρτον,
3246 4255 3450 4325 γυμνὸν
3495 4253 3796 4326 ἀμφιέσῃς,

2204 4351 2455 4421 πτωχοὺς
2492 4349 2754 4418 ἀστέγους
2785 4349 3087 4420 είσαγάγῃς
3120 4351 3199 4412 είς
3230 4347 3319 4401 τὸν
3342 4343 3493 4401 οἶκόν
3533 4363 3649 4400 σου·
3673 4346 3798 4400 τότε

2205 4443 2503 4513 ῥαγήσεται
2541 4440 2791 4512 πρώῖμον
2819 4440 2880 4494 τὸ
2913 4439 3028 4509 φῶς
3058 4441 3463 4509 σου.Ἕμφασιν
3494 4439 3607 4510 ἔχει
3646 4437 3802 4491 πλείη

511 4528 627 4584 Νοη
680 4531 823 4584 enim
884 4528 1021 4582 dixit
1070 4528 1395 4599 simpliciter
1442 4530 1716 4585 :Dahitur
1761 4531 1856 4611 tibi
1918 4546 1948 4586 a
1987 4532 2097 4587 Deo

2205 4550 2334 4604 στην
2366 4534 2496 4605 ὅσην
2520 4536 2548 4587 δ
2574 4533 2750 4603 λόγος.
2784 4534 2857 4586 Ού
2884 4533 2991 4604 γάρ
3023 4532 3211 4596 ἁπλῶς
3239 4531 3364 4604 ἔφη,
3388 4529 3682 4601 Δοθήσεταί
3712 4547 3800 4587 σοι

514 4620 691 4673 ιιιιιιειι
727 4637 739 4674 :
777 4618 875 4672 sed
914 4627 1165 4688 erumpet
1202 4620 1381 4689 potius
1429 4618 1603 4675 instar
1640 4619 1871 4690 fulguris
1914 4622 2099 4693 cujus-

515 4714 660 4780 dam,
698 4728 819 4767 cum
852 4713 1057 4781 impetu
1092 4721 1146 4767 et
1184 4729 1347 4769 cursu
1413 4715 1711 4770 demissum
1763 4730 1794 4769 a
1852 4713 2000 4769 Deo:
2033 4730 2100 4769 ex

518 4819 625 4873 quo
672 4806 961 4874 perspicue
992 4815 1334 4859 meustratnr
1379 4804 1780 4875 suppeditantis
1834 4804 2102 4874 prompti-

521 4895 648 4949 tndo
672 4903 727 4949 et
750 4894 931 4948 alacre
960 4893 1223 4952 studium.
1258 4893 1393 4949 Cum
1430 4894 1754 4948 matutinum
1797 4893 1947 4960 dicit,
1976 4903 2100 4949 ante

517 4971 728 5057 terripus
766 4986 1123 5040 adventuram
1153 4985 1331 5040 docet.
1396 4982 1555 5039 Novit
1597 4985 1774 5046 enim,
1817 4985 1970 5039 novit
2014 4999 2097 5040 reo

517 5093 637 5133 rum
679 5086 991 5134 nostrarum
1049 5085 1235 5132 custos
1267 5074 1440 5142 Deus,
1499 5075 1863 5146 spiritualium
1923 5077 2094 5132 bono.

436 5195 445 5217 ι
516 5184 636 5223 rum
670 5169 916 5239 largitor,
945 5167 1402 5238 opportunitatem
1431 5165 1815 5221 muniﬁcentiae
1836 5183 1952 5223 sua:
1977 5171 2091 5225 sin-

522 5259 633 5331 guli
664 5260 1153 5314 accommodatam.
1177 5256 1287 5313 Sed
1318 5258 1364 5313 si
1394 5259 1518 5328 quis
1542 5258 1806 5315 honestus
1831 5270 1887 5316 et
1921 5261 2094 5317 bonus

482 5354 608 5417 ‘sit,
655 5360 708 5405 et
739 5351 1053 5406 misericors
1104 5359 1368 5418 praeterea
1425 5359 1480 5404 et
1534 5348 1688 5406 freno
1732 5352 2036 5423 obsequens
2073 5371 2087 5408 :

2201 4623 2355 4697 παρά
2375 4622 2509 4677 Θεοῦ
2543 4624 2603 4678 τδ
2637 4624 2775 4693 φῶς,
2800 4626 3100 4696 ῥαγήσεται
3122 4624 3179 4677 δὲ
3210 4624 3430 4695 μᾶλλον,
3458 4617 3568 4676 οἷον
3593 4624 3803 4692 ἀστραο

2203 4717 2311 4788 πῆς
2359 4732 2506 4780 τινος
2548 4715 2725 4785 δίκην,
2759 4718 2855 4770 σὺν
2901 4715 3046 4786 ὁρμῇ
3096 4716 3192 4768 καὶ
3238 4714 3424 4784 δρόμῳ
3471 4711 3801 4782 καθιέμενον

2202 4807 2355 4878 παρὰ
2384 4806 2541 4876 Θεοῦ,
2577 4807 2643 4861 δι’
2669 4801 2729 4863 οὗ
2760 4806 3126 4861 διαδείκνυται
3153 4805 3338 4873 σαφῶς
3371 4804 3464 4861 τοῦ
3499 4804 3795 4875 χορηγοῦν.

2201 4917 2294 4965 τος
2337 4901 2370 4972 ἡ
2426 4901 2729 4973 προθυμία.
2770 4899 3031 4971 Πρὼϊμον
3078 4899 3135 4953 δὲ
3183 4899 3376 4968 λέγων,
3409 4899 3492 4955 ὅτι
3545 4898 3641 4952 καὶ
3689 4896 3807 4968 πρὸ

2201 4992 2393 5066 καιροῦ
2418 4993 2834 5063 καταφοιτήσει,
2859 4990 3121 5046 διδάσκει.
3150 4986 3272 5045 Οἷδε
3307 4992 3405 5061 μὲν
3437 4990 3566 5061 γὰρ,
3595 4987 3738 5043 οίδεν
3771 4988 3803 5043 ἑ

2198 5083 2448 5154 τῶνκαθ’
2476 5086 2625 5156 ἡμᾶς
2648 5084 2849 5153 ταμίας
2879 5082 3033 5148 Θεὸς,
3059 5084 3087 5135 ὁ
3112 5082 3496 5153 πνευματικῶν
3520 5081 3772 5152 χαρισμά

2198 5192 2306 5229 των
2330 5175 2516 5246 δοτὴρ,
2554 5177 2677 5238 ταῖς
2725 5174 2811 5243 ἐφ’
2842 5174 3056 5245 ἑκάστῳ
3089 5173 3421 5244 φιλοτιμίαις
3468 5173 3560 5226 τὸν
3604 5172 3805 5239 καιρὸν

2198 5265 2433 5321 δοικότα.
2453 5264 2593 5317 Ἀλλ’
2616 5265 2670 5319 εί
2688 5281 2771 5329 τις
2796 5263 3008 5333 γένοιτο
3035 5267 3200 5330 καλός
3231 5284 3290 5324 τε
3325 5266 3417 5319 καὶ
3440 5265 3663 5336 ἀγαθὸς,
3700 5267 3802 5322 καὶ

2197 5356 2422 5427 προσέτι
2446 5355 2842 5427 φιλοικτίρμων
2880 5357 2975 5411 καὶ
2993 5358 3227 5429 εὐήνιος,
3252 5357 3427 5428 τούτῳ
3448 5358 3541 5410 καὶ
3566 5355 3801 5426 πρώϊμα

514 5443 640 5497 huic
675 5441 843 5497 etiam
900 5440 1165 5495 matutina
1214 5442 1282 5494 ah
1313 5454 1379 5495 eo
1415 5441 1689 5497 dabuntur
1732 5443 1977 5510 przemia,
2035 5454 2094 5497 ut

2205 5442 2265 5500 τά
2298 5443 2430 5514 παρ’
2457 5442 2625 5503 αὐτοῦ
2663 5444 2951 5516 δοθήσεται
2996 5446 3157 5517 γέρα,
3189 5445 3332 5500 ῶστε
3382 5447 3475 5503 καὶ
3507 5445 3806 5515 ἀσταχύων

514 5534 685 5587 instar
728 5534 1007 5603 spicarum
1060 5531 1380 5587 exorientur
1431 5534 1485 5587 in
1556 5549 1621 5589 eo
1652 5535 1921 5588 sanitates
1953 5535 2089 5603 ejus,

514 5625 568 5682 id
599 5637 705 5688 est.
736 5628 915 5683 omnis
943 5625 1276 5682 inﬁrmitatis
1303 5626 1571 5697 depulsio,
1635 5638 1686 5681 et
1741 5639 1922 5679 rerum
1977 5642 2092 5680 me-

590 5802 633 5839 "
669 5800 836 5859 Exod.
872 5819 963 5871 xx,
991 5803 1058 5856 l5
1094 5815 1211 5872 sqq.

2193 5536 2352 5605 δίκην
2402 5536 2715 5591 ἀνατέλλειν
2759 5538 2817 5589 ὲν
2873 5537 3058 5610 αὐτῷ’
3102 5539 3200 5593 καὶ
3242 5538 3311 5592 τὰ
3365 5538 3568 5608 ίάματα
3605 5536 3805 5605 αὑτοῦ,

2194 5625 2510 5693 τουτέστιν,
2566 5626 2784 5699 ἀπάσης
2838 5627 3151 5705 ἀρρωστίας
3195 5627 3504 5706 ἀποσολὴν,
3545 5627 3640 5687 καὶ
3685 5626 3807 5688 τῶν
