4100 6472
345 435 366 489 l
379 432 487 492 9.89

1506 433 1572 490 ΙΝ
1607 434 1846 493 lSAIAM
1888 436 2018 493 LIB.
2069 436 2132 492 V.
2176 434 2418 493 TOMUS
2450 435 2539 490 IV.

3517 434 3655 492 19.90

341 547 651 620 ἀμεινόνων
685 547 1110 626 ἀντεισδρομήν.
1148 551 1411 624 Ψυχικῶν
1441 552 1550 624 γὰρ
1577 554 1940 627 ἀρρωστημά-

2059 550 2256 608 liorum
2290 550 2588 610 successio.
2643 550 2778 606 Nam
2807 567 2931 606 cum
2961 551 3163 621 aliquis
3192 552 3261 607 ab
3303 554 3472 609 animi
3505 570 3653 609 mor-

338 637 452 695 των
484 640 615 695 ὅταν
643 641 1058 716 ἀπαλλάττηται
1106 645 1213 708 τις,
1262 644 1680 714 καρποφορήσει
1728 643 1946 706 πάντως

336 732 443 806 τὴν
474 734 557 796 είς
585 733 734 790 ἅπαν
754 734 935 790 ὁτιοῦν
961 735 1073 790 τῶν
1100 736 1325 807 ἀγαθῶν
1351 735 1538 808 ἔφεσιν
1566 753 1627 789 τε
1675 736 1770 790 καὶ
1808 752 1945 807 προ-

338 827 767 900 θυμίαν.Φωτὸς
787 824 881 885 οῦν
902 832 961 884 ἐν
986 831 1122 903 ἡμῖν
1148 830 1550 901 διαυγάσαντος
1576 830 1674 884 τοῦ
1697 830 1847 885 θείου
1886 847 1946 884 τε

338 919 439 973 καὶ
486 919 704 992 νοητοῦ,
746 922 1128 978 συνανατέλλει
1171 923 1348 997 πάντη
1380 941 1440 977 τε
1473 923 1569 978 καὶ
1598 922 1820 988 πάντως
1853 923 1947 977 καὶ

333 1011 411 1067 τὰ
440 1012 668 1084 ἰάματα,
700 1014 837 1068 Θεοῦ
869 1015 1162 1087 μοτοῦντός
1186 1034 1245 1071 τε
1275 1018 1425 1090 ἡμᾶς
1465 1017 1560 1072 καὶ
1578 1016 1946 1089 ἀπονευροῦν-

332 1119 433 1169 τος
462 1108 533 1159 τά
573 1103 746 1178 πάθη,
781 1106 876 1161 καὶ
905 1107 1373 1180 άντεισκρίνοντος
1402 1110 1461 1162 ἐν
1490 1109 1622 1180 ἡμῖν
1660 1108 1724 1162 τὸ
1767 1107 1947 1162 θέλειν

333 1194 730 1269 ἀγαθουργετν,
764 1198 861 1251 καὶ
880 1197 1207 1271 διαπρέπειν
1237 1202 1296 1254 ἐν
1316 1199 1654 1273 δικαιοσύνῃ.
1672 1199 1945 1273 Ταύτῃτοί

333 1308 530 1363 φησιν,
567 1292 650 1346 ὅτι
692 1310 713 1345 ι
740 1292 1190 1366 Προπορεύσεται
1220 1292 1534 1367 ἔμπροσθέν
1558 1295 1709 1366 σουὴ
1738 1294 1944 1349 δικαιο-

335 1385 478 1457 σύνη
540 1403 661 1441 σου.
713 1406 732 1440 ι
787 1387 1239 1459 Προπορεύσεται
1294 1388 1352 1444 δὲ
1395 1388 1944 1461 προεξευμαρίζουσα

332 1479 585 1551 δηλονότι
625 1480 728 1553 τὴν
770 1483 851 1546 είς
877 1481 1165 1537 εὐσέὸειαν
1207 1481 1347 1548 ὁδὸν,
1387 1482 1483 1538 καὶ
1514 1482 1576 1537 τὸ
1600 1484 1776 1556 τραχὺ
1809 1483 1943 1555 μεθ-

335 1572 550 1628 ιστῶσα
578 1574 717 1646 πρὸς
745 1575 807 1630 τὸ
827 1575 971 1630 λεῖόν
994 1593 1056 1629 τε
1111 1577 1204 1631 καὶ
1234 1575 1487 1649 βάσιμον,
1512 1577 1608 1633 καὶ
1635 1577 1697 1634 τὸ
1716 1578 1945 1644 ἄναντες

332 1667 753 1739 καταφέρουσα,
782 1669 877 1724 καὶ
915 1669 1009 1723 τὸν
1039 1670 1126 1740 ἐφ’
1160 1670 1334 1726 ἅπασι
1365 1673 1478 1736 τοῖς
1510 1672 1758 1744 ἀρίστοις
1781 1675 1944 1729 οἱονεὶ

334 1760 756 1817 κατευθύνουσα
781 1761 1003 1835 δρόμον.
1040 1765 1391 1838 Προσεπάγει
1428 1765 1488 1819 δέ
1515 1783 1570 1820 τι
1610 1766 1706 1821 καὶ
1733 1766 1941 1840 ἕτερον.

343 1873 362 1906 ι
417 1852 483 1907 Ἦ
515 1851 627 1926 γὰρ
649 1854 778 1921 δόξα
801 1855 897 1909 τοῦ
928 1856 1088 1924 Θεοῦ,
1115 1857 1275 1929 φησὶ,
1295 1857 1609 1929 περιστελεῖ
1635 1875 1717 1923 σε,
1744 1878 1762 1910 ι
1788 1876 1945 1913 τουτο

2058 645 2143 701 bis
2175 646 2441 701 liberatus
2469 644 2656 712 fuerit,
2695 645 2884 716 utique
2924 644 3256 700 desiderium
3307 653 3360 700 et
3393 645 3651 702 alacrita-

2058 748 2166 793 tem
2199 738 2265 793 ad
2300 738 2487 793 omnia
2519 740 2660 794 bona
2687 737 3065 793 fruetiﬁcabit.
3091 739 3282 809 Itaque
3302 740 3393 794 ubi
3416 739 3468 794 in
3497 742 3654 797 nobis

2059 829 2240 886 lumen
2282 829 2527 887 divinum
2562 841 2618 886 et
2670 832 2773 889 sub
2808 831 3223 902 intelligentiam
3256 834 3461 888 cadens
3490 832 3652 888 eﬂ'ul-

2059 923 2195 978 serit
2230 938 2246 980 :
2280 922 2444 979 simul
2473 924 2639 978 etiam
2671 938 2898 995 prorsus
2927 923 3257 994 penitusque
3284 924 3535 980 orientur
3562 939 3654 979 sa-

2057 1017 2277 1083 uitales,
2333 1015 2445 1073 Deo
2492 1016 2750 1073 metiente
2794 1016 2976 1085 nobis,
3030 1025 3087 1072 et
3129 1017 3281 1073 vires
3338 1032 3403 1072 ac
3453 1032 3655 1072 nervos

2054 1109 2211 1179 quasi
2246 1108 2720 1181 perturbationum
2748 1109 3006 1179 elidente,
3037 1121 3091 1166 et
3144 1119 3339 1167 contra
3374 1110 3654 1166 inserente

2056 1203 2213 1259 nobis
2251 1203 2613 1268 voluntatem,
2645 1213 2704 1258 ut
2722 1204 2864 1260 bene
2900 1218 3160 1276 agamus,
3199 1213 3257 1260 et
3298 1202 3514 1272 justitia
3550 1218 3652 1259 ex—

2055 1293 2339 1349 cellamus.
2370 1293 2509 1352 Hinc
2530 1295 2669 1352 dicit
2698 1314 2711 1353 :
2753 1316 2772 1350 ι
2835 1295 3059 1352 Praeibit
3094 1295 3189 1351 tibi
3224 1293 3437 1365 iustitia
3467 1302 3580 1350 tua.
3627 1314 3647 1345 ι

2053 1383 2279 1442 Prazibit
2303 1397 2513 1456 autem,
2538 1389 2803 1460 laevigans
2836 1389 3052 1447 scilicet
3074 1388 3248 1462 819
3277 1398 3404 1443 ante
3432 1388 3657 1460 pietatis

2053 1479 2220 1547 viam,
2249 1490 2304 1536 et
2337 1496 2533 1552 aspera
2594 1483 2830 1540 reddens
2873 1483 3027 1540 laevia
3084 1495 3140 1538 et
3168 1484 3378 1552 pervia,
3421 1488 3478 1537 et
3508 1483 3654 1552 quod

2054 1580 2387 1641 praeruptum
2425 1580 2515 1628 cst
2557 1572 2779 1639 tollens,
2809 1581 2866 1630 et
2885 1589 3107 1630 cursum
3135 1577 3207 1629 ad
3237 1574 3420 1630 omnia
3447 1573 3655 1644 optima

2054 1666 2201 1722 velut
2231 1665 2592 1739 patefaciens.
2624 1668 2893 1739 Adjungit
2930 1664 3097 1724 etiam
3146 1668 3411 1738 quiddam
3457 1667 3606 1722 aliud
3636 1682 3652 1719 :

2067 1777 2087 1811 ι
2116 1757 2302 1816 Gloria
2342 1760 2487 1816 enim
2518 1762 2636 1827 Dei,
2673 1762 2870 1832 inquit,
2895 1760 3261 1817 circumdabit
3309 1770 3383 1826 te,
3418 1778 3438 1813 ι
3467 1760 3521 1816 id
3547 1770 3654 1823 est,

2055 1852 2241 1924 cinget
2274 1859 2351 1921 te,
2384 1861 2442 1911 et
2479 1862 2532 1910 te
2568 1854 2981 1926 suspiciendum
3030 1855 3246 1920 reddet,
3285 1863 3339 1910 et
3395 1862 3456 1909 ut
3500 1868 3654 1910 c0m-

334 1947 480 2012 ἐστι,
503 1948 777 2004 κυκλώσει
805 1966 889 2017 σε,
911 1950 1004 2004 καὶ
1030 1951 1371 2006 άπόϐλεπτόν
1391 1969 1450 2006 σε
1476 1953 1830 2025 καταστήσει,
1858 1951 1940 2007 xui

2058 1960 2223 2002 mune
2279 1946 2358 2003 sis
2419 1947 2716 2003 multorum
2772 1948 3112 2017 prmsidium.
3173 1947 3448 2018 Splendor
3504 1948 3651 2003 enim

334 2038 520 2094 κοινὸν
546 2039 818 2112 ὠφέλημα
839 2041 1074 2106 πολλοῖς.
1094 2042 1159 2096 Ἡ
1187 2044 1299 2117 γὰρ
1323 2043 1435 2098 τῶν
1455 2045 1628 2114 ἁγίων
1651 2045 1946 2117 φαιδρότης

330 2130 551 2204 ὀνίνησι
578 2131 680 2203 μὲν
715 2133 781 2187 οὐ
826 2134 1067 2206 μετρίως
1096 2135 1226 2200 τοὺς
1256 2136 1562 2208 ἐνορῶντας
1597 2137 1805 2203 αὐτοῖς.
1835 2138 1947 2193 Καὶ

331 2226 469 2295 γοῦν
490 2226 597 2300 ἔφη
621 2228 862 2300 Χριστὸς
881 2231 996 2294 τοῖς
1026 2229 1206 2300 ἁγίοις
1235 2231 1576 2297 ἀποστόλοις·
1613 2253 1632 2286 ι
1659 2232 1945 2305 Λαμψάτω

328 2320 394 2373 τὸ
434 2319 554 2391 φῶς
578 2319 737 2392 ὑμῶν
762 2320 1079 2395 ἔμπροσθεν
1106 2322 1218 2378 τῶν
1247 2324 1578 2399 ἀνθρώπων,
1605 2329 1757 2393 ὅπως
1790 2328 1942 2383 ἴδωσι

326 2412 402 2468 τὰ
441 2411 586 2468 καλά
617 2411 758 2486 ἔργα
793 2413 970 2487 ὑμῶν,
996 2417 1092 2470 καὶ
1123 2416 1389 2485 δοξάσωσι
1418 2418 1511 2474 τὸν
1541 2420 1765 2493 Πατέρα
1787 2421 1944 2493 ὑμῶν

325 2502 425 2559 τὸν
463 2504 526 2559 ἐν
553 2505 669 2570 τοῖς
697 2505 974 2578 οὐρανοῖς.
1005 2527 1024 2559 ι
1067 2508 1281 2564 Οὐκοῦν
1310 2511 1551 2583 ἐσόμεθα
1575 2512 1820 2585 λαμπροὶ
1844 2530 1942 2567 πε-

327 2593 671 2667 ριφοιτώσης
717 2597 870 2668 ἡμᾶς
924 2597 1019 2651 καὶ
1067 2592 1180 2653 οἷον
1227 2600 1607 2674 ἀμφιεννύσης
1658 2602 1761 2674 τῆς
1788 2604 1941 2676 παρὰ

325 2685 472 2741 Θεοῦ
494 2684 675 2758 δόξης,
694 2682 778 2753 οἷς
800 2688 867 2744 ἂν
887 2689 1173 2763 χαρίσαιτο
1190 2694 1305 2758 τοῖς
1325 2694 1438 2767 [ῑσ.
1451 2693 1575 2769 τῆς]
1592 2695 1941 2770 δικαιοσύνης

325 2777 695 2852 ἐπιμεληταῖς
714 2796 732 2812 ⁶
766 2779 975 2838 τούτων
1002 2782 1068 2855 δὴ
1098 2778 1192 2839 οὖν
1223 2783 1585 2857 ὑπαρξάντων
1625 2804 1729 2854 σοι,
1779 2789 1936 2861 φησὶ,

2057 2046 2373 2093 sanctorum
2386 2038 2545 2108 juvat
2564 2040 2711 2096 haud
2737 2041 3091 2098 mediocriter
3108 2056 3204 2098 eos
3221 2042 3313 2112 qui
3343 2043 3649 2097 intuentur.

2059 2129 2349 2201 Siquidem
2376 2133 2633 2192 Christus
2658 2120 3029 2192 dixit'sanctis
3053 2137 3316 2208 apostolis
3348 2156 3361 2190 :
3402 2156 3421 2190 ι
3448 2135 3656 2194 Luceat

2053 2222 2146 2277 lux
2177 2234 2359 2280 vestra
2392 2240 2581 2283 coram
2607 2227 2945 2295 hominibus,
2976 2240 3039 2285 ut
3061 2229 3285 2285 videant
3312 2228 3454 2284 bona
3486 2243 3654 2299 opera

2054 2323 2259 2380 vestra,
2323 2324 2381 2372 et
2409 2317 2721 2386 gloriﬁcent
2776 2317 3000 2374 Patrem
3048 2326 3293 2373 vestrum
3334 2317 3426 2388 qui
3468 2325 3554 2372 est
3600 2317 3653 2370 in

2052 2406 2210 2463 ctelis
2229 2407 2297 2462 “.
2325 2426 2347 2461 ι
2384 2408 2605 2467 Erimus
2619 2425 2750 2482 ergo
2785 2410 3051 2479 illustres,
3084 2411 3364 2467 ambiente
3398 2419 3454 2467 et
3487 2412 3648 2482 quasi

2052 2501 2346 2558 amiciente
2384 2518 2485 2559 nos
2518 2503 2700 2560 divina
2726 2504 2928 2574 gloria,
2957 2520 3127 2575 quam
3152 2504 3247 2559 dat
3272 2503 3505 2575 iustitiae
3533 2506 3651 2560 cul-

2054 2592 2427 2651 toribus.Haec
2454 2594 2546 2651 ubi
2580 2594 2806 2663 fuerint,
2838 2596 3037 2667 inquit,
3071 2595 3472 2662 tibi,clamabis
3497 2607 3648 2661 tunc,

2051 2696 2107 2742 et
2145 2686 2290 2743 Deus
2332 2687 2592 2743 exaudiet
2640 2698 2732 2743 te:
2775 2688 2955 2744 adhuc
3018 2688 3278 2757 loquente
3340 2697 3413 2755 te,
3449 2688 3645 2743 dicet:

2050 2779 2189 2836 Ecce
2212 2781 2425 2836 adsum.
2450 2797 2470 2832 ι
2497 2778 2790 2837 Orationes
2817 2781 2963 2836 enim
2988 2779 3259 2851 justorum
3280 2768 3643 2846 exauditwn

324 2871 510 2944 βοήσῃ
536 2872 682 2937 τότε,
707 2873 802 2927 καὶ
831 2875 860 2928 ὁ
881 2873 1014 2940 Θεὸς
1039 2876 1423 2933 είσακούσεταί
1457 2896 1574 2947 σου,
1602 2878 1681 2934 ἐτι
1712 2880 1940 2937 λαλοῦν-

2045 2873 2197 2942 juxta
2238 2873 2292 2929 id
2317 2874 2462 2944 quod
2498 2874 2763 2944 scriptum
2791 2884 2900 2941 est,
2932 2885 2984 2929 et
3015 2875 3177 2932 sicuti
3207 2873 3421 2930 Psaltes
3468 2874 3599 2931 dicit
3630 2892 3647 2929 :

321 2965 424 3029 τός
447 2981 545 3019 σου
585 2965 724 3037 ἐρεῖ·
744 2966 876 3020 Ἰδοὺ
902 2968 1156 3041 πάρειμι·
1187 2990 1204 3021 ι
1231 2969 1439 3043 Εὐχαῖς
1462 2972 1572 3045 γὰρ
1589 2972 1814 3028 δικαίων
1840 2974 1938 3029 ἐπ-

2054 2986 2074 3020 ι
2115 2967 2270 3024 Oculi
2316 2967 2535 3025 Domini
2565 2984 2731 3041 super
2752 2968 2955 3037 justos,
2984 2979 3042 3024 et
3078 2982 3244 3024 aures
3285 2968 3406 3037 ejus
3433 2967 3487 3023 in
3524 2983 3652 3039 prc-

320 3058 543 3126 ακούει,
572 3078 593 3113 ι
630 3058 778 3114 κατὰ
805 3060 867 3114 τὸ
895 3061 1306 3135 γεγραμμένον.
1339 3064 1453 3119 Καὶ
1495 3064 1640 3121 καθά
1695 3083 1863 3140 φησιν
1909 3070 1938 3121 ό

2051 3061 2330 3118 cationem
2346 3076 2539 3118 eorum
2558 3062 2629 3117 ⁸³.
2668 3081 2688 3116 ι
2719 3062 2924 3118 Annuit
2944 3062 3091 3119 enim
3122 3062 3532 3133 petentibus,ut
3557 3061 3652 3115 bo-

322 3150 606 3224 Μελῳδὸς,
642 3171 661 3205 ι
684 3152 986 3225 Ὀφθαλμοὶ
1015 3156 1227 3228 Κυρίου
1254 3157 1348 3212 ἐπὶ
1391 3157 1656 3227 δικαίους,
1690 3162 1787 3216 καὶ
1818 3155 1935 3216 ὦτα

2048 3170 2175 3224 nus,
2213 3156 2309 3212 sed
2343 3170 2451 3212 non
2493 3154 2681 3212 statim
2732 3156 2987 3214 omnibus
3043 3173 3059 3211 :
3104 3155 3199 3213 sed
3253 3154 3647 3212 excellentibus

320 3244 495 3299 αὐτοῦ
530 3247 610 3311 είς
640 3245 827 3319 δέησιν
853 3246 1055 3303 αὐτῶν.
1092 3267 1111 3301 ι
1166 3250 1509 3306 Κατανεύσει
1543 3251 1647 3325 μὲν
1675 3253 1787 3327 γὰρ
1817 3257 1931 3321 τοῖς

2045 3250 2255 3322 justitia
2291 3249 2499 3318 absque
2552 3249 2703 3304 omni
2757 3264 2913 3304 mora
2943 3247 3214 3319 postulata
3249 3249 3526 3314 concedit,
3549 3264 3643 3304 att-

322 3336 575 3393 αἰτοῦσιν
624 3338 703 3403 ὡς
753 3338 990 3410 ἀγαθὸς,
1028 3340 1146 3397 ἀλλ’
1185 3342 1286 3415 οὐχ
1338 3345 1513 3400 ἆπασι
1564 3347 1933 3420 παραχρῆμα.

2045 3356 2244 3413 resque
2276 3343 2485 3413 praebet
2516 3340 2624 3397 illis
2666 3340 3135 3412 promptissimas,
3174 3341 3269 3420 ita
3305 3350 3362 3395 ut
3418 3341 3472 3394 in
3529 3339 3647 3398 siu-

321 3427 455 3492 Τοῖς
486 3444 554 3498 γε
603 3427 712 3500 μὴν
757 3428 1127 3502 διαπρέψασιν
1156 3433 1214 3487 ἐν
1242 3433 1583 3511 δικαιοσύνῃ,
1617 3438 1934 3512 μελλησμοῦ

210 3564 217 3569 .
319 3518 451 3592 δίχα
498 3520 701 3586 παντὸς
747 3523 933 3595 ὀρέγει
978 3523 1049 3579 τά
1096 3525 1397 3599 αίτήματα,
1446 3529 1540 3583 καὶ
1576 3530 1936 3603 ἑτοιμοτάτην

197 5906 245 5937 ί

321 3615 513 3680 αὐτοῖς
540 3615 734 3687 ὑπέχει
765 3615 864 3689 τὴν
892 3619 1086 3691 ἀκοὴν,
1122 3618 1266 3673 ὥστε
1307 3623 1405 3687 καὶ
1445 3622 1532 3692 ἐφ’
1567 3623 1788 3697 ἑκάστῳ
1823 3624 1935 3679 τῶν

318 3707 650 3778 αίτημάτων
703 3710 997 3784 χαίροντας
1045 3713 1249 3784 λέγειν·
1310 3734 1329 3770 ι
1367 3717 1641 3771 Ἤκουσεν
1687 3718 1754 3772 ἐκ
1801 3717 1934 3771 ναοῦ

320 3798 484 3868 ἁγίου
514 3798 683 3856 αὐτοῦ
731 3804 918 3876 φωνῆς
947 3821 1074 3877 μου,
1108 3806 1204 3861 καὶ
1244 3809 1279 3881 ἡ
1312 3809 1530 3882 κραυγή
1570 3827 1672 3882 μου
1703 3809 1935 3865 ἐνώπιον

317 3893 491 3949 αὐτοῦ
525 3895 900 3952 είσε).εύσεται
947 3900 1029 3965 είς
1075 3899 1145 3954 τὰ
1188 3894 1306 3958 ὦτα
1348 3901 1539 3958 αὐτοῦ.
1571 3922 1591 3955 ›
1629 3903 1841 3958 Οὐκοῦν
1872 3903 1936 3959 τὸ

2046 3434 2189 3506 gulis
2233 3435 2588 3506 petitionibus
2623 3434 2926 3507 gaudentes
2973 3414 3199 3489 dicant:
3237 3450 3257 3485 ι
3293 3432 3520 3488 Audivit
3576 3432 3649 3487 de

2049 3526 2252 3598 templo
2285 3539 2478 3582 sancto
2501 3541 2604 3582 suo
2630 3540 2820 3582 vocem
2863 3539 3067 3587 meam,
3125 3533 3181 3579 et
3228 3523 3441 3580 clamor
3489 3538 3648 3577 meus

2044 3635 2227 3677 coram
2243 3621 2359 3691 ipso
2381 3618 2873 3691 penetrabitaures
2892 3620 3012 3686 ejus
3036 3619 3102 3672 ".
3120 3636 3140 3670 ι
3174 3617 3446 3672 Maturam
3476 3616 3645 3686 igitur

2044 3713 2478 3770 muniﬁcentiam
2525 3723 2583 3769 et.
2629 3713 3123 3784 promptitudinem
3172 3711 3353 3767 dantis
3406 3711 3513 3766 Dci'
3552 3711 3649 3765 de-

2044 3807 2224 3864 clarat
2251 3806 2386 3862 illud
2438 3822 2454 3860 :
2503 3806 2650 3862 Ecce
2707 3806 2901 3861 adsum
2933 3844 2948 3870 ,
2998 3804 3221 3861 interim
3247 3803 3380 3860 dum
3405 3800 3659 3874 loquitur

2038 3901 2244 3973 justus,
2281 3910 2338 3958 et
2364 3915 2559 3973 preces
2588 3900 2841 3956 intendit.

319 3989 693 4062 ἀνυπέρθετον
721 3991 824 4064 τῆς
852 3993 1186 4065 φιλοτιμίας,
1217 3998 1313 4052 καὶ
1343 3998 1406 4053 τὸ
1434 3998 1554 4054 λίαν
1613 4000 1836 4073 ἕτοιμον
1897 3998 1993 4054 τοῦ
2030 3998 2265 4061 διδόντος
2309 3995 2448 4052 Θεοῦ
2475 3995 2809 4066 παρίστησιν
2840 3992 3090 4065 ἐναργῶς
3112 3993 3195 4062 τὸ,
3227 3992 3359 4048 Ἰδοὺ
3391 3991 3645 4062 πάρειμι,

320 4086 476 4159 posta,
503 4086 585 4141 ἔτι
610 4086 902 4154 λαλοῦντος
928 4088 1162 4154 δικαίου,
1191 4092 1568 4158 ἀνατείνοντός
1609 4111 1668 4147 τε
1711 4096 1812 4159 τὰς
1841 4093 2013 4156 λιτάς.

403 4178 550 4234 Ἐὰν
578 4178 814 4250 ἀφέλῃς
841 4181 960 4237 ἀπὸ
984 4182 1102 4237 σοῦ
1132 4183 1507 4256 σύνδεσμον,
1535 4185 1636 4241 καί
1666 4204 1929 4258 χειροτο-

315 4272 482 4338 νίαν,
516 4272 617 4328 καὶ
635 4268 807 4344 ῥῆμα
838 4275 1210 4348 γογγυσμοῦ,
1242 4278 1344 4333 καὶ
1374 4278 1493 4347 δῷς
1518 4279 1799 4337 πεινῶντι
1820 4281 1930 4335 τὸν

313 4364 507 4437 ἄρτον
561 4382 681 4424 σου
716 4367 817 4441 (l),
864 4370 963 4424 καὶ
1004 4370 1222 4442 ψυχὴν
1257 4374 1778 4445 τεταπεινωμένην
1823 4374 1926 4446 ἐμ-

310 4460 592 4531 πλήσῃς,
620 4462 758 4517 τότε
782 4463 1065 4519 άνατελεῖ
1092 4464 1165 4519 ἐν
1193 4464 1274 4532 τῷ
1302 4468 1511 4522 σκότει
1534 4468 1598 4522 τὸ
1622 4466 1747 4537 φῶς
1785 4483 1924 4531 σου,

312 4553 419 4607 καὶ
467 4554 536 4609 τὸ
582 4556 810 4623 σκότος
847 4572 966 4613 σου
1009 4558 1078 4611 ἐν
1112 4561 1479 4630 μεσημϐρίᾳ,
1525 4561 1627 4615 καὶ
1669 4563 1845 4616 ἔσται
1894 4564 1927 4615 ό
1958 4614 2003 4667 D

315 4647 467 4715 Θεός
500 4665 620 4704 σου
647 4651 801 4721 μετὰ
839 4651 957 4707 σοῦ
990 4651 1344 4722 διαπαντός.

386 4740 471 4796 Τά
496 4741 607 4795 τῶν
633 4742 975 4817 μαθημάτων
999 4745 1254 4821 ἐξαίρετα
1282 4747 1385 4802 κᾶν
1409 4748 1671 4816 πολλάκις
1696 4749 1925 4823 λέγηταὶ

310 4847 484 4898 τισιν,
523 4830 642 4886 ἀλλ’
676 4831 772 4889 οὖν
816 4834 930 4907 ἔχει
974 4835 1036 4890 τὸ
1085 4837 1434 4911 ὀνησιφόρον.
1463 4839 1673 4912 Γράφει
1724 4841 1861 4911 γοῦν
1899 4844 1928 4896 ὁ

312 4923 599 4995 πάνσοφος
623 4926 839 4992 Παῦλος
858 4931 974 4993 τοῖς
998 4928 1065 4983 δι’
1083 4928 1250 4984 αὐτοῦ
1273 4930 1618 4986 πιστεύσασι·
1644 4952 1662 4984 ι
1684 4932 1768 4987 Τὰ
1788 4933 1930 4987 αὐτὰ

311 5016 496 5086 Αέγειν
520 5019 671 5091 ὑμῖν,
696 5020 821 5091 ἐμοὶ
849 5023 950 5094 μὲν
979 5024 1080 5079 οὐκ
1105 5024 1359 5098 ὀκνηρὸν,
1384 5025 1513 5097 ὑμῖν
1537 5026 1595 5081 δὲ
1614 5026 1877 5098 ἀσφαλές.
1906 5049 1924 5081 ο

310 5110 530 5165 Οὐκοῦν
557 5112 918 5187 πολυτρόπως
946 5117 1035 5173 διὰ
1067 5118 1177 5173 τῶν
1205 5118 1387 5174 αὐτῶν
1416 5122 1548 5194 ἡμῖν
1577 5119 1800 5194 ἔρχεται
1829 5120 1920 5174 λέ-

308 5219 429 5273 γων
462 5206 560 5259 καὶ
602 5206 837 5278 τάςοτῆς
879 5208 1288 5282 εὐδοκιμήσεως
1316 5211 1474 5277 ὁδοὺς
1503 5214 1758 5287 ἐναργεῖς
1786 5211 1921 5267 καθ-

311 5295 492 5366 ιστάς,
524 5299 622 5354 καὶ¹
674 5299 784 5356 τῶν
822 5302 1202 5376 δοθησομένων
1251 5308 1365 5371 τοῖς
1412 5307 1591 5376 ἁγίοις
1618 5308 1799 5381 γερῶν
1823 5307 1925 5380 τὴν

308 5389 656 5465 φαιδρότητα
690 5394 1074 5468 διηγούμενος,
1111 5398 1198 5453 ἵνα
1236 5400 1332 5454 καὶ
1374 5400 1456 5454 ἔτι
1489 5400 1755 5471 μειζόνως
1789 5419 1925 5475 προ-

310 5482 653 5558 θυμοτέρους
682 5488 988 5561 ἐργάσηται
1014 5489 1153 5562 πρὸς
1171 5490 1234 5544 τὸ
1256 5491 1475 5547 ἑλέσθαι
1502 5493 1637 5565 δρᾷν
1665 5493 1736 5547 τὰ
1755 5494 1823 5547 δι’
1846 5486 1923 5547 ὧν

252 5652 257 5659 ‘
309 5575 379 5630 ἂν
413 5577 657 5647 γένοιντο
691 5582 900 5650 σεπτοὶ,
930 5582 1026 5635 καὶ
1070 5583 1171 5654 τὴν
1216 5581 1424 5639 ἄνωθεν
1468 5584 1562 5639 καὶ
1594 5585 1727 5650 παρ’
1753 5584 1920 5639 αὑτοῦ

2114 4181 2279 4239 Vens.
2314 4181 2464 4250 9,10.
2496 4180 2557 4238 Si
2601 4179 2884 4236 abstuleris
2940 4178 3035 4235 abs
3069 4189 3119 4233 te
3149 4178 3561 4248 colligationem,
3595 4193 3645 4237 et

2036 4277 2357 4348 suffragium
2389 4317 2403 4344 ,
2447 4286 2496 4331 et
2531 4277 2746 4330 verbum
2803 4275 3246 4329 murmurationis
3273 4312 3289 4336 ,
3315 4282 3366 4328 et
3431 4272 3641 4328 dederis

2037 4373 2290 4429 esurienti
2320 4388 2511 4441 panem
2533 4379 2706 4436 tuum,
2743 4379 2792 4423 et
2834 4369 3070 4423 animam
3103 4368 3445 4422 Immiliatam
3483 4380 3638 4422 sam-

2038 4468 2265 4529 raveris;
2291 4477 2417 4521 tunc
2447 4465 2650 4520 orietur
2679 4463 2736 4517 in
2762 4461 2994 4517 tenebris
3018 4459 3199 4515 lumen
3224 4454 3425 4524 tuum,‘
3454 4469 3503 4513 et
3555 4470 3632 4513 tc-

2037 4563 2213 4617 nebrw
2259 4572 2365 4616 tua:
2423 4568 2576 4615 erunt
2612 4557 2754 4613 velut
2789 4553 3038 4610 meridies
3066 4570 3086 4609 :
3110 4563 3159 4610 et
3185 4554 3287 4609 erit
3324 4552 3465 4608 Deus
3515 4563 3639 4607 tuus

2032 4667 2201 4712 terum
2229 4670 2455 4726 semper.

2105 4746 2335 4819 Egregia
2381 4752 2651 4817 praecepta
2709 4754 2766 4800 et
2816 4746 3169 4811 documenta,
3218 4739 3438 4797 etiamsi
3488 4752 3634 4808 sape

1999 4840 2005 4847 ’
2035 4841 2292 4900 dicantur
2320 4839 2617 4912 aliquibus,
2657 4840 2862 4895 habent
2894 4849 3078 4895 tamen
3113 4835 3431 4893 utilitatem.
3483 4830 3637 4887 Scri-

2036 4937 2119 4993 bit
2180 4937 2453 5007 siquidem
2504 4934 2708 4992 Paulus
2760 4933 3208 5006 sapientissimus
3262 4929 3350 4984 bis
3403 4925 3495 4997 qui
3539 4938 3638 4993 per

2039 5028 2217 5099 ipsum
2255 5029 2608 5084 crediderunt
2639 5041 2653 5078 :
2690 5045 2709 5078 ι
2745 5025 2948 5081 Eadem
2978 5023 3223 5079 scribere
3262 5017 3457 5083 vobis,
3496 5016 3634 5071 mihi

2034 5122 2254 5192 quidem
2303 5136 2412 5177 non
2457 5121 2748 5178 molestum
2778 5162 2794 5188 ,
2852 5120 3009 5177 vobis
3048 5104 3232 5173 autem
3280 5123 3458 5171 tutum
3490 5112 3559 5168 "’.
3609 5131 3629 5165 ι

2033 5212 2407 5285 Μυιιὶριιοίιθι*
2439 5213 2627 5283 itaque
2652 5214 2718 5269 ad
2751 5212 3002 5268 eamdem
3036 5207 3273 5265 recurrit
3300 5204 3633 5269 orationem,

2032 5308 2159 5363 dum
2189 5322 2335 5364 verae
2363 5307 2542 5364 laudis
2575 5307 2696 5364 vias
2737 5307 2936 5378 aperit,
2974 5314 3031 5362 et
3067 5303 3378 5360 dandorum
3426 5298 3635 5357 sanctis

1998 5398 2379 5470 ‘plttemiorum
2409 5399 2758 5471 splendorem
2792 5407 3020 5455 enarrat
3062 5414 3076 5451 :
3112 5410 3222 5467 quo
3251 5395 3432 5449 adhuc
3486 5390 3628 5444 inci-

2027 5491 2257 5547 tatiores
2309 5490 2504 5547 reddat
2545 5503 2643 5548 eos
2687 5491 2755 5547 ad
2812 5489 3124 5546 faciendum
3178 5486 3304 5549 illa,
3354 5482 3525 5555 820
3562 5496 3631 5537 ex

2026 5582 2226 5654 quibus
2256 5582 2463 5654 suspici
2500 5589 2557 5639 et
2596 5583 2650 5639 in
2674 5583 3029 5640 veneratione
3067 5579 3256 5636 haberi
3286 5577 3499 5648 possint
3523 5615 3539 5640 ,
3576 5583 3632 5631 et

381 5761 431 5796 “
469 5758 664 5818 Matth.
692 5776 744 5828 ν,
774 5760 860 5815 l6.
939 5759 1005 5792 ⁸ο·
1030 5758 1194 5819 Prov.
1225 5760 1429 5829 “,29.
1510 5761 1550 5793 “
1586 5761 1728 5819 Psal.
1774 5777 1940 5817 xxxut

2045 5763 2092 5818 6.
2172 5763 2218 5797 η
2252 5760 2397 5823 Psal.
2432 5780 2571 5834 xvu,
2605 5766 2658 5820 7.
2740 5765 2785 5799 ⁸³
2817 5763 3015 5835 Philip.
3059 5778 3145 5827 tn,
3180 5762 3229 5816 l.

383 5920 459 5986 Ui
490 5920 658 5986 LXX,
693 5921 858 5993 ἄρτον
887 5922 950 5975 ἐκ
974 5918 1074 5991 τῆς
1099 5917 1280 5993 ψυχῆς
1310 5937 1426 5977 σου.

636 6016 915 6078 Parnm.
962 6015 1082 6077 Gn.
1120 6016 1217 6078 LX
1238 6016 1318 6078 Χ.

2184 6030 2252 6067 ιαμ
2406 6015 2469 6061 is.
3225 6008 3297 6069 41
