4100 6468
482 399 613 456 429!
1512 394 1568 448 S.
1611 391 1885 449 CYRILLI
1925 388 2396 445 ALEXANDRINI
2437 395 2760 452 ARCHIEP.
3621 400 3764 455 1293

480 530 768 586 supernam
810 524 974 585 atque
1024 516 1087 568 ab
1143 527 1208 567 eo
1251 520 1632 580 assequamur.
1668 507 1902 563 Proinde
1928 546 1943 570 ,
1970 504 2055 558 in-
2090 536 2099 563 Α

2164 504 2472 578 φιλοτιμίαν
2504 512 2842 583 εὑρήσουσιν.
2889 511 3117 577 Οὐκοῦν,
3155 531 3171 563 ι
3204 511 3332 566 Ἐὰν
3388 512 3614 584 ἀφέλῃς,
3659 529 3765 585 φη·

481 610 602 680 quit
637 624 651 661 :
696 626 715 660 ι
752 607 807 664 Si
835 604 1123 662 abstuleris
1153 605 1251 658 abs
1290 614 1342 659 te
1389 602 1790 673 colligationem
1845 607 1900 655 et
1955 598 2069 653 sul-

2173 600 2276 659 σίν.
2338 602 2447 656 ἀπὸ
2494 603 2587 657 σοῦ
2636 603 2953 675 σύνδεσμον,
2999 604 3094 657 καὶ
3140 603 3503 675 χειροτονίαν.
3577 621 3595 655 t
3654 605 3767 659 Καὶ

484 699 771 772 fragium.»
814 696 1234 769 Colligationem
1263 707 1355 763 ,ut
1399 695 1675 759 arbitror,
1730 692 1881 759 dicit,
1932 705 2067 761 gen-

2172 691 2469 765 σύνδεσμον
2516 696 2638 767 μὲν,
2683 695 2759 761 ῶς
2794 714 2857 766 γε
2903 692 3077 769 οἶμαι,
3117 697 3252 766 φησί
3302 696 3402 767 τὴν
3453 696 3562 750 τῶν
3594 696 3767 750 ἐθνῶν

486 796 617 850 tium
656 790 1086 862 improbitatem,
1124 790 1419 845 ruditatcm
1452 798 1506 845 et
1543 785 1915 843 contentionis
1950 793 2068 840 stu-

2174 784 2495 858 μοχθηρίαν,
2530 787 2828 859 σκαιότητά
2873 806 2931 843 τε
2976 789 3072 843 καὶ
3114 789 3177 842 τὸ
3227 787 3552 858 φιλόνεικον,
3583 789 3679 843 καὶ
3706 787 3770 842 τὸ

485 888 633 944 dium
660 926 676 953 ,
704 894 761 941 et
798 884 947 941 velut
981 898 1153 939 nexus
1197 883 1483 939 turbarum
1520 881 1572 936 in
1614 880 1825 950 aliquos
1861 887 2066 944 texere,

2170 874 2281 934 οἷον
2312 880 2643 951 συνδέσμους
2670 884 3015 955 πραγμάτων
3051 880 3382 954 ἐργάζεσθαι
3410 881 3555 936 κατά
3582 898 3765 945 τινων,

482 994 547 1035 ac
584 977 798 1047 negotia
854 977 1150 1040 exhibere,
1208 986 1267 1031 et
1318 974 1662 1044 obliquorum
1720 973 2067 1027 inventorum

2173 973 2266 1026 καὶ
2296 973 2526 1026 σκολιῶν
2554 976 2877 1046 εύρεμάτων
2904 976 3173 1030 ποιεῖσθαι
3198 975 3475 1047 ζητήσεις,
3496 974 3572 1039 ὡς
3599 991 3769 1029 κατα-

481 1072 813 1143 quacstiones
843 1084 1086 1138 movere,
1110 1079 1169 1124 ut
1202 1069 1417 1136 aliquos
1445 1068 1743 1137 illaqueent
1770 1064 2066 1127 interdum,

2171 1065 2394 1136 δεσμεῖν
2441 1066 2553 1120 ἔσθ’
2581 1068 2670 1122 ὅτε
2709 1067 2885 1135 τινάς,
2932 1068 3028 1122 καὶ
3077 1067 3341 1136 ἀφύκτοις
3389 1067 3766 1139 περιστάσεων

483 1175 538 1222 et
589 1166 641 1220 in
689 1163 1033 1220 inevitabiles
1072 1163 1448 1234 angustiarum
1508 1164 1699 1232 plagas
1748 1159 2065 1214 immittaut.

2171 1158 2373 1212 ἐνιέναι
2406 1158 2641 1231 βρόχοις.
2663 1161 2757 1214 Δεῖ
2783 1160 2890 1230 γάρ
2919 1160 3143 1222 ἁπλοῦν.
3164 1160 3258 1214 καὶ
3282 1160 3604 1231 εὐπρόσιτον
3627 1155 3768 1214 εἶναι

481 1258 712 1329 Oportet
742 1259 887 1314 enim
915 1256 1218 1328 simplicem
1245 1270 1369 1313 esse
1396 1265 1451 1310 et
1475 1262 1723 1326 apertum
1767 1250 2066 1315 hominem,

2170 1250 2261 1305 τὸν
2305 1251 2623 1323 ἄνθρωπον,
2653 1254 2812 1324 εἴπερ
2854 1254 2968 1325 ἔχοι
3021 1254 3223 1309 σκοπὸν
3266 1253 3569 1327 ἐφορᾶσθαι
3614 1253 3769 1325 παρά

484 1350 754 1422 siquidem
791 1350 924 1406 velit
963 1364 993 1404 a
1036 1350 1149 1406 Deo
1175 1347 1397 1418 respici,
1442 1355 1496 1401 et
1524 1345 1643 1415 ejus
1684 1344 1824 1400 dona
1856 1357 2067 1397 concu-

2171 1339 2341 1403 Θεοῦ,
2382 1343 2476 1396 καὶ
2522 1343 2631 1397 τῶν
2682 1344 2813 1416 παρ’
2843 1343 3010 1399 αὐτοῦ
3057 1343 3340 1415 γλίχεσθαι
3385 1342 3765 1417 χαρισμάτων.

482 1445 718 1515 piscere.
782 1440 1114 1514 Sull’ragium
1149 1441 1300 1507 dicit,
1353 1439 1627 1510 corrumpi
1666 1437 1979 1492 muneribus
2014 1446 2071 1490 et

2172 1431 2520 1505 Χειροτονίαν
2566 1435 2623 1491 δὲ
2668 1436 2810 1509 τάχα
2853 1436 2957 1491 πού
3003 1454 3134 1508 φησι
3166 1438 3264 1509 τὴν
3296 1436 3644 1509 δωροδοκίαν,
3673 1435 3768 1490 καὶ

485 1537 665 1607 turpia
696 1537 846 1592 lucra
888 1543 1167 1603 expetere.
1207 1516 1465 1590 Dicimus.
1506 1532 1654 1588 enim
1694 1529 1970 1586 interdum
2004 1528 2070 1583 de

2170 1524 2232 1576 τὸ
2261 1524 2565 1597 λημμάτων
2599 1527 2842 1601 αἰσχρῶν
2871 1528 3142 1598 ἐφίεσθαι,
3181 1527 3361 1599 φαμὲν
3390 1529 3501 1601 γάρ
3542 1527 3652 1583 ἐσθ’
3676 1528 3768 1583 ὅτε

486 1627 782 1694 nonnullis,
815 1628 882 1682 ad
909 1625 1289 1698 accipiendum
1345 1624 1551 1680 habere
1609 1637 1830 1677 manum
1878 1630 2072 1677 exten-

2173 1615 2302 1686 περί
2327 1634 2509 1684 τινων,
2537 1619 2613 1683 ὡς
2637 1619 2694 1673 δέ
2721 1620 2821 1693 τὴν
2848 1625 3005 1695 χεῖρα
3040 1622 3178 1694 πρὸς
3218 1622 3279 1677 τὸ
3320 1622 3505 1678 λαϐεῖν
3536 1625 3767 1678 ἐκτετα-

486 1734 626 1786 sam,
657 1728 711 1775 et
758 1720 827 1774 de
853 1717 1208 1774 renuentibus
1242 1717 1481 1773 sordium
1518 1729 1703 1782 causa,
1731 1714 1935 1770 habere
1974 1727 2070 1769 eos

2177 1704 2344 1777 μένην
2378 1707 2512 1779 ἔχει,
2549 1712 2641 1765 καὶ
2678 1714 2805 1784 περὶ
2840 1714 2948 1768 τῶν
2992 1714 3400 1786 ἀποσειομένων
3438 1716 3768 1786 αἰσχροκερ-

486 1818 827 1866 contractam
865 1825 1106 1865 manum.
1144 1808 1359 1865 Dictum
1391 1814 1477 1863 est
1534 1807 1702 1862 etiam
1749 1806 1816 1860 de
1846 1804 1931 1860 his
1977 1803 2069 1875 qui

2171 1795 2361 1863 δείαις,
2383 1801 2473 1904 ἔτι
2508 1804 2948 1877 συνεσταλμένην
2978 1805 3091 1877 ἔχει
3122 1806 3223 1877 τὴν
3249 1808 3427 1877 χεῖρα.
3461 1806 3692 1878 Εἴρηται
3711 1806 3769 1859 δὲ

483 1902 725 1959 Judaicat
749 1902 1052 1974 Synagogae
1081 1900 1323 1972 praal‘ecti
1358 1909 1516 1956 erant
1547 1918 1561 1955 :
1610 1918 1628 1952 ι
1662 1898 1914 1956 Praefecti
1958 1898 2073 1969 ejus

2176 1892 2305 1961 περί
2340 1891 2450 1946 τῶν
2483 1896 2803 1966 ἡγουμένων
2824 1898 2924 1969 τῆς
2958 1898 3229 1953 Ἰουδαίων
3259 1900 3595 1969 Συναγωγῆς
3614 1916 3627 1931 θ
3659 1920 3676 1951 ι
3701 1898 3767 1955 Οἱ

485 2000 556 2053 ob
588 2011 812 2053 munera
840 1995 1184 2068 judicabant,
1220 2004 1276 2050 et
1299 1994 1608 2051 sacerdotes
1631 1994 1749 2065 ejus
1776 1993 1847 2050 ob
1876 2007 2071 2065 argen-

2176 1984 2466 2056 ἡγούμενοι
2497 1988 2665 2060 αὐτῆς
2705 1990 2845 2061 μετά
2879 1990 3070 2063 δώρων
3099 1992 3333 2064 ἔκρινον,
3366 1992 3461 2046 καὶ
3506 1994 3557 2046 οἰ
3608 1993 3768 2065 ἱερεῖς

489 2101 600 2145 tum
630 2089 1075 2144 vaticinabantur
1110 2087 1181 2155 “,
1213 2105 1231 2139 ι
1289 2097 1345 2142 et
1380 2087 1525 2157 quod
1577 2086 1708 2143 socii
1752 2086 1931 2143 furum
1977 2099 2073 2143 ex-

2176 2076 2346 2148 αὐτῆς
2381 2080 2518 2149 μετά
2550 2081 2813 2153 ἀργυρίου
2836 2082 3218 2153 ἐμαντεύοντο,
3242 2102 3261 2136 ι
3290 2084 3386 2139 καὶ
3405 2085 3487 2138 ὅτι
3510 2083 3768 2154 γεγόνασι

488 2183 754 2249 stiterint,
810 2181 1093 2253 diligentes
1120 2180 1285 2246 dona,
1332 2186 1721 2251 persequentes
1764 2178 2068 2248 premium.

2177 2171 2421 2223 κοινωνοὶ
2459 2171 2734 2240 κλεπτῶν,
2767 2174 3089 2243 ἀγαπῶντες
3121 2174 3292 2248 δῶρα,
3325 2173 3611 2240 διώκοντες
3639 2176 3774 2230 άντ-

488 2276 745 2346 Dixitque
775 2274 989 2330 divinus
1016 2272 1331 2329 Habbacum
1356 2288 1369 2324 :
1401 2290 1420 2325 ι
1441 2271 1740 2326 Adversum
1765 2283 1852 2324 me
1870 2267 2071 2324 factum

2177 2263 2440 2335 απόδομα.
2488 2266 2632 2338 Ἔφη
2672 2265 2730 2319 δέ
2778 2283 2880 2319 που
2912 2267 3007 2321 καὶ
3030 2269 3058 2322 ό
3090 2267 3372 2334 θεσπέσιος
3418 2270 3731 2341 Ἀϐϐακούμ
3753 2287 3765 2300 '

487 2377 572 2423 est
605 2367 893 2438 judicium,
925 2374 979 2420 et
1002 2365 1170 2436 judex
1212 2362 1410 2432 accipit
1432 2361 1499 2417 “.
1542 2380 1561 2413 ι
1601 2360 1697 2416 Vel
1721 2374 1854 2430 ergo
1875 2371 2071 2414 nomen

2184 2375 2200 2406 ι
2226 2356 2315 2424 Ἐξ
2337 2357 2585 2422 ἐναντίας
2624 2374 2725 2427 μου
2755 2358 2945 2428 γέγονε
2974 2360 3176 2431 κρίσις,
3215 2361 3309 2415 καὶ
3339 2363 3366 2414 ό
3406 2361 3601 2434 κριτὴς
3627 2361 3772 2432 λαμ-

491 2461 644 2526 illud,
678 2457 1014 2532 χειροτονία,
1047 2458 1187 2510 dona
1222 2469 1420 2526 capere
1450 2451 1721 2524 signiﬁcat
1751 2468 1763 2504 :
1805 2451 1948 2522 quod
1988 2450 2076 2505 hic

2180 2447 2351 2501 ϐἀνει.
2406 2467 2425 2501 ι
2499 2448 2711 2503 Οὐκοῦν
2760 2449 2793 2520 ἢ
2840 2449 3182 2522 δωροληψίας
3232 2452 3386 2507 ἔσται
3436 2452 3773 2524 σημαντικὸν

491 2555 710 2609 auferre
745 2567 810 2607 ac
834 2564 1114 2606 removere
1162 2548 1319 2618 jubet
1376 2562 1390 2599 :
1431 2547 1517 2605 vel
1565 2545 1673 2601 alio
1717 2544 1880 2602 modo
1926 2545 2076 2599 vices

2177 2536 2435 2608 τοῦνομα,
2469 2538 2770 2602 τουτέστιν,
2803 2541 2836 2610 ή
2870 2543 3193 2612 χειροτονία,
3232 2542 3298 2614 ἢν
3321 2542 3385 2615 δὴ
3408 2544 3502 2597 καὶ
3529 2542 3772 2612 ἀφελεῖν,

489 2645 790 2716 rependere
818 2650 990 2709 notat,
1024 2651 1079 2697 et
1103 2640 1305 2695 malum
1335 2638 1475 2694 malo
1517 2652 1768 2709 pensare.
1826 2636 1902 2692 De
1948 2634 2073 2706 qui-

2178 2628 2347 2698 ῆγουν
2400 2630 2709 2701 ἀποστῆσαι
2756 2634 3158 2704 προστέταχεν·
3208 2635 3242 2705 ἢ
3290 2636 3382 2689 καὶ
3432 2635 3554 2690 καθ’
3584 2636 3775 2706 ἕτερον

490 2738 719 2793 busdam
752 2736 1007 2791 nimirum
1036 2735 1178 2793 dixit
1199 2732 1560 2790 Psalmodus:
1594 2748 1614 2782 ι
1643 2729 1905 2786 Extendit
1957 2744 2075 2783 rna-

2179 2722 2379 2793 τρόπον
2405 2723 2467 2777 τὸ
2494 2724 2905 2796 ἀνταμύνασθσι
2935 2726 3103 2797 δηλοῖ,
3136 2728 3229 2782 καὶ
3261 2728 3323 2781 τὸ
3362 2728 3774 2783 ἀνταποδιδόναι

491 2845 619 2884 num
666 2842 822 2884 suam
874 2830 943 2882 ad
1004 2824 1415 2883 retribuendum
1463 2821 1531 2878 “.
1608 2838 1628 2874 ι
1689 2820 1853 2876 Addit
1887 2832 2017 2874 vero
2058 2833 2074 2875 :

2180 2817 2349 2870 κακὸν
2370 2818 2491 2871 άντί
2523 2818 2871 2890 κακοῦ.”Εφη
2895 2818 3026 2889 γοῦν
3049 2823 3078 2875 ὁ
3098 2821 3402 2893 Ψαλμῳδὸς
3437 2821 3564 2894 περί
3588 2838 3772 2882 τινων,

495 2943 514 2976 ι
527 2921 955 2978 Prolanaverunt
973 2926 1351 2976 testamentum
1369 2915 1586 2989 ejus“'.
1603 2914 1839 2986 illaque,
1862 2924 1923 2970 ut
1941 2914 2073 2980 dixi,

2181 2911 2262 2965 ὅτι
2299 2928 2316 2961 t
2342 2909 2608 2976 Ἐξέτεινε
2637 2910 2735 2982 τὴν
2763 2914 2919 2982 χεῖρα
2946 2910 3112 2966 αὐτοῦ
3166 2913 3224 2965 ἐν
3266 2911 3343 2983 τῷ
3386 2912 3715 2967 ἀποδιδόναι.
3752 2933 3768 2965 ι

492 3029 687 3070 manus
710 3012 963 3068 extensio
999 3009 1319 3083 signiﬁcare
1364 3017 1549 3080 potest
1587 3006 1868 3075 talionem,
1909 3020 2075 3077 quam

2181 3003 2524 3074 Προσεπάγει
2539 3003 2618 3072 δὲ,
2632 3003 2713 3056 ὅτι
2733 3021 2750 3053 ι
2763 3002 3140 3074 Ἐϐεϐήλωσαν
3154 3003 3251 3073 τὴν
3268 3002 3532 3076 διαθήκην
3548 3003 3731 3059 αὐτοῦ.
3752 3026 3770 3058 ι

492 3107 669 3162 reddit
717 3104 1009 3175 quispiam,
1061 3117 1177 3166 eos,
1210 3102 1302 3171 qui
1362 3099 1571 3171 aliquid
1622 3098 1926 3155 intulerunt
1958 3112 2075 3154 mo-

2182 3093 2392 3149 Οὐκοῦν
2422 3097 2456 3168 ἡ
2489 3094 2587 3167 τῆς
2632 3097 2814 3168 χειρὸς
2845 3096 3063 3160 ἔκτασις
3106 3099 3547 3171 κατασημήνειεν
3578 3098 3663 3164 ἂν,
3695 3100 3774 3161 ὡς

494 3199 667 3255 lestiae
690 3197 981 3260 ulciscens,
1017 3204 1072 3249 et
1104 3194 1187 3249 bis
1216 3191 1310 3264 qui
1347 3189 1694 3248 oﬂenderunt
1744 3190 1882 3245 iratn
1922 3200 2113 3260 rege-4

2180 3188 2338 3258 ἔφην,
2366 3191 2459 3244 καί
2496 3190 2597 3261 τὴν
2645 3189 3023 3258 ἀνταπόδοσιν,
3070 3194 3137 3262 ἢν
3171 3192 3237 3246 ἄν
3282 3209 3361 3256 τις
3399 3194 3600 3247 ποιοῖτο
3645 3191 3773 3255 τοὺς

491 3307 641 3349 rens.
684 3289 1029 3346 Ietninimus
1044 3288 1210 3343 etiam
1243 3287 1420 3357 ipsum
1452 3282 1589 3341 Serv
1605 3292 1822 3340 atorem
1854 3283 2037 3340 dicere
2064 3299 2078 3336 :

2185 3281 2676 3354 καταλυπήσαντας
2694 3283 3051 3354 ἀμυνόμενος,
3071 3284 3167 3337 καὶ
3193 3286 3304 3349 τοῖς
3333 3282 3777 3355 προσκρούσασιν

496 3404 516 3438 ι
556 3384 614 3440 Si
638 3384 761 3455 quis
802 3381 1013 3454 alapam
1045 3380 1141 3437 tibi
1173 3379 1460 3453 impegerit
1493 3377 1547 3433 in
1572 3377 1864 3434 dexteram
1888 3376 2085 3433 main-

2185 3372 2582 3442 άντεπαγαγὼν
2608 3374 2677 3428 τά
2706 3373 2768 3441 ἐξ
2792 3374 2984 3446 ὀργῆς.
3014 3374 3363 3448 Μεμνήμεθα
3388 3376 3446 3429 δὲ
3477 3375 3572 3429 καὶ
3604 3375 3774 3429 αὑτοῦ

493 3479 641 3543 lam,
695 3474 921 3533 obverte
967 3473 1044 3530 illi
1111 3481 1168 3530 et
1209 3472 1437 3530 alteram
1459 3471 1528 3527 ⁸⁷.
1575 3490 1595 3525 ι
1652 3469 2084 3527 Mansuetudinis

2183 3465 2279 3519 τοῦ
2314 3466 2564 3540 Σωτῆρος
2610 3467 2880 3537 λέγοντος,
2911 3470 2995 3522 ὅτι
3025 3487 3043 3519 ι
3067 3469 3192 3523 Ἐάν
3221 3470 3305 3533 τίς
3355 3486 3417 3522 σε
3448 3470 3661 3540 ῥαπίσῃ
3693 3471 3775 3534 εἰς

492 3569 640 3625 enim
667 3577 724 3624 et
745 3565 1038 3623 vacuitatis
1086 3565 1184 3620 im
1225 3577 1498 3619 summum
1554 3570 1639 3617 est
1672 3570 2082 3634 argumentum,

2186 3557 2284 3628 τὴν
2314 3557 2493 3626 δεξιὰν
2525 3560 2767 3630 σιαγόνα,
2806 3561 3039 3635 στρέψον
3075 3562 3224 3634 αὑτῷ
3259 3563 3354 3617 καὶ
3391 3562 3490 3634 τὴν
3526 3561 3717 3633 ἄλλην.
3754 3582 3772 3613 ι

493 3676 655 3732 posse
704 3660 815 3715 vim
838 3673 995 3727 aequo
1030 3656 1216 3713 animo
1249 3654 1415 3719 ferre,
1455 3664 1512 3709 et
1555 3667 1662 3710 non
1711 3652 1899 3708 ulcisci
1927 3666 2025 3707 eos
2053 3665 2083 3705 a

2187 3651 2503 3724 Πραότητος
2538 3653 2649 3725 γάρ
2678 3653 2775 3707 καί
2800 3654 3098 3726 ἀοργησίας
3128 3658 3227 3727 τῆς
3265 3657 3345 3721 εἰς
3374 3655 3529 3726 λῆξιν
3557 3654 3777 3709 ἀπόδει-

494 3754 693 3823 quibus
721 3751 832 3807 laesi
864 3763 1075 3818 sumus,
1110 3747 1205 3804 sed
1239 3746 1466 3816 injurias
1493 3746 1676 3816 potius
1719 3759 1911 3800 eorum
1943 3743 2083 3798 obli-

2189 3742 2271 3807 ξις
2293 3745 2491 3811 γένοιτ’
2521 3744 2587 3800 ἂν
2612 3745 2673 3800 τδ
2698 3746 2897 3800 εἰδέναι
2920 3746 3299 3820 διακαρτερεῖν
3331 3750 3388 3803 ἐν
3415 3749 3776 3816 πλεονεξίαις,

497 3846 653 3902 visci.
689 3843 814 3898 Vult
859 3842 1024 3897 etiam
1077 3838 1297 3895 auferre
1342 3837 1569 3895 verbum
1617 3834 2083 3892 obmurmuratio-

2187 3837 2283 3891 καὶ
2338 3836 2414 3910 μὴ
2470 3837 2881 3909 ἀνταμύνεσθαι
2941 3839 3119 3906 φιλεῖν
3170 3840 3298 3904 τοὺς
3345 3840 3725 3913 λελυπηκότας
3763 3879 3778 3905 ,

497 3940 602 3995 nis.
635 3937 743 3994 Nos
766 3935 910 3992 enim
943 3932 1106 3991 hilari
1137 3943 1195 3989 et
1222 3932 1392 3988 alacri
1418 3931 1608 3987 animo
1635 3927 1835 3998 subjici
1863 3935 2087 3999 oportet

2187 3929 2581 4001 ἀμνησικάκως
2637 3929 2695 3983 δέ
2757 3930 2958 3999 μᾶλλον
3006 3932 3315 3987 διακεῖσθαι
3368 3933 3499 4007 περὶ
3557 3932 3776 3996 αὐτούς.

497 4028 695 4085 divinis
731 4026 958 4097 legibus,
1015 4032 1071 4080 et
1116 4022 1333 4079 eximiae
1387 4018 1793 4077 conversationi
1858 4017 2083 4074 omnino

2201 4019 2442 4090 Ἀφελεῖν
2482 4019 2539 4074 δὲ
2589 4018 2837 4091 βούλεται
2884 4020 3020 4092 πρὸς
3063 4022 3238 4094 τούτῳ
3267 4023 3360 4077 καὶ
3394 4024 3617 4095 ῥήματα
3650 4040 3779 4093 γογ·

499 4137 606 4177 non
650 4117 969 4183 reclamare,
1019 4124 1113 4171 aut
1160 4114 1351 4187 jngum
1384 4112 1543 4185 quasi
1603 4120 1907 4176 excutere.
1962 4125 2083 4168 cum

2188 4113 2421 4185 γυσμοῦ.
2453 4115 2545 4168 Δεῖ
2576 4113 2683 4185 γάρ
2715 4115 2864 4185 ήμᾷς
2910 4115 3080 4187 ἱλαρῷ
3125 4117 3434 4189 φρονήματι
3470 4119 3583 4181 τοῖς
3615 4117 3779 4183 θείοις

499 4228 656 4268 mens
679 4212 939 4282 devergat
967 4209 1032 4265 ad
1054 4208 1414 4280 cupiditatem
1478 4222 1659 4264 rerum
1702 4205 2037 4262 deteriorum
2065 4242 2083 4270 ,

2189 4205 2511 4263 ὑποκεῖσθαι
2555 4207 2761 4279 νόμοις,
2796 4207 2893 4263 καὶ
2929 4208 3028 4282 τῆς
3059 4207 3341 4282 ἐξαιρέτου
3377 4209 3652 4275 πολιτείας
3681 4228 3783 4282 μηο

495 4314 551 4359 et
589 4306 917 4374 voluptatein
975 4300 1149 4374 magis
1197 4299 1377 4356 laudet
1424 4313 1589 4370 quam
1646 4297 2084 4368 temperantiam,

2187 4301 2379 4372 δεμίαν
2436 4299 2708 4355 ποιεῖσθαι
2770 4300 3045 4373 καταϐοὴν
3066 4342 3082 4367 ,
3140 4303 3423 4375 μονονουχὶ
3472 4303 3565 4357 τὸν
3614 4304 3784 4372 ζυγὸν

494 4395 658 4467 82],
687 4402 743 4448 ct
782 4392 909 4448 vitae
936 4390 1259 4447 venerandae
1305 4390 1611 4447 mundanas
1661 4388 1887 4444 delicias
1929 4396 2085 4442 ante-

2189 4390 2615 4461 ἀποσειομένους
2638 4433 2653 4459 ,
2702 4391 2797 4446 καὶ
2824 4406 2835 4411 ‘
2862 4392 3302 4461 καταφοιτῶντος
3357 4393 3451 4447 τοῦ
3502 4392 3593 4447 νοῦ
3644 4393 3785 4466 πρὸς

496 4498 686 4559 ponat.
716 4486 875 4555 Quod
912 4484 1232 4542 factitarunt
1258 4481 1541 4547 lsraelitm,
1560 4495 1686 4538 cum
1708 4480 1840 4537 illud
1860 4477 2087 4550 profun-

2189 4483 2377 4554 ἔφεσιν
2412 4483 2513 4554 τὴν
2544 4483 2636 4538 ἐπί
2670 4500 2735 4553 γε
2767 4486 2882 4565 τοῖς
2911 4485 3140 4557 χείροσι,
3174 4485 3266 4540 καί
3300 4485 3611 4558 φιληδονίαν
3638 4486 3781 4555 μᾶλ-

498 4548 624 4634 dum
642 4548 927 4635 descrtum
953 4576 1375 4647 pertransirent.
1404 4574 1620 4631 Etenim
1639 4573 1750 4629 Deo
1770 4548 1877 4629 illis
1899 4572 2085 4628 demit-

2192 4548 2279 4629 λον
2314 4548 2693 4641 ἐπαινοῦντος-
2726 4561 2782 4649 ἢ
2807 4548 3157 4649 ἐγκράτειαν,
3197 4548 3434 4643 καίτὰς
3479 4580 3540 4632 ἐν
3588 4548 3784 4651 κόσμῳ

500 4680 649 4727 tente
682 4686 904 4740 manna,
946 4671 1015 4725 ad
1066 4670 1315 4740 turpiora
1352 4666 1714 4732 inclinabant,
1773 4665 2021 4721 dicentes
2064 4679 2080 4718 :

2190 4667 2400 4739 τρυφάς
2446 4669 2843 4739 προτάττοντοί
2881 4668 2976 4723 τοῦ
3017 4669 3259 4726 διαϐιοῦν
3292 4668 3510 4723 ἐλέσθαι
3543 4670 3782 4736 σεπτῶς.

500 4783 521 4817 ι
570 4764 789 4821 Utinam
833 4763 1131 4820 fuissemus
1159 4761 1358 4818 mortui
1387 4760 1632 4831 percussi
1666 4775 1696 4814 a
1748 4757 1980 4814 Domino
2027 4758 2081 4812 in

2197 4760 2263 4812 Ὀ
2286 4758 2350 4831 δὴ
2381 4759 2475 4813 καὶ
2502 4760 2847 4833 πεπράκασιν
2868 4761 2919 4816 οἰ
2944 4760 3002 4829 ἐξ
3029 4761 3246 4834 Ἰσραὴλ
3265 4762 3367 4834 τὴν
3395 4761 3616 4834 βαθείαν
3638 4764 3786 4817 ἐκεί-

498 4868 642 4914 terra
676 4854 922 4930 Egypti,
975 4855 1196 4927 quando
1230 4853 1535 4910 assedimus
1568 4851 1690 4909 ollis
1726 4851 1999 4919 carnium,
2030 4860 2085 4907 et

2277 4868 2287 4901 ι
2317 4849 2691 4923 διατρέχοντες
2717 4851 2944 4926 ἔρημον.
2973 4852 3267 4918 Καθιέντος
3295 4853 3405 4926 γάρ
3429 4852 3525 4908 τοῦ
3561 4853 3697 4908 Θεοῦ
3721 4855 3790 4911 τὸ
3888 4872 3896 4879 ·

496 4947 834 5005 comedimus
855 4960 1026 5019 panes
1045 4946 1113 5002 ad
1132 4944 1473 5002 saturitatem
1487 4944 1562 5001 “l
1589 4963 1607 4997 ι
1634 4944 1741 5000 Sed
1766 4944 1867 4999 hoc
1891 4952 2080 5001 contra

2194 4943 2369 5014 μάννα
2396 4944 2600 5009 αὐτοῖς,
2626 4943 2726 5016 τὴν
2755 4945 2893 5016 πρὸς
2916 4944 2986 5000 τά
3014 4946 3209 5018 αἰσχίω
3240 4945 3413 5018 ῥοπὴν
3451 4946 3791 5018 εἰσεδέχοντο

498 5039 667 5096 Deum
693 5030 955 5095 murmur
975 5036 1080 5094 illis
1101 5035 1313 5093 creavit
1339 5037 1589 5092 exitium.
1619 5033 1907 5091 Perierunt
1934 5036 2080 5092 enim

2192 5036 2462 5105 λέγοντες,
2498 5056 2515 5088 ι
2554 5036 2784 5106 Ὄφελον
2814 5037 3178 5109 ἀπεθάνομεν,
3215 5037 3517 5109 πληγέντες
3540 5038 3645 5092 ὑπὸ
3668 5039 3786 5092 Κυ-

495 5145 530 5186 a
593 5130 960 5202 serpentibus.
1020 5127 1163 5185 Hinc
1218 5127 1420 5187 Paulus
1489 5128 1932 5200 sapientissimus
1996 5129 2083 5184 in—

2195 5128 2309 5199 ρίου
2344 5130 2402 5182 ἐν
2428 5132 2497 5201 γῇ
2528 5129 2829 5199 Αἰγύπτου,
2848 5130 2975 5185 ὅταν
3005 5130 3339 5203 ἐκαθίσαμεν
3374 5131 3468 5185 ἐπὶ
3493 5130 3601 5185 τῶν
3617 5130 3786 5201 λεϐήο

496 5222 666 5295 quit:
709 5242 729 5278 ι
787 5220 970 5279 Nolite
1014 5237 1360 5279 murmurare
1410 5223 1572 5280 sicuti
1621 5237 1811 5279 eorum
1859 5222 2082 5294 quidam

2190 5239 2300 5275 των
2323 5222 2430 5275 τῶν
2453 5222 2652 5294 κρεῶν,
2670 5223 2764 5277 καὶ
2785 5223 3047 5295 ἡσθίομεν
3066 5225 3262 5297 ἄρτους
3295 5226 3375 5291 εἰς
3399 5224 3740 5297 πλησμονήν.
3758 5243 3778 5278 ι

496 5322 934 5382 murmurat-unt,
990 5323 1058 5378 et,
1098 5330 1130 5370 a
1195 5316 1545 5386 serpentibus
1590 5314 1873 5385 perierunt
1922 5313 1989 5370 δ’.
2055 5332 2076 5366 ι

2205 5313 2345 5367 Ἀλλ’
2393 5313 2695 5386 ἐκϐέϐηκεν
2738 5316 2922 5380 αὐτοῖς
2974 5317 3056 5380 εἰς
3104 5316 3326 5389 ὄλεθρον
3376 5319 3405 5372 ό
3447 5317 3592 5372 κατά
3641 5315 3784 5371 Θεοῦ

496 5407 681 5477 Quare
715 5406 877 5463 hilari
907 5407 1092 5463 ani-mo
1130 5422 1194 5463 ac
1219 5416 1470 5477 prompto
1497 5406 1752 5463 convenit
1781 5407 1959 5464 omnis
1985 5422 2081 5462 or-

2185 5405 2519 5477 γογγυσμὸς,
2548 5407 2829 5462 ἀπώλοντο
2858 5408 2969 5480 γάρ
2999 5409 3102 5463 ὑπὸ
3125 5408 3235 5464 τῶν
3275 5409 3473 5480 ὄφεων.
3509 5408 3788 5484 Ταύτῃτοι

496 5507 658 5556 natus
681 5508 737 5556 et
773 5497 1059 5571 elegantiae
1104 5498 1410 5555 studiosum
1468 5514 1591 5555 esse
1620 5538 1634 5565 ,
1678 5507 1840 5569 atque
1882 5498 2082 5555 eximia

2189 5500 2282 5554 καὶ
2331 5500 2359 5551 ό
2410 5499 2723 5572 σοφώτατος
2772 5501 3005 5569 Παῦλος,
3042 5520 3062 5554 ι
3107 5504 3199 5573 Μὴ
3246 5501 3567 5573 γογγύζετε,
3619 5501 3780 5573 φησὶ,

497 5591 642 5649 facta
671 5603 951 5664 expetere.
988 5593 1287 5663 Postquam
1317 5602 1496 5647 autem
1537 5592 1826 5649 abstuleris
1853 5594 2081 5647 verbum

2189 5593 2371 5658 καθώς
2420 5612 2565 5659 τινες
2623 5594 2805 5649 αὐτῶν
2833 5595 3162 5665 ἐγόγγυσαν,
3197 5597 3290 5650 καὶ
3322 5594 3429 5650 ὑπὸ
3466 5594 3576 5649 τῶν
3601 5594 3786 5663 ὄφεων

498 5686 972 5752 murmurationis,
1001 5684 1048 5743 si
1077 5685 1173 5741 des
1207 5700 1402 5758 panem
1435 5687 1722 5752 esurienti,
1766 5694 1822 5740 et
1844 5685 2081 5741 animam

2188 5686 2485 5741 ἀπώλοντο.
2520 5706 2538 5739 ι
2588 5686 2797 5741 Οὐκοῦν
2839 5687 3010 5759 ἰλαρῷ
3045 5690 3360 5762 φρονήματι
3391 5687 3660 5761 προσήκει
3688 5686 3787 5746 τὸν

514 5792 615 5884 ωδ
646 5794 807 5854 Mich.
835 5813 921 5861 ιιι,
953 5799 1041 5853 ιι.
1143 5796 1189 5830 ὀι
1224 5797 1431 5855 liabac.
1466 5814 1504 5865 ι,
1539 5800 1593 5855 '5.
1698 5799 1744 5831 “
1770 5797 1913 5855 Psal.
1950 5813 2057 5867 uv,
2086 5798 2133 5856 ἓξ

568 5864 588 5919 ι
615 5863 740 5919 Cor.
778 5882 831 5933 κ,
859 5870 912 5922 9.

2163 5841 2176 5856 .
2285 5804 2347 5834 “'
2383 5804 2515 5860 ibid.
2620 5805 2664 5835 ⁸⁷
2708 5803 2898 5863 Matth.
2933 5803 3099 5872 v,59.
3238 5803 3285 5835 “
3316 5803 3490 5860 Exod.
3547 5817 3661 5867 xw,
3718 5802 3781 5859 5.
