4100 6468
323 420 466 480 4295

1472 409 1539 466 IN
1582 406 1824 465 ISAIAM
1864 402 1996 460 LIB.
2043 401 2106 459 ν.
2149 398 2392 458 TOMUS
2432 399 2520 455 IV.

3494 396 3634 451 129.5

318 540 544 614 ἀπάσης
592 541 893 614 εὐκοσμίας
943 539 1303 611 ἐπιμελητὴν,
1334 538 1431 591 καὶ
1467 534 1580 590 τῶν
1618 531 1921 606 ὲξαιρέτων

2045 526 2377 583 riumiliatam
2417 521 2779 587 saturaveris,
2819 521 2872 577 id
2913 529 3043 587 est,
3099 519 3143 575 si
3184 519 3501 574 misericors
3526 558 3542 584 ,
3586 518 3633 574 si

317 636 614 708 ἐφιέμενον
657 631 1192 705 ἀνδραγαθημάτων,
1221 628 1439 701 ἀφελὼν
1467 627 1525 683 δὲ
1550 627 1611 682 τὸ
1638 625 1793 698 ῥῆμα
1835 620 1932 677 τοῦ

316 723 669 798 γογγυσμοῦ,
705 724 803 779 ἐὰν
842 723 950 797 δῷς
975 722 1070 777 τὸν
1098 721 1265 795 ἀρτον
1295 719 1574 786 πεινῶντι,
1612 717 1710 771 καὶ
1752 712 1935 786 ψυχὴν

315 817 808 891 τεταπεινωμένην
832 817 1142 890 εμτ-ιλήσῃς,
1167 812 1471 878 τουτέστιν,
1492 813 1541 867 εί
1561 810 1739 881 γένοιο
1760 807 1934 878 φιλοι-

316 910 597 984 κτίρμων,
622 907 928 980 φιλάγαθός
957 924 1019 962 τε
1061 908 1158 961 καὶ
1181 902 1526 976 φιλάλληλος,
1552 900 1932 973 εὐμετάδοτος,

316 1006 420 1059 καὶ
450 1002 791 1065 κοινωνικὸς,
815 1001 912 1055 καὶ
935 1002 1027 1055 τὸν
1057 999 1288 1071 πλησίον
1319 996 1552 1068 ἀγαπῶν
1573 993 1651 1057 ὼς
1681 991 1931 1057 σεαυτὸν,

314 1097 446 1152 τότε
474 1094 729 1151 ἀνατελεῖ
775 1096 835 1148 ὲν
886 1093 966 1166 τῷ
1009 1093 1193 1149 σκότει
1221 1092 1284 1146 τὸ
1308 1091 1424 1162 φῶς
1447 1107 1566 1145 σου.
1599 1086 1726 1151 Πῶς
1768 1084 1827 1140 δὲ
1870 1082 1937 1156 δὴ

315 1191 434 1264 ἄρα
466 1189 566 1244 καὶ
599 1187 901 1255 τοῦτοςὯς
928 1187 1039 1259 γὰρ
1069 1189 1135 1242 ἑκ
1161 1184 1357 1249 νυκτὸς
1379 1183 1564 1256 ἡμέρα
1591 1180 1823 1250 γίνεται,
1845 1176 1937 1233 οῦ-

316 1300 434 1347 τως
484 1282 545 1335 ἐν
589 1282 747 1354 ἡμῖν,
767 1279 1197 1353 ἐκπεμπομένου
1240 1276 1339 1331 τοῦ
1386 1273 1583 1347 νοητοῦ
1620 1272 1848 1335 σκότους
1873 1269 1938 1324 τὸ

318 1373 469 1429 θετον
496 1372 935 1444 ἀντεισκρίνεται
971 1371 1109 1443 φῶς,
1136 1369 1214 1434 ὡς
1246 1370 1424 1425 δοκεῖν
1450 1364 1593 1423 εἶναι
1630 1368 1689 1421 ὲν
1723 1381 1939 1438 μεσημ-

320 1466 476 1540 ϐρίᾳ,
494 1466 798 1533 τουτέστιν,
828 1468 888 1521 ὲν
910 1466 1063 1538 ἀκμῇ
1083 1463 1492 1536 λαμπρότητος.
1523 1458 1939 1532 Μεσημϐρίζων

319 1561 436 1633 γάρ
454 1563 483 1615 ό
505 1558 601 1614 τοῦ
629 1558 786 1630 ἡλίου
816 1556 1018 1621 κύκλος
1065 1557 1435 1629 ἀκμαιότατον
1459 1554 1582 1608 τότε
1606 1553 1670 1625 δὴ
1700 1550 1938 1624 μάλιστα

319 1655 440 1718 τοῖς
485 1652 582 1706 ἐπὶ
622 1651 728 1723 γῆς
759 1650 934 1722 ἐνίησι
965 1648 1028 1704 τὸ
1055 1649 1395 1720 φῶς.¹Ἐσται
1427 1646 1492 1719 δὴ
1526 1645 1703 1708 οὓτως
1738 1644 1768 1696 ὁ
1805 1641 1941 1706 Θεός

321 1763 424 1802 σου
457 1745 601 1818 μετά
624 1744 721 1800 σοῦ
746 1742 839 1798 διά
871 1743 1094 1808 παντός.
1130 1741 1413 1814 Πάμμεγα
1440 1740 1497 1794 δὲ
1532 1738 1671 1811 πρὸς
1699 1738 1812 1800 τοῖς
1841 1734 1936 1789 ἀλ-

320 1841 443 1905 λοις
476 1840 574 1894 καί⁵
606 1839 788 1894 τοῦτο.
815 1839 882 1892 Τί
911 1837 1022 1910 γὰρ
1055 1838 1155 1909 οὑχ
1183 1836 1424 1908 ὑπάρχει
1448 1831 1559 1889 τῶν
1583 1830 1806 1902 ἀγαθῶν
1826 1831 1941 1892 τοῖς

2036 636 2234 680 amans
2272 622 2568 688 bonorum,
2602 626 2658 676 et
2688 627 2874 674 mutua
2900 616 3037 674 alios
3063 614 3441 687 complectens
3470 616 3639 672 bene-

2038 719 2308 782 volentia,
2359 716 2404 773 si
2440 716 2511 772 ad
2554 712 2979 787 impartiendum
3014 722 3071 769 et
3121 712 3639 768 communicandum

2038 808 2220 867 facilis
2272 807 2489 874 fueris,
2541 815 2599 862 et
2652 806 2961 876 proximum
3014 802 3211 876 diligas
3247 811 3310 858 ut
3352 803 3639 874 teipsum:

2039 910 2171 959 tunc
2199 901 2410 960 orietur
2442 900 2497 956 in
2524 898 2769 955 tenebris
2789 896 2973 955 lumen
3007 905 3183 953 tuum.
3208 886 3387 966 Atqui
3417 896 3640 951 tandem

2038 994 2190 1054 hoc?
2217 992 2694 1065 Quemadmodum
2726 992 2874 1048 enim
2920 1005 2989 1047 ex
3040 1000 3203 1048 nocte
3235 990 3357 1047 dies
3396 988 3456 1045 lit
3505 1028 3522 1053 ,
3556 988 3640 1044 sic

2037 1099 2094 1149 et
2129 1090 2183 1146 in
2223 1088 2406 1156 nobis,
2449 1087 2795 1159 spiritalibus
2816 1085 3061 1144 tenebris
3084 1084 3357 1157 depulsis,
3397 1083 3642 1139 divinum

2038 1183 2226 1240 lumen
2262 1197 2454 1238 earum
2480 1181 2603 1239 loco
2630 1180 2801 1248 subit,
2859 1164 2936 1236 ita
2972 1189 3035 1236 ut
3069 1179 3123 1235 in
3149 1178 3399 1245 meridie,
3440 1175 3494 1233 id
3533 1187 3641 1239 est,

2040 1292 2260 1337 summo
2312 1277 2368 1333 in
2438 1275 2735 1348 splendore
2760 1289 2885 1333 esse
2944 1275 3250 1330 videamur.
3321 1270 3645 1327 Meridiante

2040 1373 2189 1429 enim
2218 1372 2355 1429 solis
2382 1370 2615 1437 circulo,
2638 1370 2734 1427 lux
2782 1378 2898 1426 tum
2953 1367 3336 1425 intensissima
3366 1376 3523 1422 terrae
3563 1365 3644 1419 in-

2040 1462 2179 1520 colis
2208 1462 2547 1520 immittitur.
2587 1462 2823 1534 Eritque
2848 1462 2931 1518 sic
2958 1462 3102 1517 Dens
3129 1469 3257 1517 tuus
3291 1468 3468 1534 tecum
3500 1473 3647 1514 sem-

2040 1566 2177 1623 per;
2214 1562 2300 1608 est
2329 1566 2552 1624 quoque
2604 1552 2711 1608 hoc
2733 1531 2945 1624 praeter
2969 1551 3076 1607 alia
3127 1531 3450 1607 maximum.
3505 1549 3647 1617 Quid

2040 1641 2185 1699 enim
2227 1644 2352 1699 boni
2391 1659 2498 1700 non
2540 1643 2698 1699 adest
2737 1643 2820 1698 bis
2867 1643 2958 1712 qui
2996 1641 3103 1699 hoc
3152 1651 3283 1698 sunt
3331 1638 3651 1698 consecuti?

2041 1739 2149 1793 Aut
2174 1737 2375 1806 quibus
2402 1734 2564 1793 donis
2601 1751 2708 1793 non
2734 1736 2979 1793 abundat
3028 1736 3213 1804 homo,
3240 1733 3285 1790 si
3333 1734 3476 1789 Deus
3519 1747 3647 1788 cum

2046 1829 2139 1885 illo
2159 1829 2253 1895 sit,
2281 1829 2373 1900 qui
2391 1829 2575 1885 omnia
2594 1836 2774 1900 potest
2788 1837 2845 1885 et
2865 1828 3037 1885 divite
3065 1843 3230 1883 manu
3251 1825 3534 1884 distribuit
3555 1839 3647 1887 ea,

317 1933 488 1990 τοῦτο
516 1932 811 2006 λαχοῦσιν;
842 1932 1077 2006 ὴποίων
1111 1932 1215 1986 οὐκ
1241 1929 1398 1985 ἔσται
1424 1928 1785 2002 χαρισμάτων
1816 1923 1938 1977 ἐπί-

2045 1937 2274 1994 quorum
2306 1922 2681 2006 suppeditatur
2707 1933 2792 1980 est
2812 1932 2868 1980 et
2883 1922 3132 1993 largitor,
3150 1920 3245 1992 qui
3270 1920 3435 1974 etiam
3459 1927 3646 1972 tenta-

323 2044 530 2098 μεστος
580 2002 891 2098 ἀνθρωπος,
926 2023 1065 2079 Θεοῦ
1116 2023 1371 2087 συνόντος
1417 2019 1573 2091 αὐτῷ
1614 2017 1711 2072 τοῦ
1760 2017 1938 2072 πάντα

2048 2017 2262 2071 tionum
2315 2016 2554 2086 impetus
2570 2002 2876 2086 prbpulsat,
2899 2018 3143 2086 adeoque
3164 2014 3359 2069 fortem
3374 2010 3574 2075 reddit,
3590 2018 3649 2064 ιιι

324 2119 631 2190 ίσχύοντος,
667 2118 763 2174 καὶ
812 2117 1045 2189 πλουσίᾳ
1090 2117 1238 2188 χειρὶ
1265 2114 1618 2186 διανέμοντος
1651 2110 1722 2166 τὰ
1752 2103 1938 2181 ὧνπέρ

2049 2121 2105 2165 et
2128 2112 2181 2164 in
2201 2110 2515 2166 universum
2542 2109 2645 2182 ipsi
2665 2109 2886 2165 Satanae
2902 2120 2956 2166 et
2978 2106 3451 2181 perturbationum
3477 2102 3648 2159 msul-

322 2215 444 2267 ἔστι
495 2213 733 2286 χορηγὸς
783 2214 879 2268 καὶ
925 2210 1108 2284 δοτὴρ,
1136 2210 1230 2265 καὶ
1276 2205 1681 2270 ἀποσοϐοῦντος
1717 2203 1819 2277 μὲν
1842 2202 1938 2267 τὰς

2053 2206 2201 2262 tibus
2231 2205 2493 2262 resistat?

319 2308 433 2363 τῶν
465 2306 793 2380 πειρασμῶν
833 2306 1081 2377 ἐφόδους,
1111 2303 1342 2376 εὐσθενῆ
1379 2302 1436 2356 δὲ
1474 2299 1620 2355 οὕτω
1662 2297 1930 2362 τιθέντος,
1969 2297 2112 2353 ὥστε
2142 2301 2236 2354 καὶ
2291 2296 2712 2355 ἀντανίστασθαι
2741 2295 2977 2368 γενικῶς
3026 2297 3122 2351 καὶ
3143 2295 3295 2368 αὐτῷ
3314 2294 3393 2368 τῷ
3413 2294 3651 2367 Σατανᾷ.

320 2406 421 2461 καὶ
454 2404 577 2466 ταῖς
610 2403 678 2456 ὲκ
708 2399 900 2455 παθῶν
925 2398 1211 2471 ὲπηρείαις
1238 2416 1253 2463 ;

396 2498 512 2552 Καὶ
561 2492 1001 2566 ἐμπλησθήσῃ,
1043 2491 1311 2561 καθάπερ
1352 2487 1637 2561 ἐπιθυμεῖ
1682 2488 1723 2557 ἡ
1769 2485 1945 2557 ψυχή

2124 2481 2291 2538 Vsus.
2325 2480 2418 2538 Η.
2487 2480 2557 2535 Et
2615 2477 2936 2549 impleberis,
2963 2479 3098 2534 sicut
3140 2479 3407 2535 desiderat
3469 2484 3652 2538 anima

322 2609 471 2655 σου,
509 2590 609 2645 καὶ
650 2588 726 2643 τὰ
762 2585 917 2643 ὀστᾶ
956 2602 1076 2642 σου
1118 2585 1584 2655 πιανθήσονται,
1627 2582 1710 2647 ὡς
1748 2578 1938 2649 κῆπος

2051 2586 2169 2638 tua,
2191 2585 2238 2629 et
2267 2589 2391 2630 ossa
2425 2583 2518 2628 tua
2568 2575 2933 2643 pinguescant,
2970 2582 3029 2627 ut
3056 2572 3240 2628 hortus
3286 2573 3485 2641 ebrius,
3517 2589 3564 2633 et
3594 2589 3653 2633 ut

316 2688 588 2761 μεθύων,
632 2683 735 2739 καί
766 2683 849 2750 ὡς
885 2681 1072 2753 πηγὴ,
1101 2679 1185 2749 ἢν
1207 2679 1295 2751 μὴ
1332 2677 1615 2743 ἐξέλιπεν
1638 2674 1821 2744 ὕδωρ,
1846 2672 1938 2728 καί

2051 2668 2170 2739 fons
2200 2683 2354 2739 quem
2394 2683 2497 2722 non
2547 2666 2779 2721 deseruit
2834 2682 2994 2737 aqua.
3040 2664 3111 2721 Et
3163 2683 3285 2722 ossa
3322 2670 3462 2724 velut
3488 2672 3652 2728 herba

321 2783 404 2837 τὰ
431 2778 588 2835 ὀστᾶ
618 2793 738 2833 σου
767 2773 1104 2843 (ὓς-,βοτάνη
1138 2770 1428 2828 ἀνατελεῖ
1453 2768 1553 2824 καί
1575 2766 1950 2834 “(aratioar-

320 2889 449 2939 ται,
485 2872 585 2926 καί
615 2865 1157 2938 κληρονομήσουσι
1185 2865 1401 2934 γενεὰς
1427 2858 1672 2933 γενεῶν.

401 2966 517 3020 Καὶ
546 2964 695 3028 τίνος
720 2961 830 3034 ἄρα
854 2955 1347 3032 ὲμπλησθήσεσθε;
1374 2954 1508 3027 φησί
1524 2951 1727 3007 .Θείων
1751 2948 1943 3023 δηλον-

2052 2764 2318 2829 orieutur,
2347 2771 2394 2817 et
2424 2762 2786 2833 pinguescent,
2812 2771 2859 2815 et
2881 2760 3271 2817 Itmreditabunl
3289 2767 3652 2835 generationes

2049 2857 2476 2927 generationum.

2117 2950 2186 3005 Et
2214 2965 2321 3020 qua
2343 2964 2405 3007 re
2432 2962 2585 3019 ergo,
2634 2949 2830 3021 inquit,
2886 2949 3280 3022 implebimini?
3316 2949 3527 3008 Divinis
3548 2954 3656 3010 sci-

322 3065 413 3118 ότι
451 3058 835 3132 χαρισμάτων,
869 3054 966 3109 καὶ
1009 3052 1222 3125 τροφῆς
1250 3047 1662 3123 ἀγιοπρεποῦς·
1707 3047 1786 3111 ὠς
1830 3043 1938 3116 γὰρ

2047 3052 2172 3109 licet
2196 3049 2514 3108 muneribus
2542 3059 2596 3106 et
2616 3060 2806 3106 sancto
2840 3049 2986 3107 cibo.
3015 3045 3090 3104 Ut
3114 3049 3261 3106 enim
3303 3050 3418 3120 ipse
3457 3051 3654 3106 alicubi

323 3156 493 3219 αὐτὸς
516 3153 621 3224 ἔφη
651 3165 752 3206 που
775 3146 1029 3221 Χριστός·
1069 3164 1089 3198 ι
1118 3145 1235 3219 Οὐκ
1256 3145 1343 3198 ἐπ’
1366 3142 1519 3216 ἄρτῳ
1542 3141 1690 3214 μόνῳ
1716 3138 1938 3212 ζήσεται

2050 3146 2188 3203 dixit
2212 3144 2477 3201 Dominus
2513 3161 2527 3199 :
2567 3161 2588 3198 ι
2626 3140 2743 3198 Non
2777 3141 2832 3198 in
2862 3142 2982 3198 solo
3009 3156 3150 3213 pane
3170 3143 3319 3198 vivet
3352 3141 3535 3209 homo,
3563 3145 3659 3199 sed

323 3249 642 3322 ἄνθρωπος,
673 3244 793 3299 ἀλλ’
820 3244 913 3297 ἐπὶ
956 3242 1124 3296 παντὶ
1157 3240 1364 3313 ῥήματι
1406 3234 1832 3308 ἐκπορευομένῳ
1858 3232 1938 3288 διὰ

2051 3243 2110 3299 in
2152 3242 2305 3300 omni
2352 3237 2522 3294 verbo
2566 3237 2710 3307 quod
2754 3234 3000 3306 procedit
3031 3249 3099 3289 ex
3133 3248 3228 3289 ore
3274 3232 3368 3288 Dei
3384 3230 3466 3301 '°,
3505 3253 3524 3286 ›
3555 3233 3661 3290 Ιιοο

329 3344 612 3413 στόματος
656 3337 816 3407 Θεοῦ,
849 3355 869 3390 ι
908 3335 1068 3390 τοῦτο
1120 3335 1217 3388 καὶ
1251 3330 1423 3388 πάλαι
1450 3331 1565 3392 τοῖς
1609 3326 1670 3393 ἐξ
1710 3326 1938 3397 αἵματος

2050 3337 2217 3393 etiam
2246 3334 2391 3391 ’llliis
2434 3332 2605 3406 822
2653 3328 2820 3387 Israel
2853 3329 2985 3386 olim
3033 3327 3179 3383 velut
3232 3326 3285 3382 in
3329 3326 3502 3398 ﬁgura
3565 3328 3662 3384 de-

340 3436 568 3510 Ἰσραὴλ
597 3432 676 3498 ὡς
710 3435 772 3487 ὲν
799 3431 957 3501 τύπῳ
985 3427 1343 3501 ὲνεγράφετο,
1402 3421 1689 3486 καθιέντος
1716 3419 1856 3510 Θεοῦ
1893 3418 1938 3474 τί

2059 3430 2430 3493 scribebatur,
2447 3428 2560 3484 Deo
2581 3439 2779 3483 manna
2799 3423 3124 3480 demittente
3143 3420 3393 3487 coalitus;
3413 3421 3660 3491 quando-

334 3494 535 3602 μάννα,
560 3525 620 3593 ἐξ
657 3494 941 3594 ούρανοῦδ
972 3494 1098 3575 ἐπεί
1117 3494 1259 3571 ⁷τινα
1291 3514 1496 3586 τρόπον
1519 3513 1683 3585 ἄρτος
1704 3494 1938 3602 ἀγγέλωι

2058 3522 2278 3595 quidem
2304 3520 2461 3594 panis
2487 3517 2804 3593 angelorum
2844 3512 3248 3588 quodammodo
3275 3521 3332 3569 et
3360 3513 3514 3586 panis
3537 3513 3663 3568 cmli

330 3599 561 3695 νοηθείη
590 3619 679 3686 ἂν,
715 3618 812 3674 καὶ
841 3617 1007 3689 ἄρτος
1030 3609 1285 3686 ούρανοῦ.
1337 3606 1402 3663 El
1439 3607 1498 3662 δὲ
1524 3606 1620 3661 καί
1650 3622 1801 3670 τινες
1817 3599 1938 3658 εῐενη

2061 3613 2238 3687 possit
2298 3611 2551 3685 intelligi.
2610 3611 2671 3667 Si
2721 3610 2887 3666 etiam
2944 3609 3056 3664 sint
3108 3606 3354 3677 quidam,
3425 3620 3663 3677 quorum

330 3710 422 3780 οἷς
466 3714 531 3769 τὸ
573 3714 719 3768 θεῖον
766 3707 1077 3783 ἐνήστραψε
1108 3705 1226 3778 φῶς
1258 3703 1533 3768 πλουσίως
1563 3702 1645 3766 είς
1676 3699 1824 3765 νοῦν,
1862 3697 1938 3752 κα¹

2062 3715 2302 3764 mentem
2331 3705 2522 3762 divina
2586 3703 2678 3760 lux
2728 3702 3018 3774 opulenter
3052 3700 3366 3765 collustrat,
3393 3707 3450 3753 et
3479 3712 3667 3753 sacra-

331 3808 450 3863 τῶν
475 3807 641 3880 ἱερῶν
668 3804 1023 3877 Γραμμάτων
1054 3798 1265 3871 ἀκριῦῆ
1317 3797 1415 3853 καὶ
1448 3795 1751 3868 ἀμώμητον
1777 3794 1938 3863 ὲνειρ·

2066 3815 2187 3857 rum
2220 3798 2555 3856 Litterarum
2605 3807 2857 3855 exactam
2890 3803 2946 3853 et
2979 3796 3253 3852 sinceram
3295 3791 3665 3865 cognitionem

333 3904 550 3973 γάσατυ
598 3899 826 3970 γνιῖισιν,
878 3897 974 3952 καὶ⁸
1019 3894 1248 3958 τούτους
1293 3888 1684 3965 ἐμπεπλῆσθαι
1750 3902 1936 3958 φαμεν

2064 3894 2411 3966 ingeneravit
2440 3911 2456 3949 :
2488 3892 2611 3949 illos
2669 3905 2890 3963 quoque
2947 3889 3183 3945 dicimus
3240 3885 3438 3957 repleri
3484 3895 3540 3941 et
3581 3900 3670 3941 su—

335 3998 439 4053 καί⁸
489 3998 573 4061 εις
621 3994 786 4066 κόρον
839 3991 1037 4047 ἃλάσαι
1072 3989 1174 4060 τῆς
1218 3985 1430 4044 ἀνωθεν
1485 3986 1581 4039 καὶ
1621 3981 1777 4056 παρά
1820 3981 1938 4035 Θεοί

2062 4001 2236 4058 perno
2261 4001 2329 4041 ac
2378 3986 2566 4042 divino
2618 3984 2743 4040 cibo
2774 3981 3059 4039 exsatiari.
3119 3979 3228 4037 Sed
3289 3980 3396 4037 hoc
3464 3979 3670 4035 excidit

333 4089 591 4166 τρυφῆς·
625 4089 762 4145 ἀλλὰ
803 4086 1000 4141 τούτου
1049 4085 1153 4156 μὲν
1211 4082 1573 4138 ἐκπέπτωκεν
1628 4078 1659 4131 ό
1713 4076 1936 4150 Ἰσραήλ

2063 4078 2269 4135 lsrael:
2307 4086 2505 4149 gentes
2540 4085 2723 4132 autem
2765 4087 2863 4145 per
2902 4072 3063 4129 fidem
3114 4073 3477 4145 possederunt
3505 4081 3561 4130 et
3588 4087 3670 4128 re-

337 4165 603 4256 γεγόνασί
632 4199 697 4253 γε
737 4181 848 4253 μὴν
888 4182 947 4235 ὲν
995 4177 1190 4250 κτήσει
1245 4175 1341 4229 καὶ
1372 4173 1578 4243 κατοχῇ
1613 4170 1683 4224 τά
1714 4169 1845 4239 ἔθνη
1871 4167 1938 4222 διε

2065 4173 2385 4237 tinuerunt,
2435 4179 2491 4226 et
2523 4168 2837 4242 quicunque
2870 4167 3248 4240 evangelicum
3280 4176 3336 4223 et
3365 4165 3667 4223 salutarem

336 4277 444 4349 τῆς
472 4275 734 4341 πίστεως,
771 4273 867 4329 καὶ
904 4272 1020 4326 ὅσοι
1047 4269 1142 4324 τὸν
1169 4264 1530 4337 εὐαγγελικδν
1574 4263 1671 4318 καὶ
1692 4263 1938 4333 σωτήρια

2063 4278 2373 4321 sermonem
2403 4261 2719 4326 admittunt.
2757 4258 3030 4315 Nimirum
3053 4258 3411 4316 dixitsanctis
3444 4265 3667 4329 aposto-

341 4370 670 4444 προσιόντες
686 4368 865 4437 λόγον.
890 4364 1003 4420 Καὶ
1020 4362 1154 4434 γοῦν
1178 4360 1283 4433 ἔφη
1306 4360 1421 4423 τοῖς
1445 4357 1622 4428 ἁγίοις
1640 4353 1938 4410 ἀποστόλου

2064 4354 2133 4413 lis
2158 4354 2422 4411 Dominus
2455 4361 2642 4409 noster
2684 4351 2845 4409 Jesus
2880 4351 3178 4407 Christus:
3221 4368 3241 4402 ι
3284 4348 3450 4404 Vobis
3479 4348 3667 4404 datum

337 4470 370 4523 ό
390 4441 617 4539 -Κύριος
645 4460 805 4534 ἡμῶν
847 4458 1058 4529 Ἰησοῦς
1088 4455 1344 4529 Χριστὸς,
1372 4454 1455 4508 ὄτι
1494 4470 1513 4504 ι
1562 4449 1723 4520 Ὑμῖν
1751 4447 1938 4503 δέδοτα

2066 4458 2154 4507 εει
2206 4450 2352 4505 scire
2399 4446 2664 4519 mysteria
2722 4445 2875 4514 regni
2933 4443 3226 4511 caelorum,
3260 4450 3316 4497 at
3345 4441 3450 4497 illis
3476 4444 3667 4496 datum

337 4534 552 4633 γνῶναι
598 4555 669 4611 τὰ
721 4555 1002 4628 μυστήρια
1049 4551 1154 4621 τῆς
1203 4546 1487 4621 βασιλείας
1536 4543 1646 4598 τῶν
1688 4539 1938 4633 οὐρανῶν

2068 4557 2177 4599 non
2206 4550 2293 4598 est
2316 4541 2383 4609 ",
2411 4561 2431 4595 ι
2467 4539 2778 4597 inﬁdelibus
2794 4538 3033 4604 scilicet,
3063 4552 3202 4610 quos
3225 4536 3391 4592 etiam
3422 4534 3669 4605 compel-

339 4626 583 4714 ἐκείνοις
610 4649 669 4704 δὲ
700 4626 763 4703 ού
789 4626 1024 4710 δέδοται,
1050 4663 1069 4697 ι
1089 4645 1204 4707 τοῖς
1235 4642 1575 4711 ἀπιστήσασι
1600 4626 1938 4708 δηλονότι,οῑ

2069 4633 2202 4689 lavit
2227 4633 2412 4688 divina
2445 4632 2660 4688 oratio:
2695 4648 2715 4682 ι
2753 4627 2857 4698 Qui
2882 4629 3133 4685 serviunt
3168 4626 3327 4695 mihi,
3355 4627 3668 4689 comedent.

794 4699 1119 4811 έπεφώνησε
1140 4699 1320 4804 λόγος,
1356 4751 1377 4783 ι
1405 4699 1470 4785 ὀί
1495 4699 1845 4792 δουλεύοντές
1870 4744 1938 4800 μο

2068 4741 2168 4784 vos
2196 4736 2378 4783 autem
2416 4724 2701 4781 esurietis.
2771 4722 2913 4780 Ecce
2946 4722 3041 4793 qui
3092 4721 3340 4779 serviunt
3382 4718 3542 4785 mihi,
3582 4718 3670 4774 hi-

344 4810 640 4909 φάγονται,
669 4836 833 4906 ὑμεῖς
885 4832 942 4887 δὲ
995 4831 1307 4886 πεινάσετε.
1345 4828 1478 4883 Ἰδοὺ
1521 4827 1571 4881 οἱ
1618 4823 1938 4881 δουλεύοντά

2066 4821 2217 4886 bent,
2252 4827 2310 4874 at
2327 4832 2421 4874 vos
2476 4817 2673 4874 sitietis
2688 4817 2757 4873 ".
2787 4834 2807 4869 ι
2866 4815 3190 4872 Esurierunt
3245 4813 3392 4882 enim
3429 4819 3485 4867 et
3518 4810 3672 4867 sitieo

347 4900 453 5006 μοι’
498 4900 743 4995 πίονται,
771 4900 933 4999 ὑμεῖς
982 4925 1042 4979 δὲ
1088 4922 1379 4995 διψήσητε.
1410 4937 1431 4973 ι
1465 4917 1797 4972 Ἐπείνασαν
1853 4915 1938 4987 γάι

2070 4921 2220 4977 runt,
2252 4919 2510 4982 expertes
2542 4909 2812 4965 honorum
2852 4905 3206 4978 spiritalium,
3241 4913 3295 4960 et
3328 4901 3425 4973 qui
3447 4900 3673 4957 omnino

346 4993 446 5085 καὶ
479 4993 770 5096 ἐδίψησαν,
809 4993 1072 5094 ἀμέτοχοι
1102 4993 1389 5089 γεγονότες
1405 5012 1515 5068 τῶν
1553 5010 1645 5066 διά
1670 5010 1766 5065 τοῦ
1800 5007 1936 5062 πνεύ

2070 5004 2214 5058 dona
2246 5001 2451 5057 Christi
2475 5015 2582 5056 non
2606 5006 2985 5071 gustaverunt,
3014 4996 3130 5051 sive
3158 4993 3402 5049 divinam
3425 4999 3482 5046 et
3502 5003 3672 5046 evan-

350 5080 524 5193 ιιέιτος
554 5080 802 5187 ἀγαθῶν,
838 5080 934 5169 καὶ
962 5080 1221 5183 invenero:
1251 5104 1534 5171 παντελῶς
1570 5103 1682 5158 τῶν
1713 5102 1803 5157 διὰ
1831 5102 1938 5171 Χρι

2072 5095 2303 5167 gelicam
2372 5093 2699 5149 doctrinam.
2761 5089 2911 5145 Dixit
2965 5087 3169 5144 etenim
3223 5099 3322 5157 per
3375 5080 3670 5155 quemdam

351 5174 483 5268 ore?)
506 5174 897 5284 γαρισμάτων,
920 5174 1039 5279 ἦτοι
1063 5206 1162 5279 τῆς
1187 5206 1341 5269 θείας
1378 5219 1441 5258 τε
1473 5200 1570 5256 καὶ
1597 5194 1938 5268 εύαγγελικῆι

2072 5188 2393 5259 prophetam
2467 5193 2765 5242 sanctum:
2805 5201 2826 5236 ι
2868 5180 3009 5238 Ecce
3063 5194 3166 5251 ego
3238 5176 3441 5232 famem
3468 5174 3674 5232 induco

352 5268 699 5369 παιδεύσεως
707 5268 893 5375 ,Ἔφη
907 5268 1017 5374 γαρ
1048 5268 1154 5355 ποῦ
1179 5299 1248 5355 δι’
1273 5299 1395 5364 ἐνὸς
1421 5294 1529 5351 τῶν
1559 5293 1733 5365 ἁγίων
1755 5284 1938 5365 προφη

2072 5294 2239 5352 super
2288 5290 2517 5345 terram,
2572 5292 2681 5334 non
2738 5276 2941 5332 famem
2994 5274 3177 5343 panis,
3268 5283 3447 5341 neque
3521 5268 3671 5324 sitim

565 5359 697 5454 ’ἰδοῦ
727 5359 839 5469 ὲγῶ
868 5359 1036 5468 ,λιμόν
1068 5395 1262 5464 ἐπάγω
1290 5359 1390 5447 ἐπί
1427 5391 1527 5464 τὴν
1557 5359 1686 5460 γῆν,
1712 5388 1773 5441 οὐ
1801 5359 1938 5457 λιμδε

2073 5389 2253 5447 aquae,
2281 5374 2380 5431 sed
2417 5371 2618 5428 famem
2653 5366 2908 5425 audiendi
2960 5379 3275 5421 sermonem
3322 5359 3538 5417 Domi-ni
3571 5371 3587 5412 :
3616 5366 3673 5412 et

352 5494 548 5567 ἄρτου,
577 5491 701 5546 οὐδὲ
740 5460 901 5562 δίψαν
937 5460 1156 5552 ῦδατος,
1191 5460 1333 5539 ἀλλὰ
1389 5460 1547 5555 λιμδν
1594 5479 1689 5535 τοῦ
1733 5477 1938 5533 ἀκοῦσα

2071 5469 2142 5525 ab
2170 5478 2293 5525 ortu
2335 5467 2405 5525 ad
2433 5479 2688 5525 occasum
2730 5476 2907 5535 usque
2950 5460 3317 5521 cursitahunt,
3365 5462 3674 5525 quaerentes

352 5546 515 5658 λόγον
537 5546 781 5658 Κυρίου,
808 5546 906 5638 καὶ
945 5579 1055 5636 ἀπὸ
1086 5546 1364 5635 ἀνατολῶν
1415 5546 1523 5642 ἕως
1552 5570 1775 5644 δυσμῶν
1807 5587 1936 5641 περι

2072 5575 2383 5619 sermonem
2403 5559 2641 5627 Domini,
2672 5566 2732 5615 et
2775 5572 2885 5614 non
2913 5549 3282 5611 invenient”.
3313 5566 3333 5599 ι
3371 5546 3673 5615 Ademptus

743 5637 1036 5749 έητοῦντες
1078 5671 1171 5727 τὸν
1214 5670 1372 5741 λόγον
1405 5637 1635 5740 Κυρίου,
1659 5637 1765 5719 ’καὶ
1791 5664 1851 5753 οὐ
1883 5637 1938 5734 μῆ

2074 5664 2161 5711 est
2217 5654 2364 5711 enim
2419 5652 2573 5725 gregi
2620 5650 2933 5708 Judazorum
2969 5645 3220 5703 viviﬁcus
3262 5650 3320 5697 et
3348 5637 3677 5696 nutrientis-

2104 5748 2116 5753 -
2663 5744 2676 5753 .
2724 5752 2729 5753 ,
2912 5752 2919 5753 ,
3039 5740 3073 5753 ,ο
3152 5736 3183 5753 ι·
3230 5736 3243 5749 ι
3328 5729 3673 5753 JSI!_-_.!I..._

356 5729 1170 5840 γὰρ
1219 5729 1322 5830 τῆς
1371 5729 1641 5813 Ἰουδαίων
1689 5729 1938 5824 ἀγέληςλ

2073 5748 2246 5807 simus
2294 5760 2501 5813 sermo,
2550 5753 2607 5801 et
2642 5744 2807 5800 datus
2847 5752 2951 5810 est,
2998 5740 3074 5797 uti
3135 5736 3270 5807 dixi,
3318 5729 3676 5805 diligentibus

434 5954 481 5986 ⁸ο
517 5948 703 6005 Matth.
742 5961 818 6015 tv,
848 5946 903 6003 4.
979 5944 1023 5978 ⁸⁸
1064 5941 1253 6000 Matth.
1284 5957 1403 6008 xm,
1440 5940 1521 5996 ll.
1599 5940 1644 5972 δ’
1677 5937 1780 5994 lsa.
1818 5950 1938 6003 ων,

2045 5935 2070 5989 i.
2138 5930 2212 6011 _"
2237 5931 2404 5987 Amos
2438 5940 2552 5993 vni,
2586 5925 2673 5994 ll,
2716 5922 2799 5979 12.
