4100 6494
467 394 487 448 1
501 394 606 450 295

1463 389 1520 443 S.
1564 387 1838 442 CYRILLI
1883 384 2358 442 ALEXANDRINI
2400 385 2719 443 ARCHIEP.

3609 389 3749 445 1:296

463 512 764 576 Christum,
821 523 960 579 quos
990 504 1349 576 compellavit,
1405 505 1591 561 dicens
1637 524 1650 559 :
1687 524 1705 558 ‹
1744 505 1923 571 Edite,
1989 513 2044 559 et

2170 505 2408 568 ζωοποιός
2449 522 2509 558 τε
2565 505 2659 558 καὶ¹
2706 501 3120 574 τροφιμώτατος
3165 501 3260 555 τοῦ
3288 501 3422 556 Θεοῦ
3448 503 3623 573 λόγος.
3654 509 3755 558 Δέ-

466 601 837 667 inebriamiui,
874 600 1035 655 vicini
1056 599 1121 651 ⁵⁸.
1148 618 1170 650 ο
1208 598 1312 651 Sed
1333 597 1624 652 etdivinus
1649 597 1816 652 David
1848 597 2046 667 psallit,

469 705 656 765 utpote
706 693 928 763 hujusce
968 693 1103 746 adeo
1122 690 1409 761 ,praaelarae
1437 699 1492 746 et
1526 691 1816 746 uberrimae
1874 691 2053 745 runni-

467 784 698 838 ticentiaa
758 782 1074 851 particeps:
1117 798 1136 832 ι
1172 780 1384 835 Parasti
1461 781 1513 834 in
1577 788 1866 850 conspectu
1931 793 2053 835 meo

469 891 712 932 mensam
777 876 1040 931 adversus
1097 890 1191 930 eos
1243 875 1334 944 qui
1376 874 1638 929 tribulam
1693 889 1801 930 mc.
1837 871 2053 942 Impin—

465 968 642 1038 guasti
673 969 727 1021 in
755 967 874 1022 oleo
912 977 1077 1038 caput.
1106 982 1310 1032 meum,
1342 975 1399 1022 et
1433 967 1573 1022 calix
1606 976 1728 1023 tuus
1777 966 2053 1023 inebrians

467 1073 574 1125 me,
605 1074 766 1130 quam
830 1058 1123 1129 praeclarus
1155 1070 1237 1115 est
1255 1060 1322 1114 ⁵⁵.
1350 1078 1368 1112 ι
1415 1060 1735 1130 Quicunque
1762 1074 1891 1128 ergo
1916 1059 2054 1114 divi-

464 1165 662 1204 norum
689 1152 1073 1222 mysteriorum
1118 1153 1428 1208 habuerunt
1457 1154 1826 1224 cognitionem
1855 1153 1934 1208 vel
1971 1152 2056 1207 his

466 1239 674 1314 impleti
713 1252 860 1311 sunt,
919 1245 1110 1299 horum
1165 1259 1287 1300 ossa
1329 1246 1674 1317 pinguefacta
1699 1255 1844 1300 sunt.
1894 1244 2054 1316 Figu-

467 1341 590 1387 rata
631 1342 812 1390 autem
846 1341 932 1391 est.
973 1335 1175 1402 oratio,
1205 1345 1417 1406 sumpta
1444 1337 1512 1391 ab
1549 1337 1633 1391 his
1660 1335 2056 1406 quodammodo

467 1427 558 1494 qui
590 1428 739 1482 carni
769 1437 824 1482 et
852 1429 1013 1499 genio
1057 1429 1337 1500 indulgere
1377 1429 1577 1486 solent.
1634 1430 1839 1485 [lorum
1873 1429 2054 1484 anima

469 1521 561 1574 liet
591 1530 846 1591 tanquam
879 1523 1068 1576 hortus
1092 1522 1298 1590 ebrius,
1349 1523 1400 1578 id
1425 1533 1530 1590 est,
1561 1522 1808 1590 ﬂoridus,
1840 1531 1895 1578 ct
1921 1524 2057 1579 bene

471 1615 668 1668 densus
707 1615 1016 1682 arboribus,
1085 1625 1140 1670 et
1199 1615 1367 1672 variis
1399 1616 1593 1670 llorum
1644 1616 1933 1687 generibus
1961 1620 2056 1671 de-

469 1717 708 1772 coratus,
777 1722 844 1762 ac
909 1707 1237 1778 multiplices
1287 1710 1500 1765 fructus
1551 1710 1855 1780 proferens.
1905 1706 2057 1763 Horti

469 1799 614 1852 enim
653 1799 740 1869 qui
801 1815 939 1870 aqua
974 1810 1183 1866 carent,
1228 1802 1522 1856 maximam
1557 1801 1758 1856 habent
1800 1800 2059 1856 deformi-

470 1902 659 1957 tatem,
722 1903 912 1963 utpote
965 1893 1101 1947 aridi
1136 1901 1191 1948 et
1244 1893 1390 1948 onmi
1417 1895 1596 1949 fructu
1656 1894 1832 1960 vacui,
1864 1895 1972 1948 imo
2005 1904 2060 1949 et

468 1985 598 2054 ipsis
623 1986 822 2056 plantis
847 1987 1198 2042 destituti.At
1237 1987 1329 2056 qui
1365 2001 1628 2056 aquarum
1661 1986 1831 2043 libero
1859 1986 2060 2054 impetu

469 2077 723 2132 inebriati
769 2083 917 2145 sunt,
971 2077 1296 2147 omnigenis,
1323 2078 1488 2150 823
1523 2088 1580 2134 ut
1613 2079 1748 2146 dixi,
1787 2094 2062 2134 coronan-

471 2177 559 2220 tur
604 2166 898 2223 fructibus.
941 2167 1146 2223 Hortus
1195 2167 1396 2224 Christi
1449 2169 1590 2226 facta
1643 2179 1726 2227 est.
1769 2171 2060 2227 Ecclesia:

470 2261 624 2330 cujus
694 2270 908 2332 sumpta
987 2276 1215 2332 persona
1303 2267 1356 2320 in
1424 2265 1654 2322 Cantico
1722 2268 2060 2323 canticorum

470 2366 693 2422 sponsa,
750 2368 768 2402 ι
808 2353 1136 2420 Descendat,
1164 2355 1357 2425 inquit,
1390 2370 1556 2425 nepos
1590 2372 1742 2414 meus
1768 2357 1818 2411 in
1846 2358 2063 2414 hortum

471 2459 654 2509 suum,
690 2452 746 2499 et
773 2446 1022 2500 comedat
1049 2447 1279 2501 fructum
1317 2461 1512 2502 nucum
1536 2462 1755 2502 suarum
1777 2449 1844 2504 ⁸⁸.
1881 2469 1898 2501 ι
1928 2448 2062 2505 Nam

471 2539 615 2608 quod
652 2537 797 2593 inter
831 2542 1056 2594 arbores
1108 2549 1194 2595 est
1252 2555 1363 2594 nux
1417 2540 1500 2596 vel
1547 2541 1758 2597 fructus
1790 2551 2063 2611 maturus,

479 2631 586 2687 hoc
637 2641 719 2687 est
771 2632 824 2686 in
883 2632 1083 2688 animis
1133 2642 1446 2690 sanctorum
1510 2635 1683 2691 virtus
1725 2634 1946 2704 pulchra
2010 2646 2068 2692 et

477 2721 1030 2793 Dcojucundissima.
1082 2722 1269 2792 Itaque
1303 2733 1360 2777 ut
1392 2725 1582 2779 hortus
1623 2725 1830 2790 ebrius,
1867 2725 2064 2794 inquit,

471 2809 578 2863 erit
608 2811 788 2864 anima
817 2818 930 2878 tua,
965 2821 1020 2866 et
1061 2819 1118 2864 ut
1153 2811 1274 2866 fons
1308 2826 1606 2881 quem'non
1639 2815 1878 2870 deseruit
1901 2831 2062 2886 aqua.

474 2901 635 2958 Tales
657 2903 878 2958 luerunt
934 2903 1102 2960 divini
1141 2904 1465 2977 mystagogi,
1495 2919 1523 2960 a
1566 2905 1730 2961 corde
1782 2922 1906 2974 suo,
1941 2918 2064 2962 tan-

475 3009 640 3066 quam
678 2997 956 3066 aperenni
997 2998 1164 3062 fonte,
1240 3001 1344 3066 piae
1396 2998 1658 3052 doctrinae
1713 3000 1918 3056 rivulos
1975 3002 2069 3056 de-

479 3089 779 3156 mittentes,
827 3098 882 3143 et
911 3103 1098 3145 eorum
1137 3089 1227 3159 qui
1273 3089 1633 3144 instituuntur
1691 3093 1904 3148 animos
1935 3109 2067 3163 Opu-

2151 598 2297 651 δοται
2322 599 2400 664 δὲ,
2436 599 2514 662 ὡς
2547 597 2704 668 ἔφην,
2741 599 2851 660 τοῖς
2882 595 3138 665 ἀγαπῶσι
3169 596 3426 667 Χριστὸν,
3456 593 3536 661 οἷς
3559 597 3623 670 δὴ
3655 601 3753 653 καὶ

2152 689 2472 761 ἐπεφώνησε
2506 690 2698 759 λέγων·
2735 708 2754 741 ι
2785 689 3014 758 Φάγετε,
3045 688 3140 741 καὶ
3173 688 3561 760 μεθύσθητε,οἱ
3616 692 3754 762 πλη-

2156 783 2288 837 σίον.
2320 802 2339 836 ι
2369 783 2578 841 Ψάλλει
2602 781 2731 852 γοῦν
2753 781 2844 836 καὶ
2863 783 2892 834 ὀ
2917 781 3205 844 θεσπέσιος
3233 779 3420 844 Δαῦὶδ,
3448 781 3543 835 ἆτε
3567 781 3631 854 δὴ
3655 784 3754 838 καὶ

2154 877 2212 930 ἐν
2246 874 2461 947 μεθέξει
2491 873 2736 944 γεγονὼς
2788 875 2890 945 τῆς
2934 873 3108 938 οὕτως
3139 873 3348 944 σεπτῆς
3397 875 3488 928 καί
3517 876 3757 946 ἀμφιλα-

2155 965 2290 1036 φοῦς
2337 965 2682 1037 φιλοτιμίας·
2721 964 3095 1036 ιἮτοίμασας
3137 963 3370 1018 ἐνώπιόν
3415 981 3517 1034 μου
3545 967 3757 1034 τράπε-

2157 1057 2256 1123 ζαν
2298 1057 2359 1122 ἐξ
2405 1058 2656 1122 ἐναντίας
2701 1056 2812 1111 τῶν
2857 1055 3148 1110 θλιϐόντων
3199 1073 3268 1126 με
3295 1069 3308 1083 ⁸
3377 1055 3640 1120 ἐλίπανας
3694 1057 3754 1109 ἐν

2158 1151 2324 1223 ἐλαίῳ
2369 1151 2468 1224 τὴν
2517 1148 2761 1221 κεφαλήν
2797 1166 2922 1220 μου,
2988 1147 3085 1202 καὶ
3125 1147 3188 1201 τὸ
3227 1147 3489 1218 ποτήριόν
3530 1165 3626 1201 σου
3657 1165 3756 1219 με-

2159 1244 2356 1299 θύσκον
2399 1261 2489 1314 με,
2516 1243 2593 1308 ὡς
2626 1243 2935 1315 κράτιστον.
2969 1261 2990 1294 ι
3034 1241 3245 1295 Οὐκοῦν
3295 1242 3416 1297 ὅσοι
3432 1240 3542 1294 τῶν
3594 1240 3759 1295 θείων

2157 1335 2324 1390 αὐτοῦ
2356 1335 2671 1408 μυστηρίων
2704 1336 2970 1407 ἐσχήκασι
3013 1335 3236 1404 γνῶσιν,
3265 1335 3384 1405 ἤτοι
3411 1333 3747 1406 ἐνεπλήσθη-

2161 1447 2260 1484 σαν
2307 1428 2535 1495 τούτων,
2574 1428 3018 1498 κατεπιάνθησαν
3055 1428 3123 1481 τὰ
3153 1429 3288 1481 ὀστᾶ
3309 1425 3754 1498 ,Ἐσχηματίσθη

2159 1523 2214 1576 δὲ
2244 1523 2273 1576 ὀ
2303 1522 2461 1592 λόγος
2516 1522 2592 1586 ὡς
2621 1522 2728 1575 ἀπό
2763 1538 2827 1590 γε
2857 1519 2966 1574 τῶν
2995 1522 3208 1592 τρυφᾷν
3251 1520 3526 1574 εἰωθότων
3572 1539 3762 1593 σαρκι-

2160 1613 2300 1677 κῶς·
2351 1613 2460 1667 τῶν
2516 1613 2773 1668 τοιούτων
2819 1617 2853 1685 ἡ
2899 1613 3048 1685 ψυχὴ
3094 1614 3304 1682 γένοιτο
3344 1611 3411 1667 ἂν
3455 1613 3532 1676 ὡς
3579 1613 3759 1684 κῆπος

2165 1709 2402 1780 μεθύων,
2429 1711 2706 1765 τουτέστιν
2747 1709 2998 1782 εὐανθὴς,
3044 1711 3140 1764 καὶ
3191 1709 3624 1781 εὐδενδρότατος,
3661 1709 3758 1762 καὶ

2163 1803 2434 1869 ποικίλαις
2467 1804 2677 1858 ἀνθέων
2723 1803 2886 1867 ἰδέαις
2917 1803 3339 1873 ἐξωραῖσμένος,
3369 1802 3464 1854 καὶ
3493 1801 3762 1854 παντοδαο

2163 1895 2300 1961 ποὺς
2354 1896 2603 1968 ἐκφέρων
2653 1895 3005 1968 καρπούς.οί
3063 1895 3165 1966 μὲν
3218 1895 3326 1963 γὰρ
3377 1891 3595 1963 ἄνυδροι
3649 1891 3762 1944 τῶν

2164 1988 2356 2058 κήπων
2409 1986 2544 2040 πολὺ
2595 1985 2717 2040 λίαν
2765 1985 2950 2055 έχουσι
3007 1985 3067 2038 τὸ
3116 1983 3383 2054 είδεχθές’
3433 1982 3588 2055 ξηροὶ
3648 1981 3759 2052 γάρ

2163 2080 2271 2132 εἱσι
2331 2079 2429 2132 καὶ
2466 2077 2667 2140 παντὸς
2714 2075 2910 2146 ἔρημοι
2963 2071 3179 2146 καρποῦ
3207 2114 3222 2139 ,
3263 2072 3295 2142 ἢ
3335 2072 3478 2144 τάχα
3518 2088 3622 2125 που
3664 2073 3759 2124 καὶ

2163 2171 2342 2226 αὐτῶν
2405 2173 2462 2225 ἐν
2525 2169 2703 2242 ἐνδείᾳ
2759 2168 2869 2223 τῶν
2929 2168 3133 2239 φυτῶν.
3196 2167 3264 2220 Οἵ
3297 2184 3361 2236 γε
3403 2166 3510 2238 μὴν
3550 2166 3762 2220 ὑδάτων

2163 2261 2514 2333 ἀταμιεύτοις
2568 2262 2768 2333 ὁρμαῖς
2829 2258 3305 2331 ἐκμεμεθυσμένοι
3365 2257 3760 2322 παντοδαποῖς,

2163 2355 2238 2420 ὡς
2295 2355 2452 2425 ἐφην,
2497 2351 2888 2422 στεφανοῦνται
2960 2353 3216 2422 καρποῖς.
3270 2350 3464 2421 Κῆπός
3531 2366 3596 2418 γε
3651 2351 3764 2421 μὴν

2163 2441 2404 2514 Χριστοῦ
2465 2441 2690 2512 γέγονεν
2733 2442 2768 2512 ἡ
2827 2439 3153 2512 Ἐκκλησία,
3201 2436 3271 2514 ἦς
3305 2440 3371 2512 δὴ
3413 2441 3508 2494 καὶ
3559 2441 3766 2494 ἀναλα-

2165 2535 2338 2590 ϐοῦσα
2371 2535 2434 2589 τὸ
2463 2535 2756 2608 πρόσωπον
2785 2536 2819 2606 ἡ
2865 2538 2924 2588 ἐν
2961 2534 3040 2605 τῷ
3077 2537 3318 2606 ’ᾼσματι
3350 2534 3459 2588 τῶν
3499 2535 3768 2605 ᾀσμάτων

2165 2631 2491 2704 γραφομένη
2509 2631 2716 2702 νύμφη,
2745 2650 2763 2682 ι
2793 2627 3632 2702 Καταϐήτω,φησ“ιν,ἁδελφιδός
3660 2645 3766 2698 μου

2167 2729 2247 2790 είς
2297 2728 2474 2796 κῆπον
2523 2725 2710 2791 αὐτοῦ,
2757 2725 2852 2778 καὶ
2902 2724 3124 2795 φαγέτω
3181 2721 3393 2791 καρπὸν
3443 2720 3768 2793 ἀκροδρύων

2167 2817 2336 2872 αὑτοῦ
2354 2829 2404 2870 ἰ
2423 2817 2562 2888 ὅπερ
2590 2817 2698 2888 γάρ
2735 2817 2884 2869 ἐστιν
2914 2818 2971 2868 ἐν
2999 2817 3186 2886 φυτοῖς
3215 2813 3276 2867 τὸ
3300 2813 3623 2886 ἀκρόδρυον,
3643 2813 3768 2883 ῆτοι

2168 2910 2384 2982 καρπὸς
2412 2909 2633 2983 ὡραῖος,
2680 2909 2839 2963 τοῦτο
2884 2907 2982 2962 καὶ
3035 2910 3094 2962 ἐν
3138 2906 3338 2978 ψυχαῖς
3368 2906 3541 2975 ἁγίων
3589 2905 3766 2976 ἀρετὴ

2168 3001 2312 3072 καλὴ
2365 3000 2460 3056 καὶ
2481 3002 2672 3074 ἡδίστη
2705 3001 2785 3071 τῷ
2815 3000 2954 3072 Θεῷ.
2989 3000 3199 3054 Οὐκοῦν
3232 2999 3307 3063 ὡς
3338 2999 3515 3070 κῆπος
3548 2997 3766 3068 μεθύων

2170 3094 2343 3157 ἐσται,
2371 3095 2561 3165 φησιν,
2611 3095 2645 3165 ἡ
2677 3093 2825 3164 ψυχή
2860 3110 2976 3160 σου,
3005 3094 3094 3146 ναὶ
3125 3091 3230 3164 μὴν
3261 3091 3354 3146 καὶ
3391 3091 3468 3156 ὼς
3495 3091 3665 3160 πηγὴ,
3692 3089 3762 3160 ἣν

475 3181 654 3236 lenter
725 3180 1039 3254 irrigantes.
1098 3180 1454 3238 Contirtnabit
1515 3183 1678 3238 etiam
1763 3185 1877 3255 ipse
1931 3187 2064 3241 adeo

2176 3189 2251 3260 μὴ
2284 3187 2531 3269 ἐξέλιπεν
2566 3187 2731 3258 ὕδωρ.
2767 3185 3016 3240 Τοιοῦτοι
3061 3186 3352 3254 γεγόνασιν
3395 3185 3446 3238 οἱ
3482 3183 3763 3238 θεσπέσιοι

479 3275 868 3331 excellentium
949 3276 1215 3330 donorum
1309 3276 1677 3346 dispensator,
1758 3277 2062 3350 inquiens:

482 3370 628 3437 «Qui
653 3370 829 3426 credit
879 3370 934 3426 in
987 3385 1094 3436 me,
1136 3370 1773 3443 sicutidicitScriptura,
1841 3375 2065 3430 ﬂumina

476 3461 542 3517 de
575 3472 764 3519 ventre
820 3463 937 3533 ejus
991 3462 1160 3520 liuent
1210 3481 1364 3536 aquae
1394 3465 1522 3521 vitae
1542 3466 1612 3520 ⁵⁷.
1651 3485 1670 3518 ι
1702 3466 1770 3522 Ει
1831 3483 2062 3523 rursus:

481 3570 502 3606 ι
533 3551 722 3610 Omnis
751 3555 842 3624 qui
871 3554 1007 3610 bibit
1028 3556 1094 3611 de
1120 3571 1261 3627 aqua
1285 3557 1407 3623 hac,
1441 3556 1590 3613 sitiet
1625 3573 1838 3614 rursus.
1878 3559 1947 3614 At
1973 3559 2066 3630 qui

477 3650 615 3706 bibit
663 3665 728 3705 ex
762 3665 923 3720 aqua,
959 3665 1121 3720 quam
1172 3667 1274 3723 ego
1313 3653 1453 3707 dabo
1479 3655 1562 3720 ei,
1626 3652 1719 3708 ﬁet
1755 3653 1808 3709 in
1851 3669 1916 3710 eo
1949 3653 2070 3710 fons

476 3759 632 3813 aqua:
685 3743 931 3798 salientis
990 3744 1042 3798 in
1107 3745 1275 3798 vitam
1320 3746 1666 3800 retentam”.
1721 3765 1738 3797 ι
1790 3746 2068 3814 Ejusmodi

479 3849 602 3889 esse
641 3834 875 3890 dicimus
907 3842 1128 3889 sanctos
1175 3835 1452 3902 apostolos
1501 3845 1556 3891 et
1601 3837 1986 3908 evangelistas,
2017 3846 2072 3892 ct

478 3926 791 3994 quicunque
840 3923 1082 3979 divinum
1161 3926 1388 3979 verbum
1452 3928 1802 3993 annuntiant,
1871 3928 2068 3996 partim

481 4021 698 4088 quidem
729 4019 1042 4090 dogmatum
1107 4018 1298 4088 peritia
1353 4018 1613 4084 illustres,
1669 4022 1866 4090 partim
1892 4021 2071 4092 splen-

482 4111 632 4167 doris
665 4125 887 4181 operum
915 4111 1058 4166 viam
1088 4121 1599 4168 commonstrantes.
1663 4110 1730 4166 Et
1793 4127 1920 4168 ossa
1955 4123 2070 4182 tua,

477 4203 681 4275 inquit,
730 4205 874 4260 velut
931 4205 1096 4260 herba
1144 4207 1414 4273 orientur,
1473 4217 1527 4262 ct
1582 4207 1962 4276 pinguescenl,
2016 4217 2070 4264 et

476 4297 882 4353 hmreditahunt
932 4302 1316 4369 generationes
1365 4303 1799 4371 generatiuunm.
1851 4299 2072 4357 Videtur

483 4391 569 4445 his
617 4389 800 4446 verbis
850 4394 1271 4448 resurrectionis
1319 4394 1638 4465 mysterium
1671 4395 2068 4449 dett‘tonstrare.

473 4483 750 4555 Resurget
805 4485 950 4540 enim
1011 4495 1120 4539 tum
1186 4501 1407 4556 corpus,
1446 4501 1544 4542 ceu
1587 4486 1756 4541 herba
1815 4486 1867 4540 in
1916 4499 2069 4556 agro,

2178 3282 2550 3354 μυσταγωγοὶ,
2585 3281 2836 3352 καθάπερ
2864 3280 2974 3334 ἀπὸ
3004 3279 3188 3351 πηγῆς
3222 3278 3448 3333 ἀεννάου
3492 3277 3593 3348 τῆς
3639 3278 3768 3330 ἐαυ-

2173 3378 2283 3432 τῶν
2313 3377 2543 3449 καρδίας
2581 3373 2651 3428 τὰ
2687 3374 2790 3444 τῆς
2823 3371 3081 3436 εὐσεϐοῦς
3111 3370 3456 3434 διδασκαλίας
3485 3369 3771 3440 προϊόντες

2175 3471 2392 3541 νάματα
2412 3511 2426 3536 ,
2461 3467 2557 3522 καὶ
2581 3465 2680 3530 τὰς
2706 3465 2817 3519 τῶν
2853 3463 3258 3534 παιδευομένων
3287 3462 3464 3534 ψυχὰς
3493 3461 3771 3526 πλουσίως

2175 3561 2626 3634 καταρδεύοντες.
2663 3558 2773 3613 Καὶ
2808 3555 3140 3612 πιστώσεται
3179 3555 3354 3624 λέγων
3385 3554 3549 3618 αὐτὸς
3586 3557 3616 3607 ὀ
3659 3554 3771 3607 τῶν

2175 3654 2348 3717 οὕτως
2391 3651 2687 3724 ἐξαιρέτων
2733 3647 3091 3721 χαρισμάτων
3137 3645 3447 3718 διανομεύς.
3492 3665 3511 3698 ι
3565 3647 3624 3698 '0
3674 3663 3770 3699 πι-

2185 3745 2397 3800 στεύων
2453 3746 2534 3808 εἰς
2583 3744 2723 3814 ἐμέδ
2747 3741 2932 3806 καθὼς
2991 3737 3145 3795 εἶπεν
3183 3741 3217 3811 ἠ
3271 3739 3486 3811 Γραφὴ,
3533 3740 3774 3810 ποταμοὶ

2177 3843 2242 3895 ἐκ
2270 3841 2368 3912 τῆς
2413 3838 2618 3902 κοιλίας
2647 3836 2812 3891 αὑτοῦ
2842 3836 3128 3909 ῥεύσουσιν
3167 3835 3361 3898 ὓδατος
3389 3834 3557 3904 ζωῆς.
3606 3853 3625 3886 ι
3657 3834 3774 3888 Kal.

2178 3937 2344 3992 πάλιν
2363 3953 2375 3966 ·
2415 3955 2434 3987 ι
2477 3936 2594 3998 Πᾶς
2627 3936 2656 3988 ὀ
2683 3933 2854 3987 πίνων
2879 3934 2945 3986 ἐκ
2968 3931 3064 3986 τοῦ
3093 3931 3284 3995 ὓδατος
3325 3931 3517 3985 τούτου
3551 3929 3773 4002 διψήσει

2179 4029 2366 4096 πάλιν,
2418 4028 2476 4092 ὃς
2524 4027 2569 4081 δ’
2597 4025 2664 4082 ἂν
2717 4025 2818 4098 πίῃ
2859 4024 2924 4079 ἐκ
2962 4023 3058 4079 τοῦ
3109 4023 3300 4088 ὕδατος
3349 4018 3410 4078 οὗ
3460 4022 3573 4091 ἐγὼ
3613 4022 3775 4076 δώσω

2178 4121 2348 4192 αὐτῷ,
2386 4120 2676 4191 γενήσεται
2733 4119 2790 4171 ἐν
2841 4115 2992 4187 αὐτῷ
3033 4115 3183 4187 πηγὴ
3237 4113 3427 4177 ὓδατος
3473 4112 3772 4183 ἁλλομένου

2180 4213 2260 4275 είς
2276 4208 2420 4281 ζωὴν
2439 4207 2676 4261 αἰώνιον.
2706 4223 2727 4258 ι
2753 4204 3043 4267 Τοιούτους
3061 4199 3200 4258 εἷναί
3226 4218 3409 4272 φαμεν
3428 4200 3556 4264 τοὺς
3583 4199 3774 4268 ἁγίους

2180 4299 2513 4363 ἀποστόλους
2544 4317 2605 4352 τε
2635 4298 2730 4352 καὶ
2763 4294 3182 4366 εὐαγγελιστάς,
3216 4293 3312 4349 καὶ
3352 4294 3466 4348 ὅσοι
3505 4292 3596 4346 τὸν
3629 4291 3778 4345 θεῖον

2181 4395 2549 4468 πρεσϐεύουσι
2579 4393 2756 4463 λόγον,
2784 4391 2946 4445 τοῦτο
2991 4390 3090 4462 μὲν
3121 4385 3462 4460 δογματικῆς
3489 4385 3779 4456 εὐτεχνίας

2182 4491 2241 4544 ἐν
2275 4488 2428 4559 καλῷ
2463 4486 2770 4557 γεγονότες,
2797 4483 2956 4538 τοῦτο
3001 4483 3059 4536 δὲ
3087 4481 3185 4536 καὶ
3214 4481 3312 4550 τῆς
3345 4481 3402 4534 ἐν
3433 4478 3615 4552 ἔργοις
3643 4495 3776 4547 φαια

484 4591 604 4645 (μιξιέ
636 4587 878 4644 tempore
919 4578 1153 4633 hiberno
1194 4581 1464 4635 emarcuit
1500 4579 1808 4644 ctoccidit;
1864 4581 2064 4635 ridente

2180 4582 2440 4654 δρότητος
2479 4580 2579 4651 τὴν
2607 4578 2725 4632 ὁδὸν
2769 4575 3225 4638 ἐκκαλύπτοντες.
3251 4573 3362 4628 Καὶ
3399 4572 3470 4626 τὰ
3512 4572 3648 4626 ὀστᾶ
3678 4589 3781 4625 σου

485 4675 664 4721 autem
696 4682 863 4723 verna
909 4672 1223 4737 serenitate,
1277 4673 1471 4727 iterum
1528 4673 1682 4744 quasi
1741 4674 2070 4738 renascitur,

483 4766 542 4815 et.
571 4761 638 4814 ad
663 4775 813 4816 suam
845 4764 1146 4820 naturalem
1172 4766 1632 4835 pulchritudinem
1661 4765 1822 4819 redit.
1849 4765 2068 4829 Exorta,

480 4853 682 4923 inquit,
731 4869 877 4923 ossa,
932 4856 1081 4913 velut
1147 4859 1356 4922 herba,
1411 4857 1786 4927 pinguescent,
1849 4857 2068 4913 viviﬁca

485 4947 696 5004 scilicet
732 4951 929 5019 gratia,
963 4967 1085 5022 quae
1115 4960 1248 5007 esta
1286 4952 1418 5007 Deo.
1455 4951 1647 5007 Psallit
1697 4951 1839 5007 enim
1873 4952 2071 5007 alicubi

486 5041 737 5110 etinquit
770 5042 986 5098 divinus
1025 5045 1197 5098 David
1232 5062 1244 5098 :
1281 5064 1299 5096 ι
1337 5045 1570 5101 Ernittes
1595 5045 1863 5115 Spiritum
1899 5055 2074 5112 tuum,

486 5141 543 5187 et
604 5133 956 5199 creabantur,
997 5145 1052 5189 et
1102 5136 1389 5191 renovabis
1448 5136 1638 5192 faciem
1697 5146 1854 5190 terra:
1875 5135 1986 5203 ⁵⁵,ι
2023 5137 2074 5190 id

485 5232 590 5288 est,
645 5226 988 5278 terrestrium
1050 5225 1372 5281 incolarum.
1434 5227 1570 5282 Tum
1632 5226 2074 5281 haereditahimus

489 5317 870 5386 generationes
897 5319 1330 5386 generationum,
1363 5321 1416 5374 in
1440 5319 1830 5391 longitudinem
1865 5319 2074 5374 dierttm

487 5409 760 5472 videlicet,
798 5419 984 5464 .morte
1016 5410 1214 5466 abolita
1245 5421 1301 5467 et
1349 5412 1558 5467 sublata
1593 5413 1644 5467 in
1678 5421 1848 5466 totum
1889 5427 2079 5467 corru-

488 5502 695 5568 ptione.
725 5500 991 5557 Dicuntur
1020 5517 1163 5572 saepe
1209 5505 1261 5558 in
1297 5504 1581 5574 Scriptura
1613 5505 1873 5560 divinitus
1905 5505 2078 5574 inspi-

485 5607 623 5665 rata,
681 5609 808 5650 ossa
865 5597 1033 5652 animi
1086 5597 1466 5670 intelligibilia,
1524 5605 1762 5654 actuosae
1826 5598 2077 5668 quaedam

2179 4674 2258 4740 δὲ,
2290 4672 2478 4745 φησὶν,
2502 4672 2577 4735 ὡς
2603 4670 2799 4742 βοτάνη
2823 4668 3091 4734 άνατελεῖ,
3115 4668 3210 4722 καὶ
3235 4663 3647 4736 πιανθήσονται,
3678 4665 3784 4718 καὶ

2179 4766 2650 4838 κληρονομήσουσι
2682 4760 2876 4832 γενεὰς
2905 4760 3133 4830 γενεῶν.
3193 4760 3412 4813 Ἔοικεν
3457 4759 3517 4812 ἐν
3563 4757 3787 4822 τούτοις

2181 4857 2243 4910 τὸ
2271 4856 2373 4928 τῆς
2409 4854 2762 4918 ἀναστάσεως
2791 4850 3130 4922 καταδηλοῦν
3163 4850 3485 4920 μυστήριον·
3534 4848 3788 4916 ἀναστή-

2183 4963 2335 5002 σεται
2368 4943 2480 5016 γάρ
2503 4941 2622 4997 τότε
2652 4942 2713 4997 τὸ
2751 4940 2931 5011 σῶμα,
2960 4940 3212 5010 καθάπερ
3237 4955 3322 5002 τις
3357 4939 3416 4990 ἐν
3449 4937 3605 5010 ἀγρῷ
3643 4937 3786 5002 πόα,

2181 5038 2324 5093 κατὰ
2371 5037 2470 5108 μὲν
2506 5035 2604 5107 τὴν
2636 5033 2730 5088 τοῦ
2779 5032 3047 5104 χειμῶνος
3110 5030 3259 5101 ὥραν
3296 5029 3636 5101 μαρανθεῖσα
3684 5029 3792 5081 καὶ

2181 5129 2564 5200 καταμύσασα,
2593 5124 2840 5195 γελώσης
2869 5140 2932 5192 γε
2977 5121 3082 5194 μὴν
3122 5121 3344 5193 ἐαρινῆς
3388 5119 3594 5184 εὐδίας,
3647 5119 3790 5172 ἀνα-

2185 5226 2385 5294 φυεῖσα
2439 5219 2636 5286 πάλιν,
2690 5217 2784 5272 καὶ
2849 5211 2960 5270 οἷον
3012 5215 3430 5284 ὑπονοστήσασα
3495 5212 3631 5282 πρὸς
3685 5210 3790 5265 τὸν

2184 5318 2374 5371 ἐνόντα
2403 5314 2540 5386 αὐτῇ
2570 5312 2710 5367 κατά
2744 5311 2905 5381 φύσιν
2935 5309 3237 5382 ὡραϊσμόν.
3289 5306 3679 5360 Ἀνατείλαντά
3716 5323 3786 5374 γε

2191 5411 2298 5484 μὴν
2333 5409 2409 5470 ὡς
2454 5407 2654 5478 βοτάνη
2714 5404 2783 5458 τὰ
2823 5403 2958 5457 ὀστᾶ
3026 5400 3584 5472 καταπιανθήσονται,
3618 5401 3786 5470 φησὶ,

2185 5505 2251 5574 τῇ
2285 5499 2532 5570 ζωοποιῷ
2589 5496 2832 5568 δηλονότι
2863 5497 3045 5566 χάριτι
3085 5497 3149 5566 τῇ
3187 5492 3340 5565 παρὰ
3373 5491 3531 5547 Θεοῦ.
3565 5491 3787 5545 Ψάλλει

2186 5595 2294 5666 γάρ
2327 5609 2428 5646 που
2459 5589 2552 5644 καί
2593 5606 2757 5659 φησιν
2787 5590 2815 5640 ὁ
2847 5585 3129 5650 θεσπέσιος
3159 5584 3352 5638 Δαϐίδ⁸
3387 5603 3406 5636 ι
3451 5582 3787 5648 Ἐξαποστε-

500 5801 614 5882 η..ιῖ
640 5798 840 5882 ις’-ειη,
880 5814 1008 5882 ay,
1034 5798 1125 5854 27.
1227 5799 1274 5834 ⁵⁸
1312 5797 1456 5857 Psal.
1489 5816 1624 5868 χχιι,
1668 5799 1721 5869 5,
1753 5799 1808 5854 θ.
1989 5796 2064 5853 C3

2201 5813 2276 5866 vt,
2314 5799 2397 5853 10.
2503 5800 2555 5834 δτ
2587 5798 2745 5856 Joan.
2806 5811 2902 5862 vtt,
2952 5794 3041 5848 58.
3139 5793 3186 5825 ⁵⁸
3221 5791 3378 5848 Joan.
3423 5808 3495 5860 tv,
3541 5763 3634 5858 l5,
3682 5790 3784 5874 i4.

525 5849 543 5878 ⁹
576 5849 722 5924 Ρεὶιιζ
744 5849 984 5935 “arma.

481 5925 486 5934 ι
