  <div class='ocr_page' id='page_1' title='image "/cluster/home/n/w/nwhite01/storage/ocr_20150623/70:no.3/coo.31924054869726/656.png"; bbox 0 0 4100 6470; ppageno 0'>
   <div class='ocr_carea' id='block_1_1' title="bbox 321 425 461 478">
    <p class='ocr_par' dir='ltr' id='par_1_1' title="bbox 321 425 461 478">
     <span class='ocr_line' id='line_1_1' title="bbox 321 425 461 478; baseline -0.007 -1"><span class='ocrx_word' id='word_1_1' title='bbox 321 425 461 478; x_wconf 65' lang='lat'><strong>1297</strong></span> 
     </span>
    </p>
   </div>
   <div class='ocr_carea' id='block_1_2' title="bbox 1440 432 2490 500">
    <p class='ocr_par' dir='ltr' id='par_1_2' title="bbox 1440 432 2490 500">
     <span class='ocr_line' id='line_1_2' title="bbox 1440 432 2490 500; baseline 0.013 -14"><span class='ocrx_word' id='word_1_2' title='bbox 1440 432 1503 486; x_wconf 76' lang='grc' dir='ltr'><strong>ΙΝ</strong></span> <span class='ocrx_word' id='word_1_3' title='bbox 1548 433 1785 490; x_wconf 82' lang='lat' dir='ltr'><strong>ISAIAM</strong></span> <span class='ocrx_word' id='word_1_4' title='bbox 1826 437 1957 491; x_wconf 85' lang='lat' dir='ltr'><strong>LIB.</strong></span> <span class='ocrx_word' id='word_1_5' title='bbox 2007 439 2068 494; x_wconf 83' lang='lat' dir='ltr'><strong>V.</strong></span> <span class='ocrx_word' id='word_1_6' title='bbox 2114 441 2357 498; x_wconf 82' lang='lat' dir='ltr'><strong>TOMUS</strong></span> <span class='ocrx_word' id='word_1_7' title='bbox 2400 444 2490 500; x_wconf 85' lang='lat' dir='ltr'><strong>IV.</strong></span> 
     </span>
    </p>
   </div>
   <div class='ocr_carea' id='block_1_3' title="bbox 3492 453 3628 543">
    <p class='ocr_par' dir='ltr' id='par_1_3' title="bbox 3492 453 3628 543">
     <span class='ocr_line' id='line_1_3' title="bbox 3492 453 3628 543; baseline 0.015 -37"><span class='ocrx_word' id='word_1_8' title='bbox 3492 453 3628 543; x_wconf 56' lang='lat'><strong>129$</strong></span> 
     </span>
    </p>
   </div>
   <div class='ocr_carea' id='block_1_4' title="bbox 309 536 1920 633">
    <p class='ocr_par' dir='ltr' id='par_1_4' title="bbox 309 536 1887 617">
     <span class='ocr_line' id='line_1_4' title="bbox 309 536 1887 617; baseline 0.009 -26"><span class='ocrx_word' id='word_1_9' title='bbox 309 538 429 602; x_wconf 72' lang='grc' dir='ltr'><strong>λείς</strong></span> <span class='ocrx_word' id='word_1_10' title='bbox 457 537 518 592; x_wconf 85' lang='grc' dir='ltr'><strong>τδ</strong></span> <span class='ocrx_word' id='word_1_11' title='bbox 551 536 778 608; x_wconf 82' lang='grc' dir='ltr'>Πνεῦμά</span> <span class='ocrx_word' id='word_1_12' title='bbox 813 557 930 608; x_wconf 87' lang='grc' dir='ltr'>σου,</span> <span class='ocrx_word' id='word_1_13' title='bbox 979 543 1076 596; x_wconf 74' lang='grc' dir='ltr'><strong>καὶ</strong></span> <span class='ocrx_word' id='word_1_14' title='bbox 1120 544 1528 617; x_wconf 85' lang='grc' dir='ltr'>κτισθήσονται,</span> <span class='ocrx_word' id='word_1_15' title='bbox 1561 550 1656 602; x_wconf 84' lang='grc' dir='ltr'>καὶ</span> <span class='ocrx_word' id='word_1_16' title='bbox 1687 550 1887 605; x_wconf 82' lang='grc' dir='ltr'>ἀνακαι</span> 
     </span>
    </p>
   </div>
   <div class='ocr_carea' id='block_1_5' title="bbox 2025 536 3631 633">
    <p class='ocr_par' dir='ltr' id='par_1_5' title="bbox 2025 555 3631 633">
     <span class='ocr_line' id='line_1_5' title="bbox 2025 555 3631 633; baseline 0.01 -23"><span class='ocrx_word' id='word_1_17' title='bbox 2025 555 2140 625; x_wconf 87' lang='lat' dir='ltr'><strong>ejus</strong></span> <span class='ocrx_word' id='word_1_18' title='bbox 2172 555 2461 616; x_wconf 76' lang='lat' dir='ltr'><strong>facultates</strong></span> <span class='ocrx_word' id='word_1_19' title='bbox 2484 569 2539 616; x_wconf 89' lang='lat' dir='ltr'><strong>et</strong></span> <span class='ocrx_word' id='word_1_20' title='bbox 2575 561 2836 633; x_wconf 81' lang='lat' dir='ltr'><strong>energiae,</strong></span> <span class='ocrx_word' id='word_1_21' title='bbox 2906 575 2965 618; x_wconf 92' lang='lat' dir='ltr'><strong>ut</strong></span> <span class='ocrx_word' id='word_1_22' title='bbox 2995 579 3120 620; x_wconf 85' lang='lat' dir='ltr'><strong>cum</strong></span> <span class='ocrx_word' id='word_1_23' title='bbox 3144 564 3347 622; x_wconf 88' lang='lat' dir='ltr'><strong>dicitur</strong></span> <span class='ocrx_word' id='word_1_24' title='bbox 3382 585 3394 622; x_wconf 95' lang='lat'><strong>:</strong></span> <span class='ocrx_word' id='word_1_25' title='bbox 3441 587 3458 619; x_wconf 82' lang='grc' dir='ltr'><strong>ι</strong></span> <span class='ocrx_word' id='word_1_26' title='bbox 3488 569 3631 626; x_wconf 89' lang='lat' dir='ltr'><strong>Deus</strong></span> 
     </span>
    </p>
   </div>
   <div class='ocr_carea' id='block_1_6' title="bbox 311 630 1924 716">
    <p class='ocr_par' dir='ltr' id='par_1_6' title="bbox 311 630 1924 716">
     <span class='ocr_line' id='line_1_6' title="bbox 311 630 1924 716; baseline 0.008 -32"><span class='ocrx_word' id='word_1_27' title='bbox 311 634 450 696; x_wconf 82' lang='grc' dir='ltr'><strong>νιεῖς</strong></span> <span class='ocrx_word' id='word_1_28' title='bbox 473 630 534 685; x_wconf 84' lang='grc' dir='ltr'>τὸ</span> <span class='ocrx_word' id='word_1_29' title='bbox 566 633 862 704; x_wconf 89' lang='grc' dir='ltr'>πρόσωπον</span> <span class='ocrx_word' id='word_1_30' title='bbox 889 636 990 706; x_wconf 85' lang='grc' dir='ltr'>τῆς</span> <span class='ocrx_word' id='word_1_31' title='bbox 1015 637 1140 709; x_wconf 82' lang='grc' dir='ltr'>γῆς,</span> <span class='ocrx_word' id='word_1_32' title='bbox 1182 656 1200 690; x_wconf 87' lang='grc' dir='ltr'><strong>ι</strong></span> <span class='ocrx_word' id='word_1_33' title='bbox 1233 639 1505 704; x_wconf 82' lang='grc' dir='ltr'><strong>τουτέστι,</strong></span> <span class='ocrx_word' id='word_1_34' title='bbox 1528 640 1639 694; x_wconf 90' lang='grc' dir='ltr'><strong>τῶν</strong></span> <span class='ocrx_word' id='word_1_35' title='bbox 1675 643 1770 697; x_wconf 72' lang='grc' dir='ltr'><strong>ἐπὶ</strong></span> <span class='ocrx_word' id='word_1_36' title='bbox 1795 644 1924 716; x_wconf 84' lang='grc' dir='ltr'>γῆς,</span> 
     </span>
    </p>
   </div>
   <div class='ocr_carea' id='block_1_7' title="bbox 311 716 1924 805">
    <p class='ocr_par' dir='ltr' id='par_1_7' title="bbox 311 716 1924 805">
     <span class='ocr_line' id='line_1_7' title="bbox 311 716 1924 805; baseline 0.007 -30"><span class='ocrx_word' id='word_1_37' title='bbox 311 716 453 777; x_wconf 81' lang='grc' dir='ltr'>Τότε</span> <span class='ocrx_word' id='word_1_38' title='bbox 487 722 974 797; x_wconf 85' lang='grc' dir='ltr'>κληρονομήσομεν</span> <span class='ocrx_word' id='word_1_39' title='bbox 1007 728 1202 796; x_wconf 87' lang='grc' dir='ltr'>γενεὰς</span> <span class='ocrx_word' id='word_1_40' title='bbox 1237 729 1464 798; x_wconf 82' lang='grc' dir='ltr'><strong>γενεῶν,</strong></span> <span class='ocrx_word' id='word_1_41' title='bbox 1503 733 1924 805; x_wconf 71' lang='grc' dir='ltr'>μακροημέρευσ</span> 
     </span>
    </p>
   </div>
   <div class='ocr_carea' id='block_1_8' title="bbox 316 815 1927 898">
    <p class='ocr_par' dir='ltr' id='par_1_8' title="bbox 316 815 1927 898">
     <span class='ocr_line' id='line_1_8' title="bbox 316 815 1927 898; baseline 0.007 -30"><span class='ocrx_word' id='word_1_42' title='bbox 316 834 407 869; x_wconf 90' lang='grc' dir='ltr'><strong>σιν</strong></span> <span class='ocrx_word' id='word_1_43' title='bbox 433 815 680 886; x_wconf 87' lang='grc' dir='ltr'>δηλονότι</span> <span class='ocrx_word' id='word_1_44' title='bbox 702 819 1146 892; x_wconf 84' lang='grc' dir='ltr'>καταργηθέντος</span> <span class='ocrx_word' id='word_1_45' title='bbox 1170 821 1424 890; x_wconf 83' lang='grc' dir='ltr'>θανάτου,</span> <span class='ocrx_word' id='word_1_46' title='bbox 1455 825 1550 879; x_wconf 75' lang='grc' dir='ltr'><strong>καὶ</strong></span> <span class='ocrx_word' id='word_1_47' title='bbox 1570 826 1927 898; x_wconf 79' lang='grc' dir='ltr'><strong>ἀνῃρημένης</strong></span> 
     </span>
    </p>
   </div>
   <div class='ocr_carea' id='block_1_9' title="bbox 310 907 1926 990">
    <p class='ocr_par' dir='ltr' id='par_1_9' title="bbox 310 907 1926 990">
     <span class='ocr_line' id='line_1_9' title="bbox 310 907 1926 990; baseline 0.009 -31"><span class='ocrx_word' id='word_1_48' title='bbox 310 907 551 963; x_wconf 84' lang='grc' dir='ltr'>εἰσάπαν</span> <span class='ocrx_word' id='word_1_49' title='bbox 608 909 708 980; x_wconf 80' lang='grc' dir='ltr'>τῆς</span> <span class='ocrx_word' id='word_1_50' title='bbox 759 911 988 982; x_wconf 81' lang='grc' dir='ltr'>φθορᾶς.</span> <span class='ocrx_word' id='word_1_51' title='bbox 1048 914 1283 986; x_wconf 68' lang='grc' dir='ltr'>Εἴρηται</span> <span class='ocrx_word' id='word_1_52' title='bbox 1331 915 1388 969; x_wconf 82' lang='grc' dir='ltr'>δὲ</span> <span class='ocrx_word' id='word_1_53' title='bbox 1439 917 1770 990; x_wconf 86' lang='grc' dir='ltr'>πλεισταχοῦ</span> <span class='ocrx_word' id='word_1_54' title='bbox 1825 920 1926 990; x_wconf 83' lang='grc' dir='ltr'><strong>τῆς</strong></span> 
     </span>
    </p>
   </div>
   <div class='ocr_carea' id='block_1_10' title="bbox 311 1000 1926 1084">
    <p class='ocr_par' dir='ltr' id='par_1_10' title="bbox 311 1000 1926 1084">
     <span class='ocr_line' id='line_1_10' title="bbox 311 1000 1926 1084; baseline 0.007 -30"><span class='ocrx_word' id='word_1_55' title='bbox 311 1000 687 1057; x_wconf 86' lang='grc' dir='ltr'>θεοπνεύστου</span> <span class='ocrx_word' id='word_1_56' title='bbox 730 1003 981 1076; x_wconf 85' lang='grc' dir='ltr'>Γραφῆς,</span> <span class='ocrx_word' id='word_1_57' title='bbox 1011 1007 1147 1062; x_wconf 86' lang='grc' dir='ltr'>ὀστᾶ</span> <span class='ocrx_word' id='word_1_58' title='bbox 1177 1008 1360 1080; x_wconf 73' lang='grc' dir='ltr'>ψυχῆς</span> <span class='ocrx_word' id='word_1_59' title='bbox 1392 1011 1583 1083; x_wconf 83' lang='grc' dir='ltr'>νοητὰ,</span> <span class='ocrx_word' id='word_1_60' title='bbox 1620 1013 1926 1084; x_wconf 86' lang='grc' dir='ltr'>πρακτικαί</span> 
     </span>
    </p>
   </div>
   <div class='ocr_carea' id='block_1_11' title="bbox 309 1095 1926 1176">
    <p class='ocr_par' dir='ltr' id='par_1_11' title="bbox 309 1095 1926 1176">
     <span class='ocr_line' id='line_1_11' title="bbox 309 1095 1926 1176; baseline 0.008 -31"><span class='ocrx_word' id='word_1_61' title='bbox 309 1111 463 1158; x_wconf 88' lang='grc' dir='ltr'>τινες</span> <span class='ocrx_word' id='word_1_62' title='bbox 504 1095 678 1166; x_wconf 76' lang='grc' dir='ltr'>αὐτῆς</span> <span class='ocrx_word' id='word_1_63' title='bbox 737 1096 999 1170; x_wconf 84' lang='grc' dir='ltr'>δυνάμεις</span> <span class='ocrx_word' id='word_1_64' title='bbox 1047 1099 1143 1155; x_wconf 62' lang='grc' dir='ltr'><strong>καὶ⁴</strong></span> <span class='ocrx_word' id='word_1_65' title='bbox 1187 1102 1484 1174; x_wconf 78' lang='grc' dir='ltr'>ἐνέργειαι,</span> <span class='ocrx_word' id='word_1_66' title='bbox 1538 1104 1615 1168; x_wconf 86' lang='grc' dir='ltr'>ὡς</span> <span class='ocrx_word' id='word_1_67' title='bbox 1662 1103 1720 1160; x_wconf 76' lang='grc' dir='ltr'>ἐν</span> <span class='ocrx_word' id='word_1_68' title='bbox 1753 1123 1819 1172; x_wconf 90' lang='grc' dir='ltr'><strong>γε</strong></span> <span class='ocrx_word' id='word_1_69' title='bbox 1847 1104 1926 1176; x_wconf 84' lang='grc' dir='ltr'><strong>τῷ</strong></span> 
     </span>
    </p>
   </div>
   <div class='ocr_carea' id='block_1_12' title="bbox 312 1187 1927 1270">
    <p class='ocr_par' dir='ltr' id='par_1_12' title="bbox 312 1187 1927 1270">
     <span class='ocr_line' id='line_1_12' title="bbox 312 1187 1927 1270; baseline 0.007 -29"><span class='ocrx_word' id='word_1_70' title='bbox 312 1187 508 1256; x_wconf 84' lang='grc' dir='ltr'><strong>φάναι,</strong></span> <span class='ocrx_word' id='word_1_71' title='bbox 538 1188 622 1243; x_wconf 83' lang='grc' dir='ltr'>ὅτι</span> <span class='ocrx_word' id='word_1_72' title='bbox 649 1207 667 1241; x_wconf 80' lang='grc' dir='ltr'><strong>ι</strong></span> <span class='ocrx_word' id='word_1_73' title='bbox 694 1189 752 1243; x_wconf 90' lang='lat'><strong>&#39;0</strong></span> <span class='ocrx_word' id='word_1_74' title='bbox 785 1189 918 1255; x_wconf 78' lang='grc' dir='ltr'><strong>Θεὸς</strong></span> <span class='ocrx_word' id='word_1_75' title='bbox 959 1191 1342 1264; x_wconf 83' lang='grc' dir='ltr'><strong>διεσκόρπισεν</strong></span> <span class='ocrx_word' id='word_1_76' title='bbox 1388 1195 1522 1249; x_wconf 86' lang='grc' dir='ltr'>ὀστᾶ</span> <span class='ocrx_word' id='word_1_77' title='bbox 1569 1195 1927 1270; x_wconf 88' lang='grc' dir='ltr'>ἀνθρωπαρέ-</span> 
     </span>
    </p>
   </div>
   <div class='ocr_carea' id='block_1_13' title="bbox 314 1281 1925 1362">
    <p class='ocr_par' dir='ltr' id='par_1_13' title="bbox 314 1281 1925 1362">
     <span class='ocr_line' id='line_1_13' title="bbox 314 1281 1925 1362; baseline 0.009 -30"><span class='ocrx_word' id='word_1_78' title='bbox 314 1297 485 1333; x_wconf 90' lang='grc' dir='ltr'>σκων.</span> <span class='ocrx_word' id='word_1_79' title='bbox 511 1300 530 1332; x_wconf 87' lang='grc' dir='ltr'><strong>ι</strong></span> <span class='ocrx_word' id='word_1_80' title='bbox 555 1281 630 1334; x_wconf 79' lang='grc' dir='ltr'><strong>Οὐ</strong></span> <span class='ocrx_word' id='word_1_81' title='bbox 664 1281 774 1354; x_wconf 86' lang='grc' dir='ltr'><strong>γάρ</strong></span> <span class='ocrx_word' id='word_1_82' title='bbox 803 1301 886 1338; x_wconf 91' lang='grc' dir='ltr'><strong>τοι</strong></span> <span class='ocrx_word' id='word_1_83' title='bbox 916 1282 986 1339; x_wconf 76' lang='grc' dir='ltr'><strong>τὰ</strong></span> <span class='ocrx_word' id='word_1_84' title='bbox 1016 1285 1111 1338; x_wconf 90' lang='grc' dir='ltr'><strong>τοῦ</strong></span> <span class='ocrx_word' id='word_1_85' title='bbox 1145 1285 1400 1358; x_wconf 84' lang='grc' dir='ltr'>σώματος</span> <span class='ocrx_word' id='word_1_86' title='bbox 1422 1288 1559 1343; x_wconf 83' lang='grc' dir='ltr'><strong>ὀστᾶ</strong></span> <span class='ocrx_word' id='word_1_87' title='bbox 1585 1288 1925 1362; x_wconf 84' lang='grc' dir='ltr'><strong>διασκίδνησι</strong></span> 
     </span>
    </p>
   </div>
   <div class='ocr_carea' id='block_1_14' title="bbox 310 1372 1924 1455">
    <p class='ocr_par' dir='ltr' id='par_1_14' title="bbox 310 1372 1924 1455">
     <span class='ocr_line' id='line_1_14' title="bbox 310 1372 1924 1455; baseline 0.009 -30"><span class='ocrx_word' id='word_1_88' title='bbox 310 1372 472 1436; x_wconf 83' lang='grc' dir='ltr'>Θεὸς,</span> <span class='ocrx_word' id='word_1_89' title='bbox 521 1373 812 1446; x_wconf 87' lang='grc' dir='ltr'>συνθραύει</span> <span class='ocrx_word' id='word_1_90' title='bbox 859 1377 919 1431; x_wconf 79' lang='grc' dir='ltr'>δὲ</span> <span class='ocrx_word' id='word_1_91' title='bbox 969 1378 1170 1450; x_wconf 78' lang='grc' dir='ltr'>μᾶλλον</span> <span class='ocrx_word' id='word_1_92' title='bbox 1216 1380 1316 1445; x_wconf 86' lang='grc' dir='ltr'><strong>τάς</strong></span> <span class='ocrx_word' id='word_1_93' title='bbox 1361 1385 1464 1454; x_wconf 82' lang='grc' dir='ltr'>τῆς</span> <span class='ocrx_word' id='word_1_94' title='bbox 1516 1382 1694 1455; x_wconf 76' lang='grc' dir='ltr'>ψυχῆς</span> <span class='ocrx_word' id='word_1_95' title='bbox 1741 1385 1924 1440; x_wconf 78' lang='grc' dir='ltr'>αὐτῶν</span> 
     </span>
    </p>
   </div>
   <div class='ocr_carea' id='block_1_15' title="bbox 311 1466 1924 1551">
    <p class='ocr_par' dir='ltr' id='par_1_15' title="bbox 311 1466 1924 1551">
     <span class='ocr_line' id='line_1_15' title="bbox 311 1466 1924 1551; baseline 0.01 -33"><span class='ocrx_word' id='word_1_96' title='bbox 311 1466 596 1537; x_wconf 82' lang='grc' dir='ltr'>δυνάμεις,</span> <span class='ocrx_word' id='word_1_97' title='bbox 631 1466 774 1522; x_wconf 86' lang='grc' dir='ltr'>ῶστε</span> <span class='ocrx_word' id='word_1_98' title='bbox 804 1469 972 1540; x_wconf 84' lang='grc' dir='ltr'>μηδὲν</span> <span class='ocrx_word' id='word_1_99' title='bbox 996 1471 1256 1528; x_wconf 84' lang='grc' dir='ltr'>δύνασθαι</span> <span class='ocrx_word' id='word_1_100' title='bbox 1281 1475 1585 1548; x_wconf 83' lang='grc' dir='ltr'><strong>κατορθοῦν</strong></span> <span class='ocrx_word' id='word_1_101' title='bbox 1614 1479 1724 1532; x_wconf 89' lang='grc' dir='ltr'><strong>τῶν</strong></span> <span class='ocrx_word' id='word_1_102' title='bbox 1753 1479 1924 1551; x_wconf 84' lang='grc' dir='ltr'>ὁρών-</span> 
     </span>
    </p>
   </div>
   <div class='ocr_carea' id='block_1_16' title="bbox 309 1560 1922 1642">
    <p class='ocr_par' dir='ltr' id='par_1_16' title="bbox 309 1560 1922 1642">
     <span class='ocr_line' id='line_1_16' title="bbox 309 1560 1922 1642; baseline 0.01 -28"><span class='ocrx_word' id='word_1_103' title='bbox 309 1577 426 1615; x_wconf 90' lang='grc' dir='ltr'><strong>των</strong></span> <span class='ocrx_word' id='word_1_104' title='bbox 453 1560 530 1632; x_wconf 85' lang='grc' dir='ltr'><strong>(Ι)</strong></span> <span class='ocrx_word' id='word_1_105' title='bbox 563 1563 784 1630; x_wconf 82' lang='grc' dir='ltr'>αὐτοὺς,</span> <span class='ocrx_word' id='word_1_106' title='bbox 817 1565 915 1618; x_wconf 72' lang='grc' dir='ltr'>καὶ</span> <span class='ocrx_word' id='word_1_107' title='bbox 941 1565 1042 1620; x_wconf 67' lang='grc' dir='ltr'>οὐκ</span> <span class='ocrx_word' id='word_1_108' title='bbox 1074 1567 1155 1632; x_wconf 86' lang='grc' dir='ltr'><strong>είς</strong></span> <span class='ocrx_word' id='word_1_109' title='bbox 1181 1568 1340 1634; x_wconf 81' lang='grc' dir='ltr'>δόξαν</span> <span class='ocrx_word' id='word_1_110' title='bbox 1367 1569 1504 1625; x_wconf 88' lang='grc' dir='ltr'>Θεοῦ</span> <span class='ocrx_word' id='word_1_111' title='bbox 1538 1572 1762 1642; x_wconf 82' lang='grc' dir='ltr'>μᾶλλον,</span> <span class='ocrx_word' id='word_1_112' title='bbox 1799 1573 1922 1630; x_wconf 81' lang='grc' dir='ltr'>οὔτε</span> 
     </span>
    </p>
   </div>
   <div class='ocr_carea' id='block_1_17' title="bbox 321 1653 1923 1736">
    <p class='ocr_par' dir='ltr' id='par_1_17' title="bbox 321 1653 1923 1736">
     <span class='ocr_line' id='line_1_17' title="bbox 321 1653 1923 1736; baseline 0.012 -33"><span class='ocrx_word' id='word_1_113' title='bbox 321 1653 432 1724; x_wconf 85' lang='grc' dir='ltr'>μὴν</span> <span class='ocrx_word' id='word_1_114' title='bbox 464 1655 548 1717; x_wconf 81' lang='grc' dir='ltr'>εἰς</span> <span class='ocrx_word' id='word_1_115' title='bbox 581 1654 771 1726; x_wconf 82' lang='grc' dir='ltr'>δνησιν</span> <span class='ocrx_word' id='word_1_116' title='bbox 803 1657 904 1727; x_wconf 85' lang='grc' dir='ltr'>τῆς</span> <span class='ocrx_word' id='word_1_117' title='bbox 933 1658 1115 1714; x_wconf 84' lang='grc' dir='ltr'>αὐτῶν</span> <span class='ocrx_word' id='word_1_118' title='bbox 1143 1660 1323 1734; x_wconf 81' lang='grc' dir='ltr'>ψυχῆς</span> <span class='ocrx_word' id='word_1_119' title='bbox 1351 1664 1692 1736; x_wconf 80' lang='grc' dir='ltr'>πράττεσθαί</span> <span class='ocrx_word' id='word_1_120' title='bbox 1720 1685 1774 1722; x_wconf 94' lang='grc' dir='ltr'><strong>τι</strong></span> <span class='ocrx_word' id='word_1_121' title='bbox 1814 1669 1923 1723; x_wconf 91' lang='grc' dir='ltr'><strong>τῶν</strong></span> 
     </span>
    </p>
   </div>
   <div class='ocr_carea' id='block_1_18' title="bbox 310 1747 1916 1835">
    <p class='ocr_par' dir='ltr' id='par_1_18' title="bbox 310 1747 1916 1835">
     <span class='ocr_line' id='line_1_18' title="bbox 310 1747 1916 1835; baseline 0.011 -37"><span class='ocrx_word' id='word_1_122' title='bbox 310 1747 448 1816; x_wconf 85' lang='grc' dir='ltr'>παρ’</span> <span class='ocrx_word' id='word_1_123' title='bbox 470 1748 703 1813; x_wconf 79' lang='grc' dir='ltr'>ἐκείνοις</span> <span class='ocrx_word' id='word_1_124' title='bbox 720 1751 885 1818; x_wconf 80' lang='grc' dir='ltr'>φιλεῖ.</span> <span class='ocrx_word' id='word_1_125' title='bbox 918 1751 1064 1825; x_wconf 78' lang='grc' dir='ltr'>Ἔφη</span> <span class='ocrx_word' id='word_1_126' title='bbox 1086 1754 1145 1808; x_wconf 85' lang='grc' dir='ltr'>δὲ</span> <span class='ocrx_word' id='word_1_127' title='bbox 1171 1755 1333 1811; x_wconf 87' lang='grc' dir='ltr'>πάλιν</span> <span class='ocrx_word' id='word_1_128' title='bbox 1354 1758 1384 1810; x_wconf 89' lang='grc' dir='ltr'><strong>ό</strong></span> <span class='ocrx_word' id='word_1_129' title='bbox 1409 1758 1697 1826; x_wconf 84' lang='grc' dir='ltr'><strong>Θεσπέσιος</strong></span> <span class='ocrx_word' id='word_1_130' title='bbox 1723 1763 1916 1835; x_wconf 83' lang='grc' dir='ltr'>Μελῳ-</span> 
     </span>
    </p>
   </div>
   <div class='ocr_carea' id='block_1_19' title="bbox 2028 651 3628 731">
    <p class='ocr_par' dir='ltr' id='par_1_19' title="bbox 2028 651 3628 731">
     <span class='ocr_line' id='line_1_19' title="bbox 2028 651 3628 731; baseline 0.008 -25"><span class='ocrx_word' id='word_1_131' title='bbox 2028 651 2285 722; x_wconf 81' lang='lat' dir='ltr'><strong>dispersit</strong></span> <span class='ocrx_word' id='word_1_132' title='bbox 2331 671 2453 710; x_wconf 87' lang='lat' dir='ltr'><strong>ossa</strong></span> <span class='ocrx_word' id='word_1_133' title='bbox 2511 671 2703 712; x_wconf 84' lang='lat' dir='ltr'><strong>eorum</strong></span> <span class='ocrx_word' id='word_1_134' title='bbox 2744 658 2838 728; x_wconf 91' lang='lat' dir='ltr'><strong>qui</strong></span> <span class='ocrx_word' id='word_1_135' title='bbox 2900 657 3216 715; x_wconf 88' lang='lat' dir='ltr'><strong>hominibus</strong></span> <span class='ocrx_word' id='word_1_136' title='bbox 3266 659 3568 731; x_wconf 75' lang='lat' dir='ltr'><strong>placent”.</strong></span> <span class='ocrx_word' id='word_1_137' title='bbox 3604 681 3628 718; x_wconf 84' lang='grc' dir='ltr'><strong>ι</strong></span> 
     </span>
    </p>
   </div>
   <div class='ocr_carea' id='block_1_20' title="bbox 2028 743 3632 822">
    <p class='ocr_par' dir='ltr' id='par_1_20' title="bbox 2028 743 3632 822">
     <span class='ocr_line' id='line_1_20' title="bbox 2028 743 3632 822; baseline 0.009 -25"><span class='ocrx_word' id='word_1_138' title='bbox 2028 743 2144 799; x_wconf 87' lang='lat' dir='ltr'><strong>Non</strong></span> <span class='ocrx_word' id='word_1_139' title='bbox 2179 745 2325 801; x_wconf 91' lang='lat' dir='ltr'><strong>enim</strong></span> <span class='ocrx_word' id='word_1_140' title='bbox 2363 749 2608 818; x_wconf 87' lang='lat' dir='ltr'><strong>corporis</strong></span> <span class='ocrx_word' id='word_1_141' title='bbox 2651 765 2774 804; x_wconf 86' lang='lat' dir='ltr'><strong>ossa</strong></span> <span class='ocrx_word' id='word_1_142' title='bbox 2819 751 3054 822; x_wconf 73' lang='lat' dir='ltr'><strong>dissipat</strong></span> <span class='ocrx_word' id='word_1_143' title='bbox 3085 752 3251 822; x_wconf 87' lang='lat' dir='ltr'><strong>Deus,</strong></span> <span class='ocrx_word' id='word_1_144' title='bbox 3300 755 3396 810; x_wconf 90' lang='lat' dir='ltr'><strong>sed</strong></span> <span class='ocrx_word' id='word_1_145' title='bbox 3430 755 3632 812; x_wconf 85' lang='lat' dir='ltr'><strong>animae</strong></span> 
     </span>
    </p>
   </div>
   <div class='ocr_carea' id='block_1_21' title="bbox 2027 835 3630 912">
    <p class='ocr_par' dir='ltr' id='par_1_21' title="bbox 2027 835 3630 912">
     <span class='ocr_line' id='line_1_21' title="bbox 2027 835 3630 912; baseline 0.01 -23"><span class='ocrx_word' id='word_1_146' title='bbox 2027 835 2175 892; x_wconf 88' lang='lat' dir='ltr'><strong>vires</strong></span> <span class='ocrx_word' id='word_1_147' title='bbox 2199 854 2264 894; x_wconf 90' lang='lat' dir='ltr'><strong>ac</strong></span> <span class='ocrx_word' id='word_1_148' title='bbox 2295 839 2580 896; x_wconf 76' lang='lat' dir='ltr'><strong>facultates</strong></span> <span class='ocrx_word' id='word_1_149' title='bbox 2607 841 2906 912; x_wconf 75' lang='lat' dir='ltr'><strong>confringit</strong></span> <span class='ocrx_word' id='word_1_150' title='bbox 2931 859 2995 899; x_wconf 90' lang='lat' dir='ltr'><strong>ac</strong></span> <span class='ocrx_word' id='word_1_151' title='bbox 3029 846 3376 912; x_wconf 84' lang='lat' dir='ltr'><strong>comminuit,</strong></span> <span class='ocrx_word' id='word_1_152' title='bbox 3403 856 3464 903; x_wconf 92' lang='lat' dir='ltr'><strong>ut</strong></span> <span class='ocrx_word' id='word_1_153' title='bbox 3493 849 3630 905; x_wconf 87' lang='lat' dir='ltr'><strong>nihil</strong></span> 
     </span>
    </p>
   </div>
   <div class='ocr_carea' id='block_1_22' title="bbox 2027 930 3627 1012">
    <p class='ocr_par' dir='ltr' id='par_1_22' title="bbox 2027 930 3627 1012">
     <span class='ocr_line' id='line_1_22' title="bbox 2027 930 3627 1012; baseline 0.009 -30"><span class='ocrx_word' id='word_1_154' title='bbox 2027 930 2173 1000; x_wconf 88' lang='lat' dir='ltr'><strong>quod</strong></span> <span class='ocrx_word' id='word_1_155' title='bbox 2228 945 2437 1003; x_wconf 84' lang='lat' dir='ltr'><strong>spectet</strong></span> <span class='ocrx_word' id='word_1_156' title='bbox 2484 937 2551 992; x_wconf 90' lang='lat' dir='ltr'><strong>ad</strong></span> <span class='ocrx_word' id='word_1_157' title='bbox 2619 937 2877 993; x_wconf 84' lang='lat' dir='ltr'><strong>virtutem</strong></span> <span class='ocrx_word' id='word_1_158' title='bbox 2922 938 3092 1012; x_wconf 72' lang='grc'><strong>824</strong></span> <span class='ocrx_word' id='word_1_159' title='bbox 3141 940 3357 1010; x_wconf 86' lang='lat' dir='ltr'><strong>possint</strong></span> <span class='ocrx_word' id='word_1_160' title='bbox 3390 940 3627 1000; x_wconf 79' lang='lat' dir='ltr'><strong>efﬁcere.</strong></span> 
     </span>
    </p>
   </div>
   <div class='ocr_carea' id='block_1_23' title="bbox 2032 1023 3625 1104">
    <p class='ocr_par' dir='ltr' id='par_1_23' title="bbox 2032 1023 3625 1104">
     <span class='ocr_line' id='line_1_23' title="bbox 2032 1023 3625 1104; baseline 0.008 -30"><span class='ocrx_word' id='word_1_161' title='bbox 2032 1041 2051 1074; x_wconf 89' lang='grc'><em>‹</em></span> <span class='ocrx_word' id='word_1_162' title='bbox 2088 1023 2258 1081; x_wconf 88' lang='lat' dir='ltr'><strong>Nemo</strong></span> <span class='ocrx_word' id='word_1_163' title='bbox 2280 1027 2424 1083; x_wconf 89' lang='lat' dir='ltr'><strong>enim</strong></span> <span class='ocrx_word' id='word_1_164' title='bbox 2447 1038 2764 1098; x_wconf 85' lang='lat' dir='ltr'><strong>coronatur,</strong></span> <span class='ocrx_word' id='word_1_165' title='bbox 2792 1031 2895 1087; x_wconf 90' lang='lat' dir='ltr'><strong>nisi</strong></span> <span class='ocrx_word' id='word_1_166' title='bbox 2923 1031 3164 1102; x_wconf 83' lang='lat' dir='ltr'><strong>legitime</strong></span> <span class='ocrx_word' id='word_1_167' title='bbox 3188 1036 3487 1091; x_wconf 85' lang='lat' dir='ltr'><strong>certaverit</strong></span> <span class='ocrx_word' id='word_1_168' title='bbox 3508 1036 3577 1104; x_wconf 84' lang='grc'><strong>⁶¹,</strong></span> <span class='ocrx_word' id='word_1_169' title='bbox 3606 1055 3625 1087; x_wconf 82' lang='grc' dir='ltr'><strong>ι</strong></span> 
     </span>
    </p>
   </div>
   <div class='ocr_carea' id='block_1_24' title="bbox 2027 1118 3631 1198">
    <p class='ocr_par' dir='ltr' id='par_1_24' title="bbox 2027 1118 3631 1198">
     <span class='ocr_line' id='line_1_24' title="bbox 2027 1118 3631 1198; baseline 0.007 -26"><span class='ocrx_word' id='word_1_170' title='bbox 2027 1118 2327 1174; x_wconf 88' lang='lat' dir='ltr'><strong>secundum</strong></span> <span class='ocrx_word' id='word_1_171' title='bbox 2366 1121 2419 1176; x_wconf 88' lang='lat' dir='ltr'><strong>id</strong></span> <span class='ocrx_word' id='word_1_172' title='bbox 2452 1123 2597 1193; x_wconf 90' lang='lat' dir='ltr'><strong>quod</strong></span> <span class='ocrx_word' id='word_1_173' title='bbox 2634 1125 2901 1195; x_wconf 89' lang='lat' dir='ltr'><strong>scriptum</strong></span> <span class='ocrx_word' id='word_1_174' title='bbox 2931 1135 3034 1182; x_wconf 85' lang='lat' dir='ltr'><strong>est.</strong></span> <span class='ocrx_word' id='word_1_175' title='bbox 3062 1125 3132 1181; x_wconf 84' lang='lat' dir='ltr'><strong>At</strong></span> <span class='ocrx_word' id='word_1_176' title='bbox 3157 1141 3356 1198; x_wconf 88' lang='lat' dir='ltr'><strong>scopus</strong></span> <span class='ocrx_word' id='word_1_177' title='bbox 3395 1139 3452 1184; x_wconf 90' lang='lat' dir='ltr'><strong>et</strong></span> <span class='ocrx_word' id='word_1_178' title='bbox 3505 1128 3631 1184; x_wconf 86' lang='lat' dir='ltr'><strong>ﬁnis</strong></span> 
     </span>
    </p>
   </div>
   <div class='ocr_carea' id='block_1_25' title="bbox 2027 1213 3634 1290">
    <p class='ocr_par' dir='ltr' id='par_1_25' title="bbox 2027 1213 3634 1290">
     <span class='ocr_line' id='line_1_25' title="bbox 2027 1213 3634 1290; baseline 0.006 -25"><span class='ocrx_word' id='word_1_179' title='bbox 2027 1226 2216 1266; x_wconf 90' lang='lat' dir='ltr'><strong>eorum</strong></span> <span class='ocrx_word' id='word_1_180' title='bbox 2245 1213 2335 1282; x_wconf 90' lang='lat' dir='ltr'><strong>qui</strong></span> <span class='ocrx_word' id='word_1_181' title='bbox 2357 1214 2668 1272; x_wconf 90' lang='lat' dir='ltr'><strong>hominibus</strong></span> <span class='ocrx_word' id='word_1_182' title='bbox 2687 1216 2905 1286; x_wconf 87' lang='lat' dir='ltr'><strong>placent</strong></span> <span class='ocrx_word' id='word_1_183' title='bbox 2928 1232 2994 1274; x_wconf 86' lang='lat' dir='ltr'><strong>ac</strong></span> <span class='ocrx_word' id='word_1_184' title='bbox 3021 1218 3397 1285; x_wconf 88' lang='lat' dir='ltr'><strong>blandiuntur,</strong></span> <span class='ocrx_word' id='word_1_185' title='bbox 3420 1227 3634 1290; x_wconf 84' lang='lat' dir='ltr'><strong>spectat</strong></span> 
     </span>
    </p>
   </div>
   <div class='ocr_carea' id='block_1_26' title="bbox 2027 1304 3633 1378">
    <p class='ocr_par' dir='ltr' id='par_1_26' title="bbox 2027 1304 3633 1378">
     <span class='ocr_line' id='line_1_26' title="bbox 2027 1304 3633 1378; baseline 0.006 -21"><span class='ocrx_word' id='word_1_186' title='bbox 2027 1304 2095 1358; x_wconf 86' lang='lat' dir='ltr'><strong>ad</strong></span> <span class='ocrx_word' id='word_1_187' title='bbox 2148 1305 2334 1361; x_wconf 88' lang='lat' dir='ltr'><strong>laudes</strong></span> <span class='ocrx_word' id='word_1_188' title='bbox 2372 1323 2494 1376; x_wconf 77' lang='lat' dir='ltr'><strong>qua:</strong></span> <span class='ocrx_word' id='word_1_189' title='bbox 2525 1307 2590 1362; x_wconf 86' lang='lat' dir='ltr'><strong>ad</strong></span> <span class='ocrx_word' id='word_1_190' title='bbox 2627 1309 2774 1378; x_wconf 90' lang='lat' dir='ltr'><strong>ipsos</strong></span> <span class='ocrx_word' id='word_1_191' title='bbox 2827 1310 3079 1367; x_wconf 86' lang='lat' dir='ltr'><strong>homines</strong></span> <span class='ocrx_word' id='word_1_192' title='bbox 3140 1311 3448 1368; x_wconf 86' lang='lat' dir='ltr'><strong>redundant</strong></span> <span class='ocrx_word' id='word_1_193' title='bbox 3480 1330 3493 1366; x_wconf 93' lang='lat'>:</span> <span class='ocrx_word' id='word_1_194' title='bbox 3529 1327 3633 1368; x_wconf 90' lang='lat' dir='ltr'><strong>nec</strong></span> 
     </span>
    </p>
   </div>
   <div class='ocr_carea' id='block_1_27' title="bbox 2029 1397 3632 1476">
    <p class='ocr_par' dir='ltr' id='par_1_27' title="bbox 2029 1397 3632 1476">
     <span class='ocr_line' id='line_1_27' title="bbox 2029 1397 3632 1476; baseline 0.006 -24"><span class='ocrx_word' id='word_1_195' title='bbox 2029 1397 2113 1452; x_wconf 86' lang='lat' dir='ltr'><strong>vel</strong></span> <span class='ocrx_word' id='word_1_196' title='bbox 2150 1399 2217 1452; x_wconf 86' lang='lat' dir='ltr'><strong>ad</strong></span> <span class='ocrx_word' id='word_1_197' title='bbox 2247 1399 2472 1470; x_wconf 80' lang='lat' dir='ltr'><strong>gloriam</strong></span> <span class='ocrx_word' id='word_1_198' title='bbox 2493 1401 2608 1468; x_wconf 87' lang='lat' dir='ltr'><strong>Dei,</strong></span> <span class='ocrx_word' id='word_1_199' title='bbox 2647 1403 2732 1458; x_wconf 90' lang='lat' dir='ltr'><strong>vel</strong></span> <span class='ocrx_word' id='word_1_200' title='bbox 2757 1405 2825 1460; x_wconf 89' lang='lat' dir='ltr'><strong>ad</strong></span> <span class='ocrx_word' id='word_1_201' title='bbox 2854 1403 3144 1460; x_wconf 91' lang='lat' dir='ltr'><strong>utilitatem</strong></span> <span class='ocrx_word' id='word_1_202' title='bbox 3184 1404 3351 1460; x_wconf 90' lang='lat' dir='ltr'><strong>animi</strong></span> <span class='ocrx_word' id='word_1_203' title='bbox 3388 1407 3632 1476; x_wconf 88' lang='lat' dir='ltr'><strong>ipsorum</strong></span> 
     </span>
    </p>
   </div>
   <div class='ocr_carea' id='block_1_28' title="bbox 2024 1489 3635 1561">
    <p class='ocr_par' dir='ltr' id='par_1_28' title="bbox 2024 1489 3635 1561">
     <span class='ocr_line' id='line_1_28' title="bbox 2024 1489 3635 1561; baseline 0.006 -19"><span class='ocrx_word' id='word_1_204' title='bbox 2024 1489 2317 1561; x_wconf 84' lang='lat' dir='ltr'><strong>quidquam</strong></span> <span class='ocrx_word' id='word_1_205' title='bbox 2373 1492 2488 1547; x_wconf 88' lang='lat' dir='ltr'><strong>fieri</strong></span> <span class='ocrx_word' id='word_1_206' title='bbox 2542 1495 2610 1549; x_wconf 87' lang='lat' dir='ltr'><strong>ab</strong></span> <span class='ocrx_word' id='word_1_207' title='bbox 2671 1495 2778 1550; x_wconf 92' lang='lat' dir='ltr'><strong>illis</strong></span> <span class='ocrx_word' id='word_1_208' title='bbox 2839 1497 2998 1552; x_wconf 85' lang='lat' dir='ltr'><strong>solet.</strong></span> <span class='ocrx_word' id='word_1_209' title='bbox 3035 1495 3250 1552; x_wconf 80' lang='lat' dir='ltr'><strong>Rursus</strong></span> <span class='ocrx_word' id='word_1_210' title='bbox 3280 1497 3445 1553; x_wconf 89' lang='lat' dir='ltr'><strong>etiam</strong></span> <span class='ocrx_word' id='word_1_211' title='bbox 3495 1497 3635 1553; x_wconf 79' lang='lat' dir='ltr'><strong>dixit</strong></span> 
     </span>
    </p>
   </div>
   <div class='ocr_carea' id='block_1_29' title="bbox 2026 1583 3629 1656">
    <p class='ocr_par' dir='ltr' id='par_1_29' title="bbox 2026 1583 3629 1656">
     <span class='ocr_line' id='line_1_29' title="bbox 2026 1583 3629 1656; baseline 0.004 -18"><span class='ocrx_word' id='word_1_212' title='bbox 2026 1583 2244 1641; x_wconf 89' lang='lat' dir='ltr'><strong>divinus</strong></span> <span class='ocrx_word' id='word_1_213' title='bbox 2276 1585 2488 1642; x_wconf 87' lang='lat' dir='ltr'><strong>Psaltes</strong></span> <span class='ocrx_word' id='word_1_214' title='bbox 2522 1605 2536 1644; x_wconf 90' lang='lat'><strong>:</strong></span> <span class='ocrx_word' id='word_1_215' title='bbox 2577 1606 2595 1639; x_wconf 79' lang='grc' dir='ltr'><strong>ι</strong></span> <span class='ocrx_word' id='word_1_216' title='bbox 2638 1587 2774 1654; x_wconf 86' lang='lat' dir='ltr'><strong>Quia</strong></span> <span class='ocrx_word' id='word_1_217' title='bbox 2810 1590 2976 1656; x_wconf 87' lang='lat' dir='ltr'><strong>tacui,</strong></span> <span class='ocrx_word' id='word_1_218' title='bbox 3027 1590 3475 1646; x_wconf 88' lang='lat' dir='ltr'><strong>inveteraverunt</strong></span> <span class='ocrx_word' id='word_1_219' title='bbox 3503 1606 3629 1646; x_wconf 85' lang='lat' dir='ltr'><strong>ossa</strong></span> 
     </span>
    </p>
   </div>
   <div class='ocr_carea' id='block_1_30' title="bbox 2026 1680 3633 1752">
    <p class='ocr_par' dir='ltr' id='par_1_30' title="bbox 2026 1680 3633 1752">
     <span class='ocr_line' id='line_1_30' title="bbox 2026 1680 3633 1752; baseline 0.006 -23"><span class='ocrx_word' id='word_1_220' title='bbox 2026 1692 2163 1740; x_wconf 90' lang='lat' dir='ltr'><strong>mea,</strong></span> <span class='ocrx_word' id='word_1_221' title='bbox 2218 1691 2285 1733; x_wconf 92' lang='lat' dir='ltr'><strong>eo</strong></span> <span class='ocrx_word' id='word_1_222' title='bbox 2317 1681 2461 1748; x_wconf 91' lang='lat' dir='ltr'><strong>quod</strong></span> <span class='ocrx_word' id='word_1_223' title='bbox 2513 1680 2807 1735; x_wconf 87' lang='lat' dir='ltr'><strong>clamarem</strong></span> <span class='ocrx_word' id='word_1_224' title='bbox 2843 1689 2954 1737; x_wconf 86' lang='lat' dir='ltr'><strong>tota</strong></span> <span class='ocrx_word' id='word_1_225' title='bbox 2984 1683 3070 1737; x_wconf 93' lang='lat' dir='ltr'><strong>die</strong></span> <span class='ocrx_word' id='word_1_226' title='bbox 3099 1684 3166 1749; x_wconf 83' lang='lat'><strong>“,</strong></span> <span class='ocrx_word' id='word_1_227' title='bbox 3203 1703 3220 1736; x_wconf 88' lang='grc' dir='ltr'><strong>ι</strong></span> <span class='ocrx_word' id='word_1_228' title='bbox 3264 1684 3316 1738; x_wconf 89' lang='lat' dir='ltr'><strong>id</strong></span> <span class='ocrx_word' id='word_1_229' title='bbox 3343 1683 3633 1752; x_wconf 86' lang='lat' dir='ltr'><strong>est,glori-</strong></span> 
     </span>
    </p>
   </div>
   <div class='ocr_carea' id='block_1_31' title="bbox 2028 1768 3628 1845">
    <p class='ocr_par' dir='ltr' id='par_1_31' title="bbox 2028 1768 3628 1845">
     <span class='ocr_line' id='line_1_31' title="bbox 2028 1768 3628 1845; baseline 0.006 -23"><span class='ocrx_word' id='word_1_230' title='bbox 2028 1768 2252 1824; x_wconf 73' lang='lat' dir='ltr'><strong>ficarent</strong></span> <span class='ocrx_word' id='word_1_231' title='bbox 2291 1779 2346 1826; x_wconf 90' lang='lat' dir='ltr'><strong>et</strong></span> <span class='ocrx_word' id='word_1_232' title='bbox 2385 1786 2630 1840; x_wconf 90' lang='lat' dir='ltr'><strong>orarem,</strong></span> <span class='ocrx_word' id='word_1_233' title='bbox 2672 1773 2816 1830; x_wconf 86' lang='lat' dir='ltr'><strong>tacui</strong></span> <span class='ocrx_word' id='word_1_234' title='bbox 2881 1775 3160 1845; x_wconf 88' lang='lat' dir='ltr'><strong>deinceps,</strong></span> <span class='ocrx_word' id='word_1_235' title='bbox 3222 1776 3276 1830; x_wconf 92' lang='lat' dir='ltr'><strong>in</strong></span> <span class='ocrx_word' id='word_1_236' title='bbox 3333 1779 3628 1832; x_wconf 85' lang='lat' dir='ltr'><strong>humanam</strong></span> 
     </span>
    </p>
   </div>
   <div class='ocr_carea' id='block_1_32' title="bbox 309 1839 1920 1959">
    <p class='ocr_par' dir='ltr' id='par_1_32' title="bbox 309 1839 1920 1959">
     <span class='ocr_line' id='line_1_32' title="bbox 309 1839 1920 1925; baseline 0.011 -35"><span class='ocrx_word' id='word_1_237' title='bbox 309 1839 424 1902; x_wconf 81' lang='grc' dir='ltr'>δὸς,</span> <span class='ocrx_word' id='word_1_238' title='bbox 451 1859 469 1890; x_wconf 76' lang='grc' dir='ltr'><strong>ι</strong></span> <span class='ocrx_word' id='word_1_239' title='bbox 504 1841 628 1895; x_wconf 87' lang='grc' dir='ltr'>’Ότι</span> <span class='ocrx_word' id='word_1_240' title='bbox 657 1843 915 1915; x_wconf 84' lang='grc' dir='ltr'>ἐσίγησα,</span> <span class='ocrx_word' id='word_1_241' title='bbox 953 1847 1274 1921; x_wconf 82' lang='grc' dir='ltr'>ἐπαλαιώθη</span> <span class='ocrx_word' id='word_1_242' title='bbox 1303 1850 1372 1906; x_wconf 85' lang='grc' dir='ltr'>τὰ</span> <span class='ocrx_word' id='word_1_243' title='bbox 1404 1852 1541 1907; x_wconf 81' lang='grc' dir='ltr'>ὀστᾶ</span> <span class='ocrx_word' id='word_1_244' title='bbox 1568 1872 1671 1925; x_wconf 87' lang='grc' dir='ltr'><strong>μου</strong></span> <span class='ocrx_word' id='word_1_245' title='bbox 1699 1856 1807 1910; x_wconf 83' lang='grc' dir='ltr'>ἀπὸ</span> <span class='ocrx_word' id='word_1_246' title='bbox 1829 1855 1920 1911; x_wconf 89' lang='grc' dir='ltr'><strong>τοῦ</strong></span> 
     </span>
     <span class='ocr_line' id='line_1_33' title="bbox 311 1932 1896 1959; baseline 0.012 -11"><span class='ocrx_word' id='word_1_247' title='bbox 311 1932 541 1959; x_wconf 51' lang='lat' dir='ltr'><strong>mum,</strong></span> <span class='ocrx_word' id='word_1_248' title='bbox 576 1951 640 1959; x_wconf 60' lang='grc' dir='ltr'>η,</span> <span class='ocrx_word' id='word_1_249' title='bbox 665 1936 792 1959; x_wconf 49' lang='grc' dir='ltr'>μω,</span> <span class='ocrx_word' id='word_1_250' title='bbox 831 1937 927 1959; x_wconf 37' lang='grc' dir='ltr'><strong>,μη</strong></span> <span class='ocrx_word' id='word_1_251' title='bbox 975 1941 996 1959; x_wconf 25' lang='grc' dir='ltr'>κ.</span> <span class='ocrx_word' id='word_1_252' title='bbox 1067 1941 1080 1959; x_wconf 70' lang='grc' dir='ltr'><strong>ρ</strong></span> <span class='ocrx_word' id='word_1_253' title='bbox 1184 1958 1190 1959; x_wconf 61' lang='lat'><strong><em>,</em></strong></span> <span class='ocrx_word' id='word_1_254' title='bbox 1465 1945 1477 1959; x_wconf 76' lang='grc' dir='ltr'><strong>ρ</strong></span> <span class='ocrx_word' id='word_1_255' title='bbox 1629 1947 1653 1959; x_wconf 75' lang='grc'><strong>-</strong></span> <span class='ocrx_word' id='word_1_256' title='bbox 1691 1946 1713 1959; x_wconf 90' lang='grc'><strong><em>-</em></strong></span> <span class='ocrx_word' id='word_1_257' title='bbox 1748 1950 1762 1959; x_wconf 86' lang='grc'><strong><em>-</em></strong></span> <span class='ocrx_word' id='word_1_258' title='bbox 1874 1952 1896 1959; x_wconf 86' lang='grc'><strong>-</strong></span> 
     </span>
    </p>
   </div>
   <div class='ocr_carea' id='block_1_33' title="bbox 2025 1839 3628 1959">
    <p class='ocr_par' dir='ltr' id='par_1_33' title="bbox 2028 1863 3628 1937">
     <span class='ocr_line' id='line_1_34' title="bbox 2028 1863 3628 1937; baseline 0.004 -22"><span class='ocrx_word' id='word_1_259' title='bbox 2028 1863 2532 1933; x_wconf 88' lang='lat' dir='ltr'><strong>pusillanimitatem</strong></span> <span class='ocrx_word' id='word_1_260' title='bbox 2580 1865 2786 1937; x_wconf 89' lang='lat' dir='ltr'><strong>lapsus.</strong></span> <span class='ocrx_word' id='word_1_261' title='bbox 2840 1865 3290 1924; x_wconf 86' lang='lat' dir='ltr'><strong>lnveteraverunt</strong></span> <span class='ocrx_word' id='word_1_262' title='bbox 3323 1883 3449 1924; x_wconf 91' lang='lat' dir='ltr'><strong>ossa</strong></span> <span class='ocrx_word' id='word_1_263' title='bbox 3483 1884 3628 1932; x_wconf 89' lang='lat' dir='ltr'><strong>mea,</strong></span> 
     </span>
    </p>
   </div>
   <div class='ocr_carea' id='block_1_34' title="bbox 311 1932 1920 2030">
    <p class='ocr_par' dir='ltr' id='par_1_34' title="bbox 311 1932 1920 2019">
     <span class='ocr_line' id='line_1_35' title="bbox 311 1932 1920 2019; baseline 0.012 -35"><span class='ocrx_word' id='word_1_264' title='bbox 311 1932 541 2003; x_wconf 81' lang='grc' dir='ltr'><strong>κράζειν</strong></span> <span class='ocrx_word' id='word_1_265' title='bbox 574 1951 640 2005; x_wconf 87' lang='grc' dir='ltr'><strong>με</strong></span> <span class='ocrx_word' id='word_1_266' title='bbox 661 1936 792 2007; x_wconf 85' lang='grc' dir='ltr'>ὅλην</span> <span class='ocrx_word' id='word_1_267' title='bbox 827 1937 928 2010; x_wconf 85' lang='grc' dir='ltr'>τὴν</span> <span class='ocrx_word' id='word_1_268' title='bbox 972 1941 1212 2014; x_wconf 79' lang='grc' dir='ltr'><strong>ἡμέραν,</strong></span> <span class='ocrx_word' id='word_1_269' title='bbox 1250 1961 1269 1995; x_wconf 86' lang='grc' dir='ltr'><strong>ι</strong></span> <span class='ocrx_word' id='word_1_270' title='bbox 1320 1945 1592 2012; x_wconf 82' lang='grc' dir='ltr'>τουτέστι,</span> <span class='ocrx_word' id='word_1_271' title='bbox 1624 1946 1920 2019; x_wconf 77' lang='grc' dir='ltr'>δοξολογεῖν</span> 
     </span>
    </p>
   </div>
   <div class='ocr_carea' id='block_1_35' title="bbox 2025 1932 3630 2030">
    <p class='ocr_par' dir='ltr' id='par_1_35' title="bbox 2030 1932 3630 2030">
     <span class='ocr_line' id='line_1_36' title="bbox 2030 1932 3630 2030; baseline 0.003 -20"><span class='ocrx_word' id='word_1_272' title='bbox 2030 1932 2087 2011; x_wconf 84' lang='lat' dir='ltr'><strong>id</strong></span> <span class='ocrx_word' id='word_1_273' title='bbox 2115 1965 2220 2020; x_wconf 82' lang='lat' dir='ltr'><strong>est.</strong></span> <span class='ocrx_word' id='word_1_274' title='bbox 2255 1932 2702 2028; x_wconf 76' lang='lat' dir='ltr'><strong>computruerunt</strong></span> <span class='ocrx_word' id='word_1_275' title='bbox 2739 1958 2908 2015; x_wconf 90' lang='lat' dir='ltr'><strong>animi</strong></span> <span class='ocrx_word' id='word_1_276' title='bbox 2958 1958 3276 2016; x_wconf 82' lang='lat' dir='ltr'><strong>facultates.</strong></span> <span class='ocrx_word' id='word_1_277' title='bbox 3319 1959 3415 2016; x_wconf 83' lang='lat' dir='ltr'><strong>Hae</strong></span> <span class='ocrx_word' id='word_1_278' title='bbox 3466 1960 3630 2030; x_wconf 81' lang='lat' dir='ltr'><strong>igitur</strong></span> 
     </span>
    </p>
   </div>
   <div class='ocr_carea' id='block_1_36' title="bbox 313 2026 1922 2115">
    <p class='ocr_par' dir='ltr' id='par_1_36' title="bbox 313 2026 1922 2115">
     <span class='ocr_line' id='line_1_37' title="bbox 313 2026 1922 2115; baseline 0.013 -38"><span class='ocrx_word' id='word_1_279' title='bbox 313 2026 410 2078; x_wconf 77' lang='grc' dir='ltr'>καὶ</span> <span class='ocrx_word' id='word_1_280' title='bbox 456 2029 882 2099; x_wconf 82' lang='grc' dir='ltr'>προσεύχεσθαι,</span> <span class='ocrx_word' id='word_1_281' title='bbox 917 2033 1186 2104; x_wconf 85' lang='grc' dir='ltr'>σεσίγηκα</span> <span class='ocrx_word' id='word_1_282' title='bbox 1231 2037 1415 2092; x_wconf 88' lang='grc' dir='ltr'>πεσὼν</span> <span class='ocrx_word' id='word_1_283' title='bbox 1462 2041 1543 2104; x_wconf 76' lang='grc' dir='ltr'>εἰς</span> <span class='ocrx_word' id='word_1_284' title='bbox 1569 2041 1922 2115; x_wconf 83' lang='grc' dir='ltr'>ἀνθρωπίνην</span> 
     </span>
    </p>
   </div>
   <div class='ocr_carea' id='block_1_37' title="bbox 312 2119 1924 2204">
    <p class='ocr_par' dir='ltr' id='par_1_37' title="bbox 312 2119 1924 2204">
     <span class='ocr_line' id='line_1_38' title="bbox 312 2119 1924 2204; baseline 0.015 -36"><span class='ocrx_word' id='word_1_285' title='bbox 312 2119 712 2190; x_wconf 65' lang='grc' dir='ltr'>μικροψυχίαν.</span> <span class='ocrx_word' id='word_1_286' title='bbox 772 2124 1122 2199; x_wconf 86' lang='grc' dir='ltr'>Ἐπαλαιώθη</span> <span class='ocrx_word' id='word_1_287' title='bbox 1176 2147 1278 2200; x_wconf 88' lang='grc' dir='ltr'><strong>μου</strong></span> <span class='ocrx_word' id='word_1_288' title='bbox 1323 2131 1394 2185; x_wconf 90' lang='grc' dir='ltr'><strong>τά</strong></span> <span class='ocrx_word' id='word_1_289' title='bbox 1440 2133 1596 2203; x_wconf 85' lang='grc' dir='ltr'>ὀστᾶ,</span> <span class='ocrx_word' id='word_1_290' title='bbox 1623 2136 1924 2204; x_wconf 82' lang='grc' dir='ltr'>τουτέστιν,</span> 
     </span>
    </p>
   </div>
   <div class='ocr_carea' id='block_1_38' title="bbox 309 2210 1924 2299">
    <p class='ocr_par' dir='ltr' id='par_1_38' title="bbox 309 2210 1924 2299">
     <span class='ocr_line' id='line_1_39' title="bbox 309 2210 1924 2299; baseline 0.014 -38"><span class='ocrx_word' id='word_1_291' title='bbox 309 2210 711 2299; x_wconf 63' lang='grc' dir='ltr'>ὲσαθρώθησαν</span> <span class='ocrx_word' id='word_1_292' title='bbox 743 2217 798 2268; x_wconf 87' lang='grc' dir='ltr'><strong>αί</strong></span> <span class='ocrx_word' id='word_1_293' title='bbox 829 2217 927 2288; x_wconf 76' lang='grc' dir='ltr'>τῆς</span> <span class='ocrx_word' id='word_1_294' title='bbox 973 2217 1235 2288; x_wconf 77' lang='grc' dir='ltr'>διανοίας,</span> <span class='ocrx_word' id='word_1_295' title='bbox 1275 2223 1394 2296; x_wconf 71' lang='grc' dir='ltr'>ἦτοι</span> <span class='ocrx_word' id='word_1_296' title='bbox 1424 2224 1526 2296; x_wconf 86' lang='grc' dir='ltr'><strong>τῆς</strong></span> <span class='ocrx_word' id='word_1_297' title='bbox 1551 2226 1734 2299; x_wconf 80' lang='grc' dir='ltr'>ψυχῆς</span> <span class='ocrx_word' id='word_1_298' title='bbox 1759 2228 1924 2284; x_wconf 86' lang='grc' dir='ltr'>δυνά-</span> 
     </span>
    </p>
   </div>
   <div class='ocr_carea' id='block_1_39' title="bbox 309 2297 1926 2394">
    <p class='ocr_par' dir='ltr' id='par_1_39' title="bbox 309 2297 1926 2394">
     <span class='ocr_line' id='line_1_40' title="bbox 309 2297 1926 2394; baseline 0.015 -41"><span class='ocrx_word' id='word_1_299' title='bbox 309 2318 461 2372; x_wconf 70' lang='grc' dir='ltr'>μεις.</span> <span class='ocrx_word' id='word_1_300' title='bbox 525 2297 700 2360; x_wconf 80' lang='grc' dir='ltr'>Αὗται</span> <span class='ocrx_word' id='word_1_301' title='bbox 740 2307 922 2364; x_wconf 83' lang='grc' dir='ltr'>τοίνυν</span> <span class='ocrx_word' id='word_1_302' title='bbox 967 2312 1031 2365; x_wconf 83' lang='grc' dir='ltr'>ἐκ</span> <span class='ocrx_word' id='word_1_303' title='bbox 1067 2314 1348 2384; x_wconf 72' lang='grc' dir='ltr'>ῥᾳθυμίας</span> <span class='ocrx_word' id='word_1_304' title='bbox 1412 2316 1528 2372; x_wconf 77' lang='grc' dir='ltr'>ἔσθ’</span> <span class='ocrx_word' id='word_1_305' title='bbox 1554 2319 1643 2373; x_wconf 83' lang='grc' dir='ltr'>ὅτε</span> <span class='ocrx_word' id='word_1_306' title='bbox 1676 2322 1926 2394; x_wconf 88' lang='grc' dir='ltr'>παραλυ-</span> 
     </span>
    </p>
   </div>
   <div class='ocr_carea' id='block_1_40' title="bbox 309 2392 1926 2482">
    <p class='ocr_par' dir='ltr' id='par_1_40' title="bbox 309 2392 1926 2482">
     <span class='ocr_line' id='line_1_41' title="bbox 309 2392 1926 2482; baseline 0.015 -37"><span class='ocrx_word' id='word_1_307' title='bbox 309 2392 493 2448; x_wconf 89' lang='grc' dir='ltr'>θείσαι</span> <span class='ocrx_word' id='word_1_308' title='bbox 532 2397 928 2469; x_wconf 74' lang='grc' dir='ltr'>βραχὺπάλιν</span> <span class='ocrx_word' id='word_1_309' title='bbox 973 2405 1048 2468; x_wconf 86' lang='grc' dir='ltr'>ὡς</span> <span class='ocrx_word' id='word_1_310' title='bbox 1097 2406 1302 2479; x_wconf 83' lang='grc' dir='ltr'>βοτάνη</span> <span class='ocrx_word' id='word_1_311' title='bbox 1332 2410 1704 2482; x_wconf 81' lang='grc' dir='ltr'>ἀνατέλλουσι,</span> <span class='ocrx_word' id='word_1_312' title='bbox 1753 2433 1926 2470; x_wconf 88' lang='grc' dir='ltr'>κατα-</span> 
     </span>
    </p>
   </div>
   <div class='ocr_carea' id='block_1_41' title="bbox 305 2486 1925 2577">
    <p class='ocr_par' dir='ltr' id='par_1_41' title="bbox 305 2486 1925 2577">
     <span class='ocr_line' id='line_1_42' title="bbox 305 2486 1925 2577; baseline 0.015 -39"><span class='ocrx_word' id='word_1_313' title='bbox 305 2486 623 2555; x_wconf 86' lang='grc' dir='ltr'>πιαίνοντος</span> <span class='ocrx_word' id='word_1_314' title='bbox 671 2493 810 2547; x_wconf 88' lang='grc' dir='ltr'>Θεοῦ</span> <span class='ocrx_word' id='word_1_315' title='bbox 871 2497 1256 2571; x_wconf 82' lang='grc' dir='ltr'>παρακλήσεσι</span> <span class='ocrx_word' id='word_1_316' title='bbox 1312 2505 1434 2568; x_wconf 85' lang='grc' dir='ltr'>ταῖς</span> <span class='ocrx_word' id='word_1_317' title='bbox 1483 2503 1574 2558; x_wconf 83' lang='grc' dir='ltr'><strong>διὰ</strong></span> <span class='ocrx_word' id='word_1_318' title='bbox 1620 2507 1716 2560; x_wconf 87' lang='grc' dir='ltr'><strong>τοῦ</strong></span> <span class='ocrx_word' id='word_1_319' title='bbox 1767 2509 1925 2577; x_wconf 86' lang='grc' dir='ltr'>ἁγίου</span> 
     </span>
    </p>
   </div>
   <div class='ocr_carea' id='block_1_42' title="bbox 2031 2050 3629 2124">
    <p class='ocr_par' dir='ltr' id='par_1_42' title="bbox 2031 2050 3629 2124">
     <span class='ocr_line' id='line_1_43' title="bbox 2031 2050 3629 2124; baseline 0.002 -19"><span class='ocrx_word' id='word_1_320' title='bbox 2031 2050 2310 2106; x_wconf 69' lang='lat' dir='ltr'><strong>dissolutae</strong></span> <span class='ocrx_word' id='word_1_321' title='bbox 2375 2051 2772 2122; x_wconf 86' lang='lat' dir='ltr'><strong>aliquantulum</strong></span> <span class='ocrx_word' id='word_1_322' title='bbox 2829 2063 2885 2108; x_wconf 94' lang='lat' dir='ltr'><strong>et</strong></span> <span class='ocrx_word' id='word_1_323' title='bbox 2937 2053 3166 2122; x_wconf 76' lang='lat' dir='ltr'><strong>torpidze</strong></span> <span class='ocrx_word' id='word_1_324' title='bbox 3213 2068 3629 2124; x_wconf 87' lang='lat' dir='ltr'><strong>nonnunquam,</strong></span> 
     </span>
    </p>
   </div>
   <div class='ocr_carea' id='block_1_43' title="bbox 2028 2141 3633 2215">
    <p class='ocr_par' dir='ltr' id='par_1_43' title="bbox 2028 2141 3633 2215">
     <span class='ocr_line' id='line_1_44' title="bbox 2028 2141 3633 2215; baseline 0.004 -22"><span class='ocrx_word' id='word_1_325' title='bbox 2028 2155 2239 2208; x_wconf 90' lang='lat' dir='ltr'><strong>rursus,</strong></span> <span class='ocrx_word' id='word_1_326' title='bbox 2259 2157 2361 2197; x_wconf 92' lang='lat' dir='ltr'><strong>ceu</strong></span> <span class='ocrx_word' id='word_1_327' title='bbox 2394 2142 2584 2209; x_wconf 89' lang='lat' dir='ltr'><strong>herba,</strong></span> <span class='ocrx_word' id='word_1_328' title='bbox 2625 2141 3006 2209; x_wconf 85' lang='lat' dir='ltr'><strong>reﬂorescunt,</strong></span> <span class='ocrx_word' id='word_1_329' title='bbox 3046 2143 3488 2215; x_wconf 83' lang='lat' dir='ltr'><strong>pinguefaciente</strong></span> <span class='ocrx_word' id='word_1_330' title='bbox 3523 2144 3633 2200; x_wconf 92' lang='lat' dir='ltr'><strong>Deo</strong></span> 
     </span>
    </p>
   </div>
   <div class='ocr_carea' id='block_1_44' title="bbox 2024 2231 3631 2304">
    <p class='ocr_par' dir='ltr' id='par_1_44' title="bbox 2024 2231 3631 2304">
     <span class='ocr_line' id='line_1_45' title="bbox 2024 2231 3631 2304; baseline -0.001 -17"><span class='ocrx_word' id='word_1_331' title='bbox 2024 2231 2492 2288; x_wconf 86' lang='lat' dir='ltr'><strong>consolationibus</strong></span> <span class='ocrx_word' id='word_1_332' title='bbox 2555 2232 2926 2304; x_wconf 85' lang='lat' dir='ltr'><strong>spiritualibus</strong></span> <span class='ocrx_word' id='word_1_333' title='bbox 2962 2241 3018 2288; x_wconf 91' lang='lat' dir='ltr'><strong>et</strong></span> <span class='ocrx_word' id='word_1_334' title='bbox 3059 2249 3181 2288; x_wconf 86' lang='lat' dir='ltr'><strong>eam</strong></span> <span class='ocrx_word' id='word_1_335' title='bbox 3213 2231 3631 2296; x_wconf 89' lang='lat' dir='ltr'><strong>corroboraute,</strong></span> 
     </span>
    </p>
   </div>
   <div class='ocr_carea' id='block_1_45' title="bbox 2025 2326 3627 2398">
    <p class='ocr_par' dir='ltr' id='par_1_45' title="bbox 2025 2326 3627 2398">
     <span class='ocr_line' id='line_1_46' title="bbox 2025 2326 3627 2398; baseline -0.001 -18"><span class='ocrx_word' id='word_1_336' title='bbox 2025 2335 2084 2382; x_wconf 91' lang='lat' dir='ltr'><strong>ut</strong></span> <span class='ocrx_word' id='word_1_337' title='bbox 2119 2327 2246 2384; x_wconf 90' lang='lat' dir='ltr'><strong>inde</strong></span> <span class='ocrx_word' id='word_1_338' title='bbox 2293 2343 2390 2382; x_wconf 90' lang='lat' dir='ltr'><strong>nos</strong></span> <span class='ocrx_word' id='word_1_339' title='bbox 2466 2327 2712 2383; x_wconf 63' lang='lat' dir='ltr'><strong>haeredes</strong></span> <span class='ocrx_word' id='word_1_340' title='bbox 2771 2327 3024 2382; x_wconf 86' lang='lat' dir='ltr'><strong>instituat</strong></span> <span class='ocrx_word' id='word_1_341' title='bbox 3087 2326 3144 2381; x_wconf 92' lang='lat' dir='ltr'><strong>in</strong></span> <span class='ocrx_word' id='word_1_342' title='bbox 3195 2327 3627 2398; x_wconf 68' lang='lat' dir='ltr'><strong>longaevitatem.</strong></span> 
     </span>
    </p>
   </div>
   <div class='ocr_carea' id='block_1_46' title="bbox 2025 2417 3635 2490">
    <p class='ocr_par' dir='ltr' id='par_1_46' title="bbox 2025 2417 3635 2490">
     <span class='ocr_line' id='line_1_47' title="bbox 2025 2417 3635 2490; baseline 0 -18"><span class='ocrx_word' id='word_1_343' title='bbox 2025 2418 2171 2473; x_wconf 83' lang='lat' dir='ltr'><strong>Nihil</strong></span> <span class='ocrx_word' id='word_1_344' title='bbox 2201 2419 2347 2474; x_wconf 87' lang='lat' dir='ltr'><strong>enim</strong></span> <span class='ocrx_word' id='word_1_345' title='bbox 2376 2419 2520 2475; x_wconf 89' lang='lat' dir='ltr'><strong>aliud</strong></span> <span class='ocrx_word' id='word_1_346' title='bbox 2539 2417 2815 2490; x_wconf 85' lang='lat' dir='ltr'><strong>signiﬁcat</strong></span> <span class='ocrx_word' id='word_1_347' title='bbox 2855 2418 2986 2474; x_wconf 88' lang='lat' dir='ltr'><strong>illud</strong></span> <span class='ocrx_word' id='word_1_348' title='bbox 3021 2437 3033 2473; x_wconf 93' lang='lat'>:</span> <span class='ocrx_word' id='word_1_349' title='bbox 3071 2418 3128 2474; x_wconf 90' lang='lat' dir='ltr'><strong>lu</strong></span> <span class='ocrx_word' id='word_1_350' title='bbox 3161 2419 3551 2490; x_wconf 82' lang='lat' dir='ltr'><strong>generationes</strong></span> <span class='ocrx_word' id='word_1_351' title='bbox 3577 2427 3635 2473; x_wconf 88' lang='lat' dir='ltr'><strong>et</strong></span> 
     </span>
    </p>
   </div>
   <div class='ocr_carea' id='block_1_47' title="bbox 2027 2513 2426 2582">
    <p class='ocr_par' dir='ltr' id='par_1_47' title="bbox 2027 2513 2426 2582">
     <span class='ocr_line' id='line_1_48' title="bbox 2027 2513 2426 2582; baseline 0.01 -19"><span class='ocrx_word' id='word_1_352' title='bbox 2027 2513 2426 2582; x_wconf 84' lang='lat' dir='ltr'><strong>generationes.</strong></span> 
     </span>
    </p>
   </div>
   <div class='ocr_carea' id='block_1_48' title="bbox 305 2581 3633 2680">
    <p class='ocr_par' dir='ltr' id='par_1_48' title="bbox 305 2581 3633 2680">
     <span class='ocr_line' id='line_1_49' title="bbox 305 2581 3633 2680; baseline 0.014 -47"><span class='ocrx_word' id='word_1_353' title='bbox 305 2581 660 2653; x_wconf 87' lang='grc' dir='ltr'>Πνεύματος,</span> <span class='ocrx_word' id='word_1_354' title='bbox 684 2587 777 2639; x_wconf 77' lang='grc' dir='ltr'>καὶ</span> <span class='ocrx_word' id='word_1_355' title='bbox 805 2587 1258 2659; x_wconf 80' lang='grc' dir='ltr'>ἀναῤῥωννύντος</span> <span class='ocrx_word' id='word_1_356' title='bbox 1277 2594 1470 2666; x_wconf 82' lang='grc' dir='ltr'>αὐτὴν,</span> <span class='ocrx_word' id='word_1_357' title='bbox 1493 2596 1635 2652; x_wconf 83' lang='grc' dir='ltr'>ὥστε</span> <span class='ocrx_word' id='word_1_358' title='bbox 1665 2599 1754 2655; x_wconf 78' lang='grc' dir='ltr'>διὰ</span> <span class='ocrx_word' id='word_1_359' title='bbox 1791 2601 1951 2655; x_wconf 90' lang='grc' dir='ltr'>τοῦτο</span> <span class='ocrx_word' id='word_1_360' title='bbox 1990 2581 2364 2676; x_wconf 85' lang='grc' dir='ltr'>κληρονόμους</span> <span class='ocrx_word' id='word_1_361' title='bbox 2434 2605 2585 2677; x_wconf 82' lang='grc' dir='ltr'>ἡμᾶς</span> <span class='ocrx_word' id='word_1_362' title='bbox 2631 2605 2970 2678; x_wconf 81' lang='grc' dir='ltr'>καταστῆναι</span> <span class='ocrx_word' id='word_1_363' title='bbox 3042 2606 3142 2677; x_wconf 81' lang='grc' dir='ltr'><strong>τῆς</strong></span> <span class='ocrx_word' id='word_1_364' title='bbox 3175 2605 3257 2670; x_wconf 68' lang='grc' dir='ltr'><strong>εἷς</strong></span> <span class='ocrx_word' id='word_1_365' title='bbox 3303 2607 3633 2680; x_wconf 73' lang='grc' dir='ltr'>μακραίωνα</span> 
     </span>
    </p>
   </div>
   <div class='ocr_carea' id='block_1_49' title="bbox 305 2671 2397 2763">
    <p class='ocr_par' dir='ltr' id='par_1_49' title="bbox 305 2671 2397 2763">
     <span class='ocr_line' id='line_1_50' title="bbox 305 2671 2397 2763; baseline 0.01 -36"><span class='ocrx_word' id='word_1_366' title='bbox 305 2671 492 2752; x_wconf 58' lang='grc' dir='ltr'><strong>ζωῆςο</strong></span> <span class='ocrx_word' id='word_1_367' title='bbox 529 2675 786 2746; x_wconf 85' lang='grc' dir='ltr'>σημαίνει</span> <span class='ocrx_word' id='word_1_368' title='bbox 816 2679 925 2755; x_wconf 77' lang='grc' dir='ltr'><strong>γὰρ</strong></span> <span class='ocrx_word' id='word_1_369' title='bbox 957 2681 1135 2749; x_wconf 87' lang='grc' dir='ltr'>τοῦτο,</span> <span class='ocrx_word' id='word_1_370' title='bbox 1168 2684 1264 2737; x_wconf 77' lang='grc' dir='ltr'>καὶ</span> <span class='ocrx_word' id='word_1_371' title='bbox 1302 2684 1492 2757; x_wconf 73' lang='grc' dir='ltr'>ἕτερον</span> <span class='ocrx_word' id='word_1_372' title='bbox 1533 2688 1690 2744; x_wconf 83' lang='grc' dir='ltr'>οὐδὲν</span> <span class='ocrx_word' id='word_1_373' title='bbox 1719 2690 1805 2758; x_wconf 86' lang='grc' dir='ltr'><strong>τὺ,</strong></span> <span class='ocrx_word' id='word_1_374' title='bbox 1828 2693 1908 2756; x_wconf 86' lang='grc' dir='ltr'><strong>είς</strong></span> <span class='ocrx_word' id='word_1_375' title='bbox 1947 2671 2140 2761; x_wconf 62' lang='grc' dir='ltr'>γενεάς</span> <span class='ocrx_word' id='word_1_376' title='bbox 2173 2671 2397 2763; x_wconf 71' lang='grc' dir='ltr'>γενεῶν.</span> 
     </span>
    </p>
   </div>
   <div class='ocr_carea' id='block_1_50' title="bbox 379 2769 1916 2856">
    <p class='ocr_par' dir='ltr' id='par_1_50' title="bbox 379 2769 1916 2856">
     <span class='ocr_line' id='line_1_51' title="bbox 379 2769 1916 2856; baseline 0.012 -32"><span class='ocrx_word' id='word_1_377' title='bbox 379 2769 498 2826; x_wconf 74' lang='grc' dir='ltr'><strong>Καὶ</strong></span> <span class='ocrx_word' id='word_1_378' title='bbox 541 2773 1129 2845; x_wconf 73' lang='grc' dir='ltr'>οἰκοδομηθήσονταί</span> <span class='ocrx_word' id='word_1_379' title='bbox 1171 2795 1290 2836; x_wconf 86' lang='grc' dir='ltr'>σου</span> <span class='ocrx_word' id='word_1_380' title='bbox 1321 2786 1381 2837; x_wconf 80' lang='lat' dir='ltr'><strong>al</strong></span> <span class='ocrx_word' id='word_1_381' title='bbox 1419 2783 1627 2856; x_wconf 78' lang='grc' dir='ltr'>ἔρημοι</span> <span class='ocrx_word' id='word_1_382' title='bbox 1663 2786 1916 2853; x_wconf 73' lang='lat' dir='ltr'><strong>ultimm,</strong></span> 
     </span>
    </p>
   </div>
   <div class='ocr_carea' id='block_1_51' title="bbox 305 2865 1919 2949">
    <p class='ocr_par' dir='ltr' id='par_1_51' title="bbox 305 2865 1919 2949">
     <span class='ocr_line' id='line_1_52' title="bbox 305 2865 1919 2949; baseline 0.011 -31"><span class='ocrx_word' id='word_1_383' title='bbox 305 2865 413 2920; x_wconf 77' lang='grc' dir='ltr'><strong>καί</strong></span> <span class='ocrx_word' id='word_1_384' title='bbox 455 2865 633 2921; x_wconf 82' lang='grc' dir='ltr'>ἔσται</span> <span class='ocrx_word' id='word_1_385' title='bbox 684 2884 802 2923; x_wconf 89' lang='grc' dir='ltr'>σου</span> <span class='ocrx_word' id='word_1_386' title='bbox 834 2870 906 2926; x_wconf 86' lang='grc' dir='ltr'>τὰ</span> <span class='ocrx_word' id='word_1_387' title='bbox 951 2873 1198 2942; x_wconf 80' lang='grc' dir='ltr'>θεμέλια</span> <span class='ocrx_word' id='word_1_388' title='bbox 1243 2876 1468 2946; x_wconf 79' lang='grc' dir='ltr'><strong>γενεῶν</strong></span> <span class='ocrx_word' id='word_1_389' title='bbox 1512 2881 1770 2949; x_wconf 78' lang='grc' dir='ltr'><strong>γενεαῖς,</strong></span> <span class='ocrx_word' id='word_1_390' title='bbox 1820 2881 1919 2935; x_wconf 76' lang='grc' dir='ltr'><strong>καί</strong></span> 
     </span>
    </p>
   </div>
   <div class='ocr_carea' id='block_1_52' title="bbox 305 2957 1923 3042">
    <p class='ocr_par' dir='ltr' id='par_1_52' title="bbox 305 2957 1923 3042">
     <span class='ocr_line' id='line_1_53' title="bbox 305 2957 1923 3042; baseline 0.012 -32"><span class='ocrx_word' id='word_1_391' title='bbox 305 2957 602 3029; x_wconf 69' lang='grc' dir='ltr'>κληθήσῃ</span> <span class='ocrx_word' id='word_1_392' title='bbox 648 2961 968 3033; x_wconf 74' lang='grc' dir='ltr'>οἰκοδόμος</span> <span class='ocrx_word' id='word_1_393' title='bbox 1016 2966 1326 3038; x_wconf 69' lang='grc' dir='ltr'>φραγμῶν,</span> <span class='ocrx_word' id='word_1_394' title='bbox 1371 2969 1471 3026; x_wconf 83' lang='grc' dir='ltr'>καὶ</span> <span class='ocrx_word' id='word_1_395' title='bbox 1526 2971 1635 3039; x_wconf 83' lang='grc' dir='ltr'>τὰς</span> <span class='ocrx_word' id='word_1_396' title='bbox 1678 2973 1923 3042; x_wconf 79' lang='grc' dir='ltr'>τρίϐους</span> 
     </span>
    </p>
   </div>
   <div class='ocr_carea' id='block_1_53' title="bbox 306 3051 1097 3126">
    <p class='ocr_par' dir='ltr' id='par_1_53' title="bbox 306 3051 1097 3126">
     <span class='ocr_line' id='line_1_54' title="bbox 306 3051 1097 3126; baseline 0.01 -21"><span class='ocrx_word' id='word_1_397' title='bbox 306 3051 422 3118; x_wconf 85' lang='grc' dir='ltr'>τὰς</span> <span class='ocrx_word' id='word_1_398' title='bbox 469 3052 783 3123; x_wconf 76' lang='grc' dir='ltr'>ἀναμέσων</span> <span class='ocrx_word' id='word_1_399' title='bbox 817 3059 1097 3126; x_wconf 84' lang='grc' dir='ltr'>παύσεις.</span> 
     </span>
    </p>
   </div>
   <div class='ocr_carea' id='block_1_54' title="bbox 389 3145 1924 3234">
    <p class='ocr_par' dir='ltr' id='par_1_54' title="bbox 389 3145 1924 3234">
     <span class='ocr_line' id='line_1_55' title="bbox 389 3145 1924 3234; baseline 0.014 -37"><span class='ocrx_word' id='word_1_400' title='bbox 389 3145 470 3198; x_wconf 83' lang='grc' dir='ltr'><strong>Δι’</strong></span> <span class='ocrx_word' id='word_1_401' title='bbox 509 3146 716 3217; x_wconf 82' lang='grc' dir='ltr'>ἑτέρων</span> <span class='ocrx_word' id='word_1_402' title='bbox 747 3147 841 3204; x_wconf 84' lang='grc' dir='ltr'><strong>δύο</strong></span> <span class='ocrx_word' id='word_1_403' title='bbox 869 3152 1334 3225; x_wconf 74' lang='grc' dir='ltr'>παραδειγμάτων</span> <span class='ocrx_word' id='word_1_404' title='bbox 1369 3158 1398 3211; x_wconf 85' lang='grc' dir='ltr'><strong>ὁ</strong></span> <span class='ocrx_word' id='word_1_405' title='bbox 1426 3161 1765 3233; x_wconf 82' lang='grc' dir='ltr'>προφητικδς</span> <span class='ocrx_word' id='word_1_406' title='bbox 1789 3162 1924 3234; x_wconf 78' lang='grc' dir='ltr'>ἡμῖν</span> 
     </span>
    </p>
   </div>
   <div class='ocr_carea' id='block_1_55' title="bbox 310 3236 1927 3322">
    <p class='ocr_par' dir='ltr' id='par_1_55' title="bbox 310 3236 1927 3322">
     <span class='ocr_line' id='line_1_56' title="bbox 310 3236 1927 3322; baseline 0.015 -35"><span class='ocrx_word' id='word_1_407' title='bbox 310 3236 539 3308; x_wconf 77' lang='grc' dir='ltr'>ἔρχεται</span> <span class='ocrx_word' id='word_1_408' title='bbox 575 3239 754 3310; x_wconf 87' lang='grc' dir='ltr'>λόγος,</span> <span class='ocrx_word' id='word_1_409' title='bbox 829 3244 925 3298; x_wconf 78' lang='grc' dir='ltr'>καὶ</span> <span class='ocrx_word' id='word_1_410' title='bbox 975 3245 1084 3301; x_wconf 90' lang='grc' dir='ltr'><strong>τῶν</strong></span> <span class='ocrx_word' id='word_1_411' title='bbox 1135 3251 1540 3322; x_wconf 85' lang='grc' dir='ltr'>κεκρυμμένων</span> <span class='ocrx_word' id='word_1_412' title='bbox 1596 3255 1818 3310; x_wconf 73' lang='grc' dir='ltr'>ἐννοιῶν</span> <span class='ocrx_word' id='word_1_413' title='bbox 1864 3258 1927 3312; x_wconf 81' lang='grc' dir='ltr'>τὸ</span> 
     </span>
    </p>
   </div>
   <div class='ocr_carea' id='block_1_56' title="bbox 317 3331 1925 3422">
    <p class='ocr_par' dir='ltr' id='par_1_56' title="bbox 317 3331 1925 3422">
     <span class='ocr_line' id='line_1_57' title="bbox 317 3331 1925 3422; baseline 0.014 -38"><span class='ocrx_word' id='word_1_414' title='bbox 317 3331 522 3399; x_wconf 87' lang='grc' dir='ltr'>κάλλος</span> <span class='ocrx_word' id='word_1_415' title='bbox 555 3336 894 3406; x_wconf 77' lang='grc' dir='ltr'>ὲκφαίνεται.</span> <span class='ocrx_word' id='word_1_416' title='bbox 947 3339 1035 3404; x_wconf 83' lang='grc' dir='ltr'><strong>Ὠς</strong></span> <span class='ocrx_word' id='word_1_417' title='bbox 1084 3344 1193 3416; x_wconf 84' lang='grc' dir='ltr'>γὰρ</span> <span class='ocrx_word' id='word_1_418' title='bbox 1234 3345 1327 3399; x_wconf 74' lang='grc' dir='ltr'><strong>ἐπὶ</strong></span> <span class='ocrx_word' id='word_1_419' title='bbox 1359 3347 1571 3412; x_wconf 86' lang='grc' dir='ltr'>πόλεως</span> <span class='ocrx_word' id='word_1_420' title='bbox 1613 3351 1925 3422; x_wconf 80' lang='grc' dir='ltr'>ἐρημωθεί-</span> 
     </span>
    </p>
   </div>
   <div class='ocr_carea' id='block_1_57' title="bbox 316 3425 1924 3507">
    <p class='ocr_par' dir='ltr' id='par_1_57' title="bbox 316 3425 1924 3507">
     <span class='ocr_line' id='line_1_58' title="bbox 316 3425 1924 3507; baseline 0.016 -32"><span class='ocrx_word' id='word_1_421' title='bbox 316 3441 424 3492; x_wconf 88' lang='grc' dir='ltr'><strong>σης</strong></span> <span class='ocrx_word' id='word_1_422' title='bbox 477 3425 631 3491; x_wconf 87' lang='grc' dir='ltr'>ποτὲ,</span> <span class='ocrx_word' id='word_1_423' title='bbox 684 3429 781 3482; x_wconf 77' lang='grc' dir='ltr'>καὶ</span> <span class='ocrx_word' id='word_1_424' title='bbox 827 3436 1334 3507; x_wconf 83' lang='grc' dir='ltr'>κατασεσεισμένης</span> <span class='ocrx_word' id='word_1_425' title='bbox 1385 3439 1654 3506; x_wconf 83' lang='grc' dir='ltr'>είσάπαν,</span> <span class='ocrx_word' id='word_1_426' title='bbox 1704 3442 1782 3507; x_wconf 85' lang='grc' dir='ltr'>ὡς</span> <span class='ocrx_word' id='word_1_427' title='bbox 1828 3446 1924 3500; x_wconf 76' lang='grc' dir='ltr'>καὶ</span> 
     </span>
    </p>
   </div>
   <div class='ocr_carea' id='block_1_58' title="bbox 307 3514 1922 3600">
    <p class='ocr_par' dir='ltr' id='par_1_58' title="bbox 307 3514 1922 3600">
     <span class='ocr_line' id='line_1_59' title="bbox 307 3514 1922 3600; baseline 0.014 -35"><span class='ocrx_word' id='word_1_428' title='bbox 307 3514 624 3586; x_wconf 84' lang='grc' dir='ltr'>ἀτείχιστον</span> <span class='ocrx_word' id='word_1_429' title='bbox 655 3517 828 3591; x_wconf 83' lang='grc' dir='ltr'>αὐτὴν</span> <span class='ocrx_word' id='word_1_430' title='bbox 855 3521 1178 3594; x_wconf 84' lang='grc' dir='ltr'>ἀπομεῖναι,</span> <span class='ocrx_word' id='word_1_431' title='bbox 1209 3527 1270 3579; x_wconf 83' lang='grc' dir='ltr'>τὸ</span> <span class='ocrx_word' id='word_1_432' title='bbox 1292 3527 1388 3582; x_wconf 89' lang='grc' dir='ltr'><strong>τοῦ</strong></span> <span class='ocrx_word' id='word_1_433' title='bbox 1429 3528 1589 3600; x_wconf 86' lang='grc' dir='ltr'>λόγου</span> <span class='ocrx_word' id='word_1_434' title='bbox 1621 3531 1922 3588; x_wconf 80' lang='grc' dir='ltr'>πλάττεται</span> 
     </span>
    </p>
   </div>
   <div class='ocr_carea' id='block_1_59' title="bbox 307 3607 1922 3696">
    <p class='ocr_par' dir='ltr' id='par_1_59' title="bbox 307 3607 1922 3696">
     <span class='ocr_line' id='line_1_60' title="bbox 307 3607 1922 3696; baseline 0.012 -35"><span class='ocrx_word' id='word_1_435' title='bbox 307 3607 523 3678; x_wconf 85' lang='grc' dir='ltr'>σχῆμα.</span> <span class='ocrx_word' id='word_1_436' title='bbox 557 3609 625 3661; x_wconf 83' lang='grc' dir='ltr'><strong>Αἱ</strong></span> <span class='ocrx_word' id='word_1_437' title='bbox 657 3610 768 3682; x_wconf 84' lang='grc' dir='ltr'>γὰρ</span> <span class='ocrx_word' id='word_1_438' title='bbox 794 3610 997 3684; x_wconf 79' lang='grc' dir='ltr'>ἔρημοί</span> <span class='ocrx_word' id='word_1_439' title='bbox 1031 3632 1147 3679; x_wconf 86' lang='grc' dir='ltr'>σου,</span> <span class='ocrx_word' id='word_1_440' title='bbox 1179 3618 1368 3688; x_wconf 81' lang='grc' dir='ltr'>φησὶν,</span> <span class='ocrx_word' id='word_1_441' title='bbox 1397 3621 1922 3696; x_wconf 84' lang='grc' dir='ltr'>οἰκοδομηθήσονται</span> 
     </span>
    </p>
   </div>
   <div class='ocr_carea' id='block_1_60' title="bbox 267 3699 1923 3785">
    <p class='ocr_par' dir='ltr' id='par_1_60' title="bbox 267 3699 1923 3785">
     <span class='ocr_line' id='line_1_61' title="bbox 267 3699 1923 3785; baseline 0.016 -34"><span class='ocrx_word' id='word_1_442' title='bbox 267 3699 544 3766; x_wconf 85' lang='grc' dir='ltr'>ἀίὼνιοι,</span> <span class='ocrx_word' id='word_1_443' title='bbox 591 3704 894 3771; x_wconf 86' lang='grc' dir='ltr'>τουτέστιν,</span> <span class='ocrx_word' id='word_1_444' title='bbox 947 3709 1050 3764; x_wconf 82' lang='grc' dir='ltr'>οὐκ</span> <span class='ocrx_word' id='word_1_445' title='bbox 1100 3709 1200 3782; x_wconf 76' lang='grc' dir='ltr'><strong>ἔσῃ</strong></span> <span class='ocrx_word' id='word_1_446' title='bbox 1249 3715 1432 3785; x_wconf 84' lang='grc' dir='ltr'>γυμνὴ</span> <span class='ocrx_word' id='word_1_447' title='bbox 1467 3715 1576 3770; x_wconf 92' lang='grc' dir='ltr'><strong>τῶν</strong></span> <span class='ocrx_word' id='word_1_448' title='bbox 1627 3719 1923 3778; x_wconf 78' lang='grc' dir='ltr'>οἰκούντων</span> 
     </span>
    </p>
   </div>
   <div class='ocr_carea' id='block_1_61' title="bbox 303 3791 1923 3884">
    <p class='ocr_par' dir='ltr' id='par_1_61' title="bbox 303 3791 1923 3884">
     <span class='ocr_line' id='line_1_62' title="bbox 303 3791 1923 3884; baseline 0.015 -39"><span class='ocrx_word' id='word_1_449' title='bbox 303 3791 413 3863; x_wconf 84' lang='grc' dir='ltr'>τὴν</span> <span class='ocrx_word' id='word_1_450' title='bbox 456 3793 557 3866; x_wconf 81' lang='grc' dir='ltr'>σὴν</span> <span class='ocrx_word' id='word_1_451' title='bbox 587 3797 821 3868; x_wconf 83' lang='grc' dir='ltr'>καρδίαν</span> <span class='ocrx_word' id='word_1_452' title='bbox 853 3799 1132 3872; x_wconf 82' lang='grc' dir='ltr'>λογισμῶν</span> <span class='ocrx_word' id='word_1_453' title='bbox 1167 3805 1412 3873; x_wconf 86' lang='grc' dir='ltr'>ἀγαθῶν,</span> <span class='ocrx_word' id='word_1_454' title='bbox 1462 3809 1586 3863; x_wconf 77' lang='grc' dir='ltr'>οὔτε</span> <span class='ocrx_word' id='word_1_455' title='bbox 1633 3813 1742 3884; x_wconf 81' lang='grc' dir='ltr'>μὴν</span> <span class='ocrx_word' id='word_1_456' title='bbox 1773 3815 1923 3869; x_wconf 85' lang='grc' dir='ltr'>ἀτεί-</span> 
     </span>
    </p>
   </div>
   <div class='ocr_carea' id='block_1_62' title="bbox 312 3888 1921 3985">
    <p class='ocr_par' dir='ltr' id='par_1_62' title="bbox 312 3888 1921 3985">
     <span class='ocr_line' id='line_1_63' title="bbox 312 3888 1921 3985; baseline 0.02 -49"><span class='ocrx_word' id='word_1_457' title='bbox 312 3902 526 3985; x_wconf 68' lang='grc' dir='ltr'>χιστος,</span> <span class='ocrx_word' id='word_1_458' title='bbox 562 3888 595 3958; x_wconf 82' lang='grc' dir='ltr'><strong>ἢ</strong></span> <span class='ocrx_word' id='word_1_459' title='bbox 633 3889 981 3985; x_wconf 67' lang='grc' dir='ltr'>ἀφρούρητος</span> <span class='ocrx_word' id='word_1_460' title='bbox 1009 3897 1325 3968; x_wconf 86' lang='grc' dir='ltr'>ἀπομενεῖς,</span> <span class='ocrx_word' id='word_1_461' title='bbox 1357 3903 1453 3958; x_wconf 77' lang='grc' dir='ltr'>καὶ</span> <span class='ocrx_word' id='word_1_462' title='bbox 1489 3904 1650 3974; x_wconf 81' lang='grc' dir='ltr'>βάσιν</span> <span class='ocrx_word' id='word_1_463' title='bbox 1698 3910 1921 3985; x_wconf 83' lang='grc' dir='ltr'>ἑδραίαν</span> 
     </span>
    </p>
   </div>
   <div class='ocr_carea' id='block_1_63' title="bbox 311 3975 1921 4076">
    <p class='ocr_par' dir='ltr' id='par_1_63' title="bbox 311 3975 1921 4076">
     <span class='ocr_line' id='line_1_64' title="bbox 311 3975 1921 4076; baseline 0.02 -48"><span class='ocrx_word' id='word_1_464' title='bbox 311 3975 419 4076; x_wconf 80' lang='grc' dir='ltr'>οὐκ</span> <span class='ocrx_word' id='word_1_465' title='bbox 447 3977 668 4076; x_wconf 69' lang='grc' dir='ltr'>έχουσα.</span> <span class='ocrx_word' id='word_1_466' title='bbox 720 3983 1018 4076; x_wconf 81' lang='grc' dir='ltr'>Γενήσεται</span> <span class='ocrx_word' id='word_1_467' title='bbox 1050 3991 1161 4062; x_wconf 86' lang='grc' dir='ltr'><strong>γάρ</strong></span> <span class='ocrx_word' id='word_1_468' title='bbox 1207 4010 1288 4048; x_wconf 91' lang='grc' dir='ltr'><strong>σοι</strong></span> <span class='ocrx_word' id='word_1_469' title='bbox 1347 3994 1597 4068; x_wconf 84' lang='grc' dir='ltr'>θεμέλιος</span> <span class='ocrx_word' id='word_1_470' title='bbox 1626 4002 1655 4054; x_wconf 88' lang='grc' dir='ltr'><strong>ό</strong></span> <span class='ocrx_word' id='word_1_471' title='bbox 1685 3975 1921 4076; x_wconf 79' lang='grc' dir='ltr'>Χριστὸς</span> 
     </span>
    </p>
   </div>
   <div class='ocr_carea' id='block_1_64' title="bbox 314 4068 1919 4162">
    <p class='ocr_par' dir='ltr' id='par_1_64' title="bbox 314 4068 1919 4162">
     <span class='ocr_line' id='line_1_65' title="bbox 314 4068 1919 4162; baseline 0.02 -44"><span class='ocrx_word' id='word_1_472' title='bbox 314 4068 438 4162; x_wconf 28' lang='grc' dir='ltr'>καὶ*</span> <span class='ocrx_word' id='word_1_473' title='bbox 453 4068 728 4140; x_wconf 84' lang='grc' dir='ltr'>ἀσφάλεια</span> <span class='ocrx_word' id='word_1_474' title='bbox 764 4073 1039 4148; x_wconf 80' lang='grc' dir='ltr'>διηνεκὴς,</span> <span class='ocrx_word' id='word_1_475' title='bbox 1093 4082 1187 4134; x_wconf 83' lang='grc' dir='ltr'>καὶ</span> <span class='ocrx_word' id='word_1_476' title='bbox 1230 4082 1306 4148; x_wconf 86' lang='grc' dir='ltr'><strong>ὡς</strong></span> <span class='ocrx_word' id='word_1_477' title='bbox 1336 4085 1492 4150; x_wconf 88' lang='grc' dir='ltr'>πόλις</span> <span class='ocrx_word' id='word_1_478' title='bbox 1536 4088 1634 4162; x_wconf 82' lang='grc' dir='ltr'><strong>ἔσῃ</strong></span> <span class='ocrx_word' id='word_1_479' title='bbox 1681 4068 1919 4149; x_wconf 55' lang='grc' dir='ltr'><strong>πολυτινζ</strong></span> 
     </span>
    </p>
   </div>
   <div class='ocr_carea' id='block_1_65' title="bbox 306 4157 1914 4256">
    <p class='ocr_par' dir='ltr' id='par_1_65' title="bbox 306 4157 1914 4256">
     <span class='ocr_line' id='line_1_66' title="bbox 306 4157 1914 4256; baseline 0.02 -46"><span class='ocrx_word' id='word_1_480' title='bbox 306 4157 518 4256; x_wconf 78' lang='grc' dir='ltr'>δροῦσα</span> <span class='ocrx_word' id='word_1_481' title='bbox 569 4165 676 4230; x_wconf 57' lang='grc' dir='ltr'>ικαὶ</span> <span class='ocrx_word' id='word_1_482' title='bbox 726 4165 1134 4242; x_wconf 85' lang='grc' dir='ltr'>ἀναριθμήτους</span> <span class='ocrx_word' id='word_1_483' title='bbox 1180 4172 1386 4244; x_wconf 83' lang='grc' dir='ltr'>ἔχουσα</span> <span class='ocrx_word' id='word_1_484' title='bbox 1430 4179 1560 4244; x_wconf 84' lang='grc' dir='ltr'>τοὺς</span> <span class='ocrx_word' id='word_1_485' title='bbox 1598 4157 1914 4256; x_wconf 72' lang='grc' dir='ltr'>οἰκήτορας.</span> 
     </span>
    </p>
   </div>
   <div class='ocr_carea' id='block_1_66' title="bbox 301 4252 1917 4336">
    <p class='ocr_par' dir='ltr' id='par_1_66' title="bbox 301 4252 1917 4336">
     <span class='ocr_line' id='line_1_67' title="bbox 301 4252 1917 4336; baseline 0.017 -31"><span class='ocrx_word' id='word_1_486' title='bbox 301 4252 375 4305; x_wconf 64' lang='lat' dir='ltr'><strong>At</strong></span> <span class='ocrx_word' id='word_1_487' title='bbox 409 4252 521 4325; x_wconf 81' lang='grc' dir='ltr'><strong>γὰρ</strong></span> <span class='ocrx_word' id='word_1_488' title='bbox 546 4257 657 4310; x_wconf 90' lang='grc' dir='ltr'><strong>τῶν</strong></span> <span class='ocrx_word' id='word_1_489' title='bbox 694 4259 866 4329; x_wconf 84' lang='grc' dir='ltr'>ἁγίων</span> <span class='ocrx_word' id='word_1_490' title='bbox 899 4262 1073 4334; x_wconf 79' lang='grc' dir='ltr'>ψυχαὶ</span> <span class='ocrx_word' id='word_1_491' title='bbox 1127 4264 1304 4336; x_wconf 89' lang='grc' dir='ltr'>λόγων</span> <span class='ocrx_word' id='word_1_492' title='bbox 1339 4286 1401 4322; x_wconf 87' lang='grc' dir='ltr'>τε</span> <span class='ocrx_word' id='word_1_493' title='bbox 1431 4272 1527 4324; x_wconf 79' lang='grc' dir='ltr'>καὶ</span> <span class='ocrx_word' id='word_1_494' title='bbox 1555 4252 1776 4330; x_wconf 81' lang='grc' dir='ltr'>ἐννοιῶν</span> <span class='ocrx_word' id='word_1_495' title='bbox 1794 4252 1917 4332; x_wconf 40' lang='grc' dir='ltr'>ἐἰσι</span> 
     </span>
    </p>
   </div>
   <div class='ocr_carea' id='block_1_67' title="bbox 304 4349 1913 4440">
    <p class='ocr_par' dir='ltr' id='par_1_67' title="bbox 304 4349 1913 4440">
     <span class='ocr_line' id='line_1_68' title="bbox 304 4349 1913 4440; baseline 0.018 -43"><span class='ocrx_word' id='word_1_496' title='bbox 304 4349 531 4440; x_wconf 61' lang='grc' dir='ltr'>μεσταί,</span> <span class='ocrx_word' id='word_1_497' title='bbox 558 4349 669 4406; x_wconf 87' lang='grc' dir='ltr'><strong>τῶν</strong></span> <span class='ocrx_word' id='word_1_498' title='bbox 701 4353 832 4425; x_wconf 80' lang='grc' dir='ltr'>περὶ</span> <span class='ocrx_word' id='word_1_499' title='bbox 878 4353 1014 4409; x_wconf 82' lang='grc' dir='ltr'>Θεοῦ</span> <span class='ocrx_word' id='word_1_500' title='bbox 1049 4356 1317 4429; x_wconf 85' lang='grc' dir='ltr'>δηλονότι.</span> <span class='ocrx_word' id='word_1_501' title='bbox 1361 4362 1610 4420; x_wconf 85' lang='grc' dir='ltr'>Πλεῖστοι</span> <span class='ocrx_word' id='word_1_502' title='bbox 1657 4368 1716 4422; x_wconf 82' lang='grc' dir='ltr'>δὲ</span> <span class='ocrx_word' id='word_1_503' title='bbox 1745 4364 1913 4440; x_wconf 75' lang='grc' dir='ltr'>οὗτοι,</span> 
     </span>
    </p>
   </div>
   <div class='ocr_carea' id='block_1_68' title="bbox 302 4438 1915 4530">
    <p class='ocr_par' dir='ltr' id='par_1_68' title="bbox 302 4438 1915 4530">
     <span class='ocr_line' id='line_1_69' title="bbox 302 4438 1915 4530; baseline 0.019 -40"><span class='ocrx_word' id='word_1_504' title='bbox 302 4438 401 4491; x_wconf 76' lang='grc' dir='ltr'>καὶ</span> <span class='ocrx_word' id='word_1_505' title='bbox 436 4438 527 4493; x_wconf 85' lang='grc' dir='ltr'>διὰ</span> <span class='ocrx_word' id='word_1_506' title='bbox 561 4442 663 4514; x_wconf 83' lang='grc' dir='ltr'>τῆς</span> <span class='ocrx_word' id='word_1_507' title='bbox 689 4445 772 4506; x_wconf 83' lang='grc' dir='ltr'><strong>είς</strong></span> <span class='ocrx_word' id='word_1_508' title='bbox 804 4445 958 4518; x_wconf 79' lang='grc' dir='ltr'>λῆξιν</span> <span class='ocrx_word' id='word_1_509' title='bbox 1008 4450 1304 4522; x_wconf 78' lang='grc' dir='ltr'>ἀκριϐείας</span> <span class='ocrx_word' id='word_1_510' title='bbox 1350 4457 1660 4530; x_wconf 81' lang='grc' dir='ltr'>ἐρχόμενοι,</span> <span class='ocrx_word' id='word_1_511' title='bbox 1696 4461 1810 4516; x_wconf 83' lang='grc' dir='ltr'>ἄνω</span> <span class='ocrx_word' id='word_1_512' title='bbox 1853 4438 1915 4519; x_wconf 85' lang='grc' dir='ltr'>τε</span> 
     </span>
    </p>
   </div>
   <div class='ocr_carea' id='block_1_69' title="bbox 2093 2789 3637 2862">
    <p class='ocr_par' dir='ltr' id='par_1_69' title="bbox 2093 2789 3637 2862">
     <span class='ocr_line' id='line_1_70' title="bbox 2093 2789 3637 2862; baseline -0.001 -16"><span class='ocrx_word' id='word_1_513' title='bbox 2093 2791 2253 2846; x_wconf 66' lang='lat' dir='ltr'><strong>Vnus.</strong></span> <span class='ocrx_word' id='word_1_514' title='bbox 2302 2792 2390 2846; x_wconf 71' lang='grc'>12.</span> <span class='ocrx_word' id='word_1_515' title='bbox 2427 2789 2493 2846; x_wconf 83' lang='grc' dir='ltr'>Ει</span> <span class='ocrx_word' id='word_1_516' title='bbox 2530 2793 2937 2862; x_wconf 74' lang='lat' dir='ltr'><strong>wdiﬁcabuntur</strong></span> <span class='ocrx_word' id='word_1_517' title='bbox 2985 2792 3082 2847; x_wconf 88' lang='lat' dir='ltr'><strong>tibi</strong></span> <span class='ocrx_word' id='word_1_518' title='bbox 3142 2793 3355 2848; x_wconf 80' lang='lat' dir='ltr'><strong>deserta</strong></span> <span class='ocrx_word' id='word_1_519' title='bbox 3389 2791 3445 2846; x_wconf 84' lang='lat' dir='ltr'><strong>in</strong></span> <span class='ocrx_word' id='word_1_520' title='bbox 3484 2800 3637 2846; x_wconf 81' lang='lat' dir='ltr'><strong>ceter-</strong></span> 
     </span>
    </p>
   </div>
   <div class='ocr_carea' id='block_1_70' title="bbox 2019 2887 3632 2958">
    <p class='ocr_par' dir='ltr' id='par_1_70' title="bbox 2019 2887 3632 2958">
     <span class='ocr_line' id='line_1_71' title="bbox 2019 2887 3632 2958; baseline 0 -18"><span class='ocrx_word' id='word_1_521' title='bbox 2019 2902 2166 2951; x_wconf 81' lang='lat' dir='ltr'><strong>num,</strong></span> <span class='ocrx_word' id='word_1_522' title='bbox 2194 2899 2238 2940; x_wconf 85' lang='lat' dir='ltr'><strong>et</strong></span> <span class='ocrx_word' id='word_1_523' title='bbox 2267 2898 2419 2941; x_wconf 78' lang='lat' dir='ltr'><strong>erunt</strong></span> <span class='ocrx_word' id='word_1_524' title='bbox 2443 2897 2539 2942; x_wconf 87' lang='lat' dir='ltr'><strong>tua</strong></span> <span class='ocrx_word' id='word_1_525' title='bbox 2578 2888 2931 2957; x_wconf 68' lang='lat' dir='ltr'><strong>fundamenta</strong></span> <span class='ocrx_word' id='word_1_526' title='bbox 2976 2887 3375 2958; x_wconf 82' lang='lat' dir='ltr'><strong>generationum</strong></span> <span class='ocrx_word' id='word_1_527' title='bbox 3408 2902 3632 2957; x_wconf 84' lang='lat' dir='ltr'><strong>genera-</strong></span> 
     </span>
    </p>
   </div>
   <div class='ocr_carea' id='block_1_71' title="bbox 2020 2980 3627 3052">
    <p class='ocr_par' dir='ltr' id='par_1_71' title="bbox 2020 2980 3627 3052">
     <span class='ocr_line' id='line_1_72' title="bbox 2020 2980 3627 3052; baseline 0 -20"><span class='ocrx_word' id='word_1_528' title='bbox 2020 2980 2298 3035; x_wconf 76' lang='lat' dir='ltr'><strong>tionibus:</strong></span> <span class='ocrx_word' id='word_1_529' title='bbox 2337 2990 2385 3035; x_wconf 87' lang='lat' dir='ltr'><strong>et</strong></span> <span class='ocrx_word' id='word_1_530' title='bbox 2437 2981 2710 3036; x_wconf 78' lang='lat' dir='ltr'><strong>vocaberis</strong></span> <span class='ocrx_word' id='word_1_531' title='bbox 2774 2981 3073 3052; x_wconf 68' lang='lat' dir='ltr'><strong>aediﬁcator</strong></span> <span class='ocrx_word' id='word_1_532' title='bbox 3127 2981 3510 3046; x_wconf 83' lang='lat' dir='ltr'><strong>maceriarum,</strong></span> <span class='ocrx_word' id='word_1_533' title='bbox 3579 2991 3627 3032; x_wconf 87' lang='lat' dir='ltr'><strong>et</strong></span> 
     </span>
    </p>
   </div>
   <div class='ocr_carea' id='block_1_72' title="bbox 2020 3076 3310 3149">
    <p class='ocr_par' dir='ltr' id='par_1_72' title="bbox 2020 3076 3310 3149">
     <span class='ocr_line' id='line_1_73' title="bbox 2020 3076 3310 3149; baseline 0 -17"><span class='ocrx_word' id='word_1_534' title='bbox 2020 3078 2234 3132; x_wconf 74' lang='lat' dir='ltr'><strong>semitas</strong></span> <span class='ocrx_word' id='word_1_535' title='bbox 2254 3092 2374 3149; x_wconf 76' lang='lat' dir='ltr'><strong>qua:</strong></span> <span class='ocrx_word' id='word_1_536' title='bbox 2401 3088 2523 3132; x_wconf 88' lang='lat' dir='ltr'><strong>sunt</strong></span> <span class='ocrx_word' id='word_1_537' title='bbox 2553 3077 2797 3132; x_wconf 83' lang='lat' dir='ltr'><strong>inmedio</strong></span> <span class='ocrx_word' id='word_1_538' title='bbox 2820 3077 3091 3149; x_wconf 82' lang='lat' dir='ltr'><strong>quiescere</strong></span> <span class='ocrx_word' id='word_1_539' title='bbox 3121 3076 3310 3146; x_wconf 75' lang='lat' dir='ltr'><strong>facies.</strong></span> 
     </span>
    </p>
   </div>
   <div class='ocr_carea' id='block_1_73' title="bbox 2104 3168 3631 3244">
    <p class='ocr_par' dir='ltr' id='par_1_73' title="bbox 2104 3168 3631 3244">
     <span class='ocr_line' id='line_1_74' title="bbox 2104 3168 3631 3244; baseline -0.003 -18"><span class='ocrx_word' id='word_1_540' title='bbox 2104 3171 2241 3227; x_wconf 83' lang='lat' dir='ltr'><strong>Aliis</strong></span> <span class='ocrx_word' id='word_1_541' title='bbox 2293 3172 2507 3229; x_wconf 89' lang='lat' dir='ltr'><strong>duobus</strong></span> <span class='ocrx_word' id='word_1_542' title='bbox 2574 3171 2840 3243; x_wconf 82' lang='lat' dir='ltr'><strong>exemplis</strong></span> <span class='ocrx_word' id='word_1_543' title='bbox 2921 3170 3242 3244; x_wconf 90' lang='lat' dir='ltr'><strong>prophetica</strong></span> <span class='ocrx_word' id='word_1_544' title='bbox 3323 3168 3631 3224; x_wconf 88' lang='lat' dir='ltr'><strong>illustratur</strong></span> 
     </span>
    </p>
   </div>
   <div class='ocr_carea' id='block_1_74' title="bbox 2031 3261 3631 3333">
    <p class='ocr_par' dir='ltr' id='par_1_74' title="bbox 2031 3261 3631 3333">
     <span class='ocr_line' id='line_1_75' title="bbox 2031 3261 3631 3333; baseline -0.003 -12"><span class='ocrx_word' id='word_1_545' title='bbox 2031 3269 2230 3332; x_wconf 89' lang='lat' dir='ltr'><strong>oratio,</strong></span> <span class='ocrx_word' id='word_1_546' title='bbox 2258 3274 2315 3321; x_wconf 87' lang='lat' dir='ltr'><strong>et</strong></span> <span class='ocrx_word' id='word_1_547' title='bbox 2366 3266 2778 3323; x_wconf 89' lang='lat' dir='ltr'><strong>reconditarum</strong></span> <span class='ocrx_word' id='word_1_548' title='bbox 2831 3265 3231 3322; x_wconf 84' lang='lat' dir='ltr'><strong>sententiarum</strong></span> <span class='ocrx_word' id='word_1_549' title='bbox 3280 3261 3631 3333; x_wconf 88' lang='lat' dir='ltr'><strong>pulchritudo</strong></span> 
     </span>
    </p>
   </div>
   <div class='ocr_carea' id='block_1_75' title="bbox 2026 3353 3632 3432">
    <p class='ocr_par' dir='ltr' id='par_1_75' title="bbox 2026 3353 3632 3432">
     <span class='ocr_line' id='line_1_76' title="bbox 2026 3353 3632 3432; baseline -0.005 -17"><span class='ocrx_word' id='word_1_550' title='bbox 2026 3359 2356 3415; x_wconf 88' lang='lat' dir='ltr'><strong>ostenditur.</strong></span> <span class='ocrx_word' id='word_1_551' title='bbox 2405 3357 2540 3414; x_wconf 82' lang='lat' dir='ltr'><strong>Nam</strong></span> <span class='ocrx_word' id='word_1_552' title='bbox 2572 3357 2722 3416; x_wconf 88' lang='lat' dir='ltr'><strong>velut</strong></span> <span class='ocrx_word' id='word_1_553' title='bbox 2761 3373 2792 3415; x_wconf 87' lang='lat' dir='ltr'><strong>a</strong></span> <span class='ocrx_word' id='word_1_554' title='bbox 2821 3366 3033 3432; x_wconf 87' lang='lat' dir='ltr'><strong>vastata</strong></span> <span class='ocrx_word' id='word_1_555' title='bbox 3080 3357 3357 3428; x_wconf 89' lang='lat' dir='ltr'><strong>quondam</strong></span> <span class='ocrx_word' id='word_1_556' title='bbox 3405 3353 3539 3411; x_wconf 84' lang='lat' dir='ltr'><strong>urbe</strong></span> <span class='ocrx_word' id='word_1_557' title='bbox 3575 3363 3632 3410; x_wconf 89' lang='lat' dir='ltr'><strong>et</strong></span> 
     </span>
    </p>
   </div>
   <div class='ocr_carea' id='block_1_76' title="bbox 2026 3449 3631 3523">
    <p class='ocr_par' dir='ltr' id='par_1_76' title="bbox 2026 3449 3631 3523">
     <span class='ocr_line' id='line_1_77' title="bbox 2026 3449 3631 3523; baseline -0.001 -19"><span class='ocrx_word' id='word_1_558' title='bbox 2026 3450 2080 3505; x_wconf 90' lang='lat' dir='ltr'><strong>in</strong></span> <span class='ocrx_word' id='word_1_559' title='bbox 2111 3459 2281 3506; x_wconf 89' lang='lat' dir='ltr'><strong>totum</strong></span> <span class='ocrx_word' id='word_1_560' title='bbox 2320 3451 2645 3521; x_wconf 85' lang='lat' dir='ltr'><strong>disturbata,</strong></span> <span class='ocrx_word' id='word_1_561' title='bbox 2682 3466 2804 3523; x_wconf 86' lang='lat' dir='ltr'><strong>quae</strong></span> <span class='ocrx_word' id='word_1_562' title='bbox 2862 3451 2982 3507; x_wconf 89' lang='lat' dir='ltr'><strong>sine</strong></span> <span class='ocrx_word' id='word_1_563' title='bbox 3036 3450 3308 3506; x_wconf 86' lang='lat' dir='ltr'><strong>moenibus</strong></span> <span class='ocrx_word' id='word_1_564' title='bbox 3343 3449 3485 3502; x_wconf 87' lang='lat' dir='ltr'><strong>nuda</strong></span> <span class='ocrx_word' id='word_1_565' title='bbox 3519 3460 3631 3502; x_wconf 86' lang='lat' dir='ltr'><strong>ma-</strong></span> 
     </span>
    </p>
   </div>
   <div class='ocr_carea' id='block_1_77' title="bbox 2024 3542 3629 3612">
    <p class='ocr_par' dir='ltr' id='par_1_77' title="bbox 2024 3542 3629 3612">
     <span class='ocr_line' id='line_1_78' title="bbox 2024 3542 3629 3612; baseline -0.002 -13"><span class='ocrx_word' id='word_1_566' title='bbox 2024 3553 2141 3612; x_wconf 88' lang='lat' dir='ltr'><strong>net,</strong></span> <span class='ocrx_word' id='word_1_567' title='bbox 2195 3545 2373 3601; x_wconf 84' lang='lat' dir='ltr'><strong>oratio</strong></span> <span class='ocrx_word' id='word_1_568' title='bbox 2431 3545 2726 3604; x_wconf 86' lang='lat' dir='ltr'><strong>formatur.</strong></span> <span class='ocrx_word' id='word_1_569' title='bbox 2791 3546 3016 3602; x_wconf 87' lang='lat' dir='ltr'><strong>Deserta</strong></span> <span class='ocrx_word' id='word_1_570' title='bbox 3071 3543 3244 3610; x_wconf 92' lang='lat' dir='ltr'><strong>enim,</strong></span> <span class='ocrx_word' id='word_1_571' title='bbox 3295 3542 3494 3612; x_wconf 89' lang='lat' dir='ltr'><strong>inquit,</strong></span> <span class='ocrx_word' id='word_1_572' title='bbox 3535 3552 3629 3596; x_wconf 89' lang='lat' dir='ltr'><strong>tua</strong></span> 
     </span>
    </p>
   </div>
   <div class='ocr_carea' id='block_1_78' title="bbox 2024 3630 3630 3701">
    <p class='ocr_par' dir='ltr' id='par_1_78' title="bbox 2024 3630 3630 3701">
     <span class='ocr_line' id='line_1_79' title="bbox 2024 3630 3630 3701; baseline -0.004 -9"><span class='ocrx_word' id='word_1_573' title='bbox 2024 3636 2440 3692; x_wconf 76' lang='lat' dir='ltr'><strong>:edificabuntur</strong></span> <span class='ocrx_word' id='word_1_574' title='bbox 2482 3637 2537 3693; x_wconf 90' lang='lat' dir='ltr'><strong>in</strong></span> <span class='ocrx_word' id='word_1_575' title='bbox 2575 3645 2866 3701; x_wconf 68' lang='lat' dir='ltr'><strong>aeternum,</strong></span> <span class='ocrx_word' id='word_1_576' title='bbox 2906 3635 2962 3692; x_wconf 89' lang='lat' dir='ltr'><strong>id</strong></span> <span class='ocrx_word' id='word_1_577' title='bbox 3012 3644 3120 3700; x_wconf 88' lang='lat' dir='ltr'><strong>est,</strong></span> <span class='ocrx_word' id='word_1_578' title='bbox 3177 3648 3284 3689; x_wconf 91' lang='lat' dir='ltr'><strong>non</strong></span> <span class='ocrx_word' id='word_1_579' title='bbox 3335 3631 3448 3689; x_wconf 88' lang='lat' dir='ltr'><strong>eris</strong></span> <span class='ocrx_word' id='word_1_580' title='bbox 3486 3630 3630 3687; x_wconf 84' lang='lat' dir='ltr'><strong>nuda</strong></span> 
     </span>
    </p>
   </div>
   <div class='ocr_carea' id='block_1_79' title="bbox 2024 3727 3633 3803">
    <p class='ocr_par' dir='ltr' id='par_1_79' title="bbox 2024 3727 3633 3803">
     <span class='ocr_line' id='line_1_80' title="bbox 2024 3727 3633 3803; baseline -0.005 -16"><span class='ocrx_word' id='word_1_581' title='bbox 2024 3729 2183 3787; x_wconf 90' lang='lat' dir='ltr'><strong>bonis</strong></span> <span class='ocrx_word' id='word_1_582' title='bbox 2226 3730 2646 3803; x_wconf 79' lang='lat' dir='ltr'><strong>cogitationibus</strong></span> <span class='ocrx_word' id='word_1_583' title='bbox 2672 3745 2770 3786; x_wconf 91' lang='lat' dir='ltr'><strong>cor</strong></span> <span class='ocrx_word' id='word_1_584' title='bbox 2821 3739 2977 3786; x_wconf 91' lang='lat' dir='ltr'><strong>tuum</strong></span> <span class='ocrx_word' id='word_1_585' title='bbox 3035 3727 3488 3791; x_wconf 86' lang='lat' dir='ltr'><strong>inhabitantibus,</strong></span> <span class='ocrx_word' id='word_1_586' title='bbox 3530 3738 3633 3780; x_wconf 91' lang='lat' dir='ltr'><strong>nec</strong></span> 
     </span>
    </p>
   </div>
   <div class='ocr_carea' id='block_1_80' title="bbox 2027 3819 3632 3892">
    <p class='ocr_par' dir='ltr' id='par_1_80' title="bbox 2027 3819 3632 3892">
     <span class='ocr_line' id='line_1_81' title="bbox 2027 3819 3632 3892; baseline -0.002 -15"><span class='ocrx_word' id='word_1_587' title='bbox 2027 3823 2298 3880; x_wconf 63' lang='lat' dir='ltr'><strong>moenibus</strong></span> <span class='ocrx_word' id='word_1_588' title='bbox 2357 3825 2639 3892; x_wconf 88' lang='lat' dir='ltr'><strong>destituta,</strong></span> <span class='ocrx_word' id='word_1_589' title='bbox 2693 3833 2788 3880; x_wconf 87' lang='lat' dir='ltr'><strong>aut</strong></span> <span class='ocrx_word' id='word_1_590' title='bbox 2852 3821 3184 3880; x_wconf 85' lang='lat' dir='ltr'><strong>incustodita</strong></span> <span class='ocrx_word' id='word_1_591' title='bbox 3253 3819 3504 3877; x_wconf 86' lang='lat' dir='ltr'><strong>manebis</strong></span> <span class='ocrx_word' id='word_1_592' title='bbox 3575 3825 3632 3874; x_wconf 84' lang='lat' dir='ltr'><strong>et</strong></span> 
     </span>
    </p>
   </div>
   <div class='ocr_carea' id='block_1_81' title="bbox 2026 3915 3629 3976">
    <p class='ocr_par' dir='ltr' id='par_1_81' title="bbox 2026 3915 3629 3976">
     <span class='ocr_line' id='line_1_82' title="bbox 2026 3915 3629 3976; baseline -0.005 -3"><span class='ocrx_word' id='word_1_593' title='bbox 2026 3918 2184 3974; x_wconf 84' lang='lat' dir='ltr'><strong>ﬁrma</strong></span> <span class='ocrx_word' id='word_1_594' title='bbox 2235 3919 2358 3976; x_wconf 89' lang='lat' dir='ltr'><strong>basi</strong></span> <span class='ocrx_word' id='word_1_595' title='bbox 2434 3934 2649 3976; x_wconf 85' lang='lat' dir='ltr'><strong>carens.</strong></span> <span class='ocrx_word' id='word_1_596' title='bbox 2698 3918 2814 3974; x_wconf 75' lang='lat' dir='ltr'><strong>Fiet</strong></span> <span class='ocrx_word' id='word_1_597' title='bbox 2855 3918 3004 3974; x_wconf 87' lang='lat' dir='ltr'><strong>enim</strong></span> <span class='ocrx_word' id='word_1_598' title='bbox 3061 3917 3155 3973; x_wconf 89' lang='lat' dir='ltr'><strong>tibi</strong></span> <span class='ocrx_word' id='word_1_599' title='bbox 3211 3915 3629 3972; x_wconf 89' lang='lat' dir='ltr'><strong>fundamentum</strong></span> 
     </span>
    </p>
   </div>
   <div class='ocr_carea' id='block_1_82' title="bbox 2022 4003 3629 4079">
    <p class='ocr_par' dir='ltr' id='par_1_82' title="bbox 2022 4003 3629 4079">
     <span class='ocr_line' id='line_1_83' title="bbox 2022 4003 3629 4079; baseline -0.004 -15"><span class='ocrx_word' id='word_1_600' title='bbox 2022 4008 2276 4065; x_wconf 84' lang='lat' dir='ltr'><strong>Christus</strong></span> <span class='ocrx_word' id='word_1_601' title='bbox 2328 4019 2383 4065; x_wconf 93' lang='lat' dir='ltr'><strong>et</strong></span> <span class='ocrx_word' id='word_1_602' title='bbox 2425 4009 2771 4065; x_wconf 85' lang='lat' dir='ltr'><strong>incolumitas</strong></span> <span class='ocrx_word' id='word_1_603' title='bbox 2820 4018 3104 4079; x_wconf 89' lang='lat' dir='ltr'><strong>perpetua,</strong></span> <span class='ocrx_word' id='word_1_604' title='bbox 3147 4015 3203 4064; x_wconf 92' lang='lat' dir='ltr'><strong>et</strong></span> <span class='ocrx_word' id='word_1_605' title='bbox 3249 4005 3404 4078; x_wconf 88' lang='lat' dir='ltr'><strong>quasi</strong></span> <span class='ocrx_word' id='word_1_606' title='bbox 3431 4003 3629 4061; x_wconf 82' lang='lat' dir='ltr'><strong>civitas</strong></span> 
     </span>
    </p>
   </div>
   <div class='ocr_carea' id='block_1_83' title="bbox 2022 4097 3627 4172">
    <p class='ocr_par' dir='ltr' id='par_1_83' title="bbox 2022 4097 3627 4172">
     <span class='ocr_line' id='line_1_84' title="bbox 2022 4097 3627 4172; baseline -0.002 -17"><span class='ocrx_word' id='word_1_607' title='bbox 2022 4101 2134 4156; x_wconf 91' lang='lat' dir='ltr'><strong>eris</strong></span> <span class='ocrx_word' id='word_1_608' title='bbox 2159 4100 2344 4156; x_wconf 91' lang='lat' dir='ltr'><strong>multis</strong></span> <span class='ocrx_word' id='word_1_609' title='bbox 2381 4101 2650 4158; x_wconf 90' lang='lat' dir='ltr'><strong>instructa</strong></span> <span class='ocrx_word' id='word_1_610' title='bbox 2690 4101 2843 4167; x_wconf 87' lang='lat' dir='ltr'><strong>viris,</strong></span> <span class='ocrx_word' id='word_1_611' title='bbox 2894 4117 3018 4172; x_wconf 67' lang='lat' dir='ltr'><strong>quae</strong></span> <span class='ocrx_word' id='word_1_612' title='bbox 3068 4097 3496 4156; x_wconf 89' lang='lat' dir='ltr'><strong>innumerabiles</strong></span> <span class='ocrx_word' id='word_1_613' title='bbox 3527 4097 3627 4152; x_wconf 84' lang='lat' dir='ltr'><strong>ba-</strong></span> 
     </span>
    </p>
   </div>
   <div class='ocr_carea' id='block_1_84' title="bbox 2020 4193 3630 4253">
    <p class='ocr_par' dir='ltr' id='par_1_84' title="bbox 2020 4193 3630 4253">
     <span class='ocr_line' id='line_1_85' title="bbox 2020 4193 3630 4253; baseline -0.003 -3"><span class='ocrx_word' id='word_1_614' title='bbox 2020 4193 2115 4250; x_wconf 84' lang='lat' dir='ltr'><strong>bet</strong></span> <span class='ocrx_word' id='word_1_615' title='bbox 2143 4193 2376 4251; x_wconf 88' lang='lat' dir='ltr'><strong>incolas.</strong></span> <span class='ocrx_word' id='word_1_616' title='bbox 2437 4193 2773 4253; x_wconf 88' lang='lat' dir='ltr'><strong>Sanctorum</strong></span> <span class='ocrx_word' id='word_1_617' title='bbox 2808 4195 2956 4251; x_wconf 88' lang='lat' dir='ltr'><strong>enim</strong></span> <span class='ocrx_word' id='word_1_618' title='bbox 3012 4193 3180 4250; x_wconf 88' lang='lat' dir='ltr'><strong>animi</strong></span> <span class='ocrx_word' id='word_1_619' title='bbox 3213 4206 3531 4250; x_wconf 86' lang='lat' dir='ltr'><strong>sermonum</strong></span> <span class='ocrx_word' id='word_1_620' title='bbox 3573 4197 3630 4246; x_wconf 90' lang='lat' dir='ltr'><strong>et</strong></span> 
     </span>
    </p>
   </div>
   <div class='ocr_carea' id='block_1_85' title="bbox 2019 4283 3628 4360">
    <p class='ocr_par' dir='ltr' id='par_1_85' title="bbox 2019 4283 3628 4360">
     <span class='ocr_line' id='line_1_86' title="bbox 2019 4283 3628 4360; baseline -0.004 -16"><span class='ocrx_word' id='word_1_621' title='bbox 2019 4288 2415 4344; x_wconf 88' lang='lat' dir='ltr'><strong>sententiarum</strong></span> <span class='ocrx_word' id='word_1_622' title='bbox 2463 4287 2608 4360; x_wconf 89' lang='lat' dir='ltr'><strong>pleni</strong></span> <span class='ocrx_word' id='word_1_623' title='bbox 2665 4297 2814 4354; x_wconf 89' lang='lat' dir='ltr'><strong>sunt,</strong></span> <span class='ocrx_word' id='word_1_624' title='bbox 2858 4288 2926 4344; x_wconf 89' lang='lat' dir='ltr'><strong>de</strong></span> <span class='ocrx_word' id='word_1_625' title='bbox 2961 4288 3078 4344; x_wconf 91' lang='lat' dir='ltr'><strong>Deo</strong></span> <span class='ocrx_word' id='word_1_626' title='bbox 3129 4285 3383 4352; x_wconf 86' lang='lat' dir='ltr'><strong>scilicet;</strong></span> <span class='ocrx_word' id='word_1_627' title='bbox 3417 4299 3485 4340; x_wconf 87' lang='lat' dir='ltr'><strong>ac</strong></span> <span class='ocrx_word' id='word_1_628' title='bbox 3511 4283 3628 4355; x_wconf 88' lang='lat' dir='ltr'><strong>plu-</strong></span> 
     </span>
    </p>
   </div>
   <div class='ocr_carea' id='block_1_86' title="bbox 2019 4374 3624 4450">
    <p class='ocr_par' dir='ltr' id='par_1_86' title="bbox 2019 4374 3624 4450">
     <span class='ocr_line' id='line_1_87' title="bbox 2019 4374 3624 4450; baseline -0.004 -16"><span class='ocrx_word' id='word_1_629' title='bbox 2019 4379 2144 4435; x_wconf 90' lang='lat' dir='ltr'><strong>rimi</strong></span> <span class='ocrx_word' id='word_1_630' title='bbox 2203 4379 2270 4435; x_wconf 88' lang='lat' dir='ltr'><strong>ad</strong></span> <span class='ocrx_word' id='word_1_631' title='bbox 2331 4381 2507 4450; x_wconf 90' lang='lat' dir='ltr'><strong>ipsum</strong></span> <span class='ocrx_word' id='word_1_632' title='bbox 2570 4379 2926 4450; x_wconf 88' lang='lat' dir='ltr'><strong>perfectionis</strong></span> <span class='ocrx_word' id='word_1_633' title='bbox 2987 4377 3221 4450; x_wconf 87' lang='lat' dir='ltr'><strong>gradum</strong></span> <span class='ocrx_word' id='word_1_634' title='bbox 3280 4374 3624 4448; x_wconf 86' lang='lat' dir='ltr'><strong>perveniunt,</strong></span> 
     </span>
    </p>
   </div>
   <div class='ocr_carea' id='block_1_87' title="bbox 2017 4468 3626 4545">
    <p class='ocr_par' dir='ltr' id='par_1_87' title="bbox 2017 4468 3626 4545">
     <span class='ocr_line' id='line_1_88' title="bbox 2017 4468 3626 4545; baseline -0.004 -17"><span class='ocrx_word' id='word_1_635' title='bbox 2017 4487 2252 4543; x_wconf 88' lang='lat' dir='ltr'><strong>eumque</strong></span> <span class='ocrx_word' id='word_1_636' title='bbox 2311 4473 2484 4545; x_wconf 84' lang='lat' dir='ltr'><strong>magis</strong></span> <span class='ocrx_word' id='word_1_637' title='bbox 2535 4489 2600 4530; x_wconf 89' lang='lat' dir='ltr'><strong>ac</strong></span> <span class='ocrx_word' id='word_1_638' title='bbox 2643 4473 2819 4544; x_wconf 88' lang='lat' dir='ltr'><strong>magis</strong></span> <span class='ocrx_word' id='word_1_639' title='bbox 2861 4482 3089 4542; x_wconf 84' lang='lat' dir='ltr'><strong>augent,</strong></span> <span class='ocrx_word' id='word_1_640' title='bbox 3151 4486 3216 4527; x_wconf 90' lang='lat' dir='ltr'><strong>ac</strong></span> <span class='ocrx_word' id='word_1_641' title='bbox 3275 4469 3425 4526; x_wconf 91' lang='lat' dir='ltr'><strong>omni</strong></span> <span class='ocrx_word' id='word_1_642' title='bbox 3481 4468 3626 4523; x_wconf 89' lang='lat' dir='ltr'><strong>bono</strong></span> 
     </span>
    </p>
   </div>
   <div class='ocr_carea' id='block_1_88' title="bbox 299 4532 1920 4653">
    <p class='ocr_par' dir='ltr' id='par_1_88' title="bbox 299 4532 1914 4653">
     <span class='ocr_line' id='line_1_89' title="bbox 299 4532 1914 4627; baseline 0.009 -42"><span class='ocrx_word' id='word_1_643' title='bbox 299 4532 398 4586; x_wconf 76' lang='grc' dir='ltr'>καὶ</span> <span class='ocrx_word' id='word_1_644' title='bbox 435 4533 588 4588; x_wconf 83' lang='grc' dir='ltr'>κάτω</span> <span class='ocrx_word' id='word_1_645' title='bbox 626 4537 972 4609; x_wconf 88' lang='grc' dir='ltr'>περιθέοντες</span> <span class='ocrx_word' id='word_1_646' title='bbox 1003 4544 1200 4618; x_wconf 81' lang='grc' dir='ltr'>αὐτὴν,</span> <span class='ocrx_word' id='word_1_647' title='bbox 1248 4546 1433 4623; x_wconf 87' lang='grc' dir='ltr'>πλήρη</span> <span class='ocrx_word' id='word_1_648' title='bbox 1463 4568 1524 4604; x_wconf 92' lang='grc' dir='ltr'>τε</span> <span class='ocrx_word' id='word_1_649' title='bbox 1557 4553 1730 4627; x_wconf 78' lang='grc' dir='ltr'>αὐτὴν</span> <span class='ocrx_word' id='word_1_650' title='bbox 1776 4557 1914 4611; x_wconf 86' lang='grc' dir='ltr'>ἀπο-</span> 
     </span>
     <span class='ocr_line' id='line_1_90' title="bbox 299 4625 1823 4653; baseline 0 0"><span class='ocrx_word' id='word_1_651' title='bbox 299 4625 593 4653; x_wconf 69' lang='grc' dir='ltr'><strong>.--ἔ........--</strong></span> <span class='ocrx_word' id='word_1_652' title='bbox 631 4630 832 4653; x_wconf 57' lang='lat' dir='ltr'><strong>1.---.n-2</strong></span> <span class='ocrx_word' id='word_1_653' title='bbox 936 4652 940 4653; x_wconf 34' lang='grc' dir='ltr'><em>ν</em></span> <span class='ocrx_word' id='word_1_654' title='bbox 1025 4636 1038 4651; x_wconf 80' lang='grc' dir='ltr'><strong>ο</strong></span> <span class='ocrx_word' id='word_1_655' title='bbox 1130 4639 1200 4653; x_wconf 60' lang='grc' dir='ltr'><strong>..ις</strong></span> <span class='ocrx_word' id='word_1_656' title='bbox 1256 4640 1312 4653; x_wconf 69' lang='grc' dir='ltr'><strong>Α.</strong></span> <span class='ocrx_word' id='word_1_657' title='bbox 1447 4643 1487 4653; x_wconf 54' lang='grc' dir='ltr'>μ.</span> <span class='ocrx_word' id='word_1_658' title='bbox 1618 4647 1629 4653; x_wconf 88' lang='grc'><strong>-</strong></span> <span class='ocrx_word' id='word_1_659' title='bbox 1814 4651 1823 4653; x_wconf 86' lang='grc'><strong>-</strong></span> 
     </span>
    </p>
   </div>
   <div class='ocr_carea' id='block_1_89' title="bbox 2025 4532 3626 4653">
    <p class='ocr_par' dir='ltr' id='par_1_89' title="bbox 2025 4560 3626 4637">
     <span class='ocr_line' id='line_1_91' title="bbox 2025 4560 3626 4637; baseline -0.005 -17"><span class='ocrx_word' id='word_1_660' title='bbox 2025 4564 2323 4622; x_wconf 85' lang='lat' dir='ltr'><strong>cumulant.</strong></span> <span class='ocrx_word' id='word_1_661' title='bbox 2359 4564 2655 4623; x_wconf 85' lang='lat' dir='ltr'><strong>Vocaberis</strong></span> <span class='ocrx_word' id='word_1_662' title='bbox 2711 4575 2980 4637; x_wconf 82' lang='lat' dir='ltr'><strong>praeterea</strong></span> <span class='ocrx_word' id='word_1_663' title='bbox 3013 4563 3313 4621; x_wconf 62' lang='lat' dir='ltr'><strong>aediﬁcator</strong></span> <span class='ocrx_word' id='word_1_664' title='bbox 3358 4560 3626 4618; x_wconf 88' lang='lat' dir='ltr'><strong>maceria-</strong></span> 
     </span>
    </p>
   </div>
   <div class='ocr_carea' id='block_1_90' title="bbox 296 4625 1920 4731">
    <p class='ocr_par' dir='ltr' id='par_1_90' title="bbox 296 4625 1911 4731">
     <span class='ocr_line' id='line_1_92' title="bbox 296 4625 1911 4731; baseline 0.018 -53"><span class='ocrx_word' id='word_1_665' title='bbox 296 4625 593 4731; x_wconf 55' lang='grc' dir='ltr'>φαίνοντες</span> <span class='ocrx_word' id='word_1_666' title='bbox 625 4630 835 4700; x_wconf 84' lang='grc' dir='ltr'>ἀγαθοῦ</span> <span class='ocrx_word' id='word_1_667' title='bbox 867 4636 1092 4701; x_wconf 79' lang='grc' dir='ltr'>παντὸς.</span> <span class='ocrx_word' id='word_1_668' title='bbox 1128 4639 1396 4716; x_wconf 63' lang='grc' dir='ltr'>κληθήσῃ</span> <span class='ocrx_word' id='word_1_669' title='bbox 1442 4643 1500 4699; x_wconf 82' lang='grc' dir='ltr'>δὲ</span> <span class='ocrx_word' id='word_1_670' title='bbox 1536 4625 1695 4720; x_wconf 73' lang='grc' dir='ltr'>πρὸς</span> <span class='ocrx_word' id='word_1_671' title='bbox 1729 4651 1911 4725; x_wconf 86' lang='grc' dir='ltr'>τούτῳ</span> 
     </span>
    </p>
   </div>
   <div class='ocr_carea' id='block_1_91' title="bbox 2025 4625 3623 4731">
    <p class='ocr_par' dir='ltr' id='par_1_91' title="bbox 2025 4653 3623 4731">
     <span class='ocr_line' id='line_1_93' title="bbox 2025 4653 3623 4731; baseline -0.008 -12"><span class='ocrx_word' id='word_1_672' title='bbox 2025 4673 2168 4727; x_wconf 86' lang='lat' dir='ltr'><strong>rum,</strong></span> <span class='ocrx_word' id='word_1_673' title='bbox 2198 4669 2255 4716; x_wconf 89' lang='lat' dir='ltr'><strong>et</strong></span> <span class='ocrx_word' id='word_1_674' title='bbox 2284 4661 2508 4716; x_wconf 89' lang='lat' dir='ltr'><strong>semitas</strong></span> <span class='ocrx_word' id='word_1_675' title='bbox 2533 4675 2655 4731; x_wconf 82' lang='lat' dir='ltr'><strong>quae</strong></span> <span class='ocrx_word' id='word_1_676' title='bbox 2678 4670 2808 4715; x_wconf 88' lang='lat' dir='ltr'><strong>sunt</strong></span> <span class='ocrx_word' id='word_1_677' title='bbox 2825 4659 2882 4715; x_wconf 91' lang='lat' dir='ltr'><strong>in</strong></span> <span class='ocrx_word' id='word_1_678' title='bbox 2916 4658 3094 4715; x_wconf 89' lang='lat' dir='ltr'><strong>medio</strong></span> <span class='ocrx_word' id='word_1_679' title='bbox 3113 4657 3404 4729; x_wconf 86' lang='lat' dir='ltr'><strong>quiescere</strong></span> <span class='ocrx_word' id='word_1_680' title='bbox 3427 4653 3623 4710; x_wconf 88' lang='lat' dir='ltr'><strong>facies.</strong></span> 
     </span>
    </p>
   </div>
   <div class='ocr_carea' id='block_1_92' title="bbox 297 4718 1916 4809">
    <p class='ocr_par' dir='ltr' id='par_1_92' title="bbox 297 4718 1916 4809">
     <span class='ocr_line' id='line_1_94' title="bbox 297 4718 1916 4809; baseline 0.019 -37"><span class='ocrx_word' id='word_1_681' title='bbox 297 4718 398 4773; x_wconf 80' lang='grc' dir='ltr'>καὶ</span> <span class='ocrx_word' id='word_1_682' title='bbox 447 4719 736 4794; x_wconf 78' lang='grc' dir='ltr'>οἰκοδόμος</span> <span class='ocrx_word' id='word_1_683' title='bbox 781 4727 1077 4798; x_wconf 86' lang='grc' dir='ltr'>φραγμῶν,</span> <span class='ocrx_word' id='word_1_684' title='bbox 1127 4732 1224 4786; x_wconf 78' lang='grc' dir='ltr'>καὶ</span> <span class='ocrx_word' id='word_1_685' title='bbox 1272 4735 1374 4800; x_wconf 80' lang='grc' dir='ltr'>τὰς</span> <span class='ocrx_word' id='word_1_686' title='bbox 1401 4718 1626 4809; x_wconf 77' lang='grc' dir='ltr'>τρίϐους</span> <span class='ocrx_word' id='word_1_687' title='bbox 1672 4743 1775 4808; x_wconf 85' lang='grc' dir='ltr'><strong>τάς</strong></span> <span class='ocrx_word' id='word_1_688' title='bbox 1809 4718 1916 4802; x_wconf 84' lang='grc' dir='ltr'><strong>ἀνά</strong></span> 
     </span>
    </p>
   </div>
   <div class='ocr_carea' id='block_1_93' title="bbox 299 4812 1915 4912">
    <p class='ocr_par' dir='ltr' id='par_1_93' title="bbox 299 4812 1915 4912">
     <span class='ocr_line' id='line_1_95' title="bbox 299 4812 1915 4912; baseline 0.02 -49"><span class='ocrx_word' id='word_1_689' title='bbox 299 4812 480 4912; x_wconf 66' lang='grc' dir='ltr'>μέσον</span> <span class='ocrx_word' id='word_1_690' title='bbox 506 4814 776 4912; x_wconf 75' lang='grc' dir='ltr'>παύσεις·</span> <span class='ocrx_word' id='word_1_691' title='bbox 822 4824 952 4885; x_wconf 81' lang='grc' dir='ltr'>τοὺς</span> <span class='ocrx_word' id='word_1_692' title='bbox 1003 4823 1102 4894; x_wconf 83' lang='grc' dir='ltr'>μὲν</span> <span class='ocrx_word' id='word_1_693' title='bbox 1131 4825 1241 4898; x_wconf 82' lang='grc' dir='ltr'><strong>γὰρ</strong></span> <span class='ocrx_word' id='word_1_694' title='bbox 1279 4829 1526 4902; x_wconf 77' lang='grc' dir='ltr'>ἐρήμους</span> <span class='ocrx_word' id='word_1_695' title='bbox 1566 4834 1678 4890; x_wconf 90' lang='grc' dir='ltr'><strong>τῶν</strong></span> <span class='ocrx_word' id='word_1_696' title='bbox 1720 4840 1915 4912; x_wconf 84' lang='grc' dir='ltr'>κήπων</span> 
     </span>
    </p>
   </div>
   <div class='ocr_carea' id='block_1_94' title="bbox 296 4904 1915 5006">
    <p class='ocr_par' dir='ltr' id='par_1_94' title="bbox 296 4904 1915 5006">
     <span class='ocr_line' id='line_1_96' title="bbox 296 4904 1915 5006; baseline 0.019 -49"><span class='ocrx_word' id='word_1_697' title='bbox 296 4904 492 4959; x_wconf 76' lang='grc' dir='ltr'>πολλοὶ</span> <span class='ocrx_word' id='word_1_698' title='bbox 539 4907 663 4961; x_wconf 87' lang='grc' dir='ltr'>λίαν</span> <span class='ocrx_word' id='word_1_699' title='bbox 707 4911 756 4964; x_wconf 77' lang='grc' dir='ltr'>οἱ</span> <span class='ocrx_word' id='word_1_700' title='bbox 809 4912 1291 4988; x_wconf 78' lang='grc' dir='ltr'>διαστοιχίζοντες.</span> <span class='ocrx_word' id='word_1_701' title='bbox 1351 4904 1915 5006; x_wconf 45' lang='grc' dir='ltr'>Ἐφεστηκότοξγάρ</span> 
     </span>
    </p>
   </div>
   <div class='ocr_carea' id='block_1_95' title="bbox 294 4998 1914 5090">
    <p class='ocr_par' dir='ltr' id='par_1_95' title="bbox 294 4998 1914 5090">
     <span class='ocr_line' id='line_1_97' title="bbox 294 4998 1914 5090; baseline 0.019 -40"><span class='ocrx_word' id='word_1_702' title='bbox 294 4998 441 5062; x_wconf 85' lang='grc' dir='ltr'>ὅλως</span> <span class='ocrx_word' id='word_1_703' title='bbox 486 5000 724 5069; x_wconf 77' lang='grc' dir='ltr'>οὐδενὸς,</span> <span class='ocrx_word' id='word_1_704' title='bbox 755 5004 925 5076; x_wconf 76' lang='grc' dir='ltr'>ἤγουν</span> <span class='ocrx_word' id='word_1_705' title='bbox 959 5012 1426 5084; x_wconf 76' lang='grc' dir='ltr'>περιφράττοντος</span> <span class='ocrx_word' id='word_1_706' title='bbox 1456 4998 1632 5090; x_wconf 56' lang='grc' dir='ltr'>ἀπρὶξ</span> <span class='ocrx_word' id='word_1_707' title='bbox 1685 5016 1796 5076; x_wconf 77' lang='grc' dir='ltr'>εἷεν</span> <span class='ocrx_word' id='word_1_708' title='bbox 1815 4998 1826 5002; x_wconf 26' lang='grc'>⁷</span> <span class='ocrx_word' id='word_1_709' title='bbox 1845 4998 1914 5080; x_wconf 73' lang='grc' dir='ltr'>ἂν</span> 
     </span>
    </p>
   </div>
   <div class='ocr_carea' id='block_1_96' title="bbox 292 5091 1910 5182">
    <p class='ocr_par' dir='ltr' id='par_1_96' title="bbox 292 5091 1910 5182">
     <span class='ocr_line' id='line_1_98' title="bbox 292 5091 1910 5182; baseline 0.017 -38"><span class='ocrx_word' id='word_1_710' title='bbox 292 5091 456 5146; x_wconf 81' lang='grc' dir='ltr'>οὐδὲν</span> <span class='ocrx_word' id='word_1_711' title='bbox 480 5095 786 5163; x_wconf 87' lang='grc' dir='ltr'>κωλύοντες</span> <span class='ocrx_word' id='word_1_712' title='bbox 814 5102 942 5167; x_wconf 85' lang='grc' dir='ltr'>τοὺς</span> <span class='ocrx_word' id='word_1_713' title='bbox 990 5103 1080 5158; x_wconf 87' lang='grc' dir='ltr'><strong>διά</strong></span> <span class='ocrx_word' id='word_1_714' title='bbox 1126 5107 1298 5178; x_wconf 86' lang='grc' dir='ltr'>μέσου</span> <span class='ocrx_word' id='word_1_715' title='bbox 1331 5107 1571 5180; x_wconf 76' lang='grc' dir='ltr'>βαδίζειν</span> <span class='ocrx_word' id='word_1_716' title='bbox 1599 5112 1910 5182; x_wconf 77' lang='grc' dir='ltr'>ἐθέλοντας.</span> 
     </span>
    </p>
   </div>
   <div class='ocr_carea' id='block_1_97' title="bbox 295 5183 1912 5279">
    <p class='ocr_par' dir='ltr' id='par_1_97' title="bbox 295 5183 1912 5279">
     <span class='ocr_line' id='line_1_99' title="bbox 295 5183 1912 5279; baseline 0.019 -44"><span class='ocrx_word' id='word_1_717' title='bbox 295 5183 450 5279; x_wconf 38' lang='lat' dir='ltr'><strong>lii-6e</strong></span> <span class='ocrx_word' id='word_1_718' title='bbox 490 5185 556 5259; x_wconf 81' lang='grc' dir='ltr'>δὴ</span> <span class='ocrx_word' id='word_1_719' title='bbox 605 5189 848 5258; x_wconf 87' lang='grc' dir='ltr'>γένοιντό</span> <span class='ocrx_word' id='word_1_720' title='bbox 896 5212 1014 5260; x_wconf 89' lang='grc' dir='ltr'><strong>πως</strong></span> <span class='ocrx_word' id='word_1_721' title='bbox 1054 5197 1160 5252; x_wconf 77' lang='grc' dir='ltr'><strong>ὑπὸ</strong></span> <span class='ocrx_word' id='word_1_722' title='bbox 1209 5203 1452 5274; x_wconf 86' lang='grc' dir='ltr'>γηπόνον</span> <span class='ocrx_word' id='word_1_723' title='bbox 1504 5205 1747 5279; x_wconf 71' lang='grc' dir='ltr'>ἀσφαλῆ,</span> <span class='ocrx_word' id='word_1_724' title='bbox 1785 5211 1912 5266; x_wconf 88' lang='grc' dir='ltr'>τότε</span> 
     </span>
    </p>
   </div>
   <div class='ocr_carea' id='block_1_98' title="bbox 295 5275 1910 5357">
    <p class='ocr_par' dir='ltr' id='par_1_98' title="bbox 295 5275 1910 5357">
     <span class='ocr_line' id='line_1_100' title="bbox 295 5275 1910 5357; baseline 0.018 -28"><span class='ocrx_word' id='word_1_725' title='bbox 295 5275 397 5330; x_wconf 76' lang='grc' dir='ltr'>καὶ</span> <span class='ocrx_word' id='word_1_726' title='bbox 429 5278 799 5338; x_wconf 78' lang='grc' dir='ltr'>ἀποϐάλλουσι</span> <span class='ocrx_word' id='word_1_727' title='bbox 834 5284 898 5339; x_wconf 79' lang='grc' dir='ltr'><strong>τὺ</strong></span> <span class='ocrx_word' id='word_1_728' title='bbox 917 5290 1029 5352; x_wconf 88' lang='grc' dir='ltr'>τοῖς</span> <span class='ocrx_word' id='word_1_729' title='bbox 1064 5289 1176 5344; x_wconf 89' lang='grc' dir='ltr'><strong>τῶν</strong></span> <span class='ocrx_word' id='word_1_730' title='bbox 1207 5293 1421 5349; x_wconf 88' lang='grc' dir='ltr'>πολλῶν</span> <span class='ocrx_word' id='word_1_731' title='bbox 1453 5275 1777 5356; x_wconf 78' lang='grc' dir='ltr'>ὑποκεῖσθαι</span> <span class='ocrx_word' id='word_1_732' title='bbox 1811 5320 1910 5357; x_wconf 87' lang='grc' dir='ltr'>πο-</span> 
     </span>
    </p>
   </div>
   <div class='ocr_carea' id='block_1_99' title="bbox 297 5367 1912 5456">
    <p class='ocr_par' dir='ltr' id='par_1_99' title="bbox 297 5367 1912 5456">
     <span class='ocr_line' id='line_1_101' title="bbox 297 5367 1912 5456; baseline 0.019 -38"><span class='ocrx_word' id='word_1_733' title='bbox 297 5367 408 5434; x_wconf 80' lang='grc' dir='ltr'>σὶν,</span> <span class='ocrx_word' id='word_1_734' title='bbox 451 5369 832 5444; x_wconf 85' lang='grc' dir='ltr'>ὲγηγερμένου</span> <span class='ocrx_word' id='word_1_735' title='bbox 884 5375 1129 5450; x_wconf 89' lang='grc' dir='ltr'>δηλονότι</span> <span class='ocrx_word' id='word_1_736' title='bbox 1183 5385 1465 5456; x_wconf 86' lang='grc' dir='ltr'>φραγμοῦ.</span> <span class='ocrx_word' id='word_1_737' title='bbox 1523 5389 1912 5449; x_wconf 87' lang='grc' dir='ltr'>Πεπαύσονται</span> 
     </span>
    </p>
   </div>
   <div class='ocr_carea' id='block_1_100' title="bbox 294 5461 1907 5559">
    <p class='ocr_par' dir='ltr' id='par_1_100' title="bbox 294 5461 1907 5559">
     <span class='ocr_line' id='line_1_102' title="bbox 294 5461 1907 5559; baseline 0.019 -46"><span class='ocrx_word' id='word_1_738' title='bbox 294 5461 699 5559; x_wconf 22' lang='grc' dir='ltr'>γὰρῇοὔτωςαί</span> <span class='ocrx_word' id='word_1_739' title='bbox 728 5468 820 5524; x_wconf 82' lang='grc' dir='ltr'>διὰ</span> <span class='ocrx_word' id='word_1_740' title='bbox 848 5471 1017 5542; x_wconf 87' lang='grc' dir='ltr'>μέσου</span> <span class='ocrx_word' id='word_1_741' title='bbox 1055 5475 1255 5546; x_wconf 78' lang='grc' dir='ltr'>τρίϐοι.</span> <span class='ocrx_word' id='word_1_742' title='bbox 1296 5480 1436 5554; x_wconf 78' lang='grc' dir='ltr'><strong>Ἔσῃ</strong></span> <span class='ocrx_word' id='word_1_743' title='bbox 1476 5483 1682 5552; x_wconf 80' lang='grc' dir='ltr'>τοίνυν,</span> <span class='ocrx_word' id='word_1_744' title='bbox 1715 5489 1907 5559; x_wconf 75' lang='grc' dir='ltr'>φησὶν,</span> 
     </span>
    </p>
   </div>
   <div class='ocr_carea' id='block_1_101' title="bbox 293 5551 1908 5645">
    <p class='ocr_par' dir='ltr' id='par_1_101' title="bbox 293 5551 1908 5645">
     <span class='ocr_line' id='line_1_103' title="bbox 293 5551 1908 5645; baseline 0.019 -42"><span class='ocrx_word' id='word_1_745' title='bbox 293 5551 375 5615; x_wconf 80' lang='grc' dir='ltr'>ὡς</span> <span class='ocrx_word' id='word_1_746' title='bbox 409 5553 680 5630; x_wconf 77' lang='grc' dir='ltr'>ἐπιμελὴς</span> <span class='ocrx_word' id='word_1_747' title='bbox 708 5560 948 5631; x_wconf 86' lang='grc' dir='ltr'>γηπόνος</span> <span class='ocrx_word' id='word_1_748' title='bbox 986 5567 1278 5637; x_wconf 82' lang='grc' dir='ltr'>φραγμοὺς</span> <span class='ocrx_word' id='word_1_749' title='bbox 1305 5551 1558 5645; x_wconf 84' lang='grc' dir='ltr'>ἐγείρων,</span> <span class='ocrx_word' id='word_1_750' title='bbox 1594 5551 1691 5630; x_wconf 60' lang='grc' dir='ltr'><strong>καί</strong></span> <span class='ocrx_word' id='word_1_751' title='bbox 1713 5551 1908 5634; x_wconf 76' lang='grc' dir='ltr'>παύων</span> 
     </span>
    </p>
   </div>
   <div class='ocr_carea' id='block_1_102' title="bbox 371 5739 1395 5822">
    <p class='ocr_par' dir='ltr' id='par_1_102' title="bbox 371 5739 1395 5822">
     <span class='ocr_line' id='line_1_104' title="bbox 371 5739 1395 5822; baseline 0.017 -28"><span class='ocrx_word' id='word_1_752' title='bbox 371 5743 420 5775; x_wconf 73' lang='grc'>⁸⁸</span> <span class='ocrx_word' id='word_1_753' title='bbox 457 5739 607 5799; x_wconf 89' lang='lat' dir='ltr'><strong>Psal.</strong></span> <span class='ocrx_word' id='word_1_754' title='bbox 631 5760 731 5813; x_wconf 79' lang='grc' dir='ltr'>ιιι,</span> <span class='ocrx_word' id='word_1_755' title='bbox 772 5745 824 5801; x_wconf 71' lang='lat'><strong>6.</strong></span> <span class='ocrx_word' id='word_1_756' title='bbox 905 5749 948 5782; x_wconf 79' lang='lat'>“</span> <span class='ocrx_word' id='word_1_757' title='bbox 985 5748 1029 5806; x_wconf 92' lang='lat' dir='ltr'><strong>ll</strong></span> <span class='ocrx_word' id='word_1_758' title='bbox 1067 5750 1206 5808; x_wconf 87' lang='lat' dir='ltr'><strong>Tim.</strong></span> <span class='ocrx_word' id='word_1_759' title='bbox 1240 5769 1300 5822; x_wconf 92' lang='grc' dir='ltr'><strong>ιι,</strong></span> <span class='ocrx_word' id='word_1_760' title='bbox 1340 5756 1395 5811; x_wconf 82' lang='grc'>5.</span> 
     </span>
    </p>
   </div>
   <div class='ocr_carea' id='block_1_103' title="bbox 2021 4749 3616 4826">
    <p class='ocr_par' dir='ltr' id='par_1_103' title="bbox 2021 4749 3616 4826">
     <span class='ocr_line' id='line_1_105' title="bbox 2021 4749 3616 4826; baseline -0.004 -19"><span class='ocrx_word' id='word_1_761' title='bbox 2021 4749 2222 4810; x_wconf 87' lang='lat' dir='ltr'><strong>Hortos</strong></span> <span class='ocrx_word' id='word_1_762' title='bbox 2247 4754 2394 4810; x_wconf 90' lang='lat' dir='ltr'><strong>enim</strong></span> <span class='ocrx_word' id='word_1_763' title='bbox 2439 4769 2642 4811; x_wconf 87' lang='lat' dir='ltr'><strong>vacuos</strong></span> <span class='ocrx_word' id='word_1_764' title='bbox 2674 4753 2896 4826; x_wconf 86' lang='lat' dir='ltr'><strong>plurimi</strong></span> <span class='ocrx_word' id='word_1_765' title='bbox 2931 4761 3360 4824; x_wconf 84' lang='lat' dir='ltr'><strong>pertranseunt:</strong></span> <span class='ocrx_word' id='word_1_766' title='bbox 3393 4749 3616 4806; x_wconf 90' lang='lat' dir='ltr'><strong>nemine</strong></span> 
     </span>
    </p>
   </div>
   <div class='ocr_carea' id='block_1_104' title="bbox 2021 4841 3626 4915">
    <p class='ocr_par' dir='ltr' id='par_1_104' title="bbox 2021 4841 3626 4915">
     <span class='ocr_line' id='line_1_106' title="bbox 2021 4841 3626 4915; baseline -0.001 -15"><span class='ocrx_word' id='word_1_767' title='bbox 2021 4845 2167 4900; x_wconf 90' lang='lat' dir='ltr'><strong>enim</strong></span> <span class='ocrx_word' id='word_1_768' title='bbox 2219 4845 2555 4915; x_wconf 89' lang='lat' dir='ltr'><strong>intendente,</strong></span> <span class='ocrx_word' id='word_1_769' title='bbox 2616 4862 2716 4903; x_wconf 88' lang='lat' dir='ltr'><strong>nec</strong></span> <span class='ocrx_word' id='word_1_770' title='bbox 2779 4847 3012 4902; x_wconf 82' lang='lat' dir='ltr'><strong>ﬁrmiter</strong></span> <span class='ocrx_word' id='word_1_771' title='bbox 3050 4844 3432 4910; x_wconf 91' lang='lat' dir='ltr'><strong>obmuuiente,</strong></span> <span class='ocrx_word' id='word_1_772' title='bbox 3488 4841 3626 4898; x_wconf 89' lang='lat' dir='ltr'><strong>nihil</strong></span> 
     </span>
    </p>
   </div>
   <div class='ocr_carea' id='block_1_105' title="bbox 2019 4935 3622 5010">
    <p class='ocr_par' dir='ltr' id='par_1_105' title="bbox 2019 4935 3622 5010">
     <span class='ocr_line' id='line_1_107' title="bbox 2019 4935 3622 5010; baseline 0.001 -19"><span class='ocrx_word' id='word_1_773' title='bbox 2019 4943 2107 4992; x_wconf 89' lang='lat' dir='ltr'><strong>est</strong></span> <span class='ocrx_word' id='word_1_774' title='bbox 2135 4937 2282 5005; x_wconf 90' lang='lat' dir='ltr'><strong>quod</strong></span> <span class='ocrx_word' id='word_1_775' title='bbox 2307 4951 2426 5004; x_wconf 85' lang='lat' dir='ltr'><strong>eos,</strong></span> <span class='ocrx_word' id='word_1_776' title='bbox 2448 4938 2542 5008; x_wconf 88' lang='lat' dir='ltr'><strong>qui</strong></span> <span class='ocrx_word' id='word_1_777' title='bbox 2578 4954 2676 5010; x_wconf 91' lang='lat' dir='ltr'><strong>per</strong></span> <span class='ocrx_word' id='word_1_778' title='bbox 2703 4940 2941 4995; x_wconf 88' lang='lat' dir='ltr'><strong>medium</strong></span> <span class='ocrx_word' id='word_1_779' title='bbox 2973 4939 3053 4995; x_wconf 85' lang='lat' dir='ltr'><strong>ire</strong></span> <span class='ocrx_word' id='word_1_780' title='bbox 3083 4939 3298 5002; x_wconf 87' lang='lat' dir='ltr'><strong>volunt,</strong></span> <span class='ocrx_word' id='word_1_781' title='bbox 3338 4935 3622 5006; x_wconf 91' lang='lat' dir='ltr'><strong>impediat.</strong></span> 
     </span>
    </p>
   </div>
   <div class='ocr_carea' id='block_1_106' title="bbox 2019 5027 3627 5101">
    <p class='ocr_par' dir='ltr' id='par_1_106' title="bbox 2019 5027 3627 5101">
     <span class='ocr_line' id='line_1_108' title="bbox 2019 5027 3627 5101; baseline 0 -17"><span class='ocrx_word' id='word_1_782' title='bbox 2019 5028 2089 5084; x_wconf 85' lang='lat' dir='ltr'><strong>At</strong></span> <span class='ocrx_word' id='word_1_783' title='bbox 2115 5028 2161 5084; x_wconf 92' lang='lat' dir='ltr'><strong>si</strong></span> <span class='ocrx_word' id='word_1_784' title='bbox 2200 5039 2318 5085; x_wconf 90' lang='lat' dir='ltr'><strong>tuto</strong></span> <span class='ocrx_word' id='word_1_785' title='bbox 2345 5030 2600 5101; x_wconf 66' lang='lat' dir='ltr'><strong>agricola:</strong></span> <span class='ocrx_word' id='word_1_786' title='bbox 2621 5031 3054 5094; x_wconf 87' lang='lat' dir='ltr'><strong>committantur,</strong></span> <span class='ocrx_word' id='word_1_787' title='bbox 3101 5038 3229 5085; x_wconf 89' lang='lat' dir='ltr'><strong>tunc</strong></span> <span class='ocrx_word' id='word_1_788' title='bbox 3254 5043 3360 5085; x_wconf 92' lang='lat' dir='ltr'><strong>non</strong></span> <span class='ocrx_word' id='word_1_789' title='bbox 3394 5027 3627 5098; x_wconf 86' lang='lat' dir='ltr'><strong>amplius</strong></span> 
     </span>
    </p>
   </div>
   <div class='ocr_carea' id='block_1_107' title="bbox 2022 5119 3623 5192">
    <p class='ocr_par' dir='ltr' id='par_1_107' title="bbox 2022 5119 3623 5192">
     <span class='ocr_line' id='line_1_109' title="bbox 2022 5119 3623 5192; baseline 0.001 -18"><span class='ocrx_word' id='word_1_790' title='bbox 2022 5119 2316 5177; x_wconf 90' lang='lat' dir='ltr'><strong>multorum</strong></span> <span class='ocrx_word' id='word_1_791' title='bbox 2377 5121 2604 5192; x_wconf 89' lang='lat' dir='ltr'><strong>pedibus</strong></span> <span class='ocrx_word' id='word_1_792' title='bbox 2663 5123 2970 5188; x_wconf 88' lang='lat' dir='ltr'><strong>calcantur,</strong></span> <span class='ocrx_word' id='word_1_793' title='bbox 3031 5121 3341 5192; x_wconf 88' lang='lat' dir='ltr'><strong>sepimento</strong></span> <span class='ocrx_word' id='word_1_794' title='bbox 3409 5121 3623 5177; x_wconf 87' lang='lat' dir='ltr'><strong>scilicet</strong></span> 
     </span>
    </p>
   </div>
   <div class='ocr_carea' id='block_1_108' title="bbox 2020 5201 3628 5282">
    <p class='ocr_par' dir='ltr' id='par_1_108' title="bbox 2020 5201 3628 5282">
     <span class='ocr_line' id='line_1_110' title="bbox 2020 5201 3628 5282; baseline 0 -14"><span class='ocrx_word' id='word_1_795' title='bbox 2020 5221 2231 5268; x_wconf 88' lang='lat' dir='ltr'><strong>erecto.</strong></span> <span class='ocrx_word' id='word_1_796' title='bbox 2265 5201 2573 5269; x_wconf 35' lang='lat' dir='ltr'><strong>Cessabun&#39;t</strong></span> <span class='ocrx_word' id='word_1_797' title='bbox 2609 5214 2755 5269; x_wconf 87' lang='lat' dir='ltr'><strong>enim</strong></span> <span class='ocrx_word' id='word_1_798' title='bbox 2793 5214 2873 5270; x_wconf 91' lang='lat' dir='ltr'><strong>sic</strong></span> <span class='ocrx_word' id='word_1_799' title='bbox 2920 5212 3133 5269; x_wconf 69' lang='lat' dir='ltr'><strong>semitae</strong></span> <span class='ocrx_word' id='word_1_800' title='bbox 3161 5228 3283 5282; x_wconf 74' lang='lat' dir='ltr'><strong>quae</strong></span> <span class='ocrx_word' id='word_1_801' title='bbox 3331 5212 3388 5267; x_wconf 91' lang='lat' dir='ltr'><strong>in</strong></span> <span class='ocrx_word' id='word_1_802' title='bbox 3441 5212 3628 5268; x_wconf 90' lang='lat' dir='ltr'><strong>medio</strong></span> 
     </span>
    </p>
   </div>
   <div class='ocr_carea' id='block_1_109' title="bbox 2019 5305 3620 5379">
    <p class='ocr_par' dir='ltr' id='par_1_109' title="bbox 2019 5305 3620 5379">
     <span class='ocr_line' id='line_1_111' title="bbox 2019 5305 3620 5379; baseline -0.002 -18"><span class='ocrx_word' id='word_1_803' title='bbox 2019 5315 2166 5363; x_wconf 89' lang='lat' dir='ltr'><strong>sunt.</strong></span> <span class='ocrx_word' id='word_1_804' title='bbox 2188 5306 2311 5362; x_wconf 86' lang='lat' dir='ltr'><strong>Eris</strong></span> <span class='ocrx_word' id='word_1_805' title='bbox 2338 5306 2521 5378; x_wconf 82' lang='lat' dir='ltr'><strong>igitur,</strong></span> <span class='ocrx_word' id='word_1_806' title='bbox 2541 5307 2710 5379; x_wconf 70' lang='lat'><strong>825</strong></span> <span class='ocrx_word' id='word_1_807' title='bbox 2737 5307 2938 5379; x_wconf 89' lang='lat' dir='ltr'><strong>inquit,</strong></span> <span class='ocrx_word' id='word_1_808' title='bbox 2970 5321 3070 5364; x_wconf 89' lang='lat' dir='ltr'><strong>ceu</strong></span> <span class='ocrx_word' id='word_1_809' title='bbox 3095 5306 3333 5378; x_wconf 85' lang='lat' dir='ltr'><strong>diligens</strong></span> <span class='ocrx_word' id='word_1_810' title='bbox 3355 5305 3620 5378; x_wconf 87' lang='lat' dir='ltr'><strong>agricola,</strong></span> 
     </span>
    </p>
   </div>
   <div class='ocr_carea' id='block_1_110' title="bbox 2018 5394 3620 5467">
    <p class='ocr_par' dir='ltr' id='par_1_110' title="bbox 2018 5394 3620 5467">
     <span class='ocr_line' id='line_1_112' title="bbox 2018 5394 3620 5467; baseline -0.002 -14"><span class='ocrx_word' id='word_1_811' title='bbox 2018 5398 2324 5467; x_wconf 87' lang='lat' dir='ltr'><strong>sepimenta</strong></span> <span class='ocrx_word' id='word_1_812' title='bbox 2355 5407 2411 5455; x_wconf 90' lang='lat' dir='ltr'><strong>et</strong></span> <span class='ocrx_word' id='word_1_813' title='bbox 2437 5400 2662 5457; x_wconf 84' lang='lat' dir='ltr'><strong>semitas</strong></span> <span class='ocrx_word' id='word_1_814' title='bbox 2724 5398 3084 5456; x_wconf 85' lang='lat' dir='ltr'><strong>intermedias</strong></span> <span class='ocrx_word' id='word_1_815' title='bbox 3128 5400 3444 5456; x_wconf 89' lang='lat' dir='ltr'><strong>obstrueus.</strong></span> <span class='ocrx_word' id='word_1_816' title='bbox 3482 5394 3620 5450; x_wconf 85' lang='lat' dir='ltr'><strong>Nam</strong></span> 
     </span>
    </p>
   </div>
   <div class='ocr_carea' id='block_1_111' title="bbox 2018 5489 3610 5562">
    <p class='ocr_par' dir='ltr' id='par_1_111' title="bbox 2018 5489 3610 5562">
     <span class='ocr_line' id='line_1_113' title="bbox 2018 5489 3610 5562; baseline -0.003 -18"><span class='ocrx_word' id='word_1_817' title='bbox 2018 5491 2259 5561; x_wconf 89' lang='lat' dir='ltr'><strong>quandiu</strong></span> <span class='ocrx_word' id='word_1_818' title='bbox 2296 5492 2482 5549; x_wconf 88' lang='lat' dir='ltr'><strong>anima</strong></span> <span class='ocrx_word' id='word_1_819' title='bbox 2529 5502 2615 5550; x_wconf 89' lang='lat' dir='ltr'><strong>est</strong></span> <span class='ocrx_word' id='word_1_820' title='bbox 2658 5493 3013 5562; x_wconf 88' lang='lat' dir='ltr'><strong>incustodita,</strong></span> <span class='ocrx_word' id='word_1_821' title='bbox 3055 5500 3293 5548; x_wconf 86' lang='lat' dir='ltr'><strong>stertens</strong></span> <span class='ocrx_word' id='word_1_822' title='bbox 3336 5489 3610 5553; x_wconf 86' lang='lat' dir='ltr'><strong>socordia,</strong></span> 
     </span>
    </p>
   </div>
   <div class='ocr_carea' id='block_1_112' title="bbox 2017 5581 3621 5658">
    <p class='ocr_par' dir='ltr' id='par_1_112' title="bbox 2017 5581 3621 5658">
     <span class='ocr_line' id='line_1_114' title="bbox 2017 5581 3621 5658; baseline -0.004 -18"><span class='ocrx_word' id='word_1_823' title='bbox 2017 5592 2074 5640; x_wconf 86' lang='lat' dir='ltr'><strong>et</strong></span> <span class='ocrx_word' id='word_1_824' title='bbox 2100 5583 2330 5654; x_wconf 88' lang='lat' dir='ltr'><strong>proinde</strong></span> <span class='ocrx_word' id='word_1_825' title='bbox 2367 5584 2532 5644; x_wconf 67' lang='lat' dir='ltr'><strong>foedis</strong></span> <span class='ocrx_word' id='word_1_826' title='bbox 2572 5587 2941 5658; x_wconf 86' lang='lat' dir='ltr'><strong>voluptatibus</strong></span> <span class='ocrx_word' id='word_1_827' title='bbox 2993 5585 3239 5657; x_wconf 78' lang='lat' dir='ltr'><strong>exposita</strong></span> <span class='ocrx_word' id='word_1_828' title='bbox 3266 5601 3280 5639; x_wconf 91' lang='lat'><strong>:</strong></span> <span class='ocrx_word' id='word_1_829' title='bbox 3305 5581 3499 5639; x_wconf 81' lang='lat' dir='ltr'><strong>similis</strong></span> <span class='ocrx_word' id='word_1_830' title='bbox 3535 5590 3621 5637; x_wconf 78' lang='lat' dir='ltr'><strong>est</strong></span> 
     </span>
    </p>
   </div>
   <div class='ocr_carea' id='block_1_113' title="bbox 1513 5755 2018 5832">
    <p class='ocr_par' dir='ltr' id='par_1_113' title="bbox 1513 5755 2018 5832">
     <span class='ocr_line' id='line_1_115' title="bbox 1513 5755 2018 5832; baseline 0.016 -21"><span class='ocrx_word' id='word_1_831' title='bbox 1513 5757 1557 5788; x_wconf 71' lang='grc' dir='ltr'><strong>θ’</strong></span> <span class='ocrx_word' id='word_1_832' title='bbox 1597 5755 1740 5814; x_wconf 85' lang='lat' dir='ltr'><strong>Psal.</strong></span> <span class='ocrx_word' id='word_1_833' title='bbox 1774 5775 1925 5832; x_wconf 64' lang='grc' dir='ltr'>χχιιι,</span> <span class='ocrx_word' id='word_1_834' title='bbox 1965 5763 2018 5819; x_wconf 78' lang='lat'><strong>3.</strong></span> 
     </span>
    </p>
   </div>
   <div class='ocr_carea' id='block_1_114' title="bbox 317 5925 2163 6011">
    <p class='ocr_par' dir='ltr' id='par_1_114' title="bbox 317 5925 2163 6011">
     <span class='ocr_line' id='line_1_116' title="bbox 317 5925 2163 6011; baseline 0.014 -33"><span class='ocrx_word' id='word_1_835' title='bbox 317 5933 325 5941; x_wconf 88' lang='lat'>&#39;</span> <span class='ocrx_word' id='word_1_836' title='bbox 374 5925 452 5999; x_wconf 82' lang='grc' dir='ltr'><strong>(Ι)</strong></span> <span class='ocrx_word' id='word_1_837' title='bbox 488 5925 684 5987; x_wconf 80' lang='lat' dir='ltr'><strong>Dcesse</strong></span> <span class='ocrx_word' id='word_1_838' title='bbox 753 5931 839 5990; x_wconf 85' lang='lat' dir='ltr'><strong>bic</strong></span> <span class='ocrx_word' id='word_1_839' title='bbox 883 5934 1164 6007; x_wconf 88' lang='lat' dir='ltr'><strong>nonnulla,</strong></span> <span class='ocrx_word' id='word_1_840' title='bbox 1219 5947 1366 6011; x_wconf 78' lang='lat' dir='ltr'><strong>patet</strong></span> <span class='ocrx_word' id='word_1_841' title='bbox 1409 5958 1475 5998; x_wconf 80' lang='lat' dir='ltr'><strong>ex</strong></span> <span class='ocrx_word' id='word_1_842' title='bbox 1546 5941 1828 6002; x_wconf 82' lang='lat' dir='ltr'><strong>llumfredi</strong></span> <span class='ocrx_word' id='word_1_843' title='bbox 1895 5949 2163 6006; x_wconf 84' lang='lat' dir='ltr'><strong>versione.</strong></span> 
     </span>
    </p>
   </div>
  </div>
