4100 6460
517 408 655 462 i299

1505 393 1564 449 S.
1607 391 1883 449 CYRILLI
1923 390 2394 447 ALEXANDRINI
2432 389 2750 446 ARCHIEP.

3638 396 3659 447 Ι
3673 392 3778 450 300

512 531 673 585 horto
710 538 870 595 quem
930 536 1118 577 omnes
1169 525 1498 590 praetereunt
1528 525 1584 572 et
1613 514 1936 587 pervadunt.
1987 515 2085 571 Ubi

2195 515 2286 578 τὰς
2335 513 2606 584 ἀναμέσον
2661 512 2902 585 τρίϐους.
2953 512 3098 576 Ἕως
3137 513 3238 582 μὲν
3282 511 3389 585 γὰρ
3433 512 3780 585 ἀφρούρητάς

512 630 691 674 autem
736 613 1136 686 expergefacta,
1200 627 1232 666 e
1269 611 1523 665 vitiorum
1578 609 1790 680 laqueis
1842 609 2086 677 eruperit

510 715 563 761 et
585 704 868 768 exsilierit,
901 711 955 757 et
985 702 1122 756 b‘ene
1155 699 1346 770 agendi
1379 699 1713 754 voluntatem
1761 698 2084 767 susceperit,

510 807 810 852 etmentem
847 794 1000 864 quasi
1033 793 1333 864 sepimento
1373 791 1608 861 quodam
1637 800 1753 847 tuto
1777 789 2086 847 obvallave-

512 890 604 957 rit,
637 887 842 953 divino,
873 888 1118 957 inquam,
1150 885 1364 948 timore,
1397 895 1454 939 et
1492 883 1852 955 cogitationes
1897 881 2084 947 animi,

511 993 631 1049 qua:
682 977 811 1034 olim
851 977 929 1032 illi
981 977 1273 1032 dominata:
1331 981 1478 1039 sunt,
1533 988 1654 1044 qua:
1713 987 1811 1042 per
1850 971 2085 1028 medium

511 1069 629 1138 ejus
658 1069 812 1139 quasi
851 1067 1207 1131 transierunt,
1258 1079 1321 1118 ac
1378 1063 1608 1134 pedibus
1641 1062 1946 1132 subjectum
1991 1062 2088 1117 ha-

509 1160 643 1214 bent
705 1173 769 1213 ac
803 1157 1142 1220 conculcant,
1206 1170 1274 1211 eo
1331 1153 1474 1222 quod
1537 1155 1590 1207 in
1638 1168 1760 1207 eum
1803 1153 2086 1222 imperium

509 1251 810 1317 obtineant,
871 1249 1138 1319 expulerit
1198 1265 1212 1302 :
1265 1256 1380 1302 tum
1450 1245 1733 1301 vocabitur
1793 1245 2090 1301 aediﬁcator

509 1342 893 1400 maceriarum.
935 1339 1227 1396 Sciendum
1266 1354 1397 1394 vero
1447 1337 1618 1393 malas
1662 1345 1716 1392 et
1748 1337 2089 1391 adversarias

511 1444 808 1507 potestates
853 1434 1109 1490 miseram
1144 1433 1382 1487 animam
1441 1429 1712 1485 interdum
1785 1429 2086 1495 incursare,

511 1543 579 1583 ac
627 1526 928 1596 voluptates
983 1523 1346 1580 exsecrandas
1397 1536 1612 1592 parere,
1662 1531 1718 1576 et
1767 1536 2090 1592 quocunque

511 1620 698 1676 volunt
727 1619 938 1674 auferre
965 1617 1265 1688 tyrannice,
1291 1624 1345 1670 et
1373 1615 1527 1685 quasi
1557 1615 1776 1670 hortum
1821 1613 2087 1670 incultum

510 1720 817 1784 penetrare.
881 1709 952 1766 At
997 1707 1144 1764 illam
1200 1707 1418 1763 calcare
1483 1705 1754 1772 desinent,
1809 1716 2087 1760 exstructa

509 1802 767 1866 maceria,
828 1813 990 1871 quam
1053 1797 1270 1854 divinus
1328 1797 1491 1852 timor
1547 1796 1600 1851 in
1668 1795 1824 1852 nobis
1865 1796 2084 1851 excitat.

507 1891 821 1965 Applicabis
847 1869 1032 1946 autem
1061 1889 1203 1945 hanc
1226 1903 1444 1960 quoque
1465 1889 1767 1944 orationem
1796 1887 2085 1957 unicuique
2121 1869 2162 1925 Β

507 1990 818 2041 sanctorum
848 1989 1303 2052 mystagogorum.
1345 1979 1484 2035 Sunt
1521 1978 1667 2033 enim
1725 1976 2086 2033 aediﬁcatores

497 2075 910 2140 'maceriarum,
953 2087 1147 2128 secure
1173 2072 1480 2128 munientes
1505 2070 1721 2126 virtutis
1759 2070 2088 2126 motionibus

509 2167 721 2222 animas
766 2181 955 2221 eorum
999 2165 1092 2236 qui
1153 2165 1546 2230 instituuntur,
1597 2163 1670 2218 ita
1732 2175 1792 2220 ut
1845 2164 2088 2220 animum

510 2260 752 2315 habeant
815 2257 1154 2328 voluptatum
1249 2255 1718 2327 impressionibus,
1788 2263 1845 2312 et
1893 2255 2091 2326 ineptis

511 2349 669 2419 nugis
730 2346 951 2404 minimc
985 2347 1232 2418 pervium
1287 2361 1492 2414 eorum,
1532 2346 1623 2417 qui
1654 2345 1927 2418 vaniloqni
1969 2361 2092 2403 esse

511 2440 707 2503 solent,
756 2439 847 2509 qui
895 2447 1105 2494 rectum
1159 2437 1286 2493 ﬁdei
1336 2451 1642 2493 sermonem
1698 2447 2090 2508 cauponantur,

510 2532 819 2587 nescientes
883 2544 1063 2602 neque
1117 2529 1246 2601 quid
1275 2529 1482 2597 dicunt,
1543 2544 1719 2602 neque
1775 2529 1844 2585 de
1892 2529 2089 2601 quibus

510 2622 800 2678 allirmant.

2191 607 2308 659 ἐστι
2336 604 2503 676 ψυχὴ,
2529 605 2799 676 ῥέγχουσα
2834 605 2970 676 πρὸς
3003 605 3060 658 τὸ
3089 605 3355 676 ῥᾴθυμον,
3386 605 3480 659 καὶ
3521 609 3640 668 ταῖς
3670 607 3780 660 τῶν

2191 696 2394 768 ἡδονῶν
2421 697 2674 760 ὲκτόποις
2719 697 2926 768 ταύτης
2953 697 3116 751 ἕνεκα
3157 697 3459 767 τῆςμίτίας
3485 699 3589 752 οὐκ
3630 700 3781 753 ἀστι-

2190 788 2290 860 ϐὴς
2315 826 2330 852 ,
2385 787 2500 842 ἀλλ’
2551 787 2694 841 ἔοικε
2749 789 2913 860 κήπῳ
2970 789 3327 859 διοδευομένῳ
3379 789 3532 860 παρά
3579 791 3781 856 παντὸς

2189 878 2428 936 ὁτουοῦν.
2493 879 2662 935 Έπάν
2706 880 2764 935 δὲ
2795 879 3100 953 διανήψασα
3143 881 3252 935 τῶν
3297 882 3398 952 τῆς
3442 882 3780 954 φαυλότητος

2190 971 2519 1044 ἀποπηδήσῃ
2559 971 2791 1042 βρόχων,
2825 973 3183 1045 ὲπιδράξηται
3228 973 3286 1028 δὲ
3329 975 3532 1044 μᾶλλον
3562 975 3658 1030 τοῦ
3689 977 3780 1030 θέ-

2191 1063 2303 1117 λειν
2327 1062 2707 1135 ἀγαθουργεῖν,
2735 1064 2830 1118 καὶ
2850 1063 3040 1138 ὥσπερ
3066 1066 3187 1121 τι.νά
3213 1067 3468 1138 φραγμὸν
3497 1069 3782 1141 ἀναστήσῃ

2190 1157 2268 1227 τῷ
2304 1156 2382 1228 νῷ
2405 1157 2505 1228 τὴν
2532 1157 2856 1227 ἀσφάλειαν,
2889 1159 2990 1232 τὴν
3021 1160 3129 1214 ἀπό
3169 1177 3257 1228 γε,
3295 1162 3459 1232 φημὶ,
3488 1161 3584 1214 τοῦ
3631 1162 3779 1215 θείου

2191 1248 2381 1318 φόϐου,
2411 1251 2508 1303 καὶ
2537 1249 2857 1322 ἀποσοϐήσῃ
2881 1251 2981 1322 τῆς
3003 1251 3242 1316 διανοίας
3267 1253 3397 1314 τοὺς
3432 1252 3602 1306 πάλαι
3639 1269 3777 1324 κρα-

2190 1339 2415 1404 τοῦντας
2467 1343 2639 1411 αὐτῆς
2684 1341 3087 1413 διαλογισμοὺς,
3138 1343 3188 1396 οἳ
3234 1343 3325 1397 διὰ
3370 1343 3544 1414 μέσης
3587 1343 3778 1414 ὥσπερ

2193 1437 2358 1508 ᾔεσαν
2391 1438 2560 1509 αὐτῆς
2597 1437 2704 1492 ὑπὸ
2749 1438 2917 1502 πόδας
2949 1438 3166 1508 ἔχοντες
3208 1439 3437 1509 ταύτην,
3467 1440 3561 1492 καὶ
3592 1439 3778 1503 θέντες

2191 1530 2272 1591 εἰς
2318 1528 2692 1598 καταπάτημα
2737 1527 2825 1580 διὰ
2875 1527 2970 1581 τοῦ
3018 1531 3381 1600 κατακρατεῖν
3420 1529 3611 1599 αὐτῆς,
3647 1530 3776 1583 τότε

2191 1617 2519 1690 κεκλήσεται
2567 1621 2664 1673 καὶ
2697 1620 2976 1692 οἰκοδόμος
3007 1621 3299 1691 φραγμῶν.
3351 1621 3548 1674 ’ἰστέον
3594 1620 3649 1675 δὲ
3693 1621 3776 1674 ὅτι

2192 1705 2284 1760 καί
2325 1709 2383 1762 αἱ
2418 1709 2652 1780 πονηραί
2681 1710 2776 1764 καὶ
2824 1711 3195 1782 ἀντικείμεναι
3220 1710 3476 1780 δυνάμεις
3506 1709 3777 1779 κατατρέ-

2192 1816 2376 1869 χουσιν
2405 1799 2517 1853 ἔσθ’
2561 1801 2652 1854 ὅτε
2699 1801 2797 1872 τῆς
2851 1800 3041 1865 ἀθλίας
3072 1801 3272 1872 ψυχῆς,
3303 1801 3553 1874 μυσαρὰς
3585 1801 3778 1872 ἡδονὰς

2190 1891 2556 1957 ὲκτίκτουσαι,
2601 1893 2697 1948 καὶ
2743 1893 3116 1965 ἀποφέρουσαι
3153 1893 3490 1964 τυραννικῶς
3522 1888 3684 1964 οἷπερ
3711 1894 3778 1948 ἂν

2193 1980 2511 2052 βούλωνται,
2555 1984 2650 2037 καὶ
2697 1983 2773 2047 ῶς
2815 1982 2906 2037 διὰ
2943 1984 3124 2053 κήπου
3171 1982 3587 2053 κεχερσωμένου
3624 1982 3775 2052 βαδί-

2194 2077 2401 2140 ζουσαι.
2434 2075 2817 2130 Πεπαύσονται
2845 2076 2902 2130 δὲ
2927 2073 3022 2129 τοῦ
3065 2077 3402 2129 καταπατεῖν
3433 2073 3626 2145 αὐτὴν,
3649 2075 3768 2143 έγη-

2195 2167 2466 2240 γερμένου
2501 2167 2780 2241 φραγμοῦ,
2803 2167 2870 2221 ὃν
2918 2169 2948 2222 6
2974 2166 3117 2232 θεῖος
3151 2168 3212 2222 ὲν
3239 2168 3372 2238 ἡμῖν
3401 2165 3653 2236 ἀνίστησι
3680 2167 3777 2234 φό-

2196 2259 2311 2324 ϐος.
2358 2260 2725 2334 Ἐφαρμόσεις
2762 2260 2821 2315 δὲ
2843 2260 2938 2314 τὸν
2977 2260 3182 2316 τοιόνδε
3227 2259 3386 2328 λόγον
3429 2259 3523 2312 καὶ
3561 2258 3777 2332 έκάστῳ

2194 2351 2306 2405 τῶν
2355 2351 2525 2421 ἁγίων
2583 2352 2978 2424 μυσταγωγῶν.
3026 2351 3291 2421 Γεγόνασι
3346 2349 3457 2422 γάρ
3503 2349 3777 2418 οἰκοδόμοι

2197 2441 2492 2515 φραγμῶν,
2523 2443 2944 2514 ἀσφαλιζόμενοι
2973 2445 3092 2507 ταῖς
3124 2445 3204 2507 εἰς
3231 2442 3432 2514 ἀρετὴν
3473 2439 3777 2502 νουθεσίαις

2194 2533 2295 2598 τὰς
2325 2534 2433 2588 τῶν
2477 2534 2882 2605 παιδευομένων
2929 2534 3130 2605 ψυχὰς,
3172 2532 3314 2586 ὥστε
3363 2532 3460 2586 καὶ
3503 2533 3622 2594 ταῖς
3663 2527 3780 2582 τῶν

2195 2625 2399 2696 ἡδονῶν
2421 2625 2629 2697 ἐφόδοις
2653 2625 2850 2696 ἀστιϐῆ
2878 2625 3077 2698 τρόπον
3102 2624 3228 2679 τινὰ
3250 2623 3348 2695 τὴν
3375 2623 3611 2679 διάνοιαν
3632 2620 3780 2692 ἔχειν

507 2717 601 2770 καὶ
633 2717 1013 2790 βωμολοχίαις,
1043 2716 1107 2772 έκ
1134 2735 1194 2772 τε
1229 2718 1336 2773 τῶν
1363 2718 1692 2787 κενοφωνεῖν
1723 2715 2013 2782 εἰωθότων,
2075 2716 2124 2771 οἳ
2161 2718 2253 2772 τὸν
2285 2717 2444 2790 ὀρθὸν
2507 2719 2607 2791 τῆς
2647 2719 2881 2782 πίστεως
2917 2715 3354 2788 έκκαπηλεύουσι
3385 2714 3561 2785 λόγον,
3596 2715 3672 2786 μὴ
3700 2717 3778 2768 εἰ·

505 2815 657 2877 δότες
705 2813 840 2885 μήτε
883 2812 919 2868 ἀ
951 2811 1190 2884 λέγουσι,
1242 2814 1379 2886 μήτε
1427 2810 1558 2885 περὶ
1598 2811 1762 2866 τίνων
1807 2809 2262 2867 διαὸεὸαιοῢνται.

582 2910 744 2966 Vsus.
774 2910 861 2978 15,
892 2910 982 2968 14.
1012 2909 1073 2967 Si
1098 2914 1347 2966 averteris
1377 2911 1554 2978 pedem
1575 2921 1722 2964 tuum
1748 2925 1780 2962 a
1821 2908 2093 2976 Sabbatis,

508 3015 564 3057 ut
593 3021 696 3058 non
726 3003 893 3072 facias
919 3010 1212 3058 voluntates
1245 3013 1363 3057 tuas
1380 3005 1433 3058 in
1456 3004 1540 3056 die
1567 3012 1775 3067 sancta,
1807 3011 1856 3056 et
1886 3017 2097 3056 vocave-

510 3096 583 3149 ris
603 3094 834 3150 Sabbata
862 3107 1063 3162 tenera,
1099 3093 1204 3149 Deo
1241 3104 1328 3149 tuo
1350 3103 1552 3159 sancta,
1590 3111 1691 3148 non
1719 3092 1868 3147 tolles
1913 3093 2094 3161 pedem

512 3195 657 3238 tuum
688 3187 756 3239 ad
783 3202 932 3255 opus,
967 3202 1128 3255 neque
1151 3184 1370 3255 loqueris
1412 3185 1624 3237 verbum
1656 3184 1710 3236 in
1759 3185 1841 3236 ira
1887 3183 1952 3236 de
2005 3197 2094 3234 ore

512 3287 624 3346 tuo,
653 3286 702 3332 et
723 3279 826 3332 eris
856 3278 1120 3346 conﬁdens
1153 3293 1307 3343 super
1335 3273 1636 3330 Demittunt.
1668 3275 1738 3330 Et
1789 3273 2008 3329 elevabit
2045 3282 2092 3326 te
2119 3299 2161 3356 ρ

510 3388 666 3439 super
692 3372 1067 3435 bonaterrw,et
1099 3368 1314 3424 elevabit
1339 3378 1386 3423 te
1403 3369 1711 3423 hereditate
1725 3366 1892 3422 Iacob
1920 3368 2089 3436 patris

511 3461 697 3519 tui.03
728 3463 866 3518 enim
888 3460 1102 3516 Domini
1132 3461 1362 3515 locutum
1387 3471 1460 3514 est
1496 3460 1629 3514 haec.

586 3737 810 3792 Divinus
826 3736 1027 3791 Paulus
1057 3735 1190 3805 legis
1219 3735 1464 3789 umbraut
1487 3734 1633 3790 velut
1652 3733 1980 3790 inelIicacem
2006 3747 2094 3790 re-

513 3829 739 3901 pellens,
771 3829 836 3882 ad
865 3827 1203 3897 spiritualem
1231 3825 1346 3894 ejus
1374 3826 1876 3890 considerationem
1910 3834 2093 3881 trans-

516 3923 644 3976 fert.
669 3919 780 3976 Nec
836 3919 979 3976 enim
1010 3918 1217 3975 videbis
1240 3935 1361 3973 eum
1393 3919 1476 3974 vel
1517 3920 1697 3975 carnis
1723 3919 2096 3976 circumcisio-

514 4029 660 4082 nem,
691 4014 775 4069 vel
803 4013 1024 4070 Sabbati
1052 4014 1220 4069 otium
1266 4014 1578 4084 recepisse:
1613 4019 1668 4068 at
1722 4013 2096 4069 circumcisio-

516 4123 638 4163 nem
702 4107 878 4178 potius
928 4108 1088 4163 simul
1147 4121 1209 4164 ac
1283 4107 1674 4166 sabbatismum
1757 4105 2095 4178 spiritualem

514 4200 808 4270 praedicare
837 4200 1069 4256 videtur.
1099 4200 1188 4254 Ait
1215 4200 1357 4255 enim
1395 4213 1410 4253 :
1446 4215 1465 4251 ι
1499 4197 1616 4254 Non
1647 4197 1742 4268 qui
1779 4198 1835 4252 in
1865 4197 2097 4253 manife-

515 4296 602 4341 sto
633 4283 853 4341 Judazus
882 4296 983 4354 est,
1017 4301 1192 4357 neque
1257 4301 1377 4356 quae
1429 4287 1482 4342 in
1518 4287 1806 4343 manifesto
1842 4287 1896 4346 in
1931 4301 2096 4342 carne

515 4388 597 4434 est
623 4379 996 4446 circumcisio;
1034 4380 1126 4434 sed
1155 4379 1245 4450 qui
1280 4381 1332 4434 in
1363 4379 1700 4445 abscondito,
1727 4379 1946 4435 Judaeus
1967 4387 2052 4435 est
2078 4397 2092 4436 :

511 4469 682 4541 826
702 4479 758 4526 et
784 4469 1129 4526 circumcisio
1163 4470 1364 4536 cordis,
1397 4473 1450 4525 in
1478 4470 1692 4541 spiritu,
1737 4485 1844 4526 non
1895 4471 2093 4537 littera,

513 4564 668 4632 cujus
693 4563 810 4618 laus
838 4577 1034 4619 nonex
1067 4563 1399 4630 hominibus,
1431 4563 1526 4619 sed
1576 4580 1644 4620 ex
1694 4563 1804 4619 Deo
1859 4573 1942 4618 est
1965 4564 2028 4618 “.
2072 4583 2090 4615 ι

2277 2906 2409 2964 Ἐὰν
2451 2907 2822 2976 sempch
2849 2904 2956 2960 τὸν
2985 2901 3144 2958 πόὸα
3181 2918 3298 2958 σου
3325 2901 3444 2958 ἀπὸ
3477 2899 3595 2955 τῶν
3626 2899 3776 2954 Σαε-

2193 3000 2408 3065 6άτων,
2441 2998 2550 3053 τοῦ
2589 2999 2676 3068 μὴ
2727 2998 2919 3051 ποιεῖν
2971 2997 3044 3050 τὰ
3085 2993 3391 3064 θελήματά
3435 3007 3552 3046 σου
3586 2992 3657 3045 ἐν
3703 2988 3777 3059 τῇ

2193 3091 2384 3163 ἡμέρα
2433 3089 2506 3160 τῇ
2538 3090 2696 3160 ἁγίᾳ,
2743 3091 2840 3143 καὶ
2875 3087 3148 3156 καλέσῃς
3197 3087 3271 3140 τὰ
3320 3085 3589 3140 Σάϐϐατα
3637 3101 3776 3151 τρυ-

2191 3185 2362 3254 φερὰ,
2403 3183 2482 3249 τῷ
2513 3180 2634 3247 Θεῷ
2673 3197 2789 3235 σου
2817 3181 2974 3250 ἅγια,
3003 3181 3115 3233 οὐκ
3144 3177 3308 3248 ἀρεῖς
3337 3180 3447 3232 τὸν
3475 3175 3631 3229 πόδα
3658 3189 3778 3228 σου

2193 3274 2286 3327 ἐπ’
2319 3274 2490 3345 ἔργῳ,
2531 3271 2674 3326 οὐδὲ
2709 3268 2994 3338 λαλήσῃς
3039 3271 3226 3338 λόγον
3261 3268 3330 3321 ἐν
3363 3264 3510 3336 ὀργῆ
3550 3265 3620 3318 ἐκ
3667 3263 3780 3317 τοῦ

2193 3366 2493 3436 στόματός
2521 3381 2656 3430 σου,
2684 3364 2781 3418 καὶ
2810 3362 2926 3430 ἔσῃ
2958 3361 3254 3426 πεποιθὼς
3282 3358 3382 3413 ἐπὶ
3409 3359 3646 3427 Κύριον,
3677 3355 3780 3409 καὶ

2193 3457 2539 3513 ἁναϐιϐάσει
2572 3473 2645 3510 σε
2672 3454 2774 3508 ἐπὶ
2809 3453 2882 3507 τὰ
2909 3452 3100 3523 ἀγαθὰ
3128 3451 3240 3520 τῆς
3263 3449 3397 3521 γῆς,
3431 3449 3533 3506 καί
3564 3447 3782 3518 drupr

2195 3566 2269 3606 σε
2300 3550 2413 3619 τὴν
2441 3549 2850 3618 κληρονομίαν
2882 3545 3094 3602 Ἰακὼϐ
3124 3543 3233 3598 τοῦ
3266 3541 3498 3612 Πατρός
3523 3557 3665 3596 σου.
3706 3540 3781 3595 Τὸ

2194 3642 2307 3715 τὰρ
2333 3643 2528 3713 στόμα
2561 3642 2782 3709 Κυρίου
2811 3636 3082 3706 ἐλάλησε
3113 3634 3317 3690 ταῦτα.

2277 3736 2335 3789 '0
2380 3732 2667 3796 θεσπέσιος
2716 3729 2928 3793 Παῦλος
2980 3729 3078 3799 τὴν
3130 3725 3225 3780 τοῦ
3278 3723 3446 3797 νόμου
3499 3722 3658 3777 σκιάν
3701 3721 3782 3786 ὡς

2196 3824 2400 3897 ἀδρανῆ
2429 3823 2852 3896 παρωθούμενος
2875 3822 2954 3884 εἰς
2986 3818 3359 3891 πνευματικὴν
3390 3815 3622 3887 θεωρίαν
3647 3813 3785 3885 μεθ-

2200 3917 2379 3988 ίστησι
2407 3915 2477 3969 τὰ
2505 3916 2561 3968 ὲν
2594 3913 2762 3984 αὐτῷ.
2799 3912 2934 3966 Οὔτε
2965 3911 3073 3984 γὰρ
3101 3911 3201 3982 τὴν
3247 3909 3387 3963 κατά
3423 3908 3598 3979 σάρκα
3624 3921 3787 3976 περι-

2195 4007 2392 4080 τομὴν,
2427 4004 2550 4061 οὔτε
2578 4005 2674 4077 τὴν
2703 4004 2844 4059 κατά
2874 4004 2937 4057 τὸ
2968 4002 3247 4057 Σάϐὃατον
3273 3999 3475 4072 ἀργίαν
3509 3993 3784 4060 ἀποδεξά-

2200 4120 2360 4174 μενον
2389 4098 2733 4170 καταθρήσαί
2760 4114 2841 4160 τις
2868 4096 2934 4150 ἂν
2965 4095 3145 4159 αὑτὸν,
3173 4090 3473 4163 περιτομὴν
3497 4089 3551 4142 δὲ
3583 4088 3790 4159 μᾶλλον

2199 4192 2597 4265 πνευματικὴν,
2624 4192 2718 4244 καὶ
2757 4188 3125 4259 σαόεατισμὸν
3160 4185 3362 4257 ὁμοίως
3403 4180 3790 4252 διακηρύττων

2198 4285 2414 4356 ὁρᾶται.
2447 4281 2592 4353 Ἔφη
2618 4281 2748 4350 γὰρ,
2785 4281 2868 4333 ὅτι
2901 4299 2918 4330 ι
2958 4279 3070 4349 Οὐχ
3103 4279 3131 4331 6
3176 4277 3236 4330 ὲν
3276 4275 3356 4346 τῷ
3400 4271 3619 4343 φανερῷ
3659 4272 3793 4324 Ἰου-

2198 4376 2342 4439 δαῖός
2374 4376 2540 4441 ἐστιν,
2564 4373 2682 4426 οὐδὲ
2707 4374 2738 4443 ἡ
2768 4373 2824 4424 ὲν
2855 4370 2933 4441 τῷ
2962 4368 3180 4441 φανερῷ
3207 4368 3266 4420 ὲν
3291 4364 3453 4436 σαρκί
3483 4360 3790 4434 περιτομὴ,

2199 4467 2314 4521 ἀλλ’
2342 4469 2370 4520 6
2403 4466 2462 4519 ὲν
2503 4464 2579 4536 τῷ
2618 4462 2847 4534 κρυπτῷ
2885 4462 3156 4526 Ἰουδαῖος,
3193 4459 3284 4514 καὶ
3331 4457 3601 4527 περιτομὴ
3646 4471 3795 4525 καρ-

2199 4558 2316 4622 δίας
2344 4559 2400 4611 ἐν
2443 4555 2736 4626 πνεύματι,
2762 4555 2822 4607 οὐ
2855 4555 3165 4624 γράμματι,
3194 4543 3255 4604 οὗ
3285 4553 3314 4604 6
3346 4549 3568 4610 ἔπαινος
3590 4546 3690 4599 οὐκ
3723 4546 3797 4611 ἐξ

515 4651 666 4719 Quod
699 4653 881 4722 itaque
901 4652 965 4707 ad
994 4652 1295 4709 Sabbatum
1317 4655 1534 4720 attinet,
1557 4654 1879 4724 relinquitur
1902 4652 2094 4723 populo

2201 4650 2524 4723 ἀνθρώπων,
2546 4648 2660 4704 ἀλλ’
2687 4650 2751 4701 ὲκ
2782 4645 2873 4700 τοῦ
2895 4645 3083 4698 Θεοῦ.»
3117 4643 3254 4713 Περὶ
3276 4640 3332 4693 δὲ
3374 4637 3468 4692 τοῦ
3500 4635 3792 4690 Σαϐσάτου

515 4744 605 4798 Dei
641 4742 1023 4799 sabbatismus.
1051 4743 1155 4812 Qui
1187 4745 1334 4800 enim
1386 4746 1691 4816 ingreditur
1743 4744 1800 4798 in
1852 4744 2093 4812 requiem

511 4837 650 4904 eius,
682 4836 844 4890 etiam
890 4836 1007 4907 ipse
1034 4837 1327 4907 requiescit
1365 4851 1394 4890 a
1421 4835 1534 4891 suls
1583 4835 1864 4906 operibus,
1898 4850 2090 4904 quem-

511 4929 798 4985 admodum
823 4945 852 4983 a
883 4929 996 4986 suis
1019 4931 1178 4985 Deus.
1205 4928 1348 5000 Ergo
1369 4928 1415 4985 si
1441 4927 1564 5002 quis
1605 4942 1635 4982 a
1668 4927 1780 4984 suis
1837 4927 2094 4998 operibus

512 5029 713 5085 cessat,
747 5033 842 5076 aut
877 5034 988 5076 suae
1038 5019 1333 5077 voluntatis
1379 5019 1665 5092 imperium
1729 5016 2098 5073 sacrosanctis

515 5113 681 5167 tradit
710 5111 942 5182 legibus,
975 5111 1064 5168 hic
1108 5112 1414 5174 sabbatizat
1464 5109 1844 5183 spiritualiter,
1885 5119 1940 5166 et
1969 5125 2097 5165 san-

516 5215 661 5258 etum
694 5200 838 5260 diem
862 5219 988 5259 vere
1008 5205 1263 5260 celebrat.
1312 5204 1426 5260 lloc
1462 5204 1625 5259 etiam
1672 5201 1829 5258 nobis
1862 5200 2102 5259 ostendit

515 5294 834 5365 prophetiae,
867 5308 986 5364 qua:
1009 5311 1120 5364 pm
1153 5297 1401 5351 manibus
1430 5305 1533 5361 est,
1569 5294 1766 5350 oratio.
1821 5292 1878 5348 Si
1930 5294 2096 5358 enim,

513 5386 716 5456 inquit,
777 5387 1041 5441 averteris
1090 5387 1279 5455 pedem
1335 5395 1482 5441 tuum
1528 5402 1559 5441 a
1611 5385 1883 5454 Sabbatis,
1913 5395 2101 5440 utnon

514 5478 682 5535 facias
733 5479 1037 5536 voluntates
1081 5487 1200 5534 tuas
1241 5479 1293 5534 in
1345 5480 1432 5536 die
1461 5487 1670 5536 sancta.
1714 5479 1846 5536 lllud
1872 5494 1886 5532 :
1917 5480 2090 5534 Aver-

515 5572 645 5627 teris
676 5571 865 5641 pedem
900 5580 1050 5626 tuum
1091 5586 1120 5624 a
1175 5570 1447 5639 Sabbatis,
1517 5573 1663 5628 aliud
1703 5571 1840 5627 nihil
1893 5581 1995 5639 est,
2032 5579 2092 5625 ut

515 5676 615 5731 ego
645 5665 979 5729 censeo,nisi
1009 5674 1067 5720 ut
1089 5680 1196 5721 non
1232 5674 1353 5737 agat
1386 5681 1506 5738 qiue
1533 5667 1655 5738 quis
1687 5666 1936 5730 voluerit.
1992 5681 2090 5721 nec

594 5816 635 5844 ⁸³
670 5841 822 5896 Rom.
858 5860 911 5900 ιι.
944 5845 1032 5908 28,
1067 5846 1154 5899 '29.

2203 4743 2312 4805 ἄρα
2361 4742 2718 4797 ἀπολείπεται
2780 4735 3151 4806 σαϐϐατισμὸς
3199 4732 3276 4804 τῷ
3322 4729 3439 4800 λαῷ
3483 4727 3576 4782 τοῦ
3623 4725 3793 4782 Θεοῦ.

2213 4835 2272 4890 '0
2315 4835 2423 4906 γὰρ
2475 4832 2730 4888 εἰσελθὼν
2776 4833 2856 4895 εἰς
2906 4829 3005 4900 τὴν
3057 4825 3400 4882 κατάπαυσιν
3450 4817 3638 4884 αὐτοῦ,
3689 4818 3798 4888 καὶ

2201 4927 2362 4990 αὐτὸς
2389 4926 2732 4981 κατέπαυσεν
2755 4921 2863 4977 ἀπὸ
2898 4920 3007 4974 τῶν
3034 4919 3209 4989 ἔργων
3237 4914 3423 4977 αὑτοῦ,
3458 4912 3649 4982 ῶσπερ
3677 4909 3800 4964 ἀπὸ

2200 5018 2308 5074 τῶν
2345 5017 2490 5072 ἰδίων
2519 5020 2547 5071 6
2573 5007 2724 5080 Θεός.
2767 5012 2975 5068 Οὐκοῦν
3007 5011 3159 5074 εἴτις
3193 5009 3462 5062 παύσαιτο
3500 5006 3609 5060 τῶν
3641 5003 3802 5059 ἰδίων

2197 5110 2398 5183 ἔργων,
2426 5109 2546 5181 ἦτοι
2579 5108 2688 5162 τῶν
2718 5105 2910 5160 ἑαυτοῦ
2949 5103 3271 5172 θελημάτων
3313 5098 3374 5152 τὸ
3406 5100 3604 5170 χρῆναι
3639 5113 3799 5168 κρα-

2196 5206 2309 5257 τεῖν
2340 5201 2555 5263 ἐπιδοὺς
2588 5199 2704 5262 τοίς
2739 5200 2902 5268 ἱεροῖς
2947 5195 3331 5265 θεσπίσμασιν,
3361 5191 3532 5252 οὕτως
3563 5187 3802 5242 Σαϐϐα-

2199 5295 2336 5358 τίζει
2383 5289 2790 5361 πνευματικῶς,
2841 5290 2936 5342 καὶ
2981 5287 3140 5356 ἁγίαν
3171 5283 3385 5356 ἀληθῶς
3427 5281 3641 5352 ἡμέραν
3668 5279 3800 5333 ἐπι-

2199 5386 2364 5442 τελεῖ.
2409 5385 2582 5439 Τοῦτο
2627 5383 2720 5436 καί
2756 5381 2871 5452 τῆς·
2897 5383 2954 5434 ἐν
2999 5379 3156 5450 χερσί
3211 5375 3545 5448 προφητείας
3589 5370 3804 5425 διαδεί-

2201 5497 2388 5534 κνυσιν
2441 5479 2572 5549 ἡμῖν
2625 5478 2654 5530 6
2684 5475 2859 5543 λόγος.
2909 5473 3034 5526 Ἐὰν
3080 5471 3188 5540 γὰρ
3222 5467 3590 5539 ἀποστρέψῃς,
3626 5464 3802 5535 φησὶ,

2198 5568 2291 5623 τὸν
2333 5568 2468 5622 πόδα
2509 5584 2601 5620 σου
2641 5565 2748 5619 ἀπὸ
2773 5564 2880 5616 τῶν
2917 5558 3337 5623 Σαθϐἀτων,τοῦ
3377 5557 3451 5628 μὴ
3501 5557 3674 5610 ποιεῖν
3717 5556 3806 5612 τὰ

2199 5659 2480 5733 θελήματά
2510 5677 2603 5714 σου
2636 5661 2692 5714 ἐν
2719 5659 2783 5730 τῇ
2819 5655 3000 5748 ἡμέρὲι
3033 5654 3098 5723 τῇ
3139 5651 3290 5721 ἁγίᾳ.
3319 5651 3390 5704 Τὸ
3423 5649 3497 5715 δὲ,
3518 5647 3805 5720 ἀποστρό-
