4100 6456
332 376 469 434 1301

1459 371 1523 426 ΙΝ
1565 372 1799 428 ISAIAM
1836 371 1965 428 LIB.
2010 372 2075 429 ν.
2119 370 2359 429 TOMUS
2396 369 2486 426 IV.

3500 373 3639 429 £302

326 499 454 570 ψεις
484 495 577 551 τὸν
611 494 749 551 πόδα
792 512 887 549 σου
921 494 1029 551 ἀπὸ
1056 494 1163 551 τῶν
1191 495 1507 561 Σαδδάτων,
1545 496 1698 550 οὐδὲν
1736 495 1924 569 ἕτερον

2049 495 2265 566 impria:
2287 495 2601 566 cupiditatis
2627 494 2853 551 semitas
2882 504 3267 568 persequatur.
3290 495 3423 551 Nam
3446 497 3640 554 huma-

326 586 420 658 εἴη
450 585 540 649 ἂν,
572 584 649 650 ὦς
680 601 745 654 γε
778 579 934 656 οἶμαι
979 585 1119 659 πλὴν
1152 586 1319 641 ὅτιτὸ
1356 586 1433 660 μὴ
1459 587 1660 659 χρῆναι
1707 586 1864 658 δρᾷν,
1897 584 1933 640 ἃ

326 681 397 735 ἂν
440 676 686 750 βούλοιτό
718 694 824 743 τις,
861 677 956 733 καὶ
989 678 1090 742 τάς
1130 679 1240 734 τῶν
1273 679 1418 735 ἰδίων
1460 677 1767 751 ἐπιθυμιῶν
1799 678 1936 732 ἱέναι

325 770 574 844 τρίϐους.
591 771 713 825 Ὅτι
740 769 850 842 γὰρ
878 770 987 826 τῶν
1014 771 1371 844 ἀνθρωπίνων
1392 770 1714 843 θελημάτων
1745 773 1775 825 ό
1810 788 1932 826 σκο-

260 928 265 931 _
329 865 435 926 πὸς
464 865 545 927 είς
582 863 644 916 τὸ
687 862 971 936 φιλήδονον
1003 863 1213 936 βλέπει,
1261 863 1596 918 πιστώσεται
1638 862 1869 936 γράφων
1905 865 1935 918 ὁ

330 955 615 1023 πάνσοφος
663 955 877 1019 Παῦλος
900 971 915 986 ·
972 975 991 1009 ι
1036 956 1113 1010 Οὐ
1164 957 1274 1029 γὰρ
1322 956 1351 1011 δ
1401 956 1540 1011 θέλω
1588 955 1748 1011 τοῦτο
1794 955 1935 1011 ποιῶ

328 1050 562 1119 ἀγαθὸν,
586 1049 703 1104 ἀλλ’
725 1050 754 1105 δ
777 1049 924 1122 μισῶ
952 1050 1125 1105 κακὸν
1150 1049 1311 1104 τοῦτο
1342 1049 1598 1122 πράσσω,
1636 1050 1935 1122 συνήδομαι

332 1145 445 1214 γὰρ
483 1141 565 1214 τῷ
621 1142 773 1214 νόμῳ
809 1141 907 1196 τοῦ
955 1140 1094 1197 Θεοῦ
1150 1142 1292 1197 κατὰ
1337 1142 1430 1198 τὸν
1466 1141 1576 1196 ἔσω
1623 1140 1934 1213 ἄνθρωπον,

335 1236 526 1305 βλέπω
564 1235 624 1289 δὲ
659 1236 851 1306 ἕτερον
882 1235 1051 1307 νόμον
1079 1236 1638 1309 ἀντιστρατευόμενον
1670 1235 1750 1307 τῷ
1784 1236 1934 1307 νόμῳ

330 1327 431 1382 τοῦ
462 1327 584 1391 νοός
621 1344 746 1397 μου,
780 1327 874 1382 καὶ
904 1328 1380 1399 αἰχμαλωτίζοντά
1428 1346 1496 1400 με
1532 1327 1611 1401 τῷ
1642 1328 1795 1400 νόμῳ
1838 1328 1938 1400 τῆς

334 1421 618 1492 ἁμαρτίας
648 1419 729 1492 τῷ
772 1420 888 1475 δντι
918 1422 977 1475 ὲν
1024 1424 1137 1487 τοῖς
1174 1422 1360 1494 μέλεσι
1396 1439 1522 1493 μου.
1560 1439 1580 1473 ι
1616 1422 1708 1475 Δεῖ
1739 1420 1805 1493 δὴ
1842 1416 1936 1475 οὖν

330 1512 445 1583 ἄρα
476 1510 571 1565 καὶ
602 1509 749 1581 μάλα
774 1511 1042 1574 νεανικῶς
1070 1510 1553 1581 καταγωνίσασθαι
1585 1510 1685 1581 μὲν
1716 1508 1777 1562 τὸ
1806 1507 1937 1563 ἴδιον

332 1605 551 1676 θέλημα
573 1606 703 1669 τοὺς
728 1605 1039 1675 εὐδοκιμεῖν
1069 1605 1353 1669 ἐθέλοντας
1385 1604 1537 1677 παρᾶ
1563 1602 1705 1674 Θεῷ,
1736 1603 1850 1666 τοῖς
1879 1600 1939 1654 δὲ

330 1698 507 1762 θείοις
537 1697 709 1753 αὐτοῦ
742 1697 932 1769 νόμοις
979 1697 1257 1770 πανταχοῦ
1318 1697 1622 1769 ἑπομένους
1668 1694 1769 1766 τὴν
1822 1692 1938 1758 ἀξι-

333 1791 578 1856 ἀγαστον
606 1789 706 1860 τῆς
757 1789 1106 1862 δικαιοσύνης
1134 1792 1371 1847 διάττειν
1400 1790 1538 1845 όδόν.
1589 1786 1852 1861 Τρυφερά
1881 1785 1939 1839 δὲ

2039 603 2234 644 narum
2263 587 2602 644 voluntatum
2637 602 2861 658 scopum
2887 588 2953 642 ad
2984 588 3317 658 voluptatem
3367 600 3640 660 spectare,

2036 680 2387 737 conﬁrmabit
2411 680 2849 750 sapientissimus
2883 679 3101 748 Paulus,
3137 681 3425 738 scribens:
3461 702 3479 735 ι
3521 680 3641 738 Νοη

2035 772 2182 830 enim
2219 772 2366 844 quod
2391 772 2537 837 volo,
2577 773 2680 828 hoc
2729 770 2872 828 facio
2916 771 3141 840 bonum,
3193 773 3289 829 sed
3349 775 3498 845 quod
3548 775 3641 830 odi

2038 865 2266 933 malum,
2290 864 2394 922 hoc
2420 879 2542 935 ago.
2580 862 2831 920 Delector
2861 865 3008 920 enim
3037 865 3157 936 lege
3188 863 3308 931 Dei,
3373 865 3518 935 quod
3574 865 3641 919 ad

2036 959 2354 1016 interiorem
2383 957 2658 1015 hominem
2690 957 2905 1014 attinet.
2948 957 3118 1015 Video
3150 967 3335 1015 autem
3364 957 3528 1012 aliam
3560 957 3644 1011 le-

2042 1066 2164 1125 gem
2196 1066 2319 1124 qum
2349 1060 2617 1121 repugnat
2673 1050 2777 1121 legi
2808 1050 3009 1107 mentis
3039 1065 3193 1119 meae,
3244 1061 3301 1107 et
3353 1051 3639 1121 captivum

2038 1161 2127 1202 me
2156 1145 2336 1203 reddit
2364 1143 2468 1217 legi
2504 1144 2733 1216 peccati,
2759 1157 2878 1214 quae
2899 1154 2984 1200 est
3010 1144 3065 1200 in
3083 1144 3345 1201 membris
3376 1144 3515 1201 meis
3534 1143 3636 1197 ⁸⁸.»

2039 1237 2144 1307 Qui
2173 1253 2304 1311 ergo
2333 1254 2364 1294 a
2398 1239 2511 1295 Deo
2534 1238 2761 1310 probari
2794 1236 3009 1304 volunt,
3041 1236 3259 1294 fortiter
3295 1252 3359 1293 ac
3382 1236 3641 1307 juvenili-

2040 1340 2125 1386 ter
2151 1345 2307 1387 suam
2336 1331 2675 1388 voluntatem
2705 1344 3023 1402 oppugnare
3075 1329 3315 1386 debent:
3349 1338 3407 1384 et
3431 1329 3525 1400 qui
3555 1330 3642 1385 di-

2037 1423 2194 1477 vinas
2227 1422 2345 1492 ejus
2360 1422 2512 1493 leges
2533 1438 2632 1494 per
2664 1423 2847 1480 omnia
2892 1430 3220 1495 sequuntur,
3266 1422 3643 1478 admirabilem

2032 1512 2262 1584 justitite
2286 1515 2430 1570 viam
2465 1514 2724 1572 alacriter
2774 1513 2916 1570 inire
2954 1522 3188 1585 oportet.
3242 1510 3457 1570 Tenera
3503 1513 3646 1570 Sab-

2039 1606 2164 1662 hata
2199 1606 2351 1673 dicit,
2386 1606 2440 1662 in
2471 1607 2670 1679 quibus
2721 1605 2958 1678 propria
2994 1606 3292 1663 voluntatis
3343 1606 3480 1662 nihil
3534 1614 3640 1662 est.

2039 1698 2183 1754 Dura
2219 1708 2402 1755 autem
2432 1708 2489 1754 et
2528 1697 2816 1770 praefracta
2848 1712 3019 1767 mensx
3046 1708 3153 1765 est,
3195 1698 3338 1755 nolle
3379 1697 3485 1754 illis
3518 1714 3644 1770 quae

2044 1792 2190 1848 Deus
2215 1792 2335 1848 vult
2365 1790 2582 1864 subjici.
2618 1789 2808 1848 Talem
2858 1805 2982 1849 esse
3012 1789 3270 1847 lsraelem
3320 1790 3524 1861 arguit,
3556 1791 3642 1844 dl-

334 1880 600 1937 Σάϐϐατά
642 1899 786 1955 φησι
814 1883 886 1937 τὰ
937 1883 1104 1955 μηδὲν
1144 1882 1340 1955 ἔχοντα
1387 1881 1497 1936 τῶν
1538 1881 1648 1936 ἀπὸ
1691 1879 1942 1951 γνώμης.

2049 1898 2179 1941 cens
2212 1903 2225 1940 :
2277 1902 2296 1938 ι
2335 1884 2464 1941 Scio
2488 1898 2590 1956 ego
2612 1892 2666 1939 te
2693 1883 2890 1939 durum
2930 1897 3075 1950 esse,
3106 1892 3162 1939 et
3208 1896 3411 1938 nervus
3430 1881 3644 1938 ferreus

337 1974 563 2046 Σκληρά
587 1974 645 2029 δὲ
671 1974 866 2048 γνώμη
898 1977 994 2031 καὶ
1022 1976 1263 2048 ἀπηνὴς,
1296 1977 1359 2031 es
1393 1975 1468 2047 μὴ
1495 1972 1819 2029 ὑποκεῖσθαι
1856 1969 1945 2026 θέ-

334 2065 476 2129 λειν,
509 2058 590 2130 οἷς
629 2065 697 2120 ἂν
730 2064 987 2136 βούληται
1020 2065 1181 2129 Θεός·
1215 2065 1456 2120 τοιοῦτον
1474 2064 1603 2119 ὄντα
1624 2063 1716 2117 τὸν
1730 2060 1948 2134 Ἰσραὴλ

333 2156 586 2227 διήλεγξε
631 2157 847 2228 λέγων,
882 2176 901 2210 t
940 2159 1199 2214 Γινώσκω
1262 2157 1374 2228 ἐγὼ
1436 2158 1519 2213 ὅτι
1568 2156 1805 2230 σκληρὸς
1870 2149 1940 2222 εί,

336 2250 437 2305 καὶ
461 2248 656 2322 νεῦρον
690 2250 994 2323 σιδηροῦνό
1015 2251 1289 2324 τράχηλός
1316 2268 1435 2316 σου,
1469 2251 1566 2307 καὶ
1594 2250 1656 2304 τὸ
1688 2248 1944 2320 μέτωπόν

336 2362 439 2399 σου
469 2345 728 2416 χαλκοῦν.
767 2365 788 2400 s
828 2345 902 2400 Τὸ
930 2345 1183 2411 εὐπειθὲς
1210 2339 1304 2401 οῦν
1332 2344 1465 2416 ἄρα,
1495 2343 1592 2399 καὶ
1623 2342 1686 2398 τὸ
1709 2343 1945 2415 εὐήνιον,

337 2438 436 2492 καὶ
464 2438 529 2491 τὸ
555 2437 795 2493 είκτικδν
823 2438 921 2492 τοῦ
951 2438 1178 2511 τρόπου,
1207 2437 1488 2510 τρυφερὰν
1523 2435 1819 2506 ἀποφαίνει
1861 2433 1942 2503 τῷ

336 2530 464 2601 Θεῷ
505 2530 609 2602 τὴν
651 2530 794 2585 κατὰ
838 2532 902 2585 τὸ
939 2531 1223 2587 Σάὂδατον
1260 2529 1480 2604 ἀργίαν,
1515 2530 1636 2600 ἦτοι
1671 2530 1765 2583 τὸν
1799 2526 1942 2581 κατὰ

336 2623 564 2693 πνεῦμα
619 2623 1032 2695 σαϐϐατισμδν,
1084 2623 1146 2679 ὃν
1200 2624 1250 2677 οί
1309 2620 1609 2694 κατορθοῦν
1668 2618 1944 2684 ἐθέλοντες

334 2714 664 2786 ἀμωμήτως
704 2716 808 2770 οὐκ
853 2714 1082 2788 ἀροῦσιν
1138 2715 1227 2767 ἐπ’
1262 2715 1409 2788 ἔργῳ
1448 2712 1541 2768 τὸν
1588 2712 1748 2776 πόδα,
1786 2728 1946 2765 τουτ-

336 2807 515 2870 έστιν,
542 2807 603 2859 οὐ
629 2804 909 2878 βαδίζουσι
938 2806 1283 2879 πρακτικῶς,
1314 2804 1623 2861 ἐπιτελοῦσι
1653 2804 1711 2858 δὲ
1739 2802 1943 2877 μᾶλλον

334 2899 441 2971 τὴν
477 2898 671 2969 εὐαγῆ,
697 2899 791 2953 καὶ⁹
819 2899 1143 2979 δνησιφόρον
1163 2899 1385 2970 ἀργίαν,
1429 2898 1530 2969 τὴν
1546 2897 1639 2950 ὲπί
1659 2914 1749 2967 γε,
1771 2896 1939 2968 φημὶ,

335 2992 453 3055 τοῖς
489 2989 813 3062 αἰσχίστοις,
844 2992 939 3044 καὶ
974 2990 1273 3062 βδελυροῖς,
1304 2990 1394 3046 διαὶ
1422 2988 1837 3062 ἀπηχθημένοις
1862 2986 1941 3059 τῷ

335 3079 462 3153 Θεῷ
495 3084 809 3153 πράγμασι.
872 3081 1134 3136 Βούλεται
1201 3082 1258 3135 δὲ
1297 3083 1425 3146 τοὺς
1477 3080 1756 3145 τοιούτους
1846 3080 1942 3134 καὶ

334 3175 513 3247 ὀργῆς
614 3176 709 3230 καὶ
799 3175 976 3247 θυμοῦ
1066 3174 1610 3247 κατευμεγεθοῦντας
1670 3172 1937 3246 ὁρᾶσθαι,

337 3269 437 3323 καὶ
513 3268 687 3341 θύραν
769 3268 996 3340 ἔχοντας
1064 3270 1158 3323 ἐπὶ
1242 3267 1460 3342 γλώττῃ
1545 3258 1640 3323 καὶ
1725 3266 1944 3340 μοχλόν.

2052 1976 2250 2034 collum
2287 1985 2463 2044 tuum,
2487 1986 2543 2033 et
2573 1974 2728 2033 frons
2756 1985 2848 2031 tua
2873 1989 3025 2059 aenea
3075 1975 3143 2033 “.
3187 1993 3207 2029 ι
3241 1973 3512 2032 Submissi
3542 1974 3645 2045 igi-

2056 2078 2144 2125 tur
2161 2078 2217 2126 et
2247 2068 2560 2127 tractabiles
2591 2077 2649 2126 et
2696 2082 2961 2141 sequaces
2999 2083 3183 2125 mores
3234 2076 3481 2125 tenerum
3536 2068 3646 2124 Deo

2051 2169 2315 2234 praestant
2337 2164 2394 2217 in
2426 2159 2668 2219 Sabhato
2698 2162 2893 2228 otium,
2919 2160 3003 2218 vel
3029 2159 3367 2232 spiritualem
3385 2160 3648 2218 sabbatis-

2052 2269 2238 2309 mum:
2273 2268 2435 2326 quem
2481 2254 2575 2325 qui
2608 2253 2796 2312 volunt
2833 2254 2956 2312 sine
3020 2254 3469 2327 reprehensionis
3519 2263 3645 2311 nota

2052 2345 2254 2412 colere,
2287 2361 2394 2402 non
2421 2344 2677 2402 levabunt
2697 2347 2766 2403 ad
2798 2361 2937 2418 opus
2965 2346 3186 2419 pedem,
3228 2348 3281 2405 id
3310 2360 3425 2416 est,
3453 2364 3560 2405 non
3580 2350 3646 2404 ad

2052 2450 2240 2492 rerum
2275 2447 2457 2493 actum
2483 2444 2739 2508 pergunt,
2767 2438 2862 2494 sed
2894 2438 3077 2508 potius
3119 2447 3369 2495 sanctum
3417 2449 3473 2495 et
3517 2441 3649 2497 utile

2045 2527 2325 2585 celebrant
2348 2529 2545 2596 otium,
2572 2544 2599 2584 a
2628 2530 2979 2601 turpissimis,
3003 2530 3248 2602 inquam,
3274 2540 3325 2589 et
3366 2533 3648 2589 detestari-

2045 2619 2130 2676 dis
2166 2634 2231 2677 ac
2257 2621 2368 2677 Deo
2403 2620 2599 2678 invisis
2631 2621 2887 2692 negotiis.
2913 2621 3021 2679 Eos
3042 2623 3157 2679 vult
3198 2623 3367 2680 etiam
3406 2624 3544 2679 iram
3582 2639 3648 2679 ac

2042 2709 2283 2768 furorem
2313 2712 2615 2780 vincere,et
2636 2711 2787 2770 fores
2811 2728 2876 2770 ac
2901 2715 3221 2787 repagulum
3249 2714 3448 2786 linguas
3480 2731 3652 2787 appo-

2047 2816 2197 2860 nere.
2217 2803 2385 2878 827
2409 2803 2524 2861 Non
2548 2805 2693 2861 enim
2732 2804 2975 2877 loqueris
3000 2806 3251 2873 verbum,
3268 2805 3469 2877 inquit,
3487 2805 3544 2861 in
3568 2806 3648 2861 ira

2050 2895 2119 2952 de
2145 2910 2244 2951 ore
2270 2907 2382 2954 tuo.
2422 2897 2539 2952 Duo
2569 2897 2735 2970 igitur
2758 2897 2887 2953 hinc
2911 2898 3457 2971 circumciditgravia
3482 2907 3538 2955 et
3568 2899 3652 2953 in-

2052 2984 2349 3042 festissima
2378 3005 2391 3041 :
2424 3001 2456 3041 a
2487 2988 2687 3059 quibus
2710 2986 2759 3043 si
2792 2988 2916 3058 qui‘s
2949 2988 3259 3055 recesserit,
3291 2990 3435 3060 apud
3478 2988 3649 3045 Deum

2048 3075 2323 3147 perfectus
2352 3078 2475 3134 erit.
2511 3079 2658 3134 Dixit
2694 3079 2842 3135 enim
2881 3079 3104 3149 quidam
3132 3094 3167 3136 e
3193 3081 3400 3137 sanctis
3430 3093 3652 3151 aposto-

2049 3170 2117 3226 lis
2142 3186 2157 3225 :
2202 3190 2220 3224 ι
2245 3169 2302 3225 Si
2327 3172 2450 3241 quis
2472 3171 2526 3226 in
2550 3186 2805 3228 sermone
2835 3186 2941 3227 non
2959 3169 3208 3237 offendit,
3256 3172 3347 3228 hic
3374 3172 3651 3243 perlectus

2054 3263 2138 3317 vir
2162 3271 2264 3329 est,
2287 3264 2381 3331 qui
2427 3263 2601 3332 possit
2630 3263 2793 3318 etiam
2836 3271 3006 3319 totum
3039 3277 3240 3333 corpus
3271 3263 3488 3319 frenare
3510 3263 3577 3318 “.
3624 3284 3655 3340 n‘

336 3362 420 3417 Οὐ
481 3360 592 3431 γὰρ
634 3359 894 3429 λαλήσεις
941 3359 1121 3428 Λόγον,
1172 3362 1360 3429 φησιν,
1443 3361 1504 3411 ὲν
1550 3359 1688 3430 ὀργῇ
1733 3358 1799 3411 ὲκ
1850 3354 1945 3411 τοῦ

2054 3355 2158 3424 Qui
2185 3365 2367 3412 autem
2399 3356 2536 3418 iram
2564 3365 2803 3424 coercet,
2830 3370 3049 3426 semper
3102 3355 3417 3411 moderatus
3463 3367 3549 3412 est
3594 3363 3652 3412 et

340 3453 615 3524 στόματός
646 3470 760 3507 σου.
797 3452 901 3505 Δύο
939 3451 1004 3523 δὴ
1035 3447 1129 3505 οῦν
1169 3448 1405 3504 ἐνταῦθα
1446 3451 1764 3521 περιτέμνει
1794 3448 1944 3503 δεινά

2049 3447 2408 3518 compositus,
2452 3448 2723 3519 siquidem
2752 3447 3097 3504 contrarium
3126 3461 3317 3503 verum
3354 3456 3438 3503 est
3467 3461 3483 3502 :
3514 3449 3652 3505 scri-

339 3546 435 3600 καὶ
462 3545 813 3616 παγχάλεπα,
846 3534 922 3597 ὧν
951 3541 1017 3596 ἄν
1042 3558 1127 3606 τις
1145 3540 1521 3612 ἀποφοιτήσας
1551 3539 1757 3603 τέλειος
1789 3538 1943 3593 ἔσται

2049 3552 2198 3614 ptum
2228 3552 2312 3598 est
2354 3540 2499 3596 enim
2526 3558 2541 3596 :
2573 3558 2592 3593 ι
2619 3539 2716 3597 V'ir
2736 3541 3034 3598 iracundus
3066 3541 3458 3598 immoderatus
3490 3548 3651 3598 estet

341 3638 499 3710 παρὰ
546 3637 684 3709 Θεῷ.
746 3638 893 3706 Ἔφη
922 3636 1033 3707 γάρ
1087 3652 1172 3699 τις
1222 3633 1332 3688 τῶν
1380 3634 1554 3703 ἁγίων
1601 3631 1942 3697 ἀποστόλων,

347 3752 367 3783 ι
407 3731 476 3785 Εἴ
493 3748 578 3795 τις
609 3732 667 3785 ὲν
693 3729 837 3801 λόγῳ
860 3730 920 3783 οὐ
947 3728 1152 3793 πταίει,
1178 3721 1334 3793 οὗτος
1367 3726 1575 3791 τέλειος
1615 3726 1756 3796 ἀνὴρ
1783 3725 1946 3780 δυνά-

346 3840 510 3896 μενος
537 3822 986 3895 χαλιναγωγῆσαι
1022 3821 1117 3875 καὶ
1138 3821 1259 3875 ὅλον
1284 3820 1344 3875 τὸ
1368 3818 1551 3892 σῶμα.
1582 3837 1602 3872 ι
1646 3818 1705 3873 '0
1724 3816 1781 3871 δὲ
1795 3815 1974 3889 κρείτ-

339 3928 453 3968 των
545 3916 738 3988 δργῆς,
775 3914 993 3979 πάντως
1019 3932 1120 3969 που
1154 3915 1250 3969 καὶ
1271 3914 1586 3987 εὐσχήμων,
1610 3913 1770 3986 εἴπερ
1796 3911 1946 3967 ἐστὶν

345 4008 551 4082 ἀληθὲς
584 4012 678 4065 καὶ
712 4008 774 4063 τὸ
821 4008 1080 4080 ἔμπαλιν·
1123 4008 1437 4079 γέγραπται
1478 4007 1588 4079 γὰρ
1622 4008 1705 4061 δτι
1740 4027 1757 4059 ι
1781 4007 1949 4080 ’Δνὴρ

345 4100 606 4174 θυμώδης
634 4101 739 4156 οὐκ
768 4100 1083 4171 εὐσχήμων.
1108 4117 1127 4150 ι
1166 4098 1384 4170 Πρὰους
1406 4094 1501 4152 οῦν
1529 4098 1637 4170 ἄρα
1665 4097 1762 4151 καὶ
1795 4097 1946 4150 πλεί-

348 4211 487 4266 στην
523 4194 657 4265 ὅσην
686 4191 912 4264 ἔχοντας
938 4190 1039 4263 τὴν
1068 4190 1273 4262 ἀρετὴν
1304 4185 1447 4243 εἷναι
1485 4188 1734 4259 βούλεται
1764 4189 1793 4242 ὁ
1818 4186 1950 4252 Θεὸς

345 4289 474 4353 τοὺς
522 4285 953 4351 σαϐδατίζοντας
996 4283 1224 4356 νοητῶς,
1254 4283 1349 4356 καὶ
1394 4282 1588 4352 ἀγίως,
1620 4282 1717 4336 καὶ
1744 4297 1952 4353 τρυφε-

349 4380 483 4455 ρῶς,
514 4380 611 4435 καὶ
639 4378 964 4435 πεποιθέναι
993 4376 1227 4443 κελεύει,
1260 4376 1361 4430 οὐκ
1379 4376 1476 4429 ἐπὶ
1506 4373 1722 4445 πλούτῳ
1752 4372 1953 4445 μᾶλλον

347 4474 382 4546 ἢ
428 4473 777 4537 δυναστείαις
814 4473 1130 4543 κοσμικαῖς,
1172 4470 1274 4524 οὐκ
1321 4470 1417 4523 ἐπὶ
1457 4467 1618 4543 ῥώμῃ
1659 4466 1951 4538 σωμάτων,

347 4568 453 4623 οὐκ
478 4568 567 4638 ἐφ’
596 4567 772 4640 ἑτέρῳ
791 4566 902 4621 τινὶ
929 4565 1039 4620 τῶν
1069 4563 1350 4632 τοιούτων,
1382 4562 1418 4618 ἃ
1443 4561 1603 4627 πόαις
1625 4563 1684 4616 ὲν
1712 4560 1812 4633 ίσῳ
1835 4561 1955 4624 ταῖς

349 4663 411 4716 εν
444 4662 639 4735 ἀγροῖς
684 4659 1001 4733 πρόσκαιρά
1044 4657 1106 4713 τό
1151 4659 1269 4712 έστι
1313 4657 1410 4711 καὶ
1468 4656 1810 4728 εὐμάραντα,
1860 4654 1956 4707 ἐπὶ

2046 3632 2436 3703 incompositus
2463 3631 2532 3686 ⁵⁷.
2556 3650 2578 3685 ι
2607 3633 2716 3689 Eos
2758 3632 2927 3704 igitur
2947 3632 3041 3705 qui
3071 3632 3417 3691 sabbatisant
3445 3634 3648 3691 intelli-

2046 3723 2307 3797 gihiliter,
2338 3731 2524 3781 sancte
2555 3733 2611 3779 et
2639 3724 2873 3782 delicate
2904 3739 3001 3781 seu
3026 3733 3236 3794 tenere,
3292 3725 3455 3783 mites
3530 3739 3654 3782 esse

2038 3823 2167 3879 .vult
2192 3822 2357 3890 Deus,
2388 3833 2446 3879 et
2477 3823 2728 3894 plurimis
2772 3823 3070 3880 virtutibus
3091 3821 3350 3895 praeditos
3381 3839 3395 3878 :
3423 3827 3478 3877 et
3517 3836 3645 3878 con-

2051 3913 2220 3972 lidere
2241 3915 2399 3986 jubet
2420 3933 2526 3973 non
2550 3917 2778 3983 divitiis,
2798 3927 2890 3974 aut
2913 3918 3100 3995 mundi
3128 3917 3392 3988 potentia,
3425 3931 3534 3972 non
3560 3930 3651 3971 ro-

2049 4006 2185 4064 bore
2222 4008 2490 4078 corporis,
2524 4008 2610 4063 vel
2646 4008 2808 4065 rebus
2837 4008 3126 4080 ejusmodi,
3151 4023 3272 4080 quae
3299 4008 3484 4065 herbis
3532 4009 3649 4080 agri

2050 4098 2260 4154 similes
2289 4110 2438 4165 sunt,
2478 4107 2535 4156 et
2559 4102 2904 4171 temporarias
2962 4116 3030 4158 ac
3077 4102 3370 4171 marcida;
3405 4104 3500 4159 sed
3548 4103 3651 4160 Do-

2051 4191 2202 4246 mino
2240 4191 2535 4272 inniti,qu_i
2555 4194 2735 4252 omnis
2758 4193 3170 4276 tranquillitatis
3200 4194 3430 4267 largitor
3457 4204 3542 4252 est
3585 4212 3651 4252 ac

2053 4283 2416 4354 dispensator.
2459 4286 2615 4355 Quod
2663 4296 2847 4345 autem
2895 4300 2994 4345 eos
3021 4288 3116 4358 qui
3144 4289 3218 4343 ita
3266 4290 3435 4343 vitam
3485 4287 3649 4342 insti-

2057 4383 2210 4431 tuere
2239 4376 2444 4445 solent,
2472 4379 2785 4449 quicunque
2816 4380 3032 4435 tandem
3053 4378 3184 4445 sint,
3211 4385 3652 4445 coronet,osten-

2054 4466 2157 4534 dit,
2180 4467 2412 4524 dicens:
2448 4487 2468 4522 ι
2506 4469 2715 4526 Evehet
2744 4481 2797 4527 te
2834 4472 2902 4527 ad
2930 4471 3074 4527 bona
3103 4478 3280 4539 terrae,
3334 4480 3390 4527 et
3448 4470 3654 4527 cibabit

2058 4568 2110 4618 te
2136 4562 2454 4620 haereditate
2475 4562 2645 4621 Jacob
2663 4564 2832 4636 patris
2865 4565 2963 4621 tui.
2996 4582 3016 4618 ι
3046 4564 3308 4622 Promisit
3353 4566 3499 4622 enim
3551 4563 3652 4621 Ju-

2059 4655 2300 4711 daaorum
2346 4656 2594 4727 patribus
2635 4657 3015 4715 universorum
3058 4658 3204 4715 Deus
3257 4667 3462 4716 terram
3520 4674 3652 4730 pro-

350 4752 561 4825 Κύριον
583 4751 642 4806 δὲ
667 4751 870 4824 μᾶλλον
908 4751 1001 4804 τὸν
1034 4748 1256 4820 ἁπάσης
1293 4746 1556 4820 εὐθυμίας
1585 4746 1680 4801 καὶ
1718 4743 1945 4819 χορηγὸν

2065 4745 2359 4829 missionis,
2387 4756 2443 4803 et
2469 4747 2522 4804 in
2544 4763 2663 4804 eam
2691 4750 2984 4808 introducti
2999 4761 3150 4821 sunt,
3192 4753 3332 4809 duce
3349 4752 3655 4827 Jesu,Moy-

350 4847 465 4901 καὶ
492 4845 780 4917 πρύτανιν.
851 4843 936 4899 Τὰ
1004 4842 1112 4898 τῶν
1154 4841 1299 4896 οὓτω
1358 4839 1460 4912 ζῇν
1520 4839 1811 4905 εἰωθότων,
1871 4839 1954 4893 ὅτι

348 4933 453 4992 οἷοί
500 4954 649 5003 τινες
703 4932 841 5003 εἷεν,
889 4937 1216 5010 ἀνθρώπους
1263 4935 1561 5006 στεφανοῖ,
1615 4932 1951 4989 διαδείκνυσι

349 5030 549 5099 λέγων,
587 5030 673 5085 ὃτι
718 5048 738 5081 ι
797 5029 1145 5084 Ἀναὸιὸάσει
1174 5045 1234 5083 σε
1264 5027 1360 5083 ἐπὶ
1383 5026 1455 5082 τὰ
1483 5023 1670 5095 ἀγαθὰ
1700 5024 1802 5096 τῆς
1828 5025 1954 5097 γῆς,

351 5122 449 5177 καὶ
479 5121 689 5193 ψωμιεϊ
717 5139 778 5176 σε
813 5123 909 5177 ἐπὶ
941 5124 1039 5196 τὴν
1067 5121 1433 5197 κληρονομίαν
1480 5117 1676 5175 Ἰακὼϐ
1715 5117 1811 5173 τοῦ
1847 5135 1956 5172 πα·-

349 5214 480 5287 τρός
508 5232 624 5270 σου.
648 5235 668 5269 ι
712 5215 1108 5286 Ἐπηγγείλατο
1137 5215 1235 5286 μὲν
1269 5214 1380 5288 γὰρ
1403 5216 1517 5280 τοῖς
1534 5211 1646 5268 τῶν
1682 5210 1951 5267 Ἰουδαίων

352 5305 627 5374 πατράσιν
657 5305 687 5360 ὁ
714 5304 823 5360 τῶν
857 5305 995 5370 ὅλων
1020 5304 1152 5366 Θεὸς
1181 5305 1282 5378 τὴν
1319 5305 1425 5377 γῆν
1462 5304 1560 5376 τῆς
1594 5301 1949 5373 ἐπαγγελίας,

353 5396 451 5450 καὶ
471 5395 538 5469 δὴ
590 5396 687 5451 καὶ
711 5396 1172 5469 είσεκομίσθησαν
1202 5398 1283 5461 είς
1311 5397 1484 5467 αὐτὴν
1514 5393 1953 5467 στρατηγοῦντος

367 5488 547 5560 Ἰησοῦ
585 5490 726 5561 μετά
772 5488 865 5543 τὸν
916 5488 1243 5563 ἱεροφάντην
1284 5488 1519 5544 Μωσέα.
1544 5482 1684 5543 Εἶτα
1706 5486 1826 5552 πῶς
1866 5485 1958 5542 διὰ

354 5580 468 5634 τῶν
524 5579 910 5653 προκειμένων
960 5581 1196 5654 στίχων,
1241 5581 1319 5647 ώς
1369 5579 1524 5636 οὐπω
1574 5579 1803 5635 λαϐοῦσι
1862 5578 1958 5634 τὸν

357 5672 562 5745 κλῆρον
608 5672 702 5728 τὸν
750 5673 1171 5745 ἐπαγγελθέντα
1221 5673 1303 5746 τῷ
1357 5675 1677 5749 πατριάρχῃ
1736 5673 1955 5742 Ἰακὼϐ,

435 5853 483 5888 ⁸⁸
521 5853 678 5912 Rom.
716 5871 815 5928 vn,
846 5857 935 5914 9.5.

1016 5856 1061 5891 ἰ’
1089 5857 1192 5918 lsa.
1231 5875 1422 5928 xsvm,
1454 5860 1509 5916 4.
1587 5860 1632 5894 ⁸⁸
1668 5858 1783 5917 Jac.
1826 5876 1907 5921 nt.
1938 5861 1992 5917 2.

2062 4840 2140 4898 sis
2177 4855 2460 4897 sacrorum
2502 4843 2771 4901 antistitis
2813 4859 3153 4903 successore.
3211 4844 3335 4903 Jam
3376 4861 3509 4902 vero
3557 4849 3654 4917 qui

2061 4932 2145 4999 lit,
2171 4933 2317 5003 quod
2337 4933 2487 4990 hisce
2511 4934 2757 4993 versibus
2777 4938 3061 5008 promittat
3108 4951 3170 4993 se
3217 4937 3326 4993 illis
3373 4937 3651 5004 daturum,

2060 5023 2288 5094 perinde
2305 5026 2464 5094 quasi
2496 5034 2701 5082 sortem
2738 5025 3066 5096 promissam
3088 5024 3294 5083 Jacobo
3324 5028 3655 5098 patriarcha:

2063 5111 2303 5169 nondum
2356 5114 2738 5186 accepissent?
2783 5114 3019 5173 Proinde
3074 5131 3181 5173 non
3231 5117 3299 5174 de
3337 5117 3657 5174 haereditate

2061 5206 2312 5263 sensibus
2338 5218 2610 5279 percepta,
2643 5208 2726 5265 vel
2763 5210 2959 5266 sortito
2982 5208 3089 5266 illis
3125 5225 3156 5266 a
3193 5208 3303 5268 Deo
3345 5210 3471 5266 data
3515 5220 3654 5266 tem-

2061 5298 2284 5369 poribus
2313 5299 2481 5355 divini
2507 5297 2716 5366 Jacobi,
2742 5300 2828 5356 vel
2854 5300 3153 5357 Abrahami
3184 5311 3240 5358 et
3259 5301 3430 5360 lsaaci
3450 5303 3654 5358 intelli—

2061 5406 2178 5462 ges,
2205 5391 2302 5449 setl
2332 5393 2400 5449 de
2430 5392 2521 5449 illa
2554 5395 2760 5465 potius,
2800 5409 2964 5464 quam
3022 5394 3142 5467 ipse
3186 5397 3343 5454 nobis
3392 5395 3655 5453 Servator

2060 5485 2333 5557 designat,
2362 5486 2551 5545 dicens
2584 5505 2597 5541 :
2645 5506 2665 5541 ι
2701 5487 2855 5545 Beati
2881 5490 3195 5560 mites,quia
3224 5490 3325 5563 ipsi
3361 5490 3656 5546 hmredita-

2059 5577 2194 5634 bunt
2224 5589 2424 5635 terram
2450 5580 2517 5635 ⁸⁸.
2551 5600 2571 5635 ι
2602 5581 2838 5639 Omnino
2879 5594 3061 5639 autem
3091 5583 3207 5639 haec
3230 5582 3298 5639 ad
3345 5582 3505 5637 ﬁnem
3556 5597 3654 5637 cx-

2060 5671 2227 5742 itura,
2248 5686 2370 5742 quae
2408 5673 2674 5744 promissa
2699 5683 2848 5743 sunt,
2882 5675 3094 5745 probat,
3136 5690 3262 5732 cum
3326 5672 3541 5747 inquit:
3577 5672 3652 5731 Os

2072 5858 2115 5892 "
2156 5858 2315 5915 Prov.
2349 5874 2501 5924 χχιχ,
2528 5858 2619 5913 2:2.
2700 5856 2746 5889 “
2777 5856 2965 5914 Matth.
3012 5874 3064 5925 v,
3098 5859 3151 5916 ι.
