4100 6464
511 305 650 360 1505
1498 316 1554 371 8.
1599 318 1873 374 CYRILLI
1912 322 2060 378 ALEI

2163 324 2384 381 NDRINI
2426 329 2747 387 ARCHlEl’.
3640 347 3777 402 13οί

502 419 643 468 enim
682 415 893 472 Domini
926 420 1162 476 locutum
1185 433 1267 477 est
1301 427 1431 478 bam.
1462 425 1606 482 Fieri
1654 447 1888 502 namque
1942 436 2060 490 haut

2187 438 2381 495 δώσειν
2427 443 2609 508 αὐτοῖς
2649 448 3043 516 ἐπαγγέλλεται
3077 469 3090 517 ;
3124 451 3332 519 Οὐκοῦν
3379 455 3440 508 ού
3500 459 3627 528 περὶ
3678 460 3776 531 τῆς

503 521 700 575 potest,
741 525 796 567 ut
825 516 989 570 divini
1028 532 1304 573 sermones
1330 523 1579 578 excidant
1614 545 1625 579 :
1661 525 1803 584 Deus
1823 532 1966 585 enim
1999 547 2055 588 es

2189 532 2473 605 αἱσῡητῆς,
2496 537 2614 607 ήτοι
2638 539 2738 611 τῆς
2757 516 3320 618 κατακληροδοθείσης
3344 549 3526 613 αὐτοῖς
3604 516 3776 622 ἐπαγ;

503 601 724 655 veritas.
2186 601 2348 693 yeMa'
2463 601 2540 698 τῶ
2572 601 2870 706 Θεῷνπρὸς
2901 601 3309 693 τὺνηθεσπέσιον
3361 601 3582 709 ’ἰακὼ6;
3608 601 3778 715 ήγούν

503 692 586 715 λ’,
634 694 875 715 “gub
915 713 958 715 μ
997 697 1076 715 κη.
1120 699 1157 715 η
1243 700 1254 715 .
1461 703 1472 715 .
1514 705 1526 715 .
1613 706 1626 715 .
1761 708 1800 715 μ
1892 710 1963 715 μ--
2117 712 2126 715 -

501 692 591 744 ἐπὶ
634 694 882 765 Ἀϐραάμ
905 713 964 750 τε
993 697 1085 751 καὶ
1120 699 1326 766 Ἰσαὰκ,
1355 703 1482 773 περὶ
1510 705 1725 778 ἐκείνης
1756 708 1813 762 δὲ
1839 710 2060 780 μᾶλλον,
2101 712 2166 784 ἢν
2196 692 2357 778 αὐτὸς
2380 692 2523 791 ήμῖν
2543 719 2569 771 ό
2815 692 3184 797 κατεσημαινε
3213 692 3776 805 hem-minimam};

2425 787 2433 791 .
2736 787 2769 794 -.
3006 787 3038 797 ..
3288 787 3298 798 .
3673 787 3685 805 .

499 787 548 837 οἱ
576 790 788 857 πραεῖς,
817 790 897 842 ὅτι
940 791 1094 845 αὐτοὶ
1127 792 1594 868 κληρονομήσουσι
1633 801 1732 874 τὴν
1775 807 1901 876 γῆν.
1962 825 1980 858 ι
2043 806 2164 860 Ὀτι
2207 809 2263 863 δὲ
2330 812 2504 885 πάντη
2560 833 2619 868 τε
2677 819 2771 870 καὶ
2833 822 3053 886 πάντως
3114 827 3193 889 είς
3238 827 3414 897 πέρας
3446 830 3772 900 ἐκδήσονται

503 878 564 900 _L
613 881 841 900 1_,_-,__,‘
911 884 922 900 ρ
1237 888 1262 900 ο
1405 891 1461 900 ι.
1670 897 1724 900 ῃ.
1837 899 1841 900 ,

497 878 564 930 τὰ
609 881 1014 953 ἐπηγγελμένα,
1071 888 1358 943 πιστοῦται
1405 891 1610 961 λέγων’
1667 897 1741 951 Τὸ
1786 899 1895 973 γὰρ
1946 901 2120 972 στόμα
2191 905 2396 978 Κυρίου
2449 878 2932 982 ὲλάλησε-ταῦτα·
2986 878 3268 990 ἀμήχανον
3312 878 3772 990 δέ’τοὺςιθείους

495 974 768 1058 διαπεσεῖν
803 975 994 1046 λόγους
1013 996 1026 1010 ο
1055 979 1189 1045 Θεὸς
1225 985 1335 1056 γάρ
1366 988 1513 1040 ἐστιν
1543 989 1789 1060 ἀλήθεια.

565 1090 694 1144 (λιιι).
730 1090 862 1146 LIX.
897 1091 1058 1150 Vens.
1089 1097 1202 1154 1-4.
1266 1099 1456 1156 Nonne
1496 1115 1662 1170 potest
1716 1123 1904 1163 manus
1956 1126 2074 1164 mea

493 1185 743 1238 servare?
798 1203 921 1239 num
957 1201 1245 1259 aggravata
1284 1205 1357 1248 est
1397 1198 1545 1251 auris
1571 1198 1703 1267 ejus,
1767 1219 1867 1270 quo
1905 1207 2076 1258 minus

493 1276 724 1330 audiat?
758 1276 860 1332 Sed
884 1294 1097 1349 peccata
1140 1295 1309 1340 vestra
1363 1289 1640 1344 dissidium
1679 1292 1877 1360 faciunt
1938 1295 2074 1350 inter

495 1382 580 1419 vos
608 1377 654 1420 et
683 1367 873 1424 Deum.
908 1370 1131 1442 Propter
1151 1389 1363 1446 peccata
1411 1391 1578 1435 uestra
1603 1385 1784 1437 avertit
1821 1384 2008 1454 faciem
2043 1404 2075 1440 a

495 1459 659 1524 vobis,
693 1478 756 1515 ne
780 1465 1108 1519 misereatur.
1146 1468 1341 1524 Manus
1391 1472 1528 1526 enim
1578 1485 1760 1530 uestra:
1785 1477 2075 1547 inquinata:

492 1561 614 1605 sunt
641 1557 917 1625 sanguine,
952 1569 999 1611 et
1027 1561 1178 1630 digiti
1202 1565 1357 1618 vestri
1380 1566 1432 1617 in
1463 1569 1706 1634 peccatis.
1761 1568 1926 1625 Labia
1957 1589 2073 1627 vero

492 1654 663 1699 vestra
694 1647 871 1703 locuta
917 1661 1036 1704 sunt
1062 1654 1412 1724 iniquitatem,
1432 1669 1477 1713 et
1497 1657 1674 1730 lingua
1693 1661 1862 1733 828
1905 1674 2074 1718 vestra

2261 1114 2358 1181 Μὴ
2422 1117 2535 1169 οὐκ
2595 1118 2791 1186 ἰσχύει
2842 1118 2880 1186 ἠ
2935 1119 3064 1188 χείρ
3116 1138 3233 1184 μου
3284 1123 3393 1176 τοῦ
3449 1121 3680 1188 σῶσαι;
3725 1125 3766 1193 ἣ

2179 1203 2431 1274 ἐϐάρυνε
2478 1206 2544 1260 τὸ
2596 1204 2706 1274 οὖς
2755 1210 2942 1264 αὑτοῦ
2980 1210 3085 1265 τοῦ
3116 1212 3204 1282 μὴ
3251 1213 3547 1275 ἀκοῦσαις
3588 1215 3767 1270 Ἀλλὰ

2182 1292 2254 1345 τὰ
2287 1295 2674 1364 ἁμαρτήματα
2704 1295 2870 1367 ὑμῶν
2897 1297 3207 1355 διιστῶσιν
3247 1301 3558 1369 ἀναμέσων
3595 1303 3764 1374 ὑμῶν

2174 1385 2270 1438 καί
2304 1387 2409 1440 τοῦ
2435 1388 2607 1455 Θεοῦ,
2630 1388 2728 1442 διὰ
2753 1388 2861 1456 τὰς
2890 1391 3178 1462 ἁμαρτίας
3216 1392 3385 1462 ὑμῶν
3414 1392 3760 1464 ἀπέστρεψε

2173 1477 2241 1528 τὸ
2278 1479 2604 1546 πρόσωπον
2637 1481 2824 1536 αὐτοῦ
2865 1482 2964 1552 ἀφ’
2994 1482 3182 1553 ὑμῶν,
3202 1484 3308 1538 τοῦ
3341 1483 3429 1554 μὴ
3481 1485 3754 1556 ἐλεῆσαι.

2173 1575 2243 1626 Αἱ
2275 1572 2383 1643 γὰρ
2414 1572 2608 1642 χεῷες
2638 1573 2807 1644 ὑμῶν
2837 1576 3286 1645 μεμολυσμέναι
3315 1578 3538 1647 αἵματι,
3566 1581 3663 1634 καί
3702 1587 3759 1638 οι

2171 1663 2461 1719 δάκτυλοι
2491 1663 2658 1733 ὑμῶν
2695 1665 2766 1719 ἐν
2795 1666 3122 1736 ἁμαρτίαις.
3158 1669 3235 1721 Τὰ
3273 1667 3341 1720 δὲ
3377 1669 3552 1737 χείλη
3593 1670 3762 1738 ὑμῶν

488 1740 774 1794 meditatur
808 1743 1144 1812 iujustitiam.
1195 1748 1362 1804 Nemo
1401 1751 1631 1823 loquitur
1684 1756 1856 1823 justa,
1907 1775 2060 1828 neque

2167 1757 2477 1826 ἐλάλησεν
2510 1759 2787 1828 ἀνομίαν,
2819 1759 2918 1813 καὶ
2949 1761 2988 1829 ’ἡ
3035 1759 3287 1830 γλῶσσα
3322 1761 3491 1830 ὑμῶν
3517 1762 3762 1818 ἀδικίαν

488 1841 562 1884 est
606 1833 864 1899 iudicium
896 1854 1089 1894 verum.
1116 1837 1317 1898 Fidum
1355 1844 1411 1897 in
1468 1847 1640 1911 vanis,
1696 1859 1742 1902 et
1781 1847 2068 1918 loquuntur

487 1941 692 1981 manta.

557 2125 722 2182 Paulo
747 2139 871 2186 ante
907 2131 999 2189 Dei
1031 2149 1261 2204 persona
1296 2138 1596 2197 introducta
1629 2155 1733 2210 est,
1754 2144 1942 2203 dicens
1985 2148 2068 2202 di-

485 2216 612 2272 vino
635 2221 912 2290 propheta:
939 2241 954 2279 :
984 2243 1002 2276 ι
1037 2226 1221 2281 Clama
1252 2244 1352 2299 pro
1373 2232 1604 2299 viribus,
1635 2251 1702 2290 ne
1724 2251 1938 2305 parcas,
1982 2239 2066 2293 in-

485 2317 601 2362 star
664 2310 805 2365 tubae
852 2313 1049 2370 extolle
1077 2331 1262 2372 vocem
1289 2329 1457 2388 tuam,
1497 2332 1551 2377 et
1579 2327 1836 2380 annuntia
1869 2329 2064 2398 populo

483 2416 607 2455 meo
648 2403 964 2473 iniquitates
1002 2423 1152 2475 suas,
1185 2421 1240 2466 et
1268 2413 1450 2469 domui
1478 2413 1648 2473 Jacob
1677 2430 1898 2487 peccata
1939 2437 2059 2478 sua.

483 2492 569 2548 ille
595 2494 662 2549 de
691 2496 777 2551 die
811 2497 863 2552 in
896 2499 1037 2555 diem
1070 2516 1341 2572 quaerunt,
1368 2516 1423 2562 et
1441 2511 1583 2564 seire
1609 2513 1722 2567 vias
1746 2527 1895 2568 meas
1922 2516 2062 2569 desi-

484 2587 694 2652 derant,
721 2591 870 2658 quasi
899 2593 1126 2663 populus
1150 2595 1418 2665 justitiam
1463 2599 1690 2671 faciens,
1722 2604 2058 2675 etjudicium

483 2679 575 2733 Dei
602 2681 812 2738 suinon
843 2683 1247 2757 derelinquens.
1311 2691 1592 2749 Postulant
1614 2711 1748 2753 ame
1795 2715 1936 2755 nunc
1974 2701 2063 2768 ju-

481 2771 923 2842 diciumjustum,
957 2787 1012 2832 et
1068 2783 1501 2852 appropinquare
1552 2785 1660 2842 Deo
1717 2789 2055 2855 desiderant,

481 2860 724 2918 dicentes
757 2881 772 2921 :
801 2865 938 2931 Quid
977 2871 1117 2937 quod
1137 2869 1526 2942 jejunavimus,
1582 2889 1637 2931 et
1689 2894 1794 2934 non
1847 2881 2062 2937 vidisti?

481 2955 890 3015 lmmiliavimus
927 2963 1138 3018 animas
1159 2975 1392 3034 nostras,
1419 2977 1473 3021 et
1501 2985 1607 3024 non
1637 2973 1976 3041 cognovisti?
2003 2974 2059 3029 In

481 3048 673 3104 diebus
701 3051 842 3104 enim
867 3051 1193 3121 jejuniorum
1228 3067 1528 3114 vestrorum
1569 3062 1822 3119 invenitis
1871 3065 2058 3122 volun-

483 3151 622 3195 tates
647 3153 855 3199 veslras
884 3153 938 3200 et
975 3162 1164 3202 omnes
1197 3149 1470 3218 subjectos
1500 3153 1653 3209 vobis
1675 3154 1907 3226 allligitis
1940 3176 1954 3212 :
1994 3159 2061 3214 ad

474 3227 676 3297 judicia
705 3239 757 3286 et
778 3230 1238 3306 jurgiajejunatis
1260 3279 1276 3306 ,
1308 3249 1361 3293 et
1390 3243 1691 3298 verberatis
1730 3250 1926 3318 pugnis
1964 3251 2062 3304 hu-

483 3321 686 3378 milem.
721 3323 900 3391 Quare
947 3329 1076 3383 mihi
1125 3329 1425 3401 jejunatis?
1462 3331 1583 3390 Non
1631 3337 1732 3394 hoc
1797 3340 2059 3410 jejunium

479 3413 638 3484 elegi,
663 3414 795 3472 dicit
833 3417 1096 3477 Dominus
1128 3425 1194 3479 ".
1236 3444 1254 3477 ι
1289 3426 1535 3486 Diximus
1561 3441 1762 3502 autem,
1790 3451 1911 3490 cum
1936 3452 2061 3492 sen-

480 3523 599 3560 sum
627 3511 944 3580 prophetiae,
975 3524 1031 3568 ut
1057 3517 1352 3588 potuimus,
1385 3521 1726 3594 interpretati
1754 3543 2061 3597 sumus,eos

483 3601 749 3656 restitisse
780 3603 884 3670 his,
913 3619 1031 3675 quae
1058 3609 1444 3677 sapientissimi
1474 3614 1672 3689 Moysis
1702 3621 1910 3690 prodita
1934 3635 2062 3679 sunt

478 3694 740 3761 oraculis,
766 3706 820 3752 et
846 3699 970 3752 vita:
995 3701 1318 3767 probitatem
1344 3706 1491 3762 nullo
1532 3709 1588 3764 in
1615 3710 1733 3768 loco
1773 3728 1838 3769 ac
1885 3721 2061 3785 pretio

481 3785 756 3852 habuisse,
789 3790 882 3843 sed
919 3801 1177 3846 consueta
1212 3793 1506 3866 factitasse,
1539 3816 1603 3856 ac
1639 3803 1750 3858 Deo
1801 3807 2058 3864 infestam

479 3886 533 3930 et
561 3893 782 3947 pravam
812 3883 1022 3938 vivendi
1047 3885 1307 3942 rationem
1337 3902 1552 3948 secutos
1571 3893 1756 3952 fuisse.
1781 3897 1835 3953 Si
1862 3900 2058 3957 bellum

481 3971 803 4042 quandoque
823 3976 1201 4035 denuntiatum
1230 3992 1399 4051 esset,
1452 3986 1519 4041 de
1580 3987 1688 4044 cibi
1731 3991 2058 4050 absdnentia

481 4063 875 4132 consultabant,
915 4070 1016 4124 rati
1045 4086 1105 4127 se
1158 4073 1262 4130 hoc
1287 4078 1433 4132 nudo
1467 4087 1521 4132 et
1555 4080 1671 4137 solo
1725 4081 1930 4152 jejunio
1962 4102 2057 4143 seu

478 4155 804 4213 abstinentia
879 4165 1174 4234 propitium
1259 4170 1360 4225 sibi
1436 4172 1673 4241 judicem
1728 4178 2054 4238 reddituros.

483 4252 682 4308 Deinde
723 4269 817 4324 spe
860 4256 1131 4327 frustrati,
1163 4261 1650 4324 obmurmurabant
1675 4279 1730 4326 et
1762 4271 2054 4331 dicebant:

478 4346 616 4412 Quid
638 4346 1036 4419 jejunavimus,
1115 4365 1170 4410 et
1219 4372 1327 4412 non
1377 4359 1600 4417 vidisti?
1655 4363 2057 4424 humiliavimus

2167 1847 2425 1917 μελετᾷο
2455 1847 2654 1912 οὐδεὶς
2698 1847 2880 1902 λαλεῖ
2907 1848 3137 1912 δίκαια,
3184 1849 3328 1904 οὐδὲ
3372 1850 3504 1905 ἐστι
3558 1853 3760 1921 κρίσις

2171 1939 2450 2008 ἀληθινή.
2482 1939 2850 1995 Πεποίθασιν
2887 1940 2986 1994 ἐπὶ
3023 1941 3321 2010 ματαίοις.
3354 1943 3451 1996 καὶ
3491 1942 3756 1998 λαλοῦσι

2171 2029 2338 2084 κενά.

2252 2145 2338 2199 Ἐν
2367 2147 2478 2208 τοῖς
2509 2145 2700 2198 ἀνόπιν
2734 2143 2908 2216 βραχὺ
2940 2146 3002 2197 τὸ
3033 2144 3126 2198 τοῦ
3157 2144 3292 2198 Θεοῦ
3324 2143 3614 2215 πρόσωπον
3639 2149 3754 2199 eis-

2167 2237 2453 2309 εκομίσοη,
2482 2237 2638 2305 λέγον
2671 2236 2746 2306 τῷ
2773 2235 3043 2307 θεσπεσίῳ
3071 2238 3347 2307 προφήτῃ·
3378 2253 3395 2285 ι
3420 2234 3751 2305 Ἀναδὸησον

2166 2334 2224 2384 ὲν
2264 2330 2431 2402 ίσχύῖ,
2462 2331 2557 2385 καὶ
2609 2330 2684 2402 μὴ
2738 2330 2933 2401 φείσῃ,
2977 2328 3052 2392 ὡς
3084 2329 3362 2397 σάλπιγγα
3411 2327 3625 2398 ὕψωσαν
3653 2327 3755 2397 τὴν

2167 2425 2348 2494 φωνήν
2388 2439 2502 2485 σου,
2530 2423 2624 2475 καὶ
2664 2422 2985 2489 ὰνάγγειλον
3017 2419 3092 2491 τῷ
3119 2420 3231 2491 λαῷ
3264 2438 3366 2490 μου
3393 2419 3492 2482 τὰς
3523 2419 3755 2488 ἀνομίας

2166 2515 2367 2582 αὐτῶν,
2407 2515 2504 2569 καὶ
2547 2513 2623 2585 τῷ
2660 2515 2794 2584 οἴκῳ
2829 2513 3046 2584 Ἰσραὴλ
3091 2513 3189 2576 τὰς
3230 2511 3504 2582 ἁμαρτίας
3549 2509 3750 2562 αὐτῶν.

2177 2609 2306 2678 Ἐμὲ
2339 2607 2553 2679 ἡμέραν
2586 2606 2645 2673 ἐξ
2690 2607 2908 2677 ἡμέρας
2953 2604 3208 2676 ζητοῦσι,
3256 2603 3351 2657 καὶ
3397 2601 3596 2670 γνῶναί
3650 2617 3755 2670 μου

2161 2702 2261 2765 τὰς
2289 2701 2440 2765 ὁδοὺς
2470 2699 2850 2771 ἐπιθυμοῦσιν,
2878 2698 2954 2762 ὼς
2986 2697 3113 2760 λαὸς
3141 2694 3486 2764 δικαιοσύνην
3520 2710 3757 2763 πεποιη-

2163 2794 2296 2858 κὼς,
2328 2794 2423 2848 καὶ
2453 2794 2633 2866 κρίσιν
2667 2791 2802 2845 Θεοῦ
2833 2790 2999 2844 αὑτοῦ
3035 2790 3108 2862 μὴ
3135 2786 3625 2859 ἐγκαταλελοιπὼς.
3654 2786 3757 2840 Δί-

2161 2886 2314 2940 τοῦσί
2350 2902 2417 2957 με
2447 2885 2541 2938 νῦν
2574 2885 2754 2957 κρίσιν
2795 2882 3031 2949 δικαίαν,
3063 2883 3157 2935 καὶ
3196 2880 3436 2950 ἐγγίζειν
3634 2879 3756 2984 ἑπι-

2163 2978 2416 3050 Ουμοῦσι,
2451 2977 2719 3046 λέγοντες,
2748 2975 2813 3029 Τί
2837 2977 2918 3030 ὅτι
2951 2974 3376 3046 ὲνηστεύσαμεν,
3417 2973 3510 3026 καὶ
3535 2971 3636 3024 οὐκ
3675 2971 3754 3022 εἷ-

2162 3072 2282 3137 δες;
2313 3069 2759 3140 ὲταπεινώσαμεν
2783 3067 2882 3132 τὰς
2906 3066 3086 3138 ψυχὰς
3108 3067 3137 3119 ὑ
3147 3053 3282 3137 μῶν,
3309 3065 3404 3118 καὶ
3423 3065 3523 3117 οὐκ
3546 3062 3751 3132 εγνως;

2177 3166 2265 3218 Ἐν
2303 3165 2411 3236 γὰρ
2437 3166 2559 3228 ταῖς
2591 3163 2826 3233 ἡμέραις
2862 3160 2972 3214 τῶν
3000 3157 3261 3230 νηστειῶν
3285 3156 3440 3229 ὑμῶν
3464 3155 3749 3226 εὑρίσκετε

2163 3255 2232 3308 τὰ
2276 3255 2556 3325 θελήματα
2595 3251 2768 3324 ὑμῶν,
2819 3251 2914 3304 καὶ
2963 3249 3175 3312 πάντας
3226 3247 3354 3309 τοὺς
3403 3242 3750 3314 ὑποχειρίους

2164 3347 2518 3412 ύπονύσσετε,
2565 3346 2644 3408 είς
2671 3343 2850 3415 κρίσιν
2895 3342 2991 3396 καὶ
3041 3342 3220 3412 μάχας
3278 3335 3638 3409 νηστεύσετε’
3683 3333 3750 3386 οὐ

2162 3443 2365 3512 ταύτην
2415 3439 2512 3511 τὴν
2557 3437 2810 3510 νηστείαν
2864 3432 3216 3535 ἐξελεξάμην,
3256 3431 3418 3535 λέγει
3473 3426 3746 3535 Κύριος.)

2175 3531 2465 3601 Ἐλέγομεν
2511 3529 2570 3583 δὲ
2616 3528 2714 3600 τὴν
2753 3527 2855 3598 τῆς
2895 3523 3230 3596 προφητείας
3250 3521 3499 3621 δύναμιν,
3641 3515 3748 3582 ἔνι,

2161 3622 2625 3696 διερμηνεύοντες,
2655 3623 2737 3676 ὅτι
2761 3623 2874 3684 τοῖς
2901 3617 3346 3690 τεθεσπισμένοις
3369 3613 3458 3668 διὰ
3489 3613 3582 3666 τοῦ
3612 3627 3751 3664 παν-

2164 3718 2330 3786 σόφου
2365 3717 2613 3780 Μωσέως
2657 3713 3138 3783 ἀντανιστάμενοι,
3183 3711 3278 3764 καὶ
3315 3708 3498 3776 ὀλίγου
3545 3720 3752 3758 παντε-

2160 3810 2266 3873 λῶς
2315 3807 2590 3874 ἀξιοῦντες
2634 3807 2794 3877 λόγου
2840 3806 2903 3859 τὸ
2934 3806 3123 3876 διαζῆν
3152 3801 3349 3876 ὀρθῶς,
3384 3800 3552 3870 ἔδρων
3591 3797 3648 3850 δὲ
3681 3796 3753 3850 τὰ

2163 3901 2389 3974 συνήθη,
2427 3901 2691 3971 στυγητδν
2717 3898 2796 3969 τῷ
2824 3896 2944 3966 Θεῷ
2979 3899 3073 3950 καὶ
3105 3893 3562 3965 φιλαμαρτήμονα
3597 3888 3752 3940 πολι-

2157 3995 2309 4059 τείας
2348 3993 2550 4065 τρόπον
2588 3990 3026 4061 ὲπιτηδεύοντες,
3072 3983 3191 4040 εἶτα
3237 3984 3475 4054 πολέμου
3511 3995 3751 4050 περιαγ-

2159 4085 2441 4156 γελθέντος
2489 4083 2601 4138 ἐσθ’
2640 4085 2729 4138 ὅτε
2767 4084 2828 4136 τὸ
2874 4083 3082 4136 ἁσιτεῖν
3132 4077 3460 4132 ἐσκέπτοντο
3501 4071 3590 4128 διὰ
3649 4089 3751 4140 γυ-

2162 4177 2299 4248 μνῆς
2347 4176 2441 4230 καὶ
2488 4175 2655 4246 μόνης
2704 4173 2990 4245 νηστείας,
3038 4172 3206 4242 ἤγουν
3255 4167 3534 4230 ἀσιτείας,
3585 4163 3750 4216 ἵλεων

2159 4268 2524 4339 καταστήσειν
2569 4267 2656 4336 ἐφ’
2698 4267 2913 4330 ἑαυτοῖς
2949 4264 3189 4336 οἰόμενοι
3215 4261 3308 4315 τὸν
3362 4259 3574 4331 κριτήν.
3609 4251 3748 4310 Εἶτα

2156 4359 2505 4430 διεγόγγυζον
2547 4363 2656 4430 τῆς
2692 4358 2908 4422 ἐλπίδος
2956 4354 3372 4428 ἡμαρτηκότες,
3419 4350 3515 4405 καὶ
3543 4348 3609 4418 δὴ
3650 4349 3751 4400 καὶ

476 4440 686 4495 animas
717 4451 955 4510 nostras,
997 4455 1050 4500 et
1072 4461 1179 4501 non
1201 4453 1534 4521 cognovisti?
1561 4453 1696 4512 Vide
1742 4472 1894 4528 ergo,
1931 4459 2053 4515 vide

2163 4452 2414 4523 ἔφασκον·
2447 4451 2512 4504 Τί
2549 4451 2630 4504 ὅτι
2662 4449 3090 4522 ἐνηστεύσαμεν,
3136 4446 3230 4499 καὶ
3279 4443 3380 4498 οὐκ
3409 4437 3581 4506 εἷδες;
3619 4440 3750 4491 ἐταο

477 4533 717 4594 divinum
732 4537 1072 4606 prophetam,
1108 4541 1252 4598 velut
1284 4559 1350 4600 ex
1398 4549 1636 4603 maximo
1669 4549 1888 4618 pietatis
1925 4557 2041 4608 stu-

478 4625 884 4697 dio,increpare
916 4644 1011 4687 eos
1041 4647 1106 4688 ac
1130 4634 1351 4692 dicere:
1404 4638 1594 4695 Nonne
1641 4652 1822 4710 potest
1861 4659 2055 4699 manus

477 4717 688 4773 Domini
723 4722 975 4778 servare?
1029 4739 1156 4780 num
1185 4739 1471 4798 aggravata
1497 4742 1580 4785 est
1611 4733 1756 4786 auris
1783 4733 1920 4802 ejus,
1949 4750 2058 4804 quo

480 4812 656 4868 minus
697 4814 911 4868 audiat?
961 4815 1078 4872 Non
1115 4819 1282 4886 enim,
1320 4821 1515 4890 inquit,
1549 4823 1892 4892 omnipotens
1947 4823 2055 4880 Do-

477 4905 608 4959 mini
633 4904 853 4961 dextera
907 4907 1183 4966 debilitata
1236 4921 1343 4978 est,
1392 4928 1567 4984 neque
1608 4924 1858 4984 gravatas
1894 4932 2055 4973 aures

479 4996 640 5051 habet
669 4999 749 5054 vel
770 5015 1010 5067 aversas,
1028 5012 1087 5058 ut
1116 5019 1223 5058 non
1247 5005 1465 5073 audiat;
1504 5007 1598 5062 sed
1621 5017 1841 5076 peccata
1871 5021 2050 5067 vestra

479 5088 856 5147 divelluntvos
893 5094 959 5147 ab
981 5095 1117 5163 ipso.
1150 5095 1205 5149 Si
1233 5098 1356 5164 quis
1383 5099 1564 5165 itaque
1613 5100 1893 5155 dissidium
1961 5118 2051 5158 re-

479 5190 710 5245 moveat,
743 5191 796 5235 et
850 5181 901 5235 id
953 5183 1103 5237 tollat
1156 5186 1299 5252 quod
1353 5201 1382 5238 a
1437 5186 1528 5242 Dei
1556 5189 1866 5260 cOgnitione
1892 5195 2050 5261 quasi

2150 4543 2498 4615 πεινώσὰμεν
2523 4543 2621 4605 τὰς
2642 4543 2822 4613 ψυχὰς
2853 4540 3027 4613 ήμῶν,
3053 4541 3149 4593 καὶ
3177 4539 3278 4592 οὐκ
3305 4536 3514 4605 ἔγνως;
3550 4531 3744 4603 Ἀθρει

2156 4637 2222 4709 δὴ
2251 4633 2364 4698 οὖν,
2390 4636 2546 4706 ἀθρει
2576 4635 2666 4688 τὸν
2695 4633 2977 4688 θεσπέσιον
3011 4631 3316 4732 προφήτην,
3450 4628 3516 4680 ὲκ
3545 4623 3751 4732 πολλῇς

2159 4730 2299 4798 ἄγαν
2321 4729 2596 4798 φιλοοεΐας
2625 4726 2960 4798 ἐπιτιμῶντα
2987 4725 3190 4788 αὐτοῖς,
3231 4723 3326 4776 καὶ
3350 4721 3599 4789 λέγοντα,
3647 4717 3747 4787 Μὴ

2158 4824 2256 4876 οὐκ
2288 4823 2458 4894 ἰσχύει
2489 4825 2523 4893 ή
2567 4822 2689 4893 χεὶρ
2722 4821 2930 4892 Κυρίου
2975 4818 3070 4872 τοῦ
3113 4819 3304 4882 σῶσαι,
3336 4817 3369 4888 ἢ
3411 4814 3642 4885 ἐϐάρυνε
3682 4810 3748 4862 τὸ

2157 4911 2250 4979 οῦς
2276 4915 2438 4970 αὐτοῦ
2466 4913 2560 4968 τοῦ
2581 4915 2657 4985 μὴ
2683 4913 3016 4979 ὲπακοῦσαι;
3035 4912 3108 4966 Οὐ
3146 4911 3255 4982 γὰρ
3274 4909 3526 4979 ὴτόνησε,
3554 4903 3746 4974 φησὶν,

2155 5010 2190 5077 ἡ
2222 5005 2526 5077 πανσθενὴς
2549 5005 2644 5058 τοῦ
2674 5005 2882 5074 Κυρίου
2909 5004 3076 5069 δεξιὰ,
3117 5001 3229 5056 ἀλλ’
3261 4999 3465 5098 οὐδὲτὸ
3505 4994 3600 5098 οὖς
3645 4995 3750 5098 βα·-

2163 5097 2353 5168 ρυνθὲν
2391 5096 2505 5166 ἔχει
2553 5097 2647 5151 καὶ
2676 5096 3158 5168 ἀπεστραμμένον,
3184 5093 3326 5146 ὥστε
3364 5093 3439 5163 μὴ
3485 5091 3742 5142 εἰσακοῦ-

2161 5207 2268 5244 σαι.
2313 5189 2394 5243 Τὰ
2432 5190 2488 5242 δὲ
2525 5190 2902 5260 ἁμαρτήματα
2944 5188 3099 5259 ὑμῶν
3146 5185 3420 5240 διιστῶσιν
3467 5181 3748 5252 ἀναμέσον

480 5289 634 5329 muro
690 5275 1013 5345 interposito
1067 5279 1281 5344 dividit,
1344 5283 1396 5336 id
1452 5293 1555 5350 est,
1595 5295 1910 5355 peccatum;
1946 5303 2049 5345 non

2163 5281 2306 5353 3p.th
2341 5281 2432 5334 καὶ
2484 5281 2669 5335 αὑτοῦ.
2711 5280 2919 5336 Οὐκοῦν
2948 5282 3001 5334 εἴ
3038 5299 3120 5344 τις
3147 5280 3400 5350 ἀφέλοιτο
3426 5277 3525 5349 τὴν
3549 5278 3746 5345 διαφο-

481 5366 664 5432 procul
705 5377 788 5420 est
823 5368 914 5435 qui
975 5381 1177 5436 servat,
1236 5375 1330 5427 sed
1354 5388 1540 5442 preces
1568 5391 1782 5444 semper
1805 5379 2050 5449 accipiet.

481 5456 620 5511 Inest
646 5459 790 5514 enim
821 5459 917 5524 illi,
953 5471 1088 5515 utet
1125 5464 1302 5517 omnia
1333 5467 1519 5535 possit,
1572 5477 1626 5523 et
1683 5479 1742 5523 ut
1794 5471 2054 5528 bonorum

479 5563 661 5603 amore
710 5551 1426 5621 precationeslaborantium
1474 5569 1526 5614 et
1589 5557 1907 5616 afﬂictorum
1962 5566 2057 5620 ad-

557 5740 596 5766 “
628 5767 729 5822 isa.
764 5787 914 5841 Lwn,
959 5775 975 5828 l
1013 5792 1163 5845 seqq.

2153 5375 2272 5446 ρὰν,
2319 5374 2413 5426 καὶ
2459 5375 2765 5447 ἀποστήσαι
2808 5375 2868 5428 τὸ
2909 5374 3230 5445 διατειχίζον
3276 5377 3377 5444 τῆς
3422 5372 3558 5444 πρὸς
3607 5370 3748 5422 Θεὸν

2151 5465 2425 5536 γνώσεως,
2465 5467 2732 5534 τουτέστι,
2793 5468 2893 5539 τὴν
2951 5467 3247 5539 ἁμαρτίαν,
3307 5467 3367 5518 οὐ
3433 5462 3650 5536 μακρὰν
3712 5465 3746 5514 ὁ

2157 5559 2345 5628 σώζων
2381 5563 2546 5628 ἐστὶν,
2579 5561 2713 5615 ἀλλὰ
2763 5561 2968 5628 δέξεται
3016 5562 3234 5626 πάντως
3284 5559 3384 5622 τὰς
3438 5554 3742 5625 ἱκετηρίας.
