4100 6462
315 393 453 451 1505

1421 379 1488 434 ΙΝ
1529 376 1768 432 lSAlAM
1808 375 1940 432 LIB.
1984 375 2052 432 V.
2095 371 2332 430 TOMUS
2370 371 2458 429 IV.

3467 368 3609 428 l506

308 515 534 569 Ἐνεστι
553 511 661 583 γὰρ
690 509 840 581 αὐτῷ
862 510 955 564 καὶ
969 508 1031 563 τὸ
1056 507 1380 572 πανσθενές,
1397 507 1490 561 καὶ
1505 505 1567 559 τὸ
1588 503 1911 577 προσίεσθαι

2027 502 2218 558 mittat.
2236 502 2368 570 Quae
2399 501 2562 573 igitur
2590 506 2812 570 peccata
2841 498 2986 554 inter
3045 499 3214 556 Deum
3249 511 3306 555 et
3336 500 3608 559 lsraehtas

261 631 266 635 ί
305 606 632 678 φιλαγάθως
675 604 774 668 τὰς
822 603 974 674 παρά
1014 601 1123 656 τῶν
1173 603 1490 672 καμνόντων
1538 600 1712 664 λιτάς.
1755 600 1912 653 Ποῖαι

303 701 493 754 τοίνυν
537 697 811 769 ἁμαρτίαι
850 695 1126 749 διιστῶσιν
1175 693 1450 766 ἀναμέσον
1487 693 1581 747 τοῦ
1613 693 1771 756 Θεοῦ,
1818 691 1915 746 καὶ

303 793 420 847 τῶν
461 793 522 858 ἐξ
568 792 803 862 αἵματος
837 788 1055 861 Ἰσραὴλ
1103 789 1379 860 ἐπιφέρει,
1413 787 1622 856 λέγων·
1658 806 1676 839 ι
1716 789 1782 840 At
1804 786 1915 858 γὰρ

305 889 500 959 χεῖρες
537 885 693 956 ὑμῶν
739 882 1157 955 μεμολυσμέναι
1197 882 1410 953 αἵματι,
1440 881 1538 934 καὶ
1565 882 1619 935 οἱ
1659 880 1916 936 δάκτυλοι

308 979 470 1049 ὑμῶν
509 979 569 1031 ἐν
607 974 926 1047 ἁμαρτίαις.
955 973 1038 1027 Τά
1072 973 1130 1027 δὲ
1163 973 1314 1044 χείλη
1345 972 1615 1044 ἐλάλησαν
1657 972 1912 1043 ἀνομίαν,

307 1073 410 1125 καὶ
454 1072 488 1141 ἡ
537 1069 761 1138 γλῶσσα
795 1067 948 1139 ὑμῶν
971 1066 1188 1120 ἀδικίαν
1226 1065 1448 1138 μελετᾷ.
1484 1084 1504 1118 ι
1547 1065 1915 1119 Ἀπεκτόνασι

312 1163 418 1233 μὲν
453 1162 565 1232 γὰρ
594 1159 880 1230 πρόφητας
909 1159 1100 1227 ἁγίους
1131 1158 1258 1221 τοὺς
1286 1157 1737 1228 ἀπεσταλμένους
1765 1157 1918 1229 παρὰ

306 1253 473 1319 Θεοῦ,
518 1251 897 1322 κατελάλησαν
935 1251 998 1324 δὴ
1045 1251 1142 1305 καὶ
1181 1250 1367 1305 αὑτοῦ.
1397 1252 1543 1323 Ἔφη
1583 1250 1714 1321 γοῦν
1752 1252 1916 1322 Ἱερε-

313 1349 470 1421 μίας,
519 1347 581 1402 Ἦ
629 1345 784 1417 ἰσχύς
836 1363 938 1417 μου
974 1342 1221 1410 ἐξέλιπεν
1270 1345 1336 1399 ἐκ
1364 1345 1474 1399 τῶν
1507 1345 1917 1417 καταρωμένων

314 1459 385 1513 με
409 1458 423 1470 ο
462 1439 662 1510 παρεὶς
700 1439 760 1492 δὲ
791 1437 859 1492 τά
891 1437 1070 1491 τοιάδε
1098 1436 1194 1490 νῦν
1233 1437 1332 1506 τὴν
1363 1436 1504 1491 κατὰ
1532 1437 1773 1509 Χριστοῦ
1799 1438 1921 1491 δυσ-

312 1534 536 1587 σέϐειαν
583 1530 839 1600 ἐγκαλεῖν
878 1528 1054 1592 ἔοικε,
1103 1527 1204 1591 τὰς
1249 1530 1440 1599 χεῖρας
1491 1527 1674 1583 αὐτῶν
1720 1528 1918 1598 αἵματι

313 1624 658 1699 μεμολύνθαι
689 1624 885 1693 λέγων.
918 1620 1182 1691 Γεγόνασι
1221 1621 1280 1674 δὲ
1314 1621 1675 1693 κυριοκτόνοι,
1721 1621 1919 1693 ἐλάλη-

312 1737 418 1772 σαν
447 1719 516 1772 δὲ.
551 1717 650 1772 καὶ
685 1715 754 1770 τὰ
795 1714 948 1786 χείλη
993 1714 1173 1768 αὐτῶν
1203 1714 1456 1785 ἀνομίαν,
1498 1714 1593 1767 καὶ
1629 1715 1663 1784 ἠ
1699 1714 1922 1784 γλῶσσα

311 1809 498 1866 αὐτῶν
537 1808 756 1864 ἀδικίαν
799 1806 1133 1878 ἐμελέτησε·
1163 1806 1224 1860 οὐ
1262 1805 1372 1878 γὰρ
1409 1805 1780 1861 διαλελοίπασι
1813 1825 1920 1878 μα-

2015 595 2305 652 dissidium
2373 593 2598 660 faciant,
2638 593 2822 661 infert,
2871 593 3102 650 dicens:
3149 614 3169 647 ι
3228 594 3419 652 Manus
3462 597 3606 653 enim

2016 689 2532 760 vestraeinquinatte
2551 697 2681 745 sunt
2729 689 3018 760 sanguine,
3055 697 3108 746 et
3150 689 3303 760 digiti
3353 691 3518 746 vestri
3553 697 3608 748 in

2016 783 2274 855 peccatis.
2306 781 2474 838 Labia
2507 782 2683 838 locuta
2705 781 3399 854 8293untiniquitatem,
3425 783 3609 856 lingua

2017 885 2202 933 vestra
2241 875 2564 947 iniustitiam
2613 876 2872 932 meditata
2935 884 3040 933 est.
3090 896 3110 931 ι
3146 874 3281 931 Nam
3321 877 3612 933 interfece-

2018 981 2146 1029 runt
2175 973 2467 1042 prophetas
2488 977 2708 1028 sanctos
2738 985 2771 1026 a
2805 971 2918 1026 Deo
2971 972 3190 1040 missos,
3251 979 3307 1027 et
3359 971 3438 1026 illi
3462 971 3609 1027 oblo-

2019 1068 2132 1124 cuti
2161 1067 2458 1124 sunt.Dixit
2481 1067 2649 1138 igitur
2678 1064 2943 1122 Jeremias
2967 1083 2982 1120 :
3007 1065 3291 1123 Fortitudo
3305 1081 3422 1123 mea
3445 1067 3612 1121 dere-

2019 1161 2174 1231 liquit
2205 1174 2302 1216 eos
2328 1159 2421 1230 qui
2454 1169 2817 1215 exsecrantur
2833 1173 2940 1215 me.
2967 1157 3104 1215 Cum
3133 1169 3310 1214 autem
3354 1160 3468 1214 haac
3515 1160 3615 1214 ad-

2021 1252 2119 1316 dit,
2157 1264 2304 1306 nunc
2337 1249 2675 1320 impietatem
2705 1258 2896 1306 contra
2921 1250 3199 1306 Christum
3227 1248 3518 1320 suggillare
3536 1251 3618 1303 vi-

2020 1341 2202 1407 detur,
2231 1355 2353 1397 cum
2379 1340 2534 1408 dicit,
2564 1355 2758 1396 manus
2791 1355 2982 1396 eorum
3030 1341 3267 1412 pollutas
3311 1355 3432 1397 esse
3492 1355 3619 1396 san-

2021 1435 2204 1506 guine.
2242 1434 2598 1501 Dominicidae
2641 1434 2842 1504 quippe
2869 1433 3112 1508 fuerunt,
3148 1445 3207 1491 et
3259 1433 3436 1490 locuta
3495 1444 3621 1490 sunt

2022 1525 2163 1581 labia
2190 1539 2379 1581 eorum
2405 1524 2769 1594 iniquitatem,
2789 1535 2847 1581 et
2891 1525 3074 1592 lingua
3127 1539 3320 1580 eorum
3361 1525 3622 1582 meditata

2021 1627 2104 1675 est
2126 1617 2462 1687 iniustitiam.
2490 1615 2605 1673 Non
2637 1618 2782 1672 enim
2842 1616 3169 1672 destiterunt
3233 1631 3500 1687 pugnare,
3569 1625 3625 1673 et

2023 1710 2270 1769 convicia
2302 1710 2505 1774 facere,
2537 1718 2592 1765 et
2621 1709 2838 1779 obloqui
2869 1708 3106 1774 Christo,
3133 1718 3191 1764 et
3221 1723 3368 1763 nunc
3390 1709 3624 1764 subsan-

2026 1820 2157 1860 nare
2173 1804 2354 1860 divina
2399 1803 2576 1874 signa,
2609 1812 2664 1857 et
2693 1803 2760 1858 de
2812 1801 2995 1857 divina
3020 1801 3426 1871 magniﬁcentia
3469 1817 3622 1857 men-

310 1903 540 1977 χόμενοί
578 1919 638 1956 τε
669 1902 765 1954 καὶ
799 1899 1173 1964 ὀνειδίζοντες,
1201 1899 1296 1953 καὶ
1326 1898 1755 1962 καταλαλοῦντες
1787 1901 1922 1971 Χρι-

2027 1898 2114 1953 tiri
2158 1915 2174 1964 ;
2214 1911 2361 1952 nunc
2385 1910 2643 1952 accusare
2685 1902 2743 1952 et
2772 1895 2954 1951 dicere
2983 1909 2998 1947 :
3033 1911 3053 1947 ι
3087 1894 3258 1960 Tolle,
3290 1895 3436 1962 tolle,
3464 1897 3622 1952 cruci

313 1997 468 2064 στοῦ,
507 1996 603 2051 καὶ
633 1995 764 2051 ποτὲ
801 1995 900 2064 μὲν
938 1993 1290 2065 διασύροντες
1319 1993 1419 2056 τὰς
1448 1988 1795 2064 θεοσημείας,
1827 1995 1924 2048 καὶ

311 2089 784 2161 καταψευδόμενοι
816 2090 916 2159 τῆς
957 2087 1300 2160 θεοπρεποῦς
1335 2087 1762 2159 μεγαλουργίας,
1791 2088 1923 2141 ποτέ

311 2185 371 2238 δὲ
407 2183 845 2256 κατηγοροῦντες
902 2183 998 2236 καὶ
1029 2181 1309 2250 λέγοντες
1350 2199 1370 2233 ι
1393 2177 1549 2252 Αἶρε,
1580 2177 1726 2251 αἶρε,
1767 2180 1925 2235 σταύ-

316 2296 414 2349 ρου
463 2275 648 2330 αὐτόν.
676 2296 695 2328 ι
749 2275 888 2328 Ποτὲ
920 2274 976 2328 δὲ
1009 2272 1214 2343 ταύτης
1254 2272 1419 2327 ἕνεκα
1451 2273 1553 2344 τῆς
1584 2273 1804 2338 αίτίας,
1844 2273 1922 2338 ὡς

311 2366 499 2436 ψῆφον
544 2363 732 2419 ἄδικον
773 2363 1169 2434 ὑπομείναντος
1200 2361 1463 2435 Χριστοῦ,
1509 2363 1650 2435 μετά
1699 2365 1921 2437 παρρη-

311 2457 441 2521 σίας
473 2455 844 2528 ἀγιοπρεποῦς
873 2457 902 2509 ὁ
936 2457 1225 2527 προφήτης
1265 2455 1693 2526 ἀναφθέγγεται,
1730 2457 1924 2522 Οὐδεὶς

313 2549 498 2605 ἐλάλει
527 2548 732 2615 δίκαια,
760 2547 868 2602 οὐδ’
893 2547 1009 2602 ἔστι
1056 2546 1240 2619 κρίσις
1286 2547 1539 2620 ἀληθινή.
1587 2549 1924 2604 Πεποίθασιν

311 2641 412 2696 ἐπὶ
460 2640 750 2712 ματαίοις,
799 2641 890 2694 καὶ
938 2639 1163 2694 καλοῦσι
1206 2640 1362 2694 κενά.
1405 2641 1543 2694 Ποία
1575 2641 1632 2695 δέ
1665 2641 1846 2697 αὐτῶν
1885 2643 1920 2714 ἡ

316 2733 530 2806 ματαία
567 2733 926 2805 πεποίθησιςς
973 2733 1245 2804 ᾭήθησαν
1276 2733 1386 2804 γὰρ
1412 2733 1496 2786 ὅτι
1538 2733 1632 2787 τὸν
1664 2733 1926 2805 κληρονό-

316 2844 422 2899 μον
465 2827 530 2880 ἐκ
572 2825 742 2896 μέσου
792 2827 1192 2896 ποιησάμενοι,
1238 2825 1532 2893 καθέξουσι
1578 2825 1670 2879 τὸν
1720 2826 1924 2898 κλῆρον

313 2916 487 2975 αὐτοῦ
509 2935 522 2947 ⁸
559 2918 654 2971 καὶ
694 2916 870 2971 ταῦτα
904 2917 1041 2987 πρὸς
1090 2917 1353 2988 ἀλλήλους
1405 2917 1843 2986 κενοφωνοῦντες
1873 2920 1925 2972 οἱ

315 3010 545 3066 δείλαιοι
590 3009 1019 3081 δεδυσσεϐήκασι
1062 3011 1142 3073 εἰς
1188 3009 1369 3066 αὐτόν.
1401 3011 1473 3064 ’Ἡ
1497 3001 1683 3065 ’τοίνυν
1713 3011 1814 3083 τὴν
1843 3013 1924 3075 είς

314 3103 558 3177 Χριστὸν
586 3103 907 3158 δυσσέϐειαν
940 3104 968 3156 ὁ
997 3083 1337 3174 ηπροᾷητικὺς
1371 3103 1596 3172 ἐγκαλεῖ
1623 3103 1783 3174 λόγος
1811 3105 1925 3169 τοῖς

314 3197 380 3262 ἐξ
412 3194 651 3264 αἵματος
694 3194 942 3266 Ἰσραὴλ,
990 3195 1158 3267 ῆγουν
1203 3196 1285 3249 ὅτι
1333 3196 1452 3249 κατ’
1492 3196 1688 3251 οὐδένα
1721 3197 1925 3269 τρόπον

314 3291 589 3352 ἐπιεικεῖς
630 3287 784 3353 ὄντες
829 3287 1012 3343 ἁλοῖεν
1061 3288 1149 3354 ἂν,
1189 3290 1244 3342 οῖ
1279 3307 1344 3358 γε
1377 3290 1474 3344 καὶ
1508 3291 1699 3362 χεῖρας
1737 3291 1926 3363 ἔχουσι

319 3381 748 3455 μεμολυσμένας
782 3381 1010 3450 αἵματι,
1060 3381 1214 3452 χείλη
1246 3399 1304 3434 τε
1343 3382 1438 3436 καὶ
1481 3383 1736 3452 γλῶσσαν
1774 3384 1926 3438 οὐδὲν

315 3475 528 3532 εἰδυῖαν
561 3474 751 3545 ἕτερον
787 3472 1038 3545 μελετᾷν,
1073 3473 1216 3544 πλὴν
1247 3475 1330 3528 ὅτι
1363 3474 1434 3529 τὰ
1460 3476 1542 3540 είς
1579 3475 1924 3544 δυσσέϐειαν,

318 3567 419 3622 καὶ
474 3565 730 3636 ἀνομίαν,
781 3566 875 3620 καὶ
909 3566 1122 3621 ἀδικίαν
1171 3565 1473 3637 βλέποντα,
1519 3568 1617 3624 καὶ
1650 3570 1731 3623 ὅτι
1784 3569 1924 3642 πρὸς

316 3657 534 3722 τούτοις
563 3657 740 3713 ἄδικοι
772 3657 1030 3728 γεγόνασι
1062 3657 1338 3728 δικασταὶ,
1365 3661 1794 3732 δωροδοκοῦντες
1833 3663 1925 3735 δη-

317 3750 522 3819 λονότι,
555 3751 651 3804 καὶ
683 3749 990 3822 λημμάτων
1033 3750 1277 3823 αἰσχρῶν
1315 3751 1642 3823 ἡττώμενοι.
1690 3753 1924 3828 Εἴρηται

317 3843 434 3916 γὰρ
471 3843 701 3916 ἑτέρωθί
730 3860 857 3909 που,
891 3863 910 3896 ι
941 3845 1066 3909 Πῶς
1094 3843 1314 3914 ἐγένετο
1347 3846 1523 3919 πόρνη
1553 3848 1708 3914 πόλις
1734 3851 1922 3924 πιστὴ,

319 3934 467 3988 Σιὼν
496 3934 712 4008 πλήρης
750 3935 1007 4007 κρίσεως,
1050 3938 1109 3991 ἐν
1208 3937 1527 4011 δικαιοσύνη
1567 3942 1837 4015 ἐκοιμήθη
1869 3945 1928 3998 ἐν

317 4027 484 4100 αὐτῇ,
513 4027 610 4082 νῦν
639 4028 696 4082 δὲ
726 4027 1011 4098 φονευταί;
1049 4027 1122 4083 Τὸ
1147 4029 1412 4102 ἀργύριον
1450 4033 1608 4103 ὑμῶν
1635 4033 1924 4106 ἀδόκιμον,

318 4123 370 4176 οί
397 4121 637 4192 κάπηλοί
664 4139 758 4176 σου
790 4121 1050 4194 μίσγουσι
1083 4121 1176 4175 τὸν
1209 4118 1353 4176 οἶνον
1383 4123 1558 4191 ὓδατι,
1582 4125 1633 4177 οἱ
1664 4125 1928 4197 ἄρχοντές

2024 1993 2180 2062 aﬁige
2208 2006 2332 2046 eum
2368 1991 2438 2044 '°.
2477 2008 2496 2041 ›
2524 1986 2679 2045 Hanc
2710 1989 2782 2044 ob
2823 2003 3070 2056 causam,
3108 1988 3332 2059 perinde
3353 1987 3506 2058 quasi
3536 1989 3623 2045 in-

2019 2086 2219 2156 justam
2245 2084 2578 2140 sententiam
2614 2097 2806 2152 passus
2828 2083 3021 2139 luisset
3045 2081 3328 2145 Christus,
3361 2095 3486 2135 cum
3549 2080 3622 2136 li-

2025 2178 2235 2233 bertate
2257 2193 2322 2234 ac
2347 2177 2546 2232 ﬁducia
2597 2184 2787 2232 sancta
2821 2178 3083 2246 propheta
3112 2178 3422 2235 exclamat:
3457 2177 3628 2238 Nemo

2027 2272 2240 2328 locutus
2260 2281 2345 2328 est
2367 2272 2538 2343 justa,
2576 2285 2753 2341 neque
2785 2281 2872 2327 est
2896 2270 3162 2340 judicium
3196 2287 3405 2328 verum.
3442 2272 3628 2329 Conﬁ-

2024 2365 2162 2420 dunt
2181 2365 2358 2431 vanis,
2383 2372 2438 2419 et
2453 2364 2748 2434 loquuntur
2780 2364 2984 2418 inania.
3021 2365 3091 2418 At
3121 2379 3376 2434 quaenam
3407 2374 3490 2421 est
3510 2367 3630 2422 haec

2029 2472 2162 2512 vana
2191 2458 2428 2528 ipsorum
2461 2456 2698 2512 ﬁducia?
2726 2455 2988 2512 Arbitrati
3041 2466 3169 2512 sunt
3203 2459 3368 2524 enim,
3411 2457 3633 2515 haerede

2025 2551 2093 2608 de
2122 2551 2300 2606 medio
2327 2550 2564 2617 sublato,
2596 2549 2714 2619 ejus
2735 2563 2794 2604 se
2817 2550 3103 2606 invasuros
3138 2551 3532 2606 hereditatem.
3562 2551 3633 2608 Et

2029 2647 2126 2701 has
2156 2645 2376 2715 quidem
2417 2645 2606 2700 inanes
2629 2659 2792 2700 voces
2810 2646 2937 2699 dum
2962 2644 3106 2698 inter
3126 2659 3188 2700 se
3221 2643 3624 2713 prol'underent

2029 2734 2239 2800 miseri,
2273 2732 2426 2804 impii
2457 2732 2681 2788 fuerunt
2714 2731 2769 2786 in
2811 2731 3008 2801 ipsum.
3043 2729 3140 2786 Vel
3194 2731 3363 2802 igitur
3395 2732 3633 2803 prophe-

2029 2832 2130 2886 tica
2161 2831 2337 2886 oratio
2369 2829 2672 2885 Israelitico
2708 2828 2976 2898 sanguine
3025 2827 3271 2884 oriundis
3296 2827 3633 2897 impietatem

2030 2926 2085 2980 in
2121 2924 2399 2981 Christum
2432 2923 2623 2996 objicit
2652 2939 2667 2978 :
2701 2923 2786 2978 vel
2817 2923 2959 2992 quod
2995 2920 3143 2978 nullo
3172 2922 3334 2978 modo
3366 2921 3509 2992 atqui
3579 2927 3636 2977 et

2030 3022 2182 3092 probi
2210 3035 2332 3076 esse
2348 3020 2904 3090 deprehenderentur,
2934 3018 3026 3087 qui
3057 3025 3118 3071 et
3155 3030 3350 3071 manus
3368 3015 3637 3086 sanguine

2030 3112 2345 3182 inquinatas
2381 3112 2606 3178 habent,
2635 3120 2691 3164 et
2718 3109 2858 3165 labia
2917 3123 2981 3164 ac
3032 3107 3272 3179 linguam
3331 3122 3454 3178 quae
3491 3106 3637 3163 aliud

1958 3233 2000 3292 ο
2036 3205 2173 3260 nihil
2199 3205 2448 3262 meditari
2478 3203 2654 3270 novit,
2693 3218 2857 3272 quam
2889 3216 2952 3258 ea
2985 3217 3106 3273 quae
3127 3209 3377 3271 spectant
3435 3200 3504 3255 ad
3533 3199 3639 3255 ini-

2034 3297 2322 3367 quitatem,
2377 3296 2703 3367 injustitiam
2740 3303 2796 3352 et
2823 3297 3181 3365 impietatem,
3217 3304 3272 3350 et
3300 3295 3446 3365 quod
3467 3293 3637 3350 etiam

2035 3388 2226 3458 injusti
2263 3388 2574 3445 exstiterint
2597 3388 2828 3458 iudices,
2858 3403 3082 3444 munera
3110 3387 3368 3460 videlicet
3405 3386 3631 3456 capien-

2035 3488 2144 3546 tes,
2171 3489 2222 3536 et
2250 3481 2468 3536 sordido
2496 3479 2725 3551 quaestui
2795 3479 2985 3535 dediti.
3034 3479 3180 3535 Alibi
3211 3478 3359 3536 enim
3418 3477 3630 3533 dictum

2033 3582 2158 3628 est:
2207 3591 2227 3624 ι
2267 3572 2548 3640 Quomodo
2581 3574 2725 3630 facta
2758 3581 2844 3629 est
2876 3573 3137 3628 meretrix
3189 3572 3386 3628 civitas
3438 3570 3637 3636 ﬁdelis,

2034 3665 2164 3724 Sion
2198 3665 2354 3737 plena
2383 3665 2610 3736 judicio,
2653 3668 2706 3723 in
2765 3681 2871 3739 qua
2927 3666 3140 3738 justitia
3182 3665 3462 3732 dormivit,
3499 3665 3554 3719 in
3574 3677 3638 3720 ea

2033 3776 2179 3816 nunc
2207 3760 2516 3816 homicidae?
2536 3759 2834 3833 Argentum
2857 3771 3107 3816 vestrum
3140 3759 3468 3830 reprobum;
3500 3771 3639 3813 cau-

2033 3868 2206 3925 pones
2231 3855 2307 3911 tui
2332 3855 2564 3911 miscent
2593 3855 2780 3910 vinum
2818 3869 3003 3925 aqua;
3049 3853 3328 3924 principes
3391 3850 3467 3907 tui
3531 3866 3638 3906 non

2032 3948 2316 4016 obediunt,
2366 3950 2504 4006 socii
2554 3948 2756 4014 furum,
2809 3949 3100 4018 diligentes
3150 3959 3400 4012 munera,
3457 3958 3646 4014 perse-

2030 4050 2261 4109 quentes
2291 4041 2594 4110 praemium,
2619 4041 2883 4110 orphanis
2911 4055 3018 4095 non
3040 4039 3373 4109 iudicantes,
3404 4044 3459 4092 et
3485 4034 3636 4107 judi-

2031 4132 2118 4188 cio
2142 4133 2314 4187 viduae
2334 4149 2442 4189 non
2467 4134 2814 4188 attendentes
2839 4133 2932 4188 ⁷⁰“.
2969 4152 2988 4185 ι

321 4236 419 4273 σου
467 4218 775 4287 ἀπειθοῦσι,
817 4219 1066 4274 κοινωνοὶ
1103 4219 1375 4288 κλεπτῶν,
1406 4221 1731 4291 ἀγαπῶντες
1774 4224 1947 4298 δῶρα,
1990 4227 2284 4307 διώκοντες
2323 4231 2703 4303 ἀνταπόδομα,
2774 4231 3036 4302 ὀρφανοῖς
3076 4231 3138 4284 οὐ
3185 4229 3500 4302 κρίνοντες,
3548 4228 3644 4283 καὶ

319 4317 506 4389 κρίσει
536 4318 715 4389 χήρας
745 4318 806 4371 ού
846 4315 1229 4390 προσέχοντες.
1251 4337 1272 4371 ι

392 4415 518 4468 Ὅτι
545 4415 766 4469 κύουσι
809 4414 1022 4477 πόνον,
1055 4414 1156 4469 καὶ
1183 4415 1496 4472 τίκτουσιν
1524 4418 1802 4489 ἀνομίαν.
1825 4419 1923 4476 Ὠὰ

209 4549 224 4558 .
313 4503 604 4562 ἀσπίδων
625 4502 912 4573 ἕρῤηξαν,
940 4504 1041 4559 καὶ
1069 4505 1243 4560 ἱστὸν
1270 4507 1544 4578 ἀράχνης
1566 4511 1918 4582 ὑφαίνουσι,

2102 4419 2268 4476 Vens.
2296 4419 2352 4485 4,
2384 4419 2438 4474 5.
2473 4418 2616 4485 Quia
2643 4418 2948 4488 parturiunt
3001 4414 3256 4482 laborem,
3311 4422 3362 4468 et
3421 4426 3641 4482 parum!

2029 4512 2384 4582 iniquitatem.
2427 4509 2537 4565 Ova
2561 4509 2806 4578 aspidum
2835 4516 3112 4578 ruperunt,
3153 4515 3200 4559 et
3244 4503 3402 4558 telam
3428 4519 3644 4559 aranea:

316 4597 419 4652 καὶ
451 4601 485 4652 ό
510 4596 760 4668 μέλλων
789 4598 910 4651 τῶν
940 4595 1290 4654 ὠῶναύτῶν
1305 4599 1541 4670 φαγεῖν,
1575 4605 1922 4673 συντρίψας

2027 4613 2228 4660 texunt.
2263 4601 2440 4674 thui
2459 4600 2682 4657 voluerit
2706 4601 2770 4655 de
2791 4600 2902 4655 ovis
2939 4615 3125 4654 eorum
3153 4597 3446 4663 comedere,
3493 4597 3645 4667 fran-

316 4695 550 4762 οῦριον,
595 4686 735 4760 εὗρε
770 4692 870 4745 καὶ
902 4691 974 4745 ἐν
1009 4691 1172 4758 αὐτῷ
1207 4693 1608 4757 βασιλίσκον.
1657 4695 1710 4750 Ὁ
1755 4697 1922 4765 ἱστὸς

2033 4713 2158 4769 gens
2187 4695 2485 4766 putridum,
2512 4695 2701 4764 reperit
2732 4695 2890 4748 etiam
2939 4693 2994 4746 in
3025 4708 3085 4747 eo
3109 4689 3374 4763 regulum.
3419 4689 3504 4744 Ex
3539 4689 3644 4744 tela

317 4781 526 4838 αὐτῶν
555 4781 890 4838 ὀὐκ-ἕσται
925 4784 1013 4849 εἰς
1057 4781 1315 4852 ἱμάτιον,
1343 4784 1488 4839 οὐδὲ
1518 4785 1650 4855 μὴν
1691 4790 1929 4857 περιϐα-

313 4875 576 4930 λοῦνται
608 4874 730 4930 ἀπὸ
769 4875 892 4930 τῶν
923 4874 1115 4945 ἔργων
1139 4874 1258 4930 τῶν
1283 4876 1502 4945 χειρῶν
1525 4878 1746 4934 αὐτῶν.

394 4965 561 5029 Ἐθος
596 4967 663 5036 τῇ
706 4965 1053 5038 θεοπνεύστῳ
1092 4967 1284 5039 Γραφῇ
1322 4968 1484 5023 πόνον
1527 4970 1616 5024 ἀεί
1661 4989 1778 5035 πως
1835 4973 1926 5027 τὸν

315 5059 518 5130 φθόνον
560 5059 885 5115 ἀποκαλεῖν.
915 5062 1072 5132 Ἔχει
1115 5061 1174 5115 δὲ
1205 5061 1340 5116 πολὺ
1370 5061 1434 5115 τὸ
1477 5063 1627 5126 εἰκὸς
1659 5066 1687 5118 ὁ
1731 5063 1887 5132 λόγος
1906 5081 1920 5096 '

315 5152 549 5224 ἐκτήκει
599 5151 710 5225 γὰρ
743 5153 839 5208 καὶ
889 5155 1288 5226 καταμαραίνει
1323 5154 1424 5219 τὰς
1469 5156 1580 5209 τῶν
1612 5156 1920 5228 δεχομένων

313 5246 480 5302 αὐτὸν
522 5246 774 5316 καρδίας.
799 5245 1054 5299 Τοιοῦτόν
1084 5265 1138 5300 τι
1167 5248 1262 5301 καὶ
1300 5249 1330 5302 ὁ
1365 5250 1422 5303 Ψ
1425 5248 1600 5303 ἀλλων
1629 5250 1763 5323 φησὶ
1799 5250 1927 5323 περί

313 5357 483 5406 τινος,
509 5340 629 5411 ἢτοι
647 5339 740 5393 τοῦ
759 5339 868 5393 τῶν
897 5339 1168 5394 Ἰουδαίων
1182 5341 1379 5412 δήμου,
1404 5363 1422 5395 ι
1445 5343 1715 5397 Συνέλαϐε
1745 5345 1926 5410 πόνον,

319 5432 420 5486 καὶ
457 5432 645 5485 ἔτεκεν
679 5431 934 5501 ἀνομίαν.
972 5450 990 5482 ι
1015 5431 1499 5502 Προωδινήσαντες
1526 5434 1636 5506 γὰρ
1662 5437 1754 5489 τὸν
1786 5438 1928 5492 κατὰ

313 5522 561 5595 Χριστοῦ
625 5523 840 5593 φθόνον,
891 5523 1212 5577 ἐκτετόκασι
1259 5525 1360 5594 τὴν
1412 5529 1531 5580 κατ’
1585 5528 1752 5581 αὐτοῦ
1802 5530 1930 5583 δυσ-

317 5619 565 5678 σέϐειαν,
596 5618 762 5688 ἤγουν
796 5616 1052 5687 ἀνομίαν·
1107 5618 1270 5687 μόνον
1327 5618 1439 5690 γὰρ
1467 5621 1590 5690 οὐχὶ
1618 5621 1679 5674 τὸ
1712 5639 1929 5696 προφη-

320 5711 474 5766 τικὸν
499 5713 676 5769 ἐκεῖνο
708 5711 958 5780 λέγοντες
992 5711 1168 5764 ἁλοῖεν
1197 5712 1262 5766 ἂν
1292 5712 1383 5766 διά
1412 5730 1476 5783 γε
1501 5715 1610 5769 τῶν
1637 5717 1924 5790 ἐπιχειρη-

2034 4807 2217 4846 eorum
2249 4807 2355 4845 non
2383 4788 2696 4858 conﬁcietur
2717 4789 3104 4853 vestimentum,
3140 4801 3304 4858 neque
3330 4784 3648 4840 amicientur

2038 4883 2283 4954 operibus
2308 4897 2529 4937 suarum
2564 4897 2841 4935 manuum.

2109 4974 2408 5031 Familiare
2449 4981 2537 5029 est
2567 4971 2868 5044 Scriptura:
2902 4973 3159 5028 divinitus
3215 4970 3512 5039 inspirata},
3565 4969 3642 5022 Ia-

2035 5071 2224 5127 borem
2273 5069 2388 5126 fere
2425 5081 2642 5137 semper
2675 5067 2932 5122 invidiam
2986 5065 3156 5136 830
3193 5063 3486 5135 appellare.
3531 5062 3645 5118 lla-

2031 5166 2125 5242 bet
2177 5172 2360 5219 autem
2409 5163 2526 5220 haec
2567 5162 2770 5217 locutio
2819 5159 3022 5230 aliquid
3068 5156 3489 5230 probabilitatis.
3534 5155 3646 5210 Ta-

2033 5259 2236 5316 befacit
2283 5259 2429 5313 enim
2493 5273 2683 5315 eorum
2733 5254 2898 5311 corda
2945 5261 3002 5310 et
3041 5250 3348 5317 consumit,
3408 5250 3649 5319 facitque

2037 5349 2197 5420 quasi
2227 5363 2626 5407 emarcescere.
2659 5347 2791 5403 Tale
2807 5345 3065 5417 quiddam
3097 5345 3266 5401 etiam
3302 5342 3435 5398 dicit
3492 5339 3645 5395 Psal-

2043 5451 2123 5498 tes
2153 5444 2220 5498 de
2245 5443 2501 5512 quodam,
2542 5441 2627 5497 vel
2657 5441 2724 5496 de
2747 5438 3059 5496 Iudaeorum
3099 5437 3330 5508 populo:
3368 5451 3388 5485 ι
3436 5431 3646 5488 Conce-

2038 5534 2116 5604 pit
2141 5535 2407 5600 laborem,
2433 5545 2488 5588 et
2510 5534 2723 5604 peperit
2778 5533 3123 5603 iniquitatem
3149 5531 3215 5582 7'.
3266 5547 3284 5578 ι
3313 5525 3446 5580 Nam
3510 5542 3638 5582 cum

2025 5636 2163 5684 .ante
2191 5627 2613 5696 parturivissent
2639 5635 2830 5682 contra
2873 5625 3152 5681 Christum
3199 5619 3481 5682 invidiam,
3542 5632 3639 5688 pe-

2037 5729 2294 5791 pererunt
2319 5719 2653 5790 impietatem
2680 5721 2732 5775 in
2780 5718 2950 5784 illum,
3008 5731 3102 5773 seu
3145 5711 3515 5784 iniquitatem,
3566 5711 3641 5768 ita

389 5895 435 5929 τσ
465 5893 616 5951 Joan.
659 5911 772 5964 xix,
809 5896 894 5953 l5.
974 5899 1038 5929 ⁷⁰⁸
1072 5897 1193 5956 lsai.
1232 5915 1267 5966 r,
1300 5900 1488 5957 ’ΖΙ-25.
1547 5885 1608 5934 "7‘
1654 5899 1799 5956 l‘:.al.
1830 5916 1925 5969 vn,
1966 5899 2064 5966 l5;
2103 5898 2203 5957 Job
2236 5916 2322 5967 xv,
2351 5899 2458 5967 55;
2495 5897 2598 5956 lsa.
2630 5913 2738 5969 LIX,
2775 5900 2826 5955 4.
