4100 6458
530 381 670 436 1507

1567 378 1625 433 S.
1668 376 1948 434 CYRILLI
1986 379 2458 438 ALEXANDBINI
2497 383 2818 440 ARClllEl’.

3673 387 3808 446 1308

529 513 590 557 ιιι
615 509 834 572 propter
856 499 1090 556 nefarios
1123 513 1288 554 ausus
1327 498 1520 553 merito
1547 497 1677 554 illud
1733 500 2109 570 propheticum

2217 501 2430 572 μάτωψ
2477 521 2495 554 ‹
2526 504 2790 574 Δήσωμεν
2819 504 2910 556 τὸν
2937 504 3166 570 δίκαιον,
3193 504 3275 558 ὅτι
3305 503 3642 574 δύσχρηστος
3677 506 3811 576 ήμῖν

531 596 710 650 dicere
740 600 1140 662 coarguantur:
1177 609 1195 641 ε
1219 587 1708 660 Ligemusjustum,
1743 591 1868 660 quia
1905 590 2114 647 inutilis

531 689 686 742 nobis
709 697 793 741 est
817 686 884 738 ".
911 703 931 738 ι
972 683 1312 738 Inveniemus
1351 682 1478 736 item
1517 682 1570 737 in
1611 682 1968 740 conventibus
2002 684 2114 739 suis

533 779 870 834 teterrimum
907 775 1032 831 illos
1061 775 1274 846 cepisse
1307 774 1755 830 consiliumJ‘imn
1779 778 1844 830 de
1873 776 2112 830 omnium

531 880 776 926 nostrum
818 869 1108 924 Servatore
1156 867 1375 923 Christo
1406 868 1689 922 dicebant:
1735 885 1754 918 ι
1791 866 1934 932 Quid
1987 865 2115 920 faci-

532 974 673 1024 mus,
706 960 937 1027 quiahic
961 961 1123 1014 homo
1141 959 1306 1013 multa
1335 958 1446 1013 edit
1476 954 1666 1027 signa?
1691 956 1750 1012 Si
1778 957 2115 1011 dimittamus

529 1065 652 1106 eum
680 1052 783 1117 sic,
807 1051 1024 1105 venient
1049 1051 1301 1115 Romani,
1329 1059 1384 1104 et
1409 1049 1599 1105 tollent
1619 1059 1857 1106 nostram
1897 1057 2113 1119 gentem

529 1158 594 1197 ac
631 1144 924 1214 regionem.
963 1143 1109 1199 Unus
1127 1153 1310 1198 autem
1337 1159 1402 1198 ex
1430 1143 1538 1198 illis
1561 1141 1799 1211 Caiphas
1860 1142 1984 1210 (fuit
2027 1140 2115 1196 hic

531 1237 822 1304 impietatis
855 1246 1047 1291 contra
1077 1236 1354 1292 Christum
1392 1235 1662 1292 inventor)
1727 1249 1914 1290 rursus
1938 1235 2110 1288 dixit:

531 1325 642 1383 Vos
681 1328 814 1382 nihil
836 1329 1129 1398 quidquam
1167 1329 1342 1394 scitis,
1393 1343 1519 1382 nam
1578 1327 1799 1397 expedit
1851 1328 2029 1393 vobis,
2058 1338 2116 1381 ut

531 1433 674 1473 unus
697 1419 858 1474 homo
891 1420 1154 1473 moriatur
1208 1435 1306 1489 pro
1355 1417 1570 1488 p0pulo,
1603 1427 1794 1472 etnon
1829 1426 1941 1473 tota
1983 1431 2115 1488 gens

533 1519 718 1577 pereat
743 1508 811 1563 ".
845 1527 864 1559 ι
890 1508 970 1562 Ex
1002 1508 1087 1563 his
1113 1523 1242 1576 ergo
1266 1523 1385 1576 quae
1431 1509 1574 1562 dicta
1620 1517 1769 1571 sunt,
1815 1507 2118 1563 clarissime

532 1602 715 1656 videre
745 1600 886 1666 licet,
926 1615 1036 1664 eos,
1065 1602 1155 1670 qui
1210 1601 1357 1655 enixi
1391 1611 1519 1656 sunt
1541 1600 1804 1665 laborem,
1825 1600 1879 1654 id
1905 1609 2009 1668 est,
2029 1601 2114 1655 in~

531 1689 729 1742 vidiam
750 1699 940 1744 contra
987 1689 1138 1744 illum
1171 1699 1298 1745 ante
1331 1690 1726 1760 parturierunt,
1773 1690 2115 1761 iniquitatem

529 1784 823 1852 peperisse.
841 1782 979 1850 Quid
996 1784 1157 1853 igitur
1181 1784 1495 1854 prophetica
1525 1785 1703 1841 oratio
1724 1784 1881 1840 nobis
1931 1785 2020 1841 hic
2034 1785 2113 1841 si-

527 1873 789 1944 gnificat?
816 1873 929 1929 Ova
962 1875 1208 1944 aspidum
1241 1875 1542 1946 fregerunt,
1575 1885 1630 1930 et
1663 1875 1758 1944 qui
1788 1874 2026 1931 voluerit
2046 1877 2112 1931 de
2147 1856 2190 1911 Β

527 1968 848 2023 oviseorum
888 1968 1197 2033 comedere,
1249 1967 1508 2037 frangens
1570 1967 1844 2038 putrldum
1891 1969 2112 2039 reperit.

529 2059 796 2114 Putabant
818 2060 961 2114 enim
984 2055 1154 2114 Judaei
1187 2060 1416 2117 consilia
1458 2060 1576 2116 haec
1616 2070 1805 2116 contra
1834 2060 2112 2117 Christum

528 2151 583 2206 in
615 2152 773 2205 linem
805 2151 907 2207 sibi
952 2151 1292 2220 auspicatum
1341 2166 1590 2219 cessura,
1640 2162 1696 2209 et
1745 2153 1962 2208 utilitati
1998 2153 2114 2210 fore

527 2242 676 2298 omni
705 2243 875 2313 genti.
905 2241 1010 2298 Sed
1035 2259 1066 2297 a
1103 2257 1266 2313 scopo
1296 2253 1640 2310 erraverunt,
1667 2253 1833 2316 atque
1888 2246 1943 2301 id
2009 2245 2114 2302 illis

525 2350 627 2390 usu
657 2336 824 2398 venit,
857 2335 998 2404 quod
1034 2336 1121 2390 his
1146 2336 1395 2392 accidere
1442 2336 1602 2403 solet,
1630 2339 1721 2408 qui
1775 2353 1887 2409 prae
1915 2338 2113 2408 insigni

528 2426 760 2482 stultitia
796 2426 1047 2496 aspidum
1073 2440 1174 2482 ova
1207 2439 1484 2498 rumpunt.
1517 2427 1655 2484 Nam
1699 2429 1790 2485 ubi
1822 2430 2110 2504 fregerint,

525 2519 660 2574 nihil
691 2519 1152 2588 invenientaliud,
1171 2530 1528 2591 praeterquam
1567 2522 1815 2592 regulum
1846 2538 1861 2574 :
1922 2533 2114 2594 estque

525 2611 612 2666 hic
630 2622 819 2682 partus
845 2616 1112 2686 serpentis
1136 2617 1290 2672 valde
1308 2616 1666 2686 perniciosus,
1686 2627 1742 2672 et
1757 2618 2110 2688 depravatum

521 2719 683 2760 ovum
719 2715 775 2761 et
804 2707 986 2764 inane.
1010 2707 1195 2779 Itaque
1213 2724 1322 2765 non
1346 2709 1505 2766 modo
1542 2725 1649 2766 non
1674 2711 1986 2779 utilitatem,
2017 2714 2112 2768 sed

521 2797 816 2865 perniciem
845 2799 1099 2855 conciliat
1144 2801 1338 2857 borum
1362 2810 1550 2858 contra
1582 2801 1860 2859 Christum
1879 2803 2110 2860 nefario-

522 2902 645 2942 rum
691 2889 1030 2945 moliminum
1092 2892 1289 2947 exitus.
1341 2891 1478 2948 Nam
1523 2892 1672 2949 velut
1743 2909 1970 2964 serpens
2010 2895 2113 2951 illis

523 2981 751 3050 contigit
781 2999 794 3035 :
823 2991 879 3037 et
928 2982 1081 3038 fetus
1103 2985 1193 3040 hic
1215 2984 1374 3056 plane
1393 2987 1449 3040 in
1479 2987 1591 3042 orci
1615 2987 1862 3056 laqueum
1880 2989 2111 3047 induxit.

525 3072 678 3138 Quod
697 3083 876 3128 autem
902 3075 1172 3130 malitiosa
1207 3078 1324 3132 haec
1352 3087 1544 3133 contra
1573 3079 1852 3136 Christum
1905 3083 2114 3137 machi-

525 3164 677 3220 natio
716 3166 822 3220 illis
875 3182 1096 3237 prorsus
1140 3168 1303 3225 fuerit
1349 3171 1580 3240 inutilis,
1633 3175 1816 3228 statim
1872 3176 2111 3231 08tendit

2214 592 2385 646 ἐστιν.
2411 612 2430 644 ι
2481 593 2802 664 Εὑρήσομεν
2833 594 2889 648 δέ
2937 595 3030 648 καὶ
3075 595 3134 648 ἐν
3179 593 3456 663 συλλόγοις
3500 595 3665 649 αὐτοῦ
3714 598 3810 649 ἐκ·

2214 685 2540 755 τοπωτάτην
2566 684 2828 748 λαϐόντας
2860 685 3077 757 βουλήν.
3112 687 3393 755 Ἔφασκον
3424 685 3531 758 γὰρ
3558 687 3686 758 περὶ
3715 686 3810 741 τοῦ

2215 774 2434 828 πάντων
2478 775 2635 847 ἡμῶν
2678 778 2930 848 Σωτῆρος
2962 777 3220 849 Χριστοῦ·
3257 797 3275 830 ι
3308 778 3373 832 Τί
3421 779 3704 850 ποιοῦμεν,
3727 781 3811 833 ὅτι

2214 859 2370 931 οὗτος
2392 871 2420 921 ό
2452 869 2739 940 ἄνθρωπος
2769 871 2942 924 πολλὰ
2975 874 3123 925 ποιεῖ
3160 873 3388 942 σημεία;
3427 871 3553 929 Ἐὰν
3581 872 3813 942 ἀφῶμεν

2215 959 2378 1013 αὐτὸν
2427 959 2621 1024 οὕτως,
2665 961 2980 1017 ἐλεύσονται
3027 964 3076 1016 oi.
3112 963 3405 1034 Ῥωμαῖοι,
3443 964 3539 1017 καὶ
3586 963 3813 1035 ἀροῦσιν

2214 1057 2247 1125 ή
2259 1054 2377 1125 μῶν
2411 1055 2472 1107 τὺ
2499 1054 2673 1119 ἔθνος,
2712 1055 2806 1108 καὶ
2844 1055 2942 1126 τήν
2975 1054 3188 1127 χώραν’
3216 1050 3298 1119 είς
3325 1056 3382 1110 δέ
3411 1072 3494 1119 τις
3531 1055 3590 1121 ἐξ
3630 1056 3812 1109 αὐτῶν

2216 1148 2491 1217 Καϊάφας,
2514 1142 2670 1212 οὗτος
2695 1147 2792 1219 τῆς
2817 1148 2956 1202 κατὰ
2984 1149 3220 1219 Χριστοῦ
3245 1148 3564 1211 δυσσεϐείας
3587 1148 3814 1218 γέγονεν

2216 1241 2470 1312 εὑρετής·
2501 1241 2604 1310 ἐφη
2637 1240 2746 1312 γὰρ
2769 1241 2950 1304 πάλιν,
2986 1241 3177 1311 Ὑμεῖς
3201 1241 3302 1294 οὐκ
3321 1239 3500 1293 οἴδατε
3524 1239 3699 1305 οὐδὲν,
3728 1240 3812 1292 ὅτι

2218 1334 2485 1404 συμφέρει
2517 1335 2671 1404 ἡμῖν,
2703 1333 2792 1385 ἵνα
2821 1327 2905 1395 εἷς
2944 1330 3230 1402 ἄνθρωπος
3259 1331 3510 1405 ἀποθάνῃ
3541 1331 3684 1404 ὑπὲρ
3714 1330 3812 1385 τοῦ

2215 1425 2368 1490 λαοῦ,
2396 1427 2489 1481 καὶ
2521 1425 2595 1497 μὴ
2634 1426 2753 1480 ὅλον
2797 1426 2858 1479 τὺ
2900 1425 3054 1489 ἔθνος
3097 1425 3390 1495 ἀπόληται.
3420 1443 3440 1476 ι
3487 1424 3812 1492 Σαφέστατα

2215 1519 2396 1572 τοίνυν
2425 1521 2491 1573 ἐκ
2512 1519 2620 1572 τῶν
2657 1518 2966 1590 εἰρημένων
2991 1518 3197 1572 ἔνεστιν
3226 1519 3374 1582 ἰδεῖν,
3399 1519 3480 1571 ὄτι
3507 1521 3813 1588 κυήσαντες

2216 1611 2398 1676 πόνον,
2443 1613 2722 1676 τουτέστι,
2764 1611 2861 1664 τὸν
2910 1612 3030 1664 κατ’
3074 1609 3242 1665 αὐτοῦ
3279 1611 3442 1665 πόνον
3475 1610 3817 1680 προσωδινή-

2219 1721 2411 1768 σαντες
2448 1706 2776 1776 ἐκτετήκασι
2815 1704 2913 1776 τὴν
2946 1704 3202 1774 ἀνομίαν.
3240 1704 3305 1757 Τί
3341 1699 3435 1758 οὖν
3472 1706 3500 1757 ό
3540 1719 3848 1774 προφητι-.

2218 1797 2314 1861 κὸς
2337 1799 2395 1852 ἐν
2421 1797 2630 1862 τούτοις
2665 1799 2796 1868 ἡμῖν
2841 1797 3247 1868 κατασημαίνει
3287 1797 3475 1866 λόγος,
3515 1797 3609 1850 Ὧά
3644 1796 3815 1850 ἀσπί-

2217 1891 2324 1945 δων
2358 1890 2618 1962 ἔῤῥηξαν,
2649 1891 2743 1942 καὶ
2777 1890 2806 1942 ό
2841 1889 3050 1960 μέλλων
3076 1889 3186 1942 τῶν
3212 1889 3335 1942 ὠῶν
3367 1889 3549 1942 αὐτῶν
3585 1892 3807 1958 φαγεῖν.

2219 1982 2515 2053 συντρίψας
2543 1979 2727 2051 οὔριον
2756 1973 2935 2052 εὗρεν.
2969 1983 3162 2052 ’ῼοντο
3199 1981 3299 2051 μὲν
3339 1982 3449 2053 γὰρ
3478 1983 3528 2034 οἱ
3567 1981 3810 2034 Ἰουδαῖοι

2215 2074 2314 2138 τὰς
2343 2073 2484 2128 κατὰ
2524 2072 2767 2146 Χριστοῦ
2807 2073 3122 2143 διασκέψεις
3162 2075 3241 2136 είς
3276 2072 3453 2126 αἴσιον
3495 2072 3681 2134 αὐτοῖς
3721 2072 3812 2123 ἐκο

2215 2166 2484 2238 ϐήσεσθαι
2530 2168 2740 2238 πέρας,
2784 2167 2880 2220 καὶ
2922 2169 3004 2231 είς
3053 2167 3242 2238 ὄνησιν
3289 2166 3512 2220 ἔσεσθαι
3560 2165 3638 2235 τῷ
3670 2165 3815 2217 ἔθνει

2216 2257 2400 2310 παντί.
2434 2255 2578 2310 Ἀλλ’
2609 2256 2927 2328 ἡμάρτανον
2959 2254 3054 2309 τοῦ
3087 2255 3314 2322 σκοποῦ,
3359 2254 3451 2308 καί
3481 2272 3534 2308 τι
3575 2253 3817 2308 τοιοῦτον

2215 2345 2536 2420 συμϐέϐηκε
2577 2347 2774 2403 παθεῖν
2814 2349 3034 2413 αὐτοὺς,
3080 2348 3265 2402 ὁποῖόν
3297 2366 3350 2402 τι
3399 2349 3703 2418 πάσχουσιν
3749 2350 3815 2400 ἐκ

2214 2439 2414 2509 πολλῆς
2437 2440 2578 2509 ἄγαν
2600 2440 2891 2504 ἀσυνεσίας
2939 2443 2988 2494 oi
3015 2440 3086 2494 τὰ
3108 2441 3218 2494 τῶν
3239 2440 3484 2494 ἀσπίδων
3515 2439 3819 2511 ῥηγνύντες

2213 2530 2317 2586 ὠά.
2341 2530 2736 2602 Συντρίψαντες
2765 2531 2872 2605 γὰρ
2899 2532 3053 2587 οὐδὲν
3085 2533 3414 2605 εὑρήσουσιν
3445 2532 3654 2603 ἕτερον,
3673 2532 3820 2603 πλὴν

2211 2623 2295 2678 ὅτι
2329 2623 2644 2694 βασιλίσκον
2683 2625 2740 2678 ὲν
2787 2623 2956 2696 αύτῷ·
3000 2625 3179 2695 ὄφεως
3230 2625 3287 2678 δὲ
3337 2623 3527 2696 κύημα
3574 2626 3727 2677 τουτὶ
3757 2625 3820 2677 τὸ

2215 2716 2592 2787 παγχάλεπον,
2616 2714 2800 2788 οὓριόν
2831 2735 2891 2770 τε
2923 2717 3062 2787 πρὸς
3087 2717 3280 2788 τούτῳ.
3308 2716 3521 2770 Ούκοῦν
3551 2717 3819 2786 ἀνόνητον

2227 2805 2518 2872 Ἰουδαίοις,
2558 2806 2758 2876 μᾶλλον
2784 2807 2842 2861 δὲ
2877 2808 2969 2860 καὶ
2991 2807 3214 2878 ὀλέθρου
3241 2807 3500 2877 πρόξενον
3539 2806 3649 2859 τῶν
3676 2806 3817 2860 κατὰ

2214 2898 2454 2968 Χριστοῦ
2504 2899 2872 2971 τολμημάτων
2919 2901 2978 2953 τὸ
3029 2900 3224 2972 πέρας.
3253 2901 3416 2970 Ὄφις
3468 2900 3578 2970 γάρ
3622 2899 3816 2972 ὥσπερ

2214 2989 2514 3062 ἐκϐέϐηκεν
2569 2995 2788 3055 αὐτοῖς,
2837 2992 2932 3044 καὶ
2988 2991 3243 3058 άπότεξις
3297 2992 3741 3062 ὁμολογουμένη,
3777 2994 3815 3062 ἠ

2219 3083 2351 3152 πρὸς
2384 3084 2654 3156 πέταυρον
2696 3085 2824 3155 ᾅδου
2860 3085 3347 3155 παρακομίζουσα·
3381 3086 3462 3139 ὅτι
3498 3085 3553 3137 δὲ
3588 3085 3819 3152 γέγονεν

2215 3175 2450 3229 είσάπαν
2482 3176 2763 3247 ἀνωφελὴς
2807 3177 2839 3247 ή
2876 3177 3017 3229 κατὰ
3063 3177 3302 3246 Χριστοῦ
3346 3177 3647 3248 σκευωρία,
3691 3175 3818 3229 δια-

523 3257 628 3312 alio
654 3259 922 3328 exemplo.
950 3259 1131 3315 Telam
1160 3261 1304 3317 enim
1334 3277 1558 3319 aranea:
1615 3273 1824 3320 texunt.
1861 3269 2110 3324 Araneus

2214 3267 2480 3320 δείκνυσιν
2509 3269 2669 3331 εὐθὺς
2701 3270 2795 3322 καὶ
2823 3269 2889 3322 δι’
2920 3270 3108 3340 ἐτέρου
3146 3269 3606 3339 παραδείγματο;’
3641 3267 3819 3320 Ὶστδν

523 3349 691 3415 enim,
729 3351 853 3417 hoc,
889 3353 1134 3422 inquam,
1167 3355 1422 3425 pusillum
1451 3365 1506 3412 et
1531 3357 1855 3413 vilissimum
1886 3360 2108 3424 animal,

522 3443 578 3497 in
605 3446 787 3501 vacuis
809 3447 1205 3504 domiciliorum
1233 3453 1479 3521 partibus
1511 3452 1646 3508 telas
1668 3456 1962 3511 artificiose
1982 3456 2111 3512 sub-

523 3535 703 3591 tilibus
759 3538 1083 3598 staminihus
1116 3554 1400 3600 contextas
1451 3548 1726 3603 connectit
1775 3564 1790 3600 :
1830 3565 1952 3620 quae
1984 3551 2110 3606 licet

521 3641 734 3684 summo
761 3631 1023 3686 confectae
1069 3637 1179 3689 sint
1228 3636 1438 3704 labore,
1469 3641 1692 3694 omnino
1732 3648 1913 3696 tamen
1975 3643 2109 3698 nihil

523 3720 630 3774 illis
657 3733 881 3790 prosunt
917 3739 930 3777 :
976 3740 1074 3780 nec
1108 3727 1254 3782 enim
1288 3731 1337 3783 ei
1370 3732 1460 3799 qui
1512 3730 1796 3788 fabricavit
1843 3735 1934 3789 fiet
1987 3735 2110 3791 inde

524 3813 774 3878 amictus,
799 3817 892 3870 sed
927 3816 1029 3871 illae
1049 3820 1264 3875 sectiles
1299 3837 1362 3876 ac
1399 3823 1631 3879 dividua:
1652 3837 1783 3880 sunt
1805 3836 1859 3881 et
1882 3828 1949 3881 ad
1977 3843 2107 3896 ope-

523 3901 812 3958 rimentum
841 3906 1059 3962 inutiles
1083 3909 1244 3964 etiam
1271 3910 1404 3981 ipsis
1431 3913 1755 3970 artificibus.
1792 3915 1904 3977 Sic,
1936 3916 2102 3987 831

521 3991 718 4063 inquit,
741 3994 1052 4052 Judteorum
1073 4000 1310 4066 inventa,
1339 4019 1462 4073 quae
1478 4005 1689 4062 scilicet
1719 4017 1912 4063 contra
1945 4010 2105 4063 Chri-

519 4093 662 4138 stum
683 4096 887 4141 structa
919 4091 1232 4148 sunt.Dolos
1257 4095 1399 4150 enim
1423 4098 1894 4165 concinnantes,et
1915 4099 2104 4156 falsam

523 4185 765 4232 texentes
787 4183 1212 4250 accusationem,
1250 4197 1512 4253 putarunt
1561 4204 1642 4255 se,
1707 4192 1920 4258 utdixi,
1944 4195 2104 4249 morti

519 4272 704 4327 carnis
762 4272 912 4328 illum
962 4278 1257 4345 tradentes,
1285 4291 1342 4336 et
1400 4283 1503 4338 sibi
1556 4283 1792 4351 aliquam
1845 4285 2105 4341 allaturos

517 4363 985 4433 connnoditatem,
1015 4377 1070 4422 et
1093 4383 1161 4424 ex
1185 4371 1298 4426 suis
1326 4373 1611 4429 conatibus
1625 4375 1939 4444 opulentum
1971 4394 2107 4447 prac-

515 4454 712 4509 sidium
755 4471 820 4510 ac
841 4461 1228 4528 protectionem
1257 4475 1691 4535 comparaturos.
1722 4467 1828 4524 Sed
1852 4485 1977 4540 spes
2000 4471 2105 4526 illis

2212 3359 2342 3433 γάρ,
2377 3361 2563 3432 φησὶν,
2615 3363 2861 3432 ἀράχνης
2909 3362 3250 3430 ὑφαίνουσιν.
3311 3362 3368 3414 '0
3403 3362 3500 3432 μὲν
3532 3360 3641 3430 γὰρ
3675 3361 3820 3431 ἀρά-

2210 3469 2378 3525 χνης,
2409 3455 2559 3508 τουτὶ
2605 3455 2663 3508 δέ
2711 3473 2854 3526 φημι
2894 3457 2955 3509 τὸ
2999 3456 3233 3526 σμικρὸν
3279 3455 3375 3508 καὶ
3429 3454 3817 3508 εὐτελέστατον

2211 3545 2377 3610 ζῶον,
2435 3548 2493 3599 ἐν
2543 3550 2658 3609 τοῖς
2717 3547 3037 3618 ἀργοτέροις
3086 3547 3195 3600 τῶν
3249 3547 3538 3617 δωματίων
3591 3547 3818 3616 μέρεσιν

2213 3639 2393 3700 ίστοὺς
2414 3637 2731 3699 ἀναπλέκει,
2768 3639 3033 3708 στήμοσιν
3060 3639 3258 3708 ίσχνοῖς
3289 3638 3558 3708 εὐτέχνως
3611 3636 3818 3705 ἐξυφα-

2213 3729 2529 3799 σμένους,οί
2556 3729 2612 3782 δὲ
2637 3725 2730 3782 οῦν
2762 3729 3006 3800 πλείστῳ
3048 3729 3204 3800 μόλις
3241 3729 3527 3800 γενόμενοι
3578 3728 3724 3797 πόνῳ
3754 3728 3817 3781 τὺ

2212 3821 2436 3892 σύμπαν
2485 3822 2682 3884 αὐτοὺς
2733 3821 3034 3890 ὠφελοῦσιν
3089 3823 3278 3875 οὐδέν·
3330 3823 3391 3876 οὐ
3437 3823 3546 3894 γὰρ
3595 3822 3816 3877 ἔσονται

2210 3912 2527 3983 περίϐλημα
2573 3913 2651 3983 τῷ
2711 3915 3074 3984 πεποιηκότι,
3108 3914 3225 3968 ἀλλ’
3271 3915 3411 3968 εἰσὶν
3462 3915 3812 3986 εύδιὰτμητοι

2210 4006 2348 4078 πρὸς
2365 4005 2678 4078 περιϐολὴν,
2699 4007 2791 4060 καὶ
2814 4008 2984 4078 αὐτῆς
2996 4007 3097 4080 τῆς
3115 4008 3310 4080 τέχνης
3334 4007 3614 4079 ἀμείνους.
3630 4006 3813 4073 Οὕτω,

2209 4101 2364 4171 φησὶ,
2397 4101 2492 4153 καὶ
2531 4099 2600 4154 τὰ
2629 4099 2736 4153 τῶν
2772 4101 3040 4155 Ἰουδαίων
3068 4102 3377 4174 εὑρήματα,
3420 4101 3580 4172 δῆλον
3619 4101 3702 4155 ὅτι
3746 4100 3817 4155 τὰ

2207 4194 2348 4248 κατὰ
2387 4192 2482 4247 τοῦ
2530 4193 2803 4263 Χριστοῦ·
2854 4193 3041 4258 δόλους
3087 4194 3195 4266 γὰρ
3248 4194 3665 4265 ἐξυφαίνοντες,
3717 4194 3818 4247 καὶ

2206 4284 2573 4354 ψευδηγορίας
2611 4283 3044 4354 συμπλέκοντες,
3073 4282 3241 4354 ᾢοντο
3270 4285 3369 4356 μὲν
3395 4284 3524 4355 γὰρ,
3547 4284 3624 4348 ὡς
3649 4283 3817 4354 ἔφην,

2207 4377 2424 4447 θανάτῳ
2450 4377 2650 4448 σαρκὸς
2690 4377 3080 4451 περιϐαλόντες
3108 4377 3294 4444 αὑτὸν,
3329 4377 3587 4446 ἐξανύσαι
3620 4394 3672 4429 τι
3699 4376 3818 4431 τῶν

2205 4468 2550 4541 όνησιφόρων
2578 4471 2781 4534 αὐτοῖς,
2817 4471 2914 4524 καὶ
2949 4470 3047 4542 τὴν
3072 4471 3181 4524 ἀπὸ
3208 4470 3318 4524 τῶν
3350 4470 3498 4524 ίδίων
3528 4472 3823 4541 ἐπιχειρη-

514 4544 732 4600 demum
768 4559 962 4604 cuncta
997 4551 1048 4606 in
1074 4554 1301 4610 nihilum
1328 4557 1544 4613 recidit.
1585 4559 1779 4615 Nudati
1813 4566 2104 4619 suntenim

2214 4560 2401 4632 μάτων
2432 4561 2880 4632 καταπλουτῆσαι
2917 4563 3148 4633 σκέπην,
3182 4562 3296 4616 ἀλλ’
3323 4563 3405 4626 είς
3437 4563 3593 4616 οὐδὲν
3625 4562 3824 4627 αὐτοῖς

515 4648 748 4706 superna
781 4639 1177 4711 benevolentia,
1208 4657 1262 4700 et
1280 4658 1666 4718 protectorem,
1713 4652 1766 4706 id
1803 4661 1908 4720 est,
1949 4653 2114 4710 Chri-

514 4738 655 4783 stum
679 4729 1011 4799 abjecerunt.
1053 4735 1179 4792 Haec
1235 4740 1380 4794 enim
1419 4743 1684 4810 protectio
1725 4757 1793 4798 ex
1852 4745 2108 4814 operibus

515 4820 671 4876 bonis
690 4825 965 4896 continget
990 4826 1114 4892 illis,
1161 4829 1252 4899 qui
1303 4831 1418 4886 haec
1465 4832 1645 4890 facere
1700 4844 1852 4892 recte
1898 4837 2105 4906 volunt,

516 4913 788 4970 tribuente
823 4917 987 4972 etiam
1019 4919 1128 4974 illis
1161 4921 1264 4974 hoc
1301 4919 1435 4977 Deo.
1466 4923 1536 4977 At
1588 4924 1852 4980 malorum
1915 4943 2112 4998 opera-_

518 5006 628 5061 rios
659 5024 763 5062 non
788 5011 1049 5066 amicicnt
1099 5027 1185 5077 ea,
1229 5028 1350 5083 quae
1367 5030 1435 5070 ex
1480 5016 1612 5086 ipsis
1636 5017 1776 5074 fiunt
1807 5037 1820 5074 :
1856 5022 1951 5077 sed
1977 5037 2104 5091 pro-

519 5099 751 5158 tcetione
783 5111 838 5156 et
861 5102 1228 5173 operimento,
1281 5108 1518 5166 maxime
1562 5110 1750 5167 divino
1799 5113 2102 5172 deetituen-

514 5203 570 5247 ῑυ
579 5209 625 5249 ι’.

588 5373 752 5427 Vsus.
781 5371 898 5430 6-8.
945 5371 1088 5429 Nam
1121 5393 1280 5446 opera
1319 5393 1520 5447 eorum,
1555 5399 1715 5452 opera
1764 5385 2098 5452 iniquitatis:

515 5474 562 5517 et
585 5465 739 5533 pedes
773 5481 956 5519 eorum
998 5468 1068 5519 ad
1101 5468 1364 5524 malitiam
1398 5483 1638 5540 currunt,
1688 5476 1887 5532 veloces
1923 5480 1991 5532 ad
2019 5479 2099 5548 ef—

516 5557 842 5624 fundendum
873 5561 1568 5641 sanguinemﬁoqilationes
1597 5584 1799 5632 eorum,
1823 5573 2104 5640 cogitatio-

518 5661 605 5701 nes
636 5650 698 5704 de
729 5650 1045 5709 hanticidiis.
1081 5653 1346 5711 Contritio
1376 5669 1422 5712 et
1471 5661 1683 5715 miseria
1737 5661 1791 5713 in
1839 5663 1932 5717 viis
2013 5681 2100 5720 eo-

597 5827 640 5861 "
678 5831 894 5900 Sap.u,
933 5837 1017 5892 12.
1097 5838 1140 5869 ⁷³
1180 5837 1334 5895 Joan.
1371 5855 1442 5904 st,
1495 5840 1668 5894 57-50.

2209 4653 2271 4707 τὸ
2303 4653 2412 4707 τῶν
2441 4653 2807 4709 ἐλπισθέντων
2837 4653 2999 4726 ἐξέϐη
3036 4655 3228 4725 πέρας.
3275 4655 3484 4726 Γυμνοὶ
3517 4655 3627 4726 γὰρ
3657 4654 3826 4722 γεγό-

2211 4763 2336 4798 νασι
2387 4747 2484 4817 τῆς
2530 4746 2739 4802 ἄνωθεν
2785 4748 3111 4819 εὐμενείας,
3157 4732 3570 4818 ὰποϐεϐλήκασῖ
3617 4762 3679 4798 τε
3720 4747 3823 4800 τὸν

2213 4837 2550 4910 σκεπαστὴν,
2582 4839 2831 4894 τουτέστι
2853 4841 3089 4910 Χριστόν
3109 4855 3124 4871 ’
3158 4841 3206 4893 oi
3258 4840 3356 4909 μὲν
3391 4839 3498 4911 γὰρ
3527 4839 3585 4905 ἐξ
3631 4838 3823 4908 ἔργων

2209 4930 2434 4998 ἀγαθῶν
2475 4933 2588 4997 τοῖς
2635 4931 2776 4986 αὐτὰ
2830 4931 3131 5004 κατορθοῦν
3171 4932 3414 4986 ἐθέλουσι
3466 4930 3823 5002 συμϐήσεται

2212 5023 2412 5094 σκέπη,
2443 5023 2702 5094 νέμοντος
2729 5024 2914 5087 αὐτοῖς
2941 5025 3038 5078 καὶ
3070 5023 3228 5078 τοῦτο
3270 5023 3431 5077 Θεοῦ·
3452 5025 3566 5086 τοῖς
3597 5040 3661 5091 γε
3701 5023 3824 5094 μὴν

2209 5115 2319 5168 τῶν
2347 5115 2567 5186 φαύλων
2595 5117 2858 5188 ἐργάταις
2884 5119 2965 5182 είς
2995 5119 3289 5190 περιϐολὴν
3318 5119 3420 5172 οὐκ
3462 5117 3618 5172 ἔσται
3650 5117 3719 5171 τὰ
3755 5117 3825 5183 ἐξ

2209 5205 2410 5269 αὐτῶν,
2441 5205 2556 5260 ἀλλ’
2579 5206 2776 5278 ἔρημοι
2805 5207 3014 5279 σκέπης
3037 5210 3259 5264 ἔσονται
3295 5208 3497 5281 μᾶλλον
3524 5207 3624 5279 τῆς
3653 5207 3824 5279 παρὰ

2205 5297 2367 5350 Θεοῦ.

2281 5388 2359 5441 Τὰ
2380 5388 2492 5460 γὰρ
2519 5383 2664 5461 ἔργα
2707 5389 2929 5457 αὐτῶν,
2970 5391 3115 5461 ἔργα
3136 5391 3410 5462 ἀνομίας,
3441 5395 3493 5446 οι
3526 5390 3596 5444 δὲ
3618 5389 3820 5459 πόδες

2202 5478 2402 5535 αὐτῶν
2467 5482 2567 5535 ἐπὶ
2632 5485 2930 5553 πονηρίαν
2992 5483 3298 5553 τρέχουσι,
3369 5483 3619 5553 ταχυνοὶ
3694 5484 3820 5539 τοῦ

2203 5574 2407 5643 ἐκχέαι
2441 5570 2607 5645 αἷμα,
2642 5577 2743 5630 καί
2771 5581 2824 5632 οἱ
2866 5577 3251 5648 διαλογισμοὶ
3281 5575 3502 5643 αὐτῶν,
3539 5576 3820 5646 διαλογι-

2206 5667 2344 5738 σμοὶ
2375 5668 2494 5724 ἀπὸ
2544 5671 2774 5738 φόνων·
2820 5671 3158 5740 σύντριμμα
3201 5669 3297 5724 καὶ
3335 5668 3704 5738 ταλαιπωρία
3734 5667 3821 5723 ἐν
