4100 6490
373 401 511 456 1569

1484 403 1550 459 IN
1592 403 1832 461 [SAIAM
1867 405 2000 462 LIB.
2039 406 2104 463 ν.
2143 405 2380 463 TOMUS
2417 406 2504 462 IV.

3525 413 3665 472 1510

361 512 498 580 ταῖς
549 509 716 578 ὁδοῖς
761 510 984 579 αὐτῶν,
1036 514 1138 570 καὶ
1171 513 1318 570 ὁδὸν
1366 514 1615 586 εἰρήνης
1665 520 1780 574 οὐκ
1807 519 1954 574 οῖδαε

2074 536 2230 576 rum:
2255 532 2306 577 et
2334 526 2472 578 viam
2507 527 2652 590 pacis
2686 541 2792 580 non
2829 534 3207 595 cognoverunt.
3239 523 3365 581 Non
3407 537 3486 583 est
3513 527 3667 599 judi-

360 621 490 661 σιν.
533 607 657 659 Οὐκ
686 604 859 660 ἔσται
909 607 1111 676 κρίσις
1141 608 1211 662 ἐν
1244 607 1379 675 ταῖς
1425 608 1590 675 ὁδοῖς
1629 611 1852 669 αὐτῶν.
1901 613 1971 670 ΔΖ

361 701 477 771 γὰρ
507 700 693 768 τρίϐοι
719 698 922 754 αὐτῶν
947 698 1438 772 διεστραμμέναι,
1484 699 1560 770 ἅς
1595 701 1968 769 διοδεύουσι,

358 794 465 850 καί
518 795 632 848 οὐκ
680 792 924 848 οἴδασιν
971 792 1246 863 εἰρήνην.
1291 794 1399 850 Διά
1446 795 1625 851 τοῦτο
1655 795 1894 866 ἀπέστη
1925 797 1966 866 ἠ

357 887 564 956 κρίσις
595 884 700 940 ἀπ’
736 883 938 940 αὐτῶν
971 886 1073 958 (1).

437 979 692 1032 Ἕκαστα
754 977 868 1032 τῶν
931 979 1239 1036 Ἰουδαϊκῶν
1293 980 1788 1054 πλημμελημάτων
1867 982 1969 1037 ἀπ-

357 1071 681 1143 αριθμεῖται
726 1070 961 1140 λεπτῶς,
993 1073 1060 1126 ἵν’
1115 1075 1415 1149 ἐπειδήπερ
1457 1076 1816 1149 ἐπιϐέϐληνται
1863 1076 1968 1148 τῆς

358 1163 500 1234 πρὸς
531 1161 694 1216 αὐτὸν
715 1163 1073 1236 οἰκειότητος,
1097 1165 1263 1239 ψήφῳ
1285 1167 1472 1240 δικαίᾳ
1507 1169 1668 1224 τοῦτο
1699 1168 1967 1234 παθόντες

357 1253 716 1308 ἁλίσκωνται.
764 1255 947 1326 Ἔργα
971 1255 1081 1328 γὰρ
1109 1258 1342 1329 ἀνομίας
1364 1261 1500 1332 φησὶ
1529 1261 1711 1316 πάντα
1734 1261 1805 1316 τά
1825 1261 1964 1333 ἔργα

356 1344 561 1408 αὐτῶν,
592 1348 687 1401 καὶ
707 1347 1010 1421 συλλήϐδην
1038 1351 1098 1403 ὲν
1129 1351 1340 1415 τούτοις
1380 1353 1602 1425 ἁπάσης
1639 1353 1823 1410 αὐτῶν
1863 1355 1963 1424 τῆς

355 1439 507 1510 ζωῆς
563 1439 774 1512 ἀληθὴς
811 1441 1036 1510 γέγονεν
1073 1445 1107 1512 ἡ
1149 1443 1524 1517 κατάρῤησις·
1584 1446 1866 1519 ἐπιτρέχει
1902 1446 1961 1500 δὲ

354 1531 454 1586 καὶ
493 1531 638 1586 οὕτω
681 1532 791 1586 τῶν
839 1535 1182 1606 αίτιαμάτων
1210 1536 1465 1602 ἕκαστον,
1496 1539 1624 1604 τοὺς
1656 1539 1758 1610 μὲν
1789 1539 1960 1604 πόδας

351 1623 451 1676 ἐπὶ
484 1625 754 1696 πονηρίαν
775 1626 993 1698 τρέχειν
1021 1627 1213 1694 εἰπὼν,
1255 1630 1352 1683 καὶ
1382 1626 1522 1685 εῖναι
1558 1632 1826 1702 ταχυνοὺς
1877 1631 1960 1696 είς

350 1716 415 1771 τὸ
449 1717 642 1789 ἐκχέαι
685 1715 848 1791 αἷμα,
892 1720 989 1775 καὶ
1039 1721 1338 1794 λογισμοὺς
1379 1723 1676 1794 ἐσχηκέναι
1701 1723 1830 1788 τοὺς
1865 1723 1959 1778 ἐπὶ

348 1811 541 1880 φόνοις
574 1814 780 1877 αὐτοῖς.
820 1815 1013 1886 Ἀθρει
1041 1815 1104 1886 δή
1142 1834 1234 1888 μοι
1263 1817 1448 1881 πάλιν,
1478 1817 1582 1883 ὅτι,
1612 1817 1957 1873 καίτοιπλεί-

2075 615 2217 670 cium
2247 617 2304 671 in
2349 618 2447 672 viis
2477 635 2677 676 eorum.
2709 619 2926 675 Semita!
2959 618 3099 674 enim
3125 635 3310 674 eorum
3381 637 3662 690 pervenre,

2071 721 2202 777 quas
2233 719 2594 773 transeunt,et
2622 726 2726 764 non
2759 719 3115 781 cognoverunt
3141 727 3348 781 pacem.
3375 711 3664 784 Propterea

2071 802 2284 856 recessit
2307 801 2571 870 iudicium
2596 802 2660 857 ab
2691 803 2844 873 ipsis.

2142 978 2366 1049 Singula
2394 979 2704 1036 Iudaeorum
2737 979 2937 1036 delicta
2985 987 3272 1036 enumerat
3300 980 3658 1038 minutatimtz

2068 1083 2128 1130 ut
2164 1075 2601 1146 quandoquidem
2639 1091 2668 1130 a
2712 1073 3097 1144 conjunctione
3148 1073 3245 1130 Dei
3295 1081 3424 1129 sunt
3470 1073 3660 1146 ejecti,

2061 1167 2211 1238 justo
2251 1166 2462 1223 calculo
2507 1170 2610 1224 hoc
2645 1168 2792 1238 passi
2833 1167 3255 1224 convincantur.
3302 1165 3481 1236 Opera
3510 1167 3658 1222 enim

2067 1259 2395 1330 iniquitatis,
2424 1260 2622 1331 inquit,
2661 1261 2849 1318 omnia
2879 1275 3044 1331 opera
3069 1276 3283 1330 eorum,
3315 1270 3370 1318 et
3420 1274 3658 1317 summa-

2065 1353 2160 1407 tim
2180 1352 2235 1407 in
2267 1351 2352 1407 bis
2386 1353 2565 1410 verbis
2588 1362 2675 1410 est
2702 1369 2835 1410 vera
2866 1354 3031 1410 totius
3062 1354 3306 1423 ipsorum
3365 1353 3492 1409 vitta
3515 1351 3660 1407 relu-

2065 1443 2220 1498 tatio.
2245 1441 2528 1499 Percurrit
2559 1444 2724 1500 etiam
2761 1445 2842 1500 sic
2870 1443 3084 1516 singula
3111 1451 3317 1510 errata,
3340 1458 3462 1499 cum
3492 1442 3659 1514 pedes

2029 1537 2032 1540 ’
2062 1535 2197 1591 dicit
2227 1535 2294 1592 ad
2334 1535 2603 1598 malitiam
2636 1550 2880 1605 currere,
2905 1546 2962 1593 et
2991 1551 3116 1593 esse
3146 1537 3363 1592 veloces
3389 1535 3453 1591 ad
3482 1533 3661 1590 aliun-

2060 1627 2298 1684 dendum
2333 1628 2674 1700 sanguinem,
2711 1643 2776 1684 ac
2819 1628 3181 1699 cogitationes
3222 1628 3535 1697 suscepisse
3592 1627 3660 1682 de

2061 1721 2322 1777 czedibus.
2358 1720 2571 1777 Rursus
2619 1721 2724 1777 hoc
2772 1720 2908 1777 mihi
2954 1728 3160 1789 specta,
3185 1717 3352 1788 quod.
3389 1715 3494 1773 etsi
3545 1716 3660 1786 plu-

2062 1812 2200 1868 rima
2245 1812 2357 1870 sint
2402 1813 2618 1881 delicta,
2647 1812 2884 1884 primum
2919 1818 3312 1867 commemoret
3344 1815 3654 1880 promptum

351 1921 502 1958 στων
529 1904 700 1960 όντων
720 1907 831 1960 τῶν
862 1907 1378 1980 πλημμελημάτων,
1410 1910 1630 1982 πρῶτος
1655 1909 1954 1982 διαμέμνη-

2062 1907 2230 1963 caedis
2257 1905 2539 1978 patranda:
2570 1904 2837 1961 studium.
2873 1901 3111 1960 Currere
3137 1901 3285 1958 enim
3332 1901 3441 1956 huc
3484 1899 3655 1969 pedes

343 2014 441 2051 ται
463 1997 564 2067 τῆς
594 1998 949 2071 ἑτοιμότητος
993 2001 1096 2072 τῆς
1125 2002 1208 2066 είς
1257 2001 1320 2056 τό
1349 2018 1437 2070 γε,
1462 2003 1609 2075 φημὶ
1646 2003 1707 2058 τὸ
1739 2003 1960 2057 ἑλέσθαι

344 2091 542 2161 φονᾷν.
566 2088 798 2161 Τρέχειν
823 2091 937 2164 γὰρ
968 2091 1073 2165 ἔφη
1122 2093 1262 2164 πρὸς
1301 2093 1462 2148 τοῦτο
1499 2097 1630 2160 τοὺς
1664 2096 1830 2162 πόδας
1859 2096 1961 2150 αύ-

339 2179 482 2246 τῶν,
508 2180 600 2234 καὶ
631 2180 775 2248 ὀξεῖς
829 2183 949 2254 ἦτοι
987 2185 1256 2254 ταχυνοὺς
1301 2179 1444 2241 εἶναι
1484 2185 1624 2256 πρός
1650 2203 1716 2256 γε
1760 2187 1821 2242 τὸ
1849 2188 1959 2243 δεῖν

339 2271 690 2344 εἰσδέχεσθαι
747 2273 1136 2348 διαλογισμοὺς
1177 2277 1304 2344 τοὺς
1348 2280 1434 2350 ἐφ’
1489 2278 1684 2348 αι’ματί
1740 2297 1801 2333 τε
1863 2281 1960 2334 καὶ

340 2361 565 2433 φόνοις·
589 2363 908 2437 σύντριμμα
929 2367 987 2421 δὲ
1015 2368 1109 2422 καὶ
1137 2369 1518 2440 ταλαιπωρίαν
1569 2371 1630 2424 ὲν
1672 2373 1796 2437 ταῖς
1817 2372 1959 2438 ὁδοῖς

337 2455 534 2510 αὐτῶν
564 2453 707 2512 εἶναι
737 2457 1087 2526 διατείνεται,
1133 2463 1236 2516 οὐκ
1259 2463 1459 2518 εἰδέναι
1487 2482 1548 2519 τε
1576 2463 1680 2538 τὴν
1710 2466 1955 2539 εἰρήνην,

336 2548 467 2619 ἦτοι
505 2547 605 2620 τὴν
624 2549 725 2620 τῆς
754 2550 979 2622 εἰρήνης
998 2552 1138 2610 ὁδόν.
1167 2556 1236 2610 Ἀ
1258 2548 1369 2629 γὰρ
1385 2555 1556 2628 ἔδρων
1569 2558 1822 2624 ἀνοσίως,
1861 2558 1958 2612 καὶ

337 2639 496 2711 πέρα
521 2642 727 2706 παντὸς
748 2642 919 2708 ἱέντες
946 2644 1206 2716 θράσους,
1237 2647 1532 2720 συντριϐῆς
1558 2649 1648 2704 καὶ
1680 2650 1959 2704 ταλαιπω-

341 2732 472 2803 ρίας
493 2733 700 2800 αὐτοῖς,
715 2735 886 2808 ἦγουν
911 2740 1042 2810 παρ’
1063 2739 1247 2794 αὐτῶν
1270 2741 1480 2814 ἑτέροις
1491 2743 1683 2811 γέγονε
1696 2743 1954 2814 πρόξενα.

335 2820 530 2880 Ἦσαν
571 2826 629 2881 δέ
659 2844 762 2881 που
794 2829 1014 2896 πάντως
1047 2832 1543 2905 φιλοπραγματίαι,
1579 2836 1675 2890 καὶ
1693 2835 1959 2910 δικαῤῥά-

335 2933 454 2987 φοι,
489 2919 586 2973 καὶ
627 2919 763 2974 πολὺ
794 2922 1082 2987 νοσοῦντες
1113 2924 1176 2978 τὸ
1195 2925 1414 2997 δύσερι·
1439 2928 1580 2997 καὶὴ
1613 2926 1807 2982 τούτου
1831 2927 1958 3000 πρό-

333 3027 509 3080 φασις
523 3011 830 3084 λημμάτων
849 3015 1035 3082 ἔφεσις
1069 3017 1164 3070 καὶ
1177 3017 1542 3090 δωροληψίας.
1569 3019 1843 3092 Ταύτῃτοι
1860 3021 1957 3076 καὶ

337 3103 490 3174 μάλα
512 3105 761 3174 εἰκότως,
792 3107 908 3160 Οὐκ
935 3107 1054 3162 ἐστι
1108 3109 1314 3181 κρίσις,
1345 3111 1532 3181 φησὶν,
1568 3114 1625 3166 ὲν
1658 3116 1781 3178 ταῖς
1816 3114 1958 3179 όδοίς

335 3195 549 3252 αὐτῶν.
601 3198 803 3269 Κρίσιν
843 3201 900 3256 δέ
953 3219 1123 3274 φησιν
1169 3203 1409 3261 ἐνταῦθα
1454 3204 1551 3276 τὴν
1583 3208 1953 3280 δικαιοσύνην,

334 3292 460 3362 ἤτοι
507 3290 609 3364 τὴν
677 3295 1065 3368 ὲννομωτάτην
1121 3297 1216 3351 καὶ
1274 3297 1601 3370 ἀδιάϐλητον
1652 3301 1950 3359 πολιτείαν.

333 3383 499 3440 Οὕτω
520 3385 630 3458 γάρ
664 3387 766 3441 πού
785 3406 954 3460 φησιν
980 3391 1008 3444 ό
1037 3390 1324 3455 θεσπέσιος
1363 3392 1532 3445 Δαὸὶδ
1566 3395 1696 3465 περὶ
1727 3396 1828 3459 τῆς
1861 3395 1954 3450 διὰ

333 3477 586 3544 Μωσέως
619 3479 862 3552 ἐντολῆς,
893 3501 912 3533 ι
943 3481 1140 3554 Κρίσιν
1163 3484 1258 3536 καὶ
1284 3483 1634 3556 δικαιοσύνην
1667 3488 1725 3540 ὲν
1756 3485 1952 3542 Ἰακὼό

346 3571 412 3624 σὺ
440 3571 728 3644 ἐποίησας.
761 3593 781 3626 ι
812 3575 1011 3629 Ούκοῦκ
1049 3576 1303 3648 εὐθύτης,
1337 3578 1456 3650 ἦτοι
1482 3577 1825 3652 δικαιοσύνη,
1851 3581 1952 3636 οὐκ

334 3663 484 3719 ἔστιν
520 3665 580 3720 ἐν
607 3669 730 3732 ταῖς
757 3669 896 3732 ὁδοῖς
933 3668 1134 3724 αὐτῶν.
1180 3672 1627 3744 Διεστραμμέναι
1668 3673 1780 3746 γάρ
1817 3675 1945 3741 εἰσι,

334 3757 432 3812 καὶ
461 3758 728 3829 φεύγουσι
745 3759 847 3831 τὴν
875 3761 1122 3834 είρηνὴν,
1157 3764 1279 3837 ἦτοι
1324 3766 1463 3838 πρὸς
1489 3767 1711 3839 ἐτέρους
1739 3770 1948 3842 εἰρηνι-

333 3852 424 3906 xci
453 3852 913 3925 παραιτούμενοι,
952 3855 1123 3927 ἤγουν
1153 3858 1380 3930 είρηνὴν
1411 3858 1603 3914 ἐνθάδε
1654 3859 1822 3933 φησὶν
1853 3861 1948 3918 τὸν

331 3942 546 4015 Κύριον
595 3943 756 4017 ήμῶν
830 3947 1042 4018 Ἰησοῦν
1081 3951 1341 4020 Χριστὸν,
1397 3950 1457 4006 ὃν
1518 3954 1621 4007 οὐκ
1674 3953 1949 4026 ἠθέλησαν

331 4035 558 4102 εἰδέναι,
593 4036 685 4090 τὸν
707 4035 810 4108 τῆς
834 4037 1113 4103 ἀπωλείας
1138 4041 1355 4105 ἑαυτοῖς
1377 4041 1700 4112 ὀρύττοντες
1723 4043 1916 4115 βόθρον
1931 4085 1944 4098 .

335 4129 440 4184 Διά
479 4128 642 4185 τοῦτο
691 4131 822 4202 γὰρ,
865 4131 1052 4203 φησὶν,
1084 4133 1298 4207 ἀπέστη
1329 4138 1360 4207 ἡ
1394 4137 1579 4209 κρίσις
1619 4139 1716 4192 ἀπ’
1742 4138 1946 4205 αὐτῶν,

331 4220 611 4287 τουτέστι,
643 4223 852 4294 ταύτης
879 4224 1046 4279 ἕνεκα
1093 4225 1195 4297 τῆς
1245 4229 1425 4292 αἰτίας
1456 4230 1827 4302 ἀπεφοίτησεν
1852 4232 1950 4285 αὐ-

330 4314 444 4370 τῶν
478 4315 513 4386 ή
539 4314 884 4390 δικαιοσύνη,
909 4319 1078 4390 ἦγουν
1122 4319 1184 4374 τὸ
1227 4320 1426 4376 εἰδέναι
1467 4321 1624 4394 δρᾷν,
1655 4323 1693 4377 ἃ.
1723 4323 1816 4378 τὸν
1849 4324 1950 4394 τῆς

2059 2015 2252 2058 eorum
2282 2001 2380 2065 ait,
2407 2009 2462 2056 et
2496 1997 2704 2056 celeres
2739 2011 2804 2052 ac
2840 1995 3053 2053 veloces
3075 2009 3199 2051 esse
3222 1993 3290 2050 ad
3325 1991 3654 2063 capiendum

2058 2093 2290 2150 consilia
2325 2094 2392 2150 de
2443 2093 2709 2164 sanguine
2741 2099 2798 2148 et
2835 2090 3002 2147 caede.
3048 2087 3300 2145 Afﬁrmat
3343 2099 3565 2156 quoque
3599 2084 3653 2139 in

2059 2185 2164 2242 viis
2204 2199 2396 2241 eorum
2445 2182 2832 2240 contritionem
2861 2196 2986 2239 esse
3010 2195 3075 2237 ac
3113 2179 3412 2242 miseriam,
3451 2191 3657 2247 eosque

2057 2278 2277 2334 nescire
2315 2291 2529 2349 pacem,
2560 2291 2656 2334 seu
2682 2275 2826 2333 viam
2860 2275 3034 2347 pacis.
3069 2272 3206 2330 Nam
3241 2286 3362 2343 quae
3391 2269 3561 2340 impie
3601 2275 3660 2325 et

2056 2367 2344 2440 plusquam
2379 2367 2639 2423 audacter
2665 2375 2976 2439 patrarunt,
3015 2364 3406 2422 contritionem
3449 2371 3508 2418 et
3551 2362 3656 2416 mi-

2055 2465 2258 2521 seriam
2306 2464 2462 2534 ipsis,
2491 2472 2589 2519 aut
2613 2463 2683 2518 ab
2717 2461 2854 2532 ipsis
2893 2459 3014 2517 aliis
3057 2458 3456 2516 conﬂaverunt.
3487 2455 3661 2512 Erant

2056 2567 2240 2615 autem
2268 2558 2474 2628 ubique
2503 2572 2688 2614 rerum
2712 2556 3014 2611 alienarum
3037 2550 3334 2617 curiosi,et
3365 2546 3562 2604 tabula:
3591 2559 3660 2601 ac

2059 2652 2238 2708 litium
2270 2659 2687 2718 consutorcs,et
2715 2649 2910 2705 morbo
2928 2645 3274 2703 contentiose
3296 2641 3547 2714 litigandi
3581 2639 3658 2694 ia-

2059 2745 2353 2802 borabant.
2380 2740 2549 2812 Cujus
2570 2740 2736 2797 etiam
2765 2753 2928 2796 causa
2963 2737 3090 2802 fuit,
3122 2734 3430 2806 praedarum
3465 2739 3522 2786 ct
3549 2730 3650 2785 do-

2055 2852 2252 2893 norum
2283 2834 2724 2906 accipiendorum
2787 2831 3080 2899 cupiditas.
3149 2825 3288 2883 llinc
3328 2833 3384 2881 et
3432 2822 3650 2894 quidem

2054 2929 2360 3000 iustissime
2382 2969 2398 2994 ,
2433 2926 2551 2984 Non
2578 2926 2746 2998 832
2769 2933 2873 2990 est,
2921 2922 3124 2994 inquit,
3167 2919 3430 2990 judicium
3465 2917 3519 2971 in
3551 2916 3656 2971 viis

2060 3035 2272 3079 eorum.
2299 3018 2575 3074 Iudicium
2596 3017 2688 3072 bic
2709 3015 2842 3071 dicit
2863 3011 3156 3083 justitiam,
3213 3009 3330 3064 sive
3364 3006 3651 3061 honestam

2059 3123 2116 3168 et
2159 3126 2370 3183 mquam
2401 3120 2453 3166 et
2503 3109 2835 3180 inculpatam
2901 3103 3162 3175 degendae
3210 3101 3339 3155 vitae
3365 3098 3652 3153 rationem.

2063 3205 2155 3262 Sic
2177 3205 2323 3261 enim
2346 3203 2481 3259 dicit
2511 3201 2729 3257 divinus
2761 3199 2934 3255 David
2961 3198 3032 3254 de
3055 3193 3348 3267 praeceptis
3379 3187 3656 3247 Mosaicis.‘

2067 3315 2086 3349 ι
2112 3295 2384 3351 iudicium
2419 3291 2763 3360 etjustitiam
2791 3290 2846 3344 in
2878 3287 3047 3344 Jacob
3094 3295 3153 3341 tu
3185 3281 3365 3340 fecisti
3391 3281 3460 3335 7‘.
3496 3299 3516 3334 ι
3549 3280 3656 3334 Ita-

2052 3403 2164 3459 que
2193 3402 2300 3443 non
2335 3396 2421 3440 est
2457 3384 2751 3448 rectitudo,
2783 3396 2878 3438 seu
2919 3379 3132 3450 justitia
3179 3376 3239 3431 in
3283 3375 3389 3430 viis
3438 3388 3651 3429 corum.

2057 3483 2198 3540 Sunt
2248 3479 2394 3536 enim
2451 3492 2743 3548 perversm,
2794 3484 2850 3530 et
2892 3488 3082 3544 pacem
3131 3470 3364 3541 fugiunt,
3401 3467 3484 3522 vel
3533 3480 3654 3520 cum

2053 3574 2178 3631 aliis
2201 3587 2391 3644 pacem
2416 3570 2599 3628 colere
2647 3569 2992 3624 detrectant:
3025 3564 3104 3621 vel
3143 3578 3328 3634 pacem
3369 3562 3457 3617 hic
3498 3565 3658 3614 vocat

2054 3667 2344 3723 Dominum
2375 3674 2621 3720 nostrum
2657 3659 2842 3716 Jesum
2876 3657 3358 3725 Christum,quem
3387 3653 3529 3708 scire
3562 3666 3658 3705 no-

2056 3759 2566 3828 luerunt,interitus
2589 3757 2802 3812 foveam
2829 3755 3048 3810 sibimet
3082 3750 3374 3808 fodientes.
3401 3745 3659 3815 Propter-

2055 3873 2121 3914 ea
2171 3857 2318 3914 enim
2366 3855 2532 3911 dicit:
2559 3849 2844 3915 Aliscessit
2884 3847 3152 3919 judicium
3189 3845 3258 3900 ab
3290 3842 3418 3907 illis,
3452 3841 3504 3895 id
3549 3847 3654 3903 est,

2051 3948 2166 4006 Hac
2205 3951 2271 4005 de
2302 3964 2469 4005 causa
2527 3946 2756 4002 recessit
2797 3943 2869 3999 ab
2915 3941 3024 3997 illis
3061 3936 3301 4008 justitia,
3331 3944 3386 3990 et
3426 3931 3655 3989 scientia

2052 4043 2246 4114 agendi
2289 4057 2374 4108 ea,
2401 4056 2520 4110 quae
2543 4039 2776 4107 iustitiae
2803 4049 3065 4092 coronam
3101 4031 3186 4088 his
3213 4028 3531 4100 acquirunt,
3563 4026 3656 4095 qui

2052 4140 2141 4195 illa
2178 4137 2367 4193 volunt
2413 4133 2654 4191 efﬁcere.
2683 4131 2843 4188 Omni
2884 4136 3068 4184 autem
3109 4121 3385 4195 spirituali
3425 4119 3653 4177 scientia

2051 4237 2243 4288 carent
2285 4227 2481 4293 Judaei,
2511 4236 2566 4284 et
2607 4222 3006 4297 quodammodo
3043 4215 3312 4275 abscessit
3350 4214 3419 4269 ab
3471 4213 3656 4266 animo

2055 4339 2272 4389 eorum,
2299 4338 2410 4394 quo
2442 4329 2606 4392 pacto
2632 4320 2735 4374 rite
2765 4319 2908 4388 quod
2937 4315 3049 4370 Deo
3080 4319 3294 4384 gratum
3324 4307 3396 4364 sit
3429 4306 3652 4362 obeant.

328 4407 680 4481 δικαιοσύνης
739 4414 1104 4494 περιποιεῖται
1163 4414 1426 4485 στέφανον
1488 4420 1601 4481 τοῖς
1664 4417 1966 4489 κατορθοῦν
2025 4416 2326 4490 ᾑρημένοις
2398 4414 2560 4469 αὑτά.
2622 4412 2770 4477 Ἔξω
2829 4409 2886 4464 δὲ
2947 4407 3130 4478 πάσης
3183 4402 3324 4456 εἰσὶν
3370 4395 3657 4469 εὐτεχνίας

330 4508 716 4578 πνευματικῆς
753 4493 1019 4575 Ἰουδαῖοι,
1062 4510 1158 4564 καὶ
1188 4508 1298 4566 οἷον
1325 4513 1548 4584 ἀπέπτη
1605 4515 1706 4585 τῆς
1737 4513 1979 4579 διανοίας
2032 4513 2214 4569 αὐτῶν
2272 4513 2333 4567 τὸ
2372 4512 2465 4567 καὶ
2485 4511 2626 4573 ὅλως
2654 4508 2856 4563 εἰδέναι
2886 4501 3151 4560 δύνασθαί
3177 4517 3230 4554 τι
3252 4498 3361 4552 τῶν
3392 4493 3654 4568 ἀρεσκόν-

325 4618 440 4656 των
464 4601 586 4674 Θεῷ
617 4603 989 4676 διαπεραίνειν
1012 4605 1209 4678 ὀρθῶς.

417 4698 432 4718 ⁹
448 4699 908 4776 Υπομεινάντων
932 4701 1134 4758 αὐτῶν
1157 4703 1288 4773 φῶς
1309 4704 1551 4775 ἐγένετο
1575 4706 1784 4774 αὐτοῖς
1811 4709 1951 4763 σκό-

2130 4701 2295 4756 νειιε.
2317 4697 2470 4755 9-11.
2495 4693 2632 4750 Cum
2653 4699 3012 4762 exspectarent
3033 4690 3225 4756 lucem,
3254 4689 3414 4757 {actm
3430 4695 3551 4743 sunt
3577 4686 3654 4742 eis

326 4806 456 4859 τος,
513 4793 832 4863 μείναντες
881 4793 1083 4866 αὐγὴν
1123 4796 1190 4850 ἐν
1237 4797 1426 4867 ἀωρίᾳ.
1457 4798 1934 4870 περιεπάτησαν.

335 4887 837 4957 Ψηλαρήσουσιν
883 4890 965 4956 ὡς
1011 4888 1246 4960 τυφλὸς
1282 4889 1510 4959 τοῖχον,
1561 4891 1664 4946 καί
1705 4893 1788 4959 ὡς
1825 4895 1940 4964 οὐχ

327 4977 735 5048 ὑπαρχόντων
786 4981 1122 5052 ὀφθαλμῶν
1179 4983 1652 5054 ψηλαφήσουσι,
1704 4985 1807 5040 καὶ
1838 4999 1944 5040 πε-

328 5070 590 5126 σοῦνται
645 5073 716 5126 ὲν
755 5076 1122 5145 μεσημϐρίᾳ,
1160 5077 1242 5143 ὡς
1284 5074 1355 5133 ἐν
1401 5080 1805 5149 μεσονυκτίφ.
1845 5079 1941 5148 Ὠς

327 5163 834 5234 ἀποθνήσκοντες
863 5168 1303 5238 στενάξουσιν,
1334 5170 1417 5239 ὡς
1448 5170 1634 5242 ἄρκος
1661 5213 1664 5216 .
1689 5172 1790 5227 xui
1835 5189 1940 5227 ae-

323 5259 584 5327 ριστερὰ
605 5258 729 5326 ἅμα
748 5262 1177 5329 πορεύσονται.

418 5351 724 5423 Ἐπάρατον
749 5354 957 5414 αὐτῶν.
988 5355 1082 5410 καὶ
1107 5357 1499 5432 ἐκνομωτάτην
1521 5361 1810 5433 ἀποφήνας
1839 5359 1939 5432 τὴν

329 5444 503 5515 ζωήν·
560 5445 669 5517 ἔφη
692 5519 700 5522 ”
714 5446 846 5520 γὰρ,
872 5449 994 5502 τίνα
1024 5449 1162 5522 ἔργα
1190 5453 1372 5508 αὐτῶν
1401 5453 1539 5526 ἔργα
1558 5455 1812 5526 ἀνομίας,
1844 5454 1939 5508 καὶ

329 5536 508 5594 ταῦτα
540 5539 756 5606 λεπτῶς
799 5542 1356 5617 ἀπαριθμησάμενος,
1407 5548 1528 5602 τίνα
1566 5548 1626 5602 τέ
1664 5550 1803 5612 ἐστι,
1841 5549 1937 5602 καὶ

407 5720 457 5753 ⁷⁷⁸
488 5720 632 5776 Psal.
670 5738 859 5792 cxvm,
906 5723 1025 5781 l2].

407 5900 482 5972 (1)
522 5900 653 5957 LXX
691 5902 911 5966 addunt,
944 5904 1034 5957 καὶ
1080 5902 1137 5955 οὐ

2045 4797 2311 4853 tenebris:
2333 4790 2701 4860 praestolantes
2738 4787 3090 4856 splendorem,
3126 4785 3182 4838 in
3214 4783 3442 4854 caligine
3463 4779 3652 4834 ambu-

2046 4891 2250 4947 larunt.
2275 4886 2582 4957 Palpabunt
2621 4892 2874 4953 tanquam
2921 4896 3091 4936 ca’cus
3135 4880 3412 4947 parietem,
3438 4887 3487 4931 et
3534 4886 3655 4929 tan-

2048 5000 2209 5056 quam
2241 4982 2297 5037 hi
2337 4979 2428 5052 qui
2477 4976 2647 5034 oculis
2674 4975 2815 5044 capti
2852 4981 2995 5036 sunt,
3022 4971 3339 5042 palpabunt,
3376 4979 3424 5022 ct
3457 4967 3650 5022 cadent

2049 5079 2107 5133 in
2143 5075 2383 5139 meridie,
2426 5073 2568 5127 velut
2613 5072 2668 5124 in
2717 5076 2867 5123 nocte
2905 5067 3100 5122 media.
3151 5063 3321 5129 Quasi
3361 5062 3649 5116 morientes

2047 5179 2274 5242 gemant,
2295 5167 2450 5240 quasi
2495 5181 2656 5220 ursus
2690 5171 2740 5218 et
2767 5161 2924 5231 quasi
2961 5155 3206 5213 columba
3235 5155 3439 5226 pariter
3459 5154 3649 5208 ambu-

2048 5263 2232 5320 labunt
2245 5303 2259 5317 .
2409 5321 2412 5324 ,

2120 5353 2530 5412 Exsecrabilem
2565 5365 2756 5408 eorum
2787 5345 3256 5417 etiniquissimam
3298 5343 3461 5399 vitam
3493 5347 3644 5409 post-

2045 5465 2208 5522 quam
2257 5447 2538 5504 ostendit:
2567 5445 2707 5501 dixit
2759 5438 3156 5509 enim:0pera
3215 5449 3427 5497 eorum.
3478 5446 3644 5501 opera

2046 5542 2383 5614 iniquitatis:
2409 5550 2463 5597 et
2492 5539 2578 5596 his
2606 5538 2918 5595 minutatim
2950 5548 3016 5590 ac
3047 5529 3324 5603 sigillatim
3347 5537 3641 5584 annumera-

1181 5901 1254 5975 μὴ
1307 5900 1585 5971 καταλάϐῃ
1639 5900 1831 5965 αὐτοις
1865 5897 2196 5970 δικαιοσύνη.
