4140 6498
505 402 632 461 1511

507 524 606 592 tis,
626 531 681 577 et
705 534 953 592 quaenam
985 525 1188 585 essent,
1227 533 1291 576 ac
1317 517 1648 589 cuiusmodi,
1684 527 1970 589 postquam
1999 535 2095 574 οι·
2124 523 2167 578 Α

507 618 709 685 posuit,
747 613 1056 669 necessario
1093 611 1257 667 infert
1303 626 1368 668 ac
1397 611 1696 682 subjuugit,
1729 619 1784 666 et
1827 611 2088 666 damnum

511 709 638 763 hinc
668 707 770 762 illis
799 705 1086 771 inflictum,
1119 715 1176 760 et
1213 705 1570 763 intolerandae
1598 705 1912 760 vitiositatis
1948 714 2092 760 reta-

508 801 809 867 liationem,
846 813 909 853 ac
933 799 1227 868 impietatis
1253 799 1494 868 ipsorum
1529 796 1760 854 fructus.
1788 797 2088 867 Exspecta-

508 893 638 947 bant
664 892 812 948 enim
840 890 1442 946 Judaaiillustratiouem
1475 905 1505 944 a
1532 889 1776 952 Christo,
1797 887 2093 943 audiebant

505 983 800 1053 prophetas
841 991 1062 1040 sanctos
1113 987 1415 1040 clamantes
1474 983 1763 1040 manifeste
1799 1001 1812 1038 :
1851 982 2092 1037 tlllumi-

509 1091 660 1142 nare,
701 1076 1029 1142 illuminare,
1056 1075 1398 1132 Jerusalem:
1434 1077 1586 1130 venit
1611 1075 1756 1130 enim
1791 1074 1880 1128 lux
1902 1082 2015 1139 tua,
2037 1083 2092 1130 et

507 1167 676 1239 gloria
709 1167 921 1224 Domini
976 1182 1140 1237 super
1168 1175 1220 1222 te
1246 1176 1367 1222 orta
1400 1174 1488 1221 est
1520 1165 1590 1219 ⁷³.
1621 1183 1642 1218 ι
1671 1163 1740 1220 Ει
1793 1174 1922 1220 tunc
1962 1177 2091 1234 ape-

509 1269 719 1315 rientur
747 1259 890 1315 oculi
920 1273 1226 1314 caecorum:
1255 1268 1312 1314 et
1345 1266 1610 1328 quantum
1665 1257 1732 1311 ad
1773 1265 2092 1312 sanctorum

508 1352 899 1422 prophetarum
937 1351 1343 1420 praedictionem
1383 1351 1595 1415 attinet,
1626 1364 1730 1404 non
1772 1357 1928 1404 erant
1951 1350 2090 1402 bona

505 1459 604 1514 spe
651 1445 892 1499 destituti
947 1444 1157 1500 miseri.
1209 1443 1490 1512 Siquidem
1533 1443 1677 1496 inter
1728 1456 1790 1498 se
1837 1441 2092 1496 dicebant

510 1538 806 1608 aliquando
839 1537 1082 1592 Iudaicae
1121 1535 1420 1607 Syuagogae
1452 1535 1712 1606 praesides
1744 1553 1758 1588 :
1802 1553 1821 1587 ι
1858 1534 1996 1589 Num
2026 1549 2092 1589 ex

509 1632 724 1688 Galilma
756 1631 1005 1686 Christus
1055 1629 1244 1685 venit?
1287 1629 1476 1685 Nonne
1517 1619 1801 1698 Scriptura
1829 1628 1982 1696 dicit,
2025 1643 2091 1682 ex

508 1724 718 1778 semine
767 1723 1006 1790 Duvidis,
1036 1732 1092 1778 et
1135 1739 1164 1777 a
1221 1721 1498 1778 Bethleem
1534 1723 1653 1776 vico
1681 1721 1957 1776 Christum
2002 1735 2096 1777 ve-

508 1816 769 1870 nire"?t
808 1814 1150 1870 Samaritana
1201 1829 1415 1884 quoque
1474 1814 1562 1868 illa
1617 1812 1811 1870 mulier
1844 1812 2091 1868 confessa

1566 401 1624 457 S.
1665 398 1937 457 CYllll.Ll
1975 400 2445 460 ALEXANDRINI
2483 404 2802 462 ARCHIEP.

3652 412 3790 468 1512

2196 519 2265 573 δι’
2297 521 2440 575 ὅσων
2471 520 2691 593 ἔρχεται
2730 520 2950 592 τρόπων
2989 522 3178 588 εἰπὼν,
3231 523 3546 593 ἀναγκαίως
3591 512 3806 599 ἐπάγειί

2196 612 2290 667 καὶ
2333 614 2687 686 παρατίθησι,
2720 616 2815 669 καὶ
2855 615 2956 686 τὴν
2985 614 3239 670 ἐντεῦθεν
3279 618 3466 683 αὐτοῖς
3507 620 3794 694 ἐντετριμ-

2195 704 2365 777 μένην
2386 706 2609 778 ζημίαν,
2633 710 2729 763 καὶ
2767 709 2866 780 τῆς
2897 710 3128 781 ἀσχέτου
3158 709 3492 780 φαυλότητος
3526 711 3626 783 τὴν
3661 708 3809 766 ἀντ-’

2192 795 2417 862 έκτισιν,
2445 797 2565 868 ἦτοι
2593 799 2721 863 τοὺς
2742 799 2842 870 τῆς
2863 798 3092 876 ἐνούσης
3126 799 3310 863 αὐτοῖς
3341 798 3600 866 ἀσεϐείας
3660 783 3809 874 κάρ-³

2193 888 2350 952 πούς.
2371 890 2723 961 Προσεδόκων
2747 892 2844 962 μὲν
2869 892 2976 963 γάρ
3009 892 3253 946 Ἰουδαῖοι
3275 891 3368 946 τὸν
3391 894 3545 964 παρά
3569 895 3794 965 Χριστῷ

2194 982 2498 1052 φωτισμόν.
2561 983 2800 1037 Ἤκουον
2849 984 3148 1057 προφητῶν
3207 985 3382 1054 ἁγίων
3430 986 3794 1042 ἀναϐοώντων

2192 1074 2517 1144 ἀναφανδὸν,
2557 1093 2576 1128 ‹
2605 1075 2869 1141 Φωτίζου,
2909 1076 3168 1146 φωτίζου,
3219 1077 3603 1150 Ἰερουσαλὴμ,
3661 1080 3792 1150 ἥκει

2192 1164 2302 1236 γάρ
2337 1167 2400 1219 τὸ
2427 1166 2544 1236 φῶς
2572 1184 2692 1234 σου,
2717 1170 2812 1222 καὶ
2831 1170 2864 1240 ὴ
2886 1168 3014 1236 δόξα
3039 1170 3246 1241 Κυρίου
3277 1171 3372 1224 ἐπὶ
3397 1171 3458 1225 σὲ
3497 1171 3796 1228 ἀνατέταλ-

2195 1277 2282 1316 κε.
2323 1279 2341 1314 ι
2379 1261 2491 1315 Καὶ
2525 1262 2647 1316 τότε
2686 1263 3102 1335 ἀνοιχθήσονται
3122 1264 3394 1337 ὀφθαλμοὶ
3429 1266 3671 1336 τυφλῶν,
3695 1269 3788 1323 καὶ

2193 1353 2254 1407 τό
2292 1370 2356 1422 γε
2387 1348 2523 1425 ἦχον
2547 1357 2628 1419 είς
2655 1355 2754 1426 τὴν
2785 1356 2896 1410 τῶν
2927 1357 3098 1426 ἁγίων
3127 1358 3426 1429 προφήτων
3455 1360 3793 1432 προαγόρευ-

2195 1463 2300 1506 σιν,
2334 1447 2435 1500 οὐκ
2467 1446 2574 1512 ἐξω
2610 1447 2854 1519 χρηστῆς
2883 1449 3099 1513 ἐλπίδος
3140 1445 3284 1520 ἦσαν
3323 1452 3372 1504 οἱ
3401 1451 3653 1516 τάλανες.
3680 1453 3795 1505 Kal

2194 1539 2326 1603 γοῦν
2359 1539 2731 1609 προσελάλουν
2763 1541 3017 1614 ἀλλήλοις
3060 1543 3189 1596 ποτὲ
3216 1544 3317 1614 τῆς
3359 1544 3630 1599 Ἰουδαίων
3660 1546 3797 1598 Συν-

2195 1631 2419 1700 αγωγῆς
2458 1633 2508 1683 οἱ
2542 1635 2966 1703 προεστηκότες,
3008 1651 3027 1684 t
3070 1633 3163 1705 Μὴ
3204 1635 3268 1687 ἐκ
3289 1634 3390 1705 τῆς
3420 1635 3714 1698 Γαλιλαίας
3765 1635 3798 1687 ὁ

2195 1720 2430 1789 Χριστὸς
2451 1720 2694 1792 ἕρχεται;
2723 1722 2822 1792 οὐχ
2849 1723 2883 1794 ἡ
2911 1723 3100 1795 Γραφὴ
3134 1720 3310 1790 εἶπεν,
3339 1726 3423 1778 ὅτι
3454 1725 3518 1778 ἐκ
3547 1725 3797 1796 σπέρμα-

2195 1822 2286 1869 τος
2319 1805 2502 1872 Δαϐὶδ,
2538 1809 2634 1861 καὶ
2672 1808 2782 1862 ἀπὸ
2831 1810 3089 1882 Βηθλεὲμ
3127 1813 3228 1883 τῆς
3277 1812 3470 1885 κώμης
3499 1815 3529 1867 6
3558 1813 3798 1885 Χριστὸς

505 1915 591 1962 est
650 1907 957 1975 manifeste,
1013 1908 1191 1978 ipsum
1234 1906 1400 1978 833
1448 1906 1726 1962 Christum
1781 1906 2082 1977 alloquens,

2200 1897 2432 1969 Ξρχεταις
2461 1919 2478 1951 ι
2509 1902 2619 1954 Kal
2652 1903 2686 1971 ἠ
2707 1903 3036 1974 Σαμαρεῖτις
3061 1905 3247 1976 ἐκείνη
3273 1907 3409 1976 γυνὴ
3459 1906 3796 1976 διωμολόγη“

506 2001 771 2055 adventus
799 1998 1077 2055 virtutem.
1118 1999 1340 2054 Dicebat
1372 1999 1520 2053 enim
1548 2016 1563 2054 :
1596 2017 1614 2050 ι
1655 1998 1913 2054 Novimus
1950 1997 2092 2067 quod

511 2087 738 2145 Messias
793 2090 962 2156 venit,
1019 2089 1113 2159 qui
1155 2089 1644 2145 diciturChristus.
1697 2088 1834 2144 Cum
1885 2089 2095 2144 venerit

511 2179 618 2243 ille,
653 2179 1178 2235 annuntiabitnobis
1204 2179 1409 2235 omnia.
1463 2197 1482 2230 ι
1511 2178 1908 2249 Exspectabam
1940 2192 2091 2249 ergo,

511 2280 572 2326 ut
627 2272 760 2339 dixi,
810 2271 1227 2327 illustrationem
1262 2287 1290 2326 a
1325 2271 1576 2328 Christo:
1608 2272 1703 2328 sed
1746 2273 2096 2342 contigerunt

510 2373 712 2430 praeter
760 2379 910 2435 spem
966 2364 1073 2420 illis
1120 2365 1323 2422 omnia.
1373 2365 1491 2420 Non
1540 2366 1682 2420 enim
1715 2381 1895 2421 veram
1919 2365 2095 2419 lucem

510 2455 871 2521 admiserunt,
909 2455 1001 2510 sed
1031 2470 1150 2509 cum
1183 2456 1435 2510 tenebras
1469 2455 1613 2511 ultro
1647 2456 1748 2512 sibi
1796 2454 2094 2510 accersitas

513 2555 772 2616 tanquam
817 2547 871 2601 in
921 2547 1190 2602 domicilia
1222 2547 1525 2602 animorum
1572 2547 1924 2618 recepissent,
1961 2544 2092 2601 caeci

509 2640 856 2705 exstiterunt,
885 2648 943 2694 et
972 2639 1138 2694 duces
1167 2654 1460 2706 caecorum,
1485 2642 1642 2711 juxta
1663 2638 1972 2694 Servatoris
2001 2653 2094 2692 vo—

510 2746 627 2787 cem
657 2729 724 2786 ".
755 2730 890 2786 Dum
917 2731 1081 2802 igitur
1108 2731 1284 2788 lucem
1316 2731 1390 2786 illi
1419 2732 1883 2803 praestolarentur,
1910 2729 1961 2784 id
1987 2738 2096 2796 est,

509 2833 795 2895 sperarent
821 2833 875 2880 et
911 2832 1325 2896 exspectarent,
1350 2825 1663 2896 obtigerunt
1699 2823 1804 2879 illis
1841 2821 2096 2878 tenebrae.

511 2919 578 2972 Et
605 2927 984 2988 exspectantes
1001 2918 1366 2988 splendorem,
1388 2919 1441 2974 in
1466 2917 1696 2987 caligine
1719 2918 2094 2972 versabantur.

509 3006 656 3065 idem
709 3024 899 3066 rursus
945 3010 1104 3064 aliter
1143 3011 1309 3064 etiam
1357 3011 1422 3065 de
1471 3013 1662 3065 eadem
1711 3024 1769 3064 re
1797 3009 1946 3078 ponit
1975 3024 2100 3079 pro-

510 3103 698 3174 pheta,
757 3104 1027 3158 dictorum
1079 3105 1409 3158 sententiam
1457 3117 1756 3172 exponens.
1799 3101 1903 3170 Qui
1953 3103 2097 3157 enim

513 3195 857 3265 splendorem
883 3204 1292 3264 exspectarunt,
1319 3195 1372 3249 in
1411 3193 1650 3250 tenebris
1679 3192 1962 3262 profundis
1985 3208 2096 3248 am-

512 3289 859 3346 bulaverunt.
905 3287 1020 3345 Hoc
1053 3289 1198 3345 enim
1219 3289 1322 3360 τῆς
1351 3289 1582 3360 ἀωρίας,
1623 3287 1674 3343 id
1709 3297 1812 3355 est,
1845 3287 2097 3358 caliginis

514 3397 710 3438 nomen
760 3381 1048 3453 significat.
1105 3381 1312 3436 Deinde
1351 3392 1410 3436 ut
1431 3381 1716 3448 caecitatis,
1747 3395 1866 3450 qua:
1901 3381 1958 3435 in
1992 3379 2098 3436 illis

511 3475 636 3542 fuit,
668 3475 1093 3546 magnitudinem
1131 3475 1468 3544 exprimeret
1495 3473 1864 3544 :Palpabuut,
1893 3474 2094 3544 inquit,

514 3578 774 3636 tanquam
829 3581 1008 3622 caecus
1058 3564 1126 3620 ad
1175 3566 1460 3634 parietem.
1499 3564 1592 3620 Sic
1625 3565 1771 3620 enim
1824 3566 2097 3620 interdum

511 3657 790 3714 ambulare
840 3666 1259 3721 consueverunt,
1289 3657 1381 3726 qui
1425 3656 1705 3711 oculorum
1745 3657 1996 3711 caecitate
2027 3655 2097 3709 la-

512 3752 730 3805 borant.
764 3749 832 3804 Et
855 3751 911 3803 in
946 3749 1084 3818 ipso,
1121 3749 1317 3818 inquit,
1340 3748 1585 3812 meridie,
1631 3757 1886 3818 tanquam
1919 3746 2096 3802 media

2126 3241 2169 3298 C

514 3852 673 3900 nocte
699 3843 913 3898 cadent.
960 3842 1236 3897 Meridiem
1272 3843 1489 3908 usitate,
1526 3841 1758 3896 mediam
1812 3840 1918 3896 diei
1967 3855 2097 3910 par-

514 3949 621 3991 tem
653 3936 921 4000 nominat,
960 3935 1180 4006 quando
1203 3933 1336 3990 solis
1370 3935 1606 3991 circulus
1635 3934 1874 3989 medium
1897 3932 2094 3988 coelum

515 4043 728 4098 tenens,
745 4030 926 4086 radios
956 4029 1305 4084 intentissimi
1339 4029 1536 4086 caloris
1559 4027 1809 4084 immittit
1828 4035 1989 4083 terra:
2016 4027 2096 4081 in-

512 4123 669 4189 colis,
697 4131 749 4178 et
789 4122 938 4178 velut
970 4123 1309 4193 opulentiore
1374 4122 1682 4192 splendoris
1723 4121 1879 4191 c0pia
1923 4119 2094 4176 collu‘

520 4227 662 4271 strat
705 4216 930 4283 omnia;
963 4215 1338 4288 μεσονύκτιον,
1383 4215 1434 4271 id
1469 4223 1574 4282 est,
1621 4213 1855 4270 medium
1898 4215 2092 4282 noctis,

508 4312 726 4381 quando
749 4310 1025 4381 profunda:
1065 4311 1304 4366 tenebrae
1345 4309 1600 4365 omnibus
1641 4309 1745 4365 sub
1779 4309 1904 4366 cceli
1945 4324 2096 4366 com-

511 4404 670 4474 plcxu
699 4401 1069 4458 offunduntur.
1094 4401 1154 4456 ln
1185 4400 1416 4456 meridie
1455 4399 1641 4470 igitur,
1677 4399 1874 4470 inquit,
1906 4399 1960 4455 id
1987 4407 2093 4464 est,

510 4497 564 4550 in
629 4495 1093 4552 abundautissima
1141 4493 1282 4561 luce,
1339 4493 1522 4548 divina
1576 4493 1804 4560 scilicet,
1853 4502 1912 4548 et
1973 4507 2096 4563 qua;

513 4596 693 4641 mente
716 4587 1033 4655 percipitur,
1053 4601 1174 4656 quae
1198 4584 1384 4640 orbem
1419 4593 1578 4640 terra:
1609 4585 1897 4650 illuminat,
1924 4583 2090 4640 bene-
2125 4590 2169 4647 Ι)

513 4678 637 4733 licio
685 4677 929 4732 omnium
991 4687 1236 4732 nostrum
1281 4675 1596 4733 Servatoris
1645 4675 1874 4740 Christi,
1903 4676 2100 4731 cadent

513 4789 610 4827 ceu
635 4772 784 4836 caeci,
803 4770 973 4826 Judaei
1004 4785 1110 4840 quo
1137 4771 1342 4825 vadunt
1372 4770 1562 4826 nescii.
1591 4769 1894 4824 Noluerunt
1927 4766 2100 4835 siqui-

512 4867 634 4920 dem
666 4865 886 4920 obedire
925 4865 1144 4919 Christo
1177 4864 1420 4919 dicenti:
1451 4882 1470 4917 ι
1499 4862 1751 4931 Quandiu
1788 4861 1964 4916 lucem
1999 4861 2101 4915 ha-

512 4957 671 5022 betis,
697 4957 973 5013 ambulate
997 4955 1051 5011 in
1082 4955 1224 5021 luce,
1254 4971 1321 5010 ne
1353 4971 1448 5011 vos
1473 4955 1709 5010 tenebrae
1739 4953 2100 5021 comprehen-

515 5045 728 5104 dant".
760 5068 778 5102 ›
810 5049 1200 5119 Comprehensi
1233 5057 1363 5103 sunt
1392 5049 1557 5118 igitur
1596 5063 1627 5101 a
1681 5042 1942 5108 tenebris,
1973 5058 2098 5099 cum

516 5141 569 5194 in
616 5140 735 5196 luce
782 5141 1064 5197 ambulare
1112 5157 1220 5196 non
1270 5141 1632 5196 sustinerent.
1670 5137 1813 5205 Quin
1855 5145 1911 5191 et
1954 5135 2099 5191 aliud

516 5246 730 5302 quoque
756 5231 1050 5301 patientur.
1083 5233 1315 5288 Gcmeut
1351 5231 1521 5297 enim,
1551 5231 1751 5300 inquit,
1783 5228 1940 5300 quasi
1986 5243 2101 5284 mo-

520 5322 739 5388 rientes,
771 5322 825 5377 id
854 5335 960 5389 est,
991 5324 1147 5394 quasi
1174 5324 1324 5392 gravi
1342 5333 1396 5379 et
1424 5321 1764 5378 intolerando
1795 5321 1984 5377 morbo
2014 5321 2100 5376 de-

520 5413 822 5470 Iiilitati.Ac
854 5415 1010 5471 ibunt
1035 5415 1193 5485 quasi
1217 5429 1376 5470 ursus
1408 5414 1570 5469 simul
1596 5424 1650 5470 et
1673 5413 1920 5470 columba
1946 5431 1959 5468 :
1991 5427 2099 5468 non

519 5512 574 5557 ut
597 5505 704 5561 duo
737 5507 960 5576 quidam
1005 5506 1152 5560 inter
1189 5520 1249 5560 se
1279 5505 1686 5572 convenientes,
1729 5520 1963 5576 quorum
2011 5505 2100 5560 hic

521 5607 680 5648 ursus
725 5596 953 5667 intelligi
1003 5597 1209 5666 possit,
1254 5595 1344 5650 ille
1392 5595 1644 5652 columba
1681 5615 1694 5652 :
1737 5597 1830 5652 sed
1871 5597 2103 5666 quisque

523 5682 712 5741 affectu
740 5696 795 5744 et
823 5689 1008 5743 animo
1034 5689 1140 5744 crit
1170 5688 1328 5758 quasi
1361 5704 1519 5744 ursus
1539 5689 1698 5746 simul
1735 5699 1791 5746 et
1832 5689 2101 5746 columba.

2196 2007 2292 2044 κεν
2322 1992 2570 2062 ἐναργῶς
2597 1993 2745 2065 αὐτῷ
2781 1996 3167 2066 προσλαλοῦσα
3207 1997 3432 2068 Χριστῷ
3469 1999 3570 2067 τῆς
3606 1997 3792 2068 ἐπιδη-

2199 2083 2327 2152 μίας
2355 2084 2455 2155 τὴν
2489 2084 2740 2157 δύναμιν.
2769 2089 2914 2159 Ἔφη
2942 2090 3078 2160 γὰρ,
3108 2091 3194 2144 ὅτι
3217 2089 3499 2161 «Ὀίδαμεν
3531 2091 3611 2143 ὅτι
3647 2091 3791 2143 Μεσ-

2199 2174 2318 2248 σίας
2351 2175 2572 2247 ἔρχεται
2601 2181 2630 2231 6
2657 2177 2948 2250 λεγόμενος
2965 2181 3227 2251 Χριστός·
3261 2182 3392 2235 ὅταν
3414 2179 3544 2252 ἔλθῃ
3566 2181 3796 2247 ἐκεῖνος,

2195 2267 2486 2338 εὑαγγελεῖ
2512 2271 2644 2341 ἡμῖν
2670 2273 2868 2327 πάντα.
2897 2292 2915 2324 ι
2941 2272 3152 2327 Οὐκοῦν
3177 2274 3525 2346 προσεδόκων
3567 2273 3686 2343 μὲν,
3721 2273 3799 2336 ὡς

2197 2359 2356 2432 ἔφην.
2372 2363 2462 2420 τὸν
2480 2363 2631 2435 παρά
2653 2365 2891 2437 Χριστοῦ
2917 2367 3218 2437 φωτισμὸν,
3250 2365 3364 2420 ἀλλ’
3383 2364 3682 2436 ἐκϐέϐηκεν
3699 2362 3803 2418 αὗ-

2197 2454 2306 2514 τοῖς
2324 2455 2402 2517 είς
2421 2457 2530 2508 πᾶν
2545 2457 2857 2510 τούναντίον
2873 2458 2940 2512 τὰ
2956 2462 3053 2529 τῆς
3072 2458 3388 2522 ἐλπίδος-,Οὐ
3415 2457 3523 2528 γὰρ
3541 2453 3801 2528 προσεδέ-

2201 2542 2359 2608 ξαντο
2390 2545 2453 2599 τὸ
2476 2548 2593 2617 φῶς
2615 2549 2676 2601 τὸ
2694 2550 2968 2620 ἀληθινὸν,
2998 2551 3332 2622 αὐτόκλητον
3363 2551 3422 2604 δὲ
3457 2549 3646 2619 ὥσπερ
3674 2549 3802 2610 ταῖς

2199 2637 2410 2690 ἑαυτῶν
2429 2638 2692 2703 διανοίαις
2705 2641 3131 2713 εἰσοικισάμενοι
3147 2643 3360 2707 σκότον,
3376 2641 3563 2710 τυφλοὶ
3579 2639 3806 2709 γεγόνα-

2202 2747 2276 2792 σι,
2304 2731 2398 2785 καὶ
2414 2731 2630 2800 τυφλῶν
2655 2733 2866 2805 ὁδηγοὶ,
2888 2735 3032 2789 κατὰ
3058 2735 3156 2805 τὴν
3184 2734 3278 2788 τοῦ
3309 2735 3564 2806 Σωτῆρος
3588 2733 3800 2804 φωνήν.

2199 2821 2320 2886 Φῶς
2353 2823 2533 2878 τοίνυν
2562 2825 2974 2896 ὑπομεινάντων
3004 2826 3205 2890 αὐτῶν,
3230 2826 3512 2880 τουτέστιν
3545 2824 3804 2878 ἐλπισάν-

2199 2929 2309 2966 των
2325 2913 2443 2984 ἦτοι
2460 2916 2975 2987 προσῶκησάντων,
3012 2918 3235 2987 γέγονεν
3255 2918 3440 2982 αὐτοῖς
3469 2917 3680 2985 σκότος,
3705 2914 3805 2970 καὶ

2205 3004 2490 3074 μείναντες
2533 3008 2709 3078 αὐγὴν
2737 3010 2796 3063 ἐν
2825 3009 3004 3082 ἀωρίᾳ
3057 3012 3494 3083 περιεπάτησαν.
3544 3009 3684 3064 Αὐτὸ
3735 3010 3804 3082 δὴ

2203 3095 2366 3152 πάλιν
2387 3098 2612 3170 ἑτέρως,
2645 3101 2780 3171 ἡτοιῖ
2818 3102 3064 3173 περὶτοῦ
3089 3103 3254 3156 αὑτοῦ
3281 3103 3499 3175 τίθησιν
3527 3105 3554 3156 6
3585 3103 3804 3173 προφής

2203 3206 2327 3261 της,
2361 3190 2470 3245 τῶν
2500 3194 2808 3266 εἰρημένων
2844 3195 3286 3250 καταλευκαίνων
3317 3196 3409 3250 τὸν
3441 3194 3584 3250 νοῦν.
3607 3197 3667 3248 Οί
3689 3187 3804 3258 γὰρ

2204 3285 2379 3357 αὐγὴν
2423 3286 2921 3358 προσδοκήσαντες,
2954 3291 3013 3342 ἐν
3059 3291 3236 3361 σκότῳ
3266 3289 3422 3359 βαθεῖ
3459 3288 3802 3360 περιεπάτη-

2203 3393 2324 3432 σαν.
2356 3378 2526 3432 Τοῦτο
2554 3379 2663 3451 γὰρ
2688 3381 2749 3432 τὸ
2779 3380 2881 3450 τῆς
2921 3382 3131 3450 ἀωρίας
3154 3381 3326 3451 ὄνομα
3347 3381 3525 3451 δηλοῖ.
3543 3374 3675 3432 Εἶτα
3703 3379 3806 3449 τῆς

2201 3469 2572 3542 ἐγγενομένης
2601 3472 2785 3533 αὐτοῖς
2825 3471 3155 3539 τυφλώσεως
3192 3469 3508 3542 ἐμφανίζων
3537 3468 3596 3522 τὸ
3639 3473 3806 3542 μέγε-

2202 3563 2315 3629 Θος,
2361 3563 2708 3635 ψηλαφήσειν
2738 3565 2815 3628 ὡς
2859 3565 3059 3634 τυφλὸς
3101 3564 3203 3635 ἔφη
3246 3567 3447 3635 τοῖχον.
3495 3562 3653 3616 Οῦτω
3693 3562 3806 3632 γὰρ

2201 3655 2313 3710 ἔσθ’
2359 3659 2450 3712 ὅτε
2501 3661 2826 3730 περιπατεῖν
2861 3657 2980 3721 ἔθος
3026 3660 3142 3722 τοῖς
3170 3657 3280 3710 τῶν
3313 3657 3586 3728 ὀμμάτων
3616 3655 3806 3726 lippa;-

2202 3751 2428 3822 στηκόσι
2453 3751 2553 3823 τὴν
2591 3755 2861 3824 πήρωσιν.
2910 3750 3281 3822 Μεσημϐρίας
3303 3749 3362 3802 δὲ
3398 3747 3585 3817 οὔσης,
3615 3747 3805 3818 φησὶν,

2200 3841 2277 3904 ὼς
2305 3843 2363 3895 ἐν
2396 3842 2737 3913 μεσονυκτίῳ
2771 3840 3096 3897 πεσοῦνται.
3114 3840 3220 3894 Kal
3247 3841 3601 3912 μεσημϐρίαν
3627 3839 3726 3910 μὲν
3744 3839 3810 3892 τὸ

2204 3932 2531 4004 μεσαίτατον
2575 3936 2675 4006 τῆς
2712 3934 2930 4007 ἡμέρας
2973 3934 3234 4006 ὀνομάζει
3269 3933 3538 4007 συνήθως,
3589 3933 3678 3986 ὅτε
3711 3932 3808 3986 καὶ

2198 4027 2583 4098 ἀκμαιοτάτην
2622 4028 2924 4100 ἐπαφίησιν
2954 4029 3149 4083 ἀκτῖνα
3174 4030 3287 4093 τοῖς
3326 4029 3422 4081 ἐπὶ
3449 4025 3554 4096 γῆς
3604 4041 3808 4096 μεσου-

2203 4121 2382 4192 ρανῶν
2414 4121 2444 4174 6
2468 4121 2620 4192 ἡλίου
2643 4121 2861 4187 κύκλος,
2894 4122 2990 4176 xal
3017 4119 3132 4175 οἷον
3159 4117 3668 4188 πεπλουσιωτέραις
3701 4116 3803 4170 αὐ-

2197 4216 2325 4282 γαῖς
2363 4213 2801 4285 περιαστράπτει
2837 4213 2909 4268 τά
2953 4213 3267 4284 σύμπανταο
3341 4208 3695 4283 μεσονύκτιον
3746 4207 3808 4261 δὲ

2197 4306 2299 4377 τῆς
2328 4305 2526 4370 νυκτὸς
2553 4307 2615 4360 τὸ
2647 4305 2996 4377 μεσαίτατον,
3018 4307 3106 4360 ὅτε
3136 4307 3232 4360 καὶ
3278 4304 3448 4376 βαθὺς
3487 4303 3663 4357 ἅπασι
3689 4303 3810 4363 τοῖς

2200 4396 2293 4450 ὑπ’
2308 4395 2538 4468 οὐρανὸν
2559 4397 2878 4468 καταχεῖται
2904 4395 3116 4461 σκότος.
3139 4394 3232 4449 Ἐν
3253 4393 3573 4466 μεσημϐρίᾳ
3597 4391 3810 4454 τοίνυν,

2199 4489 2355 4558 φησὶ,
2403 4489 2702 4554 τουτέστιν,
2756 4487 3245 4560 ἀμφιλαφεστάτου
3286 4485 3486 4557 φωτὸς,
3546 4485 3694 4539 θείου
3744 4483 3812 4536 δὲ

2197 4581 2437 4652 δηλονότι
2469 4582 2564 4635 καὶ
2593 4581 2810 4652 νοητοῦ,
2844 4582 3281 4650 καταυγάζοντος
3298 4579 3398 4650 τὴν
3426 4579 3518 4632 ὑπ’
3551 4577 3812 4650 οὐρανὸν,

2204 4672 2297 4726 διὰ
2313 4673 2408 4726 τοῦ
2437 4673 2658 4728 πάντων
2696 4673 2854 4746 ἡμῶν
2910 4673 3161 4745 Σωτῆρος
3214 4669 3480 4743 Χριστοῦ,
3507 4668 3814 4724 πεσοῦνται

2208 4765 2460 4838 καθάπερ
2490 4767 2684 4835 τυφλοὶ
2711 4767 2847 4840 μηδὲ
2881 4767 3105 4831 εἰδότες,
3149 4766 3272 4820 ὅποι
3306 4761 3614 4836 βαδίζουσιν
3677 4761 3816 4816 ἰου-

2206 4860 2366 4914 δαῖοι·
2402 4861 2465 4913 οὐ
2511 4859 2622 4932 γὰρ
2651 4860 2924 4930 ἠθέλησαν
2969 4857 3268 4912 ὑπακούειν
3298 4857 3512 4926 λέγοντι
3550 4853 3629 4925 τῷ
3677 4854 3818 4924 Χρι-

2208 4952 2340 5026 στῷ,
2365 4975 2384 5006 ι
2398 4955 2541 5018 Ἕως
2562 4956 2621 5007 τὸ
2649 4954 2766 5024 φῶς
2787 4954 2962 5025 ἔχετε,
2985 4954 3338 5025 περιπατεῖτε
3366 4953 3424 5004 ἐν
3439 4967 3518 5021 τῳ
3536 4949 3698 5016 φωτὶ,
3718 4948 3818 5004 ἵνα

2212 5046 2288 5117 μὴ
2313 5048 2346 5117 ἡ
2383 5047 2575 5100 σκοτία
2601 5047 2747 5118 ὑμᾶς
2779 5045 3085 5117 καταλάϐῃ.
3114 5064 3132 5097 ι
3159 5044 3493 5116 Κατελήφθη
3505 5061 3604 5097 σαν
3627 5043 3816 5096 τοίνυν

2209 5138 2316 5192 ὑπὸ
2346 5141 2447 5210 τῆς
2475 5140 2698 5203 σκοτίας
2739 5140 2841 5194 οὐκ
2874 5139 3245 5210 ἀνασχόμενοι
3276 5139 3605 5210 περιπατεῖν
3637 5138 3696 5190 ἐν
3727 5137 3817 5208 τῷ

2209 5229 2369 5300 φωτί·
2403 5231 2684 5286 πείσονται
2716 5233 2774 5286 δέ
2797 5250 2851 5286 τι
2878 5234 2974 5287 καὶ
2999 5233 3209 5304 ἕτερον.
3239 5232 3566 5297 Στενάξουσι
3597 5229 3708 5301 γὰρ
3731 5229 3817 5294 ὡς

2208 5322 2667 5393 ἀποθνήσκοντες,
2725 5325 2882 5394 φησὶ,
2943 5324 3249 5391 τουτέστιν,
3320 5324 3398 5388 ὡς
3464 5321 3657 5394 βαρείᾳ
3713 5323 3820 5376 καὶ

2209 5413 2424 5486 ἀσχέτῳ
2461 5415 2603 5487 νόσῳ
2655 5419 3073 5488 κατισχημένοι.
3107 5415 3476 5488 Πορεύσονται
3509 5414 3566 5467 δὲ
3607 5414 3704 5467 καὶ
3731 5413 3817 5478 ὡς

2209 5508 2380 5580 ἄρκος
2410 5509 2544 5580 ἅμα,
2571 5511 2668 5564 καὶ
2696 5511 3019 5584 περιστερὰ,
3047 5511 3143 5565 καὶ
3171 5511 3272 5581 οὐχ
3300 5508 3376 5572 ὡς
3403 5507 3498 5561 δύο
3528 5507 3674 5570 τινὲς
3710 5508 3814 5560 ἀλ-

2209 5600 2392 5672 λήλοις
2416 5619 2479 5654 συ
2488 5602 2868 5672 μϐιϐάζοντες,
2893 5595 2970 5657 ὧν
2995 5605 3023 5656 ὁ
3051 5602 3151 5674 μὲν
3177 5602 3252 5664 ὡς
3275 5601 3446 5672 ἄρκος
3473 5598 3694 5670 νοηθείη
3717 5597 3812 5662 ἂν,

2208 5691 2306 5746 όδέ
2327 5693 2401 5757 ὡς
2432 5695 2751 5768 περιστερὰ,
2775 5695 2888 5750 ἀλλ’
2916 5695 3145 5756 ἕκαστος
3171 5694 3349 5750 αὐτῶν
3377 5696 3432 5747 ἐν
3461 5691 3642 5764 ταυττξ)
3665 5691 3814 5746 κατὰ

600 5861 643 5892 ⁷⁸
679 5862 782 5918 lsa.
811 5881 901 5929 ιχ,
936 5868 979 5920 ι.
1058 5868 1103 5899 ⁷⁵
1132 5865 1286 5923 Joau.
1315 5883 1409 5936 vn,
1441 5869 1645 5938 41,42.
1690 5872 1732 5902 ⁷⁷
1765 5869 1957 5926 Matth.
1993 5884 2097 5939 xw,

2200 5903 2224 5929 μ.
2304 5873 2348 5904 ⁷⁸
2379 5871 2536 5930 Joan.
2571 5889 2667 5940 xu,
2704 5873 2790 5929 55.
