4140 6498
304 417 446 472 1515

1424 423 1487 476 Lv
1527 423 1759 480 lSAlAM
1799 424 1930 479 ιλιι.
1973 427 2036 481 v.
2079 403 2320 486 ToMUS
2351 427 2438 482 tv.

3455 421 3592 478 1514

295 536 403 608 τὴν
439 536 572 604 ἕξιν,
609 537 702 591 καὶ
741 538 886 594 κατά
914 555 978 608 γε
1018 539 1117 612 τὴν
1164 540 1391 595 ἐνοῦσαν
1423 544 1608 608 αὐτοῖς
1642 545 1900 609 διάνοιαν,

2014 545 2146 601 Nam
2183 545 2441 616 quoniam
2487 544 2722 608 dixerat,
2770 555 2864 596 eos
2911 553 3148 609 gemere,
3198 537 3433 595 ostendit
3477 540 3594 598 nul-

293 631 378 694 ὡς
421 633 592 704 ἄρκος
633 633 896 704 ὑπάρχων
952 635 1089 705 ὁμοῦ
1128 636 1226 689 καλ
1279 638 1599 708 περιστερά.
1679 640 1896 710 Ἐπειδὴ

291 727 411 797 γὰρ
461 725 566 797 ἔφη
627 725 907 790 στενάζειν
967 727 1189 792 αὐτοὺς,
1223 729 1590 783 διαδείκνυσιν
1631 725 1692 785 εὖ
1753 732 1898 801 μάλα

293 822 456 882 ποῖος
523 818 679 872 ἔσται
732 819 829 871 καὶ
880 819 1004 884 ὅσος
1053 821 1084 873 ὁ
1147 822 1452 892 στεναγμὸς
1507 822 1706 878 αὐτῶν.
1764 825 1902 880 Φασὶ

293 912 412 983 γὰρ
475 910 577 974 τὰς
618 909 846 979 ἀρκους,
922 911 972 963 εί
1037 911 1396 966 ἁτεκνωθεῖεν
1449 913 1557 968 ὑπό
1603 932 1697 968 του
1747 915 1902 986 διηρ-

293 999 601 1072 πασμένων
629 1001 821 1062 αὑταῖς
840 998 950 1054 τῶν
979 1001 1276 1072 σκυμνίων,
1304 1001 1490 1066 δεινῶς
1518 1003 1899 1074 ὀλοφύρεσθαι,

293 1095 397 1147 καὶ
460 1091 810 1163 πίμπλασθαι
890 1092 991 1163 μὲν
1040 1092 1285 1164 ἀκράτου
1353 1094 1552 1165 μανίας
1587 1134 1602 1160 ,
1676 1096 1778 1168 ὅρη
1843 1097 1902 1151 δὲ

293 1187 398 1240 καὶ
502 1183 684 1247 νάπας
759 1187 1099 1255 περινοστεῖν
1120 1226 1137 1252 ,
1220 1187 1318 1239 καὶ
1401 1189 1515 1251 τοῖς
1591 1188 1904 1244 ὑπαντῶσιν

292 1278 551 1348 ἀσχέτως
605 1277 912 1348 ἐπιπηδᾷν·
943 1278 1038 1331 καί
1082 1295 1185 1332 που
1245 1279 1314 1332 δι’
1383 1281 1503 1345 ἐνὸς
1565 1281 1674 1334 τῶν
1732 1283 1904 1352 ἁγίων

292 1371 604 1443 προφητῶν
645 1370 889 1424 τοιοῦτόν
934 1388 988 1424 τι
1037 1373 1314 1442 σημαίνει,
1354 1373 1528 1442 λέγων
1555 1376 1583 1428 ὁ
1624 1374 1734 1428 τῶν
1766 1377 1904 1430 ὅλων

294 1462 437 1527 Θεὸς
478 1461 610 1532 περὶ
653 1459 762 1515 τῶν
815 1460 877 1525 ἐξ
933 1461 1166 1531 αἵματος
1207 1462 1445 1534 Ἰσραὴλ,
1489 1465 1904 1536 ’Υπαντήσομαι

295 1555 489 1617 αὐτοῖς
519 1552 594 1617 ὼς
620 1552 789 1624 ἄρκος
838 1553 1213 1625 ἀπορουμένη,
1249 1553 1548 1618 τουτέστιν,
1606 1556 1774 1626 ὠμῶς
1811 1557 1907 1609 καὶ

295 1647 534 1717 ἀγρίως.
560 1647 625 1697 Ai.
665 1645 722 1698 δὲ
761 1644 1083 1715 περιστεραὶ
1104 1646 1225 1708 ταῖς
1261 1645 1471 1698 ἑαυτῶν
1500 1645 1715 1708 καλιαῖς
1735 1646 1907 1711 twn-

298 1755 495 1794 νουσαι
550 1733 973 1805 διαγογγύζουσι
1005 1735 1235 1806 συχνῶς,
1285 1737 1380 1790 καὶ
1417 1731 1529 1790 οἷόν
1556 1755 1676 1792 τινα
1703 1738 1906 1812 γοερὰν

297 1832 589 1899 πέμπουσι
639 1829 843 1897 φωνήν.
895 1827 1142 1881 Τοιοῦτοί
1185 1844 1332 1892 τινες
1357 1828 1646 1897 γεγόνασιν
1679 1832 1731 1883 οἱ
1774 1833 1906 1885 Ἰου-

297 1922 464 1976 δαῖοι·
508 1917 934 1992 πεπορθημένης
984 1919 1094 1992 γὰρ
1125 1920 1305 1974 αὐτῶν
1338 1922 1559 1994 ἁπάσης
1591 1925 1693 1995 τῆς
1721 1924 1906 1998 χώρας
1939 1917 1980 1976 Β

298 2013 441 2084 ὁμοῦ
461 2015 528 2084 τῇ
554 2012 686 2082 ἁγίᾳ
717 2012 896 2076 πόλει,
925 2011 1071 2082 φημὶ
1100 2012 1165 2084 δὴ
1196 2015 1262 2085 τῇ
1296 2013 1672 2088 Ἰερουσαλὴμ,
1708 2035 1909 2089 κατεμ-

301 2107 652 2179 πρησθέντος
697 2105 755 2159 δὲ
794 2106 887 2159 καὶ
919 2105 1083 2159 αὐτοῦ
1116 2105 1212 2160 τοῦ
1243 2107 1392 2174 ναοῦ,
1429 2109 1780 2181 θηριοπρεπῆ
1810 2111 1908 2180 μὲν

303 2201 494 2272 ἔχουσι
527 2198 776 2272 γνώμην,
800 2200 944 2253 κατὰ
970 2199 1078 2251 τῶν
1101 2199 1388 2270 ᾑρηκότων
1413 2200 1606 2272 αὐτήν.
1633 2202 1907 2274 Θρηνοῦσί

303 2311 369 2362 γε
404 2293 511 2364 μὴν
550 2291 830 2346 παθοῦσαν
866 2292 943 2354 ὡς
969 2291 1312 2362 περιστεραί.
1334 2291 1648 2364 Γέγραπται
1671 2286 1907 2366 γάρ,ὂτι

312 2406 330 2437 ι
363 2386 478 2440 Καὶ
500 2385 715 2439 ἔσονται
735 2383 956 2437 ἐπὶτῶν
977 2384 1148 2456 ὀρέων
1172 2384 1249 2448 ὡς
1275 2388 1596 2458 περιστεραὶ
1619 2387 1907 2460 μελετητι-

306 2479 431 2534 καί.
449 2498 469 2532 ι
495 2480 567 2532 Ἦ
587 2479 727 2549 τάχα
756 2495 862 2532 που
895 2481 992 2533 καὶ
1020 2479 1208 2552 ἕτερόν
1233 2497 1286 2534 τι
1308 2479 1645 2553 καταδηλοῦν
1665 2483 1758 2538 τὸν
1776 2500 1910 2555 προ-

306 2570 542 2642 φητικὸν
575 2572 632 2625 ἐν
651 2569 862 2634 τούτοις
879 2569 1177 2641 οἰησόμεθα
1196 2570 1373 2642 λόγον.
1391 2573 1755 2645 Πορεύσονται
1775 2576 1906 2647 γὰρ,

306 2664 503 2734 φησιν,
530 2664 606 2728 ὡς
638 2663 808 2736 ἄρκος
832 2666 928 2719 καὶ
955 2666 1275 2740 περιστερὰ,
1296 2667 1569 2733 τουτέστι,
1623 2666 1910 2740 διαζήσου-

308 2774 400 2809 σιν
431 2757 492 2810 ὲν
527 2757 816 2829 ἀγριότητι
841 2757 956 2823 νοῦ,
993 2758 1433 2832 συνεζευγμένης
1465 2760 1777 2824 ἀσυνεσίας·
1812 2761 1910 2815 καὶ

306 2849 642 2921 ἀγριότητος
689 2851 790 2922 μὲν
817 2852 852 2924 ἡ
891 2852 1061 2924 ἄρκος
1111 2852 1296 2920 είκὼν,
1355 2854 1477 2925 ἦτοι
1532 2854 1906 2927 παράδειγμα,

309 2940 573 3012 εὐηθείας
623 2942 681 2996 δὲ
744 2944 839 2998 καὶ
889 2943 1182 3008 ἀσυνεσίας
1231 2947 1265 3016 ἡ
1306 2947 1626 3018 περιστερά.
1678 2946 1909 3019 Εἴρηται

310 3028 448 3102 γοῦν
483 3034 611 3106 περὶ
634 3032 729 3087 τοῦ
774 3034 991 3107 Ἰσραὴλ
1013 3035 1081 3088 δι’
1108 3036 1226 3099 ἐνὸς
1253 3035 1361 3091 τῶν
1388 3037 1560 3105 ἁγίων
1590 3037 1908 3109 προφητῶν,

310 3127 427 3178 Καὶ
443 3121 512 3196 ἦν
527 3126 768 3198 Ἐφραῒμ
789 3129 1088 3200 περιστερά
1112 3129 1294 3194 ἄνους,
1317 3131 1418 3186 οὐκ
1438 3131 1634 3202 ἔχουσα
1649 3133 1876 3205 καρδίαν
1893 3151 1908 3165 ο

312 3219 626 3292 εὑρήσομεν
655 3221 711 3274 δὲ
734 3222 862 3284 τοὺς
902 3222 1189 3286 Ἰουδαίους
1233 3224 1618 3297 ἀγριομώρους
1645 3227 1804 3290 δντας
1830 3244 1913 3282 τι-

2003 637 2295 701 cherrime,
2325 635 2502 705 qualis
2536 633 2752 688 futurus
2803 631 2876 686 sit
2907 640 2962 685 et
2995 639 3235 698 quantus
3264 643 3452 684 eorum
3504 644 3596 697 ge-

2003 727 2186 782 mitus.
2225 727 2395 799 83a,
2431 724 2794 781 Dicuntenim
2833 737 2989 778 ursas
3021 723 3064 777 si
3091 722 3297 776 orbatze
3332 721 3445 777 sint
3480 722 3596 778 suis

2001 821 2198 877 catulis
2236 837 2266 874 a
2306 821 2562 892 quapiam
2606 819 2710 874 sibi
2750 818 2977 888 ereptis,
3003 818 3245 888 graviter
3289 815 3496 888 lugere,
3541 827 3596 873 et

2004 915 2332 983 impotenter
2359 915 2443 984 agi
2475 913 2526 967 in
2556 912 2785 978 rabiem,
2821 923 3036 967 montes
3059 919 3115 966 et
3143 910 3315 967 saltus
3337 911 3599 970 circuire,

2003 1005 2141 1060 etin
2189 1004 2378 1059 obvios
2418 1001 2684 1058 eﬂ’renato
2732 1004 2935 1074 impetu
2989 1003 3219 1058 insilire.
3267 1003 3334 1057 Et
3372 1002 3592 1072 quidem

2005 1097 2112 1152 tale
2168 1098 2423 1167 quiddam
2464 1097 2842 1154 universorum
2898 1095 3042 1153 Dens
3089 1112 3186 1168 per
3220 1088 3509 1168 quemdam
3563 1110 3594 1150 e

2005 1191 2215 1246 sanctis
2269 1189 2554 1261 prophetis
2605 1190 2898 1261 significat,
2948 1191 3132 1245 (licens
3209 1190 3275 1245 de
3327 1175 3596 1259 sanguine

2007 1281 2307 1337 Israelitico
2355 1280 2636 1336 oriundis:
2671 1280 2972 1336 Occurram
3019 1280 3126 1335 illis
3149 1278 3297 1333 velut
3329 1294 3454 1332 ursa
3503 1293 3596 1331 or-

2006 1373 2153 1441 bata,
2183 1374 2236 1428 id
2284 1383 2391 1438 est,
2423 1373 2718 1429 crudeliter
2743 1382 2799 1427 et
2840 1371 3175 1427 immaniter.
3203 1370 3474 1426 Columbae
3500 1385 3596 1425 au.-

2010 1477 2115 1522 tem
2155 1468 2298 1522 nidis
2343 1467 2457 1525 suis
2508 1467 2830 1529 insidentes,
2865 1465 3097 1522 subinde
3149 1472 3515 1526 murmurant,
3545 1471 3598 1515 et

2009 1563 2288 1635 lugubrem
2337 1566 2492 1634 quasi
2525 1579 2715 1619 vocem
2767 1565 3062 1634 quamdam
3108 1562 3386 1615 emittunt.
3435 1557 3596 1612 Tales

2011 1655 2137 1712 facti
2175 1666 2300 1711 sunt
2325 1654 2515 1711 Judaei.
2554 1655 2689 1710 Nam
2717 1662 2927 1710 vastata
2971 1666 3161 1708 eorum
3212 1662 3323 1705 tota
3355 1651 3596 1721 regione,

2010 1747 2171 1803 simul
2205 1762 2330 1803 cum
2365 1756 2551 1803 sancta
2603 1745 2843 1812 civitate,
2877 1743 3176 1800 Jerusalem
3222 1743 3366 1806 dico,
3392 1755 3457 1795 ac
3481 1741 3598 1809 ipso

2014 1838 2215 1910 templo
2249 1844 2624 1905 concremato,
2652 1845 2834 1892 mente
2863 1834 3034 1892 ferina
3060 1849 3122 1888 ac
3150 1832 3385 1888 belluina
3417 1831 3596 1886 affecti

2009 1942 2137 1987 sunt
2165 1932 2218 1987 in
2247 1946 2346 1987 eos
2381 1931 2472 2002 qui
2503 1929 2839 1985 sustulerunt
2857 1943 2998 1993 eam,
3024 1935 3188 1997 atque
3223 1926 3324 1983 hoc
3357 1925 3430 1980 illi
3455 1924 3597 1979 acci-

2010 2026 2154 2082 disse
2184 2026 2391 2096 lugent,
2417 2039 2516 2080 ceu
2539 2022 2820 2078 columba.
2862 2020 3132 2090 Scriptum
3169 2027 3255 2074 est
3281 2017 3425 2072 enim
3452 2035 3466 2072 :
3497 2017 3597 2070 «Et

2009 2127 2173 2174 erunt
2227 2119 2280 2173 in
2331 2117 2626 2182 montibus,
2660 2131 2758 2171 ceu
2796 2114 3060 2170 columba:
3099 2110 3452 2183 querulantes
3478 2111 3545 2166 τ’.
3573 2129 3591 2161 ι

2010 2211 2108 2265 Vel
2159 2210 2304 2265 aliud
2359 2209 2619 2281 quiddam
2655 2209 2746 2264 hic
2793 2207 3105 2279 signiﬁcare
3137 2205 3356 2260 videtur
3417 2184 3599 2258 sermo

2007 2302 2384 2372 propheticus.
2413 2299 2572 2356 lbunt
2605 2300 2775 2363 enim,
2823 2297 3020 2370 inquit,
3055 2312 3152 2352 ceu
3207 2310 3367 2351 ursus
3415 2304 3471 2350 et
3508 2309 3600 2349 co-

2009 2394 2212 2462 lumba,
2255 2394 2310 2449 id
2357 2403 2461 2460 est,
2511 2393 2567 2447 in
2634 2391 2834 2446 mentis
2925 2389 3268 2445 immanitate
3311 2386 3598 2456 conjuncta

2010 2501 2133 2542 cum
2164 2485 2530 2556 imprudentia
2558 2483 2761 2538 vivent.
2798 2481 2938 2538 Ursa
2972 2481 3116 2535 enim
3144 2478 3518 2544 immanitatis,
3545 2487 3600 2532 at

2011 2577 2377 2649 simplicitatis
2405 2586 2459 2633 et
2488 2575 2867 2646 imprudentiae
2892 2574 3070 2644 imago
3096 2581 3150 2627 et
3173 2571 3482 2641 exemplum
3514 2578 3599 2624 cst

2011 2669 2282 2726 columba.
2305 2667 2403 2724 Est
2428 2667 2570 2723 enim
2612 2666 2815 2721 dictum
2847 2665 2913 2719 de
2941 2662 3103 2719 Israel
3137 2662 3277 2732 apud
3309 2662 3598 2732 quemdam

2011 2778 2043 2820 e
2093 2761 2300 2818 sanctis
2345 2759 2624 2830 prophetis
2666 2775 2680 2814 :
2727 2757 2796 2813 Et
2851 2765 2971 2811 erat
3026 2754 3284 2826 Ephraim
3346 2753 3599 2809 columba

2011 2868 2222 2922 amens,
2254 2867 2362 2908 non
2401 2851 2610 2907 habens
2645 2865 2761 2905 cor.
2800 2847 3144 2904 Inveniemus
3177 2854 3358 2900 autem
3382 2841 3599 2899 Judzeos

2011 2948 2274 3020 quosdam
2301 2961 2426 3003 esse
2476 2944 2782 3002 crudeliter
2824 2942 3016 2999 stultos
3045 2955 3105 2996 re
3137 2955 3284 2996 vera.
3312 2937 3422 2994 Nec
3455 2938 3598 2992 enim

2012 3050 2096 3098 est
2123 3041 2178 3095 in
2204 3039 2311 3096 illis
2335 3038 2652 3096 Christiana
2679 3036 2771 3091 illa
2802 3033 3092 3105 prudentia
3124 3041 3181 3087 et
3214 3029 3600 3087 mansuetudo.

2012 3131 2361 3201 Negaverunt
2385 3129 2530 3184 enim
2559 3130 2737 3200 ipsum
2767 3125 3049 3197 sapientiae
3073 3133 3126 3180 et
3153 3123 3456 3195 prudentia:
3477 3122 3606 3177 sub-

2015 3225 2466 3288 ministratorem,
2494 3223 2694 3292 quique
2721 3219 3006 3286 diligentes
3037 3231 3098 3271 se
3144 3214 3324 3270 reddit
3360 3213 3518 3267 mites
3548 3220 3605 3266 et

310 3313 413 3376 νάς
445 3312 588 3366 κατὰ
619 3312 899 3384 ἀλήθειαν.
932 3315 1006 3367 Οὐ
1045 3315 1154 3384 γάρ
1198 3317 1345 3370 ἐστιν
1381 3317 1440 3370 ὲν
1481 3319 1724 3390 αύτοῖςή
1761 3318 1912 3390 παρά

2017 3329 2349 3373 mansuetos.
2386 3316 2534 3370 Dixit
2583 3327 2714 3382 ergo
2751 3312 3012 3382 propheta
3055 3308 3323 3362 Jeremias
3355 3306 3425 3361 de
3466 3305 3597 3367 illis,

310 3405 556 3480 Χριστοῦ
579 3405 794 3470 σύνεσις
825 3407 920 3460 καὶ
954 3407 1197 3479 πραότης
1218 3424 1233 3439 ο
1269 3409 1574 3481 ἠρνήσαντο
1613 3410 1724 3482 γὰρ
1747 3411 1909 3466 αὑτὸν

314 3498 514 3568 σοφίας
544 3495 676 3551 ὄντα
735 3497 830 3550 καὶ
865 3499 1136 3561 συνέσεως
1168 3500 1424 3570 χορηγὸν,
1458 3501 1702 3572 ἡμέρους
1727 3520 1788 3555 τε
1813 3503 1909 3556 καὶ

311 3591 530 3664 πράους
580 3589 956 3660 ἀποφαίνοντα
996 3592 1124 3654 τοὺς
1165 3591 1498 3659 ἀγαπῶντας
1539 3593 1724 3648 αὐτόν.
1761 3594 1907 3665 Ἔφη

2017 3410 2254 3465 alicubi:
2313 3407 2669 3464 «infamatus
2726 3414 2811 3460 est
2863 3403 3041 3458 omnis
3102 3401 3266 3455 homo
3335 3414 3366 3453 a
3417 3398 3606 3469 cogni-

2017 3502 2164 3558 tione
2183 3503 2251 3556 ⁸ο.
2278 3520 2297 3555 ι
2331 3500 2473 3556 Alibi
2505 3514 2734 3554 rursus:
2771 3515 2790 3548 ι
2820 3496 2934 3550 Non
2981 3495 3121 3549 inest
3157 3492 3264 3547 illis
3309 3491 3604 3563 sapientia,

2015 3595 2143 3664 quia
2168 3606 2479 3648 sermonem
2510 3590 2724 3646 Domini
2759 3587 3120 3659 reprobarunt
3145 3585 3212 3638 ⁸⁸.
3252 3603 3271 3638 i

312 3686 450 3759 γοῦν
478 3688 508 3742 ὁ
545 3687 837 3760 προφήτης
881 3686 1149 3758 Ἱερεμίας
1177 3689 1307 3760 περ)⁸
1337 3689 1518 3743 αὐτῶν
1553 3692 1684 3745 ποτὲ
1722 3691 1848 3762 μὲν,
1887 3691 1974 3747 ὅτι
2011 3710 2031 3744 ι
2055 3689 2380 3762 Ἐμωράνθη
2422 3689 2530 3751 πᾶς
2563 3685 2852 3757 ἄνθρωπος
2888 3681 3000 3738 ἀπὸ
3034 3679 3310 3751 γνώσεως,
3338 3697 3357 3732 ι
3382 3677 3512 3733 ποτὲ
3547 3677 3609 3732 δὲ

312 3778 508 3845 πάλιν,
534 3798 554 3830 ι
585 3779 662 3832 Οὐ
708 3778 873 3848 σοφία
908 3778 995 3842 τίς
1025 3779 1176 3833 ἐστιν
1208 3781 1267 3833 ἐν
1300 3781 1507 3846 αὐτοῖς,
1537 3781 1619 3836 ὅτι
1651 3783 1741 3836 τὸν
1779 3783 1938 3853 λόγον
1966 3782 2176 3854 Κυρίου
2203 3779 2643 3850 ἀπεδοκίμασαν.
2673 3794 2693 3830 ι

400 3871 820 3942 ’Δνεμείναμεν
861 3870 1086 3940 κρίσιν,
1126 3871 1227 3925 καί
1273 3874 1385 3928 οὐκ
1436 3873 1573 3928 ἐστι
1631 3877 1918 3946 σωτηρία,

311 3964 560 4046 μακρὰν
593 3963 940 4034 ἀφέστηκεν
971 3963 1073 4034 ἀφ’
1099 3965 1271 4034 ἡμῶν
1302 3981 1317 3997 ο
1357 3966 1563 4036 πολλὴ
1604 3967 1718 4036 γὰρ
1752 3968 1925 4038 ήμῶν

321 4059 364 4128 ἢ
384 4057 608 4126 ἀνομία
665 4057 948 4111 ἐναντίον
993 4071 1134 4123 σου,
1185 4058 1284 4111 καί
1320 4060 1382 4111 αἱ
1421 4059 1700 4128 ἁμαρτίαι
1751 4059 1923 4129 ’ἡμῶν

318 4147 713 4216 ἀντέστησαν
739 4146 886 4216 ἡμῖν
905 4164 918 4178 ·
951 4149 1012 4200 αὶ
1043 4147 1154 4216 γὰρ
1185 4147 1425 4216 ἀνομίαι
1453 4147 1626 4216 ἡμῶν
1654 4149 1726 4202 ἐν
1753 4150 1919 4218 ἡμῖν,

318 4240 420 4296 καὶ
458 4239 536 4294 τὰ
573 4239 913 4310 ἀδικήματα
952 4236 1123 4309 ἡμῶν
1166 4237 1452 4309 ἔγνωμεν.
1484 4239 1916 4309 Ἡσεϐήσαμεν,

315 4331 423 4388 καί
489 4332 900 4403 ἐψευσὰμεθα,
949 4332 1047 4386 καί
1101 4330 1452 4400 ἀπέστημεν
1495 4332 1614 4387 ἀπὸ
1663 4333 1918 4387 ὄπισθεν

313 4418 429 4475 τοῦ
458 4419 608 4473 Θεοῦ
630 4417 820 4490 ἡμῶν.
865 4419 1285 4489 Ἐλαλήσαμεν
1309 4418 1509 4484 ἄδικα,
1548 4422 1646 4474 καί
1677 4420 1920 4489 ἠπειθή-

316 4528 521 4582 σαμεν
539 4528 554 4544 ·
610 4511 890 4582 ἐκύομεν,
916 4511 1018 4566 καί
1038 4512 1490 4583 ἐμελετήσαμεν
1517 4513 1638 4567 ἀπὸ
1665 4513 1916 4581 καρδίας

2094 3875 2259 3931 Vsus.
2286 3871 2475 3927 12-14.
2514 3870 2948 3941 Επρεειαυίηιω
2968 3865 3255 3936 judicium,
3282 3873 3331 3920 et
3381 3879 3486 3919 non
3529 3872 3608 3919 est

2019 3969 2186 4034 salus,
2222 3965 2408 4038 procul
2435 3964 2645 4018 recessit
2667 3978 2701 4016 a
2737 3961 2908 4016 nobis.
2943 3958 3120 4014 Multa
3145 3957 3281 4012 enim
3315 3968 3390 4011 est
3417 3957 3611 4022 iniqui-

2021 4071 2102 4113 tas
2127 4068 2311 4112 nostra
2335 4057 2390 4110 in
2420 4062 2701 4124 conspectu
2724 4063 2836 4117 tuo,
2863 4061 2911 4106 et
2929 4061 3145 4120 peccata
3187 4056 3370 4103 nostra
3404 4048 3609 4101 restite-

2021 4159 2142 4204 runt
2181 4149 2351 4202 nobis.
2383 4145 2704 4218 Iniquitates
2731 4145 2868 4199 enim
2905 4153 3099 4197 nostra:
3139 4143 3195 4195 in
3243 4141 3414 4206 nobis,
3442 4150 3490 4194 et
3520 4141 3611 4194 iit-

2023 4240 2264 4313 justitias
2302 4246 2512 4293 nostras
2559 4236 2822 4290 novimus.
2856 4234 3026 4304 Impie
3061 4233 3285 4304 egimus,
3325 4239 3373 4286 et
3405 4232 3610 4284 mentiti

2027 4349 2231 4399 sumus,
2265 4341 2311 4386 et
2340 4329 2649 4385 recessimus
2681 4345 2716 4382 α
2747 4327 2857 4382 Deo
2881 4336 3084 4391 nostro,
3122 4324 3283 4378 locuti
3315 4337 3497 4378 sumus
3528 4324 3612 4375 in-

2017 4426 2193 4493 justa,
2222 4435 2269 4480 et
2314 4440 2420 4478 non
2449 4421 2794 4477 obedivimus.
2831 4417 3245 4484 Parturivimus,
3269 4427 3317 4471 et
3367 4416 3608 4470 meditati

2022 4534 2204 4573 sumus
2233 4518 2296 4572 de
2325 4518 2481 4571 corde
2507 4525 2686 4570 nostra
2709 4527 2974 4568 sermones
3017 4510 3263 4578 injustas,
3301 4517 3353 4564 et
3391 4508 3612 4562 recessi-

315 4605 494 4676 ἡμῶν
526 4605 751 4672 λόγους
791 4603 1063 4671 ἀδίκους,
1107 4606 1206 4659 καί
1255 4605 1694 4675 ἁπεστήσαμεν
1725 4606 1914 4659 ὀπίσω

2032 4627 2150 4666 mus
2177 4627 2210 4664 α
2226 4609 2458 4681 judicia,
2493 4619 2542 4663 et
2555 4608 2775 4679 justitia
2802 4603 2986 4675 procul
3010 4603 3240 4659 recessit.

313 4695 438 4763 τὴν
485 4695 712 4764 κρίσιν,
747 4697 846 4748 καὶ
885 4695 925 4763 ή
964 4693 1324 4765 δικαιοσύνη
1363 4696 1607 4766 μακρὰν
1649 4695 1917 4767 ἀφέστη-

315 4804 450 4844 κεν.

406 4881 524 4936 Ἀεὶ
551 4881 858 4954 φιλαλήθης
879 4882 997 4936 ἐστὶ
1021 4881 1130 4936 τῶν
1155 4881 1329 4952 ἁγίων
1359 4884 1657 4957 προφητῶν
1687 4888 1715 4940 ὁ
1740 4885 1918 4954 λόγος.

314 4974 492 5030 Λαλεῖ
528 4975 638 5047 γὰρ
668 4978 727 5029 ἐν
759 4976 942 5042 αὐτοῖς
970 4977 1072 5048 τῆς
1102 4976 1361 5048 ἀληθείας
1391 4977 1453 5031 τὸ
1490 4977 1730 5049 πνεῦμα,
1765 4997 1920 5033 τουτ-

321 5067 448 5121 έστι
492 5065 752 5138 Χριστοῦ.
815 5067 1033 5138 Ταύτης
1080 5069 1243 5122 ἕνεκα
1291 5069 1390 5141 τῆς
1432 5070 1644 5137 αἰτίας,
1699 5070 1920 5126 ἐπειδὰν

321 5156 593 5212 ποιῶνται
643 5158 868 5228 μνήμην
908 5158 1010 5229 τῆς
1055 5159 1332 5231 ἀποϐολῆς
1365 5159 1460 5213 τοῦ
1491 5159 1598 5213 τῶν
1651 5160 1921 5214 Ἰουδαίων

321 5249 538 5318 ἔθνους,
563 5248 660 5304 καὶ
683 5250 786 5320 τῆς
810 5251 1253 5323 ἐπενηνεγμένης
1277 5253 1462 5316 αὐτοῖς
1495 5251 1664 5324 ὀργῆς
1692 5253 1778 5306 διὰ
1820 5255 1922 5324 τὴν

321 5342 410 5404 εἰς
455 5339 694 5412 Χριστὸν
736 5339 1016 5407 ἀσέϐειαν,
1047 5341 1445 5412 διαμέμνηνται
1479 5344 1788 5415 χρησίμως,
1821 5345 1917 5398 καὶ

319 5433 428 5503 τῆς
471 5432 742 5504 ἐσομένης
793 5433 1133 5506 ἐπιστροφῆς
1181 5434 1362 5490 αὐτῶν
1416 5437 1474 5488 ἐν
1519 5436 1773 5508 ἐσχάτοις
1825 5436 1922 5490 τοῦ

323 5523 527 5586 αἰῶνος
577 5526 824 5593 καιροῖς,
865 5523 1114 5596 κλήσεὼς
1138 5541 1198 5577 τε
1232 5525 1334 5596 τῆς
1363 5526 1422 5579 ἐν
1453 5525 1675 5598 Χριστῷ
1707 5527 1797 5581 διὰ
1831 5527 1924 5580 πί-

324 5634 522 5680 στεως.
579 5617 1060 5688 Οἰκονομικώτατα
1120 5617 1321 5682 τοίνυν,
1353 5617 1440 5671 ἵνα
1481 5619 1555 5690 μή
1605 5637 1690 5683 τις
1741 5617 1920 5690 οἴηται

321 5708 654 5782 ψευδοεπεῖν
696 5709 798 5780 τὴν
842 5709 1121 5783 ἀλήθειαν,
1165 5709 1365 5774 αὐτοὺς
1403 5709 1712 5782 εἰσκομίζει
1753 5727 1921 5782 μετα-

2100 4894 2270 4967 835
2333 4893 2565 4964 Semper
2622 4892 2873 4948 veritatis
2920 4903 3112 4946 amans
3167 4895 3253 4944 est
3301 4891 3613 4941 sanctorum

2029 4984 2412 5054 prophetarum
2442 4985 2639 5038 oratio.
2673 4981 2940 5050 Loquitur
2976 4981 3120 5035 enim
3170 4977 3303 5046 ipsis
3343 4973 3612 5039 veritatis,

2026 5077 2078 5132 id
2108 5086 2212 5143 est,
2238 5076 2442 5132 Christi
2473 5077 2698 5146 spiritus
2727 5113 2743 5129 .
2778 5075 2890 5130 Hac
2921 5074 2988 5128 de
3034 5085 3220 5136 causa,
3272 5083 3396 5124 cum
3460 5082 3616 5123 meu-

2027 5171 2230 5225 tionem
2261 5170 2466 5226 faciunt
2497 5169 2810 5239 rejectionis
2844 5165 3092 5222 Judaicae
3149 5162 3348 5234 gentis,
3376 5169 3434 5216 et
3484 5160 3616 5216 illati

2027 5256 2136 5311 illis
2161 5257 2412 5326 supplicii
2438 5267 2661 5328 propter
2689 5257 3022 5327 impietatem
3048 5254 3101 5308 in
3127 5251 3410 5308 Christum
3441 5268 3456 5306 :
3520 5265 3620 5319 op-

2026 5356 2260 5418 portune
2285 5357 2720 5404 commemorant
2767 5347 3002 5402 futuram
3065 5360 3255 5402 eorum
3305 5341 3618 5400 conversio-

2028 5455 2152 5494 nem
2208 5441 2500 5511 postremis
2541 5441 2730 5497 saaculi
2774 5439 3130 5511 temporibus,
3178 5447 3234 5492 et
3276 5434 3618 5491 vocationem

2030 5532 2083 5586 in
2116 5531 2337 5588 Christo
2369 5549 2467 5605 per
2497 5535 2680 5591 iidem.
2715 5532 3134 5604 Appositissime
3171 5531 3380 5598 itaque,
3404 5538 3470 5579 ne
3494 5523 3616 5592 quis

2033 5625 2250 5681 mentiri
2279 5636 2433 5696 putet
2475 5629 2786 5694 veritatem,
2841 5639 2936 5681 eos
2969 5622 3180 5680 inducit
3231 5617 3615 5688 resipiscentes

2029 5723 2085 5769 et
2112 5729 2344 5786 persona
2371 5733 2559 5775 eorum
2617 5729 2850 5790 sumpta,
2907 5731 3002 5774 eos
3053 5723 3263 5770 tantum
3332 5723 3440 5766 non
3475 5705 3620 5765 sistit

400 5891 450 5925 '°
481 5891 587 5948 lsa.
621 5906 736 5959 th,
777 5895 833 5949 ll
939 5896 985 5928 ⁸⁰
1017 5895 1220 5953 Jcrem.
1262 5913 1320 5964 κ,
1357 5896 1447 5952 Η.
1526 5893 1572 5926 ⁸³
1598 5891 1798 5951 Jerem.
1829 5909 1944 5961 vnt,
1977 5893 2033 5950 9.
