4140 6478
535 381 672 440 15⁸15

1559 376 1615 429 S.
1657 371 1932 430 CYRILLI
1972 368 2445 425 ALEXANDRINI
2486 368 2804 426 ARCHIEP.

3665 375 3802 434 1516

533 504 646 558 Deo
673 499 955 555 dicentes:
995 490 1446 564 Exspectavimus
1467 489 1752 560 judicium,
1779 497 1832 544 et
1869 503 1975 542 non
2002 495 2106 544 est.

2222 483 2626 554 γινώσκοντας,
2670 484 2764 537 καὶ
2813 483 2876 536 τὸ
2923 483 3102 537 αὐτῶν
3157 484 3447 555 πρόσωπον
3495 486 3806 551 ἀναλαϐὼν,

529 590 798 648 Judicium
831 588 1015 643 dicunt
1049 582 1339 652 justitiam,
1382 595 1479 650 per
1516 578 1793 635 Christum
1837 577 2112 642 videlicet,

532 697 695 750 quam
727 696 785 736 se
825 685 1145 747 accepturos
1198 673 1514 742 sperabant.
1561 671 1668 725 Sed
1713 669 1856 741 apud
1884 683 1980 726 eos
2007 685 2114 724 non

530 771 886 842 estzquippe
935 766 1024 835 qui
1092 763 1213 821 duri
1270 771 1325 817 et
1383 760 1715 831 immorigeri
1769 759 2115 814 exstiterunt.

530 865 654 919 Ideo
683 861 854 916 dicit:
893 856 1052 912 Salus
1099 853 1288 925 procul
1343 851 1569 908 secessit
1635 865 1665 904 a
1717 851 1892 906 nobis.
1948 848 2113 904 Multa

527 955 676 1010 enim
706 961 892 1007 nostra
927 949 1188 1019 iniquitas
1219 945 1273 1000 in
1326 951 1621 1014 conspectu
1645 951 1760 1009 tuo,
1809 951 1865 998 et
1896 953 2118 1012 peccata

529 1056 718 1104 nostra
750 1047 802 1100 in
833 1043 990 1099 nobis
1015 1049 1160 1098 sunt.
1197 1038 1334 1096 Cum
1359 1038 1504 1094 enim
1537 1037 1590 1092 in
1622 1043 1794 1092 totum
1815 1035 2120 1091 exciderint

537 1141 608 1195 ab
635 1153 700 1194 eo
724 1137 816 1207 qui
846 1133 1111 1207 justificat
1135 1147 1231 1204 per
1260 1131 1442 1196 fidem,
1475 1131 1544 1186 ab
1575 1143 1641 1185 ea
1671 1129 1846 1184 salute
1873 1143 1995 1198 quae
2053 1126 2121 1182 ab

529 1233 647 1302 ipso
668 1241 748 1285 est
768 1229 956 1301 procul
975 1229 1140 1284 etiam
1171 1225 1483 1292 abfuerunt,
1530 1240 1656 1281 cum
1695 1236 1800 1279 non
1822 1221 2123 1292 abjecerint

529 1326 737 1395 peccati
797 1324 1228 1393 inquinamenta,
1281 1330 1337 1375 et
1366 1318 1675 1390 iniquitatis
1723 1315 1952 1372 crimina
2015 1330 2120 1370 non

530 1402 853 1483 d'eleverint,
877 1417 970 1473 sed
1003 1432 1126 1472 cum
1153 1415 1344 1472 sordes
1374 1413 1500 1467 hinc
1535 1409 1808 1467 sibivelut
1841 1407 2050 1464 infusas
2068 1417 2124 1462 et

531 1511 822 1566 instillatas
850 1511 1105 1565 habeant.
1135 1509 1429 1577 Propterea
1453 1501 1652 1558 affatus
1684 1510 1774 1556 est
1799 1514 1896 1556 eos
1956 1499 2120 1555 Chri-

534 1612 678 1666 stus,
715 1603 905 1657 dicens
943 1621 956 1656 :
992 1621 1009 1654 ι
1034 1601 1205 1656 Amen
1238 1600 1360 1654 dico
1381 1597 1558 1664 vobis,
1582 1594 1630 1650 si
1657 1609 1762 1650 non
1784 1594 2124 1672 credideritis

531 1695 658 1762 quia
688 1709 788 1762 ego
820 1708 964 1758 sum,
1018 1693 1072 1748 in
1105 1692 1346 1762 peccatis
1382 1689 1581 1768 vestris
1628 1688 1936 1744 moriemini
1968 1687 2056 1741 δι’.
2097 1706 2116 1740 ι

532 1784 716 1854 Itaque
747 1785 871 1854 quia
904 1801 1010 1840 non
1037 1784 1407 1851 crediderunt,
1443 1783 1497 1838 in
1531 1781 1780 1853 peccatis
1805 1780 1919 1837 suis
1970 1795 2121 1835 mor-

2222 577 2504 648 μονονουχὶ
2559 577 2858 648 παρίστησι
2916 576 3036 646 Θεῷ
3073 575 3352 646 λέγοντας·
3421 577 3810 649 Ἀνεμείναμεν

2218 671 2419 742 κρίσιν,
2467 671 2563 724 καὶ
2595 671 2696 724 οὐκ
2726 670 2891 724 ἔστιν.
2941 669 3140 740 Κρίσιν
3183 671 3238 723 δέ
3280 687 3412 739 φασι
3449 670 3548 741 τὴν
3607 671 3810 726 δικαιο-

2219 761 2408 832 σύνην,
2455 762 2556 832 τὴν
2599 761 2686 815 διὰ
2716 761 2955 833 Χριστοῦ
2987 762 3255 832 δηλονότι,
3301 764 3368 834 ἣν
3399 762 3669 835 λήψεσθαι
3709 766 3810 836 μὲν

2219 853 2605 925 προσεδόκουν,
2665 855 2798 925 παρ’
2828 855 3012 918 αὐτοῖς
3047 853 3104 907 δὲ
3132 854 3234 907 οὐκ
3276 853 3415 919 ἔστι,
3464 855 3721 924 γεγόνασι
3753 859 3812 912 δὲ

2222 945 2448 1018 σκληροὶ
2509 946 2604 1000 καὶ
2655 945 2921 1010 ἀπειθεῖς.
2974 946 3072 1000 Διά
3127 945 3286 1000 τοῦτό
3334 965 3518 1018 φησιν,
3563 948 3647 1001 ὅτι
3699 951 3812 1002 Σω-

2220 1042 2383 1113 τηρία
2430 1041 2649 1112 μακρὰν
2701 1041 3012 1112 ἀφέστηκεν
3063 1041 3156 1111 ἀφ’
3225 1039 3410 1112 ἡμῶν.
3482 1042 3660 1114 Πολλὴ
3702 1044 3814 1115 γὰρ

2221 1133 2380 1206 ήμῶν
2407 1135 2441 1204 ὴ
2473 1133 2674 1204 ἀνομία
2709 1133 2952 1188 ἐναντίον
2995 1151 3113 1198 σου,
3151 1134 3246 1188 καὶ
3272 1135 3329 1188 αἱ
3359 1135 3627 1207 ἁμαρτίαι
3652 1135 3814 1206 ἡμῶν

2222 1225 2282 1279 ὲν
2321 1227 2474 1297 ἡμῖν.
2517 1223 2732 1296 Ἐπειδὴ
2782 1223 2892 1295 γὰρ
2941 1223 3078 1288 ὅλως
3123 1225 3519 1280 ὲκπεπτώκασι
3577 1225 3674 1280 τοῦ
3729 1225 3812 1280 δι-

2223 1317 2510 1382 καιοῦντος
2539 1319 2596 1371 ὲν
2635 1317 2838 1382 πίστει,
2868 1317 3091 1388 μακρὰν
3121 1320 3378 1387 γεγόνασι
3410 1319 3506 1372 καὶ
3534 1320 3634 1390 τῆς
3678 1320 3814 1392 παρ’

2223 1408 2388 1462 αὐτοῦ
2413 1409 2708 1480 σωτηρίας,
2733 1410 2834 1463 οὐκ
2868 1409 3235 1474 ἀποὸαλόντες
3265 1411 3365 1481 τῆς
3391 1412 3666 1484 ἁμαρτίας
3685 1415 3815 1478 τοὺς

2226 1500 2558 1572 μολυσμοὺς,
2589 1502 2690 1554 οὐκ
2718 1501 3156 1574 ἀποτριψάμενοι
3200 1502 3300 1574 τῆς
3345 1504 3578 1574 ἀνομίας
3610 1505 3677 1558 τά
3707 1507 3812 1586 ἐγ-

2225 1593 2637 1664 κλήματα,άλλ⁵
2664 1587 2778 1647 οἷον
2806 1594 3202 1665 ὲντετηγμένον
3227 1596 3414 1658 αὐτοῖς
3439 1596 3530 1649 τὸν
3559 1595 3816 1650 ἐντεῦθεν

2226 1684 2439 1756 ἔχοντες
2488 1687 2679 1758 ῥύπον.
2713 1685 2814 1740 Διά
2843 1685 3004 1740 τοῦτο
3033 1685 3380 1757 προσεφώνει
3420 1687 3596 1756 λέγων
3628 1689 3817 1753 αὐτοῖς

2225 1782 2254 1834 ὁ
2296 1781 2550 1853 Χριστὸς,
2585 1799 2604 1833 ι
2628 1780 2798 1852 Ἀμὴν
2841 1779 2986 1848 λέγω
3023 1780 3174 1850 ὑμῖν,
3211 1780 3294 1834 ὅτι
3345 1780 3441 1834 ἐὰν
3483 1781 3558 1852 μὴ
3593 1782 3818 1835 πιστεύ-

533 1878 610 1932 tui
645 1888 794 1932 sunt.
827 1877 1037 1948 thuia
1072 1875 1424 1931 multifariam
1465 1874 1614 1943 impii
1647 1872 1873 1928 fuerunt
1925 1881 2118 1926 contra

2231 1888 2384 1942 σητε,
2435 1872 2516 1925 ὅτι
2557 1871 2668 1942 ἐγὼ
2711 1872 2849 1942 εἰμὶ,
2895 1873 2954 1924 ὲν
3000 1872 3124 1935 ταῖς
3161 1873 3459 1944 ἁμαρτίαις
3491 1873 3645 1943 ὑμῶν
3677 1875 3815 1926 ἀποο

529 1971 847 2036 Cltristum,
923 1970 1087 2024 etiam
1142 1969 1340 2023 horum
1412 1967 1655 2038 ipsorum
1725 1962 2125 2019 confessionem

529 2063 716 2114 edunt.
751 2058 886 2113 Nam
939 2059 1130 2115 dicunt
1173 2075 1187 2112 :
1250 2056 1549 2124 lnjustitias
1598 2065 1812 2111 nostras
1855 2053 2124 2116 novimus,

533 2153 696 2221 impie
723 2153 960 2222 egimus,
1014 2160 1069 2205 et
1108 2149 1321 2204 mentiti
1369 2163 1576 2214 sumus,
1616 2161 1679 2202 ac
1743 2146 2124 2202 recessimusa

531 2243 644 2299 Deo
669 2256 872 2298 nostro.
902 2243 1237 2312 impietatem
1262 2242 1407 2298 enim
1435 2241 1832 2298 commiserunt
1869 2239 2010 2296 haud
2051 2241 2129 2295 fe-

534 2334 1123 2398 rendam,mentieutes
1151 2341 1343 2388 contra
1381 2332 1720 2402 majestatem
1763 2335 2004 2391 omnium
2027 2349 2126 2387 no-

533 2435 706 2480 strum
745 2424 1054 2480 Servatoris
1093 2422 1332 2488 Christi,
1360 2438 1462 2479 nec
1494 2424 1738 2482 volentes
1779 2427 1830 2482 ei
1870 2426 2121 2496 obsequi.

530 2517 1064 2572 Coufitenturautem
1083 2531 1244 2586 porro
1265 2536 1277 2572 :
1298 2516 1486 2573 Locuti
1519 2517 1936 2590 sumusinjusta,
1953 2528 2124 2576 etnon

532 2609 889 2664 obedivimus.
916 2607 1329 2676 l’arturivimus,
1348 2619 1402 2666 et
1415 2611 1655 2667 meditati
1671 2627 1857 2668 sumus
1877 2627 1942 2667 ex
1963 2612 2129 2668 corde

530 2710 718 2754 nostro
755 2714 1038 2755 sermones
1087 2700 1337 2769 iniustos.
1395 2700 1534 2756 Nam
1567 2701 1762 2771 iniusta
1805 2703 1970 2759 locuti
1995 2713 2125 2760 sunt

531 2804 720 2848 contra
755 2793 1032 2849 Christum
1062 2811 1076 2849 :
1105 2810 1249 2852 nunc
1303 2794 1580 2851 elevantcs
1617 2797 1732 2866 ejus
1779 2796 2026 2867 gloriam,
2073 2806 2128 2853 et

531 2886 793 2941 miracula
840 2888 1258 2954 calumniantes,
1301 2889 1574 2957 dixerunt,
1601 2889 1654 2944 in
1675 2888 1962 2946 Beelzehul
1990 2888 2128 2958 prin-

531 2979 650 3048 cipe
718 2980 1105 3034 daemoniorum
1169 2996 1294 3036 eum
1357 2981 1557 3051 ejicere
1613 2982 1914 3038 daemonia:
1981 2997 2128 3037 nunc

530 3071 804 3139 parientes
831 3086 861 3126 e
900 3072 1064 3127 corde
1115 3087 1215 3128 suo
1257 3088 1539 3130 sermones
1587 3075 1840 3144 injustos,
1891 3089 2120 3130 accusa-

2231 1961 2501 2017 θανεῖσθε.
2532 1981 2550 2014 ι
2587 1961 2796 2017 Οὐκοῦν
2821 1963 3120 2034 ἐπειδήπερ
3149 1964 3210 2016 οὐ
3251 1963 3708 2028 πεπιστεύκασιν,
3730 1965 3813 2016 ἐν-

2229 2054 2499 2110 απέθανον
2524 2057 2646 2118 ταῖς
2678 2055 2976 2126 ἁμαρτίαις
3005 2055 3205 2108 αὐτῶν·
3235 2056 3422 2128 ἐπειδὴ
3449 2056 3508 2109 δὲ
3552 2056 3810 2126 πολυτρό-

2228 2165 2348 2211 πως
2403 2147 2830 2218 δεδυσσεὸήκασι
2893 2147 3037 2202 κατὰ
3095 2147 3374 2220 Χριστοῦ,
3437 2149 3534 2203 καὶ
3608 2149 3816 2202 τούτων

2229 2240 2408 2294 αὐτῶν
2438 2239 2719 2294 ποιοῦνται
2743 2239 3260 2312 τὴνὲξομολόγησιν.
3280 2243 3420 2296 Φασὶ
3445 2242 3577 2314 γάρ,
3618 2242 3700 2296 ὅτι
3734 2243 3817 2296 Τά

2227 2333 2540 2404 ἀδικήματα
2594 2333 2752 2405 ἡμῶν
2792 2333 3059 2404 ἔγνωμεν,
3093 2333 3466 2406 ήσεὸήσαμεν,
3519 2336 3613 2388 καὶ
3653 2335 3817 2406 ἔψευ-

2232 2426 2578 2498 σάμεθα,καὶ
2599 2427 2918 2498 ἀπέστημεν
2949 2427 3062 2480 ἀπὸ
3089 2427 3314 2482 ὄπισθεν
3339 2429 3433 2482 τοῦ
3459 2427 3595 2482 Θεοῦ
3632 2429 3814 2501 ἡμῶν.

2241 2519 2547 2591 Ἠσέὸησαν
2601 2518 2712 2588 γὰρ
2756 2520 2818 2572 οὐ
2875 2518 3127 2591 φορητῶς
3183 2520 3660 2590 καταψευσάμενοι
3713 2521 3818 2594 τῆς

2227 2611 2386 2682 δόξης
2439 2611 2536 2665 τοῦ
2602 2613 2822 2667 πάντων
2871 2613 3030 2683 ἡμῶν
3080 2613 3334 2684 Σωτῆρος
3389 2613 3661 2684 Χριστοῦ,
3716 2615 3819 2670 καὶ⁵

2229 2703 2568 2767 ἀποστάντες
2613 2701 2708 2757 τοῦ
2738 2702 2914 2757 θέλειν
2944 2704 3363 2758 κατακολουθεῖν
3410 2706 3582 2776 αὐτῷ.
3631 2708 3817 2780 Προσ-

2229 2793 2552 2864 ομολογοῦσι
2582 2793 2660 2856 δὲ,
2715 2794 2798 2847 ὅτι
2861 2793 3233 2866 Ἐλαλήσαμεν
3272 2794 3464 2860 ἄδικα,
3515 2796 3610 2849 καὶ
3650 2798 3815 2867 ἠπει-

2229 2887 2500 2958 θήσαμεν,
2541 2887 2798 2958 ὲκύομεν,
2848 2889 2943 2942 καὶ
2981 2887 3396 2958 ὲμελετήσαμεν
3439 2889 3548 2941 ἀπὸ
3585 2888 3817 2960 καρδίας

2229 2975 2387 3048 ἡμῶν
2413 2975 2606 3045 λόγους
2654 2977 2896 3041 ἀδίκους.
2945 2977 3138 3032 Ἄδικα
3175 2977 3284 3049 γὰρ
3313 2978 3642 3052 λελαλήκασι
3673 2983 3816 3036 κατὰ

2229 3069 2490 3138 Χριστοῦ
2524 3069 2654 3122 ποτὲ
2700 3068 2801 3140 μὲν
2851 3068 2962 3141 γάρ
3005 3069 3353 3142 διασύροντες
3396 3072 3560 3125 αὑτοῦ
3591 3071 3687 3143 τὴν
3721 3077 3816 3128 δό-

530 3172 825 3227 runteum,
852 3163 1281 3231 Samaritanum,
1314 3174 1369 3220 et
1413 3167 1832 3232 daemoniacum,
1888 3167 2116 3222 edonem

2230 3162 2351 3230 ξαν,
2389 3164 2484 3216 καὶ
2527 3163 2907 3227 διαϐάλλοντες
2945 3165 3044 3228 τὰς
3092 3165 3414 3238 θεοσημίας,
3459 3165 3714 3236 ἔφασκον,
3752 3171 3814 3223 ἐν

529 3263 586 3311 et
620 3255 981 3327 vinipowrem
1033 3259 1151 3314 ausi
1203 3259 1508 3317 nominare.
1565 3259 1954 3331 Sycophautiis
1993 3273 2118 3313 eum

2225 3257 2551 3322 Βεελζεεοὺλ
2595 3259 2818 3328 ἄρχοντι
2849 3258 2958 3312 τῶν
3002 3259 3296 3330 δαιμονίων
3332 3261 3614 3315 ἐκϐάλλειν
3643 3263 3814 3317 αὐτὸν

529 3350 929 3419 prosciderunt,
961 3351 1134 3408 Pilato
1161 3355 1412 3424 praeside,
1469 3353 1712 3411 dicentes
1739 3371 1753 3409 :
1819 3373 1838 3408 ι
1869 3354 2118 3410 Concitat

2223 3348 2293 3402 τὰ
2322 3349 2610 3419 δαιμόνια,
2645 3349 2778 3402 ποτὲ
2815 3350 2872 3403 δὲ
2906 3351 2998 3404 καὶ
3029 3354 3308 3414 τίκτοντες
3338 3352 3447 3406 ἀπὸ
3477 3352 3577 3424 τῆς
3602 3353 3817 3406 ἑαυτῶν

531 3441 740 3507 turbas,
785 3453 842 3498 et
895 3452 1044 3498 vetat
1103 3445 1308 3500 tributa
1361 3445 1494 3500 dare
1536 3444 1738 3501 Caesari
1795 3445 1910 3499 ⁸³.»
1954 3444 2122 3516 836

529 3533 823 3603 Propterea
859 3535 1088 3590 dicunt:
1125 3535 1473 3593 Reeessimus
1497 3553 1527 3592 a
1558 3537 1670 3594 Deo
1719 3546 1926 3604 nostro,
1951 3537 2118 3594 locuti

527 3641 716 3682 sumus
744 3627 971 3698 iujusta,
1039 3638 1095 3684 et
1129 3644 1234 3684 non
1273 3629 1614 3686 obedivimus
1639 3647 1654 3686 :
1683 3631 2103 3700 parturivimus,

527 3728 586 3773 et
617 3719 862 3774 meditati
893 3734 1085 3775 sumus
1115 3735 1180 3775 ex
1211 3721 1376 3776 corde
1402 3729 1590 3778 nostro
1644 3735 1929 3778 sermones
1975 3720 2121 3789 inju-

528 3818 667 3878 stos,
703 3818 760 3864 et
780 3812 1112 3866 recessimus
1138 3825 1168 3865 a
1197 3809 1426 3881 judicio,
1455 3820 1513 3868 et
1553 3810 1762 3881 justitia
1794 3811 1982 3882 procul
2031 3827 2120 3868 re-

527 3903 717 3970 cessit,
753 3904 807 3959 id
841 3913 946 3972 est,
975 3905 1307 3976 proiecimus
1329 3905 1621 3976 justitiam,
1650 3913 1706 3961 et
1761 3904 1912 3962 velut
1967 3913 2117 3977 terga

529 3993 798 4058 dedimus.
823 4011 946 4050 eam
994 3996 1251 4053 aversati.
1313 3995 1525 4054 Idcirco
1568 3996 1758 4062 procul
1810 3998 2043 4054 recessit
2086 4013 2118 4052 a

527 4088 706 4143 nobis.
741 4087 835 4144 Hae
855 4099 982 4146 sunt
1006 4091 1171 4159 igitur
1205 4105 1369 4149 voces
1415 4091 1791 4162 paenitentiam
1817 4091 2116 4163 agentium,

524 4190 581 4236 et
631 4197 663 4236 a
713 4183 934 4240 Christo
992 4185 1423 4241 misericordiam
1465 4186 1845 4256 quaerentium.
1900 4185 2115 4242 Etenim

525 4289 614 4331 res
641 4278 900 4334 salutaris
931 4286 1038 4344 est,
1073 4276 1416 4347 resipiscere,
1458 4286 1514 4332 et
1554 4276 1874 4333 delictorum
1894 4274 2114 4332 confes-

523 4368 708 4426 siones
758 4379 948 4440 aperte
981 4368 1162 4424 edere.
1191 4367 1464 4438 Scriptum
1513 4377 1599 4424 est
1625 4370 1817 4424 enim:
1865 4385 1884 4420 ι
1908 4368 2005 4423 Dic
2059 4375 2114 4422 tu

525 4465 843 4534 iniquitates
921 4472 1042 4518 tuas
1093 4463 1262 4533 prior,
1313 4471 1376 4518 ut
1431 4462 1749 4534 justificeris
1787 4460 1856 4514 ⁸³.
1891 4479 1911 4513 ι
1967 4459 2116 4514 Dixit

2223 3440 2449 3512 καρδίας
2481 3441 2673 3509 λόγους
2724 3442 2942 3506 ἀδίκους
2965 3456 2979 3470 ·
3030 3444 3444 3515 κατηγόρευσαν
3481 3443 3592 3517 γάρ
3623 3447 3810 3515 αὑτοῦ,

2222 3531 2572 3605 Σαμαρείτην
2592 3533 2689 3588 καὶ
2713 3532 3081 3604 δαιμονῶντα,
3110 3535 3287 3603 φάγον
3315 3552 3374 3589 τε
3395 3537 3490 3590 καὶ
3527 3539 3815 3608 οἰνοπότην

2219 3625 2487 3696 ὀνομάσαι
2512 3625 2910 3697 τολμήσαντες,
2939 3628 3450 3699 σεσυκοφαντήκασι
3477 3629 3536 3682 δὲ
3591 3630 3687 3683 καὶ
3719 3631 3814 3683 ἐπὶ

2221 3718 2457 3772 Πιλάτου
2503 3717 2778 3788 λέγοντες,
2811 3721 2898 3774 ὅτι
2931 3738 2950 3772 ι
2974 3720 3246 3775 Ἀνασείει
3294 3724 3424 3787 τοὺς
3459 3722 3672 3793 ὄχλους,
3718 3725 3815 3777 καὶ

2221 3811 2421 3865 κωλύει
2455 3810 2655 3882 φόρους
2700 3811 2904 3867 διδόναι
2934 3813 3195 3886 Καίσαρι.
3229 3832 3248 3867 ι
3301 3814 3400 3869 Διά
3425 3815 3584 3868 τοῦτό
3619 3833 3812 3885 φασιν⁹

2220 3903 2304 3957 ὅτι
2339 3921 2358 3954 ι
2382 3901 2727 3974 Ἀπέστημεν
2761 3903 2873 3958 ἀπὸ
2914 3903 3140 3960 ὄπισθεν
3176 3905 3272 3960 τοῦ
3299 3907 3436 3961 Θεοῦ
3475 3907 3657 3980 ἡμῶν,
3689 3909 3814 3964 ἐλα-

2218 3992 2470 4065 λήσαμεν
2519 3991 2719 4057 ἄδικα,
2783 3994 2881 4046 καὶ
2937 3996 3358 4069 ὴπειθήσαμεν·
3407 3998 3659 4069 ὲκύομεν,
3716 3998 3815 4053 καὶ

2220 4087 2636 4158 ὲμελετήσαμεν
2686 4086 2796 4143 ἀπὸ
2837 4087 3071 4158 καρδίας
3115 4089 3271 4160 ἡμῶν
3329 4089 3522 4160 λόγους
3570 4089 3808 4154 ἀδικίας,

2220 4181 2313 4234 καὶ
2362 4180 2760 4253 ἀπεστήσαμεν.
2796 4181 2974 4234 ὀπίσω
3006 4180 3106 4253 τὴν
3143 4181 3347 4254 κρίσιν,
3379 4183 3471 4236 καὶ
3516 4185 3550 4254 ή
3601 4183 3814 4237 δικαιο-

2220 4273 2354 4344 σύνη
2389 4274 2610 4346 μακράν
2627 4274 2927 4346 ἀφέστηκε,
2957 4294 2976 4328 ι
3000 4275 3302 4342 τουτέστιν,
3339 4277 3648 4350 ὲρῤίψαμεν
3673 4293 3815 4331 κατ-

2216 4367 2341 4421 όπιν
2389 4369 2488 4439 τὴν
2545 4367 2913 4439 δικαιοσύνην,
2975 4369 3068 4422 καὶ
3120 4363 3232 4424 οἷον
3289 4370 3435 4424 νῶτα
3491 4370 3813 4440 δεδώκαμεν

2217 4459 2664 4530 ἀποστραφέντες
2707 4460 2898 4531 αὐτήν.
2929 4460 3028 4514 Διὰ
3053 4459 3214 4515 τοῦτο
3243 4462 3465 4535 μακρὰν
3495 4463 3814 4534 ἀφέστηκεν

521 4558 688 4612 etiam
735 4555 949 4611 divinus
1000 4553 1214 4612 Psaltes
1253 4575 1266 4612 :
1309 4575 1329 4608 ς
1360 4555 1504 4619 Dixi,
1536 4555 1886 4610 Annuntiabo
1922 4563 2114 4610 contra

2222 4550 2312 4618 ἀφ’
2356 4549 2537 4621 ἡμῶν.
2591 4543 2762 4604 Δῦται
2802 4551 2867 4622 δὴ
2895 4546 2990 4605 οῦν
3031 4554 3436 4622 μετανοούντων
3471 4555 3670 4624 φωναὶ,
3713 4558 3812 4610 καὶ

525 4663 610 4702 me
668 4647 1009 4715 iniquitatem
1065 4662 1240 4701 meam
1289 4647 1517 4702 Domino
1564 4664 1578 4701 :
1637 4656 1690 4702 et
1751 4656 1804 4700 tu
1855 4643 2116 4700 remisisti

525 4740 854 4809 impietatem
884 4739 1061 4794 cordis
1091 4740 1191 4794 mei
1214 4739 1280 4792 “.
1323 4756 1342 4788 ι

2223 4640 2533 4712 ζητούντων
2583 4641 2852 4695 ἐλεεῖσθαι
2911 4642 3062 4714 παρά
3107 4644 3370 4714 Χριστοῦ.
3420 4633 3623 4717 Χρῆμα
3681 4646 3796 4716 γὰρ

2229 4732 2499 4803 σωτήριον
2526 4733 2588 4786 τὸ
2617 4733 3027 4804 μετανοεῖν,καὶ
3046 4734 3143 4797 τάς
3171 4734 3280 4788 τῶν
3306 4735 3808 4807 πλημμελημάτων

521 4795 814 4903 ὁμολογίας
844 4831 1118 4886 ποιεῖσθαι
1157 4833 1367 4903 σαφῶς.
1411 4831 1724 4900 Γέγραπται
1759 4795 1888 4900 γὰρ,
1923 4795 1942 4880 ί
1981 4827 2124 4895 Λέγε
2160 4824 2223 4878 σὺ
2263 4795 2645 4895 τάςηάνομίας
2707 4843 2801 4879 σου
2843 4828 3082 4898 πρῶτος,
3124 4795 3218 4882 *ἵνα
3243 4795 3559 4898 δικαιωθῇς.
3594 4795 3626 4878 ἰ.
3657 4828 3809 4898 Ἔφη

518 4928 576 4981 δὲ
620 4927 715 4980 καὶ
747 4927 775 4979 ὁ
817 4925 1104 4989 θεσπέσιος
1138 4924 1412 4995 Μελῳδόςο
1448 4945 1466 4976 ι
1502 4920 1668 4988 Εἴπα,
1712 4921 2092 4993 Ἐξαγορεύσω
2119 4919 2238 4972 κατ’
2269 4917 2404 4990 ἐμοῦ
2441 4918 2540 4989 τὴν
2575 4918 2806 4990 ἀνομίαν
2849 4937 2950 4990 μου
2982 4919 3061 4992 τῷ
3102 4921 3314 4992 Κυρίῳ,
3354 4919 3448 4973 καὶ⁵
3478 4921 3542 4972 σὺ
3583 4919 3811 4988 ἀφῆκας

518 5023 618 5093 τὴν
643 5021 896 5076 ἀσέϐειαν
923 5021 1024 5091 τῆς
1054 5020 1286 5092 καρδίας
1321 5037 1450 5090 μου.
1487 5037 1505 5070 ι

589 5159 970 5217 νειιε.15-19.
1014 5157 1157 5225 Quia
1199 5166 1508 5227 consumpta
1562 5169 1635 5212 est
1658 5157 1712 5210 in
1763 5158 1859 5211 viis
1922 5172 2104 5210 eorum

515 5254 727 5320 veritas,
749 5264 797 5306 et
827 5263 967 5305 recta
1003 5251 1173 5304 venire
1201 5267 1304 5304 non
1334 5259 1599 5318 poterant.
1667 5248 1872 5303 Veritas
1928 5258 2102 5302 autem

518 5345 721 5398 sublata
750 5353 851 5408 est,
880 5351 926 5395 et
953 5341 1332 5395 transtulerunt
1366 5351 1616 5406 mentem,
1645 5357 1707 5393 ne
1732 5339 2104 5408 intelligerent.

524 5433 584 5488 Et
621 5435 750 5489 vidit
788 5431 1069 5496 Dominus,
1114 5441 1160 5484 et
1226 5446 1328 5483 mm
1367 5430 1562 5499 placuit
1616 5430 1682 5494 ei,
1713 5429 1836 5500 quia
1865 5444 1964 5482 non
1988 5439 2103 5482 erat

509 5521 788 5591 judicium.
827 5522 891 5579 Et
918 5523 1069 5590 vidit,
1088 5530 1137 5574 et
1178 5537 1280 5574 non
1325 5531 1440 5575 erat
1496 5521 1594 5586 vir,
1627 5529 1675 5573 et
1735 5519 2100 5583 consideravit,

513 5626 561 5667 et
600 5635 702 5671 non
731 5627 846 5672 erat
879 5617 971 5687 qui
1012 5614 1328 5686 defenderet.
1371 5612 1434 5666 Et
1474 5612 1616 5666 ultus
1672 5624 1746 5666 est
1771 5629 1858 5666 eos
1885 5611 2099 5664 brachio

583 5862 650 5890 ⁶¹’
689 5861 846 5919 Joan.
968 5880 1006 5928 ι,
1037 5863 1128 5918 Ἡ.
1207 5861 1251 5892 ⁸³
1285 5860 1410 5917 Luc.
1455 5875 1613 5927 xxm,
1652 5859 1706 5915 9..

2283 5151 2412 5205 ’Ὀτι
2445 5152 2842 5222 κατηναλώθη
2877 5155 2947 5209 ἐν
2977 5154 3102 5222 τοῖς
3141 5155 3304 5222 ὁδοῖς
3343 5153 3544 5209 αὐτῶν
3573 5155 3613 5221 ἡ
3646 5153 3806 5222 ἀλή-

2207 5249 2358 5308 θεια,
2393 5243 2491 5296 καὶ
2520 5243 2595 5296 δι’
2626 5245 2865 5312 εὐθείας
2893 5247 3007 5300 οὐκ
3029 5247 3336 5315 ἠδύναντο
3358 5247 3582 5302 ἐλθεῖν.
3613 5246 3725 5300 Καὶ
3761 5247 3805 5316 ἠ

2207 5338 2460 5406 ἀλήθεια
2486 5332 2680 5409 ᾖρται,
2705 5340 2804 5392 καὶ
2821 5341 3210 5409 μετέστησαν
3230 5341 3344 5410 τὴν
3366 5340 3661 5403 διάνοιαν,
3690 5339 3806 5392 τοῦ

2208 5430 2575 5496 συνειδέναι,
2619 5431 2720 5484 καί
2755 5427 2876 5486 εἶδε
2900 5433 3134 5501 Κύριος,
3167 5433 3263 5488 καὶ
3291 5435 3403 5488 οὐκ
3435 5431 3660 5501 ἤρεσεν
3693 5432 3808 5485 αὺ-

2210 5521 2312 5588 τῷ,
2344 5524 2433 5576 ὅτι
2453 5525 2566 5578 οὐκ
2590 5518 2668 5591 ἦν
2696 5524 2916 5590 κρίσις.
2947 5525 3057 5579 Καὶ
3087 5521 3210 5579 εἶδε
3237 5525 3334 5580 καὶ
3363 5525 3475 5579 οὐκ
3502 5519 3582 5594 ἦν
3613 5519 3802 5590 ἀνὴρ.

2211 5616 2308 5669 καὶ
2339 5616 2692 5684 κατενόησε,
2719 5617 2817 5670 καὶ
2845 5618 2957 5670 οὐκ
2989 5612 3066 5688 ἦν
3095 5619 3127 5671 ὀ
3158 5618 3660 5686 ἀντιληψόμενος.
3683 5611 3801 5667 Καὶ

1823 5859 1867 5891 ⁸³
1897 5859 2000 5915 lea.
2038 5873 2192 5925 XLI",
2227 5858 2317 5913 Q6.
2403 5860 2443 5893 “
2473 5858 2626 5917 Psal.
2658 5876 2810 5924 uxr,
2855 5860 2902 5914 ὅ.
