  <div class='ocr_page' id='page_1' title='image "/cluster/home/n/w/nwhite01/storage/ocr_20150623/70:no.3/coo.31924054869726/666.png"; bbox 0 0 4140 6466; ppageno 0'>
   <div class='ocr_carea' id='block_1_1' title="bbox 277 411 418 468">
    <p class='ocr_par' dir='ltr' id='par_1_1' title="bbox 277 411 418 468">
     <span class='ocr_line' id='line_1_1' title="bbox 277 411 418 468; baseline -0.007 -1"><span class='ocrx_word' id='word_1_1' title='bbox 277 411 418 468; x_wconf 70' lang='grc' dir='ltr'><em>ιδιτ</em></span> 
     </span>
    </p>
   </div>
   <div class='ocr_carea' id='block_1_2' title="bbox 1435 400 2464 463">
    <p class='ocr_par' dir='ltr' id='par_1_2' title="bbox 1435 400 2464 463">
     <span class='ocr_line' id='line_1_2' title="bbox 1435 400 2464 463; baseline 0.004 -7"><span class='ocrx_word' id='word_1_2' title='bbox 1435 401 1500 456; x_wconf 83' lang='grc' dir='ltr'><strong><em>ΙΝ</em></strong></span> <span class='ocrx_word' id='word_1_3' title='bbox 1541 400 1774 458; x_wconf 80' lang='lat' dir='ltr'><strong>ISAIAM</strong></span> <span class='ocrx_word' id='word_1_4' title='bbox 1815 400 1948 458; x_wconf 86' lang='lat' dir='ltr'><strong>LIB.</strong></span> <span class='ocrx_word' id='word_1_5' title='bbox 1989 402 2053 461; x_wconf 84' lang='lat' dir='ltr'><strong><em>V.</em></strong></span> <span class='ocrx_word' id='word_1_6' title='bbox 2099 402 2334 463; x_wconf 83' lang='lat' dir='ltr'><strong><em>TOMUS</em></strong></span> <span class='ocrx_word' id='word_1_7' title='bbox 2374 404 2464 460; x_wconf 81' lang='lat' dir='ltr'><strong><em>IV.</em></strong></span> 
     </span>
    </p>
   </div>
   <div class='ocr_carea' id='block_1_3' title="bbox 3463 408 3600 467">
    <p class='ocr_par' dir='ltr' id='par_1_3' title="bbox 3463 408 3600 467">
     <span class='ocr_line' id='line_1_3' title="bbox 3463 408 3600 467; baseline 0.029 -4"><span class='ocrx_word' id='word_1_8' title='bbox 3463 408 3600 467; x_wconf 72' lang='grc'><strong>1518</strong></span> 
     </span>
    </p>
   </div>
   <div class='ocr_carea' id='block_1_4' title="bbox 271 524 1882 608">
    <p class='ocr_par' dir='ltr' id='par_1_4' title="bbox 271 524 1876 603">
     <span class='ocr_line' id='line_1_4' title="bbox 271 524 1876 603; baseline -0.006 -14"><span class='ocrx_word' id='word_1_9' title='bbox 271 539 549 603; x_wconf 72' lang='grc' dir='ltr'><em>ἠμύνατο</em></span> <span class='ocrx_word' id='word_1_10' title='bbox 579 528 803 593; x_wconf 82' lang='grc' dir='ltr'><em>αὐτοὺς</em></span> <span class='ocrx_word' id='word_1_11' title='bbox 824 526 905 593; x_wconf 88' lang='grc' dir='ltr'><em>τῷ</em></span> <span class='ocrx_word' id='word_1_12' title='bbox 925 527 1209 596; x_wconf 75' lang='grc' dir='ltr'><strong><em>βραχίονι</em></strong></span> <span class='ocrx_word' id='word_1_13' title='bbox 1234 525 1443 598; x_wconf 81' lang='grc' dir='ltr'><em>αὑτοῦ,</em></span> <span class='ocrx_word' id='word_1_14' title='bbox 1474 525 1571 580; x_wconf 77' lang='grc' dir='ltr'><em>καὶ</em></span> <span class='ocrx_word' id='word_1_15' title='bbox 1600 524 1675 595; x_wconf 81' lang='grc' dir='ltr'><em>τῇ</em></span> <span class='ocrx_word' id='word_1_16' title='bbox 1703 526 1876 594; x_wconf 80' lang='grc' dir='ltr'><em>ἐλεη-</em></span> 
     </span>
    </p>
   </div>
   <div class='ocr_carea' id='block_1_5' title="bbox 1989 524 3598 608">
    <p class='ocr_par' dir='ltr' id='par_1_5' title="bbox 1989 525 3598 608">
     <span class='ocr_line' id='line_1_5' title="bbox 1989 525 3598 608; baseline 0.004 -27"><span class='ocrx_word' id='word_1_17' title='bbox 1989 543 2076 582; x_wconf 85' lang='grc' dir='ltr'><em>ιιιο</em></span> <span class='ocrx_word' id='word_1_18' title='bbox 2099 570 2113 594; x_wconf 87' lang='grc'><strong><em>,</em></strong></span> <span class='ocrx_word' id='word_1_19' title='bbox 2141 538 2186 581; x_wconf 86' lang='lat' dir='ltr'><strong><em>et</em></strong></span> <span class='ocrx_word' id='word_1_20' title='bbox 2234 527 2599 582; x_wconf 72' lang='lat' dir='ltr'><strong><em>misericordia</em></strong></span> <span class='ocrx_word' id='word_1_21' title='bbox 2639 529 2989 583; x_wconf 80' lang='lat' dir='ltr'><strong><em>sustentavit.</em></strong></span> <span class='ocrx_word' id='word_1_22' title='bbox 3020 525 3090 581; x_wconf 86' lang='lat' dir='ltr'><strong><em>Et</em></strong></span> <span class='ocrx_word' id='word_1_23' title='bbox 3127 530 3345 583; x_wconf 78' lang='lat' dir='ltr'><strong><em>indutus</em></strong></span> <span class='ocrx_word' id='word_1_24' title='bbox 3395 543 3473 586; x_wconf 80' lang='lat' dir='ltr'><strong><em>est</em></strong></span> <span class='ocrx_word' id='word_1_25' title='bbox 3508 537 3598 608; x_wconf 82' lang='lat' dir='ltr'><strong><em>jn-</em></strong></span> 
     </span>
    </p>
   </div>
   <div class='ocr_carea' id='block_1_6' title="bbox 263 619 1875 699">
    <p class='ocr_par' dir='ltr' id='par_1_6' title="bbox 263 619 1875 699">
     <span class='ocr_line' id='line_1_6' title="bbox 263 619 1875 699; baseline -0.004 -18"><span class='ocrx_word' id='word_1_26' title='bbox 263 628 541 699; x_wconf 81' lang='grc' dir='ltr'><em>μοσύνῃ,</em></span> <span class='ocrx_word' id='word_1_27' title='bbox 564 619 604 697; x_wconf 79' lang='grc' dir='ltr'><strong><em>ᾖ</em></strong></span> <span class='ocrx_word' id='word_1_28' title='bbox 636 625 712 695; x_wconf 83' lang='grc'><strong><em>(1)</em></strong></span> <span class='ocrx_word' id='word_1_29' title='bbox 741 623 1130 691; x_wconf 83' lang='grc' dir='ltr'><em>ἐστηρίσατο,</em></span> <span class='ocrx_word' id='word_1_30' title='bbox 1158 621 1260 674; x_wconf 80' lang='grc' dir='ltr'><em>καὶ</em></span> <span class='ocrx_word' id='word_1_31' title='bbox 1288 621 1622 675; x_wconf 76' lang='grc' dir='ltr'><strong><em>ἐνεδύσατο</em></strong></span> <span class='ocrx_word' id='word_1_32' title='bbox 1651 619 1875 674; x_wconf 83' lang='grc' dir='ltr'><em>δικαιο-</em></span> 
     </span>
    </p>
   </div>
   <div class='ocr_carea' id='block_1_7' title="bbox 265 714 1880 787">
    <p class='ocr_par' dir='ltr' id='par_1_7' title="bbox 265 714 1880 787">
     <span class='ocr_line' id='line_1_7' title="bbox 265 714 1880 787; baseline -0.006 -12"><span class='ocrx_word' id='word_1_33' title='bbox 265 721 502 787; x_wconf 84' lang='grc' dir='ltr'><em>σύνην,</em></span> <span class='ocrx_word' id='word_1_34' title='bbox 540 720 623 784; x_wconf 86' lang='grc' dir='ltr'><strong><em>ὡς</em></strong></span> <span class='ocrx_word' id='word_1_35' title='bbox 642 717 899 784; x_wconf 83' lang='grc' dir='ltr'><em>θώρακα,</em></span> <span class='ocrx_word' id='word_1_36' title='bbox 930 714 1029 769; x_wconf 79' lang='grc' dir='ltr'><em>καὶ</em></span> <span class='ocrx_word' id='word_1_37' title='bbox 1064 714 1367 784; x_wconf 77' lang='grc' dir='ltr'><strong><em>περιέθετο</em></strong></span> <span class='ocrx_word' id='word_1_38' title='bbox 1401 715 1880 784; x_wconf 75' lang='grc' dir='ltr'><em>περικεφαλαίαν</em></span> 
     </span>
    </p>
   </div>
   <div class='ocr_carea' id='block_1_8' title="bbox 264 806 1879 879">
    <p class='ocr_par' dir='ltr' id='par_1_8' title="bbox 264 806 1879 879">
     <span class='ocr_line' id='line_1_8' title="bbox 264 806 1879 879; baseline -0.004 -12"><span class='ocrx_word' id='word_1_39' title='bbox 264 812 581 879; x_wconf 80' lang='grc' dir='ltr'><strong><em>σωτηρίου</em></strong></span> <span class='ocrx_word' id='word_1_40' title='bbox 605 809 707 863; x_wconf 79' lang='grc' dir='ltr'><em>ἐπὶ</em></span> <span class='ocrx_word' id='word_1_41' title='bbox 736 807 847 878; x_wconf 85' lang='grc' dir='ltr'><em>τῆς</em></span> <span class='ocrx_word' id='word_1_42' title='bbox 875 806 1168 877; x_wconf 66' lang='grc' dir='ltr'><em>κεφαλῆς.</em></span> <span class='ocrx_word' id='word_1_43' title='bbox 1201 807 1315 861; x_wconf 80' lang='grc' dir='ltr'><strong><em>Καὶ</em></strong></span> <span class='ocrx_word' id='word_1_44' title='bbox 1345 806 1730 876; x_wconf 77' lang='grc' dir='ltr'><em>περιεϐάλετο</em></span> <span class='ocrx_word' id='word_1_45' title='bbox 1750 806 1879 876; x_wconf 80' lang='grc' dir='ltr'><em>ἱμά-</em></span> 
     </span>
    </p>
   </div>
   <div class='ocr_carea' id='block_1_9' title="bbox 263 895 1883 969">
    <p class='ocr_par' dir='ltr' id='par_1_9' title="bbox 263 895 1883 969">
     <span class='ocr_line' id='line_1_9' title="bbox 263 895 1883 969; baseline -0.005 -11"><span class='ocrx_word' id='word_1_46' title='bbox 263 921 408 958; x_wconf 81' lang='grc' dir='ltr'><em>τιον</em></span> <span class='ocrx_word' id='word_1_47' title='bbox 434 899 828 967; x_wconf 79' lang='grc' dir='ltr'><em>ἐκδικήσεως,</em></span> <span class='ocrx_word' id='word_1_48' title='bbox 867 899 968 953; x_wconf 77' lang='grc' dir='ltr'><em>καὶ</em></span> <span class='ocrx_word' id='word_1_49' title='bbox 996 901 1400 969; x_wconf 76' lang='grc' dir='ltr'><em>περιϐόλαιον,</em></span> <span class='ocrx_word' id='word_1_50' title='bbox 1435 898 1516 964; x_wconf 85' lang='grc' dir='ltr'><em>ὡς</em></span> <span class='ocrx_word' id='word_1_51' title='bbox 1542 895 1883 951; x_wconf 83' lang='grc' dir='ltr'><em>ἀνταποδώ-</em></span> 
     </span>
    </p>
   </div>
   <div class='ocr_carea' id='block_1_10' title="bbox 260 990 1878 1059">
    <p class='ocr_par' dir='ltr' id='par_1_10' title="bbox 260 990 1878 1059">
     <span class='ocr_line' id='line_1_10' title="bbox 260 990 1878 1059; baseline -0.005 -7"><span class='ocrx_word' id='word_1_52' title='bbox 260 1014 407 1052; x_wconf 78' lang='grc' dir='ltr'><strong><em>σων</em></strong></span> <span class='ocrx_word' id='word_1_53' title='bbox 441 993 878 1058; x_wconf 76' lang='grc' dir='ltr'><em>ἀνταπόδοσιν,</em></span> <span class='ocrx_word' id='word_1_54' title='bbox 911 991 1145 1059; x_wconf 78' lang='grc' dir='ltr'><em>ὄνειδος</em></span> <span class='ocrx_word' id='word_1_55' title='bbox 1170 991 1296 1058; x_wconf 83' lang='grc' dir='ltr'><em>τοῖς</em></span> <span class='ocrx_word' id='word_1_56' title='bbox 1333 990 1738 1057; x_wconf 73' lang='grc' dir='ltr'><em>ὑπεναντίοις.</em></span> <span class='ocrx_word' id='word_1_57' title='bbox 1768 990 1878 1045; x_wconf 74' lang='grc' dir='ltr'><strong><em>Καὶ</em></strong></span> 
     </span>
    </p>
   </div>
   <div class='ocr_carea' id='block_1_11' title="bbox 262 1082 1877 1159">
    <p class='ocr_par' dir='ltr' id='par_1_11' title="bbox 262 1082 1877 1159">
     <span class='ocr_line' id='line_1_11' title="bbox 262 1082 1877 1159; baseline -0.003 -16"><span class='ocrx_word' id='word_1_58' title='bbox 262 1087 729 1159; x_wconf 50' lang='grc' dir='ltr'><em>φοϐηθήσονται</em></span> <span class='ocrx_word' id='word_1_59' title='bbox 764 1089 817 1140; x_wconf 84' lang='grc' dir='ltr'><strong><em>οί</em></strong></span> <span class='ocrx_word' id='word_1_60' title='bbox 843 1085 964 1141; x_wconf 81' lang='grc' dir='ltr'><strong><em>ἀπὸ</em></strong></span> <span class='ocrx_word' id='word_1_61' title='bbox 1004 1082 1255 1155; x_wconf 82' lang='grc' dir='ltr'><em>δυσμῶν</em></span> <span class='ocrx_word' id='word_1_62' title='bbox 1301 1084 1370 1138; x_wconf 85' lang='grc' dir='ltr'><em>τὸ</em></span> <span class='ocrx_word' id='word_1_63' title='bbox 1409 1083 1600 1153; x_wconf 80' lang='grc' dir='ltr'><em>ὄνομα</em></span> <span class='ocrx_word' id='word_1_64' title='bbox 1630 1083 1877 1152; x_wconf 83' lang='grc' dir='ltr'><em>Κυρίου,</em></span> 
     </span>
    </p>
   </div>
   <div class='ocr_carea' id='block_1_12' title="bbox 1989 620 3598 696">
    <p class='ocr_par' dir='ltr' id='par_1_12' title="bbox 1989 620 3598 696">
     <span class='ocr_line' id='line_1_12' title="bbox 1989 620 3598 696; baseline 0.006 -24"><span class='ocrx_word' id='word_1_65' title='bbox 1989 621 2159 686; x_wconf 77' lang='lat' dir='ltr'><strong><em>stitia,</em></strong></span> <span class='ocrx_word' id='word_1_66' title='bbox 2189 621 2346 686; x_wconf 79' lang='lat' dir='ltr'><strong><em>quasi</em></strong></span> <span class='ocrx_word' id='word_1_67' title='bbox 2371 620 2561 686; x_wconf 86' lang='lat' dir='ltr'><strong><em>lorica,</em></strong></span> <span class='ocrx_word' id='word_1_68' title='bbox 2591 631 2638 675; x_wconf 86' lang='lat' dir='ltr'><strong><em>et</em></strong></span> <span class='ocrx_word' id='word_1_69' title='bbox 2664 621 3009 675; x_wconf 80' lang='lat' dir='ltr'><strong><em>circumdedit</em></strong></span> <span class='ocrx_word' id='word_1_70' title='bbox 3030 621 3181 690; x_wconf 83' lang='lat' dir='ltr'><strong><em>galea</em></strong></span> <span class='ocrx_word' id='word_1_71' title='bbox 3206 623 3398 678; x_wconf 80' lang='lat' dir='ltr'><strong><em>salutis</em></strong></span> <span class='ocrx_word' id='word_1_72' title='bbox 3421 643 3598 696; x_wconf 71' lang='lat' dir='ltr'><strong><em>caput,</em></strong></span> 
     </span>
    </p>
   </div>
   <div class='ocr_carea' id='block_1_13' title="bbox 1991 715 3601 788">
    <p class='ocr_par' dir='ltr' id='par_1_13' title="bbox 1991 715 3601 788">
     <span class='ocr_line' id='line_1_13' title="bbox 1991 715 3601 788; baseline 0.003 -20"><span class='ocrx_word' id='word_1_73' title='bbox 1991 724 2044 768; x_wconf 85' lang='lat' dir='ltr'><strong><em>et</em></strong></span> <span class='ocrx_word' id='word_1_74' title='bbox 2087 716 2312 769; x_wconf 79' lang='lat' dir='ltr'><strong><em>amictus</em></strong></span> <span class='ocrx_word' id='word_1_75' title='bbox 2358 723 2434 768; x_wconf 81' lang='lat' dir='ltr'><strong><em>est</em></strong></span> <span class='ocrx_word' id='word_1_76' title='bbox 2479 715 2786 769; x_wconf 80' lang='lat' dir='ltr'><strong><em>indumento</em></strong></span> <span class='ocrx_word' id='word_1_77' title='bbox 2836 715 3086 770; x_wconf 73' lang='lat' dir='ltr'><strong><em>vindicta:</em></strong></span> <span class='ocrx_word' id='word_1_78' title='bbox 3147 717 3442 788; x_wconf 84' lang='lat' dir='ltr'><strong><em>pallioque,</em></strong></span> <span class='ocrx_word' id='word_1_79' title='bbox 3477 727 3601 773; x_wconf 82' lang='lat' dir='ltr'><strong><em>tan-</em></strong></span> 
     </span>
    </p>
   </div>
   <div class='ocr_carea' id='block_1_14' title="bbox 1993 807 3602 878">
    <p class='ocr_par' dir='ltr' id='par_1_14' title="bbox 1993 807 3602 878">
     <span class='ocr_line' id='line_1_14' title="bbox 1993 807 3602 878; baseline 0.003 -17"><span class='ocrx_word' id='word_1_80' title='bbox 1993 823 2156 878; x_wconf 85' lang='lat' dir='ltr'><strong><em>quam</em></strong></span> <span class='ocrx_word' id='word_1_81' title='bbox 2208 808 2422 863; x_wconf 82' lang='lat' dir='ltr'><strong><em>ulturus</em></strong></span> <span class='ocrx_word' id='word_1_82' title='bbox 2470 809 2720 877; x_wconf 77' lang='lat' dir='ltr'><strong><em>probrum</em></strong></span> <span class='ocrx_word' id='word_1_83' title='bbox 2751 808 3206 867; x_wconf 81' lang='lat' dir='ltr'><strong><em>adversariorum.</em></strong></span> <span class='ocrx_word' id='word_1_84' title='bbox 3251 807 3319 862; x_wconf 84' lang='lat' dir='ltr'><strong><em>Et</em></strong></span> <span class='ocrx_word' id='word_1_85' title='bbox 3348 810 3602 866; x_wconf 82' lang='lat' dir='ltr'><strong><em>timebunt</em></strong></span> 
     </span>
    </p>
   </div>
   <div class='ocr_carea' id='block_1_15' title="bbox 1993 901 3601 973">
    <p class='ocr_par' dir='ltr' id='par_1_15' title="bbox 1993 901 3601 973">
     <span class='ocr_line' id='line_1_15' title="bbox 1993 901 3601 973; baseline 0.006 -23"><span class='ocrx_word' id='word_1_86' title='bbox 1993 901 2046 955; x_wconf 82' lang='grc' dir='ltr'><em>ίιὶ</em></span> <span class='ocrx_word' id='word_1_87' title='bbox 2064 901 2156 971; x_wconf 78' lang='lat' dir='ltr'><strong><em>qui</em></strong></span> <span class='ocrx_word' id='word_1_88' title='bbox 2176 901 2240 955; x_wconf 86' lang='lat' dir='ltr'><strong><em>ab</em></strong></span> <span class='ocrx_word' id='word_1_89' title='bbox 2264 901 2529 956; x_wconf 78' lang='lat' dir='ltr'><strong><em>occidente</em></strong></span> <span class='ocrx_word' id='word_1_90' title='bbox 2550 913 2691 970; x_wconf 74' lang='lat' dir='ltr'><strong><em>sunt,</em></strong></span> <span class='ocrx_word' id='word_1_91' title='bbox 2712 919 2896 957; x_wconf 82' lang='lat' dir='ltr'><strong><em>nomen</em></strong></span> <span class='ocrx_word' id='word_1_92' title='bbox 2914 901 3204 968; x_wconf 81' lang='lat' dir='ltr'><strong><em>Domini,et</em></strong></span> <span class='ocrx_word' id='word_1_93' title='bbox 3223 903 3601 973; x_wconf 78' lang='lat' dir='ltr'><strong><em>quiaborienu</em></strong></span> 
     </span>
    </p>
   </div>
   <div class='ocr_carea' id='block_1_16' title="bbox 1991 994 3600 1068">
    <p class='ocr_par' dir='ltr' id='par_1_16' title="bbox 1991 994 3600 1068">
     <span class='ocr_line' id='line_1_16' title="bbox 1991 994 3600 1068; baseline 0.002 -19"><span class='ocrx_word' id='word_1_94' title='bbox 1991 1004 2116 1049; x_wconf 80' lang='lat' dir='ltr'><strong><em>sunt</em></strong></span> <span class='ocrx_word' id='word_1_95' title='bbox 2141 1034 2156 1061; x_wconf 89' lang='lat'><strong><em>,</em></strong></span> <span class='ocrx_word' id='word_1_96' title='bbox 2186 1011 2374 1051; x_wconf 84' lang='lat' dir='ltr'><strong><em>nomen</em></strong></span> <span class='ocrx_word' id='word_1_97' title='bbox 2403 995 2712 1066; x_wconf 80' lang='lat' dir='ltr'><strong><em>gloriosum.</em></strong></span> <span class='ocrx_word' id='word_1_98' title='bbox 2758 994 2938 1051; x_wconf 79' lang='lat' dir='ltr'><strong><em>Veniet</em></strong></span> <span class='ocrx_word' id='word_1_99' title='bbox 2963 998 3099 1051; x_wconf 87' lang='lat' dir='ltr'><strong><em>enim</em></strong></span> <span class='ocrx_word' id='word_1_100' title='bbox 3131 1011 3382 1068; x_wconf 78' lang='lat' dir='ltr'><strong><em>tanquam</em></strong></span> <span class='ocrx_word' id='word_1_101' title='bbox 3406 998 3600 1068; x_wconf 76' lang='lat' dir='ltr'><strong><em>ﬂuvius</em></strong></span> 
     </span>
    </p>
   </div>
   <div class='ocr_carea' id='block_1_17' title="bbox 1993 1087 3308 1156">
    <p class='ocr_par' dir='ltr' id='par_1_17' title="bbox 1993 1087 3308 1156">
     <span class='ocr_line' id='line_1_17' title="bbox 1993 1087 3308 1156; baseline 0.002 -13"><span class='ocrx_word' id='word_1_102' title='bbox 1993 1087 2252 1144; x_wconf 78' lang='lat' dir='ltr'><strong><em>violentus</em></strong></span> <span class='ocrx_word' id='word_1_103' title='bbox 2296 1089 2379 1144; x_wconf 80' lang='lat' dir='ltr'><strong><em>ira</em></strong></span> <span class='ocrx_word' id='word_1_104' title='bbox 2431 1089 2672 1153; x_wconf 81' lang='lat' dir='ltr'><strong><em>Domini,</em></strong></span> <span class='ocrx_word' id='word_1_105' title='bbox 2733 1091 2899 1145; x_wconf 81' lang='lat' dir='ltr'><strong><em>veniet</em></strong></span> <span class='ocrx_word' id='word_1_106' title='bbox 2949 1107 3069 1144; x_wconf 86' lang='lat' dir='ltr'><strong><em>cum</em></strong></span> <span class='ocrx_word' id='word_1_107' title='bbox 3106 1091 3308 1156; x_wconf 82' lang='lat' dir='ltr'><strong><em>furore.</em></strong></span> 
     </span>
    </p>
   </div>
   <div class='ocr_carea' id='block_1_18' title="bbox 265 1178 3594 1256">
    <p class='ocr_par' dir='ltr' id='par_1_18' title="bbox 265 1178 3594 1256">
     <span class='ocr_line' id='line_1_18' title="bbox 265 1178 3594 1256; baseline 0 -19"><span class='ocrx_word' id='word_1_108' title='bbox 265 1184 374 1238; x_wconf 69' lang='grc' dir='ltr'><em>καὶ</em></span> <span class='ocrx_word' id='word_1_109' title='bbox 391 1185 445 1236; x_wconf 87' lang='grc' dir='ltr'><em>οἱ</em></span> <span class='ocrx_word' id='word_1_110' title='bbox 472 1181 590 1237; x_wconf 80' lang='grc' dir='ltr'><em>ἀπὸ</em></span> <span class='ocrx_word' id='word_1_111' title='bbox 604 1180 920 1237; x_wconf 77' lang='grc' dir='ltr'><em>ἀνατολῶν</em></span> <span class='ocrx_word' id='word_1_112' title='bbox 944 1179 1010 1234; x_wconf 83' lang='grc' dir='ltr'><em>τὸ</em></span> <span class='ocrx_word' id='word_1_113' title='bbox 1033 1179 1220 1250; x_wconf 78' lang='grc' dir='ltr'><em>ὄνομα</em></span> <span class='ocrx_word' id='word_1_114' title='bbox 1235 1178 1304 1233; x_wconf 85' lang='grc' dir='ltr'><em>τὸ</em></span> <span class='ocrx_word' id='word_1_115' title='bbox 1330 1178 1606 1244; x_wconf 78' lang='grc' dir='ltr'><em>ἔνδοξον.</em></span> <span class='ocrx_word' id='word_1_116' title='bbox 1625 1179 1789 1244; x_wconf 81' lang='grc' dir='ltr'><em>Ἥξει</em></span> <span class='ocrx_word' id='word_1_117' title='bbox 1804 1178 1915 1250; x_wconf 77' lang='grc' dir='ltr'><em>γὰρ</em></span> <span class='ocrx_word' id='word_1_118' title='bbox 1934 1181 2016 1250; x_wconf 85' lang='grc' dir='ltr'><em>ὡς</em></span> <span class='ocrx_word' id='word_1_119' title='bbox 2036 1183 2516 1256; x_wconf 80' lang='grc' dir='ltr'><em>ποταμὸςβίαιος</em></span> <span class='ocrx_word' id='word_1_120' title='bbox 2545 1185 2585 1254; x_wconf 77' lang='grc' dir='ltr'><em>ἠ</em></span> <span class='ocrx_word' id='word_1_121' title='bbox 2611 1181 2756 1254; x_wconf 73' lang='grc' dir='ltr'><em>ὀργὴ</em></span> <span class='ocrx_word' id='word_1_122' title='bbox 2776 1183 3017 1253; x_wconf 87' lang='grc' dir='ltr'><em>Κυρίου,</em></span> <span class='ocrx_word' id='word_1_123' title='bbox 3043 1182 3179 1251; x_wconf 76' lang='grc' dir='ltr'><em>ἣξει</em></span> <span class='ocrx_word' id='word_1_124' title='bbox 3209 1183 3362 1254; x_wconf 81' lang='grc' dir='ltr'><em>μετὰ</em></span> <span class='ocrx_word' id='word_1_125' title='bbox 3382 1182 3594 1254; x_wconf 87' lang='grc' dir='ltr'><em>θυμοῦ.</em></span> 
     </span>
    </p>
   </div>
   <div class='ocr_carea' id='block_1_19' title="bbox 343 1266 1874 1348">
    <p class='ocr_par' dir='ltr' id='par_1_19' title="bbox 343 1266 1874 1348">
     <span class='ocr_line' id='line_1_19' title="bbox 343 1266 1874 1348; baseline -0.001 -20"><span class='ocrx_word' id='word_1_126' title='bbox 343 1273 836 1346; x_wconf 81' lang='grc' dir='ltr'><em>Διαμνημονεύσας</em></span> <span class='ocrx_word' id='word_1_127' title='bbox 862 1273 891 1325; x_wconf 80' lang='grc' dir='ltr'>ὁ</span> <span class='ocrx_word' id='word_1_128' title='bbox 922 1275 1232 1348; x_wconf 74' lang='grc' dir='ltr'><strong><em>προφήτης,</em></strong></span> <span class='ocrx_word' id='word_1_129' title='bbox 1269 1266 1344 1328; x_wconf 81' lang='grc' dir='ltr'><em>ὧν</em></span> <span class='ocrx_word' id='word_1_130' title='bbox 1373 1273 1590 1344; x_wconf 83' lang='grc' dir='ltr'><em>ἐροῦσιν</em></span> <span class='ocrx_word' id='word_1_131' title='bbox 1611 1275 1670 1328; x_wconf 87' lang='grc' dir='ltr'><strong><em>ἐν</em></strong></span> <span class='ocrx_word' id='word_1_132' title='bbox 1691 1274 1874 1346; x_wconf 82' lang='grc' dir='ltr'><em>καιρῷ</em></span> 
     </span>
    </p>
   </div>
   <div class='ocr_carea' id='block_1_20' title="bbox 261 1364 1872 1440">
    <p class='ocr_par' dir='ltr' id='par_1_20' title="bbox 261 1364 1872 1440">
     <span class='ocr_line' id='line_1_20' title="bbox 261 1364 1872 1440; baseline -0.002 -18"><span class='ocrx_word' id='word_1_133' title='bbox 261 1368 525 1440; x_wconf 76' lang='grc' dir='ltr'><strong><em>κλήσεως</em></strong></span> <span class='ocrx_word' id='word_1_134' title='bbox 563 1365 744 1420; x_wconf 83' lang='grc' dir='ltr'><em>αὐτῶν</em></span> <span class='ocrx_word' id='word_1_135' title='bbox 780 1367 829 1418; x_wconf 83' lang='grc' dir='ltr'><em>οἱ</em></span> <span class='ocrx_word' id='word_1_136' title='bbox 867 1364 927 1432; x_wconf 79' lang='grc' dir='ltr'><em>ἐξ</em></span> <span class='ocrx_word' id='word_1_137' title='bbox 978 1364 1228 1436; x_wconf 81' lang='grc' dir='ltr'><em>Ἰσραὴλ,</em></span> <span class='ocrx_word' id='word_1_138' title='bbox 1263 1364 1544 1429; x_wconf 74' lang='grc' dir='ltr'><em>αἰτοῦντες</em></span> <span class='ocrx_word' id='word_1_139' title='bbox 1592 1365 1744 1436; x_wconf 76' lang='grc' dir='ltr'><em>παρὰ</em></span> <span class='ocrx_word' id='word_1_140' title='bbox 1775 1364 1872 1418; x_wconf 90' lang='grc' dir='ltr'><strong><em>τοῦ</em></strong></span> 
     </span>
    </p>
   </div>
   <div class='ocr_carea' id='block_1_21' title="bbox 259 1456 1874 1529">
    <p class='ocr_par' dir='ltr' id='par_1_21' title="bbox 259 1456 1874 1529">
     <span class='ocr_line' id='line_1_21' title="bbox 259 1456 1874 1529; baseline -0.002 -15"><span class='ocrx_word' id='word_1_141' title='bbox 259 1458 412 1515; x_wconf 80' lang='grc' dir='ltr'><em>Θεοῦ</em></span> <span class='ocrx_word' id='word_1_142' title='bbox 455 1459 552 1512; x_wconf 73' lang='grc' dir='ltr'><em>καὶ</em></span> <span class='ocrx_word' id='word_1_143' title='bbox 602 1457 818 1528; x_wconf 86' lang='grc' dir='ltr'><em>Πατρὸς</em></span> <span class='ocrx_word' id='word_1_144' title='bbox 863 1457 964 1526; x_wconf 85' lang='grc' dir='ltr'><em>τῆς</em></span> <span class='ocrx_word' id='word_1_145' title='bbox 1009 1456 1101 1512; x_wconf 77' lang='grc' dir='ltr'><em>διὰ</em></span> <span class='ocrx_word' id='word_1_146' title='bbox 1149 1457 1390 1529; x_wconf 83' lang='grc' dir='ltr'><em>Χριστοῦ</em></span> <span class='ocrx_word' id='word_1_147' title='bbox 1445 1459 1725 1529; x_wconf 80' lang='grc' dir='ltr'><em>σωτηρίας</em></span> <span class='ocrx_word' id='word_1_148' title='bbox 1773 1456 1874 1528; x_wconf 82' lang='grc' dir='ltr'><em>τὴν</em></span> 
     </span>
    </p>
   </div>
   <div class='ocr_carea' id='block_1_22' title="bbox 261 1549 1872 1624">
    <p class='ocr_par' dir='ltr' id='par_1_22' title="bbox 261 1549 1872 1624">
     <span class='ocr_line' id='line_1_22' title="bbox 261 1549 1872 1624; baseline -0.001 -18"><span class='ocrx_word' id='word_1_149' title='bbox 261 1554 457 1624; x_wconf 84' lang='grc' dir='ltr'><strong><em>χάριν,</em></strong></span> <span class='ocrx_word' id='word_1_150' title='bbox 508 1549 802 1622; x_wconf 71' lang='grc' dir='ltr'><em>μεθίστησι</em></span> <span class='ocrx_word' id='word_1_151' title='bbox 845 1550 1007 1604; x_wconf 82' lang='grc' dir='ltr'><em>πάλιν</em></span> <span class='ocrx_word' id='word_1_152' title='bbox 1051 1549 1178 1614; x_wconf 77' lang='grc' dir='ltr'><em>τοὺς</em></span> <span class='ocrx_word' id='word_1_153' title='bbox 1217 1549 1410 1620; x_wconf 84' lang='grc' dir='ltr'><strong><em>λόγους</em></strong></span> <span class='ocrx_word' id='word_1_154' title='bbox 1448 1551 1528 1614; x_wconf 85' lang='grc' dir='ltr'><strong><em>είς</em></strong></span> <span class='ocrx_word' id='word_1_155' title='bbox 1577 1550 1638 1604; x_wconf 85' lang='grc' dir='ltr'><em>τὸ</em></span> <span class='ocrx_word' id='word_1_156' title='bbox 1676 1549 1872 1605; x_wconf 81' lang='grc' dir='ltr'><em>ἑαυτοῦ</em></span> 
     </span>
    </p>
   </div>
   <div class='ocr_carea' id='block_1_23' title="bbox 259 1643 1875 1718">
    <p class='ocr_par' dir='ltr' id='par_1_23' title="bbox 259 1643 1875 1718">
     <span class='ocr_line' id='line_1_23' title="bbox 259 1643 1875 1718; baseline 0 -19"><span class='ocrx_word' id='word_1_157' title='bbox 259 1645 591 1718; x_wconf 87' lang='grc' dir='ltr'><em>πρόσωπον,</em></span> <span class='ocrx_word' id='word_1_158' title='bbox 629 1643 728 1697; x_wconf 78' lang='grc' dir='ltr'><em>καὶ</em></span> <span class='ocrx_word' id='word_1_159' title='bbox 765 1643 1130 1712; x_wconf 82' lang='grc' dir='ltr'><em>καταγορεύει</em></span> <span class='ocrx_word' id='word_1_160' title='bbox 1155 1643 1264 1697; x_wconf 86' lang='grc' dir='ltr'><em>τῶν</em></span> <span class='ocrx_word' id='word_1_161' title='bbox 1303 1643 1365 1710; x_wconf 81' lang='grc' dir='ltr'><em>ἐξ</em></span> <span class='ocrx_word' id='word_1_162' title='bbox 1402 1643 1638 1717; x_wconf 84' lang='grc' dir='ltr'><em>Ἰσραὴλ,</em></span> <span class='ocrx_word' id='word_1_163' title='bbox 1669 1645 1875 1716; x_wconf 85' lang='grc' dir='ltr'><em>μᾶλλον</em></span> 
     </span>
    </p>
   </div>
   <div class='ocr_carea' id='block_1_24' title="bbox 257 1739 1870 1810">
    <p class='ocr_par' dir='ltr' id='par_1_24' title="bbox 257 1739 1870 1810">
     <span class='ocr_line' id='line_1_24' title="bbox 257 1739 1870 1810; baseline -0.002 -14"><span class='ocrx_word' id='word_1_164' title='bbox 257 1741 326 1796; x_wconf 86' lang='grc' dir='ltr'><strong><em>δέ</em></strong></span> <span class='ocrx_word' id='word_1_165' title='bbox 361 1740 628 1806; x_wconf 87' lang='grc' dir='ltr'><em>συναινεί,</em></span> <span class='ocrx_word' id='word_1_166' title='bbox 681 1739 765 1791; x_wconf 84' lang='grc' dir='ltr'><em>ὅτι</em></span> <span class='ocrx_word' id='word_1_167' title='bbox 808 1739 1068 1807; x_wconf 84' lang='grc' dir='ltr'><em>γεγόνασι</em></span> <span class='ocrx_word' id='word_1_168' title='bbox 1111 1740 1363 1810; x_wconf 74' lang='grc' dir='ltr'><em>πονηροὶ,</em></span> <span class='ocrx_word' id='word_1_169' title='bbox 1405 1739 1502 1792; x_wconf 63' lang='grc' dir='ltr'><strong><em>κοιλ⁵</em></strong></span> <span class='ocrx_word' id='word_1_170' title='bbox 1537 1739 1870 1805; x_wconf 79' lang='grc' dir='ltr'><em>ἀποστάται,</em></span> 
     </span>
    </p>
   </div>
   <div class='ocr_carea' id='block_1_25' title="bbox 260 1807 1955 1905">
    <p class='ocr_par' dir='ltr' id='par_1_25' title="bbox 260 1807 1955 1905">
     <span class='ocr_line' id='line_1_25' title="bbox 260 1807 1955 1905; baseline -0.001 -16"><span class='ocrx_word' id='word_1_171' title='bbox 260 1837 367 1889; x_wconf 74' lang='grc' dir='ltr'><em>καὶ</em></span> <span class='ocrx_word' id='word_1_172' title='bbox 416 1835 517 1904; x_wconf 81' lang='grc' dir='ltr'><em>τῆς</em></span> <span class='ocrx_word' id='word_1_173' title='bbox 570 1833 832 1904; x_wconf 76' lang='grc' dir='ltr'><em>ἀληθείας</em></span> <span class='ocrx_word' id='word_1_174' title='bbox 867 1832 1091 1904; x_wconf 84' lang='grc' dir='ltr'><em>ἐχθροί·</em></span> <span class='ocrx_word' id='word_1_175' title='bbox 1146 1807 1544 1905; x_wconf 56' lang='grc' dir='ltr'><em>διῖσγυρίζεται</em></span> <span class='ocrx_word' id='word_1_176' title='bbox 1578 1832 1634 1887; x_wconf 88' lang='grc' dir='ltr'><strong><em>δέ</em></strong></span> <span class='ocrx_word' id='word_1_177' title='bbox 1675 1833 1872 1904; x_wconf 86' lang='grc' dir='ltr'><em>λέγων,</em></span> <span class='ocrx_word' id='word_1_178' title='bbox 1909 1807 1955 1868; x_wconf 78' lang='grc' dir='ltr'><strong>Β</strong></span> 
     </span>
    </p>
   </div>
   <div class='ocr_carea' id='block_1_26' title="bbox 261 1924 1873 1998">
    <p class='ocr_par' dir='ltr' id='par_1_26' title="bbox 261 1924 1873 1998">
     <span class='ocr_line' id='line_1_26' title="bbox 261 1924 1873 1998; baseline -0.002 -15"><span class='ocrx_word' id='word_1_179' title='bbox 261 1930 356 1983; x_wconf 83' lang='grc' dir='ltr'><em>ὅτι</em></span> <span class='ocrx_word' id='word_1_180' title='bbox 424 1925 804 1998; x_wconf 77' lang='grc' dir='ltr'><em>Κατηναλώθη</em></span> <span class='ocrx_word' id='word_1_181' title='bbox 852 1927 886 1997; x_wconf 85' lang='grc' dir='ltr'>ἠ</span> <span class='ocrx_word' id='word_1_182' title='bbox 938 1924 1168 1997; x_wconf 81' lang='grc' dir='ltr'><em>ἀλήθεια</em></span> <span class='ocrx_word' id='word_1_183' title='bbox 1213 1926 1272 1978; x_wconf 86' lang='grc' dir='ltr'><em>ὲν</em></span> <span class='ocrx_word' id='word_1_184' title='bbox 1309 1928 1430 1990; x_wconf 83' lang='grc' dir='ltr'><em>ταῖς</em></span> <span class='ocrx_word' id='word_1_185' title='bbox 1476 1927 1614 1992; x_wconf 79' lang='grc' dir='ltr'><em>ὁδοῖς</em></span> <span class='ocrx_word' id='word_1_186' title='bbox 1654 1927 1834 1980; x_wconf 81' lang='grc' dir='ltr'><em>αὐτῶν</em></span> <span class='ocrx_word' id='word_1_187' title='bbox 1860 1969 1873 1993; x_wconf 98' lang='grc'><strong><em>,</em></strong></span> 
     </span>
    </p>
   </div>
   <div class='ocr_carea' id='block_1_27' title="bbox 259 2017 1874 2090">
    <p class='ocr_par' dir='ltr' id='par_1_27' title="bbox 259 2017 1874 2090">
     <span class='ocr_line' id='line_1_27' title="bbox 259 2017 1874 2090; baseline -0.002 -15"><span class='ocrx_word' id='word_1_188' title='bbox 259 2021 548 2083; x_wconf 81' lang='grc' dir='ltr'><em>τουτέστι,</em></span> <span class='ocrx_word' id='word_1_189' title='bbox 627 2019 912 2090; x_wconf 78' lang='grc' dir='ltr'><strong><em>μονονουχὶ</em></strong></span> <span class='ocrx_word' id='word_1_190' title='bbox 977 2017 1388 2090; x_wconf 81' lang='grc' dir='ltr'><em>δεδαπάνηται,</em></span> <span class='ocrx_word' id='word_1_191' title='bbox 1465 2020 1560 2074; x_wconf 77' lang='grc' dir='ltr'><em>καὶ</em></span> <span class='ocrx_word' id='word_1_192' title='bbox 1640 2019 1874 2074; x_wconf 87' lang='grc' dir='ltr'><em>είσάπαν</em></span> 
     </span>
    </p>
   </div>
   <div class='ocr_carea' id='block_1_28' title="bbox 260 2107 1880 2185">
    <p class='ocr_par' dir='ltr' id='par_1_28' title="bbox 260 2107 1880 2185">
     <span class='ocr_line' id='line_1_28' title="bbox 260 2107 1880 2185; baseline -0.001 -18"><span class='ocrx_word' id='word_1_193' title='bbox 260 2114 465 2185; x_wconf 73' lang='grc' dir='ltr'><em>ᾤχετο.</em></span> <span class='ocrx_word' id='word_1_194' title='bbox 503 2113 580 2168; x_wconf 82' lang='grc' dir='ltr'><strong><em>Οὐ</em></strong></span> <span class='ocrx_word' id='word_1_195' title='bbox 614 2112 724 2184; x_wconf 84' lang='grc' dir='ltr'><em>γὰρ</em></span> <span class='ocrx_word' id='word_1_196' title='bbox 757 2107 826 2183; x_wconf 83' lang='grc' dir='ltr'><em>ἦν</em></span> <span class='ocrx_word' id='word_1_197' title='bbox 861 2111 1000 2173; x_wconf 84' lang='grc' dir='ltr'><em>ὅλως</em></span> <span class='ocrx_word' id='word_1_198' title='bbox 1049 2113 1106 2165; x_wconf 83' lang='grc' dir='ltr'><strong><em>ἐν</em></strong></span> <span class='ocrx_word' id='word_1_199' title='bbox 1138 2114 1254 2176; x_wconf 86' lang='grc' dir='ltr'><em>τοῖς</em></span> <span class='ocrx_word' id='word_1_200' title='bbox 1291 2111 1476 2181; x_wconf 80' lang='grc' dir='ltr'><em>ἔργοις</em></span> <span class='ocrx_word' id='word_1_201' title='bbox 1517 2112 1701 2166; x_wconf 83' lang='grc' dir='ltr'><em>αὐτῶν</em></span> <span class='ocrx_word' id='word_1_202' title='bbox 1747 2114 1880 2185; x_wconf 87' lang='grc' dir='ltr'><em>ἀλή-</em></span> 
     </span>
    </p>
   </div>
   <div class='ocr_carea' id='block_1_29' title="bbox 265 2202 1876 2275">
    <p class='ocr_par' dir='ltr' id='par_1_29' title="bbox 265 2202 1876 2275">
     <span class='ocr_line' id='line_1_29' title="bbox 265 2202 1876 2275; baseline -0.001 -15"><span class='ocrx_word' id='word_1_203' title='bbox 265 2206 416 2269; x_wconf 80' lang='grc' dir='ltr'><em>θεια,</em></span> <span class='ocrx_word' id='word_1_204' title='bbox 444 2204 719 2266; x_wconf 85' lang='grc' dir='ltr'><em>τουτέστι,</em></span> <span class='ocrx_word' id='word_1_205' title='bbox 750 2203 852 2275; x_wconf 75' lang='grc' dir='ltr'><em>τῆς</em></span> <span class='ocrx_word' id='word_1_206' title='bbox 881 2202 1144 2274; x_wconf 74' lang='grc' dir='ltr'><em>ἀληθείας</em></span> <span class='ocrx_word' id='word_1_207' title='bbox 1184 2205 1212 2256; x_wconf 90' lang='grc' dir='ltr'>ὁ</span> <span class='ocrx_word' id='word_1_208' title='bbox 1257 2203 1441 2275; x_wconf 86' lang='grc' dir='ltr'><em>νόμος.</em></span> <span class='ocrx_word' id='word_1_209' title='bbox 1474 2203 1577 2257; x_wconf 84' lang='grc' dir='ltr'><strong><em>Διὰ</em></strong></span> <span class='ocrx_word' id='word_1_210' title='bbox 1617 2203 1776 2258; x_wconf 91' lang='grc' dir='ltr'><em>τοῦτο</em></span> <span class='ocrx_word' id='word_1_211' title='bbox 1808 2205 1876 2259; x_wconf 83' lang='grc' dir='ltr'><em>δι’</em></span> 
     </span>
    </p>
   </div>
   <div class='ocr_carea' id='block_1_30' title="bbox 261 2293 1877 2368">
    <p class='ocr_par' dir='ltr' id='par_1_30' title="bbox 261 2293 1877 2368">
     <span class='ocr_line' id='line_1_30' title="bbox 261 2293 1877 2368; baseline -0.002 -16"><span class='ocrx_word' id='word_1_212' title='bbox 261 2298 492 2361; x_wconf 73' lang='grc' dir='ltr'><em>εὐθείας</em></span> <span class='ocrx_word' id='word_1_213' title='bbox 521 2297 622 2351; x_wconf 78' lang='grc' dir='ltr'><em>οὐκ</em></span> <span class='ocrx_word' id='word_1_214' title='bbox 653 2295 920 2366; x_wconf 73' lang='grc' dir='ltr'><em>ἠδύναντο</em></span> <span class='ocrx_word' id='word_1_215' title='bbox 951 2293 1276 2349; x_wconf 85' lang='grc' dir='ltr'><em>διελθείνόί</em></span> <span class='ocrx_word' id='word_1_216' title='bbox 1298 2294 1411 2364; x_wconf 85' lang='grc' dir='ltr'><em>γὰρ</em></span> <span class='ocrx_word' id='word_1_217' title='bbox 1439 2294 1575 2357; x_wconf 78' lang='grc' dir='ltr'><em>ὅλως</em></span> <span class='ocrx_word' id='word_1_218' title='bbox 1603 2294 1877 2368; x_wconf 87' lang='grc' dir='ltr'><em>διολισθή-</em></span> 
     </span>
    </p>
   </div>
   <div class='ocr_carea' id='block_1_31' title="bbox 262 2385 1879 2458">
    <p class='ocr_par' dir='ltr' id='par_1_31' title="bbox 262 2385 1879 2458">
     <span class='ocr_line' id='line_1_31' title="bbox 262 2385 1879 2458; baseline -0.002 -13"><span class='ocrx_word' id='word_1_219' title='bbox 262 2408 469 2454; x_wconf 84' lang='grc' dir='ltr'><em>σαντες</em></span> <span class='ocrx_word' id='word_1_220' title='bbox 509 2389 604 2443; x_wconf 87' lang='grc' dir='ltr'><strong><em>τοῦ</em></strong></span> <span class='ocrx_word' id='word_1_221' title='bbox 637 2388 837 2442; x_wconf 83' lang='grc' dir='ltr'><em>εἰδέναι</em></span> <span class='ocrx_word' id='word_1_222' title='bbox 876 2388 938 2442; x_wconf 81' lang='grc' dir='ltr'><em>τὸ</em></span> <span class='ocrx_word' id='word_1_223' title='bbox 970 2385 1396 2440; x_wconf 82' lang='grc' dir='ltr'><em>πολιτεύσασθαι</em></span> <span class='ocrx_word' id='word_1_224' title='bbox 1446 2387 1746 2458; x_wconf 81' lang='grc' dir='ltr'><em>συννόμως,</em></span> <span class='ocrx_word' id='word_1_225' title='bbox 1782 2388 1879 2442; x_wconf 78' lang='grc' dir='ltr'><em>καὶ</em></span> 
     </span>
    </p>
   </div>
   <div class='ocr_carea' id='block_1_32' title="bbox 261 2480 1879 2554">
    <p class='ocr_par' dir='ltr' id='par_1_32' title="bbox 261 2480 1879 2554">
     <span class='ocr_line' id='line_1_32' title="bbox 261 2480 1879 2554; baseline -0.003 -14"><span class='ocrx_word' id='word_1_226' title='bbox 261 2487 417 2541; x_wconf 87' lang='grc' dir='ltr'><em>κατά</em></span> <span class='ocrx_word' id='word_1_227' title='bbox 447 2501 512 2554; x_wconf 85' lang='grc' dir='ltr'><strong><em>γε</em></strong></span> <span class='ocrx_word' id='word_1_228' title='bbox 543 2484 604 2537; x_wconf 82' lang='grc' dir='ltr'><em>τὸ</em></span> <span class='ocrx_word' id='word_1_229' title='bbox 644 2485 712 2554; x_wconf 77' lang='grc' dir='ltr'><em>τῇ</em></span> <span class='ocrx_word' id='word_1_230' title='bbox 748 2482 982 2554; x_wconf 82' lang='grc' dir='ltr'><em>ἀληθείᾳ</em></span> <span class='ocrx_word' id='word_1_231' title='bbox 1038 2481 1248 2548; x_wconf 82' lang='grc' dir='ltr'><em>δοκοῦν,</em></span> <span class='ocrx_word' id='word_1_232' title='bbox 1279 2480 1513 2553; x_wconf 82' lang='grc' dir='ltr'><em>ἀλήθεια</em></span> <span class='ocrx_word' id='word_1_233' title='bbox 1550 2481 1608 2535; x_wconf 88' lang='grc' dir='ltr'><em>δὲ</em></span> <span class='ocrx_word' id='word_1_234' title='bbox 1641 2483 1670 2535; x_wconf 85' lang='grc' dir='ltr'>ὁ</span> <span class='ocrx_word' id='word_1_235' title='bbox 1714 2482 1879 2554; x_wconf 82' lang='grc' dir='ltr'><em>νόμος</em></span> 
     </span>
    </p>
   </div>
   <div class='ocr_carea' id='block_1_33' title="bbox 259 2571 1878 2648">
    <p class='ocr_par' dir='ltr' id='par_1_33' title="bbox 259 2571 1878 2648">
     <span class='ocr_line' id='line_1_33' title="bbox 259 2571 1878 2648; baseline -0.002 -16"><span class='ocrx_word' id='word_1_236' title='bbox 259 2578 366 2633; x_wconf 87' lang='grc' dir='ltr'><strong><em>τοῦ</em></strong></span> <span class='ocrx_word' id='word_1_237' title='bbox 415 2577 555 2630; x_wconf 87' lang='grc' dir='ltr'><em>Θεοῦ</em></span> <span class='ocrx_word' id='word_1_238' title='bbox 598 2576 919 2646; x_wconf 81' lang='grc' dir='ltr'><em>ὠνόμασται</em></span> <span class='ocrx_word' id='word_1_239' title='bbox 951 2575 1260 2647; x_wconf 86' lang='grc' dir='ltr'><em>πανταχοῦ,</em></span> <span class='ocrx_word' id='word_1_240' title='bbox 1295 2575 1416 2640; x_wconf 84' lang='grc' dir='ltr'><em>πῶς</em></span> <span class='ocrx_word' id='word_1_241' title='bbox 1446 2574 1512 2629; x_wconf 82' lang='grc' dir='ltr'><em>ἂν</em></span> <span class='ocrx_word' id='word_1_242' title='bbox 1546 2571 1710 2648; x_wconf 78' lang='grc' dir='ltr'><em>ἦλθον</em></span> <span class='ocrx_word' id='word_1_243' title='bbox 1741 2576 1878 2629; x_wconf 77' lang='grc' dir='ltr'><em>εὐθὺ</em></span> 
     </span>
    </p>
   </div>
   <div class='ocr_carea' id='block_1_34' title="bbox 268 2667 1882 2743">
    <p class='ocr_par' dir='ltr' id='par_1_34' title="bbox 268 2667 1882 2743">
     <span class='ocr_line' id='line_1_34' title="bbox 268 2667 1882 2743; baseline -0.002 -19"><span class='ocrx_word' id='word_1_244' title='bbox 268 2670 375 2724; x_wconf 88' lang='grc' dir='ltr'><strong><em>τοῦ</em></strong></span> <span class='ocrx_word' id='word_1_245' title='bbox 410 2671 753 2743; x_wconf 77' lang='grc' dir='ltr'><em>πρέποντοςς</em></span> <span class='ocrx_word' id='word_1_246' title='bbox 789 2668 822 2740; x_wconf 78' lang='grc' dir='ltr'><strong>ἢ</strong></span> <span class='ocrx_word' id='word_1_247' title='bbox 851 2667 972 2733; x_wconf 79' lang='grc' dir='ltr'><em>πῶς</em></span> <span class='ocrx_word' id='word_1_248' title='bbox 1003 2669 1065 2721; x_wconf 86' lang='grc' dir='ltr'><em>οὐ</em></span> <span class='ocrx_word' id='word_1_249' title='bbox 1097 2667 1395 2739; x_wconf 87' lang='grc' dir='ltr'><em>καμπύλας</em></span> <span class='ocrx_word' id='word_1_250' title='bbox 1454 2669 1549 2721; x_wconf 69' lang='grc' dir='ltr'><em>καὶ</em></span> <span class='ocrx_word' id='word_1_251' title='bbox 1581 2669 1882 2740; x_wconf 86' lang='grc' dir='ltr'><em>διεστραμ-</em></span> 
     </span>
    </p>
   </div>
   <div class='ocr_carea' id='block_1_35' title="bbox 266 2759 1876 2837">
    <p class='ocr_par' dir='ltr' id='par_1_35' title="bbox 266 2759 1876 2837">
     <span class='ocr_line' id='line_1_35' title="bbox 266 2759 1876 2837; baseline -0.002 -19"><span class='ocrx_word' id='word_1_252' title='bbox 266 2765 444 2837; x_wconf 86' lang='grc' dir='ltr'><em>μένας</em></span> <span class='ocrx_word' id='word_1_253' title='bbox 491 2763 762 2834; x_wconf 82' lang='grc' dir='ltr'><em>ἐσχήκασι</em></span> <span class='ocrx_word' id='word_1_254' title='bbox 807 2761 907 2825; x_wconf 83' lang='grc' dir='ltr'><em>τὰς</em></span> <span class='ocrx_word' id='word_1_255' title='bbox 947 2760 1128 2828; x_wconf 86' lang='grc' dir='ltr'><em>ὁδούς;</em></span> <span class='ocrx_word' id='word_1_256' title='bbox 1173 2760 1500 2833; x_wconf 78' lang='grc' dir='ltr'><em>Προστιθεὶς</em></span> <span class='ocrx_word' id='word_1_257' title='bbox 1546 2761 1603 2813; x_wconf 83' lang='grc' dir='ltr'><em>δὲ</em></span> <span class='ocrx_word' id='word_1_258' title='bbox 1650 2759 1743 2814; x_wconf 74' lang='grc' dir='ltr'><em>καὶ</em></span> <span class='ocrx_word' id='word_1_259' title='bbox 1789 2760 1876 2814; x_wconf 83' lang='grc' dir='ltr'><em>λέ-</em></span> 
     </span>
    </p>
   </div>
   <div class='ocr_carea' id='block_1_36' title="bbox 260 2850 1882 2929">
    <p class='ocr_par' dir='ltr' id='par_1_36' title="bbox 260 2850 1882 2929">
     <span class='ocr_line' id='line_1_36' title="bbox 260 2850 1882 2929; baseline -0.002 -16"><span class='ocrx_word' id='word_1_260' title='bbox 260 2877 410 2929; x_wconf 84' lang='grc' dir='ltr'><em>γων,</em></span> <span class='ocrx_word' id='word_1_261' title='bbox 446 2859 531 2912; x_wconf 85' lang='grc' dir='ltr'><em>ὅτι</em></span> <span class='ocrx_word' id='word_1_262' title='bbox 566 2859 631 2911; x_wconf 84' lang='grc' dir='ltr'><strong><em>Ἠ</em></strong></span> <span class='ocrx_word' id='word_1_263' title='bbox 656 2855 887 2928; x_wconf 82' lang='grc' dir='ltr'><em>ἀλήθεια</em></span> <span class='ocrx_word' id='word_1_264' title='bbox 916 2850 1106 2927; x_wconf 82' lang='grc' dir='ltr'><em>ἦρται,</em></span> <span class='ocrx_word' id='word_1_265' title='bbox 1136 2856 1232 2908; x_wconf 80' lang='grc' dir='ltr'><em>καὶ</em></span> <span class='ocrx_word' id='word_1_266' title='bbox 1263 2854 1605 2927; x_wconf 83' lang='grc' dir='ltr'><em>μετέστησαν</em></span> <span class='ocrx_word' id='word_1_267' title='bbox 1640 2855 1741 2925; x_wconf 85' lang='grc' dir='ltr'><em>τὴν</em></span> <span class='ocrx_word' id='word_1_268' title='bbox 1767 2854 1882 2909; x_wconf 88' lang='grc' dir='ltr'><em>διά-</em></span> 
     </span>
    </p>
   </div>
   <div class='ocr_carea' id='block_1_37' title="bbox 262 2945 1882 3014">
    <p class='ocr_par' dir='ltr' id='par_1_37' title="bbox 262 2945 1882 3014">
     <span class='ocr_line' id='line_1_37' title="bbox 262 2945 1882 3014; baseline -0.005 -7"><span class='ocrx_word' id='word_1_269' title='bbox 262 2969 425 3007; x_wconf 82' lang='grc' dir='ltr'><em>νοιαν</em></span> <span class='ocrx_word' id='word_1_270' title='bbox 499 2950 595 3005; x_wconf 86' lang='grc' dir='ltr'><strong><em>τοῦ</em></strong></span> <span class='ocrx_word' id='word_1_271' title='bbox 677 2949 952 3014; x_wconf 80' lang='grc' dir='ltr'><em>συνιέναι,</em></span> <span class='ocrx_word' id='word_1_272' title='bbox 1006 2948 1373 3003; x_wconf 80' lang='grc' dir='ltr'><em>διαδείκνυσιν</em></span> <span class='ocrx_word' id='word_1_273' title='bbox 1443 2949 1526 3002; x_wconf 84' lang='grc' dir='ltr'><em>ὅτι.</em></span> <span class='ocrx_word' id='word_1_274' title='bbox 1600 2945 1882 3010; x_wconf 85' lang='grc' dir='ltr'><em>παντελῶς</em></span> 
     </span>
    </p>
   </div>
   <div class='ocr_carea' id='block_1_38' title="bbox 261 3031 1882 3114">
    <p class='ocr_par' dir='ltr' id='par_1_38' title="bbox 261 3031 1882 3114">
     <span class='ocr_line' id='line_1_38' title="bbox 261 3031 1882 3114; baseline -0.004 -15"><span class='ocrx_word' id='word_1_275' title='bbox 261 3043 648 3114; x_wconf 82' lang='grc' dir='ltr'><em>ἀπεφοίτηκεν</em></span> <span class='ocrx_word' id='word_1_276' title='bbox 677 3031 856 3096; x_wconf 72' lang='grc' dir='ltr'><em>αὐτῶν</em></span> <span class='ocrx_word' id='word_1_277' title='bbox 886 3043 920 3112; x_wconf 89' lang='grc' dir='ltr'><strong><em>ή</em></strong></span> <span class='ocrx_word' id='word_1_278' title='bbox 946 3041 1201 3113; x_wconf 86' lang='grc' dir='ltr'><em>ἀλήθεια,</em></span> <span class='ocrx_word' id='word_1_279' title='bbox 1237 3042 1333 3094; x_wconf 73' lang='grc' dir='ltr'><em>καὶ</em></span> <span class='ocrx_word' id='word_1_280' title='bbox 1370 3041 1719 3112; x_wconf 85' lang='grc' dir='ltr'><em>μετέστησαν</em></span> <span class='ocrx_word' id='word_1_281' title='bbox 1760 3039 1882 3094; x_wconf 86' lang='grc' dir='ltr'><em>ὁλο-</em></span> 
     </span>
    </p>
   </div>
   <div class='ocr_carea' id='block_1_39' title="bbox 265 3134 1884 3210">
    <p class='ocr_par' dir='ltr' id='par_1_39' title="bbox 265 3134 1884 3210">
     <span class='ocr_line' id='line_1_39' title="bbox 265 3134 1884 3210; baseline -0.004 -18"><span class='ocrx_word' id='word_1_282' title='bbox 265 3138 494 3210; x_wconf 87' lang='grc' dir='ltr'><em>τρόπως</em></span> <span class='ocrx_word' id='word_1_283' title='bbox 523 3136 619 3190; x_wconf 90' lang='grc' dir='ltr'><strong><em>τοῦ</em></strong></span> <span class='ocrx_word' id='word_1_284' title='bbox 649 3135 920 3190; x_wconf 79' lang='grc' dir='ltr'><em>δύνασθαί</em></span> <span class='ocrx_word' id='word_1_285' title='bbox 950 3152 1010 3190; x_wconf 87' lang='grc' dir='ltr'><strong><em>τε</em></strong></span> <span class='ocrx_word' id='word_1_286' title='bbox 1048 3135 1292 3188; x_wconf 83' lang='grc' dir='ltr'><em>συνιέναι</em></span> <span class='ocrx_word' id='word_1_287' title='bbox 1327 3134 1439 3188; x_wconf 81' lang='grc' dir='ltr'><em>τῶν</em></span> <span class='ocrx_word' id='word_1_288' title='bbox 1473 3134 1774 3189; x_wconf 73' lang='grc' dir='ltr'><em>τελούντων</em></span> <span class='ocrx_word' id='word_1_289' title='bbox 1803 3134 1884 3198; x_wconf 83' lang='grc' dir='ltr'><strong><em>είς</em></strong></span> 
     </span>
    </p>
   </div>
   <div class='ocr_carea' id='block_1_40' title="bbox 270 3225 1891 3302">
    <p class='ocr_par' dir='ltr' id='par_1_40' title="bbox 270 3225 1891 3302">
     <span class='ocr_line' id='line_1_40' title="bbox 270 3225 1891 3302; baseline -0.003 -16"><span class='ocrx_word' id='word_1_290' title='bbox 270 3229 576 3302; x_wconf 81' lang='grc' dir='ltr'><em>σωτηρίαν.</em></span> <span class='ocrx_word' id='word_1_291' title='bbox 625 3227 834 3293; x_wconf 87' lang='grc' dir='ltr'><em>Ταῦτα,</em></span> <span class='ocrx_word' id='word_1_292' title='bbox 904 3230 1094 3300; x_wconf 62' lang='grc' dir='ltr'><em>φησιν,</em></span> <span class='ocrx_word' id='word_1_293' title='bbox 1126 3225 1235 3282; x_wconf 81' lang='grc' dir='ltr'><em>εἶδε</em></span> <span class='ocrx_word' id='word_1_294' title='bbox 1258 3228 1486 3300; x_wconf 85' lang='grc' dir='ltr'><em>Κύριος,</em></span> <span class='ocrx_word' id='word_1_295' title='bbox 1519 3228 1730 3282; x_wconf 74' lang='grc' dir='ltr'><em>καὶούκ</em></span> <span class='ocrx_word' id='word_1_296' title='bbox 1760 3229 1891 3300; x_wconf 76' lang='grc' dir='ltr'><em>ἤρε-</em></span> 
     </span>
    </p>
   </div>
   <div class='ocr_carea' id='block_1_41' title="bbox 271 3316 1888 3395">
    <p class='ocr_par' dir='ltr' id='par_1_41' title="bbox 271 3316 1888 3395">
     <span class='ocr_line' id='line_1_41' title="bbox 271 3316 1888 3395; baseline -0.003 -16"><span class='ocrx_word' id='word_1_297' title='bbox 271 3343 367 3380; x_wconf 90' lang='grc' dir='ltr'><strong><em>σεν</em></strong></span> <span class='ocrx_word' id='word_1_298' title='bbox 393 3322 568 3395; x_wconf 85' lang='grc' dir='ltr'><em>αὐτῷ.</em></span> <span class='ocrx_word' id='word_1_299' title='bbox 614 3322 691 3376; x_wconf 84' lang='grc' dir='ltr'><strong><em>Οὐ</em></strong></span> <span class='ocrx_word' id='word_1_300' title='bbox 724 3323 835 3394; x_wconf 79' lang='grc' dir='ltr'><em>γὰρ</em></span> <span class='ocrx_word' id='word_1_301' title='bbox 863 3316 932 3394; x_wconf 83' lang='grc' dir='ltr'><em>ἦν</em></span> <span class='ocrx_word' id='word_1_302' title='bbox 975 3322 1110 3394; x_wconf 85' lang='grc' dir='ltr'><em>παρ’</em></span> <span class='ocrx_word' id='word_1_303' title='bbox 1166 3322 1350 3387; x_wconf 84' lang='grc' dir='ltr'><em>αὐτοῖς</em></span> <span class='ocrx_word' id='word_1_304' title='bbox 1384 3321 1585 3394; x_wconf 88' lang='grc' dir='ltr'><em>κρίσις,</em></span> <span class='ocrx_word' id='word_1_305' title='bbox 1616 3322 1888 3387; x_wconf 85' lang='grc' dir='ltr'><em>τουτέστι,</em></span> 
     </span>
    </p>
   </div>
   <div class='ocr_carea' id='block_1_42' title="bbox 267 3411 1889 3488">
    <p class='ocr_par' dir='ltr' id='par_1_42' title="bbox 267 3411 1889 3488">
     <span class='ocr_line' id='line_1_42' title="bbox 267 3411 1889 3488; baseline -0.001 -18"><span class='ocrx_word' id='word_1_306' title='bbox 267 3414 666 3484; x_wconf 84' lang='grc' dir='ltr'><em>δικαιοκρισία,</em></span> <span class='ocrx_word' id='word_1_307' title='bbox 712 3416 809 3471; x_wconf 79' lang='grc' dir='ltr'><em>καὶ</em></span> <span class='ocrx_word' id='word_1_308' title='bbox 848 3416 1032 3488; x_wconf 87' lang='grc' dir='ltr'><em>νόμος.</em></span> <span class='ocrx_word' id='word_1_309' title='bbox 1077 3411 1228 3469; x_wconf 77' lang='grc' dir='ltr'><em>Εἶτα·</em></span> <span class='ocrx_word' id='word_1_310' title='bbox 1271 3415 1561 3481; x_wconf 88' lang='grc' dir='ltr'><em>Τεθέαται,</em></span> <span class='ocrx_word' id='word_1_311' title='bbox 1596 3415 1754 3486; x_wconf 75' lang='grc' dir='ltr'><em>φησὶ,</em></span> <span class='ocrx_word' id='word_1_312' title='bbox 1793 3415 1889 3468; x_wconf 77' lang='grc' dir='ltr'><em>καὶ</em></span> 
     </span>
    </p>
   </div>
   <div class='ocr_carea' id='block_1_43' title="bbox 268 3504 1885 3585">
    <p class='ocr_par' dir='ltr' id='par_1_43' title="bbox 268 3504 1885 3585">
     <span class='ocr_line' id='line_1_43' title="bbox 268 3504 1885 3585; baseline -0.005 -17"><span class='ocrx_word' id='word_1_313' title='bbox 268 3513 374 3568; x_wconf 81' lang='grc' dir='ltr'><em>οὐκ</em></span> <span class='ocrx_word' id='word_1_314' title='bbox 402 3508 474 3585; x_wconf 78' lang='grc' dir='ltr'><em>ἦν</em></span> <span class='ocrx_word' id='word_1_315' title='bbox 510 3511 675 3584; x_wconf 73' lang='grc' dir='ltr'><em>ἀνὴρ,</em></span> <span class='ocrx_word' id='word_1_316' title='bbox 721 3511 1023 3582; x_wconf 84' lang='grc' dir='ltr'><em>κατενόησε</em></span> <span class='ocrx_word' id='word_1_317' title='bbox 1046 3511 1141 3565; x_wconf 75' lang='grc' dir='ltr'><em>καὶ</em></span> <span class='ocrx_word' id='word_1_318' title='bbox 1164 3510 1264 3563; x_wconf 86' lang='grc' dir='ltr'><em>οὐκ</em></span> <span class='ocrx_word' id='word_1_319' title='bbox 1288 3504 1358 3580; x_wconf 82' lang='grc' dir='ltr'><em>ἦν</em></span> <span class='ocrx_word' id='word_1_320' title='bbox 1375 3509 1403 3562; x_wconf 84' lang='grc' dir='ltr'>ὁ</span> <span class='ocrx_word' id='word_1_321' title='bbox 1435 3506 1885 3580; x_wconf 81' lang='grc' dir='ltr'><em>ἀντιληψόμενος.</em></span> 
     </span>
    </p>
   </div>
   <div class='ocr_carea' id='block_1_44' title="bbox 282 3599 1884 3677">
    <p class='ocr_par' dir='ltr' id='par_1_44' title="bbox 282 3599 1884 3677">
     <span class='ocr_line' id='line_1_44' title="bbox 282 3599 1884 3677; baseline -0.005 -16"><span class='ocrx_word' id='word_1_322' title='bbox 282 3605 510 3677; x_wconf 81' lang='grc' dir='ltr'><em>Ἐπειδὴ</em></span> <span class='ocrx_word' id='word_1_323' title='bbox 540 3605 654 3676; x_wconf 88' lang='grc' dir='ltr'><em>γάρ</em></span> <span class='ocrx_word' id='word_1_324' title='bbox 714 3606 832 3658; x_wconf 88' lang='grc' dir='ltr'><em>ἐστι</em></span> <span class='ocrx_word' id='word_1_325' title='bbox 868 3602 1296 3672; x_wconf 76' lang='grc' dir='ltr'><em>φιλοικτίρμων,</em></span> <span class='ocrx_word' id='word_1_326' title='bbox 1343 3600 1419 3665; x_wconf 86' lang='grc' dir='ltr'><em>ὡς</em></span> <span class='ocrx_word' id='word_1_327' title='bbox 1469 3599 1603 3664; x_wconf 80' lang='grc' dir='ltr'><em>Θεὸς</em></span> <span class='ocrx_word' id='word_1_328' title='bbox 1644 3599 1884 3671; x_wconf 82' lang='grc' dir='ltr'><em>ἀνίησιν,</em></span> 
     </span>
    </p>
   </div>
   <div class='ocr_carea' id='block_1_45' title="bbox 269 3695 1861 3768">
    <p class='ocr_par' dir='ltr' id='par_1_45' title="bbox 269 3695 1861 3768">
     <span class='ocr_line' id='line_1_45' title="bbox 269 3695 1861 3768; baseline -0.004 -12"><span class='ocrx_word' id='word_1_329' title='bbox 269 3699 390 3755; x_wconf 77' lang='grc' dir='ltr'><em>ἐσθ’</em></span> <span class='ocrx_word' id='word_1_330' title='bbox 440 3701 553 3767; x_wconf 74' lang='grc' dir='ltr'><em>ὅτε,</em></span> <span class='ocrx_word' id='word_1_331' title='bbox 601 3698 699 3754; x_wconf 71' lang='grc' dir='ltr'><em>καὶ</em></span> <span class='ocrx_word' id='word_1_332' title='bbox 748 3697 1032 3768; x_wconf 85' lang='grc' dir='ltr'><em>ὁλοκλήρῳ</em></span> <span class='ocrx_word' id='word_1_333' title='bbox 1065 3695 1219 3750; x_wconf 83' lang='grc' dir='ltr'><em>πόλει</em></span> <span class='ocrx_word' id='word_1_334' title='bbox 1253 3695 1604 3768; x_wconf 80' lang='grc' dir='ltr'><em>ἐγκλήματα,</em></span> <span class='ocrx_word' id='word_1_335' title='bbox 1650 3695 1720 3750; x_wconf 74' lang='grc' dir='ltr'><em>δι’</em></span> <span class='ocrx_word' id='word_1_336' title='bbox 1763 3695 1861 3750; x_wconf 74' lang='grc' dir='ltr'><em>ἕνα</em></span> 
     </span>
    </p>
   </div>
   <div class='ocr_carea' id='block_1_46' title="bbox 269 3787 1886 3864">
    <p class='ocr_par' dir='ltr' id='par_1_46' title="bbox 269 3787 1886 3864">
     <span class='ocr_line' id='line_1_46' title="bbox 269 3787 1886 3864; baseline -0.002 -18"><span class='ocrx_word' id='word_1_337' title='bbox 269 3790 374 3848; x_wconf 78' lang='grc' dir='ltr'><em>καὶ</em></span> <span class='ocrx_word' id='word_1_338' title='bbox 418 3790 582 3864; x_wconf 84' lang='grc' dir='ltr'><em>μόνον</em></span> <span class='ocrx_word' id='word_1_339' title='bbox 609 3788 906 3862; x_wconf 84' lang='grc' dir='ltr'><em>εὑρεθέντα</em></span> <span class='ocrx_word' id='word_1_340' title='bbox 939 3788 1150 3841; x_wconf 84' lang='grc' dir='ltr'><em>δίκαιον</em></span> <span class='ocrx_word' id='word_1_341' title='bbox 1179 3787 1238 3842; x_wconf 88' lang='grc' dir='ltr'><strong><em>ἐν</em></strong></span> <span class='ocrx_word' id='word_1_342' title='bbox 1273 3788 1413 3860; x_wconf 85' lang='grc' dir='ltr'><strong><em>αὑτῇ</em></strong></span> <span class='ocrx_word' id='word_1_343' title='bbox 1435 3805 1450 3820; x_wconf 90' lang='grc'><strong>·</strong></span> <span class='ocrx_word' id='word_1_344' title='bbox 1488 3788 1585 3842; x_wconf 75' lang='grc' dir='ltr'><em>καὶ</em></span> <span class='ocrx_word' id='word_1_345' title='bbox 1615 3787 1749 3858; x_wconf 90' lang='grc' dir='ltr'><em>γοῦν</em></span> <span class='ocrx_word' id='word_1_346' title='bbox 1779 3787 1886 3860; x_wconf 82' lang='grc' dir='ltr'><em>ἐφη</em></span> 
     </span>
    </p>
   </div>
   <div class='ocr_carea' id='block_1_47' title="bbox 268 3880 1888 3955">
    <p class='ocr_par' dir='ltr' id='par_1_47' title="bbox 268 3880 1888 3955">
     <span class='ocr_line' id='line_1_47' title="bbox 268 3880 1888 3955; baseline -0.004 -14"><span class='ocrx_word' id='word_1_347' title='bbox 268 3885 364 3941; x_wconf 83' lang='grc' dir='ltr'><em>διὰ</em></span> <span class='ocrx_word' id='word_1_348' title='bbox 398 3883 588 3955; x_wconf 81' lang='grc' dir='ltr'><em>φωνῆς</em></span> <span class='ocrx_word' id='word_1_349' title='bbox 624 3881 898 3954; x_wconf 90' lang='grc' dir='ltr'><em>Ἰερεμίου</em></span> <span class='ocrx_word' id='word_1_350' title='bbox 923 3896 936 3909; x_wconf 91' lang='grc'><strong>·</strong></span> <span class='ocrx_word' id='word_1_351' title='bbox 995 3900 1012 3932; x_wconf 84' lang='grc' dir='ltr'><strong><em>ι</em></strong></span> <span class='ocrx_word' id='word_1_352' title='bbox 1052 3881 1439 3954; x_wconf 86' lang='grc' dir='ltr'><em>Περιδράμετε</em></span> <span class='ocrx_word' id='word_1_353' title='bbox 1488 3881 1548 3935; x_wconf 90' lang='grc' dir='ltr'><strong><em>ἐν</em></strong></span> <span class='ocrx_word' id='word_1_354' title='bbox 1595 3883 1718 3947; x_wconf 82' lang='grc' dir='ltr'><em>ταῖς</em></span> <span class='ocrx_word' id='word_1_355' title='bbox 1745 3880 1888 3947; x_wconf 79' lang='grc' dir='ltr'><em>ὁδοῖς</em></span> 
     </span>
    </p>
   </div>
   <div class='ocr_carea' id='block_1_48' title="bbox 284 3974 1884 4050">
    <p class='ocr_par' dir='ltr' id='par_1_48' title="bbox 284 3974 1884 4050">
     <span class='ocr_line' id='line_1_48' title="bbox 284 3974 1884 4050; baseline -0.003 -16"><span class='ocrx_word' id='word_1_356' title='bbox 284 3975 671 4050; x_wconf 82' lang='grc' dir='ltr'><em>Ἰερουσαλὴμ,</em></span> <span class='ocrx_word' id='word_1_357' title='bbox 699 3975 794 4030; x_wconf 63' lang='grc' dir='ltr'><strong><em>κοιλ¹</em></strong></span> <span class='ocrx_word' id='word_1_358' title='bbox 827 3975 1104 4046; x_wconf 83' lang='grc' dir='ltr'><em>ζητήσατε</em></span> <span class='ocrx_word' id='word_1_359' title='bbox 1137 3977 1196 4028; x_wconf 90' lang='grc' dir='ltr'><strong><em>ἐν</em></strong></span> <span class='ocrx_word' id='word_1_360' title='bbox 1222 3976 1344 4039; x_wconf 87' lang='grc' dir='ltr'><em>ταῖς</em></span> <span class='ocrx_word' id='word_1_361' title='bbox 1371 3974 1658 4040; x_wconf 87' lang='grc' dir='ltr'><em>πλατείαις</em></span> <span class='ocrx_word' id='word_1_362' title='bbox 1686 3975 1884 4046; x_wconf 80' lang='grc' dir='ltr'><em>αὐτῆς,</em></span> 
     </span>
    </p>
   </div>
   <div class='ocr_carea' id='block_1_49' title="bbox 270 4064 1886 4139">
    <p class='ocr_par' dir='ltr' id='par_1_49' title="bbox 270 4064 1886 4139">
     <span class='ocr_line' id='line_1_49' title="bbox 270 4064 1886 4139; baseline -0.004 -15"><span class='ocrx_word' id='word_1_363' title='bbox 270 4069 372 4124; x_wconf 71' lang='grc' dir='ltr'><em>καὶ</em></span> <span class='ocrx_word' id='word_1_364' title='bbox 397 4068 542 4122; x_wconf 76' lang='grc' dir='ltr'><em>ἴδετε</em></span> <span class='ocrx_word' id='word_1_365' title='bbox 568 4066 636 4123; x_wconf 78' lang='grc' dir='ltr'><em>ἂν</em></span> <span class='ocrx_word' id='word_1_366' title='bbox 665 4065 868 4139; x_wconf 77' lang='grc' dir='ltr'><em>εὕρητε</em></span> <span class='ocrx_word' id='word_1_367' title='bbox 900 4064 1093 4135; x_wconf 77' lang='grc' dir='ltr'><em>ἄνδρα.</em></span> <span class='ocrx_word' id='word_1_368' title='bbox 1119 4066 1169 4117; x_wconf 86' lang='grc' dir='ltr'><strong><em>εί</em></strong></span> <span class='ocrx_word' id='word_1_369' title='bbox 1197 4064 1319 4118; x_wconf 73' lang='grc' dir='ltr'><em>ἐστι</em></span> <span class='ocrx_word' id='word_1_370' title='bbox 1352 4064 1528 4118; x_wconf 86' lang='grc' dir='ltr'><em>ποιῶν</em></span> <span class='ocrx_word' id='word_1_371' title='bbox 1563 4064 1770 4133; x_wconf 87' lang='grc' dir='ltr'><em>πίστιν,</em></span> <span class='ocrx_word' id='word_1_372' title='bbox 1789 4065 1886 4118; x_wconf 76' lang='grc' dir='ltr'><em>καὶ</em></span> 
     </span>
    </p>
   </div>
   <div class='ocr_carea' id='block_1_50' title="bbox 270 4155 1877 4236">
    <p class='ocr_par' dir='ltr' id='par_1_50' title="bbox 270 4155 1877 4236">
     <span class='ocr_line' id='line_1_50' title="bbox 270 4155 1877 4236; baseline -0.006 -16"><span class='ocrx_word' id='word_1_373' title='bbox 270 4163 514 4236; x_wconf 84' lang='grc' dir='ltr'><strong><em>ἀγαπῶν</em></strong></span> <span class='ocrx_word' id='word_1_374' title='bbox 537 4161 712 4228; x_wconf 78' lang='grc' dir='ltr'><em>ἕλεος,</em></span> <span class='ocrx_word' id='word_1_375' title='bbox 743 4161 840 4216; x_wconf 75' lang='grc' dir='ltr'><em>καὶ</em></span> <span class='ocrx_word' id='word_1_376' title='bbox 858 4160 1019 4223; x_wconf 81' lang='grc' dir='ltr'><em>ἵλεως</em></span> <span class='ocrx_word' id='word_1_377' title='bbox 1041 4158 1238 4228; x_wconf 73' lang='grc' dir='ltr'><em>ἔσομαι</em></span> <span class='ocrx_word' id='word_1_378' title='bbox 1259 4157 1422 4230; x_wconf 82' lang='grc' dir='ltr'><em>αὐτῇ,</em></span> <span class='ocrx_word' id='word_1_379' title='bbox 1449 4156 1599 4227; x_wconf 86' lang='grc' dir='ltr'><em>λέγει</em></span> <span class='ocrx_word' id='word_1_380' title='bbox 1614 4155 1842 4229; x_wconf 81' lang='grc' dir='ltr'><em>Κύριος.</em></span> <span class='ocrx_word' id='word_1_381' title='bbox 1857 4175 1877 4210; x_wconf 74' lang='grc' dir='ltr'><strong><em>ι</em></strong></span> 
     </span>
    </p>
   </div>
   <div class='ocr_carea' id='block_1_51' title="bbox 282 4250 1883 4331">
    <p class='ocr_par' dir='ltr' id='par_1_51' title="bbox 282 4250 1883 4331">
     <span class='ocr_line' id='line_1_51' title="bbox 282 4250 1883 4331; baseline -0.008 -16"><span class='ocrx_word' id='word_1_382' title='bbox 282 4259 595 4331; x_wconf 79' lang='grc' dir='ltr'><em>’Υπέσχετο</em></span> <span class='ocrx_word' id='word_1_383' title='bbox 628 4258 688 4312; x_wconf 85' lang='grc' dir='ltr'><em>δὲ</em></span> <span class='ocrx_word' id='word_1_384' title='bbox 730 4258 826 4312; x_wconf 78' lang='grc' dir='ltr'><em>καὶ</em></span> <span class='ocrx_word' id='word_1_385' title='bbox 869 4254 1128 4326; x_wconf 85' lang='grc' dir='ltr'><em>Σοδόμοις</em></span> <span class='ocrx_word' id='word_1_386' title='bbox 1163 4252 1262 4326; x_wconf 82' lang='grc' dir='ltr'><em>τὴν</em></span> <span class='ocrx_word' id='word_1_387' title='bbox 1306 4251 1397 4306; x_wconf 68' lang='grc' dir='ltr'><em>διὰ</em></span> <span class='ocrx_word' id='word_1_388' title='bbox 1451 4250 1627 4323; x_wconf 83' lang='grc' dir='ltr'><em>πυρὸς</em></span> <span class='ocrx_word' id='word_1_389' title='bbox 1658 4250 1883 4320; x_wconf 82' lang='grc' dir='ltr'><em>ἀνήσειν</em></span> 
     </span>
    </p>
   </div>
   <div class='ocr_carea' id='block_1_52' title="bbox 263 4335 1883 4418">
    <p class='ocr_par' dir='ltr' id='par_1_52' title="bbox 263 4335 1883 4418">
     <span class='ocr_line' id='line_1_52' title="bbox 263 4335 1883 4418; baseline -0.009 -9"><span class='ocrx_word' id='word_1_390' title='bbox 263 4335 526 4417; x_wconf 79' lang='grc' dir='ltr'><em>κόλασιν,</em></span> <span class='ocrx_word' id='word_1_391' title='bbox 559 4351 609 4404; x_wconf 86' lang='grc' dir='ltr'><strong><em>εί</em></strong></span> <span class='ocrx_word' id='word_1_392' title='bbox 642 4349 806 4404; x_wconf 84' lang='grc' dir='ltr'><em>πέντε</em></span> <span class='ocrx_word' id='word_1_393' title='bbox 839 4347 1084 4411; x_wconf 86' lang='grc' dir='ltr'><em>δικαίους</em></span> <span class='ocrx_word' id='word_1_394' title='bbox 1111 4345 1272 4418; x_wconf 76' lang='grc' dir='ltr'><em>ἔσχον</em></span> <span class='ocrx_word' id='word_1_395' title='bbox 1304 4344 1436 4416; x_wconf 83' lang='grc' dir='ltr'><em>παρ’</em></span> <span class='ocrx_word' id='word_1_396' title='bbox 1463 4343 1700 4411; x_wconf 76' lang='grc' dir='ltr'><em>ἑαυτοῖς,</em></span> <span class='ocrx_word' id='word_1_397' title='bbox 1724 4359 1883 4397; x_wconf 85' lang='grc' dir='ltr'><em>τουτ-</em></span> 
     </span>
    </p>
   </div>
   <div class='ocr_carea' id='block_1_53' title="bbox 269 4434 1880 4513">
    <p class='ocr_par' dir='ltr' id='par_1_53' title="bbox 269 4434 1880 4513">
     <span class='ocr_line' id='line_1_53' title="bbox 269 4434 1880 4513; baseline -0.007 -13"><span class='ocrx_word' id='word_1_398' title='bbox 269 4447 450 4513; x_wconf 77' lang='grc' dir='ltr'><em>ἐστιν,</em></span> <span class='ocrx_word' id='word_1_399' title='bbox 485 4444 546 4497; x_wconf 84' lang='grc' dir='ltr'><strong><em>ἐν</em></strong></span> <span class='ocrx_word' id='word_1_400' title='bbox 572 4441 782 4513; x_wconf 78' lang='grc' dir='ltr'><em>ἑκάστῃ</em></span> <span class='ocrx_word' id='word_1_401' title='bbox 821 4439 977 4494; x_wconf 79' lang='grc' dir='ltr'><em>πόλει</em></span> <span class='ocrx_word' id='word_1_402' title='bbox 1026 4438 1234 4493; x_wconf 91' lang='grc' dir='ltr'><em>δίκαιον</em></span> <span class='ocrx_word' id='word_1_403' title='bbox 1260 4437 1375 4491; x_wconf 75' lang='grc' dir='ltr'><em>ἕνα.</em></span> <span class='ocrx_word' id='word_1_404' title='bbox 1413 4437 1728 4507; x_wconf 82' lang='grc' dir='ltr'><em>Κατενόησε</em></span> <span class='ocrx_word' id='word_1_405' title='bbox 1767 4434 1880 4489; x_wconf 86' lang='grc' dir='ltr'><em>τοί-</em></span> 
     </span>
    </p>
   </div>
   <div class='ocr_carea' id='block_1_54' title="bbox 2053 1277 3599 1350">
    <p class='ocr_par' dir='ltr' id='par_1_54' title="bbox 2053 1277 3599 1350">
     <span class='ocr_line' id='line_1_54' title="bbox 2053 1277 3599 1350; baseline 0 -16"><span class='ocrx_word' id='word_1_406' title='bbox 2053 1277 2188 1334; x_wconf 82' lang='lat' dir='ltr'><strong><em>Cum</em></strong></span> <span class='ocrx_word' id='word_1_407' title='bbox 2204 1280 2469 1350; x_wconf 84' lang='lat' dir='ltr'><strong><em>propheta</em></strong></span> <span class='ocrx_word' id='word_1_408' title='bbox 2489 1277 3148 1348; x_wconf 73' lang='lat' dir='ltr'><strong><em>commemoraverit‘quas</em></strong></span> <span class='ocrx_word' id='word_1_409' title='bbox 3173 1290 3416 1348; x_wconf 87' lang='lat' dir='ltr'><strong><em>tempore</em></strong></span> <span class='ocrx_word' id='word_1_410' title='bbox 3431 1294 3599 1336; x_wconf 89' lang='lat' dir='ltr'><strong><em>voca-</em></strong></span> 
     </span>
    </p>
   </div>
   <div class='ocr_carea' id='block_1_55' title="bbox 1984 1372 3601 1443">
    <p class='ocr_par' dir='ltr' id='par_1_55' title="bbox 1984 1372 3601 1443">
     <span class='ocr_line' id='line_1_55' title="bbox 1984 1372 3601 1443; baseline 0.001 -15"><span class='ocrx_word' id='word_1_411' title='bbox 1984 1373 2150 1429; x_wconf 89' lang='lat' dir='ltr'><strong><em>tionis</em></strong></span> <span class='ocrx_word' id='word_1_412' title='bbox 2161 1389 2274 1429; x_wconf 72' lang='lat' dir='ltr'><strong><em>sua:</em></strong></span> <span class='ocrx_word' id='word_1_413' title='bbox 2288 1372 2470 1430; x_wconf 93' lang='lat' dir='ltr'><strong><em>dicent</em></strong></span> <span class='ocrx_word' id='word_1_414' title='bbox 2483 1373 3027 1443; x_wconf 71' lang='lat' dir='ltr'><strong><em>lsraelitae,petentes</em></strong></span> <span class='ocrx_word' id='word_1_415' title='bbox 3045 1373 3113 1428; x_wconf 85' lang='lat' dir='ltr'><strong><em>ab</em></strong></span> <span class='ocrx_word' id='word_1_416' title='bbox 3129 1373 3247 1443; x_wconf 88' lang='lat' dir='ltr'><strong><em>ipso</em></strong></span> <span class='ocrx_word' id='word_1_417' title='bbox 3264 1374 3371 1428; x_wconf 90' lang='lat' dir='ltr'><strong><em>Deo</em></strong></span> <span class='ocrx_word' id='word_1_418' title='bbox 3383 1373 3601 1430; x_wconf 86' lang='lat' dir='ltr'><strong><em>etPatre</em></strong></span> 
     </span>
    </p>
   </div>
   <div class='ocr_carea' id='block_1_56' title="bbox 1981 1464 3600 1536">
    <p class='ocr_par' dir='ltr' id='par_1_56' title="bbox 1981 1464 3600 1536">
     <span class='ocr_line' id='line_1_56' title="bbox 1981 1464 3600 1536; baseline 0.001 -17"><span class='ocrx_word' id='word_1_419' title='bbox 1981 1464 2211 1536; x_wconf 78' lang='lat' dir='ltr'><strong><em>gratiam</em></strong></span> <span class='ocrx_word' id='word_1_420' title='bbox 2225 1464 2416 1521; x_wconf 86' lang='lat' dir='ltr'><strong><em>salutis</em></strong></span> <span class='ocrx_word' id='word_1_421' title='bbox 2431 1480 2526 1535; x_wconf 87' lang='lat' dir='ltr'><strong><em>per</em></strong></span> <span class='ocrx_word' id='word_1_422' title='bbox 2540 1465 2844 1520; x_wconf 88' lang='lat' dir='ltr'><strong><em>Christum:</em></strong></span> <span class='ocrx_word' id='word_1_423' title='bbox 2862 1465 2916 1519; x_wconf 92' lang='lat' dir='ltr'><strong><em>in</em></strong></span> <span class='ocrx_word' id='word_1_424' title='bbox 2934 1479 3226 1536; x_wconf 86' lang='lat' dir='ltr'><strong><em>personam</em></strong></span> <span class='ocrx_word' id='word_1_425' title='bbox 3241 1481 3394 1520; x_wconf 87' lang='lat' dir='ltr'><strong><em>suam</em></strong></span> <span class='ocrx_word' id='word_1_426' title='bbox 3410 1480 3600 1520; x_wconf 89' lang='lat' dir='ltr'><strong><em>rursus</em></strong></span> 
     </span>
    </p>
   </div>
   <div class='ocr_carea' id='block_1_57' title="bbox 1980 1555 3602 1621">
    <p class='ocr_par' dir='ltr' id='par_1_57' title="bbox 1980 1555 3602 1621">
     <span class='ocr_line' id='line_1_57' title="bbox 1980 1555 3602 1621; baseline 0 -7"><span class='ocrx_word' id='word_1_427' title='bbox 1980 1557 2284 1614; x_wconf 85' lang='lat' dir='ltr'><strong><em>orationem</em></strong></span> <span class='ocrx_word' id='word_1_428' title='bbox 2303 1555 2563 1612; x_wconf 79' lang='lat' dir='ltr'><strong><em>transfert</em></strong></span> <span class='ocrx_word' id='word_1_429' title='bbox 2581 1566 2635 1612; x_wconf 90' lang='lat' dir='ltr'><strong><em>et</em></strong></span> <span class='ocrx_word' id='word_1_430' title='bbox 2650 1566 2874 1612; x_wconf 91' lang='lat' dir='ltr'><strong><em>accusat</em></strong></span> <span class='ocrx_word' id='word_1_431' title='bbox 2890 1556 3074 1612; x_wconf 87' lang='lat' dir='ltr'><strong><em>lsraeli</em></strong></span> <span class='ocrx_word' id='word_1_432' title='bbox 3084 1567 3188 1621; x_wconf 86' lang='lat' dir='ltr'><strong><em>tas,</em></strong></span> <span class='ocrx_word' id='word_1_433' title='bbox 3217 1556 3326 1612; x_wconf 92' lang='lat' dir='ltr'><strong><em>imo</em></strong></span> <span class='ocrx_word' id='word_1_434' title='bbox 3341 1559 3602 1614; x_wconf 83' lang='lat' dir='ltr'><strong><em>annuitet</em></strong></span> 
     </span>
    </p>
   </div>
   <div class='ocr_carea' id='block_1_58' title="bbox 1982 1649 3598 1720">
    <p class='ocr_par' dir='ltr' id='par_1_58' title="bbox 1982 1649 3598 1720">
     <span class='ocr_line' id='line_1_58' title="bbox 1982 1649 3598 1720; baseline -0.001 -12"><span class='ocrx_word' id='word_1_435' title='bbox 1982 1650 2505 1720; x_wconf 87' lang='lat' dir='ltr'><strong><em>comprobat,eteos</em></strong></span> <span class='ocrx_word' id='word_1_436' title='bbox 2527 1649 2700 1705; x_wconf 88' lang='lat' dir='ltr'><strong><em>malos</em></strong></span> <span class='ocrx_word' id='word_1_437' title='bbox 2718 1659 2773 1705; x_wconf 89' lang='lat' dir='ltr'><strong><em>et</em></strong></span> <span class='ocrx_word' id='word_1_438' title='bbox 2801 1657 3084 1720; x_wconf 88' lang='lat' dir='ltr'><strong><em>apostatas</em></strong></span> <span class='ocrx_word' id='word_1_439' title='bbox 3129 1659 3294 1720; x_wconf 89' lang='lat' dir='ltr'><strong><em>atque</em></strong></span> <span class='ocrx_word' id='word_1_440' title='bbox 3345 1651 3598 1709; x_wconf 74' lang='lat' dir='ltr'><strong><em>veritatis</em></strong></span> 
     </span>
    </p>
   </div>
   <div class='ocr_carea' id='block_1_59' title="bbox 1981 1728 3596 1812">
    <p class='ocr_par' dir='ltr' id='par_1_59' title="bbox 1981 1728 3596 1812">
     <span class='ocr_line' id='line_1_59' title="bbox 1981 1728 3596 1812; baseline 0 -16"><span class='ocrx_word' id='word_1_441' title='bbox 1981 1742 2230 1798; x_wconf 87' lang='lat' dir='ltr'><strong><em>inimicos</em></strong></span> <span class='ocrx_word' id='word_1_442' title='bbox 2249 1756 2369 1798; x_wconf 88' lang='lat' dir='ltr'><strong><em>esse</em></strong></span> <span class='ocrx_word' id='word_1_443' title='bbox 2403 1740 2711 1808; x_wconf 81' lang='lat' dir='ltr'><strong><em>conﬁrmat,</em></strong></span> <span class='ocrx_word' id='word_1_444' title='bbox 2731 1728 2958 1798; x_wconf 85' lang='lat' dir='ltr'><strong><em>dicens:</em></strong></span> <span class='ocrx_word' id='word_1_445' title='bbox 2986 1742 3323 1812; x_wconf 88' lang='lat' dir='ltr'><strong><em>Consumpta</em></strong></span> <span class='ocrx_word' id='word_1_446' title='bbox 3342 1750 3425 1797; x_wconf 86' lang='lat' dir='ltr'><strong><em>est</em></strong></span> <span class='ocrx_word' id='word_1_447' title='bbox 3453 1741 3596 1797; x_wconf 91' lang='lat' dir='ltr'><strong><em>veri-</em></strong></span> 
     </span>
    </p>
   </div>
   <div class='ocr_carea' id='block_1_60' title="bbox 1987 1819 3595 1904">
    <p class='ocr_par' dir='ltr' id='par_1_60' title="bbox 1987 1819 3595 1904">
     <span class='ocr_line' id='line_1_60' title="bbox 1987 1819 3595 1904; baseline -0.001 -12"><span class='ocrx_word' id='word_1_448' title='bbox 1987 1846 2068 1892; x_wconf 80' lang='lat' dir='ltr'><strong><em>tas</em></strong></span> <span class='ocrx_word' id='word_1_449' title='bbox 2096 1836 2151 1892; x_wconf 91' lang='lat' dir='ltr'><strong><em>in</em></strong></span> <span class='ocrx_word' id='word_1_450' title='bbox 2185 1836 2290 1892; x_wconf 88' lang='lat' dir='ltr'><strong><em>viis</em></strong></span> <span class='ocrx_word' id='word_1_451' title='bbox 2319 1851 2536 1901; x_wconf 89' lang='lat' dir='ltr'><strong><em>eorum,</em></strong></span> <span class='ocrx_word' id='word_1_452' title='bbox 2556 1836 2607 1890; x_wconf 91' lang='lat' dir='ltr'><strong><em>id</em></strong></span> <span class='ocrx_word' id='word_1_453' title='bbox 2635 1819 3076 1904; x_wconf 86' lang='lat' dir='ltr'><strong><em>cst,tantumnon</em></strong></span> <span class='ocrx_word' id='word_1_454' title='bbox 3099 1835 3273 1891; x_wconf 88' lang='lat' dir='ltr'><strong><em>deleta</em></strong></span> <span class='ocrx_word' id='word_1_455' title='bbox 3293 1845 3443 1891; x_wconf 88' lang='lat' dir='ltr'><strong><em>estet</em></strong></span> <span class='ocrx_word' id='word_1_456' title='bbox 3469 1834 3595 1890; x_wconf 79' lang='lat' dir='ltr'><strong><em>iun-</em></strong></span> 
     </span>
    </p>
   </div>
   <div class='ocr_carea' id='block_1_61' title="bbox 1988 1927 3592 2001">
    <p class='ocr_par' dir='ltr' id='par_1_61' title="bbox 1988 1927 3592 2001">
     <span class='ocr_line' id='line_1_61' title="bbox 1988 1927 3592 2001; baseline -0.001 -17"><span class='ocrx_word' id='word_1_457' title='bbox 1988 1930 2134 1986; x_wconf 89' lang='lat' dir='ltr'><strong><em>ditus</em></strong></span> <span class='ocrx_word' id='word_1_458' title='bbox 2169 1929 2352 2000; x_wconf 89' lang='lat' dir='ltr'><strong><em>periit.</em></strong></span> <span class='ocrx_word' id='word_1_459' title='bbox 2381 1927 2498 1984; x_wconf 86' lang='lat' dir='ltr'><strong><em>Non</em></strong></span> <span class='ocrx_word' id='word_1_460' title='bbox 2527 1929 2672 1984; x_wconf 90' lang='lat' dir='ltr'><strong><em>enim</em></strong></span> <span class='ocrx_word' id='word_1_461' title='bbox 2723 1933 2844 1984; x_wconf 85' lang='lat' dir='ltr'><strong><em>erat</em></strong></span> <span class='ocrx_word' id='word_1_462' title='bbox 2881 1928 2991 1984; x_wconf 91' lang='lat' dir='ltr'><strong><em>ulla</em></strong></span> <span class='ocrx_word' id='word_1_463' title='bbox 3026 1931 3079 1984; x_wconf 91' lang='lat' dir='ltr'><strong><em>in</em></strong></span> <span class='ocrx_word' id='word_1_464' title='bbox 3110 1928 3367 2001; x_wconf 88' lang='lat' dir='ltr'><strong><em>operibus</em></strong></span> <span class='ocrx_word' id='word_1_465' title='bbox 3401 1943 3592 1984; x_wconf 88' lang='lat' dir='ltr'><strong><em>eorum</em></strong></span> 
     </span>
    </p>
   </div>
   <div class='ocr_carea' id='block_1_62' title="bbox 1986 2021 3592 2092">
    <p class='ocr_par' dir='ltr' id='par_1_62' title="bbox 1986 2021 3592 2092">
     <span class='ocr_line' id='line_1_62' title="bbox 1986 2021 3592 2092; baseline -0.002 -13"><span class='ocrx_word' id='word_1_466' title='bbox 1986 2023 2212 2087; x_wconf 87' lang='lat' dir='ltr'><strong><em>veritas,</em></strong></span> <span class='ocrx_word' id='word_1_467' title='bbox 2237 2022 2290 2076; x_wconf 91' lang='lat' dir='ltr'><strong><em>id</em></strong></span> <span class='ocrx_word' id='word_1_468' title='bbox 2320 2030 2426 2088; x_wconf 88' lang='lat' dir='ltr'><strong><em>est,</em></strong></span> <span class='ocrx_word' id='word_1_469' title='bbox 2459 2021 2548 2076; x_wconf 77' lang='lat' dir='ltr'><strong><em>lex</em></strong></span> <span class='ocrx_word' id='word_1_470' title='bbox 2573 2021 3065 2079; x_wconf 85' lang='lat' dir='ltr'><strong><em>veritatis.ldcirco</em></strong></span> <span class='ocrx_word' id='word_1_471' title='bbox 3092 2037 3190 2092; x_wconf 88' lang='lat' dir='ltr'><strong><em>per</em></strong></span> <span class='ocrx_word' id='word_1_472' title='bbox 3210 2031 3418 2078; x_wconf 89' lang='lat' dir='ltr'><strong><em>rectam</em></strong></span> <span class='ocrx_word' id='word_1_473' title='bbox 3445 2022 3592 2077; x_wconf 88' lang='lat' dir='ltr'><strong><em>viam</em></strong></span> 
     </span>
    </p>
   </div>
   <div class='ocr_carea' id='block_1_63' title="bbox 1988 2115 3593 2186">
    <p class='ocr_par' dir='ltr' id='par_1_63' title="bbox 1988 2115 3593 2186">
     <span class='ocr_line' id='line_1_63' title="bbox 1988 2115 3593 2186; baseline 0 -16"><span class='ocrx_word' id='word_1_474' title='bbox 1988 2131 2094 2170; x_wconf 90' lang='lat' dir='ltr'><strong><em>non</em></strong></span> <span class='ocrx_word' id='word_1_475' title='bbox 2131 2123 2427 2186; x_wconf 89' lang='lat' dir='ltr'><strong><em>potuerunt</em></strong></span> <span class='ocrx_word' id='word_1_476' title='bbox 2459 2115 2720 2171; x_wconf 88' lang='lat' dir='ltr'><strong><em>transire.</em></strong></span> <span class='ocrx_word' id='word_1_477' title='bbox 2761 2115 2866 2182; x_wconf 85' lang='lat' dir='ltr'><strong><em>Qui</em></strong></span> <span class='ocrx_word' id='word_1_478' title='bbox 2893 2115 3039 2170; x_wconf 87' lang='lat' dir='ltr'><strong><em>enim</em></strong></span> <span class='ocrx_word' id='word_1_479' title='bbox 3073 2115 3298 2170; x_wconf 87' lang='lat' dir='ltr'><strong><em>omnino</em></strong></span> <span class='ocrx_word' id='word_1_480' title='bbox 3342 2131 3409 2170; x_wconf 84' lang='lat' dir='ltr'><strong><em>cx</em></strong></span> <span class='ocrx_word' id='word_1_481' title='bbox 3457 2115 3593 2186; x_wconf 82' lang='lat' dir='ltr'><strong><em>legis</em></strong></span> 
     </span>
    </p>
   </div>
   <div class='ocr_carea' id='block_1_64' title="bbox 1986 2208 3593 2279">
    <p class='ocr_par' dir='ltr' id='par_1_64' title="bbox 1986 2208 3593 2279">
     <span class='ocr_line' id='line_1_64' title="bbox 1986 2208 3593 2279; baseline -0.001 -16"><span class='ocrx_word' id='word_1_482' title='bbox 1986 2218 2042 2264; x_wconf 92' lang='lat' dir='ltr'><strong><em>et</em></strong></span> <span class='ocrx_word' id='word_1_483' title='bbox 2077 2209 2329 2264; x_wconf 77' lang='lat' dir='ltr'><strong><em>veritatis</em></strong></span> <span class='ocrx_word' id='word_1_484' title='bbox 2385 2208 2708 2279; x_wconf 82' lang='lat' dir='ltr'><strong><em>praescripto</em></strong></span> <span class='ocrx_word' id='word_1_485' title='bbox 2764 2209 2933 2262; x_wconf 87' lang='lat' dir='ltr'><strong><em>vitam</em></strong></span> <span class='ocrx_word' id='word_1_486' title='bbox 3011 2208 3297 2264; x_wconf 88' lang='lat' dir='ltr'><strong><em>instituere</em></strong></span> <span class='ocrx_word' id='word_1_487' title='bbox 3345 2209 3593 2264; x_wconf 86' lang='lat' dir='ltr'><strong><em>nesciunt</em></strong></span> 
     </span>
    </p>
   </div>
   <div class='ocr_carea' id='block_1_65' title="bbox 1989 2301 3592 2373">
    <p class='ocr_par' dir='ltr' id='par_1_65' title="bbox 1989 2301 3592 2373">
     <span class='ocr_line' id='line_1_65' title="bbox 1989 2301 3592 2373; baseline 0.001 -20"><span class='ocrx_word' id='word_1_488' title='bbox 1989 2302 2216 2372; x_wconf 86' lang='lat' dir='ltr'><strong><em>(veritas</em></strong></span> <span class='ocrx_word' id='word_1_489' title='bbox 2239 2311 2419 2356; x_wconf 88' lang='lat' dir='ltr'><strong><em>autem</em></strong></span> <span class='ocrx_word' id='word_1_490' title='bbox 2449 2302 2532 2357; x_wconf 80' lang='lat' dir='ltr'><strong><em>lex</em></strong></span> <span class='ocrx_word' id='word_1_491' title='bbox 2563 2301 2656 2359; x_wconf 85' lang='lat' dir='ltr'><strong><em>Dei</em></strong></span> <span class='ocrx_word' id='word_1_492' title='bbox 2680 2301 2881 2371; x_wconf 90' lang='lat' dir='ltr'><strong><em>ubique</em></strong></span> <span class='ocrx_word' id='word_1_493' title='bbox 2903 2302 3294 2373; x_wconf 88' lang='lat' dir='ltr'><strong><em>nuncupatur),</em></strong></span> <span class='ocrx_word' id='word_1_494' title='bbox 3320 2303 3592 2371; x_wconf 88' lang='lat' dir='ltr'><strong><em>quomodo</em></strong></span> 
     </span>
    </p>
   </div>
   <div class='ocr_carea' id='block_1_66' title="bbox 1986 2395 3594 2467">
    <p class='ocr_par' dir='ltr' id='par_1_66' title="bbox 1986 2395 3594 2467">
     <span class='ocr_line' id='line_1_66' title="bbox 1986 2395 3594 2467; baseline 0.002 -18"><span class='ocrx_word' id='word_1_495' title='bbox 1986 2395 2152 2467; x_wconf 69' lang='lat'><strong><em>837</em></strong></span> <span class='ocrx_word' id='word_1_496' title='bbox 2179 2404 2327 2450; x_wconf 86' lang='lat' dir='ltr'><strong><em>recta</em></strong></span> <span class='ocrx_word' id='word_1_497' title='bbox 2355 2395 2422 2450; x_wconf 87' lang='lat' dir='ltr'><strong><em>ad</em></strong></span> <span class='ocrx_word' id='word_1_498' title='bbox 2459 2397 2721 2450; x_wconf 88' lang='lat' dir='ltr'><strong><em>decorum</em></strong></span> <span class='ocrx_word' id='word_1_499' title='bbox 2778 2396 3109 2452; x_wconf 82' lang='lat' dir='ltr'><strong><em>transeant?</em></strong></span> <span class='ocrx_word' id='word_1_500' title='bbox 3157 2397 3268 2451; x_wconf 91' lang='lat' dir='ltr'><strong><em>imo</em></strong></span> <span class='ocrx_word' id='word_1_501' title='bbox 3321 2397 3594 2466; x_wconf 84' lang='lat' dir='ltr'><strong><em>quomodo</em></strong></span> 
     </span>
    </p>
   </div>
   <div class='ocr_carea' id='block_1_67' title="bbox 1989 2489 3592 2559">
    <p class='ocr_par' dir='ltr' id='par_1_67' title="bbox 1989 2489 3592 2559">
     <span class='ocr_line' id='line_1_67' title="bbox 1989 2489 3592 2559; baseline 0.001 -15"><span class='ocrx_word' id='word_1_502' title='bbox 1989 2505 2096 2544; x_wconf 88' lang='lat' dir='ltr'><strong><em>non</em></strong></span> <span class='ocrx_word' id='word_1_503' title='bbox 2123 2489 2373 2559; x_wconf 87' lang='lat' dir='ltr'><strong><em>obliquas</em></strong></span> <span class='ocrx_word' id='word_1_504' title='bbox 2403 2498 2457 2544; x_wconf 90' lang='lat' dir='ltr'><strong><em>et</em></strong></span> <span class='ocrx_word' id='word_1_505' title='bbox 2480 2490 2742 2546; x_wconf 76' lang='lat' dir='ltr'><strong><em>distortos</em></strong></span> <span class='ocrx_word' id='word_1_506' title='bbox 2778 2490 2896 2546; x_wconf 84' lang='lat' dir='ltr'><strong><em>vias</em></strong></span> <span class='ocrx_word' id='word_1_507' title='bbox 2926 2489 3252 2546; x_wconf 85' lang='lat' dir='ltr'><strong><em>habuerint?</em></strong></span> <span class='ocrx_word' id='word_1_508' title='bbox 3281 2489 3418 2546; x_wconf 89' lang='lat' dir='ltr'><strong><em>Cum</em></strong></span> <span class='ocrx_word' id='word_1_509' title='bbox 3442 2490 3592 2545; x_wconf 80' lang='lat' dir='ltr'><strong><em>addit</em></strong></span> 
     </span>
    </p>
   </div>
   <div class='ocr_carea' id='block_1_68' title="bbox 1989 2582 3591 2652">
    <p class='ocr_par' dir='ltr' id='par_1_68' title="bbox 1989 2582 3591 2652">
     <span class='ocr_line' id='line_1_68' title="bbox 1989 2582 3591 2652; baseline -0.001 -12"><span class='ocrx_word' id='word_1_510' title='bbox 1989 2583 2192 2640; x_wconf 86' lang='lat' dir='ltr'><strong><em>etdicit</em></strong></span> <span class='ocrx_word' id='word_1_511' title='bbox 2220 2601 2232 2636; x_wconf 93' lang='lat'><strong>:</strong></span> <span class='ocrx_word' id='word_1_512' title='bbox 2262 2582 2474 2640; x_wconf 79' lang='lat' dir='ltr'><strong><em>Veritas</em></strong></span> <span class='ocrx_word' id='word_1_513' title='bbox 2524 2583 2737 2639; x_wconf 88' lang='lat' dir='ltr'><strong><em>sublata</em></strong></span> <span class='ocrx_word' id='word_1_514' title='bbox 2778 2594 2883 2652; x_wconf 88' lang='lat' dir='ltr'><strong><em>est,</em></strong></span> <span class='ocrx_word' id='word_1_515' title='bbox 2910 2592 2965 2640; x_wconf 91' lang='lat' dir='ltr'><strong><em>et</em></strong></span> <span class='ocrx_word' id='word_1_516' title='bbox 2997 2587 3393 2640; x_wconf 87' lang='lat' dir='ltr'><strong><em>transtulerunt</em></strong></span> <span class='ocrx_word' id='word_1_517' title='bbox 3436 2601 3591 2638; x_wconf 86' lang='lat' dir='ltr'><strong><em>men-</em></strong></span> 
     </span>
    </p>
   </div>
   <div class='ocr_carea' id='block_1_69' title="bbox 1993 2677 3588 2750">
    <p class='ocr_par' dir='ltr' id='par_1_69' title="bbox 1993 2677 3588 2750">
     <span class='ocr_line' id='line_1_69' title="bbox 1993 2677 3588 2750; baseline 0.001 -19"><span class='ocrx_word' id='word_1_518' title='bbox 1993 2688 2122 2741; x_wconf 90' lang='lat' dir='ltr'><strong><em>tem,</em></strong></span> <span class='ocrx_word' id='word_1_519' title='bbox 2165 2693 2235 2733; x_wconf 88' lang='lat' dir='ltr'><strong><em>ne</em></strong></span> <span class='ocrx_word' id='word_1_520' title='bbox 2285 2677 2689 2750; x_wconf 79' lang='lat' dir='ltr'><strong><em>intelligerent;</em></strong></span> <span class='ocrx_word' id='word_1_521' title='bbox 2731 2679 2987 2745; x_wconf 86' lang='lat' dir='ltr'><strong><em>ostendit,</em></strong></span> <span class='ocrx_word' id='word_1_522' title='bbox 3018 2678 3069 2733; x_wconf 92' lang='lat' dir='ltr'><strong><em>in</em></strong></span> <span class='ocrx_word' id='word_1_523' title='bbox 3103 2688 3274 2734; x_wconf 91' lang='lat' dir='ltr'><strong><em>totum</em></strong></span> <span class='ocrx_word' id='word_1_524' title='bbox 3304 2678 3588 2733; x_wconf 75' lang='lat' dir='ltr'><strong><em>veritatem</em></strong></span> 
     </span>
    </p>
   </div>
   <div class='ocr_carea' id='block_1_70' title="bbox 1990 2769 3590 2839">
    <p class='ocr_par' dir='ltr' id='par_1_70' title="bbox 1990 2769 3590 2839">
     <span class='ocr_line' id='line_1_70' title="bbox 1990 2769 3590 2839; baseline 0.002 -15"><span class='ocrx_word' id='word_1_525' title='bbox 1990 2769 2058 2825; x_wconf 91' lang='lat' dir='ltr'><strong><em>ab</em></strong></span> <span class='ocrx_word' id='word_1_526' title='bbox 2084 2769 2190 2825; x_wconf 80' lang='lat' dir='ltr'><strong><em>illis</em></strong></span> <span class='ocrx_word' id='word_1_527' title='bbox 2216 2771 2701 2839; x_wconf 36' lang='lat' dir='ltr'><strong><em>reccssissc,et,ccs</em></strong></span> <span class='ocrx_word' id='word_1_528' title='bbox 2729 2772 2953 2827; x_wconf 92' lang='lat' dir='ltr'><strong><em>omnino</em></strong></span> <span class='ocrx_word' id='word_1_529' title='bbox 2985 2781 3222 2827; x_wconf 90' lang='lat' dir='ltr'><strong><em>mentem</em></strong></span> <span class='ocrx_word' id='word_1_530' title='bbox 3249 2770 3590 2827; x_wconf 86' lang='lat' dir='ltr'><strong><em>transtulisse</em></strong></span> 
     </span>
    </p>
   </div>
   <div class='ocr_carea' id='block_1_71' title="bbox 1992 2863 3591 2934">
    <p class='ocr_par' dir='ltr' id='par_1_71' title="bbox 1992 2863 3591 2934">
     <span class='ocr_line' id='line_1_71' title="bbox 1992 2863 3591 2934; baseline 0.003 -18"><span class='ocrx_word' id='word_1_531' title='bbox 1992 2872 2050 2916; x_wconf 93' lang='lat' dir='ltr'><strong><em>ut</em></strong></span> <span class='ocrx_word' id='word_1_532' title='bbox 2079 2863 2209 2932; x_wconf 88' lang='lat' dir='ltr'><strong><em>quid</em></strong></span> <span class='ocrx_word' id='word_1_533' title='bbox 2256 2863 2321 2918; x_wconf 88' lang='lat' dir='ltr'><strong><em>ad</em></strong></span> <span class='ocrx_word' id='word_1_534' title='bbox 2371 2863 2600 2919; x_wconf 77' lang='lat' dir='ltr'><strong><em>salutem</em></strong></span> <span class='ocrx_word' id='word_1_535' title='bbox 2635 2863 2842 2920; x_wconf 83' lang='lat' dir='ltr'><strong><em>faceret</em></strong></span> <span class='ocrx_word' id='word_1_536' title='bbox 2871 2879 2976 2920; x_wconf 90' lang='lat' dir='ltr'><strong><em>non</em></strong></span> <span class='ocrx_word' id='word_1_537' title='bbox 3029 2863 3411 2934; x_wconf 77' lang='lat' dir='ltr'><strong><em>intelligerent.</em></strong></span> <span class='ocrx_word' id='word_1_538' title='bbox 3453 2863 3591 2920; x_wconf 88' lang='lat' dir='ltr'><strong><em>llinc</em></strong></span> 
     </span>
    </p>
   </div>
   <div class='ocr_carea' id='block_1_72' title="bbox 1990 2952 3589 3026">
    <p class='ocr_par' dir='ltr' id='par_1_72' title="bbox 1990 2952 3589 3026">
     <span class='ocr_line' id='line_1_72' title="bbox 1990 2952 3589 3026; baseline 0.002 -19"><span class='ocrx_word' id='word_1_539' title='bbox 1990 2952 2335 3009; x_wconf 86' lang='lat' dir='ltr'><strong><em>dicit:Vidit</em></strong></span> <span class='ocrx_word' id='word_1_540' title='bbox 2377 2954 2640 3010; x_wconf 83' lang='lat' dir='ltr'><strong><em>Dominus</em></strong></span> <span class='ocrx_word' id='word_1_541' title='bbox 2672 2966 2724 3011; x_wconf 88' lang='lat' dir='ltr'><strong><em>et</em></strong></span> <span class='ocrx_word' id='word_1_542' title='bbox 2772 2970 2879 3010; x_wconf 87' lang='lat' dir='ltr'><strong><em>non</em></strong></span> <span class='ocrx_word' id='word_1_543' title='bbox 2929 2954 2978 3010; x_wconf 91' lang='lat' dir='ltr'><strong><em>ei</em></strong></span> <span class='ocrx_word' id='word_1_544' title='bbox 3016 2955 3256 3026; x_wconf 82' lang='lat' dir='ltr'><strong><em>placuit;</em></strong></span> <span class='ocrx_word' id='word_1_545' title='bbox 3305 2971 3409 3009; x_wconf 90' lang='lat' dir='ltr'><strong><em>non</em></strong></span> <span class='ocrx_word' id='word_1_546' title='bbox 3444 2955 3589 3010; x_wconf 86' lang='lat' dir='ltr'><strong><em>enim</em></strong></span> 
     </span>
    </p>
   </div>
   <div class='ocr_carea' id='block_1_73' title="bbox 1993 3047 3589 3119">
    <p class='ocr_par' dir='ltr' id='par_1_73' title="bbox 1993 3047 3589 3119">
     <span class='ocr_line' id='line_1_73' title="bbox 1993 3047 3589 3119; baseline 0.004 -20"><span class='ocrx_word' id='word_1_547' title='bbox 1993 3057 2110 3100; x_wconf 90' lang='lat' dir='ltr'><strong><em>erat</em></strong></span> <span class='ocrx_word' id='word_1_548' title='bbox 2137 3049 2276 3118; x_wconf 80' lang='lat' dir='ltr'><strong><em>apud</em></strong></span> <span class='ocrx_word' id='word_1_549' title='bbox 2303 3049 2398 3103; x_wconf 65' lang='lat' dir='ltr'><strong><em>‘eos</em></strong></span> <span class='ocrx_word' id='word_1_550' title='bbox 2421 3047 2712 3119; x_wconf 84' lang='lat' dir='ltr'><strong><em>judicium,</em></strong></span> <span class='ocrx_word' id='word_1_551' title='bbox 2734 3049 2784 3103; x_wconf 89' lang='lat' dir='ltr'><strong><em>id</em></strong></span> <span class='ocrx_word' id='word_1_552' title='bbox 2798 3047 3385 3118; x_wconf 81' lang='lat' dir='ltr'><strong><em>est,justumjudicium</em></strong></span> <span class='ocrx_word' id='word_1_553' title='bbox 3400 3060 3453 3104; x_wconf 90' lang='lat' dir='ltr'><strong><em>et</em></strong></span> <span class='ocrx_word' id='word_1_554' title='bbox 3481 3049 3589 3105; x_wconf 77' lang='lat' dir='ltr'><strong><em>lor.</em></strong></span> 
     </span>
    </p>
   </div>
   <div class='ocr_carea' id='block_1_74' title="bbox 1996 3139 3595 3212">
    <p class='ocr_par' dir='ltr' id='par_1_74' title="bbox 1996 3139 3595 3212">
     <span class='ocr_line' id='line_1_74' title="bbox 1996 3139 3595 3212; baseline 0.001 -18"><span class='ocrx_word' id='word_1_555' title='bbox 1996 3139 2218 3205; x_wconf 88' lang='lat' dir='ltr'><strong><em>Deinde,</em></strong></span> <span class='ocrx_word' id='word_1_556' title='bbox 2245 3139 2494 3212; x_wconf 80' lang='lat' dir='ltr'><strong><em>Aspexit,</em></strong></span> <span class='ocrx_word' id='word_1_557' title='bbox 2527 3142 2725 3212; x_wconf 85' lang='lat' dir='ltr'><strong><em>inquit,</em></strong></span> <span class='ocrx_word' id='word_1_558' title='bbox 2778 3152 2833 3197; x_wconf 90' lang='lat' dir='ltr'><strong><em>et</em></strong></span> <span class='ocrx_word' id='word_1_559' title='bbox 2870 3158 2974 3198; x_wconf 90' lang='lat' dir='ltr'><strong><em>non</em></strong></span> <span class='ocrx_word' id='word_1_560' title='bbox 3003 3153 3123 3196; x_wconf 82' lang='lat' dir='ltr'><strong><em>erat</em></strong></span> <span class='ocrx_word' id='word_1_561' title='bbox 3157 3143 3258 3208; x_wconf 86' lang='lat' dir='ltr'><strong><em>vir,</em></strong></span> <span class='ocrx_word' id='word_1_562' title='bbox 3282 3142 3595 3197; x_wconf 83' lang='lat' dir='ltr'><strong><em>considera-</em></strong></span> 
     </span>
    </p>
   </div>
   <div class='ocr_carea' id='block_1_75' title="bbox 1996 3231 3592 3304">
    <p class='ocr_par' dir='ltr' id='par_1_75' title="bbox 1996 3231 3592 3304">
     <span class='ocr_line' id='line_1_75' title="bbox 1996 3231 3592 3304; baseline 0.002 -19"><span class='ocrx_word' id='word_1_563' title='bbox 1996 3232 2094 3296; x_wconf 89' lang='lat' dir='ltr'><strong><em>vit,</em></strong></span> <span class='ocrx_word' id='word_1_564' title='bbox 2121 3240 2176 3285; x_wconf 92' lang='lat' dir='ltr'><strong><em>et</em></strong></span> <span class='ocrx_word' id='word_1_565' title='bbox 2205 3247 2312 3285; x_wconf 90' lang='lat' dir='ltr'><strong><em>non</em></strong></span> <span class='ocrx_word' id='word_1_566' title='bbox 2344 3241 2466 3286; x_wconf 84' lang='lat' dir='ltr'><strong><em>erat</em></strong></span> <span class='ocrx_word' id='word_1_567' title='bbox 2507 3231 2786 3291; x_wconf 80' lang='lat' dir='ltr'><strong><em>defensor.</em></strong></span> <span class='ocrx_word' id='word_1_568' title='bbox 2823 3232 2958 3289; x_wconf 87' lang='lat' dir='ltr'><strong><em>Nam</em></strong></span> <span class='ocrx_word' id='word_1_569' title='bbox 2992 3235 3251 3304; x_wconf 85' lang='lat' dir='ltr'><strong><em>quoniam</em></strong></span> <span class='ocrx_word' id='word_1_570' title='bbox 3281 3234 3592 3288; x_wconf 81' lang='lat' dir='ltr'><strong><em>misericors</em></strong></span> 
     </span>
    </p>
   </div>
   <div class='ocr_carea' id='block_1_76' title="bbox 1991 3325 3592 3391">
    <p class='ocr_par' dir='ltr' id='par_1_76' title="bbox 1991 3325 3592 3391">
     <span class='ocr_line' id='line_1_76' title="bbox 1991 3325 3592 3391; baseline 0 -11"><span class='ocrx_word' id='word_1_571' title='bbox 1991 3335 2097 3391; x_wconf 87' lang='lat' dir='ltr'><strong><em>est,</em></strong></span> <span class='ocrx_word' id='word_1_572' title='bbox 2126 3337 2185 3380; x_wconf 90' lang='lat' dir='ltr'><strong><em>ut</em></strong></span> <span class='ocrx_word' id='word_1_573' title='bbox 2215 3325 2381 3390; x_wconf 88' lang='lat' dir='ltr'><strong><em>Deus,</em></strong></span> <span class='ocrx_word' id='word_1_574' title='bbox 2418 3326 2650 3381; x_wconf 88' lang='lat' dir='ltr'><strong><em>remittit</em></strong></span> <span class='ocrx_word' id='word_1_575' title='bbox 2685 3326 2959 3381; x_wconf 84' lang='lat' dir='ltr'><strong><em>interdum</em></strong></span> <span class='ocrx_word' id='word_1_576' title='bbox 2991 3326 3260 3380; x_wconf 75' lang='lat' dir='ltr'><strong><em>universa:</em></strong></span> <span class='ocrx_word' id='word_1_577' title='bbox 3287 3326 3452 3379; x_wconf 90' lang='lat' dir='ltr'><strong><em>ctiam</em></strong></span> <span class='ocrx_word' id='word_1_578' title='bbox 3508 3325 3592 3380; x_wconf 77' lang='lat' dir='ltr'><strong><em>ci-</em></strong></span> 
     </span>
    </p>
   </div>
   <div class='ocr_carea' id='block_1_77' title="bbox 1991 3417 3591 3490">
    <p class='ocr_par' dir='ltr' id='par_1_77' title="bbox 1991 3417 3591 3490">
     <span class='ocr_line' id='line_1_77' title="bbox 1991 3417 3591 3490; baseline -0.001 -18"><span class='ocrx_word' id='word_1_579' title='bbox 1991 3418 2145 3472; x_wconf 88' lang='lat' dir='ltr'><strong><em>vitati</em></strong></span> <span class='ocrx_word' id='word_1_580' title='bbox 2176 3419 2429 3488; x_wconf 91' lang='lat' dir='ltr'><strong><em>crimina,</em></strong></span> <span class='ocrx_word' id='word_1_581' title='bbox 2466 3428 2692 3490; x_wconf 86' lang='lat' dir='ltr'><strong><em>propter</em></strong></span> <span class='ocrx_word' id='word_1_582' title='bbox 2722 3433 2893 3474; x_wconf 87' lang='lat' dir='ltr'><strong><em>unum</em></strong></span> <span class='ocrx_word' id='word_1_583' title='bbox 2921 3418 3129 3485; x_wconf 89' lang='lat' dir='ltr'><strong><em>solum,</em></strong></span> <span class='ocrx_word' id='word_1_584' title='bbox 3158 3419 3252 3490; x_wconf 89' lang='lat' dir='ltr'><strong><em>qui</em></strong></span> <span class='ocrx_word' id='word_1_585' title='bbox 3299 3419 3351 3472; x_wconf 90' lang='lat' dir='ltr'><strong><em>in</em></strong></span> <span class='ocrx_word' id='word_1_586' title='bbox 3389 3433 3451 3473; x_wconf 87' lang='lat' dir='ltr'><strong><em>ea</em></strong></span> <span class='ocrx_word' id='word_1_587' title='bbox 3495 3417 3591 3489; x_wconf 86' lang='lat' dir='ltr'><strong><em>ju-</em></strong></span> 
     </span>
    </p>
   </div>
   <div class='ocr_carea' id='block_1_78' title="bbox 1994 3509 3589 3583">
    <p class='ocr_par' dir='ltr' id='par_1_78' title="bbox 1994 3509 3589 3583">
     <span class='ocr_line' id='line_1_78' title="bbox 1994 3509 3589 3583; baseline -0.001 -16"><span class='ocrx_word' id='word_1_588' title='bbox 1994 3519 2114 3568; x_wconf 90' lang='lat' dir='ltr'><strong><em>stus</em></strong></span> <span class='ocrx_word' id='word_1_589' title='bbox 2175 3511 2432 3568; x_wconf 85' lang='lat' dir='ltr'><strong><em>inventus</em></strong></span> <span class='ocrx_word' id='word_1_590' title='bbox 2479 3522 2586 3566; x_wconf 90' lang='lat' dir='ltr'><strong><em>est.</em></strong></span> <span class='ocrx_word' id='word_1_591' title='bbox 2617 3509 2897 3583; x_wconf 88' lang='lat' dir='ltr'><strong><em>Siquidem</em></strong></span> <span class='ocrx_word' id='word_1_592' title='bbox 2920 3512 3056 3567; x_wconf 77' lang='lat' dir='ltr'><strong><em>dixit</em></strong></span> <span class='ocrx_word' id='word_1_593' title='bbox 3107 3526 3239 3567; x_wconf 82' lang='lat' dir='ltr'><strong><em>voce</em></strong></span> <span class='ocrx_word' id='word_1_594' title='bbox 3292 3509 3589 3566; x_wconf 72' lang='lat' dir='ltr'><strong><em>Jercmiaaz</em></strong></span> 
     </span>
    </p>
   </div>
   <div class='ocr_carea' id='block_1_79' title="bbox 1996 3602 3594 3675">
    <p class='ocr_par' dir='ltr' id='par_1_79' title="bbox 1996 3602 3594 3675">
     <span class='ocr_line' id='line_1_79' title="bbox 1996 3602 3594 3675; baseline -0.001 -18"><span class='ocrx_word' id='word_1_595' title='bbox 1996 3603 2272 3660; x_wconf 71' lang='lat' dir='ltr'><strong><em>«Cursate</em></strong></span> <span class='ocrx_word' id='word_1_596' title='bbox 2325 3603 2382 3660; x_wconf 92' lang='lat' dir='ltr'><strong><em>in</em></strong></span> <span class='ocrx_word' id='word_1_597' title='bbox 2433 3605 2538 3661; x_wconf 89' lang='lat' dir='ltr'><strong><em>viis</em></strong></span> <span class='ocrx_word' id='word_1_598' title='bbox 2586 3603 2910 3670; x_wconf 88' lang='lat' dir='ltr'><strong><em>Jerusalem,</em></strong></span> <span class='ocrx_word' id='word_1_599' title='bbox 2965 3613 3020 3660; x_wconf 89' lang='lat' dir='ltr'><strong><em>et</em></strong></span> <span class='ocrx_word' id='word_1_600' title='bbox 3053 3605 3282 3675; x_wconf 63' lang='lat' dir='ltr'><strong><em>quaerite</em></strong></span> <span class='ocrx_word' id='word_1_601' title='bbox 3307 3603 3360 3657; x_wconf 92' lang='lat' dir='ltr'><strong><em>in</em></strong></span> <span class='ocrx_word' id='word_1_602' title='bbox 3399 3602 3594 3670; x_wconf 86' lang='lat' dir='ltr'><strong><em>plateis</em></strong></span> 
     </span>
    </p>
   </div>
   <div class='ocr_carea' id='block_1_80' title="bbox 1988 3693 3597 3768">
    <p class='ocr_par' dir='ltr' id='par_1_80' title="bbox 1988 3693 3597 3768">
     <span class='ocr_line' id='line_1_80' title="bbox 1988 3693 3597 3768; baseline -0.004 -14"><span class='ocrx_word' id='word_1_603' title='bbox 1988 3697 2127 3768; x_wconf 87' lang='lat' dir='ltr'><strong><em>ejus,</em></strong></span> <span class='ocrx_word' id='word_1_604' title='bbox 2155 3709 2210 3754; x_wconf 89' lang='lat' dir='ltr'><strong><em>et</em></strong></span> <span class='ocrx_word' id='word_1_605' title='bbox 2243 3697 2428 3754; x_wconf 83' lang='lat' dir='ltr'><strong><em>videte</em></strong></span> <span class='ocrx_word' id='word_1_606' title='bbox 2462 3712 2530 3752; x_wconf 88' lang='lat' dir='ltr'><strong><em>an</em></strong></span> <span class='ocrx_word' id='word_1_607' title='bbox 2565 3697 2820 3752; x_wconf 88' lang='lat' dir='ltr'><strong><em>invenire</em></strong></span> <span class='ocrx_word' id='word_1_608' title='bbox 2844 3695 3068 3766; x_wconf 86' lang='lat' dir='ltr'><strong><em>possitis</em></strong></span> <span class='ocrx_word' id='word_1_609' title='bbox 3099 3696 3297 3761; x_wconf 86' lang='lat' dir='ltr'><strong><em>virum,</em></strong></span> <span class='ocrx_word' id='word_1_610' title='bbox 3329 3693 3423 3766; x_wconf 85' lang='lat' dir='ltr'><strong><em>qui</em></strong></span> <span class='ocrx_word' id='word_1_611' title='bbox 3466 3693 3597 3748; x_wconf 79' lang='lat' dir='ltr'><strong><em>facit.</em></strong></span> 
     </span>
    </p>
   </div>
   <div class='ocr_carea' id='block_1_81' title="bbox 1990 3787 3592 3864">
    <p class='ocr_par' dir='ltr' id='par_1_81' title="bbox 1990 3787 3592 3864">
     <span class='ocr_line' id='line_1_81' title="bbox 1990 3787 3592 3864; baseline -0.004 -18"><span class='ocrx_word' id='word_1_612' title='bbox 1990 3792 2176 3860; x_wconf 84' lang='lat' dir='ltr'><strong><em>ﬁdem,</em></strong></span> <span class='ocrx_word' id='word_1_613' title='bbox 2199 3800 2256 3847; x_wconf 89' lang='lat' dir='ltr'><strong><em>et</em></strong></span> <span class='ocrx_word' id='word_1_614' title='bbox 2287 3790 2465 3864; x_wconf 83' lang='lat' dir='ltr'><strong><em>diligit</em></strong></span> <span class='ocrx_word' id='word_1_615' title='bbox 2489 3789 2950 3855; x_wconf 87' lang='lat' dir='ltr'><strong><em>misericordiam,</em></strong></span> <span class='ocrx_word' id='word_1_616' title='bbox 2977 3804 3042 3844; x_wconf 89' lang='lat' dir='ltr'><strong><em>ac</em></strong></span> <span class='ocrx_word' id='word_1_617' title='bbox 3070 3789 3341 3861; x_wconf 88' lang='lat' dir='ltr'><strong><em>propitius</em></strong></span> <span class='ocrx_word' id='word_1_618' title='bbox 3363 3804 3460 3843; x_wconf 90' lang='lat' dir='ltr'><strong><em>ero</em></strong></span> <span class='ocrx_word' id='word_1_619' title='bbox 3490 3787 3592 3851; x_wconf 90' lang='lat' dir='ltr'><strong><em>illi,</em></strong></span> 
     </span>
    </p>
   </div>
   <div class='ocr_carea' id='block_1_82' title="bbox 1988 3882 3595 3950">
    <p class='ocr_par' dir='ltr' id='par_1_82' title="bbox 1988 3882 3595 3950">
     <span class='ocr_line' id='line_1_82' title="bbox 1988 3882 3595 3950; baseline -0.004 -7"><span class='ocrx_word' id='word_1_620' title='bbox 1988 3885 2126 3943; x_wconf 75' lang='lat' dir='ltr'><strong><em>dicit</em></strong></span> <span class='ocrx_word' id='word_1_621' title='bbox 2158 3885 2420 3943; x_wconf 84' lang='lat' dir='ltr'><strong><em>Dominus</em></strong></span> <span class='ocrx_word' id='word_1_622' title='bbox 2445 3885 2515 3940; x_wconf 83' lang='grc'><strong><em>⁸⁵.</em></strong></span> <span class='ocrx_word' id='word_1_623' title='bbox 2546 3903 2567 3938; x_wconf 80' lang='grc'><strong>›</strong></span> <span class='ocrx_word' id='word_1_624' title='bbox 2594 3882 2860 3941; x_wconf 87' lang='lat' dir='ltr'><strong><em>Promisit</em></strong></span> <span class='ocrx_word' id='word_1_625' title='bbox 2909 3883 3039 3940; x_wconf 84' lang='lat' dir='ltr'><strong><em>item</em></strong></span> <span class='ocrx_word' id='word_1_626' title='bbox 3067 3883 3320 3939; x_wconf 88' lang='lat' dir='ltr'><strong><em>Sodomis</em></strong></span> <span class='ocrx_word' id='word_1_627' title='bbox 3369 3897 3430 3938; x_wconf 89' lang='lat' dir='ltr'><strong><em>se</em></strong></span> <span class='ocrx_word' id='word_1_628' title='bbox 3454 3882 3595 3950; x_wconf 79' lang='lat' dir='ltr'><strong><em>ignis</em></strong></span> 
     </span>
    </p>
   </div>
   <div class='ocr_carea' id='block_1_83' title="bbox 1989 3972 3595 4049">
    <p class='ocr_par' dir='ltr' id='par_1_83' title="bbox 1989 3972 3595 4049">
     <span class='ocr_line' id='line_1_83' title="bbox 1989 3972 3595 4049; baseline -0.003 -15"><span class='ocrx_word' id='word_1_629' title='bbox 1989 3977 2315 4049; x_wconf 83' lang='lat' dir='ltr'><strong><em>supplicium</em></strong></span> <span class='ocrx_word' id='word_1_630' title='bbox 2378 3976 2487 4033; x_wconf 91' lang='lat' dir='ltr'><strong><em>illis</em></strong></span> <span class='ocrx_word' id='word_1_631' title='bbox 2548 3976 2952 4039; x_wconf 87' lang='lat' dir='ltr'><strong><em>remissurum,</em></strong></span> <span class='ocrx_word' id='word_1_632' title='bbox 3004 3973 3048 4028; x_wconf 85' lang='lat' dir='ltr'><strong><em>si</em></strong></span> <span class='ocrx_word' id='word_1_633' title='bbox 3123 3975 3363 4042; x_wconf 91' lang='lat' dir='ltr'><strong><em>quinque</em></strong></span> <span class='ocrx_word' id='word_1_634' title='bbox 3416 3972 3595 4042; x_wconf 83' lang='lat' dir='ltr'><strong><em>justos</em></strong></span> 
     </span>
    </p>
   </div>
   <div class='ocr_carea' id='block_1_84' title="bbox 1989 4065 3593 4140">
    <p class='ocr_par' dir='ltr' id='par_1_84' title="bbox 1989 4065 3593 4140">
     <span class='ocr_line' id='line_1_84' title="bbox 1989 4065 3593 4140; baseline -0.002 -17"><span class='ocrx_word' id='word_1_635' title='bbox 1989 4070 2132 4140; x_wconf 88' lang='lat' dir='ltr'><strong><em>apud</em></strong></span> <span class='ocrx_word' id='word_1_636' title='bbox 2170 4082 2233 4126; x_wconf 83' lang='lat' dir='ltr'><strong><em>se</em></strong></span> <span class='ocrx_word' id='word_1_637' title='bbox 2266 4067 2610 4134; x_wconf 84' lang='lat' dir='ltr'><strong><em>habuissent,</em></strong></span> <span class='ocrx_word' id='word_1_638' title='bbox 2642 4066 2697 4122; x_wconf 89' lang='lat' dir='ltr'><strong><em>id</em></strong></span> <span class='ocrx_word' id='word_1_639' title='bbox 2725 4076 2829 4134; x_wconf 88' lang='lat' dir='ltr'><strong><em>est,</em></strong></span> <span class='ocrx_word' id='word_1_640' title='bbox 2855 4065 3244 4136; x_wconf 90' lang='lat' dir='ltr'><strong><em>unumjustum</em></strong></span> <span class='ocrx_word' id='word_1_641' title='bbox 3277 4066 3329 4119; x_wconf 91' lang='lat' dir='ltr'><strong><em>in</em></strong></span> <span class='ocrx_word' id='word_1_642' title='bbox 3350 4081 3593 4137; x_wconf 60' lang='lat' dir='ltr'><strong><em>unaquav</em></strong></span> 
     </span>
    </p>
   </div>
   <div class='ocr_carea' id='block_1_85' title="bbox 1987 4157 3595 4233">
    <p class='ocr_par' dir='ltr' id='par_1_85' title="bbox 1987 4157 3595 4233">
     <span class='ocr_line' id='line_1_85' title="bbox 1987 4157 3595 4233; baseline -0.001 -16"><span class='ocrx_word' id='word_1_643' title='bbox 1987 4178 2094 4233; x_wconf 91' lang='lat' dir='ltr'><strong><em>que</em></strong></span> <span class='ocrx_word' id='word_1_644' title='bbox 2119 4162 2363 4218; x_wconf 83' lang='lat' dir='ltr'><strong><em>civitate.</em></strong></span> <span class='ocrx_word' id='word_1_645' title='bbox 2394 4158 2780 4218; x_wconf 87' lang='lat' dir='ltr'><strong><em>Consideravit</em></strong></span> <span class='ocrx_word' id='word_1_646' title='bbox 2803 4157 2990 4230; x_wconf 77' lang='lat' dir='ltr'><strong><em>igitur,</em></strong></span> <span class='ocrx_word' id='word_1_647' title='bbox 3028 4158 3225 4229; x_wconf 88' lang='lat' dir='ltr'><strong><em>inquit,</em></strong></span> <span class='ocrx_word' id='word_1_648' title='bbox 3257 4165 3443 4214; x_wconf 90' lang='lat' dir='ltr'><strong><em>etnon</em></strong></span> <span class='ocrx_word' id='word_1_649' title='bbox 3472 4167 3595 4215; x_wconf 87' lang='lat' dir='ltr'><strong><em>erat</em></strong></span> 
     </span>
    </p>
   </div>
   <div class='ocr_carea' id='block_1_86' title="bbox 1987 4249 3589 4329">
    <p class='ocr_par' dir='ltr' id='par_1_86' title="bbox 1987 4249 3589 4329">
     <span class='ocr_line' id='line_1_86' title="bbox 1987 4249 3589 4329; baseline -0.002 -21"><span class='ocrx_word' id='word_1_650' title='bbox 1987 4255 2092 4320; x_wconf 91' lang='lat' dir='ltr'><strong><em>vir,</em></strong></span> <span class='ocrx_word' id='word_1_651' title='bbox 2122 4269 2229 4310; x_wconf 94' lang='lat' dir='ltr'><strong><em>non</em></strong></span> <span class='ocrx_word' id='word_1_652' title='bbox 2255 4263 2380 4310; x_wconf 88' lang='lat' dir='ltr'><strong><em>erat</em></strong></span> <span class='ocrx_word' id='word_1_653' title='bbox 2425 4253 2518 4325; x_wconf 85' lang='lat' dir='ltr'><strong><em>qui</em></strong></span> <span class='ocrx_word' id='word_1_654' title='bbox 2555 4251 2895 4308; x_wconf 83' lang='lat' dir='ltr'><strong><em>defenderet.</em></strong></span> <span class='ocrx_word' id='word_1_655' title='bbox 2940 4250 3128 4308; x_wconf 86' lang='lat' dir='ltr'><strong><em>Justus</em></strong></span> <span class='ocrx_word' id='word_1_656' title='bbox 3154 4251 3301 4307; x_wconf 89' lang='lat' dir='ltr'><strong><em>enim</em></strong></span> <span class='ocrx_word' id='word_1_657' title='bbox 3351 4249 3589 4329; x_wconf 72' lang='lat' dir='ltr'><strong><em>cumiu-</em></strong></span> 
     </span>
    </p>
   </div>
   <div class='ocr_carea' id='block_1_87' title="bbox 1987 4331 3594 4415">
    <p class='ocr_par' dir='ltr' id='par_1_87' title="bbox 1987 4331 3594 4415">
     <span class='ocr_line' id='line_1_87' title="bbox 1987 4331 3594 4415; baseline -0.003 -11"><span class='ocrx_word' id='word_1_658' title='bbox 1987 4363 2165 4404; x_wconf 88' lang='lat' dir='ltr'><strong><em>rorem</em></strong></span> <span class='ocrx_word' id='word_1_659' title='bbox 2212 4349 2402 4414; x_wconf 83' lang='lat' dir='ltr'><strong><em>sedet,</em></strong></span> <span class='ocrx_word' id='word_1_660' title='bbox 2441 4355 2497 4404; x_wconf 90' lang='lat' dir='ltr'><strong><em>et</em></strong></span> <span class='ocrx_word' id='word_1_661' title='bbox 2547 4347 2696 4401; x_wconf 91' lang='lat' dir='ltr'><strong><em>solus</em></strong></span> <span class='ocrx_word' id='word_1_662' title='bbox 2746 4345 2929 4401; x_wconf 85' lang='lat' dir='ltr'><strong><em>valeat</em></strong></span> <span class='ocrx_word' id='word_1_663' title='bbox 2981 4345 3154 4401; x_wconf 88' lang='lat' dir='ltr'><strong><em>Deum</em></strong></span> <span class='ocrx_word' id='word_1_664' title='bbox 3186 4344 3429 4415; x_wconf 89' lang='lat' dir='ltr'><strong><em>placare,</em></strong></span> <span class='ocrx_word' id='word_1_665' title='bbox 3470 4331 3594 4399; x_wconf 77' lang='lat' dir='ltr'><strong><em>illos</em></strong></span> 
     </span>
    </p>
   </div>
   <div class='ocr_carea' id='block_1_88' title="bbox 1988 4435 3594 4512">
    <p class='ocr_par' dir='ltr' id='par_1_88' title="bbox 1988 4435 3594 4512">
     <span class='ocr_line' id='line_1_88' title="bbox 1988 4435 3594 4512; baseline -0.002 -16"><span class='ocrx_word' id='word_1_666' title='bbox 1988 4455 2204 4512; x_wconf 89' lang='lat' dir='ltr'><strong><em>semper</em></strong></span> <span class='ocrx_word' id='word_1_667' title='bbox 2229 4440 2494 4507; x_wconf 76' lang='lat' dir='ltr'><strong><em>defendit,</em></strong></span> <span class='ocrx_word' id='word_1_668' title='bbox 2528 4453 2629 4511; x_wconf 87' lang='lat' dir='ltr'><strong><em>pro</em></strong></span> <span class='ocrx_word' id='word_1_669' title='bbox 2652 4438 2854 4510; x_wconf 89' lang='lat' dir='ltr'><strong><em>quibus</em></strong></span> <span class='ocrx_word' id='word_1_670' title='bbox 2887 4453 3085 4509; x_wconf 87' lang='lat' dir='ltr'><strong><em>preces</em></strong></span> <span class='ocrx_word' id='word_1_671' title='bbox 3125 4436 3410 4493; x_wconf 90' lang='lat' dir='ltr'><strong><em>obtulerit.</em></strong></span> <span class='ocrx_word' id='word_1_672' title='bbox 3442 4435 3594 4504; x_wconf 86' lang='lat' dir='ltr'><strong><em>Quo-</em></strong></span> 
     </span>
    </p>
   </div>
   <div class='ocr_carea' id='block_1_89' title="bbox 269 4527 1882 4617">
    <p class='ocr_par' dir='ltr' id='par_1_89' title="bbox 269 4527 1880 4610">
     <span class='ocr_line' id='line_1_89' title="bbox 269 4527 1880 4610; baseline -0.009 -13"><span class='ocrx_word' id='word_1_673' title='bbox 269 4558 395 4607; x_wconf 80' lang='grc' dir='ltr'><em>νυν,</em></span> <span class='ocrx_word' id='word_1_674' title='bbox 426 4538 586 4610; x_wconf 76' lang='grc' dir='ltr'><em>φησὶ,</em></span> <span class='ocrx_word' id='word_1_675' title='bbox 617 4538 716 4590; x_wconf 74' lang='grc' dir='ltr'><em>καὶ</em></span> <span class='ocrx_word' id='word_1_676' title='bbox 744 4535 846 4590; x_wconf 84' lang='grc' dir='ltr'><em>οὐκ</em></span> <span class='ocrx_word' id='word_1_677' title='bbox 884 4530 955 4606; x_wconf 79' lang='grc' dir='ltr'><em>ἦν</em></span> <span class='ocrx_word' id='word_1_678' title='bbox 993 4534 1156 4606; x_wconf 83' lang='grc' dir='ltr'><em>ἀνὴρ,</em></span> <span class='ocrx_word' id='word_1_679' title='bbox 1184 4533 1286 4586; x_wconf 85' lang='grc' dir='ltr'><em>οὐκ</em></span> <span class='ocrx_word' id='word_1_680' title='bbox 1317 4527 1386 4604; x_wconf 76' lang='grc' dir='ltr'><em>ἦν</em></span> <span class='ocrx_word' id='word_1_681' title='bbox 1431 4530 1461 4583; x_wconf 86' lang='grc' dir='ltr'><strong>ὁ</strong></span> <span class='ocrx_word' id='word_1_682' title='bbox 1507 4529 1880 4601; x_wconf 83' lang='grc' dir='ltr'><em>ἀντιληψόμε-</em></span> 
     </span>
    </p>
   </div>
   <div class='ocr_carea' id='block_1_90' title="bbox 1989 4527 3582 4617">
    <p class='ocr_par' dir='ltr' id='par_1_90' title="bbox 1989 4530 3582 4606">
     <span class='ocr_line' id='line_1_90' title="bbox 1989 4530 3582 4606; baseline -0.001 -18"><span class='ocrx_word' id='word_1_683' title='bbox 1989 4535 2137 4588; x_wconf 87' lang='lat' dir='ltr'><strong><em>niam</em></strong></span> <span class='ocrx_word' id='word_1_684' title='bbox 2174 4548 2302 4590; x_wconf 88' lang='lat' dir='ltr'><strong><em>vero</em></strong></span> <span class='ocrx_word' id='word_1_685' title='bbox 2356 4533 2536 4591; x_wconf 90' lang='lat' dir='ltr'><strong><em>nullus</em></strong></span> <span class='ocrx_word' id='word_1_686' title='bbox 2585 4532 2853 4606; x_wconf 88' lang='lat' dir='ltr'><strong><em>ejusmodi</em></strong></span> <span class='ocrx_word' id='word_1_687' title='bbox 2919 4542 3059 4598; x_wconf 87' lang='lat' dir='ltr'><strong><em>erat,</em></strong></span> <span class='ocrx_word' id='word_1_688' title='bbox 3110 4530 3410 4588; x_wconf 87' lang='lat' dir='ltr'><strong><em>vindicavit</em></strong></span> <span class='ocrx_word' id='word_1_689' title='bbox 3466 4545 3582 4594; x_wconf 86' lang='lat' dir='ltr'><strong><em>eos,</em></strong></span> 
     </span>
    </p>
   </div>
   <div class='ocr_carea' id='block_1_91' title="bbox 268 4624 1877 4703">
    <p class='ocr_par' dir='ltr' id='par_1_91' title="bbox 268 4624 1877 4703">
     <span class='ocr_line' id='line_1_91' title="bbox 268 4624 1877 4703; baseline -0.006 -16"><span class='ocrx_word' id='word_1_690' title='bbox 268 4650 388 4697; x_wconf 83' lang='grc' dir='ltr'><em>νος.</em></span> <span class='ocrx_word' id='word_1_691' title='bbox 434 4632 496 4685; x_wconf 85' lang='grc'><strong><em>’0</em></strong></span> <span class='ocrx_word' id='word_1_692' title='bbox 543 4630 654 4703; x_wconf 80' lang='grc' dir='ltr'><em>γὰρ</em></span> <span class='ocrx_word' id='word_1_693' title='bbox 707 4627 920 4692; x_wconf 85' lang='grc' dir='ltr'><em>δίκαιος</em></span> <span class='ocrx_word' id='word_1_694' title='bbox 964 4627 1057 4681; x_wconf 74' lang='grc' dir='ltr'><em>τὸν</em></span> <span class='ocrx_word' id='word_1_695' title='bbox 1100 4625 1246 4680; x_wconf 85' lang='grc' dir='ltr'><em>θεῖον</em></span> <span class='ocrx_word' id='word_1_696' title='bbox 1291 4625 1637 4689; x_wconf 88' lang='grc' dir='ltr'><em>κατευνάσας</em></span> <span class='ocrx_word' id='word_1_697' title='bbox 1684 4624 1877 4696; x_wconf 82' lang='grc' dir='ltr'><em>θυμὸν,</em></span> 
     </span>
    </p>
   </div>
   <div class='ocr_carea' id='block_1_92' title="bbox 270 4717 1881 4797">
    <p class='ocr_par' dir='ltr' id='par_1_92' title="bbox 270 4717 1881 4797">
     <span class='ocr_line' id='line_1_92' title="bbox 270 4717 1881 4797; baseline -0.006 -17"><span class='ocrx_word' id='word_1_698' title='bbox 270 4727 372 4780; x_wconf 74' lang='grc' dir='ltr'><em>καὶ</em></span> <span class='ocrx_word' id='word_1_699' title='bbox 401 4724 651 4797; x_wconf 82' lang='grc' dir='ltr'><em>ἀρκέσας</em></span> <span class='ocrx_word' id='word_1_700' title='bbox 680 4722 842 4795; x_wconf 84' lang='grc' dir='ltr'><em>μόνος</em></span> <span class='ocrx_word' id='word_1_701' title='bbox 865 4720 946 4784; x_wconf 82' lang='grc' dir='ltr'><strong><em>είς</em></strong></span> <span class='ocrx_word' id='word_1_702' title='bbox 985 4735 1050 4789; x_wconf 89' lang='grc' dir='ltr'><strong><em>γε</em></strong></span> <span class='ocrx_word' id='word_1_703' title='bbox 1079 4719 1142 4772; x_wconf 82' lang='grc' dir='ltr'><em>τὸ</em></span> <span class='ocrx_word' id='word_1_704' title='bbox 1173 4717 1440 4774; x_wconf 85' lang='grc' dir='ltr'><em>δύνασθαι</em></span> <span class='ocrx_word' id='word_1_705' title='bbox 1490 4717 1881 4790; x_wconf 75' lang='grc' dir='ltr'><em>καταπραῧναι</em></span> 
     </span>
    </p>
   </div>
   <div class='ocr_carea' id='block_1_93' title="bbox 269 4805 1884 4886">
    <p class='ocr_par' dir='ltr' id='par_1_93' title="bbox 269 4805 1884 4886">
     <span class='ocr_line' id='line_1_93' title="bbox 269 4805 1884 4886; baseline -0.004 -16"><span class='ocrx_word' id='word_1_706' title='bbox 269 4817 438 4880; x_wconf 79' lang='grc' dir='ltr'><em>Θεὸν,</em></span> <span class='ocrx_word' id='word_1_707' title='bbox 483 4813 956 4886; x_wconf 80' lang='grc' dir='ltr'><em>ἀντιλαμϐάνεται</em></span> <span class='ocrx_word' id='word_1_708' title='bbox 988 4811 1211 4876; x_wconf 85' lang='grc' dir='ltr'><em>πάντως</em></span> <span class='ocrx_word' id='word_1_709' title='bbox 1238 4810 1488 4878; x_wconf 87' lang='grc' dir='ltr'><em>ἐκείνων,</em></span> <span class='ocrx_word' id='word_1_710' title='bbox 1538 4810 1682 4882; x_wconf 83' lang='grc' dir='ltr'><em>ὑπὲρ</em></span> <span class='ocrx_word' id='word_1_711' title='bbox 1710 4805 1786 4867; x_wconf 87' lang='grc' dir='ltr'><em>ὧν</em></span> <span class='ocrx_word' id='word_1_712' title='bbox 1816 4811 1884 4864; x_wconf 83' lang='grc' dir='ltr'><em>ἂν</em></span> 
     </span>
    </p>
   </div>
   <div class='ocr_carea' id='block_1_94' title="bbox 269 4900 1887 4982">
    <p class='ocr_par' dir='ltr' id='par_1_94' title="bbox 269 4900 1887 4982">
     <span class='ocr_line' id='line_1_94' title="bbox 269 4900 1887 4982; baseline -0.006 -16"><span class='ocrx_word' id='word_1_713' title='bbox 269 4911 534 4982; x_wconf 75' lang='grc' dir='ltr'><em>προσάγῃ</em></span> <span class='ocrx_word' id='word_1_714' title='bbox 560 4907 660 4972; x_wconf 81' lang='grc' dir='ltr'><em>τὰς</em></span> <span class='ocrx_word' id='word_1_715' title='bbox 673 4907 848 4972; x_wconf 83' lang='grc' dir='ltr'><em>λιτάς.</em></span> <span class='ocrx_word' id='word_1_716' title='bbox 869 4905 1024 4962; x_wconf 79' lang='grc' dir='ltr'><em>Ἐπεὶ</em></span> <span class='ocrx_word' id='word_1_717' title='bbox 1053 4905 1113 4959; x_wconf 84' lang='grc' dir='ltr'><em>δὲ</em></span> <span class='ocrx_word' id='word_1_718' title='bbox 1139 4900 1209 4976; x_wconf 79' lang='grc' dir='ltr'><em>ἦν</em></span> <span class='ocrx_word' id='word_1_719' title='bbox 1237 4903 1481 4969; x_wconf 88' lang='grc' dir='ltr'><em>τοιοῦτος</em></span> <span class='ocrx_word' id='word_1_720' title='bbox 1519 4904 1716 4969; x_wconf 73' lang='grc' dir='ltr'><em>οὐδεὶς,</em></span> <span class='ocrx_word' id='word_1_721' title='bbox 1743 4904 1887 4976; x_wconf 78' lang='grc' dir='ltr'><em>ἠμύ-</em></span> 
     </span>
    </p>
   </div>
   <div class='ocr_carea' id='block_1_95' title="bbox 269 4997 1883 5072">
    <p class='ocr_par' dir='ltr' id='par_1_95' title="bbox 269 4997 1883 5072">
     <span class='ocr_line' id='line_1_95' title="bbox 269 4997 1883 5072; baseline -0.005 -13"><span class='ocrx_word' id='word_1_722' title='bbox 269 5021 407 5059; x_wconf 88' lang='grc' dir='ltr'><em>νατο</em></span> <span class='ocrx_word' id='word_1_723' title='bbox 450 5003 676 5068; x_wconf 84' lang='grc' dir='ltr'><em>αὐτοὺς,</em></span> <span class='ocrx_word' id='word_1_724' title='bbox 732 5000 892 5072; x_wconf 71' lang='grc' dir='ltr'><em>φησὶ,</em></span> <span class='ocrx_word' id='word_1_725' title='bbox 937 4999 1017 5071; x_wconf 82' lang='grc' dir='ltr'><em>τῷ</em></span> <span class='ocrx_word' id='word_1_726' title='bbox 1057 4998 1305 5071; x_wconf 84' lang='grc' dir='ltr'><em>βραχίονι</em></span> <span class='ocrx_word' id='word_1_727' title='bbox 1347 4997 1553 5063; x_wconf 79' lang='grc' dir='ltr'><em>αὐτοῦ,</em></span> <span class='ocrx_word' id='word_1_728' title='bbox 1611 4997 1883 5064; x_wconf 82' lang='grc' dir='ltr'><em>τουτέστι,</em></span> 
     </span>
    </p>
   </div>
   <div class='ocr_carea' id='block_1_96' title="bbox 270 5091 1890 5170">
    <p class='ocr_par' dir='ltr' id='par_1_96' title="bbox 270 5091 1890 5170">
     <span class='ocr_line' id='line_1_96' title="bbox 270 5091 1890 5170; baseline -0.004 -19"><span class='ocrx_word' id='word_1_729' title='bbox 270 5100 341 5170; x_wconf 82' lang='grc' dir='ltr'><em>τῇ</em></span> <span class='ocrx_word' id='word_1_730' title='bbox 377 5095 632 5166; x_wconf 85' lang='grc' dir='ltr'><em>δυνάμει,</em></span> <span class='ocrx_word' id='word_1_731' title='bbox 691 5095 1024 5168; x_wconf 87' lang='grc' dir='ltr'><em>ἐστηρίσατο</em></span> <span class='ocrx_word' id='word_1_732' title='bbox 1079 5092 1136 5146; x_wconf 86' lang='grc' dir='ltr'><em>δὲ</em></span> <span class='ocrx_word' id='word_1_733' title='bbox 1170 5091 1265 5146; x_wconf 75' lang='grc' dir='ltr'><em>καὶ</em></span> <span class='ocrx_word' id='word_1_734' title='bbox 1299 5093 1367 5164; x_wconf 82' lang='grc' dir='ltr'><em>τῇ</em></span> <span class='ocrx_word' id='word_1_735' title='bbox 1410 5091 1772 5164; x_wconf 71' lang='grc' dir='ltr'><em>ἐλεημοσύνη·</em></span> <span class='ocrx_word' id='word_1_736' title='bbox 1828 5091 1890 5144; x_wconf 81' lang='grc' dir='ltr'><em>οὐ</em></span> 
     </span>
    </p>
   </div>
   <div class='ocr_carea' id='block_1_97' title="bbox 271 5185 1882 5264">
    <p class='ocr_par' dir='ltr' id='par_1_97' title="bbox 271 5185 1882 5264">
     <span class='ocr_line' id='line_1_97' title="bbox 271 5185 1882 5264; baseline -0.002 -20"><span class='ocrx_word' id='word_1_737' title='bbox 271 5191 388 5264; x_wconf 84' lang='grc' dir='ltr'><em>γὰρ</em></span> <span class='ocrx_word' id='word_1_738' title='bbox 435 5187 720 5262; x_wconf 77' lang='grc' dir='ltr'><em>ὁλόρῤιζον</em></span> <span class='ocrx_word' id='word_1_739' title='bbox 756 5186 938 5242; x_wconf 80' lang='grc' dir='ltr'><em>ἀνεῖλε</em></span> <span class='ocrx_word' id='word_1_740' title='bbox 963 5186 1056 5242; x_wconf 77' lang='grc' dir='ltr'><em>τὸν</em></span> <span class='ocrx_word' id='word_1_741' title='bbox 1097 5185 1342 5259; x_wconf 81' lang='grc' dir='ltr'><em>Ἰσραὴλ,</em></span> <span class='ocrx_word' id='word_1_742' title='bbox 1379 5186 1592 5240; x_wconf 91' lang='grc' dir='ltr'><em>σέσωκε</em></span> <span class='ocrx_word' id='word_1_743' title='bbox 1626 5186 1680 5240; x_wconf 81' lang='grc' dir='ltr'><em>δὲ</em></span> <span class='ocrx_word' id='word_1_744' title='bbox 1711 5186 1882 5241; x_wconf 85' lang='grc' dir='ltr'><em>κατά-</em></span> 
     </span>
    </p>
   </div>
   <div class='ocr_carea' id='block_1_98' title="bbox 272 5275 1886 5353">
    <p class='ocr_par' dir='ltr' id='par_1_98' title="bbox 272 5275 1886 5353">
     <span class='ocr_line' id='line_1_98' title="bbox 272 5275 1886 5353; baseline -0.004 -17"><span class='ocrx_word' id='word_1_745' title='bbox 272 5285 492 5353; x_wconf 84' lang='grc' dir='ltr'><em>λειμμα</em></span> <span class='ocrx_word' id='word_1_746' title='bbox 523 5279 914 5352; x_wconf 83' lang='grc' dir='ltr'><em>φιλάνθρωπος</em></span> <span class='ocrx_word' id='word_1_747' title='bbox 960 5275 1060 5342; x_wconf 79' lang='grc' dir='ltr'><em>ὢν,</em></span> <span class='ocrx_word' id='word_1_748' title='bbox 1091 5277 1190 5331; x_wconf 80' lang='grc' dir='ltr'><em>καὶ</em></span> <span class='ocrx_word' id='word_1_749' title='bbox 1221 5279 1339 5342; x_wconf 79' lang='grc' dir='ltr'><em>τοῖς</em></span> <span class='ocrx_word' id='word_1_750' title='bbox 1365 5276 1544 5348; x_wconf 84' lang='grc' dir='ltr'><em>ἁγίοις</em></span> <span class='ocrx_word' id='word_1_751' title='bbox 1571 5276 1752 5331; x_wconf 81' lang='grc' dir='ltr'><em>αὐτῶν</em></span> <span class='ocrx_word' id='word_1_752' title='bbox 1779 5294 1886 5330; x_wconf 85' lang='grc' dir='ltr'><em>πα·-</em></span> 
     </span>
    </p>
   </div>
   <div class='ocr_carea' id='block_1_99' title="bbox 273 5367 1889 5444">
    <p class='ocr_par' dir='ltr' id='par_1_99' title="bbox 273 5367 1889 5444">
     <span class='ocr_line' id='line_1_99' title="bbox 273 5367 1889 5444; baseline -0.002 -16"><span class='ocrx_word' id='word_1_753' title='bbox 273 5375 479 5444; x_wconf 83' lang='grc' dir='ltr'><em>τρὰσιν</em></span> <span class='ocrx_word' id='word_1_754' title='bbox 530 5372 740 5444; x_wconf 83' lang='grc' dir='ltr'><em>ἀψευδῆ</em></span> <span class='ocrx_word' id='word_1_755' title='bbox 765 5373 1043 5443; x_wconf 86' lang='grc' dir='ltr'><em>τετήρηκε</em></span> <span class='ocrx_word' id='word_1_756' title='bbox 1070 5370 1171 5443; x_wconf 79' lang='grc' dir='ltr'><em>τὴν</em></span> <span class='ocrx_word' id='word_1_757' title='bbox 1207 5371 1525 5443; x_wconf 82' lang='grc' dir='ltr'><em>ὑπόσχεσιν.</em></span> <span class='ocrx_word' id='word_1_758' title='bbox 1559 5367 1690 5425; x_wconf 81' lang='grc' dir='ltr'><strong><em>Εἶτά</em></strong></span> <span class='ocrx_word' id='word_1_759' title='bbox 1720 5386 1889 5442; x_wconf 84' lang='grc' dir='ltr'><em>φησιν</em></span> 
     </span>
    </p>
   </div>
   <div class='ocr_carea' id='block_1_100' title="bbox 273 5462 1889 5540">
    <p class='ocr_par' dir='ltr' id='par_1_100' title="bbox 273 5462 1889 5540">
     <span class='ocr_line' id='line_1_100' title="bbox 273 5462 1889 5540; baseline -0.004 -18"><span class='ocrx_word' id='word_1_760' title='bbox 273 5471 304 5523; x_wconf 76' lang='grc'>6</span> <span class='ocrx_word' id='word_1_761' title='bbox 326 5466 638 5540; x_wconf 82' lang='grc' dir='ltr'><em>προφήτης,</em></span> <span class='ocrx_word' id='word_1_762' title='bbox 655 5464 980 5538; x_wconf 84' lang='grc' dir='ltr'><em>ὅτιΘώρακα</em></span> <span class='ocrx_word' id='word_1_763' title='bbox 1021 5463 1120 5536; x_wconf 83' lang='grc' dir='ltr'><em>μὲν</em></span> <span class='ocrx_word' id='word_1_764' title='bbox 1143 5463 1454 5529; x_wconf 84' lang='grc' dir='ltr'><em>ἐνεδύσατο,</em></span> <span class='ocrx_word' id='word_1_765' title='bbox 1520 5464 1805 5533; x_wconf 82' lang='grc' dir='ltr'><em>περιέθετο</em></span> <span class='ocrx_word' id='word_1_766' title='bbox 1833 5462 1889 5516; x_wconf 85' lang='grc' dir='ltr'><em>δὲ</em></span> 
     </span>
    </p>
   </div>
   <div class='ocr_carea' id='block_1_101' title="bbox 278 5557 1886 5635">
    <p class='ocr_par' dir='ltr' id='par_1_101' title="bbox 278 5557 1886 5635">
     <span class='ocr_line' id='line_1_101' title="bbox 278 5557 1886 5635; baseline -0.003 -20"><span class='ocrx_word' id='word_1_767' title='bbox 278 5560 725 5635; x_wconf 84' lang='grc' dir='ltr'><em>περικεφαλαίαν</em></span> <span class='ocrx_word' id='word_1_768' title='bbox 782 5560 880 5614; x_wconf 73' lang='grc' dir='ltr'><em>καὶ</em></span> <span class='ocrx_word' id='word_1_769' title='bbox 906 5557 1124 5630; x_wconf 78' lang='grc' dir='ltr'><em>ἱμάτιον</em></span> <span class='ocrx_word' id='word_1_770' title='bbox 1151 5557 1512 5630; x_wconf 83' lang='grc' dir='ltr'><em>ἐκδικήσεως,</em></span> <span class='ocrx_word' id='word_1_771' title='bbox 1543 5558 1621 5621; x_wconf 83' lang='grc' dir='ltr'><em>ὡς</em></span> <span class='ocrx_word' id='word_1_772' title='bbox 1646 5557 1886 5611; x_wconf 83' lang='grc' dir='ltr'><em>ἀνταπο-</em></span> 
     </span>
    </p>
   </div>
   <div class='ocr_carea' id='block_1_102' title="bbox 351 5761 814 5829">
    <p class='ocr_par' dir='ltr' id='par_1_102' title="bbox 351 5761 814 5829">
     <span class='ocr_line' id='line_1_102' title="bbox 351 5761 814 5829; baseline 0 -10"><span class='ocrx_word' id='word_1_773' title='bbox 351 5765 399 5798; x_wconf 81' lang='grc'><strong><em>³⁸</em></strong></span> <span class='ocrx_word' id='word_1_774' title='bbox 435 5761 641 5822; x_wconf 82' lang='lat' dir='ltr'><strong><em>Jercm.</em></strong></span> <span class='ocrx_word' id='word_1_775' title='bbox 676 5779 728 5829; x_wconf 90' lang='lat' dir='ltr'><strong><em>v,</em></strong></span> <span class='ocrx_word' id='word_1_776' title='bbox 765 5764 814 5820; x_wconf 84' lang='lat' dir='ltr'><strong><em>i.</em></strong></span> 
     </span>
    </p>
   </div>
   <div class='ocr_carea' id='block_1_103' title="bbox 362 5936 1526 6023">
    <p class='ocr_par' dir='ltr' id='par_1_103' title="bbox 362 5936 1526 6023">
     <span class='ocr_line' id='line_1_103' title="bbox 362 5936 1526 6023; baseline -0.009 -11"><span class='ocrx_word' id='word_1_777' title='bbox 362 5950 441 6023; x_wconf 72' lang='lat' dir='ltr'><strong><em>ll)</em></strong></span> <span class='ocrx_word' id='word_1_778' title='bbox 471 5948 678 6008; x_wconf 72' lang='lat' dir='ltr'><strong><em>Vocula</em></strong></span> <span class='ocrx_word' id='word_1_779' title='bbox 727 5936 1122 6017; x_wconf 56' lang='lat' dir='ltr'><strong><em>ﬁdcsideratur</em></strong></span> <span class='ocrx_word' id='word_1_780' title='bbox 1155 5948 1208 6004; x_wconf 92' lang='lat' dir='ltr'><strong><em>in</em></strong></span> <span class='ocrx_word' id='word_1_781' title='bbox 1241 5948 1328 6005; x_wconf 89' lang='lat' dir='ltr'><strong><em>ed.</em></strong></span> <span class='ocrx_word' id='word_1_782' title='bbox 1357 5945 1526 6002; x_wconf 78' lang='lat' dir='ltr'><strong><em>LXX.</em></strong></span> 
     </span>
    </p>
   </div>
   <div class='ocr_carea' id='block_1_104' title="bbox 1987 4625 3596 4699">
    <p class='ocr_par' dir='ltr' id='par_1_104' title="bbox 1987 4625 3596 4699">
     <span class='ocr_line' id='line_1_104' title="bbox 1987 4625 3596 4699; baseline -0.002 -16"><span class='ocrx_word' id='word_1_783' title='bbox 1987 4627 2188 4699; x_wconf 85' lang='lat' dir='ltr'><strong><em>inquit,</em></strong></span> <span class='ocrx_word' id='word_1_784' title='bbox 2219 4627 2442 4682; x_wconf 87' lang='lat' dir='ltr'><strong><em>brachio</em></strong></span> <span class='ocrx_word' id='word_1_785' title='bbox 2498 4642 2621 4693; x_wconf 87' lang='lat' dir='ltr'><strong><em>suo,</em></strong></span> <span class='ocrx_word' id='word_1_786' title='bbox 2670 4625 2723 4682; x_wconf 93' lang='lat' dir='ltr'><strong><em>id</em></strong></span> <span class='ocrx_word' id='word_1_787' title='bbox 2763 4635 2870 4688; x_wconf 86' lang='lat' dir='ltr'><strong><em>est.</em></strong></span> <span class='ocrx_word' id='word_1_788' title='bbox 2893 4625 3156 4696; x_wconf 85' lang='lat' dir='ltr'><strong><em>potentia,</em></strong></span> <span class='ocrx_word' id='word_1_789' title='bbox 3188 4633 3241 4681; x_wconf 89' lang='lat' dir='ltr'><strong><em>et</em></strong></span> <span class='ocrx_word' id='word_1_790' title='bbox 3267 4626 3596 4680; x_wconf 88' lang='lat' dir='ltr'><strong><em>sustentavit</em></strong></span> 
     </span>
    </p>
   </div>
   <div class='ocr_carea' id='block_1_105' title="bbox 1990 4714 3592 4782">
    <p class='ocr_par' dir='ltr' id='par_1_105' title="bbox 1990 4714 3592 4782">
     <span class='ocr_line' id='line_1_105' title="bbox 1990 4714 3592 4782; baseline -0.002 -9"><span class='ocrx_word' id='word_1_791' title='bbox 1990 4717 2389 4773; x_wconf 86' lang='lat' dir='ltr'><strong><em>misericordia.</em></strong></span> <span class='ocrx_word' id='word_1_792' title='bbox 2417 4714 2536 4773; x_wconf 85' lang='lat' dir='ltr'><strong><em>Non</em></strong></span> <span class='ocrx_word' id='word_1_793' title='bbox 2566 4717 2713 4772; x_wconf 87' lang='lat' dir='ltr'><strong><em>enim</em></strong></span> <span class='ocrx_word' id='word_1_794' title='bbox 2748 4717 3015 4773; x_wconf 89' lang='lat' dir='ltr'><strong><em>radicitus</em></strong></span> <span class='ocrx_word' id='word_1_795' title='bbox 3039 4716 3267 4772; x_wconf 88' lang='lat' dir='ltr'><strong><em>sustulit</em></strong></span> <span class='ocrx_word' id='word_1_796' title='bbox 3308 4714 3592 4782; x_wconf 85' lang='lat' dir='ltr'><strong><em>lsraelem,</em></strong></span> 
     </span>
    </p>
   </div>
   <div class='ocr_carea' id='block_1_106' title="bbox 1993 4807 3597 4878">
    <p class='ocr_par' dir='ltr' id='par_1_106' title="bbox 1993 4807 3597 4878">
     <span class='ocr_line' id='line_1_106' title="bbox 1993 4807 3597 4878; baseline -0.002 -14"><span class='ocrx_word' id='word_1_797' title='bbox 1993 4808 2091 4866; x_wconf 87' lang='lat' dir='ltr'><strong><em>sed</em></strong></span> <span class='ocrx_word' id='word_1_798' title='bbox 2114 4809 2386 4864; x_wconf 84' lang='lat' dir='ltr'><strong><em>humanus</em></strong></span> <span class='ocrx_word' id='word_1_799' title='bbox 2411 4821 2535 4862; x_wconf 92' lang='lat' dir='ltr'><strong><em>cum</em></strong></span> <span class='ocrx_word' id='word_1_800' title='bbox 2563 4809 2656 4872; x_wconf 90' lang='lat' dir='ltr'><strong><em>sit,</em></strong></span> <span class='ocrx_word' id='word_1_801' title='bbox 2681 4808 2946 4878; x_wconf 87' lang='lat' dir='ltr'><strong><em>reliquias</em></strong></span> <span class='ocrx_word' id='word_1_802' title='bbox 2997 4807 3260 4873; x_wconf 89' lang='lat' dir='ltr'><strong><em>servavit,</em></strong></span> <span class='ocrx_word' id='word_1_803' title='bbox 3292 4816 3347 4862; x_wconf 86' lang='lat' dir='ltr'><strong><em>et</em></strong></span> <span class='ocrx_word' id='word_1_804' title='bbox 3388 4808 3597 4861; x_wconf 81' lang='lat' dir='ltr'><strong><em>sanctis</em></strong></span> 
     </span>
    </p>
   </div>
   <div class='ocr_carea' id='block_1_107' title="bbox 1994 4899 3590 4974">
    <p class='ocr_par' dir='ltr' id='par_1_107' title="bbox 1994 4899 3590 4974">
     <span class='ocr_line' id='line_1_107' title="bbox 1994 4899 3590 4974; baseline -0.004 -14"><span class='ocrx_word' id='word_1_805' title='bbox 1994 4905 2240 4974; x_wconf 90' lang='lat' dir='ltr'><strong><em>ipsorum</em></strong></span> <span class='ocrx_word' id='word_1_806' title='bbox 2267 4903 2518 4974; x_wconf 87' lang='lat' dir='ltr'><strong><em>patribus</em></strong></span> <span class='ocrx_word' id='word_1_807' title='bbox 2547 4903 2711 4958; x_wconf 86' lang='lat' dir='ltr'><strong><em>iidem</em></strong></span> <span class='ocrx_word' id='word_1_808' title='bbox 2744 4903 2924 4960; x_wconf 89' lang='lat' dir='ltr'><strong><em>datam</em></strong></span> <span class='ocrx_word' id='word_1_809' title='bbox 2949 4917 3078 4958; x_wconf 89' lang='lat' dir='ltr'><strong><em>vere</em></strong></span> <span class='ocrx_word' id='word_1_810' title='bbox 3112 4901 3372 4958; x_wconf 88' lang='lat' dir='ltr'><strong><em>servavit.</em></strong></span> <span class='ocrx_word' id='word_1_811' title='bbox 3424 4899 3590 4955; x_wconf 89' lang='lat' dir='ltr'><strong><em>Dein-</em></strong></span> 
     </span>
    </p>
   </div>
   <div class='ocr_carea' id='block_1_108' title="bbox 1997 4991 3592 5068">
    <p class='ocr_par' dir='ltr' id='par_1_108' title="bbox 1997 4991 3592 5068">
     <span class='ocr_line' id='line_1_108' title="bbox 1997 4991 3592 5068; baseline -0.006 -14"><span class='ocrx_word' id='word_1_812' title='bbox 1997 4997 2064 5054; x_wconf 89' lang='lat' dir='ltr'><strong><em>de</em></strong></span> <span class='ocrx_word' id='word_1_813' title='bbox 2084 4996 2346 5068; x_wconf 88' lang='lat' dir='ltr'><strong><em>propheta</em></strong></span> <span class='ocrx_word' id='word_1_814' title='bbox 2375 4997 2448 5051; x_wconf 90' lang='lat' dir='ltr'><strong><em>ait</em></strong></span> <span class='ocrx_word' id='word_1_815' title='bbox 2482 5011 2498 5050; x_wconf 91' lang='lat'><strong>:</strong></span> <span class='ocrx_word' id='word_1_816' title='bbox 2540 4997 2767 5050; x_wconf 89' lang='lat' dir='ltr'><strong><em>lndutus</em></strong></span> <span class='ocrx_word' id='word_1_817' title='bbox 2817 5003 2904 5050; x_wconf 89' lang='lat' dir='ltr'><strong><em>est</em></strong></span> <span class='ocrx_word' id='word_1_818' title='bbox 2968 4993 3160 5060; x_wconf 89' lang='lat' dir='ltr'><strong><em>lorica,</em></strong></span> <span class='ocrx_word' id='word_1_819' title='bbox 3204 5003 3261 5048; x_wconf 88' lang='lat' dir='ltr'><strong><em>et</em></strong></span> <span class='ocrx_word' id='word_1_820' title='bbox 3298 4991 3451 5065; x_wconf 77' lang='lat' dir='ltr'><strong><em>galea</em></strong></span> <span class='ocrx_word' id='word_1_821' title='bbox 3480 4991 3592 5048; x_wconf 82' lang='lat' dir='ltr'><strong><em>cir-</em></strong></span> 
     </span>
    </p>
   </div>
   <div class='ocr_carea' id='block_1_109' title="bbox 1997 5087 3595 5158">
    <p class='ocr_par' dir='ltr' id='par_1_109' title="bbox 1997 5087 3595 5158">
     <span class='ocr_line' id='line_1_109' title="bbox 1997 5087 3595 5158; baseline -0.006 -10"><span class='ocrx_word' id='word_1_822' title='bbox 1997 5091 2286 5148; x_wconf 89' lang='lat' dir='ltr'><strong><em>cumdatus</em></strong></span> <span class='ocrx_word' id='word_1_823' title='bbox 2308 5099 2415 5158; x_wconf 90' lang='lat' dir='ltr'><strong><em>est,</em></strong></span> <span class='ocrx_word' id='word_1_824' title='bbox 2445 5105 2511 5146; x_wconf 89' lang='lat' dir='ltr'><strong><em>ac</em></strong></span> <span class='ocrx_word' id='word_1_825' title='bbox 2534 5089 2855 5145; x_wconf 85' lang='lat' dir='ltr'><strong><em>indumento</em></strong></span> <span class='ocrx_word' id='word_1_826' title='bbox 2881 5087 3156 5152; x_wconf 61' lang='lat' dir='ltr'><strong><em>vindictae,</em></strong></span> <span class='ocrx_word' id='word_1_827' title='bbox 3196 5098 3455 5157; x_wconf 89' lang='lat' dir='ltr'><strong><em>tanquam</em></strong></span> <span class='ocrx_word' id='word_1_828' title='bbox 3513 5088 3595 5140; x_wconf 89' lang='lat' dir='ltr'><strong><em>ul-</em></strong></span> 
     </span>
    </p>
   </div>
   <div class='ocr_carea' id='block_1_110' title="bbox 1999 5181 3594 5256">
    <p class='ocr_par' dir='ltr' id='par_1_110' title="bbox 1999 5181 3594 5256">
     <span class='ocr_line' id='line_1_110' title="bbox 1999 5181 3594 5256; baseline -0.004 -16"><span class='ocrx_word' id='word_1_829' title='bbox 1999 5195 2156 5242; x_wconf 89' lang='lat' dir='ltr'><strong><em>turus</em></strong></span> <span class='ocrx_word' id='word_1_830' title='bbox 2209 5187 2469 5256; x_wconf 86' lang='lat' dir='ltr'><strong><em>probrum</em></strong></span> <span class='ocrx_word' id='word_1_831' title='bbox 2520 5184 3012 5250; x_wconf 85' lang='lat' dir='ltr'><strong><em>adversariorum;</em></strong></span> <span class='ocrx_word' id='word_1_832' title='bbox 3083 5190 3290 5236; x_wconf 86' lang='lat' dir='ltr'><strong><em>tantum</em></strong></span> <span class='ocrx_word' id='word_1_833' title='bbox 3323 5196 3431 5235; x_wconf 89' lang='lat' dir='ltr'><strong><em>non</em></strong></span> <span class='ocrx_word' id='word_1_834' title='bbox 3494 5181 3594 5235; x_wconf 90' lang='lat' dir='ltr'><strong><em>im-</em></strong></span> 
     </span>
    </p>
   </div>
   <div class='ocr_carea' id='block_1_111' title="bbox 1989 5273 3570 5349">
    <p class='ocr_par' dir='ltr' id='par_1_111' title="bbox 1989 5273 3570 5349">
     <span class='ocr_line' id='line_1_111' title="bbox 1989 5273 3570 5349; baseline -0.006 -16"><span class='ocrx_word' id='word_1_835' title='bbox 1989 5287 2306 5349; x_wconf 87' lang='lat' dir='ltr'><strong><em>peratorem</em></strong></span> <span class='ocrx_word' id='word_1_836' title='bbox 2337 5286 2530 5333; x_wconf 87' lang='lat' dir='ltr'><strong><em>contra</em></strong></span> <span class='ocrx_word' id='word_1_837' title='bbox 2584 5291 2681 5332; x_wconf 89' lang='lat' dir='ltr'><strong><em>eos</em></strong></span> <span class='ocrx_word' id='word_1_838' title='bbox 2715 5275 2921 5330; x_wconf 84' lang='lat' dir='ltr'><strong><em>factum</em></strong></span> <span class='ocrx_word' id='word_1_839' title='bbox 2975 5289 3096 5329; x_wconf 91' lang='lat' dir='ltr'><strong><em>esse</em></strong></span> <span class='ocrx_word' id='word_1_840' title='bbox 3131 5273 3266 5329; x_wconf 85' lang='lat' dir='ltr'><strong><em>dicit</em></strong></span> <span class='ocrx_word' id='word_1_841' title='bbox 3311 5273 3570 5327; x_wconf 85' lang='lat' dir='ltr'><strong><em>universo</em></strong></span> 
     </span>
    </p>
   </div>
   <div class='ocr_carea' id='block_1_112' title="bbox 1992 5367 3596 5440">
    <p class='ocr_par' dir='ltr' id='par_1_112' title="bbox 1992 5367 3596 5440">
     <span class='ocr_line' id='line_1_112' title="bbox 1992 5367 3596 5440; baseline -0.005 -12"><span class='ocrx_word' id='word_1_842' title='bbox 1992 5389 2112 5429; x_wconf 83' lang='lat' dir='ltr'><strong><em>rum</em></strong></span> <span class='ocrx_word' id='word_1_843' title='bbox 2165 5373 2356 5440; x_wconf 88' lang='lat' dir='ltr'><strong><em>Deum,</em></strong></span> <span class='ocrx_word' id='word_1_844' title='bbox 2410 5381 2694 5428; x_wconf 86' lang='lat' dir='ltr'><strong><em>armatura</em></strong></span> <span class='ocrx_word' id='word_1_845' title='bbox 2753 5372 3108 5434; x_wconf 86' lang='lat' dir='ltr'><strong><em>instructum,</em></strong></span> <span class='ocrx_word' id='word_1_846' title='bbox 3143 5379 3199 5424; x_wconf 91' lang='lat' dir='ltr'><strong><em>et</em></strong></span> <span class='ocrx_word' id='word_1_847' title='bbox 3263 5368 3340 5424; x_wconf 91' lang='lat' dir='ltr'><strong><em>rei</em></strong></span> <span class='ocrx_word' id='word_1_848' title='bbox 3389 5367 3596 5422; x_wconf 66' lang='lat' dir='ltr'><strong><em>bellicus</em></strong></span> 
     </span>
    </p>
   </div>
   <div class='ocr_carea' id='block_1_113' title="bbox 1992 5462 3594 5538">
    <p class='ocr_par' dir='ltr' id='par_1_113' title="bbox 1992 5462 3594 5538">
     <span class='ocr_line' id='line_1_113' title="bbox 1992 5462 3594 5538; baseline -0.007 -17"><span class='ocrx_word' id='word_1_849' title='bbox 1992 5480 2244 5538; x_wconf 78' lang='lat' dir='ltr'><strong><em>gnarum.</em></strong></span> <span class='ocrx_word' id='word_1_850' title='bbox 2277 5465 2488 5533; x_wconf 86' lang='lat' dir='ltr'><strong><em>Quibus</em></strong></span> <span class='ocrx_word' id='word_1_851' title='bbox 2536 5467 2716 5523; x_wconf 90' lang='lat' dir='ltr'><strong><em>verbis</em></strong></span> <span class='ocrx_word' id='word_1_852' title='bbox 2767 5469 2864 5522; x_wconf 65' lang='lat' dir='ltr'><strong><em>Irae</em></strong></span> <span class='ocrx_word' id='word_1_853' title='bbox 2911 5474 3104 5522; x_wconf 88' lang='lat' dir='ltr'><strong><em>contra</em></strong></span> <span class='ocrx_word' id='word_1_854' title='bbox 3161 5463 3283 5519; x_wconf 87' lang='lat' dir='ltr'><strong><em>illos</em></strong></span> <span class='ocrx_word' id='word_1_855' title='bbox 3335 5462 3594 5530; x_wconf 86' lang='lat' dir='ltr'><strong><em>impetum</em></strong></span> 
     </span>
    </p>
   </div>
   <div class='ocr_carea' id='block_1_114' title="bbox 1993 5551 3597 5629">
    <p class='ocr_par' dir='ltr' id='par_1_114' title="bbox 1993 5551 3597 5629">
     <span class='ocr_line' id='line_1_114' title="bbox 1993 5551 3597 5629; baseline -0.004 -15"><span class='ocrx_word' id='word_1_856' title='bbox 1993 5559 2258 5616; x_wconf 85' lang='lat' dir='ltr'><strong><em>declarat.</em></strong></span> <span class='ocrx_word' id='word_1_857' title='bbox 2291 5559 2512 5618; x_wconf 80' lang='lat' dir='ltr'><strong><em>Restitit</em></strong></span> <span class='ocrx_word' id='word_1_858' title='bbox 2535 5560 2680 5618; x_wconf 88' lang='lat' dir='ltr'><strong><em>enim</em></strong></span> <span class='ocrx_word' id='word_1_859' title='bbox 2710 5559 2818 5615; x_wconf 85' lang='lat' dir='ltr'><strong><em>illis</em></strong></span> <span class='ocrx_word' id='word_1_860' title='bbox 2849 5556 3229 5629; x_wconf 80' lang='lat' dir='ltr'><strong><em>Omnipotens,</em></strong></span> <span class='ocrx_word' id='word_1_861' title='bbox 3257 5555 3344 5611; x_wconf 91' lang='lat' dir='ltr'><strong><em>cui</em></strong></span> <span class='ocrx_word' id='word_1_862' title='bbox 3400 5551 3597 5609; x_wconf 86' lang='lat' dir='ltr'><strong><em>merito</em></strong></span> 
     </span>
    </p>
   </div>
  </div>
