4140 6466
538 380 666 454 ιδιρ
1564 378 1621 432 S.
1663 374 1940 431 CYRILIJ
1979 374 2452 432 ALEXANDRINI
2488 377 2807 434 ARCHIEP.
3692 387 3829 442 159,0

532 505 732 561 dictum
767 513 882 558 est:
913 518 934 555 ι
955 501 1033 557 Tu
1067 499 1322 556 terribilis
1343 511 1420 565 es,
1437 508 1492 555 et
1514 500 1636 569 quis
1675 501 1892 557 resistet
1920 501 2016 556 tibi
2070 503 2127 556 al

2243 501 2430 556 δώσων
2455 503 2814 557 ἀνταπόδοσιν
2838 502 3038 566 ὄνειδος
3085 504 3196 567 τοῖς
3246 503 3607 570 ὑπεναντίοις.
3653 508 3830 564 Μόνον

535 599 614 654 ira
639 604 731 652 tua
761 597 807 629 ⁸⁸
833 597 887 651 ?s
916 595 1194 666 Supplicio
1213 605 1390 649 autem
1415 593 1614 650 Iudaeis
1633 595 1808 661 illato,
1869 597 2127 650 timebqu

2239 594 2348 665 γὰρ
2372 595 2495 665 οὐχὶ
2523 596 2878 666 πολεμάρχην
2908 594 3011 666 ἔφη
3041 596 3164 648 τινὰ
3191 596 3446 664 γενέσθαι
3498 599 3620 652 κατ’
3645 601 3833 656 αὐτῶν

533 691 624 760 qui
657 690 726 744 ab
760 689 1052 745 Occidente
1075 698 1224 752 sunt,
1247 697 1302 742 et
1359 687 1449 758 qui
1505 687 1574 743 ab
1637 686 1888 752 Oriente,
1927 702 2126 742 nomen

2238 684 2329 737 τὸν
2351 684 2462 736 τῶν
2491 684 2629 738 ὅλων
2649 685 2806 748 Θεὸν,
2839 686 3169 756 παντευχίαν
3199 686 3414 756 ἔχοντα,
3442 688 3534 744 καὶ
3561 686 3622 742 εὖ
3650 692 3831 746 εἰδότα

532 783 851 856 gloriosum.
912 778 1108 835 Veniet
1163 780 1346 847 enim,
1398 781 1630 848 veniet,
1677 782 1889 849 inquit,
1939 791 2127 834 contra

2236 777 2308 829 τά
2340 777 2596 830 τακτικά.
2642 778 2893 830 Δείκνυσι
2921 778 2976 830 δὲ
3014 777 3100 831 διὰ
3129 779 3335 834 τούτων
3376 778 3477 849 τῆς
3522 781 3610 834 ἐπ’
3647 783 3830 846 αὐτοῖς

532 873 773 929 inﬁdeles
803 873 905 938 ira,
935 870 1099 926 veluti
1162 871 1591 928 violentissimus
1658 872 1879 941 quidam
1926 869 2121 925 ﬁuvius

2237 870 2408 940 ὀργῆς
2437 869 2537 940 τὴν
2570 868 2758 938 ἔφοδον
2782 887 2794 898 ·
2824 871 3157 938 ἀντετάξατο
3181 873 3292 943 γὰρ
3329 872 3514 936 αὐτοῖς
3555 875 3584 926 ὁ
3623 875 3832 928 παναλ-

530 967 746 1035 rapiens
777 964 981 1030 omnia,
1005 975 1061 1019 et
1101 973 1210 1018 tam
1246 964 1439 1034 rapido
1485 963 1630 1018 ﬁuxu
1655 965 1950 1019 decurrens
1988 971 2045 1016 ut
2067 962 2118 1017 ei

2229 962 2350 1032 κὴς,
2397 962 2534 1032 πρὸς
2574 963 2633 1016 ὃν
2672 963 2888 1034 εἴρηται
2926 963 3168 1026 δικαίως·
3206 982 3224 1014 ι
3257 965 3330 1016 Σὺ
3364 963 3593 1035 φοϐερὸς
3622 962 3692 1028 εἷ,
3733 968 3832 1020 καὶ

533 1058 716 1114 resisti
746 1071 852 1112 non
880 1057 1076 1127 possit.

2229 1053 2305 1116 τίς
2320 1053 2702 1124 ἀντιστήσεται
2722 1071 2803 1106 σοι
2824 1054 2932 1107 ἀπὸ
2960 1055 3062 1124 τῆς
3085 1055 3258 1126 ὀργῆς
3298 1072 3390 1108 σου
3411 1073 3426 1122 ;
3451 1076 3468 1108 ι
3494 1057 3827 1128 Ἐπενηνεγ-

535 1152 712 1222 μένων
764 1152 819 1205 δὲ
872 1151 987 1214 τοῖς
1039 1149 1318 1213 Ἰουδαίοις
1386 1147 1494 1202 τῶν
1555 1147 1966 1218 κολαστηρίων,
2025 1145 2430 1218 Φοδηθήσονται
2466 1147 2516 1199 οἱ
2557 1145 2666 1199 ἀπὸ
2707 1145 2927 1216 δυσμῶν
2989 1147 3082 1200 καὶ
3129 1147 3404 1201 ἀνατολῶν
3448 1147 3510 1202 τὸ
3549 1147 3720 1219 ὄνομα
3765 1163 3828 1213 τὸ

532 1243 763 1308 ἔνδοξον.
794 1242 950 1308 Ἥξει
992 1242 1122 1314 γὰρ,
1162 1241 1305 1313 ἥξει,
1351 1243 1504 1314 φησὶ,
1555 1241 1697 1296 κατὰ
1749 1243 1860 1297 τῶν
1930 1241 2349 1312 ἀπειθησάντων
2415 1243 2449 1312 ἡ
2504 1240 2675 1311 ὀργὴ,
2756 1241 3008 1312 καθάπερ
3059 1259 3141 1305 τις
3197 1240 3502 1312 βιαιότατος
3554 1242 3802 1312 ποταμὸς

532 1341 710 1394 πάντα
745 1338 1097 1420 κατασύρων,
1143 1339 1239 1392 καὶ
1281 1339 1664 1410 ἀπρόσϐλητον
1707 1339 1847 1409 ἔχων
1913 1339 2012 1410 τὴν
2041 1339 2150 1393 τῶν
2189 1339 2446 1410 ναμάτων
2474 1337 2810 1407 καταφοράν.

606 1436 770 1489 Vens.
801 1433 1004 1496 90,21.
1040 1431 1111 1486 Et
1143 1434 1308 1488 veniet
1339 1443 1558 1503 propter
1593 1435 1729 1490 Sion
1763 1434 2037 1501 liberator,
2077 1443 2126 1489 et

531 1527 703 1599 838
763 1533 961 1580 auertet
1008 1525 1305 1588 impietates
1336 1542 1368 1578 a
1423 1524 1612 1580 Iacob.
1663 1524 1732 1579 Et
1757 1528 1854 1580 hoc
1886 1527 1996 1580 illis
2053 1538 2130 1582 te-

533 1629 843 1673 stamentum
868 1633 900 1670 a
923 1633 1026 1679 me,
1050 1617 1177 1669 dicit
1214 1615 1492 1674 Dominus.
1532 1617 1766 1685 Spiritus
1800 1634 1945 1673 meus
1971 1629 2045 1673 est
2074 1619 2128 1672 in

533 1723 601 1779 te,
627 1721 673 1764 et
711 1710 861 1764 verba
912 1725 1050 1774 mea,
1083 1724 1202 1777 qua:
1226 1725 1320 1779 ego
1355 1709 1510 1778 posui
1542 1709 1599 1763 in
1617 1726 1717 1765 ore
1747 1719 1863 1773 tuo,
1896 1726 2000 1765 non
2034 1712 2128 1766 de-

2305 1433 2418 1487 Kal
2463 1432 2599 1501 ἧξει
2636 1431 2845 1485 ἕνεκεν
2875 1428 3030 1484 Σιὼν
3075 1431 3108 1482 ό
3147 1428 3470 1498 ῥυόμενος,
3525 1430 3624 1482 καὶ
3675 1430 3831 1483 dato-

2237 1524 2489 1592 στρέψει
2517 1523 2799 1590 ἀσεϐείας
2821 1521 2942 1577 ἀπὸ
2977 1519 3206 1587 Ἰακὼϐ,
3240 1521 3340 1574 καὶ
3361 1522 3514 1588 αὕτη
3545 1521 3752 1587 αὐτοῖς
3781 1522 3822 1587 ὴ

2233 1617 2368 1686 παρ’
2403 1615 2551 1684 ἐμοῦ
2590 1615 2847 1684 διαθήκη
2888 1612 3049 1682 λέγει
3089 1612 3322 1679 Κύριος.
3357 1611 3427 1664 Τὸ
3466 1609 3711 1680 Πνεῦμα
3755 1612 3824 1664 τὸ

2231 1711 2380 1780 ἐμόν
2401 1712 2572 1765 ἐστιν
2591 1709 2690 1763 ἐπὶ
2724 1708 2824 1761 σοὶ
2847 1749 2860 1774 ,
2891 1707 2992 1760 καί
3041 1707 3113 1760 τὰ
3139 1704 3399 1774 ῥήματα,
3431 1703 3470 1758 ἄ
3506 1704 3706 1757 ἔδωκα
3736 1707 3827 1770 εὶς

531 1801 700 1869 ﬁcient
730 1801 794 1854 de
823 1815 911 1853 ore
945 1808 1060 1865 tuo,
1097 1808 1143 1852 et
1176 1815 1242 1854 ex
1283 1814 1372 1853 ore
1395 1800 1607 1854 seminis
1633 1801 1734 1854 tui.
1781 1799 1929 1855 Dixit
1987 1803 2126 1857 enim

2232 1799 2298 1853 τὸ
2339 1803 2533 1870 στόμα
2554 1817 2694 1870 μου,
2743 1801 2815 1854 οὺ
2851 1797 2937 1867 μὴ
2961 1797 3215 1864 ἐκλείπῃ
3268 1796 3338 1849 ἐκ
3373 1795 3480 1848 τοῦ
3519 1795 3824 1862 στόματος

535 1893 786 1946 Dominus
821 1891 1060 1955 deinceps
1092 1901 1137 1944 et
1165 1891 1220 1945 in
1256 1892 1533 1946 saeculum.

602 2070 672 2127 Ut
703 2071 756 2126 in
791 2071 1035 2142 proxime
1077 2069 1447 2140 superioribus
1517 2069 1612 2126 ira:
1654 2069 1852 2128 Iudaeis
1885 2071 2133 2143 irrogata:

547 2164 754 2229 diserte
781 2160 1047 2226 meminit,
1077 2171 1137 2215 ut
1193 2160 1285 2230 qui
1319 2160 1510 2216 ducem
1543 2162 1665 2216 vita:
1724 2162 2130 2230 interfecerunt,

531 2267 587 2310 et
620 2257 672 2311 in
725 2255 1108 2310 universorum
1182 2253 1531 2310 Servatoretu
1582 2270 1648 2310 ac
1703 2253 2127 2326 Redemptorem

533 2349 700 2417 impie
748 2346 996 2401 bacchati
1043 2355 1200 2400 sunt:
1262 2345 1456 2401 deinde
1497 2347 1661 2402 etiam
1699 2347 1826 2414 illis,
1863 2347 2130 2418 posterio-

533 2435 684 2489 ribus
746 2431 1078 2503 temporibus
1151 2432 1578 2490 misericordiam
1628 2445 1686 2491 et
1737 2436 2129 2493 humanitatem

533 2525 718 2582 datum
771 2523 836 2579 iri
898 2523 1150 2594 praedixit
1190 2523 1375 2579 :dixit
1440 2527 1586 2580 enim
1643 2545 1656 2582 :
1709 2526 1776 2582 Et
1837 2528 2131 2584 vindicavit

532 2631 628 2672 eos
657 2615 886 2671 brachio
933 2629 1053 2683 suo,
1112 2627 1168 2671 et
1230 2616 1600 2672 misericordia
1653 2620 2000 2686 sustentavit,
2049 2621 2130 2678 sic

533 2706 637 2762 hoc
676 2720 895 2776 quoque
937 2705 1058 2762 loco
1093 2706 1248 2775 dicit,
1307 2706 1548 2762 furorem
1591 2708 1808 2764 Domini
1876 2718 2129 2780 tanquam

537 2807 835 2853 torrentem
863 2796 1155 2867 quemdam
1183 2797 1581 2854 intolerabilem
1620 2808 1676 2854 et
1728 2800 2129 2871 rapidissimum

537 2891 590 2945 in
619 2905 717 2947 eos
741 2892 1131 2948 descensurum
1161 2910 1174 2946 :
1209 2901 1264 2947 et
1310 2892 1378 2947 de
1433 2892 1817 2949 benedictione
1868 2894 2130 2951 extremis

537 2982 720 3040 saeculi
747 2985 1079 3053 temporibus
1125 2983 1208 3040 eis
1263 2983 1438 3039 danda
1504 2985 1670 3040 verba
1719 2984 1872 3041 facit.
1934 2986 2132 3043 Veniet

539 3073 686 3132 enim
715 3083 945 3146 pr0pter
968 3075 1099 3129 Sion
1143 3074 1418 3130 liberator.
1454 3074 1530 3129 De
1564 3075 1704 3130 caelo
1729 3077 1874 3132 enim
1900 3079 2127 3135 descen-

2159 1861 2203 1918 Β
2233 1891 2340 1948 τοῦ
2367 1861 2715 1962 σπέρματός·
2739 1861 2867 1944 σου⁷
2883 1861 2982 1960 (li).
3005 1883 3152 1942 Εῖπε
3321 1887 3540 1956 Κύριος
3563 1861 3681 1940 ἀπὸ
3712 1885 3823 1939 τοῦ

2234 1983 2370 2048 νῦν,
2403 1983 2505 2037 καὶ
2529 1985 2616 2048 εὶς
2642 1981 2749 2035 τὸν
2769 1979 2977 2034 αἰῶνα.

2306 2075 2517 2145 Ὥσπερ
2557 2075 2614 2126 ὲν
2645 2073 2759 2135 τοῖς
2787 2071 2978 2125 ἀνόπιν
3014 2070 3189 2143 βραχὺ
3235 2067 3328 2123 καὶ
3374 2067 3474 2138 τῆς
3523 2063 3818 2134 ἐπενεχθη-

2235 2165 2470 2236 σομένης
2513 2168 2627 2229 τοῖς
2685 2163 2960 2227 Ἰουδαίοις
3012 2163 3182 2234 ὀργῆς
3231 2159 3562 2230 διεμέμνητο
3607 2155 3822 2224 σαφῶς,

2233 2260 2568 2314 ἀπεκτόνασι
2590 2259 2700 2328 γὰρ
2733 2255 2824 2310 τὸν
2852 2254 3093 2324 ἀρχηγὸν
3121 2253 3220 2322 τῆς
3249 2251 3417 2320 ζωῆς,
3444 2249 3538 2302 καὶ
3559 2262 3825 2315 πεπαρῳ-

2233 2353 2462 2423 νήκασιν
2491 2350 2722 2412 ἀνοσίως
2752 2349 2833 2411 εἰς
2860 2347 2950 2400 τὸν
2980 2345 3090 2400 τῶν
3121 2344 3259 2398 ὅλων
3304 2342 3555 2412 Σωτῆρα,
3586 2339 3682 2392 κσύ⁵
3708 2339 3822 2390 Λυ-

2232 2446 2449 2517 τρωτήν
2474 2458 2490 2474 ·
2541 2438 2658 2497 εἶτα
2693 2441 2792 2512 τῆς
2833 2439 3200 2511 δοθησομένης
3245 2437 3429 2498 αὐτοῖς
3472 2437 3530 2487 ἐν
3574 2433 3825 2502 ὑστέροις

2234 2541 2444 2610 καιροῖς
2493 2535 2866 2606 ὲλεημοσύνης
2895 2573 2912 2601 ,
2955 2532 3052 2586 καὶ
3111 2527 3524 2601 φιλανθρωπίας
3585 2527 3828 2578 ἐποιεῖτο

2235 2628 2335 2700 τὴν
2364 2627 2786 2698 προαγόρευσιν·
2828 2623 2933 2694 ἔφη
2965 2621 3073 2692 γὰρ
3092 2621 3199 2688 ὅτι,
3228 2621 3339 2674 Καὶ
3362 2618 3610 2690 ἠμύνατο
3622 2617 3825 2680 αὐτοὺς

2231 2717 2310 2790 τῷ
2343 2717 2589 2789 βραχίονι
2638 2713 2828 2781 αὐτοῦ,
2861 2713 2958 2767 καὶ
2985 2715 3051 2782 τῇ
3083 2709 3425 2782 ἐλεημοσύνη
3470 2706 3822 2778 ἐστηρίσατο·

2231 2808 2376 2864 οὕτω
2421 2809 2677 2876 κάνθάδε,
2711 2807 2966 2877 καθάπερ
3001 2804 3125 2858 τινὰ
3165 2804 3506 2876 χειμάρρουν
3548 2802 3827 2875 ἀφόρητόν

2231 2920 2290 2958 τε
2316 2902 2411 2957 καὶ
2439 2901 2743 2973 βιαιότατον
2793 2897 3203 2969 καταϐήσεσθαι
3233 2898 3357 2948 κατ’
3386 2893 3567 2948 αὐτῶν
3603 2893 3698 2946 τὸν
3723 2891 3822 2946 τοῦ

2232 2995 2446 3066 Κυρίου
2495 2993 2689 3064 θυμόν.
2737 2990 2922 3046 Εἰπὼν
2950 2990 3031 3054 δὲ,
3067 2988 3276 3043 καὶτὸν
3306 2988 3434 3059 περὶ
3466 2986 3567 3058 τῆς
3595 2985 3823 3056 δοθησο-

2233 3087 2402 3160 μένης
2430 3087 2613 3150 αὐτοῖς
2657 3084 2907 3154 εὐλογίας
2939 3086 2996 3138 ὲν
3037 3083 3289 3152 ἐσχάτοις
3325 3080 3422 3134 τοῦ
3459 3079 3652 3141 αἰῶνος
3687 3095 3823 3132 και-

541 3169 620 3225 dit
645 3167 981 3236 unigenitum
1009 3167 1104 3221 Dei
1138 3167 1397 3234 Verbum,
1432 3173 1488 3222 et
1521 3168 1740 3223 demisit
1772 3168 1887 3240 ipse
1947 3185 2006 3228 se
2059 3173 2127 3228 ad

2236 3183 2346 3251 ροῖς
2378 3179 2610 3232 ποιεῖται
2635 3176 2814 3247 λόγον.
2860 3176 3019 3243 Ἥξει
3045 3175 3154 3246 γὰρ
3181 3175 3366 3228 ἕνεκεν
3404 3171 3540 3226 Σιὼν
3566 3173 3592 3223 ὁ
3618 3169 3823 3242 ῥυόμε-

539 3260 916 3327 inanitionem,
934 3259 1110 3314 lactus
1128 3259 1313 3326 homo,
1340 3269 1398 3313 ut
1428 3259 1597 3315 etiam
1628 3275 1738 3330 prae
1766 3261 1888 3318 aliis
1907 3273 2127 3320 vocaret

2232 3288 2343 3335 νος.
2366 3269 2826 3340 Καταπεφοίτηκε
2851 3269 2962 3340 γὰρ
2979 3267 3039 3335 ἐξ
3059 3264 3303 3338 οὐρανῶν
3336 3266 3364 3318 ὀ
3387 3263 3678 3336 μονογενὴς
3722 3261 3823 3322 τοῦ

538 3351 815 3417 lsraelem,
843 3362 900 3408 et
927 3361 1173 3407 servaret
1190 3367 1408 3422 quoque
1427 3351 1667 3420 gentium
1699 3353 2125 3410 multitudinem.

537 3445 715 3502 Testis
750 3445 855 3499 erit
883 3444 1322 3514 sapientissimus
1345 3442 1544 3499 Paulus
1601 3443 1854 3514 inquiens
1887 3463 1902 3501 :
1947 3465 1968 3500 ι
1995 3447 2130 3504 Dico

535 3541 813 3596 Christum
849 3539 1156 3593 ministrum
1186 3536 1358 3592 fuisse
1380 3537 1839 3607 circumcisionis,
1900 3550 2124 3612 propter

537 3630 820 3685 veritatem
845 3628 1034 3694 Dei,ad
1059 3627 1461 3682 conﬁrmandas
1475 3629 1868 3696 prontissiones
1889 3642 2126 3702 patrum,

536 3730 727 3792 gentes
749 3730 928 3774 autem
971 3735 1133 3788 super
1152 3720 1528 3775 misericordia
1552 3723 1820 3778 honorare
1838 3725 2006 3780 Deum
2023 3725 2090 3780 ⁸⁷.
2104 3743 2123 3776 ι

537 3812 883 3867 Meminimus
899 3811 1061 3866 etiam
1085 3811 1214 3865 alibi
1237 3811 1421 3867 dicere
1436 3810 1714 3867 Christum
1733 3832 1778 3868 ς(
1792 3813 1908 3871 Non
1930 3817 2132 3875 missus

537 3920 658 3960 sum
684 3905 786 3958 nisi
817 3903 882 3958 ad
909 3918 1037 3959 oves
1070 3903 1314 3975 perditas
1362 3905 1558 3960 domus
1582 3903 1743 3961 Israel
1775 3905 1842 3960 ⁸⁸.
1881 3926 1901 3960 ι
1942 3905 2134 3965 Veniet

539 3995 705 4064 igitur
728 3993 1006 4060 liberator,
1025 4009 1053 4047 a
1076 3993 1318 4064 peccatis
1340 3992 1567 4061 scilicet,
1587 4008 1618 4048 a
1643 4005 1815 4052 morte
1831 4007 1884 4054 et
1899 4013 2130 4070 corrup-

537 4088 708 4151 tione,
722 4100 751 4141 a
781 4085 1106 4140 crudelitate
1121 4084 1412 4154 diabolica,
1438 4101 1467 4140 a
1486 4088 1786 4144 dzemonum
1803 4103 2011 4161 errore,
2031 4095 2128 4149 de-

537 4179 785 4249 ceptione
823 4189 878 4232 et
923 4177 1230 4247 tyrannide.
1268 4177 1334 4232 Et
1375 4178 1480 4234 hoc
1509 4179 1615 4236 illis
1661 4197 1688 4234 a
1720 4196 1804 4238 me
1834 4191 2130 4240 testamen-

538 4279 674 4336 tum,
692 4269 824 4324 dicit
848 4269 1129 4325 Dominus.
1146 4268 1298 4336 Quod
1330 4279 1512 4326 autem
1546 4273 1820 4328 voluntate
1838 4275 1932 4330 Dei
1959 4277 2126 4333 semel

535 4367 809 4420 decretum
822 4373 903 4420 est
917 4372 972 4418 et
984 4364 1559 4434 promissum,prorsus
1575 4365 1899 4436 penitusque
1915 4366 2126 4422 ﬁrmum

535 4459 662 4524 erit,
690 4467 743 4513 et
769 4472 874 4512 nou
907 4455 1212 4526 negabitur.
1232 4455 1386 4522 Quod
1413 4456 1581 4527 igitur
1601 4459 1730 4524 erit,
1770 4458 1967 4528 inquit,
1987 4474 2016 4513 a
2041 4475 2126 4514 me

2229 3362 2364 3418 Θεοῦ
2407 3362 2599 3432 Λόγος,
2634 3363 2730 3415 καὶ
2763 3361 3005 3433 καθῆκεν
3041 3361 3232 3415 ἑαυτὸν
3284 3360 3364 3422 είς
3398 3358 3650 3425 κένωσιν,
3672 3355 3830 3425 γενό-

2234 3469 2394 3525 μενος
2430 3451 2742 3523 ἄνθρωπος,
2783 3452 2872 3506 ἵνα
2917 3451 3013 3505 καὶ
3043 3450 3149 3523 πρό
3170 3467 3231 3520 γε
3258 3449 3366 3503 τῶν
3395 3449 3571 3502 ἄλλων
3613 3446 3826 3519 καλέσῃ

2230 3543 2322 3598 τὸν
2359 3542 2597 3614 Ἰσραὴλ,
2627 3542 2870 3612 διασώσῃ
2906 3541 2963 3595 δὲ
2993 3542 3088 3595 καὶ
3117 3541 3225 3594 τῶν
3255 3539 3426 3594 ὲθνῶν
3453 3539 3555 3609 τὴν
3586 3537 3821 3608 πληθύνο

2233 3633 2328 3688 καὶ
2367 3635 2711 3705 μαρτυρήσει
2739 3632 2968 3704 γράφων
2996 3635 3025 3686 ὁ
3052 3633 3326 3700 πάνσοφος
3352 3630 3592 3693 Παῦλοςο
3619 3648 3638 3680 ι
3666 3628 3828 3695 Λέγω

2230 3727 2340 3797 γὰρ
2364 3727 2598 3797 Χριστὸν
2634 3725 2880 3779 διάκονον
2927 3723 3257 3795 γεγενῆσθαι
3295 3722 3620 3794 περιτομῆς,
3656 3720 3802 3792 ὑπὲρ

2231 3820 2488 3892 ἀληθείας
2519 3817 2683 3885 Θεοῦ,
2712 3818 2792 3881 είς
2819 3819 2881 3870 τὸ
2909 3816 3320 3888 βεϐαιῶσαιτάς
3349 3813 3682 3884 ἐπαγγελίας
3714 3812 3827 3867 τῶν

2231 3913 2506 3985 πατέρων,
2528 3909 2598 3964 τά
2627 3909 2683 3964 δὲ
2705 3908 2832 3979 ἔθνη
2866 3909 3006 3980 ὑπὲρ
3037 3909 3220 3973 ἐλέους
3249 3907 3472 3974 δοξάσαι
3500 3905 3592 3959 τὸν
3627 3905 3782 3958 Θεόν.
3800 3923 3819 3955 s

2229 4005 2577 4076 Μεμνήμεθα
2620 4005 2678 4058 δὲ
2739 3999 2834 4058 καὶ
2882 4000 3050 4054 αὐτοῦ
3107 3999 3357 4069 λέγοντος
3406 3997 3499 4052 τοῦ
3557 3993 3824 4068 Χριστοῦ,

2236 4118 2254 4149 ι
2289 4098 2405 4152 Οὐκ
2437 4097 2770 4168 ἀπεστάλην,
2801 4097 2850 4149 εί
2891 4093 2968 4166 μὴ
3000 4093 3080 4156 εἰς
3108 4093 3177 4146 τὰ
3207 4090 3457 4162 πρόϐατα
3495 4089 3566 4142 τά
3606 4089 3824 4143 ἀπολω-

2228 4191 2358 4244 λότα
2400 4189 2552 4243 οἴκου
2596 4190 2833 4261 Ἰσραήλ.
2868 4208 2887 4241 ι
2917 4186 3076 4253 Ἥξει
3121 4184 3186 4256 δὴ
3233 4178 3327 4238 οῦν
3372 4184 3402 4235 ὁ
3454 4181 3827 4252 ρυόμενος,ὲξ

2227 4283 2514 4354 ἁμαρτιῶν
2538 4281 2801 4352 δηλονότι,
2830 4283 2895 4335 ἐκ
2927 4280 3155 4334 θανάτου
3185 4275 3275 4332 καὶ
3308 4273 3539 4347 φθορᾶς,
3571 4271 3631 4337 ἐξ
3667 4270 3826 4342 ὠμό-

2227 4393 2388 4447 τητος
2419 4375 2753 4446 διαϐολικῆς,
2781 4377 2846 4427 ἐκ
2871 4373 2968 4444 τῆς
2995 4373 3105 4426 τῶν
3135 4371 3431 4442 δαιμονίων
3480 4364 3697 4435 ἀπάτης
3725 4368 3826 4422 καὶ

2229 4466 2562 4533 πλεονεξίας.
2612 4467 2726 4521 Καὶ
2766 4465 2904 4538 αὕτη
2940 4467 3124 4528 αὐτοῖς
3157 4466 3190 4536 ἡ
3230 4463 3361 4534 παρ’
3395 4461 3529 4532 ἐμοῦ
3557 4461 3820 4532 διαθήκη,

534 4548 955 4605 testamentum?
1001 4546 1236 4618 Spiritus
1270 4561 1422 4604 meus
1451 4561 1506 4605 et
1539 4551 1702 4605 verba
1735 4566 1854 4620 qua:
1884 4551 2036 4622 posui
2070 4553 2120 4605 in

2232 4556 2353 4613 εἷπε
2397 4559 2618 4630 Κύριος.
2662 4559 2736 4612 Τὸ
2777 4558 2834 4611 δὲ
2889 4557 3037 4622 ἅπαξ
3087 4555 3301 4628 ὁρισθὲν
3351 4554 3440 4607 διὰ
3483 4553 3678 4623 βουλῆς
3721 4553 3822 4606 τοῦ

535 4657 634 4698 ore
689 4651 814 4708 tuo,
875 4655 982 4695 non
1028 4640 1281 4695 deﬁcient
1341 4641 1598 4712 deinceps
1634 4652 1688 4696 ct
1747 4644 1800 4696 iu
1858 4652 2120 4698 aeternum

536 4747 765 4806 tempus.
800 4733 1239 4789 Manifestissinta
1279 4733 1425 4789 enim
1457 4734 1850 4789 demonstratio
1883 4745 1992 4798 est,
2032 4750 2120 4788 re-

535 4831 812 4898 demptum
839 4841 962 4883 esse
997 4841 1168 4897 genus
1196 4825 1517 4892 humanum,
1538 4834 1594 4880 et
1613 4823 1832 4895 quidem
1862 4839 1972 4888 prae
2000 4826 2121 4882 aliis

537 4919 824 4976 Israelitas'
841 4919 934 4990 qui
964 4917 1313 4973 crediderunt
1335 4916 1512 4971 factos
1529 4930 1651 4971 esse
1678 4915 1919 4984 Spiritus
1943 4918 2117 4973 sancti

538 5013 828 5082 participes
859 5028 872 5064 :
905 5026 1001 5080 per
1033 5025 1192 5078 quem
1229 5007 1536 5079 adoptionis
1558 5009 1722 5062 decus
1747 5007 1968 5063 allatum
2013 5019 2119 5077 est,

537 5112 590 5156 et
619 5100 872 5174 loquendi
901 5101 1083 5170 lingua
1121 5099 1347 5152 verbum
1384 5096 1530 5158 ﬁdei,
1579 5099 1736 5153 sicuti
1762 5100 1987 5170 scripsit
2027 5117 2120 5157 sa-

538 5195 907 5264 pientissimus
941 5191 1141 5246 Paulus
1173 5208 1187 5244 :
1224 5207 1243 5240 t
1278 5188 1355 5243 Ne
1384 5188 1532 5243 dicas
1586 5190 1754 5258 enim,
1818 5192 2014 5262 inquit,
2065 5195 2118 5251 in

537 5287 698 5343 corde
726 5295 818 5341 tuo
850 5303 864 5340 :
896 5285 1031 5350 Quis
1061 5281 1315 5336 ascendet
1343 5281 1394 5335 in
1435 5281 1635 5336 coelum
1661 5282 1685 5336 ?
1715 5284 1818 5340 hoc
1852 5295 1934 5340 est
1965 5286 2123 5342 Chri-

536 5390 676 5435 stum
707 5381 997 5442 deducere,
1051 5384 1142 5430 aut
1183 5374 1306 5445 quis
1353 5374 1644 5431 descendet
1701 5375 1754 5430 in
1809 5378 2114 5448 abyssum?

609 5564 655 5595 ⁸⁸⁵
686 5564 828 5619 Psal.
863 5577 1030 5629 Lxxv,
1065 5559 1122 5618 8.
1197 5561 1240 5594 ⁸⁷
1283 5561 1438 5617 Rom.
1471 5577 1562 5626 xv,
1595 5561 1651 5628 8,
1690 5561 1743 5615 9.
1820 5557 1867 5590 ⁸⁸
1902 5555 2094 5614 Matth.
2140 5575 2168 5613 ιι

2226 4651 2361 4705 Θεοῦ
2389 4653 2484 4706 καὶ
2513 4651 2876 4721 ὲπαγγελθὲν,
2906 4650 3081 4721 πάντη
3107 4666 3168 4702 τε
3204 4648 3298 4702 καὶ⁵
3339 4647 3580 4710 πάντως,
3610 4645 3825 4716 ἀραρὸς

2226 4744 2398 4807 ἔσται,
2424 4744 2522 4797 καὶ
2551 4744 2653 4796 οὐκ
2687 4741 3077 4814 ἀρνηθήσεται.
3133 4739 3268 4793 Ποία
3298 4738 3476 4792 τοίνυν
3512 4737 3684 4799 ἔσται,
3721 4753 3825 4806 φη-

2227 4836 2333 4898 σὶν,
2370 4835 2404 4904 ἡ
2431 4835 2564 4906 παρ’
2593 4834 2728 4904 ἐμοῦ
2764 4833 3030 4904 διαθήκης
3082 4832 3155 4885 Τὸ
3183 4829 3406 4900 Πνεῦμα
3439 4829 3499 4881 τὸ
3532 4827 3686 4898 ἐμὸν,
3720 4828 3825 4881 καὶ

2226 4928 2295 4980 τὰ
2321 4926 2561 4998 ῥήματα,
2585 4926 2622 4980 ἃ.
2648 4927 2825 4980 ἔδωκα
2863 4928 2922 4980 ὲν
2957 4925 3032 4997 τῷ
3079 4923 3306 4995 στόματί
3341 4939 3458 4984 σου,
3493 4923 3554 4974 ού
3611 4919 3686 4991 μὴ
3726 4920 3822 4972 ὲκ-

2226 5016 2388 5088 λείπῃ
2409 5017 2518 5070 ἀπὸ
2543 5015 2637 5070 τοῦ
2669 5017 2786 5083 νῦν,
2805 5016 2902 5070 καὶ
2931 5017 3010 5078 εἰς
3039 5015 3130 5068 τὸν
3159 5015 3331 5068 αἰῶνα
3355 5013 3572 5084 χρόνον.
3631 5011 3820 5078 Σαφε-

2231 5111 2402 5180 στάτη
2447 5109 2559 5179 γὰρ
2590 5108 2865 5173 ἀπόδειξις
2911 5108 3006 5162 τοῦ
3041 5107 3410 5179 λελυτρῶσθαι
3461 5104 3522 5157 τὸ
3554 5103 3711 5172 γένος
3755 5103 3822 5155 τὸ

2227 5201 2589 5272 ἀνθρώπινον,
2643 5202 2809 5272 ἤγουν
2853 5202 2947 5254 καὶ
2997 5201 3103 5273 πρό
3139 5217 3202 5270 γε
3233 5200 3342 5252 τῶν
3384 5197 3559 5252 ἄλλων
3590 5195 3719 5258 τοὺς
3759 5194 3823 5262 ἐξ

2242 5291 2502 5361 Ἰσραὴλ,
2566 5290 2964 5354 πιστεύσαντας
3021 5291 3081 5343 τὸ
3149 5291 3208 5343 ὲν
3281 5285 3494 5358 μεθέξει
3562 5281 3822 5353 γενέσθαι

2231 5383 2547 5455 Πνεύματος
2576 5383 2756 5452 ἁγίου,
2791 5384 2858 5437 δι’
2907 5376 2968 5436 οὗ
3004 5382 3100 5437 καὶ
3138 5382 3199 5434 τὸ
3239 5379 3336 5450 τῆς
3382 5375 3656 5440 υἱοθεσίας
3703 5375 3824 5428 εισ-

2179 5577 2230 5626 v,
2262 5561 2324 5614 ‘Zi
2341 5602 2355 5616 .

613 5741 688 5808 (ι)
715 5739 878 5810 LXX,
911 5741 990 5807 εἰς
1053 5741 1113 5797 τὸ
1137 5740 1311 5812 στόμα
1380 5757 1503 5812 μου,
1543 5737 1605 5792 ού
1638 5737 1714 5809 μὴ
1752 5736 1978 5810 ἐκλείπῃ
2021 5735 2084 5790 ἐκ
2125 5734 2217 5790 τοῦ
2259 5738 2522 5810 στόματός
2558 5756 2669 5810 σου,
2706 5739 2798 5794 καὶ
2859 5741 2922 5792 ἐκ
2963 5738 3057 5794 τοῦ
3091 5738 3358 5811 στόματος
3407 5735 3500 5794 τοῦ
3557 5743 3812 5810 σπέρμα-

543 5807 630 5873 τός
671 5827 784 5863 σου.
