4140 6480
339 442 477 501 {3‘21
1446 434 1514 491 IN
1555 433 1788 490 ISAIAM
1834 433 1931 492 LIB

2041 439 2068 493 ⁷.
2113 433 2348 492 ΤοΜυδ
2389 430 2472 492 ιν.
3497 441 3634 496 1322

337 570 572 641 φέρεται
597 560 880 633 καύχημα,
902 560 995 612 καὶ
1023 559 1206 613 λαλεῖν
1237 560 1295 612 ὲν
1323 557 1541 630 γλώττῃ
1567 558 1628 610 τὸ
1657 561 1810 629 ῥῆμα
1832 557 1931 627 τῆς

2041 556 2136 610 hoc
2173 567 2255 610 est
2277 555 2552 610 Christum
2581 553 2747 626 839
2771 570 2799 608 a
2838 558 3068 612 mortuis
3095 558 3378 614 reducere.
3409 561 3477 613 At
3505 561 3632 629 quid

334 662 605 720 πίστεως,
638 654 783 708 καθά
827 652 1107 723 γέγραφεν
1135 653 1166 705 6
1195 651 1472 721 πάνσοφος
1508 650 1752 714 Παῦλος·
1794 670 1812 701 ‹
1845 651 1938 719 Μὴ

333 754 452 825 γὰρ
489 751 672 821 εἴπῃς,
708 746 894 816 φησὶν,
922 748 980 799 ὲν
1011 746 1078 816 τῇ
1105 743 1305 816 καρδίᾳ
1326 759 1446 796 σου·
1480 743 1578 806 Τίς
1605 743 1938 812 ἀναϐήσεται

335 847 422 908 είς
459 843 552 896 τὸν
590 839 851 910 οὐρανόν-ι
891 836 1140 890 τουτέστι
1188 836 1422 908 Χριστὸν
1474 836 1828 902 καταγαγεῖν,
1879 832 1935 901 ἢ,

335 936 441 1001 Τίς
470 932 846 1004 καταϐήσεται
872 932 953 994 είς
982 930 1082 1000 τὴν
1119 929 1392 993 ἄδυσσονς
1425 928 1674 980 τουτέστι
1703 925 1938 996 Χριστὸν

334 1028 405 1079 ἐκ
440 1024 652 1096 νεκρῶν
683 1023 1000 1090 ἀναγαγεῖν.
1038 1019 1199 1073 Ἀλλά
1227 1019 1278 1072 τί
1298 1018 1444 1086 λέγει
1466 1019 1499 1090 ἡ
1521 1018 1712 1090 Γραφή
1734 1035 1748 1086 ;
1769 1015 1936 1085 ἐγγύς

335 1133 437 1171 σου
476 1115 539 1169 τὸ
572 1115 726 1187 ῥῆμα
758 1115 816 1167 ὲν
849 1112 929 1184 τῷ
971 1111 1200 1182 στόματί
1241 1127 1358 1175 σου,
1406 1110 1502 1164 καὶ
1533 1111 1592 1164 ὲν
1633 1112 1701 1180 τῇ
1737 1109 1935 1180 καρδίᾳ

336 1226 462 1273 σου,
509 1209 591 1262 ὃτι
639 1206 736 1260 ἐὰν
785 1206 968 1278 εἴπῃς,
1005 1204 1211 1275 Κύριος
1252 1201 1482 1271 Ἰησοῦς,
1512 1203 1607 1257 καὶ
1636 1201 1934 1274 πιστεύσῃς

337 1303 398 1356 ἐν
429 1303 496 1372 τῇ
527 1299 728 1372 καρδίᾳ
773 1316 888 1364 σου,
917 1299 999 1352 ὅτι
1043 1298 1073 1350 6
1113 1296 1250 1360 Θεὸς
1280 1296 1445 1348 αὑτὸν
1492 1296 1717 1368 ἤγειρεν
1754 1297 1820 1348 ὲκ
1846 1312 1932 1348 νε-

334 1391 510 1463 κρῶν,
556 1390 800 1462 σωθήσῃ.
851 1387 1063 1459 Καρδίᾳ
1100 1385 1211 1458 γὰρ
1254 1386 1571 1441 πιστεύεται
1616 1389 1697 1450 είς
1729 1386 1932 1440 δικαιο-

336 1483 531 1552 σύνην,
561 1481 794 1552 στόματι
824 1480 880 1533 δὲ
911 1479 1257 1551 ὁμολογεῖται
1289 1480 1369 1544 είς
1395 1480 1692 1552 σωτηρίαν.
1727 1500 1746 1533 ι
1775 1481 1931 1535 Ἐλά-

331 1574 508 1646 σομεν
536 1574 716 1627 τοίνυν
747 1572 900 1644 παρὰ
938 1571 1074 1625 Θεοῦ
1102 1573 1162 1625 τὸ
1196 1573 1348 1644 ρἧα
1379 1572 1480 1643 τῆς
1518 1572 1780 1638 πίστεως,
1805 1573 1927 1643 ἦτοι

329 1667 436 1738 τὴν
473 1664 796 1737 ὁμολογίανο
828 1664 1096 1734 σωτήριον
1123 1663 1178 1716 δὲ
1206 1664 1417 1734 χρῆμα,
1449 1665 1547 1717 καὶ
1576 1664 1928 1731 δικαιοσύνης

2045 649 2174 704 dicit
2202 647 2536 718 Scriptura?
2586 648 2760 718 Prope
2783 659 2867 705 est
2899 651 3122 705 verbum
3177 652 3229 707 in
3261 668 3357 708 ore
3417 663 3531 719 tuo,
3578 665 3635 710 et

2045 741 2096 793 in
2133 730 2298 794 corde
2326 750 2438 804 tuo,
2465 741 2592 810 quia
2615 741 2658 794 si
2710 741 2914 796 dixeris
2945 783 2959 808 ,
3019 741 3284 799 Dominus
3330 743 3514 810 Jesus,
3577 757 3635 800 et

2041 832 2344 888 credideris
2389 832 2444 886 in
2491 835 2655 888 corde
2711 842 2802 889 tuo
2885 834 3055 889 Deum
3103 838 3372 891 excitasse
3427 837 3634 892 illuma

2042 927 2290 991 mortuis,
2328 926 2510 982 salvus
2551 927 2681 984 eris.
2723 926 2900 982 Corde
2922 928 3067 983 enim
3106 927 3348 985 creditur
3379 929 3444 984 ad
3473 929 3634 1000 justi-

2041 1020 2193 1084 tiam,
2232 1034 2330 1073 ore
2363 1029 2544 1074 autem
2577 1020 2636 1073 fit
2667 1021 2938 1076 confessio
2977 1023 3042 1075 ad
3093 1021 3321 1080 salutem
3342 1024 3409 1078 ".
3441 1043 3463 1077 ι
3526 1025 3635 1078 Ac-

2038 1111 2282 1181 cepitnus
2301 1113 2483 1183 itaque
2506 1127 2536 1165 a
2555 1113 2664 1166 Deo
2680 1113 2902 1166 verbum
2930 1113 3054 1169 fidei
3075 1114 3191 1170 sive
3203 1115 3630 1181 confessionem;

2036 1204 2180 1275 quod
2247 1205 2467 1276 quidem
2518 1205 2757 1260 salutare
2790 1215 2896 1271 est,
2945 1217 3001 1261 et
3041 1205 3308 1276 justitiam
3354 1209 3631 1264 conciliat.

2035 1293 2305 1350 Justiﬂcat
2329 1295 2474 1349 enim
2505 1296 2587 1350 sic
2627 1295 2856 1365 impium
2895 1296 3175 1362 Christus,
3205 1299 3296 1368 qui
3355 1307 3410 1354 et
3454 1298 3634 1368 palam

2035 1387 2312 1442 clamitat:
2340 1405 2360 1438 ι
2389 1385 2532 1443 Ecce
2556 1388 2729 1442 delevi
2763 1399 2821 1443 ut
2851 1392 3050 1445 nubem
3074 1391 3390 1461 iniquitates
3410 1403 3551 1457 tuas,
3580 1401 3636 1445 et

2034 1488 2094 1533 ut
2118 1479 2411 1549 caliginem
2449 1492 2673 1550 peccata
2715 1492 2832 1537 tua.
2859 1502 2880 1535 ι
2952 1483 3067 1539 Hoc
3129 1486 3356 1539 verbum
3411 1484 3534 1539 ﬁdei
3579 1486 3634 1538 in

2033 1571 2186 1626 nobis
2203 1573 2310 1626 erit
2335 1579 2618 1643 perpetuo,
2636 1582 2690 1628 et
2718 1575 2783 1630 de
2795 1590 2891 1631 ore
2913 1584 3103 1630 nOStro
3131 1589 3236 1630 non
3261 1575 3518 1640 cessabit,
3540 1576 3637 1630 sed

2033 1661 2160 1716 illud
2181 1663 2248 1717 ad
2271 1664 2648 1733 posteritatem
2679 1678 2852 1734 usque
2885 1666 3343 1721 transmittemus.
3375 1663 3468 1720 Sic
3489 1665 3635 1720 enim

332 1761 625 1833 πρόξενον·
677 1760 876 1813 δικαιοῖ
929 1759 1036 1828 γὰρ
1081 1756 1226 1810 οῦτω
1257 1756 1352 1810 τὸν
1389 1757 1564 1828 ἀσεϐῆ
1604 1758 1860 1828 Χριστὸς,
1899 1759 1928 1810 6

2041 1751 2472 1814 iustiﬁcabuntur
2486 1765 2540 1811 et
2555 1757 2778 1825 posteri.
2799 1757 2857 1813 Si
2887 1760 3034 1814 enim
3057 1773 3274 1829 semper
3294 1758 3544 1813 Christus
3566 1757 3640 1812 sit

317 1856 434 1907 -καὶ
482 1852 652 1907 πάλαι
698 1851 856 1922 βοῶν,
911 1869 929 1902 t
969 1851 1102 1904 Ἰδοὺ
1133 1850 1412 1920 ἀπήλειψα
1461 1851 1536 1914 ὼς
1564 1850 1798 1923 νεφέλην
1827 1850 1926 1914 τὰς

2041 1851 2084 1898 et
2101 1843 2242 1901 Deus
2259 1857 2312 1902 et
2343 1847 2634 1914 Dominus,
2666 1865 2942 1920 nunquam
2973 1852 3179 1907 desinet
3211 1849 3334 1906 fidei
3363 1851 3479 1916 ejus
3501 1865 3636 1906 con-

331 1943 570 2015 ἀνομίας
600 1913 715 2008 σου,
766 1913 864 1995 καλ
913 1940 989 2004 ὡς
1034 1913 1246 2009 γνόφον¹
1278 1940 1378 2004 τὰς
1423 1913 1703 2012 ἁμαρτίας
1752 1913 1865 1995 σου.

2041 1938 2199 1995 fessio
2245 1941 2385 2010 apud
2426 1955 2521 1996 eos
2571 1941 2660 2011 qui
2681 1941 2825 1998 illius
2852 1944 3249 2013 apparitionem
3272 1955 3632 2014 agnoverunt.

330 2039 508 2095 Τοῦτο
569 2038 632 2091 τὸ
674 2038 828 2108 ρἧα
879 2035 978 2106 τῆς
1029 2036 1267 2097 πίστεως
1320 2037 1379 2088 ὲν
1440 2037 1576 2106 ἡμῖν
1627 2034 1768 2089 ἔστω
1831 2035 1924 2105 (1)
1998 2033 2287 2106 διηνεκῶς,
2336 2037 2430 2090 καὶ
2487 2037 2552 2090 ὲκ
2616 2035 2711 2089 τοῦ
2757 2036 3024 2108 στόματος
3105 2034 3264 2110 ἡμῶν
3312 2039 3372 2092 οὐ
3425 2039 3638 2091 πεπαύ-

331 2149 509 2186 σεται.
589 2128 1045 2203 Παραπέμψομεν
1113 2127 1170 2181 δὲ
1221 2127 1354 2181 αὐτὸ
1418 2131 1499 2192 είς
1563 2129 1758 2198 γενεὰς
1827 2128 2053 2197 γενεῶν,
2117 2129 2574 2201 δικαιωθήσονται
2615 2129 2727 2203 γὰρ
2799 2131 2943 2186 οῦτω
3013 2132 3106 2186 καὶ
3176 2133 3225 2185 οἱ
3297 2132 3414 2203 μεθ’
3465 2134 3634 2206 ἡμᾶς.

326 2232 396 2285 Εἰ
443 2229 554 2299 γὰρ
583 2227 672 2281 ἀεὶ
697 2225 934 2298 Χριστὸς
1003 2224 1095 2278 καὶ
1125 2223 1242 2277 ἐστι
1271 2224 1405 2288 Θεὸς
1451 2224 1548 2277 καὶ
1593 2223 1822 2295 Κύριος,
1865 2225 1926 2278 οὐ
2007 2224 2303 2297 καταλήξει
2337 2225 2559 2281 πώποτε
2602 2228 2705 2300 τῆς
2752 2229 2833 2292 είς
2901 2229 3065 2283 αὑτὸν
3104 2229 3342 2294 πίστεως
3385 2231 3640 2302 ήὸμολο-

325 2327 450 2396 γία,
483 2319 637 2392 παρά
667 2321 781 2382 τοῖς
814 2315 1152 2385 ἐπεγνωκόσι
1183 2315 1280 2387 τὴν
1308 2316 1634 2385 ἐπιφάνειαν
1669 2316 1859 2370 αὐτοῦ.

402 2408 684 2478 Φωτίζου,
713 2406 993 2480 φωτίζον,
1033 2405 1472 2477 Ἰερουσαλὴμ,
1506 2405 1643 2475 ἣκει
1678 2406 1788 2476 γάρ
1810 2420 1928 2462 σου

323 2510 396 2564 τὸ
435 2505 583 2577 φῶς,
612 2503 712 2556 καὶ
742 2501 782 2570 ή
818 2499 968 2564 δόξα
997 2498 1221 2566 Κυρίου
1259 2497 1358 2550 ἐπὶ
1387 2495 1464 2550 σὲ
1499 2496 1926 2550 ἀνατέταλκεν.

337 2602 494 2660 Ἰδοὺ
527 2600 640 2671 γὰρ
681 2601 906 2659 σκότος
945 2594 1044 2646 καί
1103 2593 1330 2662 γνόφος
1362 2590 1626 2658 καλύψει
1665 2586 1787 2656 γῆν
1836 2585 1933 2640 ἐπ’

323 2698 480 2763 ἔθνη
507 2710 520 2724 ι
548 2690 651 2746 ἐπὶ
689 2689 759 2743 δέ
783 2705 859 2742 σε
894 2685 1235 2757 φανήσεται
1285 2686 1523 2754 Κύριος,
1553 2685 1652 2738 καὶ
1684 2685 1724 2752 ἡ
1781 2681 1932 2746 δόξα

324 2785 518 2842 αὑτοῦ
565 2781 663 2837 ἐπὶ
687 2781 763 2835 σὲ
788 2777 1139 2849 ὀφθήσεται.
1171 2777 1282 2834 Kal
1315 2777 1719 2846 πορεύσονται
1745 2774 1929 2839 ,Βασι-

324 2880 462 2946 λεῖς
489 2876 570 2943 τῷ
591 2875 742 2946 φωτί
765 2889 904 2938 σου,
932 2857 1031 2926 καὶ
1053 2871 1200 2938 ἔθνη
1230 2868 1305 2938 τῇ
1343 2867 1723 2938 λαμπρότητι
1752 2882 1889 2921 σου.

415 2970 505 3033 Ὠς
537 2967 790 3036 δοθείσης
821 2963 924 3034 τῆς
976 2960 1312 3031 ἐπαγγελίας
1343 2959 1439 3014 τοῦ
1485 2961 1570 3014 ὅτι
1623 2959 1933 3031 σωθήσεται

329 3063 477 3119 κατά
505 3061 732 3134 καιροὺς
753 3059 782 3112 6
821 3055 1056 3126 Ἰσραὴλ,
1085 3055 1392 3126 ἀνασκιρτᾷ
1423 3053 1625 3125 τρόπον
1645 3050 1769 3106 τινὰ
1794 3051 1932 3123 πρὸς

327 3155 601 3228 εὐθυμίαν
651 3153 680 3206 ό
737 3151 894 3218 λόγος
954 3150 1012 3200 ὲν
1059 3147 1270 3211 τούτοις
1312 3148 1447 3218 ἡμῖν
1486 3147 1515 3199 6
1570 3144 1933 3217 προφητικὺς,

2109 2403 2240 2460 Car.
2268 2402 2381 2458 LX.
2423 2401 2588 2458 Vens.
2613 2405 2730 2458 1-5.
2753 2403 3094 2475 Illuminare,
3127 2407 3450 2479 illuminare,
3474 2414 3638 2469 Jeru-

2037 2497 2201 2552 salem
2230 2511 2250 2550 .'
2287 2497 2424 2550 venit
2451 2499 2590 2550 enim
2623 2507 2714 2551 tua
2746 2497 2873 2563 lux,
2908 2513 2954 2553 et
2989 2501 3163 2570 gloria
3194 2501 3413 2558 Domini
3479 2524 3642 2574 super

2052 2601 2103 2644 te
2137 2598 2257 2644 orta
2283 2597 2380 2644 est.
2411 2587 2550 2644 Ecce
2578 2591 2716 2644 enim
2737 2593 2961 2646 tenebrae
2998 2605 3044 2646 et
3073 2593 3243 2664 caligo
3269 2597 3462 2666 aperiet
3528 2609 3638 2652 ter-

2041 2699 2155 2737 ram
2185 2699 2344 2751 super
2375 2692 2570 2752 gentes.
2607 2680 2775 2751 Super
2805 2695 2853 2736 te
2905 2695 3078 2739 autem
3119 2686 3389 2756 apparebit
3445 2689 3638 2746 Domi-

2043 2785 2230 2843 nus,et
2263 2774 2433 2845 gloria
2462 2775 2578 2844 ejus
2609 2776 2664 2829 in
2697 2785 2746 2828 te
2773 2775 3059 2831 videbitur.
3091 2778 3158 2832 Et
3183 2780 3527 2838 ambulabunt
3554 2800 3637 2838 re-

2043 2885 2132 2941 ges
2167 2869 2221 2922 in
2255 2867 2370 2922 luce
2393 2877 2508 2932 tua,
2543 2877 2594 2922 et
2623 2878 2799 2939 gentes
2823 2871 2878 2923 in
2918 2870 3196 2939 splendore
3222 2882 3333 2929 tuo.

2115 2958 2350 3015 Perinde
2365 2975 2430 3014 ac
2453 2959 2498 3016 si
2529 2961 2840 3031 promissio,
2877 2962 2946 3016 de
2961 2965 3231 3019 servando
3252 2965 3380 3021 olim
3402 2963 3628 3035 lsraele,

2055 3055 2182 3108 data
2217 3060 2386 3120 esset,
2413 3054 2653 3109 exsultat
2681 3054 3084 3124 quodammodo
3117 3057 3201 3112 hic
3232 3057 3389 3115 nobis
3416 3063 3643 3131 prophe-

2049 3145 2156 3200 tica
2196 3147 2395 3201 oratio.
2432 3145 2570 3201 Nam
2595 3157 2807 3202 tantum
2851 3162 2960 3204 non
3028 3165 3225 3221 magno
3269 3153 3523 3208 clamore
3584 3155 3640 3209 in

329 3247 620 3323 μονονουχὶ
652 3245 760 3317 γὰρ
787 3243 1032 3316 μεγάλην
1063 3243 1236 3314 αἴρων
1264 3243 1343 3305 είς
1370 3239 1503 3311 ὕψος
1524 3242 1624 3312 τὴν
1651 3239 1782 3312 βοὴν
1809 3241 1929 3292 ὲπι-

2041 3239 2209 3294 altum
2270 3239 2506 3308 sublato,
2581 3250 2834 3297 resonat:
2871 3261 2890 3293 ι
2959 3241 3294 3310 illuminare,
3358 3245 3639 3316 inquiens,

329 3342 672 3414 φθέγγεται·
733 3355 753 3389 ι
791 3334 1054 3401 Φωτίζου,
1117 3333 1379 3400 φωτίζου,
1421 3332 1617 3402 λέγων,
1663 3332 1787 3402 ἥκει
1825 3329 1934 3402 γάρ

330 3452 428 3492 σου
455 3434 517 3489 τδ
544 3433 682 3503 φῶς.
724 3451 743 3484 ι
773 3429 965 3499 Ἀθρει
999 3428 1055 3481 δὲ
1081 3429 1230 3490 ὅπως
1259 3425 1365 3498 πρό
1386 3443 1449 3495 γε
1470 3425 1580 3478 τῶν
1606 3424 1784 3478 ἄλλων
1820 3425 1935 3487 τοῖς

327 3527 393 3593 ἐξ
432 3524 653 3596 Ἰσραὴλ
682 3519 1081 3592 ὲκνεμηθέντος
1103 3518 1255 3591 παρά
1272 3517 1406 3571 Θεοῦ
1437 3516 1533 3570 τοῦ
1563 3514 1708 3569 θείου
1731 3514 1931 3585 φωτὸς,

325 3621 486 3692 δῆλον
514 3619 574 3672 δὲ
602 3617 686 3671 ὅτι
721 3614 818 3668 τοῦ
849 3613 939 3667 διὰ
964 3611 1229 3683 Χριστοῦ,
1253 3610 1336 3675 τὺ,
1359 3611 1483 3682 ἣκει
1519 3627 1612 3664 σου
1630 3608 1692 3662 τὸ
1727 3607 1864 3677 φῶς,
1906 3609 1934 3660 6

327 3713 622 3784 προφήτης
686 3707 850 3778 φησὶ,
897 3703 1180 3775 μονονουχὶ
1241 3702 1486 3774 παρόντα
1530 3699 1935 3755 καταδεικνύων

324 3806 517 3868 αὐτοῖς
573 3802 666 3856 τὸν
720 3799 892 3854 πάλαι
967 3798 1066 3867 μὲν
1113 3796 1202 3850 διὰ
1254 3796 1441 3867 νόμου,
1500 3794 1594 3848 καὶ¹
1636 3791 1936 3866 προφητῶν

327 3897 506 3966 ἁγίων
557 3889 1091 3965 προαπηγγελμένον
1121 3929 1136 3953 ,
1177 3887 1569 3959 ὲπιλάμῷαντα
1600 3886 1657 3939 δὲ
1698 3889 1812 3948 τοῖς
1840 3884 1936 3938 ἐπὶ

328 3989 438 4061 γῆς
484 3989 543 4040 ὲν
589 3984 842 4056 ἐσχάτοις
872 3980 967 4034 τοῦ
1015 3981 1214 4044 αἰῶνος
1252 3981 1464 4052 καιροῖς
1519 3977 1657 4049 μετά
1709 3975 1930 4048 σαρκός.

326 4082 502 4148 Δόξαν
529 4080 588 4135 δὲ
617 4079 826 4151 Κυρίου
852 4073 1306 4141 τὸν-ἐπιφανέντα
1322 4072 1511 4141 φησὶν,
1536 4067 1778 4122 ἀνέτειλε
1800 4067 1913 4136 γὰρ

327 4169 420 4228 οἶά
461 4189 548 4236 τις
567 4169 720 4240 ἥλιος
748 4169 778 4220 ὁ
806 4165 1042 4236 Χριστὸς
1068 4163 1207 4232 φωτὶ
1233 4161 1314 4232 τῷ
1349 4160 1478 4231 θείῳ
1511 4159 1608 4213 καὶ
1633 4158 1813 4229 νοητῷ
1837 4174 1936 4209 πε·-

334 4263 730 4340 ριαστράπτων
759 4259 830 4314 τὰ
863 4259 1180 4328 σύμπαντα,
1208 4255 1304 4308 καὶ
1325 4254 1426 4324 τῆς
1451 4249 1688 4322 ἀληθοῦς
1710 4250 1935 4318 θεογνω-

332 4361 457 4424 σίας
488 4357 702 4420 καθιεὶς
725 4355 826 4426 τὴν
852 4350 1048 4421 αἴγλην
1079 4350 1193 4412 τοῖς
1216 4344 1583 4417 ἐτοιμοτέροις
1615 4345 1695 4406 είς
1726 4342 1930 4396 πίστιν.

336 4453 497 4506 Ἐστι
517 4449 575 4504 δὲ
601 4449 696 4503 καὶ
710 4446 837 4513 δόξα
857 4444 953 4498 τοῦ
973 4439 1131 4506 Θεοῦ,
1150 4439 1246 4494 καὶ
1269 4437 1502 4508 Πατρός.
1521 4437 1610 4490 Ἐν
1633 4434 1784 4506 αὐτῷ
1803 4433 1933 4504 γὰρ,

333 4544 431 4599 καὶ
463 4541 535 4594 δι’
568 4534 760 4604 αὑτοῦ,
787 4536 880 4590 καὶ
921 4534 1017 4587 σὺν
1046 4529 1197 4600 αὐτῷ
1225 4528 1529 4594 δοξάζεται.
1563 4527 1856 4596 Ζωγραφεῖ
1879 4524 1939 4577 δὲ

2043 3331 2394 3386 illuminare:
2423 3332 2572 3385 venit
2623 3333 2768 3387 enim
2823 3341 2913 3387 tua
2949 3333 3062 3387 lux.
3098 3353 3118 3388 ι
3150 3333 3389 3390 Observa
3454 3349 3639 3394 autem

2039 3437 2152 3492 prae
2182 3421 2327 3486 aliis,
2359 3421 2486 3476 data
2515 3421 2781 3477 lsraeiitis
2829 3437 2859 3476 a
2914 3419 3029 3479 Deo
3081 3424 3263 3479 divina
3338 3427 3480 3493 luce,
3542 3443 3642 3498 per

2044 3514 2324 3568 Christum
2358 3509 2640 3579 videlicet,
2676 3513 3001 3585 prophetam
3061 3517 3278 3572 dicere:
3340 3517 3502 3575 Venit
3551 3531 3643 3576 tua

2039 3606 2406 3671 iux,~tantum
2440 3622 2546 3661 non
2579 3618 2904 3677 praesentem
2951 3622 3074 3664 esse
3132 3611 3430 3668 ostendens
3488 3628 3640 3678 elllll,

2042 3703 2135 3770 qui
2166 3699 2298 3754 olim
2327 3701 2381 3754 in
2407 3700 2526 3771 lege
2558 3711 2614 3755 et
2649 3715 2679 3755 a
2708 3701 2917 3757 sanctis
2943 3703 3226 3774 pr0phetis
3245 3708 3644 3774 praenuntiatus

2043 3803 2152 3857 est,
2194 3793 2398 3863 quique
2436 3792 2488 3846 in
2517 3807 2686 3848 carne
2711 3794 3004 3862 postremis
3062 3794 3248 3850 saaculi
3309 3799 3646 3867 temporibus

2043 3885 2218 3940 illuxit
2247 3884 2587 3941 mortalibus.
2615 3885 2892 3956 Vocatque
2923 3901 3046 3942 eum
3101 3889 3192 3958 qui
3221 3891 3496 3960 apparuit,
3540 3893 3646 3963 glo-

2043 3981 2179 4033 riam
2226 3978 2464 4033 Domini.
2490 3978 2657 4034 Ortus
2683 3979 2830 4033 enim
2861 3990 2944 4034 est
2967 3980 3219 4036 Christus
3249 3991 3511 4052 tanquam
3563 3986 3644 4039 sol

2043 4069 2412 4139 quidam,luce
2429 4067 2608 4124 divina
2629 4084 2694 4125 ac
2716 4070 3086 4142 intelligentiae
3099 4071 3423 4130 collustrans
3437 4078 3643 4143 omnia,

2041 4172 2097 4218 et
2121 4175 2268 4217 verat
2304 4161 2398 4218 Dei
2429 4163 2766 4233 cognitionis
2820 4163 3165 4234 splendorem
3207 4169 3644 4237 promptioribus

2039 4255 2108 4309 ad
2145 4253 2306 4310 ﬁdem
2371 4255 2805 4326 amplectendam
2858 4257 3181 4316 immittens.
3219 4260 3421 4331 Estque
3473 4263 3646 4332 gloria

2042 4347 2139 4404 Dei
2169 4359 2226 4404 et
2255 4347 2454 4405 Patris.
2488 4349 2544 4404 ln
2576 4349 2695 4421 ipso
2716 4350 2856 4405 enim
2893 4362 2949 4406 et
2979 4367 3074 4422 per
3103 4352 3279 4422 ipsum
3300 4363 3352 4408 et
3383 4371 3506 4408 cum
3527 4356 3646 4424 ipso

2041 4442 2396 4513 glorificatur.
2441 4442 2821 4513 Repraesentat
2857 4446 3003 4500 enim
3050 4457 3306 4516 tanquam
3350 4446 3402 4500 in
3425 4448 3647 4520 propria

2044 4544 2237 4588 natura
2286 4547 2408 4589 eum
2446 4537 2537 4604 qui
2575 4534 2751 4604 ipsum
2802 4538 3034 4607 peperit.
3069 4537 3136 4592 Et
3175 4549 3447 4608 quatenus
3492 4540 3650 4594 novi-

330 4635 530 4703 ὥσπερ
552 4634 610 4685 ἐν
638 4629 746 4700 ίδίᾳ
777 4626 937 4697 φύσει
970 4624 1063 4678 τὸν
1092 4622 1322 4677 τεκόντα
1343 4619 1528 4674 αὐτόν.
1563 4618 1675 4672 Καὶ
1708 4617 1931 4687 ἐπείπερ

2049 4642 2168 4682 mus
2187 4625 2408 4693 Filium,
2423 4627 2856 4698 contemplamur
2871 4631 3035 4684 etiam
3070 4630 3355 4701 peripsum
3376 4639 3432 4686 et
3459 4631 3511 4686 in
3527 4632 3647 4703 ipso

333 4725 665 4795 ἐγνώκαμεν
694 4721 784 4774 τὸν
819 4718 969 4782 Υἱὺν,
1003 4714 1311 4786 τεθεάμεθα
1343 4714 1401 4766 δὲ
1448 4711 1516 4766 δι’
1553 4711 1721 4765 αὐτοῦ
1756 4727 1815 4764 τε
1844 4708 1931 4762 καὶ

2048 4719 2228 4776 Patris
2248 4719 2711 4789 magnificentiam
2742 4730 2798 4777 et
2822 4720 3305 4794 incomparabilem
3338 4724 3510 4798 840
3531 4725 3648 4796 glo-

336 4822 397 4874 ὲν
423 4817 572 4888 αὐτῷ
604 4816 706 4888 τὴν
741 4811 1138 4886 μεγαλειότητα
1167 4806 1262 4862 τοῦ
1284 4806 1522 4877 Πατρὺς,
1556 4805 1651 4858 καὶ
1674 4803 1771 4874 τὴν
1797 4804 1931 4857 ἀπα-

2050 4811 2223 4879 riam,
2261 4820 2315 4867 et
2341 4812 2539 4866 divinae
2574 4812 2920 4869 auctoritatis
2952 4815 3343 4886 dignitatisque
3375 4827 3645 4887 praestan-

338 4911 612 4985 ράὖλητον
633 4906 814 4972 δόξαν,
851 4907 946 4960 καὶ
974 4902 1084 4957 τῶν
1114 4898 1438 4972 θεοπρεπῶν
1479 4898 1810 4969 ἀξιωμάτων
1841 4897 1931 4970 τὴν

2050 4903 2501 4974 tiam.Siquidem
2523 4903 2773 4961 Christus
2790 4907 2984 4963 alicubi
3005 4910 3180 4964 dixit:
3214 4928 3232 4957 ι
3267 4909 3450 4973 Pater,
3475 4909 3647 4980 glori-

337 5002 641 5072 ὑπεροχήν.
683 4997 795 5050 Καὶ
854 4995 986 5064 γοῦν
1030 4995 1135 5065 ἔφη
1190 5010 1294 5046 που
1350 4989 1618 5062 Χριστός·
1670 5009 1688 5040 ι
1729 4988 1931 5061 Πάτερ,

2048 4995 2149 5049 lica
2178 5005 2327 5049 tuum
2351 4993 2568 5061 Filium,
2599 5007 2658 5050 ut
2679 4996 2848 5052 Filius
2869 5007 2988 5053 tuus
3012 4999 3279 5068 glorificet
3308 5009 3362 5055 te
3385 4998 3486 5054 ⁸⁸.»
3515 4999 3643 5055 Visa

334 5094 562 5160 δόξασόν
588 5109 681 5144 σου
714 5089 806 5142 τὸν
832 5089 980 5152 Υἰὺν,
1011 5087 1099 5141 ἵνα
1129 5086 1222 5140 καὶ
1243 5087 1272 5137 6
1301 5083 1427 5148 Υἱός
1459 5099 1551 5136 σου
1577 5081 1780 5153 δοξάσῃ
1819 5099 1931 5134 σε.»

2049 5097 2137 5143 eSt
2159 5088 2344 5157 itaque
2368 5089 2423 5144 in
2448 5087 2784 5160 nobisgloria
2802 5089 2894 5145 Dei
2911 5100 2966 5145 et
2990 5090 3191 5146 Patris.
3216 5091 3421 5149 Deinde
3450 5108 3643 5166 segre-

343 5186 524 5258 Ὠφθη
559 5185 740 5239 τοίνυν
770 5184 829 5236 ὲν
845 5183 980 5253 ἡμῖν
1020 5182 1054 5251 ἦ
1089 5179 1218 5245 δόξα
1246 5178 1341 5232 τοῦ
1379 5175 1517 5231 Θεοῦ
1564 5176 1659 5230 καὶ
1703 5176 1931 5248 Πατρὺς,

2051 5191 2180 5254 gato
2209 5184 2277 5238 ab
2310 5181 2432 5237 aliis
2459 5185 2714 5253 gentibus
2740 5185 2994 5240 omnibus
3023 5185 3247 5250 lsraele,
3278 5195 3336 5240 ut
3369 5185 3576 5242 eximie
3603 5203 3634 5241 a

339 5274 462 5331 εἶτα
489 5277 600 5330 τῶν
628 5273 810 5329 ἄλλων
836 5272 1098 5326 ἁπάντων
1146 5269 1317 5324 ἐθνῶν
1347 5266 1654 5339 ἀποκρίνας
1692 5266 1785 5320 τὸν
1837 5267 1931 5320 Ἰσ-

2053 5275 2165 5330 Deo
2196 5275 2249 5330 in
2286 5275 2493 5331 honore
2538 5290 2603 5331 ac
2648 5278 2824 5348 pretio
2855 5278 3066 5346 habito,
3114 5288 3282 5349 utque
3314 5279 3432 5352 ejus
3491 5290 3646 5335 sorte

343 5371 506 5444 ραὴλ,
558 5369 633 5438 ὡς
682 5369 979 5440 ἐξαιρέτως
1034 5365 1401 5438 τετιμημένον
1446 5365 1602 5436 παρὰ
1653 5362 1810 5426 Θεοῦ,
1848 5362 1931 5418 καί

2048 5381 2113 5422 ac
2135 5366 2474 5432 haereditate,
2491 5384 2654 5439 porro
2687 5369 2928 5435 addit,et
2968 5370 3162 5442 inquit:
3205 5372 3378 5428 «Ecce
3407 5371 3647 5430 tenebrat

343 5465 546 5536 κλῆρον
571 5463 704 5517 ὅντα
731 5460 919 5527 αὑτοῦ,
959 5459 1320 5531 προσεπάγει,
1361 5459 1458 5514 καὶ
1501 5458 1702 5528 φησίν·
1745 5475 1765 5510 ι
1808 5456 1931 5511 Ἰδοὺ

2045 5468 2101 5514 et
2157 5457 2334 5530 caligo
2396 5461 2647 5531 operient
2709 5473 2910 5518 terram
2951 5463 3363 5534 supergentes‘;
3397 5478 3562 5534 super
3594 5473 3648 5518 te

345 5558 542 5621 σκότος
592 5557 689 5612 καὶ
720 5555 921 5625 γνόφος
959 5551 1189 5623 καλύψει
1221 5552 1327 5624 γῆν
1365 5553 1453 5606 ἐπ’
1481 5551 1630 5622 ἔθνη,
1666 5550 1761 5604 ἐπὶ
1789 5549 1846 5602 δέ
1877 5565 1931 5602 σε

2047 5559 2228 5607 autem
2253 5550 2539 5621 apparebit
2565 5554 2848 5614 Dominus.
2865 5556 3129 5615 rNechaec
3140 5557 3295 5624 dicit,
3313 5555 3467 5627 quasi
3482 5554 3644 5612 Chri-

416 5734 461 5768 9'
496 5732 654 5790 Rom.
693 5749 750 5799 ι,
782 5729 937 5786 (ΜΟ.
1016 5730 1063 5761 ’⁸
1101 5731 1258 5783 Joan.
1297 5742 1431 5792 twn,
1467 5727 1520 5780 i.

418 5913 498 5983 (l)
536 5910 746 5967 lluml'r.
779 5911 955 5963 ἔσται.

710 6007 989 6069 Ριιτιιοι..
1039 6006 1156 6069 (in.
1204 6003 1408 6066 LXX.
3172 6002 3249 6064 42
