4140 6464
574 399 599 412 η
614 398 637 415 ἢ

545 403 560 454 l
578 400 675 454 ..3

538 522 624 568 sto
667 510 865 567 mundo
900 510 1265 578 illucescente,
1307 507 1543 566 tenebrae
1580 522 1677 580 per

540 605 780 677 sipandae
806 612 1017 660 essent:
1075 611 1203 659 sunt
1269 602 1413 658 enim
1480 600 1763 657 illustratae
1816 602 2012 673 potius,
2064 610 2120 657 et

539 695 755 767 pristini
802 694 1007 750 erroris
1059 693 1315 750 tenebras
1339 692 1678 765 abiecerunt.
1714 694 1785 750 At
1832 694 1928 763 qui
1985 694 2119 749 divi-

549 802 673 841 nam
727 786 1068 856 Scripturam
1113 785 1452 855 interpretati
1486 796 1634 852 sunt,
1669 785 1977 855 promiscue
2006 785 2122 842 red-

539 881 673 934 dunt
720 893 862 948 saepe
893 888 1159 948 tempora.
1202 876 1391 948 Itaque
1426 892 1525 947 pro
1580 895 1599 929 ι
1635 876 1811 950 Tegit,
1845 893 1866 931 ι
1924 891 2119 948 posue-

538 979 667 1027 runt
711 989 729 1022 ι
760 970 950 1041 Teget.
987 987 1007 1022 ι
1046 969 1251 1025 Verum
1311 980 1394 1023 est
1414 968 1561 1023 enim
1586 967 1805 1025 Christo
1844 984 1954 1040 pra:
2001 968 2121 1023 aliis

546 1063 803 1118 illucente
853 1058 1140 1125 lsraclitis,
1175 1060 1448 1115 detentum
1483 1058 1649 1114 fuisse
1684 1059 1933 1115 tenebris
1985 1073 2118 1130 gen-

542 1155 673 1211 tium
734 1153 1175 1215 multitudinem,
1238 1154 1474 1207 nondum
1548 1152 1808 1208 translata
1859 1152 1912 1208 in
1973 1152 2120 1222 ipsas

539 1245 734 1318 gratia.
774 1244 918 1301 Ecce
946 1244 1134 1315 igitur,
1169 1243 1365 1313 inquit,
1406 1247 1623 1300 obtecta
1654 1252 1739 1299 est
1780 1241 2021 1298 tenebris
2065 1250 2120 1298 et

539 1339 790 1409 caligine,
825 1337 1179 1408 ignorationis
1251 1336 1460 1390 scilicet
1509 1343 1564 1389 et
1612 1334 1838 1395 erroris,
1871 1332 2120 1390 universa

544 1436 687 1482 terra
715 1427 977 1496 gentium.
1007 1424 1182 1494 Super
1212 1431 1264 1477 te
1289 1434 1469 1477 autem
1502 1424 1781 1492 apparebit
1810 1422 2115 1488 Dominus;

539 1520 719 1576 illuxit
746 1518 913 1583 enim,
945 1526 1005 1571 ut
1034 1515 1168 1581 dixi,
1215 1513 1321 1570 illis
1354 1523 1409 1569 et
1478 1514 1695 1585 quidem
1748 1514 2002 1584 primum,
2066 1522 2122 1570 et

539 1612 709 1683 gloria
779 1612 895 1677 ejus
961 1608 1073 1681 visa
1123 1616 1228 1671 est,
1292 1605 1488 1659 eximia
1545 1605 1916 1675 magnitudine
1990 1620 2123 1677 ope-

539 1718 681 1766 rum,
732 1700 1010 1770 signorum
1104 1707 1159 1767 et
1214 1696 1466 1767 prodigii.
1533 1696 1686 1768 Apud
1736 1712 1831 1753 eos
1865 1696 2123 1768 'namque

536 1792 795 1848 miracula
829 1789 1017 1856 edidit,
1072 1799 1131 1845 ut
1159 1790 1325 1858 Deus,
1362 1789 1557 1860 partim
1596 1800 1837 1846 mortuos
1869 1805 1901 1846 a
1930 1806 2121 1847 monu-

1567 394 1624 451 S.
1666 391 1951 451 CYRILLI
1989 393 2455 451 ALEXANDRINI
2496 395 2813 453 ARCHIEP.

3658 399 3683 454 1
3693 399 3798 455 εει

1755 517 1944 581 gentes
2011 509 2120 566 dis-
2148 522 2194 577 Α
2224 509 2525 581 φανήσεται
2549 510 2774 581 Κύριος.
2817 528 2837 563 ι
2870 509 2981 564 Καὶ
3004 509 3102 581 οὐχ
3137 510 3212 572 ὡς
3249 509 3470 573 σκότους
3517 509 3801 580 μέλλοντος

2221 599 2684 654 κατασκίδνασθαι
2711 600 2821 655 τῶν
2845 599 3016 655 ἐθνῶν
3062 598 3469 671 ἐπιλάμψαντος
3502 600 3579 671 τῷ
3609 601 3802 674 κόσμῳ

2220 690 2483 764 Χριστοῦ,
2510 693 2580 746 τὰ
2598 691 2784 746 τοιάδε
2840 692 2974 764 φησὶ
2998 730 3015 756 ,
3046 691 3429 763 κατεφωτίσθη
3461 691 3518 745 δὲ
3575 693 3799 764 μᾶλλον,

2220 784 2314 838 καὶ
2358 786 2450 839 τὸν
2504 785 2607 855 τῆς
2657 784 2894 856 ἀρχαίας
2942 783 3159 855 ἀπάτης
3206 783 3551 856 ἀποβέϐληκε
3587 786 3799 843 σκότον.

2214 874 2615 949 ,Ἀδιαφοροῦσι
2673 877 2731 931 δέ
2765 877 3082 941 πλειστάκις
3133 876 3262 948 περὶ
3299 876 3397 949 τὴν
3436 877 3545 933 τῶν
3594 879 3803 951 χρόνων

2219 968 2475 1023 ἀπόδοσιν
2504 971 2554 1023 oi
2585 969 2684 1041 τὴν
2717 969 2867 1024 θείαν
2903 969 3393 1042 διερμηνεύσαντες
3421 970 3668 1042 Γραφήν.
3703 973 3804 1025 Teo

2221 1058 2432 1114 θείκασι
2460 1061 2662 1128 τοίνυν,
2681 1061 2803 1116 άντὶ
2829 1061 2924 1115 τοῦ
2951 1079 2970 1114 ι
2998 1061 3284 1130 καλύπτει,
3319 1079 3340 1114 ι
3358 1060 3420 1116 τὸ
3463 1080 3483 1114 ι
3513 1060 3797 1134 καλύψει.»

2235 1153 2459 1225 ’Δληθές
2487 1154 2598 1225 γὰρ
2627 1154 2709 1209 ὃτι
2741 1154 2838 1208 καὶ
2869 1153 3277 1225 ἐπιλάμψαντος
3300 1151 3397 1208 τοῦ
3426 1153 3684 1226 Χριστοῦ,
3706 1155 3803 1209 καὶ

2220 1245 2329 1318 πρό
2364 1263 2429 1316 γε
2470 1245 2580 1302 τῶν
2616 1245 2793 1302 ἄλλων
2822 1247 2936 1311 τοῖς
2982 1245 3042 1314 ἐξ
3099 1244 3334 1319 Ἰσραὴλ,
3384 1245 3466 1300 ἔτι
3493 1245 3805 1317 κεκράτητο

2221 1336 2398 1409 σκότῳ
2434 1337 2542 1393 τῶν
2594 1336 2766 1393 ἐθνῶν
2802 1340 2838 1411 η
2890 1336 3123 1410 πληθὺς,
3178 1335 3331 1391 οὔπω
3372 1336 3799 1409 μετατιθεμένης
3866 1329 3870 1333 ’

2219 1428 2307 1481 ἐπ’
2335 1430 2478 1484 αὐτὰ
2512 1430 2609 1501 τῆς
2638 1430 2879 1502 χάριτος.
2896 1430 3029 1484 Ἰδοὺ
3055 1429 3258 1496 τοίνυν,
3276 1427 3429 1500 φησὶ,
3460 1428 3801 1483 κεκάλυπται

2223 1520 2399 1591 σκότῳ
2431 1522 2526 1576 καὶ
2548 1522 2734 1593 γνόφῳ
2752 1565 2768 1591 ,
2793 1524 2894 1593 τῆς
2925 1519 3164 1593 ἀμαθίας
3182 1521 3444 1594 δηλονότι,
3477 1520 3574 1576 καὶ
3596 1520 3673 1593 τῷ
3699 1522 3802 1591 τῆς

2221 1614 2452 1686 πλάνης,
2479 1617 2515 1687 η
2540 1616 2612 1688 γῆ
2649 1618 2803 1672 πᾶσα
2832 1617 2941 1671 τῶν
2974 1616 3165 1681 ἐθνῶν,
3204 1614 3300 1669 ἐπὶ
3324 1615 3383 1669 δέ
3407 1614 3469 1669 σὲ
3497 1615 3803 1686 φανήσεται

2220 1704 2448 1779 Κύριος,
2484 1707 2768 1779 ἐπέλαμψε
2797 1707 2930 1779 γὰρ,
2948 1707 3026 1771 ὡς
3056 1705 3423 1778 ἐφη»,αύτοῑς,
3448 1706 3544 1759 καὶ
3567 1705 3804 1777 πρώτως

2221 1797 2377 1870 ὤφθη
2405 1814 2466 1852 τε
2495 1799 2679 1864 αὐτοῖς
2707 1801 2740 1871 ἠ
2773 1798 2900 1866 δόξα
2929 1798 3118 1863 αὐτοῦ,
3149 1798 3239 1853 διὰ
3263 1798 3365 1868 τῆς
3392 1796 3674 1869 ἐξαιρέτου
3701 1815 3804 1869 με-

530 1886 734 1943 mentis
769 1884 1076 1940 suscitans:
1123 1881 1321 1952 partim
1397 1896 1664 1937 caecorum
1722 1879 1895 1939 oculis
1941 1881 2119 1939 lumen

2221 1888 2575 1961 γαλουργίας,
2605 1891 2699 1944 καὶ
2729 1891 2974 1963 σημείων
2992 1928 3008 1956 ,
3051 1889 3146 1955 καὶ¹
3196 1891 3461 1961 τεράτων.
3510 1889 3800 1962 Τεθαυμα-

526 1977 854 2040 imminens,
897 1974 1140 2045 leprosos
1169 1972 1469 2028 emundans
1504 1981 1666 2039 nutu,
1711 1973 1983 2030 daemones
2036 1974 2121 2030 in-

536 2083 766 2139 crepans
789 2082 912 2122 cum
958 2064 1305 2130 auctoritate,
1321 2073 1377 2119 et
1411 2063 1620 2119 nullum
1646 2064 1868 2120 omnino
1901 2065 2121 2120 modum

536 2160 982 2232 praetermittens,
1033 2158 1100 2211 ad
1158 2156 1316 2211 ﬁdem
1386 2154 1714 2222 faciendam,
1794 2157 2123 2226 persuaden-

539 2257 773 2323 dumque
800 2267 857 2307 se
876 2264 1003 2306 vere
1022 2247 1186 2304 Deum
1203 2263 1347 2314 esse,
1375 2255 1429 2302 et
1449 2248 1539 2302 Dei
1570 2248 1870 2304 naturalem
1900 2248 2117 2304 Filium.

544 2365 562 2398 s
593 2346 657 2400 Et
692 2343 1062 2408 ambulabttnt,
1100 2341 1292 2413 inquit,
1326 2354 1481 2412 reges
1517 2341 1568 2395 in
1598 2340 1715 2395 luce
1759 2349 1870 2407 tua,
1903 2350 1957 2398 et
1994 2354 2125 2412 gen-

541 2448 621 2492 tes
655 2438 707 2491 in
744 2435 1030 2506 splendore
1084 2445 1193 2488 tuo.
1234 2451 1254 2485 ο
1315 2432 1569 2488 Adnectit
1619 2433 1815 2488 iterum
1860 2433 2121 2505 propheta

536 2529 849 2585 visitationio
886 2525 1254 2581 lsraelitarum
1345 2526 1584 2595 gentium
1652 2528 2026 2596 vocationem,
2064 2538 2123 2583 ut

536 2619 775 2681 videant,
828 2615 871 2672 sl
902 2625 1252 2670 contemnant.
1280 2614 1377 2684 ipsi
1438 2629 1535 2671 sua
1596 2616 1957 2673 inobedientia
2015 2617 2123 2674 Re-

536 2714 894 2780 demptorem,
951 2715 1006 2762 et
1041 2704 1289 2760 resiliunt
1353 2705 1422 2760 ab
1469 2705 1587 2776 ejus
1637 2705 1949 2775 dilectione,
1997 2724 2119 2764 cum

536 2805 730 2873 cupitis
779 2802 859 2856 sui
888 2800 1109 2855 interitu
1157 2814 1217 2854 se
1254 2813 1358 2853 non
1406 2797 1523 2853 fore
1572 2799 1888 2854 destitutum
1950 2801 2123 2857 culto-

538 2896 708 2960 ribus,
740 2893 833 2949 sed
861 2901 1052 2962 gentes
1086 2892 1266 2961 potius
1294 2899 1349 2944 et
1375 2904 1530 2961 reges
1578 2904 1679 2969 per
1738 2891 1895 2946 Iidem
1949 2892 2121 2949 addu-

536 3001 771 3044 eturum.
812 2984 870 3040 In
904 2984 1188 3055 splendore
1237 2983 1381 3037 enim
1439 2983 1565 3037 dato
1630 2982 1747 3048 tibi,
1801 2982 2001 3053 inquit,
2067 2985 2121 3041 id

539 3084 644 3141 est,
668 3076 721 3129 in
746 3072 1105 3128 illustratiuue
1132 3086 1226 3142 per
1255 3070 1554 3136 Christum,
1590 3072 1944 3128 ambulabunt
1968 3089 2121 3144 reges

538 3179 595 3223 et
636 3176 842 3239 gentes.
888 3165 1088 3233 Atquo
1119 3162 1524 3218 ambulabunt?
1575 3163 1641 3217 ad
1683 3163 1910 3219 salutem
1972 3166 2120 3222 vide-

2220 1982 2494 2055 τούργηκε
2521 1983 2629 2056 γὰρ
2646 1983 2722 2048 ὼς
2748 1982 2880 2048 Θεὸς
2900 1986 3028 2055 παρ’
3054 1984 3257 2047 αὐτοῖς,
3273 1981 3431 2036 τοῦτο
3451 1982 3550 2053 μὲν
3573 1983 3800 2055 νεκροὺς

2220 2074 2445 2140 ἀνιστὰς
2472 2076 2538 2130 ἐκ
2573 2074 2892 2147 μνημάτων,
2923 2074 3081 2128 τοῦτο
3101 2074 3159 2129 δὲ
3178 2073 3397 2144 τυφλῶν
3425 2074 3721 2144 ὀφθαλμοῖς
3738 2074 3802 2127 τὸ

2221 2166 2338 2238 φῶς
2367 2167 2567 2234 ἐνιεὶς,
2620 2167 2858 2240 λεπροὺς
2882 2165 3228 2239 ἐκκαθαίρων
3268 2153 3517 2236 νεύματι,
3550 2166 3802 2237 δαίμοσιν

2220 2257 2566 2331 ἐπιπλήττων
2611 2259 2730 2331 μετ’
2778 2258 3045 2325 ἐξουσίας,
3102 2260 3196 2315 καὶ
3230 2258 3567 2326 ἁπαξαπλῶς
3607 2258 3803 2312 οὐδένα

2219 2350 2421 2421 τρόπον
2448 2351 2629 2421 ἀφεὶς,
2653 2351 2712 2415 ὃς
2730 2347 2799 2423 ἦν
2829 2351 3011 2415 ίγανδς
3038 2352 3118 2415 είς
3146 2349 3538 2424 πληροφορίαν,
3562 2350 3644 2405 ὅτι
3667 2350 3803 2414 Θεός

2221 2442 2340 2495 ἐστι
2376 2441 2519 2496 κατὰ
2546 2440 2826 2512 ἀλήθειαν,
2878 2440 2977 2496 καὶ
3005 2440 3141 2495 Θεοῦ
3176 2439 3269 2495 τοῦ
3295 2439 3435 2495 κατὰ
3464 2438 3625 2510 φύσιν
3649 2438 3800 2500 Υίός.

2226 2547 2247 2582 ι
2284 2531 2648 2601 Πορεύσονται
2687 2532 2764 2598 δὲ,
2798 2532 2953 2604 φησὶ,
2988 2531 3225 2602 βασιλεῖς
3262 2532 3338 2603 τῷ
3377 2530 3516 2603 φωτί
3555 2547 3672 2593 σου,
3704 2529 3804 2582 καὶ

2220 2623 2347 2695 ἔθνη
2376 2627 2442 2695 τῇ
2477 2622 2822 2696 λαμπρότητι
2857 2641 2972 2677 σου.
3013 2643 3031 2675 ι
3073 2623 3347 2678 Συνάπτει
3394 2622 3558 2677 πάλιν
3598 2622 3628 2675 ό
3664 2638 3802 2691 προ-

2221 2718 2399 2786 φήτης
2436 2718 2503 2785 τῇ
2534 2715 2820 2786 ἐπισκέψει
2874 2715 2981 2768 τῶν
3034 2715 3095 2782 ἐξ
3154 2714 3391 2786 Ἰσραὴλ,
3445 2714 3540 2769 καὶ
3564 2713 3665 2788 τὴν
3690 2716 3804 2772 τῶν

2221 2805 2393 2861 ἐθνῶν
2414 2805 2630 2878 κλῆσιν,
2663 2806 2730 2862 ἵν’
2756 2806 2964 2872 εἰδοῐεν,
2989 2808 3072 2861 ὅτι
3096 2807 3199 2862 κᾶν
3222 2810 3343 2873 ταῖς
3359 2807 3666 2875 ἁπειθείαις
3685 2811 3805 2864 ἀτι-

2224 2897 2469 2969 μάσωσιν
2491 2897 2648 2951 αὐτοὶ
2678 2898 2770 2951 τὸν
2795 2897 3111 2969 Λυτρωτὴν,
3139 2899 3237 2952 καὶ
3262 2898 3674 2970 άποπηδήσειαν
3702 2900 3810 2967 τῆς

2221 2991 2302 3054 είς
2334 2988 2496 3042 αὐτὸν
2524 2989 2768 3060 ἀγάπης,
2804 2991 2890 3044 ἐπ’
2934 2989 3142 3062 ὀλέθρῳ
3187 2990 3289 3060 τῆς
3322 2990 3502 3046 αὐτῶν
3536 2992 3801 3061 κεφαλῆς,

2220 3080 2426 3154 ἔρημος
2445 3081 2547 3135 οὐκ
2576 3082 2729 3135 ἔσται
2758 3082 3178 3153 προσκυνητῶν,,
3217 3081 3543 3151 σαγηνεύσει
3565 3082 3621 3135 δὲ
3659 3082 3802 3153 μᾶλ-

2219 3170 2311 3228 λον
2337 3172 2426 3227 διὰ
2451 3173 2552 3243 τῆς
2570 3174 2826 3237 πίστεως,
2840 3173 2965 3244 ἐθνη
2990 3190 3050 3227 τε
3067 3174 3161 3227 καὶ
3187 3172 3446 3244 βασιλεῖςο
3462 3178 3526 3246 τῇ
3542 3173 3644 3246 γὰρ
3659 3176 3803 3243 λαμ-

536 3259 664 3315 licet
705 3274 801 3330 per
836 3255 1019 3320 ﬁdem,
1049 3253 1115 3309 ad
1149 3253 1441 3325 gloriosam
1475 3261 1529 3308 et
1598 3252 1976 3324 inculpabilem
2033 3256 2116 3311 vi-

2220 3265 2448 3338 πρότητι
2464 3268 2530 3337 τῇ
2542 3263 2758 3339 δοθείσῃ
2777 3281 2879 3332 σοι,
2895 3266 3051 3337 φησὶ,
3066 3265 3316 3319 τουτέστι
3337 3267 3415 3338 τῷ
3436 3266 3698 3337 φωτισμῷ
3722 3266 3805 3337 τῷ

540 3360 667 3415 tam,
723 3347 788 3402 ad
844 3346 1122 3402 sciendum
1143 3354 1199 3401 et
1231 3344 1615 3411 conﬁtendum,
1649 3346 1770 3416 quis
1797 3357 1989 3403 natura
2045 3348 2116 3404 sit

534 3458 598 3497 ac
638 3456 765 3496 vere
828 3441 1206 3495 universorum
1245 3436 1474 3493 Creator
1513 3449 1568 3494 et
1626 3438 1842 3510 Opifcx.
1904 3441 2114 3497 Adora-

536 3543 662 3589 runt
693 3546 928 3601 namque
979 3537 1286 3586 creaturam
1323 3543 1434 3598 prae
1488 3529 1770 3596 Creatore,
1843 3542 1900 3587 et
1954 3534 2114 3604 lignis

534 3638 598 3677 ac
620 3620 883 3691 lapidibus
912 3620 1113 3675 cultum
1144 3617 1520 3674 cxhibuerunt.
1553 3619 1659 3676 Sed
1698 3632 2003 3695 postquam,
2032 3625 2115 3680 in-

535 3715 673 3783 quit,
708 3712 827 3767 lucc
851 3712 943 3765 tibi
982 3709 1149 3783 84],
1183 3712 1309 3765 data
1351 3710 1601 3767 illustrati
1636 3723 1784 3777 sunt,
1819 3716 1984 3771 etiam
2010 3716 2113 3786 ipsi

540 3801 900 3860 ambulabunt.
941 3812 1088 3857 recta
1130 3810 1185 3858 et
1210 3804 1358 3874 regia
1379 3803 1487 3872 via,
1515 3803 1582 3859 ad
1633 3805 1839 3862 nullum
1907 3808 2117 3865 obicem

536 3897 591 3950 in
623 3893 801 3948 medio
840 3891 1113 3962 jacen‘tem
1169 3891 1553 3965 impingeutes,
1585 3895 1679 3951 sed
1714 3904 1772 3952 ut
1840 3896 1894 3952 in
1969 3897 2118 3955 clara

2221 3356 2372 3430 παρὰ
2399 3355 2661 3429 Χριστοῦ,
2692 3357 3047 3430 πορεύσονται
3073 3358 3311 3429 βασιλεῖς
3364 3360 3460 3414 καὶ
3489 3358 3633 3431 ἔθνη.
3661 3361 3804 3432 Πορ-

2219 3451 2465 3505 εύσονται
2488 3451 2545 3504 δὲ
2570 3451 2712 3518 ὃποι;
2737 3451 2831 3514 El;
2852 3453 2951 3523 τὴν
2975 3452 3062 3507 διὰ
3082 3452 3316 3517 πίστεως
3334 3452 3605 3523 σωτηρίαν
3626 3451 3809 3524 δηλον-

2217 3541 2325 3607 ότι,
2362 3543 2444 3608 είς
2481 3543 2681 3597 εὐκλεᾶ
2708 3542 2803 3597 καὶ
2835 3543 3134 3614 ἀμώμητον
3167 3543 3335 3614 ζωὴν,
3383 3545 3465 3607 είς
3502 3544 3565 3599 τὸ
3605 3544 3806 3598 είδέναι

2221 3635 2317 3687 καὶ
2353 3633 2653 3705 ὁμολογεῖν,
2672 3634 2755 3699 τίς
2776 3636 2805 3689 ό
2840 3633 2999 3704 φύσει
3020 3636 3113 3690 καὶ
3140 3635 3358 3707 άληθῶς
3386 3638 3503 3690 ἐστι
3530 3636 3640 3691 τῶν
3665 3635 3805 3690 ὅλων

2218 3725 2608 3798 Γενεσιουργὸς
2643 3726 2739 3780 καὶ
2765 3728 3037 3799 τεχνίτης.
3073 3728 3449 3799 Προσεκύνουν
3476 3729 3572 3799 μὲν
3596 3728 3705 3798 γὰρ
3733 3730 3801 3799 τῇ

2216 3818 2392 3871 κτίσει
2415 3818 2568 3890 παρὰ
2590 3818 2682 3873 τὸν
2707 3818 2992 3883 κτίσαντα,
3019 3821 3116 3874 καὶ
3143 3819 3342 3885 ξύλοις,
3374 3821 3469 3875 καὶ
3490 3820 3658 3885 λίθοις
3705 3821 3807 3876 άνο

2216 3906 2396 3978 ἧπτον
2429 3908 2491 3962 τὸ
2513 3909 2699 3973 σέϐας.
2735 3911 2956 3981 Ἐπειδὴ
2976 3910 3035 3966 δὲ
3063 3910 3142 3983 τῷ
3160 3910 3364 3966 δοθέντι
3386 3929 3468 3966 σοι
3492 3913 3635 3983 φωτὶ
3670 3930 3808 3968 κατ-

537 3985 656 4041 luce
687 3993 741 4039 et
768 3983 878 4049 die,
913 3985 1255 4053 quantumvis
1286 3986 1463 4041 noctis
1490 4000 1555 4043 ac
1588 3987 1935 4045 tenebrarum
1995 3989 2115 4061 ﬁlii,

2220 3999 2698 4072 ελαμπρύνθησαν,
2748 4001 2844 4056 καὶ
2895 4002 3069 4067 αὐτοὶ,
3103 4003 3258 4074 φησὶ,
3313 4002 3668 4074 πορεύσονται
3705 4004 3807 4075 τὴν

534 4074 717 4128 omnia
765 4072 1079 4128 offendicula
1112 4082 1618 4143 praetercurrentes.

2213 4088 2433 4144 εὐθεῖαν
2455 4093 2548 4145 καὶ
2574 4091 2858 4165 βασιλικὴν
2877 4093 3020 4159 ὁδὸν,
3045 4094 3221 4149 οὐδενὶ
3240 4095 3673 4168 προσπταίοντες
3693 4096 3808 4150 τῶν

535 4165 622 4219 διὰ
654 4165 819 4237 μέσου
867 4165 1157 4236 κειμένων,
1213 4165 1327 4221 ἀλλ’
1356 4167 1435 4231 ὡς
1471 4169 1531 4223 ὲν
1595 4169 1762 4243 αὗγῇ,
1808 4173 1902 4227 καὶ
1949 4175 2156 4249 ἡμέρᾳ,
2231 4180 2410 4236 καίτοι
2454 4184 2649 4248 νυκτὸς
2673 4226 2689 4253 ,
2722 4186 2819 4239 καὶ
2850 4184 3076 4251 σκότους
3114 4165 3423 4252 ὅντες-υἱοὶ
3447 4227 3464 4253 ,
3497 4190 3676 4245 πάντα
3732 4190 3809 4245 τὰ

538 4258 810 4315 σκάνδαλα
836 4258 1295 4332 παρατρέχοντες.

608 4354 771 4407 \‘Ens.
794 4350 918 4408 4-7.
967 4350 1106 4407 Leva
1136 4354 1192 4406 iu
1225 4354 1451 4409 circuitu
1487 4360 1667 4413 oculos
1713 4370 1853 4429 tuos,
1886 4370 1938 4417 et
2000 4363 2116 4418 uide

2287 4360 2467 4432 Ἆρον
2488 4365 2695 4433 κύκλῳ
2715 4364 2858 4431 τοὺς
2893 4366 3241 4437 ὀφθαλμούς
3262 4382 3401 4435 σου,
3422 4371 3521 4425 καί
3542 4371 3633 4426 ῑδε
3660 4390 3807 4430 συν·-

536 4454 877 4515 congregatos
924 4445 1115 4500 liberos
1155 4457 1293 4513 tuos.
1336 4444 1469 4503 Ecce
1503 4462 1749 4507 venerunt
1775 4454 1877 4522 ﬁlii
1934 4456 2014 4510 tui
2057 4456 2125 4512 de

536 4531 709 4599 longe,
745 4541 794 4585 et
829 4533 956 4598 ﬁlia:
986 4541 1091 4587 tute
1129 4550 1283 4600 super
1315 4536 1559 4594 humeros
1584 4543 1954 4609 portabuntur.
1974 4545 2121 4602 Tunc

539 4622 759 4685 videbis,
787 4632 832 4674 et
865 4621 1089 4688 timebis,
1130 4633 1176 4677 et
1203 4627 1432 4692 stupebis
1481 4630 1658 4697 corde,
1714 4633 1838 4702 quia
1895 4634 2123 4704 transfe-

537 4720 720 4765 rentur
749 4711 818 4765 ad
843 4722 891 4765 te
919 4712 1118 4767 divitiae
1157 4716 1321 4769 maris
1365 4726 1413 4770 et
1433 4724 1690 4789 gentium,
1712 4733 1760 4777 et
1783 4723 2117 4790 populorum,

538 4813 584 4857 et
621 4805 823 4858 venient
855 4808 924 4857 ad
964 4817 1015 4858 te
1045 4822 1223 4876 greges
1256 4809 1596 4874 camelorum,
1618 4823 1665 4863 et
1700 4813 1929 4880 operient
1965 4823 2015 4868 te
2032 4830 2122 4868 ca-

538 4897 660 4950 meli
701 4894 939 4950 Modiam
974 4907 1020 4951 et
1051 4894 1276 4968 Gephar.
1324 4897 1515 4955 Omnes
1563 4906 1625 4955 de
1672 4899 1847 4956 Sabba
1894 4908 2121 4974 venient,

539 4979 758 5047 ferentes
776 4996 967 5034 aurum
997 4990 1045 5036 et
1081 4983 1220 5049 thus,
1249 4983 1414 5049 {erant
1452 4990 1502 5038 et
1536 4985 1764 5054 lapidem
1803 4991 2118 5059 pretiosum,

538 5079 586 5122 et
619 5070 852 5125 salutare
871 5069 1086 5125 Domini
1110 5075 1519 5128 annuutiubuut.
1555 5076 1619 5128 Et
1648 5094 1820 5133 omnes
1847 5096 1961 5135 oves
2015 5081 2114 5138 Ce-

539 5157 638 5210 dar
661 5160 1115 5229 congregabantur
1147 5165 1215 5215 ad
1248 5171 1315 5226 te,
1349 5174 1396 5215 et
1429 5165 1614 5220 arietes
1647 5164 1890 5226 Nabeotlt
1920 5172 2117 5227 venient

540 5249 611 5303 ad
645 5260 714 5314 te,
744 5260 791 5303 et
822 5251 1105 5318 aﬁ‘erentur
1133 5255 1474 5324 acceptabilia
1504 5274 1660 5326 super
1729 5278 1879 5316 aram
1927 5280 2112 5330 meum,

540 5348 590 5391 et
614 5339 803 5394 domus
839 5337 1090 5396 orationis
1124 5360 1251 5397 mea:
1282 5347 1687 5415 glori/imbitur.

615 5624 905 5688 Aptissima
940 5633 995 5679 et
1025 5628 1422 5697 sapientissime
1452 5629 1757 5700 disponitur
1805 5635 1919 5689 haec
1988 5649 2113 5690 ora-

2218 4454 2449 4525 ηγμένα
2505 4455 2580 4511 τὰ
2616 4456 2800 4511 τέκνα
2842 4472 2986 4513 σου.
3060 4457 3205 4514 Ἰδοὺ
3252 4459 3438 4530 ἤκασι
3485 4462 3707 4532 πάντες
3745 4470 3805 4521 oi

2218 4548 2340 4600 υἱοί
2388 4562 2504 4601 σου
2555 4550 2878 4618 μακρόθεν,
2931 4550 3033 4604 καί
3084 4552 3145 4605 αι
3180 4553 3497 4622 θυγατέρες
3540 4571 3658 4610 σου
3702 4557 3803 4611 ἐπ’

2217 4636 2391 4706 ὤμων
2448 4637 2817 4706 άρθήσονται
2836 4657 2850 4671 ο
2908 4641 3043 4694 τότε
3100 4640 3257 4710 ὄψει,
3308 4643 3406 4697 καί
3452 4644 3803 4715 φοϐηθήσῃ,

2219 4728 2498 4798 ἐκστήσῃ
2529 4729 2603 4799 τῇ
2630 4730 2884 4799 διανοίᾳ,
2912 4731 3001 4786 ὅτι
3027 4733 3357 4801 μεταϐαλεῖ
3380 4737 3469 4801 εὶς
3507 4736 3585 4789 σὲ
3614 4737 3806 4791 πλοῦ-

2222 4837 2324 4885 τος
2348 4821 2686 4889 θαλάσσης,
2711 4823 2809 4878 καί
2841 4822 3051 4890 ἐθνῶν,
3086 4825 3184 4878 καί
3223 4824 3409 4889 λαῶν,
3443 4827 3543 4881 καὶ
3577 4826 3804 4895 ἥξουσί

2222 4926 2320 4964 σοι
2352 4912 2561 4983 ἀγέλαι
2591 4914 2900 4983 καμήλων,
2932 4916 3030 4970 καί
3061 4917 3416 4985 καλύψουσί
3437 4934 3511 4972 σε
3543 4918 3805 4988 κάμηλοι

2220 5002 2457 5071 Μαδιάμ
2500 5004 2597 5059 καὶ
2638 5004 2860 5075 Γεφάρ.
2909 5007 3140 5075 Πάντες
3186 5009 3257 5063 ἐκ
3301 5006 3498 5064 Σαϐϐᾶ
3553 5009 3801 5078 ἥξουσι,

2222 5092 2495 5161 φέροντες
2527 5097 2787 5164 χρυσίον
2816 5099 2917 5161 καί
2940 5100 3211 5164 λίϐανον,
3241 5101 3485 5155 οἴσουσι
3509 5102 3610 5156 καί
3625 5103 3807 5158 λίθον

2224 5183 2423 5251 τίμιον
2453 5187 2553 5255 (l),
2587 5187 2687 5241 καί
2705 5186 2773 5240 τὸ
2801 5189 3099 5258 σωτήριον
3129 5193 3352 5259 Κυρίου
3380 5193 3804 5263 εΰαηπλιοῦν-

2224 5291 2319 5328 ται
2340 5292 2353 5307 υ
2389 5276 2489 5330 καὶ
2528 5278 2725 5333 πάντα
2754 5280 2824 5333 τὰ
2847 5283 3115 5348 πρόϐατα
3143 5279 3347 5351 Κηδὰρ
3370 5282 3805 5352 συναχθήσον-

2222 5366 2320 5419 ταί
2349 5381 2471 5430 σοι,
2494 5368 2589 5422 καὶ
2614 5372 2668 5422 οἱ
2696 5370 2848 5438 κριοί
2881 5370 3152 5428 Ναϐαιὼθ
3179 5371 3402 5440 ἥξουσί
3431 5389 3550 5438 σοι,
3570 5372 3667 5427 καί
3695 5371 3804 5428 ἁν-

2223 5456 2647 5526 ενεχθήσονται
2668 5459 2844 5515 δεκτὰ
2866 5461 2963 5516 ἐπὶ
2993 5461 3059 5516 τὸ
3077 5463 3513 5533 θυσιαστήριόν
3527 5481 3670 5535 μου,
3696 5464 3809 5518 καὶ.

2224 5550 2257 5600 ό
2289 5545 2452 5615 οἶκος
2489 5547 2600 5617 τῆς
2622 5551 2970 5622 προσευχῆς
2983 5572 3102 5624 μου
3119 5554 3583 5626 δοξασθήσεται.

2295 5641 2617 5711 Οἰκονομίαν
2645 5643 2756 5714 ἔχει
2791 5645 3051 5717 πλείστην
3080 5664 3140 5700 τε
3168 5648 3303 5719 ὅσην
3346 5649 3438 5701 καὶ
3461 5649 3630 5718 σοφὴν
3657 5649 3685 5700 ό
3706 5646 3801 5699 λό-

618 5791 694 5861 (ι)
726 5798 975 5855 Οἵσουσι
1011 5804 1105 5857 καὶ
1144 5805 1317 5861 λίθον
1354 5809 1564 5869 τίμιον.
1600 5811 1801 5866 Desunt
1836 5811 1948 5867 haec
1974 5770 2137 5868 verba
2170 5813 2219 5867 in
2254 5814 2420 5871 LXX.
