4140 6504
417 435 557 493 15Ξῦ

1536 438 1603 495 ΙΝ
1644 436 1881 496 ιδΑιΑΜ
1925 438 2054 498 LIB.
2104 442 2164 499 V.
2207 442 2445 500 TOMUS
2484 440 2571 499 IV.

3572 451 3710 506 {5‘26

410 571 532 623 γος.
574 545 1001 619 Εὐαγγελίξεται
1030 551 1137 618 γὰρ
1169 548 1263 602 καὶ
1297 547 1396 620 τὴν
1439 549 1548 602 τῶν
1583 551 1751 605 ἐθνῶν
1793 553 2002 625 κλῆσιν,

2120 556 2208 609 ιῑο.
2249 555 2611 625 Evangelizat
2651 554 2796 607 enim
2829 554 3072 623 gentium
3101 556 3466 625 vocationem,
3497 568 3553 616 et
3580 562 3713 617 duo-

411 647 509 703 καὶ
537 642 648 695 τῶν
676 640 771 695 δύο
796 640 942 694 λαῶν
970 638 1069 711 τὴν
1088 640 1284 693 ἕνωσιν
1304 641 1363 694 ἐν
1389 642 1631 713 Χριστῷ,
1661 644 1756 697 καὶ
1790 647 1888 716 τῆς
1914 644 2008 698 τοῦ

406 737 579 806 νόμου
616 734 776 797 σκιᾶς
804 733 904 804 τὴν
942 733 1245 806 μεταϐολὴν
1287 735 1367 797 είς
1411 734 1670 806 λατρείαν
1719 754 2012 808 πνευματι-

407 830 535 900 κήν.
572 827 759 881 Πάντα
792 825 900 897 γὰρ
957 826 1016 879 ἐν
1046 824 1266 898 Χριστῷ
1320 826 1505 889 καινὰ,
1544 829 1635 881 καὶ
1691 828 1762 882 τὰ
1810 831 2012 901 ἀρχαῖα

404 913 711 986 παρῆλθεν,
749 912 933 968 ἔκτισε
966 914 1021 968 δὲ
1071 915 1235 979 αὐτὸς
1283 917 1411 980 τοὺς
1436 915 1529 970 δύο
1573 917 1736 982 λαοὺς
1786 921 1867 984 είς
1914 920 2014 974 ἕνα

400 1008 595 1062 καινὸν
628 1006 940 1080 ἄνθρωπον,
973 1007 1143 1061 ποιῶν
1169 1010 1394 1079 εἰρήνην
1418 1052 1432 1075 ,
1468 1012 1563 1064 καὶ
1592 1012 2010 1068 ἀποκαταλλάσ-

405 1118 520 1155 σων
549 1103 677 1164 τοὺς
699 1100 1044 1172 ἀμφοτέρους
1062 1101 1121 1154 ἐν
1142 1101 1222 1154 ἐνὶ
1246 1101 1460 1172 σώματι
1480 1103 1623 1174 πρὸς
1641 1104 1734 1158 τὸν
1765 1106 2007 1178 Πατέρα.

401 1195 631 1250 Τούτων
657 1195 916 1249 ἁπάντων
948 1196 1184 1249 ποιεῖται
1216 1196 1316 1267 τὴν
1352 1200 1778 1269 προαγόρευσιν,
1822 1202 1918 1253 καὶ
1943 1201 2006 1273 δή

403 1304 545 1357 φησι
601 1287 739 1359 πρὸς
776 1286 876 1359 τὴν
913 1288 1110 1359 νοητὴν
1149 1289 1509 1363 Ἰερουσαλὴμ
1535 1334 1549 1359 ,
1603 1294 1852 1348 τουτέστι
1911 1296 2010 1368 τὴν

417 1377 769 1449 Ἐκκλησίαν,
803 1379 904 1451 τὴν
942 1380 1037 1433 ἀπ’
1061 1381 1249 1452 ἀρχῆς
1286 1385 1563 1439 συστᾶσαν
1603 1385 1663 1453 ἐξ
1716 1388 2004 1444 ’1ουδαίων’

403 1472 620 1542 πρῶτοι
648 1473 756 1545 γὰρ
786 1474 940 1527 αὐτοὶ
966 1476 1419 1532 πεπιστεύκασιν’
1451 1498 1469 1530 ι
1493 1473 1666 1550 *Αρον
1684 1479 1869 1552 κύκλῳ
1884 1482 2009 1547 τοὺς

402 1564 723 1635 ὀφθαλμούς
764 1582 882 1631 σου,
939 1566 1029 1620 καὶ
1090 1566 1167 1621 ἴδε
1204 1568 1523 1640 συνηγμένα
1569 1568 1640 1624 τὰ
1680 1571 1848 1625 τέκνα
1888 1580 2006 1626 σου.

416 1659 552 1712 Ἰδοὺ
600 1659 710 1730 γᾶρ
741 1660 909 1729 ἦκασι
958 1661 1157 1724 πάντες
1193 1662 1298 1715 υἱοί
1343 1679 1437 1715 σου
1482 1663 1778 1734 μακρόθεν,
1829 1666 1923 1718 καὶ
1952 1666 2007 1718 αί

400 1749 711 1822 θυγατέρες
762 1770 855 1805 σου
886 1754 973 1805 ἐπ’
1002 1750 1166 1823 ῶμων
1195 1755 1550 1826 ἁρθήσονται.
1599 1776 1618 1808 ι
1680 1757 1767 1821 Ὦς
1805 1757 1915 1829 γὰρ
1945 1759 2009 1812 ἐκ

402 1845 614 1910 παντὸς
645 1844 831 1908 ἔθνους
846 1862 906 1899 τε
939 1849 1029 1900 καὶ
1048 1846 1235 1918 χώρας
1267 1848 1619 1919 συλλέγοντος
1640 1853 1766 1915 τοὺς
1787 1850 2011 1903 πιστεύ-

2115 641 2233 702 rum
2269 646 2584 717 populorum
2619 646 2670 701 lu
2706 644 2928 701 Christo
2959 646 3241 714 unionem,
3276 660 3326 726 et
3354 648 3545 721 legalis
3593 671 3713 711 um-

2114 741 2226 796 bra
2266 740 2319 794 in
2346 739 2680 809 spiritualem
2703 738 2907 795 cultum
2939 740 3316 796 mutationem.
3352 741 3543 800 Omnia
3564 749 3710 803 enim

2115 830 2165 885 iu
2190 829 2411 887 Christo
2432 844 2592 898 nova,
2623 840 2680 885 et
2744 840 2927 887 vetera
2968 831 3385 901 prteterierunt;
3440 837 3713 894 condidit.

2113 938 2219 993 que
2248 923 2385 979 duos
2415 921 2532 979 illos
2568 922 2796 994 populos
2822 922 2875 976 in
2909 937 3074 977 unum
3116 938 3338 980 novum
3403 927 3708 994 hominem,

2113 1028 2308 1071 creans
2342 1030 2550 1085 pacem,
2582 1024 2638 1071 et
2663 1015 3023 1070 reconcilians
3054 1016 3247 1073 ambos
3309 1017 3363 1072 in
3418 1030 3528 1075 uno
3585 1036 3710 1077 cor-

2112 1122 2265 1176 pore,
2305 1106 2448 1177 apnd
2475 1106 2716 1163 Patrem.
2759 1105 2960 1161 Horum
2989 1107 3234 1163 omnium
3302 1111 3706 1180 praedictionem

2112 1200 2261 1266 facit,
2291 1208 2346 1255 et
2386 1199 2778 1270 intelligibilem
2810 1197 3134 1268 Jerusalem,
3160 1201 3212 1256 id
3262 1210 3348 1259 est
3384 1204 3704 1273 Eeclesiam,

2111 1293 2180 1347 ab
2210 1294 2365 1347 initio
2406 1309 2470 1347 ex
2507 1292 2712 1349 Judaeis
2740 1293 3089 1348 constitutam
3146 1294 3481 1365 alloquitur:
3541 1300 3706 1370 primi

2110 1386 2254 1440 enim
2291 1384 2366 1440 illi
2397 1384 2783 1441 crediderunt:
2834 1403 2854 1436 ι
2912 1384 3054 1441 Leva
3119 1387 3174 1443 in
3223 1388 3453 1445 circuitu
3517 1391 3707 1447 oculos

2112 1491 2253 1543 tuos,
2278 1487 2332 1534 et
2357 1479 2480 1535 vide
2513 1491 2874 1552 congregatos
2922 1481 3126 1539 liberos
3172 1493 3317 1539 tuos.
3365 1485 3510 1540 Ecce
3560 1485 3706 1541 enim

2109 1569 2336 1625 veniunt
2367 1582 2560 1625 omnes
2587 1569 2682 1625 ﬁlii
2730 1571 2805 1626 tui
2843 1586 2874 1628 ο
2932 1572 3250 1645 longinquo,
3299 1582 3356 1632 et
3417 1577 3541 1633 liliat
3603 1587 3709 1635 tua

2110 1662 2162 1715 in
2194 1661 2437 1716 humeris
2477 1661 2754 1718 tollentur.
2790 1680 2811 1716 ι
2862 1661 3077 1719 All'atur
3106 1667 3253 1721 enim
3288 1668 3373 1723 his
3406 1668 3588 1726 Verbis
3610 1680 3710 1725 eos

2108 1756 2199 1827 qui
2230 1768 2298 1811 ex
2327 1755 2474 1811 omni
2513 1765 2672 1827 gente
2730 1764 2786 1811 et
2815 1755 3036 1827 regione
3064 1756 3275 1813 collecti
3330 1760 3706 1826 crediderunt.

2112 1847 2430 1915 Ecclesium,
2472 1848 2717 1919 inquam,
2767 1849 2948 1904 divina
2980 1856 3037 1906 et
3058 1850 3371 1921 evangelica
3434 1852 3705 1923 praedica-

404 1954 612 2001 σαντας
670 1936 765 1990 τοῦ
797 1936 944 1990 θείου
990 1914 1085 1991 καί
1121 1914 1483 2008 εὐαγγελικοῦ
1525 1940 1881 2013 κηρύγματος
1913 1958 2002 1995 σα-

2113 1941 2259 1997 tione
2313 1914 2501 1996 orbem
2547 1914 2830 1997 terrarum
2864 1942 3173 2007 irretiente,
3200 1914 3265 1999 et
3311 1914 3571 2015 tanquam
3633 1948 3703 2002 ad

401 2030 732 2103 γηνεύοντος
780 2030 882 2101 τὴν
929 2031 1022 2083 ὑπ’
1053 2030 1306 2103 οὐρανὸν,
1339 2032 1435 2086 καλ⁵
1482 2031 1558 2097 ὡς
1588 2032 1670 2097 εῐς
1697 2051 1820 2088 τινα
1854 2034 2008 2089 πόλιν

399 2122 822 2195 εὐπυργοτάτην
867 2122 1175 2193 ἀποφοιτᾷν
1224 2124 1619 2189 ἅναπείθοντος
1672 2127 1753 2189 είς
1793 2126 1896 2198 τὴν
1919 2126 2007 2180 διὰ

403 2218 648 2290 πίστεως
696 2214 858 2287 χάριν
887 2256 898 2275 ,
956 2215 1124 2287 ἤγουν
1154 2216 1234 2278 είς
1277 2215 1379 2287 τὴν
1412 2217 1523 2269 τῶν
1577 2217 1748 2287 ἁγίων
1777 2218 2004 2290 τροφὴν,

404 2289 552 2382 φημί
589 2310 654 2383 δὴ
689 2310 788 2382 τὴν
833 2308 1185 2381 Ἐκκλησίαν,
1220 2309 1289 2363 τὰ
1325 2310 1504 2364 τοιάδε
1547 2311 1702 2380 φησι,
1749 2289 2004 2384 καθάπερ

401 2405 619 2475 ἀμέλει,
638 2404 731 2458 καὶ
748 2403 977 2475 ἑτέρωθί
995 2414 1118 2456 που·
1153 2422 1171 2453 ι
1187 2402 1383 2456 Ἔσται
1404 2402 1531 2473 γὰρ,
1552 2402 1737 2474 φησὶν,
1756 2403 1816 2456 ὲν
1838 2402 2004 2474 ἐσχά-

401 2515 527 2562 ταις
558 2496 802 2569 ἡμέραις
831 2495 1072 2566 ἐμφανὲς
1094 2493 1157 2548 τὸ
1186 2493 1311 2566 ὅρος
1343 2494 1550 2567 Κυρίου
1574 2534 1589 2558 ,
1637 2494 1856 2565 ἕτοιμον
1910 2495 2006 2549 ἐπὶ

402 2591 505 2655 τὰς
539 2587 789 2661 κορυφὰς
815 2587 924 2642 τῶν
947 2587 1141 2659 ὁρέων,
1182 2587 1276 2640 καὶ
1304 2584 1801 2660 μετεωρισθήσεται
1836 2588 2005 2658 ὑπερ-

405 2685 519 2742 άνω
549 2683 659 2738 τῶν
687 2682 913 2755 βουνῶν,
950 2681 1047 2735 καὶ
1094 2680 1322 2751 ἥξουσιν
1352 2682 1433 2744 είς
1465 2681 1599 2734 αὐτὸ
1633 2680 1760 2752 ἔθνη
1809 2681 2000 2745 πολλὰ,

403 2780 500 2835 καὶ
523 2777 735 2851 ἐροῦσι·
772 2774 959 2842 Δεῦτε,
991 2774 1287 2846 ἀναδῶμεν
1314 2775 1395 2838 είς
1419 2774 1482 2827 τὸ
1510 2773 1635 2845 ὅρος
1656 2774 1885 2845 Κυρίου,
1910 2772 2005 2831 καὶ

403 2876 487 2938 είς
513 2873 605 2927 τὸν
637 2867 786 2926 οἷκον
815 2869 909 2924 τοῦ
948 2868 1085 2922 Θεοῦ
1132 2865 1353 2932 Ἰακὼϐ,
1397 2869 1494 2921 καὶ
1539 2866 1836 2937 ἀναγγελεῖ
1871 2869 2004 2939 ἡμῖν

396 2967 502 3040 τὴν
533 2966 651 3021 ὁδὸν
682 2962 867 3018 αὑτοῦ.
913 2963 1022 3016 Καὶ
1056 2959 1439 3034 πορευσόμεθα
1468 2963 1527 3013 ἐν
1568 2959 1729 3032 αὐτῇ.
1772 2979 1791 3012 ι
1825 2961 2004 3015 Τέκνα

498 3061 600 3132 τῆς
637 3056 996 3130 Ἰερουσαλὴμ
1026 3055 1149 3126 οὐχὶ
1183 3053 1334 3126 μόνοι
1362 3053 1606 3123 λέγοιντο
1643 3053 1783 3109 ἆνοὶ
1823 3053 1881 3122 ἐξ
1919 3054 2005 3107 αῖ.

394 3148 576 3225 ματος
627 3150 863 3222 Ἰσραὴλ,
901 3149 1037 3203 ἀλλὰ
1061 3148 1170 3220 γὰρ
1203 3148 1299 3201 καὶ
1334 3147 1575 3210 ἅπαντες
1621 3147 1673 3200 oi
1707 3148 1771 3201 ἐκ
1803 3146 2005 3213 παντὸς

398 3246 593 3310 ἔθνους
638 3246 733 3300 καὶ
755 3242 938 3315 χώρας
976 3241 1304 3313 κεκλημένοι
1329 3240 1419 3295 διὰ
1454 3240 1693 3304 πίστεως
1710 3242 1793 3304 είς
1813 3241 1876 3293 τὸ
1905 3239 2005 3309 τῆς
2029 3270 2073 3333 c

400 3330 663 3411 ἀληθείας
687 3337 825 3408 φῶς·
867 3338 955 3400 Ὠς
986 3334 1095 3407 γάρ
1121 3336 1150 3388 ὁ
1189 3334 1464 3403 πάνσοφος
1511 3334 1714 3404 γράφει
1743 3332 1956 3396 Παῦλος
1982 3373 1997 3399 ν

406 3452 425 3482 ι
462 3431 538 3484 Ob
588 3428 790 3491 πάντες
837 3427 885 3480 oi
935 3425 995 3491 ἐξ
1036 3423 1274 3497 Ἰσραὴλ,
1310 3417 1456 3478 οὗτοι
1512 3424 1749 3497 Ἰσραὴλ,
1773 3424 1883 3478 οὐδ’
1914 3425 1997 3479 ὅτι

400 3520 511 3577 εἰσὶ
542 3520 764 3590 σπέρμα
796 3515 1069 3587 Ἀϐραὰμ,
1125 3514 1328 3579 πάντες
1360 3512 1549 3582 τέκνα,
1573 3514 1711 3569 ἀλλὰ
1734 3515 1803 3569 τὰ
1830 3514 1998 3570 τέκνα

399 3615 502 3687 τῆς
531 3610 869 3682 ἐπαγγελίας
914 3605 1189 3678 λογίζεται
1215 3608 1297 3672 είς
1325 3607 1572 3680 σπέρμα.
1620 3626 1645 3660 »ν
1677 3609 1907 3681 Εἴρηται
1938 3609 1997 3664 δέ

402 3702 557 3777 παρὰ
575 3700 709 3757 Θεοῦ
732 3701 868 3772 πρὸς
895 3698 987 3752 τὸν
1005 3697 1290 3751 θεσπέσιον
1325 3696 1597 3768 Ἀϐραὰμ,
1616 3698 1698 3751 ὅτι
1722 3715 1744 3750 ι
1774 3697 1997 3769 Πατέρα

399 3795 614 3852 πολλῶν
640 3792 809 3848 ἐθνῶν
832 3789 1056 3844 τέθεικά
1086 3805 1166 3842 σε.
1197 3808 1220 3841 ι
1252 3786 1469 3842 Οὐκοῦν
1500 3788 1577 3852 ὡς
1610 3788 1712 3860 ἤδη
1754 3788 1996 3860 πληθύος

402 3884 892 3958 σλναγηγερμὲνης
926 3881 986 3947 ἐξ
1028 3882 1218 3947 ἐθνῶν,
1267 3882 1360 3936 καὶ
1415 3881 1832 3954 προσκυνούσης
1861 3883 1997 3955 Χρι-

370 4004 375 4019 =
575 3976 766 4052 Ἆρον,
791 3977 945 4048 φησὶ,
974 3976 1160 4047 κύκλῳ
1189 3976 1317 4040 τοὺς
1351 3975 1664 4047 ὀφθαλμούς
1696 3993 1813 4041 σου,
1835 3992 1996 4030 τουτ-

400 4076 570 4141 έστιν,
603 4068 1135 4141 ἆπασανπεριάθμῑι
1155 4068 1255 4139 τὴν
1276 4068 1623 4140 οἰκουμένην,
1656 4071 1751 4122 καὶ
1779 4072 1845 4123 ἐκ
1868 4084 1997 4123 παν-

396 4168 495 4231 τὸς
530 4152 729 4238 μέρους
756 4162 929 4233 αὐτῆς
949 4161 1070 4232 ὕψει
1095 4160 1360 4232 τρέχοντα
1375 4160 1515 4232 πρὸς
1545 4159 1701 4214 una:
1722 4160 1991 4228 (τὰτέκνα,

394 4260 589 4332 ἥξουσι
620 4257 676 4310 δὲ
707 4256 884 4309 καίτοι
926 4251 1144 4325 μακρὰν
1174 4251 1327 4315 ὄντες
1375 4250 1540 4316 ποτὲ,
1577 4250 1795 4323 μακρὰν
1842 4250 1900 4304 δὲ
1926 4250 1993 4305 οὔ

394 4350 664 4413 τοπικῶς,
689 4347 825 4403 ἀλλὰ
853 4345 995 4399 κατὰ
1036 4343 1263 4415 γνώμην
1284 4384 1297 4409 ,
1337 4344 1432 4396 καὶ
1462 4342 1705 4396 διάθεσιν
1732 4340 1846 4397 νοῦ.
1880 4342 1992 4396 Καὶ

395 4444 529 4516 γοῦν
562 4444 670 4513 ἔφη
696 4458 780 4505 τις
808 4439 918 4499 τῶν
955 4437 1126 4507 ἁγίων
1151 4434 1448 4509 προφητῶν
1474 4438 1586 4498 τοῖς
1610 4433 1990 4506 ἀποδραμοῦσι

394 4538 492 4593 τοῦ
511 4537 708 4593 εἰδέναι
725 4534 816 4587 τὸν
836 4529 996 4602 φύσει
1025 4545 1086 4582 τε
1115 4528 1209 4583 καὶ
1227 4526 1446 4598 ἀληθῶς
1470 4526 1603 4581 ὄντα
1619 4526 1776 4581 Θεόν·
1802 4544 1821 4577 ι
1842 4524 1993 4597 Μνήέ

395 4632 583 4703 σθητε,
596 4629 647 4682 οἱ
669 4626 889 4699 μακρὰν
904 4618 997 4676 τοῦ
1010 4620 1237 4692 Κυρίου,
1256 4619 1351 4674 καὶ
1365 4618 1676 4691 Ἰερουσαλὴ
1683 4636 1722 4690 μ
1736 4618 1991 4692 ἀναϐήτω
2021 4643 2068 4701 D

396 4726 492 4779 ἐπὶ
517 4724 619 4794 τὴν
653 4718 879 4792 καρδίαν
909 4715 1084 4788 ὑμῶν.
1112 4732 1132 4768 t
1169 4714 1422 4785 Γέγραφε
1454 4711 1512 4766 δὲ
1545 4712 1639 4767 καὶ
1667 4711 1696 4764 ὁ
1717 4710 1994 4783 πάνσοφος

398 4815 613 4878 Παῦλος
647 4812 777 4883 περὶ
823 4804 1092 4883 Χριστοῦ,
1140 4808 1224 4860 ὅτι
1272 4824 1293 4857 ι
1356 4803 1557 4858 Ἐλθὼν
1599 4805 1993 4877 εὐηγγελίσατο

394 4908 624 4980 εἰρήνην
639 4907 749 4967 τοῖς
785 4900 1024 4974 μακρὰν,
1056 4899 1151 4954 καὶ
1180 4901 1290 4963 τοῖς
1311 4897 1496 4967 ἐγγύς.
1521 4918 1540 4950 ι
1577 4899 1913 4954 Ἐπιστέλλει
1934 4900 1992 4955 δὲ

395 5002 618 5064 καὶτοῖς
635 4996 695 5063 ἐξ
714 4995 903 5052 ἐθνῶν⁸
939 5015 957 5046 ι
981 4997 1190 5064 Διαμνη
1201 4991 1455 5064 μονεύετε
1482 4993 1643 5063 ὑμεῖς
1664 4993 1736 5048 τὰ
1757 4993 1908 5064 ἔθνη,
1938 4992 1989 5047 oi

392 5090 682 5161 λεγόμενοι
738 5084 1076 5158 ἀκροϐυστία
1122 5083 1353 5155 ὑπὸτῆς
1398 5085 1699 5157 λεγομένης
1724 5086 1785 5138 ἐν
1822 5084 1991 5155 σαρκὶ

397 5182 703 5256 περιτομῆς
729 5180 1132 5252 χειροποιήτου,
1163 5179 1244 5233 ὅτι
1270 5174 1366 5250 ἦτε
1397 5180 1454 5233 ἐν
1473 5176 1552 5249 τῷ
1588 5178 1766 5249 καιρῷ
1793 5178 1987 5248 ἐκείνῳ

396 5275 565 5347 χωρὶς
592 5270 831 5343 Χριστοῦ
865 5268 1369 5340 ἀπηλλοτριωμένοι
1393 5269 1492 5339 τῆς
1523 5266 1736 5330 ἐλπίδος
1762 5266 1857 5321 τοῦ
1884 5267 1988 5321 Ἰσ-

399 5366 557 5438 ραὴλ,
580 5365 675 5418 καὶ
702 5363 842 5428 ξένοι
871 5362 978 5417 τῶν
998 5360 1273 5432 διαθηκῶν
1292 5362 1391 5430 τῆς
1416 5360 1770 5429 ἐπαγγελίας,
1794 5361 1985 5414 ἐλπίδα

399 5458 476 5531 μὴ
501 5457 738 5528 ἔχοντες,
772 5455 866 5510 καὶ
901 5453 1051 5510 ἄθεοι
1087 5455 1145 5506 ἐν
1167 5452 1246 5523 τῷ
1272 5453 1484 5524 κόσμῳ,
1523 5452 1619 5507 νῦν
1648 5453 1705 5506 δὲ
1755 5454 1910 5524 ὑμεῖς
1936 5453 1986 5506 οἱ

397 5551 527 5606 ποτέ
548 5551 701 5613 ὅντες
720 5548 957 5621 μακρὰν,
985 5546 1272 5617 ὲγγὺςέγε
1282 5546 1476 5617 νήθητε
1503 5546 1561 5600 ἐν
1575 5544 1655 5616 τῷ
1680 5546 1872 5616 αἵματι
1890 5544 1985 5598 τοῦ

394 5642 654 5715 Χριστοῦ.
699 5662 718 5695 ι
751 5642 815 5695 υί
848 5642 958 5712 γὰρ
988 5640 1126 5704 ὅλως
1156 5638 1289 5693 Θεὸν
1320 5640 1420 5692 οὐκ
1461 5639 1661 5702 εἰδότες
1702 5639 1794 5692 τὸν
1827 5638 1986 5707 φύσει

406 5752 455 5791 rs
486 5736 581 5791 καὶ
602 5733 1061 5807 ἀληθῶς,μακρὰν
1087 5728 1225 5786 εῖναι
1252 5731 1522 5802 λέγονται,
1555 5731 1650 5785 καὶ
1686 5731 1814 5797 εἰσὶ,
1844 5728 1988 5784 κατὰ

2110 2035 2383 2091 civitatem
2416 2036 2708 2106 quamdam
2734 2034 3178 2102 munitissimam,
3203 2037 3271 2092 ad
3299 2036 3422 2093 lldei
3445 2039 3701 2110 gratiam,

2109 2128 2177 2181 ad
2246 2130 2559 2182 Sanctorum
2626 2127 2808 2183 cibum
2863 2127 3173 2195 invitante,
3246 2128 3704 2198 quemadmodum

2108 2218 2363 2272 videlicet
2418 2224 2476 2272 et
2523 2216 2649 2271 alibi
2696 2236 2712 2270 :
2763 2234 2784 2269 ι
2822 2216 2940 2272 Erit
2964 2218 3134 2286 enim,
3202 2218 3425 2290 inquit',
3496 2219 3551 2275 in
3607 2234 3704 2291 po-

2107 2312 2328 2366 stremis
2356 2310 2551 2366 diebus
2604 2309 2919 2381 spectabilis
2947 2326 3102 2367 mons
3164 2310 3399 2379 Domini,
3452 2315 3705 2385 proposi.

2113 2416 2197 2461 tos
2232 2407 2287 2462 in
2320 2406 2621 2462 verticibus
2647 2405 2938 2470 montium,
2974 2414 3031 2462 et
3067 2407 3373 2465 elevabitur
3402 2422 3569 2480 supra
3587 2410 3704 2466 col-

2108 2499 2210 2564 les,
2242 2500 2571 2571 venientque
2603 2500 2669 2553 ad
2697 2499 2846 2553 illum
2883 2506 3073 2569 gentes
3121 2501 3325 2566 multat,
3382 2516 3449 2557 ac
3483 2503 3698 2560 dicent:

2109 2594 2326 2659 Adeste,
2375 2592 2736 2648 ascendamus
2776 2592 2842 2645 ad
2879 2600 3117 2646 montem
3152 2593 3389 2662 Domini,
3426 2602 3483 2650 et
3506 2597 3575 2651 ad
3603 2595 3701 2651 do;

2108 2702 2252 2743 mum
2282 2678 2451 2761 3&2
2517 2680 2609 2740 Dei
2635 2683 2823 2743 Jacob.
2859 2685 2929 2741 Et
2961 2685 3307 2744 annuntiabit
3346 2688 3504 2746 nobis
3551 2690 3699 2747 viam

2106 2781 2246 2851 ejus.
2274 2776 2341 2835 Et
2373 2774 2771 2835 antltulubimus
2820 2779 2875 2834 in
2904 2794 2966 2834 ea
3001 2780 3070 2835 “.
3098 2798 3117 2832 ι
3147 2779 3331 2837 Liberi
3364 2792 3548 2839 autem
3605 2784 3699 2841 Je-

2105 2871 2366 2939 rusalem,
2404 2888 2510 2927 non
2549 2872 2601 2926 hi
2632 2871 2729 2926 soli
2755 2868 2969 2925 dicendi
2997 2882 3145 2940 sunt,
3177 2875 3270 2945 qui
3302 2888 3371 2930 ex
3429 2877 3700 2948 sanguine

2106 2965 2273 3022 Israel
2301 2965 2518 3023 oriundi
2571 2971 2719 3029 sunt,
2754 2967 2848 3022 sed
2884 2976 3151 3036 quotquot
3177 2981 3245 3023 ex
3303 2970 3455 3024 omni
3537 2979 3700 3043 gente

2108 3072 2172 3113 ac
2202 3057 2422 3129 regione
2445 3056 2623 3112 vocati
2656 3069 2786 3111 sunt
2804 3070 2899 3125 per
2928 3056 3091 3113 ﬁdem
3126 3058 3193 3113 ad
3220 3056 3472 3114 veritatis
3497 3059 3695 3129 lucem;

2104 3159 2166 3206 ut
2188 3148 2332 3205 enim
2355 3148 2792 3219 sapicutissinms
2815 3145 3015 3203 Paulus
3037 3148 3232 3205 scribit
3259 3168 3274 3206 :
3312 3169 3332 3203 ι
3358 3148 3478 3208 Νοη
3503 3165 3698 3207 omnes

2108 3240 2200 3313 qui
2235 3255 2302 3297 ex
2324 3237 2530 3305 Israel,
2565 3239 2617 3294 hi
2645 3236 2852 3308 ls'rael;
2883 3242 2982 3296 nec
3011 3238 3137 3309 quia
3183 3242 3698 3301 semen-Abraham

2107 3336 2256 3394 sunt,
2286 3341 2480 3383 omnes
2500 3327 2683 3393 liberi,
2714 3329 2809 3383 sed
2840 3327 2997 3382 liberi
3026 3318 3411 3398 promissionis
3439 3340 3700 3402 reputatio

2105 3427 2197 3473 tur
2233 3418 2285 3473 in
2307 3433 2493 3473 semen
2527 3418 2595 3474 “.
2638 3436 2657 3471 ι
2703 3417 2916 3473 Dictum
2976 3421 3123 3474 enim
3147 3429 3231 3476 est
3262 3437 3291 3476 a
3320 3422 3432 3479 Deo
3488 3425 3556 3479 ad
3617 3425 3700 3481 die

2104 3512 2292 3567 vinum
2326 3511 2652 3566 Abraham:
2713 3529 2734 3563 ε
2796 3510 3014 3568 Patrem
3092 3513 3388 3569 multarunt
3454 3516 3696 3586 gentium

2104 3602 2364 3659 constitui
2391 3612 2444 3657 te
2465 3601 2533 3655 ⁸³.
2561 3621 2582 3655 ι
2621 3601 2811 3673 Itaque
2840 3601 2989 3657 velut
3034 3603 3516 3673 multitudinejam
3561 3621 3698 3663 con-

2104 3702 2325 3768 gregata
2357 3710 2424 3751 ex
2458 3695 2713 3767 gentibus
2732 3704 2788 3750 et
2817 3694 3083 3752 adorante
3129 3694 3412 3754 Christum
3461 3712 3476 3753 :
3519 3696 3694 3765 Tolle,

2105 3790 2303 3861 inquit,
2335 3790 2693 3845 circumcirca
2714 3788 2904 3845 oculos
2947 3794 3091 3856 tuus,
3125 3789 3180 3845 id
3222 3801 3330 3857 est,
3378 3792 3698 3850 universum

2105 3881 2294 3937 orbem
2341 3879 2643 3949 perlustra,
2695 3887 2750 3934 et
2787 3893 2851 3934 ex
2898 3879 3046 3935 omni
3105 3888 3261 3950 parte
3317 3882 3436 3952 ejus
3490 3883 3699 3940 videbis

2105 3973 2305 4028 liberos
2325 3980 2445 4027 tuos
2460 3970 2534 4026 ad
2562 3977 2620 4025 te
2636 3976 3010 4039 securi-entes,
3034 3973 3362 4041 venientque
3383 3972 3487 4027 eui
3507 3974 3698 4042 procul

2102 4061 2378 4118 abfuerint
2408 4060 2725 4130 aliquando;
2756 4059 2977 4126 Procul,
3023 4072 3129 4116 non
3162 4060 3376 4117 ratione
3410 4060 3514 4117 ioci
3557 4064 3695 4119 dici-

2104 4154 2215 4219 tur,
2254 4154 2348 4209 sed
2368 4155 2435 4207 ad
2463 4153 2705 4207 animum
2731 4152 3038 4222 mentisque
3063 4151 3408 4209 aﬂ'ectionem
3434 4156 3693 4226 pertinet.

2100 4248 2248 4303 Dixit
2275 4247 2533 4302 nimirum
2555 4245 2773 4316 quidam
2803 4258 2837 4300 e
2888 4244 3092 4300 sanctis
3142 4245 3426 4314 prophetis
3481 4247 3549 4302 de
3607 4250 3694 4305 his

2100 4343 2190 4412 qui
2228 4340 2547 4411 refugerunt
2582 4354 2615 4394 a
2650 4338 2844 4394 notitia
2901 4336 3019 4407 ejus
3043 4339 3135 4408 qui
3205 4347 3399 4393 natura
3461 4346 3517 4396 et
3562 4356 3693 4398 vere

2102 4436 2241 4490 Deus
2270 4443 2399 4489 est:
2437 4449 2458 4485 ι
2501 4432 2612 4489 Vos
2639 4433 2729 4502 qui
2758 4431 2956 4502 procul
2998 4430 3224 4496 abestis,
3276 4446 3550 4488 memores
3602 4446 3692 4489 es-

2102 4534 2210 4580 tdte
2250 4523 2487 4589 Domini,
2541 4531 2597 4578 et
2649 4521 2949 4579 Jerusalem
2975 4520 3159 4576 veniat
3211 4522 3368 4577 vobis
3419 4523 3473 4577 in
3536 4537 3692 4579 men-

2101 4627 2207 4672 tem
2255 4614 2323 4671 “.
2363 4634 2382 4668 ι
2447 4613 2795 4685 Scripsitque
2844 4615 2911 4669 de
2979 4612 3200 4669 Christo
3255 4614 3691 4685 sapientissimus

2097 4710 2337 4765 Paulus:
2386 4722 2404 4759 ι
2439 4705 2604 4764 Venit
2631 4715 2688 4761 et
2731 4705 3130 4778 evangelizavit
3179 4720 3370 4777 pacem
3448 4707 3537 4763 his
3591 4708 3691 4777 qui

2095 4802 2310 4876 procul,
2345 4812 2399 4856 et
2424 4800 2530 4856 illis
2561 4802 2653 4872 qui
2686 4814 2856 4869 prope
2884 4809 3013 4855 sunt
3041 4798 3109 4854 ’⁸.
3139 4817 3158 4851 ι
3191 4797 3449 4870 Misitque
3465 4800 3530 4855 ad
3562 4813 3689 4871 gen-

2097 4907 2178 4954 tes
2220 4895 2504 4966 epistolam
2562 4911 2575 4946 :
2616 4912 2635 4946 ι
2683 4895 3041 4962 Mementote,
3088 4894 3362 4964 inquiens,
3404 4907 3501 4947 vos
3555 4907 3688 4961 gen-

2096 4999 2199 5054 tes,
2231 4989 2323 5057 qui
2367 4989 2691 5058 prmputium
2722 4985 3073 5050 dicebamini,
3107 4985 3177 5039 ab
3195 4998 3258 5040 ea
3287 4998 3410 5054 quat.
3448 4984 3682 5039 circum-

2096 5084 2231 5139 cisio
2273 5084 2325 5136 in
2364 5094 2531 5136 carne
2581 5081 2725 5134 dicta
2779 5088 2863 5134 est
2924 5077 3255 5143 manulacta,
3303 5080 3448 5146 quod
3515 5078 3686 5132 eratis

2092 5177 2184 5231 illo
2212 5177 2265 5230 in
2292 5184 2535 5242 tempore
2562 5173 2681 5226 sine
2704 5168 2944 5234 Christo,
2982 5168 3204 5223 alienati
3259 5184 3287 5223 a
3342 5181 3441 5239 spe
3491 5168 3680 5231 lsrael,

2090 5278 2145 5325 et
2168 5260 2412 5338 hospites
2440 5270 2893 5320 testamentorum
2944 5260 3350 5332 promissionis,
3400 5275 3553 5333 spem
3575 5274 3680 5315 non

2089 5358 2373 5419 habentes,
2411 5365 2466 5411 et
2488 5354 2610 5409 sine
2640 5353 2749 5408 Deo
2787 5351 2841 5406 in
2876 5350 3097 5406 mundo.
3128 5349 3284 5407 Nunc
3318 5364 3523 5414 autem,
3558 5364 3680 5415 vos,

2085 5451 2177 5519 qui
2234 5452 2506 5520 quondam
2557 5445 2727 5501 eratis
2778 5444 2987 5515 procul,
3024 5443 3156 5500 facti
3204 5444 3336 5500 estis
3387 5440 3679 5512 propinqui

2087 5543 2141 5597 in
2166 5541 2431 5613 sanguine
2458 5539 2665 5595 Christi
2704 5537 2776 5597 “.
2814 5556 2833 5589 ι
2869 5535 2971 5604 Qui
3007 5536 3151 5592 enim
3208 5534 3433 5590 omnino
3483 5539 3676 5588 natura

2084 5645 2139 5690 et
2178 5652 2307 5691 vere
2341 5633 2511 5689 Deum
2541 5634 2820 5703 ignorant,
2870 5628 3060 5701 procul
3122 5642 3244 5682 esse
3291 5627 3567 5690 dicuntur,
3621 5635 3679 5679 et

2086 5728 2393 5795 affectione,
2436 5735 2492 5779 ut
2518 5725 2652 5789 dixi,
2684 5722 2966 5779 etauimo.
3001 5720 3109 5776 Sed
3142 5733 3293 5783 cccc,
3341 5716 3539 5788 inquit,
3583 5732 3676 5771 ve-

469 5909 513 5943 "
555 5908 663 5965 lsa.
708 5925 771 5973 ιτ,
809 5910 865 5977 9.,
896 5908 951 5963 5.
1026 5909 1074 5941 ⁹¹
1115 5905 1277 5963 Rom.
1324 5921 1401 5973 ιι,
1433 5904 1486 5961 '7.
1568 5905 1615 5938 ’³
1645 5903 1804 5959 Rom.
1844 5918 1916 5969 tv,
1951 5901 2002 5956 li

2113 5896 2296 5955 “Jer.
2339 5913 2412 5966 LI,
2449 5896 2537 5951 50.
2616 5896 2664 5929 ’³
2706 5894 2899 5966 Epltes.
2933 5892 3105 5960 tt,l7.
3178 5895 3224 5959 ν
3248 5893 3383 5956 Ibid.
3418 5896 3474 5953 ll
3516 5893 3604 5949 15.
