4140 6472
493 394 514 448 ι
525 389 626 450 327

1519 375 1575 430 S.
1613 371 1893 429 CYRILLI
1932 368 2409 427 ALEXANDRINI
2444 366 2764 423 ARCHIEP.

3613 375 3756 431 1328

495 520 711 578 nerunt,
735 510 789 566 id
813 515 938 574 est,
978 519 1086 561 non
1124 503 1281 572 longe
1318 509 1438 573 post
1462 499 1641 555 futura
1697 508 1783 555 est
1827 512 1926 554 nec
1963 495 2062 552 dit"-

2170 495 2410 567 διάθεσίν
2435 512 2494 548 τε
2517 496 2612 548 καὶ
2638 492 2886 564 γνώμην,
2917 491 2993 555 ώς
3040 491 3196 561 ἔφην.
3255 490 3392 544 Ἀλλ’
3427 491 3534 547 ἰδοὺ
3564 494 3755 564 ήκασι,

494 607 697 664 feretur
750 614 940 657 eorum
970 594 1326 662 vocatio,sed
1372 593 1557 648 statim
1613 595 1752 648 hanc
1804 589 2064 660 pradica-

481 701 690 756 .tionem
769 689 1136 762 evangelicam
1195 695 1515 758 sequentur,
1572 685 1940 754 accedentque
1998 682 2065 736 ad

489 791 655 846 Deum
695 803 789 856 per
826 787 1011 851 ﬁdem,
1037 785 1156 841 sine
1203 781 1349 838 omni
1381 779 1590 844 labore,
1635 787 1690 833 et
1732 777 1881 832 omni
1930 773 2066 831 dim-

485 884 689 937 cultate
738 893 794 936 et
843 879 1063 936 sudore.
1113 878 1170 932 ln
1245 872 1489 929 humeris
1569 871 1715 928 enim
1787 869 2061 926 tollentur.

491 975 621 1030 Nam
657 975 921 1044 ﬁguratus
949 982 1034 1030 est
1064 970 1284 1026 habitus
1314 965 1598 1029 orationis,
1675 963 1824 1020 velut
1877 977 2063 1018 exeru-

482 1064 569 1130 plo
607 1079 634 1116 a
670 1062 832 1117 rebus
863 1061 1065 1118 nostris
1096 1058 1283 1130 petito.
1331 1055 1516 1111 Solem
1549 1053 1693 1108 enim
1729 1053 1941 1120 parvuli
1978 1053 2064 1104 in-

481 1153 665 1209 fantes
726 1153 942 1221 nutriri,
973 1161 1029 1208 et
1073 1151 1126 1206 in
1169 1159 1415 1204 materno
1465 1146 1670 1217 gremio
1699 1159 1762 1200 ac
1828 1144 2066 1200 brachiis

480 1248 672 1301 volunt
716 1252 1079 1316 requiescere.
1137 1241 1268 1296 Tale
1310 1241 1436 1309 quid
1470 1240 1528 1293 ﬁt
1563 1240 1631 1293 de
1657 1238 1740 1293 his
1766 1237 1854 1307 qui
1891 1238 2062 1290 vocati

475 1347 606 1392 sunt
633 1337 700 1392 ab
737 1351 928 1394 errore
957 1334 1166 1390 Graeco.
1194 1331 1536 1386 Deliniuntur
1569 1329 1714 1385 enim
1776 1345 1805 1382 a
1866 1336 2066 1398 mysta-

477 1431 658 1503 gogis,
704 1444 809 1484 non
838 1427 1047 1484 duriter
1089 1431 1416 1489 tractantur,
1457 1435 1558 1476 nec
1597 1420 1742 1476 illico
1771 1434 1869 1489 per
1917 1433 2066 1490 aspe-

489 1540 599 1578 ram
625 1524 767 1577 viam
807 1520 1094 1584 incedunt;
1146 1517 1237 1574 sed
1303 1515 1447 1570 velut
1519 1523 1706 1570 tenera
1745 1513 2067 1568 educatione

487 1614 645 1687 343
701 1614 990 1673 Iactantur,
1034 1620 1086 1667 et
1131 1610 1386 1681 paulatim
1431 1611 1485 1664 in
1535 1611 1712 1664 virum
1767 1608 2065 1678 perfectum

480 1709 812 1775 adolescunt,
857 1707 910 1762 in
941 1720 1251 1762 mensuram
1277 1704 1454 1760 aetatis
1483 1702 1840 1774 plenitudinis
1904 1701 2066 1758 Chri-

474 1802 569 1856 sti.
605 1799 885 1870 Siquidem
909 1797 1168 1869 prtecepit
1197 1797 1401 1852 sanctis
1435 1793 1720 1864 apostolis,
1776 1803 1836 1848 ut
1886 1793 2066 1863 bapti-

485 1901 666 1949 rarent
699 1907 890 1948 omnes
915 1902 1124 1961 gentes,
1187 1891 1238 1944 in
1278 1903 1472 1944 nomen
1496 1886 1697 1953 Patris,
1746 1896 1801 1942 et
1827 1886 1975 1952 Filii,
2013 1895 2068 1942 et

484 1985 716 2056 Spiritus
746 1985 943 2050 sancti,
973 1985 1336 2052 docerentque
1394 1996 1489 2036 eas
1527 1995 1750 2035 servare
1805 1994 2066 2050 quaecun-

481 2095 585 2148 que
638 2078 746 2133 illis
777 2085 1129 2146 praeceperat.
1164 2071 1229 2127 lli
1263 2083 1442 2127 autem
1468 2071 1571 2126 hoc
1595 2071 1844 2126 factitare
1893 2072 2069 2126 volen-

489 2183 597 2234 tes,
650 2169 908 2223 methodo
945 2171 1000 2222 et
1059 2175 1182 2218 arte
1243 2163 1472 2218 docendi
1542 2161 1649 2228 usi,
1704 2161 1880 2231 primo
1933 2160 2068 2216 nihil

483 2277 772 2318 onerosum
841 2261 1217 2329 imposuerunt
1287 2255 1652 2310 credentibus.
1719 2253 2069 2325 Sciipserunt

485 2355 633 2412 enim
682 2353 931 2424 gentibus
961 2365 976 2405 :
1013 2370 1032 2401 ι
1073 2350 1254 2404 Visum
1294 2359 1381 2404 est
1412 2347 1636 2416 Spiritui
1671 2355 1862 2403 sancto
1893 2354 1946 2403 et
1973 2362 2070 2401 no-

486 2446 570 2501 bis
623 2443 828 2499 nullum
855 2443 1004 2497 onusi
1025 2439 1176 2494 vobis
1208 2439 1506 2509 imponere,
1542 2437 1644 2494 nisi
1673 2446 1733 2492 ut
1752 2437 2068 2494 abstineatis

485 2549 577 2590 vos
601 2549 632 2588 a
658 2531 1007 2594 scortatione,
1031 2537 1087 2584 et
1107 2525 1390 2593 suﬁ‘ocato,
1419 2536 1473 2581 et
1497 2525 1760 2597 sanguine
1773 2525 1842 2578 ⁸⁷.
1875 2542 1894 2578 ι
1917 2522 2066 2580 Scri-

473 2626 664 2697 bitque
694 2622 1016 2696 quibusdam
1047 2619 1284 2691 optimus
1306 2617 1506 2673 Paulus
1540 2635 1554 2672 :
1626 2635 1646 2669 ι
1708 2616 1889 2672 Laetis
1936 2625 2067 2687 potu

486 2734 583 2774 vos
612 2716 743 2784 alui,
777 2730 884 2770 non
917 2728 1064 2771 esca.
1102 2711 1350 2768 Nondum
1376 2712 1520 2766 enim
1560 2709 1843 2782 poteratis,
1873 2710 1968 2766 sed
1999 2725 2068 2766 ne

483 2820 624 2860 nunc
661 2804 878 2874 quidem
909 2801 1136 2873 porestis
1168 2800 1236 2854 ⁹⁸.
1277 2819 1296 2852 ι
1341 2799 1711 2856 Perfectorum
1752 2811 1931 2855 autem
1983 2810 2070 2856 est

483 2894 636 2950 cibus
658 2893 886 2958 solidus,
913 2907 1126 2959 eorum,
1163 2893 1406 2961 inquam,
1435 2891 1524 2960 qui
1557 2901 1779 2962 propter
1821 2902 2068 2948 assuetu-

487 2987 669 3041 dinem
705 3000 896 3041 sensus
928 2985 1110 3040 cordis
1131 2984 1336 3038 habent
1361 2984 1708 3050 exercitatos,
1758 2985 1823 3039 ad
1875 2983 2069 3053 dijudi-

430 3061 435 3065 ’
483 3077 754 3133 cntionem
780 3076 906 3130 boni
941 3085 997 3130 et
1017 3074 1166 3134 mali.
1196 3073 1385 3146 Itaque
1436 3075 1489 3129 in
1547 3075 1809 3140 humeris,
1867 3076 2064 3146 inquit,

2170 583 2326 656 φησὶ,
2351 583 2653 650 τουτέστιν,
2694 583 2794 635 οὑκ
2820 582 2900 644 εἰς
2932 581 3170 652 μακρὰν,
3201 581 3322 635 οὑδέ
3350 582 3429 645 είς
3460 583 3758 655 ἀνάϐλησιν

2168 678 2203 746 ή
2225 676 2418 747 κλῆσις
2451 674 2632 731 αὐτῶν
2657 675 2841 728 ἔσται’
2866 672 3198 746 δραμοῦνται
3247 673 3354 746 γὰρ
3383 671 3574 746 ὥσπερ
3616 677 3760 730 κατά

2169 767 2305 821 πόδα
2334 767 2442 821 τῶν
2485 764 2856 836 εὐαγγελικῶν
2896 764 3267 837 κηρυγμάτων
3291 802 3311 830 ,
3351 766 3669 837 ποιήσονται
3702 768 3760 822 δέ

2169 861 2268 930 τὴν
2290 858 2474 930 ἄφιξιν
2497 861 2596 929 τὴν
2625 858 2763 930 πρὸς
2779 857 2912 912 Θεὸν
2931 857 3021 911 διὰ
3049 857 3284 922 πίστεως
3299 857 3422 928 δίχα
3441 859 3606 913 πόνου
3623 876 3760 920 παν-

2168 951 2256 1016 τὸς
2291 951 2614 1024 δυσχερείας
2642 969 2703 1004 τε
2730 950 2949 1020 ἁπάσης
2997 951 3092 1003 καὶ
3127 949 3347 1021 ἱδρῶτος
3378 949 3755 1022 ἐξῃρημένων.

2169 1043 2287 1096 Ἐπ’
2319 1043 2485 1113 ῶμων
2514 1043 2621 1115 γὰρ
2655 1042 2986 1113 ἀρθήσονται
3004 1057 3017 1071 ·
3043 1040 3351 1094 πέπλασται
3368 1041 3476 1114 γὰρ
3493 1042 3553 1096 τὸ
3571 1043 3760 1114 σχῆμα

2166 1134 2262 1187 τοῦ
2282 1134 2441 1202 λόγου
2478 1134 2554 1197 ὡς
2582 1135 2644 1186 ἐκ
2667 1131 3105 1204 παραδείγματος
3121 1133 3215 1185 τοῦ
3234 1132 3356 1186 καθ’
3371 1134 3540 1204 ἡμᾶς·
3563 1134 3633 1186 τὰ
3651 1137 3760 1203 γάρ

2169 1243 2246 1278 τοι
2275 1225 2465 1293 νεογνά
2492 1226 2597 1277 τῶν
2621 1223 2837 1296 βρεφῶν
2856 1224 3191 1294 τιθηνεῖσθαι
3216 1224 3381 1293 φιλεῖ,
3405 1226 3497 1278 καὶ
3513 1229 3624 1290 τοῖς
3648 1227 3759 1280 τῶν

2171 1318 2422 1390 μητέρων
2461 1317 2682 1381 κόλποις
2711 1319 2808 1372 καὶ
2847 1316 3128 1389 βραχίοσιν
3159 1317 3608 1373 ἐπαναπαύεσθαι
3660 1317 3759 1390 ζη-

2166 1411 2268 1463 τεῖ.
2317 1409 2534 1462 Γίνεταί
2562 1425 2617 1462 τι
2641 1407 2883 1463 τοιοῦτον
2907 1409 3130 1462 ἐπὶτῶν
3155 1409 3501 1482 καλουμένων
3535 1412 3601 1466 ἐκ
3628 1411 3760 1465 πλά-

2169 1520 2266 1573 νης
2305 1501 2646 1573 Ἑλληνικῆς,
2667 1501 3056 1573 θεραπεύονται
3083 1500 3191 1573 γὰρ
3226 1502 3379 1573 παρά
3408 1501 3518 1556 τῶν
3553 1521 3759 1574 μυστα-

2168 1593 2384 1662 γωγῶν,
2407 1593 2540 1665 σκλη
2549 1593 2799 1665 ραγωγού
2809 1611 2959 1663 μενοι
2987 1593 3209 1664 μᾶλλον,
3229 1593 3350 1647 οὐδὲ
3373 1593 3472 1665 τὴν
3497 1597 3757 1668 τραχεῖαν

2169 1683 2330 1749 εὐθὺς
2368 1684 2540 1748 ἰόντες
2567 1685 2772 1756 τρίϐον,
2814 1685 2928 1739 ἀλλ’
2960 1681 3072 1739 οἷον
3105 1685 3194 1740 διὰ
3214 1688 3492 1756 τρυφερᾶς
3536 1687 3761 1758 ἀγωγῆς

2169 1779 2775 1851 γαλακτοτροφούμενοί
2857 1797 2935 1847 τε,
3001 1780 3096 1833 καὶ
3161 1779 3545 1844 ἀναϐαίνοντες
3615 1780 3762 1833 κατά

2174 1873 2348 1945 βραχὺ
2396 1875 2533 1946 πρὸς
2580 1873 2749 1944 ἄνδρα
2779 1872 3007 1938 τέλειον,
3043 1874 3123 1938 είς
3170 1873 3371 1944 μέτρον
3417 1873 3630 1944 ἡλικίας
3662 1873 3760 1927 τοῦ

2171 1966 2537 2037 πληρώματος
2571 1964 2667 2018 τοῦ
2712 1964 2974 2035 Χριστοῦ.
3011 1966 3123 2019 Καὶ
3154 1965 3284 2034 γοῦν
3319 1964 3626 2019 ἐνετέλλετο
3658 1966 3757 2036 μὲν

2170 2061 2283 2121 τοῖς
2322 2058 2501 2126 ἁγίοις
2542 2058 2864 2121 ἀποστόλοις
2896 2057 3178 2127 βαπτίζειν
3210 2059 3390 2113 πάντα
3416 2058 3485 2112 τὰ
3514 2057 3642 2128 ἔθνη
3677 2060 3757 2122 εἰς

2170 2150 2230 2202 τὸ
2258 2150 2430 2220 ὄνομα
2463 2148 2556 2204 τοῦ
2602 2149 2836 2220 Πατρὸς,
2869 2149 2964 2203 καὶ
3006 2149 3101 2202 τοῦ
3148 2149 3299 2215 Υἱοῦ,
3349 2150 3442 2202 καὶ
3473 2149 3568 2203 τοῦ
3601 2150 3756 2220 ᾁγίου

2171 2244 2512 2314 Πνεύματος,
2543 2242 2816 2296 διδάσκειν
2845 2257 2905 2294 τε
2932 2240 3073 2295 αὑτά
3118 2242 3305 2312 τηρεῖν
3337 2241 3516 2295 πάντα
3545 2243 3758 2313 ὅσαπερ

2170 2337 2354 2400 αὐτοῖς
2404 2335 2730 2391 ἐνετείλατο.
2777 2336 2842 2390 Oi
2886 2334 3070 2388 δὲκαὶ
3116 2334 3274 2388 τοῦτο
3317 2334 3450 2405 δρᾷν
3483 2333 3758 2397 ἐθέλοντες

2171 2429 2431 2499 φορτικὸν
2460 2429 2612 2484 οὐδὲν
2649 2427 2970 2482 ἐπετίθεσαν
3010 2428 3069 2481 ἐν
3096 2428 3293 2498 ἀρχαῖς
3324 2430 3435 2491 τοῖς
3465 2429 3757 2480 πιστεύου-

2173 2541 2259 2578 σιν
2287 2524 2538 2595 εὑτεχνίᾳ
2566 2524 2841 2594 χρώμενοι
2885 2521 3260 2592 διδασκαλικῇ.
3294 2521 3613 2592 Γεγράφασι
3649 2522 3761 2592 γὰρ

2168 2619 2282 2682 τοῖς
2311 2615 2372 2682 ἐξ
2401 2616 2594 2684 ἐθνῶν,
2643 2617 2725 2670 ὄτι
2764 2613 2987 2679 «Ἔδοξε
3033 2614 3111 2685 τῷ
3153 2614 3294 2684 ἁγίῳ
3339 2613 3621 2684 Πνεῦματι
3661 2613 3761 2666 καὶ

2167 2713 2326 2783 ήμῖν,
2377 2711 2545 2782 μηδὲν
2597 2709 2761 2763 πλέον
2807 2707 3149 2783 ἐπιτίθεσθαι
3203 2708 3331 2778 ὑμῖν
3381 2707 3565 2780 βάρος,
3611 2708 3754 2776 πλὴν

2169 2803 2474 2875 ἀπέχεσθαι
2509 2803 2654 2874 ὑμᾶς
2688 2801 2966 2873 πορνείας,
3009 2800 3105 2855 καὶ
3138 2799 3387 2867 πνικτοῦ,
3441 2800 3538 2854 καὶ
3582 2801 3758 2870 αῐμα-

2168 2915 2284 2962 τος.
2323 2916 2341 2950 ι
2386 2895 2595 2968 Γράφει
2623 2896 2681 2949 δέ
2711 2913 2822 2949 τισι
2852 2894 2947 2948 καὶ
2975 2897 3005 2947 ό
3035 2894 3369 2963 πανάριστος
3393 2894 3635 2958 Παῦλος,
3673 2896 3759 2947 ὅτι

2175 3010 2192 3041 ι
2228 2987 2378 3043 Γάλα
2405 2988 2634 3042 ἐπότισα
2665 2989 2833 3059 ὑμᾶς,
2877 2987 2938 3040 οὐ
3000 2985 3234 3058 βρῶμα,
3278 2985 3432 3040 οὔπω
3473 2988 3583 3059 γὰρ
3627 2989 3758 3057 ἠδύ-

2171 3082 2353 3144 νασθε,
2381 3079 2497 3134 ἀλλ’
2517 3081 2639 3134 οὐδὲ
2670 3081 2750 3134 ἐτι
2780 3081 2873 3134 νῦν
2902 3080 3432 3136 δύνασθε.›Τελείων
3454 3082 3511 3134 δέ
3541 3082 3688 3135 ἐστιν
3717 3086 3754 3155 ἡ

483 3170 739 3225 tollentur
763 3167 854 3222 ﬁlii
889 3167 1029 3222 tuiet
1059 3166 1180 3221 ﬁlia:
1199 3174 1324 3222 tuan
1345 3167 1496 3222 Tunc
1525 3167 1730 3224 videbis
1745 3177 1797 3223 et
1827 3169 2062 3233 timebis,

2174 3173 2375 3247 στερεὰ
2413 3171 2589 3244 τροφὴ
2618 3173 2726 3225 τῶν
2759 3172 2848 3226 διὰ
2889 3172 2987 3244 τὴν
3033 3171 3146 3238 ἕξιν
3176 3173 3247 3226 τὰ
3287 3172 3614 3245 αἰσθητήρια
3652 3175 3756 3244 τῆς

472 3277 542 3319 ac
595 3259 858 3331 stupebis,
882 3275 1006 3331 pro,
1033 3259 1411 3316 admiraberis.
1460 3259 1551 3315 Sic
1581 3260 1725 3315 enim
1750 3269 1806 3315 et
1852 3260 2062 3317 divinus

2173 3264 2399 3335 καρδίας
2429 3264 2859 3334 γεγυμνασμένα
2900 3263 3132 3332 ἐχόντων
3175 3263 3311 3334 πρὸς
3355 3263 3624 3336 διάκρισιν
3657 3283 3760 3320 κα-

481 3355 750 3410 Abbacum
794 3371 808 3407 :
845 3371 864 3404 ι
903 3351 1153 3419 Domine,
1214 3350 1406 3421 inquit,
1443 3350 1625 3406 audivi
1671 3365 1861 3407 vocem
1916 3361 2060 3406 tuam

2167 3357 2260 3411 λοῦ
2301 3374 2362 3410 τε
2411 3357 2506 3410 καὶ
2553 3354 2748 3411 κακοῦ.
2803 3355 3014 3409 Οὐκοῦν
3049 3355 3136 3408 ἐπ’
3183 3355 3350 3426 ὤμων
3396 3356 3756 3429 ἀρθήσονται,

481 3455 532 3500 et
563 3444 738 3512 timui,
779 3443 1117 3499 consideravi
1174 3457 1340 3512 opera
1401 3451 1513 3509 tua,
1560 3453 1614 3497 et
1659 3442 1911 3514 obstupui
1935 3443 2003 3498 θ’.
2037 3463 2056 3496 ι

2167 3450 2353 3520 φησιν,
2401 3450 2451 3502 οἱ
2496 3449 2602 3503 υίοί
2632 3465 2750 3510 σου,
2785 3447 2882 3502 καί¹
2922 3450 2977 3501 at
3025 3446 3326 3519 θυγατέρες
3373 3466 3488 3514 σου,
3533 3451 3653 3504 τότε
3696 3451 3759 3504 δὲ

480 3535 730 3592 Solemus
777 3535 941 3590 etiam
972 3549 1068 3590 nos
1095 3534 1219 3605 .ipsi
1248 3531 1518 3588 interdum
1563 3533 1747 3589 dicere
1780 3551 1795 3589 :
1843 3533 2058 3607 Stupui,

2166 3541 2306 3611 ὕψει,
2337 3541 2431 3594 καὶ
2464 3540 2773 3614 φοϐηθήσῃ,
2809 3541 2903 3594 καὶ
2951 3543 3212 3613 ἐκστήσῃ,
3240 3542 3362 3596 ἀντὶ
3392 3541 3507 3607 τοῦ,
3542 3543 3759 3614 θαυμά-

479 3643 598 3684 cum
625 3626 826 3697 aliquid
858 3634 1050 3696 praeter
1078 3625 1386 3694 Opinionem
1417 3639 1447 3679 a
1474 3625 1728 3696 quapiam
1766 3626 1885 3681 ﬁeri
1931 3643 2061 3683 con-

2167 3649 2314 3696 σειςσ
2347 3631 2493 3687 οὕτω
2541 3633 2650 3704 γάρ
2692 3650 2797 3687 που
2855 3633 2952 3686 καὶ
2998 3636 3026 3688 ὁ
3069 3633 3357 3698 θεσπέσιος
3405 3635 3754 3706 ’Δϐϐακούμ-

475 3721 680 3792 tigerit.
734 3717 1110 3773 Admiraberis
1145 3717 1328 3786 igitur,
1384 3717 1596 3786 inquit:
1648 3720 1867 3787 etgqure
1944 3727 2060 3772 tan-

2169 3745 2188 3779 ι
2223 3726 2440 3797 Κύριε,
2491 3725 2692 3796 φησὶν,
2742 3726 3046 3796 είσακήκοα
3104 3729 3204 3796 τὴν
3250 3727 3424 3798 ἀκοήν
3492 3745 3612 3792 σου,
3658 3730 3759 3781 καὶ

471 3814 596 3869 dem
636 3810 798 3880 hujus
831 3810 906 3864 rei
937 3809 1144 3864 causa?
1201 3807 1625 3863 Transferantur
1679 3810 1825 3864 enim
1883 3810 1950 3864 ad
2011 3820 2062 3866 te.

2166 3817 2460 3889 ἐφοϐήθην.
2502 3817 2824 3885 Κατενόησα
2868 3818 2939 3870 τὰ
2972 3818 3108 3889 ἔργα
3138 3835 3232 3871 σου
3258 3862 3273 3884 ,
3316 3821 3412 3873 καὶ
3445 3820 3693 3891 ἐξέστην.
3732 3841 3752 3872 ι

480 3900 686 3955 divitia:
730 3899 920 3965 maris,
955 3909 1008 3953 et
1041 3900 1280 3968 gentium
1341 3908 1396 3952 ct
1448 3898 1786 3969 populorum.
1849 3899 2061 3957 Clarius

2166 3908 2576 3980 Κατειθίσμεθα
2612 3909 2671 3963 δέ
2715 3927 2833 3973 πως
2869 3909 2964 3964 καὶ
2993 3912 3155 3980 ήμεῖς
3183 3911 3366 3977 αὐτοὶ,
3402 3912 3484 3979 τὸ,
3525 3911 3782 3981 ἐξέστην,

481 3993 564 4046 aic
594 3990 840 4059 praedicit
903 3990 1196 4044 vocandum
1251 4004 1372 4044 esse
1432 4006 1531 4045 suo
1561 4001 1805 4062 tempore
1840 3991 1906 4046 ad
1967 4008 2060 4050 ve-

2166 4002 2277 4057 ἐσθ’
2307 4004 2396 4057 ὅτε
2428 4004 2628 4073 λέγειν,
2663 4005 2792 4059 ὅταν
2821 4021 2874 4058 τι
2901 4003 3010 4058 τῶν
3033 4005 3356 4077 παραδόξων
3391 4007 3496 4060 ὑπό
3528 4024 3624 4060 του
3658 4025 3755 4077 γε-

480 4083 656 4137 ritatis
726 4081 1078 4150 agnitionem,
1142 4083 1379 4152 gentium
1446 4083 1867 4142 multitudinem.
1938 4087 2058 4144 Sita

2166 4097 2349 4153 νέσθαι
2377 4098 2583 4170 συμϐῇ.
2605 4097 2922 4170 Θαυμάσεις
2949 4098 3336 4171 τοίνυνηρησὶ,
3365 4103 3460 4156 καὶ
3479 4100 3608 4155 ποία
3628 4102 3757 4154 τού-

478 4176 615 4232 enim
657 4174 762 4230 fuit
792 4173 1105 4234 Judteorum
1139 4177 1286 4247 regio
1317 4177 1384 4230 ad
1434 4176 1642 4250 plagam
1693 4195 1814 4250 quae
1834 4181 1902 4237 ad
1929 4197 2058 4252 par-

2166 4208 2256 4245 του
2309 4192 2606 4262 γενήσεται
2661 4191 2974 4262 πρόφασις;
3031 4193 3345 4248 Μετάϐαλεί
3397 4193 3506 4264 γάρ
3555 4195 3636 4257 είς
3693 4196 3753 4248 σέ

473 4279 576 4322 tem
606 4267 898 4324 australem
931 4269 1121 4339 vergit.
1181 4268 1310 4334 Quae
1336 4283 1464 4325 vero
1539 4281 1788 4339 spectant
1857 4274 1927 4329 ad
1979 4289 2060 4331 se-

2166 4282 2392 4346 πλοῦτος
2421 4283 2720 4353 θαλάσσης,
2739 4284 2837 4336 καὶ
2869 4283 3060 4350 ἐθνῶν,
3079 4285 3178 4339 καὶ
3205 4285 3370 4339 λαῶν.
3399 4286 3754 4357 Σαφεστέραν

472 4361 856 4432 ptentrionem,
886 4370 942 4417 et
991 4376 1160 4427 mare,
1189 4371 1243 4417 et
1275 4362 1540 4429 civitates,
1569 4380 1633 4421 ac
1667 4367 1918 4437 regiones
1953 4368 2058 4424 ibi-

2161 4375 2219 4429 ἐν
2261 4374 2474 4438 τούτοις
2523 4378 2760 4429 ποιεῖται
2796 4377 2895 4447 τὴν
2933 4377 3358 4447 προαγόρευσιν,
3403 4377 3499 4430 τοῦ
3543 4378 3627 4430 δτι
3659 4395 3757 4432 κε-

470 4460 590 4512 dem
628 4458 853 4527 positas,
888 4456 1129 4526 gentium
1165 4472 1297 4526 grex
1345 4459 1570 4514 sortitus
1637 4468 1740 4514 est.
1789 4458 2054 4526 Quoniam

2166 4467 2424 4539 κλήσεται
2456 4467 2598 4521 κατὰ
2647 4467 2875 4539 καιροὺς
2912 4470 2992 4532 είς
3024 4468 3319 4537 ἐπίγνωσιν
3350 4468 3610 4541 ἀληθείας
3644 4471 3756 4524 τῶν

469 4557 650 4604 autem
683 4550 774 4619 qui
831 4563 858 4602 a
893 4548 1125 4617 pristino
1165 4563 1350 4604 errore
1377 4551 1764 4618 discesserant,
1795 4554 2055 4609 mutatio-

2166 4527 2334 4614 ἐθνῶν
2366 4561 2398 4631 ἠ
2435 4559 2667 4632 πληθύς.
2708 4527 2819 4613 Ἦν
2856 4527 3217 4632 ’μὲνγὰρ-ἐν
3265 4563 3376 4624 τοῖς
3407 4527 3755 4632 νοτιωτ-έροις

469 4656 591 4696 nem
624 4641 678 4693 in
706 4639 899 4695 melius
929 4639 1194 4706 fecerunt,
1249 4644 1424 4697 vocati
1455 4644 1520 4698 ad
1564 4645 1897 4714 agnitionem
1956 4660 2055 4700 na-

468 4733 658 4788 turalis
692 4733 809 4799 Dei,
847 4748 943 4803 per
998 4747 1092 4789 eos
1115 4734 1204 4803 qui
1235 4735 1621 4791 administrant
1699 4736 2053 4808 Evangelium

467 4824 670 4880 Christi
701 4843 714 4879 :
747 4823 878 4879 hinc
898 4825 1031 4880 dicit
1062 4825 1468 4881 lransferendas
1505 4827 1574 4881 ad
1603 4827 1903 4884 Ecclesiam
1937 4844 2056 4884 ma-

468 4918 542 4972 ris
573 4917 814 4973 divitias.
863 4915 1075 4971 Divitiae
1108 4929 1292 4972 autem
1331 4927 1481 4984 sunt,
1511 4926 1572 4974 ut
1617 4919 1750 4985 dixi,
1836 4923 2052 4979 urbium

465 5019 522 5063 et
544 5012 826 5078 regionum
874 5010 943 5064 ad
969 5024 1119 5065 mare
1150 5011 1401 5074 sitarum,
1453 5010 1505 5064 hi
1545 5014 1636 5081 qui
1687 5013 1739 5067 in
1787 5013 1893 5071 illis
1956 5018 2054 5071 ha-

469 5100 661 5156 bitant.
725 5118 744 5151 ι
779 5101 1152 5170 Nenientque,
1213 5101 1421 5171 inquit,
1479 5103 1544 5156 ad
1611 5113 1661 5159 te
1719 5106 1884 5161 etiam
1929 5124 2053 5179 gre-

469 5208 562 5263 ges
612 5197 967 5260 camelorum,
1003 5204 1059 5250 et
1112 5203 1293 5267 tegent
1349 5205 1402 5251 te
1455 5198 1649 5252 cameli
1715 5197 1941 5253 Madiam
1996 5210 2052 5256 et

468 5284 701 5357 Gephar.
743 5305 761 5337 ι
839 5285 978 5341 Sunt
1046 5286 1190 5340 enim
1259 5287 1570 5344 Madianitae
1626 5299 1681 5344 et
1764 5290 2047 5360 Gepharazi

467 5391 658 5449 gentes
687 5378 928 5433 ﬁnitimae
962 5375 1286 5444 Jerusalem,
1355 5380 1621 5436 habentes
1684 5386 2051 5440 conterminas

469 5474 734 5542 regiones.
787 5469 956 5543 844
1002 5469 1135 5523 Nam
1187 5471 1575 5528 abominabiles
1629 5485 1805 5540 erant,
1856 5488 1912 5531 et
1967 5480 2052 5532 in-

469 5563 798 5626 circumcisi,
826 5575 880 5618 et
907 5561 1224 5616 idololatrre.
1264 5560 1369 5616 Sed
1409 5572 1461 5617 et
1485 5579 1580 5618 eos
1614 5581 1832 5635 quoque
1865 5582 2054 5622 vocan-

469 5653 566 5704 dos
594 5668 734 5717 esse,
768 5662 823 5708 et
854 5653 1088 5708 fructum
1123 5653 1231 5708 Deo
1254 5653 1516 5722 edituros,
1560 5657 1710 5712 hisce
1740 5661 1920 5712 verbis
1963 5676 2050 5716 os-

543 5834 586 5867 "
621 5834 738 5889 Act.
769 5852 855 5905 xv,
887 5839 977 5894 εδ.
1054 5839 1099 5871 ’⁸
1128 5840 1147 5895 l
1173 5841 1298 5896 Cor.
1327 5856 1410 5910 ιιι,
1450 5841 1504 5895 2.
1582 5842 1629 5873 "
1666 5842 1868 5900 llabac.
1905 5859 1942 5914 ι,
1979 5844 2031 5898 5.

2164 4653 2392 4723 κλίμασι
2410 4652 2519 4706 τῶν
2535 4652 2804 4708 Ἰουδαίων
2825 4654 2858 4724 ή
2880 4652 3053 4724 χώρα,
3073 4653 3143 4706 τά
3159 4670 3222 4722 γε
3247 4654 3354 4724 μὴν
3371 4655 3507 4725 πρὸς
3524 4656 3750 4728 ἄρκτον,

2163 4747 2260 4800 καὶ
2283 4745 2585 4812 θάλασσαν,
2605 4746 2700 4799 καὶ
2725 4745 2931 4812 πόλεις,
2955 4745 3050 4799 καὶ
3080 4745 3177 4809 τὰς
3199 4747 3285 4799 ἐπ’
3313 4747 3450 4818 αὐτῇ
3489 4748 3753 4817 κειμένας

2161 4839 2346 4912 χώρας
2374 4839 2430 4890 αἱ
2455 4837 2564 4892 τῶν
2594 4837 2765 4892 ἐθνῶν
2791 4837 2986 4906 ἀγέλαι
3035 4837 3483 4909 διεμοιρώσαντο.
3528 4839 3751 4912 Ἐπειδὴ

2161 4931 2220 4986 δὲ
2248 4932 2349 5002 τῆς
2393 4931 2628 5003 ἀρχαίας
2659 4931 2879 5002 ἀπάτης
2910 4932 3385 5003 ἀπονοστήσαντες
3427 4931 3526 5004 τὴν
3556 4934 3639 4997 είς
3681 4935 3754 4987 τὰ

2162 5023 2374 5093 ἀμείνω
2425 5023 2732 5094 μεταϐολὴν
2772 5025 3039 5095 ἐσχήκασι
3085 5025 3402 5094 κεκλημένα
3447 5024 3585 5097 πρὸς
3629 5025 3754 5078 ἐπί-

2162 5131 2366 5182 γνωσιν
2394 5113 2491 5166 τοῦ
2535 5113 2678 5167 κατὰ
2722 5113 2884 5184 φύσιν
2917 5113 3070 5177 ὄντος
3099 5113 3232 5167 Θεοῦ
3261 5114 3350 5167 διὰ
3389 5114 3499 5168 τῶν
3534 5116 3750 5185 ἱερουρ-

2160 5208 2402 5278 γούντων
2425 5205 2487 5258 τὺ
2517 5206 2848 5275 Εὐαγγέλιον
2874 5205 2970 5260 τοῦ
3014 5206 3276 5279 Χριστοῦο
3315 5206 3578 5278 ταύτῃ-σοί
3613 5225 3751 5279 φησι

2155 5297 2479 5370 μεταϐαλεῖν
2519 5299 2598 5361 είς
2639 5298 2737 5370 τὴν
2805 5299 3140 5370 Ἐκκλησίαν
3183 5301 3284 5371 τῆς
3326 5299 3606 5369 θαλάσσης
3655 5299 3752 5352 τὸν

2153 5389 2403 5444 πλοῦτον·
2439 5388 2670 5453 πλοῦτος
2700 5391 2777 5457 δέ,
2830 5391 2906 5455 ὡς
2941 5391 3101 5462 ἔφην,
3129 5392 3240 5445 τῶν
3289 5391 3429 5463 πρὸς
3467 5390 3750 5462 θαλάσσης

2154 5482 2423 5554 κειμένων
2477 5482 2686 5536 πόλεων
2736 5484 2830 5538 καὶ
2880 5486 3096 5556 χωρῶν,
3141 5487 3190 5538 οί
3246 5483 3631 5547 κατοικοῦντες
3688 5484 3749 5536 ἐν

2154 5577 2370 5640 αὐταῖς.
2426 5594 2444 5626 ι
2474 5576 2704 5642 ’Ήξουσι
2752 5577 2809 5630 δέ
2872 5595 2974 5643 σοι,
3023 5579 3194 5647 φησι,
3260 5577 3355 5631 καὶ
3393 5576 3586 5637 ἀγέλαι
3649 5593 3739 5628 κάη

2159 5667 2364 5738 μήλων,
2398 5669 2493 5723 καὶ
2518 5669 2822 5740 καλύψουσί
2862 5688 2919 5724 σε
2953 5670 3192 5742 κάμηλοι
3238 5671 3466 5743 Μαδιάμ
3506 5670 3603 5725 καὶ
3643 5669 3682 5723 Γ
3685 5686 3744 5722 ε·-
