2070 3233
23 934 26 1103 l

182 215 251 244 {339

182 272 249 308 φάρ.
270 280 279 297 t
296 272 381 308 Ἐθνη
405 271 455 309 μὲν
472 272 526 309 γὰρ
557 272 685 308 περίοικα
707 273 758 308 τῆς
785 272 974 309 Ἰερουσαλὴμ,
990 276 1012 305 Α

182 318 298 351 καὶτὰς
320 318 438 355 ὁμόρους
460 319 567 355 ἔχοντα,
591 319 754 355 Μαδιηναίοί
777 328 807 347 τε
830 320 878 347 καλ⁸
901 321 926 347 οί
942 321 976 347 ἐκ.

182 363 285 402 Γεφάρ.
299 363 392 393 Ἦσαν
415 365 471 402 γὰρ
494 365 630 403 βδελυροὶ,
657 367 703 394 καὶ
726 366 903 403 ἁκρόϐυστοι,
928 367 976 394 καὶ

182 412 386 448 εἰδωλολάτραι,
409 412 469 440 ἀλλ’
488 413 529 440 ὅτι
556 413 736 449 κεκλήσονται
755 413 804 440 καὶ
823 413 909 446 αὐτοὶ,
928 413 976 441 καὶ

182 458 428 493 καρποφορήσουσι
451 457 492 494 τῷ
514 457 586 493 Θεῷ,
597 458 780 486 διαδείκνυσιν
805 459 835 486 ὲν
859 458 975 491 τούτοις.

181 501 273 530 Ἶίσαν
290 504 340 539 μὲν
357 503 411 539 γὰρ
424 504 541 539 ἐμϐάται
563 505 705 540 καμήλων,
721 505 768 532 καὶ
784 505 832 536 τὰς
854 505 902 531 τοῦ
926 505 976 540 ζῇν

181 549 310 584 ἀφορμὰς
339 549 393 576 ἀπό
414 558 446 584 γε
471 550 517 576 τοῦ
542 550 689 585 μάχεσθαι,
713 551 760 577 καὶ
784 553 975 587 κτηνοτροφεῖν

181 594 356 630 ἐπορίζοντο·
383 593 455 631 ἦσαν
476 596 504 622 δὲ
524 596 564 623 ὅτι
585 596 704 632 μάλιστα
730 598 786 628 τοῖς
809 597 837 630 ἐξ
857 597 974 633 Ἰσραὴλ,

182 641 242 666 ἀλλ’
255 641 279 667 οἱ
295 641 361 667 ποτὲ
380 641 553 677 πλανώμενοι
566 642 675 678 βέϐηλοί
686 651 715 669 τε
736 644 782 669 καὶ
797 643 908 678 ἄμικτοι
920 644 976 675 τοῖς

180 687 358 721 ἡγιασμένοις
372 686 476 722 ἥξουσι,
492 689 585 723 φησὶν,
601 689 631 715 οὐ
647 689 705 715 καθ’
720 689 768 716 ἕνα
786 690 897 724 μᾶλλον,
911 691 975 723 ἂγε--

178 733 260 769 ληδὸν
273 733 302 760 δὲ
316 733 422 770 ὥσπερ,
441 735 488 761 καὶ
509 734 580 762 κατὰ
603 735 719 770 πληθὺν,
736 736 751 771 ἢ
767 736 900 771 καμήλοις
923 737 973 762 tr:-

178 779 336 815 οχούμενοι,
359 780 443 815 ἢγουν
462 781 535 816 ᾶπερ
562 781 654 816 ἔχουσι
671 782 913 817 προσκομίζοντες,
928 782 973 808 καὶ

178 826 237 857 τοῖς
250 826 321 853 κατὰ
334 827 414 861 χεῖρα
426 827 561 862 τιμῶντες
579 827 656 855 Θεόν.
675 837 683 852 ι
703 827 818 860 Ἧξουσι
831 828 859 854 δὲ
874 828 974 860 πάντες

177 871 210 898 ἐκ
230 871 325 898 Σαϐϐἄ
341 872 470 908 φέροντες
484 872 596 908 χρυσίον
616 873 664 899 καὶ
680 872 800 905 λίϐανον,
812 872 916 899 οἴσουσι
929 873 974 899 καὶ

177 917 254 944 λίθον
266 916 369 952 τίμιον,
391 918 438 943 καὶ
458 917 488 944 τὸ
515 918 648 953 σωτήριον
664 918 767 953 Κυρίου
789 918 975 953 εὑαγγελιοῦν-

177 971 236 990 ται.
256 972 266 989 ι
284 961 370 998 Χώρα
384 963 466 989 πάλιν
484 963 559 989 ἐστὶν
575 964 591 998 ἡ
610 963 704 989 Σαϐϐὰ
719 964 770 998 τῆς
790 964 913 1001 ’Δράϐων
928 965 976 991 ὲπ-
991 961 1011 988 Β

175 1009 338 1041 ἑκεινα,καὶ
348 1008 434 1044 ἀγχοῦ
451 1009 551 1044 μᾶλλον
562 1008 702 1045 θαλάσσης
713 1009 859 1045 Ἐρυθρᾶς,
870 1010 899 1043 ἐξ
910 1008 944 1046 ἧς
958 1010 974 1045 ἡ

176 1053 273 1080 Σαϐϐὰ
288 1054 305 1089 ὴ
320 1054 375 1080 τῶν
388 1053 525 1080 Αἰθιόπων
547 1054 693 1089 βασίλισσα
710 1055 739 1081 ἐν
756 1056 814 1086 τοῖς
832 1055 975 1090 Σολομῶν-

175 1108 222 1132 τος
237 1101 345 1134 καιροῖς
359 1099 524 1136 ἐπεφοίτησε
541 1102 574 1136 τῇ
589 1100 782 1136 Ἰερουσαλήμ,
796 1101 973 1136 Γονιμωτάτη

174 1146 202 1173 δὲ
229 1146 247 1181 ἡ
272 1146 350 1182 χώρα
371 1146 532 1179 λιϐανωτοῦ,
556 1147 658 1182 χρυσοῦ
690 1156 719 1173 τε
747 1147 793 1173 καὶ
816 1147 898 1174 λίθων
919 1147 975 1174 τῶν

181 1191 315 1218 Ἰνδικῶν.
333 1191 447 1224 ’Ἡξουσι
461 1192 561 1225 τοίνυν,
587 1192 664 1227 φησὶ,
681 1193 922 1228 καρποφοροῦντες
934 1194 974 1225 εἰς

173 1237 257 1269 δόξαν
274 1237 354 1269 Θεοῦ,
381 1238 428 1263 καὶ
452 1239 638 1273 προσάγοντες
655 1238 773 1270 λίϐανον,
799 1239 845 1265 καὶ
862 1238 973 1274 χρυσὸν,

175 1284 228 1310 καὶ
243 1282 345 1314 λίθους,
361 1283 445 1318 ἦγουν
465 1284 513 1318 τὴν
533 1284 561 1316 ἐξ
582 1283 671 1319 ἔργων
693 1284 806 1318 ἀγαθῶν
831 1284 972 1319 εὐοσμίαν,

176 1329 226 1356 καὶ
250 1329 418 1364 φαιδρότητα
437 1330 546 1364 νοητὴν,
570 1331 617 1356 καὶ
635 1330 750 1357 πλοῦτον
774 1330 972 1365 πνευματικόν.

178 1387 186 1403 ι
204 1376 438 1410 Εὑαγγελιοῦνται
455 1377 483 1403 δὲ
504 1377 552 1404 καὶ
573 1377 604 1404 τὸ
632 1379 766 1414 σωτήριον
790 1377 837 1404 τοῦ
863 1378 941 1406 Θεοῦ.
961 1388 970 1404 ι

175 1421 304 1448 Πλεῖστοι
320 1422 371 1457 μὲν
385 1422 440 1457 γὰρ
455 1422 511 1449 ὅσοι
540 1423 688 1458 κέκληνται
705 1425 755 1459 μὲν
772 1423 801 1457 ἐξ
816 1424 910 1457 ὲθνῶν,
927 1433 973 1451 σε-

175 1468 332 1503 σοφωμένοι
351 1468 380 1494 δὲ
401 1469 451 1503 τὴν
466 1469 591 1504 καρδίαν,
607 1470 721 1498 καὶτῶν
735 1471 815 1506 ιερῶν
829 1471 974 1506 δογμάτων

173 1514 241 1541 νοῦν
260 1514 389 1547 λαϐόντες
403 1515 576 1550 ἐπιστήμονα
590 1515 780 1543 διδασκαλικὸν
795 1517 929 1552 ἐσχήκασι
944 1517 974 1543 τὸ

174 1559 299 1596 ἀξίωμα,
318 1562 367 1588 καὶ
389 1562 439 1598 τὴν
455 1563 532 1599 παρὰ
551 1562 598 1589 τοῦ
624 1563 732 1590 πάντων
751 1563 832 1599 ἡμῶν
847 1563 975 1598 Σωτῆρος

174 1607 298 1643 Χριστοῦ
315 1609 452 1644 σωτηρίαν
467 1618 498 1636 τε
516 1609 563 1636 καὶ
586 1609 666 1645 χάριν
696 1610 800 1645 ἑτέροις
823 1610 973 1646 διακηρύτ-

174 1661 281 1686 τοντες,
293 1656 339 1681 τὸν
364 1655 415 1690 τῆς
436 1644 628 1691 γνησιότητοςγ
640 1644 807 1691 ἀνεδήσαντο
828 1644 972 1690 στέφανον.
987 1644 1011 1676 c

177 1709 186 1726 ι
209 1700 325 1733 Ἦξουσι
354 1701 383 1728 δέ
413 1711 465 1733 σοι,
496 1702 574 1738 φησὶ,
601 1702 649 1728 καὶ
674 1701 709 1728 τὰ
727 1702 850 1737 πρόϐατα
866 1702 973 1737 Κηδὰρ,

175 1747 226 1774 καὶ
239 1748 264 1774 οἰ
278 1749 352 1783 κριοὶ
366 1748 509 1782 Ναϐαιὼθ,
525 1749 572 1775 καὶ
592 1747 818 1783 ἀνενεχθήσοιιται
831 1747 914 1774 eam
929 1748 975 1774 ἐπὶ

174 1795 208 1821 τὸ
230 1793 424 1830 θυσιαστήριόν
440 1804 501 1829 μου.
522 1804 532 1821 ι
557 1794 653 1830 Κηδὰρ
667 1795 706 1828 δὲ,
727 1795 773 1821 καὶ
789 1794 904 1821 Ναϐεὼθ
920 1795 975 1829 χῶ-

177 1848 226 1875 ραι
242 1840 324 1868 πάλιν
350 1840 444 1876 ἕτεραι
459 1841 575 1877 λιπαραί
590 1849 620 1867 τε
639 1841 686 1867 καὶ
701 1841 816 1873 εὖϐοτοι,
833 1841 880 1867 κα)⁹
901 1841 975 1868 πλεί-

177 1894 259 1918 στους
282 1887 332 1921 μὲν
353 1886 464 1922 ἔχουσαι
488 1888 551 1919 τοὺς
575 1887 747 1920 ἐνοικοῦντας
771 1887 881 1918 αὑταῖς,
905 1887 975 1922 πλὴν

175 1931 385 1967 είδωλολάτρας,
403 1933 450 1958 καὶ
467 1932 707 1968 πεπλανημένους.
727 1932 809 1959 Ἀλλὰ
827 1933 873 1959 καὶ
890 1928 973 1966 οὗτοι,

176 1978 257 2014 φησὶ,
277 1980 382 2014 κριοὺς,
403 1979 450 2005 καὶ
471 1979 598 2014 πρόϐατα
618 1979 805 2015 προσοίσουσι,
819 1979 866 2006 καὶ
886 1979 976 2006 πάντα

177 2025 257 2052 ἔσται
271 2025 356 2052 δεκτὰ
380 2025 427 2051 ἐπὶ
449 2025 480 2051 τὸ
505 2025 700 2061 θυσιαστήριόν
716 2033 779 2060 μου·
798 2025 888 2051 καίτοι
904 2024 976 2051 κατὰ

176 2080 211 2106 γε
228 2071 275 2098 τὸν
297 2071 420 2103 Μωσέως
439 2071 522 2106 νόμον
542 2071 593 2098 οὐκ
615 2070 682 2106 ὲξῆν
709 2069 866 2104 ἁλλογενὲσι
890 2078 976 2105 προσο

177 2118 256 2151 άγειν
276 2116 372 2149 Θυσίας
393 2117 432 2152 τῷ
454 2116 525 2152 Θεῷ,
544 2117 604 2143 Οὐδ’
622 2116 656 2144 ἂν
672 2117 697 2143 εί
711 2115 853 2152 προσῆγον
876 2115 976 2148 δεκτὰς

177 2162 325 2197 ἔποιήσατό
347 2171 389 2194 τις
415 2161 508 2193 αὑτάς.
539 2161 609 2188 Ἀλλ’
637 2161 692 2188 ίδοὺ
718 2160 884 2196 προστάττει
909 2160 976 2193 Θεὸς

176 2208 276 2240 δεκτὰς
298 2206 369 2235 εἴναι
391 2209 438 2235 καὶ
452 2207 555 2240 ταύτας
571 2209 628 2240 τοῖς
643 2207 731 2242 ἁγίοις
757 2208 974 2244 Θυσιαστηρίοις.

183 2255 230 2282 Ἐν
243 2255 297 2291 γὰρ
311 2254 424 2291 Χριστῷ
443 2254 531 2290 Ἰησοῦ
546 2254 596 2281 οὐκ
611 2254 651 2281 ἔνι
665 2253 769 2288 δοῦλος,
787 2254 848 2281 οὐδὲ
863 2254 974 2281 ἐλεύθε-

178 2311 242 2338 ρος,
265 2302 420 2338 βάρϐαρος,
445 2301 569 2337 Σκύθης,
591 2301 692 2337 Ἕλλην
712 2310 742 2328 τε
762 2301 809 2328 καὶ
839 2301 974 2334 Ἰουδαῖος,

176 2347 248 2375 ἀλλὰ
263 2347 363 2381 πάντα,
376 2347 424 2374 καὶ
435 2348 463 2374 ὲν
479 2348 545 2375 πᾶσι
561 2347 688 2384 Χριστός.
700 2348 748 2374 Ἐν
760 2347 815 2383 γὰρ
828 2347 973 2382 γεγόνασιν

177 2395 204 2421 οἱ
217 2393 264 2421 δύο
276 2394 337 2420 λαοὶ
347 2414 354 2427 ,
375 2393 589 2427 κατενεγκόντος
603 2392 686 2420 aecus
704 2393 734 2420 τὸ
751 2393 910 2428 μεσότοιχον
926 2391 974 2419 τοῦ

179 2439 321 2476 φραγμοῦ.
347 2440 395 2466 καὶ
416 2439 462 2467 τὸν
486 2439 569 2475 νόμον
588 2438 644 2465 τῶν
667 2438 783 2465 ἐντολῶν
805 2439 834 2465 ὲν
855 2438 974 2474 δόγμασι

179 2487 416 2522 καταργήσαντος.
447 2486 545 2513 Δεκταὶ
570 2486 661 2512 τοίνυν
685 2486 712 2512 αἱ
734 2485 845 2512 πάντων
871 2485 974 2517 θυσίαι,

179 2534 348 2570 προσιόντων
362 2532 423 2568 Θεῷ
434 2533 479 2560 διὰ
490 2532 539 2568 τῆς
552 2532 671 2564 πίστεως
689 2533 717 2558 ὲν
733 2530 853 2567 Χριστῷ.
863 2530 974 2563 Ἐδοξά-

180 2580 232 2616 σθη
249 2580 278 2607 δὲ
299 2581 313 2607 ὁ
336 2577 411 2611 οἶκος
424 2579 475 2614 τῆς
492 2580 649 2615 προσευχῆς
671 2578 718 2605 τοῦ
741 2577 819 2604 Θεοῦ.
845 2577 900 2604 Καί
928 2586 974 2612 μοι

180 2627 262 2654 πάλιν
275 2625 352 2661 ἄθρει
366 2625 414 2652 τοῦ
427 2625 508 2659 λόγου
525 2625 556 2652 τὸ
573 2625 664 2660 βάθος·
681 2625 711 2652 οὺ
729 2624 783 2660 γὰρ
798 2623 910 2656 Θυσιῶν,
928 2624 975 2650 καὶ

178 2673 293 2701 καπνῶν
318 2670 391 2699 οἶκον
413 2671 454 2698 ἔτι
478 2670 602 2706 βούλεται
628 2671 770 2698 καλεῖσθαι
783 2671 833 2706 τὴν
856 2670 974 2706 Ἐκκλη-

181 2719 252 2752 σίαν,
269 2718 396 2755 καθάπερ
411 2717 509 2753 ἀμέλει
527 2717 575 2744 καὶ
589 2717 634 2744 τὸν
654 2717 684 2744 ὲν
697 2718 756 2749 τοῖς
775 2716 973 2752 Ἰεροσολύμοις

176 2763 255 2796 ναὸν,
275 2763 365 2799 εὐχῆς·
378 2764 407 2790 δὲ
425 2763 536 2799 μᾶλλον,
552 2762 687 2795 τουτέστι,
709 2762 838 2797 λατρείας
853 2770 975 2796 πνευμα-

746 216 779 244 IN
799 215 914 244 lSAlAM
935 217 1000 246 LIB.
1019 219 1052 246 ν.
1072 218 1191 248 TOMUS
1210 219 1254 248 IV.

1756 216 1823 246 1330

1028 274 1122 302 tendit.
1151 275 1235 303 Erant
1249 275 1322 303 enim
1338 282 1459 303 sessores
1480 274 1657 308 camelorum,
1676 277 1703 302 et
1716 274 1815 301 victum

1027 325 1061 347 ex
1076 319 1153 348 bellis
1166 325 1193 348 et
1204 320 1346 356 pecoribus
1370 321 1511 356 pascendis
1530 320 1701 355 quaerebant;
1720 323 1811 347 erant-

1029 372 1081 401 que
1095 366 1223 394 lsraelitis
1238 366 1429 394 inimicissimi.
1460 366 1513 394 Sed
1544 366 1591 401 qui
1624 365 1699 398 olim,
1719 365 1819 400 inquit,

1028 412 1157 440 errabant
1190 418 1218 441 et
1246 412 1351 449 profani
1373 417 1461 447 erant,
1494 412 1650 447 nullumque
1689 411 1825 439 habebant

1029 463 1090 484 cum
1122 458 1299 486 sanctiﬁcatis
1332 458 1537 491 commercium,
1578 457 1700 489 venient,
1724 456 1823 490 inquit,

1029 512 1082 531 non
1099 504 1210 537 viritim,
1235 505 1282 532 sed
1308 505 1438 540 gregatim
1456 509 1483 531 et
1500 503 1650 535 turmatim,
1671 502 1713 529 vel
1731 508 1822 528 carue-

1028 549 1061 577 iis
1073 550 1155 581 vecti,
1183 550 1224 577 vel
1238 557 1298 585 qua:
1315 549 1601 580 ltabentadducentes,
1621 547 1656 575 iis
1686 554 1745 582 qua:
1768 554 1823 581 prae

1028 596 1153 623 manibus
1172 600 1236 623 sunt
1251 596 1371 623 colentes
1394 596 1487 623 Deum.
1507 604 1517 622 ι
1536 595 1705 628 Venieutque
1722 600 1819 620 omnes

1027 649 1060 668 ex
1077 641 1178 675 Sabba,
1209 642 1328 670 ferentes
1342 650 1439 670 aurum
1455 647 1482 670 et
1502 642 1576 675 thus,
1597 645 1624 669 et
1638 640 1727 668 ferent
1751 639 1822 673 lapi-

1029 688 1089 714 dem
1105 688 1264 722 pretiosum,
1275 695 1306 716 ac
1316 688 1430 716 salutem
1449 688 1556 717 Domini
1571 686 1820 722 evangelizabnnt.)

1029 733 1118 760 Sabba
1134 734 1209 768 regio
1219 739 1260 762 est
1269 734 1338 762 ultra
1355 739 1454 762 terram
1466 735 1597 766 Arabum,
1612 738 1640 761 et
1651 739 1735 768 prope
1747 739 1823 759 mare

1029 778 1159 806 Rubrum:
1173 787 1206 807 ex
1215 788 1266 815 qua
1276 780 1363 808 Sabba
1371 779 1529 815 Aitltiopum
1540 779 1643 814 regina,
1656 778 1823 813 temporibus

1029 824 1190 858 Salomonis,
1218 826 1330 854 accessit
1347 825 1698 854 Jerusalem.Fertiiissima
1717 830 1760 852 est
1775 832 1818 851 re-

1028 872 1071 905 gio
1089 871 1177 904 thure,
1198 879 1264 899 auro
1276 876 1302 899 ct
1316 871 1447 907 lapidibus
1466 871 1575 899 Indicis.
1589 870 1705 898 Venient
1720 867 1819 906 igitur,

1028 917 1124 951 inquit,
1147 918 1262 944 fructum
1293 918 1429 952 parientes
1463 918 1490 944 in
1515 917 1647 952 gloria-In,
1679 921 1707 944 et
1737 915 1822 942 addu-

1027 967 1118 991 centes
1136 964 1198 991 thus
1211 969 1238 991 et
1267 971 1362 991 aurum
1387 971 1420 991 ac
1453 964 1565 998 lapides,
1605 963 1662 990 sive
1688 963 1821 990 bonorum

1027 1017 1137 1043 operum
1153 1017 1262 1038 suavem
1280 1010 1454 1045 iragrautiam
1472 1014 1499 1037 et
1523 1009 1695 1044 splendorem
1719 1009 1770 1036 sub
1782 1008 1822 1035 in-

1027 1055 1203 1090 telligentiam
1239 1056 1393 1088 cadentem,
1440 1055 1603 1090 divitiasque
1649 1053 1815 1089 spirituales.

1029 1111 1039 1127 c
1057 1101 1089 1128 Et
1106 1100 1333 1136 evangelizahuut
1351 1101 1465 1128 salutem
1480 1100 1597 1128 Domini.
1620 1109 1629 1126 ι
1661 1099 1822 1134 Complures

1025 1147 1097 1174 enim
1115 1147 1203 1174 vocati
1221 1151 1284 1175 sunt
1299 1155 1332 1176 ex
1347 1148 1484 1183 gentibus,
1507 1151 1535 1174 et
1564 1146 1646 1175 corde
1672 1147 1821 1181 sapientes,

1024 1199 1144 1222 ctsacra
1164 1194 1288 1229 dogmata
1315 1199 1405 1222 mente
1434 1198 1568 1226 tenentes,
1595 1193 1711 1221 docendi
1732 1197 1822 1219 auclo-

1024 1241 1106 1267 ritate
1145 1239 1265 1275 praaditi:
1281 1244 1309 1267 et
1326 1239 1440 1267 salutem
1452 1247 1484 1267 ac
1499 1239 1627 1274 gratiam,
1644 1239 1678 1266 ab
1699 1238 1821 1266 omnium

1025 1291 1146 1313 nostrum
1166 1285 1310 1313 Scrvatore
1333 1285 1452 1318 Christo,
1485 1284 1546 1312 aliis
1562 1284 1751 1320 praedicantes,
1784 1283 1822 1309 in.

1024 1331 1170 1367 genuitatis
1186 1338 1285 1359 comna
1311 1331 1428 1359 redimiti
1443 1336 1516 1359 sunt.
1539 1340 1548 1357 ι
1577 1330 1695 1358 Venient
1725 1329 1821 1361 etiam.

1025 1379 1123 1414 inquit,
1145 1386 1209 1406 oves
1222 1378 1310 1406 Cedar
1332 1383 1359 1405 et
1381 1378 1481 1406 arietes
1497 1377 1631 1411 Nabeoth,
1652 1382 1679 1405 ct
1704 1375 1819 1404 ob‘eren-

1025 1430 1068 1452 tur
1096 1425 1274 1460 acceptabilia
1298 1432 1379 1460 super
1417 1432 1492 1451 aram
1530 1431 1629 1451 meam.
1648 1432 1658 1449 ι
1684 1422 1772 1450 Cedar
1795 1427 1823 1450 et

1024 1470 1158 1504 Nabeoth,
1180 1470 1303 1505 regiones
1318 1477 1412 1498 rursus
1435 1474 1498 1497 sunt
1513 1469 1581 1503 aliae,
1600 1469 1698 1504 opima:
1720 1473 1748 1495 et
1773 1476 1822 1503 pu-

1024 1516 1124 1544 bulosae
1147 1523 1179 1543 ac
1195 1516 1328 1551 plurimos
1343 1516 1444 1544 habent
1459 1516 1572 1549 incolas,
1587 1523 1681 1543 verum
1707 1514 1822 1542 idolola-

1025 1567 1083 1590 tras
1101 1567 1128 1590 et
1141 1568 1274 1591 errantes.
1292 1562 1345 1590 Sed
1364 1567 1390 1590 et
1408 1563 1447 1596 hi,
1460 1563 1557 1598 inquit,
1572 1563 1673 1590 arietes
1709 1567 1738 1589 et
1758 1569 1822 1589 oves

1026 1610 1170 1643 adducent,
1183 1614 1210 1637 et
1219 1609 1310 1637 omnia
1322 1614 1401 1637 erunt
1413 1614 1524 1644 accepta
1539 1617 1620 1644 super
1630 1616 1707 1636 aram
1721 1615 1821 1642 meam,

1026 1656 1132 1684 etiamsi
1148 1657 1207 1691 iege
1228 1655 1345 1684 Mosaica
1364 1655 1468 1683 licitum
1492 1663 1545 1682 non
1572 1655 1655 1682 fuerit
1693 1654 1823 1689 alienige-

1026 1702 1079 1735 nis,
1100 1702 1157 1730 Deo
1175 1702 1279 1730 hostias
1298 1702 1414 1730 offerre:
1433 1706 1461 1730 et
1489 1702 1512 1730 si
1544 1701 1718 1735 obtulissent,
1743 1708 1822 1729 acce-

1026 1746 1159 1781 ptasillas
1176 1754 1228 1774 nou
1249 1747 1376 1775 habebat.
1396 1746 1449 1774 Sed
1475 1754 1539 1774 ecce
1557 1746 1634 1781 jubet
1663 1748 1732 1786 Deus
1761 1747 1822 1774 illas

1026 1796 1153 1827 acceptas
1167 1800 1239 1825 esse.
1254 1793 1280 1820 in
1294 1793 1398 1821 sanctis
1417 1794 1485 1821 aris.
1499 1793 1528 1821 In
1546 1794 1657 1822 Christo
1671 1794 1743 1822 enim
1759 1793 1823 1822 Jesu

1026 1846 1078 1865 nou
1101 1843 1142 1866 est
1166 1846 1279 1872 servus,
1314 1847 1402 1874 neque
1429 1840 1506 1872 liber,
1536 1840 1677 1872 barbarus,
1711 1840 1822 1875 Scytha,

1026 1884 1137 1912 Graecus
1156 1884 1315 1919 etJudaeus,
1338 1887 1385 1913 sed
1399 1887 1490 1914 omnia
1502 1891 1530 1914 et
1557 1887 1584 1914 in
1597 1887 1723 1914 omnibus
1747 1887 1824 1915 Chri-

1027 1935 1094 1959 stus.
1116 1931 1204 1959 Uuum
1223 1932 1296 1959 enim
1312 1933 1376 1960 facti
1393 1938 1457 1961 sunt
1476 1934 1529 1962 duo
1548 1933 1651 1968 p0puli,
1681 1941 1742 1961 cum
1775 1933 1822 1961 ille

1028 1979 1204 2006 interstitium
1233 1979 1361 2006 maceriae
1383 1978 1524 2014 deiecerit,
1552 1984 1580 2006 et
1603 1979 1690 2014 legem
1711 1980 1824 2008 manda-

1028 2028 1116 2050 torum
1140 2023 1166 2049 in
1183 2023 1317 2058 dogmatis
1328 2023 1412 2063 845
1430 2024 1589 2052 aboleverit.
1610 2024 1735 2060 Aeceptae
1754 2030 1818 2052 sunt

1026 2068 1110 2103 igitur
1133 2068 1230 2095 hostire
1254 2076 1360 2102 eorum,
1387 2070 1433 2104 qui
1464 2077 1515 2105 per
1539 2071 1620 2098 [idem
1651 2071 1678 2099 in
1713 2071 1824 2100 Christo

1028 2113 1162 2141 accedunt
1176 2113 1211 2140 ad
1231 2113 1325 2142 Deum.
1347 2123 1356 2140 ι
1371 2114 1405 2142 Ει
1422 2115 1540 2150 gloriosa
1560 2116 1656 2144 eﬂecta
1671 2118 1823 2146 estdomus

1026 2159 1159 2186 orationis
1191 2159 1248 2187 Dei.
1277 2159 1382 2188 Rursus
1407 2161 1473 2188 mihi
1497 2160 1649 2190 lcousidera
1684 2163 1819 2191 orationis

1027 2205 1250 2239 profunditatem.
1269 2205 1327 2234 Non
1357 2207 1430 2234 enim
1456 2207 1608 2236 hostiarum
1631 2212 1659 2236 et
1684 2208 1821 2237 [umorum

1027 2251 1135 2279 domum
1148 2251 1205 2286 jam
1220 2253 1312 2280 vocari
1331 2253 1388 2280 vult
1403 2253 1568 2288 Ecclesium,
1582 2247 1667 2282 'sicuti
1689 2257 1821 2284 nimirum

1034 2297 1163 2331 templum
1198 2296 1473 2334 Jerosolymitanum,
1500 2299 1546 2326 sed
1572 2300 1739 2334 precationis
1776 2309 1823 2336 pu-

1030 2344 1094 2375 tius,
1120 2343 1146 2370 id
1163 2348 1205 2370 est
1224 2343 1315 2371 cultus
1344 2344 1507 2378 spiritualis.
1542 2344 1635 2373 Psallil
1654 2351 1746 2374 autem
1772 2348 1823 2375 ali-

1026 2389 1100 2421 cubi,
1129 2393 1156 2416 et
1171 2389 1209 2416 ait
1235 2389 1343 2416 divinus
1385 2391 1488 2419 David:
1518 2401 1527 2417 ι
1562 2392 1703 2427 Dirigatur
1732 2394 1822 2421 oratio

1028 2443 1098 2469 mea,
1112 2436 1184 2464 sicut
1206 2437 1349 2465 incensum
1377 2437 1404 2464 in
1433 2444 1581 2474 conspectu
1615 2444 1672 2472 tuo,
1704 2439 1823 2467 elevatio

1028 2489 1157 2509 manuum
1171 2490 1293 2510 mearum
1323 2483 1487 2511 sacriﬁcium
1500 2485 1684 2520 vespertinum
1701 2486 1720 2513 ¹.
1741 2495 1749 2511 ι
1766 2485 1822 2514 Νο-

1030 2527 1141 2555 tandum
1163 2528 1246 2556 etiam
1278 2529 1358 2564 hujus
1378 2529 1507 2557 versiculi
1532 2531 1698 2559 mentionem
1724 2531 1824 2561 fecisse

1029 2574 1117 2609 ipsum
1133 2574 1320 2608 Servatorem,
1337 2583 1398 2603 cum
1433 2575 1588 2604 Judaaorum
1619 2579 1822 2614 negotiationes

1028 2620 1213 2655 reprehendit,
1231 2625 1260 2648 et
1275 2621 1358 2649 dicit:
1377 2631 1387 2648 ι
1410 2621 1547 2658 Scriptum
1562 2628 1618 2651 est:
1637 2625 1737 2653 Domus
1749 2633 1821 2658 mea,

1028 2667 1125 2695 domus
1147 2668 1280 2696 orationis
1295 2668 1448 2696 vocabitur.
1474 2668 1528 2697 Vos
1540 2675 1632 2699 autem
1661 2671 1746 2706 ipsam
1774 2671 1823 2698 fa-

1028 2713 1089 2741 citis
1104 2713 1258 2748 speluncam
1286 2714 1424 2742 latronum
1442 2717 1464 2743 ².
1483 2725 1492 2743 ι
1523 2716 1589 2744 Cum
1613 2718 1695 2752 igitur
1725 2719 1822 2746 domus

1028 2760 1162 2788 orationis
1180 2760 1250 2788 facta
1261 2765 1314 2795 est,
1332 2766 1396 2789 tunc
1418 2769 1528 2798 quoque
1542 2763 1691 2798 gloriﬁcata
1713 2769 1766 2792 est.

178 2811 269 2847 ⁸εικῆς.
284 2811 388 2840 Ψάλλει
404 2812 432 2838 δέ
445 2820 498 2838 που
515 2811 563 2839 καὶ
582 2810 664 2846 φησὶν
677 2811 691 2837 ὁ
706 2810 850 2842 θεσπέσιος
868 2809 967 2837 Δαϐίδ·
981 2817 991 2834 ‹
1006 2808 1227 2844 Κατευθυνθήτω
1246 2810 1262 2844 ὴ
1279 2810 1419 2845 προσευχή
1435 2819 1498 2845 μου,
1508 2809 1545 2842 ὡς
1565 2810 1692 2846 θυμίαμα
1705 2811 1821 2839 ἐνώπιόν

180 2868 241 2892 σου,
266 2859 382 2896 ἔπαρσις
412 2860 467 2887 τῶν
490 2859 590 2896 χειρῶν
615 2867 665 2894 μου
695 2858 777 2886 θυσία
798 2858 940 2894 ὲσπερινή.
962 2868 970 2883 ι
994 2857 1166 2892 Σημειωτέον
1189 2857 1217 2884 δὲ
1248 2857 1288 2884 ὅτι
1314 2856 1406 2884 τοῦτον
1430 2857 1475 2884 τὸν
1514 2858 1619 2893 στοῖχον
1641 2858 1688 2885 καὶ
1711 2858 1791 2890 αὐτὸς
1811 2862 1823 2885 ὁ

218 2948 225 2962 ¹
239 2946 311 2974 Psal.
325 2954 386 2981 ch,
403 2947 431 2975 2.
471 2949 480 2964 '
499 2947 594 2977 Matth.
611 2957 667 2983 XXI,
685 2948 736 2982 i3;
753 2947 834 2977 Marc.
857 2956 888 2982 ll,
904 2948 938 2977 l7
951 2957 959 2984 ;
974 2948 1038 2978 Luc.
1057 2957 1113 2982 xu,
1134 2949 1179 2977 46.
