4140 6466
485 374 620 430 1351

1485 373 1541 427 S.
1580 369 1852 437 CYRILLI
1893 369 2364 426 ALEXANDRINI
2402 371 2719 429 ARCHIEP.

3628 382 3766 436 1352

481 488 672 560 Σωτὴρ
699 489 1127 560 διεμνημόνευσέ
1196 507 1296 542 που
1337 491 1453 552 ταῖς
1497 489 1768 542 Ἰουδαίων
1841 488 2134 559 ἐμπορίαις
2174 490 2466 561 ἐπιτιμῶν,
2519 491 2612 546 καὶ
2648 492 2822 562 λέγων
2847 510 2860 524 ο
2895 514 2912 546 ι
2947 495 3293 567 Γέγραπται·
3337 499 3395 552 Ὀ
3437 493 3585 564 οἶκός
3638 518 3765 570 μου,

480 582 627 649 οἶκος
658 586 969 656 προσευχῆς
999 586 1350 658 κληθήσεται,
1389 588 1544 658 ὑμεῖς
1572 587 1626 640 δὲ
1671 588 1835 642 αὑτὸν
1871 588 2072 640 ποιεῖτε
2114 587 2378 658 σπήλαιον
2446 588 2681 661 λῃστῶν.
2724 610 2742 643 ι
2782 590 2910 644 Ὅτε
2957 594 3136 646 τοίνυν
3175 589 3322 658 οἶκος
3370 595 3559 664 γέγονε
3597 612 3768 666 προσ-

482 681 671 751 ευχῆς,
699 679 820 732 τότε
851 679 944 733 καὶ
969 678 1302 743 δεδόξασται.

553 775 716 830 Vens.
747 775 799 838 8,
830 775 882 829 9.
919 773 1022 840 Qui
1067 786 1187 829 sunt
1237 776 1322 828 isti
1362 777 1452 846 qui
1485 770 1546 829 ἰιι
1578 776 1737 830 nubes
1775 778 1968 840 volant,
2015 788 2054 828 et

2238 769 2411 836 Τίνες
2451 769 2576 823 οἵδε
2603 770 2682 837 ὠς
2729 771 2978 840 νεφέλαι
3019 773 3328 836 πέτανται,
3366 773 3464 829 καί
3498 777 3579 842 ὠς
3605 795 3768 849 περι..

478 880 532 923 ut
559 868 813 922 columba:
836 884 951 921 cum
979 867 1188 934 pullis?
1235 866 1323 922 Me
1369 869 1558 923 insula:
1592 871 1979 935 sustinuerunt,
2016 881 2062 923 et

476 978 631 1016 naves
671 959 887 1016 Tharria
920 963 973 1014 in
997 962 1207 1029 primis,
1264 972 1320 1014 ut
1348 960 1618 1014 adducant
1663 961 1849 1014 liberos
1890 972 2006 1016 tuos
2037 978 2064 1014 e

477 1053 779 1123 longinquo,
823 1060 872 1105 et
916 1062 1190 1121 argentum
1229 1064 1276 1106 et
1315 1069 1510 1106 aurum
1539 1067 1660 1104 cum
1691 1052 1819 1116 illis,
1851 1062 2064 1119 prapter

474 1161 659 1198 nomen
688 1143 905 1198 Domini
943 1155 1210 1212 sanctum,
1243 1155 1290 1198 et
1325 1154 1536 1214 propter
1561 1141 1818 1198 Sanctum
1868 1142 2061 1209 Israel,

477 1245 534 1288 ut
557 1237 624 1289 sit
652 1235 934 1305 gloriosus.

543 1326 697 1381 Licet
729 1327 923 1382 iterum
955 1328 1041 1381 hic
1065 1327 1247 1383 videre
1277 1327 1527 1382 Ecclesia:
1582 1341 1678 1382 seu
1708 1325 2062 1394 intelligibilis

471 1418 773 1474 Jerusalem
797 1434 1083 1489 personam
1125 1420 1510 1483 introductam,
1535 1417 1802 1472 levantem
1833 1418 1978 1472 velut
2006 1417 2058 1471 in

473 1511 701 1566 circuitu
729 1511 938 1578 oculos,
958 1521 1017 1565 ut
1036 1510 1245 1578 jussum
1270 1522 1355 1565 est
1373 1527 1402 1564 a
1421 1509 1534 1564 Deo
1559 1527 1571 1562 :
1601 1494 1796 1564 deinde
1821 1509 2060 1563 admira-

475 1612 564 1657 tur
589 1601 666 1672 ’1)
713 1603 1048 1657 currentium
1092 1617 1156 1656 eo
1205 1602 1632 1670 multitudinem,
1687 1611 1743 1657 et
1800 1601 2058 1672 populum

472 1708 571 1762 per
630 1694 789 1750 ﬁdem
851 1703 1284 1764 congregatum,
1354 1694 1830 1752 innumerabilem.
1905 1694 2056 1762 «Qui

469 1795 597 1840 sunt
636 1786 803 1851 enim,
851 1786 1046 1858 inquit,
1084 1787 1173 1856 qui
1217 1796 1273 1841 ut
1309 1787 1490 1844 nubes'
1522 1786 1727 1852 volant,
1771 1797 1826 1842 et
1871 1797 1933 1841 ut
1963 1803 2055 1842 co-

470 1877 669 1934 lumbae
715 1894 839 1934 cum
889 1880 1050 1950 pullis
1079 1881 1102 1935 ‘2
1134 1899 1152 1933 ι
1187 1881 1514 1935 lrretiuntur
1561 1881 1708 1936 cnim
1755 1895 1853 1949 per
1895 1880 2054 1936 ﬁdem

469 1985 576 2025 non
601 1971 762 2026 modo
789 1986 969 2037 senes,
995 1988 1184 2028 verum
1216 1973 1379 2028 etiam
1409 1988 1534 2028 cum
1567 1973 1675 2027 illis
1695 1972 1951 2041 juvenes,
2001 1981 2056 2028 et

469 2077 595 2118 cum
643 2064 770 2119 ﬁliis
811 2074 1020 2134 patres,
1065 2076 1121 2122 et
1159 2082 1282 2121 cum
1331 2066 1544 2122 ﬁliabus
1596 2077 1816 2122 matres.
1869 2066 2055 2136 itaque

469 2163 660 2210 contra
715 2170 931 2224 omnem
991 2166 1206 2212 aetatem
1255 2157 1595 2228 Evangelicaa
1654 2159 2054 2229 prazdicatiouis

471 2253 592 2298 rete
626 2247 976 2315 expanditur.
1031 2247 1097 2302 Et
1141 2249 1266 2313 hoc,
1298 2249 1509 2318 opinor,
1551 2258 1632 2305 est
1660 2254 1803 2320 quod
1835 2249 1892 2304 in
1918 2248 2055 2304 libro

471 2335 818 2393 Psalmorum
862 2341 1126 2410 scriptum
1173 2352 1297 2396 est:
1343 2361 1362 2394 ι
1393 2341 1633 2398 Iuvenes
1681 2353 1736 2398 et
1792 2341 2052 2412 virgines,

469 2443 629 2488 senes
657 2445 778 2486 cum
825 2430 1133 2500 junioribus
1167 2433 1389 2489 laudent
1447 2450 1643 2488 nomen
1679 2433 1889 2490 Domini
1923 2435 1964 2499 ’,
2027 2454 2046 2487 ι

468 2521 665 2577 Volare
695 2539 787 2579 eos
818 2525 970 2591 dicit,
1001 2534 1094 2580 aut
1117 2527 1242 2598 quia
1267 2527 1469 2582 vadunt
1490 2543 1556 2583 eo
1585 2544 1693 2583 non
1719 2527 2054 2598 negligenter

465 2621 521 2666 et
562 2614 811 2682 remisse,
844 2616 938 2672 sed
983 2625 1237 2687 tauquam
1271 2618 1524 2674 volucres
1547 2628 1602 2672 et
1636 2633 1921 2686 cursores;
1960 2630 2054 2674 aut

469 2701 640 2771 quod,
675 2713 895 2759 terreno
930 2713 987 2761 et
1018 2705 1419 2762 humiliaﬁ'ectu
1447 2705 1714 2776 deposito,
1745 2708 1798 2760 in
1823 2706 2053 2762 sublime

471 2792 699 2849 tendunt
753 2795 1194 2865 quodammodo,
1248 2807 1304 2852 et
1354 2812 1453 2852 ceu
1499 2812 1530 2853 e
1579 2799 1716 2853 mari
1763 2799 1972 2863 nubes,
2021 2813 2052 2852 a

464 2885 887 2942 tumultuatione
912 2895 966 2944 et
990 2887 1202 2944 deliciis
1243 2891 1553 2956 mundanis,
1587 2889 1640 2944 in
1688 2889 1855 2947 altum
1917 2890 2055 2945 assi-

465 2975 605 3032 liunt
631 2987 688 3033 et
708 2991 1016 3052 emergunt,
1041 2983 1110 3037 ad
1143 2997 1452 3052 supremam
1501 2983 1825 3039 festinantes
1862 2983 2054 3038 civita-

464 3079 597 3124 tem.
625 3070 944 3128 Admirante
972 3072 1137 3144 igitur
1169 3073 1409 3128 Ecclesia
1437 3089 1503 3129 ex
1528 3075 1678 3129 omni
1712 3076 1932 3146 regione
1959 3090 2053 3144 per

464 3163 628 3219 ﬁdem
665 3177 1018 3236 concursum,
1072 3179 1298 3220 causam
1345 3166 1421 3220 rei
1476 3167 1675 3236 aperit,
1729 3181 1918 3222 rursus
1959 3181 2052 3224 eos

464 3265 692 3325 captans
739 3254 910 3330 846
950 3264 1004 3313 et
1039 3258 1318 3324 irretiens,
1355 3269 1412 3314 et
1441 3258 1657 3331 inquit:
1697 3279 1716 3313 ι
1740 3259 1824 3314 Me
1864 3261 2052 3315 insulae

461 3349 864 3415 sustinuerunt,
891 3357 944 3404 et
969 3365 1136 3408 naves
1166 3350 1416 3416 Tharsis,
1453 3361 1514 3408 ut
1547 3353 1822 3412 adducant
1848 3353 2052 3410 liberos

2167 861 2375 929 στεραί
2400 861 2522 915 σὺν
2550 863 2872 929 νεοσσοῖς;
2911 863 3042 935 Ἐμὲ
3066 864 3250 934 νῆσοι
3282 865 3630 936 ὑπέμειναν,
3667 872 3768 925 καὶ

2169 952 2356 1007 πλοῖα
2389 954 2644 1022 Θαρσεῖς
2671 956 2742 1008 ὲν
2763 955 3038 1024 πρώτοις,
3068 958 3316 1027 ἀγαγεῖν
3341 959 3413 1013 τὰ
3437 959 3616 1014 τέκνα
3647 980 3767 1018 σου

2162 1048 2489 1116 μακρόθεν,
2523 1047 2759 1100 καὶτὸν
2788 1049 3070 1118 ἄργυρον,
3110 1051 3208 1104 καὶ
3239 1051 3349 1103 τὸν
3377 1053 3616 1120 χρυσὸν
3636 1056 3766 1121 μετ’
3832 1110 3837 1114 _

2165 1137 2366 1193 αὐτῶν
2397 1139 2498 1193 διὰ
2533 1141 2600 1194 τὸ
2625 1141 2814 1211 ὄνομα
2848 1142 3070 1208 Κυρίου
3112 1143 3178 1197 τὸ
3213 1142 3404 1211 ἅγιον,
3436 1144 3535 1198 καὶ
3571 1145 3669 1199 διὰ
3698 1147 3764 1200 τὸ

2165 1231 2272 1284 τὸν
2299 1232 2502 1300 Ἂγιον
2526 1232 2633 1286 τοῦ
2662 1232 2901 1301 Ἰσραὴλ
2945 1230 3202 1298 ἔνδοξον
3236 1231 3410 1290 εἶναι.

2239 1325 2454 1377 Ἐνεστι
2490 1324 2654 1379 πάλιν
2697 1326 2754 1380 ἐν
2800 1327 3012 1389 τούτοις
3041 1326 3168 1379 ἰδεῖν
3210 1327 3272 1378 τὸ
3300 1327 3398 1396 τῆς
3437 1327 3766 1396 Ἐκκλησίας

2166 1415 2457 1484 πρόσωπον
2488 1416 2999 1487 εἰσκεκομισμένον,
3034 1418 3153 1488 ἦτοι
3186 1416 3288 1486 τῆς
3328 1418 3527 1488 νοητῆς
3561 1420 3761 1488 Ἰερου-

2165 1506 2368 1576 σαλὴμ,
2398 1504 2531 1578 ἆρον
2563 1506 2754 1578 ῶσπερ
2781 1510 2838 1561 ὲν
2873 1508 3059 1580 κύκλῳ
3096 1511 3223 1572 τοὺς
3248 1510 3584 1580 ὀφθαλμοὺς,
3617 1513 3762 1566 καθά

2162 1598 2568 1668 προστέτακται
2585 1599 2737 1670 παρὰ
2751 1600 2886 1654 Θεοῦ
2897 1643 2910 1664 ,
2925 1595 3046 1656 εἶτα
3063 1602 3455 1673 καταπεπλανη
3466 1605 3633 1674 μένης
3652 1606 3763 1659 τῶν

2162 1689 2248 1740 ἐπ’
2280 1691 2423 1761 αὐτῇ
2457 1691 2762 1762 τρεχόντων
2786 1692 2846 1746 τὸ
2885 1693 3111 1764 πλῆθος,
3140 1695 3367 1748 καὶτῶν
3401 1696 3491 1749 διὰ
3524 1699 3763 1762 πίστεως

2162 1781 2663 1853 συναγηγερμένων
2683 1783 2775 1836 τὸν
2797 1784 3034 1855 ἀριθμοῦ
3062 1786 3264 1849 παντὸς
3291 1787 3548 1841 ἐπέκεινα
3565 1789 3758 1860 δῆμον.

2164 1891 2183 1924 ι
2211 1873 2368 1937 Τίνες
2399 1873 2507 1944 γὰρ
2541 1874 2648 1928 οἵδε
2682 1877 2967 1941 πέτανται,
2990 1877 3175 1946 φησὶν,
3201 1878 3277 1942 ὼς
3299 1879 3540 1947 νεφέλαι,
3560 1882 3651 1934 καὶ
3684 1881 3763 1946 ὡς

2160 1965 2484 2036 περιστεραὶ
2517 1967 2614 2019 σὺν
2645 1970 2882 2030 νεοττοῖς
2910 1985 2923 2034 ;
2951 1987 2969 2018 ›
3010 1969 3410 2036 Σαγηνεύονται
3441 1969 3550 2041 γὰρ
3566 1971 3650 2025 διὰ
3668 1973 3760 2024 πί-

2159 2072 2350 2123 στεως,
2376 2055 2436 2108 οὐ
2471 2056 2776 2126 πρεσϐύται
2811 2059 2996 2129 μόνον,
3023 2059 3160 2112 ἀλλὰ
3188 2061 3298 2130 γὰρ
3322 2061 3419 2114 σὺν
3449 2063 3636 2124 αὐτοῖς
3666 2063 3761 2117 καὶ

2157 2147 2290 2212 νέοι,
2320 2149 2414 2201 καὶ
2454 2148 2593 2219 ὁμοῦ
2635 2150 2792 2203 παισί
2830 2151 3087 2222 πατέρες,
3131 2152 3225 2206 καὶ
3261 2151 3563 2225 θυγατράσι
3592 2153 3761 2224 μητέ-

2161 2260 2272 2313 ρες.
2295 2241 2506 2296 υύκοῦν
2533 2243 2674 2296 κατὰ
2701 2243 2882 2314 πάσης
2908 2244 3146 2315 ἡλικίας,
3170 2245 3232 2298 τὸ
3254 2244 3364 2297 τῶν
3386 2244 3760 2312 εὐαγγελικῶν

2156 2336 2530 2409 κηρυγμάτων
2547 2337 2988 2402 άπλοῦταιλῖνον,
3009 2338 3106 2391 καὶ
3133 2336 3313 2402 τοῦτο,
3347 2332 3524 2406 οἶμαι,
3554 2335 3674 2387 ἐστὶ
3697 2337 3761 2390 τὸ

2155 2429 2213 2482 ὲν
2242 2431 2308 2500 τῇ
2339 2429 2509 2501 βίϐλῳ
2541 2429 2789 2500 Ψαλμῶν
2825 2428 3236 2500 γεγραμμένον·
3273 2447 3290 2478 ι
3317 2427 3607 2480 Νεανίσκοι
3665 2429 3762 2479 καὶ

2156 2520 2435 2590 παρθένοι,
2460 2521 2764 2592 πρεσϐῦται
2791 2522 2932 2591 μετὰ
2955 2519 3235 2589 νεωτέρων
3287 2519 3661 2573 αἰνεσάτωσαν
3697 2517 3764 2570 τὸ

2155 2612 2326 2682 δνομα
2375 2613 2602 2684 Κυρίου.
2643 2634 2660 2665 ι
2697 2613 2976 2667 Πετᾶσθαι
3009 2613 3067 2666 δέ
3115 2629 3280 2683 φησιν
3325 2613 3544 2674 αὐτοὺς,
3586 2610 3619 2680 ἢ
3676 2610 3761 2663 ὄτι

2158 2703 2433 2774 βαδιοῦσιν
2487 2706 2574 2759 ἐπ’
2609 2705 2804 2777 αὐτὴν,
2836 2705 2940 2758 ούκ
2988 2705 3280 2775 ἀτημελῶς
3307 2722 3367 2757 τε
3414 2704 3510 2757 καὶ
3560 2721 3762 2776 παρει-

2158 2796 2369 2867 μένως,
2408 2797 2522 2852 ἀλλ’
2566 2796 2679 2852 οἷον
2733 2798 2954 2868 πτηνοὶ,
3003 2797 3100 2850 καὶ
3147 2797 3434 2868 δρομαίοι,
3476 2796 3645 2867 ἤγουν
3696 2796 3763 2850 τὸ

2153 2888 2353 2958 γεῶδες
2403 2890 2500 2945 καὶ
2537 2891 2816 2962 χθαμαλὸν
2847 2890 3080 2961 ἀφέντες
3109 2891 3366 2961 φρόνημα
3403 2906 3757 2961 μετεωροπο-

2155 2982 2308 3037 λοῦσι
2341 2983 2541 3055 τρόπον
2585 2985 2731 3051 τινὰ,
2767 2986 2862 3039 καὶ
2889 2987 3082 3056 ὥσπερ
3105 2987 3170 3038 ὲκ
3205 2983 3481 3054 θαλάττης
3513 2984 3758 3052 νεφέλαι,

2156 3080 2220 3132 ὲκ
2242 3076 2474 3149 θορύϐου
2503 3095 2562 3131 τε
2582 3079 2676 3130 καὶ
2706 3080 2919 3149 τρυφῆς
2949 3076 3242 3148 κοσμικῆς,
3266 3075 3487 3129 ἇττουσί
3512 3092 3570 3129 τε
3595 3075 3754 3145 ὑψοῦ,

2155 3169 2251 3222 καὶ
2298 3170 2659 3240 ἀνανήχονται
2711 3168 2848 3239 πρὸς
2887 3168 2987 3242 τὴν
3030 3168 3144 3223 ἄνω
3192 3168 3520 3231 σπεύδοντες
3577 3167 3751 3223 πόλιν.

2153 3260 2552 3332 Θαυμαζούσης
2592 3261 2772 3314 τοίνυν
2804 3260 2907 3331 τῆς
2965 3260 3291 3332 Ἐκκλησίας
3316 3261 3415 3332 τὴν
3443 3261 3500 3327 ἐξ
3541 3262 3760 3332 ἁπάσης

2157 3353 2342 3427 χώρας
2368 3356 2468 3428 τὴν
2495 3355 2584 3409 διὰ
2618 3356 2857 3419 πίστεως
2886 3356 3215 3426 συνδρομὴν,
3245 3355 3344 3426 τὴν
3369 3354 3465 3409 τοῦ
3499 3355 3761 3426 πράγμα-

462 3447 586 3493 tuos
628 3452 659 3493 e
715 3437 1035 3510 longinquo,
1089 3451 1144 3498 et
1214 3458 1409 3498 aurum
1473 3452 1531 3501 et
1580 3454 1866 3514 argentum
1923 3460 2046 3500 cum

2157 3465 2244 3511 τος
2266 3448 2448 3502 αἰτίαν
2468 3447 2778 3518 ἀπογυμνοί
2798 3447 2963 3501 πάλιν
2989 3449 3019 3500 ὁ
3049 3447 3369 3519 σαγηνεύων
3401 3447 3620 3510 αὐτοὺς,
3654 3456 3756 3508 καί

463 3529 588 3586 illis.
623 3549 642 3583 ι
686 3532 901 3588 insulas
941 3534 1033 3590 hic
1069 3537 1363 3608 intelliges,
1403 3551 1510 3593 non
1560 3537 1808 3595 absolute
1844 3539 2049 3594 insula-

462 3638 584 3678 rum
611 3624 811 3693 solum,
845 3625 1049 3698 quippe
1084 3629 1328 3698 ineptum
1372 3630 1497 3698 hoc,
1539 3646 1641 3686 nec
1687 3633 1836 3700 ipsas
1886 3647 2052 3688 naves

462 3715 709 3782 Tharsis,
743 3720 838 3774 sed
865 3722 1045 3790 potius
1096 3723 1408 3778 habitantes
1456 3724 1508 3776 in
1555 3724 1681 3788 illis,
1716 3737 1808 3778 aut
1839 3724 1931 3792 qui
1967 3725 2051 3776 in-

463 3809 608 3866 sulas
650 3813 1047 3868 conscendunt.
1094 3812 1319 3871 Tharsis
1361 3829 1489 3869 vero
1534 3815 1715 3870 divina
1767 3814 2052 3885 Scriptura

463 3919 610 3977 saepe
655 3917 815 3962 vocat
858 3905 1106 3975 Indicas;
1137 3918 1476 3978 narrantque
1522 3913 1572 3962 in
1607 3909 1784 3980 Cypro
1829 3908 2052 3965 Tharsis

463 3998 741 4053 civitatem
765 4012 889 4055 esse
919 3998 1215 4056 celebrem.
1267 4000 1610 4070 Quapropter
1655 4001 1780 4070 quia
1839 4001 2050 4065 insulae,

463 4091 661 4162 inquit,
707 4099 762 4148 et
803 4091 894 4163 qui
939 4108 1007 4148 ex
1063 4092 1318 4158 ludorum
1383 4096 1604 4164 regione
1658 4095 1905 4164 veniunt,
1966 4109 2052 4147 me

463 4183 860 4252 sustinuerunt,
913 4184 966 4240 id
1003 4193 1109 4252 est,
1155 4185 1464 4256 impositum
1510 4187 1614 4243 sibi
1663 4204 1688 4240 a
1735 4202 1820 4240 me
1859 4186 2049 4253 jugum

464 4279 792 4346 subierunt,
835 4278 1041 4334 idcirco
1085 4279 1448 4348 undecunque
1494 4279 1720 4336 conﬂuit
1763 4279 2052 4333 multitudo

463 4369 826 4425 credentium.
862 4367 1105 4426 Veniunt
1127 4370 1271 4425 enim
1296 4379 1352 4426 et
1374 4385 1440 4425 ex
1463 4370 1576 4440 ipsa
1612 4370 1842 4424 barbara
1882 4380 2048 4434 terra,

463 4463 566 4518 viri
602 4480 710 4520 non
740 4463 920 4534 pauci,
950 4463 1152 4518 Christi
1193 4479 1391 4520 nomen
1420 4475 1694 4534 gerentes,
1731 4474 1787 4518 et
1816 4463 2050 4519 fructiﬁ-

466 4564 654 4610 cantes
682 4556 736 4610 in
760 4555 880 4623 ejus
919 4554 1148 4625 gloriam
1219 4570 1557 4625 quaecunque
1597 4556 1745 4626 regio
1779 4556 1922 4611 ferre
1957 4572 2053 4626 po-

465 4654 573 4700 test
603 4644 838 4702 illorum.
875 4646 1008 4700 Auri
1055 4647 1238 4703 autem
1265 4657 1321 4703 et
1345 4650 1558 4720 argenti
1608 4649 1840 4705 fertilem
1878 4651 2051 4718 ipsam

452 4725 587 4792 esse
614 4735 822 4793 dicunt.
854 4736 1100 4795 Oﬂ'erunt
1153 4754 1282 4794 vero
1330 4756 1436 4796 non
1494 4757 1645 4796 more
1699 4743 2054 4811 institutoque

2157 3557 2339 3611 φησιν’
2353 3558 2372 3592 ι
2397 3541 2526 3610 Ἐμὲ
2547 3541 2699 3611 νῆσοι
2723 3541 3026 3612 ὑπέμειναν
3044 3582 3059 3607 ,
3079 3540 3174 3596 καὶ
3193 3539 3354 3594 πλοῖα
3368 3539 3600 3610 Θαρσεῖς
3621 3540 3761 3606 ἀγα·

2156 3634 2271 3699 γεῖν
2303 3631 2371 3684 τὰ
2397 3632 2564 3685 τέκνα
2595 3648 2689 3685 σου
2716 3633 2990 3705 μακρόθεν
3009 3677 3025 3701 ,
3065 3633 3161 3688 καὶ⁴
3199 3633 3291 3685 τὸν
3315 3631 3516 3704 χρυσὸν
3538 3631 3636 3684 καὶ
3658 3629 3765 3684 τὸν

2155 3723 2395 3795 ἄργυρον
2435 3724 2550 3794 μετ’
2575 3723 2775 3778 αὐτῶν.
2808 3744 2826 3776 ι
2878 3727 2987 3780 Καὶ
3025 3727 3224 3797 νήσους
3247 3723 3436 3778 ἐνθάδε
3477 3723 3756 3793 συνήσεις,

2155 3816 2276 3886 οὐχὶ
2291 3817 2355 3885 δὴ
2374 3817 2590 3880 πάντως
2611 3819 2752 3872 αὐτὰ
2771 3817 2839 3870 τὰ
2863 3816 2974 3870 τῶν
2989 3818 3169 3889 νήσων
3198 3816 3390 3887 ἐδάφη,
3406 3813 3601 3882 εὔηθες
3622 3812 3756 3884 γὰρ,

2153 3909 2277 3964 οὔτε
2299 3909 2405 3980 μὴν
2431 3908 2570 3962 αὐτὰ
2601 3911 2669 3962 τά
2693 3909 2790 3980 τῆς
2811 3909 3046 3978 Θαρσεῖς
3068 3909 3247 3974 πλοῖα,
3262 3908 3390 3971 τοὺς
3411 3905 3760 3970 ἐνοικοῦντας

2153 4002 2210 4058 δὲ
2241 4001 2441 4072 μᾶλλον
2463 4001 2676 4066 αὑταῖς,
2709 4002 2830 4073 ἤτοι
2850 4002 2960 4056 τῶν
2976 4004 3156 4074 νήσων
3171 4003 3297 4065 τοὺς
3328 3999 3761 4070 ὲμϐάτας.Θαρ-

2157 4100 2270 4161 σεῖς
2301 4096 2358 4151 δὲ
2391 4099 2425 4169 ἡ
2456 4095 2575 4149 θεία
2601 4095 2792 4167 Γραφὴ
2823 4095 2922 4158 τὰς
2954 4094 3180 4157 Ἰνδικὰς
3214 4094 3473 4163 ὀνομάζει
3499 4092 3760 4145 πλειστα-

2155 4187 2274 4257 χοῦ·
2311 4187 2446 4256 φασὶ
2469 4185 2526 4238 δὲ
2565 4180 2707 4239 εἶναι
2754 4186 2849 4238 καὶ
2894 4185 2952 4236 ὲν
2984 4185 3052 4254 τῇ
3084 4182 3296 4254 Κύπρῳ
3328 4182 3563 4254 Θαρσεῖς
3601 4181 3758 4235 πόλιν

2154 4277 2572 4350 ὠνομασμένην.
2618 4276 2826 4331 Οὐκοῦν
2863 4275 3160 4347 ἐπειδήπερ
3193 4277 3254 4329 αἴ
3291 4293 3350 4328 τε
3382 4275 3558 4345 νῆσοι,
3594 4275 3754 4345 φησὶ,

2156 4372 2250 4426 καὶ
2280 4371 2330 4423 οἱ
2370 4372 2436 4424 ἐκ
2473 4371 2563 4440 τῆς
2611 4369 2791 4422 Ἰνδῶν
2820 4369 3050 4439 ἥκοντες
3079 4367 3261 4439 χώρας
3290 4369 3389 4438 ἐμὲ
3426 4367 3753 4437 ὑπέμειναν.

2154 4464 2458 4526 τουτέστιν,
2494 4462 2813 4531 ὑπέστησαν
2857 4463 2950 4514 τὸν
2998 4459 3362 4530 ἐπενεχθέντα
3396 4459 3581 4524 αὐτοῖς
3624 4460 3756 4530 παρ’

2156 4556 2291 4626 ἐμοῦ
2317 4556 2504 4623 ζυγὸν,
2543 4555 2632 4608 διά
2671 4552 2831 4608 τοῦτο
2867 4555 3061 4625 συρρεῖ
3089 4551 3430 4622 πανταχόθεν
3458 4553 3491 4622 ή
3525 4550 3636 4604 τῶν
3672 4568 3760 4603 πι-

2157 4649 2457 4702 στευόντων
2483 4648 2716 4719 πληθύς.
2752 4648 2986 4701 ’Ἢκουσι
3024 4646 3168 4718 γὰρ,
3207 4647 3300 4700 καὶ
3345 4645 3406 4710 ὲξ
3451 4643 3620 4714 αὐτῆς
3653 4643 3758 4709 τῆς

2157 4740 2446 4812 Βαρϐάρου
2480 4742 2585 4812 γῆς
2611 4741 2800 4811 ἄνδρες
2822 4741 2924 4794 οὐκ
2947 4740 3118 4807 ὀλίγοι
3159 4739 3222 4792 τὸ
3250 4737 3491 4809 Χριστοῦ
3527 4736 3757 4808 φοροῦν-

464 4828 638 4884 veteri
683 4829 940 4885 inanimis
979 4831 1303 4900 quibusdam
1357 4832 1537 4895 idolis,
1567 4841 1624 4884 et
1659 4831 2052 4886 daemoniorum

2159 4850 2249 4896 τες
2273 4832 2465 4904 ὄνομα,
2493 4835 2588 4887 καὶ
2633 4831 3118 4906 καρποφοροῦντες
3156 4832 3236 4895 εἰς
3277 4830 3435 4895 δόξαν
3479 4829 3648 4883 αὑτοῦ
3685 4831 3758 4882 τά

464 4921 739 4992 gregibus,
806 4923 904 4983 sed
943 4924 1092 4994 .quia
1141 4934 1392 4978 sanctum
1447 4923 1719 4979 habebant
1767 4924 1910 4991 apud
1963 4939 2058 4980 eos

465 5027 661 5069 nomen
691 5015 924 5082 Domini,
955 5026 1012 5072 et
1041 5017 1310 5083 gloriosus
1335 5027 1557 5075 sanctus
1590 5018 1781 5072 Israel.
1811 5017 1918 5072 Sed
1949 5034 2055 5075 non

465 5113 548 5166 est
579 5105 720 5161 alius
742 5105 1030 5174 Dominus,
1063 5107 1201 5163 alius
1229 5124 1446 5163 rursum
1477 5108 1711 5163 Sanctus
1741 5109 1924 5175 Israel,
1959 5109 2055 5163 sed

465 5209 608 5250 unus
649 5204 705 5251 et
734 5197 878 5252 idem
905 5198 1121 5252 exsistit
1154 5198 1434 5263 Dominus,
1464 5208 1518 5253 et
1540 5210 1782 5266 sanctus,
1803 5207 1853 5254 et
1884 5198 2054 5268 glori-

466 5285 682 5342 ﬁcatus.
733 5285 1028 5342 Sciendum
1056 5298 1141 5344 est
1185 5299 1363 5345 autem
1434 5291 1640 5347 insulas
1675 5292 1856 5348 vocari
1888 5294 2051 5348 etiam

466 5377 718 5435 civitates
757 5393 880 5453 quae
925 5394 1023 5450 per
1069 5379 1359 5436 circuitum
1403 5393 1550 5450 sunt,
1593 5395 1761 5440 vasta:
1809 5395 1864 5441 et
1907 5401 2058 5456 vagae

465 5485 662 5542 magna
693 5489 758 5530 ex
791 5482 947 5544 parte
975 5481 1032 5530 et
1063 5489 1174 5531 non
1208 5474 1488 5536 habitatae.
1521 5476 1676 5548 Quod
1713 5480 1758 5534 si
1801 5479 2054 5536 dicantur

433 5708 447 5738 ς
542 5650 562 5679 ³
588 5647 733 5706 Psal.
763 5668 989 5722 chvm,
1028 5655 1111 5710 i2.

2155 4924 2365 4997 ὅσαπερ
2414 4925 2480 4980 ἂν
2514 4926 2698 4988 αὐτοῖς
2729 4927 2763 4996 ἡ
2812 4924 2967 4996 χώρα
3004 4923 3232 4994 δύνηται
3267 4922 3474 4992 φέρειν.
3507 4921 3755 4991 Εὖφορον

2152 5017 2211 5072 δὲ
2243 5014 2383 5073 εἶναι
2418 5017 2642 5088 χρυσοῦ,
2678 5017 2772 5069 καὶ
2805 5015 3045 5086 ἀργύρου
3088 5015 3254 5086 φασὶν
3288 5015 3480 5085 αὑτήν.
3512 5015 3759 5084 Προσκο-

2157 5111 2376 5183 μίζουσι
2416 5111 2474 5164 δὲ
2501 5111 2564 5163 οὐ
2595 5109 2738 5164 κατά
2780 5125 2846 5177 γε
2874 5107 2936 5161 τὸ
2992 5108 3325 5180 παρῳχηκδς
3368 5107 3488 5168 ἔθος
3523 5105 3758 5175 ἀψύχοις

2151 5204 2296 5256 τισὶν
2344 5202 2622 5267 εἰδώλοις,
2666 5202 2763 5255 καὶ⁹
2804 5201 3097 5272 δαιμονίων
3140 5200 3396 5268 ἀγέλαις,
3437 5197 3554 5250 ἀλλ’
3605 5198 3755 5249 ἔπει-

2152 5296 2329 5366 δήπερ
2372 5295 2527 5363 ἅγιον
2562 5295 2754 5364 γέγονε
2810 5297 2941 5367 παρ’
2981 5295 3166 5358 αὐτοῖς
3212 5293 3274 5346 τὸ
3305 5291 3479 5361 ὄνομα
3521 5289 3751 5360 Κυρίου,

2154 5387 2360 5452 ἔνδοξος
2384 5386 2440 5440 δὲ
2461 5390 2490 5441 ὁ
2525 5389 2714 5456 ’Ἄγιος
2740 5386 2834 5440 τοῦ
2875 5387 3112 5458 Ἰσραήλ·
3137 5386 3231 5441 xui.
3247 5387 3344 5455 οὐχ
3373 5385 3560 5455 ἕτερος
3592 5382 3691 5452 μὲν
3725 5383 3756 5432 ὁ

2154 5481 2380 5551 Κύριος,
2399 5481 2586 5552 ἕτερος
2607 5481 2663 5534 δὲ
2689 5479 2846 5534 πάλιν
2871 5481 2899 5534 ό
2921 5480 3113 5549 ’Ἄγιος
3141 5478 3237 5533 τοῦ
3267 5476 3505 5550 Ἰσραὴλ,
3531 5473 3646 5530 ἀλλ’
3673 5467 3754 5535 εἷς

544 5825 619 5894 (ι)
661 5827 870 5887 liumt‘r.
938 5837 1120 5902 vertit,
1173 5839 1492 5904 admiratur,
1545 5850 1797 5908 patetque
1848 5838 1932 5893 hic
2004 5855 2123 5896 csse
2167 5839 2442 5896 mendum.
