4140 6486
402 389 542 445 1535

1541 396 1607 452 IN
1650 397 1882 452 ISAIAM
1923 397 2049 452 LIB.
2087 397 2148 454 V.
2186 399 2422 456 TOMUS
2462 399 2547 456 IV.

3553 399 3687 458 1554

403 509 496 559 καὶ
525 508 554 560 ὁ
583 507 748 571 αὐτὸς
771 508 1031 582 ὑπάρχων
1057 512 1260 584 Κύριός
1293 531 1353 567 τε
1382 516 1476 568 καὶ
1506 516 1679 584 ἆγιος,
1713 515 1806 568 καὶ
1849 515 1979 569 δεδο·

2102 517 2206 573 ῑΙΙω
2241 533 2455 587 quoque
2491 517 2765 572 sustinere
2810 517 3120 581 Dominum,
3147 517 3198 570 id
3224 521 3327 582 est,
3367 513 3415 568 ei
3449 511 3688 579 servire;

397 596 901 668 ξασμένος.’1στέον
939 602 996 655 δὲ
1037 603 1119 657 ὅτι
1152 604 1304 675 νῆσοι
1338 605 1651 671 καλοῦνται,
1685 605 1778 659 καὶ
1810 606 1996 670 πόλεις

393 691 452 743 αἱ
480 689 688 762 κύκλῳ,
719 692 920 766 πολλὴν
953 694 1174 766 ἔχουσαι
1205 698 1300 750 καὶ
1335 698 1594 769 ἀοίκητον
1643 700 1900 770 ἐρημίαν.
1930 701 1994 754 Ei

393 781 455 835 δὲ
501 781 748 852 λέγοιντο
781 785 878 838 καὶ
927 787 1088 842 αὐταὶ
1120 789 1412 860 ὑπομεῖναι
1443 791 1534 844 τὸν
1571 791 1798 864 Κύριον,
1829 811 1990 846 τουτ-

315 941 322 954 ί
391 873 564 939 ἐστιν,
589 874 740 946 αὐτῷ
768 875 1074 946 δουλεῦσαι,
1106 882 1378 951 συνήσεις,
1410 883 1492 936 ὃτι
1517 884 1611 936 καὶ
1644 883 1692 936 οἱ
1727 884 1826 948 τὰς
1849 885 1988 940 ἀδά-

390 982 543 1029 τους,
570 967 664 1019 καὶ
693 967 1009 1038 ἐξωσμένας
1037 972 1244 1045 ἐρημίᾳ
1274 974 1444 1047 πολλῇ
1471 975 1854 1040 κατοικοῦντες
1883 977 1990 1048 χὼ·-

393 1071 519 1126 ρας,
555 1054 588 1126 ῆ
627 1056 812 1120 πόλεις
839 1059 1030 1130 ἥξουσι
1054 1063 1144 1118 διὰ
1183 1065 1438 1131 πίστεως,
1487 1067 1583 1120 καὶ
1626 1071 1987 1143 καρποφορή-

390 1163 549 1200 σουσι
579 1147 658 1218 τῷ
689 1150 914 1222 Χριστῷ
951 1154 1172 1226 χρυσὸν,
1216 1156 1311 1208 καὶ
1342 1156 1604 1229 ἄργυρον,
1639 1160 1733 1214 καὶ
1772 1163 1894 1232 οὐχὶ
1925 1162 1988 1233 δή

387 1255 498 1291 που
539 1239 759 1305 πάντως
796 1243 896 1313 τὴν
933 1243 1088 1317 ὓλην,
1130 1244 1245 1300 ἀλλ’
1269 1241 1382 1300 οἷον
1418 1247 1488 1302 τὰ
1527 1249 1586 1303 ἐν
1619 1251 1752 1322 ἡμῖν
1793 1252 1983 1322 τίμια,

386 1332 485 1385 καὶ
518 1333 770 1404 λαμπρὰ,
792 1335 886 1388 καὶ
908 1335 1002 1389 τοῦ
1034 1337 1234 1403 παντὸς
1247 1339 1372 1404 ἄξια
1393 1339 1576 1410 λόγου,
1601 1342 1782 1396 πίστιν
1797 1344 1987 1413 δηλον-

381 1426 496 1487 ότι,
533 1426 632 1480 καὶ
688 1427 787 1498 τὴν
823 1427 881 1495 ἐξ
913 1429 1131 1500 ἀπάσης
1171 1431 1373 1502 ἀρετῆς
1420 1433 1756 1506 φαιδρότητα
1781 1453 1795 1466 ·
1836 1435 1985 1501 ξένια

381 1516 498 1588 γὰρ
524 1517 702 1572 ταῦτα
732 1518 870 1591 Θεῷ,
913 1521 1008 1574 καὶ
1057 1523 1434 1594 πνευματικῆς
1471 1525 1731 1598 λατρείας
1778 1527 1988 1583 ἀναθέ-

384 1625 540 1676 ματα
572 1608 822 1682 λαμπρά,
862 1611 958 1666 καὶ
979 1612 1428 1686 τεθαυμασμένα.
1456 1615 1773 1688 Γέγραπται
1802 1619 1860 1673 δὲ
1892 1621 1986 1674 κα)⁸

380 1701 447 1751 ἐν
487 1700 654 1773 βίϐλῳ
688 1703 938 1775 Ψαλμῶν
981 1707 1112 1777 περὶ
1155 1705 1247 1760 τοῦ
1279 1707 1499 1762 πάντων
1539 1709 1698 1781 ἡμῶν
1732 1711 1987 1784 Σωτῆρος

2106 611 2372 680 intelliges
2419 626 2514 666 eos
2562 611 2653 681 qui
2714 611 3026 665 inaccessas
3057 617 3112 664 et
3145 622 3342 676 magna
3397 605 3692 661 solitudine

2103 701 2354 756 horridas
2409 703 2659 772 regiones
2707 710 2762 756 et
2810 701 2974 756 urbes
3034 699 3370 763 inhabitant,
3427 705 3690 750 venturos

2103 806 2198 860 per
2220 792 2381 848 ﬁdem
2409 802 2469 847 et
2500 791 2928 847 fructiﬁcaturos
2977 790 3198 847 Christo
3256 803 3453 843 aurum
3499 796 3555 842 et
3604 803 3687 839 ar-

2099 893 2344 955 gentum,
2390 892 2447 939 et
2501 900 2608 938 non
2660 882 2982 952 simpliciter
3032 881 3182 935 illam
3235 877 3542 940 materiam,
3594 877 3687 931 sed

2100 975 2263 1032 veluti
2290 991 2412 1046 quae
2466 979 2519 1031 in
2561 975 2718 1031 nobis
2756 985 2881 1031 sunt
2941 975 3178 1045 pretiosa
3223 981 3279 1027 et
3329 971 3593 1037 illustria,
3635 980 3688 1024 et

2097 1069 2278 1139 magni
2336 1069 2605 1135 facienda,
2630 1069 2790 1124 ﬁdem
2815 1069 3021 1124 scilicet
3042 1069 3394 1137 omniumque
3425 1065 3683 1119 virtutum

2091 1158 2463 1230 splendorem.
2507 1159 2634 1214 Haec
2689 1159 2835 1214 enim
2880 1167 3008 1214 sunt
3049 1158 3159 1212 Deo
3202 1158 3382 1220 xenia,
3423 1158 3539 1210 haec
3576 1154 3687 1224 spi-

2092 1252 2306 1307 ritualis
2343 1251 2523 1307 cultus
2572 1252 2950 1316 anathemata,
3010 1258 3065 1305 et
3106 1249 3334 1303 donaria
3370 1245 3601 1301 illustria
3632 1254 3684 1297 et

2088 1345 2430 1400 admiranda.
2460 1345 2737 1416 Scriptum
2769 1352 2851 1399 est
2884 1345 3046 1399 etiam
3079 1343 3133 1396 in
3163 1340 3301 1395 libro
3342 1339 3682 1394 Psalmorum

2089 1438 2155 1492 de
2209 1439 2451 1493 omnium
2497 1447 2744 1494 nostrum
2784 1436 3078 1492 Servatore
3131 1431 3402 1489 Christo:
3453 1449 3471 1481 ι
3515 1430 3688 1500 Reges

2067 1529 2321 1588 .Tha'rsis
2373 1541 2428 1587 et
2477 1529 2667 1586 insulae
2707 1530 2849 1584 dona
2881 1528 3151 1582 adducent
3185 1544 3198 1580 :
3239 1538 3396 1595 reges
3443 1521 3685 1577 Arabum

2087 1636 2142 1679 et
2170 1622 2349 1680 Sabba
2401 1625 2543 1680 dona
2591 1620 2857 1685 afferent;
2888 1627 2943 1675 et
2969 1617 3279 1673 adorabunt
3328 1630 3449 1670 eum
3495 1627 3684 1666 omnes

2090 1730 2244 1788 reges
2266 1727 2445 1783 terrae,
2480 1729 2672 1772 omnes
2695 1721 2887 1786 gentes
2917 1710 3159 1767 servient
3182 1709 3232 1764 ei
3260 1707 3304 1764 δ.
3332 1727 3353 1761 ι

377 1797 663 1870 Χριστοῦ,
708 1801 790 1854 ὅτι
844 1819 863 1854 t
906 1801 1157 1868 Βασιλεῖς
1219 1803 1455 1876 Θαρσεῖς
1507 1807 1599 1860 καὶ
1657 1808 1815 1879 νῆσοι
1861 1809 2012 1882 δῶρα
2092 1812 2463 1886 προσάξουσι,
2517 1812 2758 1886 βασιλεῖς
2827 1806 3075 1882 Ἀράϐων
3148 1807 3243 1861 καὶ
3289 1803 3475 1858 Σαϐὅᾶ
3535 1802 3684 1872 δῶρα

380 1895 760 1966 προσοίσουσι.
812 1900 924 1954 Καὶ
973 1903 1447 1974 προσκυνήσουσιν
1489 1903 1639 1975 αὐτῷ
1687 1905 1895 1971 πάντες
1947 1908 1997 1961 oi
2077 1909 2318 1982 βασιλεῖς
2387 1910 2490 1983 τῆς
2548 1912 2676 1982 γῆς,
2731 1910 2912 1968 πάντα
2975 1907 3047 1962 τὰ
3110 1902 3240 1974 ἔθνη
3303 1896 3684 1954 δουλεύσουσιν

377 1988 558 2059 αὐτῷ.
596 2008 614 2040 ιι

454 2081 566 2134 Ital
589 2081 1102 2154 οἰκοδομήσωσιν
1138 2087 1488 2158 ἀνίλογενεῖς
1523 2091 1596 2146 τὰ
1635 2095 1805 2164 τείχη
1837 2109 1976 2159 σου,

2152 2087 2318 2145 Vens.
2343 2089 2431 2145 10.
2470 2088 2538 2144 Et
2579 2087 2919 2157 wdiﬁcabunt
2966 2081 3272 2152 alienigena}
3320 2093 3501 2132 muros
3541 2087 3679 2144 tuos,

374 2170 482 2226 καὶ
511 2175 567 2227 οι
588 2172 877 2240 βασιλεῖς
897 2176 1097 2230 αὐτῶν
1119 2177 1621 2246 παραστήσονται
1645 2197 1768 2236 σοι.

468 2264 738 2332 Ἐξαίσιον
789 2269 885 2323 καὶ
930 2268 1122 2337 τοῦτο,
1169 2272 1264 2326 καὶ
1315 2272 1659 2346 θεοπρεποῦς
1696 2275 1984 2347 δυνάμεως

377 2359 756 2430 ἀποτέλεσμα.
785 2359 968 2436 Τεύχη.
1008 2362 1107 2432 μὲν
1136 2361 1246 2436 γάρ
1279 2364 1373 2418 καὶ
1405 2364 1683 2436 περίϐολοι
1715 2364 1986 2432 σώζοντες

376 2451 485 2521 τῆς
515 2452 846 2524 Ἑκκλησίας
877 2454 946 2506 τά
993 2453 1185 2519 τέκνα,
1220 2455 1464 2526 νοηθεῖεν
1501 2456 1568 2511 ἂν
1604 2457 1791 2522 πίστις
1825 2459 1981 2531 ὀρθὴ,

376 2543 478 2597 καὶ
512 2543 840 2616 ἀμώμητος,
873 2545 1052 2618 ἔργων
1081 2563 1140 2600 τε
1177 2547 1474 2620 φαιδρότης
1504 2548 1564 2615 ἐξ
1602 2550 1823 2622 ἀπάσης
1850 2553 1982 2622 ἀρε-

377 2638 482 2707 τῆς
499 2629 844 2705 ¹συλλέγουσα
879 2637 1096 2700 κάλλος,
1128 2639 1386 2706 γνώσεως
1414 2638 1470 2693 δὲ
1497 2639 1858 2713 δογματικῆς,
1890 2642 1984 2698 καὶ

380 2725 570 2793 μέντοι
595 2725 691 2780 καὶ
715 2725 923 2798 ἠθικῶς
948 2725 1058 2799 [ἴα.
1075 2727 1298 2802 ἠθικῆς]
1324 2723 1434 2784 εἷεν
1461 2729 1529 2785 ἂν
1555 2733 1868 2804 εἰσηγηταὶ,
1887 2733 1983 2787 καὶ

373 2815 695 2873 διδάσκαλοι
727 2818 838 2873 τῶν
878 2819 1038 2873 θείων
1072 2821 1447 2892 κηρυγμάτων
1480 2825 1757 2898 ἱερουργοὶ
1782 2827 1984 2893 πάντες

375 2910 496 2964 ὅσοι
521 2908 692 2982 ψήφῳ
723 2910 845 2984 θείᾳ
883 2911 1174 2966 καλοῦνται
1221 2915 1359 2987 πρὸς
1397 2916 1578 2972 τοῦτο.
1616 2919 1729 2972 Καὶ
1758 2919 1982 2993 ἀπαρχὴ

379 3000 482 3072 μὲν
512 3000 721 3057 τούτων
751 3003 859 3056 τῶν
903 3004 1068 3075 ἱερῶν
1100 3007 1475 3078 κηρυγμάτων
1513 3011 1807 3080 γεγόνασιν
1848 3015 1982 3086 ἡμῖν

374 3096 426 3147 οἱ
455 3092 738 3147 θεσπέσίοι
784 3095 1061 3166 μαθηταὶ,
1095 3096 1342 3152 πλεῖστοι
1383 3099 1440 3152 δὲ
1474 3101 1592 3172 μετ’
1623 3103 1891 3174 ἐκείνους,
1931 3108 1982 3160 ot

375 3187 470 3240 τὸν
500 3184 632 3259 παρ’
663 3187 847 3242 αὐτῶν
895 3189 1311 3261 ίχνηλατοῦντες
1341 3192 1521 3263 λόγον,
1561 3196 1664 3250 οὐκ
1692 3199 1758 3252 ἐκ
1802 3199 1982 3269 μόνων

387 3280 683 3345 Ἰουδαίων,
713 3279 850 3334 ἀλλά
891 3282 1003 3354 γὰρ
1045 3284 1142 3338 καὶ
1184 3285 1249 3339 ἐκ
1288 3286 1586 3357 ταγμάτων
1625 3288 1977 3361 Ἑλληνικῶν,

373 3373 427 3428 οἳ
463 3374 558 3427 καὶ
590 3376 692 3444 τῆς
726 3375 786 3426 ἐν
814 3373 1006 3446 κόσμῳ
1035 3377 1229 3446 σοφίας
1255 3379 1313 3432 ἐν
1355 3378 1510 3449 καλῷ
1534 3380 1846 3449 γεγονότες,
1883 3384 1980 3437 καὶ

374 3465 705 3534 εὐγλωττεῖν
751 3467 953 3531 εἰδότες
1003 3467 1216 3538 ἄριστοι
1247 3469 1506 3538 γεγόνασι
1557 3473 1851 3526 παιδευταί
1889 3471 1980 3527 τὸν

377 3557 477 3626 μὲν
501 3557 698 3628 ἀκλινῆ
723 3558 819 3629 τῆς
853 3558 1090 3622 πίστεως
1115 3559 1272 3628 λόγον
1306 3560 1716 3632 οἰκοδομοῦντες
1748 3564 1979 3630 ἀστείως

373 3648 435 3701 ὲν
482 3651 603 3712 ταῖς
649 3647 760 3702 τῶν
812 3650 1322 3720 μυσταγωγούντων
1367 3649 1589 3723 ψυχαῖς,
1644 3655 1880 3720 ἐνιέντες
1921 3655 1979 3709 δὲ

373 3738 563 3800 αὐτοῖς
597 3737 876 3804 πολιτείας
907 3738 1006 3812 τὴν
1037 3740 1366 3811 ἁξιάγαστον
1403 3745 1726 3818 συνείδησιν.
1765 3747 1978 3803 Οὐκοῦν

373 3827 689 3898 ἀλλογενεῖς
738 3829 859 3900 μὲν,
911 3832 994 3885 ὅτι
1050 3831 1126 3904 μὴ
1179 3833 1237 3901 ἐξ
1282 3835 1516 3906 αἵματος
1571 3838 1789 3912 Ἰσραὴλ
1835 3843 1979 3896 κατὰ

376 3920 580 3990 σάρκα,
600 3920 745 4009 πλὴν.
772 3922 1158 4009 ἀρχιτέκτονες
1191 3927 1366 3998 σοφοὶ,
1405 3929 1548 3984 κατά
1575 3929 1664 3986 τὸν
1690 3932 1978 3989 θεσπέσιον

375 4011 610 4078 Παῦλον,
640 4008 813 4067 καῖεῦ
845 4015 1044 4080 εἰδότες
1066 4017 1350 4087 θεμελιοῦν
1371 4021 1428 4073 ἐν
1451 4022 1584 4092 ἡμῖν
1605 4022 1697 4077 τὸν
1717 4025 1974 4096 Χριστὸν,

372 4103 465 4157 διὰ
492 4103 732 4170 πίστεως
772 4103 831 4159 δὲ
874 4105 1152 4171 δηλονότι,
1199 4108 1294 4161 καὶ
1342 4110 1685 4183 εἰσηγήσεως
1730 4114 1971 4183 ἀγαθῶν.

374 4195 570 4262 Τοῦτο,
614 4192 792 4270 οἶμαι,
841 4199 959 4252 ἐστὶ
1001 4197 1083 4261 τὸ,
1111 4218 1129 4251 ι
1155 4200 1618 4272 υίκοδομήσουσιν
1665 4204 1976 4276 ἁλλογενεῖς

370 4288 444 4344 τὰ
481 4290 637 4362 τείχη
673 4307 788 4353 σου,
813 4290 910 4343 καὶ
949 4291 998 4344 oi
1029 4290 1272 4361 βασιλεῖς
1306 4293 1486 4346 αὐτῶν
1528 4299 1974 4369 παραστήσονταί

373 4397 479 4435 σοι.
507 4401 526 4433 ι
552 4381 729 4435 Τίνων
757 4381 814 4434 δὲ
843 4384 891 4434 oi
927 4381 1167 4452 βασιλεῖς
1189 4400 1205 4451 ;
1226 4379 1303 4437 1'H
1336 4385 1580 4456 δηλονότι
1614 4387 1724 4442 τῶν
1749 4389 1974 4461 ἀλλογε-

372 4471 503 4527 νῶν.
535 4472 788 4538 Βασιλεῖς
829 4472 888 4526 δέ
936 4491 1101 4546 φησιν
1135 4476 1193 4528 ὲν
1220 4474 1452 4540 τούτοις,
1483 4477 1517 4549 ἦ
1555 4481 1682 4542 τοὺς
1706 4479 1976 4552 ἄρχοντας

370 4565 470 4619 καὶ
504 4566 844 4637 ἡγουμένους
874 4565 1043 4632 λαῶν,
1072 4569 1122 4621 οἳ
1159 4571 1538 4642 παρεστήκασι
1568 4574 1633 4644 τῇ
1676 4573 1974 4649 Ἐκκλησία

371 4656 638 4730 Χριστοῦ,
669 4658 1099 4730 δορυφοροῦντες
1128 4660 1320 4732 ὥσπερ
1359 4662 1551 4734 αὐτὴν,
1595 4666 1690 4720 καὶ
1713 4668 1975 4721 συνασπί-

371 4751 562 4817 ζοντες
593 4753 709 4816 τοῖς
741 4751 915 4824 αὐτῆς
947 4753 1180 4818 τέκνοις,
1224 4755 1318 4807 καὶ
1356 4756 1756 4823 ἀποσοϐοῦντες
1788 4763 1969 4818 πᾶσαν

370 4841 562 4914 ἔφοδον
591 4843 805 4917 ἐχθρῶν
833 4840 1047 4918 ὁρατῶν
1082 4863 1143 4900 τε
1177 4847 1272 4899 καὶ
1304 4849 1630 4925 ἀοράτων,ῆ
1664 4853 1806 4908 κατά
1839 4855 1970 4929 ἀλή-

370 4934 526 4990 θειαν
551 4938 678 5001 τοὺς
704 4939 826 5001 ταῖς
847 4938 1110 4994 ἀνωτάτω
1133 4941 1322 5010 τιμαῖς
1345 4941 1849 5014 ἐστεφανωμένους,
1878 4951 1974 5004 καὶ

369 5027 432 5082 τὸ
455 5028 555 5099 τῆς
588 5028 868 5100 βασιλείας
905 5029 1128 5102 ἔχοντας
1162 5033 1461 5106 σκῆπτρον,
1495 5035 1543 5088 οἳ
1573 5037 1664 5089 καὶ
1692 5039 1974 5112 παρέστη-

371 5138 475 5174 σαν
507 5125 574 5193 τῇ
617 5121 936 5196 Ἐκκλησία.
975 5125 1042 5178 Ἠ
1069 5125 1126 5179 δὲ
1149 5125 1497 5197 παράστασις
1527 5129 1584 5181 ἐν
1630 5128 1841 5195 τούτοις
1882 5150 1977 5205 ση-

374 5211 557 5282 μαίνει
587 5212 686 5285 τὴν
738 5215 1011 5286 ὑπακοήν.
1057 5217 1282 5270 Εῖκουσι
1329 5218 1437 5289 γὰρ
1483 5221 1594 5285 τοῖς
1641 5218 1826 5288 θείοις,
1877 5223 1972 5277 καὶ

373 5307 541 5376 ἱεροῖς
573 5305 932 5378 θεσπίσμασι,
983 5309 1077 5362 καὶ
1106 5309 1168 5362 τὸ
1197 5309 1297 5381 τῆς
1333 5311 1662 5384 Ἐκκλησίας
1704 5315 1969 5388 κήρυγμα

377 5396 575 5460 παντὸς
598 5396 809 5462 ἀξιοῦσι
838 5397 1020 5468 λόγου.

441 5489 546 5542 Διὰ
571 5488 683 5559 γὰρ
719 5488 908 5560 ὀργὴν
931 5489 1204 5556 ἐπάταξά
1228 5506 1324 5558 σε,
1362 5494 1462 5547 καὶ
1493 5493 1568 5547 δι’
1601 5492 1782 5550 ἔλεον
1816 5497 1964 5570 ἠγά-

361 5577 540 5646 πησά
589 5596 682 5635 σε.
714 5581 824 5635 Καὶ
867 5579 1339 5650 ἀνοιχθήσονται
1375 5585 1438 5637 αἱ
1479 5583 1668 5638 πύλαι
1707 5601 1824 5640 σου
1871 5586 1969 5642 διὰ

368 5667 627 5734 παντὸς,
682 5669 912 5738 ἡμέρας
960 5669 1061 5723 καὶ
1111 5669 1366 5736 νυκτὸς,
1415 5672 1515 5726 καὶ
1561 5675 1634 5727 οὺ
1680 5679 1962 5746 συγ-κλει-

448 5846 464 5874 ὀ
502 5846 642 5902 l‘sal.
674 5862 822 5915 uxr,
858 5846 1034 5920 l0,ll.
1115 5849 1133 5879 ⁵
1170 5846 1378 5904 Coloss.
1421 5863 1456 5913 l,
1489 5848 1578 5903 25.

2087 2194 2138 2239 et
2179 2200 2323 2254 reges
2367 2200 2550 2238 eorum
2581 2182 2830 2237 assistent
2873 2177 2994 2235 tibi.

2159 2275 2435 2331 Eximium
2462 2274 2716 2345 quodque
2739 2275 2864 2338 hoc,
2895 2279 2951 2326 et
2973 2267 3174 2326 divinae
3197 2264 3458 2334 potentiae
3488 2273 3572 2318 est
3597 2262 3680 2317 fa-

2086 2367 2266 2422 cinus.
2300 2366 2436 2420 Muri
2466 2364 2614 2420 enim
2639 2375 2695 2420 et
2723 2363 3064 2418 munimenta
3089 2373 3213 2429 quae
3247 2355 3512 2412 Ecclesiae
3543 2354 3682 2408 libe-

2087 2474 2179 2513 ros
2224 2464 2470 2523 servant,
2525 2453 2750 2525 intelligi
2787 2445 2954 2524 847
3007 2454 3258 2519 possunt,
3287 2447 3421 2502 fides
3447 2458 3592 2502 recta
3631 2457 3684 2500 et

2087 2546 2610 2622 irreprehensibilis,
2658 2555 2713 2600 et
2748 2555 2976 2615 operum
3029 2539 3288 2609 splendor
3317 2540 3467 2593 omni
3511 2539 3682 2594 virtu-

2087 2650 2200 2696 tum
2240 2640 2648 2712 pulchritudine
2713 2637 3028 2693 decoratus.
3077 2631 3449 2702 Praeceptores
3500 2640 3678 2684 autem

2085 2733 2410 2804 cognitionis
2457 2731 2778 2805 dogmaticae
2845 2736 2902 2784 et
2931 2723 3178 2792 moralis,
3217 2724 3462 2795 adeoque
3495 2723 3682 2778 docto-

2085 2840 2174 2881 res
2221 2823 2532 2880 divinorum
2582 2821 2981 2896 praeconiorum
3005 2833 3128 2875 esse
3152 2827 3405 2888 possunt,
3440 2815 3685 2871 ministri

2084 2933 2276 2974 omnes
2318 2918 2632 2989 quicunque
2685 2914 2871 2972 divino
2901 2912 3114 2969 calculo
3146 2912 3213 2966 ad
3249 2910 3354 2965 hoc
3390 2918 3677 2965 vocantur.

2087 3011 2153 3066 Et
2187 3010 2443 3082 primitiae
2470 3010 2692 3080 quidem
2726 3008 2891 3077 hujus
2922 3020 3095 3062 sacrae
3123 2999 3541 3075 praedicationis
3579 3016 3679 3055 ex-

2085 3105 2344 3159 stiterunt
2385 3103 2540 3158 nobis
2579 3100 2747 3157 divini
2784 3097 3057 3166 discipuli,
3102 3108 3158 3154 et
3203 3094 3516 3166 complures
3561 3102 3682 3164 post

2086 3196 2226 3260 illos,
2251 3195 2342 3264 qui
2381 3195 2434 3249 in
2471 3189 3106 3263 sermone.praedicando
3131 3187 3306 3245 secuti
3334 3195 3461 3242 sunt
3490 3199 3678 3239 eorum

2086 3287 2336 3355 vestigia,
2367 3301 2472 3340 non
2509 3285 2684 3341 solum
2710 3298 2778 3338 ex
2814 3281 3041 3345 Iudaeis,
3072 3283 3172 3352 sed.
3196 3287 3250 3336 et
3272 3292 3337 3332 ex
3364 3277 3678 3333 Graecorum

2083 3376 2388 3441 ordinibus,
2436 3376 2552 3446 qui,
2580 3375 2829 3430 saeculari
2879 3372 3131 3428 instructi
3173 3370 3465 3440 sapientia,
3509 3377 3564 3423 et
3598 3369 3680 3424 di-

2006 3441 2049 3500 c
2084 3468 2239 3522 cendi
2276 3441 2547 3523 facultate
2584 3467 2819 3538 praediti,
2867 3463 3057 3536 optimi
3110 3463 3449 3519 institutores
3482 3475 3678 3516 evase-

2086 3570 2234 3625 runt,
2266 3559 2481 3612 lirmum
2525 3572 2833 3614 sermonem
2880 3556 3001 3612 ﬁdei
3037 3555 3373 3611 aediﬁcantes
3400 3553 3679 3623 eleganter

2083 3651 2136 3705 in
2189 3650 2389 3705 animis
2431 3649 2800 3716 initiatorum,
2845 3657 2902 3705 et
2944 3649 3249 3704 inserentes
3288 3649 3341 3703 in
3391 3647 3497 3702 illis
3538 3647 3679 3700 bene

2080 3743 2297 3798 vivendi
2326 3743 2701 3799 admirabilem
2736 3743 3153 3800 conscientiam.
3192 3741 3533 3814 Alienigena:
3573 3741 3678 3811 igi-

2083 3844 2172 3893 tur
2199 3835 2442 3906 fuerunt,
2467 3837 2595 3908 quia
2627 3853 2736 3894 non
2763 3844 2921 3893 erant
2942 3850 3009 3892 ex
3035 3832 3303 3908 sanguine
3325 3835 3511 3900 lsrael,
3537 3837 3677 3906 quod

2083 3927 2150 3983 ad
2182 3943 2405 3984 carnem
2437 3928 2662 3995 attinet;
2710 3927 2997 3984 architecti
3049 3935 3230 3982 tamen
3277 3927 3579 3996 sapientes,
3624 3934 3681 3979 ut

2081 4019 2298 4074 divinus
2343 4019 2546 4074 Paulus
2597 4019 2866 4088 loquitur,
2923 4017 3129 4088 quique
3179 4027 3330 4072 recte
3377 4026 3574 4072 norant
3623 4017 3676 4070 in

2078 4110 2237 4164 nobis
2281 4109 2560 4165 Christum
2604 4109 2836 4164 fundare
2857 4110 2903 4176 ⁵,
2951 4122 3051 4179 per
3105 4107 3269 4162 ﬁdem
3309 4106 3584 4173 videlicet,
3627 4117 3678 4161 et

2080 4213 2262 4253 rerum
2323 4199 2590 4254 bonarum
2647 4189 3074 4254 institutionem.
3139 4195 3275 4264 Hoc,
3303 4197 3518 4267 Opinor,
3553 4207 3674 4252 est:

2084 4288 2489 4345 uEdilicabunt
2511 4289 2830 4361 alienigenas
2855 4302 3041 4344 muros
3064 4299 3207 4357 tuos,
3228 4297 3284 4343 et
3311 4302 3465 4359 reges
3488 4303 3675 4342 eorum

2077 4381 2341 4438 assistent
2365 4381 2486 4437 tibi.
2519 4399 2539 4432 ι
2575 4379 2818 4448 Quorum
2862 4379 3058 4450 reges?
3093 4378 3363 4435 Nimirum
3408 4378 3676 4449 alienigeo

2079 4490 2293 4530 narum.
2338 4475 2407 4530 Et
2448 4489 2607 4546 reges
2661 4474 2751 4530 hic
2791 4473 2945 4538 dicit,
2989 4471 3076 4529 vel
3116 4472 3392 4543 principes
3426 4482 3482 4527 et
3508 4470 3676 4526 duces

2077 4567 2428 4639 populorum,
2460 4568 2550 4637 qui
2578 4568 2850 4622 assistunt
2894 4565 3153 4623 Ecclesiae
3193 4565 3422 4630 Christi,
3463 4562 3673 4619 satelli-

2080 4660 2156 4716 tio
2193 4661 2507 4714 munientes
2554 4659 2699 4715 velut
2733 4673 2878 4726 eam;
2922 4666 2979 4715 et
3027 4657 3234 4714 liberos
3256 4655 3381 4727 ,ejus
3413 4665 3672 4727 tanquam

2078 4761 2234 4808 scuto
2285 4761 2654 4824 protegentes,
2717 4767 2782 4808 ac
2831 4767 3049 4808 onmem
3109 4750 3352 4806 hostium
3414 4750 3674 4821 impetum

2078 4844 2462 4917 propellentes,
2515 4856 2628 4901 tam
2683 4845 2775 4915 qui
2824 4842 3186 4915 aspectabiles
3233 4852 3551 4912 suntquam
3581 4841 3674 4910 qui

2079 4937 2538 5009 inaspectabiles;
2597 4947 2692 4992 aut
2731 4946 2904 5001 certe,
2933 4939 3161 4993 summis
3190 4947 3416 4993 ornatos
3445 4935 3670 4991 honori-

2080 5029 2205 5093 bus,
2237 5040 2292 5085 et
2316 5031 2523 5100 regium
2553 5039 2826 5099 sceptrum
2855 5029 3140 5092 habentes,
3169 5021 3262 5097 qui
3291 5027 3454 5082 etiam
3491 5026 3677 5083 Eccle-

2084 5120 2180 5176 siae
2241 5122 2526 5177 assistunt.
2584 5120 2913 5178 Assistentia
2969 5119 3072 5174 hoc
3119 5118 3174 5173 in
3228 5120 3349 5175 loco
3403 5119 3675 5191 signiﬁcat

2079 5212 2470 5268 obedientiam.
2521 5213 2736 5270 Cedunt
2775 5215 2920 5270 enim
2957 5213 3159 5270 divinis
3212 5220 3267 5268 et
3306 5213 3674 5268 sacrosanctis

2077 5302 2375 5371 vaticiniis,
2414 5313 2578 5376 atque
2614 5305 3058 5376 praedicationem
3092 5304 3353 5361 Ecclesiae
3381 5318 3596 5359 summo
3617 5302 3671 5357 in

2076 5402 2248 5471 pretio
2283 5404 2506 5463 habent.

2147 5493 2314 5554 VERS.
2377 5499 2466 5566 11,
2499 5499 2586 5554 12.
2626 5499 2836 5555 Etenim
2882 5509 3100 5572 propter
3144 5500 3284 5553 iram
3331 5496 3567 5566 percussi
3598 5506 3670 5560 te,

2072 5592 2122 5638 et
2175 5596 2392 5656 propter
2442 5590 2868 5646 misericordiam
2923 5589 3087 5644 dilexi
3127 5597 3195 5642 te.
3247 5586 3320 5640 Et
3368 5587 3672 5655 aperientur

2070 5688 2235 5747 porta:
2259 5690 2363 5736 tua:
2385 5698 2608 5753 semper,
2651 5683 2736 5738 die
2758 5694 2804 5738 et
2841 5693 3007 5748 nocte,
3034 5692 3082 5736 et
3117 5697 3218 5736 non
3251 5678 3584 5743 claudentur,
3613 5687 3669 5730 ut
