4140 6462
529 339 666 394 1555

1515 348 1570 403 S.
1617 348 1892 405 CYRILLI
1937 350 2410 407 ΑιιςΧΑΝοιιιΝι
2453 352 2778 410 ARCHIEP.

3642 351 3777 410 l5'56

525 457 862 514 introducam
887 459 954 512 tul
979 469 1026 512 te
1062 465 1344 528 potentiam
1367 469 1621 534 gentium,
1658 479 1705 520 et
1737 485 1876 538 reges
1923 471 2064 522 addu

2196 470 2532 538 σθήσονται
2552 469 2894 542 εἰσαγαγεῖν
2913 469 3062 539 πρὸς
3082 469 3156 524 σὲ
3174 470 3427 540 δύναμιν
3443 471 3652 538 ἐθνῶν,
3677 473 3777 526 καί

524 555 724 600 rentur.
759 543 942 601 Gentes
973 551 1108 602 enim
1141 561 1187 604 et
1231 569 1375 622 reges
1416 557 1506 626 qui
1559 573 1664 612 non
1713 559 1929 614 servient
1978 559 2094 624 tibi,

519 635 785 701 peribunt,
817 649 865 692 et
896 651 1069 708 gentes
1109 644 1477 700 conabuntur.

595 814 857 880 Quoniam
908 821 1087 887 enim,
1133 822 1338 893 inquit,
1394 828 1729 896 deprehensa
1757 843 1849 895 es,
1905 845 2096 899 quam-

523 905 769 973 plurimis
807 919 863 964 et
915 911 1347 971 intolerabilibus
1397 917 1671 988 implicata
1705 921 1873 988 vitiis,
1903 937 2091 990 parem

522 1009 739 1066 penam
769 1000 1091 1059 sustinuisti.
1118 1001 1248 1057 Erat
1280 1008 1424 1060 enim
1457 1023 1678 1064 necesse
1703 1019 1779 1077 ut,
1815 1026 1938 1065 cum
1969 1012 2094 1066 talis

446 1101 452 1109 -
520 1085 614 1149 sis,
653 1084 789 1140 iram
838 1087 978 1145 hanc
1010 1103 1065 1146 et
1102 1095 1424 1163 supplicium
1473 1101 1791 1156 sustineres.
1824 1100 2091 1168 Quoniam

519 1186 696 1227 autem
739 1177 835 1231 tibi
882 1195 1069 1236 rursus
1120 1183 1496 1240 misericordia
1547 1189 1908 1256 impartienda
1943 1201 2084 1258 erat,

519 1276 706 1335 utpote
729 1283 760 1321 a
793 1270 933 1326 bono
957 1282 1014 1327 et
1046 1274 1397 1335 misericorde
1437 1278 1663 1334 Domino
1706 1296 1771 1336 ac
1809 1281 1942 1347 Deo,
1983 1283 2089 1337 im-

515 1359 710 1428 partita
749 1372 852 1427 est,
883 1371 939 1417 et
961 1365 1224 1433 expellam
1264 1384 1480 1426 omnem
1518 1372 1677 1427 iram.
1719 1373 1859 1441 Quid
1912 1374 2084 1445 igitur

515 1450 757 1505 futurum
813 1453 982 1526 848
1024 1459 1145 1512 est?
1187 1459 1317 1530 quid
1366 1461 1601 1532 dabitur,
1647 1474 1933 1536 postquam
2000 1479 2088 1519 res

513 1558 721 1612 asperae
778 1549 1147 1604 cessaverint?
1211 1568 1233 1602 ι
1270 1552 1611 1622 Aperientur,
1679 1556 1876 1626 inquit,
1917 1565 2087 1626 porta:

513 1645 616 1688 tua:
657 1649 890 1704 semper,
927 1639 1161 1696 interdiu
1192 1654 1246 1698 et
1272 1654 1455 1710 noctu,
1487 1662 1660 1717 neque
1687 1650 2025 1703 claudentur.
2060 1667 2079 1700 ι

509 1723 736 1780 Videtur
773 1728 860 1784 his
901 1729 1084 1787 verbis
1137 1747 1325 1803 pacem
1373 1735 1614 1804 polliceri
1658 1736 1783 1803 illis,
1833 1746 1890 1793 et
1937 1746 2084 1792 tran-

2195 564 2476 631 βασιλεῖς
2499 566 2848 634 ἀγομένους.
2869 563 2945 618 Τὰ
2960 563 3068 632 γὰρ
3097 562 3262 630 ἔθνη.
3290 564 3388 616 καὶ
3415 566 3470 616 0l
3495 563 3777 630 βασιλεῖς

2198 656 2417 721 οἵτινες
2447 658 2518 710 οὺ
2547 655 2957 711 δουλεύσουσι
2991 669 3113 720 σοι,
3142 653 3534 719 ἀπολοῦνται,
3570 655 3666 708 καί
3705 655 3776 708 τὰ

2198 743 2342 811 ἔθνη
2369 745 2874 814 ἐρημωθήσονται.

2282 835 2498 906 Ἐπειδὴ
2533 837 2660 906 γὰρ,
2699 837 2851 907 φησὶ,
2885 836 3157 899 πλείστοις
3179 853 3237 889 τε
3267 836 3413 900 ὅσοις
3444 837 3535 889 καὶ
3567 837 3775 907 ἀφορήο

2195 943 2306 989 τοις
2348 927 2815 998 πλημμελήμασιν
2857 927 3086 998 εὑρέθης
3125 927 3308 998 ἔνοχος
3341 927 3440 1000 τὴν
3485 927 3772 1000 ἰσόρροπον

2197 1018 2621 1088 ὑπομεμένηκας
2652 1019 2827 1090 δίκην.
2850 1015 2960 1073 Ἦν
3003 1021 3113 1092 γὰρ
3142 1021 3354 1091 ἀνάγκη
3389 1020 3647 1090 τοιαύτην
3683 1016 3773 1076 οὖ·-

2197 1126 2295 1162 σαν
2345 1111 2635 1180 ὑπομεῖναι
2680 1112 2748 1165 τὰ
2787 1110 2846 1176 ἐξ
2885 1113 3074 1185 ὀργῆς.
3111 1112 3330 1184 Ἐπειδὴ
3370 1112 3430 1166 δέ
3477 1129 3559 1166 σοι
3609 1112 3771 1166 πάλιν

2193 1203 2359 1273 ἐχρῆν
2393 1202 2468 1266 ὠς
2508 1203 2569 1267 ἐξ
2608 1203 2813 1271 ἀγαθοῦ
2842 1221 2902 1257 τε
2942 1205 3036 1258 καὶ
3081 1205 3515 1274 φιλοικτίρμονος
3562 1205 3767 1276 Κυρίου

2192 1296 2284 1347 καὶ
2305 1295 2441 1348 Θεοῦ
2467 1295 2687 1365 δοθῆναι
2719 1295 2810 1348 τὸν
2830 1295 2997 1360 ἔλεον,
3027 1295 3256 1359 δέδοται,
3287 1295 3383 1348 καὶ⁵
3409 1294 3584 1359 διώξω
3611 1295 3680 1348 τὰ
3709 1294 3770 1358 ἐξ

2189 1385 2380 1455 ὀργῆς.
2413 1385 2477 1437 Τί
2507 1381 2600 1439 οὖν
2631 1384 2884 1454 ὑπάρξει,
2920 1386 2971 1439 τί
3001 1385 3058 1438 δὲ
3084 1385 3369 1456 δοθήσεται
3403 1385 3767 1438 πεπαυμένων

2187 1474 2297 1529 τῶν
2365 1473 2741 1547 σκυθρωπῶν;
2814 1496 2833 1529 ι
2894 1477 3386 1550 Ἀνεωχθήσονται,
3459 1477 3623 1547 φησὶν
3648 1517 3663 1540 ,
3708 1478 3763 1528 αἱ

2189 1565 2355 1618 πύλαι
2393 1583 2486 1620 σου
2526 1567 2615 1620 διὰ
2659 1567 2891 1631 παντὸς,
2923 1568 3136 1640 ἡμέρας
3173 1569 3266 1622 καὶ
3301 1568 3512 1632 νυκτὸς,
3564 1567 3659 1620 καὶ
3700 1567 3761 1619 οὑ

2187 1656 2723 1728 συγκλεισθήσονται.
2748 1676 2768 1709 ι
2808 1659 3024 1712 Ἔοικεν
3059 1660 3117 1711 ὲν
3148 1658 3357 1722 τούτοις
3399 1659 3625 1728 εἰρήνην
3665 1659 3764 1709 αὑ-

2183 1747 2295 1810 τοῖς
2331 1747 2732 1817 ὑπισχνεῖσθαι,
2766 1749 2861 1800 καὶ
2898 1749 2999 1818 τὴν
3045 1748 3294 1804 ἐντεῦθεν
3328 1747 3529 1801 εὐδίαν.
3562 1748 3628 1800 Al
3663 1747 3762 1816 μὲν

505 1815 825 1887 quillitatem
865 1835 985 1889 quae
1022 1822 1144 1880 inde
1176 1826 1449 1893 provenit.
1499 1827 1636 1882 Nam
1669 1829 1920 1886 civitates
1957 1844 2066 1900 qua

2183 1835 2292 1906 γὰρ
2321 1838 2378 1890 ὲν
2410 1815 2618 1908 ὑποψίᾳ
2650 1838 2926 1906 πολεμίων
2953 1815 3194 1909 ipsum
3233 1835 3388 1892 οὖσαι
3423 1839 3628 1901 πόλεις,
3660 1815 3760 1890 οὐκ

506 1909 738 1964 hostium
796 1911 1212 1982 impressionem
1267 1917 1502 1993 aliquam
1547 1919 1664 1976 fore
1694 1922 2072 1991 'suspicantur,

501 2015 609 2054 non
635 2010 854 2073 semper
882 2015 1098 2074 apertas
1125 2007 1323 2064 habent
1347 2019 1555 2079 portas,
1583 2013 1686 2066 nisi
1714 2027 1837 2069 cum
1865 2023 2076 2085 tempus

498 2089 574 2142 ita
610 2088 717 2142 fert
745 2099 800 2144 et
825 2093 1141 2160 necessitas,
1176 2094 1339 2164 idque
1365 2097 1453 2151 vix
1485 2098 1714 2154 interdiu
1748 2103 1869 2157 sine
1897 2113 2066 2158 metu.

493 2181 566 2239 At
593 2195 713 2250 quae
746 2195 812 2238 eo
843 2184 1040 2238 timore
1090 2183 1331 2242 liberatae
1377 2198 1527 2256 sunt,
1573 2205 1673 2246 nec
1718 2207 1977 2264 passuras
2013 2208 2073 2249 se

501 2271 606 2328 tale
635 2271 930 2344 quidquam
962 2285 1301 2345 exspectant,
1337 2279 1459 2336 illas
1490 2283 1738 2353 aperiunt
1772 2285 2073 2353 ingredien-

496 2362 660 2426 tibus,
699 2363 862 2432 idque
893 2366 1056 2421 etiam
1087 2370 1304 2440 quidam
1338 2383 1500 2429 noctu
1550 2374 1772 2432 faciunt.
1824 2377 1882 2432 Si
1906 2377 2072 2448 igitur

493 2470 683 2522 pacem
715 2457 822 2514 illis
850 2460 1117 2527 promittit
1152 2461 1293 2519 Deus
1315 2475 1370 2520 et
1398 2466 1786 2536 amplissimam
1830 2470 2067 2538 {elicita-

494 2558 625 2614 tum,
655 2560 805 2604 certe
835 2553 1126 2609 continuus
1156 2556 1264 2610 erit
1296 2557 1704 2616 adventantium
1741 2576 2064 2629 concursus,

489 2649 543 2692 et
577 2639 736 2695 veluti
768 2653 1060 2712 perpetuus
1096 2647 1374 2717 ingressus
1406 2663 1618 2718 eorum,
1657 2653 1748 2719 qui
1781 2655 2069 2708 trahuntur

489 2731 885 2798 quodammodo
923 2748 1022 2809 per
1070 2737 1227 2792 [idem
1256 2739 1324 2793 ad
1357 2739 1688 2810 agnitionem
1723 2742 1949 2811 Christi,
1992 2745 2064 2800 ita

489 2832 548 2872 nt
579 2822 860 2890 patefacta:
883 2833 1052 2894 portae
1075 2841 1201 2882 esse
1230 2827 1536 2896 videantur,
1557 2840 1611 2885 et
1630 2831 1835 2887 nullum
1853 2841 2064 2904 tempus

485 2927 624 2980 esse,
649 2929 755 2987 quo
780 2929 874 2971 eas
904 2915 1077 2972 claudi
1107 2929 1377 2993 oporteat,
1407 2937 1512 2978 non
1543 2923 1627 2980 his
1659 2923 2061 2994 solumquidem

484 3002 729 3057 demissa:
747 3012 799 3056 et
817 3004 1037 3064 humilis
1052 3005 1281 3066 fortuna
1298 3020 1444 3076 sunt,
1464 3021 1518 3067 et
1533 3012 1662 3085 jugo
1680 3015 1826 3084 regni
1846 3025 2059 3084 parent,

485 3094 579 3149 scd
613 3092 715 3148 illis
740 3096 833 3167 qui
867 3097 918 3150 in
941 3111 1132 3157 omnes
1157 3099 1356 3156 habent
1375 3102 1679 3173 imperium.
1718 3105 2060 3163 Licetautem

483 3198 549 3247 ex
580 3185 741 3242 rebus
783 3189 915 3258 ipsis
945 3192 1243 3261 propltetlze
1279 3166 1722 3262 hujus-virtutem
1760 3198 2058 3252 etiamnum
2088 3166 2134 3227 ο

481 3278 684 3332 videre.
738 3277 956 3351 Accipit
1007 3284 1154 3339 enim
1200 3285 1445 3342 Ecclesia
1492 3289 1640 3343 omni
1684 3300 1927 3360 tempore
1962 3305 2060 3345 vo-

481 3369 654 3423 lentes
688 3371 935 3440 credere,
978 3375 1178 3430 nemiui
1232 3392 1458 3446 prorsus
1487 3379 1726 3434 oceludit
1765 3381 1872 3436 huc
1901 3380 2057 3437 festi-

483 3461 658 3526 nanti,
690 3462 785 3516 sed
819 3463 1048 3527 liberum
1081 3482 1146 3522 ac
1183 3467 1388 3524 licitum
1426 3479 1509 3525 est
1537 3471 1843 3528 volentibus
1876 3474 2057 3542 quoli—

480 3551 569 3610 het
596 3563 858 3624 tempore,
902 3557 1051 3618 nullo
1099 3559 1446 3631 impediente,
1492 3563 1558 3617 ad
1597 3563 1772 3620 lucem
1809 3564 2058 3621 veritatis

479 3644 696 3698 adduci.
735 3647 970 3702 Adducit
1008 3662 1186 3706 autem
1237 3667 1428 3713 omnes
1471 3653 1616 3711 Deus
1660 3666 1713 3710 et
1759 3655 1945 3724 Pater,
1986 3658 2056 3713 ad

477 3736 806 3810 agnitionem
855 3738 999 3806 Filii,
1043 3757 1140 3810 per
1161 3757 1344 3812 quem,
1370 3746 1500 3799 etin
1529 3762 1659 3817 quo,
1696 3756 1751 3802 et
1789 3763 1912 3804 cum
1948 3765 2056 3819 quo

476 3826 830 3902 gloriﬁcatur.
873 3829 1050 3906 Atque
1095 3833 1198 3889 hoc
1241 3835 1354 3904 ipse
1387 3836 1544 3892 nobis
1577 3837 1930 3907 signiﬁcavit,
1972 3840 2054 3894 di-

475 3934 650 3975 cens:
687 3921 901 3978 «Nemo
979 3935 1161 3994 potest
1225 3928 1414 3986 venire
1473 3929 1540 3984 ad
1569 3947 1676 4000 me,
1730 3931 1832 3986 nisi
1890 3932 2053 3986 Pater

476 4027 628 4076 meus
650 4015 742 4085 qui
775 4015 920 4070 misit
963 4032 1050 4077 me
1099 4022 1330 4076 traxerit
1361 4037 1487 4077 eum
1519 4022 1561 4078 ⁸.
1593 4043 1612 4076 ι
1652 4023 1908 4079 Gentium
1950 4040 2050 4093 po-

475 4107 696 4160 tentiam
747 4107 1108 4166 inducendam
1146 4111 1298 4181 dicit,
1347 4123 1406 4170 ut
1444 4128 1510 4170 ne
1541 4115 1686 4172 solos
1722 4130 1816 4172 eos
1848 4116 2051 4172 intelli«

469 4212 586 4268 gas,
617 4208 675 4252 ut
706 4197 844 4265 dixi,
880 4201 972 4272 qui
1007 4202 1155 4258 tenui
1204 4212 1258 4258 et
1308 4205 1514 4276 abjecta
1549 4209 1862 4264 conditione
1893 4221 2044 4276 sunt,

469 4289 564 4344 sed
595 4303 690 4348 eos
714 4290 903 4358 etiam,
925 4291 1018 4362 qui
1062 4308 1182 4348 cum
1221 4305 1485 4373 potestate
1522 4309 1671 4368 sunt,
1709 4310 1764 4355 et
1790 4301 1960 4371 gloria
1991 4303 2045 4357 in

467 4382 571 4439 hac
631 4382 761 4436 vita
799 4384 1141 4453 spectabiles.
1193 4387 1455 4458 Adjungit
1513 4406 1676 4460 porro
1717 4409 1731 4446 :
1790 4393 2044 4450 «Gentes

2177 1927 2265 1980 ἀεὶ
2298 1927 2399 1989 τὰς
2443 1926 2616 1991 πύλας
2646 1928 3101 1998 άναπετασμένας
3147 1929 3396 2000 ἔχουσιν,
3428 1929 3544 1983 ἀλλ’
3580 1929 3657 1992 ὡς
3701 1931 3758 1981 ὲν

2178 2018 2354 2089 καιρῷ
2376 2019 2468 2074 καὶ
2489 2019 2667 2089 χρείᾳ,
2697 2019 2789 2072 καὶ
2809 2021 2866 2072 ὲν
2885 2020 3069 2091 ἡμέρᾳ
3091 2021 3264 2087 μόλις,
3292 2022 3388 2074 καὶ
3413 2023 3474 2073 οὐ
3504 2021 3627 2090 δίχα
3650 2020 3758 2072 δει-

2179 2111 2364 2181 μάτων
2384 2126 2398 2140 °
2441 2109 2579 2162 αἰδὲ
2609 2110 2840 2162 είσάπαν
2868 2109 3286 2180 ἀπηλλαγμέναι
3319 2109 3416 2162 τοῦ
3450 2108 3759 2179 προσδοκᾷν

2173 2216 2223 2251 τι
2257 2198 2467 2253 τοιοῦτο
2508 2200 2796 2270 ὑπομεῖναι
2834 2199 3222 2270 ἀνευρύνουσιν
3268 2199 3440 2263 αὐτὰς
3500 2201 3613 2261 τοῖς
3641 2199 3754 2251 εἰσ-

2173 2291 2448 2355 ϐάλλουσι,
2477 2291 2581 2346 κᾶν
2613 2293 2662 2344 εί
2689 2293 2748 2345 ὲν
2785 2291 2942 2346 νυκτὶ
2971 2291 3130 2344 τοῦτο
3161 2289 3330 2364 δρῶσί
3354 2309 3521 2355 τινες.
3553 2291 3615 2344 El
3643 2289 3754 2342 τοί-

2171 2400 2266 2438 νυν
2310 2385 2537 2457 εἰρήνην
2571 2384 2753 2448 αὐτοῖς
2779 2383 3175 2454 ἐπαγγέλλεται
3217 2382 3371 2448 Θεὸς,
3419 2384 3513 2436 καὶ
3550 2383 3751 2445 πλάτος

2170 2472 2491 2544 εὐημερίας,
2517 2472 2686 2542 ἤγουν
2713 2471 3074 2535 ἀδιαλείπτως
3100 2471 3255 2524 ἔσται
3283 2470 3393 2523 τῶν
3418 2469 3553 2541 πρὸς
3580 2467 3750 2538 αὐτὴν

2172 2567 2358 2620 ἰόντων
2395 2567 2429 2636 ή
2471 2565 2776 2636 συνδρομὴ,
2828 2564 2921 2617 καὶ
2972 2559 3084 2617 οἷον
3127 2562 3388 2635 διηνεκὴς
3429 2563 3463 2632 ἡ
3525 2559 3745 2624 εἴσοδος,

2169 2657 2477 2727 ἑλκομένων
2506 2656 2708 2727 τρόπον
2741 2655 2865 2710 τινὰ
2896 2655 2986 2709 διὰ
3013 2656 3110 2724 τῆς
3138 2654 3374 2716 πίστεως
3402 2653 3481 2715 είς
3515 2650 3746 2719 ἐπίγνω-

2169 2766 2253 2803 σιν
2284 2747 2378 2803 τοῦ
2401 2747 2662 2821 Χριστοῦ,
2689 2747 2830 2802 ὥστε
2851 2747 3027 2800 δοκεῖν
3049 2744 3390 2815 ἀνανεῶχθαι
3418 2742 3518 2806 τὰς
3547 2741 3746 2807 πύλας,

2166 2839 2262 2894 καὶ⁹
2288 2839 2481 2910 καιρὸν
2513 2839 2615 2892 οὐκ
2646 2833 2788 2892 εἶναί
2832 2855 2974 2906 τινα,
3007 2837 3128 2892 καθ’
3158 2837 3216 2890 ὃν
3257 2835 3427 2899 αὑτάς
3469 2833 3746 2888 κλείεσθαι

2165 2930 2388 3004 πρέπει,
2413 2929 2509 2982 καὶ
2537 2930 2657 2999 οὐχὶ
2689 2929 2870 3000 μόνοις
2902 2931 3013 2993 τοῖς
3042 2929 3100 2983 ὲν
3131 2927 3323 2995 ὑφέσει
3354 2925 3494 2997 βίου,
3517 2925 3612 2978 καὶ
3642 2924 3745 2977 ὑπὸ

2165 3021 2308 3089 ζυγά
2345 3020 2643 3093 βασιλείας,
2676 3020 2812 3074 ἀλλὰ
2847 3020 2956 3094 γὰρ
2984 3021 3079 3074 καὶ
3124 3021 3307 3084 αὐτοῖς
3340 3021 3450 3083 τοῖς
3493 3017 3552 3072 τὺ
3601 3016 3745 3070 κατά

2166 3114 2386 3167 πάντων
2430 3111 2616 3185 ἔχουσι
2657 3113 2880 3186 κράτος.
2917 3111 3140 3177 Ἔξεστι
3184 3110 3241 3166 δὲ
3274 3109 3364 3164 διὰ
3401 3110 3743 3181 πραγμάτων

2179 3205 2314 3258 ἰδεῖν
2356 3204 2457 3275 τῆς
2504 3203 2844 3276 προφητείας
2875 3200 2976 3273 τὴν
3025 3201 3252 3271 δύναμιν
3310 3199 3619 3271 κρατοῦσαν
3663 3198 3742 3260 εἰς

2160 3295 2340 3368 δεῦρο.
2367 3295 2592 3366 Δέχεται
2615 3293 2727 3364 γὰρ
2753 3295 2787 3364 ἡ
2816 3293 3114 3366 Ἐκκλησία
3152 3293 3294 3346 κατὰ
3329 3292 3508 3346 πάντα
3550 3291 3740 3362 καιρὸν

2157 3387 2286 3450 τοὺς
2313 3385 2590 3439 πιστεύειν
2628 3383 2933 3448 ἐθέλοντας,
2960 3383 3262 3436 ἐκκλείειδὲ
3287 3383 3421 3446 ὅλως
3450 3381 3623 3435 οὐδενὶ
3641 3381 3740 3451 τὴν

2159 3477 2240 3541 εἰς
2275 3474 2435 3529 τοῦτο
2488 3475 2761 3547 σπουδήν·
2798 3474 2976 3537 ἔξεστι
3025 3473 3082 3526 δὲ
3114 3476 3225 3538 τοῖς
3271 3473 3513 3526 ἐθέλουσι
3563 3488 3740 3542 παρα-

2159 3565 2466 3631 ποδὶζοντος
2495 3565 2745 3631 οὐδενὸς,
2795 3563 2919 3616 καθ’
2955 3562 3016 3616 δν
3054 3561 3121 3616 ἂν
3166 3561 3466 3631 βούλωνται
3511 3559 3736 3631 καιρὸν,

2158 3657 2294 3731 πρὸς
2327 3657 2388 3710 τὸ
2417 3657 2518 3728 τῆς
2553 3654 2796 3726 ἀληθοῦς
2835 3654 3162 3722 θεογνωσίας
3185 3652 3414 3721 ἄγεσθαι
3438 3651 3556 3720 φῶς
3577 3669 3590 3684 ο
3612 3652 3736 3719 άγει

2153 3749 2211 3802 δὲ
2242 3750 2486 3810 ἃπαντας
2511 3747 2644 3809 Θεὸς
2665 3747 2761 3800 κα)⁴
2783 3745 2975 3816 Πατὴρ
3012 3747 3091 3808 εἰς
3126 3744 3420 3814 ἐπίγνωσιν
3451 3741 3545 3796 τοῦ
3574 3741 3730 3804 Υίοῦ,

2153 3839 2220 3892 δι’
2249 3834 2331 3906 οῦ,
2370 3839 2465 3891 καὶ
2511 3839 2570 3890 ὲν
2610 3830 2677 3904 ᾧ,
2713 3837 2809 3890 καὶ
2843 3835 2965 3905 μεθ’
2991 3830 3054 3889 οὗ
3091 3835 3388 3898 δοξάζεται.
3425 3834 3536 3887 Καὶ
3577 3832 3735 3886 τοῦτο

2153 3930 2316 3992 αὐτὸς
2358 3931 2489 3999 ἡμῖν
2537 3928 2988 3997 καταμεμήνυκε,
3019 3925 3213 3994 λέγων’
3244 3944 3263 3977 ι
3295 3911 3484 3987 Οὖδεὶς
3511 3924 3733 3977 δύναται

2151 4023 2326 4075 ἐλθεῖν
2357 4021 2493 4092 πρός
2527 4037 2616 4090 με,
2653 4019 2750 4071 ἐὰν
2782 4018 2857 4088 μὴ
2895 4020 2922 4072 ὁ
2955 4019 3146 4088 Πατήρ
3183 4034 3284 4088 μου
3325 4017 3354 4069 ὀ
3392 4015 3618 4087 πέμψας
3662 4031 3731 4086 με

2149 4112 2353 4185 ἑλκύσῃ
2390 4109 2572 4164 αὐτόν.
2599 4129 2618 4161 ι
2675 4108 2874 4162 Ἐθνῶν
2931 4107 2988 4161 δὲ
3031 4107 3263 4178 δύναμιν
3308 4105 3730 4177 είσαχθήσεσθαί

2149 4221 2334 4275 φησιν,
2377 4203 2463 4254 ἵνα
2495 4201 2569 4272 μὴ
2599 4201 2792 4272 μόνους
2835 4199 3043 4269 ὲννοῇς,
3066 4198 3140 4262 ὡς
3171 4200 3326 4269 ἔφην,
3352 4199 3479 4260 τοὺς
3511 4197 3568 4250 ὲν
3599 4215 3726 4268 σμι-

2148 4295 2371 4367 κρότητί
2399 4311 2459 4346 τε
2505 4293 2600 4347 καὶ
2627 4294 2686 4345 ὲν
2711 4291 2921 4360 ὑφέσει,
2949 4290 3085 4346 ἀλλὰ
3107 4291 3218 4362 γὰρ
3247 4291 3344 4345 καὶ
3373 4289 3572 4354 αὐτοὺς
3600 4291 3727 4354 τοὺς

2145 4389 2205 4439 ὲν
2233 4387 2481 4458 δυνάμει,
2505 4386 2597 4439 καὶ
2632 4384 2759 4456 δόξῃ
2787 4386 2852 4455 τῇ
2893 4383 3034 4436 κατὰ
3071 4383 3221 4437 τόνδε
3252 4384 3345 4437 τὸν
3382 4383 3512 4454 βίον.
3551 4384 3726 4454 Προσ-

465 4483 522 4527 et
547 4489 701 4545 reges
741 4476 832 4545 qui
881 4492 986 4532 non
1027 4481 1266 4534 servient
1305 4483 1422 4549 tibi,
1457 4485 1730 4554 peribunt,
1764 4495 1818 4542 et
1857 4498 2042 4544 vasta-

2168 4479 2341 4547 ,πάγει
2395 4479 2453 4530 δὲ
2481 4480 2584 4543 ὅτι,
2626 4495 2645 4525 ι
2676 4475 2784 4527 Καὶ
2817 4474 2967 4545 ἔθνη,
3002 4475 3096 4528 καὶ
3141 4476 3190 4526 οἱ
3232 4473 3488 4543 βασιλεῖς,
3529 4473 3726 4536 οἵτινες

468 4571 734 4621 buntur.)
783 4568 1030 4626 lnlideles
1076 4571 1222 4628 enim
1269 4583 1324 4629 et
1361 4589 1391 4629 a
1440 4579 1714 4647 mysteriis
1761 4579 1945 4646 alieni,
1988 4589 2044 4634 et

2168 4572 2206 4623 ιύ
2232 4568 2576 4623 δουλεύσουσί
2593 4585 2696 4648 σρι,
2721 4565 3064 4630 ἀπολοῦνται,
3095 4567 3188 4619 καὶ
3208 4563 3676 4635 ἐρημωθήσονται.
3699 4581 3719 4615 ι

465 4659 654 4713 salutis
688 4673 810 4734 quae
849 4676 945 4728 per
989 4660 1267 4720 Chrismm
1311 4677 1394 4722 est
1422 4683 1529 4723 non
1567 4671 1878 4742 participes,
1926 4672 2042 4728 sive

467 4749 539 4807 illi
569 4749 677 4810 sint
701 4749 961 4817 illustres,
996 4753 1111 4806 sive
1137 4755 1372 4822 obscuri,
1401 4757 1454 4812 in
1488 4758 1810 4827 profundum
1841 4761 2039 4817 inferni

463 4841 598 4905 etin
646 4842 837 4897 mortis
865 4843 1116 4914 laqueum
1164 4846 1422 4903 incident.
1472 4852 1853 4908 lmmorientur
1894 4855 2039 4911 enim

465 4935 702 5004 peccatis
748 4935 887 5006 suis,
928 4946 985 4994 et
1027 4951 1244 5017 pmnam
1289 4942 1530 4995 omnium
1563 4951 1863 5005 extremam
1911 4946 2041 5004 sub-

469 5024 644 5087 ibunt.

537 5192 703 5254 Vatis.
742 5193 830 5251 13.
876 5195 940 5250 Et
973 5200 1141 5268 gloria
1180 5201 1369 5260 Libani
1409 5205 1479 5258 ad
1517 5215 1566 5259 te
1605 5207 1812 5274 veniet;
1843 5207 1899 5260 in
1949 5223 2038 5280 cy-

2145 4666 2207 4716 Ol
2239 4663 2346 4736 γάρ
2400 4662 2649 4724 ἄπιστοι,
2698 4660 2791 4714 καὶ
2837 4657 3327 4732 ἅμυσταγώγητοι,
3367 4658 3459 4711 καὶ
3501 4657 3600 4728 τῆς
3635 4655 3723 4707 διά

2149 4753 2386 4826 Χριστοῦ
2424 4752 2696 4823 σωτηρίας
2725 4753 3004 4824 ἀμέτοχοι,
3028 4751 3132 4806 κᾶν
3165 4751 3277 4803 εῐτε
3302 4753 3448 4813 τινὲς
3483 4743 3594 4801 εἶεν
3613 4749 3724 4801 τῶν

2150 4845 2485 4918 περιφανῶν,
2506 4845 2617 4898 εἴτε
2643 4844 2753 4898 τῶν
2781 4845 3158 4916 ἀσημοτέρων,
3178 4843 3258 4905 εἰς
3282 4841 3550 4913 πέταυρον
3570 4839 3719 4911 ᾅδου,

2147 4937 2242 4990 καὶ
2264 4937 2344 4999 είς
2373 4935 2572 5004 παγῖδα
2595 4935 2826 4988 θανάτου
2851 4933 3160 4986 πεσοῦνται·
3187 4930 3592 5003 ὲντεθνήξονται
3614 4930 3722 5000 γὰρ

2145 5027 2265 5089 ταῖς
2316 5023 2524 5078 ἑαυτῶν
2571 5023 2891 5095 ἁμαρτίαις,
2937 5021 3031 5074 καὶ
3075 5021 3175 5092 τὴν
3218 5020 3442 5074 ἀπασῶν
3484 5019 3722 5090 ἐσχάτην

2147 5116 2480 5188 ὑπομενοῦσι
2509 5117 2688 5188 δίκην.
3435 5185 3438 5190 Ι

2214 5209 2326 5262 Kal
2348 5207 2388 5275 ή
2412 5206 2564 5271 δόξα
2585 5206 2694 5260 τοῦ
2713 5204 2971 5261 Λιϐάνου
2995 5203 3146 5273 πρὸς
3175 5205 3252 5259 σὲ
3270 5202 3404 5273 ἣξει
3427 5203 3499 5256 ἐν
3525 5217 3718 5258 κυπα-

460 5287 668 5354 parisso
695 5297 742 5342 et
763 5289 893 5358 pinu
918 5300 965 5344 et
992 5292 1168 5359 cedro,
1207 5305 1264 5348 ut
1299 5295 1625 5367 glorificatur
1647 5298 1796 5354 locus
1826 5310 2040 5356 sanctus

2168 5298 2360 5365 νίσσῳ,
2390 5299 2492 5352 καὶ
2533 5299 2747 5366 πεύκη,
2777 5297 2879 5351 καί
2916 5296 3124 5366 κέδρῳ,
3167 5296 3290 5367 ἅμα
3324 5294 3580 5361 δοξάσαι
3610 5293 3720 5346 τὸν

460 5391 628 5431 meus.

532 5468 685 5525 Mons
710 5481 791 5527 est
815 5472 1104 5531 Phteniciae
1131 5477 1393 5548 Libanus,
1424 5482 1625 5550 cedris,
1661 5485 1955 5556 cyparissis
1981 5494 2036 5546 et

461 5559 586 5631 pinu
634 5564 872 5631 densus,
925 5575 977 5622 et
1018 5567 1148 5637 ipsis
1199 5570 1373 5625 thuris
1421 5572 1728 5631 arboribus.
1785 5573 2031 5632 Admira-

531 5736 551 5766 '
581 5737 736 5794 δοθῇ.
764 5759 836 5804 vl,
879 5744 967 5800 44.

2142 5387 2331 5442 τόπον
2348 5386 2456 5441 τὸν
2479 5386 2650 5456 ἅγιόν
2675 5403 2816 5455 μου.

2217 5482 2382 5553 Ὄρος
2407 5479 2525 5533 ἐστὶ
2546 5479 2645 5551 τῆς
2669 5478 2923 5548 Φοινίκης
2947 5479 2976 5530 ό
3000 5477 3249 5545 Λίϐανος,
3283 5477 3495 5549 κέδροις
3511 5493 3573 5528 τε
3625 5475 3719 5528 καὶ

2145 5573 2524 5646 κυπαρίσσοις,
2575 5570 2667 5626 καὶ
2704 5570 2882 5642 πεύκη
2920 5569 3267 5642 κατάκομον,
3301 5568 3397 5622 καὶ
3448 5567 3630 5630 αὐτοῖς
3661 5563 3718 5620 δὲ

3717 5717 3746 5758 ἱ
