2070 3244
173 202 240 230 133⁵1

171 261 228 291 τοῖς
257 258 306 286 τοῦ
332 259 447 286 Λιϐάνου
477 260 580 292 φυτοῖς.
603 258 778 293 Θαυμάζεται
800 258 828 284 δὲ
858 258 962 294 ταύτης
978 263 999 291 Α

172 307 254 334 ἕνεκα
273 307 323 342 τῆς
339 307 428 337 αἰτίας
443 306 474 332 τὸ
492 306 678 342 μνημονευθέν
694 306 766 341 ὅρος,
784 306 822 337 ὡς
843 305 967 341 ἀφθονω-

172 351 258 386 τάτην
273 350 334 386 ἕχον
349 351 398 386 τὴν
419 350 495 386 ὕλην,
515 351 563 377 καὶ
576 350 696 386 δένδρεσι
712 352 767 382 τοῖς
794 351 966 386 εὐμηκεστά-

173 405 241 429 τοις,
257 397 305 423 καὶ
321 396 514 432 εὐοσμοτάτοις
531 396 744 423 καταπλουτοῦν.
757 396 832 432 Αὕτη
845 398 934 424 τοίνυν
949 398 965 432 ὴ

172 441 236 475 δόξα
246 443 388 478 δοθήσεται
408 451 460 475 σοι,
472 442 550 478 φησὶ,
564 442 668 478 νοητῶς
677 442 809 477 δηλονότι,
822 443 869 469 καὶ
881 451 965 469 πνευν

174 488 309 523 ματικῶς.
321 488 422 523 Τρέφει
438 487 491 523 γὰρ
503 489 519 522 ἡ
545 487 692 522 Ἐκκλησία
703 486 822 522 Χριστοῦ
837 487 966 519 πλείστας

172 543 203 561 τε
227 535 312 566 ὅσας,
335 533 383 560 καὶ
409 533 568 569 εὐδοκίμους
591 532 677 567 ἁγίων
705 531 826 567 κεφαλὰς
852 532 920 567 ὑψοῦ
936 541 966 559 τε

172 579 298 614 ὴρμένας
317 579 347 612 ἐξ
360 579 477 614 ἀρετῶν,
497 579 542 606 ναὶ
555 579 610 615 μὴν
626 579 672 606 καὶ
690 578 885 614 εὐοσμοτάτας.
900 579 966 615 Χριο

175 626 237 653 στὸν
248 625 302 660 γὰρ
315 625 498 658 εὐοδιάςουσιν
509 633 516 640 '
535 625 623 652 ἔνεστι
641 625 670 652 δὲ
684 625 775 657 αὐτοῖς
790 625 837 651 καὶ
853 625 883 651 τὸ
894 625 966 660 πέρα

172 669 281 697 κεῖσθαι
297 670 401 706 φθορᾶς
418 671 468 705 τῆς
484 671 517 696 ἐκ
534 671 708 706 φρονήματος
723 669 867 705 σαρκικοῦ,
881 670 966 697 κα.θὰ-

172 724 226 749 περ
249 715 346 751 ἀμέλει
362 716 411 743 καὶ
440 716 471 742 τὸ
498 716 535 751 μὴ
561 716 719 753 φθείρεσθαι
745 716 836 753 πεύκῃ
861 725 891 742 τε
919 716 966 742 καὶ

172 762 273 796 κέδρῳ.
293 761 374 794 Ἐθος
389 762 418 788 δὲ
431 763 463 797 τῇ
481 762 652 797 Θεοπνεύστῳ
667 762 762 798 Γραφῇ
781 763 839 794 τοῖς
853 762 964 789 τοιοῖσδε

170 806 227 833 τῶν
243 807 334 841 φυτῶν
347 807 496 842 ἀφομοιοῦν
512 807 568 834 ἔσθ’
586 808 630 834 ὅτε
648 809 698 843 τὴν
718 808 774 834 τῶν
793 807 879 842 ἁγίων
895 808 965 843 πλη-

172 852 231 884 θὺν,
243 853 290 879 καὶ
300 853 367 887 γοῦν
379 854 430 889 ἔφη
446 863 497 880 που
509 853 590 880 πάλιν
603 853 669 885 Θεὸς
680 854 724 880 διὰ
738 855 831 890 φωνῆς
841 854 964 880 Ἡσαΐου·

174 907 184 923 ο
197 898 253 924 Καὶ
273 898 380 933 ποιήσω
395 898 467 934 ὕδωρ
485 899 513 924 ἐν
527 901 560 934 τῇ
576 899 682 934 ἐρήμῳ,
697 896 745 926 καὶ
767 900 796 925 ἐν
811 900 843 934 τῇ
859 898 966 934 ἀνύδρῳ

171 943 325 978 ποταμούς.
345 944 427 979 Θήσω
448 945 488 976 εἰς
505 944 555 979 τὴν
577 944 692 980 ἄνυδρον
716 945 768 980 γῆν
786 944 896 980 κέδρον,
921 945 968 971 καὶ
983 936 1004 963 Β

171 989 268 1022 πύξον,
280 990 327 1016 καὶ
346 991 492 1025 μυρσίνην,
507 992 556 1017 καὶ
573 990 754 1025 κυπάρισσον,
767 990 814 1017 καὶ
832 989 944 1025 λεύκην.
956 998 965 1015 ι

170 1035 209 1070 Γῇ
226 1035 275 1070 μὲν
285 1036 340 1071 γὰρ
353 1035 424 1071 ξηρᾷ
433 1044 463 1062 τε
480 1036 527 1062 καὶ
537 1036 643 1071 ἀνύδρῳ
657 1034 821 1070 παρεικάζει
836 1034 871 1061 τὰ
885 1034 949 1070 ἔθνη
959 1044 966 1049 ·

170 1082 202 1107 οὐ
218 1081 272 1117 γὰρ
287 1080 322 1117 ἦν
341 1082 407 1117 παρ’
420 1082 512 1113 αὐτοῖς
525 1081 597 1113 θεῖος
609 1081 687 1116 λόγος
704 1082 719 1108 ὸ
731 1081 874 1113 ζωοποιεῖν
887 1081 968 1108 δυνά-

172 1137 264 1163 μενος,
281 1128 328 1155 καὶ
339 1129 379 1160 είς
394 1127 508 1163 αὔξησιν
519 1127 667 1162 ἀναφέρειν
683 1127 733 1163 τὴν
750 1128 779 1154 ἐν
793 1126 920 1162 εὐσεϐείᾳ
938 1135 967 1152 τε

171 1175 220 1201 καὶ
231 1173 331 1209 γνώσει
345 1174 424 1208 Θεοῦ,
440 1174 509 1201 ἀλλὰ
524 1175 654 1209 γεγόνασι
672 1173 737 1208 παρ’
752 1174 844 1205 αὐτοῖς
860 1173 967 1209 κέδρος,

170 1221 220 1248 καὶ
232 1220 316 1253 πύξος
333 1222 381 1248 καὶ
399 1221 527 1257 μυρσίνη,
550 1221 596 1248 καὶ
612 1221 796 1257 κυπάρισσος.
811 1220 858 1247 καὶ
870 1219 966 1255 λεύκη,

170 1268 322 1300 τουτέστιν,
337 1267 447 1303 εὐμήκη
461 1276 492 1294 τε
506 1268 554 1294 καὶ
572 1267 727 1301 ἀξιάγαστα
743 1266 825 1301 φυτὰ,
837 1263 876 1293 ὧν
891 1266 939 1293 καὶ
954 1266 968 1292 ὁ

170 1313 317 1345 θεσπέσιος
338 1314 465 1350 Μελῳδὸς
484 1313 696 1349 διαμνημονεύει
725 1313 822 1348 λέγων·
842 1322 851 1338 ι
869 1313 967 1348 ’Δρ-τος

170 1360 287 1396 καρδίαν
299 1360 445 1397 ἀνθρώπου
459 1360 593 1396 στηρίξει,
605 1359 838 1396 χορτασθήσονται
855 1358 890 1385 τὰ
903 1358 969 1392 ξύλα

168 1407 221 1434 τοῦ
239 1407 342 1440 πεδίου,
360 1408 408 1434 καὶ
426 1408 454 1434 al
471 1407 563 1443 κέδροι
581 1407 629 1434 ¹τοῦ
655 1407 785 1439 Λιϐάνου,
803 1406 837 1438 ἃς
853 1406 968 1440 ἐφύτευ-

169 1461 235 1484 σας.
251 1462 261 1478 ι
286 1452 330 1483 Ὠς
349 1453 404 1487 γὰρ
421 1453 435 1478 ὸ
454 1453 593 1487 πάνσοφος
611 1452 714 1488 γράφει
736 1452 853 1484 Παῦλος,
874 1461 883 1477 ι
898 1451 967 1478 Θεοῦ

167 1498 307 1533 γεώργιον
322 1499 415 1534 ἐσμεν.
427 1508 437 1524 ι
453 1498 527 1534 Αὕτη
543 1499 632 1526 τοίνυν
652 1500 669 1534 ἡ
689 1498 753 1531 δόξα
766 1498 815 1525 τοῦ
838 1498 966 1530 Λιϐάνου,

168 1545 251 1579 φησὶ,
278 1544 422 1579 δοθήσεταί
445 1554 496 1578 σοι,
514 1545 666 1577 τουτέστιν,
685 1545 792 1581 ὀφθήσῃ
810 1545 967 1579 κατάνομος

168 1591 285 1623 πολλαῖς
308 1591 356 1618 καὶ
369 1592 609 1628 τεθαυμασμέναις
624 1592 710 1627 ἁγίων
722 1592 969 1627 κεφαλαῖς.”Εσται

167 1638 199 1665 δὲ
214 1638 304 1670 τοῦτο,
318 1637 388 1664 ὥστε
408 1638 569 1673 δοξασθῆναι
590 1638 635 1664 τὸν
650 1638 733 1664 τέπον
750 1638 796 1664 τὸν
810 1637 888 1671 ἅγιόν
902 1646 964 1672 μου.
980 1628 1001 1655 C

168 1682 312 1718 Καύχημα
330 1683 380 1718 μὲν
400 1682 455 1718 γὰρ
481 1682 651 1718 Ἐκκλησιῶν
664 1683 689 1708 οί
704 1684 760 1714 τοῖς
781 1683 836 1709 τῶν
860 1682 966 1717 ἀρετῶν

167 1728 318 1764 (ιψώμασιν
336 1728 532 1765 ἐμϐεϐηκότες,
557 1729 605 1755 καὶ
621 1728 761 1763 χθαμαλὸν
778 1729 865 1760 οὐδὲν,
881 1729 966 1763 ἤγουν

168 1775 277 1810 γήϊνον,
302 1775 349 1802 καὶ
375 1775 560 1812 χαμαιρῤιφές
583 1774 691 1810 ἔχοντες
712 1775 753 1807 είς
771 1774 834 1801 νοῦν
848 1774 891 1801 διὰ
918 1774 966 1801 τοῦ

169 1823 281 1857 φρονεῖν
293 1822 328 1848 τὰ
345 1821 458 1857 σαρκὸς,
472 1822 600 1853 ἄττοντες
613 1821 641 1848 δὲ
662 1821 764 1856 μᾶλλον
776 1820 856 1856 ὑψοῦ,
868 1821 916 1848 καὶ
931 1821 967 1847 τὰ

168 1867 228 1895 ἅνω
239 1868 411 1903 φρονοῦντες,
423 1868 470 1894 καὶ
484 1865 540 1894 οἷον
550 1867 752 1902 ἀποφοιτῶντες
772 1868 820 1903 τῆς
835 1867 899 1903 γῆς,
919 1867 968 1894 καὶ

170 1913 388 1948 περιπατοῦντες
404 1914 453 1949 μὲν
473 1914 516 1941 ἐπ’
532 1914 628 1950 αὐτῆς,
647 1914 704 1941 ἄνω
721 1914 750 1941 δὲ
770 1914 817 1941 καὶ
836 1916 864 1941 ἐν
883 1914 966 1950 οὐρα-

169 1960 228 1992 νοῖς
242 1959 351 1995 ἔχοντες
369 1960 400 1987 τὸ
414 1960 575 1996 πολίτευμα.

208 2007 262 2034 Καὶ
274 2007 474 2041 πορεύσονται
487 2008 561 2041 πρὸς
571 2007 610 2034 σὲ
620 2000 789 2041 δεδοικότες
799 2009 825 2035 οἱ
836 2009 894 2035 υἱοὶ
908 2008 969 2034 τῶν

169 2054 424 2081 ταπεινωσάντων
441 2061 487 2086 σε,
507 2053 557 2080 καὶ
583 2053 822 2087 παροξυνάντων
842 2061 890 2085 σε,
917 2055 967 2081 καὶ

170 2100 313 2134 κληθήσῃ
324 2101 413 2134 πόλις
422 2101 534 2134 Κυρίου
546 2099 623 2127 Σιὼν
638 2100 725 2134 ἁγίου
743 2100 877 2134 Ἰσραήλ.

206 2146 278 2173 Αὐτὸ
291 2146 345 2175 τῶν
361 2148 532 2182 πραγμάτων
548 2146 579 2173 τὸ
593 2147 680 2182 πέρας
694 2146 875 2174 διαδείκνυσιν
888 2147 967 2182 ἀκρι-

169 2193 226 2225 ϐῶς
240 2193 288 2229 τῆς
302 2194 472 2229 προφητείας
484 2193 534 2229 τὴν
546 2193 673 2227 δύναμιν,
690 2193 741 2219 οὐκ
755 2192 807 2226 ἔξω
823 2193 968 2227 βαίνουσαν

167 2238 196 2266 τ’
210 2238 338 2274 ἀληθοῦς·
355 2238 616 2274 ἐμπαροινησαμένη
627 2238 682 2275 γὰρ
693 2238 731 2274 τῷ
740 2238 850 2265 πάντων
862 2238 968 2274 Σωτῆρι

725 199 768 235 [IN
784 199 900 227 ISAIAM
921 199 975 227 LIB
1005 200 1035 227 v.
1049 194 1168 229 TouU's
1188 194 1231 228 tv.

1741 201 1810 229 1358

1016 260 1080 287 tioni
1097 264 1187 287 autem
1205 260 1319 287 habetur
1338 258 1423 295 849
1437 259 1487 286 hac
1509 259 1544 286 de
1563 265 1646 286 causa
1667 259 1713 287 hic
1731 267 1810 287 mons

1018 315 1098 343 quem
1123 307 1415 339 commemoravimus,
1442 310 1472 333 ut
1496 306 1542 340 qui
1570 306 1716 333 maximam
1742 306 1809 342 ligni

1017 355 1071 381 vim
1086 354 1194 385 habeat,
1214 353 1389 388 abundetque
1411 351 1554 380 arboribus
1567 352 1770 387 procerissimis
1782 357 1812 380 et

1018 399 1250 435 ﬂagrantissimis.
1277 399 1339 426 Haec
1364 398 1448 433 igitur
1462 398 1559 433 gloria,
1581 397 1680 432 inquit,
1701 397 1811 425 dabitur

1019 447 1085 480 tibi,
1112 445 1317 481 intelligibiliter
1337 444 1441 471 scilicet
1466 447 1494 471 et
1516 442 1703 478 spiritualiter.
1721 442 1812 470 Nutrit

1017 493 1091 520 enim
1106 492 1226 519 Ecclesia
1241 490 1342 519 Christi
1358 490 1473 525 plurima
1487 494 1514 516 et
1529 489 1644 516 illustria
1652 480 1809 517 sanctorum

1017 538 1124 573 capita,
1150 542 1207 566 tum
1228 536 1354 565 sublimia
1380 536 1497 568 virtute,
1522 539 1578 561 tum
1603 533 1808 561 odoratissima.

1018 583 1130 618 Spirant
1147 584 1220 611 enim
1234 583 1356 610 suaviter
1369 581 1519 609 Christum.
1535 579 1621 608 Adest
1635 580 1688 607 illis
1701 587 1811 615 quoque

1017 628 1080 659 hoc,
1098 632 1127 654 ut
1144 627 1208 654 nulli
1226 627 1282 654 sint
1301 625 1421 654 carnalis
1441 625 1556 652 allectus
1581 624 1748 659 corruptioni
1761 625 1811 651 ob-

1018 674 1101 707 noxii,
1129 674 1165 701 ita
1191 679 1220 701 ut
1243 674 1324 708 pinus
1349 677 1378 700 et
1398 673 1495 700 cedrus
1517 679 1571 699 non
1590 675 1810 705 corrumpuntur.

1017 720 1092 748 Solet
1104 725 1193 747 autem
1205 719 1348 755 Scriptura
1359 719 1491 746 divinitus
1499 718 1644 753 inspirata,
1657 717 1811 752 hujusmodi

1017 766 1161 792 arboribus
1184 772 1379 799 nonnunquam
1409 764 1562 802 assimilare
1575 767 1732 791 sanctorum
1747 762 1814 789 mul-

1017 811 1171 839 titudinem.
1201 809 1340 845 Siquidem
1355 817 1450 837 rursus
1461 809 1529 836 dixit
1547 815 1612 837 voce
1629 807 1708 836 Isaiae
1718 807 1791 835 Deus
1805 816 1811 834 :

1020 866 1029 883 ι
1044 858 1077 884 Et
1093 858 1240 893 producam
1251 863 1349 891 aquam
1362 857 1388 883 in
1404 855 1562 888 solitudine,
1578 859 1606 882 et
1618 854 1645 881 in
1663 854 1723 881 loco
1735 853 1814 888 aquis

1018 909 1129 932 carente
1154 903 1275 930 llumina.
1302 901 1404 930 Ponam
1431 902 1458 929 in
1484 906 1556 929 terra
1583 901 1661 935 aquis
1688 904 1812 931 carentc.

1018 949 1142 982 cedrum,
1151 949 1264 981 buxum,
1273 948 1578 983 myrtum,cyparissum
1592 951 1620 975 et
1631 946 1760 982 populum
1771 945 1810 973 ⁷.)

1019 994 1085 1022 Ctun
1098 998 1170 1021 terra
1188 994 1259 1021 enim
1274 994 1349 1021 arida
1366 999 1395 1021 et
1409 993 1487 1029 aquis
1498 999 1609 1021 careute
1624 988 1718 1028 gentes
1733 1000 1812 1020 com-

1019 1044 1105 1074 parat.
1120 1039 1179 1066 Non
1194 1039 1267 1066 enim
1284 1039 1335 1066 fuit
1348 1040 1419 1074 apud
1445 1047 1492 1067 eas
1514 1047 1605 1067 sermo
1629 1039 1747 1070 divinus,
1766 1039 1812 1073 qui

1018 1086 1156 1113 viviticare
1179 1089 1279 1120 potest,
1304 1090 1330 1113 et
1355 1085 1388 1112 ad
1414 1086 1525 1121 pietatis
1546 1089 1644 1113 auctus
1664 1092 1696 1112 ac
1724 1086 1815 1112 incre-

1019 1137 1139 1159 mentum
1160 1132 1186 1159 in
1209 1132 1366 1166 cognitione
1392 1131 1441 1159 Dei
1469 1132 1614 1160 adducere.
1635 1131 1688 1158 Sed
1707 1130 1815 1158 fuerunt

1020 1179 1092 1214 apud
1110 1178 1170 1205 illas
1187 1179 1285 1205 cedrus
1300 1182 1328 1205 et
1342 1178 1431 1205 buxus
1449 1183 1475 1205 et
1492 1182 1599 1212 myrtus
1612 1181 1641 1204 et
1657 1176 1815 1212 cyparissus

1019 1230 1051 1249 ac
1065 1222 1189 1257 populus.
1202 1222 1228 1249 id
1245 1226 1296 1254 est,
1312 1222 1426 1249 arbores
1448 1222 1519 1249 bene
1541 1229 1662 1256 procera:
1680 1226 1708 1248 et
1731 1221 1815 1248 mira-

1019 1267 1097 1296 biles.
1125 1268 1245 1301 Quarum
1276 1268 1359 1295 etiam
1396 1268 1521 1295 meminit
1550 1267 1659 1294 divinus
1690 1266 1813 1299 Psaltes,

1019 1315 1112 1342 dicens
1128 1324 1134 1341 :
1155 1324 1164 1340 ι
1178 1314 1259 1342 Panis
1271 1322 1318 1342 cor
1332 1315 1452 1342 hominis
1468 1315 1579 1342 roborat
1593 1322 1600 1347 ;
1618 1314 1814 1349 saturabuntur

1019 1361 1090 1397 ligna
1105 1362 1205 1396 campi.
1222 1365 1250 1388 et
1261 1361 1335 1388 cedri
1348 1360 1444 1389 Liburni
1460 1368 1528 1396 quas
1543 1360 1697 1395 plantasti’.
1711 1369 1721 1385 ι
1734 1359 1814 1393 Nam,

1019 1412 1048 1435 ut
1071 1407 1291 1442 sapientissimus
1315 1406 1414 1434 Paulus
1426 1407 1545 1446 scribit:
1562 1415 1571 1431 ι
1585 1406 1631 1433 Dei
1649 1405 1814 1440 agricultura

1019 1461 1112 1482 sumus
1122 1454 1144 1481 '.
1160 1463 1169 1479 ι
1189 1453 1250 1481 llaec
1261 1454 1352 1488 igitur,
1377 1454 1474 1488 inquit,
1490 1453 1575 1486 gloria
1591 1452 1687 1479 Libani
1704 1451 1815 1478 dabllur

1020 1500 1079 1532 tibi,
1090 1500 1115 1527 id
1128 1505 1180 1532 est,
1196 1499 1307 1527 llorebis
1322 1499 1414 1526 multis
1430 1504 1459 1526 et
1474 1498 1640 1525 admirandis
1657 1501 1814 1524 sanctorum

1019 1546 1154 1581 capitibus
1179 1545 1311 1573 refertus.
1336 1545 1394 1572 Erit
1415 1549 1507 1572 autent
1533 1545 1596 1576 hoc,
1619 1549 1648 1571 ut
1671 1543 1815 1570 decoretur

1020 1593 1096 1619 locus
1111 1597 1223 1619 sanctus
1246 1599 1333 1619 meus.
1357 1591 1445 1619 Decus
1461 1591 1535 1619 enim
1554 1590 1736 1618 Ecclesiarum
1752 1594 1816 1617 sunt

1019 1637 1045 1664 hi
1072 1638 1118 1671 qui
1133 1638 1166 1663 ad
1182 1638 1312 1663 virtutum
1338 1636 1491 1664 celsitatem
1513 1635 1704 1665 ascenderunt.
1725 1639 1751 1662 et
1768 1634 1815 1668 qui

1018 1682 1086 1709 nihil
1098 1682 1197 1709 habent
1211 1681 1238 1708 in
1251 1685 1341 1708 tuente
1357 1686 1496 1708 terrenmn
1507 1683 1535 1707 et
1548 1679 1664 1712 humile,
1685 1686 1735 1706 nec
1754 1685 1814 1712 (μην

1018 1728 1110 1755 carnis
1125 1732 1188 1755 sunt
1200 1727 1327 1762 sapiunt;
1352 1726 1400 1754 sed
1414 1726 1460 1761 qui
1479 1725 1562 1752 altum
1580 1729 1685 1760 petunt,
1709 1729 1735 1751 et
1755 1731 1814 1756 qua,

1018 1782 1099 1809 supra
1113 1778 1175 1802 sunt
1189 1774 1309 1807 sapiunt,
1322 1777 1349 1801 et
1364 1772 1438 1799 velut
1449 1780 1464 1799 e
1478 1777 1550 1799 terra
1566 1772 1709 1804 secedunt,
1731 1778 1763 1797 ac
1788 1770 1814 1796 in

1018 1821 1144 1855 superuis
1160 1819 1299 1848 ambulant
1312 1819 1346 1852 ‘°,
1364 1819 1390 1846 in
1413 1818 1491 1846 cwlis
1513 1819 1644 1846 habentes
1669 1825 1813 1844 conversu-

1019 1864 1119 1891 lionem
1133 1864 1164 1890 “.

1057 2009 1139 2036 Vsus.
1160 2009 1203 2035 14.
1226 2008 1260 2034 Et
1277 2009 1350 2036 ibunt
1366 2008 1401 2035 ad
1415 2013 1439 2035 te
1457 2008 1577 2035 timentes
1590 2008 1643 2042 filii
1661 2015 1751 2034 eorum
1769 2007 1814 2041 qui

1020 2056 1145 2082 humilem
1163 2060 1186 2082 te
1199 2055 1383 2088 reddiderunt,
1397 2059 1420 2082 et
1434 2055 1650 2086 concitaverunt;
1667 2053 1814 2082 vocaberis-

1019 2110 1068 2136 que
1081 2102 1174 2128 ciuitas
1188 2101 1298 2135 Domini
1316 2101 1382 2129 Sion
1398 2101 1484 2128 sancti
1498 2101 1594 2129 Israel.

1057 2148 1157 2174 lterum
1172 2147 1265 2175 exitus
1285 2147 1352 2176 satis
1364 2148 1476 2181 indicat,
1491 2147 1642 2183 prophetiae
1654 2147 1707 2174 vim
1720 2154 1734 2173 a
1749 2154 1814 2173 vero

1021 2201 1074 2220 non
1099 2193 1220 2221 deviare.
1244 2193 1379 2221 Bacchata
1403 2195 1477 2222 enim
1507 2193 1609 2221 furiose
1637 2193 1663 2220 in
1691 2191 1812 2220 omnium

1021 2240 1194 2267 Servatorem
1208 2239 1347 2267 Christum
1360 2239 1510 2268 Jerusalem
1522 2239 1606 2275 850
1617 2238 1729 2266 humilis
1742 2237 1812 2264 facta

169 2283 250 2319 ὴμῶν
271 2283 359 2319 Ἰησοῦ
374 2283 485 2319 Χριστῷ
500 2283 614 2318 ταπεινὴ
629 2282 740 2317 γέγονεν
757 2283 773 2318 ἡ
790 2281 968 2318 Ἰερουσαλὴμ

1020 2291 1072 2319 est,
1093 2292 1107 2312 a
1125 2285 1317 2320 conjunctione
1343 2284 1402 2319 ejus
1428 2285 1526 2319 ejecta,
1543 2289 1571 2312 et
1585 2293 1599 2311 a
1617 2291 1665 2318 spe
1687 2283 1715 2310 in
1736 2282 1812 2309 illum

168 2330 221 2366 τῆς
247 2330 316 2366 πρὸς
334 2330 400 2357 Θεὸν
423 2329 590 2364 οἰκειότητος
608 2329 830 2366 ἅποϐεϐλημένη,
850 2329 898 2355 καὶ
918 2329 967 2364 τῆς

171 2376 212 2407 εἰς
226 2375 307 2402 αὐτὸν
321 2375 429 2407 ἐλπίδος
449 2374 667 2411 ἀπολισθήσασα,
685 2375 732 2402 καὶ
752 2374 965 2410 φειδοῦς-ἐρήμη

171 2422 221 2457 τῆς
248 2421 352 2448 ἄνωθεν
380 2422 526 2457 γενομένη,
553 2420 674 2448 πεσοῦσα
700 2420 727 2447 δὲ
750 2421 799 2447 καὶ
814 2421 854 2452 εἰς
871 2421 967 2456 χεῖρας

167 2466 288 2502 ἐχθρῶν,
315 2467 340 2494 οἶ
355 2467 387 2502 δὴ
412 2468 459 2494 καὶ
476 2468 567 2494 πᾶσαν
590 2465 641 2502 τὴν
671 2466 800 2492 Ἰουδαίαν
823 2466 966 2502 καταδῃώ-

170 2521 280 2545 σαντες,
297 2513 345 2539 καὶ
366 2514 449 2541 αὐτὸν
465 2514 618 2550 ἐνέπρησαν
637 2513 683 2540 τὸν
703 2512 774 2539 θεῖόν
789 2521 819 2538 τε
840 2513 887 2539 καὶ
906 2513 965 2539 δια-

171 2559 268 2594 ϐόητον
286 2559 359 2586 ναόν.
391 2559 499 2596 Ἐπειδὴ
526 2560 556 2587 δὲ
572 2561 706 2587 σέσωσται
734 2559 765 2586 τὸ
791 2559 966 2595 κατάλειμμα

171 2605 239 2632 Θεοῦ
260 2605 508 2641 κατοικτείραντος,
533 2606 733 2633 πεπιστεύκασι
758 2605 813 2641 γὰρ
835 2607 876 2637 εἰς
898 2606 966 2641 Χρι-

173 2652 234 2679 στὸν
249 2653 299 2680 οὐκ
311 2652 491 2688 εὐαρίθμητοι
508 2651 563 2679 τῶν
579 2652 609 2685 ἐξ
626 2652 745 2689 Ἰσραὴλ,
762 2652 966 2688 κεχρημάτικεν

177 2697 328 2734 Ἐκκλησία
342 2699 364 2725 Χ
370 2697 473 2734 ριστοῦ,
487 2698 534 2724 καὶ
548 2698 643 2732 γέγονε
656 2699 747 2734 μήτηρ
762 2698 856 2734 ὥσπερ
870 2698 964 2726 ἐθνῶν.

171 2744 204 2770 Πῐ
220 2744 274 2780 γὰρ
291 2745 345 2771 υἱοὶ
360 2745 413 2771 τῶν
436 2753 502 2771 ποτε
524 2744 753 2772 ταπεινωσάντων
775 2745 872 2781 αὐτὴν,
887 2753 966 2772 τουτ-

173 2790 257 2823 ἐστιν,
273 2792 297 2817 οἱ
315 2790 369 2817 τῶν
387 2790 518 2825 ἐπιγείων
529 2790 695 2826 κρατοῦντες
719 2792 904 2826 πραγμάτιον,
920 2792 966 2818 καὶ

171 2837 232 2868 ταῖς
245 2837 300 2864 τῶν
332 2839 479 2874 σκήπτρων
494 2838 628 2873 διαδοχαῖς
654 2838 691 2869 ὡς
714 2838 743 2870 ἐξ
760 2838 872 2865 ἐκείνων
887 2839 966 2874 ἐρχό-

209 2926 219 2941 ⁷
235 2926 286 2954 lsu.
302 2934 356 2961 xu,
378 2927 418 2960 18,
435 2928 475 2955 l9.
515 2927 525 2943 ⁸
541 2927 612 2955 Psal.
629 2935 685 2957 cut.
707 2927 747 2960 I5,
772 2928 812 2955 lb‘.

852 2928 861 2942 θ
877 2929 884 2955 Ι
901 2928 963 2956 Cor.
982 2937 1021 2962 ut,
1039 2929 1065 2956 9.
1110 2929 1131 2944 ¹⁰
1152 2928 1230 2956 Rom.
1248 2936 1307 2962 vnt,
1323 2929 1350 2956 5.

1022 2332 1142 2368 delapsa,
1166 2337 1195 2360 et
1217 2340 1232 2359 a
1255 2331 1442 2359 misericordia
1468 2338 1586 2366 superna
1606 2330 1744 2362 derelicta,
1768 2337 1813 2357 ca-

1022 2379 1141 2413 densque
1163 2379 1189 2406 in
1216 2386 1314 2406 manus
1335 2379 1469 2410 hostium,
1493 2377 1549 2412 qui,
1580 2381 1635 2404 tota
1662 2375 1755 2403 Judzra
1785 2375 1811 2402 iu

1021 2426 1174 2452 vastitatem
1199 2425 1321 2458 redacta,
1347 2425 1437 2459 ipsum
1455 2424 1538 2451 etiam
1556 2423 1677 2450 divinum
1700 2427 1726 2449 et
1742 2422 1812 2448 cele-

1021 2469 1208 2500 bratissimum
1227 2471 1356 2506 templum
1372 2471 1561 2498 incenderunt.
1586 2470 1732 2504 Postquam
1747 2476 1813 2495 vero

1020 2522 1136 2545 servatae
1159 2516 1270 2544 luerunt
1291 2516 1426 2550 reliquiae,
1445 2517 1500 2543 Deo
1513 2515 1727 2542 commiserante
1740 2514 1813 2544 tere»

1020 2565 1149 2592 diderunt
1173 2564 1245 2591 enim
1276 2563 1302 2590 in
1324 2563 1462 2590 Christqu
1490 2561 1627 2588 innumeri
1660 2560 1811 2595 lsraelitas),

1021 2616 1175 2645 nuncupata
1198 2614 1240 2638 est.
1265 2610 1385 2637 Ecclesia
1406 2608 1519 2640 Christi,
1536 2614 1564 2636 et
1588 2609 1658 2635 facta
1682 2613 1724 2635 est
1740 2608 1812 2635 velut

1022 2661 1108 2683 mater
1120 2656 1252 2691 gentium.
1276 2654 1343 2682 Nam
1360 2654 1408 2681 lilii
1424 2661 1518 2681 eorum
1537 2654 1581 2688 qui
1602 2653 1812 2681 humiliavcruut

1019 2707 1091 2734 eam,
1116 2702 1143 2728 id
1169 2706 1227 2734 est,
1244 2702 1290 2736 qui
1313 2701 1393 2729 rebus
1420 2700 1537 2729 terrenis
1560 2700 1707 2735 imperant,
1732 2704 1759 2726 et
1784 2699 1811 2726 iu

1020 2750 1190 2781 sceptrorum
1217 2747 1407 2775 successiones
1430 2746 1529 2774 exinde
1553 2746 1674 2777 veniunt,
1698 2752 1807 2772 γουσι-ιι-

1021 2793 1088 2821 ιὶοιιί
1106 2793 1207 2821 habent
1224 2793 1386 2826 Ecclesiam,
1399 2798 1427 2821 et
1439 2794 1578 2825 timentes,
1596 2792 1621 2819 id
1631 2795 1683 2822 est,
1696 2790 1812 2818 sollicite

1020 2845 1121 2868 etcum
1144 2839 1191 2867 Dei
1215 2844 1297 2873 metu,
1321 2840 1362 2884 ad.
1376 2847 1436 2867 eam
1452 2839 1594 2867 accedunt.
1619 2846 1628 2863 ι
1646 2837 1744 2865 Vocula
1768 2840 1810 2864 cst

1393 2929 1412 2944 ”
1429 2928 1548 2964 Philipp.
1566 2936 1606 2962 ut,
1623 2928 1668 2957 ρο.
