4140 6504
528 395 668 452 I559
1520 389 1575 441 S.
1617 387 1892 442 ('ZYRlLLI
1932 385 2104 442 ALEX

2200 383 2397 438 iDlllNl
2438 383 2754 439 ARCHIEP.
3630 393 3767 449 1340

524 508 669 564 enim
739 505 929 562 civitas
975 503 1180 558 Domini
1234 503 1363 558 Sion
1423 503 1594 558 sancti
1652 503 1840 557 Israel.
1903 520 1923 555 ι
1999 500 2093 555 Del

2200 516 2349 570 μενοι
2375 499 2577 569 σεπτὴν
2615 499 2874 570 ἡγοῦνται
2921 499 3020 570 τὴν
3061 501 3405 571 Ἐκκλησίαν,
3467 503 3560 558 xui.
3605 506 3771 560 δεδοι-

526 611 760 665 namque
797 597 984 651 civitas
1021 604 1104 650 est
1155 594 1414 650 Ecclesia.
1459 593 1626 663 quue
1663 593 1820 648 docet
1875 591 2089 645 divinus

2200 591 2371 653 κότες,
2420 589 2685 652 τουτέστι,
2723 591 2840 660 μετ’
2874 591 3174 658 εὐλαϐείας,
3225 595 3319 648 καὶ
3369 594 3460 648 τὸν
3504 594 3646 650 θεῖον
3690 599 3770 663 εις

527 686 720 750 David,
755 684 896 740 velut
929 684 1068 736 illam
1101 683 1416 750 alloquens:
1446 701 1464 735 ι
1503 681 1751 738 Gloriosa
1789 682 1932 736 dicta
1965 688 2089 733 sunt

2200 681 2319 736 νοῦν
2346 681 2557 752 ἔχοντες
2590 681 2750 750 φόϐον
2780 684 3066 754 προσίασιν
3098 686 3234 755 αὐτῇ
3261 703 3275 718 ·
3315 706 3332 737 ι
3362 686 3636 757 Κέκληται
3662 688 3770 759 γὰρ

528 782 594 834 de
625 787 696 841 te,
723 777 915 832 civitas
941 775 1036 830 Dei
1063 777 1124 828 η.
1156 794 1173 827 ι
1199 774 1264 829 Ει
1288 775 1401 844 ipse
1427 774 1800 832 universorum
1829 773 2090 828 Dominus

2201 771 2356 836 πόλις
2382 772 2584 841 Κυρίου
2619 772 2754 826 Σιὼν
2777 773 2931 841 ἁγίου
2959 775 3226 845 Ἰσραήλ.»
3253 776 3388 832 θεοῦ
3419 778 3525 850 γὰρ
3554 779 3707 842 πόλις
3734 781 3767 850 ἡ

531 869 608 922 ait
661 867 776 938 lyra
805 865 1088 923 Psallentis
1121 885 1134 920 :
1160 886 1178 918 ‹
1211 867 1309 922 Hic
1332 866 1607 932 habitabo,
1633 867 1754 935 quia
1783 865 1916 934 elegi
1949 876 2088 920 eam.

529 959 708 1013 Portae
763 960 881 1030 ejus
923 958 1634 1022 benedicens'benedicam,
1680 972 1942 1028 pauperes
1976 957 2093 1027 ejus

530 1047 785 1103 saturabo
811 1047 1061 1118 panibus,
1080 1048 1387 1102 sacerdotes
1409 1045 1527 1120 ejus
1550 1047 1766 1102 induam
1797 1046 1970 1103 salute
1989 1046 2084 1103 η.»

528 1139 622 1194 Sin
648 1139 776 1192 velit
824 1138 1087 1208 quispiam
1119 1149 1365 1208 posteros
1397 1153 1584 1194 eorum
1611 1152 1819 1208 regum,
1846 1139 1937 1206 qui
1967 1152 2091 1207 per-

527 1229 697 1284 secuti
729 1239 855 1284 sunt
881 1229 1199 1296 Ecclesiam,
1250 1229 1428 1284 dicere
1449 1229 1537 1298 qui
1571 1244 1713 1284 nunc
1741 1244 1861 1282 cum
1884 1229 2093 1283 honore

527 1330 585 1375 et
624 1323 817 1375 timore
862 1322 928 1375 ad
966 1336 1084 1377 eam
1118 1322 1361 1384 veniunt,
1396 1330 1452 1376 et
1495 1321 1730 1375 divinam
1761 1320 1913 1388 quasi
1955 1320 2090 1374 civi-

529 1422 693 1467 tatem
749 1415 1075 1483 suscipiunt,
1118 1430 1222 1468 non
1270 1413 1495 1469 discedit
1537 1427 1566 1467 a
1613 1428 1795 1482 scopo.
1839 1411 2094 1468 Videmus

527 1506 673 1558 enim
714 1505 976 1573 exemplis
1007 1519 1117 1558 rem
1143 1504 1210 1557 ad
1245 1519 1366 1556 eum
1397 1512 1647 1558 eventum
1679 1503 1986 1557 deductam.

2205 862 2517 932 Ἐκκλησία,
2551 864 2643 916 καὶ
2664 862 2820 917 τοῦτο
2851 865 3089 920 διδάσκει
3121 869 3150 920 6
3181 867 3470 932 θεσπέσιος
3508 869 3672 923 Δαϐὶδ
3696 869 3773 933 ὡς

2193 954 2328 1023 πρὸς
2357 952 2546 1024 αὐτὴν,
2576 972 2593 1004 t
2613 954 2982 1024 Δεδοξασμένα.
3004 957 3238 1028 ἐλαλήθη
3263 961 3392 1030 περὶ
3425 959 3589 1031 σοῦ,ἡ
3619 961 3775 1025 πόλις

2191 1044 2282 1098 τοῦ
2307 1044 2462 1098 Θεοῦ.
2490 1063 2508 1096 ι
2538 1047 2647 1099 Καὶ
2677 1046 2840 1110 αὐτὸς
2867 1047 2923 1101 δέ
2957 1064 3058 1101 που
3085 1051 3248 1120 φησὶν
3295 1053 3322 1104 6
3344 1051 3453 1123 ⁸εῶν
3499 1051 3635 1105 ὅλων
3662 1053 3776 1106 Κύ-

2199 1154 2311 1207 ριος
2334 1137 2420 1190 διά
2442 1139 2539 1208 τῆς
2564 1139 2660 1191 τοῦ
2692 1140 2997 1207 Ψάλλοντος
3014 1142 3202 1213 λύρας·
3247 1163 3266 1196 ι
3295 1139 3420 1198 Ὧδε
3443 1147 3774 1216 κατοικήσω,

2197 1229 2279 1281 ὅτι
2306 1229 2644 1300 ᾑρετισάμην
2673 1233 2864 1302 αὐτὴν,
2911 1235 3011 1304 τὴν
3049 1234 3221 1306 θύραν
3263 1237 3434 1309 αὐτῆς
3477 1239 3776 1310 εὐλογήσω,

2199 1319 2325 1383 τοὺς
2371 1322 2618 1390 πτωχοὺς
2673 1323 2845 1394 αὐτῆς
2899 1326 3150 1396 χορτάσω
3192 1328 3378 1398 ἄρτον,
3434 1331 3561 1394 τοὺς
3615 1331 3781 1398 ἱερεῖς

2200 1412 2372 1481 αὐτῆς
2400 1412 2603 1466 ἐνδύσω
2632 1415 2922 1486 σωτηρίαν.
2950 1436 2968 1469 ι
3010 1419 3073 1472 Ei
3113 1421 3169 1472 δὲ
3205 1421 3269 1490 δὴ
3304 1421 3544 1491 βούλοιτό
3572 1439 3656 1484 τις
3687 1421 3781 1472 καὶ

2201 1502 2306 1555 τῶν
2337 1519 2467 1556 ποτε
2499 1503 2804 1570 διωξάντων
2840 1508 2938 1578 τὴν
2985 1509 3310 1579 Ἐκκλησίαν
3341 1512 3602 1582 βασιλέων
3632 1512 3780 1573 υἱοὺς

525 1597 650 1658 τοὺς
698 1595 934 1664 καθεξῆς
985 1594 1287 1665 ὀνομάζειν,
1323 1595 1372 1648 οἳ
1423 1593 1559 1663 μετὰ
1605 1595 1769 1664 τιμῆς
1805 1595 1898 1648 καὶ
1939 1593 2091 1656 δέους
2161 1594 2556 1664 προσέρχονται
2622 1595 2717 1650 νῦν
2750 1599 2910 1669 αὐτῇ,
2949 1603 3043 1654 xui
3069 1602 3145 1665 ὡς
3183 1604 3334 1657 θείαν
3362 1603 3562 1675 τιμῶσι
3602 1604 3781 1663 πόλιν,

523 1688 624 1740 οὐκ
658 1686 761 1751 ἔξω
793 1688 1016 1758 φέρεται
1037 1683 1137 1740 ’τοῦ
1160 1685 1381 1740 σκοποῦ.
1427 1687 1672 1757 ὐρῶμεν
1697 1687 1805 1756 γὰρ
1827 1688 1906 1749 εἰς
1931 1685 2088 1738 τοῦτο
2125 1685 2423 1758 ἐκϐεϐηκὸς
2445 1689 2504 1741 τὸ
2527 1688 2634 1743 τῶν
2659 1692 2996 1761 πραγμάτων
3023 1694 3211 1764 πέρας.

596 1775 760 1830 Vens.
792 1776 881 1840 15,
910 1775 997 1829 l6.
1034 1773 1140 1829 Pro
1162 1792 1220 1829 eo
1253 1777 1394 1844 quod
1422 1776 1568 1841 fuisti
1593 1776 1864 1839 derelicta,
1889 1782 1937 1828 et
1965 1775 2085 1826 odio

2261 1775 2359 1827 Διὰ
2406 1776 2475 1827 τὸ
2527 1776 2800 1844 γενέσθαι
2857 1792 2932 1832 σε
2989 1782 3632 1853 ἐγκαταλελειμμένην,
3683 1774 3781 1836 καὶ

526 1869 738 1932 habita,
787 1878 835 1922 et
880 1885 983 1922 non
1024 1877 1136 1922 erat
1177 1869 1267 1938 qui
1317 1875 1666 1922 succurreret.
1705 1866 1770 1919 Et
1817 1881 2004 1932 ponam
2045 1872 2093 1930 te

2200 1863 2622 1932 μεμισημένην,
2665 1865 2763 1919 καὶ
2815 1870 2926 1921 οὐκ
2965 1864 3043 1937 ἦν
3077 1873 3110 1922 ὁ
3144 1871 3410 1938 βοηθῶν.
3457 1872 3569 1926 Kal
3613 1872 3781 1941 θήσω

526 1961 929 2014 exsultationem
961 1970 1238 2023 a’ternam,
1275 1959 1530 2028 gaudium
1574 1957 1969 2026 generationum
2003 1971 2093 2024 ge-

526 2050 904 2105 nerationibus.
943 2049 1010 2102 Et
1042 2065 1193 2116 suges
1227 2049 1310 2101 lac
1336 2049 1586 2117 gentium,
1612 2056 1659 2100 et
1685 2046 1895 2099 divitias
1917 2062 2095 2113 regum

525 2143 783 2198 comedas.
832 2140 898 2195 Et
931 2142 1060 2195 scies
1095 2140 1222 2209 quia
1263 2155 1356 2207 ego
1404 2137 1663 2194 Dominus
1717 2139 1807 2210 qui
1845 2140 1990 2193 salvo
2025 2148 2089 2204 te,

523 2245 571 2290 et
602 2237 690 2305 qui
710 2250 834 2289 eruo
863 2239 912 2286 te
937 2231 1076 2286 Deus
1103 2229 1275 2285 Israel

602 2429 620 2460 ι
668 2409 800 2462 Eras
845 2407 1010 2472 enim,
1043 2407 1238 2476 inquit,
1290 2405 1543 2460 derelicta
1597 2414 1652 2459 et
1711 2405 1836 2460 odio
1893 2404 2094 2468 habita,

525 2513 718 2555 etnon
759 2509 877 2554 erat
918 2499 1008 2566 qui
1046 2507 1411 2553 succurreret.
1446 2517 1465 2550 ι
1512 2497 1640 2553 [Lee
1677 2512 1840 2552 causa
1876 2497 2097 2551 humili-

525 2592 652 2646 tatis
697 2601 800 2645 tum
844 2590 1066 2644 exstitit.
1111 2587 1244 2644 Nam
1286 2589 1614 2644 debacchata
1647 2605 1708 2644 es
1747 2591 1800 2642 in
1851 2604 1973 2643 eum
2006 2588 2096 2657 qui

524 2683 755 2737 evehere
802 2695 856 2736 et
889 2681 1198 2737 felicitatem
1236 2681 1331 2736 tibi
1373 2681 1696 2735 incolumem
1748 2694 1967 2735 servare
2007 2695 2099 2746 po-

528 2783 665 2840 test;
701 2773 795 2828 sed
827 2788 985 2827 nemo
1013 2772 1113 2825 l‘nit
1141 2773 1232 2842 qui
1263 2786 1480 2827 manum
1527 2772 1830 2840 porrigeret
1871 2771 2099 2824 auxilia-

528 2867 740 2928 tricem.
780 2879 846 2919 eo
887 2864 1032 2934 quod
1075 2863 1185 2918 Deo
1233 2864 1406 2919 invisa
1459 2879 1602 2919 eras.
1656 2863 1994 2918 Debacchata
2042 2877 2100 2915 es

529 2956 676 3010 enim
720 2970 827 3010 non
873 2956 925 3009 in
971 2971 1136 3009 unum
1181 2955 1411 3024 aliquem
1459 2955 1512 3009 in
1552 2955 1736 3010 servili
1793 2954 2102 3009 conditiOne

529 3051 795 3114 locatum,
843 3055 939 3102 aut
996 3046 1228 3101 ministri
1280 3061 1475 3100 munus
1525 3047 1851 3109 obeuntem,
1896 3046 1989 3099 sed
2046 3046 2097 3097 in

2193 1967 2267 2006 σε
2333 1953 2679 2022 armillatus
2743 1956 3013 2022 αἰώνιον,
3090 1962 3478 2029 εὐφροσύνην
3549 1963 3782 2032 γενεαῖς

2189 2043 2433 2112 γενεῶν.
2473 2043 2585 2098 Καὶ
2636 2045 2928 2116 θηλάσεις
2955 2049 3112 2117 γάλα
3137 2051 3349 2115 ἐθνῶν,
3385 2053 3484 2106 καὶ
3514 2054 3784 2106 πλοῦτον

2189 2133 2500 2198 ,ϐασιλέων
2551 2133 2828 2203 φάγεσαι.
2873 2139 2985 2191 Καὶ
3025 2139 3229 2208 γνώσῃ
3267 2139 3360 2193 ὅτι
3411 2141 3526 2211 ἐγὼ
3567 2144 3782 2209 Κύριος

2196 2225 2230 2275 ό
2275 2219 2476 2282 σώζων
2539 2237 2645 2288 σε,
2708 2225 2806 2278 και
2864 2229 2898 2280 ό
2949 2226 3376 2298 ἐξαιρούμενός
3423 2246 3498 2285 σε
3554 2235 3587 2285 ὁ
3639 2231 3782 2296 Θεὸς

2211 2313 2480 2381 Ἰσραήλ.
2707 2354 2720 2366 .

2275 2405 2552 2473 «Γέγονας
2605 2405 2704 2476 μὲν
2759 2407 2905 2477 γὰρ,
2956 2409 3158 2478 φησὶν,
3221 2412 3781 2482 ἐγκαταλελειμμένη,

2198 2498 2292 2550 xui
2339 2499 2712 2567 μεμισημένη,
2748 2498 2846 2552 xui
2877 2499 2976 2552 οὐκ
3007 2496 3076 2571 ἦν
3105 2503 3134 2555 6
3169 2501 3401 2572 βοηθῶν.
3449 2522 3466 2553 ι
3517 2501 3666 2572 Αὕτη
3701 2519 3784 2554 σοι

2199 2587 2472 2658 πρόφασις
2497 2587 2598 2656 τῆς
2626 2587 3003 2653 ταπεινώσεως
3025 2586 3114 2661 ἦν,
3136 2592 3546 2665 πεπαρῴνηκας
3563 2595 3674 2661 γὰρ
3706 2595 3787 2656 είς

2201 2677 2290 2730 τὸν
2310 2677 2477 2749 ὑψοῦν
2499 2678 2818 2749 δυνάμενον,
2851 2682 2950 2734 xui
2982 2682 3319 2751 ἀκράδαντόν
3353 2701 3434 2737 σοι
3461 2685 3692 2752 φυλάξαι
3725 2686 3787 2738 τὸ

2202 2770 2510 2840 εὐημερεῖν,
2543 2771 2658 2824 ἀλλ’
2697 2773 2872 2836 οὐδεὶς
2893 2767 2960 2844 ἦν
2990 2776 3018 2827 6
3046 2777 3204 2844 χεῖρα
3248 2775 3428 2846 νέμων
3471 2775 3784 2848 ἐπίκουρον,

2201 2861 2431 2932 ἐπείπερ
2460 2858 2603 2932 ἦσθα
2633 2863 2894 2933 θεομισής
2921 2881 2934 2894 ·
2986 2865 3398 2936 πεπαρῴνηκας
3428 2867 3534 2936 γὰρ
3565 2868 3665 2920 οὐκ
3707 2870 3788 2928 εἰς

2200 2951 2296 3004 ἕνα
2319 2952 2443 3005 τινὰ
2467 2952 2574 3005 τῶν
2601 2955 2658 3006 ἐν
2688 2952 2839 3017 τάξει
2873 2955 3141 3025 κειμένων
3173 2957 3438 3028 οἰκετικῇ,
3481 2959 3574 3011 xui.
3602 2959 3785 3011 διακο-

2203 3045 2358 3116 νικὴν
2401 3045 2634 3115 ἐχόντων
2686 3045 2784 3116 τὴν
2816 3045 3181 3118 λειτουργίαν,
3223 3049 3338 3102 ἀλλ’
3385 3051 3463 3112 εἰς
3498 3050 3658 3102 αὐτὸν
3695 3050 3789 3102 τδν

532 3147 709 3210 ipsum
756 3139 1132 3193 universorum
1176 3136 1377 3206 Regem
1413 3153 1476 3192 ac
1507 3137 1812 3192 Dominum.
1863 3137 1932 3190 At
1963 3151 2096 3204 quo-

2200 3136 2302 3190 τῶν
2358 3137 2493 3190 ὅλων
2543 3137 2770 3207 βασιλέα
2825 3139 2920 3192 xui
2978 3137 3204 3210 Κύριον.
3260 3139 3480 3211 Ἐπειδὴ
3531 3139 3588 3192 δὲ
3642 3140 3790 3203 ἅπαξ

532 3231 674 3284 niam
720 3228 884 3283 semel
931 3225 1092 3296 851
1145 3225 1577 3282 humiliationem
1618 3227 1757 3281 hanc
1801 3239 1958 3295 passa
2017 3239 2097 3288 es,

529 3321 647 3374 haec
683 3319 906 3373 molesta
937 3319 1311 3386 praeteribunt,
1340 3326 1394 3372 et
1433 3316 1719 3386 posteriori
1755 3315 2019 3371 beneﬁcio
2051 3324 2102 3371 te

531 3412 583 3464 in
618 3409 902 3481 pristinum
932 3419 1130 3464 statum
1163 3411 1430 3464 restituet.
1463 3407 1926 3475 Quemadmodum
1956 3407 2101 3462 enim

532 3519 627 3572 par
678 3513 819 3566 erat,
863 3501 1044 3556 divina
1099 3501 1189 3555 Dei
1241 3499 1547 3565 sententia,
1601 3509 1653 3553 te
1705 3499 2101 3554 inobedientem

532 3593 748 3661 puniri;
793 3592 872 3647 sic
920 3604 1239 3646 conversam
1286 3598 1338 3644 te
1381 3587 1810 3645 misericordiam
1858 3586 2104 3642 invenire

531 3685 801 3740 convenit.
845 3703 862 3736 ι
899 3684 1097 3738 Ponant
1158 3693 1210 3738 te
1265 3683 1446 3753 igitur,
1509 3683 1722 3752 inquit,
1790 3681 2104 3737 exsultatio-

532 3792 655 3831 nem
687 3787 964 3830 αξιοι-ηοω.
997 3794 1015 3826 ι
1065 3774 1210 3829 Nihil
1254 3784 1338 3828 est
1377 3774 1520 3829 enim
1555 3773 1708 3829 triste
1760 3775 1814 3827 in
1859 3773 2101 3828 Ecclesia

530 3867 759 3922 Christi.
803 3866 901 3922 Ubi
943 3867 1087 3920 enim
1121 3867 1342 3922 omnino
1385 3879 1508 3934 spes
1538 3874 1620 3920 est
1655 3865 2100 3934 incorruptionis,

529 3967 584 4015 et
629 3968 844 4014 aeterna:
877 3960 1018 4024 vitae,
1072 3969 1127 4013 et
1181 3958 1524 4028 sempiterna:
1570 3957 1780 4028 gloriae,
1830 3972 1895 4013 ac
1950 3960 2103 4027 regni

534 4051 830 4114 ctelorum,
878 4049 1149 4119 quomodo
1196 4048 1469 4102 maestitia:
1520 4047 1670 4100 locus
1717 4061 1838 4103 esse
1891 4049 2105 4118 potest?

535 4159 556 4191 s
582 4140 648 4194 Et
677 4155 835 4211 suges
863 4140 942 4193 lac
965 4140 1228 4209 gentium,
1249 4148 1304 4192 et
1328 4137 1543 4192 divitias
1578 4153 1762 4208 regum
1795 4140 2096 4194 comedes.»

532 4227 758 4286 Videtur
805 4231 1078 4287 nonnullis
1142 4245 1335 4285 sensus
1388 4231 1744 4301 prOpheticus
1805 4229 1909 4283 tale
1974 4229 2104 4299 quid

533 4323 730 4378 docere
777 4342 790 4378 :
833 4323 1029 4377 multos
1071 4338 1138 4378 ex
1182 4337 1342 4392 grege
1383 4338 1448 4376 ac
1492 4337 1720 4376 numero
1765 4319 2101 4388 Graecorum,

533 4413 829 4482 Scripturis
860 4413 1119 4468 divinitus
1168 4413 1448 4480 inspiratis
1507 4412 1751 4467 eruditos
1780 4422 1829 4466 et
1865 4421 2104 4465 tractan-

2203 3229 2476 3291 πέπονθας
2529 3228 2626 3299 τὴν
2671 3228 3000 3283 ταπείνωσιν
3040 3230 3338 3301 παρελάσει
3387 3231 3458 3284 τὰ
3515 3230 3788 3302 μοχθηρὰ,

2202 3320 2296 3374 xui.
2318 3322 2429 3382 τοῖς
2458 3319 2734 3390 δευτέροις
2765 3320 3129 3390 ἀνακτήσεταί
3153 3338 3232 3374 σε.
3261 3323 3468 3386 ’Ὠσπερ
3498 3319 3607 3390 γὰρ
3632 3321 3790 3373 ἀπει-

2203 3410 2448 3481 θήσασαν
2486 3410 2593 3463 ἔδει
2637 3409 2962 3474 κολάζεσθαι
2992 3410 3160 3482 ψήφῳ
3203 3411 3386 3481 δικαίᾳ
3424 3410 3582 3474 Θεοῦ,
3617 3409 3790 3473 οὕτως

2201 3502 2610 3572 ἐπιστρέψασαν
2653 3500 2924 3554 ἐλεεῖσθαι
2972 3502 3192 3572 πρέπει.
3231 3520 3250 3553 ι
3287 3502 3450 3572 Θήσω
3485 3520 3544 3556 σε
3587 3503 3789 3561 τοίνυν.

2203 3593 2390 3662 φησὶν,
2444 3590 2789 3662 εὐφροσύνην
2832 3594 3047 3660 γενεαῖς
3095 3591 3320 3660 γενεῶν·
3357 3573 3390 3643 ι’
3428 3591 3654 3659 στυγνὸν
3684 3590 3792 3661 γὰρ

2201 3681 2353 3735 οὐδὲν
2387 3683 2444 3735 ἐν
2491 3679 2788 3751 Ἐκκλησία
2833 3679 3094 3752 Χριστοῦ,
3150 3681 3283 3735 ὃπου
3323 3680 3382 3734 δὲ
3437 3680 3577 3745 ὅλως
3635 3680 3791 3743 ἐλπὶς

2205 3772 2536 3842 ἀφθαρσίας,
2596 3772 2690 3826 καὶ
2737 3772 3100 3844 ἀτελευτήτου
3151 3772 3320 3844 ζωῆς,
3367 3772 3462 3826 xui.
3507 3771 3792 3842 ἀμηρύτου

2205 3865 2384 3935 δόξης,
2415 3864 2507 3916 xui.
2533 3862 2810 3933 βασιλείας
2839 3863 3105 3934 οὐρανῶν,
3136 3866 3289 3920 ποῖον
3312 3864 3378 3920 ἂν
3406 3864 3519 3935 ἔχοι
3541 3863 3600 3918 τδ
3623 3879 3792 3932 κατη-

2203 3955 2336 4024 φές;
2368 3954 2749 4026 Καὶθηλάσεις
2773 3954 2912 4023 γάλα
2937 3955 3126 4020 ἐθνῶν,
3157 3955 3252 4010 xui
3279 3955 3506 4010 πλοῦτον
3533 3954 3794 4025 βασιλέων

2205 4047 2461 4116 φάγεσαι.
2484 4047 2596 4101 Kui.
2619 4047 2767 4100 δοκεῖ
2798 4046 2896 4118 μέν
2922 4063 3031 4100 τισι
3056 4046 3294 4100 τοιοῦτόν
3326 4064 3380 4101 τι
3396 4047 3664 4100 διδάσκειν
3692 4045 3796 4116 τῆς

2204 4137 2541 4209 προφητείας
2568 4138 2596 4192 ὁ
2617 4137 2764 4204 νοῦς,
2797 4139 2880 4192 ὅτι
2909 4137 3092 4191 πολλοὶ
3129 4137 3237 4191 τῶν
3272 4137 3333 4203 ἐξ
3357 4137 3558 4207 ἀγέλης
3596 4136 3788 4205 Ἐλλη-

2205 4229 2363 4299 νικῆς
2393 4228 2764 4298 σεσοφωμένοι
2792 4227 2882 4283 τὸν
2915 4229 3040 4283 νοῦν
3086 4232 3206 4293 ταῖς
3237 4229 3615 4292 θεοπνεύστοις
3650 4227 3796 4299 Γρα-

2206 4322 2355 4388 φαῖς,
2376 4320 2470 4374 xui.
2498 4319 2833 4390 δογματικῆς
2866 4320 3147 4391 εὐτεχνίας
3173 4323 3254 4384 είς
3279 4320 3480 4388 γνῶσιν
3511 4318 3794 4390 ἀναπηδή-

2208 4428 2418 4475 σαντες,
2451 4410 2662 4464 ἔσονται
2681 4411 2991 4466 διδάσκαλοι
3013 4412 3109 4482 τῆς
3140 4413 3201 4479 ἐξ
3243 4413 3512 4466 Ἰουδαίων
3541 4413 3796 4478 Συναγω-

531 4505 722 4559 dorum
758 4505 1068 4572 dogmatum
1108 4503 1457 4572 intelligentia
1485 4504 1772 4573 praeditos,
1825 4503 1942 4559 fore
1978 4505 2102 4558 doc-

2209 4501 2332 4571 γῆς.
2363 4503 2522 4552 Δοκεῖ
2547 4499 2604 4552 δέ
2632 4517 2748 4565 πως
2778 4504 2857 4564 εἰς
2885 4501 2945 4554 τὸ
2971 4500 3143 4571 παρὸν
3174 4501 3202 4553 6
3232 4501 3409 4570 λόγος,
3441 4501 3562 4570 οὐχὶ
3593 4497 3800 4569 ταύτην

535 4605 682 4650 tores
711 4593 947 4650 Judaicaz
976 4595 1289 4666 Synagogm.
1323 4595 1428 4650 Sed
1453 4596 1708 4650 aliorsum
1749 4597 1959 4650 videtur
1990 4595 2104 4650 hate

2206 4591 2340 4646 ἱέναι
2379 4591 2579 4661 μᾶλλον
2617 4591 2727 4644 τῶν
2770 4592 2991 4646 ἐννοιῶν
3033 4591 3132 4663 τὴν
3169 4592 3306 4658 ὁδὸν,
3358 4592 3534 4644 ἐκεῖνο
3579 4590 3636 4643 δέ
3669 4589 3800 4652 ἴσως

533 4689 709 4742 oratio
753 4689 994 4754 tendere,
1029 4704 1128 4743 nec
1172 4689 1311 4744 hanc
1341 4689 1484 4743 viam
1516 4704 1634 4744 esse
1669 4698 1724 4744 et
1754 4703 2103 4758 progressum

2205 4683 2488 4755 βούλεσθαι
2527 4685 2888 4756 καταδηλοῦν,
2934 4686 3015 4738 ὅτι
3053 4689 3172 4749 ταῖς
3210 4684 3269 4749 ἐξ
3313 4684 3481 4738 ἐθνῶν
3513 4697 3796 4754 καρποφο-

535 4779 696 4849 hujus
745 4781 1061 4845 sententia),
1110 4779 1349 4847 illudque
1400 4789 1578 4848 p0llll5
1624 4778 1762 4833 velle
1812 4779 2101 4842 denotare;

2207 4778 2370 4848 ρίαις,
2432 4777 2526 4830 καὶ
2575 4776 2874 4847 βασιλικοῖς
2929 4776 3274 4847 ἀναθήμασιν
3321 4773 3796 4846 ἐμπλησθήσεται.

535 4869 887 4923 cumulandos
924 4883 1044 4924 esse
1076 4882 1168 4924 eos
1203 4870 1473 4922 fructuum
1506 4865 1873 4921 oblationibus
1924 4875 1978 4919 et
2018 4881 2104 4919 re-

2212 4869 2550 4921 Διαδείκνυσι
2572 4867 2680 4938 γὰρ
2706 4868 2905 4938 ἀληθὲς
2932 4866 2990 4920 ὃν
3019 4867 3113 4920 xui.
3131 4865 3290 4918 τοῦτο
3320 4865 3426 4918 τῶν
3456 4861 3799 4934 πραγμάτων

535 4963 638 5029 giis
673 4962 914 5017 donariis
944 4961 1208 5031 gentium.
1259 4960 1427 5030 quue
1476 4975 1660 5014 verum
1707 4973 1827 5013 esse
1871 4956 2104 5012 ostendit

2217 4963 2457 5032 ήπεῖρα.
2507 4960 2725 5014 Τούτων
2769 4960 2825 5013 δέ
2853 4959 2993 5012 οὕτω
3026 4957 3427 5027 τετελεσμένων
3474 4956 3659 5025 φησὶν,
3717 4954 3800 5007 ὅτι

539 5070 652 5124 ipsa
690 5069 868 5109 rerum
899 5053 1257 5122 experientia.
1307 5051 1402 5106 llis
1445 5053 1516 5105 ita
1575 5049 1835 5105 absolutis
1867 5064 1882 5103 :
1915 5040 1935 5100 ι
1980 5049 2104 5118 Ego1

2233 5072 2253 5104 ι
2293 5052 2434 5120 Ἐγὼ
2469 5053 2674 5123 Κύριος
2705 5053 2732 5104 6
2761 5049 2948 5114 σώζων
2993 5066 3071 5102 σε.
3099 5067 3116 5098 ι
3177 5049 3262 5111 Ὠς
3301 5047 3407 5119 γὰρ
3447 5050 3476 5100 6
3517 5046 3802 5117 προφήτης

539 5144 733 5213 inquit,
795 5141 1054 5197 Dominus
1083 5143 1176 5210 qui
1205 5155 1364 5196 servo
1403 5149 1472 5194 te.
1515 5158 1534 5191 ι
1562 5135 1721 5200 Nam,
1761 5144 1818 5189 ut
1858 5135 2104 5204 prOpheta

2227 5148 2389 5216 φησὶν
2427 5147 2652 5207 Ἡσαΐας
2675 5163 2687 5174 ·
2723 5163 2741 5196 t
2769 5145 2834 5198 Ei.
2859 5143 2932 5214 μὴ
2967 5142 3173 5214 Κύριος
3190 5141 3418 5196 Σαϐαὼθ
3441 5139 3801 5209 ἐγκατέλιπεν

539 5235 708 5291 Isaias
759 5233 836 5287 ait
885 5251 900 5288 :
945 5249 964 5283 ι
1021 5230 1132 5286 Nisi
1188 5232 1445 5286 Dominus
1513 5226 1754 5283 Sabaoth
1811 5225 2104 5296 reliquisset

2221 5241 2352 5308 ἡμῖν
2387 5237 2628 5306 σπέρμα,
2667 5235 2741 5298 ὡς
2777 5233 2986 5304 Σόδομα
3013 5233 3078 5286 ἂν
3101 5233 3458 5303 ἐγενήθημεν.
3477 5231 3570 5284 καὶ
3597 5229 3671 5290 ὡς
3699 5227 3802 5281 Γόκ

537 5326 696 5381 nobis
751 5338 966 5391 semen,
1017 5323 1170 5390 quasi
1220 5320 1452 5376 Sodoma
1503 5318 1792 5373 fuissemus
1848 5326 1904 5372 et
1954 5317 2104 5386 quasi

2223 5329 2399 5398 μορῤα
2431 5325 2496 5379 ἂν
2530 5323 2960 5396 ὡμοιώθημεν.»
3013 5323 3210 5390 Χάριτι
3244 5321 3352 5392 γὰρ
3382 5321 3475 5373 καὶ
3502 5317 3802 5388 φιλανθρω-

537 5417 854 5474 Gomorrhre
884 5406 1085 5471 Similes
1120 5414 1183 5468 ίδ.
1216 5433 1235 5466 ι
1269 5412 1451 5468 Gratia
1492 5413 1636 5466 enim
1679 5419 1733 5466 et
1770 5411 2104 5466 humanitate

2221 5419 2321 5488 πία
2345 5415 2481 5468 Θεοῦ
2513 5416 2778 5468 σέσωσται
2804 5414 2865 5468 τὸ
2893 5413 3245 5484 κατάλειμμα
3267 5410 3358 5464 τοῦ
3393 5408 3626 5480 Ἰσραὴλ,
3659 5406 3801 5459 ὥστε

545 5511 640 5564 Dei
667 5521 895 5566 servatae
929 5519 1057 5567 sunt
1088 5508 1326 5579 reliquiae
1357 5505 1596 5572 lsraelis,
1628 5521 1694 5562 ne
1722 5506 1774 5560 in
1816 5514 1985 5562 totum
2016 5504 2104 5559 illa

2224 5509 2299 5579 μὴ
2322 5509 2552 5564 είσάπαν
2581 5508 2872 5562 ἀπολέσθαι
2903 5508 2962 5561 τὸ
2997 5505 3057 5570 ἐξ
3083 5507 3250 5574 ἁγίων
3284 5501 3531 5572 πατέρων
3557 5500 3726 5559 ἔθνος.

544 5617 672 5672 gens
702 5619 766 5660 cx
799 5603 1003 5660 sanctis
1029 5610 1150 5658 orta
1181 5601 1426 5672 patribus
1456 5599 1763 5669 disperit-et.
2853 5602 2862 5609 '

617 5773 658 5805 ⁸³
685 5775 823 5829 I’sal.
868 5794 1083 5829 Lxxxvt.
1117 5780 1168 5829 5.
1250 5779 1288 5809 ¹³
1322 5776 1462 5829 Psal.
1498 5791 1680 5829 mni.
1725 5775 1901 5829 H-lB.
1981 5775 2019 5804 ”
2051 5775 2153 5829 lsn.
2191 5787 2230 5826 1.
2264 5772 2315 5825 9.

728 5777 823 5831 sal.
868 5794 1083 5833 Lxxxn.
1117 5780 1168 5832 5.
1250 5779 1288 5809 ¹³
1322 5776 1462 5831 Psal.
1498 5791 1680 5832 cum.
1725 5775 1901 5830 H-lB.
