4140 6534
557 443 689 498 15ιῦ

1534 435 1592 492 S.
1634 421 1913 495 CYRILLI
1950 428 2420 488 ALEXANDRINI
2465 427 2782 485 ARClllEP.

3661 431 3798 488 1546

547 557 822 617 dae-orum,
864 551 987 608 dico
1030 532 1328 606 ierusalem
1363 566 1378 603 :
1417 567 1435 600 ι
1478 547 1546 604 Et
1588 547 1839 605 inducam
1892 560 2112 600 manum

2223 542 2366 613 αὑτῷ
2405 541 2664 596 δοκοῦντα
2711 541 2923 612 φρονεῖν
2960 539 3369 606 σπουδάζοντες,
3407 543 3502 596 καὶ
3541 547 3653 608 τοῖς
3699 549 3799 617 τῆς

545 657 724 698 meam
769 656 933 710 super
972 650 1047 707 te,
1090 649 1146 695 et
1186 655 1488 709 excoquam
1519 640 1586 694 ad
1615 654 1838 710 purum;
1872 636 2118 692 inﬁdeles

2223 633 2556 704 δικαιοσύνης
2583 634 2862 704 αὐχήμασι
2898 634 3338 704 στεφανούμενοι,
3377 634 3522 706 Ἔφη
3547 651 3598 688 τι
3624 635 3799 690 τοιοῦ-

546 741 730 788 autem
754 733 999 802 perdam,
1024 729 1334 786 etauferam
1351 730 1516 801 853
1537 745 1726 786 omnes
1747 731 1961 799 iniquos
1991 732 2115 792 a'te,

545 834 600 880 et
621 839 810 878 omnes
849 823 1112 893 superbos
1141 823 1442 893 deprimam
1463 864 1478 889 ,
1512 831 1567 878 et
1593 823 1885 893 praeﬁciam
1907 819 2118 889 iudices

547 925 668 970 tuos
701 923 758 969 ut
785 915 958 984 prius,
998 923 1054 970 et
1085 915 1428 970 consiliarios
1456 923 1576 970 tuos
1617 924 1675 969 ut
1716 915 1784 969 ab
1828 913 2004 967 initio.
2049 910 2119 965 Et

543 1006 798 1074 deinceps
825 1007 1106 1061 vocaberis
1131 1005 1586 1076 civitasjustitiae,
1606 1004 1920 1075 metropolis
1946 1002 2120 1058 ﬁdelis

545 1086 674 1151 Sion
711 1097 779 1149 η.
820 1116 840 1150 ι
883 1099 1023 1163 Quin
1073 1108 1128 1153 et
1161 1097 1424 1153 Servator
1475 1097 1593 1166 ipse
1633 1095 1980 1167 reprehendit
2025 1093 2118 1148 Ju-

544 1188 784 1242 daeorum
829 1189 1152 1257 praefectos,
1205 1190 1434 1244 dicens:
1475 1209 1492 1240 ι
1540 1188 1748 1250 Amen,
1790 1202 1948 1241 amen
1996 1185 2118 1240 dico

545 1280 718 1342 vobis,
754 1281 973 1334 tolletur
1008 1297 1037 1334 a
1077 1281 1235 1336 vobis
1262 1297 1484 1351 regnum
1513 1280 1796 1344 caelorum,
1821 1287 1876 1334 et
1901 1279 2118 1334 dabitur

543 1371 688 1438 genti
725 1371 878 1425 alteri
921 1371 1115 1428 ferenti
1153 1373 1362 1426 fructus
1391 1372 1509 1438 ejus
1537 1372 1598 1424 ".
1633 1391 1652 1423 ι

543 1461 791 1534 κληθήσῃ
872 1464 1026 1526 πόλις
1095 1463 1462 1532 δικαιοσύνης,

2214 745 2306 782 τον
2335 727 2561 798 ἑτέρωθί
2589 743 2692 778 που
2731 725 2890 779 πάλιν
2925 729 2953 778 ό
2981 725 3269 796 προφήτης
3313 725 3564 793 Ἡσαΐας,
3599 727 3800 797 μᾶλλον

2215 820 2272 874 δὲ
2293 819 2384 873 διὰ
2411 816 2506 871 τοῦ
2541 818 2820 888 προφήτου
2866 816 2996 879 Θεὺς
3049 817 3186 888 πρὸς
3232 816 3333 888 τὴν
3373 817 3486 870 τῶν
3532 818 3801 873 Ἰουδαίων

2220 911 2455 982 μητέρα,
2486 927 2558 980 φη
2571 911 2631 978 μὶ
2651 908 2716 980 δὴ
2741 909 2839 979 τὴν
2887 907 3266 979 Ἰερουσαλήμ·
3304 927 3323 960 ι
3349 909 3458 961 Καὶ
3487 909 3672 973 ἐπάξω
3702 911 3801 983 τὴν

2218 1003 2378 1074 χεῖρά
2405 1020 2506 1072 μου
2537 1002 2628 1055 ἐπὶ
2661 1002 2740 1066 σὲ,
2775 1003 2869 1054 καὶ
2897 1005 3137 1072 πυρώσω
3165 1005 3246 1066 είς
3278 1003 3538 1074 καθαρὸν,
3578 1005 3704 1068 τοὺς
3743 1004 3801 1057 δὲ

2218 1093 2576 1158 ἀπειθοῦντας
2615 1094 2886 1157 ἀπολέσω,
2939 1093 3032 1146 καὶ
3081 1095 3265 1163 ἀφελῶ
3312 1098 3520 1161 πάντας
3568 1096 3801 1168 ἀνόμους

2217 1187 2327 1241 ἀπὸ
2372 1186 2487 1252 σοῦ,
2524 1187 2618 1240 καὶ
2664 1187 2874 1248 πάντας
2929 1186 3313 1258 ὑπερηφάνους
3350 1188 3672 1242 ταπεινώσω
3710 1187 3804 1240 καὶ

2216 1279 2496 1350 ἐπιστήσω
2543 1281 2668 1342 τοὺς
2699 1279 2890 1351 κριτάς
2938 1297 3033 1331 σου
3064 1279 3139 1342 ὡς
3169 1279 3227 1333 τὸ
3259 1281 3523 1352 πρότερον
3553 1280 3647 1333 καὶ
3678 1280 3804 1341 τοὺς

2218 1370 2552 1441 συμϐούλους
2589 1388 2680 1424 σου
2715 1372 2790 1434 ὠς
2833 1371 2894 1423 τὸ
2932 1370 3026 1422 ἀπ’
3070 1371 3264 1442 ἀρχῆς,
3304 1371 3397 1423 καὶ
3445 1369 3583 1440 μετὰ
3631 1369 3806 1424 ταῦτα

1543 1462 1872 1534 μητρόπολις
1930 1461 2094 1533 πιστὴ
2171 1461 2330 1516 Σιών.
2384 1482 2401 1513 ι
2451 1463 2559 1515 Nai.
2607 1463 2712 1534 μὴν
2757 1464 2852 1515 καὶ
2886 1462 3048 1535 αὑτρς
3086 1465 3114 1515 ὁ
3151 1461 3341 1531 Σωτὴρ
3387 1464 3497 1524 τοῖς
3540 1461 3808 1515 Ἰουδαίων

544 1550 883 1620 καθηγηταῖς
934 1550 1168 1621 ἐπετίμα
1217 1551 1421 1620 λέγων·
1478 1571 1496 1602 ι
1531 1552 1723 1624 Ἀμὴν,
1786 1553 1934 1622 ἀμὴν
1982 1552 2124 1620 λέγω
2197 1552 2347 1624 ὑμῖν,
2389 1552 2689 1624 ἀρθήσεται
2753 1555 2847 1622 ἀφ’
2873 1553 3028 1623 ὑμῶν
3057 1555 3090 1623 ή
3127 1552 3372 1623 βασιλεία
3401 1552 3510 1607 τῶν
3541 1553 3805 1625 οὐρανῶν,

543 1647 637 1698 καὶ
673 1644 958 1714 δοθήσεται
996 1643 1138 1697 ἔθνει
1181 1643 1372 1714 ἑτέρῳ,
1436 1643 1676 1697 ποιοῦντι
1710 1646 1834 1707 τοὺς
1869 1645 2117 1716 καρποὺς
2155 1645 2345 1715 αὑτῆς.
2369 1665 2387 1695 ι

1113 1781 1352 1839 TOMUS
1414 1783 1476 1839 V.
1507 1826 1516 1833 .

617 1895 778 1950 Vens.
815 1895 898 1950 i8.
964 1895 1029 1948 Et
1086 1914 1190 1951 non
1259 1899 1506 1950 audietur
1557 1897 1700 1949 ultra
1745 1897 2008 1963 iniustitia
2066 1897 2121 1948 in

539 1999 683 2041 terra
728 1998 845 2052 tua,
895 2003 1058 2056 neque
1105 1989 1380 2052 contritio,
1429 2003 1592 2054 neque
1638 1988 1851 2040 miseria
1906 1989 1963 2040 in
2007 1988 2124 2056 ﬁni-

543 2079 638 2132 bus
678 2079 821 2144 tuis;
855 2079 945 2132 sed
975 2078 1299 2132 vocabuntur
1346 2077 1492 2132 salus
1544 2080 1684 2131 muri
1727 2079 1825 2143 tui,
1855 2088 1902 2134 et
1954 2087 2123 2148 ρον-ιω

542 2181 647 2225 tua:
683 2171 973 2238 sculptura.

615 2279 861 2348 Magnam
906 2281 1070 2336 habet
1141 2279 1580 2349 probabilitatem
1627 2280 1826 2337 oratio.
1857 2279 1916 2334 Si
1973 2280 2119 2335 enim

541 2370 817 2440 principes
849 2369 967 2438 ejus
999 2370 1050 2424 in
1103 2384 1239 2438 pace
1297 2379 1352 2425 et
1390 2371 1628 2441 episc0pi
1667 2370 1916 2426 laudibus
1955 2371 2122 2441 justi-

544 2462 635 2515 tiat
680 2460 983 2527 excellant,
1048 2461 1254 2516 valebit
1327 2463 1492 2516 etiam
1557 2476 1773 2533 semper
1831 2464 1936 2517 hoc
1984 2463 2124 2530 apud

541 2553 809 2620 subditos,
841 2563 900 2607 ut
929 2555 983 2608 in
1013 2554 1163 2608 omni
1206 2553 1416 2622 iustitia
1441 2563 1496 2608 et
1554 2557 1756 2627 pietate
1814 2555 2124 2611 Christiana

543 2644 710 2697 vitam
748 2645 1118 2702 transmittere
1147 2644 1496 2702 contendant.
1546 2665 1564 2699 ι
1607 2645 1724 2702 Non
1752 2648 1875 2713 erit,
1929 2648 2124 2716 inquit,

541 2734 811 2790 contritio
865 2735 919 2790 in
974 2736 1172 2794 ﬁnibus
1224 2738 1352 2793 tuis.
1377 2756 1395 2791 ι
1425 2737 1820 2794 Contritionem
1855 2739 1943 2794 hic
1971 2747 2127 2795 vocat

541 2827 652 2880 vim
692 2835 882 2882 contra
937 2828 1239 2885 submissos
1291 2837 1346 2884 et
1371 2828 1638 2884 inﬁrmos.
1664 2829 1942 2898 Ejusmodi
1977 2831 2123 2886 enim

544 2919 793 2974 homines
846 2918 1005 2973 facile
1037 2927 1224 2988 patent
1273 2920 1700 2989 incursionibus,
1764 2930 1817 2977 et
1874 2930 2126 2992 prostant

545 3010 782 3079 diripere
809 3009 1139 3077 volentibus,
1171 3018 1426 3081 tanquam
1457 3013 1662 3083 praada,
1694 3014 2118 3082 promptissime.

2832 1784 3067 1842 ΤΟΜΟΣ
3118 1783 3193 1836 Ε’.

2292 1895 2402 1949 Καὶ
2431 1897 2542 1948 οὐκ
2559 1893 3008 1960 ἀκουσθήσεται
3029 1896 3117 1947 ἔτι
3136 1894 3338 1948 ἀδικία
3368 1895 3436 1949 ἐν
3465 1893 3540 1961 τῇ
3561 1893 3640 1964 γῇ
3663 1911 3806 1961 σου,

2222 1986 2366 2040 οὐδὲ
2392 1987 2754 2054 σύντριμμα,
2790 1985 2890 2038 καί
2943 1985 3311 2052 ταλαιπωρία
3353 1986 3422 2038 ἐν
3458 1986 3583 2053 τοῖς
3624 1987 3802 2052 ὁρίοις

2222 2093 2360 2139 σου,
2399 2074 2562 2130 ἀλλὰ
2599 2074 2966 2142 κληθήσεται
3013 2075 3310 2143 σωτήριον
3343 2075 3416 2129 τὰ
3453 2077 3622 2143 τείχη
3666 2092 3808 2141 σου,

2223 2167 2325 2221 καὶ
2357 2171 2422 2220 αἱ
2454 2168 2642 2220 πύλαι
2677 2181 2795 2219 σου
2828 2167 3092 2236 τλύμμα.

2293 2281 2406 2333 Καὶ
2444 2277 2577 2331 πολύ
2617 2295 2681 2347 γε
2710 2277 2770 2330 τὸ
2799 2277 2947 2341 είκδς
2976 2281 3004 2331 ὁ
3031 2278 3190 2347 λόγος
3221 2276 3355 2348 ἔχει.
3401 2276 3464 2331 Ei
3503 2277 3609 2348 γὰρ
3635 2278 3684 2329 οἱ
3707 2276 3812 2347 ἄρ-

2224 2385 2405 2441 χοντες
2440 2369 2610 2440 αὑτῆς
2639 2370 2697 2422 ὲν
2729 2367 2944 2440 εἰρήνῃ,
2979 2367 3073 2421 καὶ
3123 2367 3516 2439 διαπρέποντες
3555 2370 3613 2420 ὲν
3643 2367 3814 2438 αὑχή-

2229 2480 2361 2534 μασι
2403 2461 2750 2531 δικαιοσύνης
2794 2462 2844 2513 οί
2891 2460 3204 2526 ἐπίσκοποι,
3255 2463 3519 2533 κρατήσει
3570 2461 3790 2524 πάντως

2225 2570 2350 2617 που,
2383 2553 2479 2605 καὶ
2529 2552 2682 2621 παρά
2723 2553 2838 2613 τοῖς
2872 2550 3386 2619 ὑπεζευγμένοις,τὸ
3426 2552 3485 2604 ὲν
3514 2551 3700 2622 ἁπάσῃ
3733 2551 3817 2604 δι·-

2226 2643 2506 2714 καιοσύνῃ,
2545 2642 2639 2697 καὶ
2671 2641 2925 2712 εὐσεϐείᾳ
2963 2645 3029 2713 τῇ
3062 2643 3203 2696 κατά
3231 2641 3465 2714 Χριστὸν
3497 2642 3816 2710 ἐπείγεσθαι

2225 2734 2486 2790 διαϐιοῦν.
2508 2754 2526 2786 ι
2549 2735 2662 2788 Οὑκ
2685 2734 2800 2788 ἔστι
2824 2735 2899 2798 δὲ,
2925 2735 3109 2804 φησὶν,
3140 2735 3260 2788 οὑδὲ
3282 2735 3596 2806 σύντριμμα
3617 2738 3674 2789 ὲν
3699 2739 3817 2799 τοῖς

2225 2827 2395 2899 ὁρίοις
2430 2843 2542 2880 σου.
2575 2845 2593 2877 ι
2631 2824 2950 2897 Σύντριμμα
2971 2826 3029 2879 δέ
3058 2845 3190 2896 φησι
3231 2827 3329 2898 τὴν
3351 2827 3682 2894 πλεονεξίαν,
3713 2828 3816 2898 τήν

2228 2918 2371 2973 κατά
2395 2935 2460 2987 γε
2489 2917 2599 2971 τῶν
2627 2919 2685 2970 ὲν
2715 2918 2926 2985 ὑφέσει,
2955 2918 3049 2972 καὶ
3087 2917 3364 2989 ἀσθενείᾳ.
3404 2917 3674 2990 Εὑδρομοι
3703 2918 3817 2988 γὰρ

2227 3015 2278 3065 oi
2305 3010 2520 3078 τοιοίδε,
2563 3011 2658 3064 καὶ
2687 3011 2800 3072 τοῖς
2829 3009 3153 3081 διαρπάζειν
3176 3009 3455 3064 ἐθέλουσιν
3483 3010 3813 3081 ἑτοιμοτάτη

545 3098 735 3168 lnjusti
779 3111 959 3155 autem
1033 3101 1160 3155 olim
1193 3111 1247 3157 et
1321 3081 1538 3157 violenti
1582 3081 1800 3158 fuerunt
1856 3081 2103 3159 iJudaica:

2230 3101 2550 3173 πρόκεινται
2580 3099 2742 3170 θήρα.
2776 3097 2985 3152 Ἀδικοι
3009 3097 3065 3150 δὲ
3091 3097 3184 3150 καὶ
3211 3091 3528 3150 πλεονέκται
3557 3096 3818 3165 γεγόνασι.

547 3188 845 3262 Synagogae
888 3192 1050 3247 duces
1089 3209 1104 3249 :
1161 3208 1223 3248 ac
1253 3192 1464 3263 legibus
1521 3193 1720 3248 divinis
1767 3194 2120 3259 obnitentes,

544 3295 804 3351 perversa
836 3281 1080 3336 ferebant
1123 3284 1178 3337 in
1209 3297 1268 3339 re
1325 3297 1538 3353 quaque
1570 3283 1792 3354 judicia.
1821 3283 1976 3355 Saepe
2023 3285 2125 3356 igi-

545 3383 637 3426 tur
682 3384 778 3427 eos
824 3370 1046 3428 Litterae
1099 3388 1269 3428 sacrae
1324 3373 1594 3440 incusant,
1647 3384 1706 3428 ut
1750 3376 1839 3444 qui
1909 3390 2123 3430 summa

547 3463 827 3532 impietate
873 3465 939 3518 ad
989 3465 1132 3520 hunc
1209 3465 1440 3533 lapidem
1503 3467 1902 3537 impingerent,
1937 3470 2010 3523 ita
2068 3476 2126 3523 ut

546 3553 906 3610 intolerandis
961 3556 1283 3612 criminibus
1353 3560 1799 3627 conspicerentur
1855 3560 2121 3628 impediti.

543 3644 758 3701 Alicubi
795 3648 941 3701 enim
996 3649 1164 3703 dicit:
1213 3648 1459 3705 Praefecti
1516 3649 1635 3717 ejus
1683 3653 1754 3705 ob
1801 3653 1941 3706 dona
1969 3650 2120 3721 judi-

545 3737 766 3803 cabant,
797 3747 852 3792 et
884 3739 1160 3807 propheta:
1189 3739 1304 3808 ejus
1335 3749 1557 3810 propter
1608 3753 1889 3811 argentum
1929 3743 2126 3798 vatlci-

549 3827 818 3881 nabantur
847 3827 915 3880 ὀ.
947 3825 1138 3882 Psallit
1195 3830 1357 3884 etiam
1411 3831 1627 3887 divinus
1687 3831 1886 3888 David:
1935 3850 1954 3884 ι
1985 3833 2126 3889 Con-

551 3918 698 3972 tritio
748 3927 804 3972 et
843 3919 1062 3974 miseria
1099 3921 1149 3974 in
1182 3921 1286 3976 viis
1327 3937 1536 3989 eorum,
1578 3933 1633 3977 et
1665 3924 1804 3978 viam
1841 3925 1991 3994 pacis
2018 3941 2124 3980 non

547 4020 941 4079 cognoverunt,
1010 4027 1115 4066 non
1173 4024 1256 4068 est.
1317 4015 1478 4069 timor
1535 4015 1626 4070 Dei
1665 4024 1792 4070 ante
1819 4018 2006 4074 oculos
2032 4035 2126 4074 eo-

546 4116 668 4156 rum
698 4102 763 4155 ²¹.
792 4120 810 4153 ι
846 4101 1300 4172 Reprehendebat
1350 4115 1405 4159 et
1442 4121 1534 4161 eos
1596 4108 1686 4176 qui
1737 4108 2128 4179 jejunaverunt

549 4194 925 4248 universorum
984 4195 1144 4262 Deus,
1194 4197 1275 4250 sic
1324 4198 1548 4253 dicens:
1587 4216 1606 4250 ι
1640 4199 1695 4252 In
1753 4200 1941 4255 diebus
1979 4201 2124 4256 enim

542 4279 871 4352 jejuniorum
891 4292 1221 4350 vestrorum,
1251 4286 1508 4341 invenitis
1534 4287 1842 4342 voluntates
1889 4301 2120 4355 vestras,

2228 3192 2371 3248 κατά
2401 3192 2627 3262 καιροὺς
2669 3191 2719 3242 οἱ
2753 3191 2851 3260 τῆς
2897 3188 3164 3242 Ἰουδαίων
3211 3188 3546 3259 Συναγωγῆς
3574 3185 3817 3258 ἡγούμε-

2227 3303 2328 3351 νοι,
2369 3285 2463 3337 καὶ
2493 3285 2606 3345 τοῖς
2637 3280 2803 3344 θείοις
2836 3279 3022 3350 νόμοις
3065 3279 3535 3350 ἁντανιστάμενοι,
3562 3277 3816 3346 διαστρό-
3871 3339 3876 3344 _

2228 3393 2361 3446 φους
2407 3374 2689 3429 ἐποιοῦντο
2731 3372 2829 3436 τὰς
2875 3373 2962 3441 ἐφ’
2995 3372 3211 3442 ἑκάστῳ
3256 3371 3542 3442 πράγματι
3585 3369 3816 3440 κρίσεις.

2226 3469 2477 3524 Αἱτιᾶται
2494 3466 2626 3536 γοῦν
2650 3465 2846 3528 αὑτοὺς
2863 3461 3190 3532 πλεισταχοῦ
3217 3462 3277 3514 τὸ
3299 3463 3536 3533 Γράμμα
3559 3461 3618 3514 τὺ
3651 3459 3817 3530 ἱερὸν,

2225 3563 2302 3626 ὡς
2337 3561 2684 3628 ἀνοσιότητος
2714 3560 2794 3621 είς
2829 3555 2989 3610 τοῦτο
3032 3554 3386 3617 διελάσαντας
3422 3554 3638 3624 μέτρον,
3669 3552 3813 3605 ὥστε

2228 3655 2323 3708 καὶ
2371 3653 2667 3724 ἀφορήτοις
2706 3649 3044 3719 ἐγκλήμασιν
3085 3647 3302 3715 ἐνόχους
3347 3644 3506 3707 δντας
3552 3643 3817 3714 ὁρᾶσθαιο

2227 3745 2357 3798 ποτὲ
2400 3742 2499 3814 μὲν
2553 3741 2661 3810 γάρ
2693 3756 2880 3812 φησιν,
2912 3739 2994 3792 ὅτι
3026 3739 3075 3791 οἱ
3127 3736 3420 3806 ἡγούμενοι
3470 3736 3639 3806 αὑτῆς
3682 3735 3824 3805 μετά

2226 3832 2414 3903 δώρων
2444 3831 2688 3902 ἔκριναν,
2723 3817 2819 3882 καὶ
2861 3829 2910 3880 oi
2947 3827 3224 3898 προφῆται
3263 3825 3431 3896 αὑτῆς
3466 3824 3602 3895 μετὰ
3636 3825 3814 3894 ἀργυ-

2230 3927 2348 3996 ρίου
2377 3921 2758 3994 ἐμαντεύοντο.
2785 3920 2999 3974 Ψάλλει
3025 3919 3081 3972 δὲ
3104 3919 3198 3972 καὶ
3222 3919 3250 3970 ὁ
3294 3916 3601 3982 θεσπέσιος,
3631 3935 3650 3967 ι
3685 3915 3822 3968 Σύν-

2226 4033 2443 4088 τριμμα
2502 4014 2597 4068 καὶ
2635 4011 2982 4083 ταλαιπωρία
3033 4012 3091 4062 ὲν
3148 4012 3268 4072 ταῖς
3300 4008 3438 4071 ὁδοῖς
3477 4007 3676 4072 αὑτῶν,
3725 4007 3824 4059 καὶ⁵

2227 4109 2344 4164 ὁδὸν
2375 4108 2597 4179 εἰρήνης
2622 4106 2723 4160 οὑκ
2749 4103 3120 4174 ἕγνωσαν,οὑκ
3142 4102 3256 4155 ἐστι
3279 4099 3442 4170 φόϐος
3470 4098 3605 4152 Θεοῦ
3644 4098 3820 4152 ἀπέν-

2226 4217 2348 4252 αντι
2382 4197 2490 4250 τῶν
2524 4195 2821 4266 ὀφθαλμῶν
2878 4192 3078 4246 αὑτῶν.
3117 4211 3134 4243 ι
3185 4189 3453 4260 Ἐπετίμα
3473 4189 3531 4241 δὲ
3555 4189 3647 4242 καὶ
3668 4205 3824 4257 νενη-

2229 4289 2512 4344 στευκόσιν
2535 4290 2563 4341 ὁ
2597 4287 2706 4339 τῶν
2737 4286 2875 4339 ὅλων
2901 4284 3054 4348 Θεὸς,
3088 4282 3231 4337 οὑτω
3275 4282 3478 4351 λέγων’
3520 4300 3539 4333 ι
3595 4281 3682 4334 Ἐν
3711 4282 3824 4352 γὰρ

547 4381 603 4425 et
644 4388 834 4427 omnes
910 4374 1155 4430 subditos
1205 4372 1441 4445 alﬂigitis
1515 4375 1724 4445 judicio
1775 4389 1830 4435 et
1895 4383 2118 4451 pugnis,

2227 4384 2348 4443 ταῖς
2379 4379 2615 4450 ἡμέραις
2645 4377 2754 4430 τῶν
2791 4375 3056 4447 νηστειῶν
3087 4371 3264 4445 ὑμῶν,
3308 4375 3587 4445 εὑρίσκετε
3623 4371 3692 4425 τά
3730 4371 3822 4424 θε-

538 4463 803 4533 ieiunatis
827 4474 882 4518 et
917 4464 1090 4536 854
1143 4468 1429 4535 percutitis
1475 4471 1667 4541 pugnis
1708 4471 1970 4528 humilem
1995 4475 2062 4528 ".
2099 4494 2118 4528 ι

2227 4473 2447 4543 λήματα
2486 4469 2662 4539 ὑμῶν,
2693 4469 2789 4521 καὶ
2824 4467 3032 4531 πάντας
3059 4467 3184 4529 τοὺς
3216 4464 3560 4535 ὑποχειρίους
3586 4461 3822 4516 ὑπονύσ-

543 4554 815 4611 Praeterea
861 4571 993 4612 voce
1047 4557 1198 4613 Isaiae
1229 4576 1242 4612 :
1276 4578 1296 4612 ι
1329 4559 1765 4630 Concupiverunt
1837 4582 2018 4637 agros,
2071 4576 2122 4623 et

2226 4580 2348 4617 σετε
2376 4564 2456 4624 είς
2482 4561 2715 4632 κρίσεις,
2746 4559 2839 4613 καὶ
2869 4559 3068 4630 μάχας,
3098 4559 3410 4630 νηστεύετε,
3462 4557 3557 4611 καὶ¹
3586 4556 3823 4611 τύπτετε

547 4647 888 4714 diripuerunt
940 4647 1244 4718 orphanos,
1281 4660 1339 4706 et
1391 4651 1578 4707 domos
1643 4668 2002 4726 occuparunt,
2073 4670 2122 4714 et

2227 4657 2474 4724 πυγμαῖς
2518 4651 2800 4706 ταπεινόν·
2839 4669 2857 4701 ι
2894 4651 2989 4702 καὶ
3043 4649 3266 4721 προσέτι
3314 4649 3525 4712 τούτοις
3583 4647 3674 4701 διὰ
3717 4647 3822 4718 τῆς

546 4737 888 4806 diripuerunt
934 4739 1109 4793 virum
1147 4740 1462 4796 et'domum
1510 4743 1648 4813 ejus,
1675 4748 1850 4802 virum
1908 4757 1961 4803 et
2021 4751 2122 4804 bte-

2241 4748 2461 4801 Ἦσαῖου
2497 4745 2714 4815 φωνῆς⁹
2755 4761 2772 4795 ι
2809 4742 2920 4795 Καὶ
2947 4740 3258 4811 ἐπεθύμουν
3289 4741 3514 4808 ἀγροὺς,
3551 4741 3640 4793 καὶ
3669 4739 3825 4809 διήρ-

547 4828 834 4883 rcditatem
886 4829 1006 4898 ejus
1029 4830 1076 4862 η
1105 4868 1120 4884 .
1147 4847 1169 4883 s
1202 4831 1495 4903 Postquam
1525 4849 1652 4890 vero
1676 4838 1730 4891 hi
1779 4853 1900 4893 esse
1954 4841 2122 4895 desie-

2231 4840 2403 4904 παζον
2449 4838 2740 4909 ὀρφανοὺς,
2793 4837 2890 4888 καὶ
2944 4832 3127 4894 οἴκους
3181 4832 3675 4894 κατεδυνάστευον,
3727 4832 3826 4884 καὶ

545 4927 694 4986 runt,
726 4927 1001 4976 eteorum
1041 4921 1162 4978 loco
1210 4924 1479 4981 excitatus
1506 4938 1591 4984 est
1639 4937 1946 4984 sanctorum
1995 4947 2122 5001 apo-

2234 4930 2534 5002 διήρπαζον
2571 4929 2740 4998 ἀνδρα
2780 4926 2873 4979 καὶ
2903 4924 2994 4977 τὸν
3016 4918 3164 4976 οἷκον
3195 4920 3382 4984 αὑτοῦ,
3409 4921 3578 4993 ἄνδρα
3601 4923 3697 4974 καὶ
3720 4921 3824 4992 τὴν

547 5011 807 5065 stolorum
859 5015 1102 5082 chorus;
1134 5025 1190 5071 et
1219 5018 1311 5086 qui
1355 5030 1477 5087 post
1502 5021 1625 5076 illos
1655 5036 1842 5076 eorum
1895 5025 2122 5094 vestigia

2234 5022 2598 5096 κληρονομίαν
2628 5019 2810 5074 αὑτοῦ.
2848 5037 2866 5068 ι
2913 5016 3130 5087 Ἐπειδὴ
3158 5018 3432 5070 πέπαυται
3458 5017 3555 5086 μὲν
3579 5017 3649 5069 τὰ
3678 5015 3823 5069 ὲκεί-

553 5099 708 5165 sequi
739 5103 1043 5168 studentes,
1079 5114 1226 5160 recte
1251 5117 1442 5162 secant
1471 5109 1714 5164 veritatis
1737 5113 2122 5180 sermonem”,

2233 5131 2360 5177 νων,
2390 5112 2791 5180 ἅντεγήγερται
2814 5107 2870 5160 δὲ
2895 5107 3004 5158 τῶν
3035 5105 3206 5174 ἁγίων
3232 5106 3550 5158 ἀποστόλων
3574 5107 3602 5158 ὁ
3635 5106 3820 5176 χορὸς,

547 5192 844 5285 optimique
877 5193 1013 5247 ﬁunt
1040 5196 1297 5265 subjectae
1339 5197 1510 5268 plebis
1543 5201 1820 5271 paedagogi
1845 5219 1858 5255 :
1881 5202 2007 5257 hinc
2031 5216 2122 5258 nec

2232 5207 2326 5260 καὶ
2349 5206 2396 5257 oi
2430 5205 2547 5272 μετ’
2570 5200 2810 5261 ἐκείνους
2831 5197 2911 5250 ἔτι
2940 5199 3052 5285 19.3;
3079 5196 3257 5249 αὐτῶν
3294 5197 3463 5268 ἴχνεσι
3487 5196 3822 5250 κατακολου-

547 5284 667 5338 sine
713 5300 880 5340 causa
923 5287 1056 5341 dicit
1087 5304 1193 5343 non
1228 5289 1366 5345 ultra
1404 5293 1456 5345 in
1503 5301 1646 5348 terra
1676 5310 1862 5350 eorum
1886 5298 2122 5352 auditum

2229 5297 2342 5349 θεῖν
2374 5291 2767 5355 σπουδάζοντες
2795 5284 3154 5358 ὀρθοτομοῦσι
3187 5288 3285 5358 μὲν
3311 5287 3412 5357 τῆς
3441 5287 3698 5357 ἀληθείας
3726 5287 3822 5341 τὸν

549 5375 614 5429 iri
655 5377 1001 5447 iniustitiam,
1037 5381 1130 5434 sed
1163 5395 1262 5434 nec
1285 5384 1666 5438 contritionem
1695 5401 1793 5442 nec
1827 5389 2122 5454 miseriam;

2227 5387 2406 5454 λόγον,
2438 5383 2650 5453 ἄριστοι
2675 5381 2732 5434 δὲ
2764 5380 2872 5434 τῶν
2906 5380 3010 5431 ὑπὸ
3040 5381 3198 5450 χεῖρα
3237 5378 3494 5447 γεγόνασι
3541 5379 3821 5447 παιδαγω-

549 5472 640 5522 scd
675 5471 946 5526 vocandos
972 5485 1094 5525 esse
1147 5487 1328 5526 muros
1365 5471 1482 5540 ejus
1543 5476 1802 5542 salutare,
1843 5490 1898 5533 et
1950 5491 2122 5549 portas

2229 5476 2336 5544 γοί.
2372 5473 2662 5543 Ταύτῃ-τοι,
2691 5471 2785 5523 καὶ
2816 5469 2960 5540 μάλα
2993 5468 3229 5531 εἰκότως,
3245 5468 3340 5520 οὑκ
3373 5467 3452 5520 ἔτι
3483 5468 3582 5537 μὲν
3603 5468 3820 5522 ἀδικίαν

552 5564 913 5632 sculpturam.
947 5562 1152 5628 Muros,
1183 5571 1243 5618 ut
1287 5578 1390 5634 ego
1450 5567 1706 5633 arbitror,
1734 5570 1862 5625 dicit
1915 5581 2122 5627 sanctos

2233 5572 2289 5622 ἐν
2327 5571 2394 5638 τῇ
2449 5567 2519 5635 γῇ
2556 5563 2738 5617 αὑτῶν
2791 5558 3227 5630 ἁκουσθήσεσθαί
3279 5575 3464 5629 φησιν,
3527 5559 3641 5613 ἀλλ’
3694 5559 3816 5612 οὐδὲ

627 5761 795 5814 “lsa.
828 5778 866 5818 I.
893 5760 1102 5822 25,26.
1182 5764 1224 5794 '9
1267 5763 1451 5818 Matth.
1487 5782 1598 5827 XXI,
1636 5768 1718 5824 45.

561 5831 694 5891 3-,“).
766 5829 807 5862 "
846 5829 885 5883 ll
913 5833 1054 5886 Tim.
1099 5849 1156 5895 ll,
1192 5835 1374 5888 IS-Q‘i.

3028 5761 3070 5791 ³³
3102 5761 3204 5813 Ιττι.
3241 5775 3387 5821 LVIII,
3421 5760 3470 5826 5,
3506 5761 3555 5815 4.
3636 5760 3808 5816 ³³15³.

1840 5772 1884 5802 ²⁰
1924 5767 2085 5824 Mich.
2138 5784 2230 5834 ιιι,
2293 5768 2367 5824 ll.
2497 5771 2537 5799 ³³
2565 5766 2705 5823 Psal.
2746 5779 2866 5828 xm,
2900 5764 2952 5816 ⁸5.
