4140 6464
285 373 427 430 1545

1411 381 1477 438 ΙΝ
1517 381 1752 438 15ΑΙΛΜ
1789 380 1922 439 LIB.
1964 381 2030 436 V.
2081 382 2318 442 Τοιιυε
2361 388 2422 442 V.

3418 393 3554 448 15M
3613 420 3616 423 -

279 489 621 562 σύντριμμα,
646 490 739 543 καὶ
756 489 1135 561 ταλαιπωρίαν
1152 511 1164 524 ’
1193 493 1563 566 κληθήσεσθαι
1587 497 1644 551 δὲ
1669 496 1864 568 μᾶλλον

1975 500 2313 572 paedagogos,
2356 501 2451 573 qui
2486 503 2799 574 dogmatum
2839 513 2896 560 et
2926 505 3210 560 moralium
3255 523 3560 579 praecepto-

277 583 550 652 σωτήριον
581 581 649 636 τὰ
672 583 825 653 τείχη
856 583 1048 654 αὐτῆς,
1075 585 1305 658 γλύμμα
1331 588 1388 642 δὲ
1417 591 1512 643 καὶ
1543 589 1641 653 τὰς
1675 589 1871 652 πύλας.

274 671 434 742 τείχη
461 671 538 738 δὲ,
569 671 647 736 ὥς
673 688 738 741 γε
757 668 934 743 οἶμαι,
956 673 1090 744 φησὶ
1118 677 1246 739 τοὺς
1260 677 1451 745 ἁγίους
1468 678 1872 747 παιδαγωγοὺς,

271 763 638 834 δογματικαῖς
673 780 734 816 τε
781 765 875 818 καὶ
921 764 1140 835 ἠθικαῖς
1200 769 1550 840 εἰσηγήσεσιν
1587 771 1876 840 ἀσφαλιζο-

275 856 476 928 μένους
530 856 633 926 τὴν
675 857 1024 928 Ἐκκλησίαν,
1071 858 1212 912 ὥστε
1266 862 1360 913 καὶ
1410 862 1684 916 ἀνάλωτον
1734 859 1874 916 εἶναι

269 950 390 1011 τοῖς
425 945 663 1018 ἐχθροῖς,
699 948 806 1000 κᾶν
833 949 944 1000 εἴτε
985 948 1132 1013 τινὲς
1160 946 1269 1004 εἶεν
1298 953 1503 1023 όρατοὶ,
1532 955 1629 1006 εἶτ’
1657 951 1750 1008 οὖν
1780 957 1875 1008 καὶ

270 1038 522 1110 ἀόρατοι.
565 1039 628 1092 Οί
680 1036 838 1092 αὐτοὶ
871 1038 915 1091 δ’
945 1037 1012 1094 ἂν
1045 1034 1157 1094 εἷεν
1188 1043 1284 1095 καὶ
1333 1042 1518 1110 πύλαι,
1546 1044 1641 1097 ἆτε
1680 1045 1745 1116 δὴ
1781 1044 1876 1098 καὶ

270 1131 630 1201 είσαγωγικῷ
707 1132 982 1203 χρώμενοι
1035 1133 1197 1205 λόγῳ,
1257 1136 1351 1189 καὶ
1394 1136 1741 1208 εἰσφέροντες
1788 1138 1875 1191 διὰ

271 1225 513 1288 πίστεως
541 1226 619 1287 είς
651 1223 948 1293 ἐπίγνωσιν
975 1225 1234 1298 ἀληθείας
1263 1229 1388 1292 τοὺς
1426 1229 1532 1293 ἔξω
1555 1229 1692 1293 τέως
1715 1231 1873 1295 ὄντας

270 1316 470 1388 αὐτῆς.
502 1315 735 1387 Γλύμμα
781 1317 838 1370 δὲ
879 1318 961 1370 ὄτι
997 1319 1330 1391 περικαλλὴς
1361 1316 1429 1392 ἦν
1477 1323 1619 1392 ἄγαν
1655 1326 1684 1377 ὁ
1717 1323 1874 1392 λόγος

269 1410 481 1474 αὐτοῖς,
498 1411 595 1463 καὶ
613 1404 726 1463 οἷον
755 1413 835 1474 είς
858 1411 1117 1482 ἀλήθειαν
1139 1414 1456 1484 ἐκτετορνευ
1464 1415 1623 1486 μένος
1638 1431 1650 1445 ⁸
1671 1416 1871 1486 εὐπρε-

270 1501 375 1565 πὲς
408 1501 517 1572 γὰρ
544 1500 690 1554 ἅπαν
718 1501 782 1554 τὸ
811 1501 1197 1571 γεγλυμμένον
1215 1518 1230 1534 ⁸
1259 1503 1353 1556 καὶ
1379 1506 1428 1557 oi
1459 1505 1559 1575 μὲν
1609 1507 1874 1577 Ἐϐδομή-

269 1609 441 1647 κοντα
473 1591 678 1662 ταύτην
710 1592 978 1648 δεδώκασι
1012 1595 1112 1666 τὴν
1165 1597 1485 1667 ἑρμηνείαν,
1518 1599 1567 1650 oi
1599 1598 1656 1652 δέ
1697 1598 1871 1669 ἕτεροι

267 1683 382 1736 τῶν
424 1683 802 1754 ἐρμηνευτῶν,
859 1684 980 1738 ἀντὶ
1026 1685 1119 1738 τοῦ
1168 1685 1398 1756 γλύμμα
1454 1687 1731 1741 τεθείκασι
1780 1689 1872 1741 τὸν

281 1773 516 1846 Ἰησοῦν.
559 1775 719 1827 Ἔστι
775 1775 830 1826 δὲ
880 1777 974 1829 καὶ
1021 1775 1181 1829 τοῦτο
1231 1777 1445 1847 ἀληθές.
1499 1779 1715 1849 Ὠραῖος
1764 1779 1872 1848 γὰρ

1978 607 2098 646 rum
2151 593 2418 649 doctrinis
2486 593 2789 650 Ecclesiam
2839 599 3127 664 mttniunt,
3173 610 3231 654 ut
3283 601 3406 670 capi
3449 616 3555 656 non

1974 685 2148 753 possit
2194 686 2264 739 ab
2303 686 2574 753 hostibus,
2601 689 2718 744 sive
2754 689 2835 744 illi
2872 690 2982 744 sint
3011 693 3391 761 aspectabiles,
3442 695 3558 749 sive

1975 778 2412 848 inaspectaliiles.
2455 779 2624 835 [idem
2657 793 2884 853 possunt
2925 785 3088 840 etiam
3131 801 3249 841 esse
3288 795 3454 856 portae
3499 797 3559 842 ut

1974 870 2064 937 qui
2116 869 2403 939 isagogicis
2444 880 2664 926 utantur
2739 875 3083 930 sermonibus
3128 891 3221 930 seu
3265 876 3560 932 institutio-

1975 961 2156 1027 nibus,
2191 972 2243 1016 et
2269 976 2368 1030 per
2397 963 2560 1017 tidem
2589 964 2860 1020 adducant
2888 966 2955 1020 ad
2994 968 3324 1037 agnitionem
3356 970 3558 1024 verita-

1976 1052 2048 1106 tis
2082 1067 2178 1106 eos
2230 1053 2323 1121 qui
2361 1062 2472 1107 tum
2505 1055 2574 1109 ab
2597 1070 2659 1110 ca
2694 1054 2916 1111 fuerunt
2943 1058 3182 1113 alienati.
3212 1059 3558 1127 Sculpturam

1974 1151 2156 1198 autem
2187 1147 2330 1213 quod
2361 1144 2584 1212 pulchra
2619 1157 2676 1200 et
2709 1147 2928 1216 elegans
2970 1149 3041 1202 sit
3070 1164 3259 1204 eorum
3295 1154 3488 1213 oratio,
3504 1158 3560 1204 et

1975 1235 2042 1288 ad
2094 1235 2386 1292 veritatem
2435 1238 2592 1308 quasi
2646 1248 2881 1294 tornata.
2922 1239 3238 1310 Speciosum
3281 1251 3367 1297 est
3410 1244 3557 1296 enim

1974 1325 2281 1387 admodum,
2311 1329 2453 1398 quod
2485 1338 2567 1384 est
2618 1329 2870 1385 caelatum
2909 1340 2962 1385 et
3019 1331 3267 1400 politum.
3308 1331 3374 1386 Et
3421 1334 3560 1386 hanc

1972 1417 2192 1486 quidem
2245 1419 2751 1489 interpretationem
2819 1425 3084 1480 dederunt
3178 1426 3555 1496 Septuaginta.

1971 1509 2074 1563 Alii
2114 1510 2442 1580 interpretes
2489 1527 2589 1582 pro
2619 1511 2848 1585 γλύμμα
2879 1527 3188 1583 posuerunt
3233 1517 3437 1572 Jesum.
3464 1519 3560 1572 Est

1975 1602 2158 1658 autem
2210 1603 2338 1657 illud
2367 1620 2587 1675 quoque
2626 1621 2837 1661 verum.
2872 1609 3165 1677 Speciosus
3202 1611 3346 1664 enim
3385 1611 3558 1666 l'ornta

1972 1710 2084 1764 pra:
2128 1695 2254 1750 llliis
2285 1697 2564 1752 hominum
2596 1698 2643 1730 "
2667 1707 2723 1754 et
2766 1711 3111 1771 nuncupatur
3138 1711 3192 1756 et
3229 1712 3334 1766 est,
3380 1702 3561 1756 illum-

1972 1803 2079 1858 que
2115 1797 2377 1858 tanquam
2411 1805 2603 1846 muros
2653 1799 2709 1847 et
2761 1801 2946 1862 portas
2979 1794 3338 1862 possedimus.
3386 1793 3560 1848 Mnnit

268 1865 461 1946 κάλλει
492 1866 644 1937 παρὰ
679 1867 806 1929 τοὺς
833 1868 984 1930 υἱοὺς
1015 1867 1122 1919 τῶν
1162 1868 1467 1939 ἀνθρώπων
1492 1869 1864 1941 κεχρημάτικέ

1971 1878 2116 1932 enim
2146 1893 2246 1933 nos
2294 1877 2553 1934 ineﬂ'abili
2591 1883 2854 1950 potentia,
2895 1889 2951 1937 et
2987 1894 3300 1940 sanctorum
3333 1884 3556 1955 angelo-

265 1977 327 2013 τε
368 1958 467 2014 καὶ
504 1957 643 2022 ἐστι,
679 1958 830 2030 τείχη
879 1960 936 2012 δὲ
974 1961 1158 2022 αὑτὸν,
1195 1962 1291 2014 καὶ
1352 1961 1525 2026 πύλας
1568 1962 1871 2033 πεπλουτη-

265 2066 470 2121 καμεν.
516 2050 903 2120 Ἀσφαλίζεται
936 2051 1045 2123 γὰρ
1071 2055 1219 2123 ήμᾶς
1247 2054 1475 2124 ἀρρήτῳ
1503 2055 1752 2126 δυνάμει,
1775 2056 1872 2109 ml.

263 2146 392 2207 ταῖς
427 2142 536 2197 τῶν
573 2142 743 2212 ἁγίων
774 2144 1022 2211 ἀγγέλων
1067 2146 1414 2216 ἐπικουρίαις
1435 2161 1449 2174 ·
1481 2165 1500 2198 ι
1544 2145 1871 2200 Ἐντελεῖται

265 2235 414 2306 γὰρ,
473 2237 647 2307 φησὶ,
699 2238 812 2299 τοῖς
879 2236 1135 2306 ἀγγέλοις
1183 2235 1348 2290 αὑτοῦ
1402 2239 1535 2308 περὶ
1587 2237 1727 2304 σοῦ,
1773 2237 1868 2292 τοῦ

261 2327 595 2396 διαφυλάξαι
627 2344 686 2380 σε
715 2328 774 2381 ἐν
797 2327 1000 2392 πάσαις
1020 2331 1143 2392 ταῖς
1171 2329 1311 2392 ὁδοῖς
1340 2340 1492 2381 σουί
1524 2330 1620 2382 καὶ
1656 2347 1673 2380 ι
1709 2330 1862 2401 Παρ-

263 2422 504 2494 εμσαλεῖ
553 2423 786 2493 ἄγγελος
855 2425 1061 2495 Κυρίου
1117 2423 1304 2495 κύκλῳ
1351 2424 1459 2478 τῶν
1514 2425 1865 2496 φοϐουμένων

260 2515 453 2582 αὑτὸν,
482 2515 578 2568 καὶ
617 2515 807 2585 ῥύεται
845 2515 1063 2579 αὐτούς.
1104 2535 1122 2566 ι
1171 2517 1477 2588 Ἐρχόμεθα
1509 2517 1566 2571 δὲ
1600 2518 1667 2572 δι’
1696 2519 1862 2573 αὑτοῦ

260 2609 346 2672 εις
392 2606 692 2676 ἐπίγνωσιν
737 2606 831 2660 τοῦ
875 2607 1110 2679 Πατρὸς,
1150 2610 1244 2663 καὶ
1289 2609 1484 2678 γέγονε
1531 2611 1668 2681 πρὸς
1704 2611 1864 2666 τοῦτο

261 2701 363 2754 καὶ
387 2698 550 2770 θύρα,
581 2699 678 2754 καὶ
703 2699 868 2772 πύλη,
900 2701 998 2755 ml.
1029 2701 1171 2765 ὁδός.
1208 2703 1353 2773 Ἔφη
1386 2702 1516 2770 γοῦν
1535 2704 1614 2756 ὅτι
1655 2724 1672 2755 ι
1720 2702 1862 2772 Ἐγώ

260 2793 383 2862 ειμι
413 2793 448 2862 ή
470 2792 632 2864 θύρα,
656 2794 752 2848 καὶ
779 2796 813 2864 ή
849 2793 987 2859 ὁδὸς,
1019 2794 1115 2848 καὶ
1143 2793 1318 2858 οὐδεὶς
1351 2794 1570 2868 ἔρχεται
1604 2797 1741 2868 πρὸς
1767 2796 1861 2850 τὸν

1971 1984 2092 2024 rum
2143 1970 2432 2039 prmsidiis.
2461 1974 2501 2042 [ι
2543 1969 2824 2028 Mandabit
2893 1989 3150 2045 namque,
3209 1975 3406 2044 inquit,
3455 1993 3555 2030 an-

1971 2061 2108 2132 gelis
2149 2064 2266 2117 suis
2303 2064 2373 2120 de
2407 2076 2479 2128 te,
2514 2075 2574 2119 ut
2599 2067 2911 2121 custodiant
2948 2076 3001 2123 te
3034 2069 3086 2122 itt
3147 2070 3402 2125 omnibus
3450 2071 3558 2124 viis

1970 2155 2080 2209 tuis
2105 2155 2173 2208 ’⁸.
2200 2173 2220 2207 ι
2255 2157 2354 2211 Et:
2402 2175 2420 2208 ι
2449 2154 2639 2212 Castra
2671 2169 2834 2227 ponet
2886 2159 3113 2229 angelus
3157 2160 3368 2214 Domini
3397 2160 3544 2215 circa

1974 2244 2226 2301 timentes
2261 2261 2340 2311 se,
2381 2254 2436 2300 et
2471 2256 2628 2302 eruet
2664 2262 2759 2303 eos
2781 2248 2848 2302 ’⁷.
2887 2266 2906 2300 ι
2942 2249 3020 2304 Ac
3045 2265 3139 2318 per
3180 2250 3331 2304 illum
3365 2251 3547 2321 ingre-

1973 2338 2155 2392 dimur
2187 2339 2254 2394 ad
2291 2339 2622 2408 agnitionem
2651 2339 2856 2403 Patris,
2887 2351 2943 2397 et
2975 2343 3189 2397 exstitit
3222 2345 3290 2398 ad
3329 2343 3444 2400 haec
3465 2359 3560 2399 os-

1977 2429 2133 2494 tium,
2169 2438 2222 2482 et
2260 2437 2439 2498 porta,
2469 2429 2648 2484 etvia.
2688 2431 2832 2485 Dixit
2861 2433 3170 2502 siquidem:
3218 2453 3237 2486 ι
3266 2433 3380 2504 Ego
3437 2450 3560 2490 sum

1972 2520 2198 2586 ostium,
2243 2529 2298 2574 et
2324 2522 2431 2586 via,
2464 2530 2521 2576 et
2568 2537 2727 2577 nemo
2756 2523 2908 2578 venit
2950 2526 3016 2578 ad
3055 2523 3297 2584 Patrem.
3327 2526 3428 2580 nisi
3462 2541 3563 2597 per

1973 2626 2060 2666 me
2085 2611 2154 2666 ³⁸.
2193 2631 2212 2664 ›
2251 2613 2343 2668 Est
2391 2614 2559 2670 etiam
2599 2615 2881 2684 sculptura
2910 2630 3005 2670 seu
3038 2615 3213 2671 forma
3245 2625 3300 2672 et
3348 2619 3560 2688 species

1971 2704 2090 2775 ejus
2117 2706 2207 2775 qui
2246 2706 2452 2776 genuit,
2498 2715 2553 2762 et
2581 2707 2871 2762 character
2939 2708 3258 2765 substantiae
3322 2710 3465 2782 ejus,
3505 2720 3562 2767 et

1971 2797 2184 2870 imago,
2223 2809 2385 2868 atque
2419 2799 2678 2869 splendor
2707 2800 2891 2871 gloriae
2915 2799 3054 2870 ejus.

259 2885 510 2957 Πατέρα,
541 2887 590 2939 εί
644 2886 721 2957 μὴ
746 2885 813 2938 δι’
845 2886 1002 2958 ἐμοῦ.
1039 2906 1060 2940 ›
1102 2887 1258 2944 Ἐστι
1314 2890 1371 2943 δὲ
1409 2891 1503 2943 καὶ
1546 2890 1798 2962 γλύμμα,
1868 2892 2147 2947 τουτέστιν
2185 2895 2218 2964 ή
2265 2893 2468 2965 μορφὴ,
2510 2893 2699 2947 καὶτὸ
2750 2888 2892 2958 εἶδος
2937 2893 3032 2948 τοῦ
3074 2895 3328 2962 τεκόντος
3369 2897 3558 2963 αὐτὸν,

260 2978 363 3032 καὶ⁵
387 2976 678 3050 χαρακτὴρ
703 2979 803 3050 τῆς
826 2978 1178 3044 ὑποστάσεως
1201 2981 1392 3048 αὐτοῦ,
1423 2983 1518 3035 καὶ
1544 2980 1732 3046 εἰκὼν,
1766 2983 1862 3037 καὶ
1898 2983 2247 3056 ἀπαύγασμα
2273 2989 2374 3056 τῆς
2405 2984 2564 3056 δόξης
2603 2985 2791 3040 αὐτοῦ.

335 3069 450 3128 Καὶ
493 3072 607 3125 οὐκ
657 3069 854 3136 ἔσται,
886 3087 986 3125 σοι
1018 3075 1052 3126 ὁ
1091 3073 1265 3141 ἣλιος
1311 3076 1398 3140 είς
1446 3074 1574 3144 φῶς
1615 3075 1864 3145 ἡμέρας,

2047 3079 2210 3134 Vens.
2242 3079 2330 3143 19,
2355 3079 2445 3133 20.
2485 3079 2549 3132 Et
2587 3095 2693 3133 non
2736 3081 2836 3133 erit
2867 3081 2962 3134 tibi
2991 3082 3071 3134 σοι
3113 3082 3172 3136 in
3209 3082 3378 3136 lucem
3427 3083 3555 3149 diei,

259 3161 409 3220 οὐδὲ
458 3161 730 3232 ἀνατολὴ
771 3163 1044 3233 σελήνης
1089 3165 1296 3235 Satoris?
1339 3181 1438 3220 σοι
1482 3166 1599 3234 τὴν
1648 3167 1862 3234 νύκτα,

255 3256 403 3314 ἀλλ’
449 3254 624 3310 ἔσται
667 3268 768 3308 σοι
807 3255 1028 3323 Κύριος
1051 3255 1178 3325 φῶς
1215 3256 1477 3317 αἰώνιον,
1519 3257 1618 3310 καὶ
1654 3260 1686 3310 ὀ
1719 3256 1863 3321 Θεὸς

259 3347 416 3412 δόξα
447 3361 588 3401 σου.
617 3347 701 3400 Οὐ
734 3346 844 3415 γὰρ
875 3348 1124 3402 δύσεται
1154 3351 1188 3402 ό
1216 3347 1392 3416 ἥλιός
1417 3363 1540 3412 σοι,
1569 3349 1669 3402 καὶ
1692 3350 1730 3418 ἡ
1761 3365 1861 3404 σε·

257 3440 424 3508 λήνη
453 3441 568 3495 οὐκ
604 3439 897 3508 ἐκλείψει.
939 3442 1153 3494 Ἔσται
1185 3439 1299 3509 γάρ
1345 3456 1447 3494 σοι
1478 3441 1696 3508 Κύριος
1731 3440 1860 3510 φῶς

257 3530 530 3587 αιώνιον.
555 3594 565 3603 _

335 3623 631 3678 Βούλονταί
659 3641 805 3687 τινες
841 3624 932 3678 διὰ
959 3625 1059 3695 τῆς
1088 3623 1198 3678 τῶν
1243 3625 1622 3696 προκειμένων
1648 3626 1858 3691 ἐννοίας

255 3716 564 3787 ἀποφέρειν
604 3717 755 3786 ήμᾶς
789 3716 869 3779 είς
912 3733 975 3784 γε
1008 3717 1070 3769 τὸ
1116 3717 1319 3788 χρῆναί
1349 3735 1400 3771 τι
1453 3717 1696 3772 τοιοῦτον
1727 3719 1858 3772 ὑπο·

255 3813 424 3866 νοεῖν.
473 3810 566 3864 Ἐν
598 3809 848 3878 ἐσχάτοις
875 3809 986 3881 γὰρ
1013 3809 1109 3863 τοῦ
1155 3810 1350 3874 αίῶνος
1383 3813 1595 3879 καιροῖς
1621 3813 1856 3882 ἐγηγερ-

257 3901 443 3974 μένων
470 3901 585 3954 τῶν
611 3901 668 3954 ἐν
702 3902 774 3972 γῇ
815 3901 1108 3972 κειμένων,
1138 3903 1234 3956 καὶ
1275 3904 1778 3974 καταφοιτήσαντος
1799 3903 1860 3970 ἐξ

253 3993 496 4065 οὒρανοῦ
543 3991 640 4046 τοῦ
691 3993 910 4048 πάντων
952 3994 1110 4065 ήμῶν
1140 3995 1393 4066 Σωτῆρος
1432 3996 1673 4066 Χριστοῦ
1718 3995 1856 4066 μετά

253 4087 372 4144 τῶν
391 4086 570 4154 ἁγίων
593 4085 843 4156 ἀγγέλων
881 4088 940 4139 ἐν
961 4088 1029 4156 τῇ
1055 4086 1184 4158 δόξῃ
1203 4087 1298 4139 τοῦ
1322 4087 1556 4158 Πατρός,
1578 4087 1860 4158 ἀπρακτή-

255 4199 346 4236 σει
380 4180 485 4252 μέν
516 4181 549 4250 ή
590 4179 701 4233 τῶν
747 4177 1029 4251 στοιχείων
1054 4177 1398 4248 λαμπρότης,
1433 4177 1654 4241 καινοὺς
1686 4177 1742 4231 δὲ
1766 4179 1858 4231 ob-

256 4274 481 4347 ρανοὺς,
507 4271 604 4326 καὶ
632 4271 828 4343 καινὴν
865 4270 992 4341 γῆν,
1028 4270 1123 4323 καὶ
1149 4269 1216 4323 τά
1255 4270 1650 4341 ἐπαγγέλματα
1690 4269 1856 4323 αὐτοῦ

255 4364 675 4440 προσδοκῶμεν,
699 4363 842 4418 κατὰ
861 4363 922 4417 τὸ
942 4363 1346 4434 γεγραμμένον.
1372 4363 1516 4434 Ἔφη
1538 4363 1596 4415 δέ
1618 4381 1671 4417 τι
1692 4362 1860 4416 τοιοῦ-

1968 3188 2134 3242 neque
2196 3173 2337 3225 (una:
2378 3182 2527 3226 ortus
2582 3170 2918 3227 collustrabit
2974 3182 3024 3226 te
3070 3183 3266 3229 noctu:
3312 3175 3404 3230 sed
3459 3177 3560 3230 erit

1967 3265 2062 3317 tibi
2109 3263 2364 3317 Dominus
2397 3263 2493 3315 Iun:
2531 3273 2750 3329 azterua,
2797 3275 2846 3317 et
2880 3264 3017 3318 Deus
3051 3266 3220 3335 gloria
3269 3275 3378 3320 tua.
3432 3266 3559 3320 Non

1921 3406 1927 3412 .
1967 3354 2108 3408 enim
2152 3355 2351 3408 occidet
2377 3352 2460 3406 sol
2511 3352 2632 3418 tibi,
2660 3365 2710 3408 et
2748 3353 2876 3408 luna
2907 3364 2956 3410 te
2984 3372 3085 3410 non
3136 3357 3359 3426 deﬁciet.
3409 3357 3556 3411 Nam

1965 3444 2066 3497 erit
2102 3443 2199 3496 tibi
2233 3443 2489 3499 Dominus
2537 3443 2631 3497 lux
2656 3453 2874 3499 (eterna.

2035 3620 2203 3694 855
2227 3618 2430 3675 Volunt
2451 3621 2671 3690 quidam
2689 3637 2755 3677 ex
2770 3623 3040 3678 sententia
3055 3623 3246 3678 horum
3262 3623 3553 3679 verborum

1968 3732 2067 3773 nos
2096 3717 2386 3779 adducere,
2419 3723 2479 3769 ut
2511 3714 2615 3770 tale
2641 3716 2900 3786 quiddam
2943 3716 3331 3788 intelligamus.
3362 3716 3556 3773 Extre-

1968 3808 2072 3864 mis
2124 3808 2272 3862 enim
2305 3807 2489 3862 saeculi
2531 3809 2894 3878 temporibus,
2921 3811 3177 3866 excitatis
3231 3810 3321 3868 his
3365 3811 3459 3882 qui
3501 3812 3553 3865 in

1971 3910 2112 3957 terra
2134 3900 2344 3970 iacent,
2375 3909 2430 3956 et
2473 3901 2844 3958 descendente
2878 3903 2945 3958 de
2979 3903 3121 3958 cmlo
3177 3903 3422 3957 omnium
3459 3919 3558 3956 no-

1968 4003 2144 4048 strum
2181 3994 2479 4050 Servatore
2509 3996 2767 4060 Christo,
2827 4008 2950 4048 cum
2998 3994 3203 4047 sanctis
3237 3992 3442 4062 angelis
3502 3993 3556 4047 in

1965 4085 2136 4154 gloria
2191 4085 2390 4151 Patris,
2439 4085 2628 4149 irritus
2677 4085 2776 4138 liet
2829 4081 3225 4138 elementorum
3277 4082 3554 4153 splendor,

1968 4193 2247 4248 novosque
2276 4178 2466 4243 caelos,
2504 4192 2569 4233 ac
2605 4191 2804 4232 novam
2841 4184 3041 4231 terram
3069 4185 3124 4230 et
3162 4175 3556 4245 promissiones

1965 4273 2084 4340 ejus
2117 4279 2528 4340 exspectamus,
2557 4271 2852 4326 secundum
2889 4270 2942 4324 id
2974 4271 3116 4337 quod
3151 4269 3417 4339 scriptum
3443 4279 3547 4326 est.

1967 4363 2099 4418 Tale
2129 4363 2258 4432 quid
2291 4363 2428 4418 dixit
2457 4363 2623 4417 etiam
2673 4362 2933 4417 Servator
2986 4369 3172 4417 noster
3201 4376 3214 4412 :
3245 4377 3265 4411 ι
3329 4357 3388 4413 ln
3439 4359 3555 4414 die—

254 4475 354 4512 τον
385 4456 482 4510 καὶ
514 4454 678 4519 αὐτὸς
703 4456 732 4508 ὁ
763 4453 976 4526 Σωτὴρ,
1001 4455 1084 4508 ὃτι
1120 4473 1139 4506 ι
1186 4455 1275 4506 Ἐν
1298 4456 1416 4518 ταῖς
1447 4454 1684 4526 ἡμέραις
1711 4453 1858 4507 ἐκεί-

1968 4454 2064 4509 bus
2099 4452 2206 4507 illis
2235 4451 2315 4508 sol
2349 4452 2821 4519 obtenebrabitur,
2847 4461 2901 4507 et
2933 4451 3057 4506 luna
3107 4466 3213 4505 non
3257 4450 3406 4506 dabit
3462 4449 3548 4504 lu-

254 4565 380 4611 ναις
409 4549 439 4600 ό
481 4546 636 4618 ἣλιος
681 4545 1118 4616 σκοτισθήσεται,
1151 4545 1245 4600 καὶ
1292 4546 1324 4616 ἡ
1363 4545 1562 4615 σελήνη
1596 4545 1659 4597 οὐ
1702 4544 1863 4598 δώσει

254 4638 322 4692 τὸ
354 4637 562 4708 φέγγος
591 4635 782 4707 αὐτῆς.
817 4653 834 4687 ι
879 4635 1130 4706 Ἀρκέσει
1161 4634 1272 4706 γὰρ
1292 4638 1408 4700 τοῖς
1438 4636 1618 4704 ἀγίοις
1647 4637 1727 4699 είς
1752 4652 1864 4704 φω-

254 4730 458 4802 τισμὸν
510 4730 651 4801 αὑτὴ
698 4723 794 4783 τοῦ
846 4730 1100 4802 Σωτῆρος
1146 4731 1180 4800 ή
1233 4728 1380 4794 δόξα.
1421 4729 1561 4782 Ἀλλ’
1597 4729 1686 4782 ἵνα
1731 4729 1864 4799 δοκῇ

261 4837 380 4884 πως
408 4817 641 4872 ἕπεσθαι
687 4821 753 4889 τῇ
798 4818 906 4874 τῶν
948 4819 1140 4874 ἀνόπιν
1183 4820 1364 4890 ἐννοίᾳ
1393 4820 1463 4872 τὰ
1505 4818 1867 4891 προκείμενα,

253 4911 358 4983 τὴν
396 4911 698 4983 ἑρμηνείαν
747 4912 1139 4976 ἐπαινέσαντες
1168 4913 1418 4983 ταυτηνὶ,
1452 4913 1550 4966 καὶ
1593 4912 1780 4983 ἔτερόν
1814 4929 1868 4964 τι

252 5005 554 5078 δηλοῦσθαί
595 5022 777 5076 φαμεν
799 5005 886 5059 διὰ
915 5005 1025 5060 τῶν
1064 5006 1444 5080 προκειμένων
1469 5006 1690 5078 στίχων.
1737 5005 1858 5070 Φῶς

259 5099 362 5170 μὲν
417 5097 529 5168 γὰρ
584 5097 645 5151 τὸ
699 5097 948 5169 ἡλιακὸν,
1003 5099 1099 5152 καὶ
1150 5099 1378 5171 προσέτι
1417 5103 1480 5153 τὸ
1527 5099 1854 5170 σεληνιαῖον,

255 5187 524 5259 χρειῶδές
573 5203 633 5239 τε
681 5190 776 5240 καὶ
813 5188 1110 5255 ἀναγκαῖόν
1157 5191 1276 5244 ἐστι
1315 5192 1431 5254 τοῖς
1469 5189 1566 5244 τοῦ
1603 5190 1854 5260 σώματος

256 5276 583 5347 ὀφθαλμοῖς.
623 5276 763 5329 Ἀλλ’
786 5277 844 5328 ἐν
883 5277 1039 5332 νυκτὶ
1073 5278 1174 5348 μὲν
1211 5280 1275 5333 τὸ
1312 5279 1538 5352 ἡλιακὸν
1571 5278 1857 5332 συστέλλεο

255 5389 352 5424 ται
391 5370 531 5439 φῶς,
572 5372 631 5423 ἐν
679 5369 865 5440 ήμέρᾳ
919 5369 976 5423 δὲ
1019 5369 1082 5423 τὸ
1130 5372 1377 5444 σελήνης.
1409 5371 1704 5444 Παραλλάξ
1749 5372 1858 5444 γὰρ

257 5464 516 5534 ἀλλήλοις
544 5463 942 5534 παραχωροῦσι
972 5464 1034 5517 τὸ
1063 5465 1299 5533 φαίνειν.
1325 5467 1400 5520 Τὸ
1420 5467 1478 5520 δέ
1509 5482 1570 5534 γε
1597 5465 1742 5518 θεῖον
1765 5465 1860 5517 καὶ

258 5555 476 5625 νοητὸν,
513 5554 542 5607 ὃ
588 5558 710 5617 ταῖς
757 5554 864 5607 τῶν
905 5557 1314 5609 πιστευσάντων
1362 5557 1613 5628 καρδίαις
1660 5555 1858 5624 ἐνίησι,

260 5648 451 5720 φησὶν,
482 5648 510 5699 ό
552 5644 661 5699 τῶν
689 5646 826 5699 ὅλων
859 5646 1048 5718 Σωτὴρ
1080 5647 1169 5701 διὰ
1196 5646 1289 5699 τοῦ
1321 5647 1475 5715 ἁγίου
1519 5645 1856 5717 Πνεύματος,

1956 4559 2088 4602 men
2123 4559 2280 4600 suum
2315 4544 2380 4596 ’³.

2425 4543 2615 4598 »δαιίε
2655 4544 2802 4598 enim
2845 4545 2952 4599 erit
2994 4545 3203 4599 sanctis
3238 4544 3308 4598 ad
3349 4544 3550 4599 illumi-

1964 4635 2246 4689 nationem
2312 4632 2428 4704 ipsa
2462 4630 2770 4688 Servatoris
2819 4633 3013 4702 gloria.
3065 4633 3172 4687 Sed
3210 4647 3319 4704 quo
3376 4633 3552 4703 posita

1963 4727 2130 4781 verba
2165 4741 2287 4781 cum
2324 4725 2667 4795 superiorum
2709 4728 2980 4781 sententia
3046 4727 3419 4782 coluerescere
3475 4711 3571 4780 vi:

1965 4819 2226 4884 deantur,
2257 4818 2768 4890 interpretationem
2813 4819 2954 4874 hanc
2991 4820 3274 4874 laudamus
3307 4819 3550 4890 quidem,

1969 4913 2064 4968 sed
2116 4911 2261 4966 aliud
2293 4913 2547 4979 quiddam
2577 4912 2662 4968 his
2693 4913 2940 4968 versibus
2965 4912 3265 4983 signiﬁcari
3295 4913 3549 4966 dicimus.

1967 5001 2082 5055 Lux
2112 5002 2260 5055 enim
2293 5001 2488 5056 solaris
2510 5011 2564 5056 et
2591 5009 2855 5070 praeterea
2885 5001 3112 5063 lunaris,
3139 5000 3369 5069 perutile
3395 5001 3550 5070 quid-

1965 5099 2090 5150 dam
2137 5104 2222 5150 est
2277 5105 2334 5150 et
2380 5095 2747 5150 necessarium
2785 5094 3062 5164 corporeis
3101 5093 3297 5158 oculis;
3330 5093 3426 5148 sed
3455 5110 3548 5148 no-

1965 5198 2056 5243 ctu
2096 5187 2184 5242 lttx
2236 5189 2371 5243 solis
2421 5187 2786 5255 contrahitur,
2819 5185 3049 5241 interdiu
3113 5185 3273 5240 lunze.
3308 5185 3553 5240 Alternis

1963 5280 2108 5334 enim
2155 5279 2369 5335 vicibus
2404 5280 2604 5351 lucent.
2645 5278 2810 5348 Atqui
2865 5277 2955 5332 lux
3015 5278 3200 5332 divina
3235 5289 3290 5332 et
3354 5278 3551 5333 intelli-

1957 5373 2138 5444 gentia
2186 5386 2463 5444 percepta,
2516 5388 2678 5443 quam
2730 5373 3067 5428 credentium
3123 5374 3380 5428 cordibus
3448 5373 3552 5426 int-

1959 5463 2124 5518 mittit
2154 5465 2528 5519 universorum
2561 5463 2840 5530 Servator,
2881 5478 2978 5534 per
3009 5464 3269 5532 Spiritum
3305 5470 3549 5514 sanctum

1959 5567 2014 5610 et
2051 5572 2148 5624 per
2177 5571 2272 5610 eos
2320 5558 2412 5626 qui
2461 5557 2718 5627 mysteria
2768 5567 2968 5611 norunt
3004 5556 3237 5616 tradere,
3292 5555 3551 5606 inexstin-

1963 5658 2047 5701 cta
2076 5649 2202 5715 erit,
2229 5659 2280 5703 et
2311 5648 2460 5720 jugis
2487 5661 2544 5704 et
2597 5665 2814 5719 semper
2860 5649 3073 5713 lucida;
3107 5647 3242 5701 adeo
3293 5657 3350 5700 ιιι
3375 5646 3549 5714 cujus-

337 5825 386 5856 "
421 5822 564 5881 Psal.
606 5839 750 5891 thv,
785 5825 841 5883 5.
918 5827 966 5859 "
1005 5825 1148 5882 Psal.
1189 5842 1273 5894 xc,
1310 5828 1396 5884 ll.
1477 5828 1522 5910 '7
1561 5825 1706 5884 Psal.
1739 5841 1864 5882 xm

1991 5827 2044 5883 8.
2110 5828 2169 5916 ξε
2201 5826 2361 5886 Joatt.
2394 5844 2446 5897 κ,
2478 5829 2539 5896 9;
2577 5843 2686 5898 xlv,
2719 5823 2773 5884 ϐ’.
2851 5829 2895 5860 ²⁹
2931 5827 3124 5886 Matth.
3164 5843 3312 5897 xxw,
3341 5826 3432 5884 29.
