4140 6466
585 375 722 434 1547

1572 373 1631 428 S.
1673 369 1947 427 CYlilLLl
1992 369 2464 429 ALEXANDRINI
2504 374 2822 431 ARCHIEP.

3697 384 3727 436 Ἰ
3738 380 3845 437 548

584 512 691 567 que
719 511 873 552 mens
906 511 1009 552 nec
1038 495 1172 552 solis
1224 508 1411 565 Opera,
1447 507 1550 548 nec
1593 492 1735 548 lunae
1789 507 1924 562 opus
1960 491 2156 547 habeat

2270 493 2365 548 καὶ
2382 494 2472 549 διὰ
2499 495 2607 550 τῶν
2624 493 2685 550 εῦ
2710 493 2926 551 εἰδότων
2956 497 3352 566 μυσταγωγεῖν,
3384 494 3645 552 ἄσϐεστον
3670 498 3845 561 ἔσται.

593 587 661 643 ad
710 584 1158 641 illuminationem
1200 592 1257 638 et
1296 582 1445 638 visus
1496 581 1991 651 recuperationem.
2047 578 2165 635 Non

585 676 731 729 enim
774 675 892 729 luce
925 675 1024 729 sub
1063 687 1227 729 sensu
1256 671 1487 741 cadente
1529 670 1833 725 illustratur
1855 684 2009 724 mens
2034 687 2049 736 ;
2070 668 2164 724 sed

584 767 764 833 potius
834 763 1008 817 sancti
1080 761 1314 831 Spiritus
1368 759 1729 827 illustrations
1759 767 1815 813 et
1881 756 2167 826 splendore

582 863 836 910 contenta
874 865 960 909 est
997 855 1064 908 ad
1108 854 1539 924 persniciendam
1571 861 1628 908 et
1658 850 1975 906 intuendam
2002 849 2162 904 Chri-

582 946 651 1000 sti
691 945 943 1015 gloriam,
994 952 1162 1014 utque
1219 946 1364 1000 scire
1413 943 1588 1014 possit
1656 949 1916 1011 quantum
1969 940 2165 994 habeat

582 1051 705 1093 cum
758 1034 920 1089 Patre
953 1049 1052 1090 suo
1083 1034 1520 1098 similitudinem,
1580 1031 1896 1087 substantia:
1957 1029 2164 1085 scilicet

583 1129 815 1193 ratione,
866 1135 922 1182 et
980 1128 1253 1196 quodnam
1302 1127 1377 1181 sit
1417 1125 1638 1196 optimae
1690 1125 1814 1179 vita:
1880 1123 1986 1179 iter
2014 1133 2164 1179 certe

580 1232 932 1289 cognoscere.
969 1217 1171 1273 Factus
1194 1228 1278 1273 est
1303 1218 1469 1287 igitur
1490 1216 1648 1271 nobis
1684 1217 1773 1270 lux
1801 1214 2006 1271 aeterna
2042 1214 2161 1271 Sal-

583 1322 756 1366 valor.
800 1311 969 1379 quue
1014 1312 1352 1380 perspicuum
1398 1309 1546 1374 facit,
1570 1310 1791 1364 dicens:
1828 1326 1847 1359 ι
1888 1307 2000 1377 Ego
2040 1322 2159 1362 sum

582 1403 673 1463 lux
757 1403 940 1456 mundi
1002 1401 1047 1432 “
1091 1441 1104 1455 .
1154 1419 1175 1451 ι
1214 1399 1279 1453 Ει
1329 1414 1552 1454 rursus:
1600 1416 1620 1450 ι
1657 1399 1790 1453 Cum
1855 1400 1906 1452 in
1957 1398 2160 1453 mundo

581 1510 724 1558 sum,
765 1496 853 1547 lux
900 1509 1017 1548 sum
1053 1491 1236 1547 mundi
1268 1492 1335 1545 ³⁸.
1366 1510 1387 1543 ι
1409 1521 1480 1531 -
1508 1511 1528 1543 ι
1558 1491 1660 1557 Qui
1723 1491 1969 1554 sequitur
2029 1506 2115 1545 me
2140 1527 2157 1554 ,

583 1605 685 1641 non
739 1586 1035 1641 ambulabit
1086 1585 1143 1640 in
1210 1585 1486 1648 tenebris,
1547 1583 1641 1639 sed
1689 1583 1912 1638 habebit
1977 1581 2149 1638 lucem

580 1682 703 1734 vita:
726 1679 791 1730 ".
828 1697 848 1731 ι

2267 586 2364 637 καὶ
2412 587 2812 660 ἀκατάληκτον,
2870 589 2963 643 καὶ
3003 588 3278 657 ἀειφανὲς,
3321 588 3461 642 ὥστε
3513 591 3648 662 μήτε
3691 592 3844 661 ἡλίου

2268 677 2411 746 μήτε
2445 677 2675 749 σελήνης
2722 682 2780 733 ὲν
2826 681 2983 750 χρείᾳ
3033 679 3430 750 καθεστηκέναι
3469 680 3560 734 τδν
3611 682 3844 736 ἑκάστου

2266 767 2392 820 νοῦν
2429 767 2567 840 πρὸς
2592 770 2892 840 φωτισμὸν,
2924 771 2957 841 ἢ
2988 770 3281 839 ἀνάϐλεψιν
3302 787 3316 801 ν
3354 771 3413 823 οὐ
3450 770 3559 842 γὰρ
3602 771 3844 843 αἰσθητῷ

2264 857 2407 928 φωτὶ
2441 859 2858 931 καταλάμπεται
2890 860 3031 926 νοῦς,
3065 862 3314 931 ἀρκεῖται
3349 860 3406 913 δὲ
3438 861 3636 931 μᾶλλον
3659 865 3723 933 τῇ
3755 862 3847 916 διὰ

2276 950 2370 1004 τοῦ
2405 950 2563 1018 ἁγίου
2610 952 2926 1022 Πνεύματος
2979 952 3336 1023 φωταγωγίᾳ,
3388 953 3481 1005 καὶ
3527 952 3845 1025 φαιδρότητι

2263 1039 2403 1111 πρὸς
2428 1040 2489 1094 τὸ
2529 1040 2790 1096 δύνασθαι
2838 1042 3076 1116 καθορᾷν
3105 1044 3204 1112 τὴν
3236 1042 3396 1109 δόξαν
3442 1044 3702 1115 Χριστοῦ,
3749 1044 3844 1098 καὶ⁵

2277 1131 2404 1186 ὅσον
2435 1132 2502 1187 ἂν
2533 1124 2647 1203 ἔχοι
2667 1135 2803 1206 πρὸς
2825 1134 2918 1188 τὸν
2948 1134 3174 1187 τεκόντα
3200 1133 3362 1187 αὐτὸν
3388 1133 3486 1204 τὴν
3520 1136 3840 1206 ἐμφέρειαν,

2260 1224 2531 1288 οῠσιωδῶς
2558 1226 2616 1278 δὲ
2638 1225 2903 1297 δηλονότι,
2929 1225 3019 1279 ναὶ
3051 1224 3155 1296 μὴν
3185 1225 3277 1277 καὶ
3312 1225 3410 1295 τῆς
3439 1225 3667 1297 ἀρίστης
3697 1227 3842 1298 ζωῆς

2260 1314 2516 1380 ἀπλανῶς
2546 1318 2744 1373 εἰδέναι
2788 1318 2889 1390 τὴν
2918 1317 3056 1372 ὁδόν.
3100 1317 3295 1385 Γέγονε
3320 1316 3499 1370 τοίνυν
3550 1318 3668 1388 φῶς
3705 1318 3840 1372 αἰώ-

2259 1425 2371 1461 νιον
2405 1408 2534 1479 ἡμῖν
2575 1411 2606 1463 ὁ
2646 1410 2859 1481 Σωτὴρ,
2894 1410 2989 1463 καὶ
3030 1410 3190 1462 τοῦτο
3237 1411 3369 1480 ἡμῖν
3416 1410 3646 1482 ἐναργὲς
3700 1412 3838 1465 καϐ-

2261 1499 2461 1569 ίστησι,
2488 1499 2682 1569 λέγων’
2725 1520 2744 1552 ι
2792 1500 2935 1570 Ἐγώ
2962 1501 3080 1571 είμι
3107 1500 3169 1554 τὸ
3194 1501 3309 1570 φῶς
3338 1500 3432 1553 τοῦ
3455 1501 3716 1571 κόσμου,»
3746 1501 3841 1555 καὶ

2259 1590 2453 1645 πάλιν
2470 1609 2488 1643 ι
2514 1590 2687 1644 Ὅταν
2711 1585 2756 1644 ὦ
2771 1592 2831 1644 ὲν
2851 1591 2930 1660 τῷ
2948 1590 3158 1662 κόσμῳ,
3179 1590 3294 1659 φῶς
3322 1592 3439 1660 είμι
3453 1588 3547 1642 τοῦ
3574 1590 3800 1660 κόσμου.
3817 1607 3834 1640 ι

2254 1697 2352 1731 -ι
2374 1680 2432 1734 '0
2457 1678 2766 1733 ἀκολουθῶν
2790 1681 2815 1732 ὲ
2823 1680 2934 1749 μοὶ,
2957 1680 3018 1732 ού
3054 1681 3127 1750 μὴ
3150 1681 3498 1750 περιπατήσῃ
3530 1680 3588 1731 ὲν
3618 1680 3685 1750 τῇ
3710 1695 3838 1731 σκο-

2256 1771 2367 1842 τίᾳ,
2401 1770 2515 1823 ἀλλ’
2542 1770 2652 1833 ἕξει
2679 1771 2741 1822 τὸ
2774 1770 2890 1838 φῶς
2920 1771 3020 1840 τῆς
3046 1770 3211 1840 ζωῆς.
3247 1790 3266 1821 ι

653 1861 812 1913 Vens.
869 1859 961 1924 21,
996 1858 1087 1913 22.
1131 1856 1196 1910 Et
1247 1854 1642 1924 complebantur
1689 1853 1800 1905 dies
1838 1853 2011 1906 luctus
2051 1852 2152 1914 tui,

2326 1861 2437 1915 Kal
2465 1861 3079 1929 ἀναπληρωθήσονται
3103 1863 3163 1914 al
3194 1861 3405 1931 ἡμέραι
3432 1861 3540 1915 τοῦ
3577 1859 3841 1925 πένθους

481 1989 488 1996 -
575 1965 622 2005 et
679 1951 900 2019 populus
936 1963 1054 2005 tuus
1112 1949 1281 2005 omnis
1336 1948 1539 2017 justus,
1578 1934 1720 1999 etin
1764 1943 2016 1999 swculum
2051 1954 2158 1997 ur-

577 2061 651 2099 m’
713 2044 1070 2098 hwreditatem
1137 2039 1443 2110 possidebit,
1495 2035 1792 2091 custodiens
1870 2035 2161 2101 plantatio-

576 2152 714 2198 nem,
740 2148 897 2202 opera
936 2144 1192 2186 manuum
1215 2143 1436 2184 suarum
1484 2126 1541 2180 in
1568 2124 1813 2195 gloriam.
1858 2122 1964 2189 Qui
2026 2138 2161 2192 ροιια

576 2245 667 2282 cus
722 2236 820 2293 est,
889 2225 989 2280 erit
1027 2224 1083 2278 in
1150 2221 1341 2289 millia,
1391 2229 1442 2274 et
1482 2219 1573 2289 qui
1619 2217 1893 2280 minimus,
1931 2217 1985 2270 in
2028 2231 2158 2286 geu-

577 2333 680 2372 mn
742 2332 1004 2389 magnam.
1041 2313 1154 2384 Ego
1185 2311 1438 2367 Dominus
1470 2311 1527 2365 in
1574 2318 1800 2379 tempore
1838 2313 2161 2380 congregabo

572 2429 680 2467 σος.

646 2502 751 2571 Qui
783 2512 990 2570 tempus
1027 2494 1517 2552 consummationis
1571 2490 1846 2563 designari
1885 2490 2058 2557 aiunt,
2093 2503 2160 2545 ex

575 2614 637 2648 cu
676 2596 816 2663 quod
882 2607 985 2645 nou
1034 2589 1174 2644 ultra
1216 2586 1395 2640 lumen
1454 2583 1632 2640 solare
1661 2594 1717 2639 et
1750 2581 1921 2653 856
1974 2580 2161 2635 lunare

575 2703 711 2755 Opus
754 2700 911 2740 suum
959 2688 1205 2750 peragat,
1239 2680 1332 2733 sed
1363 2677 1739 2741 contrahatur,
1777 2685 1837 2727 ut
1879 2673 2138 2728 Dominus

579 2789 762 2829 noster
822 2773 915 2827 ﬁat
960 2771 1047 2825 lux
1105 2778 1328 2833 materna,
1378 2765 1567 2827 dicunt
1619 2763 1934 2836 lugentibus
1993 2776 2157 2828 nunc,

576 2885 715 2938 quos
762 2869 924 2923 etiam
979 2860 1336 2920 coitsolandos
1393 2858 1472 2913 ait
1522 2856 1799 2924 Servatur,
1853 2856 2014 2910 [luem
2067 2854 2154 2909 lu-

577 2975 696 3016 ctus
726 2961 839 3014 fore
861 2958 953 3013 illo
1006 2969 1266 3025 tempore.
1303 2953 1558 3009 Desineut
1590 2950 1736 3005 enim
1791 2949 2042 3004 laborare
2098 2958 2157 3004 et

578 3054 726 3107 curis
782 3049 1159 3111 macerari,et
1206 3056 1408 3102 reterns
1459 3050 1863 3110 consequentur
1913 3040 2152 3109 praemia.

582 3144 693 3198 lloc
737 3153 821 3197 est
846 3140 1013 3207 enim,
1050 3141 1265 3208 opinor,
1305 3132 1680 3210 consolatione
1712 3133 1984 3202 perfundi.
2010 3132 2159 3199 Quo-

2258 1965 2396 2015 σου,
2430 1950 2530 2004 καὶ
2572 1954 2605 2004 ὁ
2635 1954 2784 2017 λαός
2817 1965 2933 2005 σου
2958 1949 3078 2017 πᾶς
3101 1951 3353 2018 δίκαιος,
3382 1952 3480 2006 καί
3517 1950 3592 2004 δι’
3624 1949 3839 2017 αἰῶνος

2259 2043 2788 2112 κληρονομήσουσι
2811 2046 2923 2112 τὴν
2953 2042 3090 2114 γῆν,
3119 2043 3458 2112 φυλάσσων
3479 2042 3548 2096 τὸ
3568 2044 3842 2110 φύτευμα

2258 2129 2404 2200 ἔργα
2438 2129 2652 2200 χειρῶν
2678 2131 2864 2185 αὐτοῦ
2887 2133 2977 2199 εὶς
2998 2130 3212 2196 δόξαν.
3239 2131 3299 2184 '0
3324 2132 3640 2201 ὀλιγοστὸς
3666 2130 3843 2187 ἔσται

2257 2225 2345 2289 είς
2361 2223 2658 2293 χιλιάδας,
2675 2222 2772 2278 καὶ
2796 2227 2830 2277 ό
2857 2222 3179 2293 ἐλάχιστος
3194 2224 3281 2289 εις
3295 2222 3470 2291 ἔθνος
3493 2223 3671 2295 μέγα.
3698 2223 3840 2295 Ἐγὼ

2257 2314 2474 2382 Κύριος
2498 2316 2649 2368 κατὰ
2668 2312 2911 2384 καιροὺς
2935 2314 3182 2380 συνάξω
3207 2315 3447 2382 αὐτούς.

2331 2496 2395 2549 Oi
2444 2496 2534 2550 τὸν
2562 2496 2659 2568 τῆς
2703 2494 3011 2558 συντελείας
3048 2494 3238 2567 καιρὸν
3277 2493 3708 2566 καταδηλοῦσθαι
3751 2494 3843 2550 λέ-

2258 2604 2447 2657 γοντες
2466 2587 2555 2642 διὰ
2585 2589 2678 2641 τοῦ
2725 2590 2922 2660 μηκέτι
2949 2589 3008 2641 τὸ
3038 2587 3282 2660 ἡλιακὸν,
3314 2589 3433 2657 ἦτοι
3460 2586 3522 2641 τδ
3557 2587 3840 2659 σεληναῖον

2257 2679 2553 2751 ἐνεργῆσαι
2580 2679 2715 2750 φῶς,
2749 2680 3080 2750 συσταλῆναι
3126 2678 3184 2732 δὲ
3220 2676 3442 2750 μᾶλλον,
3472 2676 3596 2733 τν’⁶ό
3634 2680 3855 2751 Κύριος

2257 2770 2414 2840 ἡμῶν
2439 2771 2552 2840 φῶς
2583 2770 2798 2826 αἰώνιον
2829 2772 3075 2843 γένηται,
3111 2771 3278 2838 φασὶν
3310 2766 3392 2826 ὅτι
3420 2774 3533 2836 τοῖς
3574 2770 3837 2825 πενθοῦσι

2257 2859 2374 2928 νῦν,
2409 2862 2502 2926 οὒς
2544 2863 2609 2934 δὴ
2642 2862 2734 2917 καὶ
2782 2861 3305 2935 παρακληθήσεσθαί
3357 2878 3522 2934 φησιν
3554 2865 3583 2916 ό
3623 2862 3835 2934 Σωτὴρ.

2257 2949 2410 3014 τέλος
2441 2952 2594 3006 ἔσται
2623 2953 2717 3006 τοῦ
2748 2953 2967 3007 πενθεῖν
2991 2951 3113 3007 κατ’
3142 2952 3318 3006 ἐκεῖνό
3344 2968 3445 3007 που
3474 2952 3568 3007 τοῦ
3601 2948 3798 3025 καιροῦ
3819 2966 3833 2981 ο

2259 3041 2628 3095 πεπαύσονται
2655 3042 2764 3114 γὰρ
2790 3042 2884 3096 τοῦ
2909 3046 3084 3098 ποιεῖν
3108 3042 3212 3108 ἔτι,
3244 3043 3339 3097 καὶ
3370 3043 3832 3115 κατατρύχεσθαι,

2258 3133 2353 3188 καὶ
2369 3132 2477 3187 τῶν
2490 3135 2570 3197 εἰς
2583 3134 2753 3189 αἰῶνα
2772 3133 3050 3200 τεύξονται
3071 3134 3268 3205 γερῶν.
3297 3135 3467 3188 Τοῦτο
3492 3133 3622 3206 γὰρ,
3656 3130 3838 3205 οἶμαι,

580 3236 722 3289 niam
762 3239 943 3286 autem
1005 3243 1191 3283 rursus
1250 3222 1590 3280 tractationis
1647 3228 1704 3276 et
1756 3219 2146 3275 theorematum

2257 3224 2311 3278 τὸ
2338 3225 2756 3298 παρακληθῆναί
2777 3228 2944 3282 ἐστιν.
2976 3223 3196 3297 Ἐπειδὴ
3223 3224 3281 3280 δὲ
3310 3226 3471 3282 πάλιν
3492 3226 3600 3301 τῶν
3629 3227 3834 3300 θεωρη-

578 3325 904 3382 sententiam
954 3336 1021 3376 ex
1061 3316 1495 3387 praecedentibus
1555 3313 1708 3384 sequi
1751 3320 1985 3381 oportet,
2022 3308 2150 3365 illud

578 3418 828 3479 dicimus,
881 3414 965 3467 his
1007 3411 1097 3480 qui
1154 3416 1375 3464 manent
1436 3421 1501 3461 ac
1549 3403 1733 3473 jacent
1783 3405 1835 3458 in
1882 3401 2148 3469 peccatis,

580 3508 853 3562 tristitiam
939 3503 1213 3574 propriam
1275 3514 1396 3556 esse
1450 3506 1506 3553 et
1561 3492 2148 3552 convenientissimam.

579 3604 908 3672 Exspectant
932 3599 1075 3653 enim
1110 3611 1217 3650 non
1250 3595 1486 3649 honores
1513 3599 1567 3645 et
1599 3602 1850 3653 coronas,
1883 3600 1988 3641 non
2019 3598 2153 3640 con-

577 3697 891 3753 solationem
921 3707 951 3745 a
986 3692 1116 3755 Deo,
1144 3690 1238 3742 sed
1284 3687 1465 3757 potius
1513 3682 1858 3754 supplicium,
1887 3689 1943 3734 et
1972 3679 2149 3746 ignem

579 3798 741 3855 atque
788 3782 1055 3838 tenebras.
1086 3779 1187 3844 Qui
1242 3788 1422 3829 autem
1463 3774 1836 3836 benefaciunt,
1877 3784 1972 3839 spe
2021 3785 2151 3839 gau-

577 3878 709 3933 dent
733 3874 799 3938 ³³,
822 3868 1275 3943 quemadmodum
1311 3864 1746 3935 sapientissimus
1791 3861 1990 3917 Paulus
2047 3861 2147 3915 ait.

578 3966 794 4035 Excipit
834 3962 979 4018 enim
1035 3974 1097 4014 ac
1141 3955 1432 4013 comitatur
1477 3955 1801 4026 probitatem
1842 3967 2050 4019 eorum,
2097 3952 2150 4007 in

580 4055 789 4110 inﬁnita
824 4050 1044 4116 smcula,
1069 4059 1123 4105 et
1149 4047 1316 4119 gloria
1343 4084 1359 4111 ,
1383 4054 1440 4101 et
1465 4046 1727 4116 voluptas.
1760 4045 1960 4101 Verum
1983 4060 2153 4115 quan-

578 4149 643 4201 do
673 4159 967 4200 conversus
1013 4142 1175 4196 fuerit
1207 4142 1274 4195 ad
1324 4139 1616 4194 Dominum
1648 4137 1813 4192 etiam
1847 4134 1948 4206 qui
1982 4136 2152 4207 pluri-

579 4237 680 4289 mis
729 4226 966 4305 pecratis
992 4241 1290 4301 occupatus
1318 4238 1421 4293 est,
1453 4227 1649 4284 deinde
1671 4227 2000 4298 jtistillcatus
2026 4227 2141 4283 fue-

578 4329 647 4381 rit
699 4342 795 4395 pcr
857 4325 1038 4388 ﬁdem,
1081 4334 1133 4378 et
1184 4322 1554 4377 remissionem
1593 4320 1878 4374 criminum
1925 4320 2151 4388 adeptus

578 4419 759 4485 luerit,
814 4414 1319 4486 exspectaveritqne
1352 4411 1604 4481 accipere
1654 4410 1887 4465 honores
1948 4410 2173 4465 sanctis.

2254 3318 2440 3388 μάτων
2481 3318 2710 3374 ἕπεσθαι
2737 3319 2843 3392 χρὴ
2887 3322 2998 3384 τοῖς
3035 3320 3249 3382 ἀνόπιν,
3290 3320 3469 3373 ἐκεῖνό
3498 3334 3698 3389 φαμεν,
3752 3318 3837 3372 ὅτι

2249 3411 2363 3474 τοῖς
2389 3411 2646 3482 μένουσιν
2673 3415 2731 3466 ὲν
2782 3411 3189 3484 πλημμελείαις
3224 3412 3286 3466 τὸ
3324 3412 3570 3483 κατηφὲς
3613 3413 3833 3472 οἰκεῖον,

2251 3505 2345 3558 καὶ
2394 3498 2823 3575 ἁρμοδιώτατον.
2882 3506 3232 3577 Προσδοκῶσι
3270 3506 3378 3578 γὰρ
3419 3505 3478 3558 οὐ
3522 3505 3689 3574 τιμὰς
3741 3506 3838 3558 καὶ

2252 3591 2568 3673 στεφοάνους,
2607 3595 2668 3647 οὐ
2702 3594 3046 3666 παράκλησιν
3078 3592 3176 3666 τὴν
3218 3595 3372 3665 παρὰ
3414 3593 3574 3659 Θεοῦ,
3614 3594 3836 3648 κόλασιν

2249 3682 2305 3735 δὲ
2364 3684 2586 3754 μᾶλλον,
2621 3686 2716 3739 καὶ
2750 3685 2883 3758 πῦρ,
2927 3687 3024 3742 καὶ
3059 3688 3279 3751 σκότος’
3314 3687 3370 3741 οἴ
3412 3703 3477 3756 γε
3528 3687 3634 3759 μὴν
3681 3682 3837 3751 ὄντες

2250 3775 2741 3847 ὲνξὰγαθουργίαις
2773 3780 2837 3849 τῇ
2878 3778 3052 3832 ἐλπίδι
3091 3780 3362 3852 χαίρουσι,
3406 3779 3551 3835 καθά
3596 3794 3761 3849 φησιν
3804 3781 3837 3832 ὁ

2251 3867 2525 3937 πάνσοφος
2558 3868 2770 3934 Παῦλος
2788 3887 2804 3903 ο
2832 3871 3135 3942 διαδέχεται
3163 3873 3270 3947 γὰρ
3302 3873 3363 3927 τὸ
3388 3872 3628 3936 ἐπιεικὲς
3650 3872 3835 3926 αὐτῶν

2250 3961 2283 4030 ὴ
2315 3961 2397 4024 εἰς
2420 3961 2760 4033 ἀπεράντους
2788 3960 2989 4026 αἰῶνας
3013 3962 3159 4028 δόξα,
3187 3964 3282 4019 καὶ
3306 3965 3510 4037 τρυφή·
3542 3964 3681 4031 πλὴν
3702 3965 3833 4017 ὅταν

2250 4051 2554 4123 ἐπιστρέψῃ
2578 4051 2715 4124 πρὸς
2736 4050 2960 4122 Κύριον,
2992 4052 3086 4106 καὶ
3103 4052 3130 4104 ὁ
3160 4050 3438 4115 πλείσταις
3465 4052 3619 4115 ὅσαις
3648 4051 3831 4121 ἀμαρ-

2249 4141 2393 4204 τίαις
2427 4141 2808 4212 ὲνισχημένος,
2850 4136 2969 4194 εἶτα
3006 4140 3269 4212 δικαιωθῇ
3311 4139 3399 4193 διὰ
3424 4139 3524 4210 τῆς
3569 4138 3827 4201 πίστεως,

2250 4233 2347 4286 καὶ
2398 4233 2694 4303 κομίσηται
2750 4233 2848 4303 μὲν
2906 4234 3014 4286 τῶν
3068 4231 3409 4302 αἰτιαμάτων
3463 4228 3563 4301 τὴν
3614 4228 3827 4297 ἄφεσιν,

2250 4324 2613 4395 προσδοκήσει
2669 4324 2725 4377 δὲ
2760 4324 2947 4387 λαϐεῖν
2983 4323 3075 4378 καὶ
3111 4322 3212 4386 τὰς
3253 4324 3367 4386 τοῖς
3414 4321 3591 4390 ἁγίοις
3634 4320 3829 4391 ηὐτρε-

2250 4415 2520 4486 πισμένας
2542 4416 2730 4486 τιμάς.
2761 4416 2894 4469 Τότε
2926 4416 2990 4486 δὴ
3014 4414 3381 4467 πεπαύσονται
3410 4413 3509 4484 μὲν
3533 4413 3590 4467 αἱ
3623 4412 3828 4483 ἡμέραι

578 4512 897 4574 destinatos,
936 4518 1063 4561 tunc
1107 4505 1395 4560 cessabunt
1446 4502 1562 4556 dies
1594 4500 1769 4555 luctus
1810 4501 1975 4569 ejus,
2022 4510 2079 4556 et
2116 4516 2146 4554 a

2257 4505 2343 4561 τοῦ
2372 4505 2603 4569 πένθους
2627 4506 2815 4569 αὐτοῦ,
2845 4504 3139 4578 καταλήξει
3164 4505 3221 4557 δὲ
3261 4504 3500 4574 ἱδρῶτος,
3540 4504 3636 4557 καὶ
3660 4519 3832 4572 κατη-

575 4604 774 4685 iuniore
823 4616 887 4655 ac
933 4599 1193 4654 mmstitia
1218 4596 1461 4651 desistet.
1495 4592 1788 4649 Confirmat
1819 4593 1972 4661 quasi
2004 4593 2149 4647 hunc

2257 4558 2433 4681 τρείας,
2472 4558 2685 4669 βεϐαιοῖ
2721 4558 2781 4652 at
2801 4558 3016 4670 ’ὥσπερ
3041 4558 3721 4669 ’ταυτηνὶ.τὴν”διάνοιαν
3765 4558 3831 4649 τὸ

575 4683 815 4754 sensum,
864 4690 1005 4757 quod
1056 4689 1311 4754 deinceps
1354 4689 1587 4754 positum
1618 4694 1701 4737 est
1729 4700 1744 4736 :
1775 4702 1795 4736 ι
1821 4683 1888 4737 Ει
1922 4683 2147 4751 populus

2257 4689 2451 4759 ἑφεξῆς
2481 4688 2989 4759 κείμενονειἝσται
3022 4688 3148 4760 γὰρ,
3172 4689 3482 4760 φησὶν,πᾶς
3508 4687 3538 4737 ὁ
3568 4686 3696 4750 λαός
3727 4704 3827 4742 σου

577 4795 701 4834 tuus
743 4780 923 4834 omnis
969 4776 1168 4845 justus,
1220 4794 1238 4825 ι
1269 4776 1317 4829 id
1368 4772 1876 4840 est,justiiicabitur
1924 4772 2148 4841 populus

2257 4783 2470 4850 Ξίκαιος,
2486 4783 2783 4847 »τουτέστμ
2809 4780 3229 4851 δικαιωθήσεται
3258 4779 3366 4843 πᾶς
3390 4779 3422 4833 ὁ
3447 4779 3532 4831 σοὶ
3560 4779 3829 4850 ἑπόμενος

575 4885 809 4942 quantus
837 4882 922 4927 est
951 4871 1189 4925 futurus.
1217 4865 1569 4934 Habeturque
1597 4865 1772 4919 oratio
1802 4874 2054 4934 tanquam
2078 4865 2145 4919 ad

2257 4874 2373 4937 λαός
2392 4891 2406 4904 ·
2440 4874 2554 4927 ἔστι
2591 4873 2647 4926 δὲ
2672 4875 2702 4927 ὀ
2741 4872 2899 4940 λόγος
2930 4871 3007 4935 ὡς
3036 4870 3171 4941 πρὸς
3211 4870 3312 4940 τὴν
3349 4868 3678 4940 Ἐκκλησίαν
3698 4887 3711 4901 ”
3741 4870 3825 4924 δι-

575 4966 872 5021 Ecclesiam
903 4983 918 5022 :
951 4961 1212 5035 justiiicat
1236 4969 1414 5013 autem
1442 4955 1666 5026 impiqu
1703 4953 1974 5018 Christus,
2021 4970 2144 5026 gra-

2257 4967 2397 5019 καιοϊ
2435 4965 2493 5022 δὲ
2521 4965 2758 5036 Χριστὸς
2792 4963 2887 5016 τὸν
2930 4959 3105 5031 ἀσεϐῆ
3151 4960 3335 5032 χάριτι
3389 4961 3482 5015 καί
3522 4961 3826 5033 φιλανθρω-

575 5059 646 5113 tia
672 5068 729 5111 et
764 5053 1117 5117 humanitate,
1146 5060 1203 5105 et
1238 5050 1359 5119 ipse
1391 5049 1553 5103 solvit
1578 5046 1647 5100 ab
1702 5045 1847 5100 omui
1915 5047 2144 5102 crimine

2257 5056 2372 5126 πίᾳ,
2420 5055 2514 5109 καὶ
2565 5055 2748 5124 ἀνίησι
2801 5051 3004 5115 παντὸς
3049 5051 3368 5122 αἰτιάματος
3422 5053 3550 5118 τοὺς
3598 5053 3824 5116 ἁλόντας

573 5163 669 5202 eos
701 5146 793 5217 qui
857 5143 1085 5201 convicti
1116 5150 1264 5198 sunt.
1292 5139 1425 5194 Nam
1477 5138 1602 5208 quis
1663 5137 1855 5191 horum
1917 5137 2144 5205 largitor

2257 5147 2431 5210 αὑτός.
2463 5145 2558 5208 Τίς
2586 5145 2694 5215 γὰρ
2740 5143 2894 5196 ἔσται
2925 5142 3036 5197 τῶν
3074 5141 3328 5197 τοιούτων
3353 5143 3381 5195 ὁ
3419 5143 3673 5214 χορηγὸς,
3708 5141 3824 5196 διαα

574 5241 665 5307 sit,
697 5237 1037 5309 signiﬁcavit,
1098 5249 1220 5288 cum
1273 5231 1485 5299 inquit:
1512 5228 1828 5284 Custodiens
1854 5226 2141 5296 plantatio-

2257 5239 2583 5309 μεμήνυκεν,
2602 5233 2773 5287 εἰπών
2797 5251 2811 5266 ’
2837 5233 3134 5288 Φυλάσσων
3159 5234 3223 5287 τὸ
3239 5234 3513 5305 φύτευμα,
3540 5234 3678 5305 ἔργα
3705 5251 3821 5305 χει-

577 5347 721 5396 nem,
750 5344 913 5399 opera
951 5340 1204 5381 manuum
1264 5336 1483 5378 suarum
1517 5322 1570 5375 in
1608 5319 1855 5391 gloriam.
1921 5319 2141 5375 Planta-

2257 5329 2353 5383 νῶν
2380 5326 2546 5382 αὐτοῦ
2564 5329 2645 5392 εἰς
2669 5326 2851 5391 δόξαν.
2896 5327 3151 5398 Φύτευμα
3171 5327 3282 5399 γάρ
3307 5329 3473 5397 ἐσμεν
3498 5326 3604 5379 τῶν
3635 5326 3819 5395 φυτῶν

573 5427 651 5478 tio
681 5423 824 5477 enim
856 5433 1044 5475 sumus
1073 5418 1374 5487 plantarum
1403 5413 1645 5469 omnium
1671 5424 1912 5466 nostrum
1946 5410 2145 5467 Serva-

2257 5421 2333 5474 τοῦ
2366 5418 2586 5473 πάντων
2632 5418 2790 5489 ἡμῶν
2829 5418 3080 5490 Σωτῆρος
3122 5418 3383 5488 Χριστοῦ,
3414 5420 3507 5473 καὶ
3535 5418 3696 5490 ἔργον
3721 5422 3820 5476 ao-

575 5516 707 5570 toris
755 5513 976 5579 Christi,
1003 5511 1227 5581 ejusque
1252 5522 1406 5577 opus.
1432 5504 1566 5561 Cum
1608 5518 1841 5575 namque
1895 5518 2145 5560 essemus

2257 5512 2331 5566 τοῦ
2356 5530 2368 5543 ’
2408 5511 2711 5582 ἀγριέλαιοι
2738 5510 2846 5582 γὰρ
2878 5510 3029 5573 ὄντες
3068 5509 3553 5581 ὲνεκεντρίσθημεν
3581 5511 3658 5572 είς
3688 5510 3820 5563 κα).-

572 5609 824 5671 oleaster,
860 5606 1014 5660 oliva:
1042 5603 1276 5674 pulchra:
1323 5598 1469 5655 insiti
1528 5612 1738 5665 sumus,
1777 5603 1980 5651 tantum
2033 5611 2141 5652 non

2257 5603 2494 5671 ιιὲλαιον,
2530 5602 2814 5673 μονονουχὶ
2840 5601 2934 5655 καὶ
2964 5599 3391 5673 αὑτουργοῦντος
3421 5601 3501 5666 είς
3533 5602 3565 5672 ἡ
3575 5601 3679 5672 μᾶς
3720 5600 3816 5654 τοῦ

646 5780 688 5811 ³⁸
719 5780 873 5836 Juan.
913 5795 1029 5845 rm,
1074 5780 1158 5834 l2.
1237 5779 1279 5811 ³¹
1309 5776 1462 5833 Joan.
1495 5790 1572 5841 lx,
1601 5772 1655 5829 5.
1733 5772 1777 5804 “
1804 5769 1958 5828 Joan.
2000 5786 2120 5839 vm,
2152 5774 2235 5831 12.
2312 5777 2360 5809 ³³
2392 5775 2578 5832 l'l'im.
2612 5791 2684 5845 rt,
2718 5778 2804 5833 l8.
