4140 6474
319 417 338 469 I
355 417 462 469 549

1465 403 1529 460 IN
1569 403 1798 461 ISAIAM
1842 402 1969 456 LIB.
2014 403 2075 456 ν.
2119 400 2356 457 TUMUS
2402 403 2461 456 ν.

3466 410 3599 463 i550

311 531 594 606 Χριστοῦο
627 531 690 584 οὐ
723 529 831 600 γὰρ
875 524 1141 599 πρέσϐυς,
1176 527 1278 581 οὐκ
1307 527 1557 596 ἄγγελος,
1591 526 1705 581 ἁλλ’
1757 522 1920 586 αὐτὸς

2024 531 2282 590 operante
2306 522 2357 575 in
2393 521 2549 577 nobis
2589 520 2825 576 Christo.
2860 522 2974 578 Non
3029 523 3173 580 enim
3220 523 3450 594 legatus,
3496 537 3599 576 non

310 628 345 680 6
370 623 579 695 Κύριος
604 620 809 674 ἔσωσεν
841 620 1009 690 ἡμᾶς.
1046 619 1192 691 ’Ἔφη
1221 617 1353 686 γοῦν
1396 617 1575 681 αὐτός·
1613 637 1631 667 ι
1670 617 1727 670 Ὁ
1744 614 1919 669 λαλῶν

310 717 575 788 πάρειμι.
594 731 718 764 ι--ι
733 710 1017 774 Ἔσταιδέ,
1032 711 1190 779 φησὶ,
1208 709 1300 763 καὶ
1315 711 1345 763 ὁ
1357 709 1631 777 ὀλιγοστὸς
1654 709 1731 770 είς
1743 707 1918 778 χιλιά-

312 809 439 876 δας,
479 808 572 861 καὶ
597 808 626 859 ὁ
671 805 954 875 ἐλάχιστος
993 806 1072 868 είς
1093 804 1252 870 ἔθνος
1272 804 1434 876 μέγα.
1465 822 1484 855 ι
1519 801 1634 855 Νῦν
1662 801 1761 872 μὲν
1789 801 1917 872 γὰρ,

309 901 624 963 τουτέστιν,
657 899 716 952 ἐν
737 897 814 968 τῷ
846 897 1005 952 αίῶνι
1023 895 1200 968 τούτῳ
1229 895 1536 966 κέκρυπται
1561 894 1667 948 τῶν
1690 893 1861 962 ἁγίων
1884 894 1916 963 ἡ

309 995 471 1062 δόξα,
505 995 604 1048 καὶ
639 992 700 1046 τό
732 1008 795 1060 γε
823 986 960 1062 ἧκον
999 993 1080 1056 είς
1109 990 1431 1055 ἀλαζονείας
1478 988 1753 1060 κοσμικὰς
1797 986 1919 1040 ἐλά-

312 1085 500 1156 χιστοί
526 1101 676 1148 τινες
731 1079 872 1137 εἶναι
918 1081 1169 1136 δοκοῦσιν
1216 1083 1317 1136 οὐκ
1359 1081 1572 1152 ἔχοντες
1615 1079 1774 1146 δόξαν
1822 1079 1920 1149 ἐμο

314 1182 491 1250 φανὴ.
534 1175 980 1247 Ἐπιλάμψαντος
1005 1174 1062 1229 δέ
1095 1173 1258 1230 πάλιν
1284 1175 1344 1240 ἐξ
1384 1172 1631 1246 οὐρανῶν
1660 1170 1754 1226 τοῦ
1783 1171 1915 1242 Χρι-

318 1273 453 1328 στοῦ
483 1273 543 1327 τὸ
590 1268 868 1342 τηνικάδε,
899 1267 998 1323 καὶ
1024 1270 1053 1322 6
1097 1266 1377 1339 νομισθεὶς
1425 1265 1708 1337 ἐλάχιστος
1753 1258 1893 1316 εἶναι

317 1369 419 1421 καὶ
466 1364 749 1435 ὀλιγοστὸς
796 1361 950 1417 ἔσται
997 1363 1078 1425 είς
1116 1360 1269 1424 ἔθνος
1316 1359 1479 1430 μέγα.
1528 1355 1918 1427 Καθηγήσεται

316 1459 435 1529 γὰρ
465 1457 634 1522 λαῶν,
665 1455 760 1510 καὶ
799 1451 1160 1524 ἡγεμονεύσει
1202 1449 1438 1514 πολλῶν,
1469 1448 1566 1504 ἁτε
1603 1447 1667 1517 δὴ
1697 1445 1788 1498 τὸν
1823 1444 1914 1498 εὐ-

316 1552 550 1621 δόκιμον
586 1551 647 1603 ἐν
677 1547 815 1619 τῷδε
855 1546 933 1617 τῷ
964 1544 1065 1617 βίῳ
1092 1542 1350 1606 διανύσας
1381 1541 1580 1614 δρόμον
1600 1555 1615 1571 ο
1647 1535 1918 1592 καὶτοῦτο

318 1643 470 1698 ἔστιν
496 1642 623 1696 ίδεῖν
666 1641 726 1708 ἐξ
764 1635 840 1694 ὧν
869 1638 973 1708 ἔφη
1018 1635 1287 1708 Χριστός·
1312 1636 1424 1699 τοῖς
1451 1633 1559 1706 γὰρ
1601 1630 1918 1692 ἀποστόλοις

317 1734 665 1806 προσλαλῶν·
704 1752 724 1785 ι
762 1733 931 1787 Ὅταν
960 1733 988 1785 ὁ
1039 1729 1168 1793 Υίὸς
1211 1727 1304 1782 τοῦ
1353 1725 1648 1799 ἀνθρώπου
1689 1722 1913 1792 καθίσῃ,

318 1830 492 1900 φησὶν
511 1870 526 1892 ,
585 1827 683 1882 ἐπὶ
707 1825 898 1897 θρόνου
935 1823 1094 1894 δόξης
1124 1820 1311 1888 αὐτοῦ,
1353 1819 1474 1873 τότε
1501 1819 1596 1872 καὶ
1636 1817 1790 1887 ὑμεῖς
1821 1831 1919 1866 κα-

2031 613 2281 684 angelus,
2317 614 2408 668 sed
2446 613 2558 682 ipse
2593 612 2850 668 Dominus
2880 617 3118 670 servavit
3150 631 3266 669 nos.
3307 615 3451 670 Dixit
3497 615 3598 668 ita-

2023 719 2128 776 que
2150 707 2266 775 ipse
2297 721 2309 756 :
2343 723 2360 756 ι
2387 704 2487 772 Qui
2522 704 2734 774 loquor,
2762 705 2950 761 adsum
2985 707 3051 762 ³⁵.
3093 726 3111 758 ι
3143 738 3208 746 -
3235 727 3252 758 ‹
3289 706 3389 774 Qui
3420 719 3601 760 autent

2023 794 2229 862 patiens
2258 804 2361 860 est,
2407 795 2599 864 inquit,
2631 797 2733 850 erit
2763 797 2815 850 in
2854 797 3044 865 millia,
3098 808 3152 852 et
3197 799 3286 867 qui
3327 799 3599 861 mittimus,

2023 887 2078 940 in
2111 895 2322 956 gentem
2359 902 2631 957 magnam.
2660 910 2678 940 ι
2709 887 2864 943 Nunc
2917 889 3084 955 enim,
3124 890 3176 942 id
3231 898 3332 954 est,
3382 889 3432 942 in
3488 891 3602 941 hoc

2021 980 2242 1044 saeculo,
2274 981 2543 1036 occultata
2576 990 2660 1037 est
2690 981 2859 1054 gloria
2878 991 3216 1045 sanctorum,
3240 991 3291 1036 et
3323 981 3366 1036 si
3403 979 3600 1033 fastum

2023 1072 2208 1126 mundi
2243 1071 2523 1142 respicias,
2583 1072 2793 1126 minimi
2833 1087 2953 1129 esse
3015 1072 3282 1138 videntur,
3313 1071 3404 1141 qui
3479 1070 3604 1124 illu-

2023 1172 2192 1218 strem
2232 1178 2340 1216 non
2368 1163 2569 1218 habent
2603 1164 2975 1235 gloriam;sed
2999 1178 3187 1220 rursus
3231 1163 3319 1218 ubi
3369 1162 3604 1218 illuxerit

2021 1255 2087 1308 de
2122 1254 2263 1309 ccelo
2291 1253 2560 1321 Christus,
2593 1267 2722 1311 tunc
2759 1257 2921 1312 etiam
2964 1255 3054 1325 qui
3106 1256 3320 1310 habitus
3350 1263 3432 1309 est
3498 1253 3602 1307 mi-

2020 1344 2202 1400 nimus
2225 1351 2280 1400 et
2306 1360 2534 1416 pauens,
2563 1347 2665 1400 erit
2694 1346 2747 1401 in
2782 1361 3030 1417 magnam
3062 1356 3296 1416 gentem.
3340 1344 3605 1398 Przeiicie-

2022 1441 2110 1488 tur
2139 1434 2285 1489 enim
2321 1434 2534 1505 populis
2567 1445 2620 1490 et
2669 1435 3002 1505 imperitabit
3045 1435 3252 1500 multis,
3305 1445 3490 1505 utpote
3550 1434 3603 1487 in

2020 1525 2122 1579 hac
2147 1524 2256 1579 vita
2289 1526 2538 1581 confecto
2564 1541 2724 1582 cursu
2770 1526 3050 1585 laudabili.
3093 1526 3247 1593 Quod
3285 1527 3470 1581 videre
3496 1537 3600 1590 esu

2020 1630 2087 1670 ex
2129 1618 2215 1674 his
2245 1633 2367 1690 quae
2390 1618 2818 1676 dixitChristus.
2855 1618 2991 1673 Nam
3051 1619 3250 1674 aﬂ‘atus
3312 1618 3604 1689 apostolos,

2023 1709 2244 1780 inquit:
2272 1731 2291 1764 ε
2326 1712 2462 1768 Cum
2485 1711 2657 1768 Filius
2674 1711 2909 1767 hominis
2940 1711 3148 1766 sedebit
3176 1709 3342 1781 857
3373 1711 3425 1762 iu
3455 1708 3602 1764 thro-

2020 1817 2092 1857 no
2116 1802 2299 1873 glorite
2321 1819 2453 1868 suae,
2479 1812 2606 1858 tunc
2633 1804 2795 1858 etiam
2827 1803 3084 1858 sedebitis
3119 1802 3282 1858 vosin
3319 1801 3602 1856 duodecim

321 1892 546 1975 θίσεσθε
601 1919 696 1973 ἐπὶ
736 1892 944 1971 δώδεκα
987 1892 1216 1987 θρόνων,
1265 1913 1544 1986 κρίνοντες
1585 1909 1682 1972 τὰς
1712 1905 1921 1961 δώδεκα

2025 1896 2233 1953 thronis
2269 1895 2572 1967 iudicantes
2612 1894 2894 1950 duodecim
2925 1893 3099 1948 tribus
3133 1892 3294 1947 Israel
3320 1892 3386 1944 ³⁵.
3420 1911 3439 1944 ι
3462 1892 3602 1958 Quin

319 2013 497 2084 φυλὰς
534 2012 630 2066 τοῦ
667 2011 902 2082 Ἰσραήλ.
936 2029 956 2062 ι
997 2008 1160 2062 Ἀλλὰ
1207 2005 1317 2078 γάρ
1363 2004 1459 2059 καὶ
1504 2005 1561 2056 ἐν
1591 2004 1658 2073 τῇ
1687 1999 1794 2054 τῶν
1826 2015 1921 2053 τα-

318 2106 534 2160 λάντων
578 2103 898 2174 διανεμήσει
933 2099 1250 2172 εὑρίσκεται
1281 2097 1474 2166 λέγων,
1510 2117 1528 2147 ι
1567 2094 1698 2146 Ἔσο
1737 2089 1924 2144 ἐπάνω

317 2199 456 2253 δέκα
505 2195 708 2267 φυλῶψ
751 2215 770 2247 ι
807 2193 1019 2266 ἑτέροις
1065 2191 1122 2245 δέ
1163 2190 1263 2262 τὴν
1310 2189 1449 2259 μείω
1474 2185 1658 2241 δίδωσι
1703 2184 1918 2254 μοῖραν·

327 2311 344 2342 ι
386 2291 522 2342 "Eoo
560 2288 705 2359 γὰρ,
747 2287 934 2356 φησὶν,
997 2283 1183 2338 ἐπάνω
1246 2280 1410 2334 πέντε
1457 2277 1681 2332 πόλεων.
1718 2292 1738 2327 ι
1789 2275 1922 2327 Ἰσοο

323 2378 632 2434 στατοῦσάν
664 2395 766 2430 που
814 2376 1034 2438 πάντως
1074 2375 1196 2437 ταῖς
1227 2370 1552 2432 ἐπιεικείαις
1599 2365 1779 2420 αὐτῶν
1823 2363 1922 2436 τὴν

319 2471 674 2544 ἀντιμισθίαν
703 2471 933 2542 ὀρέγων,
972 2470 1068 2521 καὶ
1093 2466 1190 2538 τὴν
1223 2465 1440 2535 ἐκάστῳ
1483 2459 1800 2532 πρέπουσαν
1826 2470 1922 2510 τα-

318 2563 598 2619 λαντεύων
617 2564 809 2634 τιμήν.
857 2562 975 2614 Ἐπ’
1022 2559 1173 2631 αὐτῷ
1209 2558 1276 2630 δὴ
1306 2552 1398 2612 οὖν
1442 2553 1618 2624 τούτῳ
1641 2551 1922 2623 χαίροντες

319 2659 372 2710 oi
413 2655 560 2724 ἁγιοί
585 2672 770 2725 φασιν·
806 2673 824 2705 ι
870 2650 1138 2716 ’Υπέταξε
1168 2651 1332 2713 λαοὺς
1362 2651 1517 2720 ημῖν,
1542 2646 1637 2700 καὶ
1663 2644 1789 2714 ἔθνη
1817 2639 1925 2695 ὑπὸ

320 2751 453 2811 τοὺς
484 2747 650 2810 πόδας
689 2745 869 2818 ήμῶν.
912 2765 929 2797 t
975 2743 1116 2808 Τούς
1151 2759 1217 2812 γε
1253 2741 1360 2814 μὴν
1403 2739 1722 2810 ἐλαχίστους
1764 2749 1922 2804 νομι-

322 2840 556 2904 σθέντας
583 2835 724 2892 εἶναι
771 2837 916 2891 κατὰ
955 2836 1046 2890 τὸν
1084 2835 1218 2907 βίον,
1251 2829 1371 2886 εἶτα
1401 2830 1692 2902 γεγονότας
1731 2828 1810 2888 είς
1839 2842 1923 2896 χι-

321 2933 536 2995 λιάδας,
592 2931 689 2985 καὶ
738 2931 819 2993 είς
847 2928 999 2992 ἔθνος
1030 2927 1192 3000 μέγα.
1231 2944 1249 2977 ι
1305 2923 1468 2992 Ἐγὼ,
1512 2921 1693 2992 φησιν,
1735 2921 1763 2972 6
1789 2917 1925 2970 πάν-

320 3043 434 3080 των
483 3024 714 3095 Κύριος,
773 3021 986 3089 συνάξω
1035 3018 1177 3074 κατὰ
1211 3019 1500 3089 καιροὺς,›
1536 3014 1665 3077 τοὺς
1715 3012 1813 3083 τῆς
1862 3007 1925 3075 ἐξ

320 3117 576 3191 οὐρανῶν
629 3116 926 3188 ἐπιδημίας
971 3113 1233 3185 δηλονότι.
1289 3111 1423 3164 Τότε
1456 3108 1564 3179 γὰρ
1615 3107 1768 3159 ἔσται
1811 3104 1923 3166 τοῖς

322 3211 506 3282 ἁγίοις
539 3213 572 3282 ή
606 3209 809 3270 παντὸς
835 3209 1137 3272 ἀπόλαυσις
1171 3205 1405 3277 ἁγαθοῦο
1428 3203 1479 3259 οἳ
1503 3201 1598 3256 κα)⁵
1635 3196 1922 3273 ἁρπασθή-

2022 1997 2078 2044 et
2117 1988 2173 2043 in
2217 1986 2596 2042 distributione
2635 1983 2956 2040 talentorum
3003 1984 3308 2040 invenimus
3349 1997 3472 2037 eum
3517 1985 3603 2036 di-

2023 2096 2148 2138 cere
2174 2097 2187 2133 :
2222 2099 2240 2132 ι
2265 2081 2395 2135 Esto
2417 2094 2578 2150 super
2596 2079 2780 2133 decem
2805 2076 3007 2144 tribus;
3035 2096 3052 2129 ι
3077 2075 3195 2130 aliis
3221 2087 3399 2129 autem
3435 2073 3617 2128 mino-

2022 2188 2136 2228 rem
2166 2172 2398 2242 largitur
2440 2169 2764 2240 portionem.
2800 2186 2820 2220 ι
2864 2167 2993 2222 Esto
3021 2167 3188 2229 enim,
3223 2164 3417 2234 inquit,
3443 2179 3606 2232 super

2021 2265 2261 2335 quinque
2289 2263 2536 2316 civitates
2561 2259 2628 2325 ³⁸,
2674 2279 2692 2311 ι
2723 2257 2976 2329 probitati
3002 2259 3242 2327 ipsorum
3269 2271 3456 2325 parem
3493 2256 3603 2308 uti-

2023 2369 2129 2426 que
2150 2353 2459 2408 mercedem
2480 2352 2744 2415 tribuens,
2778 2360 2834 2405 et
2856 2350 3054 2419 cuique
3075 2349 3490 2402 convenientem
3519 2357 3604 2399 ta-

2022 2446 2294 2500 lentorum
2334 2444 2616 2498 honorem.
2668 2443 2898 2511 Ideoque
2945 2442 3242 2510 gaudentes
3277 2439 3474 2503 sancti,
3524 2439 3607 2493 di-

2021 2547 2225 2595 cunt”
2251 2535 2494 2604 Subjecit
2521 2533 2744 2605 populos
2776 2535 2932 2589 nobis
2951 2543 3208 2603 etgentes
3243 2533 3343 2587 sub
3377 2532 3609 2600 pedibus

2023 2629 2308 2686 nostris".
2331 2647 2350 2681 ι
2372 2628 2622 2682 Minimos
2659 2634 2838 2680 autem
2876 2625 2927 2678 in
2954 2625 3065 2680 vita
3091 2633 3391 2689 repulatos,
3411 2622 3608 2677 deinde

2024 2725 2078 2779 in
2103 2723 2270 2778 millia
2302 2731 2357 2776 et
2388 2722 2441 2774 in
2466 2729 2679 2790 gentem
2709 2733 2960 2790 magnam
2990 2715 3370 2786 .ampliticatos.
3412 2733 3432 2765 σ
3469 2715 3606 2784 Ego,

2024 2817 2217 2888 inquit,
2233 2815 2474 2870 omnium
2498 2813 2758 2868 Dominus
2792 2812 3131 2881 congregabo
3165 2824 3264 2865 suo
3291 2816 3556 2876 tempore,
3583 2824 3603 2857 ι

2024 2911 2286 2965 adventus
2318 2904 2527 2960 scilicet
2565 2903 2632 2958 de
2665 2903 2823 2957 rmlo.
2858 2901 3013 2955 Tunc
3058 2900 3202 2954 enim
3246 2897 3421 2952 sancti
3457 2893 3610 2950 omni

2024 3004 2166 3057 hono
2197 2999 2446 3053 fruentur
2463 2995 2553 3064 qui
2579 2994 2878 3062 rapientur,
2913 3001 2970 3044 ut
3002 2989 3434 3060 sapientissimus
3467 2984 3608 3040 Pau-

2023 3095 2108 3150 lus
2142 3091 2336 3161 inquit,
2380 3090 2436 3144 in
2460 3087 2698 3143 nubibus
2747 3087 2800 3139 in
2841 3099 3123 3139 occursum
3180 3082 3391 3138 Domini
3434 3081 3485 3135 in
3518 3095 3610 3135 ae-

2025 3204 2174 3256 rem;
2230 3188 2414 3256 itaque
2468 3197 2688 3253 semper
2741 3197 2864 3236 cum
2909 3179 3138 3233 Domino
3173 3178 3380 3232 erimus
3422 3176 3490 3240 ³⁸,
3523 3175 3614 3230 vel

324 3270 533 3368 comat,
561 3270 711 3359 καθά
737 3320 902 3375 φησιν
927 3305 956 3356 6
986 3270 1262 3371 πάνσοφος
1301 3297 1536 3361 Παῦλος,
1571 3297 1630 3348 ἐν
1669 3270 1920 3362 νεφέλαις

2026 3291 2210 3343 erunt,
2238 3278 2458 3333 aeternis
2481 3275 2922 3331 circumﬂuentes
2954 3270 3274 3324 honoribus.

323 3357 406 3466 είς
434 3357 867 3470 ἁπάντησινιτοῦ
893 3395 1103 3465 Κυρίου
1137 3357 1217 3456 είς
1241 3357 1403 3460 ἁέρα,
1431 3357 1572 3442 οὕτω
1598 3402 1659 3438 τε
1713 3357 1944 3436 πάντοτε
1979 3374 2079 3430 σὺν
2145 3368 2338 3441 Κυρίῳ
2371 3364 2611 3436 ἐσόμεθα
2642 3365 2765 3426 ταῖς
2814 3360 3195 3431 ἁτελευτήτοις
3235 3357 3609 3431 ἐντρυφῶντες

321 3512 515 3566 τιμαις

397 3554 645 3656 Πνεῦμα
673 3583 896 3651 Κυρίου
926 3580 1018 3636 ἐπ’
1040 3580 1165 3650 ἐμὲ,
1202 3554 1277 3634 οῦ
1315 3578 1548 3631 εἵνεκεν
1573 3566 1779 3641 ἔχρισέ
1804 3581 1913 3636 με,

323 3683 840 3754 εὐαγγελίσασθαι
860 3677 1117 3744 πτωχοῖς
1141 3669 1489 3728 ἀπέσταλκέ
1516 3682 1613 3737 με,
1633 3660 1918 3718 ἰάσασθαι

325 3752 474 3841 τοὺς
526 3769 1079 3840 συντετριμμένους
1147 3766 1264 3833 τὴν
1326 3762 1616 3831 καρδίαν,
1669 3752 1918 3824 κηρῦξαι

324 3867 730 3938 αἰχμαλώτοις
774 3863 1031 3934 ἄφεσιν,
1087 3861 1186 3915 καὶ
1235 3855 1490 3927 τυφλοῖς
1551 3849 1917 3917 ἀνάϐλεψιν,

326 3962 590 4016 καλέσαι
619 3957 902 4014 ἐνιαυτὸν
949 3957 1174 4026 Κυρίου
1231 3950 1450 4007 δεκτόν
1477 3989 1491 4014 ,
1542 3945 1642 4001 καί
1694 3941 1923 4013 ⁴ἡμέραν

325 4053 822 4118 ἀνταποδόσεως,
872 4047 1294 4117 παρακαλέσαι
1333 4042 1565 4107 πάντας
1610 4037 1753 4103 τοὺς
1775 4050 1923 4089 πεν-

328 4147 614 4212 θοῦντας,
649 4143 902 4213 δοθῆναι
930 4139 1057 4205 τοῖς
1077 4135 1374 4191 πενθοῦσι
1400 4131 1554 4186 Σιὼν
1573 4129 1761 4193 δόξαν
1785 4124 1933 4182 ἀντὶ

326 4239 569 4296 σποδοῦ
593 4277 608 4301 ,
664 4236 927 4304 ἄλειμμα
980 4228 1366 4300 εὐφροσύνης
1425 4223 1551 4289 τοῖς
1594 4217 1922 4274 πενθοῦσιν

328 4330 433 4384 καί
481 4324 874 4393 καταστολὴν
935 4320 1123 4392 δόξης
1182 4318 1320 4374 ἀντὶ
1383 4315 1725 4384 πνεύματος
1780 4309 1924 4378 ἀκη-

330 4419 486 4473 δίας.

416 4438 432 4471 ι
475 4457 486 4472 .

515 4509 572 4562 ἐν
594 4508 708 4570 τοῖς
739 4505 934 4558 ἁνόπιν
964 4501 1138 4556 εἰπὼν
1175 4500 1306 4572 περὶ
1332 4496 1442 4552 τῶν
1470 4497 1529 4550 ἐν
1560 4492 1746 4547 πίστει
1789 4491 1926 4562 κλη-

2099 3549 2230 3606 Cn.
2262 3546 2395 3601 LXI.
2431 3543 2597 3598 Vens.
2631 3543 2749 3597 ινδ.
2784 3540 3017 3611 Spiritus
3050 3540 3262 3594 Domini
3299 3552 3456 3608 super
3503 3555 3609 3601 me,

2024 3653 2235 3715 propter
2252 3642 2390 3712 quod
2423 3639 2574 3692 unxit
2601 3653 2713 3702 me;
2747 3633 3108 3704 erangeliznre
3130 3633 3449 3701 pauperibus
3466 3634 3608 3687 misit

2025 3753 2132 3802 me,
2174 3749 2366 3790 sanare
2408 3731 2661 3784 contrito:
2712 3729 2889 3791 corde,
2932 3727 3226 3797 prwdicare
3271 3725 3488 3794 captivis
3532 3741 3610 3779 re-

2027 3827 2349 3890 missionem,
2389 3833 2437 3878 et
2471 3824 2624 3877 cwcis
2671 3823 2862 3887 visum,
2910 3835 3095 3873 uocare
3145 3834 3345 3872 annum
3396 3817 3622 3871 Domini

2029 3918 2421 3986 acceptabilem,
2452 3925 2502 3969 et
2535 3916 2673 3969 diem
2705 3912 3086 3976 retributionis,
3124 3909 3392 3965 consolari
3432 3927 3612 3964 omnes

2022 4013 2275 4082 lugentes,
2311 4019 2366 4062 ut
2393 4009 2548 4060 detur
2580 4002 2881 4074 lugentibus
2910 4002 3043 4058 Sion
3073 4001 3244 4072 gloria
3271 4016 3367 4070 pro
3414 4001 3609 4065 cinere,

2023 4101 2202 4155 unctio
2233 4098 2428 4152 (milite
2456 4093 2774 4165 lugentibus,
2809 4101 2856 4146 et
2884 4092 3107 4145 amictus
3140 4090 3329 4160 giarice
3365 4107 3461 4162 pro
3503 4090 3612 4162 spi-

2022 4192 2135 4245 ritu
2162 4189 2415 4243 maeroris.

2097 4501 2200 4569 Qui
2243 4502 2292 4555 in
2322 4494 2696 4568 superioribus
2725 4494 2860 4550 dixit
2893 4493 2960 4550 de
2987 4492 3242 4558 vocandis
3269 4507 3367 4562 per
3390 4491 3549 4546 ﬁdem
3594 4511 3608 4548 :

332 4599 683 4673 θησομένων·
753 4617 773 4648 ‹
810 4594 954 4666 Ἐγὼ
995 4593 1201 4665 Κύριος
1259 4589 1402 4646 κατὰ
1453 4585 1682 4658 καιροὺς
1711 4581 1921 4646 συνάξω

2035 4614 2053 4648 ι
2088 4595 2199 4666 Ego
2240 4591 2516 4649 Dominus,
2550 4587 2605 4641 in
2652 4595 2899 4658 tempore
2948 4584 3290 4654 congregabo
3324 4597 3418 4638 eos
3459 4583 3526 4647 ",
3588 4603 3606 4634 ι

329 4694 550 4756 αὐτοὺς,
588 4709 606 4741 ι
633 4688 709 4752 ὡς
757 4685 1118 4758 ἐνεστηκότος
1166 4684 1270 4754 ἤδη
1321 4680 1417 4734 τοῦ
1451 4676 1669 4750 καιροῦ,
1697 4674 1819 4730 καθ’
1863 4673 1923 4727 ὃν

329 4783 675 4854 ἐπήγγελται
704 4780 1053 4851 συναγείρειν
1087 4775 1306 4841 αὐτοὺς,
1331 4773 1426 4828 καὶ
1457 4771 1533 4834 ὡς
1561 4770 1664 4841 ἤδη
1695 4767 1926 4839 γενόμε-

330 4897 421 4943 νος
448 4875 547 4931 ἁνθ
559 4889 764 4946 ρωπος,
785 4873 882 4928 καὶ
908 4873 1008 4943 τὴν
1035 4869 1175 4941 πρὸς
1192 4868 1343 4941 ἡμᾶς
1371 4864 1632 4936 ὁμοίωσιν
1653 4859 1923 4925 ὑπελθὼν,

330 4970 420 5025 καὶ
457 4966 648 5029 καθεὶς
683 4964 878 5018 ἐαυτὸν
932 4965 1014 5026 εἰς
1059 4960 1325 5025 κένωσιν,
1362 4975 1381 5009 ι
1411 4954 1640 5025 Πνεῦμα
1690 4951 1924 5023 Κυρίου,

333 5059 523 5132 φησιν,
548 5059 634 5111 ἐπ’
674 5055 797 5128 ἐμὲ,
827 5074 846 5107 ι
878 5055 1055 5108 καίτοι
1095 5051 1255 5122 φύσει
1280 5049 1412 5114 Θεὸς
1432 5047 1740 5119 ὑπάρχων-ὸ
1757 5048 1928 5100 Μονο-

330 5152 712 5223 γενὴςἊγιος
741 5149 914 5218 ἁγίων
962 5149 1102 5213 ἐστὶ,
1151 5147 1245 5202 atati.
1293 5146 1474 5200 πᾶσαν
1501 5142 1665 5206 αὐτὸς
1705 5138 1922 5210 ἁγιάζει

331 5245 432 5316 τὴν
465 5244 669 5309 κτίσιν,
706 5242 803 5296 ἁτε
841 5241 906 5313 δὴ
950 5241 1047 5294 καὶ
1079 5239 1140 5304 ἐξ
1170 5238 1329 5307 ἁγίου
1383 5235 1598 5308 Πατρὸς
1624 5229 1919 5302 πεφυκὼς,

333 5337 430 5390 καὶ
458 5335 520 5388 τὸ
543 5333 604 5399 ἐξ
654 5330 822 5386 αὑτοῦ
851 5330 1220 5403 προχεόμενον
1253 5325 1505 5403 Πνεῦμα,
1538 5325 1635 5380 καὶ
1664 5326 1784 5386 ταῖς
1812 5323 1925 5377 ἄνω

333 5428 633 5499 δυνάμεσιν
688 5425 892 5490 ἐνιεὶς,
951 5424 1028 5488 ὡς
1078 5422 1298 5487 ἑαυτοῦ,
1342 5399 1460 5475 ’καὶ
1526 5419 1753 5491 προσέτι
1812 5418 1926 5481 τοῖς

335 5519 676 5589 ἐπεγνωκόσι
693 5519 793 5589 τὴν
814 5517 1143 5587 ἐπιφάνειαν
1170 5513 1357 5570 αὑτοῦ.
1383 5513 1508 5577 Πῶς
1530 5509 1623 5566 οῦν
1645 5507 1924 5582 ήγιάζετο;

334 5612 467 5677 Θεὸς
505 5612 614 5683 γὰρ
639 5611 902 5682 ὑπάρχων
933 5608 1071 5680 ὁμοῦ
1122 5608 1218 5662 καὶ
1252 5606 1540 5677 ἄνθρωπος
1567 5606 1595 5658 6
1639 5604 1823 5668 αὐτὸς,
1851 5602 1929 5655 δίε

333 5706 464 5758 δωσι
495 5703 594 5775 μὲν
625 5702 822 5766 θεῐκῶς
852 5703 913 5756 τὸ
943 5700 1159 5773 πνεῦμα
1188 5702 1255 5772 τῇ
1281 5699 1478 5766 κτίσει,
1496 5698 1708 5770 δέχεται
1739 5696 1796 5750 δὲ
1833 5697 1932 5749 αὐ-

408 5822 471 5852 ³³⁶
497 5820 600 5875 Isa.
630 5837 784 5888 Lxm,
816 5820 870 5874 9.

340 5889 426 5948 16.
504 5893 546 5924 ³⁸
571 5892 673 5946 Isa.
704 5908 796 5960 ωε,
828 5891 920 5945 22.

2025 4688 2193 4745 veluti
2217 4687 2330 4758 jam
2381 4684 2621 4738 instante
2658 4691 2921 4750 tempore,
2955 4692 3062 4748 quo
3111 4675 3362 4748 promisit
3405 4691 3498 4730 eos
3556 4690 3616 4729 se

2029 4792 2370 4840 coacturum,
2407 4783 2461 4832 et
2494 4774 2650 4846 quasi
2681 4773 2856 4827 factus
2881 4770 2994 4842 jam
3029 4771 3216 4836 homo,
3255 4777 3311 4824 et
3359 4767 3614 4824 similitu-

2030 4877 2212 4932 dinem
2264 4879 2505 4926 nostram
2558 4865 2882 4935 suscipiens,
2932 4872 2988 4918 et
3037 4877 3095 4917 se
3147 4861 3214 4915 ad
3259 4860 3610 4914 iuanitionem

2029 4965 2393 5027 submittens,
2464 4977 2484 5013 ι
2543 4958 2782 5029 Spiritus
2826 4955 3064 5020 Domini,
3157 4955 3351 5023 inquit,
3455 4967 3617 5022 super

2033 5072 2149 5122 me;
2190 5075 2208 5108 ι
2243 5053 2499 5126 quoniam
2531 5061 2723 5105 natura
2766 5047 2911 5103 Deus
2962 5046 3235 5102 exsistens
3295 5043 3615 5112 Unigenitns

2031 5146 2264 5201 Sanctus
2319 5143 2388 5199 sit
2433 5149 2769 5204 sanctorum,
2815 5143 2870 5191 et
2915 5150 3136 5192 omnem
3190 5134 3307 5204 ipse
3364 5144 3614 5188 naturam

2027 5237 2353 5303 sanetilicet,
2394 5241 2581 5304 utpote
2626 5246 2693 5286 ex
2727 5237 2918 5286 sancto
2952 5228 3115 5284 Patre
3159 5234 3337 5293 natus,
3387 5241 3618 5296 cumque

2023 5348 2089 5388 ex
2121 5346 2179 5387 se
2209 5330 2591 5401 procedentem
2635 5324 2898 5394 Spiritum
2943 5323 3200 5378 immittat
3247 5321 3461 5390 superis
3522 5337 3618 5390 po.-

2028 5423 2311 5479 testatibus
2337 5421 2472 5486 suis,
2505 5429 2558 5474 et
2587 5433 2749 5488 porro
2807 5417 3204 5487 apparitionem
3237 5415 3404 5484 ipsius
3444 5429 3614 5478 agun-

2029 5513 2330 5579 scentibus,
2364 5512 2633 5583 quomodo
2675 5510 2838 5580 igitur
2887 5509 3258 5565 sanctificatus
3310 5505 3428 5561 est?
3469 5503 3614 5558 Deus

2031 5621 2222 5678 nempe
2254 5621 2378 5661 cum
2434 5604 2507 5659 sit
2548 5604 2800 5672 idemque
2836 5602 3024 5668 homo,
3057 5601 3149 5656 dat
3177 5599 3428 5670 Spiritum
3460 5611 3625 5673 crea-~

2033 5709 2168 5756 turae
2203 5695 2430 5755 Deitatis
2465 5696 2697 5760 ratione,
2732 5694 2928 5764 accipit
2960 5703 3141 5748 autem
3182 5692 3330 5746 illum
3357 5705 3384 5743 a
3412 5688 3522 5745 Deo
3561 5684 3626 5741 et?

952 5821 996 5851 ’δ
1032 5821 1136 5876 Isa.
1173 5836 1273 5888 LII,
1306 5817 1361 5874 6.
1441 5819 1485 5851 ³⁸
1516 5817 1708 5878 Matth.
1744 5833 1856 5885 nx,
1892 5815 1921 5870 Ξ

2062 5818 2105 5850 ³⁸
2143 5815 2277 5874 Luc.
2315 5832 2430 5884 xxx,
2454 5815 2541 5869 I7.
2623 5813 2663 5845 ³⁷
2696 5811 2835 5868 Psal.
2866 5827 3008 5880 XLVI,
3038 5814 3088 5866 4.
3169 5808 3255 5862 ³⁸1
3298 5809 3492 5864 Thess.
3538 5821 3611 5874 tv,
