4140 6526
515 403 645 459 1551

1432 436 1436 440 -
1497 395 1553 449 S.
1594 391 1870 449 CYBILLI
1909 391 2376 446 ALEXANDRINI
2415 389 2736 446 ARCHIEP.

3629 351 3767 445 155's

513 522 695 580 Patre.
734 520 940 574 ratione
974 512 1340 572 humanitatis.
1376 512 1525 568 llanc
1551 513 1784 568 dicimus
1822 526 1944 567 esse
1989 527 2090 566 un-

2199 511 2253 562 τὸ
2276 528 2348 563 πα
2359 509 2427 581 ρὰ
2462 509 2558 562 τοῦ
2587 508 2722 562 Θεοῦ
2768 508 2858 562 καὶ
2892 507 3125 578 Πατρὸς,
3152 506 3294 562 κατὰ
3313 505 3376 560 τὸ
3401 504 3760 577 ἀνθρώπινον.

513 614 772 667 ctionem.
815 608 986 681 858
1039 607 1378 676 Causamque
1426 603 1781 657 humanitatis
1827 601 2086 656 declarat.

515 701 647 755 Cum
678 698 822 754 enim
849 698 1096 759 dixisset,
1139 710 1165 747 a
1211 693 1392 759 Patre,
1431 691 1675 762 adjnnxit
1722 689 2027 744 necessario
2073 707 2087 741 :

520 813 538 843 ε
576 792 651 846 Eo
679 791 820 860 quod
844 789 1000 844 unxit
1032 802 1148 854 me,
1169 785 1543 854 evangelizarc
1571 784 1896 852 pauperibus
1945 781 2092 835 misit

514 896 624 944 me,
656 894 851 934 sanare
881 878 1144 934 contritos
1172 877 1357 948 corde,
1387 891 1452 930 ac
1482 875 1776 945 praedicare
1817 873 2091 927 remissio-

513 987 634 1026 nem
668 970 920 1040 captivis,
953 978 1009 1023 et
1039 969 1196 1022 cazcis
1221 969 1396 1021 visum
1447 966 1694 1030 reddere,
1731 978 1794 1018 ac
1831 972 2089 1033 praeterea

515 1079 716 1120 vocare
746 1064 886 1118 diem
917 1061 1308 1117 retributionis.
1345 1079 1364 1110 ι
1397 1058 1563 1113 Multa
1590 1042 1858 1127 siquidem
1886 1057 1939 1110 in
1972 1055 2090 1110 illos

513 1156 844 1210 exstiterunt
859 1151 1218 1208 humanitatis
1240 1149 1506 1222 Unigeniti
1524 1149 1749 1204 illustria
1771 1148 2086 1218 specimina.

514 1246 586 1302 Ut
607 1246 752 1302 enim
781 1244 1031 1300 reﬁceret
1065 1244 1274 1308 orbem,
1307 1253 1360 1298 et
1393 1243 1660 1297 universa:
1703 1249 1859 1295 terrae
1887 1239 2089 1294 incolas

513 1341 623 1393 Deo
649 1347 705 1392 et
726 1337 870 1391 Patri
896 1337 1208 1401 adduceret,
1236 1333 1489 1388 omnibus
1519 1333 1571 1386 in
1602 1331 1791 1386 melius
1815 1340 2088 1383 transmu-

514 1433 661 1496 tatis,
689 1437 743 1483 et
773 1429 912 1484 facie
937 1437 1096 1482 terrae
1125 1427 1275 1496 quasi
1297 1434 1576 1488 renovata,
1625 1422 1832 1493 accepit
1859 1420 2087 1476 formam

512 1522 654 1574 servi
686 1519 754 1583 ⁸ο,
795 1518 1162 1590 quamtumvis
1202 1524 1348 1570 esset
1391 1515 1654 1570 Dominus
1688 1513 2087 1576 universorum,

512 1622 566 1668 et
607 1615 780 1668 fausta
829 1610 1099 1666 nuntiavit
1135 1609 1486 1679 pauperibus,
1536 1615 1818 1677 propterea
1863 1605 2087 1660 missurn

513 1719 572 1758 se
595 1704 746 1758 dicit.
769 1701 1044 1771 Pauperes
1082 1715 1206 1754 esse
1234 1709 1291 1754 et
1320 1698 1540 1768 intelligi
1580 1703 1824 1766 possunt,
1848 1694 1938 1765 qui
1968 1708 2088 1748 om-

513 1791 598 1846 nis
625 1791 747 1846 boni
778 1789 1028 1845 laborant
1051 1789 1363 1858 indigentia,
1400 1803 1499 1842 nec
1533 1787 1824 1857 quidquam
1846 1786 1961 1855 spei
1989 1787 2087 1840 ha—

510 1884 660 1946 bent,
696 1891 749 1936 et
775 1883 891 1936 sine
935 1881 1044 1936 Deo
1087 1855 1213 1936 sunt
1254 1881 1307 1934 in
1356 1855 1574 1944 mundo,
1627 1855 1784 1933 sicuti
1824 1878 2085 1947 scriptum
2116 1855 2162 1912 Β

511 1973 686 2028 estw.
731 1971 795 2026 lli
824 1981 1002 2027 autem
1030 1981 1155 2026 sunt
1188 1986 1254 2026 ex
1279 1970 1548 2041 gentibus,
1573 1969 1664 2039 qui
1697 1969 1802 2023 ﬁde
1835 1969 1887 2023 in
1915 1969 2087 2038 ipsum

509 2065 845 2136 locupletati,
877 2066 1116 2119 divinum
1149 2073 1205 2119 et
1232 2063 1511 2119 etelestem
1538 2064 1849 2118 thesaurum
1895 2059 2088 2115 luerati

514 2166 663 2223 sunt,
701 2156 1067 2226 evangelicum
1104 2155 1356 2211 videlicet
1397 2165 1452 2210 et
1488 2153 1780 2210 salutarem
1829 2152 2091 2220 praedica-

515 2249 736 2312 tionem,
775 2264 870 2318 per
898 2265 1058 2320 quam
1091 2248 1217 2303 facti
1258 2246 1642 2302 suntcmlestis
1691 2246 1839 2315 regni
1871 2244 2089 2314 partici-

513 2356 630 2409 pes,
658 2351 712 2395 et
742 2351 1024 2398 consortes
1053 2350 1385 2405 sanctorum,
1411 2348 1576 2408 atque
1607 2337 1851 2393 hmredes
1902 2351 2090 2391 eorum

513 2447 634 2502 quae
663 2447 766 2488 nec
802 2447 956 2486 mens
1007 2447 1105 2488 nec
1137 2431 1312 2485 oratio
1337 2429 1620 2500 complecti
1655 2436 1850 2498 potest.
1896 2445 1914 2479 ι
1950 2427 2091 2482 Ocu-

516 2525 596 2580 lus
653 2525 820 2588 enim,
879 2525 1095 2593 inquit,
1153 2538 1259 2577 non
1289 2522 1443 2586 vidit,
1499 2534 1554 2576 et
1586 2520 1734 2575 auris
1782 2534 1891 2574 non
1935 2517 2090 2573 audi-

515 2617 611 2682 vit,
649 2630 748 2671 nec
774 2616 827 2669 in
857 2631 951 2670 cor
989 2614 1224 2668 hominis
1267 2613 1532 2681 ascendit,
1558 2627 1678 2682 qua:
1713 2611 1922 2680 paravit
1951 2611 2093 2666 Deus

516 2706 868 2777 diligentibus
895 2721 954 2760 se.
983 2706 1051 2764 “.
1098 2724 1118 2758 ι
1158 2703 1256 2760 Vel
1289 2706 1538 2760 fortassis
1585 2703 1760 2758 oratio
1807 2702 1895 2758 hic
1941 2703 2091 2769 dicit,

517 2801 850 2870 pauperibus
876 2799 1067 2870 spiritu
1091 2797 1346 2853 donatum
1378 2811 1496 2853 esse
1524 2795 1760 2864 locuples
1792 2795 2097 2851 charisma-

519 2900 632 2945 tum
689 2907 785 2958 per
829 2891 1102 2946 Christum
1162 2889 1548 2944 ministerium.
1599 2887 1878 2944 Contritos
1932 2888 2097 2945 corde

520 2993 686 3040 vocat
738 2985 956 3039 infirmo
981 2993 1039 3039 et
1073 2983 1246 3039 fracto
1276 2980 1458 3036 animo
1497 2981 1766 3052 praeditos,
1792 2990 1848 3036 et
1882 2993 2096 3051 pertur-

520 3075 800 3132 bationum
866 3074 1273 3130 incursionibus
1331 3089 1438 3129 non
1466 3105 1470 3108 -
1498 3073 1738 3130 valentes
1792 3073 2095 3141 obsistere,

522 3170 703 3239 itaque
727 3168 836 3224 illis
865 3169 1164 3236 subjectos,
1196 3175 1254 3221 ut
1274 3165 1475 3236 captivi
1511 3180 1630 3221 esse
1661 3164 1964 3220 videantur.
2003 3164 2099 3219 His
2126 3205 2170 3262 ο

522 3263 858 3318 sanationem
899 3275 964 3314 ac
992 3260 1317 3315 medicinam
1370 3257 1655 3327 promittit,
1698 3272 1762 3311 ac
1799 3257 1958 3312 caecis
2009 3257 2102 3312 dat

520 3355 719 3408 visum.
754 3352 887 3406 Nam
919 3351 1013 3421 qui
1045 3359 1352 3405 creaturam
1390 3349 1596 3414 colunt,
1628 3359 1681 3403 et
1709 3347 1854 3419 ligno
1880 3349 2098 3403 dicunt:

527 3462 545 3496 ι
588 3444 744 3498 Pater
779 3457 931 3496 meus
961 3455 1022 3496 es
1047 3450 1134 3506 tu;
1167 3448 1221 3495 et
1254 3440 1417 3509 lapidi
1451 3459 1466 3494 :
1503 3438 1583 3491 Tu
1611 3439 1845 3510 genuisti
1891 3454 1977 3494 me
1995 3438 2094 3502 “,i

524 3536 722 3590 deinde
781 3542 974 3588 natura
1021 3542 1077 3588 et
1131 3546 1260 3587 vere
1326 3531 1492 3586 Deum
1547 3546 1654 3586 non
1697 3539 2030 3602 agnoverunt
2085 3549 2098 3584 :

523 3625 714 3696 quidni
747 3625 873 3679 caeci
899 3625 1032 3688 sint,
1065 3633 1118 3678 et
1156 3633 1343 3692 pectus
1387 3622 1626 3678 habeant
1664 3622 1785 3676 luce
1825 3621 2006 3676 divina
2048 3631 2105 3676 et

527 3717 852 3788 intelligibili
886 3715 1128 3772 nudum?
1178 3714 1274 3769 llis
1328 3715 1568 3769 immittit
1602 3712 1762 3768 Pater
1815 3728 1956 3768 verm
2008 3713 2102 3770 Dei

525 3808 852 3878 euguitionis
875 3808 1070 3864 lucem.
1110 3806 1299 3861 Vocati
1332 3813 1461 3859 sunt
1492 3804 1638 3859 enim
1676 3818 1772 3873 per
1820 3803 2001 3869 ﬁdem,
2050 3815 2104 3860 et

530 3900 678 3954 illum
709 3905 1094 3968 cognoverunt,
1122 3896 1230 3950 imo
1256 3894 1323 3948 ab
1347 3895 1463 3962 ipso
1485 3893 1684 3964 cogniti
1713 3903 1869 3958 sunt;
1903 3893 2106 3962 ﬁliique

531 3991 705 4046 noctis
734 4005 854 4044 cum
893 4000 1076 4043 essent
1130 4000 1193 4039 ac
1224 3983 1594 4048 tenebrarum,
1634 3982 1728 4036 ﬁlii
1765 3982 1900 4038 lucis
1939 3984 2106 4040 exsti-

531 4091 728 4136 terunt.
757 4079 926 4150 859
950 4077 1292 4134 Collustravit
1323 4077 1522 4130 etenim
1556 4075 1676 4131 illos
1707 4075 1843 4140 dies,
1871 4087 1925 4133 et
1953 4088 2104 4133 ortus

529 4182 615 4228 cst
642 4172 732 4227 Sol
758 4172 1002 4240 iustitiae,
1032 4179 1087 4224 et
1125 4168 1352 4223 illustris
1392 4170 1638 4236 apparuit
1681 4165 1913 4226 Lucifer.
1957 4171 2104 4226 Nihil

534 4265 857 4320 incommodi
891 4265 1018 4324 erit,
1043 4261 1088 4314 si
1124 4274 1186 4313 ex
1215 4258 1477 4329 sanguine
1515 4259 1812 4316 Israelitico
1864 4261 2108 4318 oriundis

531 4356 711 4411 utimia
741 4355 886 4409 dicta
912 4350 1406 4407 accommodentus.
1447 4349 1580 4404 Nam
1625 4361 1784 4405 erant
1817 4368 2103 4423 pauperes,

532 4458 586 4504 et
619 4447 836 4502 contriti
869 4444 1054 4508 corde,
1089 4457 1153 4496 ac
1184 4442 1331 4497 velut
1383 4444 1602 4512 captivi,
1647 4454 1700 4498 et
1742 4445 2103 4501 olttenebrati.

539 4558 557 4592 ι
598 4541 712 4595 Non
739 4539 885 4594 enim
930 4537 982 4590 in
1025 4545 1164 4590 terra
1193 4545 1311 4590 erat
1344 4536 1632 4606 quisquam
1661 4537 1751 4606 qui
1784 4537 1985 4594 faceret
2011 4541 2108 4593 bo-

2193 602 2409 673 Ταύτην
2447 597 2587 655 εἶναί
2622 618 2802 672 φαμεν
2828 600 2926 670 τὴν
2947 598 3143 670 χρῆσιν
3165 597 3236 670 [ι.
3263 596 3500 669 χρίσιν].
3529 595 3766 668 Ἐναργῆ

2191 693 2247 745 δὲ
2282 693 2571 760 καθίστησι
2609 693 2708 762 τῆς
2736 690 3204 762 ένανθρωπήσεως
3233 690 3333 761 τὴν
3356 689 3554 743 αἰτίαν.
3583 689 3767 742 Είπὼν

2192 784 2300 855 γὰρ
2320 785 2402 837 ὃτι
2432 784 2584 855 παρά
2611 782 2694 836 τοῦ
2720 784 2948 855 Ιιατρὸς,
2965 783 3414 854 προσεπήνεγκεν
3432 781 3764 850 ἀναγκαίως,

2199 895 2218 925 ‹
2245 868 2320 928 Ub
2379 876 2586 927 εἵνεκεν
2642 874 2827 945 ἔχρισέ
2886 892 2975 944 με,
3037 871 3491 942 εὐαγγελίσασθαι
3534 875 3767 942 πτωχοῖς

2191 967 2506 1020 ἀπέσταλκέ
2539 983 2629 1036 με,
2670 966 2924 1020 ἰάσασθαι
2953 966 3080 1028 τοὺς
3138 965 3634 1036 συντετριμμένους
3667 965 3766 1034 τὴν

2193 1056 2439 1127 καρδίαν,
2469 1057 2662 1125 ἄφεσίν
2705 1075 2763 1109 τε
2821 1057 3056 1126 κηρύξαι
3103 1059 3216 1119 τοῖς
3274 1056 3334 1109 έν
3381 1055 3762 1126 αίχμαλωσίᾳ,

2192 1146 2521 1216 χαρίσασθαι
2552 1148 2611 1201 δὲ
2669 1148 2760 1201 καὶ
2817 1147 3036 1215 τυφλοῖς
3074 1146 3387 1216 ἀνάϐλεψιν,
3439 1145 3662 1200 καλέσαι
3706 1164 3765 1198 τε

2193 1240 2330 1310 πρὸς
2363 1239 2575 1302 τούτοις
2624 1241 2719 1294 καὶ
2767 1241 2984 1311 ἡμέραν
3040 1239 3484 1303 ἀνταποδόσεως’
3526 1259 3546 1292 ι
3596 1238 3768 1292 πολλὰ

2194 1329 2332 1383 κατὰ
2364 1331 2558 1385 ταύτὸν
2588 1333 2686 1402 τῆς
2716 1332 3177 1404 ὲνανθρωπήσεως
3205 1331 3300 1386 τοῦ
3333 1332 3669 1400 Μονογενοῦς
3697 1332 3767 1384 τά

2192 1420 2467 1490 περιφανῆ
2493 1421 2912 1494 κατορθώματα.
2955 1423 3071 1476 Ἵνα
3092 1423 3201 1494 γὰρ
3227 1424 3638 1493 κατακτήσηται
3668 1422 3767 1494 τὴν

2193 1511 2283 1563 ὑπ’
2309 1511 2557 1583 οὐρανὸν,
2592 1515 2687 1566 καὶ
2713 1514 2838 1577 τοὺς
2869 1513 2975 1568 ἀνὰ
3024 1516 3204 1567 πᾶσαν
3235 1513 3394 1578 ὄντας
3433 1515 3533 1584 τὴν
3585 1515 3768 1568 οίκου-

2195 1602 2366 1673 μένην
2392 1605 2741 1678 προσκομίσῃ
2773 1604 2850 1674 τῷ
2883 1604 3002 1675 Θεῷ
3035 1605 3129 1658 καὶ
3169 1605 3343 1677 Πατρὶ
3395 1621 3768 1676 μεταστοιχει-

2191 1691 2340 1759 ώσας
2367 1695 2438 1748 τά
2469 1697 2646 1750 πάντα
2699 1698 2836 1768 πρὸς
2867 1697 2928 1749 τὸ
2974 1699 3274 1768 ἀμεινόνως
3326 1698 3491 1768 ἔχειν,
3535 1699 3628 1753 καὶ
3655 1692 3768 1752 οἷον

2192 1787 2547 1852 ἀνακαινίσας
2581 1791 2642 1842 τὸ
2673 1791 2964 1860 πρόσωπον
2993 1791 3092 1861 τῆς
3125 1793 3250 1862 γῆς,
3301 1791 3461 1845 ἔλαϐε
3493 1791 3549 1845 δὲ
3580 1790 3765 1844 δούλου

2193 1878 2428 1949 μορφὴν,
2461 1879 2637 1932 καίτοι
2670 1879 2875 1949 Κύριος
2909 1879 3170 1950 ὑπάρχων
3229 1881 3336 1934 τῶν
3381 1881 3538 1934 ὅλων.
3581 1881 3764 1949 Εύηγσ-

2190 1970 2444 2038 γελίσατο
2471 1972 2603 2039 γοῦν
2637 1974 2889 2041 πτωχοῖς,
2925 1971 3262 2027 ἀπεστάλθαι
3305 1973 3394 2026 διά
3423 1974 3579 2026 τοῦτό
3610 1989 3764 2043 φησι.

2192 2064 2404 2134 Πτωχοὶ
2430 2065 2474 2118 δ’
2503 2064 2568 2118 ἂν
2600 2061 2726 2127 εἷεν,
2766 2067 2932 2135 ἤγουν
2959 2065 3220 2136 νοηθεῖεν,
3247 2068 3297 2118 οί
3325 2067 3528 2128 παντὸς
3561 2065 3770 2134 ἀγαθοῦ

2192 2157 2544 2226 νενοσηκότες
2571 2157 2705 2210 ποτὲ
2735 2157 2833 2228 τὴν
2862 2156 3090 2220 ἔνδειαν,
3117 2157 3306 2210 ἐλπίδα
3325 2175 3384 2210 τε
3417 2157 3493 2228 μὴ
3522 2158 3770 2227 ἔχοντες,

2193 2249 2285 2303 καὶ
2319 2249 2466 2303 ἀθεοι
2489 2251 2547 2301 ἐν
2577 2248 2656 2318 τῷ
2678 2249 2890 2319 κόσμῳ,
2918 2251 3061 2302 κατά
3086 2249 3147 2302 τὸ
3183 2249 3588 2320 γεγραμμένον.
3609 2244 3773 2304 Οὗτοι

2192 2341 2236 2394 δ’
2254 2340 2320 2393 ἂν
2339 2338 2448 2394 εἷεν
2474 2342 2521 2392 oi
2541 2338 2600 2404 ἐξ
2620 2338 2810 2404 ἐθνῶν,
2839 2340 2889 2392 οἱ
2912 2339 3010 2408 τὴν
3030 2341 3110 2403 είς
3137 2338 3300 2394 αὑτὸν
3326 2340 3510 2392 πίστιν
3535 2341 3773 2410 πλουτή-

2197 2449 2411 2498 σαντες,
2439 2432 2529 2484 τὸν
2561 2431 2704 2485 θεῖόν
2733 2448 2793 2484 τε
2839 2433 2933 2484 καὶ
2963 2430 3211 2503 οὐράνιον
3255 2431 3651 2502 κεκερδηκότες
3677 2432 3775 2504 θη-

2197 2523 2430 2594 σαυρὸν,
2501 2524 2562 2576 τὸ
2614 2522 2972 2592 εύαγγελικὸν
3033 2523 3275 2592 δηλονότι
3361 2523 3456 2575 καὶ
3507 2523 3775 2592 σωτήριον

2195 2615 2478 2684 κήρυγμα,
2508 2613 2574 2665 δι’
2601 2607 2660 2666 οὗ
2690 2613 2947 2682 γεγόνασι
2970 2615 3066 2667 καὶ
3091 2613 3190 2683 τῆς
3210 2613 3317 2668 τῶν
3343 2614 3588 2685 οὐρανῶν
3618 2613 3775 2683 βασι-

2197 2705 2346 2770 λείας
2395 2707 2634 2778 μέτοχοι,
2667 2708 2762 2759 καὶ
2805 2706 3176 2778 συμμερισταὶ
3209 2705 3318 2758 τῶν
3354 2705 3544 2773 ἁγίων,
3578 2705 3778 2776 κληρο-

2197 2800 2352 2870 νόμοι
2381 2799 2487 2852 τῶν
2539 2798 2679 2870 ὑπὲρ
2718 2798 2842 2852 νοῦν
2899 2801 2992 2852 καὶ
3042 2797 3219 2865 λόγον.
3258 2817 3276 2848 ι
3323 2796 3623 2866 Ὀφθαλμὸς
3669 2796 3778 2868 γάρ

2197 2895 2299 2947 οὐκ
2330 2889 2457 2957 εἶδε,
2490 2892 2643 2962 φησὶ,
2680 2892 2776 2944 καὶ
2805 2887 2896 2954 οὖς
2921 2891 3020 2944 οὐκ
3050 2890 3274 2961 ἤκουσε,
3299 2889 3391 2942 καὶ
3422 2890 3516 2942 ἐπὶ
3547 2889 3776 2961 καρδίαν

2201 2981 2492 3054 ἀνθρώπου
2514 2982 2613 3035 ούκ
2650 2980 2841 3052 ἀνέϐη,
2882 2979 2918 3033 ἀ
2950 2981 3249 3050 ἡτοίμασεν
3269 2980 3298 3032 6
3320 2979 3452 3043 Θεὸς
3481 2982 3595 3042 τοῖς
3633 2981 3773 3048 ἀγα-

2201 3075 2377 3129 πῶσιν
2411 3075 2592 3128 αὐτόν.
2637 3093 2656 3125 ι
2700 3075 2769 3126 Ἢ
2798 3073 2940 3143 τάχα
2975 3089 3076 3126 που
3120 3073 3216 3126 καὶ
3272 3075 3383 3135 τοῖς
3435 3075 3668 3142 πτωχοῖς
3697 3071 3780 3142 τῷ

2202 3166 2473 3236 πνεύματι
2499 3164 2834 3237 δεδωρῆσθαί
2879 3182 3047 3235 φησιν
3076 3167 3104 3218 ὁ
3136 3163 3294 3233 λόγος
3343 3165 3402 3218 ἐν
3431 3163 3642 3226 τούτοις
3670 3163 3782 3217 τῶν

2199 3256 2291 3312 διά
2337 3256 2575 3328 Χριστοῦ
2636 3257 2987 3327 χαρισμάτων
3039 3254 3138 3326 τὴν
3199 3254 3432 3323 ἄφθονον
3491 3255 3777 3326 χορηγίαν.

2201 3351 2702 3420 Συντετριμμένους
2728 3349 2785 3402 δέ
2815 3366 2948 3420 φησι
3005 3349 3103 3420 τὴν
3135 3348 3385 3420 καρδίαν,
3420 3349 3548 3412 τοὺς
3576 3347 3782 3418 ἀσθενῆ

2201 3442 2298 3496 καὶ⁷
2324 3441 2716 3510 εὐδιάθρυπτον
2740 3439 2962 3509 ἔχοντας
2984 3439 3130 3503 νοῦν,
3162 3441 3257 3493 καὶ
3282 3442 3404 3502 ταῖς
3443 3439 3553 3492 τῶν
3591 3438 3783 3494 παθῶν

2203 3534 2530 3603 προσϐολαῖς
2555 3517 2941 3605 ἀντιφέρεσθαι
2972 3533 3049 3603 μὴ
3080 3533 3443 3603 δυναμένους,
3477 3533 3783 3603 ὑπενηνεγ-

2207 3629 2400 3699 μένους
2419 3627 2476 3680 δὲ
2499 3626 2670 3690 οὕτως
2691 3627 2900 3691 αὑταῖς,
2917 3626 2991 3689 ὡς
3021 3628 3112 3696 αίχ
3120 3623 3400 3696 μαλώτους
3429 3620 3567 3678 εἶναι
3583 3625 3780 3679 δοκεῖν.

2203 3717 2426 3782 Τούτοις
2455 3717 2600 3770 τασίν
2630 3734 2690 3770 τε
2723 3719 2818 3772 καὶ
2859 3717 3053 3787 ἄφεσιν
3098 3717 3516 3785 ἐπαγγέλλεται,
3563 3718 3784 3787 τυφλοῖς

2203 3812 2259 3865 δὲ
2284 3805 2435 3864 οὖσιν
2459 3809 2643 3872 αὐτοῖς
2659 3809 2840 3862 δίδωσι
2861 3810 2953 3862 καὶ
2981 3808 3296 3877 ἀνάϐλεψιν.
3321 3811 3383 3862 Οἱ
3404 3809 3513 3880 γάρ
3527 3813 3593 3880 τῇ
3611 3811 3785 3863 κτίσει

2205 3901 2590 3973 λατρεύοντες,
2621 3903 2715 3955 καὶ
2743 3901 2821 3972 τῷ
2848 3901 2990 3971 ξύλῳ
3019 3901 3288 3969 λέγοντες·
3323 3919 3343 3952 ι
3378 3903 3567 3973 Πατήρ
3601 3919 3703 3973 μου
3735 3899 3788 3954 εἷ

2211 4000 2298 4060 σὺ,
2317 3999 2413 4051 καὶ
2441 3997 2520 4068 τῷ
2551 3996 2706 4066 λίθῳ,
2730 3997 2802 4050 Σὺ
2840 3995 3140 4066 ὲγέννησάς
3167 4013 3256 4066 με,
3288 4015 3306 4047 ι
3339 3991 3458 4049 εἶτα
3482 3995 3572 4050 τὸν
3602 3995 3787 4064 φύσει,

2207 4089 2302 4142 καὶ
2331 4087 2545 4158 ἀληθῶς
2573 4087 2702 4142 ὄντα
2731 4086 2863 4140 Θεὸν
2892 4086 2992 4139 οὐκ
3015 4085 3410 4152 ἐπεγνωκότες,
3441 4084 3559 4149 πῶς
3591 4085 3692 4138 οὐκ
3719 4084 3788 4138 ἂν

2207 4178 2316 4235 εἷεν
2343 4179 2556 4250 τυφλοὶ,
2593 4181 2688 4234 καί
2722 4178 2901 4248 φωτὸς
2933 4177 3026 4231 τοῦ
3054 4176 3202 4229 θείου
3231 4176 3327 4229 καὶ
3359 4175 3550 4246 νοητοῦ
3573 4175 3790 4246 γυμνὴν

2208 4272 2424 4343 ἔχοντες
2473 4271 2571 4342 τὴν
2621 4270 2881 4340 καρδίαν;
2909 4268 3120 4326 τούτοις
3158 4267 3366 4338 ἐνίησιν
3410 4269 3438 4320 6
3477 4265 3666 4336 Πατὴρ
3690 4266 3792 4336 τῆς

2209 4363 2444 4435 ἀληθοῦς
2478 4363 2807 4432 θεογνωσίας
2843 4361 2902 4415 τὸ
2930 4361 3065 4431 φῶς.
3105 4360 3416 4430 Κέκληνται
3443 4358 3552 4430 γὰρ
3576 4358 3665 4412 διὰ
3693 4359 3788 4412 πί-

2211 4475 2401 4525 στεως,
2429 4457 2523 4510 καὶ
2555 4455 2802 4525 ἔγνωσαν
2857 4455 3040 4518 αὐτὸν,
3083 4453 3282 4524 μᾶλλον
3331 4453 3388 4506 δὲ
3436 4452 3791 4524 ἐγνώσθησαν

2210 4551 2303 4602 ὑπ’
2335 4548 2520 4612 αὑτοῦ,
2549 4549 2644 4602 καὶ
2667 4549 2774 4601 υἱοὶ
2796 4547 2986 4611 νυκτὸς
3012 4547 3184 4613 ὅντες,
3211 4547 3308 4600 καὶ
3337 4547 3582 4612 σκότους,
3613 4547 3794 4615 φωτὸς

531 4641 685 4694 num,
722 4643 828 4683 non
861 4635 980 4681 erat
1007 4641 1175 4695 usque
1209 4626 1276 4679 ad
1313 4642 1499 4682 unum.
1532 4623 1734 4681 Omnes
1777 4631 1980 4698 pariter
2011 4629 2098 4686 de-

2211 4644 2468 4713 γεγόνασι
2516 4641 2700 4695 τέκνω
2735 4641 2997 4711 διηύγασε
3028 4641 3136 4711 γάρ
3165 4641 3360 4702 αὐτοὺς
3394 4641 3428 4708 ἡ
3463 4639 3666 4711 ἡμέρα,
3697 4639 3795 4690 καὶ

535 4722 895 4784 clinaverunt,
923 4718 1083 4773 simul
1116 4718 1332 4773 inutiles
1361 4719 1486 4772 facti
1518 4729 1644 4773 sunt
1674 4719 1739 4776 ⁸³.
1785 4740 1803 4774 ι
1837 4720 1998 4778 Venit
2019 4739 2108 4777 au—

535 4821 642 4865 tem
671 4809 941 4874 Christus,
977 4817 1030 4863 et
1057 4807 1316 4864 Israelitis
1338 4818 1463 4864 ante
1495 4810 1629 4865 alios
1675 4813 1942 4867 nuntiavit
1992 4812 2102 4867 fau-

536 4916 618 4960 sta
643 4919 704 4958 ac
736 4897 990 4972 praeclara
1018 4903 1315 4970 praesentia:
1341 4917 1454 4956 sua:
1480 4903 1719 4957 facinora
1758 4921 1773 4958 :
1822 4915 2107 4973 prasterea,

2212 4737 2242 4787 6
2285 4736 2384 4804 τῆς
2425 4732 2774 4804 δικαιοσύνης
2825 4733 3054 4803 ἀνέσχεν
3112 4732 3336 4796 Ἥλιος,
3396 4731 3492 4784 καὶ
3543 4729 3793 4799 λαμπρὸς

2212 4825 2486 4880 ἀνέτειλεν
2525 4825 2853 4894 Ἑωσφόρος.
2878 4825 3055 4878 Λυπεῖ
3088 4822 3145 4875 δὲ
3177 4822 3330 4876 οὐδὲν
3351 4822 3446 4876 καὶ
3473 4825 3584 4884 τοῖς
3614 4821 3673 4885 ἐξ
3706 4821 3794 4874 αἴ-

2220 4933 2384 4988 ματος
2429 4914 2646 4986 Ἰσραὴλ
2671 4915 2980 4985 ἐφαρμόσαι
3010 4912 3186 4965 πάντα
3233 4910 3303 4963 τά
3353 4911 3636 4981 εἰρημένα.
3687 4911 3798 4964 Καὶ

538 5007 597 5050 ut
627 5011 827 5050 annum
862 5009 1080 5064 quoque
1107 4993 1314 5048 Domini
1363 4993 1723 5062 proclamaret
1749 5008 2028 5066 acceptum
2058 5010 2098 5053 et

2217 5005 2324 5076 γὰρ
2343 5000 2487 5075 ἦσαν
2516 5007 2745 5074 πτωχοὶ,
2777 5005 2871 5057 καὶ
2916 4999 3370 5072 συντετριμμένοι
3399 5000 3498 5072 τὴν
3533 4999 3760 5072 καρδίαν
3778 5041 3794 5061 ,

545 5085 686 5139 diem
718 5083 1110 5138 retributionis.
1149 5082 1417 5151 Acceptus
1457 5098 1633 5139 annus
1679 5095 1821 5151 erat,
1859 5102 1970 5157 quo
2015 5104 2098 5159 prt

2219 5099 2314 5151 καὶ
2341 5091 2450 5151 οἷον
2487 5097 2842 5167 αἰχμάλωτοι,
2870 5094 2964 5148 καὶ
2992 5092 3384 5164 ὲσκοτισμένοι.
3419 5111 3438 5144 ι
3467 5093 3540 5146 Οὐ
3575 5091 3684 5162 γάρ
3729 5086 3806 5160 ἦν·

540 5175 699 5231 nobis
743 5174 1034 5230 cruciﬁxus
1080 5181 1166 5227 est
1200 5173 1462 5229 Christus.
1521 5175 1656 5230 Tum
1706 5177 1850 5232 enim
1907 5193 2094 5251 accept

2221 5190 2313 5243 ἐπὶ
2333 5189 2436 5260 γῆς
2456 5192 2485 5242 6
2511 5188 2682 5242 ποιῶν
2703 5187 3074 5259 χρηστότητα,
3104 5189 3206 5242 οὐκ
3246 5183 3316 5261 ἦν
3353 5188 3458 5250 ’έως
3497 5187 3637 5249 ἑνὸς,
3663 5185 3799 5240 ἀλλά

543 5265 672 5320 facti
703 5279 887 5319 sumus
914 5262 1023 5318 Deo
1049 5273 1102 5316 et
1131 5262 1298 5330 Patri,
1337 5274 1392 5318 et
1418 5279 1513 5334 per
1545 5266 1718 5334 ipsum
1770 5264 1974 5322 fructus
2002 5271 2098 5325 edi.

2221 5284 2423 5344 πάντες
2451 5279 2749 5344 ἐξέκλιναν,
2777 5282 2895 5352 ἀμα
2948 5281 3348 5352 ⁴ίγχρειώθησαν.
3386 5299 3404 5332 ι
3452 5279 3717 5350 Ἀφῆκται
3741 5278 3799 5352 δὲ

542 5359 744 5412 dimus.
800 5354 964 5426 quue
1006 5369 1105 5410 nos
1152 5352 1335 5408 docuit
1377 5355 1514 5424 ipse,
1565 5354 1754 5412 dicens
1795 5375 1810 5413 :
1857 5377 1877 5411 ι
1923 5366 2094 5418 Amen

2217 5374 2245 5424 6
2277 5369 2510 5440 Χριστὸς
2562 5369 2653 5422 καὶ
2699 5369 2805 5439 πρό
2848 5386 2911 5438 γε
2959 5371 3065 5423 τῶν
3116 5370 3290 5424 ἄλλων
3317 5367 3803 5436 εὐαγγελιζόμενος

547 5464 702 5502 amen
733 5448 854 5502 dico
884 5447 1039 5502 vobis
1071 5466 1084 5500 :
1121 5445 1238 5500 Nisi
1274 5461 1501 5516 granum
1546 5446 1800 5503 frumenti
1836 5451 2034 5509 cadens
2067 5456 2098 5510 it

2219 5462 2330 5522 τοῖς
2353 5458 2414 5525 ἐξ
2458 5458 2672 5528 Ἰσραὴλ
2714 5459 2812 5530 τῆς
2858 5460 3055 5514 ἑαυτοῦ
3089 5461 3391 5531 παρουσίας
3420 5459 3488 5510 τὰ
3517 5455 3800 5526 κατορθώ-

548 5548 751 5594 terram
784 5548 1055 5593 mortuum
1088 5539 1274 5604 fuerit,
1305 5538 1477 5606 ipsum
1511 5551 1689 5595 manet
1725 5543 1932 5612 solum;
1977 5561 2098 5616 quo:

2223 5568 2385 5621 ματα.
2420 5553 2529 5605 Καὶ
2558 5553 2694 5622 πρός
2724 5570 2787 5621 γε
2811 5552 2875 5623 δὴ
2907 5553 3136 5616 τούτοις,
3177 5553 3265 5606 ἵνα
3295 5551 3388 5604 καὶ
3417 5549 3661 5602 ἐνιαυτὸν
3690 5549 3804 5600 Κυ-

546 5632 589 5684 si
621 5643 891 5686 mortuum
928 5630 1110 5696 fue'rit,
1149 5629 1385 5686 fructum
1424 5631 1726 5688 uberiorem
1759 5635 1960 5703 profert
1992 5639 2058 5697 ⁸⁸.

2223 5643 2339 5713 ρίου
2371 5643 2572 5714 καλέσῃ
2604 5645 2812 5708 δεκτὸν,
2841 5645 2936 5699 καὶ
2978 5644 3194 5715 ἡμέραν
3236 5641 3662 5702 ἀνταποδόσεως.
3691 5638 3804 5691 Καὶ

620 5808 665 5841 ⁸ο
687 5809 919 5879 Philipp.
952 5826 1010 5878 tt,
1045 5810 1100 5866 7.
1157 5810 1226 5844 η’
1256 5812 1636 5883 Ephes.tt,42.
1667 5815 1707 5848 “
1739 5816 1912 5874 lCor.
1948 5821 2078 5889 tt,9.

2217 5821 2326 5880 Jrr.
2358 5842 2416 5893 tt,
2452 5826 2542 5882 Ἦ.
2623 5828 2666 5862 ⁸³
2710 5829 2851 5885 Ρείιι.
2891 5844 3010 5890 xm,
3041 5829 3095 5884 3.
3175 5829 3219 5861 ⁸⁸
3260 5826 3414 5882 Joan.
3447 5840 3547 5888 κη,
3578 5823 3669 5890 Ἡ,
3702 5821 3799 5876 25,
