4140 6504
291 478 436 535 1555

1435 473 1502 528 IN
1535 473 1764 530 ISAIAM
1802 472 1928 526 LIB.
1971 471 2032 528 V.
2077 472 2316 532 TOMUS
2352 476 2418 533 Υ.

3453 479 3556 534 135

287 592 488 656 δεκτὸς
529 589 627 662 μὲν
659 589 924 652 ἐνιαυτὸς,
957 587 1079 642 καθ’
1112 587 1170 642 όν
1199 585 1519 660 ἐσταυρώθη
1556 587 1696 659 ὑπὲρ
1729 585 1888 658 ἡμῶν

2014 585 2269 642 Ξιὶιετιιιη
2305 609 2317 644 :
2355 607 2372 640 ι
2412 589 2638 656 Quando
2666 591 2732 646 de
2770 600 2912 645 terra
2943 593 3213 647 exaltatus
3246 591 3420 657 fuero,
3471 609 3587 647 om-

289 685 558 758 Χριστός.
610 684 801 738 Δεκτοὶ
831 683 940 755 γὰρ
977 683 1100 736 τότε
1145 683 1450 752 γεγόναμεν
1499 680 1577 752 τῷ
1626 680 1748 752 Θεῷ
1800 681 1894 734 καὶ

290 777 503 848 Πατρὶ,
559 777 654 830 καὶ
709 773 1224 846 καρποῳορηθέντες
1254 773 1320 828 δι’
1355 771 1542 838 αὐτοῦ,
1589 773 1684 827 καὶ
1734 771 1894 825 τοῦτο

288 868 465 931 αὐτὸς
518 868 669 938 ἡμᾶς
699 865 960 931 ἐδίδαξεν,
991 863 1194 931 εἰπὼν,
1254 883 1272 916 ι
1327 863 1521 934 Ἀμὴν,
1573 863 1721 934 ἀμὴν
1747 858 1894 929 λέγω

292 961 453 1030 ὑμῖν,
479 960 576 1012 ἐὰν
617 959 694 1030 μὴ
723 962 751 1013 ὁ
779 959 976 1022 κόκκος
1006 957 1099 1011 τού
1137 957 1287 1011 σίτου
1341 956 1523 1010 πεσὼν
1563 957 1644 1019 είς
1672 957 1770 1023 τὴν
1791 957 1894 1026 γῇν

289 1055 572 1128 ἀποθάνῃ,
599 1052 762 1115 αὐτὸς
791 1052 951 1123 μόνος
976 1050 1146 1122 μένει·
1188 1049 1283 1103 ἐὰν
1307 1049 1364 1103 δὲ
1394 1048 1664 1120 ἀποθάνῃ,
1685 1049 1895 1118 καρπὸν

295 1147 527 1200 πλείονα
561 1145 739 1216 φέρει.
776 1163 794 1196 ι
845 1143 954 1195 Καὶ
980 1141 1163 1206 πάλιν,
1205 1161 1223 1192 ι
1257 1143 1424 1195 Ὅταν
1455 1141 1656 1211 ὑψωθῶ
1685 1141 1749 1193 ὲκ
1795 1141 1894 1210 τῆς

291 1243 430 1312 γῆς.
489 1240 697 1304 πάντας
763 1237 977 1291 ἑλκύσω
1034 1237 1173 1308 πρὸς
1239 1237 1502 1308 ἐμαυτόν.
1543 1255 1564 1290 ι
1625 1234 1738 1288 Καὶ
1763 1235 1895 1304 γοῦν

293 1333 508 1388 ἀνεϐίω
559 1333 857 1404 τριήμερος
911 1332 1156 1400 πατήσας
1175 1329 1270 1383 τοῦ
1310 1329 1542 1382 θανάτου
1575 1327 1636 1381 τὸ
1671 1327 1890 1398 κράτος.

295 1424 442 1482 Εἶτα
501 1428 618 1490 τοῖς
687 1425 866 1494 ἁγίοις
938 1423 1212 1495 μαθηταῖς
1276 1420 1650 1492 προσεφώνει,
1696 1419 1892 1487 λέγων’

303 1542 323 1572 c
370 1519 560 1590 Ἐδόθη
593 1536 684 1589 μοι
732 1519 884 1571 πᾶσα
941 1517 1159 1582 ἐξουσία
1186 1518 1242 1568 ἐν
1269 1515 1484 1586 οὐρανῴ
1525 1515 1620 1569 καὶ
1648 1515 1740 1568 ἐπὶ
1767 1515 1890 1584 γῆς·

297 1613 668 1685 πορευθέντες
699 1609 1076 1681 μαθητεύσατε
1094 1609 1273 1664 πάντα
1290 1609 1356 1663 τὰ
1375 1609 1524 1680 ἔθνη,
1544 1608 1896 1679 βαπτίζοντες

297 1703 504 1764 αὐτοὺς
533 1703 614 1764 εἰς
645 1701 706 1754 τὺ
734 1701 905 1770 ὄνομα
931 1700 1026 1754 τοῦ
1055 1701 1288 1770 Πατρός,
1323 1701 1416 1754 καὶ
1472 1699 1565 1753 τοῦ
1592 1699 1744 1766 Υίού,
1802 1698 1897 1753 καὶ

294 1794 399 1850 τοῦ
435 1794 594 1863 ἁγίου
624 1792 964 1863 Πνεύματος.
1006 1812 1024 1846 ι
1055 1793 1253 1855 Δεκτὸς
1275 1788 1369 1846 οὖν
1421 1791 1663 1854 ἐνιαυτὸς
1688 1792 1894 1855 ἐκεῖνός

298 1905 410 1941 που
444 1888 682 1952 πάντως,
715 1886 838 1940 καθ’
869 1887 928 1939 ὃν
977 1887 1367 1958 είσεδέχθημεν
1420 1885 1519 1956 τὴν
1572 1885 1708 1957 πρὸς
1737 1884 1897 1939 αὐτὸν

2003 695 2101 733 nes
2122 679 2332 736 traham
2359 681 2424 734 ad
2446 682 2716 752 mcipsum
2741 683 2806 736 ".
2826 703 2844 734 ›
2879 683 3159 752 Siquidem
3197 685 3396 739 revixit
3427 687 3589 742 tertio

2004 771 2110 836 die,
2147 771 2357 826 calcato
2404 774 2594 827 mortis
2643 773 2887 842 imperio.
2945 772 3150 828 Deinde
3204 785 3425 830 sanctos
3479 777 3586 829 dis-

2004 863 2214 934 cipulos
2248 864 2513 920 allocutus
2561 865 2636 918 ait
2679 884 2692 920 :
2735 883 2754 916 ‹
2799 865 2927 919 Data
2962 875 3046 920 est
3097 866 3226 921 mihi
3271 867 3450 921 omnis
3500 883 3592 936 po-

2003 967 2173 1012 testas
2208 957 2258 1011 in
2288 958 2427 1014 etelo
2456 967 2511 1014 et
2540 959 2592 1012 in
2629 968 2796 1013 terra.
2831 937 2930 1023 lte’,
2963 963 3152 1014 docete
3173 975 3360 1015 omnes
3376 973 3588 1031 gentes,

2003 1048 2342 1118 baptizantcs
2370 1066 2464 1106 eos
2489 1051 2541 1105 in
2581 1067 2775 1106 nomen
2815 1051 3012 1116 Patris,
3049 1064 3103 1105 et
3135 1052 3283 1117 Filii,
3319 1062 3373 1108 et
3417 1052 3591 1122 Spiri-

2005 1150 2092 1196 tus
2133 1144 2308 1196 sancti
2351 1141 2417 1195 “.
2457 1163 2475 1195 ι
2518 1144 2789 1212 Acceptus
2823 1159 2904 1200 ρει
2941 1145 3102 1216 igitur
3150 1147 3370 1199 omuiuo
3417 1160 3592 1199 annus

2008 1235 2115 1300 ille,
2143 1251 2254 1305 quo
2305 1237 2529 1292 admissi
2591 1253 2801 1304 sumus,
2857 1239 3032 1309 adepti
3094 1240 3408 1294 societatem
3465 1255 3588 1294 cum

2006 1326 2144 1395 ipso,
2173 1327 2358 1382 abluto
2383 1337 2736 1398 peccatO'per
2769 1339 3016 1384 sanctum
3047 1329 3336 1398 baptisma,
3365 1336 3420 1382 et
3455 1331 3592 1384 divi-

2005 1435 2085 1472 nat
2115 1417 2260 1472 illius
2310 1430 2520 1475 natura:
2565 1420 2698 1476 facti
2753 1421 3051 1493 participes
3101 1422 3592 1477 communicatione

2004 1511 2174 1565 sancti
2206 1509 2461 1580 Spiritus.
2495 1513 2585 1568 Vel
2615 1529 2790 1568 annus
2822 1523 3079 1582 acceptus
3123 1523 3228 1579 est,
3273 1530 3381 1585 quo
3429 1517 3596 1568 mani-

2005 1604 2217 1659 fcstavit
2253 1605 2478 1674 gloriam
2515 1621 2666 1660 suam
2721 1607 2982 1662 miraculo
3031 1607 3310 1662 inell’abili.
3339 1607 3598 1662 Libenter

2004 1697 2147 1749 enim
2197 1697 2527 1766 artipuitnus
2581 1697 2774 1754 salutis
2813 1713 2909 1769 per
2944 1699 3119 1768 ipsum
3170 1707 3409 1770 tempus,
3451 1699 3594 1769 quod

2005 1789 2440 1860 sapientissimus
2496 1791 2826 1860 signiﬁcavit
2857 1789 3078 1856 Paulus,
3124 1792 3310 1849 dit-ens
3343 1809 3360 1848 :
3404 1812 3424 1844 ε
3456 1794 3593 1847 licet!

2009 1898 2149 1954 nunc
2182 1893 2392 1953 tempus
2419 1884 2766 1954 acceptabile,
2787 1899 2914 1940 ecce
2936 1900 3080 1940 nunc
3109 1885 3224 1940 dies
3252 1885 3443 1939 salutis
3469 1884 3532 1938 ⁸⁷.
3572 1904 3590 1936 ι

297 1979 565 2049 λαχόντες
587 1979 886 2043 οἰκείωσιν,
923 1979 1320 2051 ἀπονιψάμενοι
1359 1977 1458 2052 τὴν
1517 1978 1793 2050 ἁμαρτίαν
1817 1978 1906 2032 διὰ

2014 1952 2410 2047 ίὶέιιοίυυιίοηίε
2461 1976 2605 2030 diem
2665 1991 2786 2030 esse
2842 1976 3007 2031 nihilo
3070 1977 3247 2030 serius
3325 1977 3594 2040 (litimtts,

298 2072 400 2126 τοῦ
431 2074 587 2142 ἁγίου
619 2071 1019 2143 βαπτίσματος,
1049 2072 1272 2142 καὶτῆς
1309 2071 1458 2136 θείας
1493 2070 1656 2124 αὐτοῦ
1691 2071 1905 2140 φύσεως

299 2164 594 2235 γενόμενοι
618 2162 868 2217 κοινωνοὶ
899 2163 986 2216 διὰ
1012 2164 1244 2234 μετοχῆς
1264 2163 1357 2216 τοῦ
1381 2165 1536 2232 ἁγίου
1566 2164 1903 2235 Πνεύματος.

305 2259 524 2326 Ἥγουν
557 2255 746 2318 δεκτὸς
791 2256 1058 2318 ἐνιαυτὸς,
1115 2255 1237 2309 καθ’
1289 2255 1348 2308 ὃν
1409 2255 1766 2326 πεφανέρωκε
1807 2255 1906 2325 τὴν

298 2351 469 2416 δόξαν
505 2349 674 2404 αὐτοῦ
703 2349 790 2404 διὰ
817 2350 916 2421 τῆς
971 2350 1114 2421 ὑπὲρ
1147 2349 1304 2418 λόγον
1335 2348 1681 2420 θεοσημείας·
1724 2348 1908 2414 ἐδεξά-

307 2441 456 2512 μεθα
485 2440 594 2510 γὰρ
651 2439 907 2510 ἀσμένως
951 2439 1044 2494 τὸν
1083 2441 1182 2512 τῆς
1233 2441 1360 2512 παρ’
1415 2439 1579 2494 αὐτοῦ
1632 2439 1906 2512 σωτηρίας

303 2534 522 2606 καιρὸν,
553 2533 613 2587 ὃν
646 2533 710 2604 δὴ
743 2535 838 2588 καὶ
867 2536 896 2588 ό
925 2533 1204 2604 πάνσοφος
1232 2535 1447 2599 Παῦλος
1475 2535 1906 2606 καταμεμήνυκε

304 2626 511 2694 λέγων·
567 2643 587 2676 1
627 2623 761 2678 Ἰδοὺ
809 2625 903 2678 νῦν
954 2627 1144 2696 καιρὸς
1197 2625 1615 2696 εὐπρόσδεκτος,
1671 2625 1778 2680 ίδού
1813 2622 1910 2678 νῦν

304 2715 498 2787 ἡμέρα
548 2715 847 2788 σωτηρίας·
882 2735 900 2766 ι
948 2715 1162 2787 ἡμέραν
1217 2733 1282 2785 γε
1339 2717 1445 2788 μὴν
1501 2715 1911 2782 ἀνταποδόσεως

307 2805 457 2862 εἷναί
489 2825 670 2878 φαμεν
704 2807 859 2862 οὐδὲν
910 2802 1072 2879 ἦττον
1116 2807 1278 2860 αὐτὸν
1311 2807 1404 2860 τὸν
1453 2810 1555 2878 τῆς
1613 2806 1910 2878 ἐπιδημίας

307 2901 530 2974 καιρόν,
584 2899 707 2954 καθ’
757 2900 816 2954 ὃν
859 2901 888 2970 ἡ
929 2901 1288 2966 ἀνταπόδοσις
1335 2901 1543 2955 δέδοται
1591 2904 1910 2973 παράὐτοῢ

306 2995 426 3057 τοῖς
454 2991 814 3046 πιστεύσασιν
849 2994 929 3057 εἰς
963 2992 1128 3048 αὐτὸν
1160 2993 1250 3046 διὰ
1276 2993 1376 3064 τῆς
1406 2996 1464 3047 ἐν
1499 2993 1713 3048 ἐλπίσιν
1737 2995 1912 3065 ἐπαγ-

308 3081 526 3150 γελίοις⁸
552 3075 662 3135 οἷον
695 3082 751 3135 δὲ
773 3081 836 3154 δή
868 3100 922 3134 τι
958 3083 1120 3155 φημί
1165 3084 1227 3136 Ἢ
1260 3083 1404 3138 κατά
1429 3083 1521 3139 τὸν
1550 3085 1796 3150 Μωσέως
1827 3085 1912 3139 v6-

313 3192 420 3246 μον
442 3173 684 3228 πολιτεία
708 3175 1076 3248 ἐπαινουμένη
1097 3177 1351 3248 πρόξενος
1374 3173 1440 3249 ἦν
1456 3179 1566 3241 τοῖς
1593 3179 1916 3250 ἀμωμήτως

2016 2071 2191 2138 ipsum
2225 2071 2493 2125 adventus
2525 2079 2754 2139 tempus,
2784 2085 2891 2138 quo
2937 2070 3222 2124 rrtributio
3261 2070 3381 2125 data
3416 2081 3494 2124 est
3530 2071 3597 2122 ab

2015 2165 2131 2232 ipso
2159 2151 2506 2217 credentith
2559 2164 2608 2215 in
2660 2163 2860 2232 ipsum,
2901 2178 2966 2214 ex
3026 2161 3384 2230 promissione
3436 2177 3598 2230 quam

2010 2270 2135 2325 spes
2162 2254 2525 2324 amplectitur.
2573 2254 2726 2322 Quod
2769 2256 2911 2317 dico,
2959 2255 3030 2308 ita
3082 2271 3141 2308 se
3209 2255 3410 2310 habet:
3442 2253 3602 2325 chis

2013 2347 2262 2402 Mosaicae
2291 2349 2476 2417 politia
2513 2348 2752 2414 laudata,
2804 2358 2950 2402 recte
2996 2358 3049 2401 et
3099 2346 3373 2414 inculpate
3423 2345 3603 2401 facere

2013 2438 2342 2504 volentibus,
2395 2437 2670 2494 felicitatis
2723 2437 3008 2508 praesentis
3057 2436 3395 2492 conciliatrix
3445 2447 3600 2502 erat;

2011 2530 2458 2600 pollicitationem
2491 2546 2622 2584 vero
2655 2531 2922 2585 bonorum
2956 2526 3265 2584 futurorum
3293 2527 3599 2598 adiunctam

2013 2637 2121 2686 non
2156 2621 2412 2691 habebat,
2446 2625 2541 2678 sed
2587 2622 2928 2677 solummodo
2981 2619 3394 2692 prosperitatem
3440 2620 3602 2688 hujus

2011 2715 2136 2770 vitae
2176 2716 2345 2788 360
2385 2716 2744 2786 praedicabat;
2787 2715 3014 2786 iubebat»
3058 2716 3202 2770 enim
3245 2714 3520 2770 abstinere
3571 2732 3599 2766 a

2013 2807 2249 2874 delictis,
2281 2807 2590 2864 acclamans
2629 2822 2644 2860 :
2683 2826 2702 2858 ι
2737 2807 2812 2863 Ne
2839 2806 3101 2863 moriaris
3132 2807 3184 2861 in
3213 2814 3454 2876 tempore
3493 2821 3600 2858 non

2016 2911 2108 2957 tuo
2148 2901 2214 2956 ⁸⁸.
2275 2920 2293 2952 ι
2351 2899 2561 2956 Liberis
2604 2911 2784 2954 autem
2821 2899 2996 2954 aiebat
3029 2916 3042 2952 :
3081 2917 3099 2948 ι
3138 2896 3359 2955 llonora
3390 2904 3600 2968 patrem

2015 3001 2165 3047 tuum
2193 3002 2247 3047 et
2281 3003 2508 3046 matrem
2535 3001 2702 3058 tuam,
2737 2999 2796 3046 ut
2823 2989 2960 3045 bene
2992 2989 3086 3044 tibi
3117 2989 3208 3057 sit,
3239 2999 3296 3043 et
3329 2991 3606 3058 lougzevus

2015 3084 2092 3140 sis
2111 3084 2169 3148 in
2207 3093 2353 3139 terra
2377 3083 2443 3138 δ’.
2489 3103 2508 3137 ι
2564 3083 2839 3139 Interdum
2881 3083 3047 3138 etiam
3093 3081 3450 3151 promittebat
3489 3078 3606 3135 fru-

2016 3189 2200 3234 ctuum
2226 3179 2552 3244 ubertatem,
2581 3188 2636 3233 et
2665 3177 2904 3248 quietem
2936 3192 2967 3231 ιι
3005 3174 3170 3245 bello,
3197 3191 3260 3230 ac
3294 3176 3448 3245 pacis
3491 3189 3610 3229 am-

311 3268 492 3340 αὐτὴν
523 3267 768 3320 ἐθέλουσι
795 3269 1096 3340 κατορθοῦν
1147 3271 1246 3341 τῆς
1277 3270 1513 3324 ἐνταῦθα
1559 3272 1868 3344 εὐπραγίας
1891 3313 1906 3337 ,

2021 3271 2362 3343 plitudinem,
2397 3279 2451 3325 et
2487 3272 2612 3326 inde
2643 3271 2809 3324 animi
2844 3270 3314 3340 tranquillitatem.
3353 3267 3495 3322 Dixit
3540 3269 3610 3322 si-

311 3359 614 3429 ὑπόσχεσιν
649 3359 705 3412 δὲ
753 3358 933 3430 γερῶν
971 3359 1080 3413 τῶν
1128 3362 1208 3424 είς
1263 3361 1324 3412 τὸ
1386 3360 1580 3430 μέλλον
1621 3361 1722 3414 οὐκ
1770 3359 1904 3433 εἶχε.

309 3448 504 3518 Μόνης
531 3447 586 3501 δὲ
608 3449 749 3520 τάχα
776 3467 877 3502 που
904 3449 1002 3519 τῆς
1025 3449 1166 3504 κατὰ
1187 3450 1337 3504 τόνδε
1359 3452 1450 3505 τὸν
1475 3451 1588 3521 βίον
1607 3452 1912 3524 εὐημερίας

309 3539 558 3592 ἐποιεῖτο
596 3544 840 3611 μνήμην·
873 3541 1094 3594 ἐκέλευε
1121 3541 1219 3613 μὲν
1249 3541 1360 3614 γὰρ
1392 3541 1696 3612 ἀπέχεσθαι
1725 3544 1912 3616 πλημ-

316 3631 678 3703 μελημάτων,
737 3631 1050 3700 ὲπιςρωνῶν,
1094 3656 1112 3689 ι
1139 3638 1257 3688 Ἵνα
1307 3634 1384 3706 μὴ
1409 3633 1690 3710 ἀποθάνῃς
1749 3638 1808 3690 ἐν
1851 3637 1911 3691 οὐ

312 3723 498 3794 καιρῷ
514 3741 645 3798 χσου.
683 3744 700 3774 ι
724 3723 1022 3794 Ἐπεφὼνει
1054 3725 1110 3779 δὲ
1165 3727 1260 3780 καὶ
1305 3728 1552 3792 τέκνοιςο
1601 3747 1622 3782 ι
1647 3730 1795 3801 Τίμα
1824 3731 1914 3784 τὸν

319 3815 534 3886 πατέρα
567 3833 660 3868 σου
696 3815 788 3868 καὶ
837 3814 935 3888 τὴν
995 3817 1232 3890 μητέρα,
1291 3819 1378 3873 ἵνα
1428 3816 1488 3873 εὖ
1546 3838 1628 3875 σοι
1661 3806 1914 3896 γένηται,

312 3909 418 3960 καὶ
446 3907 548 3982 ἔσῃ
577 3907 978 3980 μακροχρόνιος
1011 3910 1106 3964 ἐπὶ
1153 3913 1252 3983 τῆς
1293 3912 1419 3984 γῆς.
1451 3933 1470 3966 ι
1515 3915 1919 3986 Ἐπηγγέλλετο

312 4000 374 4054 δὲ
419 4003 514 4055 καὶ
563 4002 794 4076 καρπῶν
847 4003 1130 4072 ἀφθονίαν,
1196 4004 1308 4058 ἐσθ’
1365 4008 1476 4071 ὅτε,
1532 4009 1626 4064 καὶ
1677 4009 1916 4080 πολέμου

319 4092 561 4159 παῦλαν,
611 4094 706 4148 καὶ
763 4097 990 4168 εἰρήνης
1037 4095 1260 4163 πλάτος,
1321 4099 1416 4152 καὶ
1467 4099 1566 4169 τὴν
1611 4103 1702 4154 ἐπ’
1747 4102 1918 4172 αὐτῆς

317 4186 616 4258 εὐθυμίαν.
654 4188 800 4258 Ἔφη
829 4188 961 4253 γοῦν
997 4190 1088 4242 διὰ
1123 4191 1306 4263 φωνῆς
1339 4193 1610 4265 Ζαχαρίου
1631 4210 1643 4224 '
1691 4212 1709 4245 ι
1734 4196 1918 4250 Καταο

319 4279 558 4350 κάρπως
595 4278 1056 4350 κατοικηθήσεται
1105 4279 1460 4353 Ἰερουσαλὴμ
1515 4281 1626 4337 ἀπὸ
1677 4283 1918 4355 πλήθους

319 4367 634 4440 ἀνθρώπων
688 4371 784 4422 καὶ
816 4368 1034 4442 κτηνῶν
1066 4369 1174 4424 τῶν
1203 4371 1262 4424 ὲν
1291 4370 1450 4443 αὐτῇ,
1481 4372 1574 4427 καὶ
1591 4373 1702 4442 ἐγὼ
1721 4373 1918 4445 ἔσομαι

322 4463 488 4534 αὐτῇ,
521 4461 670 4530 λέγει
701 4460 928 4534 Κύριος,
961 4464 1142 4533 τεῖχος
1169 4461 1340 4534 πυρὸς
1379 4463 1664 4530 κυκλόθεν,
1713 4467 1808 4520 καὶ
1839 4470 1920 4533 είς

319 4553 481 4619 δόξαν
531 4551 726 4625 ἔσομαι
769 4555 827 4605 ἐν
874 4553 1026 4625 μέσῳ
1076 4553 1267 4625 αὐτῆς.
1329 4573 1347 4607 ι
1379 4555 1488 4609 Καὶ
1521 4555 1700 4613 πάλιν·
1737 4578 1756 4608 ι
1795 4559 1919 4614 Ἔτι

2015 3364 2234 3434 quidem
2262 3379 2395 3420 voce
2440 3361 2716 3420 Zacharia}
2753 3382 2767 3419 :
2809 3381 2828 3415 ι
2868 3362 3172 3418 Fructuose
3213 3360 3606 3417 inltabitabitur

2014 3453 2317 3510 Jerusalem
2351 3469 2379 3509 a
2419 3455 2764 3510 multitudine
2799 3454 3077 3510 hominum
3111 3463 3166 3510 et.
3207 3453 3603 3523 iumentorum,

2015 3564 2136 3618 qua:
2162 3559 2290 3602 sunt
2325 3548 2376 3603 in
2407 3564 2492 3605 ea.
2521 3549 2588 3603 Et
2609 3563 2708 3618 ego
2734 3563 2831 3604 cro
2860 3547 2956 3612 illi,
2991 3546 3125 3602 dicit
3159 3546 3440 3612 Dominus,
3484 3553 3628 3600 tnu-‘

2015 3656 2108 3695 rus
2156 3640 2297 3711 ignis
2367 3640 2771 3708 circumcirca,
2839 3649 2892 3694 et
2940 3639 3110 3711 gloria
3176 3653 3270 3693 ero
3320 3639 3372 3693 in
3431 3639 3609 3712 medio

2016 3733 2134 3802 ejus
2159 3733 2228 3787 ⁸⁸.
2263 3753 2284 3787 ι
2319 3733 2386 3790 Ει
2420 3732 2615 3788 iterum
2646 3751 2660 3788 :
2696 3751 2715 3785 ι
2768 3733 2960 3788 Adhuc
2993 3732 3258 3789 sedebunt
3288 3733 3532 3788 seniOres
3555 3734 3606 3785 iu

2018 3828 2210 3895 plateis
2235 3825 2563 3889 Jerusalem.
2609 3827 2842 3898 quisque
2887 3827 3095 3898 virgam
3127 3843 3280 3883 suam
3315 3827 3522 3883 habens
3555 3827 3608 3881 iu

2019 3937 2205 3987 manu,
2242 3936 2272 3975 a
2318 3921 2662 3977 multitudine
2720 3921 2950 3975 dierum.
3003 3918 3074 3974 Et
3125 3919 3318 3989 plateae
3370 3919 3610 3973 civitatis

2020 4014 2388 4084 implebuntur
2415 4014 2656 4084 puerulis
2675 4021 2732 4068 et
2765 4012 2960 4081 puellis
2993 4010 3302 4066 ludentibus
3333 4011 3385 4066 in
3414 4010 3611 4082 plateis

2017 4105 2222 4174 ejus".
2266 4124 2286 4157 ι
2331 4103 2736 4176 Temporariam
2773 4105 2954 4174 itaque
2983 4105 3331 4174 praamiorum
3379 4103 3612 4173 perfrui-

2018 4198 2219 4252 tionem
2253 4194 2485 4251 Mosaica
2525 4197 2607 4251 lex
2643 4188 2990 4267 promittebat
3025 4197 3335 4262 veteribus;
3388 4209 3442 4250 at
3467 4199 3610 4251 divi-

2019 4305 2086 4342 na
2113 4298 2167 4342 et
2199 4288 2462 4343 salutaris
2507 4288 2841 4358 praedicatio,
2892 4287 3282 4343 retributiones
3321 4287 3374 4341 in
3428 4286 3610 4342 futuro

2021 4391 2284 4453 tempore.
2323 4400 2341 4432 ι
2376 4380 2528 4436 Beati
2583 4382 2754 4447 enim,
2831 4381 3028 4450 inquit,
3075 4395 3342 4452 pauperes
3391 4381 3608 4450 spiritu,

2019 4473 2146 4544 quia
2175 4473 2414 4542 ipsorum
2450 4480 2534 4528 est
2564 4487 2789 4544 regnum
2825 4472 3092 4528 caelorum
3123 4473 3190 4526 ".
3230 4491 3249 4524 ι
3286 4471 3374 4539 Et,
3407 4473 3450 4526 si
3480 4487 3614 4526 con-

2021 4575 2310 4636 sequentes
2348 4563 2717 4619 beatitudines
2755 4565 2876 4634 quis
2901 4567 3162 4635 indagare
3211 4565 3337 4620 velit
3383 4565 3612 4635 diligen-
3657 4615 3696 4639 τ.

319 4643 642 4698 καθίσονται
669 4643 1031 4717 πρεσϐύτεροι
1061 4647 1118 4698 ὲν
1160 4649 1280 4712 ταῖς
1323 4647 1606 4713 πλατείαις
1649 4649 1908 4720 Ἱερουσα·

2027 4664 2130 4722 ter,
2187 4655 2576 4711 retributiones
2613 4669 2736 4725 quae
2773 4653 3056 4726 promissa:
3095 4666 3242 4722 sunt,
3289 4656 3528 4710 inveniet
3582 4673 3612 4709 a

320 4734 460 4806 λήμ.
498 4735 771 4800 Ἕκαστος
799 4735 898 4808 τὴν
943 4737 1137 4808 ῥάϐδον
1176 4739 1344 4794 αὐτοῦ
1385 4742 1442 4794 ἐν
1469 4744 1536 4812 τῇ
1596 4743 1741 4815 χειρὶ¹
1780 4743 1920 4815 ἔχων

320 4826 437 4880 ἀπὸ
468 4824 711 4896 πλήθους
747 4827 994 4898 ἡμερῶν,
1045 4829 1141 4882 καὶ
1173 4831 1230 4884 αἱ
1258 4830 1508 4887 πλατεῖαι
1562 4834 1661 4907 τῆς
1709 4835 1921 4901 πόλεως

321 4916 735 4988 πλησθήσονται
765 4919 1068 4992 παιδαρίων
1103 4923 1198 4976 καὶ
1234 4925 1504 4994 κορασίων
1529 4924 1834 4992 παιζόντων
1863 4931 1920 4983 ὲν

319 5010 446 5073 ταῖς
471 5008 759 5074 πλατείαις
795 5009 990 5080 αὐτῆς.
1023 5029 1042 5063 ›
1077 5013 1438 5086 Προσκαίρων
1469 5012 1564 5070 οὖν
1589 5015 1700 5090 ἄρα
1741 5019 1923 5090 γερῶν

321 5099 626 5154 ἀπόλαυσιν
655 5102 684 5154 ό
713 5100 801 5156 διὰ
851 5103 1095 5170 Μωσέως
1123 5102 1287 5177 νόμος
1332 5107 1641 5179 ὑπισχνεῖτο
1670 5111 1782 5175 τοῖς
1813 5111 1918 5166 πά-

324 5199 438 5251 λαι·
480 5195 543 5248 τὸ
573 5197 630 5250 δὲ
665 5196 810 5250 θεῖον
859 5201 954 5252 καὶ
1017 5203 1284 5273 σωτήριον
1316 5203 1580 5276 κήρυγμα
1608 5203 1710 5268 τὰς
1750 5208 1830 5270 εἰς
1855 5209 1916 5261 τὸ

324 5289 522 5362 μέλλον
575 5289 983 5356 ἀνταποδόσεις·
1025 5311 1044 5344 ι
1073 5293 1350 5367 Μακάριοι
1413 5299 1542 5370 γὰρ,
1603 5298 1800 5368 φησὶν,
1873 5305 1924 5358 ot

323 5383 534 5452 πτωχοὶ
593 5384 672 5454 τῷ
721 5385 1019 5456 πνεύματι,
1059 5386 1142 5440 δτι
1181 5388 1362 5441 αὐτῶν
1395 5389 1543 5442 ἐστιν
1582 5393 1616 5462 ἡ
1669 5390 1917 5460 βασιλεία

291 5472 434 5530 ’τῶν
467 5473 736 5544 οὐρανῶνο
776 5494 795 5526 ι
847 5477 944 5530 καὶ
994 5478 1120 5540 τοὺς
1172 5477 1372 5550 ἐφεξῆς
1409 5480 1696 5552 κειμένους
1743 5502 1922 5554 μακα-

327 5567 560 5638 ρισμούς
614 5565 668 5620 εἴ
713 5585 797 5632 τις
825 5569 1001 5622 ’ἐλοιτο
1039 5569 1515 5642 πολυπραγμονεῖν
1565 5575 1920 5632 ἀνταποδόσει

327 5655 771 5727 ἐπηγγελμένας,
802 5659 1062 5731 λαμπρὰς
1099 5663 1193 5714 καὶ
1230 5661 1472 5730 μεγάλας
1519 5665 1745 5736 εὑρήσει
1768 5668 1920 5740 παρὰ

401 5856 445 5889 ’³
485 5857 644 5913 Joan.
687 5874 786 5922 nt,
825 5859 916 5912 52.
1021 5860 1066 5890 “
1109 5860 1300 5915 Matth.
1350 5877 1540 5924 xxvttt,
1574 5863 1658 5924 I8,
1699 5863 1782 5915 l9.

327 5937 374 5972 ’⁸
407 5931 574 5985 Ζιιιίι.
615 5945 673 5994 Il,
715 5933 770 5985 4.
846 5930 889 5959 ⁵¹
923 5929 1088 5999 Zaclt,
1121 5947 1236 6000 ml,
1265 5933 1318 5986 4.
1393 5933 1440 5964 ⁸⁸
1474 5934 1661 5988 Matth.
1697 5949 1746 5998 v,
1785 5933 1841 5990 5.

543 6020 821 6082 Ρλτιιοῐ..
874 6027 964 6084 Gn
1036 6029 1127 6085 LX
1143 6030 1210 6086 Χ.

1860 5861 1902 5894 ⁸⁷
1935 5858 1975 5912 11
2009 5861 2134 5916 Cor.
2185 5877 2260 5924 v1.
2319 5863 2375 5916 2.

1917 5933 1962 5964 ⁸³
1995 5932 2096 5988 lsa.
2137 5949 2191 6000 κ,
2238 5933 2322 5987 Η.

2023 4743 2156 4808 Deo,
2183 4751 2237 4798 et
2266 4742 2512 4798 illustres
2537 4753 2593 4798 et
2618 4759 2866 4816 magnas.
2893 4745 2989 4799 Sin
3019 4745 3126 4800 alio
3153 4749 3311 4800 modo
3335 4747 3507 4802 visum
3540 4745 3613 4802 sit

2021 4834 2203 4900 alicui,
2239 4834 2654 4890 retributionem
2689 4849 2720 4888 a
2765 4832 2985 4890 Christo
3017 4833 3214 4889 factam
3254 4835 3320 4891 de
3349 4837 3614 4892 adventus

2025 4935 2269 4995 tempore
2296 4924 2676 4996 interpretari,
2709 4938 2816 4980 non
2865 4925 3141 4980 aberrabit
3175 4940 3204 4979 a
3251 4939 3432 4994 scopo.
3470 4925 3610 4980 Olim

2021 5018 2166 5071 enim
2210 5017 2506 5073 insolenter
2529 5017 2696 5088 gessit
2723 5031 2783 5072 se
2814 5026 3000 5071 contra
3033 5016 3292 5072 mortales
3340 5015 3614 5086 profanis-

2027 5110 2199 5164 simus
2228 5111 2419 5175 Satan,
2446 5119 2500 5166 et
2526 5110 2714 5164 orbem
2742 5109 3045 5178 occupavit,
3065 5123 3096 5162 τι
3129 5122 3256 5162 vera
3280 5109 3614 5176 cognitione,

2032 5203 2148 5267 Dei,
2189 5203 2429 5272 inquam,
2486 5201 2747 5255 naturalis
2804 5213 3143 5271 segregatum
3194 5217 3259 5256 ac
3317 5201 3612 5270 divulsum,

2027 5307 2080 5350 et
2105 5297 2156 5351 in
2192 5304 2410 5366 puteum
2438 5293 2592 5364 quasi
2621 5293 2823 5362 peccati
2850 5293 3268 5362 prmcipitatum,
3305 5307 3367 5346 ac
3393 5295 3474 5347 sui
3503 5307 3618 5347 nta-

2025 5389 2312 5457 larumque
2338 5403 2520 5444 secum
2552 5395 2879 5457 potestatum
2919 5386 3155 5440 reddidit
3181 5389 3472 5441 cultorem.
3505 5383 3626 5439 Ita-'

2023 5495 2128 5550 que
2159 5478 2297 5533 dixit
2345 5497 2359 5533 :
2402 5499 2421 5530 ι
2459 5478 2654 5534 Totum
2703 5479 2889 5534 orbem
2937 5479 3392 5548 comprehendam
3449 5493 3624 5531 manu

2023 5583 2080 5625 ut
2107 5572 2315 5638 nidum,
2348 5580 2404 5628 et
2432 5584 2492 5626 ut
2538 5573 2796 5647 derelicta
2837 5587 2938 5628 ova
2971 5571 3154 5627 tollam
3188 5586 3204 5625 :
3239 5585 3337 5625 nec
3381 5578 3470 5624 est
3518 5571 3622 5638 qui

2020 5666 2190 5735 possit
2219 5681 2306 5720 me
2335 5664 2592 5736 effugere,
2642 5667 2724 5721 vel
2765 5667 2855 5736 qui
2899 5665 3234 5720 contradicat
3274 5661 3403 5718 mihi
3452 5659 3522 5716 ⁸⁸.
3585 5681 3606 5714 ι

2454 5862 2498 5894 ⁸⁸
2529 5862 2708 5918 Eccle.
2761 5878 2856 5929 vu,
2894 5861 2976 5916 18.
3097 5859 3142 5892 ⁸³
3173 5858 3344 5914 Exod.
3385 5873 3478 5924 xx,
3517 5854 3609 5917 η.

3090 6029 3164 6093 43
