4140 6496
542 501 672 560 1355

1528 491 1585 546 S.
1629 488 1897 546 CYRlLLl
1942 487 2410 545 ALEXANDRIN!
2447 488 2768 547 ARCHIEP.

3677 504 3820 559 ίὸὗΰ

531 612 640 675 sed
665 614 1037 685 deprehensus
1067 620 1151 667 est
1183 626 1351 667 vanas
1389 625 1513 680 spes
1549 612 1651 665 hac
1704 612 1769 666 de
1828 627 1885 666 re
1929 623 2116 665 conte

2228 611 2388 667 Θεοῦ.
2424 612 2487 665 Ei
2510 610 2568 666 δὲ
2598 613 2662 684 δή
2702 630 2789 677 τις
2834 612 3077 683 βούλοιτο
3121 615 3217 669 καὶ
3255 618 3379 671 καθ’
3405 619 3591 692 ἕτερον
3620 622 3819 693 τρόπσν
3872 672 3879 683 ,

530 711 697 783 pisse.
730 706 1011 763 Excitatus
1037 704 1181 759 enim
1208 713 1293 760 est
1321 715 1509 759 contra
1550 703 1815 769 Christus,
1863 713 1918 757 et
1966 704 2121 758 oblu-

529 814 710 860 ctatus
740 811 820 857 est
855 816 952 872 pro
1006 799 1183 865 nobis,
1235 808 1286 852 et
1340 812 1531 868 poenas
1577 795 1874 865 iuqrietatis
1921 796 1973 849 in
2025 813 2122 849 nos

530 896 600 950 ab
623 910 688 949 eo
716 892 918 962 exegit.
950 891 1179 945 Omnem
1216 888 1360 943 enim
1388 887 1529 942 illius
1561 886 1853 942 demolitus
1884 894 1969 941 est
2009 883 2118 939 for-

532 982 839 1047 titudiuem,
884 991 938 1035 et
975 978 1259 1052 tyrannide
1293 978 1345 1032 iu
1378 993 1475 1031 nos
1512 978 1845 1042 exturbavit,
1886 994 1904 1025 ι
1947 983 2001 1032 et
2029 992 2120 1029 ru-

529 1072 784 1127 dentibus
821 1071 1015 1125 inferni
1054 1070 1330 1125 detractos
1363 1067 1416 1121 in
1460 1067 1776 1135 Tartarum,
1818 1085 1837 1117 ι
1885 1077 1942 1120 ut
1984 1067 2120 1122 scri-

529 1173 679 1233 ptum
708 1173 810 1226 cst,
845 1181 863 1214 ι
897 1161 1115 1217 tradidit
1154 1161 1483 1216 cruciandos
1523 1160 1575 1214 in
1623 1159 1889 1226 judicium
1940 1159 2118 1231 magni

533 1255 637 1310 diei
668 1256 937 1309 reservari
971 1253 1039 1321 “,
1081 1273 1099 1306 ι
1153 1264 1265 1308 tam
1310 1254 1483 1323 ipsum
1527 1268 1689 1322 quam
1732 1263 1979 1315 cmteros,
2027 1251 2119 1319 qui

533 1362 655 1402 cum
722 1348 841 1418 ipso
887 1355 1147 1416 apostatce
1198 1346 1543 1400 exstiterunt.
1602 1344 1786 1399 Psallit
1855 1343 2119 1412 siquidem

530 1440 746 1495 divinus
794 1438 984 1504 David,
1029 1438 1171 1492 velut
1211 1438 1309 1491 sub
1342 1451 1575 1507 persona
1611 1438 2033 1504 redemptorum,
2068 1445 2122 1490 et

528 1531 690 1603 861
726 1532 897 1601 inquit
940 1547 953 1585 :
993 1548 1009 1580 ι
1063 1527 1379 1584 Conﬁtebor
1420 1528 1536 1591 tibi,
1583 1526 1830 1590 Domine,
1884 1526 1937 1579 in
2007 1535 2120 1581 toto

530 1622 693 1677 corde
741 1635 884 1685 meo,
918 1618 1155 1672 narrabo
1189 1616 1370 1670 omnia
1414 1615 1683 1669 mirabilia
1724 1625 1835 1668 tua.
1871 1615 2121 1670 Lzetabnr

528 1726 583 1770 et
616 1713 901 1769 exsultatio
932 1711 983 1765 in
1025 1720 1094 1777 te,
1125 1710 1347 1779 psallam
1397 1709 1600 1763 nomini
1645 1719 1758 1773 tuo,
1803 1708 2114 1773 Altissime,

527 1807 654 1876 quia
691 1805 864 1860 Fecisti
896 1802 1158 1872 judicium
1196 1817 1373 1855 meum
1402 1811 1454 1855 et
1499 1815 1716 1854 causam
1768 1816 1963 1855 meam.
2018 1800 2116 1855 Se-

527 1897 650 1953 disti
675 1911 838 1965 super
874 1894 1153 1956 thronum,
1195 1893 1285 1962 qui
1320 1891 1837 1961 jndicasjustitiam,
1874 1891 2119 1960 increpa-

2225 704 2323 776 τὴν
2375 703 2735 759 ἀνταπόδοσιν
2782 706 2881 776 τὴν
2949 709 3325 780 γεγενημένην
3378 714 3531 782 παρὰ
3581 714 3819 785 Χριστοῦ

2224 794 2366 850 κατά
2392 795 2483 848 τὸν
2521 795 2622 867 τῆς
2659 796 2953 866 ἐπιδημίας
3005 805 3219 870 καιρὸν,
3274 801 3375 853 οὐκ
3435 802 3501 856 ἂν
3535 803 3639 868 ἔξω
3667 804 3818 874 βάλοι

2227 888 2456 945 σκοποῦ.
2493 888 2671 944 Πάλαι
2703 891 2801 960 μὲν
2819 891 2928 962 γὰρ
2959 891 3422 963 κατηλαζονεύετο
3451 895 3558 950 τῶν
3593 898 3686 949 ἐπὶ
3718 899 3819 967 τῆς

2223 980 2325 1051 γῆς
2346 981 2374 1033 ὀ
2403 981 2757 1053 παμϐἐϐηλος
2799 984 3061 1049 Σατανᾶςο
3108 986 3545 1058 πεπλεονέκτηκε
3581 989 3690 1060 γὰρ
3717 988 3818 1061 τὴν

2223 1073 2317 1126 ὑπ’
2362 1074 2594 1144 οὐρανὸν
2674 1074 3124 1147 ἀποϐουκολήσας
3179 1078 3350 1149 αὐτὴν
3417 1079 3517 1150 τῆς
3584 1078 3818 1151 ἀληθοῦς

2223 1162 2606 1235 γνὼσεωςμτῆς
2637 1163 2726 1216 ἐπί
2760 1164 2824 1233 γέ
2856 1182 3000 1236 φημι
3033 1165 3110 1236 τῷ
3141 1169 3285 1221 κατά
3324 1168 3485 1237 φύσιν
3520 1170 3661 1242 Θεῷ,
3694 1171 3816 1223 τέλσ

2227 1274 2363 1327 μασι
2411 1256 2469 1309 δὲ
2500 1255 2690 1327 ὥσπερ
2717 1260 2831 1321 τοῖς
2860 1258 2960 1329 τῆς
3010 1260 3281 1331 ἁμαρτίας
3309 1260 3585 1331 ἐμϐαλὼν,
3620 1261 3817 1318 ἑαυτοῦ

2229 1365 2288 1400 τε
2319 1348 2414 1401 καὶ
2470 1348 2579 1403 τῶν
2634 1351 2729 1404 σὺν
2766 1350 2914 1421 αὐτῷ
2939 1352 3222 1424 δυνάμεων
3269 1355 3519 1425 πονηρῶν
3566 1356 3817 1427 ἀπέφηνε

2223 1442 2631 1512 προσκυνητὰς.
2674 1443 2925 1514 Ἔφασκε
2959 1444 3123 1514 γοῦν,
3169 1447 3250 1500 ὅτι
3291 1465 3308 1497 ι
3334 1447 3445 1515 Τὴν
3493 1448 3817 1519 οἰκουμένην

2222 1530 2351 1601 ὅλην
2414 1532 2806 1604 καταλήψομαι
2864 1538 2929 1605 τῇ
2984 1535 3149 1605 χειρὶ,
3203 1536 3280 1599 ὡς
3318 1536 3558 1604 νοσσιὰν,
3612 1539 3705 1591 καὶ
3742 1538 3817 1601 ὼς

2222 1624 2700 1698 καταλελειμμένα
2733 1620 2815 1681 tbi
2847 1626 2986 1699 ἀρῶ,
3022 1628 3115 1681 καὶ
3149 1630 3248 1682 οὐκ
3278 1629 3423 1683 ἔστιν
3456 1629 3512 1693 6;
3533 1630 3815 1698 διαφεύξε-

2220 1713 2311 1767 ταί
2344 1731 2433 1785 με,
2461 1711 2498 1782 ἢ
2560 1716 2788 1787 ἀντείπῃ
2823 1734 2934 1787 μοι·
2972 1736 2991 1768 ι
3031 1717 3147 1771 ἀλλ’
3177 1718 3294 1788 ἥλω
3338 1718 3503 1781 κενὰς
3557 1721 3694 1789 ἔχων
3731 1719 3816 1771 ἐπ’

2223 1806 2372 1879 αὐτῷ
2403 1807 2467 1880 δὴ
2498 1809 2671 1879 τούτῳ
2697 1810 2915 1874 καὶτὰς
2938 1811 3179 1872 ἐλπίδας.
3224 1811 3646 1882 Ἀντεγήγερται
3683 1815 3813 1882 γὰρ,

2222 1901 2317 1954 καὶ
2348 1901 2675 1975 ἀντείρηκεν
2708 1904 2848 1973 ὑπὲρ
2879 1903 3038 1974 ἡμῶν
3078 1905 3105 1955 6
3151 1904 3408 1974 Χριστὸς,
3459 1904 3819 1973 εἰσεπράξατο

526 1989 594 2046 sti
619 1998 834 2061 gentes,
865 1994 920 2039 et
952 1985 1114 2055 periit
1140 1986 1360 2052 impius.
1391 1983 1597 2039 Nomen
1625 1984 1741 2053 ejus
1790 1983 2033 2039 deleviSti
2067 1984 2116 2037 iii

2220 1992 2278 2057 δὲ
2312 1994 2405 2048 καὶ
2435 1967 2590 2059 δίκας
2617 1993 2779 2049 αὐτὸν
2800 1967 3049 2065 τῆςηκαίν
3081 1967 3242 2065 ἡμίῦν
3283 1995 3559 2060 ἀσεϐείας,
3602 1967 3817 2048 καθεῖλε

528 2080 782 2136 sarculum
840 2077 1021 2133 saeculi
1075 2076 1144 2131 ⁵⁵.
1212 2093 1231 2127 ι
1298 2074 1440 2130 Alibi
1492 2090 1682 2130 rursus
1737 2075 1816 2129 sic
1870 2075 1937 2130 de
1983 2091 2047 2130 eo
2101 2092 2115 2129 :

532 2191 552 2226 ι
590 2172 895 2240 Quaeretur,
955 2168 1150 2237 inquit,
1211 2176 1494 2237 peccatqu
1543 2166 1684 2235 ejus,
1730 2177 1784 2221 et
1848 2183 1952 2222 non
2033 2168 2117 2221 iu-

528 2266 776 2322 venietur
818 2263 887 2315 ⁸⁸.
920 2281 938 2314 ι
979 2261 1122 2315 Dixit
1154 2274 1370 2330 quoque
1402 2259 1516 2330 ipse
1543 2260 1805 2315 Servator
1837 2278 1852 2315 :
1898 2279 1916 2312 ι
1967 2259 2118 2315 Nunc

525 2360 784 2430 judicium
815 2368 898 2412 est
931 2354 1115 2411 nmudi
1136 2351 1336 2423 hujus;
1366 2368 1506 2408 nunc
1533 2353 1785 2423 princeps
1810 2353 1991 2406 mundi
2020 2354 2119 2406 hu-

521 2453 613 2520 jus
648 2450 900 2522 ejicietur
933 2447 1080 2502 foras
1122 2446 1191 2499 ⁸⁷.
1237 2464 1254 2497 ι
1285 2443 1521 2516 Tempus
1550 2446 1714 2516 igitur
1747 2444 2117 2500 retributionis

528 2550 690 2603 etiam
718 2545 820 2599 hoc
857 2541 1015 2595 modo
1057 2549 1144 2594 cst
1190 2554 1296 2608 quo
1349 2538 1527 2593 illuxit
1585 2537 1783 2592 mundo
1843 2537 2113 2593 Christus.

535 2639 754 2695 Venisse
783 2645 961 2691 autem
1001 2648 1123 2689 eum
1155 2632 1305 2697 dicit,
1352 2642 1409 2686 ut
1455 2629 1765 2686 coitsoletur
1801 2644 1992 2685 omnes
2035 2628 2115 2682 lu-

529 2743 716 2801 gentes
748 2729 901 2791 Sion,
933 2738 990 2780 ut
1024 2726 1113 2780 dct
1141 2724 1248 2778 illis
1281 2722 1502 2793 gloriam
1537 2737 1633 2792 pro
1676 2721 1881 2787 cinere,
1929 2731 1981 2775 et
2013 2736 2116 2773 un-

531 2824 767 2879 ctionem
825 2820 1044 2884 Ιινιίιῐιι»,
1108 2830 1163 2873 ct
1233 2818 1489 2872 amictum
1545 2813 1732 2886 gloria:
1778 2829 1875 2884 pro
1923 2813 2115 2881 spiritu

532 2916 804 2972 mmroris.
840 2914 1177 2968 Exstiterunt
1207 2911 1350 2965 enim
1406 2909 1679 2980 quondam
1724 2907 1863 2978 apud
1902 2905 2117 2960 Juda'os

530 3010 705 3066 sancti
736 3007 839 3062 viri
873 3016 923 3062 et
957 3005 1009 3059 in
1045 3005 1163 3073 lege
1203 3003 1368 3068 docti,
1400 3017 1463 3056 ac
1493 3001 1931 3072 prophetieormn
1980 3014 2118 3069 pra:-

528 3101 811 3175 coniorum
848 3105 1184 3153 scrutatores
1229 3106 1283 3151 et
1335 3094 1510 3164 gnari.
1570 3092 1632 3147 Ili
1692 3108 1813 3146 cum
1872 3092 2117 3144 viderent

528 3193 793 3264 sanguine
847 3188 1151 3246 israelitico
1200 3186 1480 3250 oriundos,
1547 3184 1780 3240 MoSaiea
1846 3194 2114 3254 praecepta

527 3287 679 3360 parvi
711 3284 955 3350 duxisse,
982 3294 1035 3337 et
1075 3282 1138 3336 ad
1169 3297 1262 3336 sna
1292 3280 1486 3349 placita
1531 3291 1848 3341 conversos,
1893 3276 2116 3330 docere-

527 3395 635 3453 qne
668 3377 946 3433 doctrinas
994 3384 1260 3444 praecepta
1322 3373 1620 3436 hominum,
1683 3384 1748 3429 ac
1800 3369 1963 3422 vitam
2009 3365 2109 3438 legi

528 3471 767 3528 maxime
817 3468 1147 3523 contrariam
1176 3478 1229 3521 et
1256 3463 1577 3536 ﬂagitiosum
1634 3464 1836 3527 vivere,
1890 3459 2112 3515 tristitia

528 3577 650 3634 qua
679 3571 901 3617 sanctos
949 3560 1107 3614 decet
1151 3555 1328 3610 aﬂ'ecti
1371 3562 1516 3618 sunt,
1571 3569 1636 3608 ac
1689 3553 2112 3624 redemptionem

529 3670 626 3727 per
659 3653 934 3727 Christum
959 3647 1368 3717 exspectabant.
1397 3644 1514 3701 Non
1541 3646 1741 3702 etenim
1775 3645 2114 3715 ignorarunt,

528 3723 887 3813 eum’Spiritu
926 3740 1086 3795 amati
1129 3744 1334 3805 essent,
1383 3752 1529 3807 eum,
1582 3739 1670 3809 qui
1717 3739 1819 3793 lide
1853 3740 2116 3809 justiticat

529 3837 786 3909 impium,
821 3844 876 3891 et
904 3834 996 3905 qui
1031 3833 1207 3903 gratia
1241 3829 1561 3901 injuriarum
1614 3830 1940 3897 immemori,
1988 3847 2118 3887 con-

531 3930 825 3987 tamiuatos
850 3927 1132 3997 abstergit.
1169 3923 1303 3978 Nam
1331 3923 1549 3979 Simeon
1587 3922 1676 3977 ille
1706 3921 1907 3991 justus,
1955 3922 2117 3979 Chri-

529 4031 615 4076 sto
643 4018 851 4073 infante
905 4015 1045 4072 ulnis
1100 4022 1346 4083 excepto,
1405 4022 1654 4084 precatus
1705 4023 1808 4081 est,
1863 4013 2051 4068 dicens
2099 4032 2113 4069 :

536 4129 555 4164 ι
592 4110 744 4166 Nune
771 4109 1000 4165 dimittis
1031 4122 1247 4161 servum
1298 4115 1469 4171 tuum,
1520 4105 1766 4171 Domine,
1821 4107 2114 4161 secundum

529 4203 754 4261 verbum
785 4213 932 4257 tuum
972 4201 1024 4255 in
1072 4215 1223 4270 pace.
1253 4197 1389 4264 Quia
1430 4197 1683 4252 viderunt
1710 4196 1849 4253 oculi
1886 4197 1988 4254 mei
2031 4214 2119 4253 sa-

528 4298 705 4353 lutare
738 4304 910 4360 tuum,
949 4276 1089 4363 quod
1120 4290 1324 4361 parasti
1373 4301 1497 4345 ante
1529 4289 1721 4345 faciem
1754 4292 1994 4349 omnium
2024 4308 2119 4362 po-

527 4388 801 4460 pulorum.
833 4385 1039 4441 Lumen
1070 4384 1137 4437 ad
1175 4381 1556 4437 revelationent
1607 4383 1847 4453 gentium
1891 4390 1947 4437 et
1997 4383 2115 4455 glo-

527 4483 666 4539 riam
695 4479 876 4551 populi
913 4478 985 4532 tui
1018 4476 1184 4534 Israel
1214 4475 1281 4530 ⁵⁸.
1321 4494 1341 4527 ›
1383 4475 1722 4531 inveniemus
1772 4476 1933 4531 etiam
1979 4478 2115 4531 diri-

527 4570 1045 4635 num-Zachariam,
1079 4566 1306 4623 Joannis
1333 4578 1565 4637 patrem,
1599 4568 1782 4624 dicere
1819 4587 1834 4624 :
1872 4587 1892 4621 ι
1943 4567 2117 4625 Bene-

2222 2085 2332 2158 γὰρ
2371 2087 2535 2140 αὑτοῦ
2566 2089 2747 2141 πᾶσαν
2799 2088 2975 2157 ίσχῦν,
3022 2087 3348 2157 ὲκϐέὸληται
3388 2088 3489 2156 τῆς
3516 2086 3636 2141 καθ’
3662 2087 3819 2157 ἡμῶν

2221 2178 2555 2249 τυραννίδος,
2600 2198 2617 2230 ι
2654 2178 2765 2231 Καὶ
2826 2180 3035 2250 σειραῖς
3111 2179 3277 2247 ζόφου
3343 2178 3702 2250 ταρταρώσας
3739 2220 3752 2245 ,
3793 2197 3810 2227 1

2220 2270 2361 2324 κατὰ
2390 2271 2448 2324 τὸ
2476 2271 2883 2342 γεγραμμένον,
2943 2290 2961 2322 ι
3001 2272 3316 2343 παρέδωκεν
3372 2274 3451 2336 εἰς
3501 2272 3681 2344 κρίσιν
3722 2289 3816 2343 μεο

2220 2361 2394 2433 γάλης
2438 2363 2655 2433 ἡμέρας
2705 2361 3207 2433 κολασθησομένους
3262 2364 3450 2434 τηρεῖν
3487 2381 3505 2415 ι
3557 2363 3719 2416 αὐτόν
3756 2379 3815 2416 τε

2220 2452 2313 2506 καὶ
2344 2454 2471 2517 τοὺς
2499 2454 2739 2525 ἑτέρους,
2777 2453 2825 2506 οἳ
2874 2454 3276 2508 συναποστάται
3326 2455 3616 2524 γεγόνασιν
3646 2454 3814 2526 αὐτῷ.

2219 2545 2430 2600 Ψάλλει
2462 2545 2595 2616 γοῦν
2622 2546 2716 2599 καὶ
2761 2548 2790 2599 ὁ
2814 2545 3101 2611 θεσπέσιος
3130 2547 3293 2600 Δαϐὶδ
3320 2547 3395 2610 ὡς
3428 2548 3491 2600 ὲκ
3525 2546 3820 2618 προσώπου

2217 2637 2328 2691 τῶν
2362 2637 2811 2711 λελυτρωμένων,
2830 2639 3125 2708 καίφησιν·
3149 2659 3165 2691 ι
3192 2637 3689 2710 Ἐξομολογήσομαί
3716 2656 3819 2705 σοι,

2221 2732 2421 2804 Κύριε,
2476 2733 2535 2786 ὲν
2588 2731 2685 2804 ὅλῃ
2718 2731 2917 2804 καρδία
2977 2740 3100 2802 μου,
3148 2732 3483 2803 διηγήσομαι
3543 2732 3720 2785 πάντα
3753 2731 3824 2786 τὰ

2223 2823 2509 2894 θαυμάσιά
2536 2841 2652 2878 σου.
2691 2823 3177 2895 Εὐφρανθήσομαι,
3204 2824 3297 2877 καὶ
3331 2822 3731 2894 ἁγαλλιάσομαι
3762 2825 3820 2877 ἐν

2224 2913 2327 2968 οοί.
2360 2914 2534 2967 Ψαλῶ
2600 2914 2679 2987 τῷ
2729 2915 2955 2987 ὀνόματί
2990 2932 3118 2981 σου,
3156 2913 3410 2984 ’λ’ψιστε,
3446 2917 3527 2969 ὅτι
3558 2914 3820 2986 ἐποίησας

2220 3005 2320 3077 τὴν
2350 3007 2533 3078 κρίσιν
2565 3025 2689 3078 μου,
2743 3008 2839 3061 καὶ
2885 3009 2985 3079 τὴν
3034 3007 3189 3079 δίκην
3237 3025 3359 3079 μου.
3398 3007 3692 3071 Ἐκάθισας
3726 3006 3820 3061 ἐπὶ

2223 3099 2439 3171 θρόνου,
2469 3103 2494 3153 ὁ
2516 3101 2717 3171 κρίνων
2742 3100 3107 3171 δικαιοσύνην·
3130 3101 3469 3171 ἐπετίμησας
3499 3100 3698 3168 ἔθνεσι,
3723 3101 3820 3154 καὶ

2223 3188 2474 3244 ἀπώλετο
2499 3191 2527 3243 6
2550 3188 2777 3258 ἀσεϐής·
2810 3190 2870 3243 τὸ
2904 3190 3076 3261 ὄνομα
3092 3189 3258 3243 αὑτοῦ
3293 3189 3581 3260 ἐξήλειύας
3617 3191 3696 3252 εἰς
3724 3188 3817 3242 τὸν

2218 3281 2413 3350 αἰῶνα,
2438 3283 2533 3337 καὶ
2564 3283 2643 3347 εῐς
2663 3281 2753 3335 τὸν
2774 3281 2949 3335 αἰῶνα
2995 3281 3090 3335 τοῦ
3124 3281 3345 3346 αἰῶνοςο
3379 3301 3395 3333 ι
3435 3282 3543 3335 Nai.
3587 3283 3694 3353 μὴν
3722 3280 3817 3334 καὶ

2217 3375 2446 3450 ἑτέρωθί
2472 3392 2573 3428 που
2604 3374 2766 3429 πάλιν
2784 3374 2918 3446 φησὶ
2949 3374 3079 3444 περὶ
3118 3372 3283 3427 αὐτοῦ
3319 3365 3443 3428 ιῖιδε.
3467 3392 3486 3425 ι
3507 3373 3817 3445 Ζητηθήσε-

2218 3486 2306 3523 ται
2335 3470 2368 3540 ὴ
2404 3464 2648 3539 ἁμαρτία
2694 3463 2885 3533 αὐτοῦ,
2914 3464 3007 3520 καὶ
3034 3464 3096 3517 οὐ
3131 3464 3205 3535 μὴ
3233 3464 3428 3535 εὑρεθῇ
3483 3464 3551 3516 δι’
3573 3464 3762 3536 αὐτὴν.
3790 3484 3810 3517 ι

2221 3563 2367 3632 Ἔφη
2413 3560 2471 3614 δὲ
2504 3559 2598 3613 καὶ
2629 3557 2790 3622 αὐτὸς
2812 3559 2843 3611 6
2873 3557 3087 3629 Σωτήρ·
3117 3575 3136 3608 ι
3167 3555 3283 3611 Νῦν
3329 3556 3508 3628 κρίσις
3552 3556 3669 3609 ἐστὶ
3716 3555 3815 3610 τοῦ

2219 3655 2428 3725 κόσμου
2471 3652 2688 3717 τούτου,
2752 3652 2846 3705 νῦν
2897 3651 3080 3723 ἄρχων
3130 3648 3224 3704 τοῦ
3264 3649 3473 3720 κόσμου
3508 3648 3698 3703 τούτου
3725 3650 3814 3703 ὲκ-

2221 3745 2559 3816 6ληθήσεται
2608 3742 2733 3811 ἔξω.
2762 3763 2780 3795 ι
2841 3741 3043 3813 Καιρὸς
3074 3735 3168 3793 οῦν
3236 3738 3666 3804 ἀνταποδόσεως,
3718 3741 3816 3794 καὶ

2219 3838 2361 3891 κατά
2381 3834 2570 3888 τοῦτον
2604 3832 2698 3887 τὸν
2733 3831 2955 3904 τρόπον,
2995 3829 3116 3884 καθ’
3134 3828 3191 3883 ὃν
3218 3827 3499 3899 ἐπέλαμψε
3521 3827 3600 3899 τῷ
3622 3829 3817 3899 κόσμῳ

2218 3926 2477 4001 Χριστός·
2516 3923 2833 3997 ἐληλυθέναι
2889 3923 2948 3976 δέ
3000 3939 3188 3994 φησιν,
3241 3919 3383 3973 ὥστε
3430 3918 3817 3991 παρακαλέσαι

2219 4022 2428 4085 πάντας
2462 4018 2590 4083 τοὺς
2637 4014 2968 4080 πενθοῦντας
3001 4016 3163 4081 Σιὼν,
3203 4013 3386 4068 δοῦναι
3438 4014 3621 4076 αὐτοῖς
3655 4011 3817 4077 δόξαν

2220 4113 2343 4169 ἀντὶ
2376 4109 2597 4179 σποδοῦ,
2651 4109 2746 4164 καὶ
2798 4108 3043 4180 ἄλειμμα
3090 4106 3450 4178 εὐφροσύνης,
3487 4104 3583 4157 καὶ
3643 4121 3818 4156 κατα-

2222 4206 2417 4277 στολὴν
2442 4204 2601 4275 δόξης
2641 4202 2762 4256 ἀντὶ
2792 4200 3107 4271 πνεύματος
3136 4198 3384 4269 ἀκηδίας.
3422 4197 3682 4265 Γεγόνασι
3714 4196 3817 4266 μὲν

2219 4296 2341 4372 γὰρ·
2362 4296 2507 4352 κατά
2532 4296 2760 4365 καιροὺς
2783 4291 2935 4365 παρὰ
2956 4294 3067 4356 τοῖς
3108 4290 3387 4352 Ἰουδαίοις
3415 4288 3606 4359 ἄνδρες
3641 4286 3813 4355 ἅγιοι,

2220 4390 2315 4445 καὶ
2337 4386 2688 4460 νομομαθεῖς,
2708 4387 2801 4439 καὶ
2825 4382 3179 4455 προφητικῶν
3197 4380 3568 4454 κηρυγμάτων
3597 4381 3723 4451 ὲρευ
3736 4396 3819 4450 νη-

2219 4481 2332 4548 ταὶ,
2385 4479 2478 4534 καὶ
2528 4478 2914 4549 ἐπιστήμονες.
2975 4469 3133 4530 Οὗτοι
3195 4472 3528 4543 θεωροῦντες
3585 4469 3714 4534 τοῦς
3752 4469 3817 4536 ἐξ

2220 4572 2453 4643 αἵματος
2512 4566 2728 4639 Ἰσραὴλ
2779 4562 2880 4637 τῆς
2927 4564 3016 4619 διὰ
3064 4563 3313 4626 Μωσέως
3375 4560 3598 4630 ἐντολῆς
3652 4558 3814 4629 ὀλίγα

527 4666 707 4720 dictus
742 4663 1001 4718 Dominus
1029 4662 1172 4716 Deus
1199 4661 1388 4726 lsracl,
1426 4662 1553 4731 quia
1598 4662 1857 4728 visitavit,
1892 4670 1946 4717 et
1987 4659 2116 4715 fecit

2223 4662 2674 4735 πεφροντικότας,
2704 4658 3082 4732 τραπομένους
3204 4655 3405 4727 μᾶλλον
3442 4655 3520 4717 εἰς
3548 4652 3606 4706 τὺ
3627 4652 3815 4716 αὐτοῖς

527 4754 955 4824 redemptionem
991 4752 1131 4822 plebi
1166 4768 1296 4807 sua).
1351 4751 1417 4806 Et
1472 4753 1646 4808 erexit
1695 4768 1861 4807 cornu
1926 4752 2117 4807 salutis

528 4848 688 4905 nobis
732 4847 803 4903 ".
851 4865 871 4900 ι
929 4844 1337 4915 Evangelizavit
1394 4843 1534 4898 item
1577 4842 1857 4913 Philippus
1911 4842 2116 4898 Natha-

2220 4755 2434 4824 δοκοῦν,
2458 4756 2553 4810 καὶ
2572 4754 2923 4817 διδάσκοντας
2965 4750 3065 4821 μὲν
3110 4747 3462 4803 διδασκαλίαν
3497 4744 3818 4815 ἐντάλματα

2216 4848 2521 4919 ἀνθρώπων
2547 4889 2562 4914 ,
2610 4844 3002 4917 ὲκνομωτάτην
3068 4841 3121 4894 δὲ
3185 4842 3280 4894 καὶ
3350 4839 3818 4910 φιλαμαρτήμονα

529 4940 696 5008 naeli,
733 4938 817 4994 sic
843 4939 1033 4994 dicens
1072 4955 1085 4991 :
1127 4954 1146 4989 ι
1202 4940 1372 5003 Quem
1406 4935 1627 5006 scripsit
1661 4933 1834 4989 Moses
1874 4935 1927 4989 in
1977 4934 2113 5006 lege,

2220 4936 2557 5003 διαϐιοῦντας
2579 4938 2748 5009 ζωὴν,
2793 4936 2893 5007 τὴν
2939 4933 3117 5001 ἁγίοις
3153 4930 3471 5000 πρέπουσαν
3505 4928 3592 4983 ἐπ’
3626 4929 3816 4994 αὐτοῖς

528 5040 584 5087 et
613 5029 912 5101 prophetae,
965 5026 1272 5082 invenimus
1327 5023 1510 5101 Jesum
1570 5024 1735 5079 tilium
1791 5022 2033 5095 Iosephi,
2084 5040 2112 5079 a

531 5098 799 5173 Nasareth
828 5115 894 5168 '°.
927 5134 945 5167 ι
983 5113 1192 5169 Scribit
1223 5114 1388 5169 etiam
1415 5098 1845 5184 sapientissimus
1871 5112 2067 5170 Paulus
2098 5133 2110 5169 :

534 5227 556 5263 ι
588 5207 827 5264 Tristitia
862 5207 994 5262 mihi
1030 5221 1220 5278 magna
1258 5216 1361 5272 est,
1390 5217 1442 5259 et
1490 5206 1780 5262 continuus
1811 5206 1965 5263 dolor
1994 5224 2114 5263 cor-

529 5301 607 5370 di,
643 5315 741 5372 pro
764 5299 1021 5355 fratribus
1059 5299 1213 5365 meis,
1238 5298 1334 5368 qui
1366 5308 1491 5353 suut
1519 5298 1730 5369 cognati
1773 5301 1876 5354 mei
1922 5315 2114 5355 secun-

531 5394 660 5449 dum
693 5407 911 5448 carnem
944 5391 1011 5446 “.
1052 5408 1072 5442 ι
1103 5420 1175 5431 -
1197 5406 1216 5441 ι
1244 5388 1376 5443 Data
1406 5399 1491 5444 est
1518 5389 1678 5460 igitur
1697 5390 1864 5462 862
1885 5392 2113 5464 lugenti-

528 5485 629 5543 bus
646 5485 800 5550 Sion,
834 5481 1150 5545 consolatio,
1177 5497 1195 5533 ι
1227 5494 1325 5551 per
1355 5478 1652 5547 Christum,
1677 5498 1696 5532 ι
1724 5492 1778 5536 et
1795 5498 1894 5551 pro
1932 5484 2114 5538 cinere

532 5575 721 5647 διοικίε,
763 5595 782 5629 ›
822 5572 1105 5629 Desierunt
1127 5571 1272 5627 enim
1302 5569 1447 5625 illam
1483 5571 1667 5642 lugere
1691 5583 1746 5628 et
1778 5571 1996 5642 deﬂere,
2019 5592 2111 5631 ec-

532 5676 832 5737 peruntque
867 5679 964 5737 per
1010 5662 1287 5719 Christum
1330 5662 1612 5734 gaudium,
1651 5662 2013 5734 praedicantes
2058 5678 2110 5721 ct

2216 5032 2466 5105 ἐδέγοντυ
2521 5030 2720 5103 λύπην.
2768 5027 3145 5100 Προσεδόκουν
3198 5024 3257 5079 δὲ
3307 5026 3408 5097 τὴν
3453 5024 3543 5080 διὰ
3572 5024 3819 5097 Χριστοῦ

2219 5122 2507 5196 λύτρωσιν.
2543 5123 2618 5176 Οὐ
2646 5122 2755 5192 γὰρ
2775 5120 3053 5192 ἠγνόησαν
3079 5119 3233 5182 ὄντες
3260 5116 3697 5187 πνευματοφόροι
3722 5117 3820 5171 τὸν

2220 5197 2534 5266 ἃκαιοῦντα
2562 5211 2746 5266 πίστει
2774 5211 2867 5264 τὸν
2897 5209 3092 5280 ἀσεϐῆ,
3117 5209 3211 5263 καὶ
3229 5208 3598 5280 ἀμνησικάκῳ
3631 5207 3824 5278 χάριτι

2222 5305 2590 5377 διασμὴχοντα
2621 5304 2749 5370 τοὺς
2800 5302 3268 5377 μεμολυσμένους.
3319 5301 3430 5356 Καὶ
3485 5299 3617 5370 γοῦν
3649 5302 3679 5353 ὁ
3716 5300 3827 5371 μὲν

2219 5396 2428 5459 δίκαιος
2492 5395 2719 5467 Συμεὼν
2772 5395 2975 5467 βρέφος
3006 5394 3137 5449 ὄντα
3174 5389 3411 5464 Χριστὸν
3458 5392 3517 5444 ἐν
3545 5390 3829 5459 ἀγκάλαις

2216 5484 2399 5540 λαϐὼν
2426 5487 2772 5558 προσηύχετο
2799 5486 2995 5555 λέγων’
3031 5504 3049 5537 ι
3069 5482 3185 5538 Νῦν
3215 5480 3474 5545 ἀπολύεις
3500 5480 3594 5535 τὸν
3628 5479 3831 5535 δοῦλόν

2219 5595 2337 5643 σου,
2370 5578 2636 5645 Δέσποτα,
2671 5578 2813 5634 κατὰ
2836 5578 2897 5632 τὸ
2924 5576 3078 5650 ρῆμά
3097 5593 3213 5644 σου,
3238 5575 3296 5629 ὲν
3322 5574 3534 5648 εἰρήνῃ,
3560 5573 3641 5627 ὅτι
3677 5567 3832 5629 εἶδον

2216 5671 2266 5724 οἱ
2293 5668 2561 5742 ὀφθαλμοί
2593 5687 2699 5741 μου
2718 5669 2782 5725 τὸ
2813 5670 3080 5740 σωτήριόν
3109 5684 3225 5732 σου,
3269 5664 3299 5719 ὃ
3331 5663 3639 5737 ἡτοίμασας
3672 5665 3835 5720 κατὰ.

601 5891 642 5962 ’f"
680 5892 717 5943 ll
742 5889 970 5962 Petra",
997 5888 1078 5962 4.__
1119 5888 1178 5962 ff’
1203 5887 1344 5942 l’sal.
1377 5903 1450 5962 Ix,
1476 5887 1592 5942 2-6.
1671 5889 1715 5920 ⁸⁵
1743 5889 1886 5946 Psal.
1926 5907 1979 5957 χ,
2022 5892 2102 5945 15.

2220 5892 2224 5903 ’
2255 5892 2413 5948 Juan.
2448 5909 2545 5962 xu,
2576 5896 2663 5950 3|.
2742 5895 2787 5925 δε
2805 5893 2937 5948 Luc.
2959 5907 3018 5957 ιι,
3042 5888 3235 5946 29-53.
3313 5885 3357 5916 ”
3387 5883 3521 5938 Luc.
3542 5899 3579 5948 ι.
3608 5884 3697 5949 68,
3721 5884 3831 5947 6.9.

537 5954 759 6013 “Joan.
802 5975 839 6023 I,
872 5960 959 6013 45.
1041 5959 1083 5991 ει
1114 5955 1276 6051 kept.
1320 5957 1475 6022 “,2.
