4140 6462
351 451 495 505 1537

1501 450 1565 504 IN
1611 451 1845 506 ISAIAM
1887 452 2016 508 LIB.
2064 455 2128 512 V.
2176 457 2415 517 TOMUS
2452 463 2516 518 V.

3526 466 3658 524 1558

348 570 650 639 πρόσωπον
689 570 913 623 πάντων
953 570 1062 623 τῶν
1112 570 1281 633 λαῶν,
1324 569 1440 639 φῶς
1488 572 1567 633 εἰς
1611 570 1950 641 ἀποκάλυψιν

2062 569 2454 635 ιιηηιιηιίξιηιεε
2479 580 2855 651 Evangelium.
2909 602 2927 635 ι
2983 584 3115 638 Data
3151 593 3236 639 est
3254 582 3363 641 illis
3391 598 3488 653 pro
3511 583 3657 641 luctu

347 659 547 723 ἐθνῶν,
576 662 672 715 καὶ⁸
700 659 861 726 δόξαν
915 662 1047 716 λαοῦ
1092 679 1187 716 σου
1228 662 1468 734 Ἰσραήλ.
1499 682 1517 714 ι
1552 663 1875 734 Εὑρήσομεν
1901 664 1958 717 δὲ

347 754 447 806 καὶ
473 752 563 805 τὸν
592 752 882 807 θεσπέσιον
916 755 1191 827 Ζαχαρίαν
1223 755 1317 808 τὸν
1360 755 1606 809 Ἰωάννου
1633 756 1848 826 πατέρα
1867 755 1959 809 λέ·-
1988 799 2012 813 κ

345 864 538 915 γοντα·
584 866 601 898 ι
626 846 935 918 Εὐλογητὸς
969 849 1177 920 Κύριος
1226 847 1420 912 ὁίθεὸς
1476 848 1571 902 τοῦ
1609 848 1848 923 Ἰσραὴλ,
1875 849 1959 903 ὅτι

334 939 714 1008 ἐπεσκέψατο,
757 940 854 992 καὶ
888 940 1115 1012 ἐποίησε
1164 941 1438 1013 λύτρωσιν
1490 938 1571 1011 τῷ
1602 940 1720 1011 λαῷ
1757 941 1957 1006 αὑτοῦ,

349 1034 445 1086 καὶ
471 1033 665 1103 ἤγειρε
694 1032 867 1103 κέρας
899 1033 1174 1105 σωτηρίας
1214 1035 1367 1104 ἡμῖν.
1398 1052 1418 1086 ι
1464 1032 1869 1102 Εύηγγελίζετο
1901 1034 1959 1089 δὲ

344 1126 725 1188 καὶψίλιππος
742 1124 819 1196 τῷ
837 1124 1131 1197 Ναθαναὴλ
1151 1124 1296 1179 οὕτω
1312 1124 1510 1193 λέγων’
1555 1143 1574 1178 ι
1606 1126 1703 1179 "Ov
1749 1124 1957 1200 ἔγραψε

345 1220 561 1289 Μωσῆς
594 1218 654 1270 ὲν
686 1216 766 1289 τῷ
802 1218 976 1289 νόμῳ,
1001 1220 1094 1273 καὶ
1120 1218 1169 1272 οἱ
1194 1218 1501 1290 προφῆται,
1549 1217 1802 1291 ηῦραμεν
1854 1219 1958 1291 Ἰη-

345 1312 481 1367 σοῦν
511 1313 602 1366 τὸν
624 1312 740 1367 υἱὸν
777 1313 980 1385 Ἰωσὴφ
1015 1314 1107 1366 τὸν
1156 1312 1264 1367 ἀπὸ
1293 1311 1572 1384 Ναζάρετ.
1614 1331 1633 1364 ι
1660 1313 1869 1383 Γράφει
1898 1313 1957 1367 δέ

346 1423 452 1458 που
471 1407 566 1458 καὶ
589 1408 616 1460 6
636 1406 912 1474 πάνσοφος
934 1405 1170 1470 Παῦλος,
1208 1407 1291 1460 ἆτι
1319 1424 1339 1457 ι
1376 1406 1536 1478 Λύπη
1572 1406 1663 1478 μοί
1691 1408 1807 1461 ἐστι
1862 1408 1958 1462 καὶ

343 1498 694 1562 ἀδιάλειπτος
728 1499 888 1570 ὀδύνη
916 1501 980 1571 τῇ
1012 1499 1232 1571 καρδίᾳ,
1266 1500 1408 1572 ὑπὲρ
1435 1498 1544 1553 τῶν
1574 1498 1820 1569 ἀδελφῶν
1851 1517 1954 1571 μου

341 1591 456 1646 τῶν
489 1591 768 1661 συγγενῶν
806 1609 907 1662 μου
932 1593 1075 1646 κατὰ
1097 1592 1299 1665 σάρκα.
1336 1613 1354 1644 ι
1376 1621 1448 1633 --
1475 1611 1494 1644 ι
1524 1592 1746 1647 Δέδοται
1771 1592 1955 1649 τοίνυν

341 1685 461 1746 τοῖς
499 1682 758 1737 πενθοῦσι
771 1683 910 1737 Σιὼν
933 1684 1337 1757 παράκλησις,ι
1360 1686 1393 1755 ἡ
1413 1685 1500 1738 διά
1530 1683 1794 1757 Χριστοῦ,
1820 1705 1837 1737 ι
1859 1685 1955 1754 καὶ

343 1776 470 1829 ἀντὶ
494 1775 695 1829 σποδοῦ
726 1775 875 1841 δόξα.
911 1795 928 1827 ι
968 1776 1288 1848 Κατέληξαν
1320 1777 1418 1847 μὲν
1443 1776 1551 1849 γὰρ
1568 1776 1665 1831 τοῦ
1698 1777 1919 1833 πενθεῖν
1938 1820 1952 1843 ,

344 1870 444 1923 καὶ
473 1869 683 1923 κλαίειν
720 1868 911 1941 αὐτὴν,
948 1870 1195 1940 ἐδέχοντο
1221 1869 1279 1921 δὲ
1322 1868 1421 1941 τὴν
1469 1870 1558 1923 διὰ
1589 1870 1826 1943 Χριστοῦ
1856 1871 1953 1942 χά-

2066 669 2253 724 unctio
2281 670 2501 738 laetitiae,
2535 682 2590 727 et
2634 676 2868 730 amictus
2908 674 3096 746 gloria:
3141 689 3240 745 pro
3284 675 3478 745 spiritu
3524 691 3661 732 mm-

2065 761 2229 816 roris.
2274 781 2294 815 ›
2335 762 2655 820 Unctioucm
2691 778 2872 823 autem
2917 768 3006 823 hic
3051 777 3227 833 vocat,
3284 768 3428 837 quod
3488 768 3662 825 hilare

2064 863 2172 918 est,
2212 868 2308 909 seu
2333 854 2663 912 hilaritatem
2699 869 2755 915 et
2783 858 3024 914 laetitiam
3066 876 3163 931 pro
3197 860 3343 916 luctu
3387 873 3443 916 et
3478 859 3604 916 ﬂetu
3640 880 3655 914 :

2063 954 2117 1000 ct
2142 948 2503 1020 καταστολὴν,
2535 952 2586 1005 id
2620 961 2723 1018 est,
2751 954 3030 1019 amictum,
3067 955 3181 1010 sive
3206 955 3423 1023 stolam,
3467 964 3522 1008 et
3562 970 3657 1008 ve-

2063 1039 2379 1095 stimentum
2414 1058 2514 1112 pro
2556 1044 2751 1113 spiritu
2790 1045 3040 1118 ὰκηδίας,
3091 1048 3142 1102 id
3190 1056 3295 1112 est,
3347 1063 3445 1117 pro
3483 1049 3654 1100 veteri

2064 1131 2153 1186 illa
2178 1133 2345 1187 animi
2374 1134 2677 1203 dejecﬁone
2711 1146 2766 1192 et
2796 1143 3187 1195 contractione.
3218 1139 3352 1194 Nam
3384 1140 3656 1212 gloriﬁca-

2064 1222 2101 1277 ti
2129 1232 2279 1289 sunt,
2310 1228 2402 1294 qui
2442 1226 2572 1282 olim
2612 1228 2969 1299 deplorabant
3002 1245 3144 1296 eam,
3186 1239 3242 1285 et
3279 1231 3374 1300 qui
3418 1245 3657 1286 maerore

2060 1331 2162 1386 pro
2191 1332 2256 1372 ea
2278 1318 2676 1376 alliciebantur.
2694 1320 2994 1377 Gloriﬁcati
3016 1338 3147 1378 vero
3168 1331 3315 1390 sunt,
3347 1322 3656 1393 quomodo?

2061 1409 2198 1463 Nam
2234 1410 2517 1465 constituti
2557 1422 2686 1467 sunt
2716 1412 2833 1483 ejus
2862 1426 3228 1493 praeceptores
3278 1423 3334 1469 et
3381 1417 3652 1471 doctores.

2059 1501 2238 1568 Atque
2266 1500 2485 1557 boc'est
2513 1504 2660 1572 quod
2700 1503 2753 1558 ei
2785 1505 2992 1559 dictum
3028 1516 3112 1561 est
3144 1505 3258 1578 lyra
3295 1504 3587 1563 Psalleutis
3635 1522 3651 1557 :

2065 1608 2082 1639 ι
2123 1588 2229 1644 Pro
2259 1591 2505 1660 patribus
2533 1594 2640 1648 tuis
2674 1594 2787 1648 nati
2817 1603 2943 1649 sunt
2969 1596 3062 1650 tibi
3114 1596 3212 1651 ﬁlii
3261 1597 3328 1652 “.
3387 1615 3410 1649 ι
3469 1595 3654 1652 Liberi

2058 1682 2202 1735 enim
2244 1680 2486 1737 Judaica:
2524 1681 2824 1755 Syuagogze
2854 1699 2978 1739 cum
3026 1695 3211 1740 essent
3262 1684 3656 1755 sapientissimi

2058 1774 2331 1844 discipuli,
2373 1776 2501 1831 facti
2546 1786 2673 1832 sunt
2721 1786 2923 1846 patres.
2960 1777 3160 1833 Scribit
3186 1779 3401 1834 scilicet
3430 1779 3654 1846 sapien—

2062 1869 2310 1926 tissimus
2340 1868 2541 1925 Paulus
2569 1888 2582 1925 :
2617 1889 2635 1921 ι
2669 1867 2726 1925 in
2766 1868 2987 1926 Christo
3016 1871 3160 1925 enim
3187 1869 3313 1927 Jesu
3345 1886 3442 1941 per
3467 1869 3619 1924 Evan
3645 1901 3655 1911 -

346 1980 456 2035 ριν,
488 1963 971 2037 εὐαγγελιζόμενοί
996 1984 1054 2020 τε
1078 1970 1173 2022 καὶ
1221 1968 1678 2039 ἐπαγγέλλοντες.
1712 1989 1729 2022 ι
1762 1968 1948 2041 Ἐδόθη

2058 1964 2256 2036 gelium
2287 1979 2390 2036 ego
2420 1980 2514 2020 vos
2550 1963 2710 2032 genui
2743 1963 2809 2019 ".
2865 1983 2884 2016 ι
2944 1963 3236 2020 Constituti
3282 1966 3480 2035 quippe
3523 1975 3655 2021 sunt

341 2057 401 2110 δὲ
453 2057 638 2122 αὐτοῖς
687 2057 935 2130 ἄλειμμα
983 2060 1326 2132 εὐφροσύνης
1362 2062 1483 2115 ἀντὶ
1536 2062 1803 2125 πένθους,
1857 2064 1952 2116 καὶ

344 2148 656 2220 καταστολὴ
689 2148 871 2219 δόξης,
904 2148 1027 2203 ἀντὶ
1054 2148 1369 2221 πνεύματος
1398 2150 1655 2220 ἀκηδίας.
1687 2170 1705 2202 ι
1731 2152 1960 2222 Ἄλεῳ.-

346 2254 426 2308 μα
456 2237 513 2291 δέ
536 2255 708 2308 φησιν
730 2241 790 2293 ἐν
811 2238 1022 2303 τούτοις
1053 2240 1115 2293 τὺ
1140 2240 1343 2311 ἱλαρὸν,
1369 2243 1486 2313 ἤτοι
1508 2242 1610 2314 τὴν
1641 2241 1955 2312 ἱλαρότητα,

342 2333 443 2384 καὶ
473 2330 573 2403 τὴν
602 2331 971 2403 εὐφροσύνην,
1008 2333 1133 2387 ἀντὶ
1175 2333 1269 2387 τοῦ
1302 2333 1545 2398 πενθεῖν,
1572 2336 1669 2388 καὶ
1703 2333 1914 2388 κλαίειν
1934 2374 1950 2397 ,

340 2423 439 2477 καὶ
469 2424 631 2497 δόξης
658 2425 1021 2497 καταστολὴν,
1069 2427 1339 2494 τουτέστι,
1397 2427 1715 2498 περίϐλημα
1738 2466 1751 2491 ,
1780 2427 1953 2498 ἤγουν

2058 2068 2277 2128 patrum
2307 2057 2447 2123 loco,
2480 2057 2572 2127 qui
2606 2056 2827 2112 fuerunt
2860 2055 2980 2127 ejus
3013 2056 3130 2116 lilii,
3169 2055 3438 2114 Habuisse
3467 2069 3651 2113 autem

2057 2149 2272 2205 divinos
2304 2148 2604 2219 discipulos
2635 2148 2897 2203 amictum
2945 2147 3130 2218 glorize
3173 2165 3203 2203 a
3254 2148 3387 2216 Deo,
3443 2149 3652 2204 clarum

2055 2255 2179 2296 esse
2219 2248 2421 2311 potest,
2457 2240 2671 2295 dicente
2718 2240 2939 2296 Christo
2991 2242 3096 2296 illis
3149 2240 3347 2296 alicubi
3380 2260 3395 2297 :
3429 2259 3448 2293 ι
3492 2240 3653 2296 Inﬁr-

2056 2349 2176 2389 mos
2205 2343 2417 2398 curate,
2450 2332 2716 2388 daemonia
2741 2333 2942 2403 ejicite,
2982 2344 3226 2389 mortuos
3253 2334 3489 2390 excitate
3519 2334 3595 2400 “;
3630 2354 3649 2385 ι

2056 2440 2246 2479 rursus
2274 2413 2449 2478 alibi:
2492 2443 2511 2476 ι
2545 2422 2654 2479 Vos
2683 2424 2819 2479 estis
2850 2424 2939 2478 lux
2975 2424 3163 2478 mundi
3206 2426 3274 2479 ⁸⁸.
3303 2445 3323 2478 ι

340 2515 561 2587 στολὴν,
594 2518 689 2570 καὶ
715 2517 920 2590 ἄμφιον
945 2518 1067 2573 ἀντὶ
1135 2520 1451 2590 πνεύματος
1497 2520 1753 2591 άκηδίας,
1793 2518 2094 2582 τουτέστιν,
2124 2517 2249 2573 ἀντὶ
2308 2518 2411 2589 τῆς
2436 2518 2607 2573 πάλαι
2670 2517 3061 2589 μικροψυχίας.
3098 2518 3512 2590 Ἑδοξάσθησαν
3539 2516 3653 2589 γάρ

336 2613 390 2665 οξ
433 2614 606 2667 πάλαι
638 2613 968 2687 θρηνοῦντες
1000 2616 1197 2688 αὐτὴν,
1228 2618 1324 2671 καὶ
1363 2616 1699 2681 ἀκηδιῶντες
1736 2616 1878 2688 ὑπὲρ
1936 2617 2133 2688 αὐτῆς·
2165 2614 2535 2685 ὲδοξάσθησαν
2562 2614 2622 2668 δὲ
2655 2614 2806 2680 πῶς;
2828 2615 3097 2668 τέθεινται
3128 2614 3239 2687 γὰρ
3286 2615 3461 2685 αὐτῆς
3509 2614 3650 2668 καθ-

334 2706 548 2777 ηγηταὶ
592 2708 686 2761 καὶ
733 2707 1076 2773 διδάσκαλοι,
1114 2709 1208 2763 καὶ
1251 2709 1411 2765 τοῦτο
1460 2706 1529 2781 ἦν
1556 2710 1667 2783 ἄρα
1703 2710 1766 2765 τὸ
1792 2711 1929 2784 πρὸς
1967 2711 2141 2782 αὐτὴν
2198 2710 2491 2783 εἰρημένον
2520 2709 2608 2764 διὰ
2637 2710 2736 2781 τῆς
2755 2708 2849 2763 τοῦ
2875 2709 3184 2773 Ψὰλλοντος
3224 2708 3415 2781 λύρας·
3449 2727 3467 2760 ι
3504 2709 3651 2762 Ἀντ)⁵

334 2802 448 2857 τῶν
481 2803 736 2878 πατέρων
777 2822 893 2872 σου,
927 2805 1265 2879 ἐγενήθησάν
1294 2824 1376 2861 σοι
1412 2807 1536 2862 υἱοί.
1566 2827 1584 2860 ι
1618 2808 1799 2864 Τέκνα
1827 2808 1936 2880 γὰρ
1972 2808 2126 2872 ὅντες
2188 2810 2288 2879 τῆς
2346 2806 2454 2860 τῶν
2491 2807 2762 2860 Ἰουδαίων
2793 2805 3124 2876 Συναγωγῆς
3150 2805 3199 2857 οί
3249 2807 3514 2873 πάνσοφοι
3545 2820 3651 2873 μα-

336 2893 523 2966 θηται,
596 2895 859 2967 γεγόνασι
932 2899 1185 2969 πατέρες.
1236 2899 1442 2972 Γράφει
1504 2901 1636 2967 γοῦν
1669 2902 1866 2956 τισινὸ
1936 2902 2217 2972 πάνσοφος
2270 2900 2520 2968 Παῦλος,
2579 2919 2598 2952 ι
2644 2899 2735 2952 Ἐν
2779 2900 2889 2973 γὰρ
2936 2899 3161 2972 Χριστῷ
3202 2898 3379 2968 Ἰησοῦ
3421 2896 3508 2951 διὰ
3554 2894 3649 2950 τοῦ

336 2993 678 3063 Εὑαγγελίου
726 2992 838 3063 ἐγὼ
882 2995 1028 3065 ὑμᾶς
1081 2996 1697 3068 ἑγέννησα.›Τέθεινται
1733 2993 1828 3053 οῦν
1887 2998 1948 3053 ὲν
2020 2996 2458 3069 τάξειπατέρων
2493 3000 2542 3051 οἱ
2590 2998 2876 3066 γεγονότες
2938 2995 3108 3067 αὐτῆς
3145 2994 3279 3049 υίοί’
3310 2995 3393 3048 ὅτι
3445 2993 3503 3047 δὲ
3546 2995 3648 3063 τῆς

336 3089 494 3161 παρὰ
552 3087 689 3143 Θεοῦ
755 3088 916 3160 δόξης
970 3092 1273 3162 ἐσχήκασιν
1334 3093 1435 3167 τὴν
1502 3094 1835 3167 περιστολὴν
1886 3097 1937 3149 oi
1977 3094 2262 3151 θεσπέσιοι
2323 3094 2584 3168 μαθηταὶ,
2612 3094 2783 3163 σαφὲς
2804 3093 2870 3147 ἂν
2898 3093 3131 3163 γένοιτο,
3199 3090 3440 3165 Χριστοῦ
3463 3089 3651 3158 λέγον-

336 3200 432 3248 τος
503 3184 725 3250 αὐτοῖς,
771 3187 904 3239 ποτὲ
1009 3186 1148 3257 μὲν,
1207 3187 1290 3242 ὅτι
1356 3170 1812 3254 «ΧἊσθενοῦν-τας
1859 3189 2231 3263 θεραπεύετε,
2320 3190 2577 3262 δαιμόνια
2639 3188 2974 3256 ἐκϐάλλετε,
3024 3187 3253 3261 νεκροὺς
3312 3187 3588 3258 ἐγείρετεο
3623 3203 3641 3237 ι

334 3279 470 3332 ποτὲ
502 3277 562 3331 δὲ
589 3277 775 3332 πάλιν·
812 3299 829 3332 ι
874 3278 1064 3351 Ὑμεῖς
1090 3281 1215 3334 ἐστε
1267 3282 1330 3336 τὸ
1370 3281 1485 3351 φῶς
1519 3283 1614 3337 τοῦ
1657 3272 1886 3355 κόσμου.
1915 3302 1935 3337 ι

409 3373 526 3429 Καὶ
592 3372 1006 3442 κληθήσονται
1075 3374 1277 3444 γενεαὶ
1336 3372 1766 3444 δικαιοσύνης,
1828 3377 1944 3446 φύ-

2123 3375 2287 3431 Vsns.
2312 3374 2366 3429 4.
2403 3374 2473 3428 Et
2505 3377 2834 3429 vocabuntur
2856 3373 3129 3444 progenies
3153 3371 3407 3442 justitiaz,
3432 3373 3649 3443 planla-

333 3482 529 3538 τευμα
589 3468 812 3536 Κυρίου
881 3469 969 3533 εὶς
1020 3465 1231 3531 δόξαν.
1298 3466 1410 3520 Καὶ
1466 3467 1943 3538 οἰκοδομήσουσι

335 3560 553 3624 πόλεις
608 3557 874 3627 ἐρήμους
912 3555 1178 3622 αὶωνίας,
1228 3553 1685 3625 ἐξερημωμένας
1730 3558 1942 3624 πρότε-

329 3668 447 3721 ρον
461 3647 983 3716 ὲξαναστήσουσι,
1008 3646 1109 3701 καὶ
1127 3646 1433 3702 καινιοῦσι
1452 3648 1664 3715 πόλεις
1681 3647 1944 3719 ἐρήμους

332 3741 794 3814 ἐξερημωμένας
813 3744 901 3807 εις
929 3739 1162 3809 γενεάς.

410 3832 834 3909 Χρηματίςουσι
863 3833 973 3904 γὰρ
1007 3826 1061 3887 οἶ
1081 3834 1141 3887 ὲν
1163 3831 1389 3906 Χριστῷ
1419 3853 1439 3887 ι
1461 3834 1626 3894 Γένος
1662 3835 1943 3901 ἐκλεκτὸν,

338 3930 493 3993 ἔθνος
519 3927 699 3994 ἅγιον,
726 3925 853 3990 λαὸς
880 3925 962 3990 είς
987 3926 1363 3998 περιποίησιν,
1390 3943 1410 3979 ι
1438 3924 1530 3981 διά
1549 3943 1633 3980 τοι
1658 3928 1720 3981 τὸ
1747 3927 1945 3993 κάλλος

336 4022 437 4093 τῆς
469 4019 699 4091 ἐνούσης
725 4019 910 4083 αὐτοῖς
942 4018 1314 4091 δικαιοσύνης,
1353 4018 1449 4072 καὶ
1498 4017 1615 4073 οὔτι
1662 4020 1766 4074 πού
1799 4038 1943 4091 φημι

336 4114 438 4184 τῆς
468 4111 612 4167 κατὰ
634 4113 821 4182 νόμον,
856 4111 1073 4182 ἐκείνης
1105 4109 1163 4162 δὲ
1209 4110 1433 4180 μᾶλλον,
1469 4110 1538 4181 ἥν
1576 4110 1666 4164 διὰ
1702 4110 1812 4165 τῶν
1847 4112 1943 4165 τοῦ

338 4206 594 4277 Σωτῆρος
622 4205 890 4275 ἐσχήκασι
911 4202 1324 4274 θεσπισμάτων·
1352 4203 1592 4273 ἀμείνων
1618 4203 1945 4275 δ’ἁσυγκρί-

340 4298 507 4367 τωςὴ
546 4293 637 4349 διὰ
662 4292 904 4365 Χριστοῦ
932 4293 1033 4365 τῆς
1062 4294 1124 4347 ὲν
1168 4293 1339 4365 νόμῳ·
1384 4295 1479 4347 καὶ
1508 4292 1638 4361 γοῦν
1688 4292 1794 4365 ἔφη
1831 4296 1944 4359 τοῖς

338 4388 519 4458 ἁγίοις
580 4386 924 4452 ἀποστόλοιςο
984 4405 1004 4439 r
1076 4387 1251 4459 Ἀμὴν
1303 4385 1446 4456 λέγω
1501 4386 1670 4458 ὑμῖν,
1729 4386 1825 4440 ἐὰν
1865 4389 1943 4467 μὴ

340 4480 684 4556 περισσεύσῃ
712 4484 746 4553 ἡ
796 4480 1118 4553 δικαιοσύνη
1169 4480 1325 4552 ὑμῶν
1378 4481 1562 4535 πλεῖον
1614 4479 1727 4534 τῶν
1754 4481 1944 4554 Γραμ-

343 4576 560 4648 ματέων
606 4575 702 4628 καὶ
736 4574 1071 4647 Φαρισαίων,
1102 4574 1165 4627 οὐ
1198 4575 1273 4646 μὴ
1306 4574 1587 4646 εἰσέλθητε
1609 4575 1689 4638 εἰς
1717 4575 1818 4649 τὴν
1842 4574 1940 4646 βα-

340 4666 547 4722 σιλείαν
576 4667 684 4721 τῶν
702 4667 970 4738 οὐρανῶν.
986 4687 1086 4721 ι-
1110 4688 1128 4720 ι
1151 4667 1525 4741 Κεκλήσονται
1550 4668 1753 4733 τοίνυν,
1782 4667 1938 4741 φησὶ,

2049 3468 2122 3522 tio
2164 3467 2459 3522 Domiuiin
2506 3465 2759 3536 gloriam.
2825 3462 2890 3517 Et
2941 3463 3283 3534 wdiﬁcabunt
3333 3463 3647 3519 solitudines

2046 3571 2295 3625 wternas,
2315 3568 2548 3612 vastatas
2574 3558 2724 3629 prius
2751 3555 3487 3620 excitabunt,etinnovabunt
3514 3556 3646 3609 ciri-

2047 3661 2179 3706 tam
2209 3650 2472 3717 desertas,
2497 3659 2733 3705 vastatas
2765 3649 2820 3703 in
2843 3648 3227 3719 generationes.

2120 3834 2521 3903 Nuncupantur
2559 3831 2706 3888 enim
2755 3828 2847 3901 qui
2887 3831 2945 3886 in
2967 3828 3193 3887 Christo
3238 3839 3368 3885 sunt
3404 3848 3423 3880 ι
3477 3845 3648 3900 genus

2049 3925 2309 3990 electum,
2341 3938 2476 3994 gens
2528 3931 2738 3985 sancta,
2769 3919 2998 3989 populus
3030 3918 3331 3989 acquisitus
3371 3918 3470 3986 “,D
3522 3933 3648 3987 pro-

2046 4028 2168 4090 pter
2186 4018 2417 4087 justitiae
2434 4030 2555 4084 qua:
2572 4012 2677 4067 illis
2700 4011 2843 4067 inest
2862 4009 3348 4082 pulchritudinem.
3367 4009 3642 4065 Justitiam

2047 4111 2171 4165 dico
2204 4124 2308 4163 non
2341 4106 2592 4172 legalem,
2630 4105 2725 4161 sed
2761 4104 2939 4174 potius
2982 4117 3129 4167 eam,
3159 4117 3326 4171 quam
3351 4117 3416 4158 es
3447 4102 3646 4157 Serva-

2050 4201 2185 4255 toris
2216 4198 2458 4254 oraculis
2490 4197 2822 4253 habuerunt.
2854 4194 2987 4260 Qua:
3022 4195 3076 4249 in
3108 4193 3329 4249 Christo
3351 4205 3455 4259 est,
3486 4194 3646 4265 legali

2041 4289 2259 4359 justitia
2291 4287 2486 4343 melior
2508 4297 2593 4342 est
2635 4285 3160 4355 incomparabiliter.
3196 4282 3479 4353 Siquidem
3517 4300 3645 4343 san-

2045 4391 2162 4436 ctos
2182 4379 2459 4448 apostolos
2480 4379 2746 4435 allocutus
2774 4384 2895 4434 est:
2936 4395 2956 4429 ι
2981 4378 3156 4433 Amen
3179 4378 3304 4433 dico
3326 4376 3504 4444 vobis,
3540 4378 3642 4432 nisi

2046 4473 2406 4529 abundaverit
2433 4473 2647 4541 iustitia
2682 4484 2860 4528 vestra
2907 4470 3196 4542 plusquam
3245 4470 3562 4526 Scribarum
3589 4481 3646 4526 et

2046 4567 2465 4628 Pharisaeorum,
2488 4582 2598 4621 non
2663 4566 3044 4636 ingrediemini
3090 4563 3145 4619 in
3203 4580 3429 4635 regnum
3476 4567 3644 4622 c0310-

2049 4676 2167 4715 rum
2198 4660 2268 4714 ⁸⁷.
2294 4679 2313 4712 ι
2338 4690 2410 4700 -
2442 4677 2460 4711 ι
2487 4658 2841 4715 Vocahuntur
2875 4657 3067 4726 igitur,
3104 4657 3303 4727 inquit,
3347 4657 3641 4728 progenies

340 4757 693 4828 δικαιοσύνης
743 4759 950 4829 γενεαὶ,
1003 4759 1099 4812 καὶ⁸
1133 4758 1359 4829 προσέτι
1395 4759 1648 4829 φύτευμα
1669 4758 1932 4830 Κυρίου.)

2054 4752 2286 4822 iustitiae,
2326 4760 2377 4807 et
2407 4759 2671 4820 praeterea
2699 4748 2963 4819 plantatio
2992 4745 3232 4802 Domini.
3268 4764 3287 4798 ι
3316 4745 3526 4800 Etenim
3552 4761 3644 4801 su-

341 4852 454 4907 Καὶ
486 4851 600 4922 γάρ
653 4853 822 4924 ἐσμεν
879 4850 1097 4921 άληθῶς
1162 4848 1299 4903 Θεοῦ
1353 4848 1646 4921 γεώργιον,
1672 4850 1766 4903 καὶ
1817 4850 1946 4923 περὶ

340 4946 374 5015 ἡ
385 4945 503 5016 μῶν
525 4945 554 4997 6
572 4945 861 5008 θεσπέσιος
888 4945 1056 4999 Δαϐίδ
1086 4961 1240 5015 φησι·
1278 4961 1297 4995 ι
1337 4942 1748 5015 Πεφυτευμένοι
1785 4943 1844 4999 ὲν
1869 4942 1949 5015 τῷ

339 5039 476 5111 οἴκῳ
503 5039 735 5110 Κυρίου,
768 5040 827 5093 ὲν
849 5042 971 5104 ταῖς
1001 5038 1190 5104 αὐλαῖς
1220 5037 1316 5092 τοῦ
1350 5036 1486 5092 Θεοῦ
1537 5037 1694 5109 ἡμῶν
1716 5035 1953 5109 ἐξανθήον

346 5149 520 5187 σουσι.
556 5150 575 5182 ι
612 5130 722 5185 Καὶ
744 5130 878 5200 γοῦν
912 5133 940 5186 6
966 5132 1245 5202 πάνσοφος
1279 5130 1493 5196 Παῦλος
1512 5129 1648 5184 Θεοῦ
1679 5128 1949 5201 γεώργιον

341 5223 605 5295 ὀνομάζει
625 5225 753 5289 τοὺς
778 5223 1151 5295 κεκλημένους
1181 5223 1271 5279 διὰ
1298 5223 1535 5289 πίστεως
1571 5223 1669 5295 τῆς
1718 5223 1776 5277 ὲν
1803 5223 1942 5294 Χρι-

345 5314 476 5387 στῷ.
504 5315 654 5386 Ἔφη
693 5315 751 5369 δὲ
783 5315 966 5381 πάλιν,
997 5316 1080 5370 ὅτι
1113 5334 1132 5367 ι
1177 5313 1318 5386 Ἐγὼ
1347 5314 1640 5384 ἐφύτευσα,
1668 5312 1942 5377 Ἀπολλὼς

339 5407 616 5471 ἐπότισεν,
649 5409 677 5460 6
713 5407 770 5462 δὲ
809 5407 944 5472 Θεὸς
968 5405 1191 5478 ηὔξανε.
1241 5425 1260 5458 ι
1316 5406 1561 5478 Γεωργεί
1604 5404 1715 5476 γὰρ
1741 5404 1892 5476 ἡμᾶς
1916 5406 1945 5457 6

342 5500 542 5572 Σωτὴρ
588 5499 678 5554 διὰ
734 5498 843 5554 τῶν
898 5500 1071 5570 ἁγίων
1125 5498 1521 5570 μυσταγωγῶν·
1555 5498 1812 5571 ταύτῃτοι
1848 5495 1944 5553 καὶ⁵

347 5593 495 5666 μᾶλα
534 5596 760 5661 εἰκότως
812 5595 976 5666 φασὶν
1042 5594 1269 5656 ἑαυτοὺς
1332 5595 1631 5667 συνεργοὺς
1688 5588 1944 5660 γενέσθαι

342 5684 509 5768 Θεοῦἱ
532 5688 765 5767 ⁵Ψάλλει
815 5688 873 5743 δὲ
931 5688 1027 5743 καὶ
1064 5689 1093 5742 6
1135 5671 1412 5757 πάνσοῲος
1446 5684 1635 5741 Δαϐἰδ·
1666 5704 1685 5736 ι
1723 5683 1943 5748 Δίκαιος

2048 4860 2171 4901 mus
2205 4859 2334 4899 vere
2364 4841 2460 4900 Dei
2487 4843 2914 4913 agricultura,et
2945 4840 3013 4897 de
3045 4840 3201 4896 nobis
3230 4838 3451 4895 divinus
3477 4838 3645 4892 David

2046 4940 2157 4993 ait:
2198 4935 2481 4992 tPlanlati
2539 4937 2593 4991 in
2651 4936 2813 4991 domo
2873 4933 3110 5000 Domini,
3162 4932 3217 4987 in
3279 4929 3646 4985 tabernaculis

2047 5031 2143 5087 Dei
2179 5030 2352 5087 nostri
2398 5027 2667 5085 ﬂorebunt
2690 5027 2763 5082 “.
2797 5045 2817 5079 ι
2849 5026 3131 5096 Siquidem
3177 5022 3377 5077 Paulus
3420 5021 3643 5092 sapien-

2050 5123 2295 5179 tissimus
2352 5121 2446 5177 Dei
2497 5119 2885 5190 agriculturam
2945 5117 3195 5172 nominat
3221 5116 3287 5182 ”,
3336 5113 3504 5189 863
3550 5115 3643 5185 qui

2050 5230 2146 5287 per
2187 5213 2349 5270 tidem
2412 5213 2468 5266 in
2518 5210 2739 5267 Christo
2776 5208 2951 5265 vocati
2984 5217 3132 5264 sunt.
3192 5208 3402 5263 Rursus
3463 5207 3641 5263 dixit:

2056 5326 2074 5359 ι
2104 5306 2215 5375 Ego
2244 5303 2505 5375 plantavi,
2541 5301 2735 5372 Apollo
2766 5300 2983 5371 rigavit,
3012 5301 3107 5356 sed
3149 5301 3291 5357 Deus
3333 5302 3643 5356 incremen-

2055 5410 2169 5455 tum
2198 5398 2345 5454 dedit
2368 5397 2438 5450 "°.
2469 5413 2489 5448 ι
2511 5394 2656 5451 Colit
2684 5394 2830 5449 enim
2860 5408 2961 5449 nos
2987 5394 3144 5463 quasi
3168 5393 3425 5465 agricola“
3454 5392 3646 5445 Serva-

2052 5500 2162 5557 tor,
2211 5505 2309 5562 per
2348 5497 2570 5545 sanctos
2608 5496 2978 5558 mystagogos.
3019 5484 3172 5540 Unde
3203 5492 3258 5539 et
3291 5482 3510 5552 quidem
3557 5481 3645 5550 ju-

2053 5582 2294 5640 stissime
2313 5581 2502 5637 dicunt
2527 5593 2587 5635 se
2615 5578 2710 5634 Dei
2742 5592 2864 5633 esse
2887 5576 3255 5646 cooperarios.
3291 5572 3483 5628 Psallit
3509 5589 3644 5641 quo-

2053 5692 2159 5749 que
2187 5656 2357 5732 David
2378 5671 2847 5744 sapientissimus:
2875 5690 2893 5724 ι
2912 5668 3102 5726 Justus
3126 5676 3183 5724 ut
3206 5666 3380 5739 palma
3405 5664 3638 5728 norebit,

416 5876 464 5907 “
490 5875 634 5934 Psal.
666 5893 814 5940 mv,
847 5879 933 5934 l7.
1009 5880 1055 5912 “
1082 5880 1106 5931 \
1130 5881 1259 5936 (Ior-
1293 5892 1369 5940 ιν.
1395 5876 1484 5931 15-
1562 5878 1610 5909 ⁸⁸
1637 5877 1828 5932 Μειιιίιι
1856 5892 1910 5943 Χ»
1944 5881 1950 5924 ³

2079 5878 2123 5909 ⁸⁵
2162 5876 2353 5931 Matth.
2391 5891 2441 5940 ι’,
2473 5875 2562 5933 Η.
2640 5874 2687 5907 ⁶⁶
2721 5872 2902 5929 lPetr.
2942 5889 3002 5940 ιι,
3042 5872 3095 5928 9.
3130 5916 3149 5929 χ
3172 5871 3215 5902 ⁸⁷
3248 5869 3435 5924 Matth.
3464 5884 3511 5932 ν,
3544 5867 3641 5926 ευ.

347 5947 394 5981 ⁸⁸
427 5946 574 6005 Psal.
602 5964 711 6017 κει,
736 5948 821 6003 ιι.
897 5950 944 5983 ⁸⁸
976 5948 1151 6005 lCor.
1184 5964 1264 6015 ιιι,
1296 5947 1352 6002 9.
1426 5947 1491 6034 ξθ,
1530 5947 1662 6003 ibid.
1696 5951 1750 6002 ti.
