4140 6462
345 415 484 475 1361

1497 416 1560 471 IN
1597 417 1830 472 ISAIAM
1868 415 1994 471 LIB.
2039 417 2103 472 γ.
2147 411 2383 475 TOMUS
2425 419 2494 474 Υ.

3521 416 3660 473 1362

355 540 493 596 Ἰδοὺ
529 540 588 595 τὸ
620 539 763 610 γάλα
803 538 1292 619 κατεσθίετι,.καὶ
1335 538 1406 592 τὰ
1455 539 1708 612 πρόσατά
1759 557 1860 612 μου
1895 539 1956 593 οὐ

2064 543 2564 598 conculcationibus
2607 546 2804 611 pedum
2847 549 3149 595 vestrorum
3197 539 3660 610 pascebantu'r,et

345 631 576 702 βόσκετο
597 645 611 660 ·
649 651 670 686 ι
715 630 795 685 ἔτι
835 647 895 684 τε
939 631 1079 702 πρὸς
1109 629 1342 695 τούτοις·
1390 649 1408 684 ι
1438 631 1551 704 Τὴν
1581 631 1754 704 καλὴν
1786 631 1960 702 νομὴν

345 725 636 796 ἑνέμεσθε,
683 726 779 780 καὶ
827 724 896 779 τὰ
949 723 1219 778 ὑπόλοιπα
1253 727 1611 780 κατεπατεῖτε
1655 729 1768 792 τοῖς
1801 727 1961 780 ποσὶν

347 819 530 890 ὑμῶν,
565 819 661 873 καὶ
704 817 765 872 τὸ
793 817 1135 890 καθεστηκὸς
1169 818 1316 891 ὕδωρ
1351 819 1584 884 ὲπίνετε,
1617 821 1712 875 καὶ
1749 820 1810 874 τὸ
1839 819 1960 872 ἐπί-

343 913 538 968 λοιπον
571 912 911 982 ὲταράσσετε
945 915 1062 976 τοῖς
1089 912 1246 967 ποσὶν
1278 912 1454 983 ὑμῶν,
1486 913 1580 968 καὶ
1603 913 1672 967 τὰ
1711 913 1963 984 πρόϐατά

349 1021 456 1076 μου
482 1004 552 1058 τὰ
585 1005 891 1076 πατήματα
920 1003 1030 1058 τῶν
1062 1004 1239 1058 ποδῶν
1269 1004 1424 1074 ὑμῶν
1455 1005 1734 1076 ἐνέμοντο,
1769 1006 1866 1060 καὶ
1897 1005 1960 1058 τὸ

344 1095 766 1167 τεταραγμένον
803 1095 948 1169 ὕδωρ
983 1096 1088 1150 ὑπὸ
1121 1096 1227 1149 τῶν
1257 1097 1436 1150 ποδῶν
1487 1097 1642 1168 ὑμῶν
1693 1098 1900 1152 ἔπινον.
1935 1117 1952 1150 ι

351 1191 540 1263 ’Υδωρ
581 1191 681 1262 μὲν
713 1190 824 1262 γὰρ
855 1191 1198 1262 καθεστηκὸς
1225 1192 1322 1262 τὴν
1355 1192 1443 1246 διὰ
1471 1193 1638 1264 νόμου
1676 1193 1958 1248 παίδευσιν

347 1285 634 1356 ὀνομάζει,
670 1285 764 1339 καὶ
791 1285 1022 1356 ἀρίστην
1050 1289 1222 1356 νομήν
1245 1303 1258 1317 '
1295 1288 1342 1339 οἱ
1376 1287 1432 1340 δὲ
1459 1288 1638 1340 πάντα
1669 1286 1956 1360 φύροντες,

349 1381 450 1435 καὶ
479 1377 912 1444 καταθολοῦντες
941 1379 1114 1450 αὐτὴν
1136 1378 1226 1432 διὰ
1255 1379 1350 1434 τοῦ
1379 1381 1453 1452 μὴ
1483 1380 1758 1436 διδάσκειν
1780 1379 1958 1453 ὀρθῶς

347 1472 479 1534 τοὺς
525 1470 630 1524 ὑπὸ
687 1473 847 1542 χεῖρα
893 1469 1074 1534 λαοὺς,
1105 1470 1522 1542 παρεσκεύαζον
1575 1472 1721 1544 ὕδωρ
1767 1472 1959 1544 ὥσπερ

349 1564 602 1619 ἐκπίνειν
629 1563 690 1615 ού
723 1561 986 1634 καθαρὸν,
1020 1562 1141 1616 οὗτε
1182 1563 1288 1636 μὴ)
1332 1565 1530 1636 ὲνανθῆ
1559 1565 1826 1636 νέμεσθαι
1867 1583 1960 1620 νο-

354 1659 483 1728 μήν.
505 1653 853 1726 Ἐξὼσθησαν
896 1655 1210 1728 τοιγαροῦν,
1238 1659 1332 1711 καὶ
1383 1657 1528 1728 μάλα
1581 1657 1828 1726 εἰκότως,
1865 1657 1958 1712 τοῦ

351 1747 668 1818 ποιμαίνειν
691 1745 774 1801 ἐτι
807 1746 899 1800 τὸν
943 1747 1038 1801 τοῦ
1073 1748 1279 1820 Κυρίου
1313 1748 1462 1805 λαόν.
1499 1749 1816 1822 Κέκληνται
1848 1751 1958 1825 γὰρ

349 1840 493 1913 πρὸς
524 1838 687 1893 τοῦτο
733 1839 1064 1910 ἀλλογενεῖς.
1115 1841 1439 1897 Διδάσκαλοι
1479 1842 1589 1916 γὰρ
1619 1844 1960 1917 Ἐκκλησιῶν

350 1931 790 2005 χειροτονοῦνται
813 1933 966 2004 παρὰ
1002 1932 1244 2004 Χριστοῦ
1277 1936 1450 2004 σοφοὶ,
1476 1935 1572 1990 καὶ
1601 1936 1837 2008 ἀγχίνοι,
1865 1937 1962 1992 καὶ

348 2022 700 2093 δογματικῆς
722 2024 1011 2094 ἐὐτεχνίας
1035 2024 1329 2096 ὲπίμεστον
1353 2025 1577 2097 ἔχοντες
1595 2028 1744 2093 νοῦν,
1769 2027 1963 2100 ἄνδρες

349 2115 412 2182 ἐξ
440 2115 646 2186 ἀγέλης
665 2113 1014 2186 Ἑλληνικῆς,
1040 2115 1133 2168 καὶ
1159 2117 1260 2168 οὐκ
1307 2117 1366 2183 ἐξ
1396 2119 1628 2189 αἵματος
1656 2120 1811 2184 ὄντες
1861 2123 1962 2176 Ίσ-

351 2206 515 2278 ραὴλ,
541 2201 688 2260 οῦτοι
718 2207 976 2281 γεγόνασι
1002 2207 1096 2260 καὶ
1123 2206 1414 2280 ἀροτῆρες,
1435 2209 1530 2262 καὶ
1559 2211 1956 2284 ἁμπελουργοί.

363 2296 588 2370 Ἐπειδὴ
624 2298 733 2370 γὰρ
767 2299 1000 2368 ὲκλεκτὴ
1035 2300 1104 2369 γῆ
1141 2298 1438 2371 κέκληνται
1491 2301 1822 2375 πλεισταχοῦ
1858 2304 1960 2376 τῆς

350 2389 712 2445 θεοπνεύστου
743 2392 782 2444 Γ
786 2391 968 2462 ραφῆς
1008 2393 1057 2444 οἱ
1090 2393 1502 2461 πιστεύσαντες,
1544 2395 1642 2447 καὶ
1669 2393 1956 2465 ἁμπελὼν,

350 2483 452 2538 καὶ
506 2484 706 2554 κῆπος
744 2482 1007 2556 ταύτῃτοί
1059 2499 1226 2556 φησιν
1269 2487 1298 2538 ὁ
1346 2483 1526 2554 λόγος,
1554 2465 1630 2550 ὧς
1681 2488 1958 2560 ἀροτῆρας

349 2569 596 2637 ἔσεσθαι,
629 2571 726 2625 καὶ
760 2570 1204 2643 ἀμπελουργοὺς;
1237 2575 1366 2638 τοὺς
1411 2576 1573 2648 οἵπερ
1612 2577 1679 2630 ἂν
1716 2577 1960 2646 γένοιντο

350 2661 498 2716 κατὰ
525 2663 754 2733 καιροὺς
786 2665 952 2736 ἱερεῖς
979 2665 1184 2737 Κυρίου
1215 2667 1310 2720 καὶ
1335 2667 1642 2740 λειτουργοὶ
1669 2669 1832 2735 Θεοῦ,
1864 2672 1958 2726 τὶν

349 2750 454 2820 τῆς
480 2750 744 2822 ἀληθείας
771 2753 1198 2826 όρθοτομοῦντες
1219 2757 1398 2825 λόγον,
1425 2759 1519 2813 καὶ
1545 2760 1988 2833 ἱερουργοῦντες

350 2841 414 2895 τὸ
445 2843 785 2912 Εύαγγέλιον
799 2844 891 2898 τοῦ
919 2847 1185 2919 Χριστοῦ,
1215 2849 1362 2904 καθὰ
1388 2851 1737 2923 γέγραπται·
1761 2853 1959 2908 οὐκοῦν

349 2934 451 3005 οὐχ
483 2937 700 3001 ἑαυτοῖς
737 2938 1046 3010 ἁρπάζουσι
1071 2939 1170 3011 τὴν
1188 2941 1376 3014 τιμὴν,
1415 2944 1711 3015 κέκληνται
1739 2945 1796 2999 δὲ

349 3026 445 3080 λον
473 3029 624 3100 παρᾶ
654 3028 812 3097 Θεοῦ,
847 3030 1032 3096 καθὼς
1056 3033 1151 3086 καὶ
1175 3035 1205 3087 ὁ
1230 3034 1512 3106 πάνσοφός
1554 3054 1690 3109 φησι
1722 3037 1954 3100 Παῦλος.

349 3120 549 3175 Καίτοι
579 3120 687 3194 γὰρ
718 3123 892 3194 φυλῆς
931 3125 1194 3198 ὑπάρχων
1230 3127 1512 3199 Βενιαμὶν,
1548 3130 1833 3203 ίερουργὺν
1863 3131 1961 3185 αύ-

2064 649 2259 705 aquam
2304 637 2574 691 turbatam
2617 650 2646 689 a
2693 635 2927 705 pedibus
2971 635 3172 690 vestris
3233 633 3493 690 bibebant
3539 632 3608 688 τ’.
3635 652 3654 684 ι

2062 730 2279 796 Aquam
2325 729 2470 808 enim
2521 727 2805 783 collectam
2852 739 3012 783 vocat
3061 727 3369 782 doctrinam
3422 725 3554 794 legis
3606 736 3662 779 et

2063 834 2323 888 pascuum
2377 819 2666 889 optimum.
2723 817 2826 886 Qui
2877 829 3058 874 autem
3127 816 3552 887 corrumpebant
3605 826 3662 871 et

2063 916 2510 972 contaminabant
2546 931 2690 980 eam,
2743 930 2810 972 eo
2851 916 2996 988 quod
3039 931 3197 971 suum
3239 914 3494 986 populum
3549 930 3657 968 non

2066 1015 2213 1062 recte
2263 1007 2555 1074 docerent,
2611 1021 2806 1076 aquam
2853 1021 2958 1062 non
3007 1020 3200 1074 puram
3239 1005 3306 1060 ad
3361 1004 3656 1060 bibendum

2061 1097 2446 1166 propinabant,
2475 1111 2574 1152 nec
2621 1094 2814 1150 ﬂorida
2843 1109 3043 1164 pascua
3101 1093 3422 1162 pascebant.
3453 1090 3657 1157 Dejeeti

2056 1197 2190 1245 'sunt
2214 1190 2396 1259 itaque
2425 1189 2492 1243 ab
2517 1186 2695 1269 omnia
2725 1189 2981 1258 pascendi
3017 1189 3276 1255 deinceps
3312 1183 3527 1239 Domini
3559 1198 3658 1254 p0-

2062 1283 2271 1354 pulum,
2304 1281 2466 1352 idque
2492 1280 2617 1351 jure
2641 1281 2862 1336 merito.
2897 1279 3086 1335 Vocati
3119 1290 3244 1334 sunt
3271 1277 3416 1334 enim
3460 1275 3526 1330 ad
3557 1275 3660 1330 hoc

2063 1374 2402 1444 alienigenae,
2417 1376 2616 1446 quippe
2627 1374 2718 1444 qui
2734 1374 2986 1430 doctores
3010 1369 3375 1428 Ecclesiarum
3391 1383 3420 1422 a
3437 1365 3658 1423 Christo

2063 1467 2324 1540 designati
2355 1467 2792 1536 sunt,sapientes
2823 1475 2880 1522 et
2907 1466 3138 1530 cordati,
3182 1473 3238 1520 et
3269 1477 3401 1520 sana
3433 1461 3660 1531 dogma-

2065 1571 2173 1616 tum
2203 1558 2558 1630 intelligentia
2572 1556 2829 1613 cumulati
2851 1567 2905 1610 et
2928 1556 3262 1620 instructi,et
3277 1553 3377 1610 viri
3390 1568 3454 1608 ex
3471 1551 3662 1608 Graeco

2061 1667 2243 1726 grege,
2271 1668 2377 1708 non
2425 1668 2492 1706 ex
2539 1651 2804 1722 sanguine
2853 1647 3020 1705 Israel
3047 1647 3289 1713 oriundi,
3323 1646 3378 1701 hi
3432 1644 3663 1700 exstite-

2063 1757 2188 1804 runt
2218 1748 2381 1803 etiam
2411 1756 2655 1801 aratores
2681 1753 2735 1800 et
2762 1743 3044 1798 vinitores.
3080 1742 3217 1798 Cum
3251 1738 3401 1796 enim
3432 1739 3665 1793 creden-

2065 1852 2148 1899 tes
2174 1856 2317 1912 sarpe
2342 1839 2397 1895 in
2422 1838 2720 1910 Scripturis
2737 1837 2994 1895 divinitus
3025 1833 3324 1904 inspiratis,
3340 1829 3518 1886 vocati
3549 1829 3662 1884 sint

2065 1933 2240 1990 electa
2272 1943 2440 2000 terra,
2471 1943 2527 1988 et
2564 1934 2741 1998 vinea,
2772 1939 2828 1986 et
2857 1931 3070 1996 hortus,
3103 1925 3306 1982 idcirco
3332 1923 3532 1980 dicitur
3556 1922 3660 1976 hac

2064 2025 2337 2087 oratione.
2407 2023 2524 2079 fore
2569 2036 2664 2078 eos
2711 2031 2959 2076 aratores
3005 2027 3061 2073 et
3106 2017 3368 2072 vinitores
3391 2010 3485 2084 qui
3529 2010 3658 2067 olim

2065 2117 2430 2175 constituendi
2459 2116 2570 2172 sint
2601 2114 2915 2171 sacerdotes
2939 2109 3154 2166 Domini
3191 2117 3243 2164 et
3267 2105 3508 2163 ministri
3539 2103 3657 2168 Dei,

2063 2194 2288 2270 verbum
2342 2211 2591 2267 veritatis
2625 2217 2774 2264 recte
2809 2214 3084 2263 sectantes
3110 2203 3178 2270 ⁷³,
3207 2210 3261 2258 et
3309 2199 3660 2272 Evangelium

2062 2302 2263 2360 Christi
2309 2303 2706 2365 ministrantes,
2746 2299 3209 2368 quemadmodum
3259 2293 3522 2364 scriptum
3553 2299 3658 2346 est.

2062 2393 2248 2463 Itaque
2274 2407 2380 2447 non
2408 2391 2514 2446 sibi
2549 2400 2816 2460 usurpant
2847 2389 3135 2452 honorem,
3157 2386 3253 2442 sed
3283 2381 3462 2439 vocati
3484 2389 3612 2437 sunt
3631 2395 3661 2434 ιι

2062 2487 2176 2542 Deo
2209 2484 2390 2556 potius
2420 2484 2488 2550 "’,
2517 2482 2678 2538 sicuti
2727 2481 2928 2536 Paulus
2971 2477 3434 2550 sapientissimus,
3462 2474 3566 2530 etsi
3595 2489 3658 2529 ex

2063 2576 2208 2630 tribu
2243 2573 2524 2642 Benjamin
2564 2573 2858 2638 exstiterit,
2893 2586 2953 2627 se
2983 2581 3164 2626 tamen
3204 2569 3318 2639 ipse
3347 2567 3658 2623 ministrum

2061 2679 2118 2725 et
2146 2675 2397 2722 vocatum
2451 2665 2754 2736 apostolum
2785 2662 2952 2736 865
2983 2661 3113 2718 Jesu
3151 2659 3356 2718 Christi
3387 2659 3656 2713 nominat.

2067 2781 2086 2814 ι
2117 2759 2222 2816 Vos
2250 2759 2416 2830 igitur
2443 2773 2654 2822 omnes,
2671 2757 2764 2827 qui
2805 2755 3096 2812 ministerii
3125 2755 3442 2826 dignitatem
3477 2750 3660 2808 sortiti

2061 2852 2216 2920 estis,
2253 2851 2630 2907 fortitudinem
2665 2847 2907 2920 gentium
2941 2845 3336 2914 comedetis,,et
3365 2840 3660 2900 indivitiis

2062 2935 2252 3002 eorum
2303 2943 2656 3000 admirabiles
2704 2941 2878 2998 eritis.
2912 2959 2932 2994 ι
2972 2938 3388 2997 Fortitudinem
3415 2935 3658 3008 gentium

2062 3039 2316 3105 dicit,vel
2347 3037 2580 3093 honores
2611 3034 3118 3108 potentissimorum
3153 3029 3565 3098 hominum,qui
3593 3043 3660 3083 ex

2063 3132 2316 3204 gentibus
2333 3131 2510 3188 vocati
2541 3139 2692 3196 sunt,
2717 3127 2800 3184 vel
2828 3127 2937 3184 alio
2963 3127 3124 3185 modo
3153 3123 3441 3194 intelliges.
3463 3121 3662 3176 «Nemo

351 3213 444 3307 τὸν
469 3211 732 3307 ὀνομάζει
749 3217 1064 3307 πανταχοῦ,
1099 3219 1196 3273 καὶ
1220 3219 1422 3292 κλητὸν
1446 3223 1748 3280 ἀπόστολον
1781 3225 1956 3294 Ἰησοῦ

2062 3226 2206 3280 enim
2253 3236 2514 3290 vestrum,
2561 3221 2760 3291 inquit,
2805 3217 3025 3290 eﬂ‘ugiet
3067 3232 3152 3284 os,
3216 3235 3235 3269 ι
3273 3214 3339 3270 id
3375 3220 3482 3281 est,
3537 3225 3660 3266 ser-

353 3301 619 3374 Χριστοῦ.
657 3323 676 3356 ι
699 3305 890 3381 Ὑμεῖς
927 3307 991 3380 δὴ
1029 3304 1123 3363 οῦν
1161 3309 1404 3377 ἅπαντες
1437 3315 1488 3366 οί
1525 3314 1588 3368 τὸ
1617 3317 1718 3386 τῆς
1745 3317 1959 3387 ἱερουρ-

349 3395 480 3464 γίας
509 3395 765 3468 λαχόντες
785 3399 1030 3471 ἀξίωμα,
1066 3403 1218 3472 ίσχὺν
1249 3402 1418 3456 ἐθνῶν
1435 3405 1749 3471 κατέδεσθε,
1774 3409 1868 3460 καὶ
1899 3409 1956 3462 ἐν

351 3487 432 3560 τῷ
460 3487 681 3561 πλούτῳ
713 3490 894 3544 αὐτῶν
927 3479 1413 3566 θαυμασθῆσεσθε.
1449 3513 1468 3546 ι
1491 3497 1667 3567 ’ἰσχὺν
1699 3498 1758 3552 δέ
1789 3517 1956 3570 φησιν

351 3578 544 3641 ἐθνῶν,
581 3581 614 3652 ἢ
649 3582 748 3648 τὰς
782 3583 948 3652 τιμὰς
983 3585 1082 3648 τὰς
1111 3588 1176 3638 ὲκ
1213 3585 1322 3640 τῶν
1351 3586 1764 3657 δυνατωτάτων,
1797 3592 1958 3664 οἵπερ

353 3670 565 3768 ἂνλεῖεν
590 3674 649 3741 ἐξ
677 3675 846 3768 ἐθνῶν
877 3677 1231 3750 κεκλημένοι,
1266 3679 1299 3752 ἢ
1338 3679 1460 3734 καθ’
1485 3681 1671 3754 ἕτερον
1705 3685 1958 3756 συνήσεις

351 3764 576 3837 τρόπον.
635 3784 654 3817 ι
685 3764 872 3831 Οὐδεὶς
897 3767 1007 3840 γὰρ
1063 3771 1238 3842 ὑμῶν,
1289 3773 1442 3846 φησὶ,
1484 3774 1836 3846 διαφεύξεται
1897 3779 1959 3834 τὺ

351 3859 554 3929 στόμα,
586 3878 603 3910 ι
645 3859 896 3914 τουτέστι
929 3861 1020 3916 τὸν
1055 3861 1236 3933 λόγον,
1269 3866 1393 3920 ἀντὶ
1422 3866 1533 3938 γὰρ
1565 3868 1661 3922 τοῦ
1706 3869 1868 3941 λόγου
1898 3873 1960 3926 τὸ

354 3948 532 4018 στόμα
574 3947 756 4020 τίθησι
801 3953 1080 4024 πανταχοῦ
1111 3955 1184 4024 ⁸τὸ
1219 3955 1462 4028 Γράμμα
1501 3959 1562 4014 τὸ
1611 3961 1778 4032 ἱερὸν,
1823 3957 1956 4029 οἷον,

359 4033 491 4092 «Ὧν
538 4039 600 4092 τὸ
654 4041 829 4113 στόμα
858 4043 998 4114 ἀρᾶς
1031 4047 1126 4098 καὶ
1154 4049 1383 4118 πικρίας
1407 4050 1589 4120 γέμει.
1623 4069 1746 4104 ι--ι
1774 4055 1960 4109 Κατα-

353 4130 731 4204 νεμηθήσεσοε
792 4135 1117 4206 τοιγαροῦν,
1185 4141 1360 4210 φησι,

354 4223 550 4280 ἐθνῶν.
582 4245 601 4277 ι
623 4226 820 4281 Ἐθνῶν
842 4228 896 4280 δὲ
921 4229 1170 4302 δύναμιν,
1201 4232 1236 4304 ἤ
1261 4235 1386 4299 τοὺς
1416 4239 1544 4306 παρ’
1570 4237 1804 4304 ἐκείνοις
1824 4241 1960 4313 λαμ-

286 4365 294 4369 -
355 4317 551 4388 προὺς,
603 4319 772 4389 ἤγουν
815 4318 1299 4393 ἐλλογιμωτάτους,
1351 4329 1444 4381 καὶ
1493 4330 1686 4399 σοφίαν
1735 4331 1960 4404 ἔχοντας

354 4409 630 4490 κοσμικὴν
681 4411 967 4481 ὀνομάζειν
999 4416 1027 4466 ὁ
1057 4415 1214 4484 λόγος
1251 4416 1427 4474 ἔοικεν
1482 4423 1540 4474 ὲν
1589 4422 1818 4488 τούτοις.
1852 4427 1958 4479 Εὑ-

359 4503 602 4574 ρήσομεν
631 4502 688 4556 δὲ
723 4506 816 4558 καὶ
860 4506 1024 4560 αὐτὸν
1070 4509 1162 4564 τὸν
1207 4509 1316 4566 τῶν
1371 4513 1542 4582 ἁγίων
1577 4519 1954 4588 μυσταγωγῶν

1449 4144 1550 4212 τὴν
1630 4145 1783 4215 ἰσχὺν
1848 4147 1958 4201 τῶν

2067 3331 2303 3372 monem.
2343 3314 2448 3370 Pro
2478 3327 2732 3370 sermone
2753 3311 2900 3367 enim
2943 3321 3320 3379 saepenumero
3351 3320 3416 3361 os
3449 3309 3662 3375 ponunt

2063 3424 2235 3465 sacrae
2265 3403 2758 3475 Litterae,exempli
2784 3417 2947 3459 causa
2969 3419 2984 3456 :
3010 3419 3028 3454 ι
3060 3399 3304 3468 Quorum
3337 3413 3401 3452 os
3435 3394 3663 3450 maledi-

2061 3499 2242 3554 ctione
2257 3506 2310 3559 et
2336 3495 2691 3552 amarulentia
2711 3493 2928 3564 plenum
2947 3491 3109 3548 est”.
3141 3508 3160 3542 ι
3176 3519 3248 3530 --
3273 3505 3296 3540 ‹
3321 3482 3663 3542 Devorabitiu

2061 3589 2232 3656 enim,
2261 3588 2457 3659 inquit,
2497 3587 2874 3644 fortitudinem
2918 3585 3183 3657 gentium,
3208 3603 3226 3638 ι
3265 3583 3318 3639 id
3341 3589 3446 3650 est,
3469 3580 3662 3636 Oratio

2061 3693 2244 3739 vestra
2289 3683 2470 3738 vincet
2496 3683 2736 3754 gentium
2772 3677 3091 3752 potentiam.
3127 3677 3436 3734 Potentiam
3479 3685 3660 3759 autem

2063 3776 2306 3850 gentium
2342 3776 2428 3831 vel
2463 3775 2708 3831 illustres
2735 3774 2884 3831 viros
2915 3773 3058 3844 apud
3090 3786 3204 3837 eas,
3243 3771 3330 3826 vel
3370 3766 3660 3826 disertissi-

2065 3885 2182 3926 mos
2211 3877 2267 3925 et
2311 3867 2498 3924 mundi
2537 3865 2826 3938 prudentia
2861 3863 3108 3920 valentes
3136 3861 3425 3918 nominare
3445 3859 3662 3914 videtur

2066 3966 2154 4020 hic
2181 3962 2379 4018 oratio.
2396 3959 2742 4016 Inveniemus
2765 3963 2948 4026 autem
2976 3962 3290 4018 sanctorum
3315 3961 3661 4022 mystagogo-

2063 4069 2184 4109 rum
2215 4051 2520 4108 orationem
2548 4045 2918 4119 pmvaluisse,
2945 4054 3003 4101 et
3039 4043 3132 4114 qui
3157 4057 3346 4098 eorum
3373 4041 3661 4096 vocatione

2063 4144 2220 4201 ditati
2253 4150 2403 4210 sunt,
2428 4141 2601 4212 gloria
2629 4147 2758 4196 sunt
2791 4137 2996 4194 allecti.
3026 4136 3170 4196 Laus
3211 4149 3446 4205 namque
3473 4135 3662 4189 docto-

2065 4254 2184 4294 rum
2216 4246 2272 4293 et
2296 4251 2496 4292 corona
2539 4243 2593 4288 et
2629 4233 2802 4304 gloria
2835 4239 2965 4288 sunt
3007 4229 3100 4300 qui
3133 4228 3348 4285 illorum
3377 4225 3662 4282 illumina-

2047 4334 2208 4390 'tione
2241 4329 2442 4388 servati
2475 4335 2621 4383 sunt.
2653 4325 2947 4396 Propterea
2972 4323 3087 4378 ait:
3112 4322 3212 4376 ein
3235 4321 3437 4377 divitiis
3466 4335 3656 4376 earum

2061 4425 2412 4482 admirabiles
2453 4421 2627 4478 eritis.
2659 4439 2679 4474 ι
2715 4419 2871 4488 Quod
2903 4427 3084 4473 autem
3115 4415 3299 4471 divina
3342 4413 3660 4485 praedicatio

2062 4521 2129 4574 ad
2163 4519 2412 4590 regiones
2437 4513 2710 4586 pertinget
2736 4521 2792 4569 et
2818 4515 2886 4568 ad
2909 4525 3126 4568 omnem
3163 4517 3480 4580 gentem,et
3513 4505 3658 4575 quod

355 4592 767 4665 κατισχύσαντα
798 4596 976 4666 λόγον,
1009 4601 1104 4652 καὶ
1132 4601 1231 4672 τὴν
1279 4602 1460 4658 αὐτῶν
1492 4605 1685 4678 κλῆσιν
1715 4608 1952 4683 πλουτή-

2062 4610 2308 4668 ιιιοτοάοε
2339 4607 2490 4664 orbis
2521 4616 2792 4662 terrarum
2817 4603 2986 4660 futuri
3012 4611 3142 4660 sunt
3177 4603 3306 4658 olim
3337 4609 3652 4659 sanctarum

357 4703 552 4750 σαντες
578 4686 962 4762 ὲδοξάσθησαν.
994 4691 1277 4766 Καύχημα
1313 4695 1421 4769 γὰρ
1446 4697 1803 4770 διδασκάλων,
1843 4705 1964 4760 στέ-

356 4779 527 4848 φανός
548 4795 607 4834 τε
637 4781 732 4834 καὶ
762 4780 908 4849 δόξα,
931 4782 982 4837 oi
1009 4782 1098 4837 διὰ
1117 4785 1216 4856 τῆς
1235 4785 1418 4840 αὐτῶν
1448 4791 1786 4862 σεσωσμένοι
1818 4811 1965 4864 φωτ-

355 4871 624 4942 αγωγίας.
671 4873 772 4928 Διὰ
800 4874 960 4929 τοῦτό
990 4893 1190 4949 φησιν,
1216 4879 1298 4932 ὅτι
1343 4897 1362 4930 ι
1401 4880 1487 4933 Ἐν
1513 4881 1592 4954 τῷ
1625 4883 1842 4958 πλούτῳ
1875 4888 1968 4942 αύ-

354 4963 464 5017 τῶν
497 4963 975 5040 θαυμασθήσεσθε.
1007 4969 1158 5025 »Ὅτι
1197 4970 1252 5024 δὲ
1291 4971 1352 5024 τὸ
1381 4961 1964 5051 θεσπέσιονκήρυγμα

355 5056 758 5127 καταδρὰξεται
809 5059 917 5113 τῶν
967 5062 1182 5133 χωρῶν,
1219 5065 1313 5118 καὶ
1365 5063 1564 5130 παντὸς
1593 5065 1820 5135 ’ἕθνους,
1865 5071 1959 5125 καὶ

357 5150 646 5220 μονονουχὶ
673 5149 1002 5223 κληρονόμοι
1043 5156 1146 5226 τῆς
1177 5157 1273 5210 ὑπ’
1297 5156 1528 5230 οὐρανὸν
1575 5157 1786 5214 ἔσονται
1817 5163 1958 5216 κατὰ

355 5243 586 5312 καιροὺς
607 5244 655 5296 οἱ
679 5242 789 5298 τῶν
817 5243 988 5314 ἁγίων
1025 5245 1362 5320 Ἑκκλησιῶν
1393 5249 1529 5321 ῆγού
1541 5267 1712 5320 μενοι,
1737 5253 1957 5324 Χριστῷ

355 5332 456 5405 τὴν
505 5333 666 5402 δόξαν
715 5335 1072 5402 ἀνάπτοντες,
1099 5339 1456 5411 ύπεμιραίνει,
1491 5342 1682 5412 λέγων·
1715 5362 1732 5395 ι
1768 5344 1954 5409 Οὕτως

357 5423 422 5478 ἐκ
462 5424 724 5498 δεῦτέρας
759 5428 1233 5502 κληρονομήσουσι
1281 5432 1381 5502 τὴν
1431 5433 1557 5504 γῆν.
1589 5453 1606 5484 ι
1644 5435 1819 5490 Πάλαι
1861 5438 1958 5508 μὲν

357 5515 466 5586 γὰρ
511 5517 1014 5591 κατεκληροδότησε
1066 5523 1180 5584 τοῖς
1228 5523 1288 5587 ἐξ
1321 5524 1539 5597 Ἰσραὴλ
1573 5524 1782 5596 Ἰησοῦς
1814 5530 1842 5582 ὁ
1865 5528 1956 5582 τοῦ

356 5609 517 5679 Ναυῆ
563 5609 662 5676 τὰς
713 5614 826 5668 τῶν
878 5613 1048 5669 ἐθνῶν
1086 5614 1300 5686 χώρας
1333 5616 1526 5674 ἔλαϐον
1557 5619 1665 5691 γὰρ
1707 5621 1806 5692 τὴν
1856 5620 1958 5692 γῆν

353 5703 468 5757 τῶν
507 5705 871 5780 Ἀμορραίων,
920 5711 1012 5764 καὶ
1047 5710 1381 5782 Ἰδουμαίων,
1438 5713 1531 5766 καὶ
1579 5713 1821 5780 Εὐαίων,
1865 5716 1958 5768 καὶ

2062 4689 2428 4762 Ecclesiarum
2462 4699 2727 4772 prml‘ecti,
2751 4699 2843 4772 qui
2871 4698 3092 4756 Christo
3121 4698 3354 4770 gloriam
3387 4696 3655 4759 tribuunt,

2061 4794 2392 4858 subindicat,
2429 4792 2614 4848 dicens
2654 4811 2669 4846 :
2699 4810 2718 4843 ι
2747 4789 2841 4846 Sic
2888 4799 3088 4846 terram
3134 4788 3374 4845 secundo
3411 4787 3655 4858 posside-

2062 4889 2252 4944 bunt.»
2280 4885 2420 4942 Olim
2447 4886 2656 4956 quippe
2675 4884 2871 4940 sortito
2901 4881 3085 4938 divisit
3115 4881 3374 4938 Israelitis
3400 4878 3660 4941 Jesus,ti-

2065 4982 2168 5037 lius
2201 4979 2371 5040 Nave,
2402 4979 2656 5048 regiones
2687 4977 2929 5048 gentium
2957 4992 2974 5042 ;
3005 4973 3514 5046 acceperunLenim
3547 4981 3659 5028 ter-

2063 5087 2178 5126 ram
2207 5069 2667 5135 Amorrhazorum,
2702 5065 3084 5130 ldumaeorum,
3117 5064 3401 5121 Erteorum
3447 5073 3500 5120 et
3522 5063 3658 5120 alio-

2065 5177 2203 5215 runt.
2235 5159 2370 5214 Gmn
2421 5167 2601 5214 autem
2637 5157 2839 5213 mundo
2887 5155 3153 5212 illuxisset
3192 5155 3466 5220 Christus,
3499 5156 3657 5224 cujus

2063 5252 2234 5323 ﬁgura
2264 5259 2386 5308 erat
2425 5250 2586 5307 Jesus
2621 5249 2710 5304 ille
2739 5247 3022 5318 antiquus,
3060 5263 3168 5304 non
3206 5248 3377 5306 solam
3413 5245 3652 5304 Judream

2059 5343 2174 5398 suis
2207 5341 2470 5398 ministris
2504 5339 2801 5406 distribuit,
2833 5341 2926 5394 sed
2979 5349 3037 5395 et
3075 5348 3279 5395 terram
3316 5342 3650 5394 universam.

2059 5436 2124 5491 Et
2153 5439 2270 5492 haec
2299 5435 2538 5494 secunda
2577 5433 2679 5489 fuit
2709 5441 2830 5504 post
2873 5432 3107 5502 primam
3137 5434 3330 5491 divisio
3363 5434 3652 5489 haeredita-

2060 5528 2150 5584 tis.
2185 5528 2466 5600 Dispartiti
2510 5537 2638 5584 sunt
2690 5525 2837 5583 enim
2877 5526 3083 5584 calculo
3122 5537 3176 5584 et
3227 5525 3454 5598 judicio.
3479 5526 3652 5594 ἱρείης

2061 5621 2308 5689 regiones
2334 5636 2399 5676 ac
2430 5621 2682 5678 civitates
2721 5623 3022 5696 mystagogi
3048 5633 3104 5678 et
3141 5622 3430 5677 doctores:
3457 5619 3651 5674 etiam-

2061 5731 2187 5769 num
2215 5715 2456 5786 gaudent
2479 5717 2533 5770 in
2557 5717 2803 5785 Christo,
2835 5727 2888 5774 et
2919 5715 3112 5788 gaudio
3145 5715 3379 5788 quodam
3417 5712 3650 5785 spiritali

430 5886 477 5920 "
508 5888 706 5946 Ezech.
740 5907 926 5961 xxxiv,
965 5893 1164 5964 18,19.
1243 5897 1288 5928 "
1324 5895 1366 5952 ll
1396 5897 1536 5952 Tim.
1573 5915 1634 5966 ιι,
1676 5897 1760 5956 l5.
1837 5899 1882 5930 "’
1911 5900 2070 5955 Rom.
2101 5915 2139 5963 ι,
2179 5898 2230 5954 6.
2310 5899 2354 5931 ⁸ο
2387 5897 2528 5955 Psal.
2560 5899 2755 5968 xm,5.
