4140 6510
497 408 641 469 1565
1492 418 1550 473 S.
1592 416 1867 474 CYRlLLI
1905 415 2375 473 ALEXANDRINI
2414 416 2736 475 ARCHIEP.
3635 416 3772 473 1565

495 529 656 599 quasi
699 543 901 587 corona
926 537 1055 587 sunt
1097 531 1357 587 redimiti.
1383 531 1587 605 Estque
1621 532 1877 603 gaudium
1919 541 2071 589 acter-

2184 534 2284 599 τάς
2313 534 2419 589 τῶν
2453 534 2677 606 ἑτέρων.
2697 533 3044 606 Ἐπιλάμψας
3076 532 3133 588 δὲ
3166 534 3244 606 τῷ
3286 534 3474 607 κόσμῳ
3516 534 3771 606 Χριστὸς,

498 636 651 676 num.
692 621 828 678 Nam
874 623 928 678 in
978 625 1319 695 temporariis
1360 627 1525 682 rebus
1563 641 1670 682 non
1702 637 2071 696 exspectamus

2186 617 2248 678 οῦ
2278 625 2372 678 καὶ
2398 625 2478 688 εἰς
2502 626 2673 678 τύπον
2693 619 2761 697 ἦν
2797 622 3002 696 Ἰησοῦς
3025 626 3053 678 ὁ
3075 624 3244 679 πάλαι
3272 624 3775 696 κατεκληροδότησε

495 711 615 767 fore
648 716 1163 785 remunerationem,
1187 718 1279 775 sed
1306 719 1359 774 in
1388 734 1483 788 spe
1509 718 1667 789 longa
1707 728 1763 775 et
1790 720 1898 774 vita
1932 734 2071 774 sem-

2185 717 2299 779 τοῖς
2349 715 2501 779 ἰδίοις
2544 716 2870 786 ίερουργοῖς,
2903 715 3026 787 οὐχὶ
3055 715 3118 788 δή
3155 733 3259 769 που
3306 716 3465 787 μόνον
3510 716 3608 787 τὴν
3646 718 3778 771 Ἰου-

495 800 731 869 piterna,
762 811 816 858 et
855 804 910 859 in
943 804 1099 862 bouis
1130 807 1513 878 cogitationem
1546 817 1603 865 et
1637 809 1942 865 orationem
1982 825 2071 864 ex-

2183 804 2360 867 δαίαν,
2391 804 2526 859 ἀλλά
2555 804 2665 876 γὰρ
2697 805 2917 859 ἅπασαν
2949 804 3050 878 τὴν
3072 806 3201 876 γῆν.
3235 806 3345 859 Καὶ
3376 805 3607 879 δευτέρα
3637 807 3776 876 μετά

494 891 833 948 cedentibus.
2180 894 2280 965 τὴν
2301 894 2524 966 πρώτην
2552 894 2911 966 κληροδοσίαν
2934 894 3148 965 γέγονε.
3172 895 3524 967 Διενείμαντο
3546 895 3654 965 γάρ
3673 895 3774 960 τάς

492 1000 553 1036 τε
583 982 770 1056 χώρας
816 987 911 1042 καὶ
942 988 1127 1054 πόλεις
1181 991 1346 1063 ψήφῳ
1366 995 1434 1064 τῇ
1464 995 1595 1065 παρ’
1657 993 1823 1049 αὑτοῦ
1891 974 2241 1064 μυσταγωγοὶ
2282 990 2375 1043 καὶ
2411 989 2741 1054 διδάσκαλοι,
2775 991 2872 1044 καὶ
2898 990 3069 1044 ““εἱσὶν
3101 991 3181 1054 εἰς
3213 990 3374 1061 δεῦρο
3404 989 3689 1061 χαίροντες
3716 990 3774 1041 ὲν

491 1079 734 1151 Χριστῷ,
772 1082 867 1136 καὶ
894 1085 1091 1156 νοητὴν
1125 1086 1486 1158 εὐφροσύνην,
1519 1087 1707 1161 ὥσπερ
1736 1088 1858 1142 τινά
1914 1086 2176 1157 στέφανον
2208 1082 2427 1154 ἔχοντες
2496 1082 2590 1136 ἐπὶ
2649 1082 2912 1154 κεφαλῆς.
2945 1081 3175 1147 Αίώνιος
3210 1082 3324 1154 δὲή
3356 1081 3683 1153 εὐφροσύνη·
3709 1082 3772 1134 ού

492 1173 604 1244 γὰρ
637 1176 695 1228 ὲν
725 1176 1082 1248 προσκαίροις
1116 1180 1408 1250 πράγμασι
1469 1182 1861 1252 προσδοκῶμεν
1885 1178 2104 1234 ἔσεσθαι
2143 1175 2241 1247 τὴν
2276 1174 2648 1245 ἀντιμισθίαν,
2711 1175 2826 1229 ἀλλ’
2854 1176 2914 1229 ὲν
2942 1174 3119 1229 ὲλπίδι
3157 1176 3366 1247 μακρᾷ,
3405 1177 3501 1228 κοιλ⁸
3547 1172 3771 1227 ἀτελευ-

491 1270 635 1342 τήτῳ
674 1270 795 1340 βίῳ,
826 1272 923 1326 καὶ
973 1275 1032 1326 ὲν
1081 1277 1193 1339 τοῖς
1247 1276 1388 1351 ὑπὲρ
1421 1278 1546 1332 νοῦν
1584 1279 1679 1333 καὶ
1723 1279 1882 1347 λόγον
1923 1276 2172 1345 ἀγαθοῖς-

563 1361 725 1418 Vens.
758 1365 811 1428 8,
841 1365 894 1424 9.
917 1364 1029 1436 Ego
1052 1369 1189 1422 enim
1215 1387 1330 1424 sum
1365 1370 1642 1434 Dominus,
1663 1371 1885 1440 diligens
1902 1371 2071 1441 justi-

2263 1364 2411 1436 Ἐγὼ
2439 1363 2552 1435 γάρ
2587 1366 2706 1435 εἶμι
2747 1364 2966 1434 Κύριος
3008 1366 3043 1419 ὁ
3065 1362 3329 1434 ’ἀγαπῶν
3351 1363 3770 1433 δικαιοσύνην,

494 1454 622 1507 tiam
651 1464 701 1509 et
740 1457 863 1511 odio
894 1460 1089 1512 habens
1118 1462 1332 1531 rapinas
1367 1478 1432 1516 ea:
1473 1462 1763 1532 injustitia.
1819 1461 1886 1515 Et
1932 1462 2071 1515 dabo

2180 1457 2276 1511 καί
2305 1454 2503 1526 μισῶν
2532 1456 2887 1526 ἁρπάγματα
3023 1455 3292 1521 ἀδικίας·
3327 1452 3423 1508 καὶ
3459 1453 3631 1508 δώσω
3666 1454 3775 1509 τὸν

493 1545 724 1607 laborem
758 1551 1094 1619 eorumaliis,
1129 1565 1176 1608 et
1215 1565 1580 1609 testamentum
1629 1564 1883 1610 ceternum
1903 1555 2076 1623 dispo-

492 1652 614 1694 nam
647 1642 741 1696 eis.
772 1643 840 1696 Et
866 1655 1204 1716 cognoscetur
1234 1649 1292 1701 in
1341 1649 1580 1718 gentibus
1620 1664 1794 1703 semen
1854 1664 2070 1713 eorum,

488 1734 655 1805 866
682 1745 731 1789 et
748 1748 953 1805 nepotes
979 1742 1177 1793 'eorum
1218 1741 1271 1794 in
1289 1742 1458 1795 medio
1501 1742 1837 1811 populorum.
1888 1739 2071 1797 Omnis

2172 1549 2406 1619 μόχθον
2452 1548 2651 1603 αὐτῶν
2699 1547 2984 1613 δικαίοις,
3035 1548 3133 1601 καὶ
3194 1545 3491 1615 διαθήκην
3531 1545 3774 1599 αἰώνιον·

2178 1639 2537 1710 διαθήσομαι
2572 1642 2675 1694 αὐτ
2686 1639 2796 1706 οἷς.
2821 1639 2931 1693 Καὶ
2963 1637 3300 1709 γνώσονται
3323 1638 3393 1691 ἐν
3420 1637 3545 1704 τοῖς
3564 1636 3770 1692 ἔθνεσι

2179 1731 2245 1786 τὸ
2268 1731 2508 1802 σπέρμα
2529 1731 2747 1786 αὐτῶν.
2781 1730 2892 1785 Καὶ
2924 1730 2996 1785 τὰ
3023 1729 3244 1801 ἔκγονα
3279 1727 3481 1784 αὐτῶν
3506 1729 3577 1782 ἐν
3605 1728 3774 1800 μέσῳ

489 1826 593 1892 qui
607 1827 1179 1900 videritcos,agmoscet
1202 1848 1313 1896 eos,
1349 1834 1473 1903 quia
1501 1833 1583 1887 illi
1635 1842 1756 1889 sunt
1802 1850 1975 1889 semen
2006 1833 2071 1888 be.

2187 1823 2308 1878 τῶν
2338 1822 2525 1879 λαῶν.
2559 1822 2687 1888 Πᾶς
2730 1827 2763 1878 ό
2807 1820 2964 1893 ὀρῶν
2994 1822 3218 1889 αὐτοὺς
3239 1820 3635 1891 ἐπιγνώσεται
3662 1824 3772 1875 αύ-

490 1916 751 1972 nedietum
774 1936 805 1973 α
833 1919 959 1985 Deo,
990 1921 1229 1979 lanitium
1281 1925 1601 1979 (celabantur

489 2026 635 2064 num.

556 2102 690 2158 Cum
731 2105 930 2161 dixerit
962 2124 976 2161 :
1007 2127 1027 2158 ι
1062 2108 1391 2181 Alienigena:
1438 2109 1653 2166 venturi
1711 2117 1838 2165 sunt
1862 2109 1953 2179 qui
1982 2124 2076 2178 pa—

1673 1941 1829 1992 super
1893 1924 2022 1978 Dom
2032 1924 2074 1976 i—

2189 1916 2361 1982 τοὺς,
2400 1915 2489 1969 ὅτι
2537 1912 2705 1972 οὗτοι
2749 1918 2867 1969 εἰσι
2912 1914 3153 1983 σπέρμα
3195 1898 3608 1984 εὐλογημένον
3652 1913 3773 1969 ὐπὸ

2180 2007 2349 2072 Θεοῦ,
2383 2008 2736 2077 εὐφροσύνῃ
2767 2006 3295 2076 εὐφρανθήσονται
3328 2006 3427 2060 ἐπὶ
3453 2008 3694 2075 Κύριον.

2248 2100 2454 2163 Εἰπὼν,
2482 2100 2566 2152 ὅτι
2600 2098 2895 2165 (Ἥξουσιν
2928 2096 3232 2165 ἀλλογενεῐς
3281 2097 3658 2167 ποιμαίνοντες
3702 2098 3773 2151 τὰ

483 2206 641 2250 scaut
663 2211 793 2253 oves
824 2208 962 2263 tuas,
991 2208 1045 2255 et
1079 2200 1267 2256 aliena:
1280 2202 1455 2270 gentis
1491 2209 1739 2258 aratores
1770 2212 1825 2257 et
1879 2202 2071 2257 vinito-

2176 2190 2426 2263 πρόϐατά
2452 2206 2566 2254 σου,
2593 2189 2688 2243 καὶ
2714 2186 3004 2256 ἀλλόφυλοι
3032 2185 3321 2257 ἀροτῆρες,
3343 2186 3438 2239 καὶ
3463 2185 3706 2256 ἀμπελου
3717 2202 3773 2258 ρ-

480 2303 595 2354 res,
626 2307 645 2341 ι
674 2289 863 2358 ejectis
895 2292 1147 2348 videlicet
1178 2295 1396 2364 primis,
1435 2304 1489 2349 et
1536 2294 1839 2352 deturbatis
1898 2294 2075 2351 domi-

482 2395 615 2436 natu
651 2398 811 2453 quem
851 2386 904 2440 in
938 2387 1194 2456 populum
1229 2389 1621 2452 obtinuerunt,
1676 2403 1773 2443 cur
1796 2389 1900 2444 hoc
1927 2388 2071 2457 passi

484 2475 593 2527 sint
625 2483 815 2533 sancto
841 2478 1047 2534 calculo
1079 2494 1142 2534 ac
1159 2479 1368 2550 judicio
1399 2482 1517 2547 eius
1551 2480 1641 2547 qui
1667 2480 1817 2549 juste
1837 2480 2070 2549 judicat,

487 2580 681 2621 causas
739 2570 991 2625 ostendit.
1063 2570 1201 2638 Quia
1269 2573 1450 2638 enim,
1536 2571 1750 2641 inquit,
1806 2588 1930 2628 amo
1982 2572 2072 2643 ju-

485 2656 709 2725 stitiam,
754 2660 1083 2730 rapinasque
1121 2676 1187 2717 ex
1218 2660 1482 2731 injustitia
1531 2660 1793 2717 conﬂatas
1846 2662 1957 2728 odi,
2016 2669 2071 2716 et

482 2748 611 2817 quia
630 2750 716 2806 isti
740 2750 978 2808 Iudaica:
1028 2751 1329 2826 Synagogae
1363 2753 1604 2824 praefecti
1661 2754 1795 2809 tales
1827 2753 2070 2820 lucrum,

483 2841 662 2897 dimisi
695 2857 793 2899 eos
824 2853 881 2899 et
908 2845 1110 2916 expuli.
1162 2844 1510 2914 Rapicutium
1541 2846 1685 2901 enim
1724 2845 1951 2914 injustas
1978 2862 2069 2901 ra-

485 2936 640 3002 pinas
667 2942 722 2989 et
749 2933 989 2991 laborem
1022 2937 1162 2992 dabo
1187 2937 1327 2991 aliis.
1363 2936 1463 3004 Qui
1492 2937 1636 2992 enim
1689 2937 1887 3006 injuste
1927 2936 2068 2993 dite-

483 3032 664 3089 scunt,
696 3034 774 3090 et,
810 3034 868 3077 ut
892 3025 1152 3094 propheta
1178 3026 1276 3093 ait,
1328 3026 1591 3095 colligunt
1620 3034 1677 3082 et
1723 3028 2069 3084 accumulant

483 3113 585 3168 sibi
607 3113 738 3182 ipsis
768 3114 1101 3184 impietatem
1132 3130 1196 3171 ac
1214 3116 1512 3181 miseriam,
1538 3120 1603 3172 ad
1633 3116 1770 3173 alios
1787 3131 1851 3175 ea
1884 3128 2066 3176 trans-

2173 2282 2283 2352 γοὶ,
2317 2301 2336 2335 s
2371 2282 2447 2346 ὡς
2472 2279 2816 2348 ὲξωσθέντων
2852 2278 3097 2350 δηλονότι
3128 2277 3236 2332 τῶν
3282 2276 3536 2349 πρώτων,
3566 2278 3657 2332 καὶ
3678 2277 3772 2333 τοῦ

2175 2373 2535 2446 καθηγεῖσθαι
2562 2372 2704 2426 λαῶν
2723 2370 3171 2441 ἐκσεσοόημένων
3190 2410 3204 2436 ,
3224 2369 3553 2424 διαδείκνυσι
3570 2369 3667 2435 τὰς
3689 2371 3773 2424 αί-

2172 2467 2315 2531 τίας,
2367 2468 2455 2535 ἐφ’
2508 2460 2598 2529 αἷς
2642 2464 2802 2518 τοῦτο
2863 2462 3218 2530 πεπόνθασιν,
3270 2463 3394 2536 ὁσία
3444 2462 3612 2534 ψήφῳ
3676 2460 3770 2517 τοῦ

2171 2558 2241 2612 τὰ
2297 2556 2484 2611 δίκαια
2536 2555 2836 2628 κρίνοντος.
2866 2554 3117 2624 ’Ἐπειδὴ
3162 2552 3271 2624 γάρ
3330 2553 3548 2622 ἀγαπῶ,
3597 2553 3768 2625 φησὶ,

2171 2649 2270 2721 τὴν
2337 2648 2752 2720 δικαιοσύνην,’
2798 2647 3143 2720 ἁρπάγματα
3194 2647 3252 2700 δὲ
3313 2644 3381 2699 τὰ
3435 2645 3494 2712 ἐξ
3556 2644 3771 2711 ἀδικίας

2176 2742 2341 2812 μισῶ,
2374 2741 2634 2811 γεγόνασι
2664 2740 2720 2795 δὲ
2752 2740 2986 2795 τοιοῦτοι
3012 2740 3109 2809 τῆς
3142 2738 3407 2794 Ἰουδαίων
3437 2740 3771 2808 Συναγωγῆς

2171 2834 2221 2885 οἱ
2274 2832 2637 2905 προεστῶτες,
2675 2832 2925 2904 παρῆκα,
2980 2832 3136 2902 φησὶ,
3177 2830 3269 2884 καὶ
3318 2829 3641 2902 ὲξεωσάμην
3669 2830 3770 2883 αύ-

2170 2924 2314 2988 τούς.
2349 2924 2472 2978 Τῶν
2504 2923 2612 2997 γὰρ
2662 2923 3018 2994 ἁρπαζόντων
3058 2923 3403 2994 ἁρπάγματα
3445 2920 3506 2987 ἐξ
3552 2922 3771 2989 ἀδικίας

2169 3015 2261 3069 τὸν
2290 3015 2489 3086 μόχθον
2533 3015 2741 3087 ἑτέροις
2768 3015 2983 3084 δίδωμι,
3008 3016 3071 3067 Oi
3099 3015 3207 3087 γὰρ
3236 3014 3435 3076 ἀδίκως
3480 3013 3773 3068 πλουτοῦν-

2168 3125 2281 3171 τες,
2305 3107 2422 3170 καὶ,
2441 3106 2587 3161 καθά
2615 3124 2778 3177 φησιν
2801 3110 2829 3161 ὁ
2850 3107 3155 3178 προφήτης,
3189 3106 3608 3178 θησαυρίζοντες
3636 3108 3768 3160 ἐαυ-

483 3206 722 3261 mittunt.
760 3206 897 3262 Hinc
952 3207 1207 3264 Solomon
1242 3224 1257 3263 :
1297 3226 1317 3260 ι
1356 3208 1585 3274 Divitiae,
1638 3209 1837 3281 inquit,
1926 3209 2069 3281 inju-

2172 3202 2287 3264 τοῖς
2339 3200 2598 3254 ἀσὲὄειαν
2646 3200 2741 3253 καὶ
2792 3199 3187 3270 θαλαιπωρίαν,
3235 3200 3316 3262 εἰς
3361 3199 3580 3269 ἐτέρους
3625 3199 3770 3253 αὐτά

484 3310 566 3354 ste
601 3309 872 3370 congestae
904 3311 1252 3367 evomentur,
1287 3318 1319 3358 θ
1349 3304 1508 3358 domo
1537 3303 1656 3367 eius
1712 3303 1892 3358 trahet
1945 3303 2066 3358 illas

484 3393 725 3461 angelus.
764 3412 784 3447 ι
821 3392 885 3447 Ει
917 3393 1112 3448 iterum
1144 3415 1158 3451 :
1198 3413 1220 3447 e
1260 3393 1359 3462 Qui
1384 3395 1629 3464 congerit
1661 3395 1879 3450 divitias
1937 3410 2066 3451 suas

484 3496 580 3548 per
613 3497 806 3538 usuras
834 3484 1213 3552 etavaritiam,
1231 3494 1287 3539 et
1316 3486 1409 3554 qui
1436 3486 1726 3541 miseretur
1745 3500 2064 3554 pauperum,

485 3573 749 3644 relinquet
775 3588 897 3638 eas;
932 3589 1030 3632 nec
1065 3575 1251 3644 utique
1280 3574 1437 3632 bonis
1471 3576 1606 3631 viris
1641 3585 1697 3631 et
1753 3576 2066 3635 misericor-

483 3663 658 3728 «libus,
697 3663 792 3718 sed
832 3663 1012 3732 potius
1068 3664 1449 3720 decoctoribus
1485 3662 1554 3719 ⁶ί.
1588 3682 1607 3716 ι
1658 3662 1857 3733 Lepide
1919 3664 2065 3721 enim

482 3753 734 3808 dixiteos
754 3753 999 3808 misereri
1027 3768 1345 3824 pauperum.
1379 3752 1513 3809 Nam
1573 3754 1665 3825 qui
1706 3754 1926 3823 profuse
1982 3756 2066 3810 vi-

483 3852 634 3908 vunt,
667 3844 754 3900 his
779 3845 1085 3915 complures
1112 3845 1535 3917 agglutinantur,
1558 3855 1613 3903 et
1660 3860 1765 3899 una
1792 3860 1913 3900 cum
1959 3846 2067 3901 illis

482 3943 809 3989 consumunt
837 3950 958 4004 quae
1003 3935 1192 3990 multis
1220 3936 1512 3993 sudoribus
1542 3949 1640 4004 per
1663 3934 1922 4004 nefasque
1941 3942 2068 3991 sunt

478 4035 821 4083 coacervata.
860 4027 935 4081 De
961 4026 1253 4084 illiusmodi
1279 4027 1591 4085 hominibus
1638 4027 1820 4100 psalllt
1851 4028 2066 4084 divinus

486 4111 678 4175 David,
730 4123 785 4170 et
818 4114 1044 4185 inquit:
1078 4134 1099 4169 ι
1137 4116 1209 4172 At
1250 4116 1451 4173 frustra
1501 4118 1893 4186 tumultuatur;
1948 4120 2068 4175 the-

482 4205 744 4274 saurizat,
776 4216 832 4261 et
869 4208 1047 4264 nescit
1078 4208 1164 4264 cui
1216 4218 1513 4282 congreget
1538 4225 1601 4266 ea
1631 4211 1700 4264 ⁸⁸.
1736 4228 1756 4263 s
1795 4210 2065 4266 Praeterea

480 4293 588 4350 alio
620 4297 784 4354 modo
811 4313 826 4351 :
851 4297 1031 4355 Labor
1050 4314 1144 4355 seu
1170 4314 1303 4355 cura
1338 4300 1655 4356 Scribarum
1677 4309 1733 4356 et
1759 4299 2065 4356 Pharisaeo-

482 4403 600 4442 rum
632 4389 753 4444 aliis
792 4390 915 4444 data
972 4399 1092 4458 est,
1126 4390 1380 4446 videlicet
1425 4392 1665 4461 gentium
1726 4391 2062 4449 doctoribus.

480 4481 729 4538 Christus
765 4482 951 4551 itaque
981 4482 1099 4536 ait:
1135 4500 1156 4535 s
1215 4482 1383 4538 Amen
1438 4482 1562 4539 dico
1614 4483 1790 4553 vobis,
1845 4483 2064 4540 tolletur

2172 3294 2812 3366 παραπέμπουσιν.“Έφη
2843 3293 2978 3364 γοῦν
3008 3294 3036 3347 ὁ
3070 3292 3342 3363 Σολομὼν,
3373 3292 3455 3353 ὃτι
3484 3310 3502 3344 ι
3532 3291 3769 3356 Πλοῦτος

2169 3388 2373 3451 ἀδίκως
2414 3388 2784 3458 συναγόμενος
2832 3385 3244 3458 ἑξεμεθήσεται,
3276 3384 3335 3452 ἐξ
3377 3385 3555 3449 οἰκίας
3603 3383 3766 3438 αὐτοῦ

2170 3477 2385 3532 ἑλκύσει
2411 3478 2571 3532 αὐτὸν
2599 3478 2847 3547 ἄγγελος.
2880 3495 2899 3528 s
2930 3478 3041 3531 Καὶ
3071 3476 3291 3531 πάλιν-ι
3315 3476 3373 3529 ’0
3406 3475 3653 3544 συνάγων
3675 3476 3769 3530 τὸν

2170 3571 2401 3625 πλοῦτον
2433 3571 2597 3626 αὐτοῦ
2632 3570 2770 3642 μετὰ
2793 3569 2978 3630 τόκου.
3026 3570 3121 3623 καὶ
3164 3568 3538 3639 πλεονασμῶν,
3565 3568 3645 3640 τῷ
3680 3567 3767 3622 ἐλ-

2168 3662 2349 3717 εοῦντι
2384 3663 2631 3733 πτωχοὺς
2645 3662 2963 3732 καταλείψει
2994 3660 3180 3724 αὑτὸν,
3204 3661 3299 3715 καλ⁴
3319 3661 3381 3714 ού
3409 3660 3471 3731 δή
3505 3677 3606 3714 που
3630 3659 3767 3713 πάν-

2168 3772 2278 3818 τως
2310 3753 2536 3824 ἀγαθοῖς
2576 3754 2824 3825 ἀνδράσι,
2854 3754 2949 3807 καὶ
2980 3752 3438 3824 φιλοικτίρμοσιν,
3458 3751 3596 3806 ἀλλά
3616 3752 3763 3806 ἀσώ-

2167 3862 2280 3911 τοις
2315 3845 2535 3917 μᾶλλον.
2569 3864 2587 3894 ι
2621 3845 2899 3916 Εύφήμως
2944 3844 3053 3914 γὰρ
3104 3845 3229 3908 τοὺς
3274 3842 3545 3907 τοιούτους
3589 3842 3761 3896 ἐλεεῖν

2167 3938 2271 4009 ἔφη
2311 3938 2583 4010 πτωχούς.
2606 3938 2731 4001 Τοῖς
2774 3936 2885 4008 γὰρ
2936 3935 3105 4000 ζῶσιν
3157 3937 3215 3988 ὲν
3262 3935 3472 4007 ἀσωτίᾳ
3519 3933 3759 3993 πλεῖστοι

2166 4029 2288 4085 λίαν
2329 4032 2380 4085 οί
2420 4028 2787 4099 κολλώμενοι,
2824 4026 2915 4081 καὶ
2965 4026 3413 4091 συνδαπανῶντες
3465 4025 3648 4090 αὐτοῖς
3689 4026 3761 4080 τὰ

2167 4122 2384 4187 πολλοῖς
2411 4122 2634 4194 ἱδρῶσιν
2666 4120 2867 4183 ἀδίκως
2900 4117 3307 4190 σεσωρευμένα.
3342 4115 3548 4172 Ψάλλει
3577 4117 3634 4170 δὲ
3662 4118 3761 4175 καὶ

2165 4214 2193 4266 ὁ
2242 4213 2528 4275 θεσπέσιος
2577 4211 2744 4264 Δαὸὶδ
2787 4210 2916 4281 περὶ
2972 4210 3083 4263 τῶν
3125 4208 3401 4270 τοιούτων,
3453 4208 3547 4261 καί
3599 4225 3755 4279 φησιο

2170 4326 2189 4359 ι
2221 4307 2365 4370 Πλὴν
2394 4306 2570 4375 μάτην
2598 4305 2949 4376 ταράσσεται·
2982 4302 3320 4376 θησαυρίζει,
3354 4302 3448 4356 καὶ
3490 4303 3551 4356 ού
3589 4303 3757 4373 γινώ-

2167 4414 2289 4450 σκει
2322 4395 2428 4449 τίνι
2459 4394 2679 4462 συνάξει
2714 4394 2878 4449 αὑτά.
2938 4413 2959 4448 s
2986 4394 3096 4447 Καὶ
3124 4394 3245 4449 καθ’
3266 4395 3450 4465 ἕτερον
3472 4394 3527 4448 δὲ
3556 4393 3758 4465 τρόπον

2145 4488 2209 4547 ’0
2243 4484 2459 4558 μόχθος,
2510 4486 2677 4558 ἤγουν
2723 4486 2758 4557 ἡ
2796 4484 3016 4558 φροντὶς
3063 4485 3172 4539 τῶν
3213 4483 3595 4557 Γραμματέων
3656 4487 3757 4540 καὶ

481 4586 702 4643 regnum
726 4572 825 4626 Dei
857 4587 887 4626 a
914 4572 1150 4635 vobis,et
1176 4572 1396 4657 dabitur
1424 4575 1571 4644 genti
1595 4573 1815 4630 facienti
1847 4573 2061 4631 fructus

2170 4557 2473 4650 Φαρισαίων
2502 4557 2709 4649 ἑτέροις
2738 4557 2918 4648 ἐδόθη,
2949 4578 3106 4648 δῆλον
3135 4577 3191 4631 δὲ
3220 4577 3301 4631 ὅτι
3333 4576 3409 4651 (1)
3452 4595 3471 4628 ι
3493 4576 3754 4649 Ἀρθήσε-

480 4665 599 4734 ejus
631 4665 698 4719 ⁸⁸.
734 4682 753 4717 ι
786 4663 927 4734 Ergo
959 4664 1058 4733 illi,
1086 4665 1286 4737 inquit,
1323 4665 1534 4737 expulsi
1577 4675 1723 4723 sunt.
1759 4665 1828 4721 At
1874 4667 2059 4733 vobis,

2170 4690 2250 4726 ται
2302 4670 2396 4741 ἀφ’
2424 4668 2580 4741 ὑμῶν
2632 4671 2666 4740 ἡ
2713 4668 2962 4740 βασιλεία
3004 4668 3097 4722 τοῦ
3151 4668 3308 4733 Θεοῦ,
3343 4668 3436 4721 καὶ
3467 4667 3752 4740 δοθήσεται

481 4757 570 4826 qui
594 4771 662 4812 ex
685 4757 936 4827 gentibus
961 4758 1139 4813 vocati
1178 4759 1311 4813 estis
1341 4759 1408 4814 ad
1436 4772 1649 4814 sacrum
1674 4757 2059 4823 ministerium,

2170 4761 2305 4814 ἔθνει
2331 4760 2572 4813 ποιοῦντι
2606 4760 2732 4823 τοὺς
2760 4759 3009 4823 καρποὺς
3036 4758 3225 4829 αὐτῆς.
3258 4778 3277 4811 s
3309 4757 3519 4812 Οὐκοῦν
3548 4759 3751 4812 ἐκεῖνοι

483 4855 863 4902 testamentum
886 4855 1145 4903 aeternum
1175 4848 1454 4918 disponam
1487 4862 1501 4900 :
1545 4847 1671 4902 inde
1700 4847 1783 4902 vel
1803 4848 2063 4915 praedica-

2170 4853 2265 4924 μὲν
2292 4851 2629 4922 ἐξώσθησαν,
2656 4850 2845 4921 φησὶν,
2875 4852 3005 4922 ύμῖν
3050 4850 3108 4903 δὲ
3148 4852 3275 4913 τοῖς
3304 4850 3662 4923 κεκλημένοις
3688 4850 3750 4918 ἐξ

485 4938 686 4992 tionem
716 4938 1106 5008 evangelicam,
1140 4938 1225 4994 vel
1255 4953 1408 5010 spem
1452 4939 1839 5008 sempiternam
1871 4938 2063 4994 intelli-

2170 4942 2331 4996 Ιίθνῶν
2363 4943 2444 5006 εἰς
2478 4942 2788 5014 ἱερουργίαν
2834 4940 3099 5011 διαθήκην
3143 4939 3361 4996 αἰώνιον
3393 4941 3748 5014 διαθήσομαι,

478 5045 610 5100 gens
640 5047 655 5084 :
701 5048 721 5082 ι
760 5029 816 5084 In
842 5031 1168 5102 gentibusﬁs
1208 5033 1403 5101 inquit,
1439 5049 1459 5085 ι
1496 5038 1853 5101 cognoscetur
1874 5045 2058 5086 semen

2170 5033 2198 5106 ἢ
2228 5033 2289 5087 τὸ
2320 5035 2584 5105 κήρυγμα
2604 5033 2665 5086 τὺ
2692 5030 3046 5100 εύαγγελικὸν
3072 5031 3158 5085 διὰ
3182 5032 3338 5087 τοῦτο
3362 5034 3559 5105 δηλῶν,
3581 5035 3750 5106 ἤγουν

477 5133 688 5183 eorum,
731 5128 787 5175 et
816 5123 1099 5191 progenies
1124 5137 1335 5176 eorum.
1358 5121 1505 5188 Quos
1538 5120 1630 5189 qui
1662 5120 1855 5176 viderit
1889 5137 2059 5191 agno-

2170 5124 2357 5179 ἒλπίδα
2388 5124 2486 5177 τὴν
2507 5121 2884 5193 ἀτελεύτητον.
2922 5139 2940 5172 ι
2964 5121 3052 5175 Ἑν
3081 5122 3138 5176 δὲ
3158 5126 3270 5188 τοῖς
3294 5123 3470 5179 ἔθνεσι
3497 5125 3749 5198 γνωσθή-

477 5222 593 5265 seet
626 5211 752 5279 quia
780 5211 836 5265 hi
869 5222 994 5267 sunt
1016 5228 1198 5269 semen
1249 5213 1590 5269 benedictum
1616 5227 1646 5267 a
1685 5212 1812 5269 Deo.
1846 5232 1865 5266 ι
1923 5213 2055 5269 Nam

2170 5232 2330 5279 σεται,
2364 5214 2578 5285 ιφησὶ,
2627 5230 2647 5263 e
2678 5211 2740 5265 τὸ
2788 5210 3012 5285 σπέρμα
3062 5214 3263 5281 αὐτῶν,
3294 5216 3388 5269 καὶ
3431 5215 3501 5269 τά
3547 5216 3751 5285 ἔκγονα

408 5355 412 5359 .
476 5301 569 5371 qui
617 5302 954 5356 institutione
982 5311 1035 5357 et
1068 5303 1315 5358 doctrina
1345 5302 1448 5357 lilii
1499 5311 1812 5359 sanctos-um
1852 5315 2057 5375 mysta-

2170 5306 2364 5360 ιὺτῶν·
2390 5307 2499 5369 πᾶς
2543 5305 2572 5358 ὁ
2620 5303 2764 5376 ὁρῶν
2796 5304 2994 5368 αὐτοὺς
3021 5306 3385 5378 ἐπιγνώσεται
3418 5309 3635 5373 αὐτοὺς,
3662 5309 3748 5362 ὅτι

477 5409 736 5465 gogorum
784 5394 1114 5449 exstiterunt
1142 5405 1363 5465 propter
1423 5396 1693 5464 insignem
1724 5397 2054 5464 probitatem

2170 5393 2299 5453 ιῦτοί
2326 5398 2433 5450 είσι
2467 5396 2688 5467 σπέρμα
2732 5395 3096 5468 εύλογημένον
3144 5399 3250 5453 ὑπὸ
3298 5398 3454 5454 Θεοῦ.
3481 5419 3501 5452 s
3533 5401 3595 5454 Oi
3634 5400 3747 5473 γὰρ

477 5494 533 5539 et
555 5485 678 5540 vitae
716 5487 992 5556 pietatem,
1020 5484 1272 5541 omnibus
1292 5494 1420 5540 sunt
1449 5486 1740 5551 netissimi,
1775 5488 1898 5557 quia
1930 5504 2056 5558 pro-

2170 5488 2294 5544 ιατά
2328 5488 2627 5561 μαθητείαν
2654 5488 2760 5541 υίοὶ
2787 5487 2897 5543 τῶν
2922 5489 3092 5559 ἁγίων
3124 5493 3499 5563 μυσταγωγῶν
3520 5494 3584 5548 ἐκ
3609 5494 3746 5547 πολ-

546 5663 593 5698 ⁸¹
620 5666 1010 5731 Prov...xxvm,
1035 5666 1088 5722 8.
1165 5667 1210 5700 ⁸⁸
1238 5665 1377 5731 Psal.
1406 5682 1635 5732 xxsvtu,
1661 5668 1712 5721 7.
1789 5667 1833 5699 ⁸³
1871 5666 2061 5722 Matth.
2097 5684 2212 5733 xxi,
2243 5667 2311 5722 45

549 5836 626 5907 (1)
660 5838 717 5893 In
772 5843 1063 5910 exemplari
1107 5841 1295 5899 Graeco
1346 5844 1702 5913 praetermissa
1764 5852 1887 5896 sunt
1947 5846 2050 5895 duo
2092 5845 2259 5898 triave
2289 5846 2564 5898 vocabula.
