4140 6496
324 330 352 386 1
370 328 480 386 305

1488 330 1554 386 IN
1592 330 1828 388 [SAIAM
1870 330 2001 388 LIB.
2043 331 2109 387 γ.
2153 326 2395 390 TOMUS
2437 327 2500 383 ν.

3500 327 3638 384 1566

320 446 432 521 λῆς
465 447 606 517 ἄγαν
636 449 1029 521 ἀγαθουργίας,
1060 452 1280 525 καὶτῆς
1305 454 1427 507 κατ’
1455 453 1737 508 εὐσέϐειαν
1767 451 1936 525 ζωῆς,

2052 454 2231 526 genies
2262 462 2576 511 sanctorum
2609 452 2734 509 facti
2788 462 2916 509 sunt
2962 452 3306 507 institutione
3363 460 3418 507 ct
3473 451 3638 506 disci—

320 542 754 615 γνωριμώτατοι
786 544 952 597 πᾶσίν
984 545 1144 608 εἰσιν,
1167 544 1251 600 ὅτι
1286 546 1382 601 καὶ
1415 546 1587 615 ἁγίων
1621 546 1820 615 ἔκγονα
1844 564 1938 617 γε-

325 635 529 705 γόνασι
565 635 710 689 κατά
747 634 1071 707 μαθητείαν,
1103 635 1180 700 ὡς
1209 635 1368 708 ἔφην,
1403 656 1421 689 ι
1452 639 1562 692 Καὶ
1593 639 1677 692 ὅτι
1718 638 1942 710 σπέρμα

324 729 477 784 εἰσὶν
516 728 881 800 εὐλογημένον
932 730 1036 782 ὑπὸ
1085 728 1244 791 Θεοῦ,
1274 749 1293 782 ι
1333 726 1446 785 οἷον
1496 731 1564 785 τὰ
1618 732 1728 786 τῶν
1768 731 1942 798 ἁγίων

328 824 622 894 μοναστῶν
656 824 1000 893 συστήματα,
1036 825 1163 895 περὶ
1192 817 1267 878 ὧν
1293 843 1458 896 φησιν
1491 826 1521 879 6
1552 826 1765 891 Παῦλος
1786 844 1797 855 ·
1830 846 1847 879 ι
1878 829 1940 880 OE

319 915 385 967 δὲ
429 912 524 965 τοῦ
559 911 799 984 Χριστοῦ
834 910 1010 983 Ἰησοῦ
1067 913 1168 984 τὴν
1219 914 1399 985 σάρκα
1440 914 1797 987 ἐσταύρωσαν
1844 917 1942 971 σὺν

319 1008 443 1069 τοῖς
476 1004 767 1075 παθήμασι
799 1003 894 1057 καὶ
946 1005 1068 1068 ταῖς
1092 1004 1433 1078 ἐπιθυμίαις,
1466 1027 1485 1061 ι
1524 1008 1573 1062 οί
1600 1009 1690 1062 τὸν
1719 1010 1939 1082 ἐπιεικῆ

321 1096 430 1150 καὶ
467 1096 756 1165 φιλόπονον
801 1095 1097 1162 διαζῶντες
1146 1097 1279 1167 βίον
1306 1099 1413 1152 τῶν
1460 1101 1517 1152 ὲν
1564 1099 1833 1174 παρθενίᾳ
1872 1102 1941 1155 τὰ

326 1188 525 1261 στίφη,
545 1190 637 1242 καὶ
657 1190 809 1261 χοροὶ
826 1188 1091 1259 γέμοντες
1112 1188 1359 1259 εὐλογίας
1375 1190 1534 1258 Θεοῦ,
1554 1185 1699 1245 οὗτοι
1718 1192 1943 1266 σπέρμα

328 1281 476 1333 εἰσὶν
505 1279 871 1352 εὐλογημένον
896 1279 1002 1334 ὑπὸ
1036 1280 1196 1348 Θεοῦ,
1230 1273 1378 1336 οὗτοι
1419 1283 1693 1355 χαίρουσι,
1725 1286 1820 1339 καὶ
1853 1285 1942 1338 εὐ-

328 1369 659 1443 φραίνονται
690 1370 784 1425 ἐπὶ
810 1370 1018 1444 Κύριον
1039 1387 1052 1400 ·
1084 1372 1144 1425 οὐ
1177 1372 1287 1444 γὰρ
1320 1373 1609 1443 ἐφήδονταί
1648 1375 1941 1448 πράγμασι

330 1466 644 1535 κοσμικοῖς,
668 1464 1022 1535 ὲμπίμπλασι
1048 1464 1103 1519 δὲ
1130 1464 1331 1536 μᾶλλον
1356 1466 1455 1531 τὰς
1478 1468 1689 1523 ἑαυτῶν
1713 1470 1943 1541 καρδίας

330 1558 561 1628 ἀγάπης
586 1558 685 1629 τῆς
715 1560 794 1622 είς
820 1557 1083 1629 Χριστὸν,
1119 1561 1390 1633 σωτήριον
1411 1559 1467 1614 δὲ
1495 1562 1555 1614 τὸ
1583 1562 1775 1634 χρῆμά
1798 1563 1938 1626 ἐστι,

330 1651 434 1704 καὶ
468 1650 740 1722 θυμηδίας
773 1650 994 1721 ἀπάσης
1022 1653 1402 1726 ἐμποιητικόν.

421 1743 826 1816 Ἀγαλίιάσθω
857 1744 895 1813 ἡ
925 1746 1097 1814 ψυχή
1122 1764 1244 1817 μου
1277 1746 1374 1800 ἐπὶ
1421 1745 1502 1813 τῷ
1540 1748 1781 1817 Κιιοίῳμο
1852 1750 1945 1803 ἐν.

2041 548 2210 618 plina,
2247 556 2305 601 ιιι
2333 546 2468 613 dixi,
2499 563 2518 598 ι
2558 556 2608 601 et
2640 547 2766 617 quia
2794 561 2980 601 semen
3005 546 3354 601 benedictum
3387 543 3573 600 aDco:
3614 560 3633 595 ι

2040 646 2209 717 867
2233 656 2383 717 puta,
2414 655 2725 701 sanctorum
2762 644 3154 701 monachorum
3211 656 3407 713 ctetus,
3434 646 3500 701 de
3527 644 3644 715 qui-

2044 739 2143 817 hys
2185 736 2384 792 Paulus
2423 755 2437 792 :
2477 756 2496 789 ι
2538 737 2639 805 Qui
2674 746 2851 792 autem
2886 736 3092 792 ChriSti
3147 735 3274 792 .lcsu
3338 748 3487 803 sunt,
3521 753 3641 813 car-

2045 843 2169 881 nem
2227 827 2620 884 crucifixerunt
2687 844 2809 883 cum
2862 828 3145 883 allectibus
3219 836 3274 882 et
3323 826 3641 899 cupiditati-

2044 919 2144 975 bus
2169 918 2238 986 ",
2272 939 2291 972 ι
2317 921 2409 990 qui
2443 920 2665 990 probam
2692 930 2745 976 et
2770 920 3096 976 laboriosam
3137 921 3424 977 traducunt
3447 922 3636 977 vitam:

2044 1022 2097 1066 et
2149 1012 2200 1065 in
2231 1012 2543 1084 virginitate
2577 1012 2885 1083 degentium
2915 1013 3173 1070 cohortes
3219 1023 3271 1069 et
3327 1014 3483 1070 chori
3546 1014 3637 1084 qui

2047 1102 2139 1158 Dei
2159 1103 2535 1159 benedictione
2570 1103 2898 1158 abundant:
2945 1104 2997 1159 hi
3055 1113 3183 1159 sunt
3234 1119 3421 1159 semen
3474 1103 3641 1159 bene-

2043 1194 2249 1249 dictum
2284 1209 2313 1246 a
2350 1192 2485 1260 Deo,
2522 1193 2575 1248 hi
2605 1193 2843 1265 gaudent.
2882 1203 2931 1248 et
2976 1193 3233 1250 laatautur
3273 1194 3325 1247 in
3386 1191 3637 1249 Domino.

2045 1285 2161 1341 Non
2198 1287 2344 1342 enim
2377 1288 2668 1342 mundanis
2691 1287 3004 1342 amciuntur
3039 1287 3289 1357 negotiis,
3336 1284 3440 1341 sed
3478 1287 3642 1342 corda

2044 1396 2140 1436 sua
2171 1381 2352 1452 potius
2382 1381 2652 1436 charitate
2682 1380 2888 1437 Christi
2923 1381 3216 1451 complent.
3265 1379 3391 1435 llaec
3430 1393 3519 1436 res
3551 1394 3644 1436 sa-

2045 1473 2235 1529 lutaris
2266 1481 2367 1541 est,
2400 1482 2452 1534 et
2484 1473 2662 1528 omnis
2693 1473 2989 1543 voluptatis
3019 1472 3285 1529 ellectrix.

2116 1739 2281 1793 Vens.
2327 1738 2414 1804 10,
2453 1740 2539 1794 Η.
2609 1736 2856 1793 Exsulta
2893 1739 3074 1792 auium
3118 1754 3234 1792 mea
3291 1739 3348 1792 in
3378 1737 3645 1807 Domino;

328 1835 523 1891 ἐδυσε
555 1834 667 1905 γάρ
690 1851 769 1905 με
807 1834 1046 1907 ἱμάτιον
1085 1838 1407 1905 σωτηρίου,
1462 1839 1561 1891 καί
1604 1839 1824 1908 χιτῶνα
1850 1843 1945 1895 sua

2052 1833 2222 1886 induit
2247 1833 2382 1886 enim
2412 1847 2491 1885 me
2519 1841 2656 1885 veste
2697 1830 2887 1885 salutis
2932 1841 2979 1884 et
3028 1831 3210 1884 tunica
3241 1829 3462 1896 lwtitiw,
3514 1842 3645 1886 tan--

329 1931 672 2001 ςρροσύνης,
699 1929 780 1995 ὡς
812 1931 1052 2000 νυμφίῳ
1084 1930 1401 2000 περιέθηκέ
1432 1950 1536 2002 μοι
1561 1934 1802 2003 μίτραν,
1847 1932 1948 1987 καὶ

328 2027 417 2091 ὡς
445 2025 692 2093 νύμφην
741 2025 1170 2093 κατεκόσμησέ
1212 2043 1287 2094 με
1317 2027 1548 2094 κόσμῳ,
1586 2027 1683 2081 καὶ
1721 2027 1801 2094 ὡς
1830 2027 1949 2099 γῆν

329 2114 658 2179 αὔξουσαν
700 2111 765 2165 τὸ
826 2111 1010 2179 ἄνθος
1055 2112 1267 2183 αὐτῆς,
1339 2114 1437 2168 καί
1499 2117 1581 2183 ὡς
1627 2117 1832 2188 κῆπον
1876 2117 1951 2172 τὰ

329 2210 655 2277 σπέρματα
699 2206 910 2273 αὐτοῦ,
940 2206 1131 2275 οὕτως
1164 2206 1453 2262 ἀνατελεῒ
1470 2208 1691 2279 Κύριος
1721 2210 1949 2267 δικαιο-

329 2301 562 2369 σύνην,
616 2299 716 2354 καί
777 2299 1130 2372 ἀγαλλίαμα
1192 2299 1475 2356 ἐναντίον
1540 2303 1785 2359 πάντων
1829 2304 1950 2361 τῶν

328 2388 551 2446 ἐθνῶν.
825 2424 835 2432 -

408 2483 698 2554 Φιλότιμον
731 2483 817 2537 ἐπ’
852 2484 1039 2548 αὐτοῖς
1086 2482 1348 2551 ἀπλώσας
1397 2487 1497 2559 τὴν
1559 2489 1739 2560 χεῖρα,
1797 2488 1950 2544 πλεί-

334 2593 487 2643 στοις
528 2594 589 2630 τε
635 2577 782 2641 ὃσοις
814 2577 907 2631 καὶ
940 2576 1287 2650 ἀξιοκτήτοις
1325 2581 1627 2651 χαρίσμασι
1680 2581 1952 2652 στεφανῶν

335 2687 456 2724 σειν
519 2667 726 2724 είπών·
792 2689 810 2722 ι
850 2670 971 2733 Πᾶς
1026 2671 1136 2743 γὰρ
1182 2674 1211 2727 6
1262 2673 1444 2746 ὁρῶν,
1491 2674 1700 2745 φησὶν,
1752 2675 1951 2741 αὐτοὺς

332 2762 728 2830 ἐπιγνώσεται,
763 2761 846 2815 ὅτι
869 2753 1024 2817 οὗτοί
1061 2764 1171 2817 εἰσι
1194 2765 1418 2837 σπέρμα
1455 2766 1821 2839 εὐλογημένον
1844 2768 1949 2822 ὐπὸ

330 2851 497 2918 Θεοῦ,
546 2872 566 2906 ι
616 2848 739 2908 εἶτα
781 2855 1246 2925 προσεπενεγκὼν
1299 2858 1380 2911 ὅτι
1419 2878 1438 2909 ι
1483 2858 1593 2913 Καὶ
1644 2860 1953 2933 εὐφρανθή-

335 2965 527 3001 σονται
562 2947 657 3000 ἐπὶ
700 2946 933 3020 Κύριον,
969 2968 988 3001 ι
1027 2948 1244 3004 δίδωσιν
1289 2951 1451 3017 εὐθὺς
1478 2952 1577 3024 τὴν
1608 2953 1952 3025 εὐφροσύνην

330 3041 541 3104 αὐτοῖς.
566 3039 837 3112 Ταύτῃτοι
859 3040 955 3095 καὶ
994 3041 1143 3112 μάλα
1169 3042 1478 3113 είκότωςτὸ
1498 3043 1601 3111 τῆς
1623 3045 1952 3118 Ἐκκλησίας

333 3129 692 3203 εἰσεκομίσθη
709 3132 997 3204 πρόσωπον
1012 3133 1077 3185 ὲκ
1091 3133 1449 3207 περιχαρείας
1464 3135 1564 3206 τῆς
1581 3136 1719 3205 ἄγαν
1733 3138 1953 3207 ἀναφω-

334 3224 486 3290 νοῦν,
510 3243 529 3276 ι
552 3223 978 3296 Ἀγαλλιάσθωή
995 3224 1139 3297 ψυχή
1162 3244 1264 3298 μου
1283 3227 1376 3280 ἐπὶ
1400 3226 1476 3298 τῷ
1497 3228 1710 3300 Κυρίῳ,
1732 3230 1951 3284 ἐνέδυσε

333 3319 446 3390 γᾶιρ
466 3334 532 3389 με
549 3315 766 3389 ἱμάτιον
785 3318 1076 3389 σωτηρίου,
1096 3319 1193 3371 καὶ
1212 3319 1415 3389 χιτῶνα
1437 3320 1801 3391 εὐφροσύνης.
1831 3322 1954 3375 »Χι-

332 3411 487 3464 τῶνα
525 3409 863 3481 εὐφροσύνης
899 3410 990 3463 τὸν
1020 3392 1228 3481 Κύριον
1266 3410 1425 3481 ἡμῶν
1465 3411 1679 3483 Ἰησοῦν
1712 3413 1950 3484 Χριστόν

336 3519 494 3574 φησι.
515 3500 725 3572 Γράφει
749 3500 879 3569 γοῦν
893 3501 986 3553 καὶ
999 3501 1026 3552 ό
1042 3501 1321 3568 πάνσοφος
1334 3499 1552 3565 Παῦλος
1566 3504 1680 3566 τοῖς
1693 3505 1774 3566 εἰς
1786 3500 1950 3556 αὐτὸν

337 3590 699 3645 πιστεύσασιν
723 3605 738 3621 °
773 3609 792 3642 ι
817 3590 1140 3645 Ἐνδύσασθε
1177 3590 1270 3643 τὸν
1292 3590 1499 3662 Κύριον
1537 3595 1697 3665 ἡμῶν
1734 3593 1949 3665 Ἰησοῦν

335 3683 428 3739 τὸν
460 3683 722 3756 Χριστὸν,
757 3683 852 3736 καὶ
885 3681 986 3751 τῆς
1019 3683 1222 3754 σαρκὸς
1259 3684 1520 3753 πρόνοιαν
1572 3685 1647 3757 μὴ
1705 3686 1949 3741 ποιεῖσθε

336 3778 416 3840 εἰς
445 3776 762 3845 ἐπιθυμίαν.
800 3793 819 3827 ι
860 3775 928 3828 Οί
961 3791 1026 3844 γε
1076 3774 1182 3847 μὴν
1214 3777 1424 3847 ὰμφίου
1460 3777 1619 3851 δίκην
1649 3781 1952 3853 ἐσχηκότες

335 3869 502 3923 αὐτὸν
530 3867 670 3940 πρὸς
708 3868 774 3939 τῇ
810 3867 1059 3939 σωτηρίᾳ
1098 3867 1449 3940 κερδαίνουσι
1514 3870 1577 3924 τὸ
1630 3873 1947 3946 εὐημερεῖν,

338 3964 432 4016 καὶ
454 3962 526 4015 »τὸ
564 3964 622 4015 ὲν
653 3959 1020 4033 εὐφροσύναις
1051 3956 1191 4016 εἶναι
1215 3966 1480 4033 μακραῖς.
1518 3964 1664 4038 Ἔφη
1691 3965 1823 4034 γοῦν
1851 3967 1950 4021 αὐ-

336 4054 431 4118 ab;
457 4055 488 4109 6
517 4050 736 4124 Σωτήρ*
766 4072 785 4105 ι
834 4052 893 4106 '0
946 4053 1189 4124 κλέπτης
1229 4056 1332 4108 οὐκ
1378 4054 1618 4127 ἔρχεται,
1672 4059 1720 4109 εί
1757 4056 1832 4126 μὴ
1863 4057 1952 4112 ἵνα

336 4145 517 4219 κλέψῃ
550 4146 643 4199 καὶ
676 4143 837 4217 θύσῃ,
867 4145 964 4198 καὶ
993 4144 1260 4216 ἀπολέσῃ.
1316 4146 1459 4214 Ἐγὼ
1481 4142 1651 4215 ἦλθον
1689 4147 1778 4199 ἵνα
1804 4146 1951 4219 ζωὴν

337 4240 533 4310 ἔχωσι,
563 4238 658 4292 καὶ
686 4236 948 4309 περισσὸν
987 4235 1205 4307 ἔχωσιν.
1246 4254 1263 4288 ι
1305 4239 1381 4291 Οὐ
1413 4239 1523 4310 γὰρ
1572 4236 1735 4300 σώζει
1763 4237 1946 4310 μόνον,

335 4333 415 4395 ὡς
469 4330 628 4401 ἔφην,
682 4327 820 4382 ἀλλά
856 4330 966 4400 γὰρ
1020 4329 1116 4383 καὶ
1151 4328 1495 4401 ἀτελευτήτῳ
1554 4330 1949 4401 κατευφραίνει

335 4426 518 4498 χαρᾷ’
560 4424 657 4477 καὶ
701 4422 864 4477 τοῦτό
897 4424 1019 4477 ἐστι
1047 4422 1110 4477 τὸ
1147 4423 1403 4495 περιττὸν
1433 4422 1949 4495 προστεθησόμενον

2050 1941 2208 1995 quam
2240 1940 2483 1991 sponsum
2509 1924 2859 1978 circumdedit
2885 1938 2964 1978 me
2996 1925 3178 1988 mitra,
3206 1930 3254 1977 et
3279 1923 3433 1993 quasi
3487 1937 3648 1992 spon-

2052 2035 2167 2073 sam
2192 2019 2395 2072 ornavit
2420 2033 2499 2071 me
2519 2017 2715 2070 mundo
2747 2016 3027 2081 muliebri;
3053 2025 3101 2069 et
3125 2016 3259 2069 sicut
3284 2022 3425 2068 terra
3441 2014 3644 2083 profert

2050 2110 2234 2182 ﬂorem
2269 2126 2444 2175 suum,
2466 2118 2515 2163 et
2551 2118 2609 2163 ut
2634 2108 2821 2163 hortus
2871 2109 3074 2164 semina
3101 2125 3219 2174 sua,
3248 2108 3325 2162 sic
3349 2107 3645 2178 germinare

2051 2203 2211 2273 faciet
2232 2202 2491 2257 Dominus
2506 2201 2776 2274 justitiam
2807 2211 2854 2258 et
2883 2200 3294 2258 exsultationem
3327 2214 3506 2256 coram
3537 2215 3650 2256 om-

2052 2296 2208 2351 nibus
2235 2295 2502 2368 gentibus.

2124 2473 2434 2530 Munilicam
2466 2473 2522 2528 in
2569 2471 2689 2528 illos
2722 2484 2943 2528 manum
2967 2473 3235 2541 extendit,
3289 2481 3344 2529 et
3401 2470 3652 2544 plurimis

2053 2577 2108 2626 et
2125 2567 2426 2639 insignibus
2451 2566 2605 2622 donis
2627 2574 3017 2622 coronaturum
3044 2580 3105 2622 se
3136 2566 3260 2623 illos
3275 2564 3441 2622 dixit:
3474 2584 3493 2618 ι
3514 2564 3655 2647 0m:

2055 2664 2140 2718 nis
2195 2661 2362 2729 enim,
2421 2659 2619 2730 inquit,
2661 2661 2752 2730 qui
2798 2659 2950 2716 videt
2998 2675 3111 2727 eos,
3166 2667 3465 2731 cognoscet
3524 2673 3652 2715 esse

2054 2755 2175 2811 illos
2203 2769 2389 2810 semen
2431 2753 2776 2808 benedictum
2815 2766 2845 2806 a
2879 2752 3011 2810 Deo.
3053 2769 3073 2804 ι
3107 2752 3399 2820 Subiunxit
3423 2751 3645 2807 deinde:

2059 2868 2079 2903 ι
2109 2850 2169 2905 Et
2202 2848 2533 2904 laetabuntur
2576 2850 2632 2904 in
2686 2846 2935 2923 Domino.
2975 2867 2995 2901 ι
3037 2848 3231 2903 Statim
3270 2846 3379 2903 illis
3398 2846 3490 2902 dat
3509 2846 3651 2901 laeti-

2055 2945 2206 2999 tiam.
2249 2940 2387 2997 lline
2409 2957 2516 2997 non
2570 2942 2843 2998 immerito
2876 2941 3138 2998 Ecclesia:
3180 2955 3416 3012 persona
3474 2940 3650 2997 intro-

2055 3035 2216 3091 ducta
2239 3046 2345 3098 est,
2373 3050 2485 3105 prae
2513 3035 2713 3106 insigni
2750 3036 2946 3107 gaudio
3000 3036 3053 3089 in
3109 3036 3206 3091 has
3259 3050 3420 3090 voces
3469 3049 3652 3090 erum-

2057 3144 2223 3199 pens:
2262 3146 2282 3180 ι
2312 3128 2557 3185 Exsultat
2584 3130 2765 3184 anima
2790 3144 2907 3184 mea
2935 3128 2990 3184 in
3017 3128 3282 3196 Domino;
3311 3127 3652 3184 induitcnim

2056 3237 2143 3276 me
2178 3230 2328 3276 veste
2347 3221 2545 3276 salutis
2560 3230 2620 3278 et.
2652 3223 2839 3278 tunica
2866 3222 3087 3278 laetitia.
3127 3242 3145 3275 ι
3183 3221 3447 3277 Tunicam
3494 3229 3656 3276 vocat

2056 3311 2345 3366 Dominum
2376 3320 2623 3367 nostrum
2648 3312 2834 3369 Iesum
2857 3314 3160 3369 Christum.
3192 3312 3408 3369 'Scribit
3466 3314 3655 3382 itaque

2055 3405 2499 3477 sapientissimus
2517 3406 2717 3463 Paulus
2749 3407 2834 3462 his
2862 3408 2956 3478 qui
2981 3409 3037 3462 in
3060 3408 3236 3478 ipsum
3263 3408 3647 3463 crediderunt:

2058 3515 2076 3547 ι
2114 3496 2327 3553 Induite
2348 3496 2644 3554 Dominum
2697 3508 2946 3554 nostrum
2997 3498 3183 3555 Jesum
3241 3499 3541 3568 Christum,
3596 3508 3654 3555 et

2051 3591 2236 3646 carnis
2296 3606 2481 3645 curam
2524 3607 2591 3646 ne
2622 3593 2796 3664 gerite
2851 3592 2906 3646 in
2955 3592 3346 3662 cupiditatibus
3384 3593 3453 3647 ⁸⁸.
3495 3611 3514 3645 ι
3547 3592 3648 3660 Qui

2051 3697 2234 3738 autem
2289 3683 2442 3739 illum
2496 3692 2756 3755 tanquam
2813 3692 3021 3741 vestem
3066 3686 3394 3753 habuerunt,
3453 3695 3653 3757 praeter

2053 3777 2285 3832 salutem
2309 3777 2595 3832 lucrantur
2618 3776 2954 3845 felicitatem;
2978 3778 3161 3849 itaque
3175 3778 3434 3834 diuturno
3463 3779 3653 3833 fruun-

2057 3878 2145 3921 tur
2174 3868 2391 3939 gattdio.
2425 3868 2517 3923 Ait.
2560 3868 2749 3936 itaque
2801 3867 2922 3939 ipse
2979 3867 3281 3924 Servator:
3319 3887 3338 3921 ι
3380 3868 3491 3924 Fur
3542 3886 3650 3926 non

2054 3962 2204 4015 venit
2231 3961 2333 4016 nisi
2363 3970 2420 4014 ιιι
2442 3960 2676 4026 foretur,
2699 3969 2755 4015 et
2782 3968 2984 4015 mactet
3003 3969 3059 4017 et
3080 3962 3300 4030 perdat;
3328 3976 3429 4030 ego
3451 3962 3571 4016 veni
3595 3972 3654 4015 ut

2056 4052 2219 4106 vitam
2253 4053 2511 4119 habeant,
2568 4061 2624 4108 et
2683 4053 3049 4107 abundantem
3094 4052 3335 4108 habeant
3371 4052 3438 4108 ⁸⁸.
3473 4071 3492 4106 ι
3532 4051 3648 4108 Non

2053 4144 2256 4197 etenim
2285 4155 2466 4199 servat
2493 4145 2676 4211 modo,
2699 4153 2759 4200 ut
2788 4145 2921 4214 dixi,
2956 4146 3050 4201 sed
3067 4146 3233 4201 etiam
3270 4145 3493 4216 perenni
3525 4162 3652 4217 gau-

2053 4238 2141 4292 dio
2180 4237 2363 4292 allicit.
2395 4238 2461 4293 Et
2503 4242 2605 4296 hoc
2629 4248 2713 4295 est
2741 4239 2874 4295 illud
2916 4236 3204 4295 abundans
3252 4254 3345 4295 seu
3387 4240 3649 4296 eximium

2054 4325 2507 4394 quodadjieietur
2531 4328 2742 4385 sanctis
2766 4329 2899 4384 vita.
2935 4328 3189 4385 Christus
3223 4329 3389 4400 igitur
3441 4340 3525 4385 est
3559 4332 3651 4387 illa

2058 4418 2302 4475 cmlestis
2328 4430 2385 4475 et
2413 4435 2649 4490 superna
2674 4421 2959 4486 vestis,illa
2984 4421 3411 4493 ineorruptionis
3443 4423 3647 4490 tunica,

336 4523 370 4592 ἡ
403 4520 521 4583 τοῖς
551 4518 731 4589 ἁγίοις
754 4516 891 4589 ζωή.
924 4517 1170 4590 Χριστὸς
1207 4512 1302 4574 οῦν
1349 4518 1458 4592 ἀρα
1496 4518 1559 4572 τὸ
1590 4519 1649 4585 ἐξ
1691 4516 1945 4590 οὐρανοῦ,

2053 4528 2215 4582 quam
2248 4515 2297 4567 si
2329 4514 2452 4584 quis
2487 4515 2806 4585 sumpserit,
2841 4515 2988 4589 omni
3017 4523 3217 4569 ornatu
3277 4516 3650 4581 coronabitur,

335 4610 434 4664 καὶ
466 4606 674 4662 ἄνωθεν
696 4607 899 4679 ἄμφιον
929 4609 957 4661 6
993 4607 1092 4676 τῆς
1122 4607 1435 4681 ἀφθαρσίας
1468 4606 1660 4680 χιτὼν,
1697 4609 1757 4662 ὃν
1784 4607 1948 4672 εἴτις

334 4701 493 4757 λάϐοι
522 4680 1005 4773 στεφανωθήσεται
1040 4701 1234 4774 κόσμῳ
1260 4680 1445 4767 παντὶ,
1470 4701 1649 4775 νοητῷ
1680 4701 1955 4774 δηλονότι,

335 4796 432 4849 καὶ
455 4797 570 4859 τοῖς
596 4792 658 4860 ἐξ
685 4793 1064 4864 ἀγαθουργίας
1104 4794 1443 4866 αὐχήμασιν.
1477 4794 1676 4849 Ἔσται
1724 4796 1836 4867 γὰρ
1874 4795 1953 4859 ὡς

334 4889 596 4961 νυμφίος,
626 4889 704 4953 ὡς
730 4889 928 4961 μίτραν
960 4887 1347 4960 διεζωσμένος,
1392 4890 1486 4942 καὶ
1529 4889 1607 4953 ὡς
1634 4888 1824 4961 νύμφη
1862 4888 1956 4943 κός

336 4999 464 5054 σμῳ
496 4983 660 5036 παντὶ
692 4980 1095 5055 διαπρέπουσα.
1130 4981 1256 5035 Εἰσὶ
1298 4980 1430 5053 γὰρ,
1465 4982 1605 5035 είσίν
1633 4983 1681 5035 οἱ
1715 4984 1774 5035 ἐν
1818 4982 1957 5053 Χρι-

336 5075 451 5149 στῷ
505 5076 670 5130 δεινοὶ
729 5076 850 5147 μὲν,
889 5076 984 5130 καὶ
1015 5074 1410 5147 ἀλκιμώτατοι,
1457 5076 1596 5147 πρός
1635 5092 1701 5144 γε
1742 5074 1801 5129 τὸ
1844 5075 1954 5129 δεῖν

336 5165 688 5239 ἀνδρίζεσθαι
731 5164 960 5239 νοητῶς,
1013 5165 1458 5223 καταπλουτοῦσι
1513 5164 1571 5219 δὲ
1614 5165 1737 5221 λίαν
1768 5166 1863 5220 καὶ
1892 5165 1953 5220 τὸ

337 5259 617 5332 εὐπρεπὲς
667 5259 749 5322 είς
799 5259 949 5314 ἅπαν
978 5253 1120 5320 εἶδος
1160 5259 1382 5331 ἀρετῆς.
1448 5258 1697 5313 Ἐοίκασι
1748 5259 1806 5312 δὲ
1856 5258 1952 5311 καὶ

337 5351 584 5425 νύμφαις
629 5332 718 5406 διὰ
744 5352 804 5406 τὸ
836 5351 1179 5422 καρπογόνον
1222 5351 1363 5423 μετὰ
1405 5351 1500 5406 τοῦ
1529 5352 1776 5407 ποικίλον
1803 5351 1950 5424 ἔχειν

339 5444 417 5510 ὡς
464 5444 528 5498 ὲν
564 5442 780 5516 ἀρετῶν
834 5443 1156 5514 φαιδρότητι
1204 5443 1423 5508 κάλλος.
1485 5442 1631 5517 Ἔφη
1685 5444 1818 5513 γοῦν
1866 5459 1950 5507 τις

338 5536 450 5590 τῶν
491 5536 664 5606 ἀγίων
704 5534 1023 5608 προφητῶν,
1060 5536 1379 5608 ὲγκάρπους
1411 5535 1574 5601 ὄντας
1624 5536 1951 5600 ἀποδεικνὺς

339 5629 469 5694 τούς
493 5628 586 5683 τὸν
624 5629 800 5701 εὐαγῆ
834 5627 1239 5700 κατορθοῦντας
1271 5628 1409 5700 βίον·
1453 5648 1473 5680 ι
1521 5627 1614 5682 Διὸ
1643 5627 1735 5683 τὸν
1783 5625 1951 5699 φόϐον

414 5764 465 5840 δέ
499 5804 679 5862 Galat.
711 5821 763 5874 ν,
793 5806 883 5862 24.
963 5808 1009 5841 ⁸⁸
1040 5806 1198 5867 Rom.
1230 5824 1353 5874 xm,
1386 5808 1470 5864 Η.
1551 5810 1597 5842 ⁸⁸
1627 5809 1784 5866 Joan.
1821 5822 1876 5877 κ,
1908 5804 1997 5861 10.

2055 4605 2308 4661 videlicet
2331 4606 2422 4675 qui
2462 4607 2563 4663 sub
2603 4606 3018 4679 intelligentiam
3046 4606 3194 4662 cadit
3225 4614 3279 4661 et
3306 4607 3523 4663 virtutis
3562 4623 3655 4663 or-

2053 4697 2273 4752 nabitur
2298 4698 2753 4770 insignibusJErit
2780 4698 2925 4757 enim
2945 4708 3203 4771 tanquam
3226 4715 3458 4771 sponsus
3488 4702 3653 4757 mitra

2052 4791 2282 4860 cinctus,
2315 4800 2369 4847 et
2401 4799 2659 4863 tanquam
2690 4808 2893 4863 sponsa
2917 4795 3067 4849 omni
3117 4802 3317 4850 ornatu
3354 4792 3650 4850 excellens.

2053 4885 2225 4957 868
2272 4886 2414 4942 Sunt
2447 4888 2616 4955 enim,
2645 4900 2775 4945 sunt
2801 4889 3369 4960 Christianipotentes
3396 4898 3452 4944 et
3471 4886 3655 4944 fortis-

2054 4980 2201 5047 simi,
2228 4989 2285 5036 et
2316 4981 2642 5052 intelligibili
2663 4983 2861 5039 robore
2883 4982 3117 5054 praediti,
3139 4981 3398 5050 omnique
3454 4996 3656 5052 genere

2057 5070 2271 5128 decoris
2299 5088 2363 5130 ne
2396 5073 2615 5129 virtutis
2648 5084 2777 5129 sunt
2824 5074 3163 5144 locupletati.
3202 5072 3423 5129 Similes
3470 5081 3655 5130 autem

2056 5174 2179 5221 sunt
2204 5166 2371 5221 etiam
2410 5154 2627 5236 sponsis
2685 5176 2908 5238 propter
2957 5165 3463 5234 fecunditatem,eo
3510 5169 3655 5238 quod

2055 5258 2210 5315 vario
2247 5258 2537 5329 splendore
2592 5259 2857 5316 virtutum
2891 5260 3134 5316 decorati
3181 5260 3312 5316 sint.
3357 5259 3399 5315 E
3449 5261 3656 5317 sanctis

2056 5350 2222 5421 igitur
2247 5351 2528 5422 prophetis
2553 5351 2774 5422 quidam
2799 5351 2954 5420 dixit,
2986 5366 3109 5407 eum
3141 5352 3265 5409 illos
3285 5352 3376 5423 qui
3408 5361 3653 5409 sanctam

2059 5443 2229 5498 vitam
2262 5445 2558 5501 instituunt
2585 5445 2853 5503 fecundos
2883 5461 2948 5502 ac
2969 5444 3279 5503 fructuosos
3313 5461 3434 5502 esse
3463 5447 3657 5503 innue-

2057 5542 2180 5591 ret:
2236 5554 2256 5589 ι
2295 5537 2593 5605 Propterea
2639 5540 2888 5595 timorem
2931 5538 3031 5602 tui,
3089 5538 3338 5602 Domine,
3400 5537 3452 5592 in
3501 5544 3657 5592 utero

2060 5630 2436 5701 concepimus,
2465 5640 2518 5688 et
2541 5631 2952 5704 parturivimus,
2986 5638 3042 5688 et
3064 5631 3375 5702 peperimus
3404 5630 3656 5701 spiritum
