4140 6486
526 348 666 408 4367

1537 358 1596 409 Β.
1639 352 1914 408 CYRILLI
1955 352 2428 410 ALEXANDRl-Nl
2464 355 2783 411 ARCIIlEP.

3673 364 3814 422 i568

527 467 741 532 salutis,
763 483 922 538 quem
942 468 1133 524 dedisti
1167 485 1329 539 super
1355 477 1552 525 terram
1579 471 1645 523 ⁸⁷.
1676 491 1692 523 ι
1720 472 1907 543 Itaque
1938 475 2100 527 sancti

2216 491 2329 539 σου,
2355 474 2548 545 Κύριε,
2585 476 2640 526 ἐν
2669 476 2866 547 γαστρὶ
2885 474 3171 545 ἐλάϐομεν,
3197 476 3290 530 καὶ
3319 477 3682 548 ὡδινήσαμεν,
3717 482 3811 533 καὶ

528 561 876 628 comparandi
905 570 1031 615 sunt
1059 577 1255 630 sponso
1283 573 1338 617 et
1372 578 1604 633 sponsa),
1641 574 1861 633 propter
1900 565 2116 620 fortitu-

528 651 730 719 dinem,
759 662 813 706 et
844 662 1102 721 prmterea
1135 655 1204 709 ob
1238 654 1646 711 fecunditatem.
1729 655 1924 712 Verum
1987 659 2115 712 illud

526 744 752 798 observa
778 758 991 813 semper
1019 746 1120 800 hoc
1149 746 1253 801 illis
1299 749 1499 815 inesse,
1543 759 1605 803 ut
1639 759 1920 804 venustate
1945 760 1999 806 et
2020 752 2113 805 de-

525 851 651 889 core
676 837 910 903 quodam
940 837 1271 893 enitescant.
1310 840 1679 910 Servaturque
1718 842 1820 896 hoc
1862 842 1931 897 ab
1981 842 2111 905 illis,

529 937 640 980 tum
672 928 723 981 in
758 928 1277 996 edendislirmclaris
1316 931 1669 997 facinoribus,
1705 943 1815 987 tum
1843 935 2008 988 etiam
2058 933 2112 989 in

527 1020 745 1075 fortiter
778 1020 1113 1077 debellandis
1136 1022 1440 1079 all‘ectibus.
1476 1023 1629 1091 Quod
1666 1035 1846 1080 autem
1863 1027 2115 1096 gentibus

520 1113 1022 1185 Cliristojustitiam
1041 1124 1098 1171 et
1122 1117 1542 1171 exsultationem
1571 1118 1991 1183 elucente,velut
2013 1118 2112 1174 llo-

522 1205 633 1257 rida
650 1207 890 1275 quaedam
908 1208 1071 1262 herba
1090 1219 1311 1265 coronat
1327 1210 1532 1275 orbem,
1551 1213 1807 1278 ostendit,
1830 1213 2107 1283 inquiens:

524 1313 540 1344 ι
583 1295 644 1347 Et
693 1306 748 1349 ut
801 1308 940 1353 terra
982 1298 1189 1367 prol'ert
1238 1298 1423 1354 ﬂorem
1473 1316 1652 1369 suum,
1696 1311 1751 1356 et
1799 1310 1856 1355 ut
1922 1304 2111 1358 hortus

519 1389 726 1441 semina
759 1405 879 1453 sua,
906 1390 983 1444 sic
1006 1392 1315 1461 germinare
1341 1390 1506 1446 faciet
1544 1391 1806 1448 Dominus
1841 1394 2109 1463 justitiam

519 1486 573 1529 et
594 1478 1013 1534 exsultationem
1047 1481 1098 1534 in
1151 1490 1444 1551 conspectu
1493 1482 1736 1537 omnium
1774 1484 2038 1553 gentium.
2085 1505 2104 1538 ι

524 1572 748 1627 Videtur
799 1581 978 1627 autem
1016 1573 1105 1630 hic
1129 1575 1441 1643 germinans
1469 1575 1551 1629 vel
1604 1577 1860 1632 exoriens
1919 1593 2108 1634 semen

519 1679 583 1718 ac
607 1661 793 1717 ﬂorem
843 1679 1027 1719 coram
1059 1665 1311 1734 gentibus
1365 1665 1548 1721 dicere
1594 1666 1766 1736 ipsum
1820 1669 2106 1723 Dominum

519 1772 762 1817 nostrum
787 1761 973 1817 Jesum
993 1763 1294 1819 Christum.
1329 1762 1476 1817 Dixit
1499 1762 1757 1817 nimirum
1793 1762 1845 1817 in
1879 1762 2104 1818 Cantico

516 1852 900 1908 canticorum:
966 1872 986 1907 ‹
1044 1852 1156 1924 Ego
1232 1853 1333 1908 ﬂos
1402 1852 1599 1922 campi,
1668 1852 1840 1906 lilium
1882 1852 2104 1907 conval-

514 1945 645 2000 lium
663 1945 739 2012 ⁸⁸;
775 1964 795 1998 ι
818 1946 899 2001 vel
938 1946 1305 2017 evangelicam
1335 1954 1391 2001 et
1424 1945 1717 1999 salutarem
1759 1944 2105 2015 praedicatio-

516 2051 661 2103 nem,
684 2038 907 2107 ejusque
956 2036 1402 2105 justilicationem
1454 2035 1610 2107 legali
1640 2037 2098 2106 praemantiorem,

514 2144 677 2197 quam
702 2143 916 2199 semper
942 2129 1239 2184 comitatur
1267 2128 1543 2198 gaudium,
1567 2128 1616 2182 id
1642 2137 1745 2195 est,
1779 2129 2100 2185 exsultatio.

514 2220 618 2287 Qui
647 2219 790 2274 enim
822 2226 968 2274 recte
995 2234 1115 2273 eam
1145 2220 1550 2285 administrant,
1581 2220 1664 2274 his
1692 2234 1721 2272 a
1754 2218 1866 2275 Deo
1900 2221 2102 2277 tribue-

516 2320 606 2365 tur
664 2319 724 2363 nt
777 2311 1029 2365 diuturna
1073 2310 1349 2380 voluptate
1405 2312 1825 2382 perfunduntur.
1866 2312 2102 2368 Audient

513 2402 659 2458 enim
690 2402 931 2457 omnimn
961 2411 1204 2458 nostrum
1238 2402 1583 2459 Servatorem
1614 2403 1890 2459 Christum
1919 2405 2102 2460 dicen-

516 2503 622 2548 tem
658 2510 673 2549 :
705 2512 724 2546 ι
757 2494 923 2565 Euge,
951 2510 1108 2551 serve
1124 2496 1261 2552 boue
1294 2505 1349 2551 et
1378 2496 1572 2565 ﬁdelis,
1603 2497 1655 2552 in
1723 2512 1891 2568 pauca
1951 2497 2099 2551 fuisti

511 2586 706 2655 ﬁdelis,
734 2604 893 2659 supra
924 2589 1093 2644 multa
1110 2600 1160 2644 te
1192 2590 1545 2646 constituam.
1585 2591 1727 2646 Intra
1760 2591 1810 2644 in
1844 2590 2098 2662 gaudium

512 2680 724 2735 Domini
766 2682 839 2735 tui
869 2681 936 2737 ⁸⁸.
971 2702 988 2735 ι
1026 2683 1332 2740 Exsultatio
1379 2693 1584 2748 autem,
1609 2683 1872 2739 salutaris
1904 2685 2101 2753 prredio

508 2775 652 2829 catio
677 2774 784 2830 alio
815 2777 974 2832 modo
999 2786 1178 2846 potest
1228 2776 1478 2848 intelligi.
1548 2776 1656 2832 Lex
1708 2778 1851 2831 enim
1904 2778 2098 2831 vindex

505 2873 628 2921 erat
656 2874 709 2920 et
737 2866 893 2922 valde
918 2882 1132 2922 severa.
1185 2866 1242 2923 Si
1276 2867 1397 2937 quis
1418 2868 1565 2921 enim
1608 2867 1780 2936 legem
1810 2864 2099 2920 Mosaicam

505 2958 781 3024 violasset,
814 2959 934 3015 sine
966 2961 1340 3016 misericordia
1371 2959 1724 3017 suh‘duobus
1788 2970 1881 3011 aut
1928 2958 2101 3012 tribus

499 3052 737 3107 testibus
772 3053 1001 3109 moritur
1023 3053 1111 3109 π’.
1144 3053 1210 3109 At
1238 3054 1609 3121 evangelicum
1637 3050 1914 3107 oraculum
1948 3051 2100 3105 nobis

2222 566 2481 635 ἐτέκομεν
2538 565 2759 636 πνεῦμα
2806 565 3103 637 σωτηρίας,
3143 566 3172 620 ὃ
3211 569 3550 638 ἐποιήσαμεν
3587 569 3682 622 ἐπὶ
3711 569 3811 642 τῆς

2219 658 2338 728 γῆς.
2383 679 2399 709 ι
2431 659 2639 711 Οὐκοῦν
2669 658 2887 730 νυμφίῳ
2940 660 3033 713 καὶ
3059 659 3245 732 νύμφῃ
3269 662 3394 725 τοὺς
3415 663 3603 728 ἁγίους
3626 679 3812 732 παρει-

2219 746 2467 810 καστέον,
2508 748 2677 802 διάτοι
2726 750 2784 801 το
2819 749 3092 814 εὐσθενὲς,
3133 750 3227 803 καὶ
3270 752 3407 823 πρός
3437 770 3501 821 γε
3531 754 3706 824 τούτῳ
3750 754 3811 807 τὸ

2219 842 2593 910 καρπογόνον·
2638 841 2777 912 πλὴν
2812 844 2988 895 ἐκεῖνο
3018 844 3197 912 ἄθρει,
3241 845 3518 915 πανταχοῦ
3559 845 3668 917 γὰρ
3708 846 3808 898 αὑ-

2217 934 2329 994 τοῖς
2359 931 2533 985 ἔνεστι
2575 933 2645 985 τὰ
2673 933 2747 997 ὡς
2778 935 2835 985 ὲν
2877 934 3064 988 κάλλει
3106 934 3446 1005 διαπρέπειν.
3479 932 3716 998 Σώζεται
3752 933 3807 986 δὲ

2217 1023 2374 1076 τοῦτο
2397 1026 2529 1096 παρ’
2560 1026 2762 1091 αὐτοῖς,
2793 1027 2889 1078 καὶ
2920 1027 2977 1079 ἐν
3007 1026 3086 1097 τῷ
3110 1028 3474 1098 καρπογονεῖν
3496 1026 3564 1079 τὰ
3595 1025 3807 1097 ἐξαίρε-

2215 1133 2284 1168 τα
2306 1115 2411 1169 τῶν
2444 1116 2972 1188 ἀνδραγαθημάτων,
3020 1119 3115 1172 καὶ
3154 1119 3212 1171 ἐν
3242 1118 3319 1189 τῷ
3347 1116 3804 1191 κατ-ἀνδρίζεσθαι

2216 1206 2425 1261 παθῶν.
2461 1208 2583 1263 ’Ότι
2628 1209 2684 1261 δὲ
2712 1213 2822 1273 τοῖς
2859 1209 3065 1262 ἔθνεσιν
3110 1208 3518 1279 ἐπιλάμψαντος
3545 1208 3636 1262 τοῦ
3669 1210 3803 1281 Χρι-

2217 1300 2343 1354 στοῦ
2368 1301 2737 1372 δικαιοσύνην,
2764 1304 2860 1356 καὶ
2887 1302 3216 1373 ἁγαλλίαμα,
3253 1302 3503 1370 καθάπερ
3542 1318 3625 1364 τις
3648 1302 3801 1354 εὐαν-

2215 1391 2313 1463 θὴς
2336 1393 2442 1448 πόα
2472 1398 2729 1465 στεφανοί
2764 1396 2864 1467 τὴν
2914 1396 3006 1449 ὑπ’
3036 1394 3284 1467 οὐρανὸν,
3323 1392 3576 1458 διέδειξεν
3608 1393 3801 1447 εἰπών’

2221 1504 2239 1537 t
2300 1486 2386 1549 Ὠς
2409 1487 2511 1556 γῆν
2539 1486 2876 1551 αὐξάνουσαν
2903 1487 2964 1540 τὸ
3003 1487 3161 1552 ἄνθος
3190 1487 3384 1557 αὐτῆς,
3408 1486 3501 1540 καὶ
3526 1487 3601 1549 ὡς
3626 1485 3804 1555 κῆπον

2210 1578 2279 1631 τὰ
2312 1579 2606 1651 σπέρματα
2635 1578 2822 1645 αὐτοῦ,
2853 1579 3028 1643 οὕτως
3069 1579 3320 1633 ἀνατελεῖ
3358 1580 3566 1652 Κύριος
3594 1578 3803 1630 δικαιοί

2214 1669 2399 1741 σύνην,
2431 1671 2525 1723 καὶ
2563 1670 3131 1742 ἀγαλλίαμαέναντίον
3156 1673 3372 1743 πάντων
3410 1669 3519 1724 τῶν
3555 1670 3745 1724 ἐθνῶν.
3777 1690 3796 1722 ι

2214 1760 2399 1812 Ἐοικε
2432 1759 2488 1812 δὲ
2534 1759 2622 1814 διὰ
2667 1759 2873 1813 τούτων
2905 1759 2967 1813 τὸ
2998 1759 3239 1830 ἀνίσχον,
3283 1761 3450 1829 ἤγουν
3490 1758 3802 1822 ἀνατέλλον,

2209 1851 2431 1922 σπέρμα
2465 1868 2522 1904 τε
2549 1852 2643 1905 καὶ
2669 1852 2829 1914 ἄνθος
2868 1853 3110 1905 ἐναντίον
3148 1852 3256 1905 τῶν
3295 1851 3670 1915 ἐθνῶν,αὑτὸν
3711 1850 3804 1901 τὸν

2205 1944 2411 2017 Κύριον
2443 1944 2601 2016 ἡμῶν
2662 1943 2868 2015 Ἰησοῦν
2907 1943 2996 1997 τὸν
3033 1942 3275 2015 Χριστὸν
3314 1942 3628 2014 ὀνομάζειν.
3656 1943 3803 2011 Ἔφη

2205 2038 2315 2111 γὰρ
2338 2036 2487 2108 ἐντῷ
2511 2036 2751 2109 Ι’ᾼσματι
2782 2037 2889 2090 τῶν
2929 2037 3213 2108 ᾀσμάτων·
3262 2056 3280 2088 ι
3341 2034 3485 2105 Ἐγὼ
3508 2034 3670 2096 ἄνθος
3705 2031 3802 2086 τοῦ

2207 2130 2415 2193 πεδίου,
2449 2128 2649 2205 κρίνον.
2670 2127 2778 2182 τῶν
2810 2128 3075 2182 κοιλάδων
3097 2144 3110 2157 ·
3164 2146 3182 2179 ι
3237 2127 3406 2198 1ἤγουν
3432 2125 3494 2178 τὸ
3515 2122 3805 2192 εὐαγγελι-

2205 2223 2300 2277 κὸν
2341 2223 2432 2276 καὶ
2492 2223 2759 2293 σωτήριον
2804 2221 3089 2291 κήρυγμα,
3124 2218 3219 2273 καὶ
3258 2218 3355 2289 τὴν
3388 2217 3550 2271 αὐτοῦ
3581 2215 3806 2270 δικαίω-

2207 2332 2294 2368 σιν
2333 2314 2788 2386 προφερεστέραν
2839 2307 3005 2366 οὖσαν
3066 2313 3164 2382 τῆς
3226 2310 3369 2364 κατά
3415 2309 3505 2363 τὸν
3543 2309 3727 2378 νόμον,
3768 2307 3803 2377 η

2206 2405 2380 2476 πάντη
2408 2422 2469 2457 τε
2499 2405 2595 2464 καὶ
2637 2405 2856 2466 πάντως
2897 2401 2959 2457 τὸ
2996 2402 3208 2473 χαίρειν
3240 2398 3546 2463 ἀκολουθεῖ,
3590 2399 3617 2452 ὃ
3651 2398 3803 2449 ἐστιν

2206 2497 2541 2568 ἀγαλλίαμα.
2576 2495 2701 2558 Τοῖς
2730 2494 2839 2567 γὰρ
2875 2494 3014 2557 ὅλως
3067 2492 3491 2565 κατωρθωκόσιν
3535 2489 3706 2561 αὐτὴν
3743 2487 3805 2542 τὸ

2207 2595 2262 2646 ὲν
2287 2590 2577 2662 θυμηδίαις
2596 2583 2734 2641 εἶναι
2770 2589 3007 2659 μακραῖς
3042 2586 3416 2659 νεμηθήσεται
3449 2583 3602 2655 παρὰ
3640 2582 3800 2637 Θεοῦ.

2219 2684 2575 2739 Ἀκούσονται
2613 2682 2722 2753 γὰρ
2758 2682 3011 2749 λέγοντος
3047 2680 3141 2733 τοῦ
3172 2681 3392 2734 πάντων
3429 2678 3588 2751 ἡμῶν
3621 2678 3805 2748 Σωτῆ-

2207 2794 2299 2848 ρος
2342 2774 2602 2847 Χριστοῦ·
2633 2793 2649 2825 ι
2680 2769 2777 2838 Εὖ,
2802 2773 2956 2826 δοῦλε
2982 2772 3154 2842 ἀγαθέ
3191 2772 3285 2825 καὶ
3317 2771 3495 2834 πιστὲ,
3536 2770 3628 2823 ἐπὶ
3646 2770 3805 2838 ὀλίγα

2202 2864 2269 2939 ἧς
2303 2865 2513 2930 πιστὸς,
2552 2866 2644 2919 ἐπὶ
2689 2864 2900 2918 πολλῶν
2945 2880 3007 2916 σε
3042 2863 3389 2931 καταστήσω.
3444 2859 3672 2915 Εἴσελθε
3723 2863 3803 2924 είς

2203 2962 2301 3031 τὴν
2341 2958 2516 3030 χαρὰν
2545 2956 2637 3011 τοῦ
2677 2955 2879 3028 Κυρίου
2913 2973 3031 3010 asu'
3081 2974 3098 3005 ι
3153 2953 3470 3024 ἀγαλλίαμα
3506 2951 3562 3005 δὲ
3598 2951 3657 3004 τὸ
3694 2969 3803 3004 σω-

2204 3055 2392 3122 τήριον
2425 3051 2707 3121 κήρυγμα,
2745 3049 2841 3102 καὶ
2869 3047 2991 3101 καθ’
3030 3046 3219 3116 ἕτερον
3242 3045 3442 3117 τρόπον
3471 3044 3689 3116 νοηθείη
3712 3046 3798 3098 ἄν.

506 3144 665 3200 aﬂ'ert
694 3147 943 3213 vitam,et
967 3146 1311 3215 praemiorum
1336 3145 1803 3215 pollicitationem,
1840 3152 1893 3201 et
1915 3158 2096 3197 veram

2217 3147 2273 3198 Ὀ
2312 3144 2412 3216 μὲν
2447 3144 2555 3215 γὰρ
2601 3144 2762 3212 νόμος
2793 3138 2861 3212 ἧν
2903 3142 3193 3210 κολαστὴς,
3232 3140 3325 3192 καὶ
3373 3137 3509 3191 πολὺ
3539 3136 3600 3189 τὸ
3633 3153 3803 3205 κατη-

505 3255 656 3309 spem
686 3240 950 3295 bonorum
982 3253 1102 3310 quat
1135 3249 1392 3308 superant
1430 3238 1625 3293 mentis
1652 3247 1867 3306 captum
1924 3246 1976 3290 et
2006 3236 2091 3290 in-

507 3330 867 3401 telligentiam
897 3330 964 3384 ⁹⁰.

2206 3234 2302 3304 ερὲς
2344 3233 2481 3305 ἔχων
2506 3248 2518 3261 ⁸
2553 3231 2827 3302 ἀθετήσας
2862 3232 2970 3301 γάρ
3008 3248 3093 3293 τις
3141 3230 3307 3301 νόμον
3345 3228 3591 3290 Μωσέως
3632 3227 3802 3296 χωρὶς

2204 3325 2527 3397 οἰκτιρμῶν,
2571 3324 2665 3376 ἐπὶ
2692 3323 2841 3376 δυσὶν
2872 3322 2906 3392 ἢ
2951 3322 3099 3393 τρισὶ
3142 3322 3411 3392 μάρτυσιν
3436 3318 3797 3389 ἀποθνήσκει,

505 3424 649 3497 ζωὴν
678 3425 735 3479 δὲ
771 3426 866 3481 καὶ
913 3425 1092 3498 γερῶν
1132 3427 1447 3498 ὑπόσχεσιν,
1474 3429 1567 3481 καὶ
1601 3425 1860 3500 ἀληθινὴν
1904 3425 2095 3479 ἐλπίδα
2135 3424 2245 3477 τῶν
2272 3424 2411 3496 ὑπὲρ
2474 3422 2598 3478 νοῦν
2635 3420 2857 3492 ἀγαθῶν
2884 3419 2943 3473 τὸ
2972 3419 3326 3489 εὐαγγελικὸν
3358 3421 3487 3490 ἡμῖν
3551 3415 3800 3488 εἰσκομί-

507 3520 591 3585 ζει
625 3521 929 3594 θέσπισμα.

576 3617 705 3671 Car.
738 3615 901 3670 LXII.
934 3616 1096 3673 VEns.
1140 3621 1192 3674 ’5.
1236 3620 1455 3689 Propter
1515 3622 1647 3675 Sion
1698 3621 2022 3685 nonlacebo,
2050 3628 2096 3671 et

504 3716 717 3776 propter
742 3705 1042 3762 Jerusalem
1095 3726 1198 3764 non
1241 3712 1557 3781 relinquam,
1597 3713 1761 3765 donec
1796 3712 2101 3782 egrediatur

505 3799 638 3852 sicut
666 3796 983 3866 luxjustitia
1011 3809 1216 3866 mea,et
1238 3802 1471 3857 salutare
1510 3820 1680 3858 meum
1715 3806 1849 3857 sicut
1894 3805 2099 3872 lantpas

503 3888 730 3943 ardebit.
755 3887 824 3941 Et
855 3890 1096 3945 videbunt
1131 3902 1305 3962 gentes
1340 3894 1607 3964 justitiam
1636 3905 1806 3956 luant,
1850 3905 1898 3947 et
1956 3909 2099 3962 reges

504 3980 731 4050 gloriam
756 3981 925 4052 869
951 3994 1095 4036 tuam
1121 4000 1139 4038 :
1164 3996 1211 4038 et
1250 3986 1450 4055 vocabit
1478 3997 1524 4039 te
1550 4001 1733 4039 nomen
1757 4000 1943 4039 novum
1960 3983 2098 4052 quod

502 4072 762 4127 Dominus
796 4072 1085 4128 nominabit
1114 4074 1280 4142 illud;
1303 4076 1507 4147 erisque
1533 4093 1724 4131 corona
1746 4074 2101 4143 pulchritudi-

504 4164 586 4219 nis
616 4165 671 4217 in
697 4182 855 4219 manu
884 4165 1116 4235 Domini,
1148 4176 1197 4221 et
1233 4168 1481 4223 diadema
1514 4167 1659 4237 regni
1706 4169 1759 4220 in
1787 4183 1951 4220 manu
2006 4166 2098 4219 Dei

504 4258 603 4310 tui.
820 4264 823 4265 '

584 4350 713 4405 Sion
739 4362 895 4413 vocat
926 4352 1247 4418 Ecclesiam,
1275 4354 1426 4423 cujus
1460 4354 1716 4423 primitire
1768 4354 2096 4408 exstiterunt

2270 3616 2370 3669 Διά
2395 3616 2550 3668 Σιὼν
2572 3616 2644 3669 οὺ
2681 3614 3088 3685 σιωπήσομαι,
3126 3612 3226 3666 καὶ
3263 3612 3363 3665 διὰ
3411 3607 3801 3678 Ἰερουσαλὴμ

2198 3710 2307 3759 οὐκ
2340 3706 2569 3772 timido),
2602 3705 2712 3771 ἕως
2737 3707 2814 3759 ἂν
2855 3705 3073 3774 ἐξέλθῃ
3103 3706 3185 3771 ὡς
3215 3703 3341 3773 φῶς
3372 3706 3410 3773 ἡ
3437 3702 3799 3770 δικαιοσύνη

2176 3870 2179 3873 γ
2192 3816 2334 3867 μου,
2369 3799 2433 3851 τὸ
2463 3797 2531 3850 δὲ
2552 3797 2851 3867 σωτήριόν
2876 3817 2997 3868 μου
3024 3799 3104 3864 ὡς
3127 3799 3374 3868 λαμπὰς
3406 3796 3798 3865 καυθήσεται,

2199 3889 2298 3942 καὶ
2335 3889 2587 3957 ὄψονται
2617 3888 2762 3956 ἔθνη
2800 3888 2915 3958 τὴν
2934 3889 3343 3957 δικαιοσύνην
3372 3905 3511 3954 σου,
3545 3889 3643 3943 καὶ
3677 3890 3801 3954 ,βαρ-

2199 3981 2394 4047 σιλεῖς
2428 3980 2543 4049 τὴν
2574 3974 2765 4046 δόξαν
2794 3998 2933 4043 σου,
2969 3984 3067 4037 καὶ
3104 3982 3353 4037 καλέσει
3389 3998 3464 4037 σε
3511 3983 3576 4037 τὸ
3607 3982 3799 4053 ὄνομά

2199 4092 2316 4128 σου
2362 4073 2430 4127 τὸ
2493 4075 2727 4140 καινὸν,
2766 4073 2798 4127 ὃ
2824 4077 2856 4128 ὀ
2886 4074 3103 4143 Κύριος
3154 4074 3440 4143 ὀνομάσει
3479 4076 3648 4138 αὐτὸ,
3695 4076 3797 4130 καὶ

2196 4162 2311 4230 ἔσῃ
2338 4161 2651 4231 στέφανος
2674 4161 2945 4230 κάλλους
2978 4166 3048 4218 ἐν
3071 4166 3221 4234 χειρὶ
3249 4167 3495 4234 Κυρίου,
3530 4166 3625 4219 καί
3663 4165 3798 4221 διά·

2192 4253 2354 4323 ηδημα
2367 4255 2692 4321 βασιλείας
2712 4256 2782 4308 ἐν
2804 4256 2952 4328 χειρὶ
2975 4258 3124 4312 Θεοῦ
3155 4274 3292 4312 σου.

2267 4352 2409 4413 Σιὼν
2472 4355 2530 4406 ἐν
2576 4353 2787 4419 τούτοις
2849 4354 2948 4426 τὴν
3016 4355 3344 4426 Ἐκκλησίαν
3398 4356 3665 4411 ἀποκαλεῖ
3726 4352 3796 4430 ἦ;

503 4442 672 4499 etlilii
710 4446 1055 4516 primogeniti
1087 4446 1254 4501 divini
1287 4447 1559 4518 discipuli,
1612 4456 1667 4503 et.
1694 4448 1785 4517 qui
1822 4463 1915 4517 per
1951 4448 2094 4516 ipsos

2205 4446 2489 4513 γεγόνασιν
2538 4446 2631 4498 ἀπ’
2672 4446 2846 4517 ἀρχῆς
2891 4447 2986 4501 καὶ
3025 4448 3191 4501 τέκνα
3259 4448 3579 4520 πρωτόγονα
3622 4452 3673 4502 oi
3702 4450 3797 4505 θε-

503 4536 914 4605 adagnitionem
944 4538 1149 4594 Christi
1178 4540 1351 4595 voc:iti
1380 4551 1529 4608 sunt,
1552 4549 1605 4594 et
1634 4551 1761 4594 ante
1817 4540 1951 4595 alios
2003 4541 2093 4608 qui

500 4626 712 4681 oriundi
734 4636 861 4682 sunt
887 4643 954 4681 ex
988 4630 1253 4699 sanguine
1284 4630 1461 4685 Israel.
1504 4632 1745 4687 Servata:
1787 4641 1915 4686 sunt
1950 4632 2093 4685 enim

504 4718 766 4788 reliquias,
790 4729 847 4774 et
876 4721 1183 4790 complures
1207 4738 1271 4777 ex
1303 4724 1408 4779 illis
1435 4725 1526 4794 qui
1578 4725 1952 4779 crediderunt.
1990 4724 2094 4777 Ita—

500 4825 605 4880 que
635 4827 738 4866 non
770 4812 1096 4883 relinquam,
1125 4815 1315 4884 inquit,
1339 4815 1393 4870 id
1421 4825 1526 4880 est,
1549 4831 1654 4870 non
1685 4815 1964 4878 desistam,
1996 4817 2092 4867 do-

501 4916 599 4954 nec
626 4901 692 4956 ad
726 4900 886 4955 ﬁnem
923 4903 1228 4972 perduxero
1280 4920 1402 4974 qua:
1448 4904 1600 4959 Sioni
1650 4904 1924 4975 pollicitus
1952 4921 2094 4960 sum.

504 4994 757 5049 Promisit
786 5003 965 5051 autem
997 4997 1135 5052 Deus
1165 5007 1220 5052 et
1247 4997 1409 5054 Pater
1436 5000 1667 5054 salutem
1699 5014 1794 5068 per
1813 4998 2090 5054 Christum

463 5159 470 5168 .
498 5085 697 5144 Judzeis
721 5097 775 5142 et
803 5086 1323 5157 Graecis.Siquidem
1354 5108 1372 5142 ι
1403 5107 1545 5146 unus
1582 5092 1722 5145 Deus
1750 5100 1855 5157 est,
1878 5110 1898 5143 ι
1932 5092 2091 5145 sicuti

499 5179 701 5237 Paulus
736 5182 1177 5250 sapientissimus
1222 5183 1371 5251 dicit,
1407 5203 1425 5236 ι
1479 5184 1569 5253 qui
1606 5183 1930 5253 justilicabit
1977 5183 2088 5239 cir-

503 5270 892 5326 cumcisionem
951 5285 1015 5322 ex
1067 5270 1204 5333 nde,
1247 5282 1303 5326 et
1350 5274 1667 5343 praeputium
1706 5288 1804 5342 per
1854 5273 2033 5327 tidem.

497 5363 710 5423 Etenim
738 5376 842 5417 non
880 5363 1041 5416 modo
1072 5360 1380 5418 Judaeornm
1415 5364 1557 5418 Deus
1583 5372 1685 5431 est,
1724 5364 1817 5420 sed
1867 5374 1922 5421 et
1958 5382 2090 5436 gen-

487 5454 693 5509 tium“.
709 5454 927 5524 nltaque
950 5468 1057 5507 non
1081 5452 1404 5524 relinquam,
1430 5454 1624 5523 inquit,
1651 5457 1824 5512 donec
1840 5456 2090 5525 egredia-

502 5548 586 5596 tur
609 5542 752 5595 sicut
782 5539 1098 5609 luxjustitia
1123 5557 1268 5607 mea,
1316 5553 1370 5598 et
1423 5543 1661 5599 salutare.
1702 5560 1879 5599 meum
1952 5546 2093 5601 sicut

497 5630 702 5703 lampas
738 5635 971 5691 ardebit.
1005 5635 1220 5693 Justitia
1258 5647 1311 5693 et
1364 5637 1513 5693 salus
1581 5638 1833 5707 apparuit
1883 5646 1939 5691 et
1992 5638 2091 5692 fuit

569 5745 929 5820 “.l§"i-,’.‘“"
975 5752 1056 5807 ¹8ο
1164 5754 1211 5786 ³⁸
1245 5753 1402 5810 Cant.
1436 5770 1497 5820 tt,
1532 5755 1583 5810 1.

506 5825 586 5877 tu,
616 5814 707 5882 29,
743 5817 830 5871 50.

1695 5755 1738 5785 ’⁸
1776 5753 1966 5807 Matth.
2014 5755 2255 5826 xxv,2i.

2198 4533 2411 4587 σπέσιοι
2464 4534 2727 4605 μαθηταὶ,
2774 4536 2869 4590 καὶ
2901 4537 2949 4589 oi
2978 4536 3044 4588 δι’
3074 4536 3253 4590 αὐτῶν
3289 4537 3615 4608 κεκλημένοι
3656 4542 3796 4611 πρὸς

2196 4625 2492 4694 ἐπίγνωσιν
2532 4626 2626 4680 τοῦ
2653 4628 2912 4698 Χριστοῦ,
2946 4628 3042 4681 καὶ
3089 4628 3196 4698 πρό
3224 4644 3286 4696 γε
3312 4628 3421 4681 τῶν
3449 4629 3625 4683 ἄλλων
3655 4632 3704 4683 οἱ
3736 4633 3794 4697 ἐξ

2195 4719 2428 4787 αἵματος
2474 4718 2714 4790 Ἰσραήλ.
2751 4721 3026 4775 Σέσωσται
3057 4720 3168 4790 γὰρ
3197 4721 3257 4772 τὸ
3293 4722 3665 4792 κατάλειμμα,
3701 4726 3797 4777 καὶ

2196 4811 2438 4863 πλεῖστοι
2459 4810 2577 4865 λίαν
2597 4813 2646 4863 oi.
2683 4811 2777 4865 ἀπ’
2810 4810 2990 4865 αὐτῶν
3012 4811 3424 4876 πιστεύσαντες.
3452 4815 3661 4869 Οὐκοῦν
3693 4817 3797 4871 οὐκ

2194 4902 2402 4972 ἀνήσω,
2458 4903 2614 4971 φησὶ,
2659 4904 2958 4969 τουτέστιν,
2995 4903 3095 4957 οὐκ
3141 4903 3209 4957 ἂν
3254 4908 3671 4978 καταπαύσαιμι
3698 4906 3795 4963 τοῦ

2201 4993 2398 5065 χρῆναι
2436 4994 2571 5064 πρὸς
2618 4996 2795 5066 πέρας
2827 4994 3130 5062 ἐξενεγκεῖν
3185 4994 3327 5068 ἅπερ
3355 4999 3700 5070 ἐπήγγελμαι
3726 5002 3795 5073 τῇ

2200 5083 2361 5139 Σιών.
2404 5084 2700 5155 ’Υπέσχετο
2729 5086 2784 5138 δὲ
2824 5088 2853 5139 ὁ
2882 5085 3014 5148 Θεὸς
3072 5085 3166 5140 καὶ
3201 5088 3387 5159 Πατὴρ
3414 5091 3515 5161 τὴν
3549 5090 3635 5144 διὰ
3666 5092 3796 5162 Χρι-

2201 5176 2328 5231 στοῦ
2382 5177 2656 5248 σωτηρίαν
2719 5177 2990 5242 Ἰουδαίοις
3040 5196 3099 5232 τε
3151 5179 3243 5233 καὶ
3290 5180 3570 5253 Ἕλλησιν,
3634 5185 3795 5253 εἴπερ

2204 5289 2222 5321 ι
2264 5265 2358 5331 Εἷς
2406 5271 2434 5321 ὁ
2487 5269 2639 5333 Θεὸς.
2681 5289 2699 5321 ι
2730 5270 2874 5326 καθά
2924 5288 3087 5343 φησιν
3141 5274 3168 5326 ὀ
3222 5276 3497 5344 πάνσοφος
3556 5276 3790 5340 Παῦλος,

2204 5382 2221 5413 ι
2253 5360 2311 5423 ὃς
2337 5359 2618 5415 δικαιώσει
2656 5363 2960 5435 περιτομὴν
2999 5368 3063 5419 ἐκ
3119 5366 3377 5430 πίστεως,
3410 5367 3507 5420 καὶ
3545 5367 3790 5439 ἀκροϐυ-

2203 5451 2358 5505 στίαν
2390 5450 2481 5504 διὰ
2538 5453 2635 5523 τῆς
2671 5454 2931 5520 πίστεως.
2984 5459 3058 5512 Οὐ
3112 5460 3222 5529 γὰρ
3268 5458 3534 5513 Ἰουδαίων
3566 5459 3724 5531 μόνον
3762 5463 3819 5515 ὗν

2196 5542 2500 5609 Θεὸς,ἀλλά
2527 5544 2622 5598 καὶ
2646 5545 2864 5603 ὲθνῶν.ι
2895 5549 3104 5604 Οὐκοῦν
3126 5551 3229 5605 οὐκ
3245 5550 3448 5621 ἀνήσω,
3473 5552 3658 5622 φησὶν,
3682 5552 3789 5616 ἕως

2195 5635 2261 5689 ἂν
2291 5634 2481 5707 ἐξέλθῃ
2507 5635 2581 5699 ὡς
2611 5637 2726 5705 φῶς
2757 5640 2789 5710 ἡ
2819 5638 3133 5714 δικαιοσύνη
3176 5660 3297 5713 μου.
3331 5643 3403 5695 Τὸ
3427 5642 3483 5697 δὲ
3518 5643 3788 5716 σωτήριόν

2360 5753 2431 5786 u-
2463 5754 2624 5810 ιιριηι,
2665 5775 2721 5822 χ,
2760 5758 2846 5813 28.
2961 5763 3003 5793 ’°
3040 5760 3269 5830 Philipp.
3314 5776 3383 5827 tv,
3418 5762 3469 5815 7.
3544 5761 3588 5793 ⁹¹
3628 5761 3784 5816 “Gm-
