4140 6498
383 396 413 457 ἱ
426 398 536 456 569

1546 400 1613 457 ιΝ
1647 402 1882 459 lSAlAM
1923 406 2053 463 ιω,
2084 408 2147 464 γ.
2191 407 2427 465 TOML'S
2469 406 2531 463 γ.

3542 412 3680 470 1370

393 528 500 582 μου
541 510 619 574 ὡς
656 510 882 581 λαμπάς
921 510 1277 583 καυθήσεται.
1318 514 1646 588 Δικαιοσύνη
1681 534 1740 570 τε
1767 522 1860 573 καὶ
1894 536 1992 573 σω-

2097 523 2418 578 mortalibus
2445 522 2713 578 Christus.
2740 518 3169 577 Justillcatenim
3196 534 3465 591 etscrvat,
3484 528 3680 595 quippe
3746 543 3757 562 κ

388 605 584 675 τήριον
610 605 722 667 τοῖς
746 603 840 655 ἐπὶ
866 606 963 675 τῆς
988 605 1089 675 γῆς
1115 602 1269 675 ὤφθη
1293 623 1351 657 τε
1382 605 1475 659 καὶ
1504 608 1695 677 γέγονε
1728 611 1986 680 Χριστὸς,

387 695 597 747 δικαιοῖ
627 695 756 766 γάρ,
800 695 894 749 καλ¹
924 693 1108 762 σώζει,
1145 695 1261 765 φῶς
1290 697 1552 768 ὑπάρχων
1583 700 1745 764 αὐτὸς
1770 701 1831 754 τὸ
1861 702 1993 773 ἁλη-

391 784 565 849 θινδν,
586 785 680 838 καὶ
707 777 794 839 οἷά
824 803 908 848 τις
938 786 997 839 ὲν
1034 786 1210 857 σκότῳ
1246 786 1488 858 λαμπάς.
1539 790 1683 862 Ἔφη
1719 791 1851 860 γοῦν
1889 795 1993 846 αὑ..

392 878 504 943 τὸς,
545 878 628 932 ὅτι
657 896 675 929 t
717 878 884 931 Ὅταν
917 871 961 931 ὦ
988 878 1045 931 ὲν
1072 878 1147 949 τῷ
1192 878 1403 951 κόσμῳ,
1432 880 1548 951 φῶς
1585 885 1701 954 εἰμι
1747 883 1843 937 τοῦ
1896 886 1989 938 κό-

395 988 560 1041 σμου.
631 988 650 1022 ι
711 969 898 1040 Ἀχλύῖ
954 971 1054 1041 μὲν
1116 971 1226 1043 γὰρ
1290 972 1385 1025 καὶ
1463 974 1640 1045 σκότῳ
1689 974 1756 1028 τά
1811 976 1993 1031 πάντα

393 1062 750 1133 κατείληπτο,
813 1063 914 1126 τὰς
960 1064 1216 1117 ἁπάντων
1289 1064 1520 1135 καρδίας
1584 1066 1678 1119 τοῦ
1743 1067 1991 1122 διαϐόλου

392 1154 910 1224 καταμελαίνοντος,
940 1156 1035 1209 καὶ
1071 1156 1246 1219 οὐδεὶς
1266 1152 1334 1227 ἦν
1363 1158 1392 1210 6
1423 1157 1594 1211 ποιῶν
1621 1159 1990 1232 χρηστότητα,

395 1244 495 1298 καὶ
553 1244 905 1317 δικαιοσύνην
958 1244 1134 1310 εἰδὼς,
1186 1247 1356 1318 ἤγουν
1397 1247 1498 1318 τὴν
1532 1249 1853 1318 ἀπάγουσαν
1891 1249 1989 1323 (al.

393 1333 736 1406 ἐπάγουσαν]
766 1335 860 1388 ἐπὶ
898 1333 962 1388 τὸ
1006 1334 1275 1399 σώζεσθαι
1317 1337 1519 1409 τρίϐον.
1574 1338 1713 1392 Ἀλλ’
1765 1340 1889 1393 οὐδὲ
1922 1336 1992 1411 ἦν

392 1428 424 1477 6
454 1425 570 1494 φῶς
601 1424 747 1494 ἔχων
785 1426 847 1478 τὸ
876 1426 1019 1480 θεῖον
1051 1427 1130 1491 εἰς
1162 1428 1307 1496 νοῦν,
1342 1429 1437 1482 καὶ
1464 1432 1578 1494 τοῖς
1621 1431 1720 1501 τῆς
1752 1432 1994 1497 διανοίας

393 1519 610 1589 ὄμμασι
640 1512 987 1591 κατ-ἀθρῆσαι
1011 1520 1330 1591 δυνάμενος,
1370 1522 1456 1587 τίς
1489 1526 1518 1577 6
1546 1523 1707 1594 φύσει
1744 1526 1836 1580 καὶ
1862 1525 1994 1598 ἀλη-

394 1610 511 1674 θῶς
539 1613 655 1664 ἐστι
695 1612 849 1678 Θεὸς,
878 1613 975 1666 καὶ
998 1612 1109 1666 τῶν
1133 1614 1269 1669 ὅλων
1297 1616 1701 1686 γενεσιουργὸς,
1742 1617 1839 1671 καὶ
1880 1618 1995 1672 Κύ-

396 1719 537 1773 ριοςο
566 1704 691 1757 ἐπεὶ
714 1704 771 1758 δὲ
793 1705 871 1769 ὡς
897 1705 1013 1775 φῶς
1028 1706 1243 1777 ἀνέσχε,
1280 1708 1373 1760 καὶ
1404 1708 1481 1771 ὡς
1509 1708 1731 1779 λαμπὰς
1753 1710 1993 1783 ἀνέλαμο

390 1796 497 1866 ψεν
521 1798 551 1851 ό
579 1797 793 1871 Σωτὴρ,
820 1798 1202 1869 κατεφωτίσθη
1236 1800 1422 1854 λοιπὸν
1446 1803 1480 1873 ἡ
1504 1802 1595 1855 ὑπ’
1615 1803 1866 1875 οὐρανὸν,
1899 1807 1995 1858 καὶ

391 1889 495 1962 τὴν
525 1889 626 1960 τῆς
663 1892 729 1945 δι’
757 1890 924 1946 αὐτοῦ
957 1892 1236 1964 σωτηρίας
1269 1893 1579 1965 τεθεάμεθα
1620 1895 1828 1967 τρίϐον.
1863 1892 1996 1949 Εἶτα

392 1983 537 2054 πρὸς
569 1982 668 2055 τὴν
693 1984 1020 2057 Ἐκκλησίαν
1054 1988 1189 2058 φησὶ
1228 1988 1329 2059 τὴν
1358 1989 1466 2042 ἀπό
1496 2005 1561 2057 γε
1587 1990 1686 2059 τῆς
1720 1988 1995 2043 Ἰουδαίων

389 2073 620 2147 ἀγέλης,
670 2077 761 2129 καὶ
783 2077 857 2140 ὡς
880 2076 1034 2132 οῦπω
1068 2082 1167 2150 τῆς
1196 2078 1306 2132 τῶν
1333 2079 1506 2134 ἐθνῶν
1540 2081 1784 2152 πληθύος
1828 2098 1993 2135 σεσα-

390 2183 565 2237 γηνευ
575 2170 760 2240 μένης,
795 2171 878 2223 ὅτι
900 2190 916 2223 t
950 2172 1213 2240 Ὄψονται
1232 2172 1359 2243 ἔθνη
1376 2174 1475 2243 τὴν
1504 2172 1852 2245 δικαιοσύνην
1874 2191 1991 2239 σου,

391 2265 492 2318 καὶ
522 2264 763 2335 βασιλεῖς
780 2267 881 2339 τὴν
898 2268 1057 2334 δόξαν
1086 2286 1203 2322 σου.
1233 2286 1251 2319 ι
1280 2268 1641 2339 Δικαιοσύνην
1674 2269 1731 2321 δὲ
1752 2269 1914 2323 πάλιν
1937 2271 1995 2323 ὲν

389 2358 628 2425 τούτοις,
683 2361 779 2415 καὶ
819 2360 923 2432 μέν
953 2379 1037 2418 τοι
1082 2362 1179 2416 καὶ
1216 2361 1395 2429 δόξαν,
1441 2362 1594 2416 οὐδὲν
1628 2362 1818 2434 ἓτερον
1851 2357 1995 2416 εἶναι

394 2468 534 2522 φησι
589 2452 726 2524 πλὴν
754 2454 835 2507 ὅτι
855 2454 947 2508 τὸν
967 2454 1173 2525 Κύριον
1196 2455 1355 2527 ἡμῶν
1390 2454 1597 2527 Ἰησοῦν
1620 2455 1713 2510 τὸν
1733 2456 1988 2530 Χριστόν.

390 2543 805 2615 Δεδικαιώμεθα
832 2545 942 2617 γάρ
977 2547 1033 2601 ὲν
1064 2545 1235 2616 αὐτῷ,
1269 2548 1365 2601 καὶ
1401 2548 1502 2619 τὴν
1534 2549 1662 2619 παρ’
1698 2548 1865 2602 αὑτοῦ
1895 2565 1995 2601 πε-

392 2637 787 2708 πλουτήκαμεν
833 2638 1013 2703 δόξαν.
1037 2638 1214 2692 Αὑτοῦ
1239 2638 1349 2710 γὰρ
1378 2638 1707 2710 γεγόναμεν,
1741 2640 1837 2693 καὶ
1859 2639 1996 2709 κλῆ-

391 2746 492 2801 ρος
546 2730 710 2783 αὐτοῦ
758 2730 1193 2802 χρηματίζομεν.
1241 2730 1569 2801 Τετάγμεθα
1612 2730 1669 2784 δὲ
1744 2730 1838 2784 καὶ
1888 2732 1996 2786 ὑπὸ

389 2820 540 2889 ζυγά
574 2822 671 2874 καὶ
701 2822 976 2893 σκῆπτρα,
1010 2821 1109 2893 τὴν
1132 2820 1227 2877 τοῦ
1257 2820 1378 2875 καθ’
1412 2822 1573 2892 ἡμῶν
1622 2824 1993 2895 τυραννήσαν-

387 2930 487 2976 τος
514 2912 828 2979 πλεονεξίαν
858 2913 1253 2985 ἀπονιψάμενοι
1277 2932 1290 2945 ·
1321 2914 1403 2966 ὅτι
1437 2914 1495 2966 δὲ
1520 2914 1622 2983 τῆς
1653 2915 1799 2968 κατά
1827 2916 1994 2986 νόμον

386 3005 652 3076 λατρείας
681 3007 1121 3076 ἀποφοιτὴσασα,
1147 3006 1243 3059 καὶ
1289 3000 1402 3059 οἷον
1432 3005 1818 3076 μεταϐαλοῦσα
1859 3008 1996 3079 πρὸς

387 3097 691 3169 καινότητα
725 3100 871 3170 ζωῆς
915 3099 1299 3170 εὑαγγελικῆς,
1328 3100 1423 3152 καὶ
1451 3098 1549 3170 τὴν
1593 3099 1830 3171 ἀρχαίαν
1861 3099 1996 3170 κλῆ-

2097 616 2184 671 lux
2213 632 2335 669 vera
2374 631 2499 669 cum
2536 616 2604 669 sit
2629 615 2762 683 ipse,
2797 624 2849 669 et
2879 629 2975 668 ceu
3002 614 3207 683 lampas
3234 617 3497 685 qua'piam
3528 619 3578 670 iu
3604 631 3680 671 tc-

2096 709 2301 764 t-zebris.
2347 708 2622 777 Siquidem
2672 708 2787 776 ipse
2844 706 2981 762 dixit
3018 724 3031 760 :
3080 726 3099 759 ‹
3140 706 3445 774 Quandoin
3480 709 3681 765 mundo

2094 820 2236 867 sum,
2267 802 2353 854 lux
2379 816 2497 856 sum
2531 799 2799 855 tnundi”.
2844 818 2863 851 ›
2898 799 3142 870 Caligiue
3184 817 3417 871 namque
3448 811 3499 856 ct
3531 813 3681 858 tene-

2092 894 2207 948 bris
2234 894 2414 948 omnia
2437 893 2830 961 comprehensa
2863 904 3039 956 erant,
3100 893 3315 947 diabolo
3364 899 3528 948 corda
3564 911 3678 950 om-

2095 989 2242 1039 nium
2274 985 2592 1042 oll‘uscante.
2618 984 2787 1039 Nemo
2812 996 2929 1040 erat
2996 987 3085 1056 qui
3134 986 3337 1040 faceret
3371 987 3597 1052 bonum,
3629 1000 3683 1043 et

2088 1077 2353 1147 justitiam
2381 1086 2579 1143 nosset,
2614 1084 2706 1130 aut
2730 1077 2872 1129 viam
2901 1092 3019 1145 quae
3041 1077 3188 1131 ducit
3209 1078 3273 1130 ad
3301 1078 3550 1143 salutem;
3583 1080 3679 1134 sed

2095 1185 2195 1224 nec
2227 1169 2512 1238 quisquam
2553 1179 2668 1224 erat
2696 1173 2787 1239 qui
2817 1170 3057 1223 divinam
3082 1169 3257 1225 lucem
3286 1173 3340 1225 in
3375 1181 3553 1225 mente
3580 1172 3681 1225 ha-

2096 1261 2269 1325 beret,
2298 1271 2353 1314 et
2393 1261 2485 1330 qui
2518 1269 2701 1330 posset
2750 1261 2916 1315 animi
2949 1260 3120 1317 oculis
3175 1261 3381 1327 videre,
3432 1262 3681 1330 quisnam

2093 1353 2270 1406 sitille
2300 1363 2490 1407 natura
2521 1361 2575 1407 et
2596 1368 2719 1407 vere
2741 1353 2904 1417 Deus,
2935 1362 2987 1407 et
3007 1354 3382 1409 universorum
3425 1352 3686 1408 Conditor

2094 1443 2443 1518 ctDominus.
2471 1441 2765 1511 Postquam
2802 1432 2931 1498 vero
2972 1443 3234 1498 Servator
3256 1459 3353 1497 ceu
3404 1443 3490 1497 lux
3523 1458 3686 1499 exor-

2095 1547 2179 1589 tus
2199 1545 2302 1601 est,
2334 1544 2388 1589 et
2413 1550 2512 1589 ceu
2544 1534 2756 1604 lampas
2787 1534 3254 1605 illuxit,ﬁdeinceps
3284 1533 3583 1589 illustratus
3604 1548 3687 1588 εει

2094 1628 2243 1685 orbis
2277 1637 2566 1692 terrarum,
2588 1635 2643 1681 et
2673 1627 2867 1682 salutis
2896 1627 3038 1680 viam
3061 1642 3159 1692 per
3187 1628 3363 1697 ipsum
3388 1627 3565 1681 intuiti
3596 1642 3688 1680 su-

2096 1711 2257 1778 mus.”
2288 1720 2491 1775 Deinde
2559 1719 2851 1790 alloquitur
2908 1718 3206 1775 Ecclesiam
3252 1734 3319 1774 ex
3377 1719 3686 1774 Iudaeorum

2096 1830 2277 1886 grege,
2304 1813 2695 1883 periudequasi
2756 1812 2995 1868 nondum
3040 1812 3251 1866 irretita
3300 1819 3446 1867 esset
3494 1812 3683 1864 multi-

2100 1909 2227 1962 tudo
2250 1906 2526 1978 gentium,
2551 1925 2571 1958 σ
2609 1906 2873 1960 Videbunt
2909 1915 3099 1974 gentes
3138 1903 3405 1973 justitiam
3431 1911 3602 1967 tuam,
3632 1914 3688 1956 et

2100 2013 2256 2068 reges
2289 1996 2515 2067 gloriam
2543 2006 2710 2050 tuam.
2755 2014 2772 2047 ι
2801 1994 3073 2050 Justitiam
3103 2009 3291 2049 rursus
3351 2004 3407 2048 et
3457 1993 3687 2063 gloriam

2097 2090 2185 2145 hic
2216 2090 2359 2144 aliud
2391 2089 2522 2143 nihil
2548 2104 2668 2144 esse
2721 2088 2875 2154 dicit,
2951 2096 3310 2158 praeterquam
3397 2087 3685 2141 Dominum

2099 2190 2343 2235 nostrum
2370 2177 2551 2234 Jesum
2576 2179 2870 2234 Christum.
2932 2176 2989 2233 In
3049 2179 3166 2248 ipso
3217 2178 3361 2232 enim
3404 2177 3689 2247 justiticati

2096 2286 2308 2337 sumus,
2337 2278 2392 2325 et
2413 2270 2584 2339 gloria
2616 2272 2684 2326 ab
2716 2271 2833 2340 ipso
2860 2270 3015 2325 ditati
3035 2285 3245 2325 sumus.
3267 2270 3441 2340 Ipsius
3461 2284 3694 2338 namque

2097 2379 2307 2428 sumus,
2333 2370 2388 2417 et
2425 2376 2546 2417 sors
2570 2361 2688 2430 ejus
2717 2378 3115 2432 nuncupamur.
3136 2361 3307 2433 Ipsius
3334 2362 3464 2433 jugo
3492 2371 3546 2416 et
3571 2376 3687 2416 sce-

2095 2464 2217 2526 ptro
2246 2454 2551 2525 paruimus,
2610 2454 2863 2509 abdicato
2898 2453 3131 2508 violento
3157 2453 3276 2523 ejus
3337 2453 3565 2523 imperio
3601 2453 3691 2521 qui

2097 2547 2151 2603 in
2183 2564 2282 2603 uos
2310 2549 2648 2619 tyrannidem
2700 2548 2965 2603 exercuit.
3023 2547 3175 2614 Quod
3237 2555 3416 2601 autem
3473 2562 3501 2598 a
3556 2545 3693 2616 legis

2096 2641 2242 2696 cultu
2267 2641 2547 2707 recedens,
2576 2648 2631 2694 et
2678 2638 2825 2694 velut
2876 2638 2942 2692 ad
3001 2638 3297 2707 novitatem
3359 2637 3529 2707 87o
3560 2637 3684 2690 vitae

2096 2734 2420 2805 evangelicae
2451 2741 2837 2797 transmutata,
2862 2741 3102 2785 veterem
3134 2729 3294 2784 simul
3344 2729 3565 2797 abjiciet
3596 2744 3692 2783 vo-

2097 2830 2392 2894 cationem,
2417 2836 2472 2881 et
2493 2841 2633 2882 novo
2663 2824 2920 2893 deinceps
2962 2821 3408 2878 denominabitur
3452 2822 3690 2883 nomine.

2098 2922 2366 2977 arbitratu
2400 2928 2454 2975 et
2484 2919 2767 2974 voluntate
2801 2916 2894 2970 Dei
2932 2916 3177 2971 omnium
3205 2913 3465 2983 supremi,
3509 2921 3694 2967 osten-

2099 3015 2195 3078 dit,
2230 3014 2454 3068 dicens:
2496 3031 2514 3064 ι
2550 3010 2844 3067 Vocabitur
2890 3009 2985 3063 tibi
3038 3022 3231 3063 nomen
3270 3022 3489 3073 novum,
3549 3004 3694 3074 quod

2100 3107 2361 3162 Dominus
2391 3105 2707 3160 nominabit.
2770 3123 2788 3155 ι
2842 3102 2957 3157 Non
3012 3102 3158 3156 enim
3206 3100 3346 3155 ultra
3411 3099 3554 3153 dicta
3603 3106 3692 3152 est
3761 3082 3769 3095 ’

386 3204 482 3240 σιν
522 3186 911 3255 συναποὸαλεῖ,
969 3189 1501 3261 μετονομασθήσεται
1548 3190 1606 3243 δὲ
1652 3191 1841 3245 λοιπὸν
1876 3192 1993 3244 ὀνό-

2103 3202 2412 3270 Synaguga,
2439 3198 2532 3251 sed
2565 3195 2807 3250 Ecclesia
2836 3193 2935 3248 Dei
2974 3192 3231 3257 viventis,
3283 3190 3476 3245 civitas
3504 3203 3566 3241 ac
3592 3188 3693 3243 do-

390 3295 530 3348 ματι
562 3279 755 3351 καινῷ,
802 3280 945 3335 κατά
972 3281 1033 3334 τὸ
1080 3282 1273 3336 δοκοῦν
1326 3282 1407 3353 τῷ
1447 3282 1543 3335 ἐπὶ
1598 3283 1808 3356 πάντας
1853 3283 1993 3354 Θεῷ,

384 3371 722 3425 διαδείκνυσι
757 3374 965 3443 λέγων’
1011 3393 1029 3424 ι
1062 3374 1300 3427 Καλέσει
1330 3373 1393 3427 τὸ
1427 3373 1601 3444 ὄνομά
1631 3391 1725 3429 σου
1760 3375 1821 3431 τὸ
1868 3393 1994 3430 και-

386 3466 503 3529 νὸν,
527 3465 556 3519 ὃ
587 3466 616 3518 ὁ
645 3465 851 3535 Κύριος
877 3464 1135 3536 ὀνομάσει
1156 3463 1306 3516 αὐτό·
1331 3482 1351 3516 ι
1380 3464 1643 3536 κέκληται
1671 3465 1781 3538 γάρ
1808 3467 1994 3520 οὐκέτι

389 3557 689 3628 συναγωγὴ
716 3557 936 3628 μᾶλλον,
977 3556 1092 3610 ἀλλ’
1129 3555 1428 3625 Ἐκκλησία
1470 3556 1606 3610 Θεοῦ
1646 3556 1870 3623 ζῶντος,
1906 3559 1995 3612 πό-

391 3650 481 3714 λις
507 3667 566 3702 τε
600 3651 697 3703 καὶ
736 3645 885 3713 οἶκος
908 3649 1098 3705 αὑτοῦ.
1129 3649 1511 3721 Διαμέμνηται
1539 3651 1649 3723 γὰρ
1679 3652 1851 3724 αὐτῆς
1901 3655 1994 3707 καὶ

385 3745 419 3798 6
449 3743 737 3805 θεσπέσιος
764 3742 945 3809 Δαῦὶδ,
967 3740 1109 3795 οὕτω
1137 3742 1315 3810 λέγων
1337 3759 1350 3772 '
1390 3760 1410 3794 ι
1459 3742 1836 3815 Δεδοξασμένα
1872 3744 1995 3797 ὲλα-

385 3835 530 3908 λήθη
563 3833 692 3905 περὶ
722 3833 817 3887 σοῦ
851 3836 884 3905 ἡ
916 3833 1070 3897 πόλις
1103 3834 1199 3886 τοῦ
1222 3834 1378 3888 Θεοῦ.
1422 3854 1440 3887 ι
1471 3836 1667 3888 Ἔσται
1698 3836 1753 3889 δὲ
1788 3838 1873 3890 ὅτι
1901 3838 1996 3891 καὶ

386 3926 676 3999 εὐπρεπὴς
717 3927 877 3995 ἄγαν,
911 3927 1006 3980 καὶ
1044 3927 1425 3998 ἀπαραὸλήτῳ
1465 3929 1652 3982 κάλλει
1700 3947 1997 4001 κατεστεμ-

392 4020 537 4092 μένη
565 4061 580 4086 ,
604 4020 847 4074 διδάσκει
872 4019 1050 4088 λέγων
1070 4036 1084 4051 ⁸
1127 4038 1145 4071 ί
1180 4021 1318 4093 "Ean
1350 4022 1617 4091 στέφανος
1656 4023 1887 4086 κάλλους
1937 4026 1995 4076 ἐν

387 4112 538 4184 χειρὶ
570 4111 798 4183 Κυρίου,
830 4111 925 4165 καὶ
971 4110 1210 4180 διάδημα
1245 4110 1528 4180 βασιλείας
1583 4114 1644 4164 ἐν
1682 4112 1826 4183 χειρὶ
1856 4111 1993 4165 Θεοῦ

390 4219 508 4258 σου.
544 4224 563 4255 ι
605 4203 876 4274 Ἐκάστην
897 4202 1004 4276 γάρ
1028 4201 1191 4269 ἁγίαν
1214 4201 1414 4273 ψυχὴν,
1445 4202 1539 4254 καὶ
1562 4202 1868 4274 συλλήϐδην
1896 4201 1994 4275 τὴν

401 4296 753 4368 Ἐκκλησίαν,
818 4295 1083 4360 τουτέστι,
1143 4295 1214 4346 τὰ
1269 4294 1379 4347 τῶν
1422 4294 1594 4363 ἁγίων
1630 4295 1992 4366 συστήματα,

389 4390 646 4459 στεφάνῳ
677 4387 1077 4459 παρεικαστέον
1100 4389 1173 4456 Δἐκ
1211 4386 1421 4439 πολλῶν
1457 4385 1665 4441 ἀνθέων
1717 4388 1993 4441 συντεθει-

392 4482 561 4553 μένῳ,
614 4482 783 4553 ἧγουν
839 4479 1129 4549 διαδήματι
1181 4477 1468 4550 βασιλικῷ,
1525 4477 1692 4542 λίθοις
1750 4480 1995 4544 Ἰνδικοῖς

2101 3306 2222 3345 mus
2249 3291 2387 3359 ejus.
2438 3286 2605 3355 Cujus
2650 3286 2898 3341 meminit
2941 3284 3104 3339 etiam
3167 3283 3381 3338 divinus
3417 3280 3586 3335 David
3639 3281 3734 3334 in'

2098 3383 2238 3436 hanc
2262 3379 2591 3435 sententiam
2635 3394 2647 3431 :
2677 3396 2695 3428 (
2732 3377 2975 3432 Gloriosa
3007 3377 3151 3431 dicta
3189 3384 3315 3431 sunt
3345 3375 3412 3428 de
3447 3384 3518 3438 te,
3561 3374 3697 3427 civi—

2098 3483 2180 3527 tas
2207 3472 2297 3526 Dei
2337 3471 2405 3525 ’³.
2446 3488 2465 3522 ι
2493 3469 2633 3523 Fore
2666 3482 2881 3538 quoque
2919 3467 3060 3521 illam
3104 3467 3264 3521 valde
3292 3465 3598 3537 speciosam
3643 3474 3699 3518 ct

2097 3563 2508 3634 iucowparahili
2572 3563 2746 3632 gloria
2804 3572 3122 3617 coronatam
3182 3559 3692 3628 dorct,iuquicus:

2105 3674 2122 3707 ‹
2158 3656 2280 3711 Elis
2312 3671 2516 3711 corona
2577 3652 3001 3724 pulchritudinis
3053 3652 3103 3706 in
3169 3668 3331 3705 manu
3381 3649 3698 3714 Domini,et

2097 3748 2343 3802 diadema
2361 3746 2508 3818 regni
2530 3746 2582 3800 iu
2605 3762 2763 3799 manu
2789 3745 2881 3800 Dei
2912 3745 3043 3798 ιιιῑ.»
3077 3743 3524 3813 Uuamquamque
3552 3742 3696 3794 enim

2098 3841 2337 3896 animam
2368 3849 2636 3907 sanctam,
2666 3847 2719 3892 et
2751 3838 3060 3892 universam
3123 3837 3348 3892 omnino
3379 3835 3693 3896 Ecclesium,
3724 3872 3733 3875 -

2100 3933 2150 3987 id
2174 3943 2276 3997 est,
2304 3935 2614 3986 sanctorum
2640 3940 2864 3995 emtum,
2912 3944 3126 3983 corona:-
3152 3944 3405 3995 compara
3420 3943 3475 3981 re
3547 3927 3694 3990 licet,

2097 4038 2163 4076 ex
2197 4020 2383 4075 multis
2402 4017 2659 4083 ﬂosculis,
2700 4017 3034 4085 compositae,
3065 4016 3150 4069 vel
3203 4017 3351 4085 regio
3399 4017 3695 4069 diademati

2097 4110 2367 4180 lapidibus
2423 4109 2627 4164 Iudicis
2706 4108 2971 4177 fulgenti,
3037 4117 3091 4163 et
3155 4110 3299 4177 quod
3348 4107 3695 4176 multiplicem

2098 4202 2258 4256 habet
2288 4209 2342 4255 et
2373 4200 2578 4253 variam
2636 4197 2988 4265 elegantiam.
3049 4196 3302 4252 Plurima:
3358 4207 3486 4253 sunt
3531 4200 3695 4253 etiam

2098 4302 2411 4348 sanctorum
2448 4291 2680 4361 egregias
2708 4290 2961 4355 virtutes,
2992 4299 3048 4343 et
3075 4305 3179 4345 non
3220 4305 3385 4343 unum
3416 4298 3498 4343 cst
3530 4305 3696 4342 orna-

2097 4395 2403 4440 mentorum
2442 4399 2635 4454 genus,
2656 4383 2753 4437 sed
2788 4382 3069 4451 multiplex
3100 4392 3155 4435 et
3185 4381 3696 4450 diversmn.,Siqui-

2096 4478 2218 4533 dem
2257 4485 2311 4532 et
2341 4478 2557 4531 divinus
2607 4474 2777 4529 David
2806 4474 3105 4529 Ecclesium
3138 4473 3338 4529 Christi
3409 4476 3463 4527 in
3493 4475 3694 4527 vestitu

390 4574 752 4644 ἑκλάμποντι,
806 4572 903 4625 καὶ
952 4569 1246 4633 πολυειδῶς
1299 4570 1477 4641 ἔχοντι
1536 4571 1598 4623 τὸ
1652 4570 1977 4642 διαπρεπές*

2097 4569 2346 4625 leaurato
2373 4568 2765 4622 circumdatam
2797 4582 2862 4621 ac
2888 4566 3218 4635 variegatam
3250 4565 3455 4619 inducit
3479 4563 3545 4617 ⁸⁸.
3578 4582 3596 4616 ι
3630 4566 3687 4618 [ιι

388 4665 619 4719 πλεῖστα
642 4664 698 4718 δὲ
724 4665 825 4734 ὅσα
874 4663 970 4717 καὶ
1022 4662 1091 4715 τά
1118 4661 1228 4714 τῶν
1274 4661 1446 4730 ἁγίων
1495 4661 1988 4733 ἀνδραγαθήματα,

388 4758 492 4814 καὶ
511 4759 611 4828 οὐχ
639 4752 720 4821 εἷς
760 4757 961 4828 μᾶλλον
998 4752 1108 4807 τῶν
1129 4753 1468 4824 αὐχημάτων
1507 4754 1536 4805 6
1568 4752 1793 4824 τρόπος,
1824 4754 1992 4818 πολὺς

388 4854 443 4906 δὲ
486 4852 581 4905 καὶ
623 4849 900 4922 διάφορος.
957 4848 1070 4901 Καὶ⁴
1109 4845 1242 4915 γοῦν
1274 4847 1304 4899 ὁ
1337 4844 1628 4908 θεσπέσιος
1672 4844 1838 4898 Δαϐὶδ
1893 4845 1991 4915 τὴν

403 4943 735 5016 Ἐκκλησίαν
754 4941 848 4996 τοῦ
875 4938 1111 5013 Χριστοῦ
1141 4940 1199 4993 ὲν
1222 4936 1502 5009 ἱματισμῷ
1522 4938 1801 5009 διαχρύσῳ
1830 4955 1990 5009 περι-

2101 4678 2265 4718 manu
2293 4660 2528 4727 Domini,
2562 4678 2581 4711 ι
2632 4660 2823 4729 inquit,
2863 4660 2913 4714 id
2958 4667 3063 4723 est,
3118 4658 3456 4727 protectione
3503 4671 3695 4711 manus

2102 4772 2233 4811 nica:
2263 4764 2543 4825 protegam
2571 4763 2643 4809 te.
2673 4754 2737 4807 Et
2770 4754 2882 4823 ipse
2907 4767 3124 4822 quoque
3176 4751 3427 4806 Christus
3457 4749 3526 4805 de
3580 4751 3695 4805 suis

2100 4851 2291 4905 ovibus
2341 4849 2424 4903 vel
2448 4849 2515 4903 de
2570 4863 2733 4919 grege
2774 4847 3116 4902 credentium
3172 4845 3226 4899 in
3283 4845 3456 4912 ipsum
3523 4843 3691 4897 dicit:

2107 4957 2124 4990 ι
2157 4936 2327 4992 Nemo
2353 4938 2544 5007 eripiet
2567 4952 2659 4992 eas
2688 4938 2752 4992 de
2778 4952 2938 4991 manu
2982 4936 3158 4990 Patris
3187 4934 3291 4987 ιιιεὶ
3318 4935 3386 4986 9".
3427 4951 3445 4983 ι

389 5041 734 5112 ϐεὗλημένην
800 5035 1230 5107 πεποικιλμένην
1297 5033 1560 5105 εἰσφέρει,
1614 5034 1675 5087 τὸ
1725 5033 1781 5087 δὲ
1815 5053 1834 5085 ι
1889 5034 1976 5086 Ἐν
2051 5035 2197 5106 χειρὶ
2244 5034 2476 5103 Κυρίου,
2537 5053 2556 5085 ι
2596 5034 2753 5103 φησὶ,
2821 5031 3121 5095 τουτέστιν,
3195 5030 3300 5083 ὑπὸ
3351 5029 3561 5100 σκέπην
3599 5031 3694 5099 τῆς

389 5136 569 5209 χετρός
614 5149 716 5205 μου
768 5130 1028 5185 σκεπάσω
1060 5143 1142 5182 σε·
1182 5128 1278 5183 καὶ
1304 5128 1465 5190 αὐτὸς
1493 5127 1552 5180 δέ
1599 5144 1702 5180 που
1749 5127 1982 5197 Χριστὸς
2022 5129 2153 5199 περὶ
2210 5128 2321 5180 τῶν
2364 5127 2507 5185 ἰδίων
2534 5126 2889 5201 θρεμμάτων,
2949 5127 3041 5180 καὶ
3061 5124 3181 5196 ἦτοι
3210 5125 3308 5195 τῆς
3344 5121 3455 5175 τῶν
3482 5138 3693 5175 πιστευ.

390 5227 602 5281 σάντων
627 5226 707 5286 εἰς
735 5222 899 5277 αὐτὸν
931 5220 1134 5292 ἀγέλης
1168 5221 1355 5292 φησιν,
1403 5219 1485 5272 ὅτι
1525 5236 1544 5269 ι
1585 5217 1774 5282 Οὐδεὶς
1804 5217 2041 5289 ἁρπάσει
2064 5218 2206 5273 αύτά
2237 5220 2300 5272 ὲκ
2332 5219 2433 5290 τῆς
2469 5218 2653 5290 χειρὸς
2691 5217 2787 5271 τοῦ
2821 5217 3034 5289 Πατρός
3061 5232 3185 5288 μου.
3212 5235 3231 5266 ι

372 5346 379 5347 ί
461 5315 574 5386 Καὶ,
597 5312 798 5370 οὐκέτι
828 5310 1115 5381 κληθήσῃ
1140 5310 1687 5381 καταλελειμμένῃ,
1716 5308 1816 5363 καὶ
1850 5308 1889 5376 ἡ
1912 5307 1988 5378 γῆ

387 5425 505 5462 σου
554 5408 628 5461 οὐ
666 5402 1038 5474 κληθήσεται
1066 5403 1308 5472 ἕρημοςσ
1343 5402 1443 5457 σοὶ
1477 5402 1587 5471 γὰρ
1616 5400 1989 5470 κληθήσεται

389 5499 620 5568 θέλημα
658 5496 827 5566 ἐμὸν,
862 5495 962 5551 καὶ
992 5492 1066 5564 τῇ
1095 5491 1173 5564 τῇ
1208 5510 1326 5549 σου
1368 5489 1690 5562 οἰκουμένη
1724 5493 1824 5561 (Ι).

1593 5650 1639 5683 ³³
1673 5648 1817 5705 Psal.

458 5660 504 5690 ⁹²
543 5657 701 5714 Joan.
736 5673 810 5724 ut,
843 5657 896 5711 5.
972 5657 1019 5689 “
1042 5644 1183 5712 Psal.
1210 5669 1431 5720 Lxxxvr,
1462 5653 1516 5711 5.

2176 5308 2337 5365 Vsus.
2363 5309 2417 5364 4.
2462 5310 2532 5364 Et
2572 5325 2906 5381 nequaquam
2950 5307 3092 5362 ultra
3117 5308 3387 5363 vocaberis
3416 5306 3692 5369 derelicta,

2101 5418 2191 5456 nec
2224 5412 2364 5456 terra
2401 5414 2493 5456 tua
2548 5406 2818 5458 vocabitur
2843 5405 3067 5457 deserta.
3103 5401 3218 5458 Tibi
3253 5402 3390 5456 enim
3426 5400 3694 5454 vocabitur

2098 5493 2343 5548 voluntas
2369 5511 2505 5561 mea,
2533 5504 2582 5549 et
2616 5503 2771 5551 terra:
2793 5505 2902 5551 tua:
2939 5496 3199 5550 habitata.

1898 5664 2044 5715 χειν,
2082 5647 2165 5705 l0.
2244 5651 2289 5682 ³⁸
2327 5649 2481 5707 Joau.
2521 5669 2573 5717 ιι,
2610 5637 2700 5706 ‘29.

463 5798 540 5867 (Ι)
574 5797 833 5866 Sequitur
862 5795 913 5849 iu
939 5793 1068 5848 edit.
1322 5792 1404 5867 ὅτι
1430 5789 1692 5867 εὐδόκησε
1755 5786 1957 5858 Κύριος
1985 5788 1993 5839 l

2097 5790 2188 5854 τοὶ,
2232 5791 2325 5843 καὶ
2382 5793 2413 5861 ἡ
2447 5791 2519 5861 γῆ
2550 5807 2643 5843 σου
2713 5786 3208 5860 συνοικισθησεται,
3272 5800 3391 5856 qua:
3422 5792 3597 5840 tamen
3621 5781 3683 5838 S.

390 5861 754 5938 Hieronymus
787 5875 947 5937 negat
977 5865 1117 5936 apud
1154 5862 1295 5916 LXX
1322 5861 1528 5917 haberi.
