4140 6470
450 346 581 403 1571

1446 351 1504 408 S.
1543 352 1823 409 CYRILLI
1860 352 2337 409 ALEXANDRINI
2374 353 2700 410 ARCIIJEP.

3591 348 3729 405 {372

516 462 731 520 Rursus
756 463 915 520 docet
947 464 1317 534 depositurum
1372 480 1431 523 se
1463 477 1618 524 vetus
1666 471 1874 538 odium,
1926 486 2033 540 quo

2207 470 2552 525 Διαδιδάσκει
2579 470 2762 537 πάλιν,
2807 469 2887 525 ὅτι
2922 468 3021 542 τῆς
3073 468 3311 541 ἀρχαίας
3349 464 3725 537 ἀποστροφῆς,

446 570 588 627 saepe
637 566 953 627 prosecutus
978 568 1059 612 est
1084 556 1364 615 Judaicam
1420 560 1785 635 Syuagogam.
1845 566 1915 620 ab
1950 567 2029 620 ira

446 648 773 705 destiturum
799 689 815 715 ,
848 647 1120 705 facturum
1154 664 1272 705 eam
1303 653 1661 711 voluntariam
1697 667 1752 713 et
1780 659 2032 715 fructuo-

446 755 587 809 sam,
636 758 700 799 ac
757 742 1098 797 multitudine
1145 747 1477 801 credentium
1522 759 1863 807 ornatorum.
1902 752 2031 807 Sion

443 835 611 898 enim,
640 834 921 901 repmliato
965 835 1190 892 Domino
1219 848 1406 895 nostro
1447 839 1573 895 Jesu
1632 841 1874 909 Christo,
1940 858 2030 898 το·-

442 924 597 978 docta
631 932 714 978 est
737 925 788 979 in
819 927 1147 989 vastitatem.
1179 939 1233 983 ct
1265 930 1552 987 multitudo
1590 934 1883 988 inﬁdelium
1910 950 2033 1002 per-

444 1014 523 1067 iit.
579 1013 939 1086 Posteaquam
965 1034 1093 1073 vero
1123 1021 1367 1090 reliquiae
1390 1024 1544 1076 lidem
1604 1039 1943 1092 receperunt,
1977 1035 2032 1080 et

443 1121 604 1171 porro
640 1117 828 1162 vocata
859 1120 941 1163 est
991 1110 1282 1168 multitudo
1321 1115 1588 1184 gentium,
1626 1131 1689 1171 ac
1745 1118 1797 1169 in
1862 1134 2028 1172 unum

439 1198 695 1267 populum
738 1202 789 1254 hi
820 1204 925 1255 duo
956 1204 1159 1258 conditi
1185 1215 1334 1272 sunt,
1359 1216 1415 1261 et
1441 1224 1543 1261 una
1572 1209 1785 1263 domum
1814 1226 1880 1265 ex
1912 1227 2029 1264 am-

442 1288 611 1345 bobus
631 1292 772 1346 dicta
798 1304 881 1349 cst
913 1294 1177 1365 Ecclesia,
1229 1297 1454 1368 largitur
1490 1299 1537 1354 ei
1583 1300 1751 1365 Deus,
1790 1311 1848 1355 ut
1884 1301 2030 1358 nullo

442 1382 600 1435 modo
624 1384 868 1451 pristinis
894 1386 1047 1441 malis
1079 1388 1405 1457 implicetur,
1436 1405 1535 1445 nec
1582 1391 1840 1447 derelicta
1872 1408 2028 1448 voce-

443 1481 530 1526 tur
563 1474 646 1529 vel
676 1476 910 1543 deserta,
953 1483 1046 1534 sed
1073 1490 1129 1532 ut
1157 1481 1332 1549 potius
1365 1481 1413 1535 ei
1440 1482 1705 1553 morigera
1742 1493 1796 1538 et
1834 1485 2030 1541 volun-

441 1566 578 1619 taria
606 1566 697 1621 liat
726 1584 739 1621 :
767 1569 929 1639 871
958 1580 1011 1624 et
1040 1587 1145 1624 non
1182 1574 1418 1641 amplius
1454 1575 1689 1642 deserta,
1725 1579 1820 1632 sed
1867 1578 2025 1634 habi-

390 1704 403 1709 -
442 1665 555 1711 tata
578 1659 878 1716 vocabitur.
934 1660 1047 1717 lloc
1095 1674 1274 1719 autem
1328 1682 1393 1721 cx
1419 1668 1579 1722 rebus
1614 1669 1745 1737 ipsis
1777 1671 2025 1727 videmus

441 1750 776 1817 usuvenissc,
808 1762 861 1805 ct
898 1752 1165 1810 Ecclesias
1191 1758 1395 1826 ubique
1440 1758 1490 1812 in
1555 1762 1950 1830 tranquillitate
1973 1772 2027 1817 et

2134 555 2202 633 ἧς
2236 562 2534 633 πεποίηται
2588 560 2851 627 πολλάκις
2895 562 2987 614 ἐπὶ
3024 562 3091 631 τῇ
3140 558 3248 612 τῶν
3290 556 3562 613 Ἰουδαίων
3596 557 3727 612 Συνο

2133 657 2347 727 αγωγῇ,
2367 654 2661 725 καταλήξει
2683 654 2891 720 λοιπὸν,
2916 652 3012 707 καλ⁸
3032 651 3374 706 πεπαύσεται
3394 644 3523 720 τῆ(
3532 648 3725 722 ὀργῆς,

2134 748 2366 820 θελητὴν
2395 748 2452 800 δὲ
2475 748 2781 819 ποιήσεται,
2811 746 2907 800 καὶ
2939 744 3166 817 προσέτι
3199 743 3373 815 τούτῳ
3399 742 3495 833 καὶ
3523 740 3721 812 ἔγκαρ-

2135 859 2256 903 πον,
2291 840 2386 893 καὶ
2417 838 2495 910 τῷ
2540 838 2738 909 πλήθει
2788 838 2897 891 τῶν
2932 836 3375 891 πεπιστευκότων
3424 850 3726 901 στεφανου-

2137 933 2304 1004 μένην
2344 933 2632 1001 ἀποφανεῖ.
2698 929 3039 1001 Ἀθετήσασα
3081 929 3179 1000 μὲν
3220 928 3327 999 γὰρ
3370 929 3403 999 ή
3463 925 3601 991 Σιῲν
3633 925 3725 979 τὸν

2132 1024 2338 1095 Κύριον
2369 1022 2525 1095 ήμῶν
2570 1021 2776 1094 Ἰησοῦν
2802 1022 3062 1094 Χριστὸν,
3092 1020 3303 1075 δέδοται
3327 1020 3464 1091 πρδς
3501 1019 3722 1089 ἐρήμω-

2133 1129 2239 1174 σιν,
2261 1112 2355 1164 καὶ
2380 1112 2411 1181 ἡ
2438 1109 2545 1163 τῶν
2570 1110 2989 1182 ἀπιστησάντων
3011 1110 3231 1163 διόλωλε
3262 1105 3493 1179 πληθύς.
3543 1108 3721 1160 Ἐπει-

2131 1204 2195 1275 δὴ
2227 1203 2283 1257 δὲ
2314 1203 2645 1275 παρεδέξατο
2666 1205 2763 1275 τὴν
2794 1201 2977 1257 πίστιν
2997 1202 3059 1256 τὸ
3080 1202 3454 1273 κατάλειμμα,
3480 1194 3602 1277 εἶτα
3635 1197 3718 1252 κέ-

2132 1298 2327 1367 κληται
2358 1298 2495 1369 πρὸς
2521 1296 2672 1368 αὐτῷ
2702 1297 2809 1351 τῶν
2834 1295 3012 1349 ¹ἐθνῶν
3041 1297 3076 1367 ἡ
3111 1294 3341 1365 πληθὺς,
3384 1293 3477 1346 καὶ
3504 1293 3586 1356 είς
3624 1291 3721 1345 ἕνα

2130 1389 2260 1443 λαὸν
2275 1389 2604 1460 ἐκτίσθησαν
2626 1390 2676 1441 οἱ
2703 1388 2817 1451 δύο,
2850 1387 2950 1458 μία
2984 1404 3043 1439 τε
3069 1384 3254 1440 λοιπὸν
3286 1384 3347 1449 ἐξ
3378 1383 3581 1454 ἀμφοῖν
3622 1397 3718 1433 κε-

2141 1481 2485 1553 χρημάτικεν
2509 1480 2830 1551 Ἐκκλησία,
2860 1480 3143 1551 χαρίζεται
3164 1477 3295 1542 Θεδς
3324 1477 3463 1546 αὐτῇ
3487 1475 3549 1528 τὸ
3580 1471 3722 1528 κατὰ

2133 1574 2336 1645 μηδένα
2352 1573 2550 1646 τρόπον
2570 1575 2685 1637 τοῖς
2704 1573 2952 1644 ἀρχαίοις
2972 1571 3174 1625 ἁλῶναι
3207 1571 3420 1631 κακοῖς,
3445 1568 3584 1638 μήτε
3613 1563 3720 1636 μὴν

2132 1664 2472 1736 κληθήσεσθε
2495 1663 2556 1737 [Ι.
2572 1661 2657 1736 αι]
2683 1661 3210 1734 καταλελειμμένην,
3248 1660 3282 1732 ἢ
3335 1657 3563 1730 ἔρημον,
3606 1655 3720 1711 ἀλλ’

2132 1757 2212 1810 ὅτι
2263 1758 2465 1825 μᾶλλον
2509 1755 2707 1827 θελητὴ
2732 1756 3023 1826 γενήσεται
3051 1751 3222 1823 αὐτῷ,
3256 1751 3354 1806 καὶ
3382 1750 3591 1821 ἔρημος
3623 1746 3722 1818 μὲν

440 1841 734 1895 serenitate
757 1843 1076 1911 collocatas,
1099 1856 1156 1902 et
1196 1848 1381 1906 ﬁdeles
1419 1851 1485 1904 ad
1522 1854 1842 1907 immcnsam
1891 1857 2028 1909 mul-

2138 1849 2335 1914 οὐκέτι,
2360 1846 2760 1918 κατοικουμένη
2782 1846 2840 1899 δὲ
2864 1846 3065 1917 μᾶλλον
3089 1844 3442 1916 κληθήσεται.
3474 1840 3724 1913 Ὀρῶμεν

441 1929 1090 2007 titudinctuprepagatos,
1123 1950 1176 1995 et
1207 1940 1373 1996 Deum
1422 1956 1644 2013 propter
1711 1946 1830 2001 illos
1883 1948 2027 2003 cele-

440 2018 611 2075 brari.
638 2020 1055 2082 Persecutioncs
1076 2029 1220 2083 cnim
1255 2041 1411 2086 motae
1444 2043 1570 2087 sunt
1602 2034 1764 2103 olim,
1801 2038 1894 2091 sed
1921 2054 2026 2092 non

440 2108 532 2163 diu
566 2127 582 2166 :
639 2122 692 2164 et
722 2114 913 2170 breves
940 2127 1117 2183 erant,
1155 2129 1209 2174 ct
1244 2124 1571 2179 exercebant
1615 2128 1785 2196 magis
1811 2138 2030 2183 sanctos

439 2213 603 2267 quam
631 2202 1033 2271 opprimebant.
1093 2208 1312 2265 Probati
1365 2230 1598 2285 namque
1636 2224 1762 2270 sunt
1812 2229 2031 2287 propter

440 2287 782 2358 patientiam,
816 2303 869 2348 et
890 2307 1113 2366 pr0ptcr
1135 2299 1473 2357 tolerantiam
1507 2319 1778 2375 germana:
1801 2308 1850 2360 in
1871 2307 2032 2363 Chri-

2132 1939 2190 1993 δὲ
2214 1938 2373 1991 τοῦτο
2401 1938 2491 1992 διὰ
2524 1936 2866 2007 πραγμάτων
2891 1934 3072 1990 αὐτῶν
3101 1936 3180 1999 είς
3198 1935 3373 2006 πέρας
3395 1930 3720 2001 ὲκόεὸηκός.

2146 2034 2234 2085 Ἐν
2263 2032 2415 2102 εὑδίᾳ
2447 2030 2557 2101 γὰρ
2605 2031 2699 2084 καὶ
2738 2028 2948 2102 γαλήνῃ
2976 2028 3073 2093 τὰς
3105 2024 3423 2098 ἁπανταχοῦ
3458 2024 3724 2094 κειμένας

2141 2124 2470 2195 Ἐκκλησίας
2492 2123 2732 2194 ὁρῶμεν,
2762 2123 2859 2176 καὶ
2882 2124 2962 2185 εἰς
2988 2120 3198 2192 πληθὺν
3227 2119 3315 2173 ἀεὶ
3332 2118 3433 2189 τὴν
3466 2115 3729 2169 ἐπέκεινα

2132 2216 2333 2287 μέτρου
2379 2215 2506 2278 τοὺς
2553 2214 2913 2279 πιστεύοντας
2956 2212 3390 2284 ἐκτεινομένους,
3438 2208 3530 2263 καὶ
3572 2206 3725 2271 εὐδο-

2129 2307 2333 2362 κοῦντα
2352 2308 2487 2361 Θεὸν
2509 2307 2596 2360 ἐπ’
2634 2307 2839 2372 αὐτοῖς.
2871 2306 3118 2377 Διωγμοὶ
3156 2304 3257 2376 μὲν
3281 2302 3390 2372 γὰρ
3411 2299 3726 2370 κεκίνηνται

425 2387 570 2431 stum
588 2378 709 2435 lidci
754 2396 1012 2440 coronam
1049 2400 1346 2459 reportant,
1397 2404 1454 2448 et
1520 2398 1768 2468 martyrii
1803 2398 2029 2469 gloriam

2138 2400 2273 2453 κατὰ
2307 2398 2558 2469 καιροὺς,
2608 2398 2723 2453 ἀλλ’
2752 2399 2853 2453 οὐκ
2874 2399 2932 2450 ὲν
2961 2398 3140 2471 χρόνῳ
3170 2393 3390 2467 μακρῷ,
3433 2388 3729 2446 συνεσταλ-

444 2465 777 2526 uberrimam
813 2476 1112 2543 possident.

2132 2491 2284 2561 μένοι
2312 2489 2391 2555 δὲ,
2423 2491 2518 2543 καὶ
2556 2489 2939 2559 γυμνάσαντες
2986 2486 3187 2558 μᾶλλον
3232 2485 3446 2557 ἁγίους,
3477 2482 3510 2554 ἦ
3539 2481 3729 2551 ἀδική-

444 2581 668 2630 σαντες·
707 2570 986 2642 εὐδὸκιμοι
1020 2575 1128 2648 γάρ
1164 2579 1421 2647 γεγόνασι
1450 2582 1541 2636 διὰ
1576 2586 1893 2657 καρτερίας,
1937 2588 2035 2641 καὶ
2071 2587 2372 2658 ὑπομονῆς,
2400 2586 2490 2641 τὸν
2542 2586 2642 2656 τῆς
2661 2588 2742 2651 είς
2772 2584 3008 2657 Χριστὸν
3072 2584 3426 2655 γνησιότητος
3466 2578 3732 2650 ἀράμενοι

444 2655 726 2725 στέφανον,
757 2663 852 2716 καὶ
871 2663 967 2735 τὴν
993 2666 1089 2720 τοῦ
1121 2672 1422 2743 μαρτυρίου
1453 2673 1613 2741 δόξαν
1644 2655 2215 2752 καταπλουτήσαντες.

518 2750 680 2807 Vsus.
724 2753 777 2813 5.
827 2754 895 2810 Et
927 2771 979 2814 ut
1022 2762 1227 2818 habitat
1271 2766 1484 2836 juvenis
1538 2786 1656 2823 cum
1704 2774 1924 2842 virgine,
1955 2750 2032 2829 sic

442 2843 755 2899 habitabant
793 2849 893 2917 ﬁlii
926 2853 1004 2905 tui
1033 2862 1203 2909 tecum
1225 2873 1244 2910 :
1268 2868 1316 2912 et
1340 2860 1437 2912 erit
1462 2863 1725 2930 quantodo
1757 2864 2034 2920 lartabt'tur

442 2951 667 3003 sponsus
703 2956 862 3009 super
896 2961 1089 3014 sponsa
1114 2988 1130 3013 ,
1173 2950 1249 3003 sic
1305 2951 1577 3007 [celabitur
1613 2972 1771 3026 super
1830 2967 1879 3013 te
1923 2959 2032 3013 Do-

443 3047 641 3086 ιηιηιισ.
1444 3098 1449 3113 Ι

518 3121 786 3195 Deinceps
813 3127 880 3182 ad
919 3131 1220 3190 Ecclesiam
1265 3137 1572 3193 orationem
1625 3141 1810 3206 habet,
1846 3152 2034 3212 utpote

414 3235 517 3274 ‘ex
555 3219 800 3285 Judaicis
852 3224 1103 3281 tribubus
1157 3230 1396 3297 primum
1443 3233 1826 3297 constitutam,
1880 3234 2037 3304 cujus

447 3312 540 3367 lilii
572 3314 795 3384 quidem
833 3316 1057 3372 luerunt
1088 3324 1274 3379 carnis
1299 3325 1513 3379 ratione
1538 3325 1706 3380 divini
1738 3326 1987 3398 discipuli
2019 3346 2034 3385 :

446 3404 541 3459 sed
571 3414 750 3462 tamen
791 3407 845 3462 in
880 3408 964 3462 illa
1000 3411 1379 3480 praestiterunt
1428 3423 1482 3470 et
1519 3414 1854 3483 praefuerunt
1907 3419 2037 3474 reli-

446 3498 609 3565 quis;-
627 3496 814 3568 utpote
844 3503 1143 3570 apostolica
1181 3508 1519 3563 auctoritate
1556 3510 1789 3578 praediti.
1835 3511 2036 3566 Verum

448 3603 723 3644 sumntum
776 3605 1019 3647 amorem
1062 3609 1190 3666 erga
1235 3597 1381 3652 illam
1427 3607 1481 3655 et
1533 3599 1791 3657 allectum
1830 3604 2040 3658 retine-

447 3680 605 3748 bant,
638 3683 775 3737 adeo
804 3693 863 3736 ut
889 3701 951 3739 ea
983 3685 1260 3741 videretur
1279 3705 1404 3746 esse
1434 3692 1565 3747 talis
1596 3693 1651 3747 in
1687 3709 1808 3749 eam
1841 3694 2037 3763 pietas,

450 3774 631 3841 qualis
666 3775 922 3844 juvenem
965 3777 1123 3831 decet
1189 3779 1524 3836 habitantem
1559 3797 1680 3839 cum
1725 3787 1956 3856 virgine,
1988 3789 2041 3845 id

450 3874 556 3927 est,
588 3880 708 3935 quae
739 3880 862 3920 cum
895 3880 961 3922 co
985 3882 1016 3920 a
1044 3868 1360 3939 virginitate
1400 3873 1648 3943 copulata
1686 3887 1793 3932 est.
1845 3879 2042 3935 Dicunt

451 3956 636 4010 autem
669 3971 767 4012 eos
806 3958 874 4013 ad
901 3974 1176 4015 summum
1218 3962 1437 4033 pietatis
1474 3967 1701 4037 gradum
1733 3970 2038 4039 pervenire,

353 4038 359 4043 ’
451 4047 545 4116 qui
595 4063 662 4103 eo
711 4051 927 4106 vinculo
966 4061 1173 4109 tantum
1229 4073 1333 4112 non
1367 4060 1647 4116 constricti
1686 4038 1836 4119 sunt.
1868 4038 2036 4120 Nimis

455 4156 576 4194 rum
622 4152 677 4197 et
736 4144 1179 4214 sapientissimus
1232 4150 1472 4207 Paulus:
1540 4172 1561 4206 ι
1605 4153 1852 4212 Tristitia
1908 4158 2042 4214 mihi

452 4244 562 4298 est,
603 4254 622 4287 ι
665 4237 861 4308 inquit,
897 4258 916 4291 ι
958 4251 1013 4295 et
1046 4241 1201 4296 dolor
1248 4243 1588 4313 irremissus,
1630 4249 1683 4303 in
1723 4251 1909 4315 corde,
1942 4266 2044 4320 pro

454 4325 717 4384 fratribus
765 4332 901 4387 meis
960 4336 1210 4403 cognatis
1258 4337 1472 4394 ratione
1526 4342 1732 4409 carnis,
1783 4343 1873 4412 qui
1916 4351 2045 4398 sunt

2204 2773 2318 2829 Kal
2357 2775 2438 2840 ὡς
2480 2771 2787 2829 συνοικῶν
2833 2771 3159 2838 νεανίσκος
3191 2766 3489 2838 παρθένῳ,
3538 2762 3731 2827 οὕτως

2134 2863 2613 2931 κατοικήσουσιν
2649 2866 2705 2918 οι
2750 2864 2870 2919 υἱοί
2908 2879 3027 2922 σου
3056 2860 3212 2931 μετὰ
3247 2858 3388 2922 σοῦ,
3431 2855 3529 2911 καὶ
3562 2853 3736 2907 ἔσται

2136 2958 2210 3012 ὃν
2254 2958 2483 3026 τρόπον
2529 2954 3012 3027 εὐφρανθήσεται
3060 2952 3323 3023 νυμφίος
3358 2948 3459 3002 ἐπὶ
3504 2946 3733 3015 νύμφῃ,

2137 3048 2328 3115 οὕτως
2359 3048 2837 3117 εὐφρανθήσεται
2873 3045 2974 3100 ἐπὶ
3005 3044 3105 3099 σοι
3137 3044 3374 3112 Κύριος.

2210 3134 2343 3190 Εἶτα
2367 3137 2506 3206 πρὸς
2536 3136 2638 3207 τὴν
2653 3134 2983 3204 Ἐκκλησίαν
3015 3133 3251 3186 ποιεῖται
3280 3129 3408 3191 τοὺς
3436 3126 3629 3195 λόγους
3658 3121 3738 3185 ὡς

2137 3228 2246 3282 ἀπό
2277 3246 2340 3297 γε
2383 3227 2492 3281 τῶν
2524 3224 2835 3280 Ἰουδαϊκῶν
2878 3224 3174 3295 ταγμάτων
3222 3221 3498 3274 συστᾶσαν
3548 3219 3606 3270 ὲν
3635 3217 3738 3287 ἁρ-

2138 3322 2282 3391 χαῖς.
2307 3319 2526 3389 Ταύτης
2551 3318 2846 3388 γεγόνασιν
2873 3317 2980 3369 υἱοὶ
3008 3314 3149 3369 κατὰ
3179 3314 3357 3385 σάρκα
3382 3314 3430 3366 οἱ
3459 3308 3737 3366 θεσπέσιοι

2140 3410 2403 3482 μαθηταὶ,
2430 3411 2547 3465 ἀλλ’
2581 3405 2722 3480 ἦσαν
2751 3411 2811 3463 ὲν
2834 3410 2973 3480 αὑτῇ
3010 3405 3338 3479 προῦχοντες
3370 3405 3468 3477 μὲν
3495 3403 3605 3457 τῶν
3643 3400 3740 3455 ἄλο

2139 3501 2269 3568 λων,
2300 3502 2392 3556 καὶ
2419 3502 2864 3574 ἡγεμονεύοντες,
2887 3501 2964 3567 ὡς
2999 3502 3056 3553 ἐν
3089 3499 3396 3570 ἀξιώμασιν
3428 3497 3580 3560 ὄντες
3607 3496 3739 3548 ἁπο-

2144 3595 2409 3661 στολικοῖς
2430 3635 2445 3660 ,
2489 3595 2631 3665 πλὴν
2670 3595 2770 3665 τὴν
2804 3597 2884 3660 εἰς
2915 3594 3087 3665 ἄκρον
3126 3594 3263 3663 αὐτῇ
3297 3590 3563 3655 σώζοντες
3600 3587 3740 3657 ἀγά-

2142 3706 2251 3759 πην
2316 3691 2412 3743 καὶ
2448 3688 2709 3753 διάθεσιν,
2762 3686 2903 3740 ὥστε
2951 3687 3049 3741 καὶ
3097 3686 3275 3740 δοκεῖν
3308 3683 3565 3753 τοιαύτην
3599 3677 3740 3735 εἶναι

2141 3780 2239 3851 τὴν
2284 3783 2372 3835 ἐπ’
2419 3781 2559 3852 αὐτῇ
2595 3780 2898 3851 γενομένην
2950 3779 3359 3850 φιλοστοργίαν,
3405 3771 3495 3831 οἷά
3533 3792 3638 3846 περ
3671 3775 3743 3829 ἂν

2144 3872 2347 3944 πρέποι
2376 3873 2644 3943 νεανίσκῳ
2674 3871 3015 3944 συνῳκηκότι
3047 3871 3327 3942 παρθένῳ,
3359 3870 3607 3924 τουτέστι
3669 3871 3738 3940 τῇ

2142 3964 2209 4016 ὲκ
2241 3961 2538 4035 παρθενίας
2587 3963 2738 4034 αὐτῷ
2788 3961 3145 4036 συνημμένη·
3192 3962 3328 4031 φασὶ
3358 3961 3417 4015 δὲ
3447 3962 3527 4026 είς
3577 3959 3735 4029 λῆξιν

2142 4053 2362 4126 ἁπάσης
2410 4053 2601 4109 ἐλάσαι
2641 4054 3023 4126 φιλοστοργίας
3090 4053 3215 4117 τοὺς
3269 4053 3362 4107 ἐπὶ
3409 4051 3488 4123 τῷ
3550 4051 3741 4122 τοιῷδε

2142 4147 2330 4219 δεσμῷ
2365 4148 2646 4219 μονονουχὶ
2687 4148 3180 4219 κατεσφιγμένους.
3226 4148 3336 4201 Καὶ
3367 4144 3499 4215 γοῦν
3528 4148 3557 4199 ὁ
3600 4144 3741 4199 πάν-

2146 4258 2308 4311 σοφος
2337 4240 2581 4304 Παῦλοςο
2613 4258 2632 4292 ι
2654 4239 2814 4312 Λύπη
2846 4257 2956 4311 μοι,
2991 4260 3011 4293 ι
3046 4240 3233 4312 φησὶν,
3268 4259 3285 4293 ι
3320 4238 3435 4293 ἔστι
3456 4239 3551 4293 καὶ
3575 4238 3741 4310 ὀδύνη

2144 4332 2489 4395 ἀδιάλειπτος
2516 4334 2575 4387 ὲν
2601 4334 2668 4403 τῇ
2696 4331 2895 4403 καρδίᾳ
2923 4349 3026 4403 μου
3056 4330 3198 4401 ὑπὲρ
3224 4329 3333 4384 τῶν
3357 4330 3602 4399 ἀδελφῶν
3633 4346 3740 4400 μου

454 4418 713 4476 Israelita:
746 4423 872 4482 ⁸⁵⁵.»
915 4424 1245 4498 Optavitque
1280 4435 1569 4489 anathema
1605 4435 1719 4489 lleri
1755 4448 1853 4506 pro
1883 4436 2037 4505 ipsis.

2146 4424 2256 4480 τῶν
2289 4424 2568 4494 συγγενῶν
2610 4424 2751 4479 κατά
2792 4423 3005 4497 σάρκα,
3049 4423 3246 4487 οἵτινές
3294 4425 3433 4477 εἰσιν
3471 4420 3744 4525 Ἰσραηλῖ-

462 4508 660 4565 Verum
693 4527 887 4585 magna
923 4532 1106 4571 rerum
1134 4524 1376 4588 novatio,
1404 4533 1459 4577 et
1487 4523 1625 4579 mira
1657 4526 1904 4592 mutatio,
1942 4527 2037 4582 hac

2151 4534 2261 4598 ται.
2291 4537 2311 4570 ι
2346 4516 2557 4588 Ηύχετο
2584 4517 2642 4570 δὲ
2677 4517 2769 4571 καὶ
2795 4517 3045 4587 ἀνάθεμα
3072 4515 3326 4581 γενέσθαι
3364 4514 3505 4587 ὑπὲρ
3537 4514 3741 4617 αύτῶὶθ,

452 4606 740 4674 prophetia
808 4609 967 4665 nobis
1018 4614 1294 4682 proposita
1358 4617 1728 4687 significatur.
1805 4618 2037 4688 Antiqua

2152 4609 2294 4682 πλὴν
2321 4610 2404 4664 ὅτι
2434 4610 2602 4674 πολὺς
2645 4609 2755 4664 τῶν
2783 4608 3125 4682 πραγμάτων
3153 4610 3182 4662 ὀ
3223 4607 3511 4679 καινισμὸς
3534 4606 3624 4661 διὰ
3641 4606 3745 4675 τῆς

452 4696 599 4749 enim
634 4697 916 4772 Synagoga
945 4716 1002 4758 et
1031 4712 1244 4761 tantum
1280 4721 1389 4763 non
1439 4710 1736 4767 inveterata
1797 4721 2037 4783 tempore

2152 4702 2523 4775 προκειμένης
2547 4704 2680 4773 ἡμῖν
2714 4701 3049 4774 προφητείας
3088 4700 3435 4770 σημαίνεται,
3470 4699 3565 4754 καί⁵
3593 4697 3744 4763 ἀξιο-

450 4785 756 4855 juvencula:
798 4806 1173 4862 comparatur.
1227 4816 1250 4851 ‹
1306 4799 1641 4858 Habitabunt
1699 4804 1869 4859 veluti
1916 4820 2037 4859 cum

2153 4795 2469 4866 θαύμαστος
2490 4798 2524 4866 ἡ
2553 4796 2823 4867 μεταϐολή
2843 4813 2856 4825 ’
2880 4798 2915 4865 ή
2943 4795 3050 4867 γὰρ
3074 4793 3281 4865 ἀρχαία
3301 4791 3622 4899 Συναγωγη,
3647 4793 3742 4899 καλ.

455 4878 688 4949 virgine,
729 4900 748 4933 ι
786 4883 981 4954 inquit,
1014 4903 1035 4937 ι
1067 4886 1163 4941 lilii
1196 4888 1291 4944 tui.
1331 4908 1349 4942 ι
1383 4890 1497 4947 Hoc
1525 4903 1631 4959 est,
1655 4896 1871 4964 opinor,
1898 4895 2037 4963 quod

2141 4887 2345 4960 τρόπον
2383 4887 2504 4943 τινὰ
2538 4888 2926 4959 πεπολιωμὲνη
2976 4885 3086 4958 [aL
3138 4885 3571 4955 πεπαλαιωμένη
3590 4883 3631 4956 ],
3655 4883 3745 4938 διὰ

455 4968 512 5023 in
566 4970 795 5030 Psalmis
871 4977 1217 5035 decantatqu
1273 4993 1395 5040 est:
1465 5003 1485 5038 ‹
1558 4985 1930 5041 Renovabitur
1985 4998 2044 5040 ut

456 5063 656 5132 aquila:
678 5066 939 5134 juventus
966 5077 1058 5124 tua
1086 5072 1154 5127 ".
1194 5093 1214 5128 ι
1249 5074 1581 5133 Habitarunt
1608 5093 1732 5132 cum
1760 5078 1898 5147 ipsa.
1927 5094 2043 5132 ma-

459 5156 800 5217 uuducentes
819 5176 961 5231 eam,
989 5175 1245 5236 tanquam
1277 5173 1546 5227 nutricem
1581 5173 1954 5239 consolantes,
1988 5183 2046 5230 et

458 5257 520 5301 ut
553 5259 784 5305 matrem
823 5268 1003 5310 rerum
1045 5260 1477 5317 umbraticarum
1512 5273 1571 5317 et
1602 5263 1910 5334 typicarum
1952 5280 2041 5320 sa.

459 5343 673 5410 pienter
704 5346 1059 5417 adducentes,
1087 5363 1145 5405 ut
1189 5367 1288 5421 pro
1321 5353 1497 5407 inutili
1536 5356 1729 5409 umbra
1758 5356 2041 5412 veritatem

460 5434 745 5507 eligerent.
787 5440 1101 5510 Cuiusmodi
1132 5453 1215 5498 est
1248 5445 1393 5514 quod
1422 5446 1472 5499 ei
1526 5445 1666 5500 dixit
1697 5445 1862 5501 etiam
1905 5447 2045 5502 divi-

463 5544 566 5583 nus
586 5529 755 5586 David
782 5549 796 5586 :
827 5552 845 5584 ι
875 5533 981 5589 Pro
1005 5537 1254 5604 patribus
1282 5538 1521 5593 tuisnati
1544 5548 1675 5594 sunt
1700 5540 1794 5594 tibi
1829 5539 2037 5595 θῦμ’.»

2144 4974 2235 5033 τὸν
2261 4981 2451 5050 χρόνον
2472 4980 2674 5035 νεάνιδι
2702 4978 3116 5049 παρεικάζεταιο
3149 4995 3169 5029 ι
3194 4977 3603 5047 Κατοικήσουσι
3632 4978 3743 5047 γὰρ

2145 5071 2222 5135 ὡς
2272 5071 2414 5142 μετὰ
2453 5071 2758 5143 παρθένου,
2799 5091 2818 5124 ι
2865 5069 3051 5140 φησὶν,
3109 5088 3128 5121 ι
3165 5069 3215 5122 σί
3261 5070 3369 5125 υίοί
3411 5088 3578 5124 σου.»
3630 5071 3744 5124 Καὶ

2144 5164 2325 5229 τοῦτο,
2341 5160 2516 5235 οἶμαι,
2551 5163 2668 5217 ἔστι
2703 5162 2765 5216 τὸ
2790 5165 2848 5216 ἐν
2869 5162 3118 5235 Ψαλμοῖς
3149 5164 3488 5237 ὑμνούμενον
3507 5181 3520 5195 ’
3547 5181 3567 5214 ι
3593 5164 3746 5218 Ἀνα-

2147 5257 2597 5329 καινισθήσεται,
2644 5256 2720 5322 ὡς
2757 5255 2917 5310 ἀετοῦ
2956 5260 2990 5329 η
3037 5260 3227 5331 νεότης
3278 5275 3438 5322 seu,»
3483 5272 3743 5328 κατῳκη-

2146 5352 2277 5406 κασι
2321 5367 2387 5420 γε
2437 5349 2544 5422 μὴν
2588 5352 2645 5405 ἐν
2686 5350 2823 5421 αὐτῇ
2876 5350 3347 5422 χειραγωγοῦντες
3389 5351 3466 5437 ῶς
3513 5350 3737 5421 τροφὸν,

2147 5441 2593 5514 παρακαλοῦντες
2623 5442 2699 5507 ὡς
2734 5443 2967 5513 μητέρα,
3013 5442 3121 5499 τῶν
3185 5446 3245 5497 ὲν
3285 5446 3464 5507 σκιαῖς
3511 5444 3606 5498 καὶ
3640 5443 3741 5495 eti-

2147 5553 2273 5601 ποις
2317 5535 2780 5608 ἀποκομίζοντες,
2828 5522 3249 5602 ἀναϐιϐάζοντες
3281 5553 3342 5590 τε
3381 5536 3563 5606 σοφῶς
3602 5536 3742 5609 πρός

460 5616 596 5673 Nam
628 5620 682 5675 hi
710 5637 832 5676 cum
871 5623 988 5693 ejus
1018 5627 1345 5683 exsisterent
1382 5628 1501 5697 lilii,
1536 5630 1677 5699 quod
1710 5630 1779 5686 ad
1816 5645 2037 5687 carnem

2149 5647 2213 5701 γε
2243 5629 2307 5685 τὸ
2332 5629 2447 5683 δεῖν
2471 5628 2573 5700 τῆς
2604 5630 2864 5702 ἀνονήτου
2910 5630 3069 5694 σκιᾶς
3101 5628 3425 5685 ἀνθελέσθαι
3465 5628 3565 5703 τὴν
3608 5628 3743 5701 ἀλή-

2042 5695 2120 5771 O

535 5792 599 5826 "‘
629 5796 786 5851 Rom.
817 5815 889 5864 Ix,
923 5802 977 5868 3,
1006 5803 1058 5857 4.
1136 5806 1181 5837 ’⁸
1203 5804 1349 5862 Psal.
1386 5823 1480 5871 cn,
1515 5808 1566 5862 ὅ.
1643 5808 1688 5843 ’⁷
1722 5807 1864 5866 Psal.
1891 5824 2037 5876 XLIV,
2078 5809 2163 5865 l7.
