4140 6484
318 389 475 445 i373

1483 376 1550 435 ῐΝ
1591 377 1828 436 lSAlAIll
1868 380 1998 437 LIB.
2040 383 2105 438 V.
2148 381 2385 439 TOMUS
2427 384 2489 439 ν.

3491 392 3632 452 i374

314 504 500 559 θειανο
539 499 648 572 ἔφη
675 490 731 553 ’ξι
773 494 1016 552 τοιοῦτον
1049 493 1145 548 καὶ
1193 492 1221 545 ὁ
1267 492 1556 558 θεσπέσιος
1600 494 1765 548 Δαόὶδ
1796 495 1934 565 πρὸς

2043 495 2257 562 attinet,
2311 496 2436 551 facti
2484 505 2610 553 sunt
2649 496 2698 552 ei
2741 509 2951 569 patres,
3005 499 3330 574 initiumque
3364 519 3632 562 novorum

315 597 518 670 αὐτήν
573 613 592 647 ι
635 592 786 647 Ἀντὶ
839 590 948 646 τῶν
1007 589 1263 660 πατέριον
1316 603 1409 638 σου
1457 585 1800 657 ἐγενήθησάν
1849 604 1934 640 σοι

312 691 452 747 υἱοί.
485 709 504 743 ι
539 690 602 742 Οἱ
650 686 761 758 γὰρ
794 683 966 755 αὐτῆς
1012 684 1163 746 ὄντες
1214 680 1321 734 uio).
1355 679 1501 734 κατὰ
1547 679 1728 752 σάρκα
1773 680 1935 750 γεγό-

312 800 481 838 νασιν
523 778 697 849 αὐτῆς
741 774 1009 847 πατέρες,
1048 772 1194 845 ἀρχὴ
1241 771 1351 824 τῶν
1382 769 1517 824 νέων
1561 771 1734 841 αὐτῆς
1779 769 1934 835 ὅντες

311 876 554 940 τέκνων,
587 874 698 927 τῶν
747 870 839 925 διὰ
868 869 1108 931 πίστεως
1154 864 1394 937 δηλονότι
1449 863 1806 935 κεκλημένων
1853 865 1934 927 εἰς

313 970 626 1037 ἐπίγνωσιν
673 964 771 1018 τοῦ
832 964 1054 1017 πάντων
1110 959 1270 1032 ἡμῶν
1335 958 1592 1027 Σωτῆρος
1651 956 1927 1027 Χριστοῦο

311 1063 529 1117 τούτων
565 1060 622 1114 δὲ
659 1058 835 1122 οὕτως
880 1057 1136 1127 ἑχόντων.
1178 1052 1367 1125 φησιν·
1405 1071 1423 1103 ί
1456 1049 1645 1115 Οὕτως
1689 1050 1930 1122 εὐφραν’

316 1156 555 1227 θήσεται
615 1150 825 1223 Κύριος
858 1150 953 1203 ἐπὶ
994 1147 1098 1214 σοὶ,
1131 1145 1385 1216 καθάπερ
1419 1144 1613 1215 ἀμέλει
1652 1144 1746 1196 καὶ
1802 1159 1934 1212 νυμ-

317 1249 446 1316 φίος
475 1247 569 1300 ἐπὶ
611 1244 821 1317 νύμφῃ.
852 1262 871 1295 s
905 1240 1182 1295 Καθίκετο
1207 1237 1317 1309 γὰρ
1344 1236 1404 1303 ἐξ
1435 1235 1684 1308 οὐρανῶν
1708 1235 1737 1287 ό
1774 1251 1931 1305 μονο-

316 1341 489 1411 γενὴς
532 1336 627 1391 τοῦ
658 1337 795 1389 Θεοῦ
831 1335 1036 1403 Λόγος,
1075 1333 1163 1386 ἵνα
1208 1331 1488 1401 ἔγκαρπον
1533 1328 1788 1399 ἀποφήνῃ
1831 1327 1931 1398 τὴν

331 1432 685 1505 Ἐκκλησίαν,
736 1431 802 1501 ἢν
854 1428 1019 1487 αὐτὸς
1058 1422 1239 1493 ἐαυτῷ
1296 1421 1612 1495 παρέστησε
1658 1417 1929 1489 παρθένον

316 1524 521 1596 ἁγνὴν,
559 1522 635 1595 μὴ
663 1522 896 1593 ἔχουσαν
935 1517 1125 1571 σπίλον
1154 1515 1187 1587 ή
1218 1512 1428 1586 ῥυτίδα,
1456 1512 1616 1581 ἁγίαν
1639 1511 1694 1563 δὲ
1730 1509 1930 1581 μᾶλλον

319 1617 421 1673 καὶ
454 1614 708 1686 ἄμωμον.
741 1611 1025 1683 Δεξαμένη
1064 1609 1246 1663 τοίνυν
1286 1607 1417 1679 παρ’
1442 1603 1610 1659 αὑτοῦ
1646 1602 1932 1673 εὐαγγελι-

317 1710 429 1777 κῆς
473 1706 755 1771 πολιτείας
802 1705 874 1758 τὰ
924 1703 1255 1774 σπέρματα,
1306 1697 1691 1769 κεκυοφόρηκέ
1728 1713 1789 1749 τε
1838 1696 1931 1750 καὶ

318 1802 572 1865 τέτοκεν,
621 1800 724 1854 οὐκ
764 1798 844 1852 ἔτι
883 1795 983 1868 τὴν
1030 1795 1096 1849 δι’
1123 1795 1373 1865 αἱμάτων
1416 1791 1512 1845 καὶ
1570 1791 1797 1844 καπνῶν
1833 1790 1929 1844 λα-

2039 589 2207 660 872
2239 588 2355 657 ejus
2393 590 2712 657 liberorum,
2765 591 2856 662 qui
2918 607 3016 662 per
3077 593 3238 649 [idem
3300 596 3515 654 scilicet
3561 601 3633 654 ad

2039 681 2373 751 agnitionem
2434 683 2678 736 omnium
2740 694 2993 739 nostrum
3058 683 3371 743 Servatoris
3429 690 3633 747 Christi

2040 776 2214 829 vocati
2262 784 2411 829 sunt.
2458 775 2552 830 llis
2589 777 2660 830 ita
2698 792 2758 831 se
2813 778 3158 844 habentibus,
3204 780 3426 848 inquit:
3467 800 3487 834 ι
3544 784 3638 841 Sic

2038 864 2312 919 laetabitur
2352 865 2610 920 Dominus
2661 877 2884 937 propter
2935 877 3008 930 te,
3055 873 3513 937 quemadmodum
3555 875 3639 929 vi-

2037 959 2235 1013 delicet
2264 974 2499 1029 sponsus
2534 970 2755 1029 praptor
2782 976 3062 1030 sponsam.
3105 982 3124 1015 ι
3164 963 3458 1020 Descendit
3484 971 3633 1022 enim

2037 1051 2377 1119 unigenitum
2444 1052 2534 1106 Dei
2590 1052 2864 1119 Verbum,
2919 1067 2978 1109 ut
3028 1056 3315 1112 fecundam
3380 1059 3637 1116 redderet

2035 1140 2364 1207 Ecclesiam,
2407 1157 2568 1211 quam
2620 1144 2740 1212 ipse
2784 1144 2889 1197 sibi
2937 1144 3187 1201 exhibuit
3231 1148 3498 1217 virginem
3534 1164 3635 1218 pu-

2036 1248 2175 1300 ram,
2208 1249 2315 1288 non
2358 1235 2647 1289 habentem
2684 1237 2953 1291 maculam
2992 1249 3085 1290 aut
3136 1253 3347 1306 rugam,
3387 1239 3481 1294 sed
3511 1254 3635 1309 qua:

2034 1339 2223 1383 sancta
2267 1327 2450 1397 potius
2480 1326 2624 1382 loret
2664 1340 2719 1383 et
2751 1328 3103 1383 immaculata
3118 1329 3207 1383 "2
3242 1332 3504 1400 Acceptis
3533 1332 3637 1402 igi-

2036 1430 2123 1473 tur
2140 1420 2209 1474 ah
2229 1420 2347 1488 ipso
2370 1420 2694 1491 evangelicae
2715 1421 3151 1475 conversationis
3172 1423 3487 1487 seminibus,
3507 1439 3635 1492 ειη-ο

2033 1509 2157 1563 vida
2194 1507 2337 1562 facta
2372 1519 2479 1571 est,
2509 1519 2564 1563 et
2597 1524 2705 1563 non
2731 1510 2844 1577 jam
2885 1511 3094 1565 eultum
3131 1514 3341 1582 peperit
3377 1530 3477 1583 per
3506 1529 3636 1568 san-

2034 1600 2227 1671 guines
2275 1609 2330 1655 et
2379 1599 2581 1667 fumos,
2634 1601 2727 1655 sed
2789 1601 2936 1655 illum
3000 1602 3176 1672 magis
3209 1618 3348 1670 ,quo
3400 1606 3640 1659 maxime

2035 1694 2283 1747 veritatis
2331 1694 2681 1763 pulchritudo
2735 1703 3058 1748 esm‘natur.
3116 1693 3253 1761 llinc
3304 1695 3543 1762 iuuatur,
3584 1706 3641 1749 ct

2034 1787 2253 1854 quidem
2290 1789 2507 1850 merito,
2534 1802 2659 1841 cum
2694 1788 2875 1841 videat
2907 1786 3042 1857 legis
3075 1797 3231 1859 typos
3266 1788 3320 1841 in
3348 1789 3638 1841 veritate-at

319 1895 535 1968 τρείαν,
581 1893 799 1964 ἐκείνην
846 1891 903 1945 δὲ
945 1889 1165 1962 μᾶλλον,
1302 1886 1366 1958 δὴ
1422 1885 1662 1958 μάλιστα
1714 1884 1776 1937 τὸ
1828 1884 1931 1955 τῆς

2043 1878 2406 1947 evangelieam
2446 1889 2704 1943 mutatos,
2739 1889 2795 1933 et
2829 1894 3087 1949 Sponsam
3122 1879 3506 1948 Spiritualibus
3538 1894 3631 1932 sa-

318 1985 589 2059 ὰληθείας
628 1985 1040 2055 ὲντετόρνευται
1079 1980 1296 2045 κάλλος.
1336 1977 1609 2050 Ταύτῃτοι
1657 1977 1752 2031 καὶ
1788 1975 1935 2047 μάλα

2042 1971 2267 2027 criliciis
2294 1982 2349 2025 et
2380 1987 2531 2043 vere_
2559 1972 2771 2026 sanctis
2803 1972 3099 2026 virtutibus
3139 1972 3558 2028 enitescentem.

319 2078 554 2142 εἰκότως
602 2076 964 2149 εὐφραίνεται
1009 2073 1472 2145 μετατιθεμένους
1510 2070 1654 2141 ὁρῶν
1701 2072 1828 2135 τοὺς
1876 2067 1968 2123 τοῦ
2011 2067 2180 2138 νόμου
2220 2066 2427 2129 τύπους
2491 2067 2573 2129 είς
2620 2064 2880 2135 ἀλήθειαν
2927 2066 3316 2138 εὐαγγελικὴν,
3347 2066 3444 2119 καὶ
3478 2082 3641 2121 πνευ-

323 2172 587 2243 ματικαῖς
618 2168 854 2233 θυσίαις,
884 2168 981 2223 καὶ
1011 2165 1408 2238 ἁγιοπρεπέσιν
1453 2163 1671 2236 άληθῶς
1716 2162 2148 2235 κατορθώμασιν
2175 2161 2273 2232 τὴν
2306 2160 2530 2232 νύμφην
2560 2159 2979 2232 ἐκλάμπουσαν.

398 2304 505 2359 Kal
561 2303 811 2358 ἐπὶτῶν
854 2302 1101 2372 τειχέων
1145 2316 1289 2365 σου,
1328 2298 1747 2368 Ἰερουσαλὴμ,
1782 2315 1926 2352 κατ-

2102 2296 2265 2351 Vens.
2297 2295 2349 2350 6.
2382 2295 2447 2350 Et
2480 2312 2640 2366 super
2665 2312 2844 2350 muros
2878 2306 3017 2361 tuos,
3040 2295 3366 2362 Jerusalem,
3388 2296 3640 2351 constitui

322 2396 564 2463 ἐστησα
594 2397 875 2465 φύλακας
920 2393 1080 2463 ὅλην
1127 2392 1244 2457 τὴν
1277 2390 1533 2460 ἡμέραν,
1606 2389 1707 2443 καὶ
1773 2389 1930 2459 ὅλην

2043 2391 2298 2455 rnstodes,
2334 2400 2444 2444 tota
2496 2390 2583 2443 die
2612 2400 2662 2443 et
2690 2400 2801 2443 Iota
2833 2399 3008 2454 nocte,
3040 2390 3131 2460 qui
3182 2405 3453 2460 nunquam
3499 2400 3643 2443 tace-

323 2489 445 2558 τὴν
490 2492 683 2545 νύκτα
707 2530 720 2550 ,
762 2489 823 2543 οἳ
868 2487 968 2542 διὰ
1006 2486 1223 2553 τέλους
1257 2487 1329 2540 οὐ
1369 2482 1791 2547 σιωπήσονται
1831 2502 1931 2554 μισ

2043 2485 2153 2538 ium
2188 2484 2527 2539 recordantes
2574 2482 2808 2538 Domini.
2865 2482 2990 2537 Non
3043 2483 3185 2536 enim
3237 2493 3316 2538 est
3377 2483 3531 2538 vestri
3575 2482 3649 2535 si-

320 2583 743 2653 μνησκόμενοι
772 2581 1018 2650 Κυρίου.
1057 2581 1181 2633 Οὐκ
1225 2580 1359 2633 ἐστι
1390 2577 1503 2649 γὰρ
1527 2576 1673 2646 ὑμῖν
1703 2576 1926 2647 ὅμοιος.

416 2716 505 2781 Ὧς
539 2714 676 2789 πρὸς
713 2716 867 2769 πόλιν
911 2715 1221 2787 διαλέγεται
1255 2713 1538 2785 λαμπρὰν,
1570 2711 1665 2766 καὶ
1696 2728 1932 2784 συνῳκι-

333 2810 547 2882 σμένην
567 2827 580 2840 ·
613 2811 701 2864 ἀεὶ
725 2809 783 2863 δέ
814 2827 933 2873 πως
969 2809 1072 2874 τὰς
1114 2809 1224 2862 τῶν
1263 2807 1472 2862 πόλεων
1505 2806 1937 2880 διαφανεστέρας

333 2899 581 2953 πλεῖστοί
623 2917 683 2952 τε
716 2901 831 2953 ὅσοι
881 2899 977 2952 καὶ
1023 2897 1276 2969 νηφάλιοι
1306 2899 1630 2971 περιέπουσι
1660 2896 1937 2969 φύλακες,

264 2988 279 2995 “
338 2991 416 3062 μὴ
459 2990 570 3061 ἄρα
610 3008 695 3054 τις
728 2990 1008 3062 ἀδοκήτως
1044 2988 1156 3043 τῶν
1191 2988 1469 3060 πολεμίων
1517 2988 1766 3060 ἐμϐάλῃο
1797 2986 1941 3042 οὕτω

2035 2579 2202 2633 milis.

2113 2711 2430 2784 Alloquitur
2450 2710 2604 2766 velut
2630 2710 2908 2766 civitatem
2941 2710 3207 2769 illustrem
3239 2722 3294 2769 et
3318 2711 3644 2769 habitatatn.

2045 2801 2277 2872 Semper
2309 2802 2455 2858 enim
2493 2803 2747 2858 civitates
2797 2804 3129 2876 insigniores
3158 2806 3374 2876 plurimi
3408 2815 3464 2861 et
3512 2805 3650 2875 vigi-

2045 2896 2126 2952 les
2169 2896 2427 2951 custodes
2482 2902 2699 2960 curant,
2755 2910 2825 2949 ne
2862 2896 2988 2966 quis
3019 2896 3196 2952 hostis
3247 2896 3317 2952 de
3346 2895 3648 2966 improviso

2052 2989 2335 3044 adoriatur
2365 3007 2379 3043 :
2413 2989 2492 3044 sic
2526 2998 2584 3041 et
2625 2987 3010 3042 universorum
3059 2986 3324 3043 Servator
3352 2998 3408 3043 et
3463 2986 3651 3042 Domi.

336 3085 433 3138 καὶ
459 3086 488 3138 ὁ
517 3083 629 3138 τῶν
675 3084 812 3138 ὅλων
843 3082 1035 3155 Σωτὴρ
1077 3084 1171 3138 καὶ
1227 3082 1435 3154 Κύριος
1477 3083 1746 3155 ἁφράστῳ
1784 3080 1941 3135 δυνά-

2054 3097 2178 3141 nus.
2224 3076 2490 3136 ineﬂaliili
2528 3080 2771 3150 potentia
2801 3086 2857 3133 et
2883 3079 3202 3146 angelorum
3237 3078 3504 3150 praesidiis
3531 3093 3652 3132 tnu-

338 3195 431 3248 μει
491 3178 587 3231 καὶ
637 3172 763 3240 ταῖς
809 3176 921 3229 τῶν
960 3176 1207 3246 ἀγγέλων
1257 3175 1602 3246 ἐπικουρίαις
1639 3172 1942 3246 πυργώσας

330 3272 436 3341 τὴν
472 3267 812 3338 Ἐκκλησίαν
861 3268 1313 3339 κεχειροτόνηκεν
1359 3268 1497 3340 αὐτῇ
1549 3267 1800 3338 φύλακας
1852 3284 1942 3320 σο-

340 3359 479 3428 φοὺς
522 3360 615 3413 καὶ
667 3360 1078 3431 ἐγρηγορότας,
1130 3361 1223 3413 καὶ
1257 3359 1667 3413 ἀκατεύναστον
1716 3358 1940 3429 ἔχοντας

336 3451 584 3523 ὲπάὑτῇ
624 3451 722 3524 τὴν
756 3453 1039 3522 φροντίδα,
1094 3453 1221 3514 τοὺς
1260 3451 1451 3519 ἁγίους
1486 3451 1731 3523 δηλονότι
1773 3468 1942 3522 μυστ-

335 3545 615 3615 αγωγοὺς,
643 3545 693 3599 οἳ
724 3545 844 3598 κατ’
873 3544 1063 3598 οὐδένα
1080 3544 1281 3616 τρόπον
1306 3543 1679 3614 καταλήγουσι
1701 3542 1796 3597 τοῦ
1828 3542 1942 3595 δια-

339 3638 652 3711 μεμνῆσθαι
676 3638 775 3709 τῆς
802 3636 961 3708 δόξης
996 3636 1185 3699 αὐτοῦ,
1214 3635 1311 3689 καὶ
1340 3635 1449 3689 τῶν
1487 3635 1809 3706 θαυμασίων
1843 3633 1941 3686 αῦ-

334 3729 453 3795 τοῦ,
483 3728 628 3784 καθὰ
661 3729 990 3799 γέγραπται.
1024 3724 1437 3797 Κατειθίσμεθα
1482 3724 1592 3797 γὰρ
1640 3727 1698 3778 ὲν
1741 3723 1940 3796 ἐκκλη-

337 3822 485 3885 σίαις
528 3821 642 3882 τοῖς
673 3816 779 3872 ὑπὸ
807 3822 968 3890 χεῖρα
1007 3816 1158 3880 λαοῖς
1188 3815 1574 3888 διακηρύττειν
1603 3815 1691 3870 ἀεὶ
1718 3814 1818 3879 τὰς
1843 3814 1939 3868 τοῦ

337 3916 593 3987 Σωτῆρος
642 3910 1081 3985 μεγαλουργίας,
1112 3910 1209 3964 καὶ
1252 3908 1350 3981 τῆς
1387 3907 1729 3982 θεοπρεποῦς
1770 3909 1941 3981 ὑπερ-

335 4007 473 4078 οχῆς
511 4005 612 4077 τὴν
643 4001 887 4069 ἔνδειξιν,
915 4004 1001 4055 ἵνα
1031 4001 1326 4055 κάντεῦθεν
1355 4001 1572 4072 ἀσφαλῆ
1636 4001 1731 4057 καὶ
1769 4000 1942 4072 ἀκρά-

334 4098 527 4152 δαντον
561 4094 732 4166 ἔχωσι
784 4094 915 4165 περὶ
969 4092 1137 4146 αὐτοῦ
1167 4091 1267 4162 τὴν
1301 4091 1507 4145 πίστιν.
1542 4091 1614 4143 Ἦ
1650 4090 1797 4160 τάχα
1834 4107 1939 4144 που

339 4183 753 4257 μνησθήσεσθαί
796 4200 930 4254 φησι
973 4180 1068 4235 τοῦ
1114 4182 1326 4252 Κυρίου
1356 4182 1484 4245 τοὺς
1518 4181 1768 4250 φύλακας
1816 4183 1940 4235 ἐπι-

336 4275 654 4347 φωνοῦντάς
710 4294 770 4331 τε
818 4278 914 4331 καὶ
968 4276 1230 4347 λέγοντας
1254 4316 1269 4341 ,
1309 4277 1393 4331 ὅτι
1426 4296 1445 4329 ι
1484 4276 1599 4330 Οὐκ
1628 4276 1777 4331 ἔστιν
1810 4278 1940 4349 ὑμῖν

336 4372 544 4441 ὅμοιος.
576 4389 595 4423 ι
639 4370 712 4424 Οὐ
756 4369 866 4443 γάρ
892 4371 1009 4424 ἐστι
1044 4369 1168 4424 καθ’
1191 4371 1362 4442 ἡμᾶς,
1404 4369 1523 4423 ἀλλ’
1552 4370 1676 4423 ὅσον
1700 4369 1939 4443 ὑπερνή..

336 4482 498 4538 χεται
540 4463 608 4518 τά
642 4463 964 4537 ἀνθρώπινα
997 4467 1066 4536 τῇ
1094 4464 1196 4535 τῆς
1237 4463 1491 4528 εὐκλείας
1531 4464 1811 4536 ὑπεροχῇ,
1846 4465 1942 4518 καὶ
1972 4450 2020 4505 D

336 4561 408 4632 τῇ
446 4557 547 4630 τῆς
579 4556 836 4630 θεότητος
865 4556 1014 4630 δόξῃ,
1046 4556 1272 4611 τοσοῦτο
1309 4558 1436 4628 νικᾷ
1463 4556 1561 4611 καὶ
1604 4557 1747 4613 κατά
1778 4575 1845 4626 γε
1880 4558 1943 4611 τὸ

338 4648 482 4706 εἶναι
510 4650 748 4725 χρηστὸς
796 4650 892 4704 καὶ
943 4649 1347 4723 φιλάνθρωπος.
1393 4651 1483 4715 Ὠς
1509 4650 1619 4722 γὰρ
1643 4652 1672 4704 ὁ
1706 4649 1944 4705 Ψάλλων

339 4744 510 4816 φησίν
529 4761 543 4774 ·
576 4763 595 4796 ι
626 4745 701 4799 Οὐ
738 4743 883 4798 κατὰ
912 4743 1013 4807 τὰς
1040 4742 1274 4814 ἀνομίας
1300 4742 1460 4814 ἡμῶν
1495 4742 1753 4815 ἐποίησεν
1783 4743 1938 4814 ἡμῖν,

338 4832 462 4888 οὐδὲ
493 4832 637 4888 κατὰ
681 4834 782 4898 τὰς
828 4832 1107 4907 ἁμαρτίας
1136 4831 1296 4905 ἡμῶν
1325 4832 1711 4887 άνταπέδωκεν
1739 4835 1892 4905 ἡμῖν.
1913 4852 1932 4886 ι

340 4925 562 4980 Σέσωκε
595 4923 707 4995 γάρ
750 4923 914 4988 ὄντας
956 4923 1355 4996 ἁμαρτωλοὺς,
1407 4922 1503 4975 καὶ
1551 4923 1942 4994 προσηγάγετο

342 5013 747 5088 φιλανθρώπως
773 5015 877 5069 οὐκ
911 5014 1070 5079 ὄντας
1108 5013 1293 5081 ἀξίους
1328 5011 1424 5067 τοῦ
1463 5012 1756 5071 σώζεσθαι.
1793 5015 1940 5087 Ἔφη

341 5124 398 5163 τι
427 5106 672 5161 τοιοῦτον
701 5107 797 5161 καὶ
827 5107 893 5160 δι’
914 5107 1108 5180 ἐτέρου
1130 5107 1435 5179 προφήτουο
1467 5125 1485 5159 ι
1510 5104 1576 5158 Τί
1607 5122 1689 5160 σοι
1708 5106 1940 5178 ποιήσω,

358 5203 635 5274 Ἐφρατμς
690 5202 759 5256 Τί
787 5217 868 5254 σοι
899 5202 1138 5274 ποιήσω,
1174 5199 1379 5269 Ἶούδα;
1422 5200 1498 5266 ὡς
1539 5198 1825 5271 ἀδάμαντα
1865 5198 1943 5273 (1)

347 5294 589 5368 θήσομαί
635 5312 717 5361 σε,
768 5294 865 5349 καὶ
903 5293 981 5358 ὡς
1022 5293 1244 5366 Σεδωῖμ
1276 5294 1629 5367 μετεστράφη
1672 5294 1706 5365 ἡ
1748 5292 1948 5364 καρδία

351 5405 457 5459 μου
494 5390 554 5442 ὲν
580 5386 661 5458 τῷ
698 5386 849 5459 αὐτῷ
876 5386 976 5460 (2),
1006 5387 1066 5441 οὐ
1106 5386 1180 5459 μὴ
1211 5387 1426 5458 ποιήσω
1464 5385 1606 5441 κατὰ
1646 5386 1747 5457 τήν
1775 5383 1948 5457 ὀργὴν

348 5480 445 5535 τοῦ
474 5480 650 5553 θυμοῦ
684 5496 820 5554 μουο
852 5479 913 5534 οὐ
952 5479 1028 5553 μὴ
1067 5478 1455 5548 ὲγκαταλείπω
1493 5478 1589 5532 τοῦ
1622 5478 1948 5549 ἐξαλειφθῆ-

2048 3176 2161 3229 nita
2201 3173 2472 3241 Ecclesia,
2504 3166 2711 3244 delegit
2755 3174 2805 3228 ei
2836 3173 3094 3229 custodes
3126 3172 3406 3241 sapientes
3435 3181 3491 3227 et
3523 3185 3652 3241 per-

2044 3266 2261 3337 vigiles,
2293 3273 2347 3319 et
2374 3267 2494 3334 ejus
2518 3276 2710 3318 curam
2746 3264 3050 3319 insomnem
3095 3264 3374 3327 habentes,
3418 3274 3644 3319 sanctos

2050 3357 2300 3412 videlicet
2331 3365 2706 3427 mystagogos,
2733 3357 2823 3425 qui
2862 3356 3011 3411 nullo
3044 3356 3205 3411 modo
3235 3355 3501 3410 desinunt
3534 3354 3651 3427 glu-

2045 3450 2183 3503 riatn
2244 3449 2364 3520 ejus
2402 3459 2458 3504 et
2498 3449 2770 3504 mirabilia
2810 3451 2929 3519 ejus
2981 3462 3443 3515 commemorare,
3483 3447 3650 3502 sicuti

2044 3543 2310 3612 scriptum
2337 3552 2443 3599 est.
2471 3541 2872 3598 Consuevimus
2915 3543 3063 3597 enim
3105 3543 3159 3597 in
3192 3542 3422 3597 ecclesia
3477 3556 3647 3611 popu-

2045 3636 2113 3692 lis
2161 3637 2397 3693 subditis
2439 3651 2669 3704 semper,
2720 3635 3188 3708 magnificentiam
3243 3634 3553 3691 Servatoris
3594 3643 3653 3687 et

2043 3731 2243 3786 divinae
2294 3730 2626 3800 prmstantia:
2668 3729 2997 3799 documenta
3053 3729 3378 3797 praedicare,
3416 3735 3476 3782 ut
3519 3725 3648 3781 inde

2044 3822 2328 3878 immotam
2364 3831 2418 3879 et
2469 3822 2853 3878 inconcussam
2893 3823 2960 3879 de
2985 3838 3054 3879 eo
3092 3821 3254 3878 tidem
3307 3819 3647 3889 concipiant.

2046 3913 2143 3970 Vel
2179 3915 2568 3971 recordaturos
2614 3913 2749 3969 dicit
2794 3913 3053 3969 custodes
3083 3912 3298 3967 Domini
3347 3911 3650 3968 clamaates

2044 4022 2110 4061 ac
2150 4006 2441 4062 dicentes:
2497 4024 2519 4058 ι
2558 4005 2677 4061 Νοη
2731 4013 2818 4061 est
2862 4003 3030 4059 vestri
3081 4003 3302 4058 similis.
3342 4020 3362 4053 ι
3404 4000 3522 4057 Non
3556 4010 3643 4058 est

2045 4098 2190 4153 enim
2232 4098 2390 4153 nobis
2416 4096 2634 4162 similis,
2671 4098 2768 4152 sed
2808 4106 3072 4167 quantum
3110 4095 3407 4152 humanam
3440 4104 3650 4152 sortem

2044 4202 2097 4246 et
2138 4189 2443 4246 nobilitatis
2482 4190 2801 4261 priestantia
2845 4199 2901 4245 et
2945 4188 3250 4245 divinitatis
3320 4189 3494 4261 gloria
3558 4204 3651 4244 su-

2046 4292 2221 4354 perat,
2272 4292 2485 4337 tantum
2546 4282 2789 4339 bonitate
2850 4283 3019 4338 vincit
3066 4293 3122 4339 et
3154 4283 3515 4338 humanitate.
3583 4281 3653 4339 Ut

2045 4375 2189 4430 enim
2255 4375 2465 4430 Psaltes
2528 4374 2670 4432 ait:
2742 4393 2762 4427 ι
2826 4374 2946 4432 Non
2989 4376 3287 4432 secundum
3331 4376 3652 4446 iniquitates

2052 4476 2271 4522 nostras
2302 4465 2432 4522 fecit
2459 4468 2644 4536 nobis,
2674 4483 2852 4538 neque
2875 4468 3181 4525 secundum
3207 4477 3434 4540 peccata
3459 4477 3649 4524 nostra

2052 4562 2309 4617 retribuit
2350 4562 2510 4617 nobis
2545 4562 2616 4615 ⁸⁸.
2672 4579 2692 4614 ι
2742 4561 2999 4619 Servavit
3048 4564 3196 4618 enim
3232 4578 3358 4618 cum
3405 4577 3652 4618 essemus

2050 4663 2397 4722 peccatores,
2434 4652 2601 4724 873
2648 4663 2705 4709 et
2760 4654 3077 4710 humaniter
3116 4668 3181 4709 ac
3219 4653 3523 4709 clementer
3568 4652 3653 4706 in-

2052 4744 2251 4814 dignos
2298 4744 2473 4798 salute
2519 4745 2763 4801 admisit.
2809 4744 3002 4800 Simile
3034 4754 3122 4800 est
3165 4744 3312 4814 quod
3364 4744 3525 4799 dixit“
3554 4756 3652 4811 per

2049 4836 2215 4892 alium
2241 4840 2595 4908 prophetam:
2619 4856 2638 4890 ι
2664 4837 2804 4906 Quid
2822 4838 2916 4893 tibi
2943 4837 3162 4902 faciam,
3190 4835 3483 4906 Ephraim?
3507 4832 3649 4902 Quid

2049 4932 2146 4987 tibi
2189 4932 2383 4987 faciam
2410 4973 2424 4999 ,
2464 4932 2647 4988 Juda?
2695 4933 2852 4988 Sicut
2873 4932 3065 4988 adama
3097 4946 3297 5002 ponam
3329 4940 3402 4997 te,
3432 4937 3486 4984 et
3506 4929 3654 4983 sicut

2051 5022 2270 5079 Seboim
2297 5039 2617 5079 conversum
2641 5033 2722 5080 est
2746 5039 2845 5078 cor
2866 5038 3045 5080 meum
3080 5021 3134 5076 in
3154 5021 3293 5092 ipsi»,
3325 5033 3430 5074 non
3455 5018 3649 5075 faciam

2052 5132 2157 5187 pro
2187 5117 2505 5172 ira‘l‘uroris
2561 5115 2841 5173 mei.N0n
2903 5116 3205 5185 relinquam
3270 5124 3331 5170 ut
3406 5111 3652 5168 deleatur

2051 5208 2340 5280 Ephraim.
2369 5208 2638 5276 Quoniam
2692 5209 2838 5265 Deus
2878 5222 2982 5277 ego
3022 5223 3166 5273 sum,
3216 5218 3269 5263 et
3314 5220 3421 5261 non
3460 5204 3652 5265 homo,

2052 5300 2105 5355 in
2147 5310 2198 5355 te
2243 5311 2467 5357 sanctus
2488 5301 2558 5358 ”.
2600 5320 2620 5354 ›
2666 5300 2804 5369 Quia
2869 5300 3041 5366 enim,
3103 5299 3301 5369 inquit,
3363 5311 3470 5354 non
3529 5308 3652 5350 sum

2054 5391 2239 5458 homo,
2301 5394 2397 5449 sed
2456 5393 2636 5463 potius
2673 5400 2895 5448 sanctus
2932 5392 2986 5446 in
3036 5401 3089 5447 te
3141 5391 3306 5458 Deus,
3359 5394 3652 5460 propterea

2055 5496 2164 5538 non
2209 5484 2516 5556 relinquam
2557 5495 2616 5540 ut
2666 5485 2910 5541 deleatur
2949 5483 3233 5556 prraim.

422 5669 490 5701 οτ-
520 5669 718 5739 Εριιθε,
748 5685 803 5737 ν,
835 5669 934 5726 27,
1009 5668 1058 5704 ⁸⁸
1086 5668 1230 5725 Psal.
1260 5685 1356 5735 eu,
1393 5668 1477 5724 l0.
1554 5670 1600 5703 ⁹⁹
1631 5667 1761 5725 Ose.
1793 5686 1869 5733 χι,
1898 5670 1954 5738 8,
1983 5668 2036 5727 9.

425 5823 795 5911 (1).!JXX,‘1£
839 5843 899 5911 σε
938 5825 1237 5911 διαθξιμαι,
1282 5826 1553 5911 Ἐφραίμ
1612 5827 1939 5900 ὑπερασπιῶ

353 5896 489 5961 σου,
519 5896 766 5969 Ἰσραήλ;
802 5897 855 5951 τί
880 5914 938 5950 σε
968 5896 1174 5966 suos;
1202 5896 1277 5959 ὡς
1298 5898 1502 5968 ἁδάμα,

2122 5827 2199 5900 (2)
2232 5827 2373 5885 LXX
2404 5830 2629 5897 addunt,
2663 5818 3042 5902 συνεταράχθη
3080 5829 3112 5901 ἠ
3147 5822 3487 5901 μεταμέλειά
3514 5840 3640 5901 μου.
