4140 6448
381 405 536 460 13⁸77

1539 405 1604 460 ΙΝ
1647 403 1881 460 ιειιτιιι
1924 403 2054 460 LIB.
2098 405 2166 460 V‘.
2209 401 2448 460 TOMUS
2493 403 2555 458 ν.

3565 405 3704 462 1578

379 522 762 594 πταισμάτων
836 523 1132 594 ἐλευθέραν
1181 525 1291 587 τοῖς
1349 524 1653 580 εἰσϐάλλειν
1730 523 2001 579 ἐθέλουσιν

2116 525 2214 576 l:ns
2266 538 2520 587 vacuum,
2572 523 2656 577 his
2697 523 2787 593 qui
2835 523 3022 578 volunt
3072 523 3323 595 ingredi;
3362 539 3459 594 per
3499 524 3704 592 lapides

378 615 679 686 ἀποφῆναι
713 613 813 686 τὴν
844 615 1170 686 εἰσδρομὴν·
1197 613 1284 667 διὰ
1311 615 1418 686 γάρ
1447 633 1528 669 τοι
1545 615 1653 668 τῶν
1682 613 1846 668 λίθων
1874 617 2005 668 ὐπο-

382 709 552 780 δηλοῖ
581 707 654 762 τὰ
700 707 996 762 σκάνδαλα.
1046 706 1110 760 Εἰ
1165 707 1266 778 μὲν
1314 708 1425 780 γάρ
1470 727 1555 773 τις
1599 709 1684 780 εἴη
1732 707 1894 780 τυχὸν
1939 709 2005 760 ἐκ

383 803 498 874 τῆς
531 801 804 856 Ἰουδαίων
848 801 1052 871 ἀγέλης
1095 800 1458 872 κεκλημένος.
1501 802 1830 873 προσπταίει
1873 801 2004 854 πολ-

384 894 560 959 λάκις
581 898 695 959 τοῖς
721 896 966 964 νομικοῖς
990 893 1340 965 ἐντάλμασιν,
1367 895 1740 964 ἐμφιλοχωρεῖ
1766 895 1874 964 γὰρ
1894 896 2006 957 τοῖς

385 989 617 1055 τύποις,
656 988 753 1042 καὶ
778 983 892 1041 οἷον
933 987 1193 1058 ἐνιζήσας
1229 993 1350 1053 ταῖς
1399 991 1580 1050 σκιαῖς
1627 989 2004 1061 ἀπαράδεκτον

392 1087 641 1139 ποιεῖται
681 1083 782 1154 τὴν
819 1083 1099 1154 ἀλήθειαν.
1144 1083 1208 1136 Ei
1247 1083 1303 1137 δὲ
1335 1084 1399 1155 δή
1435 1079 1582 1156 τιςῇ
1625 1083 1736 1138 τῶν
1773 1085 1836 1136 ἐκ
1865 1083 2004 1153 πλη-

393 1177 920 1248 θύοςἜλληνικῆς,
999 1177 1331 1248 προσπταίει
1394 1178 1489 1232 καὶ
1533 1173 1687 1240 οὗτος
1747 1177 1823 1250 τῷ
1868 1177 2005 1248 ξένῳ

396 1271 504 1342 τῆς
548 1270 919 1334 διδασκαλίας,
965 1269 1189 1342 θορυϐεῖ
1228 1287 1286 1323 τε
1325 1270 1444 1324 λίαν
1478 1271 1638 1324 αὐτὸν
1656 1271 1719 1325 τὸ
1736 1271 2005 1340 ἀσύνηθες

395 1365 506 1435 τῆς
545 1363 820 1436 λατρείας,
862 1363 896 1435 ἢ
930 1363 1073 1434 τάχα
1103 1382 1207 1418 που
1238 1366 1332 1418 καὶ
1367 1365 1645 1435 μέμνηται
1675 1365 1872 1432 λέγων’
1911 1363 2005 1428 οὓς

399 1459 498 1510 ἐπί
526 1475 589 1525 γε
626 1460 740 1520 τοῖς
769 1456 920 1526 σφῶν
953 1457 1134 1510 αὐτῶν
1165 1456 1445 1511 ποιοῦνται
1483 1457 1624 1520 Θεοῖς
1654 1459 1701 1510 οἱ
1741 1456 1873 1527 παρ’
1909 1457 2006 1510 αὐ·

400 1554 518 1614 τοῖς
555 1549 800 1616 λογάδες.
839 1549 1116 1613 Παλαιοὺς
1161 1549 1272 1621 γὰρ
1320 1550 1414 1603 καὶ
1449 1549 1833 1619 γεγηρακότας
1871 1565 2003 1616 συγ-

401 1643 720 1712 γεγράφασι
761 1641 966 1712 μύθους
997 1641 1330 1708 πλανῶντες,
1363 1643 1456 1696 καὶ
1498 1640 1872 1712 πλανώμενοι,
1913 1641 2005 1694 καὶ

398 1735 718 1806 διαϐολικῆς
757 1734 957 1806 ἀχλύος
989 1736 1442 1807 ἀναπιμπλάντες
1481 1737 1581 1808 τὴν
1615 1737 1740 1806 γῆν.
1784 1735 1924 1788 Ἀλλ’
1955 1736 2004 1788 οἱ

401 1829 657 1901 νηφάλιοι
687 1828 948 1898 φύλακες,
982 1831 1076 1882 καὶ
1115 1831 1468 1900 μυσταγωγοὶ
1499 1829 1600 1893 τὰς
1631 1829 1740 1883 τῶν
1777 1827 2008 1883 σκανδά-

2108 617 2256 670 enim
2310 615 2596 671 subinnuit
2627 615 2910 670 scandala.
2972 615 3031 670 Si
3093 616 3220 686 quis
3270 617 3414 672 enim
3467 616 3704 686 exempli

2106 726 2296 776 causa,
2325 725 2388 766 ex
2433 707 2860 779 congregatione
2893 707 3204 764 Iudaeorum
3235 718 3462 766 vocatus
3490 710 3584 776 sit,
3619 707 3707 764 of-

2107 802 2278 857 fendit
2327 802 2555 857 subinde
2609 803 2679 857 ad
2735 801 2870 873 legis
2916 811 3224 873 prmcepta,
3272 811 3328 857 et
3382 803 3708 856 immoratur

2109 896 2318 968 ﬁguris,
2351 911 2416 949 ac
2455 894 2604 950 velut
2627 895 2840 950 umbris
2867 896 3140 960 assidens,
3183 911 3291 950 non
3337 895 3576 949 admittit
3610 909 3704 950 vce

2109 991 2359 1043 ritatcnt.
2387 985 2481 1040 Sin
2509 985 2678 1046 fuerit
2707 987 2976 1056 quispiam
3005 1003 3072 1042 ex
3109 986 3456 1040 multitudine
3483 983 3708 1040 Grteco-

2110 1096 2252 1145 rum,
2300 1079 2554 1150 impingit
2597 1079 2762 1133 etiam
2797 1078 2888 1132 hic
2919 1079 2986 1133 ad
3032 1079 3296 1134 doctrinm
3337 1078 3704 1148 peregrinita-

2110 1183 2215 1228 tem
2247 1182 2304 1228 et
2336 1173 2514 1227 cultus
2565 1175 2916 1228 inconsuetus
2949 1175 3098 1228 illum
3149 1173 3306 1227 valde
3352 1173 3554 1237 turbat,
3591 1185 3708 1226 me-

2108 1278 2338 1333 morque
2389 1274 2474 1317 est
2517 1266 2815 1318 verborum
2883 1279 3004 1332 quae
3054 1265 3294 1333 ipsorum
3339 1276 3599 1330 proceres
3638 1263 3706 1314 de

2107 1357 2221 1411 suis
2247 1358 2350 1410 diis
2381 1357 2608 1409 faciunt.
2649 1355 2784 1409 INam
2817 1356 2946 1411 olim
2979 1357 3238 1410 fallentes
3261 1367 3315 1408 et
3349 1353 3494 1418 falsi,
3521 1369 3584 1407 ac
3613 1368 3708 1408 ca-

2106 1451 2272 1520 ligine
2301 1449 2568 1510 diabolica
2610 1439 2885 1520 replentes
2912 1459 3140 1512 terram,
3177 1450 3390 1503 fabulas
3419 1447 3618 1503 seniles
3651 1453 3710 1500 et

2108 1542 2282 1596 aniles
2323 1541 2795 1610 conscripserunt.
2859 1539 3131 1597 Caeterum
3175 1543 3367 1612 vigiles
3418 1549 3476 1595 et
3537 1539 3709 1594 sobrii

2109 1633 2363 1688 custodes
2413 1633 2740 1704 mystagogi,
2788 1631 3154 1687 oili-nsionum
3209 1643 3267 1686 et
3317 1631 3706 1688 scandalorum

2107 1727 2423 1780 occasiones
2451 1737 2761 1793 amputant,
2795 1726 3011 1790 singula
3057 1725 3359 1781 artiﬁciose
3399 1725 3710 1780 dissolven-

2111 1826 2213 1883 tes,
2234 1833 2354 1888 qua:
2377 1818 2650 1873 traditioni
2681 1819 2807 1873 ﬁdei
2837 1819 2890 1873 in
2923 1816 3213 1872 Dominum
3245 1827 3494 1872 nostrum
3519 1814 3708 1870 Jesum

401 1923 512 1977 λων
539 1921 970 1994 περικόπτουσιν
997 1923 1278 1994 ἀφορμὰς,
1315 1924 1527 1977 ἕκαστα
1558 1923 1779 1986 λύοντες
1827 1922 2001 1994 εὺτέχ·

2120 1911 2398 1967 Christum
2449 1913 2700 1967 videntur
2750 1914 3051 1970 adversari.
3103 1911 3218 1966 Hoc
3281 1909 3511 1978 faciunt,
3559 1917 3710 1964 recte

402 2034 514 2080 νως
546 2015 616 2070 τὰ
644 2015 974 2070 ἀνθεστὸωαι
1021 2015 1286 2069 δοκοῦντα
1321 2019 1386 2087 τῇ
1429 2016 1728 2088 παραδόσει
1772 2017 1872 2086 τῆς
1913 2016 2005 2069 πίο

408 2127 600 2175 στεως,
629 2109 728 2180 τῆς
749 2109 830 2172 εἰς
853 2108 946 2161 τὸν
973 2106 1180 2178 Κύριον
1206 2107 1237 2178 ἡ
1247 2106 1364 2178 μῶν
1395 2106 1604 2178 Ἰησοῦν
1625 2107 1716 2159 τὸν
1739 2108 1783 2160 Χ
1793 2107 2003 2178 ριστὸνο

402 2199 566 2254 τοῦτο
609 2199 810 2271 δρῶσιν
851 2197 1061 2270 ὀρθῶς,
1107 2197 1404 2267 λογισμοὺς
1455 2196 1877 2268 καθαιροῦντες,
1913 2197 2007 2250 καὶ

405 2294 516 2347 πᾶν
571 2291 775 2362 ὕψωμα
829 2291 1198 2362 ἐπαιρόμενον
1256 2289 1400 2344 κατά
1461 2289 1560 2360 τῆς
1609 2287 1865 2357 γνώσεως
1910 2287 2004 2342 τοῦ

403 2385 562 2451 Θεοῦ,
607 2386 702 2440 καὶ
732 2382 1230 2456 αἰχμαλωτίζοντες
1265 2384 1373 2437 πᾶν
1419 2383 1596 2453 νόημα
1641 2383 1720 2444 είς
1750 2381 1850 2452 τὴν
1899 2381 2004 2435 ὐπ-

403 2479 576 2550 ακοὴν
623 2477 813 2532 αὑτοῦ.
863 2477 1187 2548 Εὑρήσομεν
1217 2474 1278 2528 δέ
1315 2474 1406 2528 τὸν
1441 2473 1731 2546 ἱερώτατον
1770 2472 2002 2536 Παῦλον,

417 2570 710 2634 Ἰουδαίους
773 2571 872 2640 μὲν
943 2567 1438 2631 σκανδαλισθέντας
1499 2565 2002 2638 ἐπανορθούμενον,

404 2663 807 2736 ἐπιπλήττοντα
853 2661 909 2715 δὲ
953 2663 1065 2725 τοῖς
1105 2659 1164 2724 ἐξ
1203 2659 1382 2714 ἐθνῶν
1415 2659 1658 2712 τοιοῦτόν
1705 2675 1763 2710 τι
1803 2673 2006 2710 πεπον-

403 2755 572 2810 θόσιν.
600 2755 748 2826 Ἔφη
783 2753 883 2826 μὲν
920 2753 1031 2824 γὰρ
1063 2755 1176 2816 τοῖς
1213 2750 1274 2817 ἐξ
1313 2751 1546 2821 αἵματος
1590 2750 1840 2820 Ἰσραήλο
1879 2767 1898 2799 ι
1941 2749 2004 2802 Ἠ

403 2847 682 2919 περιτομὴ
711 2845 871 2900 οὐδέν
903 2848 1044 2910 ἐστι,
1075 2845 1170 2898 καὶ⁵
1201 2845 1234 2914 ἠ
1269 2843 1604 2915 ἀκροϐυστία
1645 2842 1797 2896 οὐδέν
1831 2843 2002 2906 ἐστιν,

403 2937 542 2991 ἀλλὰ
570 2938 805 3010 τήρησις
827 2937 1059 2990 ἐντολῶν
1091 2935 1249 2990 Θεοῦ.
1267 2955 1285 2986 ι
1314 2937 1426 2990 Καὶ
1453 2935 1636 2988 πάλιν·
1667 2953 1685 2985 ι
1712 2933 1870 3003 Λέχω
1896 2935 2006 3002 γὰρ

401 3031 555 3103 ὑμῖν,
609 3031 690 3084 ὅτι
736 3030 831 3083 ἐάν
884 3028 1328 3100 περιτέμνησθε,
1379 3028 1614 3098 Χριστὸς
1659 3027 1806 3096 ὑμᾶς
1852 3026 2006 3079 οὐδὲν

403 3123 706 3196 ὠφελήσει.
761 3121 1272 3194 Ἀπηλλοτριὼθητε
1317 3121 1426 3174 ἀπὸ
1474 3119 1714 3192 Χριστοῦ
1743 3159 1758 3184 ,
1809 3120 2006 3181 οἵτινες

401 3220 462 3272 ἐν
487 3217 636 3289 νόμῳ
665 3214 1002 3280 δικαιοῦσθε,
1029 3217 1128 3288 τῆς
1159 3217 1384 3288 χάριτος
1417 3215 1767 3282 ἐξεπέσατε.»
1816 3213 2005 3284 Ἡμεῖς

2113 2006 2352 2062 tollendo
2395 2007 2710 2073 ratiocinia,
2743 2016 2798 2061 et
2845 2023 3064 2062 omnem
3113 2005 3491 2059 celsitudinem
3535 2001 3710 2058 cxtol-

2111 2099 2311 2155 lentem
2359 2113 2420 2154 se
2468 2111 2659 2154 contra
2726 2100 3096 2170 cognitionem
3142 2099 3238 2153 Dei
3299 2099 3620 2158 evertendo,
3653 2103 3711 2151 et

2108 2209 2324 2248 omnem
2353 2193 2690 2250 intellectum
2715 2199 2783 2250 ad
2813 2195 3180 2250 obedientiam
3209 2193 3331 2262 ejus
3353 2192 3706 2263 captivando.

2109 2285 2456 2341 Inveniemus
2511 2298 2694 2342 autem
2759 2290 3172 2344 sanctissimum
3215 2287 3441 2342 Paulum
3491 2285 3710 2342 Iudaeos

2108 2381 2348 2435 offensos
2377 2381 2768 2449 corrigentem,
2798 2393 2850 2436 et
2884 2394 3074 2452 gentes
3106 2384 3303 2452 quibus
3338 2382 3515 2437 simile
3547 2381 3710 2453 quid-

2109 2477 2231 2531 dam
2267 2476 2467 2530 accidit
2503 2475 3018 2544 reprehendentem.
3051 2477 3197 2530 Dixit
3223 2476 3370 2529 enim
3405 2475 3709 2529 Israelitico

2108 2569 2373 2639 sanguine
2409 2568 2691 2622 oriundis:
2724 2587 2744 2620 ι
2782 2567 3145 2623 Circumcisio
3177 2569 3314 2622 nihil
3339 2581 3445 2636 est,
3479 2581 3532 2622 et
3565 2583 3707 2638 pra:-

2109 2662 2318 2731 putium
2351 2661 2481 2714 nihil
2508 2669 2612 2726 est,
2645 2659 2812 2732 875
2844 2661 2938 2714 sed
2975 2659 3286 2716 observatio
3308 2672 3708 2730 praeceptorum

2113 2755 2203 2808 Dei
2236 2752 2280 2807 ⁸.
2318 2772 2338 2806 ι
2385 2752 2451 2808 Ει
2485 2769 2718 2808 rursus:
2756 2771 2774 2806 ι
2822 2752 2952 2807 Dico
2986 2755 3132 2809 enim
3172 2756 3348 2821 vobis,
3397 2753 3442 2808 si
3473 2754 3710 2808 circnm-

2112 2847 2393 2912 cidamini,
2459 2847 2712 2902 Christus
2769 2846 2926 2902 vobis
2971 2847 3106 2902 nihil
3161 2847 3424 2918 proderit.
3473 2846 3708 2901 Alienati

2109 2939 2241 2994 estis
2270 2954 2299 2993 a
2329 2939 2587 3007 Christo;
2615 2939 2926 3010 quicunque
2957 2942 3009 2994 in
3061 2940 3180 3011 lege
3211 2940 3498 3007 iustiﬁcati
3548 2939 3704 3002 estis,

2109 3048 2138 3086 a
2173 3031 2345 3100 gratia
2378 3033 2774 3087 excidistis‘n
2819 3033 2932 3088 Nos
2965 3033 3108 3088 enim
3139 3049 3236 3104 per
3267 3033 3426 3088 ﬁdem
3452 3049 3602 3102 spem
3623 3033 3711 3102 ju-

2109 3125 2272 3180 stiti-.e
2341 3125 2660 3196 accipimus.
2720 3123 3036 3181 Graecorum
3115 3135 3300 3181 autem
3350 3124 3708 3188 multitudini,

2113 3236 2134 3270 ι
2171 3219 2319 3283 Dies,
2361 3237 2380 3270 ι
2415 3218 2616 3288 inquit,
2651 3238 2670 3271 ε
2717 3221 3022 3274 observatis
3077 3229 3410 3286 et‘menses,
3461 3231 3710 3290 tempora

405 3311 518 3383 γὰρ
566 3310 658 3363 διὰ
703 3309 803 3380 τῆς
851 3307 1090 3372 πίστεως
1145 3308 1338 3362 ἐλπίδα
1385 3306 1737 3376 δικαιοσύνης
1789 3303 2001 3374 ἐκδεχό·

2113 3319 2167 3364 οι
2212 3325 2406 3364 annos.
2449 3309 2631 3364 Metuo
2669 3311 2844 3376 vobis,
2885 3327 2954 3366 ne
2999 3310 3202 3366 frustra
3252 3313 3612 3368 laboraverim
3655 3316 3709 3368 in

405 3404 566 3476 μεθα·
591 3403 693 3474 τῆς
713 3399 823 3474 [ἵσ.
851 3399 989 3472 τοῖς]
1020 3399 1084 3468 γε
1115 3399 1222 3471 μὴν
1240 3401 1303 3452 ἐκ
1323 3399 1425 3469 τῆς
1452 3399 1720 3470 Ἑλλήνων
1742 3395 2003 3475 πληθύος*

406 3519 426 3552 ι
472 3496 730 3568 Ἡμέρας
761 3492 1190 3566 παρατηρεῖσθε,
1241 3493 1334 3544 καὶ
1381 3491 1576 3560 μῆνας,
1608 3489 1705 3542 καὶ⁴
1742 3489 2002 3559 καιροὺς,

401 3590 498 3646 καὶ
526 3587 828 3650 ἐνιαυτοὺς,
861 3583 1135 3655 φοϐοῦμαι
1172 3583 1352 3655 ὑμᾶς,
1409 3584 1622 3654 μήποτε
1655 3581 1782 3652 εἰκῆ
1839 3597 2004 3635 κεκο-

401 3683 578 3737 πίακα
617 3683 698 3744 είς
737 3679 906 3749 ὑμᾶς.
936 3696 954 3728 ι
993 3677 1158 3749 Ὁρᾷς
1209 3675 1490 3746 πανταχοῦ
1545 3674 2004 3748 διαρῤιπτοῦντας

398 3779 525 3838 τοὺς
556 3774 760 3838 λίθους,
788 3772 886 3827 καὶ
916 3773 982 3826 ἐκ
1021 3773 1189 3843 μέσου
1219 3772 1467 3835 τιθέντας
1497 3771 1566 3824 τὰ
1603 3771 1806 3842 ἀμφοῖν
1837 3770 2004 3824 σκάν-

401 3871 558 3924 δαλα.
588 3867 786 3930 Λίθους
822 3865 880 3920 δέ
911 3861 1050 3918 εἷναί
1082 3882 1265 3938 φαμεν
1307 3865 1402 3918 καὶ
1436 3863 1661 3936 ἑτέρως,
1689 3857 1773 3927 οἷς
1805 3863 1871 3918 ἂν
1890 3862 2004 3916 ἐσθ’

398 3963 490 4016 ὅτε
529 3957 964 4033 προσπταίσειάν
1002 3975 1168 4022 τινες,
1204 3957 1272 4011 τά
1301 3957 1412 4011 τῶν
1445 3957 1676 4010 ἀνοσίων
1709 3954 2004 4025 αἱρετικῶν

403 4054 611 4126 βέϐηλά
656 4071 716 4108 τε
778 4053 875 4106 καὶ
911 4051 1132 4122 μυσαρά
1178 4051 1570 4120 τερετίσματα.
1617 4048 2002 4118 Κενοφωνοῦσι

400 4149 512 4220 γὰρ
543 4148 594 4202 οί
639 4145 866 4202 δείλαιοι
919 4146 1032 4207 τοῖς
1076 4141 1464 4215 ὀρθοποδοῦσιν
1517 4141 1998 4206 ἐπιϐουλεύοντες,

399 4241 497 4296 καὶ
529 4239 640 4294 τῶν
666 4239 767 4310 τῆς
795 4235 1057 4308 ἀληθείας
1089 4234 1378 4304 δογμάτων
1404 4233 1856 4305 ἀποκομίζοντες,
1889 4233 1999 4286 τῶν

399 4332 869 4406 εὐσυναρπάστων
891 4329 1046 4393 τινάς
1065 4345 1078 4360 ·
1106 4327 1244 4382 ἀλλὰ
1267 4327 1362 4380 καὶ
1386 4326 1560 4380 ταῦτα
1584 4326 1998 4398 διαρῥίπτουσιν

399 4431 466 4482 ἐκ
517 4426 684 4499 μέσου
735 4423 848 4478 τῶν
887 4423 987 4494 τῆς
1025 4421 1352 4490 Ἐκκλησίας
1397 4420 1592 4492 τειχῶν
1635 4423 1686 4476 οἱ
1732 4422 1993 4494 φύλακες.

398 4519 566 4591 Τείχη
604 4518 663 4572 δέ
712 4517 882 4588 αὐτῆς
913 4512 1052 4570 εἷναί
1099 4531 1283 4586 φαμεν
1329 4514 1426 4568 καὶ
1459 4513 1568 4568 τῶν
1601 4515 1702 4586 τῆς
1737 4515 1994 4588 ἀληθείας

2112 3401 2266 3456 vobis
2303 3403 2344 3456 °'.
2379 3421 2398 3454 ι
2437 3402 2602 3459 Vides
2649 3419 2870 3473 semper
2911 3404 3033 3460 illos
3073 3421 3329 3462 amovere
3377 3407 3606 3476 lapides,
3655 3418 3714 3461 et

2109 3494 2394 3550 amborum
2431 3495 2690 3550 scandala
2725 3497 2794 3552 de
2833 3499 3012 3553 medio
3049 3499 3260 3554 tollere.
3290 3499 3525 3570 Lapides
3553 3502 3712 3556 aliter

2107 3599 2326 3656 quoque
2356 3587 2611 3655 dicimus,
2646 3588 2714 3644 all
2749 3605 2892 3659 quos
2925 3591 3196 3645 interdum
3229 3603 3452 3663 possent
3485 3594 3708 3662 quidam

2107 3678 2406 3745 offendere,
2441 3682 2734 3752 impiorum
2767 3683 3158 3740 hmreticorum
3195 3703 3353 3755 nugae
3390 3697 3439 3742 et
3469 3687 3712 3758 profante

2107 3783 2164 3832 et
2215 3776 2610 3833 exsecrabiles.
2669 3777 2918 3833 lnaniter
2970 3780 3116 3834 enim
3173 3781 3424 3850 garriunt
3478 3782 3706 3844 miseri,

2089 3875 2260 3924 'recto
2289 3869 2426 3940 pede
2488 3869 2870 3926 incedentibus
2907 3884 3296 3941 comparantes
3351 3873 3578 3929 insidias
3602 3913 3618 3940 ,
3649 3883 3715 3929 et

2106 3962 2373 4032 quosdam
2415 3961 2505 4030 qui
2546 3961 2709 4016 facile
2761 3963 2934 4016 averti
2990 3972 3222 4032 possunt
3264 3979 3294 4020 a
3324 3965 3574 4020 veritatis
3611 3967 3710 4022 do-

2105 4051 2378 4124 gmatibus
2427 4051 2726 4108 abducunl.
2791 4049 2900 4107 Sed
2932 4062 2987 4107 et
3028 4055 3146 4110 haec
3185 4055 3379 4110 tollunt
3420 4058 3487 4113 de
3525 4059 3709 4116 medio

2105 4157 2384 4197 murorum
2445 4141 2710 4198 Ecclesiae
2759 4145 3038 4199 custodes.
3106 4145 3295 4202 Muros
3353 4157 3536 4203 autem
3587 4148 3707 4218 ejus

2104 4233 2360 4298 dicimus,
2423 4235 2672 4290 veritatis
2723 4234 3038 4308 dogmatqu
3086 4238 3470 4307 stabilitatem,
3506 4250 3700 4297 contra

2103 4341 2222 4391 quze
2269 4341 2372 4382 nec
2417 4326 2722 4383 inferorum
2769 4339 2943 4400 portae
2994 4330 3179 4388 valere
3227 4343 3474 4402 possunt.
3513 4353 3533 4388 ι
3573 4335 3705 4391 Tol-

2100 4417 2196 4472 lite
2253 4419 2420 4483 enim,
2480 4419 2678 4490 inquit,
2728 4412 2946 4492 signum
2979 4425 3044 4478 ad
3076 4433 3290 4495 gentes.
3360 4427 3502 4483 Ecce
3556 4431 3744 4490 enim,

2103 4509 2368 4565 Dominus
2393 4509 2522 4565 fecit
2562 4517 2622 4565 ut
2657 4513 2916 4568 audiatur
2943 4530 3116 4585 usque
3144 4518 3211 4571 ad
3242 4524 3523 4574 extremos
3565 4519 3704 4575 ﬁnes

395 4611 688 4682 δογμάτων
729 4609 829 4682 τὴν
870 4607 1222 4680 ἑδραιότητα,
1267 4600 1343 4662 ὧν
1376 4608 1476 4662 οὐκ
1503 4606 1569 4661 ἂν
1608 4609 1994 4680 κατισχύσαιεν

2106 4610 2284 4656 πει-τω.
2308 4621 2326 4654 ι
2349 4601 2415 4656 Ει
2439 4603 2702 4674 quidnam
2728 4605 2832 4662 hoc
2847 4616 2928 4663 est
2942 4607 2966 4662 ?
2981 4606 3049 4664 Ut
3071 4611 3324 4665 audiatur
3342 4611 3445 4668 hoc
3462 4611 3698 4684 signum,

397 4704 454 4758 αι
491 4703 618 4776 ᾅδου
675 4701 863 4756 πύλαι.
893 4718 913 4752 ι
940 4701 1146 4772 ’Ἄρατε
1185 4697 1295 4772 γὰρ
1344 4699 1648 4772 σύσσημον,
1682 4701 1870 4774 φησὶν,
1912 4703 1994 4766 εἰς

393 4795 466 4850 τὰ
493 4795 643 4866 ἐθνη.
691 4793 825 4848 Ἰδοὺ
859 4791 972 4864 γὰρ
1021 4790 1230 4862 Κύριος
1267 4791 1536 4846 ἀκουστὸν
1579 4793 1840 4864 ἐποίησεν
1887 4793 1994 4858 ἕως

393 4885 628 4956 ἐσχάτου
693 4882 792 4953 τῆς
848 4881 970 4954 γῆς.
1001 4899 1021 4932 ι
1066 4879 1176 4934 Καὶ
1222 4881 1375 4932 ποῖον
1420 4877 1531 4949 ἄρα
1571 4877 1718 4932 τοῦτ’
1764 4879 1878 4932 ἐστι
1930 4879 1994 4934 τὸ

393 4975 660 5031 ἀκουστὸν
699 4974 1004 5046 σύσσημον,
1031 4972 1060 5026 ὸ
1089 4971 1186 5027 καὶ
1209 4973 1322 5036 τοῖς
1350 4970 1552 5036 ἔθνεσι,
1583 4972 1680 5027 καὶ
1701 4973 1807 5038 ἕως
1834 4974 1994 5045 ἐσχά-

394 5085 490 5123 του
519 5069 618 5140 τῆς
651 5068 756 5138 γῆς
784 5068 1024 5138 ἀρθῆναι
1054 5065 1165 5119 δεῖν
1190 5064 1318 5135 ἔφη,
1349 5063 1663 5130 τουτέστιν,
1683 5063 1994 5138 ἐπαρθῆναι

391 5178 453 5215 τε
477 5161 573 5215 καὶ
597 5159 857 5230 γενέσθαι
883 5157 1316 5228 γνωριμώτατον
1337 5156 1397 5209 τὸ
1428 5155 1584 5228 ῥῆμα
1605 5157 1705 5226 τῆς
1731 5157 1990 5224 πίστεως,

390 5251 420 5305 ὃ
451 5249 830 5322 κηρύσσομεν,
861 5247 894 5320 ἢ
931 5248 1076 5317 τάχα
1107 5264 1210 5302 που
1235 5250 1330 5302 καὶ
1359 5247 1454 5300 τοῦ
1490 5247 1759 5320 σωτηρίου
1785 5248 1994 5313 πάθους

367 5331 454 5397 ’τὸ
488 5342 782 5415 σύμὸολον.
813 5342 970 5395 Ἔστι
995 5339 1052 5394 δέ
1083 5341 1180 5394 καὶ
1213 5328 1372 5395 τοῦτο
1395 5342 1496 5413 τῆς
1531 5343 1770 5406 πίστεως
1797 5342 1990 5414 ὁμολο-

392 5435 505 5506 γία.
552 5437 646 5489 Δεῖ
677 5418 788 5505 γάρ
823 5433 1020 5498 εἰπεῖν,
1056 5433 1140 5485 ὅτι
1171 5431 1378 5506 Κύριος
1419 5435 1659 5506 Ἰησοῦς,
1709 5435 2002 5490 πιστεῦσαί

389 5546 474 5595 τε,
519 5530 602 5582 ὅτι
642 5529 672 5582 ὁ
709 5528 846 5592 Θεὸς
891 5525 1054 5581 αὐτὸν
1095 5525 1318 5596 ἤγειρεν
1363 5527 1429 5580 ἐκ
1473 5527 1707 5599 νεκρῶν.
1741 5527 1912 5594 mea
1945 5529 2002 5584 δὲ

386 5621 549 5676 τοῦτο
579 5622 673 5676 καὶ
697 5623 763 5674 ἐκ
785 5618 1044 5685 θανάτου,
1073 5620 1168 5672 καὶ
1199 5619 1494 5690 ἁμαρτίας.
1526 5618 1736 5674 Οὐκοῦν
1771 5621 1832 5673 οὐ
1869 5621 2001 5674 ’1ου-

388 5707 557 5761 δαίων
593 5709 776 5779 μόνον,
808 5706 945 5762 ἀλλά
989 5705 1084 5761 καὶ
1117 5705 1308 5760 ἐθνῶν.
1351 5707 1582 5777 Αίρεται
1617 5708 1726 5780 γὰρ
1759 5708 1820 5762 τὸ
1866 5709 1998 5763 σύσ-

461 5887 487 5923 ⁵
520 5887 698 5946 Calai.
733 5896 783 5957 γ,
821 5889 912 5944 ll:
987 5890 1008 5922 ⁸
1044 5889 1200 5957 ibid.,
1227 5888 1260 5942 2
1290 5889 1342 5944 4.
1409 5891 1444 5971 ,⁸
1479 5889 1656 5946 Galat.
1691 5905 1765 5960 tv,
1797 5889 1885 5958 10,
1925 5893 2010 5952 ll.

2105 4693 2246 4764 quod
2277 4695 2342 4749 ad
2374 4704 2564 4767 gentes
2605 4705 2660 4752 et
2688 4698 2756 4753 ad
2785 4709 3032 4755 extrema
3073 4710 3233 4760 terrae
3261 4703 3560 4760 tollendum
3597 4707 3698 4772 ait,

2106 4787 2158 4842 id
2211 4796 2299 4843 est
2357 4789 2752 4859 extollendum,
2808 4800 2864 4848 et
2910 4795 3117 4865 passim
3163 4796 3553 4868 divulgandum
3595 4800 3700 4856 hee

2105 4881 2334 4938 verbum
2369 4881 2516 4950 ﬁdei,
2543 4884 2690 4954 quod
2723 4887 3112 4957 praedicamus,
3144 4905 3238 4945 seu
3265 4890 3406 4946 forte
3430 4891 3702 4960 passionis

2103 4975 2360 5031 salutaris
2408 4977 2738 5048 symbolum,
2785 4992 2950 5052 atque
3015 4983 3067 5036 id
3114 4990 3199 5038 est
3234 4982 3358 5038 ﬁdei
3402 4983 3696 5041 confessio.

2106 5067 2336 5140 Oportet
2389 5071 2534 5125 enim
2605 5071 2788 5127 dicere
2850 5075 3142 5130 Dominum
3193 5089 3314 5132 esse
3368 5075 3592 5144 Iesum,
3634 5095 3700 5134 ac

2098 5164 2328 5218 credere
2367 5162 2536 5218 Deum
2577 5166 2850 5222 excitasse
2895 5168 3070 5239 ipsum
3106 5183 3138 5223 e
3183 5171 3436 5226 mortuis.
3503 5172 3700 5228 Servat

2099 5265 2279 5310 autem
2311 5256 2414 5310 hoc
2439 5271 2467 5309 a
2497 5267 2675 5313 morte
2702 5267 2758 5314 et
2783 5271 3028 5328 peccato.
3053 5261 3221 5332 Igitur
3256 5280 3360 5320 non
3387 5263 3695 5322 Juducorum

2101 5349 2284 5413 tnodo,
2313 5351 2408 5405 sed
2441 5359 2494 5404 et
2517 5353 2781 5422 gentium.
2805 5351 3042 5410 Tollitur
3066 5357 3209 5414 enim
3233 5359 3468 5429 signum,
3500 5361 3697 5416 nonad

2101 5439 2277 5493 solum
2311 5442 2599 5498 credentes
2629 5459 2696 5498 ex
2739 5448 3006 5518 sanguine
3031 5446 3222 5514 Israel,
3249 5449 3344 5504 sed
3387 5451 3458 5504 ad
3504 5466 3697 5506 omnes

2100 5531 2303 5600 ubique
2337 5535 2604 5605 gentium.
2633 5535 2796 5593 Orbis
2830 5555 3066 5612 namque
3095 5549 3237 5596 totus
3268 5540 3370 5596 sub
3389 5542 3513 5597 caeli
3538 5559 3694 5598 com-

2097 5623 2256 5693 plexu
2284 5629 2596 5700 evangelica
2617 5633 3026 5701 prmdicatione,
3057 5642 3315 5703 tanquam
3346 5636 3468 5702 reti,
3497 5642 3693 5707 captus

2097 5727 2197 5771 εει.
