4140 6512
485 451 625 507 1379

1470 439 1526 492 S.
1568 433 1847 491 CYIHLLI
1886 432 2358 489 ALEXANDBINI
2398 431 2721 488 ARCHIEP.

3612 427 3753 485 1380

487 588 665 645 σημον
693 570 823 639 ,οὐχὶ
865 568 1043 639 μόνοις
1073 566 1183 627 τοῖς
1249 560 1604 614 πιστεύσασιν
1642 559 1700 624 ἐξ
1737 558 1970 629 αἵματος
2017 557 2254 629 Ἰσραὴλ,
2297 556 2435 610 ἀλλά
2500 555 2611 627 γάρ
2654 554 2893 617 καὶτοῖς
2932 550 3277 622 ἁπανταχόσε
3341 549 3479 620 γῆς’
3515 549 3753 620 σεσαγή-

488 682 674 721 νευται
707 662 815 732 γάρ
845 658 932 712 διὰ
968 658 1078 711 τῶν
1107 651 1480 723 εὐαγγελικῶν
1509 650 1883 721 κηρυγμάτων
1918 650 1951 717 ἡ
1978 649 2070 702 ὑπ’
2107 649 2355 718 οὐρανόν.

564 728 730 807 Vens.
773 728 860 814 ii,
898 748 980 802 l2.
1017 746 1187 801 Dicite
1227 744 1356 813 ﬁlia:
1390 740 1518 796 Sion
1546 758 1563 795 :
1587 738 1724 793 Ecce
1751 740 1843 792 tibi
1875 736 2064 793 Serua-

2230 741 2456 793 Ειπατε
2503 736 2581 806 τῇ
2626 737 2870 806 θυγατρὶ
2923 733 3095 789 Σιών·
3137 734 3284 788 Ἰδού
3330 747 3430 787 σοι
3475 735 3509 786 d
3548 728 3755 799 Σωτὴρ

492 859 576 904 tor
627 845 795 907 venit,
844 841 1038 894 habens
1084 850 1237 890 stium
1289 836 1611 896 mercedem,
1681 842 1730 884 et
1790 847 1918 899 opus
1951 843 2072 883 ante

495 939 680 1007 facient
731 949 902 988 suam.
960 929 1027 983 Et
1061 926 1263 982 vocabit
1315 941 1433 978 eum
1485 924 1735 992 paparium
1778 931 2018 976 sanctum
2052 962 2068 986 ,

494 1030 813 1097 redemptum
844 1042 875 1078 α
909 1023 1156 1076 Domino.
1217 1018 1297 1072 Tu
1335 1027 1509 1071 autem
1529 1016 1788 1070 vocaberis
1825 1015 2072 1079 requisita

494 1125 682 1176 civitas
707 1160 723 1187 ,
752 1130 799 1173 et
826 1134 929 1171 non
964 1113 1238 1169 derelicta.

571 1291 906 1347 Prasuuntiut
951 1275 1247 1341 adventum
1278 1281 1610 1343 Servatoris,
1645 1292 1701 1334 et
1733 1295 2078 1349 quascunun

497 1387 624 1440 inde
678 1384 870 1437 lucrati
914 1395 1141 1446 sumus,
1180 1394 1244 1431 ac
1288 1376 1509 1429 divitias
1557 1372 1763 1428 dandas
1802 1372 1856 1424 in
1890 1371 2066 1439 ipsum

498 1476 866 1531 credentibus.
905 1473 1096 1527 Filiam
1134 1470 1379 1524 nominat
1416 1466 1570 1521 Sion.
1616 1463 1744 1516 Sive
1776 1472 1955 1516 autem
1987 1477 2078 1515 vc-

500 1570 562 1622 lit
588 1568 711 1637 quis
744 1568 1022 1632 antiquam
1051 1563 1195 1615 illam
1226 1568 1413 1628 utpote
1430 1557 1543 1626 jam
1572 1552 1827 1623 adeptam
1856 1555 2076 1609 miseri-

502 1660 772 1721 cordiam,
827 1665 880 1710 et
907 1654 1009 1708 ﬁde
1040 1652 1414 1723 justiticatam,
1448 1648 1563 1702 sive
1617 1661 1839 1713 novam,
1889 1646 1941 1699 id
1991 1657 2076 1700 est

500 1750 801 1806 Ecclesium
832 1787 846 1811 ,
889 1746 1192 1814 intelligere
1225 1761 1239 1797 :
1275 1758 1380 1797 non
1419 1738 1654 1794 absurde
1686 1739 1907 1802 dixerit,
1932 1738 2076 1807 quod

502 1844 618 1897 lucc
660 1841 730 1894 sit
782 1840 929 1893 illius
959 1836 1143 1891 Sionis
1205 1833 1334 1889 lilia.
1391 1832 1560 1903 876
1618 1829 1783 1884 Primi
1818 1828 1964 1882 enim
2009 1843 2077 1880 ex

499 1932 762 2004 sanguine
797 1929 1016 1984 lsraelis
1045 1924 1260 1983 oriundi
1294 1925 1644 1979 crediderunt
1687 1937 1701 1973 :
1740 1929 1796 1974 et
1833 1919 2075 1988 gentium

501 2024 744 2081 Ecclesia
780 2023 928 2077 velut
986 2020 1095 2074 ﬁlia
1127 2018 1373 2089 quaedam
1401 2016 1546 2071 dicta
1572 2023 1658 2068 est
1690 2011 1809 2081 ejus
1844 2026 1962 2079 quae
2010 2010 2077 2064 ab

501 2117 660 2171 initio
689 2114 886 2169 abillis
914 2111 1208 2167 constituta
1237 2118 1342 2163 est.
1380 2108 1449 2160 At
1497 2106 1694 2176 quibus
1726 2104 1980 2169 mandat,
2022 2113 2079 2156 nt

2171 827 2582 899 παραγέγονεν
2625 826 2781 894 ἔχων
2833 825 2943 879 τὸν
2995 823 3213 878 ἑαυτοῦ
3255 822 3498 892 μισθὸν,
3537 821 3638 875 καὶ
3688 820 3756 876 τὸ

2171 920 2350 988 ἔργον
2390 918 2506 987 πρὸ
2545 917 2871 987 προσώπου
2908 914 3115 970 αὑτοῦ·
3152 915 3252 968 καί
3285 913 3534 968 καλέσει
3570 913 3758 967 αὐτὸν

2172 1008 2327 1064 λαὸν
2378 1008 2574 1077 ἅγιον,
2617 1005 3076 1076 λελυτρωμένον
3113 1006 3231 1060 ὑπὸ
3281 1005 3525 1073 Κυρίου’
3565 1005 3648 1059 σὺ
3689 1004 3757 1057 δὲ

2175 1101 2459 1170 κληθήσῃ
2487 1099 2912 1169 ἐπιξιιτουμένη
2940 1101 3138 1165 πόλις,
3171 1097 3273 1151 καὶ
3301 1100 3414 1151 οὐκ
3438 1098 3756 1166 ἐγκαταλε-

2173 1194 2483 1263 λειμμένη.
2720 1254 2727 1259 _

2247 1283 2691 1356 Προῦπαγορεύει
2711 1282 2770 1337 δὲ
2802 1282 2897 1336 τοῦ
2927 1282 3176 1352 Σωτῆρος
3200 1281 3298 1352 τὴν
3327 1282 3527 1350 ἄφιξιν,
3560 1283 3661 1334 ὅσα
3697 1298 3757 1333 τε

2176 1379 2243 1432 δι’
2271 1379 2440 1448 αὐτῆς
2471 1377 2907 1448 κεκερδήκαμεν,
2931 1376 3134 1430 καὶτὸν
3162 1375 3519 1445 δοθησόμενον
3545 1378 3658 1438 τοῖς
3679 1376 3758 1437 εἰς

2176 1471 2341 1524 αὐτὸν
2362 1469 2677 1523 πιστεύουσι
2707 1468 2956 1521 πλοῦτον.
2984 1468 3269 1537 Θυγατέρα
3291 1484 3355 1534 γε
3380 1466 3484 1537 μὴν
3503 1466 3757 1537 ὀνομάζει

2176 1558 2274 1626 τὴν
2297 1556 2455 1610 Σιών.
2473 1558 2583 1610 Καὶ
2609 1560 2657 1610 εί
2695 1558 2791 1629 μὲν
2822 1557 3063 1629 βούλοιτό
3092 1574 3175 1620 τις
3195 1554 3292 1627 τὴν
3318 1556 3549 1627 ἀρχαίαν
3571 1556 3759 1607 νοείτω

2175 1648 2251 1713 ῶς
2300 1649 2609 1721 ἠλεημένην
2659 1650 2794 1719 ήδη,
2831 1651 2928 1703 καὶ
2978 1647 3402 1718 δεδικαιωμένην
3451 1647 3508 1701 ἐν
3558 1645 3756 1698 πίστει.

2179 1738 2242 1793 Εἰ
2272 1740 2329 1793 δὲ
2356 1741 2420 1811 δὴ
2456 1741 2557 1812 τὴν
2595 1741 2742 1806 νέαν,
2766 1740 3012 1793 τουτέστι
3040 1739 3136 1811 τὴν
3169 1738 3518 1808 Ἐκκλησίαν,
3553 1737 3763 1804 λέγοιτο

2179 1832 2244 1887 ἂν
2268 1834 2367 1888 οὐκ
2391 1833 2698 1897 ἀπεικότως
2720 1833 2816 1887 καὶ
2849 1832 2989 1903 αῦτη
3021 1831 3269 1901 θυγάτηρ
3302 1826 3444 1885 εἶναι
3467 1830 3573 1900 τῆς
3601 1828 3758 1882 Σιὼν.

2178 1924 2396 1997 Πρῶτοι
2414 1923 2524 1993 γὰρ
2547 1925 2599 1976 oi.
2628 1923 2686 1990 ἐξ
2717 1924 2948 1994 αἵματος
2981 1921 3197 1993 Ἰσραὴλ
3222 1919 3644 1984 πεπιστεύκασι,
3669 1921 3765 1972 καὶ

2178 2013 2294 2072 οἷόν
2328 2035 2411 2080 τις
2435 2014 2678 2086 θυγάτηρ
2711 2016 2809 2085 τῆς
2839 2014 2933 2068 ἀπ’
2957 2014 3135 2068 αὐτῶν
3168 2011 3441 2081 συστάσης
3467 2012 3526 2063 ἐν
3566 2011 3764 2080 ἀρχαῖς

2190 2111 2515 2182 Ἐκκλησίας
2549 2111 2583 2180 ἡ
2627 2107 2686 2175 ἐξ
2714 2106 2883 2159 ἐθνῶν
2926 2104 3272 2175 ὀνομάζεται.
3310 2104 3435 2155 Τίσι
3468 2102 3524 2155 δὲ
3553 2102 3765 2155 κελεύει

504 2206 855 2277 Evangelium
885 2203 1208 2258 annuntient
1229 2199 1433 2255 Sinni?
1484 2199 1677 2252 Annon
1703 2197 1924 2252 omnino
1948 2211 2079 2250 san-

2185 2204 2240 2257 τὸ
2260 2200 2723 2272 εὐαγγελίσασθαι
2743 2201 2810 2270 τῇ
2834 2195 3002 2263 Σιών;
3031 2195 3064 2267 ἢ
3090 2195 3308 2260 πάντως
3332 2211 3435 2248 που
3460 2196 3572 2256 τοῖς
3591 2194 3766 2263 ἁγίοις

504 2299 610 2354 etis
632 2297 962 2368 Ittystagogis
981 2295 1074 2364 qui
1098 2291 1429 2362 praefuerunt
1454 2288 1737 2355 Eeclesiis,
1758 2302 1895 2357 quos
1914 2290 2017 2343 etin
2029 2303 2077 2340 ιιι

500 2388 665 2460 jussit
699 2388 912 2458 aperire
941 2397 1147 2456 portas,
1183 2395 1237 2440 et
1262 2384 1470 2454 lapides
1504 2383 1794 2454 diligenter
1818 2397 1849 2436 e
1903 2382 2080 2435 medio

507 2481 699 2536 tollere
721 2481 743 2531 ?
769 2480 907 2545 Quid
929 2487 1012 2533 est
1040 2477 1202 2545 igitur
1244 2477 1389 2545 quod
1425 2474 1800 2543 praedicatur?
1861 2492 1880 2523 ι
1940 2472 2082 2527 Ecce

509 2569 606 2626 tibi
642 2570 900 2626 Servatur
932 2565 1157 2621 advenit
1219 2563 1428 2617 habens
1465 2562 1765 2617 mercedem
1817 2574 1992 2620 suam,
2029 2568 2082 2609 et

505 2679 642 2734 opus
678 2669 806 2716 ante
836 2660 1030 2715 faciem
1060 2673 1235 2712 suam.
1276 2674 1295 2707 ι
1339 2654 1453 2710 Duo
1480 2653 1642 2709 simul
1683 2651 1856 2720 ponit,
1900 2649 2079 2704 divina

506 2765 564 2809 et
605 2752 831 2816 eximia,
864 2751 1008 2805 unde
1058 2745 1347 2802 manifesta
1400 2744 1495 2799 liat
1536 2742 1846 2798 Servatoris
1887 2740 2080 2812 gloria.

511 2847 684 2901 Diviui
715 2844 860 2899 enim
909 2841 1188 2912 propheta:
1219 2836 1660 2893 exhortabantur
1688 2850 1807 2889 eam
1844 2833 1914 2888 ad
1958 2831 2084 2887 vitae

509 2937 857 3009 probitatem,
884 2944 941 2990 ct
970 2935 1039 2988 ad
1060 2929 1530 2986 conversationem
1564 2926 1667 2996 legi
1692 2932 2082 2996 congruentem

507 3040 564 3086 et
619 3031 924 3085 honestam.
1005 3023 1212 3080 Deinde
1292 3021 1659 3076 meminerant
1738 3017 2085 3085 prmmioruni

509 3137 632 3193 quae
655 3118 928 3189 accepturi
964 3123 1120 3171 erant
1147 3114 1278 3169 olim
1311 3127 1340 3166 a
1377 3111 1508 3175 Deo,
1560 3108 1762 3179 quibus
1796 3122 1942 3161 curse
1965 3114 2086 3160 erat

510 3223 659 3271 recte
695 3211 962 3265 factorum
986 3206 1194 3278 gloria;
1249 3203 1344 3258 sed
1376 3218 1483 3258 non
1532 3208 1691 3255 erant
1736 3198 1835 3268 ipsi
1872 3198 2087 3252 datores

508 3303 874 3376 spiritualium
888 3300 1309 3361 charismatum,
1341 3293 1434 3349 sed
1454 3291 1845 3363 prmdicebant,
1869 3289 2084 3357 ut_dixi,

510 3397 906 3470 promissiones
957 3391 1074 3447 Dei.
1138 3389 1529 3446 Universorum
1569 3395 1750 3441 autem
1805 3382 2084 3447 Servator,

2184 2296 2566 2364 μυσταγωγοῖς
2598 2294 2712 2355 τοῖς
2739 2287 3099 2359 καθηγεῖσθαι
3125 2285 3379 2358 λαχοῦσιν
3408 2286 3765 2357 Ἐκκλησιῶν,

2180 2380 2261 2450 οἷς
2286 2386 2381 2439 καὶ
2408 2383 2719 2453 ἀνοιγνύναι
2745 2381 2845 2445 τὰς
2872 2380 3065 2445 πύλας,
3088 2380 3184 2432 καὶ
3210 2380 3337 2442 τοὺς
3363 2377 3545 2442 λίθους
3572 2379 3636 2431 ἐγ
3672 2376 3768 2447 μὲ-

2184 2496 2279 2532 σου
2311 2477 2654 2548 διαρρίπτειν
2675 2469 2733 2528 εὖ
2764 2473 2909 2545 μάλα
2936 2469 3334 2542 παρεκελεύετο
3360 2487 3374 2536 ;
3400 2471 3465 2523 Τί
3492 2469 3547 2523 δὲ
3569 2470 3635 2539 δὴ
3659 2470 3769 2541 ἄρα

2181 2573 2244 2626 τὸ
2278 2570 2719 2643 κηρυττόμενον;
2746 2585 2765 2621 ι
2803 2565 2934 2621 ἰδού
2969 2581 3052 2619 σοι
3085 2566 3114 2617 ό
3159 2564 3352 2636 Σωτὴρ
3387 2564 3770 2636 παραγέγονεν

2184 2662 2323 2733 ἔχων
2352 2662 2444 2714 τὸν
2476 2658 2673 2714 ἐαυτοῦ
2701 2657 2914 2729 μισθὸν.
2941 2657 3037 2710 καὶ
3055 2656 3116 2709 τὸ
3142 2655 3301 2727 ἔργον
3340 2655 3447 2727 πρὸ
3475 2653 3769 2725 προσώπου

2185 2751 2374 2807 αὐτοῦ.
2400 2769 2418 2802 ι
2439 2750 2543 2804 Δύο
2577 2750 2789 2819 τίθησιν
2818 2747 2953 2818 ὁμοῦ
2982 2747 3263 2818 θεοπρεπῆ
3290 2763 3353 2799 τε
3373 2747 3469 2799 καὶ
3493 2745 3769 2817 ἐξαίρετα,

2184 2846 2250 2900 δι’
2278 2838 2352 2898 ὧν
2385 2842 2451 2897 ἂν
2484 2842 2695 2911 γένοιτο
2728 2839 3043 2911 καταφανὴς
3074 2838 3167 2891 τοῦ
3195 2838 3497 2908 Σωτῆροςή
3533 2836 3679 2902 δόξα.
3708 2838 3772 2890 Oi

2190 2938 2288 3009 μὲν
2309 2936 2419 3007 γὰρ
2445 2934 2724 2989 θεσπέσιοι
2749 2932 3027 3003 προφῆται
3053 2928 3399 3002 παρεκάλουν
3426 2930 3507 2993 εἰς
3538 2927 3774 2993 εὐζωῖαν

2187 3027 2377 3099 αὐτὴν,
2407 3027 2502 3081 καὶ
2532 3027 2610 3090 εἰς
2639 3024 2862 3095 ἔννομόν
2896 3040 2956 3077 τε
2991 3023 3085 3077 καὶ
3124 3023 3441 3094 εὐσχήμονα
3473 3021 3770 3076 πολιτείαν.

2188 3115 2323 3173 Εἶτα
2356 3118 2716 3188 διεμέμνηντο
2739 3115 2848 3169 τῶν
2879 3114 3079 3186 γερῶν,
3104 3115 3140 3169 ἃ
3171 3115 3323 3185 παρά
3352 3112 3488 3167 Θεοῦ
3515 3113 3775 3185 λήψονται

2189 3211 2335 3266 κατά
2365 3210 2614 3282 καιροὺς,
2645 3203 2727 3271 οἷς
2763 3207 2830 3262 ἂν
2857 3206 3070 3275 γένοιτο
3103 3205 3163 3259 τὸ
3189 3206 3500 3275 εὐδοκιμεῖν
3524 3206 3582 3258 ἐν
3607 3204 3773 3274 λόγῳ,

2190 3303 2305 3359 ἀλλ’
2331 3303 2431 3357 οὐκ
2460 3302 2614 3355 αὐτοὶ
2653 3298 3015 3371 χαρισμάτων
3038 3296 3262 3369 δοτῆρες
3293 3293 3435 3369 ἦσαν
3462 3297 3569 3351 τῶν
3609 3313 3777 3350 πνευ-

2195 3393 2461 3466 ματικῶν.
2516 3392 2896 3464 Προηγόρευον
2949 3391 3007 3444 δὲ
3028 3429 3043 3456 ,
3094 3391 3171 3454 ὡς
3214 3390 3352 3461 ἔφην
3374 3430 3389 3455 ,
3452 3389 3777 3460 ὑποσχέσεις

511 3499 704 3561 utpote
737 3489 900 3551 Deus,
928 3478 1098 3541 habet
1126 3491 1450 3553 potestatem
1490 3479 1651 3534 dandi
1687 3477 2014 3540 mercedem,
2037 3483 2082 3530 el

2194 3487 2352 3542 Θεοῦ.
2397 3487 2455 3540 '0
2491 3486 2548 3541 δέ
2582 3504 2643 3555 γε
2685 3486 2796 3540 τῶν
2839 3486 2977 3541 ὅλοιν
3007 3484 3218 3558 Σωτὴρ,
3255 3485 3350 3540 ἆτε
3391 3485 3455 3558 δὴ
3504 3484 3638 3549 Θεὸς
3674 3487 3777 3539 ὐπ-

511 3589 777 3653 ιιιιειειεο
828 3574 1148 3646 dispiciendi
1179 3613 1195 3640 ,
1242 3572 1334 3642 qui
1381 3571 1574 3626 modus
1602 3568 1801 3639 cuique
1855 3575 1910 3622 et
1947 3566 2090 3635 quod

509 3688 648 3744 opus
688 3670 1031 3726 tribuendum
1063 3668 1155 3722 sit.
1187 3666 1283 3720 Est
1308 3665 1452 3720 enim
1479 3664 1582 3718 hoc
1618 3662 1861 3715 divinum
1890 3699 1904 3713 .
1937 3658 2088 3714 Scri-

508 3774 665 3835 ptum
691 3775 925 3828 namque
944 3769 1027 3812 est
1058 3773 1073 3810 :
1102 3775 1120 3808 ι
1146 3755 1342 3811 Coram
1365 3754 1538 3807 oculis
1566 3753 1657 3806 Dei
1692 3761 1817 3807 sunt
1844 3752 1944 3805 viae
1967 3749 2089 3814 viri,

510 3866 813 3922 omnesque
857 3851 1081 3905 semitas
1118 3847 1234 3917 ejus
1268 3846 1582 3902 considerat
1606 3845 1651 3898 ⁷.
1695 3863 1714 3896 ι
1739 3873 1811 3883 —-
1841 3861 1861 3894 ι
1904 3842 2092 3899 Veniet

513 3946 702 4017 igitur,
741 3962 761 3995 ι
803 3943 1017 4014 inquit,
1046 3958 1066 3993 ι
1101 3938 1307 3995 habens
1326 3952 1479 3992 suam
1515 3936 1842 4000 mercedem,
1873 3954 1892 3987 ι
1917 3936 2087 4002 idest,

512 4035 736 4108 praemia
773 4035 909 4089 dans
945 4033 1029 4087 his
1084 4044 1354 4102 quos-par
1383 4039 1465 4083 est
1503 4026 1772 4098 accipere.
1811 4026 2089 4099 Siquidem

510 4127 699 4182 divino
728 4125 887 4178 Petro
935 4132 1082 4178 recte
1129 4121 1289 4176 ﬁdem
1338 4118 1647 4187 conﬁtenti,
1679 4139 1698 4170 ι
1745 4120 1911 4183 Dabo,
1947 4138 1967 4171 ι
2007 4120 2092 4173 in-

520 4218 666 4284 quit,
707 4234 727 4268 ι
769 4215 861 4270 tibi
908 4215 1090 4270 claves
1115 4213 1265 4284 regni
1308 4212 1592 4268 caelorum.
1645 4209 1711 4265 Et
1759 4226 2093 4281 quaecunque

512 4308 772 4379 ligaveris
799 4321 964 4376 super
1017 4316 1219 4361 terram
1253 4343 1268 4368 ,
1319 4314 1480 4357 erunt
1525 4304 1688 4373 ligata
1734 4303 1786 4356 in
1823 4303 1996 4358 caelis.
2028 4303 2093 4357 Et

512 4413 852 4472 quascunque
886 4396 1116 4451 solveris
1168 4410 1330 4464 super
1366 4404 1589 4459 terram,
1638 4404 1799 4448 erunt
1824 4394 2000 4449 soluta
2037 4396 2089 4448 in

511 4492 670 4550 caelis
700 4491 744 4546 ⁸.
780 4508 799 4543 ι
826 4489 998 4543 .Dedit
1025 4497 1205 4542 autem
1236 4486 1288 4540 in
1331 4486 1645 4540 universum
1677 4486 1929 4542 omnibus
1963 4502 2092 4542 san-

516 4585 622 4640 ctis
654 4580 913 4653 apostolis
951 4587 1274 4651 potestatem
1324 4590 1515 4633 contra
1563 4578 1873 4633 immundos
1925 4578 2091 4647 spiri-

517 4684 627 4740 tus,
662 4684 716 4728 et
746 4681 802 4727 ut
829 4679 1048 4742 possent
1071 4685 1265 4726 curare
1280 4684 1498 4725 omnem
1517 4671 1763 4725 morbum
1791 4679 1844 4726 et
1873 4686 2091 4726 omnem

2192 3580 2403 3651 ἅρχων,
2434 3578 2547 3649 ἔχει
2577 3578 2640 3631 τὸ
2664 3577 2929 3632 δύνασθαι
2965 3576 3165 3631 διδόναι
3196 3577 3421 3648 μισθοὺς
3441 3617 3457 3642 ,
3491 3577 3779 3648 καὶπροσ-

2192 3671 2462 3741 επιτούτῳ
2500 3670 2561 3722 τὸ
2609 3671 2812 3742 ἐφορᾷν
2852 3670 3066 3740 ἑκάστῳ
3116 3668 3209 3722 τὸν
3257 3667 3489 3739 τρόπον,
3540 3669 3660 3739 ἦτοι
3714 3667 3780 3721 τὸ

2191 3762 2386 3834 ἔργον·
2413 3762 2714 3835 θεοπρεπὲς
2737 3762 2847 3833 γὰρ
2869 3763 2964 3815 καὶ
2992 3762 3167 3815 τοῦτο.
3192 3760 3511 3832 Γέγραπται
3536 3760 3667 3832 γὰρ,
3695 3760 3779 3815 ὅτι

2199 3872 2218 3906 ι
2257 3853 2518 3908 Ἐνώπιόν
2550 3854 2657 3907 είσι
2678 3853 2787 3906 τῶν
2811 3852 2906 3906 τοῦ
2929 3851 3065 3907 Θεοῦ
3088 3852 3388 3923 ὀφθαλμῶν
3418 3852 3527 3906 ὁδοὶ
3560 3852 3774 3922 ἀνδρὸς,

2192 3948 2273 4010 είς
2296 3946 2355 4001 δὲ
2381 3946 2562 4011 πάσας
2594 3946 2695 4009 τὰς
2718 3946 2941 4018 τροχιὰς
2969 3945 3137 3999 αὐτοῦ
3157 3946 3435 4001 σκοπεύει.
3469 3963 3593 3998 ι-ι
3617 3943 3777 4009 ’Ἥξει

2190 4039 2392 4103 τοίνυν,
2425 4057 2444 4090 ι
2487 4040 2673 4111 φησὶν,
2720 4057 2739 4091 ι
2774 4039 2915 4108 ἔχων
2956 4037 3048 4091 τὸν
3077 4036 3271 4091 ἑαυτοῦ
3314 4037 3527 4109 μισθὸν,
3558 4055 3577 4090 ι
3620 4053 3778 4090 τουτ-

2194 4127 2365 4191 έστιν,
2397 4127 2560 4192 αὐτὸς
2588 4126 2657 4181 τά
2682 4126 2823 4199 γέρα
2849 4126 3044 4191 διδοὺς,
3062 4121 3144 4191 οἷς
3174 4127 3238 4181 ἂν
3257 4128 3457 4197 πρέποι
3484 4126 3544 4180 τὸ
3570 4126 3774 4181 λαϐεῖν.

2192 4220 2303 4275 Καὶ
2341 4219 2473 4289 γοῦν
2514 4219 2911 4291 ὁμολογήσαντι
2964 4218 3064 4289 μὲν
3105 4220 3205 4289 τὴν
3245 4220 3426 4272 πίστιν
3476 4218 3650 4289 ὀρθῶς
3698 4218 3778 4289 τῷ

2194 4312 2464 4383 θεσπεσίῳ
2508 4312 2719 4383 Πέτρῳ,
2758 4329 2777 4363 ι
2801 4310 2969 4365 Δώσω
3009 4328 3112 4376 σοι,
3138 4330 3156 4363 ι
3193 4312 3345 4382 φησι,
3387 4331 3406 4363 ι
3428 4310 3528 4375 τάς
3562 4310 3779 4374 κλεῖδας

2191 4405 2293 4471 τῆς
2310 4401 2589 4472 βασιλείας
2602 4400 2709 4455 τῶν
2724 4401 2992 4474 οὐρανῶν,
3024 4402 3120 4455 καὶ
3133 4402 3236 4455 ὅσα
3250 4401 3345 4455 ἐὰν
3365 4402 3534 4473 δήσῃς
3562 4403 3655 4454 ἐπὶ
3679 4402 3780 4472 τῆς

2193 4493 2318 4563 γῆς,
2351 4492 2505 4546 ἐσται
2541 4492 2804 4562 δεδεμένα
2851 4495 2910 4546 ἐν
2936 4496 3047 4558 τοῖς
3090 4474 3359 4566 οὐρανοῖς,
3404 4497 3499 4547 καί
3540 4496 3643 4548 ὅσα
3682 4494 3779 4548 ὲάν

2192 4586 2363 4657 λύσῃς
2390 4585 2483 4638 ἐπὶ
2509 4587 2610 4655 τῆς
2637 4585 2763 4657 γῆς,
2780 4585 2935 4640 ἔσται
2956 4586 3226 4657 λελυμένα
3246 4589 3305 4640 ὲν
3331 4590 3441 4650 τοῖς
3469 4588 3738 4659 οὐρανοῖς.
3755 4605 3774 4640 ι

2207 4674 2527 4747 Ἐχαρίζετο
2554 4675 2611 4727 δὲ
2645 4676 2740 4729 καὶ
2773 4676 3071 4749 συλλήϐδην
3095 4677 3268 4731 ἀπασι
3296 4681 3407 4742 τοῖς
3439 4678 3616 4747 ἀγίοις
3643 4680 3778 4731 ἀποο

518 4766 892 4822 inﬁrmitatem
928 4766 979 4817 in
1012 4764 1213 4834 p0pulo
1238 4765 1283 4818 ⁹.
1316 4764 1478 4819 Certe
1509 4772 1563 4817 et
1593 4763 1790 4817 latroni
1839 4761 2082 4831 pendenti

2198 4765 2405 4830 στόλοις
2440 4765 2581 4819 κατὰ
2628 4768 2957 4837 πνευμάτων
3003 4768 3329 4839 ἀκαθάρτων
3365 4769 3641 4834 ἐξουσίαν,
3685 4771 3780 4823 καὶ

519 4875 623 4915 una
659 4873 782 4913 cum
816 4857 934 4925 ipso
966 4855 1105 4910 dixit
1129 4856 1289 4910 [idem
1334 4872 1441 4910 non
1482 4859 1778 4909 carituram
1807 4868 1906 4907 suo
1952 4868 2082 4921 pra:-

2196 4857 2258 4910 τὸ
2284 4856 2607 4929 θεραπεύειν
2639 4856 2898 4912 δύνασθαι
2928 4861 3108 4913 πᾶσαν
3135 4861 3308 4925 νόσον,
3344 4862 3438 4915 καὶ
3466 4863 3644 4916 πᾶσαν
3673 4878 3780 4931 μα-

519 4952 670 5005 mio:
714 4966 733 5000 ι
774 4947 945 5001 Amen
991 4945 1111 5000 dico
1139 4945 1254 5012 tibi,
1309 4946 1469 5001 hodie
1503 4961 1714 5001 mecum
1755 4945 1865 4999 eris
1898 4944 1950 4998 in
1996 4961 2082 5015 pa-

2197 4946 2394 5001 λακίαν
2426 4947 2486 4999 ἐν
2515 4945 2592 5018 τῷ
2633 4947 2767 5018 λαῷ.
2807 4948 2917 5003 Ναὶ
2963 4946 3067 5019 μὴν
3104 4948 3305 5020 καὶτῷ
3338 4952 3779 5023 συγκρεμαμένῳ

520 5039 701 5095 radiso
731 5037 799 5093 ¹⁶.
837 5055 855 5089 ι
885 5036 1019 5091 Cum
1053 5051 1186 5107 ergo
1208 5037 1421 5091 venerit
1443 5076 1458 5105 ,
1548 5035 1762 5105 inquit,
1864 5049 1960 5090 eos
1999 5037 2082 5105 qui

2198 5036 2368 5109 λῃστῇ
2419 5035 2517 5108 τὴν
2578 5037 2760 5091 πίστιν
2810 5038 2911 5091 οὐκ
2969 5037 3201 5108 ἄμισθον
3234 5039 3404 5094 εἰπὼν
3453 5041 3732 5112 ἀπέφηνεν
3761 5058 3774 5073 ·

513 5129 750 5185 credunt
810 5128 863 5182 in
898 5127 1095 5195 ipsum,
1129 5144 1147 5178 ι
1182 5126 1397 5181 vocabit
1451 5123 1702 5195 p0pulum
1745 5134 1989 5178 sanctum
2039 5135 2082 5180 el

2206 5145 2225 5180 ι
2263 5126 2435 5198 Ἀμὴν
2477 5126 2623 5196 λέγω
2670 5143 2772 5193 σοι,
2826 5128 3067 5199 σήμερον
3100 5129 3221 5200 μετ’
3258 5130 3396 5201 ἐμοῦ
3430 5131 3528 5204 ἔσῃ
3585 5134 3643 5187 ἐν
3698 5132 3779 5205 τῷ

517 5212 854 5289 redemptum
880 5234 911 5272 a
948 5217 1197 5273 Domino.
1237 5237 1257 5270 ι
1289 5216 1403 5272 Non
1432 5218 1576 5272 enim
1594 5216 1823 5287 legatus,
1857 5230 2082 5270 nun‘aw

2203 5219 2535 5291 παραδείσῳ.
2561 5237 2581 5271 ι
2613 5217 2936 5291 Ἀφιγμένος
2966 5220 3030 5292 δὴ
3064 5217 3177 5289 οὖν,
3215 5225 3370 5293 φησὶ,
3401 5225 3525 5289 τοὺς
3566 5225 3666 5294 μὲν
3697 5228 3778 5289 είς

518 5312 689 5381 gelus,
726 5310 819 5364 sed
851 5310 965 5379 ipse
998 5307 1262 5365 Dominus
1305 5310 1546 5363 servavit
1595 5323 1714 5375 nos,
1761 5306 1921 5363 sicuti
1956 5311 2082 5363 scri‘

2206 5310 2369 5364 αὐτὸν
2411 5309 2763 5374 πιστεύοντας
2802 5329 2821 5363 ι
2852 5312 3070 5366 καλέσει
3116 5314 3244 5368 λαὸν
3272 5315 3448 5385 ἀγιον,
3493 5318 3588 5371 καὶ
3623 5317 3777 5371 λελυ-

520 5410 667 5470 ptum
691 5399 869 5454 εειίοῖ
893 5417 911 5450 ι
941 5396 1238 5467 Τιινοιιιοιιι,
1260 5413 1294 5453 o
1316 5398 1467 5462 Sion,
1494 5417 1513 5450 ι
1537 5400 1651 5453 sive
1673 5398 1936 5461 Ecclesia,
1955 5416 1974 5450 ι
2001 5415 2082 5454 vo-

2196 5400 2478 5472 τρωμένον
2504 5401 2615 5455 ἀπὸ
2647 5401 2874 5474 Κυρίου.
2905 5422 2923 5456 ι
2951 5403 3026 5457 Οὐ
3054 5404 3162 5476 γὰρ
3193 5406 3456 5477 πρέσϐυς,
3484 5409 3584 5461 οὐκ
3612 5408 3778 5477 ἄγγε-

520 5489 734 5545 caberis
776 5491 1037 5558 requisita
1069 5489 1264 5544 civitas
1291 5498 1347 5543 et
1382 5504 1487 5543 non
1516 5488 1797 5543 derelicta.
1845 5506 1864 5539 ι
1892 5486 2082 5559 Requi-

2196 5489 2309 5555 λος,
2343 5487 2457 5543 ἀλλ’
2491 5489 2654 5554 αὐτὸς
2681 5491 2709 5543 ό
2734 5490 2940 5564 Κύριος
2969 5492 3174 5550 ἔσωσεν
3202 5497 3540 5567 ἡμᾶς-,καθά
3571 5499 3779 5571 γέγρα-

522 5582 679 5636 sitam
738 5581 899 5650 dicit,
953 5590 1007 5636 et
1045 5580 1306 5635 memoria
1352 5581 1587 5651 dignam.
1656 5580 1894 5636 Tenetur
1951 5584 2082 5637 enin:

2199 5596 2363 5638 πται*
2391 5601 2408 5635 ι
2438 5583 2512 5636 Σὺ
2544 5583 2621 5649 δὲ,
2660 5582 2821 5651 Σιὼν,
2856 5604 2875 5637 ι
2910 5587 3078 5658 ήγουν
3115 5589 3433 5659 Ἐκκλησία,
3469 5610 3488 5644 ι
3529 5590 3775 5665 κληθήσῃ

525 5674 784 5726 memoria
808 5672 952 5742 quod
1000 5671 1399 5743 qmcritur.vEt
1443 5686 1548 5727 non
1575 5671 1851 5737 derelicta,
1894 5681 1953 5727 ut
1986 5674 2082 5742 pri-

2199 5670 2598 5745 ἐπιζητουμένη
2646 5674 2836 5744 πόλις,
2869 5677 2965 5731 καὶ
3007 5678 3109 5732 οὐκ
3153 5681 3721 5759 ἑγκαταλελειμμένη·
3751 5705 3770 5739 ι

602 5837 621 5869 ⁷
658 5838 818 5893 Prov.
848 5855 898 5907 ν,
933 5842 1023 5896 9.1.
1097 5846 1120 5876 ⁸
1160 5845 1352 5903 Matth.
1384 5863 1493 5915 va,
1527 5848 1610 5903 l9.
1687 5850 1707 5880 ⁹
1747 5846 1940 5902 Matth.
1972 5864 2050 5916 tv,

2252 5853 2295 5884 ¹⁶
2327 5851 2459 5909 Luc.
2495 5870 2647 5924 χχιιι,
2681 5857 2772 5913 43.
2868 5858 3059 5932 "'_lsa.
3097 5874 3255 5931 uni,
3286 5863 3322 5918 9
