4140 6464
457 398 600 458 ισθδ

1447 395 1504 450 8.
1541 395 1817 450 CYBILLI
1857 393 2330 452 ALEXANDRINI
2371 396 2691 455 ABCHIEP.

3593 403 3729 458 ιδει

466 513 612 566 victo
655 513 961 581 praeditum.
1032 509 1142 562 lloc
1208 524 1442 578 namque
1491 510 1656 564 credo
1701 509 2023 564 subindicar:

2147 509 2304 580 δόξης
2345 509 2571 579 ἔμπλεοι
2621 516 2957 569 κατεθεῶντο
3010 517 3278 587 Χριστὸν.
3331 517 3378 569 εί
3425 519 3516 570 καὶ
3554 514 3620 588 ἦν
3670 523 3727 572 ἐν

462 607 856 672 spectaculum.
909 601 1375 670 lnterrngantibus
1435 603 1615 670 itaque
1667 601 1894 672 angelis,
1954 601 2038 654 vel

461 699 600 754 inter
632 711 752 750 sese
792 693 1191 761 querentibus:
1226 711 1244 744 ι
1283 691 1416 760 Quis
1449 703 1534 746 est
1561 692 1692 746 hic?
1736 712 1754 744 ι
1794 707 2024 762 respon-

459 789 549 845 det
580 797 634 843 et
671 785 846 856 inquit
886 802 898 838 :
953 802 972 836 ι
1008 783 1120 853 Ego
1145 785 1338 853 loquor
1361 784 1626 854 justitiam
1668 793 1722 838 ct
1767 783 2035 852 judicium

459 883 666 936 salutis.
713 899 732 932 ι
770 878 1045 933 Justitiam
1081 888 1258 943 vocat,
1289 879 1372 932 vel
1413 879 1782 945 cvangeliram
1816 887 1871 932 ct
1901 879 2036 931 divi-

459 989 582 1026 nant
644 970 1115 1041 pra-dicationem,
1176 971 1254 1025 vel
1311 971 1452 1040 quod
1506 974 1682 1024 omnis
1729 973 1820 1026 Dei
1861 972 2038 1026 oratio

451 1063 596 1130 jnsta
629 1063 716 1114 sit.
755 1061 954 1114 Salutis
983 1062 1247 1129 judicium
1295 1063 1550 1131 appellat,
1589 1065 1730 1132 quod
1768 1065 1836 1117 de
1882 1065 2038 1119 nobis

455 1161 541 1209 est
585 1152 874 1222 judicitnu.
911 1153 1174 1206 Indicavit
1231 1155 1376 1207 enim
1428 1155 1615 1208 orbem
1671 1165 1724 1208 ct
1775 1157 2034 1210 Satanam

454 1247 543 1313 qui
576 1261 698 1299 eum
739 1245 932 1312 injuria
959 1257 1327 1314 oppresserat,
1363 1250 1708 1316 servavitque
1769 1249 2035 1304 intolera-

454 1337 547 1389 bili
580 1336 864 1406 tyrannide
888 1347 1170 1404 gravatos,
1206 1345 1262 1390 et
1291 1338 1518 1405 imperio
1552 1338 1601 1390 in
1639 1338 1755 1391 illos
1807 1353 1907 1392 suo
1941 1340 2034 1392 de-

447 1426 580 1494 jecit
613 1437 914 1496 apostatam
955 1438 1009 1482 et
1041 1429 1304 1482 alienum.
1356 1427 1545 1497 Itaque
1584 1431 1718 1482 dixit
1753 1447 1766 1484 :
1810 1449 1828 1481 ‹
1873 1429 2030 1485 Judi-

453 1520 595 1575 cium
637 1536 780 1574 nunc
810 1529 894 1574 est
920 1519 1080 1586 hujus
1114 1523 1324 1572 mundi.
1365 1518 1517 1572 Nunc
1561 1523 1814 1590 princeps
1847 1523 2031 1575 mundi

453 1611 612 1680 hujus
644 1610 896 1677 ejicietur
921 1608 1086 1665 foras.
1139 1611 1202 1664 Et
1241 1625 1339 1677 ego
1377 1610 1420 1664 si
1455 1611 1734 1664 exaltatus
1781 1611 1935 1664 fuero
1964 1611 2034 1666 de

455 1710 620 1766 terra,
656 1716 844 1756 omnes
865 1703 1093 1762 .Iraham
1119 1705 1184 1755 ad
1215 1703 1477 1770 meipsum
1515 1703 1579 1754 ’³.
1626 1721 1643 1755 ι
1698 1703 1821 1758 llaec
1852 1705 2035 1772 itaque

449 1792 666 1846 Christo
717 1793 950 1856 dicente,
996 1809 1185 1846 rursus
1225 1805 1675 1862 perumctantur,
1725 1803 1779 1849 et
1819 1795 1972 1850 aiunt
2012 1811 2024 1847 :

2144 601 2330 672 σαρκὶ,
2359 603 2447 655 ναὶ
2491 604 2598 674 μὴν
2633 605 2728 658 καὶ
2762 606 2943 676 ἰσχύος
2975 608 3104 660 ὂντα
3137 610 3332 678 μεστὸν
3359 607 3456 676 τῆς
3488 609 3724 679 ἀμάχου,

2139 691 2298 744 τοῦτο
2326 693 2458 762 γὰρ,
2483 689 2658 764 οἶμαι,
2687 697 2785 767 τήν
2817 698 2966 751 θείαν
2995 697 3069 770 (1)
3101 699 3386 770 ὑπεδήλου.
3423 699 3726 770 Ἐρομένων

2139 782 2203 851 δὴ
2229 779 2322 836 οὖν
2357 785 2463 837 τῶν
2495 787 2762 854 ἀγγέλων,
2797 789 2828 860 ἢ
2859 790 3001 859 τάχα
3032 808 3133 842 που
3170 791 3264 843 καὶ
3303 789 3435 859 πρὸς
3462 790 3726 862 ἀλλήλους

2139 871 2199 924 το
2225 891 2244 924 ι
2265 873 2360 937 Τίς
2390 869 2541 938 οὗτος
2565 895 2580 944 ;
2605 895 2623 927 ι
2651 877 3080 947 διηγορευκότων
3102 881 3476 952 ἀποκρίνεται,
3498 881 3588 934 καί
3622 897 3724 951 φη-

2143 981 2227 1018 σιν
2253 981 2266 995 ·
2305 984 2322 1015 ι
2363 966 2504 1034 Ἐγὼ
2539 968 2859 1038 διαλέγομαι
2891 969 3257 1040 δικαιοσύνην,
3289 971 3383 1024 καὶ
3417 969 3592 1040 κρίσιν
3620 988 3725 1024 σω-

2136 1055 2361 1126 τηρίου·
2403 1076 2420 1107 δ
2468 1057 2812 1131 δικαιοσύνην
2860 1060 2916 1113 δέ
2949 1077 3136 1130 φησιν,
3188 1061 3220 1131 ἢ
3266 1061 3326 1114 τὸ
3369 1061 3722 1130 εὐαγγελικὸν

2139 1148 2234 1201 καὶ
2267 1147 2556 1203 Θεσπέσιον
2592 1154 2876 1224 κήρυγμα,
2919 1153 3086 1223 ήγουν
3129 1153 3210 1205 ὅτι
3244 1153 3377 1205 Θεοῦ
3425 1155 3531 1216 πᾶς
3569 1154 3722 1222 λόγος

2135 1239 2377 1304 δίκαιος·
2415 1243 2684 1313 σωτηρίου
2729 1243 2786 1296 δὲ
2819 1245 3000 1315 κρίσιν
3043 1245 3184 1314 τάχα
3226 1261 3326 1296 που
3376 1243 3435 1295 τὸ
3471 1243 3555 1312 ἐφ’
3589 1247 3720 1316 ήμῖν

2135 1331 2394 1403 ὀνομάζει
2427 1338 2623 1405 κρῖμα,
2666 1335 2915 1390 δεδίκακε
2945 1337 3051 1406 γὰρ
3084 1339 3183 1406 τὴν
3214 1336 3304 1389 ὑπ’
3335 1336 3584 1407 οὐρανὸν,
3624 1337 3720 1390 καὶ

2133 1421 2212 1494 τῷ
2239 1424 2443 1494 ταύτην
2478 1426 2794 1494 ἀδικήσαντι
2829 1428 3063 1498 Σατανᾷ,
3089 1427 3183 1480 καὶ
3213 1427 3339 1490 τοὺς
3371 1429 3488 1490 ταῖς
3515 1429 3717 1498 ἀφορή-

2134 1531 2247 1576 τοις
2268 1514 2602 1580 πλεονεξίαις
2629 1517 3098 1588 κατηχθισμένους
3129 1517 3390 1570 σέσωκεν·
3420 1517 3716 1586 ἐκϐέϐληκε

2133 1602 2187 1655 δὲ
2227 1604 2324 1673 τῆς
2357 1607 2476 1658 κατ’
2509 1605 2685 1658 αὐτῶν
2735 1606 2908 1676 ἀρχῆς
2946 1607 3036 1658 τὸν
3075 1606 3406 1675 ἀποστάτην,
3445 1606 3537 1660 καί
3565 1605 3718 1658 ἀὶάό⁴

2132 1711 2312 1764 τριον·
2347 1695 2450 1765 ἔφη
2482 1696 2612 1764 γοῦν
2645 1695 2739 1750 νῦν
2790 1699 2872 1748 ὅτι
2911 1716 2929 1748 ι
2973 1696 3172 1768 Κρίσις
3222 1695 3338 1748 ἐστῒ⁹
3381 1693 3474 1748 τοῦ
3514 1695 3716 1764 κόσμου

2132 1787 2342 1840 τούτου.
2391 1787 2506 1842 Νῦν
2540 1789 2568 1840 6
2611 1787 2796 1858 ἄρχων
2830 1788 2924 1841 τοῦ
2967 1789 3173 1858 κόσμου
3215 1787 3404 1840 τούτου
3445 1784 3717 1857 ἐκϐληθή-

453 1885 695 1956 «Ιριιιιτο
725 1887 885 1938 rubra
925 1892 1054 1938 sunt
1092 1888 1416 1944 vestimenta
1461 1897 1549 1939 tua
1601 1899 1654 1940 et
1710 1887 2023 1941 indumenta

2134 1895 2286 1931 σεται
2338 1878 2462 1944 ἔξω,
2499 1879 2656 1948 κάγὼ
2701 1880 2795 1934 ἐὰν
2834 1879 3032 1950 ὑψωθῶ
3065 1882 3128 1932 ἐκ
3182 1881 3278 1950 τῆς
3336 1879 3468 1949 γῆς,
3509 1880 3718 1942 πάντας

449 1984 537 2030 tua
561 2016 578 2042 ,
613 1977 758 2031 velut
803 1991 868 2031 ex
923 1977 1178 2031 torculari
1219 1978 1377 2046 pleno
1409 1977 1667 2031 calcato?
1709 1997 1727 2028 ι
1765 1978 1860 2033 Hic
1897 1979 2026 2031 mihi

447 2075 633 2134 repete
702 2067 962 2120 memoria
1012 2067 1156 2134 quod
1210 2067 1516 2134 patriarcha
1563 2066 1800 2121 Jacobus
1848 2068 2025 2122 dixit:

453 2175 472 2209 ι
507 2157 736 2211 Lavabit
768 2157 820 2211 in
857 2159 984 2211 vino
1016 2159 1215 2213 stolam
1253 2175 1432 2222 suam,
1455 2169 1509 2212 et
1542 2159 1594 2211 in
1625 2159 1883 2227 sanguine
1913 2174 2028 2213 avre

446 2247 704 2300 amictum
753 2263 908 2301 suum
941 2248 1006 2302 ”.
1065 2267 1084 2300 ι
1133 2250 1324 2303 Tincta
1355 2250 1500 2304 enint
1555 2251 1818 2320 sanguine
1871 2249 2028 2303 imitr-

448 2349 632 2394 menta
661 2339 1024 2409 apparebant,
1057 2350 1112 2395 et
1151 2351 1400 2409 tanquam
1434 2351 1612 2395 musto
1661 2341 1902 2395 colorata
1934 2358 2025 2395 ru-

447 2433 599 2484 bore.
638 2432 846 2486 Deinde
896 2431 1092 2486 iterum
1128 2433 1394 2486 Set-valor
1433 2452 1446 2486 ι
1506 2451 1524 2483 ι
1557 2432 1624 2487 Ει
1669 2448 1735 2487 ex
1773 2433 2025 2502 gentibus

446 2539 604 2578 nemo
633 2522 732 2578 fuit
760 2539 993 2578 mecum.
1046 2543 1065 2577 ι
1099 2525 1389 2580 (Ζοιιαποιιι
1436 2541 1558 2580 cum
1611 2526 1858 2581 oratione
1887 2525 2023 2592 inec,

443 2628 499 2670 et
525 2626 919 2672 connectuntur
966 2633 1088 2671 cum
1147 2617 1541 2686 superioribus.
1618 2637 1635 2669 ι
1701 2618 1810 2690 Ego
1849 2618 2024 2682 enim,

444 2707 640 2778 inquit,
674 2708 867 2777 loquor
898 2709 1168 2776 justitiam
1193 2709 1529 2778 etjudicium
1566 2708 1843 2779 salutaris,
1877 2719 1932 2764 et
1957 2726 2024 2764 ex

443 2799 701 2869 gentibus
742 2816 850 2855 non
884 2808 970 2855 est
1002 2801 1086 2854 vir
1121 2813 1354 2856 mecum.
1404 2819 1422 2852 ι
1465 2799 1654 2869 Nemo,
1686 2802 1885 2873 inquit,
1923 2817 2021 2870 pa-

445 2891 598 2944 tienti
647 2891 777 2946 mihi
821 2889 1017 2946 adfuit.
1059 2891 1235 2948 Nemo
1275 2907 1338 2947 ex
1378 2891 1484 2947 ulla
1532 2903 1690 2963 gente
1722 2890 2040 2948 condoluit.'

442 2980 509 3036 Et
537 2991 794 3052 quantum
825 2984 890 3037 ad
923 2984 1169 3039 homines
1198 2985 1414 3048 attinet,
1437 2985 1583 3038 omni
1613 3000 1838 3056 prorsus
1862 2989 2021 3040 auxi-

443 3074 517 3129 lio
545 3075 839 3130 destitutus
872 3075 996 3139 fuit,
1029 3076 1255 3131 cohorte
1289 3076 1520 3131 militum
1573 3087 1630 3132 et
1677 3079 2023 3136 immanitate

443 3163 812 3218 ministrorum
860 3165 1154 3220 insultante
1195 3183 1208 3220 :

441 3254 566 3308 lista
597 3264 802 3320 narrat,
833 3255 979 3308 illum
1019 3255 1086 3309 ad
1125 3254 1384 3326 Caipham
1424 3257 1784 3312 adduxerunt.
1823 3277 1841 3308 ι
1887 3257 2023 3311 Tum

441 3360 635 3400 carnes
691 3347 963 3416 discipuli,
1001 3347 1196 3416 inquit,
1231 3362 1298 3402 eo
1349 3347 1557 3415 relicto,
1597 3348 1854 3420 fugerunt
1893 3351 1956 3404 η.
2000 3369 2021 3404 ι

443 3433 640 3490 Verum
671 3436 800 3489 illud
837 3439 1001 3490 etiam
1031 3437 1283 3506 pradiin
1311 3435 1595 3493 Christus:
1622 3455 1640 3489 ι
1674 3439 1810 3494 Ecce
1855 3443 2022 3505 enim,

441 3527 660 3595 inquit,
736 3527 880 3580 venit
933 3528 1065 3582 hora
1108 3539 1164 3582 et.
1212 3530 1386 3594 adest,
1439 3539 1495 3583 ut
1557 3529 1788 3600 quisque
1822 3531 2026 3600 disper-

440 3618 644 3687 gamini
677 3618 744 3672 ad
790 3633 886 3673 sua
915 3659 930 3684 ,
979 3627 1034 3674 et
1072 3635 1159 3674 me
1198 3619 1376 3674 solum
1412 3620 1756 3690 relinquatis.
1805 3621 1870 3675 Et
1919 3637 2022 3676 non

440 3726 558 3764 sum
596 3711 765 3776 solus,
798 3711 922 3779 quia
957 3711 1122 3767 Pater
1155 3727 1368 3767 mecmu
1392 3723 1476 3768 est
1499 3714 1566 3767 ¹⁶.
1603 3732 1622 3766 ι
1676 3713 1824 3768 Dixit
1853 3714 2020 3769 etiam

441 3801 553 3872 lyra
585 3801 870 3858 Psallentis
911 3817 925 3853 :
978 3819 996 3854 ‹
1040 3803 1436 3872 lmproperium
1477 3804 1814 3874 exspectavit
1843 3805 2020 3858 arrima

441 3910 582 3959 mea,
637 3901 690 3947 et
730 3893 1043 3959 miseriam;
1080 3903 1135 3949 et
1171 3895 1483 3965 exspectavi
1539 3895 1632 3966 qui
1683 3895 1845 3951 simul
1891 3911 2023 3950 con-

442 3985 774 4052 tristarctur,
809 3994 991 4040 etnon
1017 3985 1139 4050 luit,
1171 3997 1227 4041 et
1256 3988 1346 4057 qui
1373 3989 1772 4054 consolaretur,
1833 3998 1888 4045 et
1911 4005 2018 4045 non

439 4077 644 4132 inveni.
681 4076 954 4132 Dederunt
993 4077 1044 4130 in
1073 4093 1256 4133 escam
1286 4095 1458 4135 meam
1495 4081 1588 4147 fel,
1618 4091 1673 4136 et
1701 4081 1751 4135 in
1783 4081 1872 4137 siti
1903 4097 2018 4137 mea

438 4174 764 4237 putaverunt
801 4181 888 4222 me
925 4167 1094 4238 879
1147 4180 1300 4225 aceto
1333 4171 1394 4225 ⁸⁷.
1435 4190 1452 4222 ι
1509 4169 1694 4241 Itaque
1741 4189 1760 4222 ι
1809 4171 2017 4236 Nemo,

441 4257 636 4326 inquit,
670 4273 878 4313 mecum
907 4269 1028 4314 erat
1059 4273 1124 4314 ex
1175 4260 1428 4315 ontuibus
1443 4261 1712 4331 gentibus.
1753 4281 1773 4314 ι
1805 4262 1887 4316 An
1919 4263 2018 4332 igi-
2059 4285 2065 4290 τ

440 4361 548 4412 tur,
583 4364 704 4403 cum
736 4349 887 4405 solus
917 4364 1065 4406 esses
1117 4361 1172 4406 et
1226 4350 1570 4421 atljUIOI'iblIS
1618 4353 2016 4418 dealituereris,

441 4456 598 4494 manu
632 4441 812 4495 hostili
838 4441 1011 4496 victus
1034 4442 1126 4497 esi
1154 4443 1289 4498 Nam
1317 4454 1665 4515 superarunt,
1687 4455 1741 4500 et
1773 4445 1878 4500 tuis
1909 4447 2020 4501 vir-

443 4533 650 4586 tutibus
711 4534 1038 4602 expugnatis
1091 4540 1347 4604 tanquam
1397 4536 1622 4591 victoria
1672 4537 1828 4605 potiti
1887 4552 2015 4608 gau-

437 4621 615 4676 dent?
656 4619 1034 4692 Nequaquam,
1099 4623 1296 4693 inquit.
1376 4620 1488 4679 Etsi
1543 4627 1691 4680 enim
1735 4628 2005 4684 neminem

435 4714 694 4768 haberem
757 4724 1094 4768 assessorem
1145 4724 1200 4770 et
1233 4717 1648 4785 opilulatorem,
1693 4719 2007 4774 conculcavi

438 4813 616 4856 tamen
648 4801 884 4882 illos,’ac
917 4813 975 4857 ut
1019 4814 1220 4859 terram
1247 4806 1514 4878 confregi,
1540 4809 1844 4878 deuluxiquc
1878 4823 2006 4882 san-

437 4892 654 4956 guinem
683 4880 872 4946 eorum
900 4893 950 4947 in
971 4902 1194 4948 terram.
1227 4895 1354 4949 Post
1386 4897 1615 4950 reditum
1641 4897 1781 4950 enim
1805 4880 2008 4951 Cliristi

435 4983 488 5033 in
525 4982 726 5046 rmlos,
777 4998 937 5038 onme
981 4999 1152 5054 genus
1184 4985 1534 5042 intolerandm
1580 4987 1906 5042 calamitatis
1943 5002 2005 5041 ex

434 5071 615 5124 divina
648 5071 724 5124 ira
750 5070 979 5128 Iudaico
1005 5075 1200 5144 populo
1227 5075 1490 5132 indictum
1521 5084 1621 5132 est.
1655 5097 1672 5129 ι
1717 5077 1840 5133 Dies
1866 5078 2011 5133 enim

435 5163 846 5230 retributionis,
927 5166 1148 5234 inquit,
1197 5169 1416 5224 advenit
1471 5169 1598 5223 illis.
1639 5188 1658 5220 ι
1696 5168 1826 5222 Nam
1884 5169 2008 5239 qui-

435 5256 534 5308 bus
567 5255 717 5309 licuit
771 5256 927 5310 fidem
961 5260 1222 5328 arripere,
1250 5269 1304 5314 et
1345 5275 1442 5330 per
1491 5275 1611 5314 eam
1692 5259 2008 5328 locupletari

432 5347 628 5412 gratia,
663 5363 782 5400 cum
827 5357 1002 5401 Iamen
1030 5349 1156 5403 lacti
1191 5360 1371 5422 essent
1409 5350 1571 5420 pigri,
1600 5351 1709 5406 imo
1746 5365 2008 5419 arrogan-

432 5447 512 5490 tes
542 5448 593 5491 et
627 5438 948 5505 insolentes,
1007 5449 1061 5494 et
1089 5454 1256 5510 prape
1289 5435 1396 5494 [leo
1423 5440 1621 5494 bellum
1656 5441 1956 5496 indicerent
1990 5459 2001 5492 :

497 5613 716 5670 “Joan.
751 5632 848 5681 xu,
875 5617 960 5683 3|,
995 5617 1084 5672 52.
1163 5619 1206 5649 “
1239 5617 1372 5673 Gen.
1407 5632 1553 5680 ιιικι
1591 5617 1678 5671 “-

1758 5618 1800 5649 “
1830 5615 2014 5671 “altu.
2052 5621 2196 5684 xxvt,
2226 5619 2314 5683 56,
2342 5619 2432 5672 57.

2132 1969 2342 2023 ἐλκύσω
2371 1970 2506 2041 πρὸς
2547 1971 2802 2042 ἐμαυτόν.
2839 1991 2856 2024 ι
2897 1971 3082 2025 Ταῦτα
3109 1972 3165 2024 δέ
3197 1973 3437 2034 εἰπόντος
3466 1971 3558 2024 τοῦ
3584 1973 3717 2042 Χρι-

2131 2062 2288 2127 στοῦ,
2325 2062 2487 2116 πάλιν
2521 2064 3006 2128 ἀναπυνθάνονται,
3041 2063 3137 2116 καί
3179 2079 3331 2133 φασι·
3365 2082 3383 2114 ι
3425 2063 3580 2116 Διατί
3621 2080 3714 2114 σου

2129 2155 2336 2227 ἐρυθρά
2368 2157 2437 2210 τὰ
2471 2157 2685 2228 ἱμάτια,
2711 2157 2804 2212 καὶ
2832 2158 2900 2211 τὰ
2937 2156 3211 2228 ἐνδύματα
3255 2175 3344 2210 σου
3378 2157 3454 2220 ὡς
3477 2157 3585 2210 ἀπὸ
3614 2174 3717 2210 πα-

2128 2246 2290 2316 τητοῦ
2315 2247 2477 2318 ληνοῦ
2511 2247 2756 2319 πλήρους
2789 2249 3358 2319 καταπεπατημένηςς
3391 2267 3410 2300 ι
3453 2247 3717 2302 Ἐνταῦθά

2130 2356 2221 2408 μοι
2272 2339 2526 2412 μέμνησο
2573 2340 2666 2394 τοῦ
2713 2342 3055 2412 πατριάρχου
3093 2339 3346 2408 λέγοντος
3387 2338 3580 2393 Ἰακὼὸ
3619 2339 3711 2392 τό·

2133 2449 2152 2483 ι
2179 2433 2375 2486 Πλυνεϊ
2399 2433 2456 2484 ἐν
2469 2433 2595 2504 οἴνῳ
2615 2433 2715 2505 τὴν
2743 2433 2935 2503 στολήν
2967 2431 3155 2496 αὐτοῦ,
3177 2431 3271 2484 καὶ
3297 2433 3353 2484 ἐν
3383 2431 3716 2502 αἵματιστα-

2128 2523 2302 2596 φυλῆς
2335 2525 2432 2596 τήν
2462 2523 2752 2597 περιΰολὴν
2780 2522 2965 2577 αὐτοῦ.
3009 2541 3028 2576 ι
3059 2523 3458 2593 Πειροινιγμένα
3491 2523 3598 2594 γὰρ
3636 2521 3714 2592 τῷ

2128 2615 2318 2688 αἵματι
2364 2619 2430 2670 τὰ
2463 2615 2736 2686 ἐνδύματα
2765 2615 3142 2683 κατεφαίνετο,
3201 2617 3294 2667 καὶ
3326 2610 3442 2668 οἷον
3472 2615 3530 2681 ἐξ
3551 2615 3711 2668 ὀἴνου

2128 2708 2591 2782 κατακεχωσμένα
2623 2708 2759 2780 πρὸς
2786 2708 2847 2761 τὴ
2876 2707 3126 2779 ἐρυθρόν.
3153 2704 3283 2760 Εἶτα
3306 2707 3468 2760 πάλιν
3499 2705 3658 2770 εὐθὺς
3683 2709 3711 2759 6

2127 2800 2340 2872 Σωτήρ·
2377 2820 2394 2849 ι
2422 2800 2530 2853 Καὶ
2559 2801 2666 2854 τῶν
2698 2787 2866 2853 ἐθνῶν
2898 2798 3164 2853 noxi-501w
3192 2799 3331 2870 ἀνὴρ
3368 2798 3484 2867 μετ’
3519 2798 3706 2870 ἐμοῦ-ι

2128 2890 2309 2960 ἔχεται
2347 2890 2439 2945 τοῦ
2488 2891 2670 2960 λόγου,
2719 2892 2810 2944 καὶ
2845 2891 3103 2944 συνάπτει
3137 2891 3366 2944 κατόπιν
3395 2890 3490 2944 καὶ
3513 2889 3709 2944 ταῦτα’

2135 3001 2152 3034 ι
2187 2980 2327 3051 Ἐγὼ
2368 2981 2499 3053 γὰρ,
2527 2981 2656 3052 ἔφη,
2697 2981 3018 3051 διαλέγομαι
3069 2979 3434 3052 δικαιοσύνην,
3475 2981 3567 3035 καὶ
3595 2982 3713 3052 κρί-

2132 3091 2216 3126 σιν
2251 3073 2542 3143 σωτηρίου,
2585 3074 2680 3126 καὶ
2723 3073 2832 3126 τῶν
2874 3071 3045 3124 ἐθνῶν
3075 3073 3175 3126 οὐκ
3220 3071 3367 3126 ἐστιν
3406 3073 3544 3144 ἀνὴρ
3593 3074 3709 3144 μετ’

1268 3166 1359 3237 qui
1414 3167 1616 3234 etiam,
1675 3177 1735 3224 ut
1789 3184 2023 3240 evange-

2129 3162 2286 3233 ἐμοῦ.
2320 3183 2338 3215 ι
2365 3163 2554 3227 Οὐδεὶς
2586 3163 2696 3234 γάρ
2722 3179 2810 3234 μοι
2854 3164 3113 3234 πάσχοντι
3149 3165 3410 3236 παρίστη,
3435 3167 3620 3236 φησὶν,
3652 3167 3712 3232 ἐξ

2127 3250 2340 3316 οὐδενὸς
2374 3247 2443 3323 ἦν
2486 3251 2722 3316 ἔθνουςό
2767 3253 3072 3322 συναλγῶν,
3117 3256 3212 3308 καὶ
3238 3256 3298 3308 τό
3345 3272 3408 3324 γε
3460 3252 3595 3329 ἧκον
3632 3259 3709 3322 είς

2128 3345 2468 3418 ἀνθρώπους,
2492 3349 2924 3422 ἀνεπικούρητος
2942 3347 3010 3422 ἦν
3033 3351 3330 3416 παντελῶς,
3358 3352 3710 3424 ἐπιπηδὼσης

2126 3438 2274 3510 αὐτῷ
2300 3442 2399 3511 τῆς
2437 3457 2496 3494 τε
2531 3441 2761 3513 σπείρας
2793 3442 2902 3496 τῶν
2941 3444 3308 3514 στρατιωτῶν,
3347 3446 3441 3497 καὶ
3469 3445 3568 3514 τῆς
3596 3444 3710 3497 τῶν

2125 3529 2415 3600 ὑπηρετῶν
2441 3530 2784 3604 ἀγριότητος,
2821 3551 2837 3584 ι
2864 3534 2913 3587 οἳ
2945 3533 3040 3586 καὶ
3070 3534 3358 3604 ἀπήγαγον
3390 3535 3551 3589 αὑτὸν
3575 3536 3708 3608 πρὸς

2125 3620 2400 3689 Καϊάφαν,
2436 3621 2580 3675 καθά
2609 3639 2772 3694 φησιν
2819 3625 2848 3675 6
2888 3625 3302 3697 εύαγγελιστής.
3345 3627 3468 3680 τότε
3509 3627 3706 3690 πάντες

2123 3710 2354 3779 ἀφέντες
2382 3713 2546 3766 αὐτὸν
2570 3715 2620 3766 oi
2665 3714 2910 3786 μαθηταὶ
2937 3715 3159 3786 ἔφυγον,
3195 3735 3213 3768 ι
3260 3717 3398 3790 πλὴν
3425 3719 3520 3772 καὶ
3547 3719 3708 3773 τοῦτο

2125 3802 2530 3874 προηγόρευσεν
2574 3806 2602 3858 ό
2634 3807 2898 3876 Χριστός·
2931 3807 3037 3878 ἔφη
3077 3808 3186 3880 γάρ
3209 3824 3223 3839 ·
3257 3828 3277 3862 ι
3310 3809 3444 3864 Ἰδοὺ
3486 3809 3704 3883 ἔρχεται

2125 3890 2264 3962 ὥρα,
2299 3894 2391 3945 καὶ
2420 3891 2698 3964 ἐλήλυθεν,
2737 3895 2823 3949 ἵνα
2857 3896 3087 3960 ἕκαστος
3119 3899 3487 3970 σκορπισθῆτε
3523 3903 3604 3965 είς
3636 3903 3706 3955 τὰ

2123 3983 2254 4048 ἴδια,
2294 3983 2440 4054 κάμὲ
2481 3985 2642 4055 μόνον
2681 3986 2877 4056 ἀφῆτε,
2908 3988 3001 4041 καὶ
3050 3989 3150 4042 οὐκ
3185 3990 3304 4060 είμὶ
3348 3991 3527 4062 μόνος,
3554 3993 3636 4046 ὅτι
3677 3995 3704 4046 6

2122 4072 2312 4144 Πατήρ
2360 4074 2476 4144 μετ’
2519 4071 2653 4143 ἐμοῦ
2687 4075 2852 4127 ἐστιν.
2891 4093 2910 4126 ι
2944 4075 3089 4145 Ἔφη
3129 4076 3186 4130 δέ
3221 4077 3313 4130 καὶ
3345 4076 3432 4130 διὰ
3465 4078 3563 4148 τῆς
3607 4076 3702 4131 τοῦ

2122 4165 2430 4228 Ψάλλοντος
2459 4165 2648 4236 λύρας·
2679 4187 2696 4217 ι
2723 4168 3053 4239 Ὀνειδισμὸν
3077 4169 3474 4240 προσεδόκησεν
3498 4171 3531 4240 ή
3555 4169 3700 4241 ψυχή

2124 4272 2248 4326 μου,
2270 4257 2364 4308 καὶ
2396 4255 2790 4328 ταλαιπωρίαν,
2813 4258 2905 4310 καὶ
2941 4257 3209 4325 ὑπέμεινα
3240 4258 3728 4330 συλλυπούμενονη

2120 4346 2215 4398 καὶ
2245 4346 2342 4416 ούχ
2388 4345 2622 4416 ὑπῆρξε,
2653 4347 2747 4400 καὶ
2778 4349 3198 4418 παρακαλοῦντα
3249 4350 3343 4404 καὶ
3391 4351 3489 4422 οὐχ
3521 4345 3699 4426 εὗρον,

2119 4435 2213 4488 καὶ
2259 4435 2466 4490 ἔδωκαν
2507 4439 2586 4499 εἰς
2621 4438 2680 4491 τὸ
2735 4437 2931 4509 βρῶμά
2980 4457 3084 4511 μου
3124 4441 3306 4512 χολὴν,
3345 4441 3438 4496 καὶ
3485 4445 3566 4506 είς
3602 4443 3701 4511 τὴν

2049 4531 2092 4585 ι)
2119 4524 2278 4594 δίψαν
2311 4541 2414 4596 μου
2446 4525 2702 4580 ἐπότισάν
2754 4544 2820 4598 με
2869 4527 3008 4593 ὅξος.
3037 4547 3056 4580 ι
3101 4527 3309 4582 Οὐκοῦν
3351 4546 3369 4579 ι
3401 4528 3590 4592 Οὐδεὶς
3630 4523 3700 4602 ἦν

2120 4617 2234 4686 μετ’
2262 4615 2417 4686 ἐμοῦ,
2453 4618 2640 4688 φησὶν,
2674 4620 2739 4672 ἐκ
2774 4619 2989 4672 πάντων
3014 4618 3120 4674 τῶν
3152 4619 3342 4672 ἐθνῶν.
3377 4641 3394 4670 ι
3415 4614 3540 4690 Ἆρ’
3581 4615 3694 4683 οῦν,

2117 4706 2240 4759 ἐπεὶ
2284 4705 2444 4776 μόνος
2489 4703 2670 4777 ἦσθα,
2720 4709 2955 4762 καὶτῶν
3001 4708 3404 4764 συναθλοῦντων
3455 4709 3697 4781 ἕρημος,

2114 4796 2291 4868 ἥττων
2320 4798 2550 4868 γέγονας
2593 4800 2692 4871 τῆς
2737 4801 2846 4855 τῶν
2876 4801 3257 4871 πολεμούντων
3294 4803 3512 4874 χειρός;
3548 4798 3697 4873 Ἀρα

2117 4888 2513 4958 κεκρατήκασι,
2533 4889 2627 4942 καὶ
2649 4889 2748 4960 τῆς
2775 4891 2872 4960 σῆς
2893 4891 3072 4960 ἰσχύος
3100 4894 3694 4964 κατευμεγεθήσαντες,

2117 4977 2369 5048 χαίρουσι
2394 4996 2451 5032 τε
2480 4980 2687 5045 λοιπὸν,
2721 4981 2796 5043 ὡς
2821 4982 3200 5052 νενικηκότες;
3229 4984 3512 5054 Οὐδαμῶς,
3541 4985 3692 5056 φησί.

2112 5071 2302 5125 Καίτοι
2336 5072 2445 5141 γὰρ
2489 5073 2626 5143 ἔχων
2659 5072 2849 5126 οὐδένα
2903 5073 2995 5125 τὸν
3041 5075 3420 5146 παραστάτην,
3457 5078 3697 5130 κατεπά-

2107 5178 2250 5232 τησα
2308 5163 2504 5226 αὐτοὺς
2538 5166 2595 5216 ἐν
2653 5163 2849 5233 θυμῷ,
2887 5164 2981 5216 καὶ
3021 5165 3334 5220 κατέθλασα
3367 5168 3564 5231 αὐτοὺς
3619 5167 3696 5232 ὡς

2107 5259 2233 5327 γῆν,
2263 5258 2578 5326 κατήγαγον
2601 5257 2663 5310 τὸ
2687 5252 2825 5327 αἷμα
2855 5257 3034 5314 αὐτῶν
3062 5261 3142 5324 είς
3163 5261 3296 5331 γῆνο
3321 5263 3460 5332 μετά
3489 5262 3595 5332 γάρ
3611 5280 3693 5315 τοι

2105 5350 2202 5419 τὴν
2229 5351 2308 5412 είς
2344 5348 2607 5420 οὐρανοὺς
2634 5349 2986 5420 ἀναιροίτησιν
3010 5350 3102 5404 τοῦ
3123 5352 3384 5423 Χριστοῦ,
3417 5353 3525 5406 πᾶν
3555 5349 3691 5415 εἶδος

2106 5441 2380 5512 ἀφορήτου
2429 5443 2715 5512 συμφορᾶς
2743 5445 2854 5507 τοῖς
2909 5443 3184 5496 Ἰουδαίων
3212 5443 3404 5514 δήμοις
3435 5445 3499 5496 ἐκ
3545 5443 3693 5506 θείας

2511 5620 2728 5676 "Joan.
2758 5639 2869 5691 xw,
2895 5623 2984 5680 52.
3019 5625 3082 5677 ”.
3115 5623 3564 5687 Ρεο1.ικιίιι,2ἱ,
3597 5622 3688 5678 ὓ.

498 5786 865 5855 (Ullumtred.
901 5792 1093 5860 legisse
1119 5794 1330 5851 videtur
1355 5796 1504 5864 θέαν,
1532 5805 1586 5851 et
1616 5796 1754 5852 infra
1780 5797 1872 5852 lin.
1912 5798 1996 5862 1-2.,

2128 5798 2276 5869 θριον
2311 5813 2408 5868 pro
2439 5797 2742 5870 ἀλλότριον.
