2070 3236
167 209 243 238 I385

736 207 767 238 ΙΝ
789 206 909 238 ΙΞΑΙΑΜ
931 209 995 239 LIB.
1018 207 1050 240 ν.
1073 208 1195 240 TOMUS
1216 208 1248 238 ν.

1753 212 1824 241 1588

165 268 257 305 ὀργῆς
279 268 460 305 ἐπενὴνεκται
473 289 480 296 .
496 268 622 306 ιῚΙμὲρα
648 270 703 306 γὰρ
727 270 944 303 ἁνταποδὸσεως,
964 281 968 297 l

1030 271 1124 306 quidni
1140 271 1167 298 in
1185 277 1267 298 omne
1278 276 1364 305 genus
1378 269 1511 298 malorum
1524 269 1709 299 devenirenti
1723 271 1824 300 Verum

165 314 265 350 φησὶν,
277 323 287 340 ι
297 314 417 349 ἐπῆλθεν
431 314 534 347 αὐτοῖς.
549 325 558 342 ›
573 313 621 348 Οἷς
634 316 690 352 γὰρ
704 316 766 350 ἐξὸν
784 318 908 353 ἁρπάσαι
923 317 973 352 τῆν

167 360 274 392 πίστιν,
292 360 341 387 καὶ
351 360 402 397 τὴν
412 360 447 388 δι’
463 361 550 397 αὐτῆς
565 362 790 398 καταπλουτῆσαι
805 365 896 400 χάριν,
914 361 973 390 εἶτα

168 407 290 443 ῥᾴθυμοι
307 407 468 442 γεγονότες,
491 408 593 443 μᾶλλον
610 408 638 435 δέ
663 409 793 441 ἀλαζόνες
804 430 811 440 ,
833 410 880 437 καὶ
897 410 974 446 ὑϐρι-

168 453 245 485 σταὶ,
261 453 310 480 κα)⁵
331 453 414 489 μέχρι
440 453 542 486 παντὸς
561 453 710 490 θεομάχοι,
728 455 789 487 πῶς
813 456 844 482 οὐ
871 456 974 491 σφόδρα

167 499 286 530 είκότως
302 499 405 531 παντὸς
428 499 495 526 εἵσω
516 500 647 535 γεγόνασι
671 500 777 532 κακοῦ;
797 501 871 536 Πλὴν
896 502 910 528 ό
923 502 973 536 τῆς

167 545 275 572 ἐκείνου
300 545 509 578 ἀνταποδόσεως
534 546 650 582 καιρὸς,
675 546 839 583 λυτρώσεως
863 546 898 583 ἦν
917 550 974 580 τοῖς

166 591 343 626 ἐπεγνωκόσι
359 591 410 627 τὴν
426 592 590 626 ἐπιφάνειαν
608 593 701 620 αὑτοῦ.
722 595 766 621 Ἐν
778 594 872 631 ταυτῷ
890 595 945 631 γὰρ
960 597 974 622 ὁ

169 637 222 673 μὲν
236 638 343 674 ἐξήνιος
356 638 514 671 ἐκολάζετο,
528 639 543 666 ὁ
558 639 589 666 δὲ
606 640 737 676 εὐπειθὴς
761 641 808 668 καὶ
826 641 974 676 ὑφειμένος

169 684 311 721 ἐλυτρὼθη
334 685 411 721 παρά
435 685 569 721 Χριστοῦ.
585 695 594 711 ι
613 685 767 722 Ἐπέὸλεψα
781 686 848 723 γὰρ,
868 696 877 713 ι
895 688 972 723 φησι,

172 741 182 757 ι
199 732 246 759 καὶ
261 732 312 759 οὐκ
326 730 361 768 ἦν
379 733 394 759 ὁ
409 732 509 768 βοηθός
519 740 526 748 ’
543 733 728 769 προσενόησα,
745 734 793 761 καὶ
808 734 896 765 οὐδεὶς
911 735 974 761 ἀντ-

169 778 283 806 ελάϐετο
294 787 301 794 ·
318 789 326 804 ι
345 779 393 806 καὶ
407 779 544 816 ἐρρύσατο
558 780 659 812 αὐτοὺς
674 781 688 807 ὀ
704 780 825 817 βραχίων
847 790 909 817 μου,
927 782 973 808 καὶ

167 823 185 849 ὸ
200 823 285 859 θυμός
306 833 359 859 μου
378 824 492 860 ἐπέστη.
512 834 522 851 ι
540 825 595 852 Καὶ
609 826 792 862 κατεπάτησα
814 827 915 859 αὐτοὺς
938 828 972 862 τῇ

167 870 238 906 ὀργῇ
257 879 319 905 μου.
333 880 343 896 ι
357 870 467 898 Ἔοικεν
480 870 509 898 ὲν
521 870 627 903 τούτοις
641 871 692 907 τῆς
708 871 763 899 τῶν
781 872 973 908 Γραμματέων

169 917 218 943 καὶ
233 916 392 952 Φαρισαίων
412 917 553 953 ῥᾳθυμίας
568 917 705 945 ποιεῖσθαι
722 918 872 955 καταϐοὴν,
892 919 917 946 οἳ
934 928 975 946 τε-

1028 317 1215 344 retributionis
1242 321 1350 352 tempus
1380 317 1445 350 illis,
1465 322 1525 344 erat
1552 318 1749 352 redemptionis
1767 319 1827 347 dies

1027 364 1070 391 his
1102 364 1148 398 qui
1166 363 1226 398 ejus
1242 363 1441 398 apparitionem
1457 369 1640 398 agnoverunt.
1654 364 1826 393 Simuleuim

1025 415 1053 437 et
1071 410 1115 437 hic
1128 409 1239 437 ell'reuis
1255 410 1368 445 punitus
1384 414 1446 443 est,
1468 414 1496 437 et
1510 410 1554 437 ille
1569 411 1700 438 obediens
1712 420 1744 439 ac
1760 412 1826 439 sub-

1027 458 1126 485 missus
1138 464 1153 484 :t
1165 457 1274 485 Christo
1293 457 1449 492 redemptus
1463 462 1517 484 est.
1537 466 1546 483 ι
1564 457 1683 492 Respexi
1706 459 1792 490 enim,
1813 467 1824 485 ι

1027 503 1123 538 inquit,
1139 512 1148 528 ι
1163 508 1191 530 et
1209 511 1262 530 non
1280 507 1341 530 erat
1351 502 1477 536 adiutor;
1491 503 1675 535 consideravi,
1693 508 1721 531 et
1744 511 1826 531 nemo

1025 555 1089 577 eral
1105 550 1152 584 qui
1170 549 1307 584 pra-heret
1321 548 1462 576 auxilium.
1482 558 1491 575 ι
1517 548 1550 576 Et
1564 549 1691 577 liberavit
1701 557 1748 576 eos
1762 549 1826 577 bra-

1026 595 1118 623 chiqu
1146 603 1248 626 meum,
1267 600 1295 622 et
1308 595 1385 622 furor
1399 602 1475 623 meus
1488 595 1591 623 invasit
1604 603 1663 624 eos.
1681 605 1692 621 ι
1711 596 1746 623 At
1759 603 1826 624 cou-

1026 642 1131 670 culcavi
1143 642 1206 670 illos
1226 643 1266 669 ira
1294 649 1364 670 mea.
1384 651 1394 668 ι
1423 641 1537 670 Videtur
1555 642 1598 670 his
1617 642 1708 670 verbis
1728 647 1825 669 contra

1026 690 1178 717 socordiam
1189 689 1349 718 Scribarum
1358 694 1386 718 et
1397 690 1597 718 Pharisaeorum
1608 689 1766 722 vociferari.
1779 689 1826 724 qui

1025 736 1166 765 constituti
1180 741 1245 765 sunt
1263 742 1292 764 ut
1308 742 1460 771 prxessent
1473 737 1585 772 populo.
1599 740 1627 764 et
1642 735 1823 770 adjustitiam

1026 782 1187 818 dirigerent,
1203 787 1230 810 et
1246 783 1280 809 ad
1298 782 1345 810 Dei
1364 782 1494 817 placitum
1531 782 1617 818 probe
1638 782 1826 810 instituerent.

1027 828 1081 856 Sed
1092 828 1161 856 adeo
1176 828 1307 856 socordes
1321 833 1399 855 erant
1409 835 1442 856 ac
1457 828 1577 860 desides.
1603 831 1633 855 ut
1647 828 1690 855 his
1701 827 1747 862 qui
1761 827 1826 854 suh-

1026 874 1074 902 diti
1086 874 1151 910 jugo
1164 874 1274 902 fuerunt
1290 874 1391 901 nullam
1405 881 1485 910 opem
1501 873 1643 905 atierrent,
1668 874 1751 900 uullis
1768 880 1828 899 m0-

1026 920 1092 947 nitis
1104 920 1274 955 corrigerent
1289 929 1296 947 :
1311 920 1358 947 sed
1374 927 1390 948 e
1401 919 1551 953 contrario,
1564 920 1647 947 etiam
1660 920 1693 946 ad
1706 918 1826 946 infideli-

167 964 288 999 τάχαντο
302 964 352 999 μὲν
364 964 404 996 είς
416 963 447 990 τὸ
459 964 640 1000 καθηγεῖσθαι
652 964 736 997 λαῶν,
749 965 797 992 καὶ
810 965 968 993 ἀπευθύνειι

1027 970 1109 993 tatem
1123 965 1302 994 abducerent.
1312 965 1378 994 Ausi
1391 967 1536 994 suntenim
1552 966 1644 994 dicere
1660 966 1693 993 de
1703 964 1825 993 omnium

168 1010 271 1042 αὐτοὺς
290 1010 332 1042 εἰς
354 1010 549 1045 δικαιοσύνην.
566 1010 614 1037 καὶ
638 1010 825 1046 παιδαγωγεῖν
848 1009 878 1038 εὗ
897 1011 972 1047 μάλα

167 1056 239 1091 πρὸς
262 1056 293 1083 τὺ
317 1056 378 1092 Θεῷ
390 1055 497 1083 δοκοῦν.
521 1056 656 1092 Ῥᾀθυμοι
676 1056 706 1083 δὲ
726 1055 798 1092 ἦσαν
817 1057 900 1090 οὕτω,
923 1058 971 1085 καὶ¹

167 1102 410 1134 ἀναπεπτωκότες,
429 1101 467 1134 ὡς
482 1101 642 1137 ἐπικουρεῖν
666 1102 716 1138 μὲν
733 1103 822 1130 οὐδενὶ
842 1103 897 1130 τῶν
916 1103 971 1130 ὺπ-

168 1148 354 1184 εζευγμένων,
371 1149 419 1176 καὶ
432 1149 494 1180 ταῖς
515 1148 671 1181 νουθεσίαις
691 1149 872 1185 ἐπανορθοῦν,
892 1150 925 1177 ἐκ
942 1150 970 1177 δὲ

166 1195 223 1222 τῶν
239 1195 372 1223 ἐναντίων
389 1195 435 1222 καὶ
455 1195 638 1231 ἀποκομίζειν
654 1196 694 1228 είς
713 1196 853 1224 ἀπιστίαν.
870 1195 970 1224 Τετολ-

169 1242 275 1278 μήκασι
291 1243 348 1278 γὰρ
364 1243 453 1270 εἰπεῖν
471 1243 537 1280 περὶ
552 1243 602 1271 τοῦ
622 1244 733 1271 πάντων
748 1244 829 1280 ἡμῶν
844 1245 973 1281 Σωτῆρος

166 1288 288 1324 Χριστοῦ
300 1297 308 1304 ·
326 1298 336 1314 ι
354 1289 453 1321 Ἡμεῖς
477 1288 655 1325 οῖδαμεν’ὂτι
672 1285 768 1317 Μωσεί
790 1290 940 1326 λελάληκεν
959 1292 975 1319 ὁ

166 1333 348 1365 Θεὸς,τοῦτον
358 1334 387 1361 δὲ
405 1335 457 1361 οὐκ
473 1334 586 1371 οἴδαμεν
597 1334 681 1363 πόθεν
694 1336 779 1362 ἐστί.»
798 1336 854 1363 Καὶ
870 1337 953 1364 πάλιν
964 1346 971 1353 ·

169 1388 179 1404 ι
191 1380 337 1415 Δαιμόνιον
360 1380 418 1416 ἐχει
439 1381 487 1408 καὶ
505 1381 645 1416 μαίνεται,
660 1382 688 1409 τί
712 1382 797 1410 αὑτοῦ
813 1383 970 1418 ἀκούετεςι

165 1426 274 1453 οὐκοῦν
299 1427 449 1463 ἐπειδήπερ
466 1428 556 1460 οὐδεὶς
575 1426 628 1464 ἦν,
647 1429 749 1465 φησὶν,
776 1430 791 1457 ὀ
815 1429 939 1466 βοηθῶν,
954 1430 972 1467 ἦ

1027 1017 1150 1040 nostrum
1162 1012 1308 1041 Servatore
1323 1012 1455 1040 Christo:
1472 1022 1480 1038 ι
1495 1011 1552 1040 Nos
1573 1012 1682 1048 quidem
1696 1012 1823 1039 novimus

1025 1058 1111 1095 Moysi
1123 1058 1242 1086 locutum
1254 1065 1316 1087 esse
1327 1059 1427 1093 Deum;
1436 1059 1509 1087 hunc
1516 1063 1607 1086 autem
1616 1057 1687 1085 haud
1701 1057 1828 1084 novimus

1026 1105 1098 1132 unde
1109 1105 1146 1132 sit
1160 1104 1191 1132 ’⁸.
1214 1114 1224 1131 ι
1242 1105 1276 1132 Et
1296 1105 1416 1132 iterum:
1433 1114 1443 1131 ι
1463 1104 1633 1132 Dim-monium
1651 1103 1734 1131 habet
1743 1107 1771 1131 et
1786 1103 1829 1130 iu-

1026 1151 1110 1182 sanit,
1125 1151 1189 1185 quid
1207 1150 1282 1178 illum
1303 1151 1405 1179 auditis
1419 1151 1440 1167 "
1457 1150 1470 1179 τ
1489 1160 1499 1177 ι
1530 1150 1625 1186 Itaque
1642 1150 1706 1186 quia
1733 1157 1827 1181 nemo,

1025 1197 1125 1232 inquit,
1136 1202 1196 1225 erat
1206 1198 1252 1232 qui
1268 1202 1454 1230 succurreret,
1468 1197 1509 1225 vel
1521 1197 1654 1224 auxilium
1673 1196 1820 1231 praheret.

1023 1244 1146 1272 servavit
1158 1251 1206 1272 eos
1215 1244 1358 1272 brachium
1372 1251 1476 1276 meum,
1487 1244 1514 1271 id
1533 1247 1587 1277 est,
1598 1243 1731 1278 potentia.
1744 1242 1828 1270 Com-

1023 1292 1116 1326 plures
1141 1292 1227 1324 enim,
1241 1296 1271 1319 ut
1295 1291 1364 1324 dixi,
1381 1298 1416 1318 ex
1436 1290 1538 1318 Judteis
1567 1289 1756 1317 crediderunt.
1774 1288 1826 1321 Qui

1022 1345 1088 1366 vero
1103 1337 1234 1366 nolebant
1248 1344 1412 1366 succurrere
1427 1344 1487 1370 eos,
1517 1336 1595 1364 furor
1610 1342 1689 1363 meus
1714 1335 1825 1366 invasit,

1023 1383 1144 1420 factique
1158 1387 1223 1412 sunt
1234 1384 1408 1413 conculcatio
1423 1385 1482 1412 iraa.
1506 1383 1569 1411 Mali
1584 1383 1657 1411 enim
1670 1382 1742 1409 male
1758 1389 1827 1417 per-

1022 1431 1124 1463 ierunt,
1140 1436 1168 1459 et
1182 1431 1279 1467 dignas
1290 1430 1441 1459 sceleribus
1457 1437 1554 1465 pinnas
1570 1429 1718 1458 dederunt.

165 1471 448 1508 ἀντιλαμδανόμενος,
467 1473 571 1501 σέσωκε
591 1474 641 1510 μὲν
655 1475 779 1507 ἐκείνους
793 1476 808 1503 ὁ
822 1476 889 1512 ἐμὸς
902 1476 1034 1513 βραχίων,
1060 1475 1198 1509 τουτέστι,
1227 1476 1355 1512 δύναμις,
1392 1475 1516 1503 πλεῖστοι
1550 1475 1617 1511 γὰρ,
1639 1474 1678 1507 ὡς
1696 1474 1777 1510 ἔφην,
1796 1474 1827 1509 ἐξ

171 1518 309 1546 Ἰουδαίων
323 1520 538 1549 πεπιστεύκασι.
552 1521 616 1554 Τοῖς
632 1530 665 1556 γε
687 1522 741 1558 μὴν
757 1523 808 1550 οὐκ
822 1523 970 1560 ὲθελήσασι
990 1524 1099 1560 βοηθεῖν
1114 1525 1129 1551 ὁ
1144 1524 1231 1560 θυμός
1254 1533 1305 1560 μου
1329 1524 1444 1560 ἐπέστη,
1476 1523 1610 1559 γεγόνασι
1629 1521 1825 1558 καταπάτημα

163 1565 214 1600 τῆς
232 1565 327 1602 ὀργῆς.
340 1566 430 1594 Κακοὶ
444 1566 499 1603 γὰρ
513 1567 609 1600 κακῶς
629 1567 785 1601 διολώλασι,
800 1570 848 1597 καὶ
862 1571 1026 1607 ἰσορρόπους
1043 1572 1102 1603 τοῖς
1118 1571 1281 1606 αίτιάμασιν
1295 1570 1442 1607 ἐξῄτηνται
1456 1570 1546 1602 δίκας.

203 1612 262 1639 Τὸν
281 1612 372 1640 ἔλεον
388 1614 501 1648 Κυρίου
520 1613 689 1649 ἐμνήσθην,
711 1615 765 1649 τὰς
781 1616 890 1650 ἀρετὰς
909 1619 966 1644 Κυ-

1057 1616 1140 1644 Vens.
1158 1616 1186 1643 7.
1219 1615 1413 1643 Misericordia
1440 1615 1550 1643 Domini
1576 1615 1732 1642 recordatus
1754 1622 1825 1645 ιιιηι,

160 1667 230 1693 ριου
245 1658 281 1685 ἑν
298 1658 404 1692 πᾶσιν,
421 1657 468 1693 οἷς
487 1661 504 1687 ό
519 1661 628 1694 Κύριος
643 1661 716 1696 ἡμῖν
731 1662 967 1691 ἀνταποδίδωσι.

162 1705 275 1738 Κύριος
297 1704 403 1739 κριτὴς
423 1705 536 1740 ἀγαθὸς
555 1705 596 1739 τῷ
617 1707 690 1739 οἴκῳ
710 1708 845 1742 Ἰσραὴλ,
862 1709 968 1743 ἐπάγει

162 1750 239 1786 ἡμῖν
254 1750 392 1778 καὶκατὰ
402 1752 538 1785 τὸ¹ἕλεος
552 1752 657 1785 αὐτοῦ,
673 1753 723 1780 καὶ
743 1754 819 1781 κατὰ
835 1755 868 1781 τὸ
888 1754 967 1789 πλῆ-

161 1800 216 1831 θος
228 1797 284 1832 τῆς
299 1798 497 1832 δικαιοσύνης
507 1798 611 1826 αὑτοῦ.

198 1843 268 1870 Θεοῦ
290 1843 418 1877 λέγοντος
438 1842 477 1874 ὡς
492 1843 594 1879 ἐπέστη
617 1844 668 1880 μὲν
684 1846 740 1877 τοῖς
754 1845 937 1882 ἀπειθήσασιν
952 1846 967 1872 ὁ

162 1891 261 1926 θυμὸς,
284 1890 460 1924 κατεπάτησε
482 1889 510 1916 δὲ
537 1890 638 1923 αὐτοὺς
653 1892 669 1927 ἡ
682 1892 762 1928 ὀργὴ,
778 1893 827 1920 καὶ
840 1894 881 1920 ὅτι
898 1901 966 1920 κατ-

161 1936 298 1972 εκομίσθη
314 1935 345 1963 τὸ
358 1933 428 1972 αἷμα
444 1936 534 1964 αὐτῶν
547 1938 588 1969 είς
602 1938 664 1973 γῆν,
679 1939 723 1966 διὰ
742 1940 825 1976 μέσου
841 1940 966 1976 κεχώρη-

163 1993 212 2011 κεν
229 1985 243 2012 ὁ
257 1982 415 2020 προφήτης,
427 1984 475 2011 καὶ
490 1985 695 2019 ἀπογινώσκειν
708 1987 759 2013 οὐκ
775 1988 808 2022 ἐᾷ
823 1988 887 2019 τοὺς
903 1987 966 2014 καθ’

161 2028 201 2058 ὧν
215 2031 240 2057 οἱ
255 2030 341 2064 λόγοι,
360 2030 467 2065 μέτεισι
479 2031 508 2057 δὲ
523 2031 553 2058 τὸ
564 2032 671 2067 χρῆμα,
684 2032 732 2059 καὶ
748 2033 809 2059 λίαν
818 2033 964 2069 εὐτέχνως.

168 2076 326 2112 Ἐμνήσθην
352 2076 419 2111 γὰρ,
434 2077 512 2112 φησὶ,
527 2078 588 2104 κατ’
615 2078 745 2113 ἐμαυτὸν,
770 2078 807 2109 ὡς
825 2078 898 2105 ἐστιν
915 2079 965 2106 οὐκ

160 2122 271 2158 ἀπηνὴς
283 2122 297 2148 ό
308 2122 361 2149 τῶν
377 2123 446 2149 ὅλων
471 2122 579 2158 κριτής.
598 2120 664 2149 Οἶδα
686 2123 741 2159 γὰρ
757 2123 804 2150 τὸν
823 2123 899 2151 ἔλεον
919 2125 965 2151 καὶ

160 2169 211 2202 τὰς
224 2169 325 2205 ἀρετὰς
333 2168 429 2201 αὑτοῦ,
440 2168 578 2201 τουτέστι,
592 2169 643 2202 τὰς
654 2170 815 2202 δυναστείας
827 2171 857 2197 ἐν
870 2172 963 2204 πᾶσιν,

159 2213 202 2248 οἷς
226 2215 442 2242 ἀνταποδίδωσιν
462 2216 537 2252 ἡμῖν.
561 2216 593 2243 Ei
613 2216 667 2252 γὰρ
692 2218 739 2244 καὶ¹
758 2218 962 2254 ἀπέστραπται,

161 2261 240 2298 φησὶ,
261 2262 484 2298 πεπαρῳνηκότα
495 2262 540 2289 τὸν
561 2262 680 2298 Ἰσραὴλ,
701 2263 748 2290 καὶ
761 2263 885 2291 ἀπειθεῖν
898 2265 965 2301 ᾑρη-

1022 1663 1148 1689 virtutum
1168 1661 1293 1693 Domini,
1314 1661 1343 1688 in
1365 1661 1486 1689 omnibus
1509 1668 1569 1696 quo:
1594 1660 1670 1688 nobis
1691 1660 1825 1688 retribuit.

1023 1707 1152 1735 Dominus
1182 1707 1268 1742 judea;
1296 1706 1379 1735 bonus
1395 1707 1488 1734 domui
1509 1706 1597 1734 Israel
1626 1707 1736 1734 adducit
1749 1706 1825 1734 nobis

1018 1755 1165 1782 secundum
1193 1753 1404 1781 misericordiam
1440 1753 1526 1789 880
1539 1761 1627 1787 suam,
1640 1759 1664 1780 et
1679 1753 1824 1781 secundum

1019 1799 1215 1826 multitudinem
1229 1799 1345 1834 justitiw
1360 1806 1426 1826 sum.

1057 1845 1112 1873 Deo
1136 1845 1245 1873 dicente
1272 1844 1417 1872 advenisse
1456 1844 1607 1872 incredulis
1633 1844 1771 1876 furorem,
1795 1850 1825 1872 et

1020 1892 1081 1919 illos
1100 1891 1142 1919 ira
1165 1891 1357 1921 couculcatos,
1378 1892 1597 1926 sanguinemque
1617 1898 1712 1918 eorum
1735 1890 1826 1918 dedu-

1019 1944 1094 1966 ctum
1112 1939 1138 1966 iu
1157 1943 1274 1969 terram.
1293 1938 1440 1965 intervenit
1457 1937 1608 1973 propheta,
1625 1944 1676 1965 nec
1692 1937 1760 1965 sinit
1775 1943 1827 1964 eos

1020 1985 1140 2011 animum
1161 1985 1340 2018 despondere,
1359 1988 1453 2010 contra
1474 1990 1545 2017 quos
1566 1983 1625 2010 haec
1643 1983 1726 2011 verba
1748 1982 1821 2010 dicta

1019 2037 1094 2058 sunt.
1114 2030 1223 2065 Resque
1243 2030 1300 2057 haec
1317 2030 1397 2056 valde
1417 2028 1566 2056 artiﬁciose
1587 2029 1750 2065 interposita
1768 2034 1822 2061 est,

1020 2078 1187 2104 lteconlutus
1210 2084 1269 2104 sum
1291 2076 1376 2109 enim,
1397 2076 1494 2110 inquit,
1514 2076 1585 2111 apud
1609 2083 1665 2108 me,
1683 2083 1737 2103 non
1758 2083 1821 2104 esse

1019 2124 1211 2151 inclementem
1233 2124 1424 2151 universorum
1444 2122 1578 2150 iudicem.
1597 2121 1666 2150 Novi
1684 2122 1820 2156 siquidem

1018 2170 1237 2198 misericordiam
1257 2175 1286 2198 et
1304 2170 1422 2198 virtutes
1443 2170 1515 2204 ejus,
1535 2169 1561 2197 id
1584 2174 1637 2202 est,
1656 2169 1818 2205 potentiam,

1019 2218 1045 2245 in
1063 2216 1190 2245 omnibus
1206 2225 1267 2252 quas
1284 2217 1364 2245 nobis
1381 2217 1517 2246 retribuit.
1537 2216 1593 2244 Etsi
1615 2216 1700 2250 enim,
1718 2216 1822 2251 inquit,

1018 2262 1147 2291 lsraelem
1171 2263 1370 2290 debacchatum
1393 2268 1421 2291 et
1446 2262 1652 2291 iuobedientem
1676 2267 1819 2290 aversatus

161 2307 253 2343 μένον,
271 2307 319 2334 καὶ
341 2305 398 2334 οἷον
417 2308 632 2336 ἀνταποδίδωσιν
652 2310 718 2345 ἡμῖν
744 2310 780 2337 τά
805 2310 835 2344 ἐξ
867 2311 963 2348 ὀργῆς,

1020 2309 1065 2341 sit,
1077 2314 1105 2336 et
1119 2308 1191 2337 velut
1208 2308 1334 2336 retribuit
1349 2308 1428 2336 nobis
1444 2308 1524 2342 iram,
1539 2316 1593 2336 non
1608 2308 1718 2343 quidem
1734 2308 1821 2344 impo-

158 2354 210 2380 οὐκ
227 2354 350 2389 ἀκράτου
366 2354 477 2389 μᾶλλον,
498 2354 557 2382 ἀλλ’
571 2356 725 2392 ἡμερότητι
741 2357 963 2393 κεκρατημένης,

158 2401 218 2429 ἀλλ’
236 2399 284 2429 οὖν
306 2400 337 2429 εὖ
356 2402 506 2438 ἐπίσταμαι
526 2402 576 2435 τὰς
593 2404 695 2439 ἀρετάς
713 2404 809 2437 αὑτοῦ,
828 2405 963 2439 τουτέστι,

157 2449 209 2482 τὰς
231 2448 392 2481 δυναστείας
415 2449 604 2485 γεγενημένας
636 2449 709 2476 κατά
729 2450 843 2486 καιροὺς
864 2451 911 2479 ἐπὶ
929 2453 963 2488 τῇ

158 2495 295 2532 λυτρώσει
328 2495 376 2522 τοῦ
414 2496 534 2538 Ἰσραήλ.
570 2496 691 2523 «Ἔσται
711 2496 834 2529 τοίνυν.»
869 2498 963 2531 φησὶν,

161 2554 169 2569 ι
184 2545 199 2571 ὁ
223 2542 328 2579 Κύριος
354 2543 453 2579 κριτὴς
471 2543 575 2577 ἀγαθὸς
588 2542 626 2579 τῷ
650 2542 719 2578 οἴκῳ
739 2543 858 2580 Ἰσραὴλ,
874 2553 884 2569 ι
911 2545 963 2571 οὐκ

156 2589 278 2626 ἀκριϐὴς
293 2589 405 2625 μᾶλλον,
425 2589 496 2616 ἀλλά
505 2589 634 2625 χρηστὸς,
651 2590 736 2626 ἤγουν
748 2590 861 2624 ἀγαθός.
882 2591 965 2618 Atua-

159 2635 225 2663 στοῦ
251 2635 302 2671 μὲν
321 2635 377 2671 γὰρ
396 2634 529 2671 ἀκριϐοῦς
547 2635 629 2671 ἐργον
645 2636 679 2663 ἂν
692 2636 807 2671 γένοιτο,
827 2636 858 2663 τὸ
885 2636 965 2669 δίκας

157 2686 246 2711 αἲτεῖν
278 2684 342 2716 τοὺς
368 2683 567 2720 ἡμαρτηκότας
590 2684 731 2719 ἀναλόγως
758 2684 875 2719 ἐχούσας
907 2685 964 2717 τοῖς

157 2731 331 2766 αἰτιάμασιν·
344 2730 448 2764 ἀγαθοῦ
457 2738 489 2764 γε
506 2729 572 2765 μὴν,
583 2729 614 2768 τὸ
623 2730 709 2757 ἐλεεῖν
720 2731 759 2763 ὡς
766 2730 964 2766 ἠσθενηκότας.

156 2776 266 2804 οὐκοῦν
284 2776 435 2813 ἐπειδήπερ
446 2776 545 2812 κριτὴς
562 2775 676 2810 ἀγαθὸς,
694 2778 793 2812 ἐπάγει
811 2779 879 2814 ἡμῖν
892 2778 965 2805 κατά

156 2823 188 2849 τὸ
203 2822 278 2854 ἔλεος
290 2822 387 2855 αὐτοῦ,
402 2822 539 2855 τουτέστι,
557 2823 749 2859 συμμετρήσει
768 2823 804 2850 τὰ
819 2824 849 2856 ἐξ
866 2823 963 2860 ὀργῆς,

157 2870 206 2898 καὶ
231 2869 334 2905 ἀναμὶξ
351 2868 419 2906 ἐλέῳ
435 2869 545 2905 ποιήσει
565 2869 616 2904 τὴν
630 2869 829 2906 ἀγανάκτησιν.
856 2870 963 2906 Πλῆθος

197 2956 218 2971 ““
236 2957 314 2986 Joau.
331 2966 371 2990 Ix.
388 2958 435 2986 29.
475 2959 495 2974 "
511 2958 591 2986 Joan.
609 2967 638 2993 x,
651 2960 698 2988 20.

297 3006 434 3037 ΡΑτιιιηη
458 3007 517 3037 Gn.
540 3006 629 3038 LXX.

1018 2360 1118 2383 tentem
1131 2360 1159 2383 et
1173 2355 1391 2389 immoderatam,
1405 2356 1452 2384 sed
1465 2355 1611 2383 clementia
1625 2358 1816 2391 temperatam.

1017 2403 1076 2432 scio
1098 2408 1189 2431 tamen
1209 2402 1325 2431 virtutes
1346 2401 1417 2438 ejus,
1440 2403 1466 2431 id
1488 2406 1541 2435 est,
1564 2401 1715 2436 potentiam
1734 2401 1820 2428 variis

1017 2449 1187 2486 temporibus
1206 2451 1232 2478 in
1251 2450 1412 2479 liberatione
1428 2450 1537 2478 Israelis
1551 2449 1712 2477 exhibitam.
1732 2457 1742 2474 ι
1761 2448 1820 2475 Erit

1018 2496 1122 2531 itaque,
1142 2505 1151 2522 ι
1170 2497 1270 2533 inquit,
1289 2506 1299 2522 ι
1319 2496 1452 2524 Dominus
1462 2496 1549 2531 judex
1567 2495 1657 2523 bonus
1672 2494 1763 2522 domui
1779 2493 1820 2522 is-

1016 2543 1085 2576 rael,
1107 2553 1117 2570 ι
1136 2551 1192 2571 non
1209 2550 1335 2577 severus,
1354 2548 1383 2570 at
1399 2543 1535 2578 benignus
1551 2546 1579 2570 et
1596 2542 1693 2569 bonus.
1713 2540 1820 2569 .ludicis

1015 2590 1091 2618 enim
1112 2589 1201 2618 severi
1221 2588 1342 2617 oMcium
1364 2593 1406 2617 est
1437 2595 1518 2623 paena
1542 2587 1694 2615 sceleribus
1716 2594 1817 2615 conve-

1015 2636 1110 2665 niente
1128 2636 1237 2665 allicere
1257 2640 1404 2672 peccantes
1423 2655 1432 2667 .
1451 2635 1514 2663 horti
1535 2638 1638 2667 autem,
1658 2634 1818 2663 misericor-

1014 2683 1088 2711 diam
1097 2690 1207 2719 caperc,
1219 2688 1248 2710 ut
1257 2682 1438 2710 inﬁrmorum.
1449 2681 1545 2717 Itaque
1556 2681 1644 2709 bonus
1655 2681 1739 2717 judex
1753 2688 1817 2708 cum

1013 2729 1065 2763 sit,
1078 2729 1184 2757 inducit
1197 2730 1277 2758 nobis
1290 2737 1340 2766 pro
1353 2729 1540 2757 misericordia
1554 2735 1620 2762 sua,
1633 2727 1660 2755 id
1675 2731 1733 2759 est,
1746 2727 1817 2754 iram

1013 2777 1213 2809 moderabitur,
1240 2780 1268 2804 et
1295 2776 1511 2812 indignationem
1539 2781 1601 2803 cum
1628 2774 1817 2802 misericordia

989 2818 992 2820 ’
1013 2823 1189 2858 temperabit.
1203 2823 1277 2851 Inest
1292 2823 1365 2851 enim
1381 2823 1406 2851 ei
1423 2821 1569 2850 multitudo
1582 2821 1706 2856 justitiat,
1721 2819 1747 2847 id
1762 2824 1816 2851 est.

1012 2870 1045 2896 ad
1054 2877 1191 2898 summam
1204 2870 1295 2898 omnis
1306 2870 1420 2905 justitia‘
1434 2875 1535 2898 sortem
1546 2867 1682 2904 pervenit.
1695 2865 1777 2900 Hinc,
1788 2871 1818 2894 et

1613 3005 1652 3036 44
