4140 6480
551 414 687 472 i537
1007 431 1040 462 ο

1547 400 1603 457 S.
1646 396 1919 456 CYRILLI
1958 395 2434 456 ALEXANDRINI
2473 395 2797 456 ARCHIEP.

3695 401 3833 460 1588

547 531 766 602 quidem
799 543 902 583 non
937 524 1234 589 immerito,
1283 533 1394 576 non
1429 518 1658 574 omnino
1690 517 2016 588 impunitum
2055 517 2135 574 di-

2244 519 2353 590 γάρ
2390 518 2600 574 ἔνεστιν
2633 516 2787 589 αὐτῷ
2813 515 3183 590 δικαιοσύνης,
3215 517 3515 586 τουτέστιν,
3551 516 3634 582 είς
3679 519 3834 591 λῆξιν

550 623 728 677 mittet
778 618 1067 680 israeiem,
1117 613 1213 670 sed
1263 611 1548 668 clementia
1596 610 1816 680 potius,
1875 611 1954 666 uti
1999 611 2134 678 dixi,

559 715 694 768 iram
731 708 1077 780 temperabit.
1106 705 1350 762 Servata:
1379 711 1507 759 sunt
1539 702 1683 758 enim
1715 701 1979 773 reliquiae.

621 997 1020 1056 Vnas.8-i0.Et
1047 997 1182 1052 dixit
1212 995 1506 1051 Dominus:
1530 991 1720 1064 Nonne
1747 993 1968 1063 papulas
1992 1008 2137 1048 meus

547 1097 667 1151 est?
733 1093 838 1164 ﬁlii
914 1093 1014 1148 mei
1054 1107 1159 1145 non
1197 1088 1570 1159 reprobabunt.
1608 1083 1674 1139 Et
1711 1085 1821 1154 ipse
1856 1084 2028 1154 factus
2062 1092 2140 1139 est

535 1188 621 1240 eis
688 1184 871 1246 saluti,
937 1198 1002 1237 ex
1027 1182 1170 1236 omni
1201 1179 1493 1249 afﬂictione
1523 1191 1728 1231 eorum.
1758 1172 1881 1229 Non
1913 1174 2135 1243 legatus,

548 1293 650 1330 non
707 1275 946 1346 angelus,
1007 1275 1101 1328 sed
1127 1274 1235 1341 ipse
1262 1269 1516 1325 Dominus
1540 1268 1760 1323 servavit
1783 1282 1891 1334 eos,
1915 1282 1974 1322 eo
1999 1268 2138 1336 quod

523 1367 788 1436 diligeret
853 1381 961 1426 eos,
987 1375 1034 1419 et
1103 1371 1338 1432 parceret
1364 1362 1464 1416 eis.
1490 1357 1614 1428 Ipse
1646 1357 1858 1412 redemit
1887 1373 1998 1420 eos,
2020 1372 2138 1411 sus-

546 1460 714 1526 cepit,
797 1458 961 1512 euexit
1044 1454 1284 1509 omnibus
1329 1453 1514 1507 diebus
1555 1449 1758 1505 seaculi.
1806 1448 1874 1503 At
1910 1448 1990 1502 illi
2033 1464 2138 1502 non

545 1552 898 1614 crediderunt,
974 1558 1022 1603 et
1102 1545 1545 1601 exacerbavcrunt
1589 1542 1851 1612 Spiritum
1893 1552 2138 1596 sanctum

544 1643 690 1712 ejus;
749 1650 796 1696 et
863 1653 1140 1694 conversus
1183 1647 1258 1692 est
1296 1637 1370 1692 eis
1405 1637 1458 1691 in
1492 1635 1849 1699 inimicitiam,
1882 1633 2137 1688 Dominus

545 1735 657 1801 ipse
689 1731 1002 1801 oppugnavit
1035 1744 1142 1784 cos.

601 1911 826 1965 alinrsns
867 1910 998 1965 mihi
1039 1919 1224 1980 specta
1269 1908 1362 1963 Dei
1403 1921 1694 1977 personam
1736 1905 1918 1960 statim
1963 1905 2136 1960 intro-
2167 1892 2210 1948 Β

543 2003 796 2069 ductam,
834 2009 1040 2056 tantum
1076 2015 1185 2057 non
1221 2000 1548 2056 clamantem
1587 2006 1778 2053 contra
1816 1997 2132 2052 inobedien-

545 2095 676 2146 tiam
710 2091 944 2146 lsraelis.
976 2091 1123 2146 Dixit
1153 2091 1334 2154 enim,
1369 2088 1576 2158 inquit,
1610 2087 1899 2152 Dominus,
1931 2089 1983 2144 id
2013 2096 2131 2157 est,

546 2185 662 2251 ipse
697 2183 1074 2237 universorum
1107 2181 1250 2238 Deus
1279 2199 1294 2236 :
1327 2179 1516 2235 Nonne
1549 2193 1648 2249 pro
1682 2179 1806 2234 ﬁliis
1842 2180 2002 2236 habui
2039 2196 2134 2249 po-

546 2275 763 2346 pulum?
791 2274 926 2329 Cum
963 2281 1144 2328 autem
1175 2273 1279 2327 hoc
1303 2286 1491 2326 verum
1525 2271 1596 2326 sit
1617 2288 1632 2325 :
1655 2271 1790 2326 dixit
1819 2271 1965 2327 enim
1998 2287 2014 2326 :
2044 2269 2133 2326 Fi-

545 2367 650 2422 lius
671 2365 1061 2436 primogenitae
1083 2378 1234 2418 tuens
1256 2361 1457 2419 Israel:
1491 2377 1648 2418 nemo
1668 2363 1867 2432 poterit
1886 2363 2067 2418 dubita
2077 2377 2133 2418 re

545 2460 675 2528 quin
704 2457 875 2513 durus
905 2456 1069 2513 fuerit
1094 2464 1149 2512 et
1178 2455 1582 2526 immorigerus.
1609 2455 1775 2527 881
1808 2453 1915 2512 Sed
1950 2464 2131 2511 tamen

544 2552 714 2608 illium
753 2549 1058 2620 ablegatum
1113 2549 1358 2619 recipiet.
1392 2547 1500 2602 Sed
1545 2561 1728 2603 nonne
1769 2549 1872 2602 hoc
1914 2547 2130 2603 tandem

543 2644 748 2707 evenit,
769 2655 868 2696 nec
887 2640 1177 2696 frustratus
1193 2647 1277 2694 est
1293 2652 1388 2710 spe
1401 2638 1493 2709 qui
1511 2638 1691 2692 onmia
1712 2638 1898 2693 novit?
1915 2637 2132 2694 Sciebat

543 2736 690 2789 enim
720 2732 921 2797 futura,
951 2730 1194 2802 nihilque
1223 2747 1347 2786 eum
1375 2744 1600 2800 prorsus
1629 2727 1780 2784 latet.
1806 2727 2003 2784 Verum
2032 2729 2133 2783 hu-

543 2842 708 2883 mano
753 2839 906 2881 more
951 2824 1219 2880 formatur
1259 2823 1524 2879 orationis
1571 2822 1809 2878 habitus.
1851 2821 1978 2878 llaec
2020 2821 2132 2878 Deo

544 2918 779 2979 dicente,
811 2923 1041 2984 occupat
1079 2915 1367 2984 propheta,
1401 2923 1456 2966 et
1499 2913 1833 2981 stupiditatis
1873 2912 2034 2968 simul
2076 2925 2132 2970 et

543 3008 952 3080 ingratitudinis
995 3015 1220 3062 accusat
1262 3005 1536 3071 lsraelem,
1588 3001 1934 3078 ostenditque
1979 3008 2129 3063 illum

543 3101 812 3155 honorum
854 3097 958 3152 sibi
1001 3097 1322 3152 coliatorum
1369 3110 1591 3163 prorsus
1635 3095 1804 3152 fuisse
1847 3097 2130 3154 immemo-

532 3209 684 3250 rem.
721 3211 742 3244 ι
779 3191 975 3246 Factus
1005 3199 1091 3246 est
1118 3189 1295 3253 enim,
1335 3207 1354 3240 ι
1394 3189 1600 3256 inquit.
1639 3208 1658 3242 ι
1697 3189 1805 3244 illis
1841 3191 2032 3255 saluti,
2062 3207 2132 3247 ex

542 3287 692 3344 omni
745 3285 1038 3342 aliiictione
1081 3298 1290 3339 eorum.
1347 3302 1366 3335 ι
1412 3281 1693 3353 Nemoque
1738 3293 1997 3354 praeterea
2041 3299 2136 3340 eos

544 3378 805 3446 servavit,
833 3392 940 3433 non
964 3375 1194 3446 legatus,
1218 3391 1324 3430 non
1349 3375 1595 3445 angelus,
1619 3374 1714 3430 sed
1741 3374 1855 3444 ipse
1879 3374 2136 3432 Dominus

540 3485 642 3541 per
662 3470 920 3538 scipsum.
945 3466 1206 3524 Miracula
1229 3466 1375 3521 enim
1399 3472 1660 3535 operatus
1683 3475 1769 3522 est
1794 3467 1850 3521 in
1877 3464 2132 3538 1Egypto,

543 3571 827 3633 sequestra
849 3559 1071 3630 quidem
1097 3558 1306 3629 Moyse,
1330 3568 1706 3614 verumtamen
1735 3558 1850 3630 ipse
1875 3570 2014 3624 erat,
2043 3561 2133 3629 qui

541 3655 633 3710 illa
672 3654 982 3725 opinionem
1023 3659 1372 3721 mentemque
1413 3652 1733 3707 excedentia
1776 3654 2130 3722 operabatur.

547 3745 700 3800 [inde
741 3757 866 3798 cum
909 3742 1140 3798 vitulum
1185 3740 1510 3797 fabricasset.
1557 3743 1745 3806 Israel,
1787 3744 2136 3814 oliensusqne

542 3845 688 3893 esset
725 3836 890 3902 Deus,
927 3849 993 3890 ac
1033 3833 1406 3890 denuntiasset
1445 3849 1506 3890 se
1545 3835 1795 3904 angelum
1836 3851 1958 3890 cum
2005 3836 2136 3906 ipsis

539 3927 870 3991 missurum,
910 3924 1137 3980 moleste
1169 3923 1290 3978 tulit
1321 3922 1563 3995 Moyses,
1599 3924 1786 3980 dicens
1817 3941 1830 3979 :
1871 3944 1889 3978 ι
1929 3925 2041 3982 Nisi
2080 3939 2134 3982 tu

531 4021 659 4090 ipse
687 4031 896 4088 praeas
927 4015 1082 4082 mihi,
1114 4029 1182 4070 ne
1212 4016 1414 4072 educas
1442 4031 1534 4070 me
1561 4015 1690 4071 hinc
1716 4015 1792 4070 '°..
1819 4034 1839 4069 ι
1875 4016 1995 4086 Ipse
2031 4017 2128 4072 ita-

537 4123 647 4180 que
673 4122 770 4180 per
794 4107 1032 4176 seipsum
1059 4105 1296 4162 servavit
1321 4119 1437 4171 eos,
1470 4119 1576 4160 non
1608 4105 1733 4175 quia
1763 4104 1816 4160 in
1845 4105 1950 4162 illis
1978 4107 2134 4176 quid-

528 4216 701 4273 quam
733 4199 1022 4266 inveniret,
1051 4197 1146 4253 sed
1178 4196 1552 4252 tantummodo
1581 4195 1728 4266 quod
1760 4195 2012 4266 diligeret
2037 4212 2133 4253 eos

543 4306 844 4362 curamque
878 4303 1068 4348 eorum
1112 4286 1358 4344 haberet.
1393 4276 1548 4353 Quod
1587 4286 1807 4343 evidens
1843 4301 2131 4359 argumen-

541 4396 656 4440 tum
680 4394 766 4440 est
796 4378 1238 4452 incomparabilis
1264 4377 1642 4444 humanitatis,
1668 4387 1723 4432 et
1750 4379 2132 4448 piacabilitatis

537 4476 756 4532 divinae.
791 4472 1069 4528 Liberavit
1103 4485 1233 4541 ergo
1269 4470 1388 4526 illos
1423 4485 1455 4526 e
1485 4471 1646 4527 domo
1677 4456 1981 4536 servitutis,
2011 4487 2130 4528 sus-

2243 611 2462 681 ἀπάσης
2493 609 2780 682 διελήλακε
2807 609 3176 681 δικαιοσύνης.
3217 608 3510 681 Ταύτῃτοι,
3553 609 3650 664 καὶ
3687 611 3836 682 μάλα

2239 701 2491 770 εἰκότως,
2525 703 2625 756 οὐκ
2693 701 2871 757 ἀθῶον
2915 702 3150 758 είσάπαν
3203 703 3405 774 ἀφήσει
3447 702 3541 756 τὸν
3593 703 3830 774 Ἰσραὴλ,

2240 795 2539 867 ήμερότητι
2577 794 2635 848 δὲ
2667 793 2892 866 μᾶλλον,
2916 795 2993 860 ὡς
3019 795 3177 867 ἔφην,
3209 796 3435 866 κεράσει
3460 795 3528 850 τὰ
3561 796 3620 864 ἐξ
3640 796 3830 867 ὀργῆς.

2240 887 2517 942 Σέσωσται
2554 886 2664 959 γὰρ
2693 887 2755 942 τὸ
2786 871 3160 959 κατάλείμμα.

2311 981 2423 1036 Καὶ
2455 977 2586 1035 εἷπε
2623 981 2866 1051 Κύριος.
2901 983 3028 1050 Οὐχ
3065 983 3098 1037 ὁ
3130 981 3282 1048 λαός
3307 998 3459 1052 μου,;
3501 981 3684 1037 τέκνα
3711 1000 3832 1052 μου

2242 1075 2314 1128 οὐ
2333 1073 2422 1143 μὴ
2441 1073 2833 1142 ἀθετήσουσι.
2863 1073 2976 1129 Kal
3007 1073 3249 1144 ἐγένετο
3278 1073 3486 1140 αὐτοῖς
3523 1076 3610 1140 εις
3643 1088 3834 1142 σωτη·

2234 1165 2377 1234 ρίαν
2406 1165 2477 1218 ἐκ
2502 1164 2709 1233 πάσης
2725 1164 2988 1234 θλίψεως
3013 1163 3214 1220 αὐτῶν
3237 1181 3252 1197 ·
3291 1164 3366 1219 οὐ
3398 1164 3687 1233 πρέσϐυς,
3719 1164 3833 1217 οὐκ

2239 1255 2512 1326 ἄγγελος,
2565 1256 2704 1312 ἀλλ’
2744 1257 2929 1324 αὐτὸς
2961 1259 2995 1311 ό
3029 1257 3245 1325 Κύριος
3294 1254 3533 1310 ἔσωσεν
3586 1253 3831 1320 αὐτοὺς,

2242 1348 2342 1403 διὰ
2392 1348 2459 1403 τὸ
2511 1348 2754 1420 ἀγαπᾷν
2790 1349 3039 1416 αὐτοὺς,
3095 1347 3197 1403 καὶ
3235 1347 3546 1418 φείδεσθαι
3591 1346 3792 1402 αὐτῶν
3817 1362 3830 1375 °

2237 1439 2422 1507 αὐτὸς
2455 1439 2840 1509 ἐλυτρώσατο
2864 1440 3110 1508 αὐτοὺς,
3133 1438 3233 1494 καὶ
3261 1438 3554 1494 ἀνέλαϐεν
3585 1440 3830 1505 αὐτοὺς,

2239 1532 2342 1586 καί
2397 1532 2651 1602 ὕψωσεν
2715 1531 2942 1598 αὐτοὺς
3003 1531 3210 1598 πάσας
3276 1530 3387 1599 τὰς
3447 1531 3676 1600 ἡμέρας
3723 1531 3834 1586 τοῦ

2236 1623 2472 1691 αἰῶνος.
2509 1623 2690 1679 Αὐτοὶ
2728 1623 2798 1678 δὲ
2829 1623 3194 1693 ἠπείθησαν,
3233 1623 3335 1680 καὶ
3367 1623 3734 1694 παρώξυναν
3762 1625 3831 1679 τὸ

2239 1717 2486 1786 Πνεῦμα
2520 1717 2587 1771 τὸ
2613 1716 2791 1787 ἄτιον
2823 1715 3011 1772 αὐτοῦ
3030 1733 3047 1749 ο
3090 1717 3193 1772 καί
3221 1716 3491 1788 ἐστράφη
3522 1716 3728 1784 αὐτοῖς
3747 1719 3834 1784 είς

2239 1808 2484 1878 ἔχθραν,
2520 1811 2736 1878 Κύριος
2761 1809 2944 1876 αὐτὸς
2965 1809 3349 1880 ἐπολέμησεν
3374 1810 3616 1879 αὐτούς.

2313 1901 2504 1973 Ἀθρει
2533 1901 2598 1973 δή
2637 1919 2729 1972 μοι
2759 1900 2924 1957 πάλιν
2950 1901 3011 1956 τὸ
3043 1901 3137 1955 τοῦ
3159 1901 3296 1956 Θεοῦ
3326 1902 3623 1974 πρόσωπον
3653 1904 3837 1958 εἶσκε-

2236 1991 2575 2065 κομισμένον
2601 1991 2783 2058 εὐθὺς,
2809 1990 3099 2063 μονονουχὶ
3139 1989 3562 2062 κατακεκραγὸς
3604 1990 3704 2062 τῆς
3737 1991 3835 2046 τοῦ

2248 2081 2466 2154 Ἰσραὴλ
2520 2080 2828 2146 ἀπειθείας.
2881 2075 3019 2135 Εῐπε
3047 2080 3179 2151 γὰρ,
3233 2081 3390 2154 φησι,
3422 2080 3650 2152 Κύριος,
3678 2099 3837 2135 τουτ-

2235 2175 2407 2240 έστιν,
2443 2174 2605 2238 αὐτὸς
2639 2173 2669 2228 6
2701 2173 2811 2229 τῶν
2843 2173 2982 2228 ὅλων
3019 2173 3176 2238 Θεός·
3205 2174 3320 2228 Οὐκ
3342 2175 3399 2228 ὲν
3431 2171 3587 2238 τάξει
3627 2173 3836 2227 τέκνων

2235 2267 2678 2340 κατελογισάμην
2728 2267 2820 2322 τὸν
2875 2262 3045 2333 Mdv;
3102 2265 3326 2338 Ἐπειδὴ
3381 2266 3440 2320 δὲ
3483 2265 3648 2321 ⁴ιτοῦτο
3684 2265 3836 2320 ἐστὶν

2234 2359 2452 2431 ἀληθές
2477 2360 2583 2432 ἔφη
2603 2360 2729 2434 γὰρ,
2744 2361 2826 2415 ὅτι
2849 2359 2978 2423 Υἱὸς
2999 2359 3342 2432 πρωτότοκος
3362 2377 3464 2430 μου
3481 2359 3716 2430 Ἰσραήλ·
3733 2359 3837 2414 οὐκ

2232 2451 2298 2506 ἂν
2322 2452 2613 2507 ένδοιάσειέ
2635 2469 2744 2517 τις,
2764 2453 2838 2516 ὡς
2860 2452 2963 2506 ούκ
2991 2451 3146 2506 ἔσται
3177 2451 3434 2524 σκληρὸς,
3454 2451 3549 2507 καὶ
3578 2450 3833 2523 ἀπειθής.

2233 2543 2598 2614 Προσδέξεται
2627 2545 2684 2598 δὲ
2716 2542 2918 2615 μᾶλλον
2943 2543 3324 2599 ἀποσταλέντα
3357 2544 3449 2598 τὸν
3484 2544 3632 2598 Υίόν.
3691 2533 3840 2597 Ἀλλ’

2232 2636 2332 2690 οὐκ
2368 2636 2647 2708 ,ἐκϐέϐηκε
2690 2637 2847 2691 τοῦτο
2895 2638 3032 2708 πρὸς
3072 2637 3269 2709 πέρας,
3319 2639 3414 2692 καὶ
3445 2638 3542 2708 οὐχ
3586 2639 3842 2709 ἥμαρτεν

2233 2725 2450 2791 ἐλπίδος
2481 2728 2510 2780 6
2545 2729 2723 2784 πάντα
2767 2729 2924 2793 είδὼς
2951 2747 2966 2762 ⁶
3020 2730 3294 2800 ἠπίστατο
3328 2731 3438 2800 γὰρ
3469 2731 3539 2783 τὰ
3577 2729 3838 2802 ἐσόμενα.

2234 2821 2501 2876 Λανθάνει
2545 2822 2603 2876 δὲ
2643 2823 2806 2877 αὐτὸν
2847 2823 3133 2888 παντελῶς
3174 2823 3352 2878 οὐδέν.
3411 2823 3729 2876 Πέπλασται
3777 2822 3841 2876 δὲ

2233 2911 2590 2982 ἀνθρωπίνως
2610 2914 2706 2968 τοῦ
2735 2914 2896 2983 λόγου
2929 2915 2990 2969 τὸ
3013 2917 3219 2988 σχῆμα.
3255 2914 3440 2969 Ταῦτα
3463 2913 3600 2968 Θεοῦ
3643 2914 3835 2984 λέγον-

2234 3021 2326 3069 τος
2367 3005 2637 3060 διαλαϐὼν
2665 3009 2694 3060 6
2739 3009 3028 3079 προφήτης
3063 3006 3420 3087 ἀναισθησίας
3453 3023 3511 3058 τε
3560 3005 3698 3076 ὁμοῦ
3741 3007 3842 3060 καὶ

2231 3099 2553 3170 ἀχαριστίας
2594 3100 2864 3171 γράφεται
2899 3101 2992 3155 τὸν
3039 3101 3276 3173 Ἰσραὴλ,
3314 3101 3606 3169 ἀποφαίνει
3644 3099 3702 3154 δὲ
3740 3099 3843 3153 καὶ

2237 3193 2704 3266 ἀμνημονήσαντα
2737 3193 3018 3258 παντελῶς
3061 3195 3170 3248 τῶν
3211 3194 3602 3265 ύπαρχθέντων
3649 3195 3842 3260 αὐτοῖς

2238 3285 2480 3354 ἀγαθῶν.
2516 3304 2534 3336 ι
2566 3286 2816 3356 Ἐγένετο
2842 3287 2952 3359 γὰρ
2986 3287 3190 3351 αὐτοῖς,
3223 3306 3241 3339 ι
3276 3287 3462 3358 φησὶν,
3500 3307 3518 3339 ι
3549 3287 3628 3350 είς
3657 3304 3840 3358 σωτη-

2240 3376 2360 3448 ρίαν
2413 3379 2478 3431 ἐκ
2542 3378 2724 3448 πάσης
2785 3378 3020 3449 θλίψεως
3083 3379 3300 3433 αὐτῶν·
3335 3399 3354 3431 ›
3397 3379 3582 3450 ἔτερος
3611 3379 3670 3432 δὲ
3701 3383 3842 3451 παρ’

2237 3469 2398 3522 αὐτὸν
2421 3470 2596 3532 οὐδεὶς
2619 3470 2858 3524 σέσωκεν
2890 3471 3109 3535 αὐτοὺς.
3143 3471 3205 3524 ού
3238 3471 3501 3542 πρέσϐυς,
3530 3471 3628 3524 οὐκ
3666 3471 3840 3540 ἀγγε-

2237 3561 2344 3624 λος,
2382 3562 2496 3614 ἀλλ’
2534 3563 2696 3625 αὐτὸς
2720 3564 2921 3636 Κύριος
2945 3565 3010 3617 δι’
3043 3564 3258 3618 ἑαυτοῦ.
3291 3563 3837 3636 Τεθαυματούργηκε

2236 3656 2345 3725 γὰρ
2391 3656 2449 3708 ὲν
2502 3653 2765 3725 Αἰγύπτῳ
2819 3655 3244 3725 μεσολαϐοῦντος
3282 3655 3380 3725 μὲν
3423 3655 3519 3710 τοῦ
3561 3655 3834 3720 Μωσέως,

2238 3746 2378 3817 πλὴν
2417 3747 2658 3817 ἐνεργῶν
2682 3747 2842 3810 αὐτὸς
2869 3748 2937 3801 τὰ
2974 3748 3272 3818 παράδοξα.
3320 3749 3429 3802 Καὶ
3451 3747 3584 3816 γοῦν
3611 3750 3698 3802 ὅτε
3735 3765 3838 3819 με·

2240 3837 2640 3907 μοσχοποίηκεν
2665 3838 2693 3888 6
2735 3837 2972 3906 Ἰσραὴλ,
3025 3834 3142 3892 εἶτα
3180 3839 3318 3909 πρὸς
3347 3841 3503 3894 τοῦτο
3530 3839 3838 3910 λελύπηται

2235 3927 2387 3992 Θεὸς,
2423 3929 2516 3982 καὶ
2540 3929 2944 3999 συνεκπέμψειν
2971 3930 3152 3993 αὐτοῖς
3185 3931 3414 4001 ἄγγελον
3440 3933 3834 4004 ἐπηγγέλλετο,

2233 4018 2640 4090 δεδυσφόρηκεν
2674 4020 2702 4071 6
2753 4020 2960 4089 Μωσῆς
3007 4020 3181 4089 λέγων
3212 4039 3225 4053 ο
3261 4041 3278 4074 ι
3311 4024 3373 4076 Εἰ
3427 4023 3502 4094 μὴ
3549 4023 3615 4076 σὺ
3663 4024 3834 4088 αὐτὸς

2235 4110 2483 4185 πορεύσῃ
2524 4111 2642 4183 μετ’
2697 4112 2855 4183 ἐμοῦ,
2917 4114 2991 4184 μή
3044 4129 3112 4184 με
3164 4116 3447 4189 ἀναγάγῃς
3495 4115 3766 4170 ἐντεῦθεν.
3803 4137 3826 4170 s

2233 4204 2406 4268 Αὐτὸς
2439 4201 2530 4259 οῦν
2565 4205 2675 4278 ἀρα
2706 4205 2771 4258 δι’
2797 4205 2992 4260 ἑαυτοῦ
3044 4206 3282 4259 σέσωκεν
3313 4209 3532 4273 αὐτοὺς,
3574 4209 3832 4280 ἐσχηκὼς

2237 4297 2333 4367 μὲν
2382 4297 2511 4368 παρ’
2541 4297 2722 4351 αὐτῶν
2766 4297 2829 4351 τὸ
2859 4297 3083 4370 σύμπαν
3133 4298 3310 4364 οὐδὲν,
3353 4299 3511 4370 μόνον
3548 4299 3605 4353 δὲ
3643 4301 3731 4356 διὰ
3763 4303 3834 4356 τὸ

2233 4388 2454 4458 ἀγαπᾷν
2491 4387 2708 4453 αὐτοὺς,
2750 4390 2845 4443 καὶ
2880 4389 3140 4461 κήδεσθαι
3168 4390 3369 4446 αὐτῶν.
3395 4391 3564 4446 Τοῦτο
3593 4393 3650 4448 δέ
3675 4395 3832 4452 ἐστιν

2231 4476 2511 4543 ἀπόδειξις
2539 4479 2773 4551 ἐναργὴς
2811 4482 2908 4551 τῆς
2956 4481 3347 4554 ἀπαραελήτου
3389 4483 3828 4558 φιλανθρωπίας,

536 4572 712 4643 cepit,
757 4569 960 4626 evexit.
1001 4567 1201 4639 idque,
1247 4565 1462 4637 opinor,
1511 4573 1625 4631 est,
1676 4567 1820 4636 quod
1865 4566 2130 4636 principio

2234 4573 2330 4626 καὶ
2355 4571 2719 4643 γαληνότητος
2748 4572 2847 4644 τῆς
2872 4574 3211 4644 θεοπρεποῦς
3231 4594 3242 4606 ’
3281 4575 3626 4648 ὲλυτρὼσατο
3643 4581 3830 4636 τοίνυν

534 4663 676 4719 dixit
710 4679 726 4718 :
769 4681 789 4715 ι
829 4661 996 4717 Filios
1036 4658 1200 4732 genui
1261 4667 1317 4713 et
1359 4657 1538 4722 evexi,
1580 4676 1600 4713 ι
1641 4656 1693 4712 id
1737 4667 1843 4725 est,
1879 4657 2126 4723 educavi,

529 4753 623 4809 vel
651 4753 891 4822 insignes
921 4751 1168 4807 reddidi:
1205 4767 1224 4802 ι
1267 4749 1364 4806 sed
1395 4749 1469 4804 illi
1505 4763 1592 4804 me
1619 4749 1972 4819 repudiarunt
2001 4750 2064 4803 εί.
2101 4769 2120 4801 ι

533 4845 690 4911 Illud,
723 4844 978 4901 omnibus
1005 4843 1196 4898 diebus
1226 4841 1431 4907 saeculi,
1468 4839 1780 4910 signiﬁcare
1810 4849 2008 4910 potest,
2038 4842 2126 4910 ju-

482 4925 492 4952 ³
535 4940 676 5009 giter
702 4949 757 4995 et
781 4946 1063 5008 perpetuo.
1094 4935 1244 4991 Adeo
1274 4935 1450 4990 bonus
1480 4933 1532 4988 in
1556 4932 1686 4990 illos
1713 4932 1816 4987 l‘uit
1841 4934 2123 4990 universo-

530 5046 658 5086 rum
687 5030 830 5085 Deus
857 5048 871 5084 :
899 5029 994 5084 sed
1025 5027 1102 5083 illi
1131 5026 1510 5083 inobedientes
1533 5024 1892 5092 exstiterunt,
1915 5035 1971 5082 et
1994 5041 2123 5083 san-

525 5125 684 5195 ctuin
720 5121 841 5192 ejus
877 5121 1144 5192 Spiritum
1183 5119 1403 5176 irritare
1438 5131 1546 5174 non
1583 5117 1928 5174 destiterunt.
1964 5117 2118 5186 Quod

525 5216 693 5271 docet
720 5213 935 5270 divinus
963 5211 1152 5275 David,
1181 5210 1433 5280 inquiens
1461 5225 1475 5264 :
1513 5225 1534 5261 ι
1572 5207 1796 5276 Quoties
1822 5209 2118 5266 exacerba-

2225 4665 2424 4728 αὐτοὺς
2469 4663 2529 4728 ἐξ
2577 4664 2730 4718 οἴκου
2789 4665 3052 4733 δουλείας,
3107 4667 3388 4736 ἀνέλαϐεν,
3438 4667 3620 4741 ὕψωσε
3646 4688 3659 4701 ·
3726 4673 3829 4726 καὶ

2226 4755 2404 4821 τοῦτο,
2429 4751 2604 4826 οἶμαι,
2631 4757 2780 4812 ἐστὶν
2817 4757 2957 4829 ὅπερ
2983 4759 3042 4811 ὲν
3060 4759 3257 4830 ἀρχαῖς
3287 4759 3413 4830 ἔφη,
3444 4779 3464 4811 ι
3485 4759 3647 4823 Υἱοὺς
3671 4761 3831 4829 ἐγέν-

2221 4864 2382 4918 νησα,
2425 4848 2520 4901 καὶ
2552 4846 2765 4917 ῦψωσα,
2794 4868 2812 4901 ι
2847 4848 3148 4916 τουτέστιν,
3181 4849 3464 4920 ἐξέθρεψα,
3495 4852 3664 4921 ἤγουν
3702 4854 3828 4905 ἔπι-

2223 4939 2288 5010 σή
2298 4957 2429 5010 μους
2447 4940 2722 5012 ἀπέφηνα,
2746 4961 2765 4993 ι
2791 4942 2945 4996 αὐτοὶ
2962 4941 3018 4995 δέ
3038 4959 3106 5012 με
3127 4942 3416 5014 ἠθέτησαν.
3444 4963 3462 4996 ι
3487 4945 3560 4998 Τὸ
3575 4945 3828 5010 δὲπάσας

2217 5032 2318 5098 τὰς
2352 5033 2570 5105 ἡμέρας
2604 5033 2702 5088 τοῦ
2743 5034 2940 5097 αἰῶνος
2967 5039 3409 5107 κατασημήνειεν
3450 5038 3537 5103 ἂν,
3570 5037 3652 5099 τὸ,
3682 5039 3826 5091 ἀκα-

2224 5124 2532 5198 ταλήκτως,
2585 5126 2679 5181 καὶ
2731 5124 3018 5198 διηνεκῶς,
3068 5125 3184 5181 ἀλλ’
3234 5122 3304 5198 ἦν
3351 5129 3450 5199 μὲν
3493 5129 3636 5182 οὓτω
3690 5131 3826 5201 περὶ

2224 5217 2423 5282 αὐτοὺς
2455 5217 2660 5287 ἀγαθὸς
2697 5219 2727 5272 6
2754 5217 2864 5272 τῶν
2892 5217 3030 5272 ὅλων
3062 5219 3216 5285 Θεὸς,
3257 5221 3412 5276 αὐτοὶ
3437 5221 3492 5274 δὲ
3527 5223 3824 5291 γεγόνασιν

526 5317 660 5364 runt
689 5321 815 5364 eum
855 5304 911 5359 in
947 5302 1200 5358 deserto?
1236 5301 1304 5356 ad
1341 5301 1480 5356 iram
1519 5299 1860 5356 concitarunt
1901 5315 2025 5357 eum
2061 5302 2116 5357 in

2234 5307 2472 5373 ἀπειθεῖς
2553 5310 2650 5365 καὶ
2710 5311 3144 5383 παροτρύνοντες
3206 5315 3268 5368 οὐ
3321 5315 3693 5370 διαλελοίπασι
3758 5319 3827 5372 τὸ

527 5410 675 5456 terra
713 5393 990 5454 siticulosa
1015 5392 1102 5446 "‘I
1151 5409 1171 5445 ι
1215 5389 1312 5446 Vel
1356 5389 1823 5447 exacerbaverunt
1848 5390 2112 5462 Spiritum

2234 5397 2452 5469 Πνεῦμα
2487 5399 2550 5453 τδ
2579 5401 2733 5470 ἅγιον
2767 5403 2955 5458 αὑτοῦ.
2988 5405 3100 5459 Καὶ
3131 5404 3290 5460 τοῦτο
3331 5406 3534 5472 διδάξει
3577 5408 3752 5475 λέγων
3789 5411 3827 5463 ὁ
3882 5445 3915 5478 ί.

526 5491 755 5555 Christl,
787 5487 908 5544 duri
954 5494 1008 5542 et
1045 5483 1309 5550 immites,
1344 5479 1581 5538 eiirenes
1619 5492 1675 5538 et
1716 5482 2109 5541 inobedientes.

2234 5489 2513 5555 iaanécto;
2549 5491 2717 5547 Aa6l6
2737 5509 2751 5524 ο
2793 5511 2812 5545 ι
2842 5495 3083 5560 Ποσὰκις
3110 5497 3534 5569 παρεπίκραναν
3570 5500 3734 5552 αὐτὸν
3760 5503 3825 5553 ἐν
3896 5488 3907 5496 ’

530 5579 647 5635 Non
675 5580 821 5635 enim
849 5576 1176 5634 obedierunt
1204 5572 1277 5629 illi
1305 5571 1372 5627 ad
1401 5570 1631 5627 salutem
1657 5575 1892 5630 vocanti.
1925 5594 1944 5629 ι
1983 5577 2113 5633 Ver-

2234 5584 2287 5653 ιῇ
2321 5581 2536 5654 ἐρήμῳ,
2581 5582 2942 5658 παρὼργισαν
2985 5587 3149 5643 αὐτὸν
3189 5589 3248 5643 ὲν
3292 5591 3363 5661 γῇ
3403 5589 3690 5660 ἀνύδρῳ;›
3747 5593 3821 5645 ’Ἡ

527 5685 620 5727 sus
655 5681 741 5728 est
787 5690 805 5723 ι
854 5671 1017 5740 igitur
1055 5686 1075 5720 ι
1122 5665 1226 5723 illis
1267 5666 1320 5721 in
1362 5663 1727 5733 inimicitiam,
1763 5675 1818 5726 et
1854 5667 2114 5738 pugnavit

2234 5674 2360 5744 τάχα
2389 5674 2716 5748 παρώξυναν
2747 5677 2808 5733 τὸ
2846 5678 3072 5754 Πνεῦμα
3122 5681 3384 5751 Χριστοῦ,
3428 5681 3658 5753 σκληροὶ
3721 5684 3822 5735 καὶ

599 5847 644 5878 ‘°
670 5849 838 5910 Exod.
879 5865 1071 5915 ιιιιιι,
1107 5851 1190 5906 15.
1272 5850 1312 5882 “
1344 5850 1448 5907 isa.
1483 5864 1517 5917 i,
1549 5849 1601 5904 αὶ.
1680 5849 1725 5880 ¹¹
1750 5845 1894 5904 Psal.
1928 5862 2130 5916 mvn,
2159 5847 2251 5904 ιυ.
