4140 6464
270 490 416 548 1389

267 603 581 677 ἀμείλικτοι
625 606 930 674 γεγονότες,
976 608 1181 680 ἐξήνιοί
1224 626 1279 661 τε

265 698 384 769 γὰρ
419 698 697 768 ὑπήκουον
732 698 893 768 αὐτῷ
922 699 1177 755 καλοῦντι
1204 700 1341 772 πρὸς
1367 702 1662 774 σωτηρίαν.
1707 724 1724 755 ι
1762 704 1881 757 Ἐσ-

265 790 455 862 τράφη
485 809 504 842 ι
535 790 718 845 τοίνυν
765 809 783 842 ι
802 792 989 855 αὐτοῖς
1012 794 1095 857 είς
1118 793 1339 865 ἔχθραν,
1368 794 1463 849 καί⁵
1494 794 1881 868 πεπολέμηκεν

264 883 527 946 αὐτούς’»
556 883 667 938 ἔδει
697 883 829 955 γὰρ,
846 884 954 939 ἔδει
978 886 1108 950 τούς
1140 886 1248 940 τῶν
1272 886 1593 959 παραδόξων
1625 889 1879 961 ἀμνήμο-

264 993 392 1039 νας,
432 976 525 1030 καὶ
554 978 678 1031 κατ’
703 977 894 1032 οὐδένα
923 978 1128 1051 τρόπον
1159 980 1572 1052 ὠφελημένους,
1601 982 1672 1036 δι’
1697 975 1774 1037 ὧν
1807 978 1877 1055 ἦν

263 1069 420 1132 εἰκὸς
456 1070 538 1133 είς
580 1070 691 1123 πᾶν
730 1070 913 1125 ὁτιοῦν
949 1071 1145 1127 ἐλάσαι
1187 1072 1298 1129 τῶν
1333 1073 1869 1147 ἀνδραγαθημάτων,

1420 493 1483 552 ΙΝ
1524 492 1757 549 ISAIAM
1800 495 1928 550 LIB.
1975 495 2037 551 ν.
2086 495 2323 554 TOMUS
2370 499 2430 555 V.

1349 610 1442 663 καὶ
1478 609 1727 674 ἀπειθεῖς
1747 629 1760 675 ;
1798 613 1856 665 Ui

1981 622 2168 668 contra
2196 629 2310 671 eos.
2336 634 2353 664 ι
2385 614 2818 685 Oportuitenim,
2851 623 3087 689 oportuit
3112 636 3227 688 eos,
3258 625 3349 693 qui
3376 625 3574 683 horum

3428 511 3573 571 1590

1982 704 2311 758 mirabilium
2357 705 2658 761 facinorum
2709 709 3061 768 itntnemores
3101 724 3279 781 erant,
3328 716 3573 787 nihilque

1979 796 2234 853 utilitatis
2259 812 2324 851 ex
2355 798 2422 854 iis
2448 811 2725 869 ceperant,
2758 818 2854 871 per
2879 818 3000 873 quae
3026 805 3094 861 ad
3120 821 3313 862 omnes
3342 809 3572 867 virtutes

1975 904 2070 945 eos
2100 890 2323 961 perduci
2348 906 2564 962 acquum
2590 891 2721 960 fuit,
2746 909 2777 949 a
2804 896 3179 954 misericordia
3203 909 3259 955 et
3281 900 3572 957 dilectione

1971 983 2093 1055 ejus
2159 984 2252 1054 qui
2287 998 2515 1040 servare
2543 985 2686 1051 vult,
2719 987 3000 1057 excidere,
3036 1004 3273 1062 eumque
3310 992 3416 1048 illis
3453 1006 3573 1048 tan-

1972 1092 2135 1149 quam
2168 1078 2417 1134 hostibus
2445 1077 2705 1150 deinceps
2736 1080 3015 1137 resistere.

263 1166 365 1220 καὶ
391 1165 634 1234 φειδοῦς,
665 1166 762 1220 καὶ
801 1166 1027 1241 ἀγάπης
1067 1168 1385 1225 ἀπολισθεῖν
1432 1169 1534 1242 τῆς
1572 1172 1728 1241 παρὰ
1769 1172 1864 1229 τοῦ
1905 1172 2103 1239 σώζειν
2170 1173 2469 1244 ἐθέλοντος,
2500 1174 2644 1231 ὥστε
2673 1176 2768 1231 καὶ
2792 1178 2851 1233 ἐν
2908 1174 3059 1244 τάξει
3090 1179 3348 1253 πολεμίου
3382 1181 3570 1237 λοιπὸν

261 1258 451 1314 δοκεῖν
484 1259 672 1325 αὐτοῖς
704 1261 1154 1321 ἀντανίστασθαι.

353 1355 665 1425 Ἐμνήσθη
696 1357 937 1426 ἡμερῶν
960 1362 1237 1419 αἰωνίων.
1277 1363 1405 1420 Ποῦ
1434 1367 1467 1419 ὀ
1495 1366 1869 1433 ἀναϐιϐάσας

259 1447 334 1499 ἐκ
366 1445 469 1515 τῆς
505 1447 619 1517 γῆς
653 1448 730 1519 (l)
774 1450 880 1503 τὸν
914 1452 1171 1522 ποιμένα
1205 1453 1325 1509 τῶν
1364 1457 1711 1525 προϐάτων;
1749 1458 1868 1513 ποῦ

261 1539 442 1593 ἔστιν
471 1542 505 1594 ό
544 1541 671 1609 θεὶς
711 1543 782 1597 ἐν
819 1546 1023 1614 αὐτοῖς
1066 1546 1135 1602 τὸ
1177 1549 1424 1620 Πνεῦμα
1465 1551 1532 1605 τὸ
1576 1551 1782 1623 ἄγιον;
1834 1555 1868 1607 ό

261 1631 589 1702 ἀναγαγὼν
606 1632 682 1705 τῇ
695 1634 866 1704 δεξιᾷ
886 1638 1121 1709 Μωσῆν
1139 1656 1157 1704 ;
1193 1641 1251 1694 '0
1265 1641 1543 1711 ,βραχίων
1558 1643 1669 1713 τῆς
1682 1645 1867 1714 δόξης

260 1725 457 1780 αὐτοῦ
494 1729 878 1797 κατίσχυσεν
913 1730 1074 1801 ὕδωρ
1111 1733 1233 1788 ἀπὸ
1276 1735 1605 1805 προσώπου
1651 1739 1861 1805 αὐτοῦ,

260 1815 522 1886 ποιῆσαι
575 1818 738 1886 αὺτῷ
790 1820 982 1893 ὄνομα
1030 1824 1307 1881 αἰώνιον·
1364 1827 1595 1899 ἤγαγεν
1642 1830 1867 1898 αὐτοὺς

258 1907 364 1962 διὰ
394 1907 506 1978 τῆς
544 1911 847 1981 ἀϐύσσου,
887 1916 970 1984 ὡς
999 1917 1190 1972 ἵππον
1226 1918 1305 1974 δι’
1334 1920 1583 1991 ἐρήμου,
1614 1924 1715 1978 καὶ
1755 1925 1867 1979 οὐκ

257 1998 627 2067 ἐκοπίασαν,
681 2003 785 2057 καὶ
827 2004 911 2069 ὡς
970 2006 1165 2077 κτήνη
1212 2008 1314 2064 διὰ
1359 2011 1604 2068 πεδίου·
1650 2013 1869 2083 κατέϐη

262 2093 510 2163 πνεῦμα
579 2096 744 2165 παρὰ
788 2098 1035 2166 Κυρίου,
1084 2100 1185 2154 καὶ
1216 2100 1542 2173 ὡδήγησεν
1603 2108 1826 2172 αὐτούς
1852 2123 1867 2137 ·

256 2184 455 2251 οὕτως
470 2184 697 2259 ἤγαγες
723 2190 832 2244 τὸν
853 2191 1012 2245 λαόν
1035 2206 1177 2261 σου,
1204 2193 1314 2248 τοῦ
1346 2195 1599 2263 ποιῆσαι
1633 2198 1870 2264 σεαυτῷ

257 2276 455 2349 ὄνομα
492 2279 700 2350 δόξης.

333 2368 432 2433 Είς
452 2369 657 2444 ἔχθραν
694 2375 882 2441 αὐτοῖς
922 2377 1332 2452 μεταϐληθῆναι
1364 2381 1538 2451 λέγων
1569 2382 1661 2438 τὸν
1694 2384 1870 2454 φειδοῖ

260 2461 361 2514 καὶ
402 2461 595 2534 ἀγάπῃ
625 2464 688 2518 τὺ
726 2467 860 2538 πρὶν
898 2471 1389 2544 κατευφραίνοντα,
1434 2473 1534 2539 τάς
1574 2474 1668 2529 τοῦ
1719 2476 1866 2547 πρᾶο

258 2566 475 2637 γματος
510 2554 692 2619 αἰτίας
723 2556 1005 2628 ἐξηγεῖται
1050 2562 1363 2633 χρησίμως.
1422 2565 1863 2637 Διεμνημόνευσε

257 2635 395 2709 γὰρ,
428 2640 618 2711 φησιν,
656 2641 825 2713 ήγουν
866 2645 1172 2719 ἀνεπόλησε
1212 2651 1314 2715 τάς
1346 2652 1561 2725 ἡμέρας
1601 2635 1702 2720 τὰς
1730 2658 1864 2712 αίωο

256 2729 432 2793 νίους,
493 2733 768 2801 τουτέστι,
827 2735 928 2802 τὰς
984 2740 1517 2814 ἀειμνημονεύτους,
1577 2748 1666 2803 διὰ
1697 2750 1760 2804 τὸ
1806 2752 1865 2805 ἐν

194 2867 210 2877 .
258 2824 458 2889 αὐταῖς
487 2825 720 2884 πλεῖστά
750 2845 812 2883 τε
852 2829 955 2885 ὅσα
1000 2832 1097 2887 καὶ
1135 2834 1393 2908 ἐξαίρετα
1423 2840 1680 2908 γενέσθαι
1728 2842 1862 2897 θαύο

259 2933 432 2987 ματα.
476 2916 574 2983 Τίς
610 2917 667 2972 δὲ
696 2921 725 2973 6
765 2925 1189 2993 μνημονεύσας;
1222 2929 1252 2983 6
1282 2930 1625 2995 ἀναϐιϐάσας
1662 2934 1729 2988 ἐκ
1763 2935 1863 3006 τῆς

253 3006 366 3078 γῆς
407 3007 503 3063 τὸν
543 3012 779 3083 ποιμένα
802 3012 914 3069 τῶν
941 3016 1268 3089 προϐάτων;
1298 3023 1519 3078 Ἔοικεν
1550 3026 1610 3080 ἐν
1650 3026 1863 3093 τούτοις

252 3098 356 3170 τῆς
382 3098 737 3168 ἀναστάσεως
768 3106 1041 3162 ποιεῖσθαι
1074 3112 1300 3185 μνήμην
1327 3113 1422 3168 τοῦ
1449 3117 1665 3172 πάντων
1700 3119 1863 3190 ἡμῶν

254 3190 513 3282 Σωτῆρος
557 3194 799 3265 Χριστοῦ
824 3214 836 3226 ·
886 3201 916 3253 6
960 3201 1070 3273 γὰρ
1108 3205 1474 3273 ἀναϐιϐάσας,
1512 3211 1698 3282 φησὶν,
1740 3212 1863 3266 ἀντὶ

2044 1362 2213 1434 882
2240 1360 2405 1420 Vens.
2436 1364 2621 1420 il-M.
2655 1365 2721 1419 Et
2752 1368 3057 1424 recordatus
3082 1379 3157 1425 est
3188 1370 3391 1428 dierum
3417 1385 3573 1430 teter-

1975 1472 2184 1510 uorum.
2229 1453 2332 1509 Ubi
2350 1501 2353 1503 .
2386 1466 2461 1511 est
2478 1458 2766 1527 quiedumit
2783 1458 2850 1513 de
2881 1467 3024 1515 terra
3054 1473 3316 1530 pastorem
3355 1466 3573 1521 ovium?

1976 1547 2079 1603 Ubi
2101 1559 2176 1603 est
2205 1549 2301 1619 qui
2327 1550 2501 1619 posuit
2533 1551 2588 1604 in
2616 1552 2692 1605 eis
2723 1551 2983 1620 Spiritum
3018 1557 3304 1613 sanctum?
3329 1560 3421 1628 qui
3441 1562 3571 1616 etluo

1973 1641 2048 1693 xit
2079 1640 2297 1695 dextera
2335 1639 2595 1711 Moysen?
2631 1640 2919 1699 Bracltium
2943 1645 3130 1716 gloria:
3150 1664 3264 1703 sua:
3300 1654 3570 1720 superavit

1974 1749 2165 1801 aquam
2218 1752 2251 1789 a
2311 1737 2449 1802 {acie
2482 1736 2616 1807 ejus,
2672 1750 2729 1791 ut
2769 1737 2966 1807 faceret
3009 1740 3112 1794 sibi
3146 1757 3337 1798 nomen
3372 1745 3567 1814 sempi-

1974 1835 2202 1880 ternum.
2278 1826 2443 1882 Duxit
2517 1847 2605 1884 eos
2641 1847 2734 1899 per
2767 1831 3041 1903 abyssum,
3079 1844 3330 1906 tanquam
3371 1853 3567 1908 equum

1973 1933 2066 1985 per
2085 1918 2447 1987 solitudinem,
2468 1931 2512 1974 et
2532 1921 2924 1991 laboraverunt,
2956 1934 3005 1979 et
3038 1927 3173 1980 sicut
3197 1925 3444 1997 jumenta
3472 1947 3568 1997 per

1974 2024 2238 2079 campum.
2274 2010 2550 2065 Descendit
2584 2011 2801 2087 spiritus
2836 2031 2868 2067 a
2899 2013 3147 2079 Domino,
3178 2026 3225 2070 et
3245 2017 3356 2072 dux
3379 2034 3560 2073 eorum

1929 2127 1935 2132 -
1973 2101 2095 2170 fuit.
2131 2100 2223 2157 Sic
2260 2104 2462 2159 duxisti
2501 2105 2751 2175 populum
2800 2115 2969 2173 tuum,
3006 2117 3061 2162 ut
3096 2107 3295 2178 faceres
3328 2111 3421 2168 tibi
3466 2130 3566 2167 no-

1973 2210 2089 2249 men
2119 2197 2224 2265 glor
2237 2197 2320 2251 ite.

2037 2373 2174 2429 Cum
2224 2375 2426 2431 dixerit
2469 2390 2530 2432 se
2576 2390 2901 2435 conversum
2949 2395 3072 2440 esse
3116 2383 3170 2439 in
3218 2385 3562 2442 inimicitiam

1969 2466 2106 2531 illis,
2135 2467 2227 2536 qui
2260 2468 2412 2538 prius
2444 2483 2541 2526 eos
2577 2471 2953 2529 misericordia
2985 2483 3041 2531 et
3073 2476 3348 2534 charitate
3380 2480 3565 2537 suble-

1968 2561 2120 2617 vavit
2160 2571 2215 2618 et
2258 2562 2605 2633 exhilaravit,
2649 2580 2844 2623 causas
2886 2567 3114 2638 hujusce
3155 2572 3236 2628 rei
3277 2577 3566 2632 commode

1967 2651 2207 2722 exponit.
2240 2651 2297 2707 ln
2330 2654 2649 2710 memoriam
2680 2657 2959 2713 revocavit
2986 2659 3132 2715 enim
3152 2699 3168 2726 ,
3203 2662 3411 2732 inquit,
3443 2663 3563 2721 ani-

1967 2757 2166 2814 moque
2188 2743 2450 2799 volutavit
2475 2745 2592 2800 dies
2621 2755 2877 2813 aeternos,
2901 2747 2955 2803 id
2983 2758 3086 2814 est,
3113 2763 3331 2820 semper
3354 2765 3563 2809 mento-

1965 2837 2188 2902 rabiles,
2237 2848 2460 2910 propter
2502 2840 2672 2896 multa
2716 2849 2772 2896 et
2816 2841 3016 2897 eximia
3065 2842 3118 2896 in
3166 2842 3274 2900 illis
3317 2845 3563 2915 praestita

1966 2930 2251 2986 miracula.
2285 2930 2418 2998 Quis
2453 2941 2635 2987 autem
2677 2933 2996 2993 recordatus
3026 2935 3150 2991 est?
3176 2935 3311 3004 Quis
3344 2937 3434 2995 ille
3464 2942 3561 3011 qui

1964 3020 2155 3077 eduxit
2187 3021 2255 3077 de
2290 3031 2435 3077 terra
2472 3032 2746 3093 pastorem
2779 3024 3063 3082 omnium?
3091 3024 3318 3084 Videtur
3345 3029 3435 3087 hic
3469 3047 3560 3088 re-
3594 3106 3597 3109 _

1964 3114 2325 3171 surrectionis
2340 3115 2583 3170 omnium
2601 3127 2848 3172 nostrum
2867 3117 3391 3178 ServatorisChristi
3409 3137 3563 3180 men-

1968 3209 2170 3263 tionem
2216 3207 2420 3263 facere.
2460 3207 2564 3275 Qui
2611 3210 2833 3275 eduxit,
2881 3212 3091 3282 inquit,
3134 3213 3219 3268 vel
3261 3216 3560 3274 ascendere

249 3281 372 3346 τοῦ,
394 3285 423 3337 ὀ
449 3286 765 3379 ἀναστήσας
808 3291 919 3345 ἀπὸ
945 3294 1054 3364 γῆς
1081 3296 1175 3352 τὸν
1203 3299 1426 3355 πάντων
1464 3304 1856 3379 ἀρχιποιμένα,

1966 3296 2129 3364 fecit,
2163 3312 2263 3368 pro
2294 3316 2309 3354 :
2346 3297 2446 3366 Qui
2478 3298 2741 3355 excitavit
2768 3316 2800 3355 e
2833 3310 2977 3355 terra
3009 3302 3251 3356 omnium
3281 3319 3559 3363 summum

252 3374 572 3446 ἀναστήσας
595 3377 650 3431 δὲ
672 3381 795 3451 οὐχὶ
825 3383 1045 3449 πάντως
1083 3386 1150 3440 ἐκ
1178 3389 1408 3460 νεκρῶν,
1449 3394 1568 3448 ἀλλ’
1593 3374 1710 3451 οἷον
1726 3400 1857 3454 ἀνα-

248 3464 436 3559 δείξας
465 3466 526 3534 ἐξ
566 3469 906 3542 ἀνθρώπων
930 3476 1123 3546 γέγονε
1161 3480 1270 3552 γὰρ
1307 3482 1384 3547 ὡς
1432 3479 1514 3549 εἷς
1560 3487 1619 3554 ἐξ
1678 3489 1852 3559 ἡμῶν,

249 3557 516 3628 γέννησιν
565 3562 870 3632 ὑπομείνας
915 3566 1016 3637 τὴν
1057 3568 1202 3623 κατά
1233 3573 1414 3642 σάρκα
1451 3576 1517 3628 ἐκ
1546 3579 1804 3645 γυναικὸς
1826 3583 1855 3634 6

251 3651 558 3724 μονογενὴς
589 3652 685 3706 τοῦ
726 3656 939 3726 Πατρός
977 3658 1174 3729 Λόγος.
1226 3662 1451 3738 Ἐπειδὴ
1480 3666 1558 3734 δὲ,
1582 3668 1658 3734 ὡς
1693 3670 1852 3743 ἔφην,

247 3743 649 3815 ἀμνημόνευτα
681 3745 917 3801 είσάπαν
947 3748 1049 3821 τῆς
1079 3751 1233 3821 παρά
1260 3753 1399 3809 Θεοῦ
1442 3759 1855 3834 μεγαλουργίας

247 3834 445 3890 ἐθεᾶτο
467 3837 562 3921 τὸν
616 3837 853 3912 Ἰσραὴλ,
902 3845 1188 3917 μονονουχὶ
1226 3851 1608 3924 κατατέθηπεν
1646 3856 1676 3909 6
1718 3873 1855 3930 προ-

246 3929 451 3999 φήτης,
484 3916 578 3983 καὶ
599 3931 680 3994 είς
703 3930 865 3986 τοῦτο
897 3916 1167 4002 πεσόντας
1203 3916 1563 4014 ἀναισθησίας
1593 3916 1855 4021 ὀλοφύρε-

244 4036 339 4072 ται
376 4018 597 4088 λέγωνη
639 4039 657 4071 ι
692 4021 802 4075 Ποῦ
832 4023 981 4079 ἔστιν
1019 4027 1046 4079 6
1072 4025 1187 4091 θεὶς
1221 4030 1281 4083 ἐν
1315 4032 1501 4096 αὐτοῖς
1537 4033 1600 4088 τὸ
1627 4018 1852 4106 Πνεῦμα

244 4112 312 4166 τὸ
350 4112 527 4182 ἆγιον,
554 4131 574 4165 ›
598 4115 898 4181 τουτέστιν,
923 4120 952 4171 6
979 4118 1284 4192 ἐπιστήσας
1315 4125 1374 4177 ἐν
1398 4125 1585 4189 αὐτοῖς
1613 4126 1674 4179 τὸ
1707 4126 1850 4182 θεῖον

245 4202 419 4260 αὐτοῦ
464 4206 562 4260 καὶ
606 4208 879 4278 σωτήριον
920 4208 1165 4281 Πνεῦμα.
1197 4212 1424 4284 Κατέϐη
1461 4214 1574 4288 γὰρ
1620 4216 1848 4288 Πνεῦμα

246 4297 406 4370 παρὰ
434 4298 666 4368 Κυρίου,
716 4300 810 4353 καὶ
837 4301 1122 4373 ὡδήγησεν
1155 4304 1375 4371 αὐτοὺς,
1404 4308 1589 4378 φησίν.
1622 4309 1767 4380 Ἔφη
1791 4309 1848 4363 δέ

244 4393 346 4447 καὶ
376 4392 407 4445 6
433 4391 719 4457 θεσπέσιος
749 4394 936 4461 Δαϐὶδ,
959 4396 1042 4450 ὅτι
1083 4415 1103 4450 t
1141 4397 1524 4466 Ἐξαπέστειλε
1547 4398 1642 4456 τὸν
1674 4402 1849 4472 Λόγον

245 4484 439 4551 αὐτοῦ,
468 4486 564 4540 καὶ
598 4486 789 4542 ἰάσατο
817 4487 1036 4554 αὐτούς.
1065 4509 1084 4543 t
1125 4491 1186 4545 '0
1208 4492 1266 4546 δὲ
1290 4491 1499 4565 Κύριος
1529 4495 1593 4549 τὸ
1630 4496 1848 4569 πνεῦμα

243 4576 419 4643 ἐστὶν,
472 4578 691 4651 ἐνεργεῖ
730 4579 839 4655 γάρ
886 4580 978 4638 διὰ
1029 4582 1125 4638 τοῦ
1178 4585 1466 4656 δμοουσίου
1506 4587 1844 4659 Πνεῦματος.

1962 3400 2261 3459 pastorem,
2287 3391 2381 3461 qui
2409 3392 2689 3457 excitavit,
2716 3392 2957 3462 inquam,
2986 3408 3090 3449 non
3114 3393 3287 3451 solum
3309 3408 3376 3451 ex
3404 3413 3557 3455 mor-

1963 3481 2104 3550 tuis,
2144 3482 2238 3537 sed
2283 3481 2434 3538 velut
2474 3483 2693 3553 erigens
2734 3498 2802 3539 ex
2849 3483 3182 3542 hominibus.
3226 3486 3427 3547 Factus
3469 3499 3558 3548 est

1958 3576 2101 3629 enim
2134 3584 2389 3645 tanquam
2422 3591 2563 3633 unus
2593 3591 2661 3632 ex
2691 3577 2871 3645 nobis,
2899 3586 3078 3633 ortum
3108 3580 3316 3638 habens
3342 3584 3557 3644 ratione

1957 3669 2139 3724 carnis
2168 3669 2517 3738 de~muliere,
2546 3672 2781 3741 unigena
2810 3671 2990 3729 Patris
3021 3672 3237 3732 Sermo.
3263 3676 3368 3734 Sed
3399 3676 3592 3753 quia"?
3641 3755 3665 3761 Ὦ

1958 3772 2015 3817 ιιι
2052 3761 2191 3827 dixi,
2230 3763 2580 3834 conspicatus
2612 3774 2699 3821 est
2737 3764 3001 3835 propheta
3039 3765 3294 3825 lsraelem
3331 3773 3556 3828 omnino

1956 3855 2182 3911 oblitum
2214 3856 2412 3912 divinae
2449 3856 2901 3928 magniﬁcentius,
2939 3868 3147 3916 tantum
3186 3878 3294 3918 non
3331 3873 3556 3937 stupore

1957 3945 2217 4003 confusus
2252 3956 2364 4015 est,
2397 3958 2453 4004 et
2484 3963 2549 4003 eo
2580 3950 2912 4018 stupiditatis
2945 3950 3128 4019 lapsos
3159 3952 3434 4022 deplorat,
3468 3957 3554 4012 di-

1954 4051 2086 4091 cens
2125 4054 2140 4092 :
2186 4055 2205 4088 ι
2254 4036 2354 4093 Ubi
2392 4047 2478 4093 est
2513 4039 2606 4107 qui
2648 4039 2828 4108 posuit
2867 4040 2920 4094 in
2968 4038 3076 4096 illis
3117 4040 3380 4112 Spiritum
3421 4046 3591 4102 saltv?

1953 4127 2136 4182 ctum?
2171 4146 2189 4180 ι
2227 4128 2279 4181 id
2317 4137 2431 4193 est,
2460 4129 2552 4198 qui
2591 4130 2822 4184 inseruit
2860 4130 2965 4185 illis
3000 4131 3246 4188 divinum
3286 4149 3447 4193 suum
3484 4154 3552 4196 ac

1953 4221 2245 4277 salutarem
2276 4220 2575 4292 Spiritum?
2608 4223 2899 4279 Descendit
2936 4224 3082 4280 enim
3116 4225 3353 4298 Spiritus
3382 4246 3413 4285 a
3446 4231 3551 4290 Do-

1952 4313 2119 4378 mino,
2150 4321 2204 4368 et
2231 4313 2387 4369 duxit
2412 4328 2525 4370 eos.
2553 4313 2722 4371 Porro
2744 4315 2962 4374 divinus
2991 4321 3156 4378 David
3184 4322 3262 4378 ait
3291 4340 3308 4379 :
3342 4342 3361 4376 ι
3396 4323 3549 4381 Emi-
3580 4400 3584 4406 .

1951 4408 2024 4462 sit
2053 4406 2286 4464 Verbum
2321 4423 2500 4473 suum,
2533 4418 2589 4464 et
2620 4411 2834 4466 sanavit
2866 4425 2963 4468 eos
2981 4414 3048 4468 ’³.
3087 4433 3106 4467 ι
3146 4415 3408 4472 Dominus
3442 4431 3549 4473 auo
3580 4464 3585 4483 τ

1953 4507 2059 4555 tem
2093 4498 2321 4568 spiritus
2352 4498 2431 4555 es‘t
2454 4499 2521 4553 “.
2545 4498 2818 4570 Operatur
2844 4503 2991 4559 enim
3024 4518 3123 4575 per
3150 4503 3415 4577 Spiritum
3451 4511 3547 4581 qui

1949 4589 2175 4661 aqualis
2210 4599 2296 4646 est
2338 4591 2682 4648 substantiae.
2721 4591 2825 4650 Ubi
2869 4604 2954 4652 est
2992 4597 3160 4669 ergo?
3189 4612 3290 4669 pro
3315 4639 3333 4665 ,
3382 4600 3547 4658 Obliti

243 4670 359 4725 Ποῦ
394 4670 576 4727 τοίνυν
631 4673 812 4744 ἐστίν;
849 4672 972 4730 ἀντὶ
1018 4675 1139 4742 τοῦ,
1187 4678 1550 4746 ἐπελάθοντο,
1601 4683 1698 4736 καὶ
1743 4684 1845 4738 οὐκ

1960 4690 2098 4750 sunt,
2129 4690 2184 4737 et
2218 4696 2323 4737 non
2358 4682 2729 4753 quaesiverunt
2760 4700 2910 4753 eum,
2966 4689 3306 4746 recordando
3336 4693 3549 4750 scilicet

241 4761 586 4837 ἐξεζήτησαν
608 4767 796 4835 αὐτὸν,
831 4767 921 4824 διὰ
957 4768 1054 4824 τοῦ
1087 4771 1402 4843 μεμνῆσθαι
1437 4772 1705 4845 δηλονότι,
1748 4777 1845 4831 καὶ

238 4860 465 4931 ἀγαπᾷν
494 4858 682 4918 αὐτόν.
704 4861 817 4915 Ποῦ
843 4864 872 4918 ὁ
899 4863 1195 4934 ἀναγαγὼν
1215 4866 1281 4937 τῇ
1308 4865 1460 4938 δεξιᾷ
1480 4867 1572 4922 τὸν
1600 4868 1838 4940 Μωσῆνς

238 4950 436 5020 Μέγας
473 4947 544 5023 ἦν
583 4952 614 5006 6
650 4952 861 5027 Μωσῆς
903 4957 933 5010 6
976 4956 1263 5028 διαϐόητός
1310 4974 1369 5011 τε
1404 4958 1497 5012 καὶ
1545 4958 1745 5030 ὑψηλὸς
1779 4961 1839 5014 ἐν

237 5041 500 5115 εὐκλείᾳ·
545 5043 883 5116 ὐπεμφαίνει
928 5048 987 5102 δὲ
1028 5049 1190 5103 τοῦτο
1220 5049 1302 5119 τὸ,
1346 5051 1661 5121 ἀναγαγὼν,
1686 5054 1841 5122 ἐνερ-

236 5131 445 5204 γοῦσης
467 5133 536 5187 δι’
558 5130 836 5209 αὐτοῦτῆς
860 5139 955 5193 τοῦ
981 5141 1120 5196 Θεοῦ
1144 5142 1346 5211 δεξιᾶς.
1367 5162 1387 5197 ι
1405 5145 1464 5199 'o
1482 5130 1724 5221 βραχίων
1738 5145 1840 5217 τῆς

234 5225 401 5297 δόξης
443 5227 799 5299 κατίσχυσεν,
836 5249 856 5283 ι
897 5230 932 5302 ἢ
985 5233 1421 5304 κατηγωνίσατο,
1461 5238 1555 5291 καὶ
1587 5236 1839 5309 νενίκηκε

234 5317 339 5386 τὴν
362 5316 473 5370 τῶν
499 5317 709 5373 ὐδάτων
746 5319 908 5389 φύσιν
948 5323 1239 5397 συμπήξας
1267 5327 1428 5381 αὐτά.
1473 5327 1702 5407 Ἐ’πάγει
1730 5328 1841 5400 γὰρ

233 5408 373 5461 ὡσεὶ
403 5412 584 5480 τεῖχος
609 5409 678 5464 τὰ
716 5410 908 5478 ὕδατα,
941 5415 1129 5486 φησιν,
1164 5418 1332 5487 ἤγουν
1360 5419 1503 5475 αὐτὰ
1539 5422 1839 5494 κατίσχυσε

231 5499 305 5553 τὰ
336 5498 527 5565 ὕδατα,
571 5501 714 5557 ὥστε
754 5504 848 5558 καὶ
888 5505 1052 5577 πῆξιν
1096 5507 1408 5580 ὑπομεῖναι,
1457 5513 1635 5568 καίτοι
1674 5513 1838 5585 φύσιν

231 5593 432 5665 ἔχοντα
461 5594 562 5666 τὴν
599 5595 794 5679 ὑγράν.
831 5593 1167 5674 Πεπλήρωκε
1205 5601 1265 5656 δὲ
1303 5605 1399 5660 καὶ
1439 5606 1620 5680 τοῦτο,
1646 5609 1834 5684 φησὶν,

303 5767 353 5801 ³⁸
377 5713 522 5824 Psal.
552 5785 664 5838 cvl,
693 5772 784 5829 20.
864 5774 910 5807 ”
939 5775 1096 5836 Joan.
1133 5795 1211 5846 tv,
1240 5781 1332 5837 24.

302 5948 382 6022 (1)
414 5947 708 6026 Θαλάσσης
744 5952 908 6016 Lxx.
1511 5990 1544 6008 ρ
1612 6018 1615 6021 ,

1949 4783 2007 4830 et
2032 4771 2304 4845 diligendo
2330 4791 2477 4832 eum.
2507 4773 2608 4833 Ubi
2634 4787 2719 4834 est
2741 4779 2834 4849 qui
2856 4781 3045 4837 eduxit
3068 4781 3262 4839 dextra
3288 4782 3546 4855 Moysen“?

1947 4865 2176 4936 Magnus
2210 4867 2313 4923 fuit
2346 4867 2580 4941 Moyses,
2618 4872 2952 4942 percelebris
2988 4882 3043 4930 et
3079 4875 3338 4947 dignitate
3373 4876 3545 4932 subli-

1948 4960 2072 5016 mis.
2104 4959 2270 5029 quue
2305 4961 2615 5017 subindicat
2646 4979 2663 5019 :
2693 4961 2916 5031 Eduxit,
2948 4975 3210 5036 operante
3242 4980 3339 5036 per
3367 4965 3542 5036 ipsum

1947 5052 2129 5108 divina
2164 5052 2409 5109 dextera.
2446 5053 2800 5110 r-Brachium
2834 5056 3023 5126 gloriae
3056 5058 3360 5128 superavit,
3398 5076 3418 5110 ι
3456 5060 3543 5115 \el

1946 5145 2298 5216 expugnavit,
2334 5155 2391 5202 et
2421 5147 2554 5203 vicit
2582 5158 2833 5202 naturain
2869 5162 3134 5218 aquarum
3156 5149 3390 5214 ,sistens
3422 5164 3541 5208 eas.

1946 5235 2158 5293 lnducit
2189 5239 2335 5295 enim
2365 5240 2514 5295 velut
2548 5255 2762 5294 murum
2800 5254 2989 5311 aquas,
3030 5242 3227 5313 inquit.
3261 5238 3358 5297 Vel
3393 5242 3543 5313 ipsas

1950 5344 2120 5400 aquas
2178 5332 2412 5403 repulit,
2469 5330 2638 5404 883
2691 5347 2755 5388 ac
2811 5333 3111 5403 superavit,
3164 5333 3238 5388 ita
3306 5342 3369 5388 ut
3419 5333 3542 5389 sisti

1948 5435 2009 5477 se
2042 5431 2382 5494 paterentur,
2419 5426 2634 5482 etiamsi
2669 5434 2919 5480 naturam
2956 5427 3197 5483 habeant
3234 5426 3535 5482 humidam.

1945 5511 2194 5586 Implevit
2239 5517 2364 5586 hoc,
2408 5518 2603 5590 inquit,
2646 5528 2707 5574 ut
2747 5518 2851 5575 sibi
2899 5532 3097 5575 nomen
3143 5518 3539 5589 sempiternum

1945 5608 2277 5681 acquireret.
2314 5609 2442 5668 Sive
2484 5611 2631 5669 enim
2673 5612 2778 5669 hoc
2819 5610 3020 5669 factum
3063 5619 3167 5681 est,
3209 5609 3325 5667 sive
3370 5609 3538 5667 etiam
