4140 6484
612 494 743 550 1391

1600 482 1657 536 S.
1700 480 1973 537 CYRILLI
2010 479 2480 541 ALEXANDRINI
2518 480 2838 540 ARCHIEP.

3734 479 3757 531 1
3771 476 3880 532 552

608 609 1046 666 administratum
1085 603 1250 660 fuerit
1294 616 1402 673 per
1434 601 1895 670 sapientissimum
1966 600 2187 672 Moysen

2306 604 2379 656 ἵνα
2406 599 2582 672 ἑαυτῷ
2605 598 2936 670 περιποιήσῃ
2967 596 3137 665 ὄνομα
3160 592 3375 647 αἰώνιον
3396 607 3407 620 ’
3442 588 3495 643 εἴ
3511 607 3562 642 τι
3590 586 3700 657 γὰρ
3724 588 3882 658 γέγο-

608 699 801 755 hoc-in
818 697 1045 769 gloriam
1078 695 1170 751 Dei
1193 695 1395 749 factum
1421 702 1523 749 est.
1550 692 1783 759 Sistcns,
1809 692 2003 762 inquit,
2024 707 2193 762 aquas

557 810 563 815 '
608 807 709 849 ceu
738 806 962 861 equum,
990 788 1075 846 vel
1107 802 1208 844 ceu
1238 786 1482 853 iumenta
1515 784 1670 840 duxit
1702 798 1799 854 per
1828 798 2000 849 mare,
2031 784 2194 839 veluti

609 899 708 955 per
740 897 1015 951 campum.
1051 880 1166 937 Hoc
1206 879 1333 935 item
1378 877 1693 934 Psalntodus
1728 877 1914 941 docet,
1938 892 2069 933 cum
2112 878 2197 932 in-

607 975 730 1046 quit
761 991 775 1029 :
817 993 836 1026 ι
875 972 943 1027 Ει
975 973 1162 1030 eduxit
1195 981 1450 1050 tanquam
1481 984 1611 1026 oves
1642 968 1896 1039 populum
1929 983 2107 1036 suum,
2140 978 2197 1025 et

612 1067 764 1122 duxit
794 1081 891 1123 eos
921 1076 1177 1136 tanquam
1209 1079 1428 1135 gregem
1460 1063 1513 1118 in
1544 1063 1760 1118 deserto
1783 1062 1851 1118 ".
1890 1081 1910 1114 ι
1949 1062 2064 1118 Dux
2093 1079 2191 1118 au—

600 1163 721 1211 tem
754 1168 941 1209 eorum
979 1152 1110 1219 fuit,
1141 1155 1219 1208 uti
1255 1152 1401 1216 dixi,
1433 1152 1671 1223 Spiritus
1703 1151 1937 1207 Domini.
1972 1150 2065 1208 Sic
2098 1153 2196 1208 du-

610 1243 738 1300 xisti
768 1245 1023 1314 populum
1053 1251 1200 1297 tuum
1221 1282 1237 1309 ,
1265 1252 1325 1298 ut
1351 1256 1697 1312 comparares
1728 1241 1822 1296 tibi
1840 1241 1967 1311 ipse
1998 1256 2192 1297 nomen

605 1335 926 1407 gloriosum.
952 1333 1066 1389 Duo
1088 1333 1232 1390 enim
1256 1332 1401 1389 facta
1426 1342 1553 1390 sunt
1572 1334 1763 1389 eodem
1789 1341 2051 1402 tempore.
2076 1332 2192 1388 Non

608 1426 760 1480 enim
788 1426 948 1480 modo
972 1431 1218 1480 servatus
1241 1433 1323 1479 est
1348 1423 1535 1490 Israel,
1561 1433 1616 1479 et
1639 1439 1671 1479 e
1698 1437 1858 1475 manu
1882 1424 2194 1492 opprimen-

614 1518 749 1573 tium
788 1516 1050 1572 liberatus
1083 1524 1169 1571 est
1205 1532 1221 1571 :
1256 1517 1350 1569 sed
1391 1515 1555 1569 etiam
1592 1529 1771 1568 rerum
1806 1513 2196 1569 admirabiliter

610 1618 889 1678 gestarum
931 1608 1055 1661 linis
1101 1607 1477 1661 universorum
1536 1607 1862 1663 dominatori
1908 1607 2014 1661 Deo
2077 1606 2194 1674 glo-

585 1701 752 1762 zriam
784 1697 1197 1753 convenientem
1232 1696 1462 1767 peperit.

610 1854 631 1887 ⁹
688 1874 854 1929 Vens.
884 1873 1073 1929 15-17.
1115 1872 1428 1928 Convertere
1460 1873 1524 1927 de
1553 1873 1701 1939 caelo,
1733 1882 1781 1927 et
1811 1873 1928 1927 vide
1956 1873 2020 1928 de
2040 1874 2195 1927 domo

2298 713 2409 761 νεν,
2437 696 2603 766 ήγουν
2635 692 2728 747 καὶ
2755 688 3032 761 ὲνηργήθη
3062 686 3149 741 διὰ
3174 685 3268 739 τοῦ
3312 683 3585 751 πανσόφου
3614 682 3880 748 Μωσέως,

2295 786 2456 841 τοῦτο
2484 786 2565 848 είς
2581 782 2739 849 δόξαν
2765 782 3078 853 πέπρακται
3101 776 3258 833 Θεοῦ,
3288 775 3473 848 mea;
3506 774 3563 828 δὲ
3592 772 3663 827 τὰ
3690 772 3881 835 ὕδατα,

2296 879 2482 951 φησὶν,
2506 877 2582 941 ὡς
2606 877 2794 941 ἵππον,
2819 875 2851 946 ἥ
2877 875 2953 938 ὡς
2983 874 3175 943 κτήνη,
3200 870 3453 940 ὼδήγησε
3474 866 3561 921 διὰ
3584 865 3881 935 θαλάσσης,

2294 970 2371 1035 ὡς
2419 969 2508 1025 διὰ
2566 966 2770 1022 πεδίου.
2821 964 2993 1019 Τοῦτο
3048 962 3142 1017 καὶ¹
3191 963 3219 1015 ὁ
3268 957 3573 1030 Ψαλμῳδὸς
3642 955 3882 1010 διδάσκει

2296 1063 2470 1133 λέγων
2496 1078 2511 1092 ο
2541 1080 2560 1113 ε
2586 1060 2697 1115 Καὶ
2725 1059 2999 1129 ἀνήγαγεν
3033 1055 3107 1121 ὡς
3140 1053 3388 1125 πρόϐατα
3428 1050 3520 1103 τὸν
3543 1048 3670 1102 λαὸν
3696 1044 3882 1109 αὐτοῦ,

2296 1152 2394 1207 καὶ
2451 1152 2732 1223 ὡδήγησεν
2780 1149 2981 1211 αὐτοὺς
3046 1147 3121 1211 ὼς
3174 1145 3424 1213 ποίμνιον
3486 1144 3545 1194 ὲν
3616 1141 3828 1212 ἐρήμῳ.
3858 1156 3878 1189 ι

2307 1244 2573 1315 Ὠδήγησε
2601 1242 2657 1295 δὲ
2685 1240 2903 1306 αὐτοὺς,
2928 1239 3004 1302 ὡς
3025 1237 3184 1309 ἔφην,
3209 1236 3436 1307 Πνεῦμα
3450 1234 3674 1306 Κυρίου.
3700 1230 3888 1294 Οὕτως

2294 1333 2504 1406 ἤγαγες
2520 1332 2611 1386 τὸν
2648 1330 2775 1386 λαόν
2811 1348 2932 1399 σου,
2957 1327 3051 1383 τοῦ
3080 1326 3305 1397 ποιῆσαι
3329 1325 3477 1396 αὐτῷ
3504 1324 3674 1394 ὄνομα
3703 1320 3884 1390 δόξης.

2294 1424 2400 1479 Δύο
2428 1423 2539 1495 γὰρ
2573 1423 2874 1496 ἐπράττετο
2896 1420 3038 1475 κατὰ
3068 1418 3286 1473 ταυτόν.
3340 1416 3414 1472 Ού
3462 1416 3571 1486 γὰρ
3616 1416 3888 1468 σέσωσται

2297 1518 2460 1588 μόνον
2492 1518 2522 1570 ό
2561 1514 2801 1587 Ἰσραὴλ,
2849 1513 2945 1568 καὶ
2982 1511 3084 1582 τῆς
3114 1509 3223 1564 τῶν
3262 1505 3729 1562 πλεονεκτούντων
3765 1502 3891 1557 ὲλυ-

2296 1608 2478 1682 τρώθη
2500 1606 2702 1680 χειρὸς,
2734 1604 2871 1660 ἀλλὰ
2921 1602 3032 1674 γὰρ
3065 1600 3161 1657 καὶ
3184 1601 3293 1655 τῶν
3328 1597 3646 1671 παραδόξως
3676 1594 3892 1649 τετελε-

2300 1700 2511 1771 σμένων
2537 1699 2598 1752 τὸ
2630 1698 2804 1770 πέρας
2849 1695 2927 1767 τῷ
2954 1694 3064 1748 τῶν
3098 1694 3235 1747 ὅλων
3283 1690 3574 1764 κρατοῦντι
3614 1687 3733 1758 Θεῷ
3788 1684 3894 1757 τὴν

2296 1791 2447 1863 αὐτῷ
2476 1790 2792 1863 πρέπουσαν
2817 1787 2974 1855 δόξαν
2998 1786 3473 1858 ἐπραγματεύετο.

2382 1881 2790 1949 Ἐπίστρεψον
2826 1878 2899 1932 ἐκ
2939 1876 3047 1932 τοῦ
3078 1874 3364 1942 οὐρανοῦ,
3403 1872 3503 1927 καί
3548 1870 3639 1924 ἴδε
3679 1869 3749 1924 ἐκ
3779 1868 3897 1923 τοῦ

561 2001 571 2011 ι
613 1976 801 2022 sancta
851 1977 975 2033 tua,
1009 1976 1055 2020 et
1086 1966 1272 2036 gloriae
1306 1977 1447 2020 tute.
1500 1963 1602 2019 Ubi
1642 1974 1716 2019 est
1756 1966 1898 2019 zelus
1942 1976 2096 2030 tuus,
2148 1972 2197 2020 et

2306 1971 2469 2026 οἷκον
2503 1970 2608 2025 τοῦ
2644 1971 2816 2041 ἁγίου
2847 1985 2985 2033 σου,
3022 1968 3121 2021 καὶ
3151 1965 3340 2033 δόξης
3376 1979 3521 2018 σου.
3567 1961 3692 2017 Ποῦ
3716 1963 3900 2017 ἐστιν

610 2059 875 2128 fortitudo
907 2057 1039 2113 tua?
1065 2055 1168 2110 Ubi
1213 2065 1289 2111 est
1333 2054 1618 2110 multitudo
1650 2055 2029 2112 misericordite
2067 2065 2195 2122 tute,

616 2160 667 2205 et
712 2150 1113 2205 miserationum
1149 2158 1395 2213 tuarum,
1433 2148 1560 2217 quia
1601 2148 1902 2202 sustinuisti
1943 2148 2083 2203 nos?
2120 2146 2197 2201 Tu

617 2245 756 2296 enim
786 2258 839 2296 es
874 2239 1039 2296 Pater
1069 2251 1266 2306 noster,
1307 2241 1433 2309 quia
1464 2240 1731 2293 Abraham
1769 2256 1872 2295 non
1914 2240 2050 2294 novit
2080 2256 2195 2306 nos,

590 2344 668 2388 iet
697 2333 869 2389 Israel
904 2348 1007 2387 non
1043 2333 1254 2402 agnovit
1293 2348 1407 2387 nos.
1441 2332 1485 2385 A
1517 2333 1778 2400 principio
1824 2348 2012 2387 nomen
2047 2342 2200 2385 tuum

616 2443 774 2498 super
811 2442 925 2481 nos.
972 2422 1084 2480 Cur
1117 2424 1376 2480 reduxisti
1420 2441 1535 2490 uos,
1566 2423 1806 2491 Domine,
1847 2442 1878 2479 a
1928 2426 2012 2481 eia
2056 2436 2198 2494 tua;

610 2517 896 2579 ,obdurasti
921 2519 1082 2573 corda
1110 2526 1315 2583 nostra,
1349 2532 1412 2572 ne
1439 2517 1742 2573 timeremus
1778 2518 1865 2572 te?

692 2698 793 2754 llic
827 2697 1081 2768 deinceps
1107 2697 1370 2767 propheta
1403 2710 1503 2767 pro
1535 2695 1785 2751 universa
1814 2702 1978 2765 gente
2007 2707 2201 2765 preces

620 2789 822 2854 tundit,
856 2798 911 2845 et
949 2787 1053 2844 sub
1093 2802 1329 2859 persona
1366 2786 1733 2843 lsraelitarum
1773 2794 1934 2857 rogat
1978 2796 2034 2842 ct
2071 2803 2201 2858 sup.

608 2884 810 2961 .‘plicat.
842 2881 976 2956 Orat
1004 2880 1147 2937 enim
1185 2889 1244 2935 ut
1274 2881 1343 2935 ab
1376 2880 1456 2935 ira
1487 2879 1542 2935 in
1577 2881 1697 2936 illos
1729 2896 1828 2937 sua
1874 2881 2122 2947 desistat,
2148 2891 2204 2936 et

614 2973 749 3039 odio
779 2972 1156 3042 supersedeat,
1188 2980 1244 3027 et
1275 2972 1342 3027 ad
1379 2972 1526 3041 ipsos
1551 2972 1705 3042 quasi
1750 2980 2077 3039 revertatur,
2107 2972 2201 3042 qui

610 3067 693 3129 ab
725 3065 832 3120 illis
863 3066 1189 3119 discesserat
1223 3080 1237 3118 :
1276 3072 1335 3117 ut
1361 3063 1455 3131 qui
1487 3076 1593 3116 non
1624 3062 1695 3118 sit
1733 3062 2010 3118 terrestris
2047 3062 2202 3131 quis-

625 3158 793 3228 piam,
829 3155 925 3210 sed
963 3155 1107 3210 Deus
1133 3168 1316 3219 verus,
1357 3163 1413 3207 et
1448 3151 1643 3208 coelum
1689 3161 1951 3224 tanquam
1983 3153 2202 3209 domum

2296 2067 2333 2120 ὀ
2362 2064 2542 2134 ζῆλός
2569 2081 2707 2129 σου,
2732 2062 2832 2117 καί
2856 2061 2896 2129 ἡ
2918 2059 3097 2131 ἰσχύς
3130 2072 3285 2121 σου;
3317 2054 3441 2111 Ποῦ
3468 2055 3602 2108 ἔστι
3636 2052 3705 2107 τό
3730 2050 3900 2120 πλῆ-

2303 2160 2409 2221 θος
2447 2154 2555 2209 τοῦ
2594 2154 2808 2220 ἐλέους
2834 2166 2972 2217 σου,
3008 2148 3110 2203 καί
3146 2146 3267 2202 τῶν
3293 2144 3608 2215 οἰκτιρμῶν
3632 2158 3772 2211 σου,
3799 2142 3901 2197 ὅτι

2298 2247 2566 2317 ἀνέσχον
2583 2244 2753 2316 ἡμῶν
2764 2260 2783 2311 ;
2804 2244 2889 2299 Σὺ
2905 2237 3084 2313 γὰρέἶ
3096 2239 3266 2311 ἡμῶν
3283 2238 3506 2306 Πατὴρ,
3520 2236 3610 2291 ὅτι
3633 2237 3689 2291 Ἀ
3698 2232 3902 2305 ὅραὰμ

2299 2342 2411 2396 οὐκ
2435 2339 2589 2409 ἔγνω
2609 2338 2788 2409 ἡμᾶς,
2805 2337 2904 2391 καὶ
2938 2334 3187 2404 Ἰσραὴλ
3214 2336 3326 2388 οὐκ
3356 2331 3587 2401 ἐπέγνω
3604 2327 3764 2398 ἡμᾶς
3786 2324 3836 2399 (1
3850 2330 3897 2396 ).

2314 2432 2429 2487 Ἀπ’
2471 2429 2662 2501 ἀρχῆς
2724 2430 2793 2484 τὸ
2836 2426 3024 2498 όνομὰ
3074 2441 3191 2482 σου
3246 2425 3340 2495 ἐφ’
3399 2421 3557 2492 ἡμᾶς
3606 2420 3759 2474 ἐστι.
3828 2419 3903 2474 Τί

2300 2523 2650 2592 ἐπλάνησας
2669 2520 2849 2592 ἡμᾶς,
2865 2517 3194 2589 Κύριε,πό
3221 2516 3326 2587 τῆς
3346 2515 3489 2570 ὁδοῦ
3511 2530 3649 2576 σου,
3663 2510 3900 2578 ἐσκλή-

2292 2633 2491 2686 ρυνας
2538 2614 2708 2686 ἡμῶν
2752 2614 2861 2679 τὰς
2897 2611 3144 2681 καρδίας
3183 2609 3291 2665 τοῦ
3326 2607 3414 2678 μὴ
3442 2605 3755 2677 φοϐεῖσθαί
3779 2619 3901 2669 σε;

2386 2707 2649 2764 Ἐνταῦθα
2679 2706 2866 2761 λοιπὸν
2888 2706 2916 2759 ό
2943 2705 3231 2777 προφήτης
3258 2701 3357 2765 τὰς
3388 2699 3528 2770 ὑπὲρ
3555 2695 3760 2763 παντὸς
3792 2696 3901 2750 τοῦ

2302 2799 2489 2864 ἔθνους
2518 2801 2752 2853 ποιεῖται
2781 2796 2955 2862 λιτὰς,
3001 2795 3096 2850 καὶ
3127 2796 3190 2848 ἐκ
3220 2790 3513 2865 προσώπου
3544 2790 3653 2845 τῶν
3683 2787 3745 2854 ἐξ
3790 2788 3904 2843 Ἰσ-

2307 2891 2446 2965 ραὴλ
2477 2890 2748 2947 ἀνατείνει
2772 2888 2869 2960 τὴν
2898 2886 3178 2959 ἱκετηρίαν
3196 2901 3211 2917 ο
3243 2880 3546 2954 καταλῆξαι
3575 2880 3684 2951 γὰρ
3714 2896 3906 2951 παρα-

2304 2984 2459 3038 καλεῖ
2480 2983 2582 3054 τῆς
2606 2983 2693 3035 ἐπ’
2719 2981 2901 3044 αὐτοῖς
2924 2979 3114 3051 ὀργῆς,
3142 2976 3349 3032 παῦσαί
3376 2991 3437 3029 τε
3482 2974 3581 3045 τὴν
3625 2973 3903 3043 ἀποστρο-

2307 3077 2435 3149 φὴν,
2466 3075 2560 3131 καὶ
2586 3070 2698 3129 οἷον
2733 3072 3104 3144 ὑπονοστῆσαι
3136 3069 3272 3143 πρὸς
3305 3067 3500 3130 αὐτοὺς
3529 3065 3620 3119 τὸν
3658 3065 3905 3133 ἀποφοι-

2303 3165 2778 3242 τήσανταιαύτῶν,
2814 3166 2911 3220 ἅτε
2943 3163 3006 3234 δὴ
3054 3162 3149 3216 καὶ
3191 3160 3291 3232 οὐχ
3343 3159 3441 3213 ἕνα
3476 3155 3599 3210 τινὰ
3644 3155 3737 3209 τὸν
3775 3153 3900 3226 [ῑσ.

624 3248 916 3319 gloriosam
965 3245 1195 3301 habens.
1231 3243 1345 3299 Etsi
1373 3252 1555 3299 autem
1592 3242 1803 3299 dicatur
1842 3243 1896 3299 in
1930 3244 2070 3301 caelo
2105 3244 2202 3301 ha-

2307 3257 2441 3333 τῶν]
2482 3258 2575 3311 ἐπὶ
2598 3256 2700 3328 γῆς
2726 3254 2877 3320 ὄντα,
2910 3252 3043 3307 Θεὸν
3068 3249 3124 3305 δὲ
3157 3248 3355 3321 μᾶλλον
3386 3246 3660 3344 ἀληθινὸν,
3692 3245 3785 3344 καὶ
3820 3245 3905 3309 ὡς

622 3338 801 3394 bitare
829 3336 994 3402 Deus,
1035 3334 1169 3391 nihil
1200 3345 1377 3390 tamen
1406 3334 1460 3390 in
1489 3348 1556 3389 eo
1584 3334 1868 3406 corporale
1902 3335 2208 3407 intelligen-

609 3428 753 3484 dum
797 3434 905 3482 est.
956 3424 1073 3480 Non
1123 3424 1269 3480 enim
1320 3424 1376 3479 in
1427 3423 1549 3480 loco
1594 3436 1652 3480 et
1701 3424 2206 3497 circumscriptione

480 3501 497 3516 “
582 3518 968 3574 -divinitatem
1013 3530 1135 3572 esse
1173 3515 1430 3582 dicimus,
1461 3517 1605 3586 quod
1648 3530 1710 3571 ea
1755 3515 1984 3586 simplex
2034 3518 2105 3572 sit
2150 3526 2209 3573 et

602 3613 984 3681 incorporea,
1040 3625 1105 3665 ac
1159 3609 1428 3681 compleat
1467 3609 1672 3665 omnia.
1727 3607 1865 3677 Quia
1917 3619 2100 3666 autem
2151 3609 2205 3665 in

622 3702 899 3773 supremis
940 3701 1224 3774 spiritibus
1268 3708 1527 3770 tanquam
1572 3702 1780 3756 sanctis
1824 3701 2203 3771 conquiescit,

612 3794 757 3861 ,hiuc
804 3792 1038 3847 dicimus
1082 3789 1275 3846 solium
1310 3800 1363 3843 et
1406 3791 1624 3845 domum
1659 3790 1776 3859 ejus
1826 3805 1947 3847 esse
1985 3793 2206 3847 coelum.

626 3883 960 3941 Convertere
1006 3882 1192 3953 igitur,
1227 3882 1483 3952 inquiunt
1515 3900 1529 3937 :
1566 3900 1587 3934 ι
1626 3881 1725 3935 Ubi
1762 3881 1907 3936 enim
1940 3891 2023 3938 est
2057 3882 2209 3939 zelus

629 3987 781 4043 tuus,
813 3986 865 4033 et
897 3977 1159 4033 fortitudo
1190 3976 1322 4035 tua?
1354 3994 1374 4029 ι
1410 3974 1519 4030 Nec
1547 3975 1768 4040 dixerit,
1808 3976 2024 4045 opinor,
2057 3977 2210 4046 quis-

578 4071 771 4139 ..piam
836 4070 924 4125 his
969 4068 1220 4131 caruisse
1263 4068 1639 4124 universorum
1690 4066 1900 4134 Deum;
1955 4069 2050 4124 sed
2083 4068 2208 4139 quia

608 4161 736 4233 jam
778 4159 883 4215 illis
916 4175 1022 4214 non
1070 4158 1403 4225 fruerentur,
1435 4159 1553 4214 haec
1577 4157 1785 4214 dicunt.
1808 4157 1939 4214 Zelo
1976 4171 2210 4230 namque

584 4280 592 4289 ρ
628 4261 684 4304 et
722 4251 904 4305 divina
940 4250 1262 4305 fortitudine
1289 4264 1420 4305 usus
1449 4250 1689 4305 servavit
1720 4248 1999 4307 lsraelem.
2027 4249 2160 4305 Puta
2191 4269 2205 4305 :

582 4343 935 4399 ~~servierunt
960 4341 1452 4415 Mdigyptiis,
1481 4343 1573 4413 qui
1603 4340 1770 4397 vitam
1797 4334 1986 4398 eorum
2015 4342 2129 4398 luto
2154 4353 2211 4399 ct

614 4437 809 4490 latere
854 4433 1189 4501 alﬂixernnt,
1222 4444 1277 4490 et
1312 4444 1651 4505 exacturum.
1680 4432 2001 4489 crudelitate
2048 4449 2210 4489 vexa-

615 4536 775 4583 runt.
807 4527 878 4581 At
910 4525 1029 4581 zelo
1058 4540 1320 4581 accensus
1352 4535 1437 4582 est
1468 4525 1848 4581 universorum
1878 4525 2040 4582 Deus.
2064 4525 2211 4582 Dixit

2308 3342 2457 3403 οἷκον
2485 3346 2643 3417 δόξης
2681 3345 2873 3416 ἔχοντα
2914 3343 3006 3396 τὸν
3037 3340 3285 3413 οὐρανόν.
3334 3339 3399 3392 Et
3441 3336 3499 3391 δὲ
3530 3336 3742 3406 λέγοιτό
3790 3352 3903 3389 που

2308 3442 2583 3496 κατοικεῖν
2607 3439 2666 3493 ὲν
2693 3434 2912 3509 οὐρανῷ
2945 3434 3099 3499 Θεὸς,
3132 3432 3300 3505 μηδὲν
3324 3428 3553 3485 νοείσθω
3584 3428 3906 3498 σωματικὸν

2306 3531 2394 3586 ἐπ’
2418 3528 2606 3585 αὑτοῦ.
2641 3529 2717 3583 οὐ
2751 3528 2861 3598 γὰρ
2894 3527 2950 3580 ὲν
2974 3524 3144 3593 τόπῳ,
3176 3521 3272 3577 καὶ
3308 3520 3623 3593 περιγραφῇ
3655 3518 3714 3572 τὸ
3739 3519 3906 3573 Θεῖον

2308 3619 2448 3678 εἶναι
2493 3621 2695 3693 φαμὲν,
2737 3620 2820 3673 ὅτι
2869 3617 2965 3673 καὶ
3016 3613 3221 3670 ἁπλοῦν
3263 3615 3381 3668 ὲστι
3434 3613 3528 3666 καὶ
3579 3610 3903 3681 ἀσώματον,

2309 3715 2404 3771 καὶ
2436 3714 2617 3769 πάντα
2642 3710 2903 3784 πληροῦν.
2951 3709 3172 3781 Ἐπειδὴ
3197 3708 3256 3762 δὲ
3282 3709 3394 3771 τοῖς
3420 3707 3533 3761 ἄνω
3564 3703 3905 3776 πνεύμασιν,

2309 3806 2384 3869 ὡς
2424 3803 2601 3872 ἁγίοις
2626 3800 3062 3864 ὲπαναπαύεται,
3092 3797 3353 3870 ταύτητοί
3397 3812 3575 3868 φαμεν
3607 3794 3798 3866 θρόνον
3841 3810 3911 3847 τε

2310 3896 2403 3951 καὶ
2424 3891 2574 3950 οἷκον
2594 3894 2759 3949 αὐτοῦ
2790 3895 2883 3948 τὸν
2901 3891 3151 3964 οὐρανόν.
3191 3888 3550 3961 Ἐπίστρεψον
3566 3886 3767 3951 τοίνυν,
3797 3903 3912 3955 φα-

2313 3989 2396 4043 σίν
2419 4004 2431 4018 ·
2473 4008 2491 4041 ι
2528 3986 2641 4042 Ποῦ
2685 3985 2793 4057 γάρ
2823 3985 2973 4039 ἐστιν
3000 3986 3028 4039 ό
3055 3983 3215 4055 ζῆλός
3243 4000 3362 4047 σου,
3388 3982 3485 4035 καὶ
3516 3979 3669 4051 ίσχύς
3710 3995 3847 4045 σου;
3883 3998 3903 4029 s

2310 4081 2421 4138 Καὶ
2457 4081 2519 4134 οὐ
2554 4079 2617 4150 δή
2661 4096 2765 4133 που
2797 4078 2929 4150 φαίη
2962 4077 3050 4143 ἂν,
3075 4070 3250 4147 οἶμαι,
3282 4074 3387 4139 τὶς,
3412 4074 3487 4137 ὡς
3504 4068 3573 4143 ἦν
3601 4074 3660 4126 ὲν
3704 4072 3911 4124 σπάνει

2309 4173 2416 4227 τῶν
2438 4170 2693 4226 τοιούτων
2724 4171 2753 4223 ό
2777 4170 2886 4224 τῶν
2918 4169 3056 4224 ὅλων
3077 4168 3233 4234 Θεὸς,
3279 4165 3394 4220 ἀλλ’
3422 4164 3496 4227 ὼς
3525 4161 3711 4217 οὐκέτι
3770 4178 3914 4234 μετ-

2312 4265 2531 4335 έχοντες
2577 4262 2758 4318 αὐτῶν
2786 4261 2855 4315 τὰ
2884 4261 3066 4317 τοιάδε
3113 4261 3265 4330 φασί.
3302 4259 3457 4330 Ζήλῳ
3498 4257 3609 4328 γὰρ
3657 4255 3764 4321 ἀεὶ,
3811 4257 3913 4311 καὶ

2316 4354 2460 4427 ἰσχύϊ
2504 4356 2569 4425 τῇ
2617 4353 2918 4427 θεοπρεπεῖ
2945 4351 3229 4425 χρώμενος
3269 4351 3476 4405 σέσωκε
3516 4347 3608 4401 τὸν
3661 4345 3910 4419 Ἰσραήλ.

2308 4442 2437 4498 Οἷόν
2462 4445 2514 4497 τί
2544 4460 2708 4516 φημι,
2739 4442 3149 4498 δεδουλεύκασιν
3175 4438 3495 4510 Αἰγυπτίοις
3517 4439 3567 4491 οἱ
3620 4437 3716 4491 καὶ⁵
3765 4454 3915 4490 κατ-

2314 4534 2609 4600 ωδύνοντες
2637 4534 2817 4589 αὐτῶν
2855 4535 2954 4607 τὴν
2990 4533 3136 4605 ζωὴν
3163 4531 3260 4609 [ιιι.
3306 4528 3608 4586 κατὼδυνον
3628 4528 3726 4600 τὴν
3756 4525 3916 4598 ζωὴν

624 4617 852 4686 itaque:
885 4634 904 4668 ι
938 4614 1253 4672 ,λΕηιυΙειιυε
1302 4632 1421 4672 sum
1463 4615 1764 4674 Jerusalem
1807 4628 1863 4674 et
1911 4615 2042 4673 Sion
2080 4617 2202 4675 .zelo

2306 4625 2514 4699 αὐτῶν]
2576 4624 2752 4697 πηλῷ,
2789 4625 2883 4680 καὶ
2937 4624 3185 4697 πλινθείᾳ
3210 4662 3225 4688 ,
3275 4623 3369 4677 καὶ
3408 4624 3476 4693 τῇ
3518 4620 3627 4674 τῶν
3669 4620 3917 4691 ἑργοκη-

612 4722 844 4778 magno,
884 4717 939 4763 et
987 4707 1171 4763 furore
1221 4723 1418 4780 magno
1464 4709 1671 4765 irascor
1710 4710 1958 4781 gentibus
1987 4710 2207 4780 conspi-

612 4800 898 4857 rantibus.
968 4818 988 4852 ι
1025 4799 1131 4855 Pro
1185 4814 1251 4855 eo
1285 4800 1428 4870 quod
1459 4814 1561 4870 ego
1601 4815 1796 4870 parum
1846 4800 2019 4856 iratus
2061 4816 2204 4869 sum,

616 4888 1119 4962 illisconspirarunt
1152 4889 1313 4946 simul
1365 4889 1434 4944 ad
1483 4889 1624 4946 mala
1647 4889 1712 4944 ".
1767 4889 1975 4946 Deinde
2023 4907 2213 4949 rursus

619 4977 900 5033 mirabilia
941 4986 1201 5050 operatus
1243 4989 1349 5033 cst.
1395 4977 1818 5050 Babyloniorum
1848 4979 1994 5036 enim
2027 4982 2213 5053 regio-

626 5066 1231 5136 nem,'licet.invictam
1262 5076 1318 5124 et
1353 5066 1709 5137 insuperabili
1734 5069 1974 5139 potentia
2017 5070 2213 5140 praedi-

620 5148 761 5219 tam,
801 5149 1320 5211 vastitatitradidit.
1353 5155 1582 5211 immisit
1619 5156 1763 5210 enim
1803 5156 1858 5211 in
1884 5171 1978 5214 eos
2004 5157 2206 5229 Cyrum

627 5242 913 5317 Cambysis
945 5246 1136 5303 lilium.
1174 5249 1288 5304 Hac
1326 5249 1703 5305 misericordia
1737 5248 1844 5305 frui
1877 5250 2160 5320 cupientes
2190 5270 2206 5307 :

632 5356 652 5388 s
698 5337 797 5394 Uhi
852 5346 970 5405 est,
994 5357 1014 5392 ι
1047 5339 1351 5408 ἰηιιυίιιηι,‹
1380 5341 1530 5396 zelus
1571 5349 1798 5406 tuus,et
1852 5341 2004 5399 furor
2043 5344 2211 5402 tuus?

625 5428 731 5490 Ubi
779 5440 863 5489 est
907 5431 1196 5488 multitudo
1253 5434 1645 5490 misericordia:
1696 5443 1823 5501 tua},
1885 5445 1938 5491 et
1979 5437 2210 5493 misera-

627 5522 831 5580 tionum
901 5533 1150 5594 tuarum,
1194 5525 1321 5597 quia
1371 5525 1680 5582 sustinuisti
1734 5528 1878 5584 nos?
1930 5548 1948 5581 ι
2003 5530 2207 5588 Sitiunt

696 5700 747 5735 “
783 5700 925 5760 Psal.
972 5719 1179 5774 Lxxvn,
1214 5706 1301 5761 52.
1382 5709 1428 5740 "
1456 5706 1688 5766 Zachar.
1726 5726 1763 5777 ι,
1806 5709 1889 5763 Η.

2311 4717 2518 4772 δεστῶν
2542 4718 2790 4789 ὠμότητι
2820 4718 3275 4790 κατατρύχοντες,
3306 4714 3419 4769 ἀλλ’
3443 4713 3715 4783 ἐζήλωσεν
3737 4712 3769 4765 ὁ
3794 4710 3917 4763 τῶν

2313 4808 2452 4863 ὅλων
2476 4807 2628 4872 Θεός.
2669 4808 2813 4880 ’Ἔφη
2854 4808 2985 4877 γοῦν
3011 4823 3025 4838 ο
3057 4827 3075 4859 s
3106 4805 3387 4877 Ἑζήλωκα
3410 4802 3508 4874 τὴν
3549 4797 3920 4873 Ἰερουσαλὴμ

2314 4899 2410 4954 καὶ
2449 4898 2547 4970 τὴν
2595 4899 2734 4963 Σιὼν
2760 4899 2922 4971 ζῆλον
2959 4901 3154 4970 μέγαν,
3192 4897 3288 4951 καὶ
3316 4893 3473 4967 θυμῷ
3517 4891 3741 4966 μεγάλῳ
3790 4889 3919 4960 ἐγὼ

2324 4988 2621 5063 ὀργίζομαι
2647 4991 2741 5045 ἐπὶ
2768 4991 2948 5045 πάντα
2987 4990 3058 5057 τὰ
3105 4989 3233 5060 ἔθνη
3278 4988 3347 5041 τὰ
3392 4983 3911 5054 συνεπιτιθέμενα..

2326 5081 2466 5135 ’Δνθ’
2512 5076 2587 5136 ὧν
2615 5081 2727 5150 ἐγὼ
2758 5080 2859 5153 μὲν
2890 5078 3171 5151 ὠργίσθην
3226 5077 3404 5146 ὀλίγα,
3435 5077 3589 5131 αὐτοὶ
3620 5074 3677 5128 δὲ
3706 5090 3920 5128 συνεπ-

2312 5169 2496 5226 έθεντο
2525 5173 2606 5235 είς
2633 5169 2799 5225 κακά·
2829 5165 2947 5225 εἶτα
2982 5168 3144 5223 πάλιν
3171 5166 3458 5240 εἰργάζετο
3497 5169 3566 5218 τὰ
3599 5162 3919 5234 παράδοξα.

2313 5261 2508 5315 Καίτοι
2553 5262 2662 5333 γὰρ
2700 5260 3009 5333 ἄθραυστον
3039 5255 3205 5315 οὖσαν
3250 5258 3348 5330 τὴν
3379 5255 3759 5320 Βαϐυλωνίων,
3814 5253 3923 5307 καὶ

2318 5347 2637 5423 δυσαντήτῳ
2662 5350 2892 5422 δυνάμει
2910 5350 3219 5423 χρωμένην,
3243 5348 3473 5404 δέδωκεν
3498 5348 3577 5411 εἰς
3594 5344 3918 5416 ἐρήμωσιν.

2327 5440 2608 5514 Ἐπαφῆκε
2663 5443 2772 5516 γὰρ
2821 5445 3006 5507 αὐτοῖς
3062 5442 3154 5497 τὸν
3200 5439 3503 5512 Καμϐύσου
3546 5436 3748 5508 Κῦρον.
3791 5435 3924 5507 Τῆς

2312 5534 2568 5607 τοιαύτης
2621 5536 2838 5608 φειδοῦς
2893 5534 3201 5592 ἀπολαῦσαι
3270 5532 3580 5605 γλιχόμενοι
3632 5529 3764 5600 φασὶ
3813 5527 3922 5584 τό⁵

701 5876 780 5949 (ι)
825 5877 962 5934 LXX
1018 5854 1240 5950 addunt,
1277 5884 1412 5940 ἀλλὰ
1463 5887 1547 5951 σὺ,
1582 5887 1768 5957 Κύριε,
1809 5888 1996 5956 Πατὴρ
2020 5887 2178 5959 ἡμῶν

2306 5903 2381 5939 rat
2411 5887 2577 5957 ἡμᾶς.
