4140 6470
334 426 476 486 1393

328 639 396 693 τὺ
434 635 645 708 πλῆθος
691 633 787 690 τοῦ
830 633 1012 697 ἐλέους
1044 651 1160 698 σου,
1195 633 1290 687 καὶ
1323 632 1431 686 τῶν
1456 630 1761 705 οἰκτιρμῶν
1812 646 1931 696 σου,

328 733 417 786 ὅτι
449 730 682 801 ἀνέσχου
732 729 927 800 ήμῶνς
983 746 1002 780 ι
1054 727 1263 797 Διψῶσι
1305 727 1363 782 δὲ
1401 727 1567 782 πάλιν
1617 727 1708 780 τὸν
1760 725 1931 791 ἔλεον,

331 821 428 874 καὶ
472 819 574 891 τὴν
616 818 710 871 ἐπὶ
743 817 963 880 πολλοῖς
1019 816 1432 888 παραπτώμασι
1464 816 1712 871 δοθεῖσαν
1745 814 1932 878 αὐτοῖς

330 913 670 984 ἡμερότητα,
726 911 819 966 καὶ
853 909 1286 981 φιλανθρωπίαν.
1337 909 1626 980 Ἦνέσχετο
1673 909 1784 981 γὰρ
1831 907 1934 960 αὐ-

326 1005 459 1072 τῶν,
498 1005 594 1060 καὶ
620 1004 682 1058 οὐ
717 1001 971 1076 φορητῶς
995 1000 1107 1056 ἔσθ’
1139 1003 1229 1056 ὅτε
1257 1001 1712 1074 παροτρυνὸντων
1751 1003 1933 1059 αὐτῶν

324 1097 496 1150 αὐτὸν
542 1095 922 1166 κατελάλησαν
968 1095 1029 1148 ὲν
1075 1096 1143 1164 τῇ
1184 1094 1398 1165 ἐρήμῳ,
1435 1093 1527 1146 καὶ
1568 1093 1930 1166 ἐξεπείρασαν

325 1188 492 1243 αὑτὸν
514 1189 572 1242 ὲν
593 1190 715 1252 ταῖς
738 1187 989 1259 καρδίαις
1010 1185 1190 1242 αὐτῶν
1217 1185 1491 1254 λέγοντες,
1511 1186 1603 1258 Μὴ
1640 1185 1930 1259 δυνήσεται

323 1283 354 1334 6
387 1281 522 1345 Θεὸς
565 1281 856 1351 ἑτοιμάσαι
901 1279 1183 1352 τράπεζαν
1225 1281 1285 1334 ἐν
1330 1281 1542 1352 ἐρήμῳ,
1577 1280 1660 1334 ὅτι
1689 1281 1928 1350 ἐπάταξε

329 1373 565 1444 πέτραν,
616 1372 712 1426 καὶ
761 1370 1038 1442 ἐρρύησαν
1069 1370 1260 1436 ὕδατα,
1295 1371 1390 1424 καὶ
1439 1371 1734 1444 χείμαρροι
1793 1392 1928 1429 κατ-

321 1464 700 1535 εκλύσθησαν;
724 1463 818 1536 Μὴ
848 1465 943 1519 καὶ
965 1464 1131 1536 ἄρτον
1157 1464 1379 1519 δύναται
1403 1464 1627 1532 δοῦναι;
1656 1466 1767 1520 Καὶ
1790 1466 1927 1538 πρὸς

322 1555 538 1619 τούτοις
560 1554 642 1607 ἔτι
673 1571 741 1626 με
749 1555 1217 1626 μοσχοποιήκασιν
1246 1554 1479 1618 ἀπόντος
1501 1554 1768 1621 Μωσέως,
1788 1557 1926 1626 πλὴν

321 1648 584 1718 ὴλέηνται
643 1647 1095 1720 παρακαλοῦντος
1157 1649 1347 1704 αὑτοῦ.
1424 1650 1676 1722 Ἀνέσχου
1744 1651 1926 1706 τοίνυν

279 1740 514 1819 dgna»),
543 1743 698 1812 φασὶ,
765 1739 943 1796 καίτοι
996 1741 1320 1806 πλειστάκις
1376 1746 1922 1814 προσκεκρουκότων.

325 1856 343 1884 ι
386 1836 458 1889 Σὺ
492 1835 602 1906 γὰρ
640 1829 692 1888 εἶ
731 1835 924 1909 Πατὴρ
968 1835 1148 1908 ήμῶν,
1202 1837 1283 1890 ὃτι
1342 1837 1597 1910 Ἀϐραὰμ
1630 1839 1732 1893 οὐκ
1783 1839 1929 1909 ἔγνω

1480 417 1546 474 ΙΝ
1588 417 1822 476 lSAlAM
1863 413 1993 472 LIB.
2035 416 2098 473 ν.
2140 412 2378 475 TOMUS
2419 414 2481 473 V.

227 609 232 613 η
337 567 359 600 ι
409 544 515 600 Ποῦ
555 542 672 597 ἐστι
701 543 731 596 6
759 540 923 612 ζῆλός
958 557 1076 606 σου,
1113 540 1205 594 καὶ
1231 541 1259 593 6
1293 539 1464 611 θυμός
1495 555 1624 606 σονς
1665 538 1776 592 Ποῦ
1812 536 1923 590 ἔστι

2033 537 2213 592 denuo
2247 536 2704 605 misericordiam,
2745 545 2800 592 et
2855 537 2908 591 in
2959 536 3144 594 multis
3176 537 3391 597 delictis
3417 543 3634 600 exhibi-

3463 391 3470 402 ’
3497 422 3631 480 nos

2039 637 2148 683 tam
2206 629 2309 684 sibi
2363 629 2712 685 clementiam
2765 635 2821 684 et
2876 628 3297 684 humanitatem.
3359 631 3633 688 Sustinuit

2035 717 2180 772 enim
2209 731 2303 774 eos
2328 736 2341 774 :
2368 719 2531 774 etiam
2556 734 2679 774 cum
2710 734 3101 791 nonnunquam
3135 719 3314 790 ipsum
3346 721 3631 780 irritarent

2035 808 2468 868 intolerabiliter.
2503 811 2751 867 Oblocuti
2795 820 2919 866 sunt
2953 811 3006 866 in
3042 811 3354 880 solitudine,
3415 825 3470 870 et
3510 824 3630 871 ten-

2036 907 2222 955 tarunt
2266 901 2444 972 ipsum
2489 902 2544 958 in
2579 903 2835 958 cordibus
2865 903 3002 970 suis,
3033 903 3280 963 dicentes
3311 924 3326 960 :
3356 905 3494 960 Num
3531 923 3629 978 po-

2035 990 2166 1045 terit
2194 990 2338 1048 Deus
2377 1007 2572 1063 parare
2600 1008 2845 1049 mensam
2889 993 2944 1048 in
2977 993 3308 1054 solitudine?
3341 999 3468 1067 quia
3503 1016 3630 1069 per-

2033 1084 2208 1140 cussit
2265 1093 2512 1154 petram,
2561 1095 2616 1141 et
2670 1084 2945 1142 ﬂuxerunt
3001 1103 3196 1159 aqua,
3246 1102 3302 1146 et
3353 1102 3626 1150 torrentes

2033 1179 2454 1236 inundaverunt.
2472 1179 2614 1236 Num
2631 1189 2682 1236 et
2703 1196 2896 1252 panem
2921 1185 3123 1254 poterit
3143 1185 3308 1241 dare?
3328 1185 3618 1250 Praeterea.

2032 1270 2218 1343 Moyse
2237 1273 2482 1341 absente,
2505 1273 2740 1328 vitulum
2771 1273 3195 1342 fabricaveram,
3223 1289 3620 1346 verumtamen,

2030 1378 2096 1419 eo
2127 1373 2372 1436 rogante,
2410 1364 2850 1420 misericordiam
2889 1368 3170 1423 consecuti
3212 1379 3363 1424 Sllltl.
3400 1371 3626 1429 Sustine

2031 1455 2199 1524 igitur
2224 1455 2638 1526 nos,inqninnt,
2669 1457 2882 1513 etiamsi
2909 1459 3189 1516 multoties
3214 1459 3621 1520 olIenderimus.

2033 1566 2054 1599 ι
2095 1545 2177 1602 'l'n
2226 1547 2371 1602 enim
2413 1561 2472 1603 es
2502 1546 2668 1603 Pater
2715 1558 2924 1618 noster,
2977 1551 3104 1620 quia
3151 1552 3431 1608 Abraham
3480 1554 3624 1611 haud

2029 1639 2182 1693 novit
2215 1653 2336 1704 nos,
2371 1648 2428 1694 et
2457 1637 2624 1695 Israel
2652 1653 2760 1695 non
2790 1641 3042 1711 cognovit
3065 1657 3186 1698 nos.
3224 1663 3243 1696 ι
3272 1642 3390 1700 Non
3423 1655 3626 1717 negant

2028 1737 2232 1799 patres.
2269 1728 2468 1784 Parnm
2504 1746 2740 1801 namque
2781 1734 2996 1801 proﬁcit
3033 1735 3144 1790 hoc
3181 1738 3248 1791 ad
3297 1736 3624 1807 resipiscen-

2030 1821 2161 1876 tiam
2191 1839 2205 1877 :
2240 1837 2346 1877 non
2386 1823 2531 1878 enim
2566 1824 2726 1895 ejecti
2768 1834 2895 1879 sunt
2926 1836 3146 1896 propter
3194 1829 3343 1894 illos,
3380 1831 3473 1885 sed
3518 1833 3620 1885 tri-

317 1900 624 1998 ήμᾶςξκαὶ
661 1900 1242 2000 Ἰσραὴλ”οὐκ.ὲπέγνω
1277 1900 1456 2000 ἡμᾶς..
1489 1950 1507 1982 ι
1553 1900 1668 1985 ὸύκ
1697 1900 1923 2005 ἀρνοῦν-

2030 1912 2206 1969 buunt
2233 1914 2418 1985 potius
2454 1915 2567 1971 Deo
2599 1921 2804 1972 amanti
2838 1917 3126 1987 bonorum,
3156 1921 3301 1992 quod
3335 1922 3538 1990 pietate
3563 1931 3620 1977 et

315 2037 410 2072 ται
439 2020 565 2082 τοὺς
595 2021 860 2091 πατέρας.
896 2022 1216 2085 Ἀσυντελὲς
1245 2023 1354 2094 γὰρ
1383 2022 1545 2077 τοῦτο
1571 2025 1758 2090 αὐτοῖς
1789 2025 1927 2098 πρὸς

319 2109 691 2178 μετάγνωσιν.
725 2110 800 2163 Οὺ
842 2110 950 2182 γὰρ
979 2110 1348 2181 ἐκϐέϐληνται
1378 2113 1446 2167 δι’
1478 2115 1697 2182 αὐτοὺς,
1731 2117 1925 2170 ἀπονέ-

318 2216 487 2267 μουσι
522 2199 578 2252 δὲ
613 2199 814 2270 μᾶλλον
840 2199 920 2270 τῷ
969 2200 1257 2272 φιλαγάθῳ
1303 2202 1424 2274 Θεῷ
1465 2206 1528 2257 τὸ
1579 2205 1924 2262 πλεονεκτεῖν

315 2289 401 2350 εἰς
440 2287 848 2360 φιλοστοργίαν,
895 2290 990 2343 καὶ
1037 2289 1163 2354 τοὺς
1217 2291 1360 2345 κατὰ
1407 2293 1588 2364 σάρκα
1635 2295 1920 2367 πατέρας·

323 2379 521 2452 Πατὴρ
580 2381 691 2452 γάρ
745 2385 862 2434 ἐστι
916 2383 1171 2454 πατέρων
1209 2383 1308 2455 (1).
1357 2385 1669 2457 Γεγόναμεν
1713 2388 1823 2462 γὰρ
1863 2390 1925 2455 ἐξ

315 2473 522 2540 αὐτῶν,
573 2477 732 2546 φασὶ,
757 2477 898 2548 πλὴν
941 2479 1003 2532 οὐ
1055 2479 1344 2533 τεθέανται
1392 2481 1559 2550 ἡμᾶς.
1595 2481 1667 2534 Σύ
1708 2499 1773 2550 γε
1815 2482 1922 2555 μὴν

312 2569 378 2619 οὐ
411 2567 761 2634 διαλέλοιπας
798 2572 896 2640 τὴν
944 2572 1121 2642 Πατρὶ
1163 2571 1242 2642 τῷ
1273 2571 1547 2642 φιλόπαιδι
1603 2574 1923 2645 πρέπουσαν

314 2660 398 2721 είς
431 2659 581 2728 ἡμᾶς
606 2660 930 2726 ἀποσώζων,
966 2664 1062 2716 καὶ
1096 2663 1286 2732 φειδῶ,
1321 2664 1414 2717 καὶ
1440 2664 1682 2736 ἀγάπην.
1731 2664 1922 2720 Ῥῦσαι

313 2750 503 2804 τοίνυν
538 2753 720 2823 ἡμᾶς·
758 2753 1034 2826 ἐπεκλήθη
1081 2755 1188 2827 γὰρ
1224 2757 1355 2827 ήμῖν
1394 2756 1456 2810 τὸ
1489 2756 1660 2826 ὄνομα
1693 2758 1755 2812 τὸ
1788 2759 1878 2812 σόν
1905 2776 1919 2790 ·

314 2845 523 2916 κλῆρος
561 2846 671 2918 γάρ
718 2865 842 2913 σου,
890 2851 986 2902 καὶ
1034 2849 1161 2913 λαὸς
1208 2853 1644 2924 χρηματίζομεν.
1697 2853 1919 2924 Ἐπειδὴ

311 2937 369 2990 δὲ
407 2937 498 2991 διά
534 2938 737 3010 πολλὴν
765 2939 1071 3006 ἀπείθειαν,
1108 2941 1203 2994 καὶ
1247 2943 1544 3013 σκαιότητα
1573 2944 1790 3015 τρόπων
1819 2949 1920 3017 έμ-

314 3029 741 3098 παροινίσαντες
785 3030 864 3102 τῷ
925 3032 1147 3105 Χριστῷ
1196 3032 1590 3088 ἐκπεπτώκασι
1637 3035 1740 3106 τῆς
1784 3037 1922 3106 πρὸς

313 3119 485 3174 αὑτὸν
513 3121 868 3192 οἰκειότητος,
902 3127 1281 3197 πνευματικῆς
1299 3125 1562 3197 δηλονότι,
1601 3127 1696 3180 καὶ
1725 3127 1925 3198 ἀμέτο-

311 3231 405 3284 χοι
445 3215 703 3283 γεγόνασι
751 3215 862 3270 τῶν
912 3219 1043 3290 παρ’
1077 3219 1242 3273 αὑτοῦ
1269 3221 1646 3290 χαρισμάτων,
1680 3222 1775 3275 καὶ
1822 3223 1924 3292 τῆς
1950 3255 1993 3313 c

310 3305 686 3376 εὐαγγελικῆς
719 3308 997 3373 πολιτείας
1026 3311 1128 3364 οὐκ
1178 3311 1423 3379 ἔγνωσαν
1454 3312 1556 3383 τήν
1590 3314 1730 3367 όδόψ
1779 3315 1916 3369 ταύ-

309 3414 494 3468 τῃτοι,
517 3398 612 3452 καὶ
663 3399 807 3468 μάλα
831 3401 1086 3463 εἰκότως,
1123 3399 1452 3472 θρηνοῦντες
1497 3406 1681 3470 φασίνο
1714 3406 1832 3459 Ἵνα
1864 3406 1918 3459 τί

309 3490 634 3564 ὲπλάνησας
664 3491 773 3547 ἀπὸ
806 3494 906 3564 τῆς
943 3491 1064 3546 ὁδοῦ
1097 3511 1213 3560 σου,
1245 3493 1587 3567 ὲσκλήρυνας
1633 3497 1664 3566 ή
1676 3496 1792 3568 μῶν
1819 3498 1919 3570 τὴν

308 3586 574 3658 καρδίαν,
601 3583 698 3638 τοῦ
741 3584 816 3657 μὴ
843 3583 1125 3654 φοϐεῖσθαί
1161 3602 1220 3637 σε
1241 3603 1256 3651 ;
1276 3586 1646 3658 Ἑσκλήρυναν
1683 3589 1782 3659 μὲν
1810 3589 1922 3664 γὰρ

309 3677 475 3732 αὐτοὶ
522 3676 624 3740 τάς
668 3675 883 3730 ἑαυτῶν
935 3673 1184 3745 καρδίας.
1225 3676 1458 3756 Εἴρηται
1489 3677 1620 3746 γοῦν
1655 3679 1792 3750 πρὸς
1820 3680 1919 3733 αὺ-

306 3771 443 3834 τοῦς
467 3769 557 3824 διὰ
584 3767 684 3836 τῆς
713 3766 808 3820 τοῦ
850 3767 1131 3838 προφήτου
1167 3767 1374 3837 φωνῆς·
1411 3786 1430 3819 ι
1455 3769 1798 3840 Διαρρήξατε
1819 3770 1918 3835 τὰς

310 3861 547 3932 καρδίας
563 3855 738 3928 ὑμῶν,
761 3856 856 3910 καὶ
875 3855 951 3929 μὴ
979 3856 1048 3910 τὰ
1084 3856 1280 3928 ἱμάτια
1297 3857 1475 3928 ὑμῶν.
1507 3877 1525 3911 ι
1564 3859 1711 3930 Πλὴν
1743 3878 1918 3914 κατα-

308 3951 594 4023 μαλθάξαι
639 3949 942 4019 δυνάμενος
985 3948 1014 4002 6
1047 3949 1157 4004 τῶν
1193 3950 1332 4005 ὅλων
1381 3950 1536 4017 Θεὸς,
1589 3952 1776 4024 ἀπηνῆ
1826 3955 1922 4008 καὶ

305 4045 622 4116 ἄθραυστον
683 4042 830 4113 ἔχειν
893 4041 1090 4106 αὐτοὺς
1145 4041 1543 4113 συγκεχώρηκε
1601 4043 1748 4097 νοῦν.
1807 4046 1918 4098 Καὶ

305 4137 522 4209 ταύτης
553 4137 716 4190 ἕνεκα
747 4134 849 4204 τῆς
882 4133 1082 4200 αἰτίας,
1113 4135 1196 4186 ὅτι
1224 4133 1300 4204 μὴ
1331 4133 1614 4204 τρυφεράς
1637 4135 1918 4206 ἀπέφηνεν

2028 2007 2367 2078 indulgentia
2457 2009 2625 2065 etiam
2681 2009 2930 2066 carnales
2987 2021 3173 2080 patres
3230 2023 3468 2082 superet.
3525 2013 3622 2070 Est

2027 2103 2173 2158 enim
2209 2100 2373 2158 Pater
2399 2111 2639 2172 patrum.
2693 2101 2814 2158 Nati
2845 2105 3059 2174 quidem
3101 2121 3310 2172 sumus,
3345 2107 3622 2178 inquiunt,

2026 2209 2094 2250 ex
2124 2193 2232 2250 illis
2257 2200 2362 2250 :at
2401 2209 2509 2248 non
2541 2195 2794 2250 viderunt
2824 2211 2943 2252 nos.
2974 2195 3054 2252 Tu
3089 2205 3270 2253 autem
3308 2214 3414 2254 non
3447 2193 3620 2257 inter-

2025 2285 2225 2341 misisti
2266 2286 2700 2342 misericordiam
2741 2298 2796 2344 et
2829 2305 3070 2345 amorem
3125 2292 3176 2346 in
3220 2306 3319 2347 nos
3366 2301 3534 2364 patre.
3565 2300 3622 2348 et

2026 2377 2324 2434 liberorum
2355 2388 2576 2434 amante
2599 2378 2825 2450 dignum
2856 2381 3110 2437 retinere.
3139 2383 3278 2437 Erue
3305 2385 3467 2454 igitur
3498 2401 3620 2452 nos,

2025 2468 2260 2524 Nomine
2286 2469 2432 2524 enim
2473 2479 2566 2524 tuo
2596 2471 2773 2524 vocati
2815 2487 3030 2538 sumus,
3059 2487 3124 2528 ac
3163 2489 3284 2529 sors
3318 2483 3406 2528 tua
3435 2485 3490 2530 et
3525 2491 3623 2545 po-

2026 2561 2182 2634 pulus
2215 2571 2341 2618 tuus
2374 2578 2778 2633 nuncupamur.
2811 2563 2884 2619 At
2921 2565 3180 2634 quoniam
3213 2575 3436 2636 propter
3479 2567 3621 2620 mul-

2028 2666 2139 2712 tam
2161 2655 2586 2711 inobedientiam
2605 2667 2660 2712 et
2680 2657 2960 2714 sinistram
2985 2659 3247 2714 malitiam
3272 2659 3323 2712 in
3338 2657 3617 2713 Christum

2023 2748 2277 2805 bacchati
2318 2758 2482 2817 sunt,
2524 2751 2849 2808 exciderunt
2897 2753 3279 2824 conjunctione
3319 2768 3440 2824 quae
3493 2768 3616 2808 cum

2025 2843 2140 2912 ipso
2173 2851 2280 2906 est,
2311 2842 2585 2912 spirituali
2631 2843 2906 2912 videlicet,
2947 2855 3002 2900 et
3039 2845 3157 2916 ejus
3204 2846 3472 2902 donorum
3521 2860 3620 2900 ex-

2025 2944 2204 3006 pertes
2238 2935 2480 3005 fuerunt,
2521 2938 2780 3008 viamque
2813 2939 3144 3008 evangelicae
3178 2939 3617 2995 conversationis

2025 3029 2169 3083 haud
2216 3039 2504 3085 noverunt.
2555 3029 2694 3086 Hinc
2731 3031 3087 3087 meritissimo
3137 3030 3328 3087 ﬂentes
3371 3031 3559 3086 dicunt
3596 3050 3611 3086 :

2025 3119 2207 3188 Quare
2237 3120 2505 3178 seduxiin
2543 3137 2666 3189 nos,
2692 3122 2940 3190 Domine,
2975 3139 3004 3178 ιι
3039 3124 3123 3178 via
3167 3122 3292 3178 tua?
3333 3122 3620 3178 obdurasti

2027 3213 2193 3269 corda
2241 3222 2447 3279 nostra,
2484 3230 2554 3270 ne
2598 3216 2918 3272 timeremus
2965 3217 3054 3273 te?
3081 3215 3436 3273 Obdurarnnt
3473 3215 3618 3271 enim

2025 3322 2124 3360 sua
2173 3307 2413 3374 ipsorum
2462 3307 2632 3379 885
2678 3310 2862 3365 corda.
2911 3307 3098 3376 Itaque
3127 3311 3334 3365 dictum
3378 3319 3463 3364 est
3508 3309 3621 3366 illis

2026 3413 2162 3453 voce
2203 3399 2483 3468 propheta:
2512 3417 2527 3453 :
2565 3418 2583 3451 ι
2625 3401 2954 3471 Disrumpitc
2995 3402 3161 3457 corda
3191 3410 3394 3468 vestra,
3423 3410 3479 3458 et
3508 3416 3617 3457 non

2027 3491 2353 3546 vestimenta
2387 3501 2570 3548 vestra
2588 3493 2657 3545 '7.
2695 3511 2714 3545 ι
2751 3491 2950 3548 Verum
2981 3508 3105 3548 cum
3135 3493 3384 3549 emollire
3412 3495 3620 3562 potuis-

2023 3591 2110 3637 set
2159 3583 2534 3638 universorum
2579 3583 2757 3649 Deus,
2800 3584 3050 3655 permisit
3102 3585 3213 3641 illis
3262 3594 3322 3640 ut
3371 3595 3610 3641 mentem

2023 3675 2364 3743 prmia-actam
2390 3675 2657 3732 haberent
2698 3686 2752 3735 et
2774 3685 3180 3734 contumacem.
3199 3678 3316 3733 Hac
3338 3679 3404 3734 de
3427 3693 3616 3746 causa,

2026 3767 2155 3837 quia
2189 3776 2376 3824 tenera
2412 3778 2468 3825 et
2498 3770 2680 3826 mollia
2716 3771 2834 3841 ipsa
2865 3785 2973 3826 non
3006 3771 3264 3837 reddidit,
3297 3771 3414 3841 ipse
3445 3771 3620 3826 obdu-

2027 3874 2153 3916 rare
2179 3861 2403 3918 dicitur.
2438 3862 2649 3930 Quibus
2684 3873 2864 3920 antem
2897 3864 2999 3921 hoc
3039 3865 3261 3931 accidit,
3285 3865 3371 3920 his
3397 3863 3620 3920 omnino

2024 3969 2249 4011 necesse
2277 3965 2362 4012 est
2401 3956 2545 4010 aliud
2582 3955 2863 4023 obvenire,
2902 3967 2988 4020 ut,
3037 3957 3296 4027 inquam,
3328 3957 3424 4012 Dei
3470 3965 3618 4011 metu

2024 4056 2266 4102 careant.
2305 4047 2531 4114 Spectat
2578 4061 2796 4117 quoque
2848 4049 2950 4103 hoc
2991 4049 3059 4103 ad
3112 4049 3416 4115 interitum,
3462 4058 3518 4103 et
3564 4048 3616 4102 in

2024 4135 2353 4204 profundum
2387 4136 2586 4191 inferni
2618 4137 2834 4192 animas
2864 4140 3137 4194 deturbat.

307 4231 506 4296 αὐτὰς,
537 4229 700 4293 αὐτὸς
745 4225 1048 4298 σκληρῦναι
1092 4226 1332 4297 λέγεται,
1382 4231 1495 4292 τοῖς
1545 4228 1603 4281 δὲ
1649 4229 1808 4283 τοῦτο
1875 4231 2170 4286 πεπονθόσι
2210 4231 2364 4286 πᾶσά
2409 4248 2526 4295 πως
2568 4229 2787 4302 ἀνάγκη
2856 4233 3046 4288 καὶτὸ
3100 4233 3289 4305 ἕτερον
3334 4231 3612 4294 ἐπελθεῖν,

309 4323 462 4396 φημὶ
485 4322 550 4394 δὴ
582 4322 645 4376 τὸ
675 4319 780 4387 ἔξω
807 4319 904 4375 τοῦ
934 4318 1080 4374 θείου
1103 4319 1360 4391 γενέσθαι
1430 4321 1618 4392 φόϐου.
1655 4322 1848 4376 Βλέπει
1887 4324 1944 4378 δὲ
2012 4322 2174 4379 τοῦτο
2204 4323 2342 4397 πρὸς
2381 4323 2624 4394 ὄλεθρον,
2670 4325 2768 4378 καὶ
2801 4327 2882 4394 εἰς
2915 4325 3188 4400 πέταυρον
3218 4325 3346 4398 ᾅδου
3379 4341 3616 4379 κατακο-

311 4418 468 4491 μίζει
503 4417 699 4488 ψυχάς.

401 4509 806 4579 Ἐπίστροφον
849 4509 948 4565 διὰ
994 4509 1136 4577 τοὺς
1181 4509 1445 4578 δούλους
1489 4525 1627 4578 σου,
1662 4512 1763 4568 διὰ
1811 4513 1916 4580 τὰς

2095 4504 2260 4561 Vsus.
2318 4505 2408 4569 18,
2453 4503 2540 4561 19.
2605 4505 2919 4561 Convertere
2975 4513 3188 4573 propter
3246 4523 3422 4564 servos
3469 4519 3612 4578 tuos,

307 4602 519 4675 φυλὰς
550 4601 661 4671 τῆς
694 4603 1102 4672 κληρονομίας
1134 4618 1274 4667 σου,
1303 4604 1404 4658 ἵνα
1431 4607 1652 4674 μικρόν
1681 4623 1736 4660 τι
1770 4610 1912 4675 κλη-

301 4694 749 4766 ρονομήσωμεν
781 4695 889 4749 τοῦ
931 4694 1113 4762 ὅρους
1151 4695 1256 4751 τοῦ
1289 4696 1466 4764 ἁγίου
1498 4713 1642 4754 σου.
1681 4698 1912 4768 Ἓγενό-

305 4789 466 4858 μεθα
492 4787 574 4854 ὠς
594 4788 658 4842 τὸ
693 4787 794 4841 ἀπ’
816 4784 1031 4855 ἀρχῆς.
1062 4786 1162 4841 ὅτε
1189 4789 1302 4840 οὐκ
1329 4783 1520 4857 ἦρξας
1553 4789 1741 4859 ήμῶν,
1768 4789 1912 4844 οὐδὲ

310 4878 626 4948 ἐπεκλήθη
670 4878 736 4932 τὸ
768 4877 961 4948 ὄνομὰ
993 4891 1110 4932 σου
1146 4878 1239 4948 ἐφ’
1269 4879 1445 4948 ἡμὰς.

387 4971 611 5026 Λίτοῦσι
647 4972 810 5026 πάλιν
859 4973 960 5044 τὴν
1001 4972 1138 5044 πρὸς
1168 4973 1365 5036 αὐτοὺς
1415 4973 1774 5044 ἐπιστροφὴν,
1813 4974 1910 5045 τὴν

316 5064 410 5118 διά
439 5079 504 5133 γε
534 5063 677 5134 φημὶ
696 5064 1063 5135 γαληνότητα,
1085 5065 1181 5140 καὶ
1209 5063 1643 5135 φιλανθρωπίαν.
1679 5065 1912 5131 Δούλους

323 5155 381 5210 δὲ
427 5158 522 5210 καὶ
553 5155 752 5225 κλῆρον
800 5151 939 5208 εἶναι
973 5156 1164 5225 φασίν⁶
1207 5157 1306 5227 οὐχ
1345 5157 1421 5220 ὡς
1469 5157 1812 5229 πεπραχότες
1860 5176 1914 5213 τι

317 5248 709 5320 δουλοπρεπὲς,
743 5247 914 5316 ῆγουν
955 5251 1074 5310 ταῖς
1103 5248 1269 5302 αὑτοῦ
1301 5249 1556 5318 ζεύγλαις
1587 5250 1915 5321 ὑποσχόντες

317 5340 411 5394 τὸ)
443 5341 670 5410 αὐχένα,
717 5338 831 5392 ἀλλ’
873 5337 994 5391 οὐδὲ
1023 5338 1100 5402 ὡς
1143 5339 1424 5406 τελοῦντες
1460 5343 1540 5405 εἰς
1576 5341 1776 5414 κλῆρον
1821 5342 1913 5394 τὸν

321 5431 696 5503 ὲκνεμηθέντα
726 5430 874 5501 αὑτῴ
901 5429 1298 5502 μελετήσαντες
1327 5433 1388 5486 τὸ
1417 5433 1650 5504 εὐήνιον.
1695 5434 1913 5506 Ἐπειδὴ

319 5523 379 5577 δὲ
405 5523 556 5592 ἅπαξ
587 5524 1061 5596 κεχρηματίκασιν
1095 5522 1281 5593 αὑτοῦ,
1319 5527 1411 5581 καὶ
1446 5526 1546 5598 τὴν
1582 5525 1718 5597 πρὸς
1749 5526 1915 5580 αὑτὸν

395 5701 441 5734 ³⁷
474 5700 610 5759 Joel.
637 5719 698 5769 ιι,
735 5702 822 5758 l3.

398 5883 476 5956 (l)
508 5884 594 5942 Δί.
635 5885 981 5959 πνευμάτων.

2016 4607 2230 4668 propter
2257 4598 2427 4652 tribus
2456 4599 2782 4654 Itazreditatis
2812 4607 2936 4666 tum,
2967 4609 3025 4653 ut
3048 4598 3316 4655 modicum
3341 4604 3614 4667 possidea-

2017 4706 2134 4744 mus
2160 4692 2350 4744 montis
2377 4692 2547 4744 sancti
2570 4690 2671 4744 tui.
2695 4687 2852 4744 Facti
2883 4707 3066 4745 sumus
3097 4691 3232 4745 sicut
3270 4709 3302 4745 a
3328 4695 3611 4764 principio.

2018 4784 2234 4853 quando
2265 4798 2370 4837 non
2398 4782 2751 4838 dominareris
2781 4784 2973 4850 nostri,
3008 4800 3172 4854 neque
3201 4785 3504 4841 invocatum
3535 4799 3611 4842 est

2022 4891 2209 4929 nomen
2244 4884 2393 4929 tuum
2422 4891 2579 4944 super
2611 4892 2728 4929 nos.

2093 4969 2292 5024 lterum
2328 4977 2519 5037 petunt
2550 4977 2607 5022 ut
2642 4969 2832 5024 redeat
2871 4969 2938 5023 ad
2982 4984 3064 5033 se,
3099 4983 3196 5038 per
3234 4970 3609 5034 serenitatem,
3687 5039 3700 5051 .

2017 5062 2268 5132 inquam,
2304 5066 2360 5114 et
2403 5059 2823 5116 humanitatem.
2883 5063 3086 5116 Servos
3128 5069 3184 5115 et
3232 5061 3609 5118 ba'reditatem

2018 5169 2142 5210 csse
2176 5151 2365 5208 dicunt
2392 5168 2471 5219 se,
2498 5168 2604 5206 non
2629 5154 2785 5222 quasi
2821 5151 3030 5222 aliquid
3062 5152 3206 5222 quod
3231 5168 3423 5211 servos
3452 5155 3609 5212 decet

2018 5247 2255 5317 egerint,
2297 5254 2392 5300 aut
2424 5245 2694 5299 cervicem
2730 5245 2850 5315 ejus
2891 5244 3022 5315 jugo
3069 5254 3472 5316 supponerent,
3507 5263 3611 5303 nec
3660 5231 3663 5236 ’

2026 5339 2170 5409 quod
2205 5338 2524 5394 haereditate
2555 5337 2644 5392 illa
2675 5337 2828 5406 potiti
2861 5345 3191 5407 prastarent
3218 5338 3610 5403 obedientiam,

2023 5432 2118 5497 sed
2157 5432 2283 5503 quia
2326 5432 2493 5488 semel
2527 5430 2643 5501 ejus
2693 5432 2824 5488 dicti
2867 5439 3026 5498 sunt,
3065 5440 3121 5486 et
3169 5431 3610 5502 coniunctionem

2023 5545 2144 5582 cum
2187 5528 2305 5598 ipso
2335 5527 2401 5585 ab
2431 5528 2586 5586 initio
2621 5529 2979 5598 intimamquc
3008 5524 3470 5585 necessitudinem
3512 5523 3604 5579 ha-
