4140 6464
580 359 720 419 I395

1569 356 1630 409 S.
1669 353 1945 411 CYRILLI
1984 356 2458 415 ALEXANDRINI
2499 355 2817 416 ARCHIEP.

3702 364 3838 423 i396

577 475 833 539 buerunt,
862 481 1082 544 propter
1108 474 1208 526 hoc
1247 482 1300 525 et
1338 472 1555 539 quidem
1600 472 1771 526 solum
1821 475 2029 528 servari
2062 490 2148 545 pe-

2256 477 2561 543 οίκειότητα
2606 479 3047 548 πεπλουτήκασιν
3079 480 3137 533 ἐν
3168 480 3384 552 ἀρχαῖς,
3416 479 3503 533 διὰ
3545 480 3703 535 τοῦτο
3750 481 3843 534 καὶ

581 574 776 621 ιιιηι..‹
814 562 1112 620 Revertere
1144 567 1311 626 enim,
1349 563 1542 630 inquit,
1579 572 1635 615 ut
1676 564 1943 621 modicum
1979 567 2154 636 possi-

577 656 807 712 deamus
875 654 1075 709 montis
1125 654 1301 709 Sancti
1358 655 1456 708 tui.
1510 672 1527 705 ι
1590 654 1823 710 Montem
1877 667 2151 721 sanctum,

577 747 877 804 Ecclesiam
906 747 1095 801 dicunt
1122 759 1493 813 saepenumero
1523 760 1692 800 sacra:
1719 744 1934 800 Littera:
1960 764 1974 800 :
2002 746 2153 815 cujus

580 839 773 907 exigua
796 838 1041 908 quaedam
1066 837 1240 906 portio
1263 838 1590 893 exstiterunt
1616 836 1891 892 lsraelitaé.
1920 837 1975 892 Si
2006 839 2152 893 enim

587 930 931 986 admisissent
978 929 1139 984 iidem
1184 944 1305 999 qua:
1343 939 1426 985 est
1471 930 1523 983 in
1573 929 1856 984 Dominum
1909 939 2151 984 nostrum

521 1036 528 1043 '
601 1023 760 1080 'esum
799 1022 1097 1089 Christum,
1138 1019 1395 1075 Ecclesia}
1438 1029 1613 1076 cintus
1660 1037 1851 1091 magna
1899 1035 1963 1075 ex
2001 1030 2153 1088 parte

574 1132 644 1171 es
682 1113 787 1170 illis
825 1122 1047 1170 coactus
1087 1114 1279 1170 luisset
1307 1133 1320 1168 :
1352 1115 1603 1185 adjuncta
1656 1114 1786 1183 ipsis
1822 1114 1987 1169 etiam
2020 1128 2150 1182 gen-

577 1208 712 1261 tium
749 1205 1113 1262 multitudine.
1169 1204 1275 1261 Sed
1314 1205 1569 1277 quoniam
1617 1214 1836 1276 propter
1885 1205 2148 1274 insignem

576 1296 1001 1352 inobedientiam
1043 1299 1375 1366 posteriores
1414 1297 1661 1369 gentibus
1715 1295 1841 1352 l'acti
1890 1305 2049 1362 sunt,
2096 1304 2152 1351 et

577 1383 791 1438 illarum
827 1386 981 1438 turba
1019 1393 1100 1440 est
1148 1386 1510 1444 numerosior.
1550 1385 1603 1440 hi
1644 1393 1822 1439 autem
1861 1385 2018 1455 pauci
2050 1387 2145 1439 ad-

574 1475 794 1529 modum
817 1491 831 1528 :
851 1476 1102 1543 (servata:
1124 1486 1250 1529 sum
1281 1477 1422 1530 enim
1454 1474 1693 1544 reliquia:
1718 1492 1732 1527 :
1758 1475 1825 1546 ’⁸)
1862 1486 2148 1546 propterea

573 1568 823 1637 exiguam
855 1567 1157 1636 portionem
1198 1567 1249 1619 in
1286 1576 1468 1622 monte
1497 1576 1705 1631 saneto,
1741 1566 1794 1621 id
1819 1576 1922 1633 est,
1957 1567 2010 1622 in
2043 1567 2147 1623 Ec-

572 1657 760 1723 clesia,
798 1657 1181 1727 possederunt.
1211 1654 1268 1711 Si
1301 1656 1424 1725 quis
1451 1666 1632 1711 autem
1666 1657 1809 1712 dicat
1836 1672 2145 1727 supremam

571 1744 875 1809 civitatem,
907 1745 1187 1800 caelestem
1226 1744 1547 1813 Ecclesiam,
1579 1755 1891 1801 sanctorum
1916 1757 2145 1803 matrem

2265 567 2427 638 μόνον
2461 566 2739 631 αἰτοῦντες
2760 567 2822 621 τὸ
2849 567 3117 633 σώζεσθαι
3140 586 3152 598 ο
3193 588 3211 619 ι
3268 568 3626 640 Ἐπίστρεψον
3654 569 3782 640 γάρ,
3818 590 3837 622 ι

2261 658 2449 729 φησὶν,
2488 679 2505 710 ⁸
2545 659 2635 713 ἵνα
2661 660 2857 731 μικρόν
2908 677 2958 715 τι
3002 659 3499 732 κληρονομήσωμεν
3540 661 3635 716 τοῦ
3684 663 3841 733 δρους

2258 747 2353 801 τοῦ
2385 748 2562 817 ἁγίου.
2602 768 2621 801 ι
2662 750 2827 820 Ὄρος
2875 750 2973 819 μὲν
3009 745 3103 803 οῦν
3153 751 3309 819 ἅγιον
3356 750 3455 822 τὴν
3513 752 3841 822 Ἐκκλησίαν

2258 838 2584 910 πλεισταχοῦ
2628 858 2762 912 φησι
2795 841 2857 893 τὸ
2892 842 3131 912 Γράμμα
3174 842 3235 895 τὸ
3272 841 3435 914 ἱερὸν,
3478 832 3545 911 ἧς
3585 844 3841 912 γεγόνασι

2260 928 2433 1000 βραχύ
2452 948 2504 982 τι
2536 929 2700 1001 μέρος
2728 931 2776 983 oi
2795 931 2853 997 ἐξ
2878 931 3127 1003 Ἰσραήλ·
3157 933 3205 985 εί
3225 931 3446 1002 μὲνγὰρ
3478 931 3841 1002 παρεδέξαντο

2258 1015 2355 1087 τὴν
2408 1017 2612 1082 πίστιν,
2654 1017 2752 1088 τὴν
2801 1019 2881 1082 εἰς
2923 1019 3015 1072 τὸν
3066 1018 3270 1088 Κύριον
3305 1020 3460 1089 ἡμῶν
3509 1020 3715 1087 Ἰησοῦν
3751 1021 3838 1073 τὸν

2259 1104 2515 1176 Χριστὸν,
2549 1107 2921 1178 συναγήγερτο
2938 1107 3003 1161 ἂν
3029 1108 3087 1175 ἐξ
3101 1110 3282 1163 αὐτῶν
3310 1112 3388 1173 εἰς
3424 1109 3558 1163 πολύ
3588 1129 3641 1163 τι
3675 1112 3837 1181 μέρος

2258 1194 2359 1263 τῆς
2399 1194 2723 1267 Ἐκκλησίας
2770 1199 2832 1251 τδ
2880 1200 3153 1270 σύστημα,
3184 1202 3711 1272 προσεπενεχθείσης
3740 1204 3836 1254 αύ-

2255 1287 2371 1349 τοῖς
2422 1286 2518 1340 καὶ
2554 1287 2657 1357 τῆς
2697 1290 2807 1343 τῶν
2856 1288 3026 1345 ἐθνῶν
3063 1291 3321 1361 πληθύος.
3381 1292 3597 1363 Ἐπειδὴ
3645 1293 3703 1346 δὲ
3749 1292 3838 1346 διὰ

2258 1375 2461 1447 πολλὴν
2491 1378 2777 1435 ἀπείθειαν
2808 1381 3036 1435 κατόπιν
3070 1383 3327 1451 γεγόνασι
3370 1383 3477 1436 τῶν
3521 1383 3709 1449 ἐθνῶν,
3742 1385 3837 1437 καὶ

2256 1467 2493 1539 ἀριθμοῦ
2527 1471 2626 1541 μέν
2659 1472 2923 1541 κρείττων
2957 1473 2990 1542 ἡ
3018 1473 3245 1527 ἐκείνων
3275 1474 3392 1527 ἐστὶ
3425 1474 3650 1544 πληθὺς,
3682 1475 3836 1527 αὐτοὶ

2253 1560 2312 1614 δέ
2349 1560 2411 1633 δὴ
2437 1562 2630 1633 κομιδῇ
2654 1561 2909 1633 βραχεῖςο
2940 1563 3207 1617 σέσωσται
3237 1563 3342 1636 γὰρ
3369 1563 3430 1616 τὸ
3462 1563 3835 1634 κατάλειμμα’

2253 1652 2344 1707 διὰ
2391 1652 2551 1707 τοῦτο
2581 1654 2777 1725 μικρόν
2820 1672 2873 1709 τι
2907 1655 3417 1726 κεκληρονομήκασι
3458 1654 3622 1726 μέρος
3654 1657 3712 1708 ἐν
3759 1655 3836 1725 τῷ

2254 1745 2371 1817 ὄρει
2414 1744 2492 1817 τῷ
2522 1745 2681 1817 ἁγίῳ,
2711 1745 2977 1811 τουτέστι,
3009 1750 3074 1817 τῇ
3115 1746 3429 1818 Ἐκκλησία.
3464 1746 3524 1798 Ei
3567 1746 3622 1799 δὲ
3659 1746 3722 1816 δή
3754 1762 3837 1808 τις

570 1843 626 1889 et
656 1834 949 1900 nutricem,
984 1835 1089 1889 dici
1121 1837 1188 1890 ab
1221 1835 1355 1907 ipsis
1384 1847 1621 1893 montem
1654 1846 1926 1902 sanctum,
1968 1838 2148 1908 ibique

2251 1837 2400 1906 λέγοι
2437 1838 2537 1907 τὴν
2569 1837 2685 1891 ἄνω
2727 1838 2902 1903 πόλιν,
2932 1840 3033 1909 τὴν
3077 1840 3137 1892 ἐν
3183 1839 3432 1910 οὐρανοῖς
3486 1839 3835 1910 Ἐκκλησίαν,

569 1939 667 1981 eos
713 1922 850 1979 velle
897 1924 1230 1981 hereditatis
1279 1913 1583 1997 portionem
1638 1928 1895 1997 consequi
1937 1944 1953 1983 :
2000 1937 2150 1984 recte

523 2082 534 2104 ι
568 2015 675 2070 hoc
698 2015 864 2071 etiam
896 2018 1057 2072 modo
1082 2015 1351 2089 intelliges
1372 2035 1387 2072 :
1407 2016 1603 2074 Factos
1635 2034 1755 2076 esse
1782 2020 1969 2075 dicunt
2000 2035 2060 2076 se
2090 2028 2149 2075 ut

570 2122 602 2161 a
634 2106 924 2178 principio,
947 2109 1167 2178 quando
1199 2124 1306 2165 non
1337 2109 1716 2165 dominabatur
1739 2126 1949 2178 eorum,
1975 2125 2149 2181 neque

566 2205 692 2253 erat
726 2212 921 2253 nomen
960 2197 1076 2266 ejus
1102 2212 1266 2270 super
1308 2199 1453 2269 ipsos
1484 2200 1810 2257 invocatum.
1839 2200 1936 2257 Est
1966 2211 2147 2257 autem

569 2288 727 2345 valde
771 2299 1139 2346 consentanea
1180 2288 1295 2346 haec
1326 2290 1521 2346 oratio.
1565 2290 1702 2347 Cum
1739 2294 1884 2349 enim
1914 2294 2149 2349 excidis-

566 2389 691 2435 sent
738 2380 909 2437 semel
961 2383 1030 2437 ab
1066 2383 1185 2454 ejus
1230 2385 1403 2459 886
1449 2385 1825 2441 misericordia
1868 2394 1923 2440 et
1964 2395 2147 2456 prote-

566 2475 771 2541 ctione,
801 2475 854 2530 in
892 2477 1182 2546 pristinum
1209 2489 1410 2534 statum
1445 2479 1647 2535 reversi
1674 2487 1821 2535 sunt.
1856 2477 1994 2547 Quid
2026 2488 2145 2534 tau-

529 2596 537 2614 .
571 2566 696 2620 dem
719 2565 849 2621 illud
870 2568 1029 2623 erat?
1050 2569 1370 2626 Servierunt
1390 2569 1663 2641 Egyptiis
1697 2572 1809 2628 luto
1836 2582 1893 2628 et
1913 2571 2147 2628 lateritio

525 2644 532 2651 ’
566 2667 757 2724 opere,
792 2655 987 2725 bisque
1024 2657 1115 2713 diu
1150 2657 1427 2715 laboribus
1460 2661 1757 2717 excruciati
1797 2670 1946 2717 sunt.
1993 2661 2147 2719 Nunc

562 2754 749 2802 autem
797 2748 1026 2819 pedibus
1064 2749 1348 2807 diabolicis
1388 2752 1816 2817 succubuerunt,
1862 2764 1917 2808 et
1964 2752 2146 2810 carnis

566 2837 855 2897 alectibus
895 2842 1195 2914 mundique
1250 2843 1640 2914 cupiditatibus
1686 2845 1946 2899 cumulati
1997 2855 2143 2901 sunt.

563 2928 694 2985 Hac
734 2930 882 2985 enim
928 2930 1163 2987 lateritia
1190 2947 1355 3002 opera
1387 2933 1634 3004 quadam
1666 2934 1881 2990 occulta
1919 2936 2143 3007 intelligi

563 3026 815 3088 possunt.
858 3017 1177 3075 Servierunt
1228 3022 1282 3076 in
1326 3020 1565 3094 Egypto
1612 3024 1895 3092 spiritibus
1939 3025 2140 3082 malis:

565 3120 714 3161 nunc
737 3106 793 3161 in
817 3106 951 3176 ipsis
979 3117 1065 3165 est
1088 3108 1314 3179 spiritus
1336 3110 1670 3168 immundus.
1699 3112 1863 3185 quue
1888 3116 2148 3173 Servator

518 3198 525 3205 '
564 3195 685 3266 ipse
715 3211 816 3254 nos
838 3170 1054 3265 docuit,
1087 3170 1155 3254 de
1186 3199 1292 3257 illis
1321 3199 1549 3271 loquens
1579 3222 1591 3258 :
1618 3220 1636 3255 ι
1673 3170 1807 3259 Cum
1836 3170 2148 3262 immundus
2173 3170 2218 3229 α

563 3287 791 3359 spiritus
821 3288 1018 3345 exierit
1047 3304 1113 3346 es
1148 3291 1391 3358 homine,
1420 3293 1660 3349 ambulat
1689 3310 1790 3362 per
1818 3296 1936 3353 loca
1969 3298 2145 3364 arida,

440 3434 449 3437 μ
522 3428 525 3429 ν
564 3392 820 3448 querens
856 3380 1180 3450 requietem,
1214 3395 1314 3437 nec
1345 3381 1572 3438 invenit.
1620 3383 1775 3440 Tunc
1805 3386 1882 3442 ait
1910 3404 1925 3442 :
1958 3387 2013 3441 In
2044 3388 2144 3444 (lo-

524 3456 715 3552 fsnum
763 3484 939 3525 meam
983 3478 1246 3540 revertar,
1282 3472 1426 3529 unde
1454 3487 1707 3544 egressus
1740 3490 1884 3535 sum.
1925 3479 2142 3537 Etcum

528 3561 752 3630 _venit,
805 3561 1015 3619 invenit
1070 3576 1192 3619 eam
1241 3580 1472 3621 vacuam
1522 3576 1577 3623 et
1626 3579 1932 3642 purgatam.
1991 3573 2145 3630 Tunc

527 3644 533 3653 ’
564 3652 819 3720 assumit,
845 3652 1044 3723 inquit,
1081 3652 1217 3710 alios
1247 3663 1455 3725 septem
1487 3656 1710 3726 spiritus
1744 3659 2037 3730 nequiores
2058 3676 2142 3732 se,

2249 1928 2349 1999 τὴν
2377 1928 2485 1982 τῶν
2510 1929 2681 1999 ἁγίων
2711 1929 2924 2001 μητέρα
2976 1930 3072 1983 καὶ
3100 1930 3323 2001 τροφὸν,
3366 1930 3489 1999 ὅρος
3524 1930 3680 1999 ἆγιον
3722 1932 3838 1985 ὀνο-

2253 2018 2521 2090 μάζεσθαι
2552 2021 2681 2091 παρ’
2707 2018 2911 2085 αὐτῶν,
2938 2020 3033 2073 καὶ
3057 2020 3114 2071 ἐν
3137 2019 3285 2090 αὐτῷ
3315 2020 3600 2090 βούλεσθαι
3630 2020 3835 2091 κλήρου

2253 2110 2419 2182 μέρος
2444 2111 2649 2182 λαχεῖν,
2683 2110 2861 2183 ὀρθῶς
2892 2112 3163 2182 συνήσεις,
3197 2111 3292 2164 καὶ
3322 2110 3464 2164 κατά
3509 2110 3698 2164 τοῦτον
3741 2112 3836 2164 τὸν

2249 2202 2450 2274 τρόπον
2475 2220 2488 2233 ·
2521 2202 2774 2271 γενέσθαι
2809 2203 2865 2256 δέ
2914 2220 3047 2274 φησι
3080 2200 3141 2255 τὸ
3177 2202 3252 2265 ὡς
3293 2202 3569 2273 ἀπαρχῆς,
3600 2202 3689 2256 ὅτε
3734 2204 3836 2256 οὐκ

2249 2286 2418 2363 ἦρχεν
2445 2290 2645 2357 αὐτῶν,
2668 2290 2791 2345 οὔτε
2827 2292 2934 2362 μὴν
2963 2290 3238 2361 ἐπεκλήθη
3267 2290 3326 2343 τδ
3356 2290 3527 2360 ὄνομα
3551 2291 3716 2344 αὐτοῦ
3746 2291 3836 2344 ἐπ’

2248 2379 2445 2445 αὐτούς
2469 2397 2482 2410 ·
2515 2379 2627 2451 ἔχει
2663 2380 2720 2433 δὲ
2750 2380 2885 2433 πολὺ
2915 2379 2978 2432 τὸ
3005 2380 3151 2444 εἰκὸς
3194 2382 3221 2433 ὁ
3253 2379 3408 2449 λόγος
3432 2396 3444 2409 ·
3474 2381 3832 2434 ἐκπεπτωκό-

2248 2488 2340 2535 τες
2369 2471 2478 2543 γάρ
2518 2470 2667 2536 ἅπαξ
2693 2471 2794 2541 τῆς
2826 2472 2956 2544 παρ’
2986 2471 3148 2524 αὑτοῦ
3197 2470 3430 2541 φειδοῦς,
3483 2472 3578 2524 καὶ
3622 2471 3836 2543 σκέπης

2250 2564 2623 2633 ὕπενόστησαν
2646 2564 2726 2627 είς
2745 2562 2806 2616 τὸ
2830 2564 2888 2617 ἐν
2910 2564 3124 2635 ἀρχαῖς.
3150 2564 3261 2618 Καὶ
3289 2567 3416 2617 ποῖα
3439 2563 3614 2619 ταῦτά
3642 2565 3793 2617 ἐστιν
3814 2583 3832 2630 ;

2261 2654 2570 2709 Ἐδούλευον
2608 2654 2923 2723 Αἰγυπτίοις
2952 2655 3108 2727 πηλῷ
3144 2655 3237 2709 καὶ⁵
3285 2654 3553 2726 πλινθείᾳ,
3595 2654 3691 2708 καὶ
3720 2655 3837 2718 τοῖς

2249 2745 2330 2809 είς
2362 2744 2521 2798 τοῦτο
2567 2744 2837 2815 καμάτοις
2887 2743 3330 2814 καταικιζόμενοι
3373 2744 3680 2798 διετέλουν·
3731 2761 3839 2797 πε-

2249 2835 2500 2891 πτώκασι
2529 2835 2584 2889 δέ
2616 2836 2711 2889 καὶ
2747 2834 2842 2889 νῦν
2876 2835 2983 2889 ὑπὸ
3011 2835 3177 2900 πόδας
3208 2834 3570 2901 διασολικοὺς,
3606 2835 3839 2899 καὶτοῖς

2248 2925 2345 2996 τῆς
2379 2924 2581 2995 σαρκὸς
2610 2924 2808 2977 πάθεσι
2868 2924 2963 2978 καὶ
3000 2927 3295 2995 κοσμικαῖς
3324 2924 3642 2994 ἐπιθυμίαις
3671 2941 3841 2979 κατα-

2251 3017 2577 3087 μιαίνονταιο
2620 3015 2868 3070 πλινθεία
2900 3016 3009 3087 γὰρ
3040 3016 3180 3086 αῦτη
3219 3018 3392 3070 νοοῖτο
3440 3014 3506 3070 ἂν
3539 3016 3765 3082 εἰκότως
3797 3019 3833 3088 ἡ

2249 3109 2984 3183 κεκρυμμένη..Ὲλάτρευον
3026 3111 3084 3163 ἐν
3123 3109 3384 3179 Αἰγύπτῳ
3425 3107 3697 3180 πνεύμασι
3736 3125 3839 3161 πο-

2251 3206 2458 3276 νηροῖς,
2502 3204 2599 3258 καὶ
2622 3203 2717 3260 νῦν
2752 3204 2811 3256 ἐν
2856 3201 3038 3266 αὐτοῖς
3073 3205 3188 3256 ἐστι
3222 3203 3442 3273 πνεῦμα
3487 3203 3546 3255 τὸ
3591 3202 3839 3273 ἀκάθαρ·

2251 3311 2366 3350 τον.
2412 3296 2523 3350 Καὶ
2558 3294 2716 3350 τοῦτο
2761 3296 2927 3360 αὐτὸς
2965 3297 3114 3368 ἡμᾶς
3144 3297 3171 3349 ὁ
3203 3295 3394 3367 Σωτὴρ
3425 3293 3631 3359 ἐδίδαξε
3659 3292 3840 3361 λέγων

2250 3386 2381 3457 περὶ
2412 3386 2612 3454 αὐτῶν,
2646 3408 2665 3440 ι
2697 3389 2864 3442 Ὅταν
2888 3387 2945 3442 δέ
2971 3388 3035 3441 τὸ
3066 3385 3376 3458 ἀκάθαρτον
3400 3383 3617 3454 πνεῦμα
3643 3383 3837 3455 ἐξέλθῃ

2251 3479 2360 3534 ἀπὸ
2408 3478 2503 3533 τοῦ
2551 3478 2863 3551 ἀνθρώπου,
2920 3478 3211 3550 πορεύεται
3254 3476 3320 3530 δι’
3372 3476 3615 3548 ἀνύδρων
3653 3475 3839 3529 τόπων

2251 3570 2446 3643 ζητοῦν
2492 3572 2821 3638 ἀνάπαυσιν,
2874 3571 2968 3626 καὶ
3011 3571 3110 3641 οὐχ
3137 3569 3402 3642 εὑρίσκει.
3460 3567 3595 3621 Τότε
3644 3565 3791 3635 λέγει
3818 3581 3835 3595 ο

2241 3663 2339 3727 Είς
2387 3663 2480 3717 τὸν
2529 3657 2682 3718 οἶκόν
2733 3680 2836 3735 μου
2888 3661 3232 3734 ἐπιστρέψω,
3274 3660 3398 3715 ὅθεν
3446 3658 3690 3730 ἐξῆλθον.
3720 3658 3838 3711 Καὶ

564 3751 625 3798 et
645 3742 1048 3812 ingrediuntur,
1079 3758 1144 3800 ac
1174 3744 1247 3800 ibi
1278 3746 1547 3812 habitant,
1578 3748 1823 3821 ﬁuntque
1848 3754 2145 3811 novissima

2251 3754 2398 3809 ἐλθὸν
2430 3755 2676 3827 εὑρίσκει
2713 3754 3064 3827 σχολάζοντα,
3100 3753 3195 3807 καὶ
3248 3750 3629 3823 σεσαρωμένον
3651 3767 3665 3782 ·
3711 3749 3835 3803 τότε

565 3833 809 3889 hominis
840 3833 986 3890 illius
1021 3833 1207 3904 pejora
1252 3836 1546 3905 prioribus.
1595 3836 1689 3895 Sic
1718 3841 1843 3909 erit,
1886 3859 1910 3896 ι
1946 3844 2144 3914 inquit,

571 3937 594 3972 ι
631 3921 966 3989 generationi
998 3922 1125 3978 huic
1157 3922 1310 3979 male
1330 3923 1396 3977 ”.
1431 3941 1452 3976 ι
1960 3934 1973 3943 ⁵

2244 3845 2685 3917 παραλαμϐάνει,
2725 3846 2911 3917 φησὶν,
2942 3845 3107 3917 ἕτερα
3152 3843 3292 3899 ἑπτὰ
3332 3842 3619 3914 πνεύματα
3666 3857 3838 3910 πονη-

2248 3937 2443 4008 ρότερα
2495 3936 2712 4003 ἐαυτοῦ,
2769 3938 2863 3991 καλ⁸
2912 3936 3224 3991 εἴσελθόντα
3270 3937 3517 3991 κατοικεῖ
3565 3935 3701 3998 ἐκεῖ,
3739 3932 3838 3986 καὶ

565 4011 777 4080 γίνεται
814 4011 886 4068 τά
937 4012 1140 4085 ἔσχατα
1186 4013 1283 4069 τοῦ
1328 4013 1615 4087 ἀνθρώπου
1649 4017 1883 4086 ἐκείνου,
1924 4021 2143 4096 χείρονα
2178 4026 2289 4083 τῶν
2352 4029 2605 4101 πρώτων.
2624 4016 2834 4094 Οὕτως
2878 4028 3053 4093 ἔσται,
3098 4047 3117 4082 ι
3151 4028 3307 4100 φησι,
3331 4047 3349 4080 ι
3382 4029 3449 4100 τῇ
3482 4027 3644 4099 γενεᾷ
3662 4024 3838 4098 ταύτῃ

564 4106 635 4177 τῇ
678 4105 915 4176 τωνηρᾷο
955 4121 974 4157 ι

638 4196 771 4253 Car.
799 4192 983 4250 LXIV.
1010 4193 1177 4251 Vsus.
1199 4194 1312 4252 1-3.
1338 4195 1399 4251 Si
1429 4201 1697 4266 aperueris
1723 4201 1932 4269 celum,
1953 4213 2149 4262 tremor

567 4288 919 4360 apprehendat
963 4303 1030 4344 ea
1072 4297 1123 4343 te
1162 4298 1387 4356 montes,
1428 4300 1477 4345 et
1522 4290 1823 4359 liquescant,
1866 4304 1922 4350 ut
1967 4312 2089 4351 cera
2114 4315 2149 4353 α

569 4384 706 4454 facie
739 4382 872 4452 ignis
898 4381 1098 4450 liqueﬁt
1124 4395 1144 4435 .'
1191 4390 1240 4435 et
1266 4381 1533 4437 comburat
1560 4385 1697 4454 ignis
1719 4376 2074 4457 adversarios,
2099 4398 2146 4445 et

567 4476 778 4529 illustre
813 4475 911 4530 erit
956 4488 1144 4528 nomen
1181 4482 1331 4527 luunt
1358 4473 1415 4527 in
1447 4474 1785 4531 adversariis.
1826 4479 1864 4531 A
1889 4477 2027 4547 facie
2051 4491 2146 4547 tua

567 4578 745 4636 gentes
789 4565 1164 4620 turbabuntur.
1205 4562 1340 4620 Cum
1387 4565 1570 4636 feceris
1617 4568 1853 4638 gloriosa
1896 4610 1913 4638 ,
1952 4562 2148 4628 tremor

568 4657 918 4728 apprehendat
946 4672 1014 4712 ea:
1035 4666 1085 4711 te
1110 4665 1333 4712 montes.

638 4832 698 4889 in
732 4847 883 4887 more
913 4839 998 4887 est
1028 4830 1235 4887 sanctis
1267 4831 1545 4901 prophetis
1572 4830 1801 4890 fundere
1833 4848 2020 4905 preces
2048 4850 2149 4906 pro

568 4924 791 4990 Israele,
824 4922 1177 4993 delinqueute
1206 4921 1520 4993 aliquoties,
1552 4934 1606 4979 et
1648 4925 1916 4981 scelerum
1957 4940 2151 4997 pinnas

571 5016 775 5073 Inituro
806 5032 819 5068 :
849 5024 907 5070 et
938 5022 1121 5069 amota
1145 5014 1248 5080 ira,
1274 5013 1329 5068 in
1361 5014 1496 5070 alios
1517 5029 1638 5070 eam
1665 5016 1838 5071 emitti
1865 5018 2148 5088 rogabant,

504 5164 527 5175 .,
566 5119 626 5165 et
667 5109 723 5162 in
755 5106 1186 5177 alienigenarum
1232 5107 1412 5177 capita
1443 5108 1709 5163 converti.
1754 5107 2034 5177 Siquidem
2065 5111 2147 5167 di-

522 5222 527 5237 ι
568 5200 730 5254 vinus
756 5196 1061 5253 Modulator
1088 5197 1487 5269 septuagesimo
1524 5210 1719 5255 octavo
1766 5202 1996 5270 psalmo,
2044 5217 2142 5257 va-

2332 4204 2470 4258 Ἐὰν
2503 4203 2760 4273 ἀνοίξῃς
2794 4202 2905 4259 τὸν
2953 4204 3214 4274 οὐρανὸν
3230 4243 3246 4269 ,
3300 4206 3517 4277 τρόμος
3568 4207 3836 4279 λήψεται

2248 4295 2369 4352 ἀπὸ
2423 4294 2542 4351 σοῦ
2590 4295 2721 4363 ὅρη,
2769 4293 2868 4350 καί
2913 4294 3303 4364 τακήσονται,
3354 4296 3437 4364 ὡς
3482 4300 3666 4368 κηρὸς
3714 4302 3835 4356 ἀπὸ

2250 4383 2579 4455 προσώπου
2608 4384 2799 4455 πυρὸς
2842 4384 3106 4455 τήκεται·
3155 4385 3255 4443 καί
3295 4390 3665 4444 κατακαύσει
3711 4391 3838 4461 πῦρ

2250 4472 2394 4541 τοὺς
2423 4473 2847 4540 ὑπεναντίους,
2891 4474 2992 4530 καὶ
3036 4476 3302 4545 φανερὸν
3332 4475 3505 4531 ἔσται
3546 4479 3612 4532 τό
3647 4479 3837 4549 ὄνομα

2252 4564 2474 4635 Κυρίου
2499 4563 2571 4619 ἐν
2596 4564 2718 4633 τοῖς
2746 4567 3148 4634 ὑπεναντίοις.
3196 4566 3339 4622 ’Δπὸ
3360 4568 3685 4636 προσώπου
3717 4585 3836 4625 σου

2254 4655 2399 4724 ἔθνη
2447 4656 2953 4727 ταραχθήσονται,
2986 4656 3134 4712 ὅταν
3178 4655 3444 4726 ποιήσῃς
3475 4656 3548 4711 τὰ
3590 4657 3832 4724 ἔνδοξα.

2260 4747 2481 4816 Τρόμος
2510 4744 2777 4815 λήψεται
2818 4744 2937 4801 ἀπὸ
2970 4746 3087 4801 σοῦ
3117 4745 3247 4815 ὄρη.

2328 4838 2490 4903 Ἐθος
2521 4840 2635 4902 τοῖς
2663 4839 2839 4908 ἁγίοις
2860 4840 3167 4911 προφήταις
3187 4838 3285 4902 τὰς
3311 4837 3451 4911 ὑπὲρ
3479 4837 3572 4893 τοῦ
3613 4839 3834 4912 Ἰσραὴλ

2247 4926 2514 4985 ποιεῖσθαι
2561 4928 2736 4993 λιτάς,
2777 4926 3226 4999 πλημμελοῦντος
3275 4926 3388 4980 ἔσθ’
3436 4929 3546 4993 ὅτε,
3584 4928 3679 4982 καὶ
3720 4928 3834 4980 εἰσ-

2247 5020 2582 5093 πράττεσθαι
2635 5018 2918 5090 μὲλλοντος
2963 5017 3075 5071 τῶν
3126 5018 3466 5089 αίτιαμάτων
3501 5018 3602 5083 τὰς
3650 5019 3831 5086 δίκας,

2246 5094 2748 5182 ἀποσκευαζόμενοι
2774 5111 2831 5164 δὲ
2857 5110 3045 5181 ὥσπερ
3077 5111 3147 5166 τὰ
3177 5109 3238 5175 ἐξ
3274 5110 3464 5182 ὀργῆς,
3498 5113 3578 5175 είς
3609 5109 3832 5182 ἐτέρους

2249 5204 2420 5274 αὐτὴν
2468 5203 2783 5273 πέμπεσθαι
2816 5201 3180 5275 παρεκάλουν,
3224 5203 3319 5257 καὶ
3347 5203 3428 5266 είς
3457 5202 3558 5266 τὰς
3595 5202 3705 5258 τῶν
3734 5202 3830 5257 ἀλ-

570 5300 767 5349 statam
800 5287 1100 5345 Jerusalem
1132 5289 1355 5358 deﬂens,
1389 5290 1566 5361 inquit
1597 5309 1611 5345 :
1649 5310 1668 5343 ι
1698 5291 1860 5357 Deus,
1889 5303 2148 5350 venerunt

2251 5295 2494 5364 λοφύλων
2526 5294 2819 5367 τρέπεσθαι
2862 5295 3124 5365 κεφαλάς.
3168 5297 3278 5350 Καὶ
3309 5295 3440 5365 γοῦν
3479 5297 3509 5350 ό
3545 5295 3829 5360 θεσπέσιος

567 5391 760 5451 gentes
803 5379 858 5435 in
891 5379 1263 5435 hereditatem
1308 5390 1489 5445 tuam,
1536 5380 1845 5450 polluerunt
1892 5386 2147 5455 templum

571 5481 821 5528 sanctum
855 5480 1005 5526 tuum
1036 5470 1104 5524 ⁸⁸.
1138 5488 1159 5522 ι
1205 5469 1450 5539 Aliisque
1496 5471 1816 5539 interjcctis,
1850 5475 1967 5528 ait:
2002 5494 2021 5526 ι
2056 5476 2150 5530 El-

570 5560 737 5618 fttude
770 5564 906 5617 iram
933 5571 1081 5618 tuam
1131 5562 1185 5617 in
1234 5569 1423 5632 gentes
1456 5577 1575 5631 qua:
1610 5575 1661 5619 te
1705 5580 1811 5619 non
1860 5580 2146 5632 lt0\’t‘l‘llll',

2250 5386 2536 5457 M31905,
2588 5388 2647 5441 ἐν
2685 5386 3069 5459 ἑϐδομηκοστῷ
3112 5388 3207 5442 καὶ
3246 5386 3418 5459 θγδόῳ
3461 5385 3685 5458 ψαλμῷ,
3729 5402 3830 5440 πε-

2253 5478 2603 5550 πορθημένην
2656 5479 2874 5551 ἐθρήνει
2923 5478 3024 5550 τὴν
3082 5476 3456 5551 Ἰερουσαλὴμ,
3491 5477 3587 5532 καὶ
3626 5476 3693 5548 δὴ
3738 5476 3832 5530 καὶ

2249 5570 2485 5639 ἔφασκεν
2514 5587 2525 5599 ·
2568 5589 2586 5622 ι
2620 5571 2679 5624 Ὀ
2709 5571 2859 5637 Θεὸς,
2896 5570 3218 5644 εἰσήλθοσαν
3250 5569 3377 5641 ἔθνη
3402 5571 3481 5635 εἰς
3507 5568 3605 5641 τὴν
3633 5568 3829 5640 κληροο

643 5742 688 5773 ⁸⁸
726 5742 886 5834 Rom.
917 5760 992 5809 tx,
1018 5745 1108 5800 ‘27.
1185 5749 1227 5781 ⁸³
1262 5745 1452 5802 Matth.
1491 5764 1584 5816 χιι,
1612 5749 1679 5803 45
1712 5749 1795 5803 65.
1876 5750 1917 5782 ⁸ο
1956 5749 2095 5806 l‘sal.
2127 5765 2351 5815 Lxxvtn,
2406 5752 2448 5805 l.
