4140 6470
349 418 491 477 1597

1496 402 1559 458 IN
1602 401 1838 457 ISAIAM
1877 398 2004 456 LIB.
2052 400 2115 455 V.
2155 397 2396 457 'I'OMUS
2437 397 2498 457 V.

3494 401 3634 461 {3.18

345 534 545 606 νομίαν
569 549 689 600 σου,
718 530 954 603 ὲμίαναν
973 529 1065 586 τὸν
1092 528 1219 583 ναὸν
1237 526 1329 581 τὸν
1354 524 1510 594 ἀγιόν
1541 541 1655 577 σου.
1695 541 1714 576 ι
1748 521 1954 593 Ἐτερά

2069 531 2108 578 ξι
2133 523 2184 577 in
2219 536 2380 591 regna
2406 536 2526 591 quae
2554 534 2752 577 nomen
2781 527 2932 576 tuum
2964 533 3072 575 non
3106 519 3578 581 invocaverunt".
3613 547 3636 577 ι

347 644 414 681 τε
441 623 578 697 πρὸς
599 624 810 688 τούτοις
832 621 1144 691 ἐπενεγκὼν
1157 620 1246 675 διὰ
1266 618 1433 691 μέσου
1451 615 1636 688 φησίν·
1665 633 1684 667 ι
1707 615 1938 685 Ἐκχεον

351 719 454 791 τὴν
479 719 652 790 όργήν
689 734 784 771 σου
815 716 910 771 ἐπὶ
937 714 1007 770 τὰ
1053 713 1182 784 ἔθνη
1215 711 1286 766 τά
1336 711 1412 784 μὴ
1467 707 1808 780 γινώσκοντά
1856 725 1937 773 σε,

352 811 451 867 καὶ⁵
486 810 581 865 ἐπὶ
625 809 926 880 βασιλείας,
976 807 1034 863 αἳ
1069 806 1144 860 ’τὸ
1171 804 1343 876 ὄνομά
1390 820 1484 856 σου
1529 802 1632 856 οὑκ
1679 799 1944 856 ἐπεκαλέ-

355 920 540 960 σαντο.
583 919 603 954 ι
637 899 892 956 Τοιοῦτόν
935 916 990 952 τι
1035 897 1130 952 καὶ
1179 896 1274 952 νῦν
1316 898 1346 950 ό
1400 894 1688 966 προφήτης
1735 891 1901 962 φησίν
1928 908 1940 920 ·

359 1014 381 1048 ι
435 994 564 1050 Ἐὰν
595 993 706 1065 γὰρ
736 991 957 1065 ἀνοίξῃς
990 990 1083 1045 τὸν
1128 988 1378 1061 οὐρανὸν,
1419 1007 1437 1039 ι
1472 989 1543 1058 τῇ
1585 985 1798 1057 καθόδῳ
1844 984 1946 1055 τῆς

352 1087 526 1159 ὀργῆς
566 1086 831 1158 δηλονότι,
882 1083 1136 1154 καθάπερ
1179 1082 1371 1154 ἀμέλει
1405 1081 1502 1135 καὶ
1550 1081 1609 1134 ὲν
1653 1078 1732 1150 τῷ
1769 1076 1947 1149 καιρῷ

353 1181 450 1236 τοῦ
491 1176 913 1248 κατακλυσμοῖν
961 1173 1315 1247 ἀνεῴχθησαν
1353 1171 1463 1244 γάρ
1504 1173 1555 1227 οἱ
1605 1170 1948 1242 καταράκται

353 1272 452 1327 τοῦ
479 1269 733 1344 ούρανοῦ·
766 1271 891 1324 τότε
931 1267 1137 1340 τρόμος
1167 1266 1401 1338 λήψεται
1433 1265 1543 1321 ἀπὸ
1573 1263 1667 1318 σοῦ
1698 1264 1822 1334 ὅρη,
1854 1260 1950 1316 καὶ

354 1365 715 1436 τακήσονται,
744 1381 764 1414 ι
799 1362 875 1426 ὼς
915 1360 1087 1432 κηρὸς
1123 1359 1234 1415 ἀπὸ
1256 1357 1553 1430 προσώπου
1579 1355 1754 1429 πυρὸς
1786 1355 1950 1425 τήκε-

354 1472 506 1511 rata
542 1455 686 1526 ὀρη
721 1452 782 1508 δέ
816 1467 984 1525 φησιν
1013 1452 1073 1505 ὲν
1101 1449 1334 1514 τούτοις,
1363 1448 1486 1520 οὑχὶ
1513 1447 1576 1518 δή
1599 1463 1704 1500 που
1733 1444 1952 1507 πάντως

354 1547 427 1603 τά
473 1546 728 1618 αἰσθητὰ,
756 1545 1018 1616 δυνάμεις
1064 1542 1122 1596 δὲ
1172 1541 1378 1615 μᾶλλον
1423 1540 1522 1605 τάς
1576 1537 1844 1610 πονηρὰς,
1865 1535 1954 1590 διὰ

357 1638 564 1710 πολλὴν
594 1638 737 1708 ἄγαν
769 1635 1098 1707 ὑπεροψίαν,
1147 1635 1300 1706 δρεσι
1352 1634 1465 1697 τοῖς
1503 1630 1860 1704 ὑψηλοτάτοις
1894 1623 1952 1682 εὖ

360 1731 512 1803 μάλα
541 1730 1012 1802 παρεικασμένας.
1051 1727 1267 1791 Ταύτας
1293 1726 1360 1797 δὴ
1391 1720 1486 1780 οὖν
1517 1723 1618 1787 τὰς
1637 1722 1737 1794 τῆς
1765 1720 1958 1786 ἀλαζο-

357 1823 511 1888 νείας
542 1821 876 1894 συντρόφους
906 1820 1164 1891 δυνάμεις
1189 1819 1390 1890 τρόμος
1424 1815 1679 1886 λήψεται.
1717 1832 1735 1865 ι
1775 1814 1960 1868 Κατα-

2049 612 2180 670 Tale
2207 613 2464 684 quiddam
2488 613 2654 668 etiam
2683 626 2827 668 nunc
2856 612 3121 681 propheta
3147 611 3279 668 dicit
3308 632 3322 669 :
3356 631 3374 666 ι
3413 614 3471 670 Si
3493 615 3636 670 enim

2047 706 2327 778 aperueris
2370 705 2592 774 coelum,
2637 724 2655 758 ι
2693 705 2959 761 descensu
3001 704 3252 762 videlicet
3301 706 3431 772 irae,
3477 708 3637 764 sicuti

2047 799 2302 855 nimirum
2337 807 2582 869 tempore
2619 796 2846 853 diluvii:
2888 805 3090 867 aperta:
3119 797 3263 852 enim
3293 808 3452 854 erant
3485 807 3638 855 cata-

2049 901 2215 946 racta:
2246 889 2369 944 cmli
2400 907 2415 944 :
2445 899 2562 944 tum
2619 888 2844 944 invadet
2877 899 3085 947 tremor
3116 897 3328 946 montes
3354 890 3452 946 abs
3485 900 3556 957 te,
3585 902 3641 947 et

2047 982 2383 1054 iiquescent,
2425 1000 2444 1034 ι
2477 990 2537 1038 ut
2563 995 2691 1037 cera
2725 996 2754 1036 a
2785 981 2925 1038 facie
2949 983 3091 1056 ignis
3110 982 3340 1053 liquelit.
3379 1001 3398 1034 ι
3433 982 3641 1038 Montes

2049 1075 2139 1131 hic
2171 1083 2328 1131 vocat
2352 1089 2458 1131 non
2490 1073 2831 1144 simpliciter,
2851 1075 2942 1144 qui
2972 1075 3344 1146 percipiuntur
3365 1075 3637 1138 sensibus,

2051 1167 2145 1224 sed
2191 1174 2483 1238 potestates
2524 1167 2716 1236 malas,
2761 1177 2982 1240 propter
3020 1168 3290 1240 insignem
3329 1167 3636 1231 elationem,

2051 1260 2324 1319 montibus
2351 1260 2520 1332 887
2556 1261 2878 1318 celsissimis
2920 1261 3123 1331 optime
3147 1268 3515 1329 comparatas.
3533 1256 3643 1312 Has

2053 1353 2221 1424 igitur
2249 1354 2518 1423 superbiae
2544 1352 2796 1408 alumnas
2820 1360 3141 1423 potestates,
3168 1359 3374 1406 tremor
3401 1349 3640 1405 invadet.

2062 1464 2080 1498 ι
2113 1445 2438 1514 Liquescent
2467 1444 2612 1499 enim
2657 1454 2916 1512 tanquam
2949 1445 3016 1499 ab
3053 1443 3196 1514 igne.
3229 1461 3249 1494 ι
3276 1441 3645 1498 Adversantes

2060 1535 2166 1590 tuis
2195 1535 2406 1591 scilicet
2431 1534 2691 1601 oraculis,
2720 1534 2798 1588 ira
2835 1533 2977 1603 ignis
3012 1533 3188 1588 instar
3210 1533 3472 1588 decidens
3497 1546 3646 1588 com-

2058 1627 2236 1683 buret.
2281 1645 2302 1680 ι
2353 1627 2421 1682 Ει
2462 1625 2672 1682 illustre
2706 1627 2814 1682 erit
2852 1638 3051 1680 nomen
3088 1625 3303 1680 Domini
3348 1625 3403 1680 iu
3453 1624 3647 1679 adver-

2059 1719 2240 1775 sariis.
2294 1739 2312 1773 i
2366 1719 2504 1786 Quid
2539 1719 2685 1774 istud
2717 1718 2842 1774 est?
2874 1716 3132 1773 Miracula
3169 1717 3315 1773 enim
3351 1732 3496 1787 saepe
3538 1717 3651 1772 edit

2061 1814 2444 1868 universorum
2504 1810 2679 1877 Deus,
2732 1813 2991 1880 potentia:
3038 1819 3094 1865 et
3153 1809 3485 1880 praestantiae
3539 1823 3650 1864 suae

355 1915 694 1987 τακήσονται
731 1913 842 1984 γὰρ
873 1913 950 1976 ὼς
985 1911 1092 1966 ὑπὸ
1123 1909 1314 1983 πυρός.
1343 1928 1361 1961 ι
1389 1905 1774 1968 ’Υπεναντίους
1794 1903 1956 1968 ὄντας

2069 1901 2496 1972 magnitudinem
2545 1899 2904 1972 patefaciens.
2969 1897 3108 1954 Hinc
3154 1912 3544 1968 nonnunquam
3594 1897 3647 1952 in

356 2009 474 2071 τοῖς
518 2008 634 2070 σοῖς
676 2005 924 2076 δηλονότι
970 2002 1330 2071 θεσπίσμασι,
1381 1999 1553 2071 πυρὸς
1587 1997 1744 2068 δίκην
1791 1995 1959 2067 ἐμπί-

359 2117 574 2154 πτουσα
605 2099 1008 2153 κατακαύσειεν
1037 2095 1103 2149 ἂν
1126 2094 1288 2165 ὀργή.
1329 2110 1346 2144 ι
1385 2091 1494 2146 Καὶ
1539 2089 1778 2162 φανερὸν
1808 2087 1965 2142 ἔσται

355 2191 424 2245 τὸ
467 2191 640 2261 δνομα
686 2191 893 2262 Κυρίου
944 2191 1000 2242 ὲν
1043 2189 1156 2251 τοῖς
1190 2182 1557 2245 ὑπεναντίοις.
1616 2201 1634 2232 ι
1680 2181 1790 2232 Καὶ
1824 2178 1876 2231 τί
1903 2177 1968 2247 δὴ

357 2279 522 2334 τοῦτό
555 2281 670 2333 ἐστι
696 2296 711 2346 ;
742 2277 1166 2349 Θαυματουργεῖ
1198 2273 1297 2345 μὲν
1323 2271 1432 2342 γὰρ
1457 2268 1775 2331 πλειστάκις
1805 2270 1834 2320 ὁ
1859 2266 1970 2320 τῶν

356 2373 500 2428 ὅλων
531 2371 686 2436 Θεὸς,
721 2372 818 2443 τῆς
861 2369 1090 2440 ἐνούσης
1148 2365 1432 2436 δυνάμεως
1491 2360 1641 2432 αύτῷ
1675 2361 1768 2414 καὶ
1800 2359 1964 2431 ὑπερ-

356 2463 498 2535 οχῆς
533 2463 596 2516 τδ
629 2462 858 2533 μέγεθος
887 2461 1117 2533 ἐναργὲς
1147 2455 1432 2519 καθιστάς.
1459 2453 1558 2508 Διά
1583 2451 1774 2526 τούτου
1829 2451 1957 2505 ἐκό-

358 2554 518 2620 λαζε,
552 2556 646 2608 καὶ
684 2553 1048 2627 ἁμαρτωλοὺς
1086 2549 1200 2604 ἔσθ’
1234 2549 1344 2614 ὅτε,
1379 2545 1474 2601 καὶ
1502 2544 1592 2599 διὰ
1623 2544 1721 2613 τῆς
1752 2543 1839 2597 ἐπ’
1866 2542 1968 2616 αύ-

357 2651 477 2714 τοῖς
519 2648 693 2721 ὀργῆς
726 2649 931 2719 ἐναργῇ
977 2643 1245 2707 καθιστὰς
1277 2640 1505 2695 ἑαυτόνο
1551 2637 1736 2692 ὁποῖόν
1779 2653 1833 2690 τι
1875 2637 1968 2705 γέ-

360 2757 544 2810 γονεν,
584 2741 672 2794 ὅτε
703 2739 1020 2810 Σοδομίταις
1055 2735 1319 2808 ὲπηφίετο
1364 2733 1500 2805 πῦρ,
1530 2733 1703 2804 ήγουν
1747 2730 1836 2783 ὅτε
1872 2727 1968 2782 τὸν

360 2832 721 2902 ἀπόπληκτον
752 2829 952 2902 Φαραῶ
991 2828 1212 2890 πολλαῖς
1246 2825 1338 2880 καὶ
1365 2825 1661 2897 ἀφορήτοις
1717 2819 1964 2875 ὑπετίθει

2065 2003 2384 2068 peccatores
2408 1993 2814 2061 animadvertit,
2829 2001 2885 2048 et
2905 2007 3003 2064 per
3029 1992 3165 2048 iram
3188 1991 3242 2047 in
3265 1991 3388 2048 illos
3410 1991 3650 2061 seipsnm

2066 2086 2345 2160 patefecit.
2381 2086 2696 2156 Cuiusmodi
2727 2084 2933 2142 factum
2964 2093 3070 2150 est,
3099 2098 3222 2139 cum
3254 2084 3308 2138 in
3340 2082 3656 2140 Sodomitas

2067 2181 2290 2238 demisit
2315 2181 2514 2251 ignem,
2549 2192 2750 2237 etcum
2781 2178 3124 2234 Pharaonem
3156 2177 3436 2249 stupidum
3467 2177 3654 2232 multis

2068 2283 2124 2330 et
2159 2273 2599 2331 intolerabilibus
2629 2272 2800 2343 plagis
2824 2270 3076 2340 subjecit.
3103 2269 3312 2341 Itaque,
3343 2284 3378 2325 ο
3403 2269 3654 2330 Domine.

2069 2367 2344 2437 inquiunt,
2403 2381 2474 2421 ne
2521 2364 2760 2420 illustres
2803 2363 3036 2433 gloriam
3097 2374 3281 2431 tuam,
3329 2364 3412 2419 vel
3457 2377 3656 2418 nomen

2071 2470 2170 2526 per
2230 2454 2368 2509 iram
2425 2454 2480 2508 in
2524 2468 2622 2509 nos
2656 2471 2669 2506 :
2703 2453 2798 2508 sed
2847 2453 3092 2510 inducito
3144 2453 3326 2524 potius
3379 2453 3549 2520 illam,
3602 2465 3660 2508 et

2035 2621 2039 2628 ἡ
2076 2545 2305 2617 inﬂigito
2341 2545 2499 2600 malis
2529 2545 2912 2614 potestatibus,
2945 2555 3001 2603 et
3034 2545 3213 2618 palam
3248 2553 3357 2600 tua:
3395 2542 3662 2611 maiestati

2077 2637 2525 2708 repugnantibus,
2561 2645 2616 2692 et
2657 2650 2726 2692 ex
2761 2635 2961 2708 insigni
3010 2635 3262 2706 superbia
3298 2633 3366 2688 ad
3417 2633 3520 2688 hoc
3566 2631 3662 2686 ad-

2071 2729 2271 2786 ductis.
2321 2726 2446 2785 Eris
2492 2729 2636 2785 enim
2684 2729 2846 2783 etiam
2895 2730 2978 2785 sic
3029 2726 3378 2799 conSpicuus.
3431 2724 3662 2791 Quando

2071 2821 2215 2876 enim
2261 2821 2460 2876 feceris
2505 2819 2773 2888 gloriosa,
2823 2829 3030 2874 tremor
3077 2818 3175 2874 abs
3229 2825 3282 2873 te
3323 2826 3537 2872 montes
3577 2813 3664 2869 in-

362 2927 628 2999 πληγαῖς.
684 2923 918 3014 Οὐκοῦερ
945 2917 992 2977 ὧ
1039 2923 1310 2986 Δέσποτα,
1340 2919 1495 2990 φασὶ,
1547 2917 1622 2989 μὴ
1653 2912 1969 2988 φανερώσῃς

2075 2909 2262 2965 vadet.
2291 2910 2501 2966 Rursus
2549 2908 2668 2964 illos
2713 2917 2928 2964 montes
2971 2909 3123 2976 dicit,
3160 2920 3296 2978 quos
3335 2908 3496 2962 modo
3525 2905 3663 2960 dixi-

359 3019 468 3091 τὴν
498 3016 727 3072 σεαυτοῦ
757 3005 915 3081 δόξαῦ
942 3016 1060 3087 ήτοι
1087 3015 1149 3068 τὸ
1174 3013 1374 3084 ὄνομα,
1411 3010 1501 3065 διὰ
1530 3009 1631 3079 τῆς
1661 3007 1785 3063 καθ’
1818 3005 1978 3078 ήμῶν
2078 3015 2221 3056 mus.

360 3087 558 3182 ὀργῆς·
588 3109 840 3180 ὲπάγαγε
871 3107 928 3161 δὲ
951 3106 1153 3178 μᾶλλον
1185 3103 1356 3176 αὐτὴν
1414 3099 1680 3172 δυνάμεσι
1702 3097 1994 3169 πονηραῖς,
2033 3095 2202 3167 ήγουν
2231 3093 2344 3158 τοῖς
2403 3091 2708 3162 ἀναφανδὸν
2731 3093 2798 3163 τῇ
2827 3093 2894 3161 σῇ
2946 3089 3278 3163 μαχομένοις
3305 3087 3453 3160 δόξῃ,
3481 3087 3577 3142 καὶ
3603 3087 3668 3139 ὲκ

363 3205 570 3277 πολλῆς
616 3204 758 3273 ἄγαν
793 3201 1095 3274 ὑπεροψίας
1127 3197 1624 3273 παρενηνεγμένοις
1691 3194 1771 3258 εἰς
1810 3190 2005 3246 τοῦτο..

2034 3190 2174 3262 "Ean
2219 3189 2327 3259 γὰρ
2385 3189 2481 3242 καὶ
2520 3187 2692 3252 οὑτως
2731 3189 3002 3261 ἐμφανής.
3033 3189 3164 3242 Ὅτε
3193 3185 3304 3258 γὰρ
3337 3185 3571 3255 ποιήσῃς
3599 3180 3672 3235 τὰ

364 3271 578 3364 ἔνδοξα,
634 3271 838 3368 τρόμος
888 3271 1117 3366 λήψεται
1161 3271 1272 3346 ἀπὸ
1325 3287 1420 3343 σοῦ
1473 3287 1608 3359 δρηο
1657 3283 1752 3338 καὶ
1797 3281 1964 3338 πάλιν
2029 3281 2216 3336 ἐκεῖνα
2242 3278 2310 3332 τὰ
2379 3277 2482 3349 ὅρη
2512 3280 2701 3350 φησὶν,
2730 3271 2807 3334 ὧν
2837 3278 3197 3350 ἐμνήσθημεν
3225 3275 3452 3348 ἀρτίως.

455 3390 602 3446 Ἀπὸ
668 3367 777 3442 τοῦ
827 3385 1043 3452 αἰῶνος
1094 3385 1206 3438 οὐκ
1269 3380 1661 3450 ἠκούσαμεν,
1713 3373 1856 3430 οὐδὲ
1917 3374 1969 3428 οί

2147 3372 2316 3428 Vens.
2342 3370 2398 3434 4,
2425 3370 2480 3427 5.
2512 3370 2550 3423 Α
2595 3371 2790 3426 saeculo
2831 3387 2933 3425 non
2972 3371 3291 3436 audivinius,
3325 3383 3489 3439 neque
3528 3367 3670 3422 oculi

367 3480 671 3555 ὀφθαλμοί
699 3478 866 3550 ἡμῶν
893 3472 1058 3532 εἶδον
1118 3473 1269 3530 Θεὸν
1309 3469 1478 3540 πλὴν
1538 3467 1694 3534 σοῦ,
1752 3464 1850 3520 καί
1898 3463 1973 3519 τὰ

370 3579 519 3647 ἔργα
546 3565 686 3639 σοὺ,
748 3571 789 3626 ἂ
848 3569 1124 3640 ποιήσεις
1153 3565 1278 3633 τοῖς
1315 3563 1729 3636 ὑπομένουσιν
1756 3559 1968 3615 ἔλεον·

368 3665 826 3732 συναντήσεται
850 3663 959 3734 γὰρ
996 3660 1122 3727 τοῖς
1159 3658 1404 3713 ποιοῦσι
1446 3655 1512 3711 τὸ
1556 3654 1816 3719 δίκαιον,
1873 3651 1974 3705 καὶ

373 3761 497 3817 τῶν
524 3757 682 3815 ὁδῶν
709 3771 825 3810 σου
846 3753 1331 3826 μνησθήσονται.

459 3851 717 3924 Ἀόρατον
744 3848 841 3918 μὲν
871 3849 940 3920 τῇ
967 3846 1128 3916 φύσει
1161 3844 1222 3898 τὸ
1267 3842 1422 3897 Θείόν
1457 3841 1596 3894 ἐστι·
1658 3857 1676 3891 ι
1704 3836 1837 3892 Θεὸν
1866 3835 1975 3908 γὰρ

375 3948 553 4009 οὐδεὶς
597 3943 814 4016 ἑώρακε
863 3941 1123 4006 πώποτε,
1176 3957 1194 3991 ι
1247 3935 1390 3992 κατά
1435 3936 1496 3989 τὺ
1539 3930 1973 4016 γεγραμμένον·

380 4012 762 4110 θεωρεῖταίττε
822 4033 931 4105 μὴν
977 4033 1090 4094 τοῖς
1114 4031 1215 4100 τῆς
1254 4027 1494 4091 διανοίας
1525 4025 1791 4096 ὄμμασιν,
1817 4022 1878 4089 ἐξ
1900 4012 1977 4076 ὧν

378 4131 447 4187 ἂν
471 4129 774 4200 ἐργάσαιτο
808 4120 1152 4196 παραδόξως,
1189 4119 1286 4172 καὶ
1311 4117 1453 4188 ὑπὲρ
1479 4117 1658 4184 λόγον.
1705 4132 1724 4166 ι
1751 4113 1834 4167 Τὰ
1867 4112 1977 4182 γὰρ

378 4223 592 4294 ἀόρατα
619 4217 810 4285 αὑτοῦ,
837 4236 855 4270 ι
917 4214 1105 4286 φησὶν,
1163 4231 1181 4264 ι
1205 4209 1313 4266 ἀπὸ
1341 4209 1574 4271 κτίσεως
1627 4205 1836 4277 κόσμου
1865 4205 1978 4267 τοῖς

382 4317 684 4386 ποιήμασιν
744 4311 1014 4381 νοούμενα
1064 4303 1391 4376 καθορᾶται,
1433 4302 1470 4374 ἦ
1503 4317 1564 4354 τε
1612 4299 1779 4361 ἀΐδιος
1811 4294 1978 4350 αὑτοῦ

384 4406 617 4478 δύναμίς
649 4421 711 4458 τε
738 4401 833 4456 καὶ
858 4399 1092 4468 θειότης·
1127 4415 1145 4448 ι
1184 4392 1611 4464 ἐπιγινώσκεται
1639 4389 1696 4444 δὲ
1719 4386 1980 4452 πλειστά·

385 4519 496 4565 κις,
533 4499 626 4554 καὶ
645 4498 713 4552 δι’
747 4489 822 4551 ὧν
862 4492 930 4548 ἂν
959 4489 1262 4562 εὐεργετεῖ,
1317 4486 1414 4540 καὶ
1449 4486 1550 4556 τῆς
1577 4482 1804 4553 ἐνούσης
1831 4479 1981 4550 αὐτῷ

383 4591 752 4664 γαληνότητος
784 4587 1022 4640 ποιεῖται
1049 4582 1147 4655 τὴν
1185 4577 1410 4644 ἔνδειξιν
1430 4619 1446 4645 ,
1474 4574 1761 4640 διασώζων
1786 4573 1983 4644 ἀδοκή-

2073 3461 2241 3517 nostri
2284 3461 2524 3516 viderunt
2565 3459 2735 3515 Deum
2776 3469 2969 3527 praeter
2998 3470 3078 3525 te,
3112 3469 3173 3515 et
3198 3474 3355 3527 opera
3393 3467 3518 3524 tua,
3551 3473 3670 3528 quia

2073 3555 2237 3626 {acies
2279 3553 2700 3623 exspectantibus
2745 3552 3184 3607 misericordiam.
3231 3548 3482 3606 Occurrat
3529 3551 3670 3605 enim

2076 3646 2394 3717 facientibus
2442 3645 2745 3717 justitiam,
2791 3654 2838 3700 et
2887 3645 3092 3699 viarum
3148 3653 3363 3698 tuarum
3418 3643 3669 3699 recorda-

2077 3740 2290 3793 buntur.

2147 3826 2557 3899 inaspectabilis
2626 3826 2846 3896 quidem
2916 3834 3005 3883 est
3069 3833 3263 3882 natura
3329 3823 3586 3881 divinitas
3652 3842 3668 3879 :

2086 3939 2105 3974 ι
2147 3919 2315 3978 Deum
2357 3920 2505 3976 enim
2547 3933 2709 3976 nemo
2743 3918 2876 3973 vidit
2913 3932 3176 3988 unquam,
3211 3935 3233 3970 ι
3278 3916 3579 3972 secundum
3621 3916 3675 3972 id

2079 4013 2223 4086 quod
2257 4013 2520 4082 scriptum
2553 4019 2638 4066 est
2665 4011 2731 4065 ³³.
2764 4009 3021 4064 Cernitur
3054 4016 3235 4063 tamen
3270 4007 3440 4062 animi
3502 4005 3675 4061 oculis

2078 4119 2147 4160 ex
2179 4103 2263 4158 liis
2295 4116 2417 4172 quae
2451 4100 2686 4173 gesserit
2715 4111 2770 4156 et
2796 4098 3194 4155 admirabiliter
3219 4105 3274 4154 et
3300 4095 3671 4153 inetl‘abiliter.

2085 4212 2104 4248 ι
2135 4193 2431 4251 lnvisibilia
2453 4192 2597 4248 enim
2629 4191 2770 4262 eius,
2797 4209 2816 4243 ι
2849 4190 3048 4260 inquit,
3072 4208 3092 4243 ι
3125 4204 3156 4243 a
3183 4188 3464 4245 creatione
3488 4189 3674 4244 mundi

2078 4301 2179 4358 per
2232 4300 2299 4342 ea
2346 4299 2468 4356 quae
2522 4282 2670 4340 facta
2722 4289 2853 4340 sunt
2905 4280 3180 4338 intellecta
3239 4279 3676 4351 conspiciuntur.

2079 4390 2280 4437 aeterna
2312 4377 2525 4434 scilicet
2556 4376 2673 4448 ejus
2715 4377 2959 4446 potentia
3001 4389 3069 4431 ac
3108 4373 3367 4432 divinitas
3396 4375 3465 4429 ³³.
3505 4393 3526 4430 ›
3573 4373 3678 4431 Co-

2081 4470 2360 4544 gndscitur
2387 4470 2554 4526 etiam
2589 4483 2696 4525 non
2733 4482 2860 4524 raro
2892 4483 2959 4526 ex
2993 4467 3079 4524 bis
3106 4481 3228 4539 qua:
3259 4465 3494 4536 benigne
3523 4464 3675 4530 facit,

2081 4567 2137 4623 et
2159 4579 2271 4622 suae
2299 4562 2456 4632 quasi
2488 4561 2799 4618 serenitatis
2853 4574 2920 4616 ac
2948 4558 3331 4631 placabilitatis
3361 4557 3476 4614 edit
3504 4557 3680 4626 speci-

383 4651 492 4751 τως
513 4651 525 4664 ’
543 4651 672 4748 ms;
703 4682 764 4747 ἐξ
790 4679 1012 4750 ἀπάσης
1036 4651 1254 4739 ἐλπίδος
1279 4670 1679 4745 ὠλισθηκότας,
1706 4667 1800 4722 καὶ
1822 4667 1969 4739 χεῖρα

2083 4655 2205 4716 me'ri
2244 4665 2267 4714 ':
2313 4658 2440 4713 dum
2484 4663 2682 4726 pra-ter
2717 4653 3030 4724 opinionem
3065 4665 3162 4709 eos
3195 4658 3380 4708 servat
3402 4651 3496 4722 qui
3529 4651 3676 4705 omni

585 4734 868 4844 ccum-9tov
895 4734 1009 4833 τοὲξ
1034 4765 1210 4839 χαμαί
1233 4734 1391 4830 νπου,
1423 4734 1520 4818 καὶ
1546 4761 1622 4827 ὡς
1656 4734 1714 4816 ἐν
1765 4734 1969 4833 vii-acet-

2086 4764 2182 4822 spe
2215 4748 2557 4815 exciderunt,
2584 4754 2640 4803 et
2667 4745 2816 4801 humi
2843 4753 2901 4802 et
2924 4743 3072 4800 velut
3102 4742 3158 4800 in
3191 4753 3336 4800 terra
3367 4741 3682 4815 iacentibus

349 4930 352 4932 γ
387 4869 594 4943 μένοις.
618 4863 873 4920 Τοιοῦτόν
901 4861 951 4915 τί
978 4876 1143 4930 φασιν
1181 4858 1232 4911 oi
1295 4856 1397 4928 τὴν
1428 4851 1798 4925 προκειμένην
1825 4850 1982 4943 λιτὴν

381 4941 772 5032 ἀναφέροντες,
822 4954 956 5011 Ἀπὸ
1011 4952 1118 5026 γὰρ
1155 4950 1254 5022 τῆς
1286 4947 1382 5003 τοῦ
1425 4947 1635 5016 κόσμου
1673 4941 1984 5013 καταϐολῆς

383 5055 510 5110 οὗτε
550 5049 887 5123 ἠκούσαμεν,
915 5045 1040 5102 οὔτε
1073 5044 1181 5118 μὴν
1227 5033 1538 5113 τεθεάμεθα
1592 5035 1831 5092 τοιοῦτόν
1856 5052 1980 5089 τινα

385 5146 540 5211 Θεδν,
574 5143 717 5214 πλὴν
762 5141 873 5213 ἄρα
917 5137 1012 5194 σού
1041 5155 1102 5193 τε
1153 5127 1266 5191 καὶ.
1297 5133 1463 5206 μόνον
1487 5147 1503 5165 ο
1549 5131 1664 5192 τοῖς
1692 5127 1802 5199 γὰρ
1843 5126 1976 5180 ὑπο-

392 5234 616 5311 μένουσί
641 5250 721 5296 σε,
753 5229 1028 5294 τουτέστι,
1073 5229 1188 5292 τοῖς
1237 5227 1319 5289 είς
1349 5225 1409 5278 σὲ
1459 5221 1849 5290 πεποιημένοις
1880 5215 1980 5288 τὴν

387 5310 606 5392 ἐλπίδα,
643 5318 1017 5392 ἐπιδαψιλεύει
1045 5318 1138 5374 τὸν
1170 5318 1336 5372 ἔλεον·
1371 5315 1564 5386 ἕψεται
1615 5311 1724 5383 γὰρ
1764 5310 1986 5373 πάντως

387 5420 501 5482 τοῖς
526 5417 624 5488 τῆς
649 5412 997 5483 δικαιοσύνης
1029 5411 1313 5486 ἐργάταις,
1360 5407 1640 5469 κάκείνοις
1677 5403 1841 5458 αὑτὸν
1886 5403 1986 5474 ἀρ-

393 5511 552 5582 μόσει
581 5507 791 5575 λαὸεἴν,
819 5504 981 5577 οἵπερ
1007 5501 1073 5557 ἂν
1103 5497 1214 5556 εἷεν
1237 5502 1295 5556 ἐν
1325 5501 1518 5573 μνήμῃ
1541 5498 1651 5552 τῶν
1694 5497 1803 5550 σῶν
1826 5494 1985 5558 ὁδῶν,

390 5600 664 5666 τουτέστι,
713 5596 824 5652 τῶν
858 5594 969 5650 σῶν
1014 5591 1336 5664 θελημάτων
1380 5587 1772 5644 ἀποτελεσταί·
1834 5585 1987 5650 ὁδοὺς

393 5690 504 5762 γὰρ
543 5689 752 5763 Κυρίου
777 5686 958 5759 φαμὲν
981 5679 1122 5740 εἶναι
1143 5683 1244 5749 τὰς
1273 5681 1492 5746 ἐντολὰς
1509 5679 1696 5735 αὑτοῦ.
1718 5680 1828 5733 Καὶ
1854 5677 1983 5748 γοῦν

467 5869 509 5903 ³¹
536 5869 679 5927 Psal.
705 5883 933 5938 Lxxvtu,
964 5867 1015 5925 6.
1096 5867 1139 5900 "
1178 5864 1334 5924 Joan.
1365 5881 1404 5932 ι,
1453 5864 1537 5920 t8.
1619 5863 1662 5894 ³³
1707 5861 1865 5917 Rom.
1905 5858 2061 5928 1,20.

2089 4858 2308 4899 manum
2346 4840 2642 4899 salutarem
2675 4837 2902 4910 praebet.
2935 4836 3130 4894 Simile
3163 4844 3250 4893 est
3281 4835 3430 4907 quod
3495 4835 3683 4892 dicunt

2088 4935 2181 5008 qui
2235 4936 2377 4990 hanc
2428 4933 2796 5006 precationem
2842 4929 3150 4988 'etl‘undunt.
3193 4928 3244 4986 A
3294 4927 3482 4985 mundi
3530 4927 3678 4982 enim

2088 5029 2479 5088 constitutione
2501 5041 2679 5099 neque
2701 5025 3032 5092 audivimus,
3056 5035 3233 5093 neque
3253 5020 3489 5077 vidimus
3517 5019 3680 5078 talem

2088 5124 2280 5189 Deum,
2311 5127 2509 5193 praeter
2544 5128 2616 5188 te,
2645 5127 2702 5174 et
2733 5117 2952 5188 quidem
2985 5115 3183 5173 solum.
3216 5111 3678 5184 Exspectantibns

2086 5213 2232 5269 enim
2275 5221 2345 5280 te,
2379 5211 2432 5268 id
2473 5218 2581 5278 est,
2607 5224 2756 5282 spem
2801 5209 2856 5265 in
2901 5217 2954 5264 te
2993 5206 3416 5274 collocantibus,
3447 5203 3676 5274 largiter
3731 5268 3738 5277 ι

2095 5304 2525 5361 misericordiam
2557 5303 2860 5375 imparties.
2891 5301 3168 5374 Sequetur
3197 5315 3435 5372 namque
3461 5313 3683 5370 semper

2092 5397 2372 5468 operarios
2393 5395 2643 5467 iustitiae,
2667 5407 2870 5467 eosque
2895 5409 3016 5452 eam
3046 5392 3307 5465 consequi
3339 5406 3438 5464 par
3461 5399 3563 5456 est,
3589 5389 3681 5460 qui

2094 5491 2525 5570 recordabuntur
2546 5490 2756 5547 viarum
2787 5498 3028 5556 tuarum.
3051 5488 3106 5545 id
3131 5497 3233 5555 est,
3259 5485 3350 5556 qui
3377 5483 3684 5540 voluntates

2091 5586 2264 5658 888
2312 5595 2433 5642 tuas
2475 5594 2866 5657 exsequuntur.
2908 5583 3120 5640 Domini
3170 5581 3315 5638 enim
3361 5578 3506 5645 vias,
3544 5589 3708 5645 prae-~

2093 5687 2245 5749 cepta
2295 5676 2410 5750 eius
2450 5678 2702 5735 dicimus.
2728 5675 3007 5746 Siquidem
3049 5671 3265 5728 divinus
3299 5666 3468 5726 David
3505 5661 3688 5736 psallit
