4140 6500
497 419 637 478 I399

1529 414 1586 471 S.
1633 412 1913 470 CYRILLI
1951 408 2425 467 ALEXANDRINI
2462 411 2782 470 ARCHIEP.

3633 403 3774 463 μου

491 532 688 589 alicubi
720 549 732 584 :
771 551 789 584 ι
827 530 883 584 In
911 531 993 586 via
1029 539 1117 586 tua
1143 529 1341 586 vivam.
1373 549 1392 584 ι
1422 530 1564 586 Alibi
1595 545 1783 586 rursus
1817 550 1829 585 :
1867 550 1885 584 ι
1925 527 2078 585 Viam

2201 529 2532 591 iOscméato;
2584 525 2779 596 ψάλλει
2822 523 3006 589 Δασὶδ,
3057 521 3188 576 ποτὲ
3239 522 3370 594 μὲν,
3413 521 3496 574 ὅτι
3533 537 3553 572 ι
3592 519 3680 574 Ἰῖν
3705 521 3775 590 τῇ

494 625 868 681 mandatorum
929 632 1143 678 tuorum
1201 620 1456 686 cucurri,
1507 635 1630 676 cum
1690 619 1932 677 dilatasti
1984 635 2080 676 cor

493 729 672 771 Ineunt
694 713 758 768 ³⁵.
798 732 814 767 ι

1103 845 1340 905 TOMUS
1379 849 1464 904 Vl.

566 983 729 1040 Vens.
760 981 814 1049 6,
841 982 896 1035 7.
929 980 1062 1036 Ecce
1104 990 1162 1037 tu
1200 984 1372 1038 iratus
1411 999 1488 1046 es,
1519 995 1566 1038 et
1605 1001 1699 1037 nos
1731 985 2078 1052 peccavimus.

496 1070 782 1140 Propterea
821 1071 1133 1137 erravimus,
1163 1081 1212 1126 et
1255 1071 1384 1139 facti
1424 1087 1606 1127 sumus
1649 1071 1787 1128 velut
1825 1070 2083 1126 immundi

495 1178 670 1215 omnes
706 1177 831 1224 nos,
861 1168 910 1214 et
941 1170 1194 1230 tanquam
1226 1177 1432 1229 parmas
1468 1169 1809 1216 menstruam
1845 1160 2081 1214 mulieris

491 1253 660 1306 omnis
699 1252 918 1322 justitia
963 1261 1168 1307 nostra.
1228 1251 1562 1322 Deﬂuximus
1609 1265 1786 1309 autem
1830 1262 2083 1325 tanquam

493 1343 645 1414 folia,
677 1353 886 1412 propter
927 1342 1228 1414 iniquitates
1271 1353 1500 1407 nostras.
1532 1343 1621 1407 Sic
1662 1355 1839 1401 ventus
1882 1344 2083 1413 auferet

493 1448 587 1497 nos
625 1441 680 1484 ut
707 1432 990 1500 puluerem,
1018 1442 1068 1488 et
1101 1449 1204 1490 non
1237 1441 1312 1490 est
1346 1433 1436 1501 qui
1461 1433 1659 1487 invocet
1693 1449 1878 1488 nomen
1913 1443 2080 1498 tuum,

492 1534 540 1589 et
571 1523 757 1592 cogitet
789 1525 1171 1594 apprehendere
1199 1533 1268 1578 te.
1298 1523 1435 1588 Quia
1462 1525 1691 1580 avertisti
1719 1525 1910 1594 [aciem
1936 1536 2084 1582 luam

495 1631 530 1675 ιι
561 1615 738 1689 nobis,
761 1625 810 1671 et
843 1615 1114 1682 tradidisti
1144 1631 1237 1680 nos
1268 1625 1478 1686 propter
1500 1628 1711 1686 peccata
1741 1627 1939 1675 nostra.

572 1898 758 1956 Visum
789 1909 875 1955 est
901 1899 1228 1972 quibusdam
1257 1900 1637 1970 interpretum,
1667 1898 1834 1954 alium
1867 1911 2084 1954 sensum

399 2035 405 2041 .
499 1993 584 2050 his
639 1991 822 2049 verbis
888 2007 1185 2064 apponere.
1239 1991 1520 2048 lnvertunt
1577 1993 1726 2050 enim
1792 1991 2092 2048 dictionum

497 2084 744 2142 ordinem
772 2093 828 2139 et
850 2083 1246 2140 sententiarum
1278 2084 1406 2148 vim,
1437 2091 1496 2137 ut
1525 2085 1592 2138 ad
1624 2085 1770 2140 hunc
1792 2081 2009 2138 modum
2034 2095 2095 2136 se

501 2177 722 2244 habeat,
752 2177 898 2247 quod
941 2177 1147 2232 dictum
1189 2183 1274 2233 est
1307 2196 1322 2232 :
1366 2195 1386 2229 ι
1420 2176 1561 2232 Ecce
1592 2169 2092 2247 nospeccavimus,

501 2278 560 2324 et
587 2277 642 2322 tu
672 2267 848 2325 iratus
889 2283 950 2324 es
988 2266 1166 2324 nobis.
1204 2287 1224 2321 ο
1271 2266 1387 2322 Νοιι
1427 2268 1598 2332 enim,
1627 2267 1901 2337 inquiunt,
1931 2280 2095 2321 causa

505 2359 613 2424 illis
653 2359 1003 2430 delinquendi
1031 2357 1133 2413 fuit
1163 2359 1245 2414 ira
1270 2358 1452 2414 divina
1487 2376 1502 2414 :
1535 2368 1591 2413 at
1617 2359 1745 2428 quia
1780 2357 1859 2414 illi
1887 2355 2096 2412 furiose

505 2450 751 2521 bacchati
798 2457 960 2519 sunt,
999 2451 1140 2508 Deus
1194 2451 1366 2507 iratus
1416 2459 1520 2507 est.
1548 2451 1768 2506 Timent
1813 2449 1991 2515 enim,
2036 2457 2096 2504 ut

502 2545 737 2610 videtur,
764 2543 956 2600 necubi
984 2545 1190 2614 peccati
1226 2551 1416 2600 auctor
1446 2543 1660 2598 divinus
1713 2543 1868 2599 furor
1894 2542 2097 2597 intelli-

505 2644 684 2706 gatur.
715 2633 852 2690 lllud
891 2634 1126 2690 arbitror
1169 2635 1459 2692 dicendum
1501 2649 1644 2699 esse,
1676 2635 1813 2688 iram
1858 2633 2095 2688 divinam

506 2726 860 2783 condemnari
904 2737 1188 2798 propterea
1231 2742 1338 2783 nou
1383 2726 1616 2792 debere,
1649 2728 1692 2782 si
1736 2727 1830 2797 qui
1878 2727 1926 2780 ei
1970 2736 2098 2781 sunt

505 2819 752 2888 obnoxii,
776 2835 882 2874 non
924 2819 1062 2876 satis
1103 2819 1303 2875 virium
1341 2819 1579 2875 habeant
1618 2822 1685 2874 ad
1734 2819 2096 2889 eﬂugiendum

507 2911 716 2980 peccati
757 2910 1038 2967 insultum.
1071 2911 1324 2979 Quandiu
1355 2911 1499 2967 enim
1546 2909 1809 2967 Servator
1845 2912 1898 2966 in
1940 2911 2098 2968 nobis

412 3051 434 3071 ,
507 3003 836 3071 voluptatem
866 3002 1029 3072 capit,
1057 3012 1338 3072 peccatum
1366 3003 1662 3070 vincimus,
1693 3011 1748 3057 et
1776 3020 1806 3058 a
1837 3002 2095 3059 vitiorum

508 3096 764 3151 sordibus
798 3097 1146 3163 recedentes,
1176 3097 1476 3168 spiritualis
1504 3097 1844 3154 fortitudinis
1873 3100 2098 3170 insigni-

2181 619 2288 691 ὁδῷ
2320 636 2417 673 σου
2435 617 2700 690 ζήσομαι,
2746 636 2766 670 ι
2799 615 2932 672 ποτε
2959 615 3016 669 δὲ
3043 614 3236 670 πάλιν·
3276 633 3296 668 ι
3349 612 3500 668 Ὀδὸν
3543 611 3776 667 ἐντολῶν

2186 729 2279 766 σου
2309 711 2564 782 ἔδραμον,
2585 712 2716 764 ὅταν
2749 708 3052 775 ὲπλάτυνας
3073 707 3174 780 τὴν
3202 706 3433 779 καρδίαν
3459 722 3584 777 μου.
3608 724 3626 756 ι

2806 847 3038 902 ΤοΜοΣ
3078 849 3169 918 ς’.

2267 987 2416 1043 Ἰδοὺ
2453 986 2536 1041 σὺ
2555 985 2875 1055 ὠργίσθης,
2909 984 3010 1039 καί
3051 983 3222 1054 ἡμεῖς
3264 981 3626 1052 ἡμάρτομεν.
3677 979 3790 1033 Διὰ.

2187 1079 2366 1135 τοῦτο
2396 1075 2848 1146 ἐπλανήθημεν,
2875 1074 2977 1129 καὶ
3007 1073 3378 1144 ἐγενήθημεν
3401 1073 3482 1138 ὡς
3515 1071 3775 1139 ἀκάθαρ-

2185 1189 2276 1226 τοι
2307 1169 2532 1236 πάντες
2573 1167 2766 1239 ἡμεῖς,
2817 1167 2918 1221 καὶ
2973 1166 3054 1230 ὡς
3086 1163 3276 1233 ῥάκος
3321 1159 3781 1232 ἁποκαθημένης

2185 1263 2354 1318 πᾶσα
2391 1261 2431 1330 ἡ
2492 1259 2848 1326 δικαιοσύνη
2897 1254 3066 1327 ἡμῶν
3085 1272 3097 1286 ·
3157 1256 3256 1309 καὶ
3301 1254 3666 1323 ἐξερῤύημεν
3702 1252 3783 1315 ὡς

2185 1354 2393 1423 φύλλα
2447 1351 2545 1405 διὰ
2599 1350 2708 1417 τὰς
2744 1349 2998 1419 ἀνομίας
3052 1347 3243 1417 ἡμῶν·
3323 1345 3511 1411 οὕτως
3562 1343 3783 1412 ἄνεμος

2186 1446 2341 1500 οἴσει
2361 1443 2517 1514 ἡμᾶς
2535 1445 2616 1510 ὡς
2635 1441 2852 1514 xci)?“
2867 1442 2908 1512 ),
2943 1440 3042 1495 καὶ
3066 1441 3176 1494 οὐκ
3200 1438 3374 1493 ἔστιν
3399 1441 3431 1492 ό
3455 1434 3779 1490 ἐπικαλού-

2185 1556 2370 1610 μενος
2390 1537 2456 1592 τό
2479 1534 2668 1605 ὄνομὰ
2689 1551 2826 1599 σου,
2853 1533 2951 1588 καὶ
2987 1535 3020 1587 δ
3046 1531 3342 1602 μνησθεὶς
3360 1526 3783 1584 ἀντιλαϐέσθαι

2189 1647 2307 1685 σου
2332 1669 2348 1694 ,
2403 1629 2494 1682 ὅτι
2557 1626 2951 1694 ἀπέστρεψας
2996 1623 3061 1677 τὸ
3133 1622 3458 1691 πρόσωπόν
3507 1634 3625 1673 σου
3680 1615 3783 1684 ἀφ’

2186 1722 2391 1795 ἡμῶν,
2436 1721 2538 1776 καὶ
2597 1718 2946 1790 παρέδωκας
2999 1715 3156 1788 ἡμᾶς
3208 1715 3306 1771 διὰ
3353 1715 3462 1781 τὰς
3495 1712 3781 1783 ἁμαρτίας

2187 1818 2378 1888 ἡμῶν·

2266 1909 2454 1975 Ἔδοξε
2496 1909 2608 1962 τισὶ
2639 1909 2748 1962 τῶν
2808 1904 3114 1977 ἐξηγητῶν,
3168 1902 3294 1956 καθ’
3336 1900 3532 1972 ἑτέραν
3565 1898 3780 1951 ἔννοιαν

2200 2006 2314 2069 τοῖς
2348 2001 2732 2076 προκειμένοις
2787 1997 3138 2069 προσϐαλεῖν.
3207 1993 3630 2065 Ἀναστρέφουσι
3678 1989 3788 2058 γὰρ

2191 2097 2300 2150 τῶν
2351 2094 2552 2162 λέξεων
2608 2091 2708 2163 τὴν
2759 2089 3035 2155 ἀπόδοσιν,
3085 2087 3206 2157 ἦτοι
3258 2085 3370 2138 τῶν
3421 2081 3640 2136 ὲννοιῶν
3685 2079 3785 2150 τὴν

2193 2187 2446 2257 δύναμιν,
2485 2184 2572 2237 ἵνα
2609 2181 2852 2236 τοιοῦτον
2881 2176 2998 2254 ᾗτδ
3039 2178 3358 2246 λεγόμενον·
3396 2194 3416 2227 ι
3457 2174 3589 2228 Ἰδοὺ
3623 2170 3785 2240 ἡμεῖς

2195 2281 2537 2352 ἡμάρτομεν,
2565 2274 2843 2348 ὼργίσθης
2869 2273 2927 2326 δὲ
2953 2271 3038 2325 σύ.
3062 2290 3080 2323 ι
3110 2272 3184 2325 Οὐ
3202 2270 3311 2338 γάρ
3337 2284 3439 2332 τοι,
3459 2266 3612 2337 φασὶ,
3644 2279 3788 2334 παρ-

2195 2374 2368 2436 αίτιος
2418 2371 2601 2433 αὐτοῖς
2630 2367 2726 2422 τοῦ
2755 2364 3098 2436 πλημμελεῖν
3148 2365 3184 2434 ἡ
3218 2361 3338 2416 θεία
3373 2360 3596 2430 γέγονεν
3623 2357 3785 2428 ὀργή.

2208 2463 2429 2535 Ἐπειδὴ
2479 2461 2538 2515 δὲ
2576 2459 2733 2513 αὐτοὶ
2781 2455 3284 2537 πεπαρῳνήκασιν,
3334 2449 3578 2521 ὠργίσθη
3629 2447 3785 2512 Θεὸς,

2197 2556 2400 2611 δεδίασι
2458 2553 2568 2623 γὰρ
2616 2549 2760 2604 κατά
2795 2549 2857 2602 τὸ
2909 2547 3055 2610 εἰκὸς
3089 2545 3162 2616 μὴ
3223 2544 3329 2616 ἄρα
3359 2559 3477 2605 πως
3512 2539 3791 2612 ἁμαρτίας

2197 2647 2457 2718 πρόξενος
2483 2645 2511 2697 6
2537 2642 2678 2706 θεῖος
2715 2643 2915 2694 νοεῖται
2945 2637 3140 2709 θυμός.
3176 2632 3343 2706 Οἶμαι
3373 2634 3432 2688 δὲ
3469 2633 3580 2686 δεῖν
3613 2632 3793 2685 ἑκεὶᾮο

2198 2740 2396 2803 εἰπεῖν,
2427 2737 2488 2791 οὐ
2515 2735 2626 2806 γάρ
2654 2752 2736 2788 τοι
2763 2733 3103 2804 κατάρῤησιν
3133 2728 3246 2801 ἔχει
3281 2727 3383 2798 τῆς
3411 2726 3562 2790 θείας
3581 2724 3752 2796 ὀργῆς
3771 2764 3788 2791 ,

2195 2829 2259 2884 τὸ
2287 2829 2414 2891 τοὺς
2440 2827 2533 2880 ὑπ’
2563 2826 2702 2896 αὐτῇ
2737 2822 3033 2893 γεγονότας
3070 2820 3345 2882 ἀνικάνως
3386 2817 3530 2887 ἔχειν
3561 2813 3699 2886 πρός
3726 2829 3793 2884 γε

2195 2921 2258 2973 τὸ
2277 2918 2537 2972 δύνασθαι
2561 2917 2848 2986 διαφυγεῖν
2867 2916 2967 2986 τῆς
2986 2911 3261 2984 ἁμαρτίας
3288 2910 3388 2988 τὴν
3416 2907 3622 2980 ἔφοδον.
3643 2906 3794 2969 Ἕως

2200 3014 2301 3086 μὲν
2327 3013 2436 3084 γὰρ
2466 3012 2552 3082 ἐφ’
2585 3012 2718 3082 ἡμῖν
2757 3010 2786 3062 6
2826 3007 3016 3072 σώζων
3045 3004 3423 3076 εὐφραίνεται,
3457 3016 3794 3078 κατευμεγε-

2200 3103 2405 3175 θοῦμεν
2434 3104 2532 3173 τῆς
2555 3099 2854 3172 ἁμαρτίας,
2879 3098 2975 3153 καὶ
3001 3095 3109 3150 τῶν
3137 3098 3204 3149 ἐκ
3250 3093 3582 3165 φαυλότητος
3607 3092 3795 3162 ῥύπων

509 3185 612 3240 bus
637 3193 858 3241 strenue
882 3201 1231 3244 coronamur.
1259 3189 1328 3242 At
1355 3189 1444 3244 ubi
1475 3189 1810 3246 fortitudinis
1837 3192 2096 3262 suppedi-

2201 3194 2604 3266 ἀποφιτῶντες
2644 3189 2918 3254 εὐσθενῶς
2957 3192 3073 3252 τοῖς
3118 3188 3199 3252 εἰς
3232 3185 3520 3258 εὐανδρίαν
3555 3199 3797 3255 πνευμα-

513 3289 710 3345 torem,
739 3288 796 3335 et
837 3279 1052 3338 roboris
1089 3295 1156 3336 ac
1203 3282 1398 3338 virium
1448 3283 1976 3340 subministratorem
2004 3300 2101 3342 ex-

511 3370 864 3435 acerbamus,
949 3370 1004 3426 in
1030 3370 1361 3428 debilitatem
1383 3371 1714 3440 corruimus,
1741 3381 1798 3427 et
1827 3374 2106 3429 inlirmam

513 3475 581 3517 ac
634 3461 917 3517 remissam
973 3471 1210 3518 mentem
1261 3470 1502 3518 nostram
1553 3462 1911 3520 inveniemus.
1960 3463 2103 3519 Deus

512 3549 660 3607 enim
690 3560 776 3608 est
801 3551 1064 3607 virtutum
1092 3552 1357 3610 Dominus
1380 3554 1448 3608 ".
1481 3553 1548 3609 Et
1589 3555 1807 3624 quidem
1851 3555 2103 3611 Christus

515 3642 595 3706 ait
639 3660 654 3700 :
703 3661 722 3695 ι
771 3642 903 3699 Sine
931 3657 1020 3698 me
1051 3660 1157 3700 non
1191 3647 1417 3714 potestis
1445 3647 1738 3718 quidquam
1771 3647 1950 3705 facere
1973 3650 2042 3705 ³⁸.
2077 3670 2096 3702 ι

521 3734 773 3803 Dixitque
804 3734 854 3790 ei
885 3735 1099 3790 divinus
1127 3737 1292 3793 David
1319 3739 1386 3794 de
1415 3739 1564 3793 omni
1591 3749 1782 3795 sancto
1815 3758 1828 3794 :
1865 3759 1884 3793 ι
1918 3740 2104 3798 Gloria

522 3825 777 3895 potentiae
801 3840 989 3881 eorum
1016 3834 1069 3881 tu
1099 3842 1159 3882 es
1179 3827 1245 3883 ⁸⁷.
1283 3846 1302 3881 ι
1336 3828 1478 3884 Alibi
1505 3844 1741 3900 quoque,
1765 3831 1907 3902 quod
1939 3836 2110 3901 possit

2205 3289 2364 3360 τικὴν
2390 3288 2674 3358 αὐχήμασι
2695 3281 3129 3354 στεφανούμεθα.
3171 3277 3712 3349 Καταπικραίνοντες
3737 3273 3796 3327 δὲ

2203 3383 2305 3454 τῆς
2359 3378 2546 3450 ίσχύος
2593 3376 2686 3431 τὸν
2745 3373 3006 3448 χορηγὸν,
3070 3371 3164 3427 καὶ
3215 3371 3318 3442 τῆς
3376 3367 3663 3439 εὐανδρίας
3706 3366 3796 3419 τὸν

2207 3468 2496 3542 πρύτανιν,
2526 3465 2802 3537 πεπτομεν
2828 3466 2910 3528 εἰς
2945 3465 3007 3516 τδ
3034 3462 3252 3527 ἄναλκι,
3283 3460 3380 3514 καὶ
3421 3457 3626 3530 ἀδρανῆ
3655 3473 3795 3519 πως,

2204 3561 2299 3616 καὶ
2320 3559 2656 3631 παρειμένον
2685 3557 2778 3612 τὸν
2802 3555 3008 3611 ἑαυτῶν
3031 3554 3336 3627 εὑρήσομεν
3360 3549 3506 3606 νοῦν.
3531 3549 3663 3612 Θεὸς
3683 3546 3797 3620 γάρ

2205 3657 2355 3709 ἐστιν
2381 3655 2411 3707 6
2456 3651 2566 3705 τῶν
2592 3650 2877 3722 δυνάμεων
2919 3648 3148 3719 Κύριος.
3189 3647 3299 3700 Καὶ
3329 3644 3462 3715 γοῦν
3513 3643 3617 3714 ἔφη
3665 3643 3800 3723 Χρμ

2209 3746 2354 3810 στὸς,
2383 3745 2465 3798 ὅτι
2499 3763 2518 3796 ι
2563 3737 2748 3814 Χωρὶς
2781 3740 2913 3813 ἐμοῦ
2944 3741 3004 3796 οὐ
3059 3738 3290 3794 δύνασθε
3324 3738 3500 3791 ποιεῖν
3549 3734 3724 3790 οὐδέν.
3774 3754 3793 3788 ι

2211 3836 2357 3904 Ἔφη
2390 3834 2449 3888 δέ
2475 3850 2580 3886 που
2629 3834 2724 3886 καὶ
2747 3834 2776 3886 6
2806 3830 3092 3894 θεσπέσιος
3111 3829 3276 3884 Δαϐὶδ
3314 3827 3454 3900 πρὸς
3489 3825 3651 3882 αὑτὸν
3671 3827 3805 3897 περὶ

518 3920 648 3976 boni
698 3919 901 3988 aliquid
954 3932 1244 3989 praestare,
1285 3921 1458 3993 889
1507 3937 1614 3978 non
1671 3924 1804 3990 sibi,
1855 3926 1950 3980 sed
2011 3923 2099 3981 Dei

2210 3924 2408 3989 παντὸς
2433 3924 2610 3993 ἁγίου,
2645 3924 2728 3976 ὅτι
2785 3941 2804 3974 ι
2835 3923 2908 3976 Τὸ
2942 3921 3202 3994 καύχημα
3258 3921 3356 3992 τῆς
3401 3920 3680 3992 δυνάμεως
3707 3919 3804 3971 αὺ-

519 4013 772 4083 ροιοοιίω
800 4013 1124 4079 attribucns,
1154 4013 1333 4083 psallit
1359 4024 1416 4071 et
1440 4016 1613 4087 inquit
1641 4034 1656 4072 :
1689 4035 1709 4068 ι
1750 4015 1862 4072 Non
1894 4018 1948 4072 in
1975 4033 2099 4074 arcu

2209 4015 2318 4070 τῶν
2347 4016 2412 4068 οὺ
2451 4011 2521 4070 εἴ.
2568 4034 2587 4066 ι
2621 4014 2733 4068 Καὶ
2768 4015 2875 4085 μὴν
2902 4015 2997 4068 καὶ
3047 4013 3275 4085 ἑτέρωθί
3311 4031 3413 4066 που
3441 4012 3504 4065 τὸ
3541 4007 3804 4064 δύνασθαί

519 4118 646 4161 meo
689 4104 953 4176 sperabo,
1000 4113 1056 4163 et
1099 4105 1310 4177 gladius
1360 4124 1513 4164 meus
1564 4125 1669 4165 non
1721 4110 1959 4166 servabit
2001 4124 2099 4167 me.

2212 4128 2263 4163 τι
2285 4107 2394 4162 τῶν
2427 4107 2648 4176 ἀγαθῶν
2692 4104 3012 4178 κατορθοῦν,
3057 4106 3156 4177 οὐχ
3195 4105 3374 4176 ἐαυτῷ
3401 4101 3621 4176 μᾶλλον,
3664 4100 3807 4157 ἀλλά

524 4197 767 4254 Servasti
791 4198 936 4254 enim
966 4213 1064 4254 nos
1093 4201 1162 4254 ab
1195 4199 1278 4255 his
1305 4201 1399 4270 qui
1424 4200 1668 4274 afﬂigunt
1688 4202 1754 4258 ³⁸.
1789 4221 1809 4256 υ
1849 4202 1918 4258 Ut
1946 4202 2099 4276 igitur

2213 4203 2306 4256 καὶ
2327 4203 2450 4264 ταῖς
2478 4199 2573 4254 τοῦ
2607 4197 2742 4252 Θεοῦ
2787 4198 3084 4270 δυνάμεσιν
3133 4196 3416 4261 ἀνατεθεὶς
3450 4194 3666 4266 ψάλλει,
3704 4193 3804 4248 καί

522 4307 773 4362 superna!
805 4291 1104 4347 clementiae
1136 4291 1288 4346 favor
1324 4307 1423 4350 nos
1459 4295 1640 4349 reddit
1674 4293 2027 4361 fortissimos,
2055 4305 2099 4353 el

2214 4307 2380 4360 φησιν
2403 4305 2418 4320 ·
2452 4306 2471 4341 ι
2493 4289 2608 4341 Οὐκ
2627 4287 2720 4341 ἐπὶ
2750 4286 2828 4357 τῷ
2858 4287 2998 4358 τόξῳ
3018 4304 3117 4359 μου
3139 4285 3330 4350 ὲλπιῶ,
3362 4286 3456 4340 καὶ
3489 4286 3523 4356 ἡ
3555 4283 3802 4355 ῥομφαία

524 4398 784 4439 nervosos
817 4383 948 4439 facit
981 4383 1048 4438 ad
1088 4385 1450 4440 resistendum
1496 4387 1639 4443 malo
1684 4404 1698 4442 :
1744 4387 1861 4457 pari
1900 4388 2099 4444 ratione

2219 4400 2318 4454 μου
2347 4382 2407 4435 οὐ
2436 4381 2600 4434 σώσει
2643 4397 2731 4451 με.
2752 4381 3003 4442 Ἔσωσας
3031 4377 3140 4450 γὰρ
3170 4380 3202 4448 ἡ
3212 4379 3318 4448 μᾶς
3357 4378 3422 4430 ἐκ
3448 4375 3557 4430 τῶν
3591 4373 3800 4437 θλιϐόν-

525 4488 651 4529 cum
676 4472 870 4528 divina:
895 4472 990 4528 irae
1012 4473 1352 4544 subjiciatur,
1378 4485 1490 4530 tum
1515 4476 1726 4530 vitiosis
1749 4475 2099 4545 voluptatibus

2215 4493 2323 4530 των
2356 4476 2520 4546 ἡμᾶς.
2563 4493 2583 4527 ι
2617 4475 2830 4546 Ὥσπερ
2867 4473 3046 4526 τοίνυν
3072 4470 3134 4524 τὸ
3162 4473 3259 4542 τῆς
3289 4470 3497 4525 ἄνωθεν
3525 4468 3806 4541 ἡμερότη-

525 4565 799 4622 serviliter
822 4564 1199 4630 succumbere,
1224 4567 1444 4622 omnino
1469 4576 1553 4622 est
1583 4583 1822 4624 necesse.
1848 4568 2022 4623 Iratus
2052 4583 2099 4623 es

2214 4585 2307 4629 τος
2355 4565 2615 4636 εὐμενὲς,
2676 4563 3091 4636 ἀλκιμωτάτους
3138 4563 3286 4633 ἡμᾶς
3339 4560 3664 4630 ἀποφαίνει,
3710 4560 3808 4613 καὶ

527 4673 688 4728 ergo,
721 4673 786 4712 co
820 4658 963 4726 quod
996 4658 1247 4714 videlicet
1280 4661 1523 4714 bacchati
1561 4661 1855 4716 crudeliter
1887 4676 2099 4728 sumus,

2215 4660 2487 4731 διανευροῑ
2511 4657 2647 4729 πρὸς
2675 4657 2987 4711 ἀντίστασιν
3015 4649 3110 4709 τοῦ
3159 4653 3356 4708 κακοῦ·
3393 4652 3536 4706 κατὰ
3560 4651 3653 4705 τὸν
3689 4649 3808 4704 ῐσον

529 4759 583 4804 et
617 4742 933 4818 pecca'tores
967 4763 1030 4804 ac
1065 4748 1261 4804 nefarii
1295 4751 1637 4815 exstitimus,
1670 4753 1806 4807 adeo
1841 4763 1898 4807 ut
1931 4752 2111 4806 omnis

523 4839 737 4913 justitia
783 4850 995 4905 nostra,
1030 4840 1226 4913 inquit,
1260 4856 1440 4911 panno
1483 4852 1833 4898 menstruam
1871 4843 2113 4900 mulieris

531 4945 653 4987 esse
682 4931 876 4988 similis
906 4929 1172 4999 videatur,
1203 4932 1256 4987 id
1285 4943 1369 4987 est
1384 4948 1416 4997 ,ο
1431 4933 1792 4988 abominanda
1828 4935 1899 4988 sit
1925 4944 1978 4988 et
2012 4935 2114 4989 im-

531 5032 688 5086 pura.
715 5017 825 5073 Nec
852 5020 996 5077 enim
1019 5020 1180 5079 facile
1206 5020 1410 5076 videris
1432 5021 1695 5091 justitiam
1730 5024 1870 5093 apud
1903 5023 2115 5080 Israeli-

535 5121 640 5176 tas,
662 5110 896 5166 maxime
921 5127 1065 5167 nunc
1090 5122 1212 5182 post
1235 5111 1570 5182 impietatem
1595 5116 1645 5170 in
1674 5115 1973 5189 Christum,
1999 5133 2118 5186 qua:

534 5217 645 5256 non
693 5202 1122 5270 reprehendatur
1165 5211 1220 5256 et
1265 5203 1574 5259 irrideatur.
1608 5205 1740 5260 Nam
1791 5205 1883 5276 qui
1935 5220 2119 5276 pectus

536 5291 739 5348 habent
770 5289 954 5346 divino
984 5301 1042 5346 et
1075 5291 1394 5362 intelligibili
1430 5294 1634 5350 lumine
1665 5297 1887 5351 omnino
1920 5299 2118 5354 nudmn

534 5394 593 5438 et
631 5396 858 5444 vacuum
904 5401 920 5438 :
963 5385 1054 5452 qui
1092 5382 1210 5438 fieri
1253 5394 1435 5453 posset
1476 5395 1534 5440 ut
1573 5387 1820 5441 semitam
1863 5399 2010 5444 recta
2052 5391 2119 5445 ad

539 5486 726 5529 sacras
753 5472 899 5543 leges
925 5475 1278 5529 deducentem
1305 5477 1556 5531 videant?
1577 5486 1670 5531 aut
1691 5480 1959 5548 quomodo
1981 5481 2114 5549 justi

2216 4751 2426 4805 τουτονὶ
2449 4751 2672 4822 τρόπον,
2700 4750 2830 4804 ὅταν
2873 4747 2981 4802 ὑπὸ
3014 4746 3164 4801 θείαν
3190 4747 3478 4816 πίπτωμεν
3526 4744 3716 4816 ὀργὴν,
3744 4742 3807 4796 τὸ

2217 4843 2474 4916 τηνικάδε
2509 4842 2661 4898 πᾶσά
2722 4859 2841 4906 πως
2893 4840 3107 4910 ἀνάγκη
3162 4837 3546 4910 δουλοπρεπῶς
3599 4837 3806 4905 ὑποφέ-

2225 4934 2412 5006 ρεσθαι
2438 4937 2560 4998 ταῖς
2604 4935 2684 4998 είς
2708 4934 2770 4987 τὸ
2817 4931 3020 5002 φαῦλον
3059 4931 3292 5002 ἡδοναῖς·
3324 4929 3602 5002 ὠργίσθης
3625 4929 3808 4983 τοίνυν

2222 5026 2308 5095 ἐφ’
2365 5020 2447 5090 οἷς
2504 5025 2744 5097 δηλονότι
2802 5023 3280 5094 πεπαρῳνήκαμεν
3303 5062 3318 5086 ,
3366 5023 3461 5075 καὶ
3502 5020 3807 5091 γεγόναμεν

2217 5116 2552 5191 ἁμαρτωλοὶ,
2568 5117 2663 5169 καὶ
2685 5115 2922 5186 βέϐηλοι,
2945 5113 3084 5168 ὥστε
3109 5115 3202 5168 καὶ
3221 5115 3400 5168 πᾶσαν
3421 5113 3598 5185 ἡμῶν,
3647 5111 3803 5184 φησὶ,

2219 5209 2318 5280 τὴν
2353 5209 2700 5277 δικαιοσύνην
2750 5207 2984 5260 ἐοικέναι
3035 5206 3190 5278 ράκει
3249 5206 3508 5276 γυναικὸς
3564 5205 3809 5259 ἀποκαθ-

2216 5300 2450 5370 ημένης,
2481 5297 2743 5362 τουτέστι,
2773 5297 3034 5369 βδελυρὰν
3072 5293 3212 5353 εἶναι
3242 5297 3336 5352 καὶ
3370 5297 3698 5370 ἀκάθαρτον.
3727 5296 3806 5348 Οὐ

2219 5396 2330 5467 γάρ
2361 5390 2476 5444 ἐστι
2521 5389 2869 5460 δικαιοσύνην
2917 5389 3042 5455 ἰδεῖν
3095 5389 3248 5462 παρὰ
3293 5391 3410 5454 τοῖς
3456 5387 3517 5454 ὲξ
3573 5388 3808 5458 αἵματος

2236 5481 2486 5558 Ἰσραὴλ,
2539 5485 2655 5537 νυνὶ
2703 5483 2766 5555 δὴ
2817 5483 3048 5554 μάλιστα
3109 5482 3247 5556 μετὰ
3296 5481 3394 5554 τὴν
3445 5483 3525 5546 εἰς
3574 5475 3808 5551 Χριστὸν

615 5654 661 5685 ⁵⁸
692 5655 833 5710 Psal.
860 5670 1049 5724 cxvm,
1077 5657 1164 5726 id,
1201 5657 1284 5711 l3.
1363 5657 1568 5715 {‘Psal.
1597 5676 1754 5728 χχιιι,
1799 5661 1883 5715 10.
1962 5663 2006 5694 ³⁵
2035 5661 2093 5717 Jo

2216 5680 2302 5728 xv,
2356 5665 2410 5720 5.
2491 5664 2530 5696 ³⁷
2579 5664 2716 5720 Psal.
2757 5681 3020 5731 Lxxxvm,
3058 5665 3145 5721 l8.
3221 5665 3264 5698 ³⁸
3306 5664 3445 5721 Psal.
3481 5679 3634 5731 mn,
3663 5662 3716 5729 7,
3747 5661 3801 5717 8.

627 5828 702 5910 (1)
753 5829 849 5896 Ὡς
876 5835 1027 5900 χοῦν
1052 5835 1195 5891 LXX
1229 5836 1427 5907 delent,
1461 5855 1559 5898 nec
1587 5841 1639 5896 in
1675 5841 1922 5898 versione
1957 5841 2222 5899 liunlrcdi
2261 5844 2550 5914 reperitur.
