4140 6472
330 426 466 486 14θί

1145 383 1172 406 ’
1437 421 1501 477 IN
1543 420 1778 477 ISAIAM
1822 418 1950 476 LlB.
1997 422 2059 478 v.
2099 419 2334 477 manus
2375 418 2459 474 vr.

3486 423 3626 481 1402

327 539 610 604 ἀσέϐειαν,
638 537 870 609 άμωμόν
895 554 954 591 τε
983 535 1077 592 καὶ
1127 534 1537 592 ἀκατάσκοπον·
1569 537 1618 589 οί
1643 535 1753 607 γάρ
1798 534 1938 598 ὅλως

2048 549 2170 592 vere
2196 535 2325 602 sint,
2358 535 2450 605 qui
2481 533 2794 605 evangelica
2827 535 3215 604 praedicatione
3245 547 3459 605 carent,
3493 544 3639 597 unde

331 636 520 706 φωτὸς
581 634 676 688 τοῦ
727 633 877 687 θείου
928 633 1022 688 καὶ
1069 631 1265 702 νοητοῦ
1312 631 1526 702 γυμνὴν
1560 630 1656 684 καὶ
1711 630 1930 702 ἐρήμην

329 728 549 798 ἔχοντες
568 725 669 793 τὴν
703 723 955 797 καρδίαν,
1014 722 1131 787 πῶς
1169 723 1236 778 ἂν
1286 722 1476 776 εἰδεῖεν
1511 721 1614 792 τὴν
1643 719 1774 774 εὐθὺ
1823 718 1934 774 τῶν

332 817 498 889 ιερῶν
524 816 705 888 νόμων
721 816 1112 888 άποφέρουσαν
1131 815 1316 886 τρίϐον
1340 831 1355 878 ;
1387 815 1461 868 Ἦ
1490 812 1608 877 πῶς
1647 811 1714 868 ἂν
1735 810 1932 866 δίκαιοι

331 909 479 964 κατὰ
539 909 604 964 τὸ
659 908 862 980 ἀληθὲς
926 907 1036 964 τῶν
1108 907 1480 978 εὐαγγελικῶν
1559 905 1934 978 κηρυγμάτων

329 1003 721 1076 ἠμοιρηκότες,
757 1003 826 1058 δι’
856 997 932 1058 ὧν
965 1002 1081 1057 ἐστι
1116 1001 1309 1074 μαθεῖν
1339 1004 1438 1073 τῆς
1471 1001 1810 1070 άξιαγάστου
1837 1018 1936 1054 πο-

330 1095 540 1182 λιτείας
559 1094 660 1166 τὴν
684 1095 836 1163 όδόν;
870 1096 1174 1168 ἀκάθαρτοι
1225 1096 1289 1168 δὴ
1335 1091 1452 1163 οὖν,
1496 1093 1602 1149 κᾶν
1644 1094 1693 1147 εί
1726 1093 1936 1147 δοκοῑεν

330 1184 475 1242 εἶναι
507 1187 654 1251 τινὲς
684 1188 914 1259 χρηστοὶ
971 1189 1068 1243 καλ⁹
1108 1189 1395 1252 ἐπιεικεῖς.
1431 1188 1640 1260 Ὠσπερ
1677 1185 1734 1241 δὲ
1760 1186 1936 1257 φύλλα

331 1279 692 1336 πεπτώκασιν
745 1281 811 1335 ὲκ
842 1281 1035 1352 φυτοῦ,
1071 1282 1165 1336 καὶ
1195 1281 1350 1335 οὐδὲν
1393 1280 1624 1345 ἀπεικὸς
1675 1281 1725 1334 εί
1777 1277 1936 1333 τοῦτο

331 1372 623 1438 παθόντες,
651 1373 744 1428 καὶ
763 1373 1205 1448 διαῤῥιπτεῖσθαι
1243 1371 1522 1445 πανταχοῦ
1555 1371 1936 1446 προσδοκῶσιν

331 1465 385 1518 oi
417 1465 666 1529 τάλανες·
695 1465 1176 1539 εὐπαρακόμιστον
1204 1467 1314 1538 7&9
1368 1466 1634 1537 ἐσχήκασι
1667 1463 1768 1536 τὴν
1799 1479 1936 1535 καρ-

331 1557 474 1622 δίαν,
526 1557 620 1612 καὶ
666 1553 778 1612 οἷον
827 1560 992 1613 παντὶ
1023 1557 1466 1634 περιφερομένην
1516 1556 1814 1628 πνεύματι,
1842 1554 1938 1609 καὶ

331 1648 516 1714 οὐδείς
535 1651 656 1704 ἐστι
692 1650 826 1722 παρ’
855 1651 1043 1715 αὐτοῖς
1071 1654 1100 1705 ὁ
1121 1651 1364 1723 γνησίως
1399 1647 1782 1704 ἐπικαλεῖσθαι
1803 1646 1938 1700 Θεὸν

332 1737 514 1804 εἰδὼς,
544 1741 715 1812 ήγουν
745 1742 836 1796 διὰ
895 1744 1118 1816 μνήμης
1165 1743 1325 1814 ἔχων,
1368 1744 1450 1797 ὅτι
1495 1742 1603 1814 χρὴ
1647 1740 1750 1812 τῆς
1802 1738 1940 1810 πρὸς

330 1831 501 1886 αὐτὸν
524 1834 864 1904 οίκειότητος
893 1834 1274 1889 ἀντιλαϐέσθαι
1321 1834 1608 1900 νεανικῶς·
1642 1831 1942 1887 πεπτώκα-

2037 627 2227 684 liceret
2269 625 2542 699 praeclara:
2585 626 3017 682 conversationis
3061 630 3202 682 viam
3249 631 3499 686 discere?
3536 633 3640 687 lm-
3710 617 3730 638 ’

2037 721 2155 792 puri
2192 721 2358 792 igitur
2389 728 2537 786 sunt,
2565 719 2778 774 etiamsi
2818 720 2940 774 boni
2977 731 3032 775 et
3065 721 3217 790 probi
3255 737 3378 777 esse
3414 723 3639 780 videan-

2037 823 2146 870 tur.
2179 814 2258 869 Ac
2307 822 2566 883 tanquam
2611 812 2738 868 l‘olia
2782 812 3099 867 ceciderunt
3145 813 3212 868 de
3257 819 3486 881 arbore;
3539 831 3641 872 nec

2038 907 2236 962 mirum
2267 915 2352 962 est
2379 906 2426 962 si
2455 920 2578 962 cum
2608 903 2714 959 boc
2747 903 2853 959 illis
2885 905 3119 968 accidat,
3147 905 3314 960 etiam
3352 906 3636 977 abiectum
3708 934 3714 939 -

2039 1000 2106 1056 iri
2155 1014 2216 1056 se
2258 999 2418 1071 plane
2471 1005 2695 1068 sperent
2743 997 2949 1052 miseri.
2998 997 3240 1052 Labilem
3296 1013 3531 1069 namque
3583 1012 3641 1055 et

2039 1089 2301 1146 lubricam
2346 1097 2582 1144 mentem
2621 1085 2950 1151 habuerunt,
2978 1101 3100 1156 quae
3135 1086 3281 1142 omni
3329 1096 3490 1142 vento
3529 1089 3638 1143 cir-

2037 1183 2339 1240 cumfertur
2356 1181 2426 1240 ³⁸.
2446 1179 2561 1238 Nec
2584 1179 2873 1250 quisquam
2902 1193 3092 1234 eorum
3119 1187 3206 1234 est
3254 1178 3347 1249 qui
3375 1193 3639 1249 germane

2039 1290 2104 1331 ac
2130 1275 2366 1346 genuine
2392 1274 2533 1329 sciat
2560 1273 2730 1330 Deum
2756 1273 3028 1334 invocare,
3053 1279 3146 1325 aut
3171 1270 3265 1340 qui
3298 1271 3632 1336 meminerit,

2037 1367 2477 1438 coniunctionem
2511 1382 2632 1436 quae
2665 1381 2790 1422 cum
2827 1366 2946 1435 ipso
2978 1373 3093 1428 est,
3128 1363 3636 1433 apprehendendam

2038 1471 2095 1518 et
2117 1458 2547 1530 amplectendam
2578 1467 2829 1527 prompte
2854 1466 2908 1511 et
2936 1455 3094 1526 quasi
3122 1453 3457 1524 iuveniliter.
3485 1455 3642 1509 Ceci-

2040 1554 2219 1609 dimus
2257 1559 2461 1616 autem,
2493 1551 2763 1619 inquiunt,
2789 1563 2855 1603 eo
2894 1547 3152 1613 miseriae,
3185 1565 3205 1598 ι
3234 1547 3360 1616 quia
3394 1546 3640 1601 avertiin

2041 1642 2236 1700 faciem
2270 1651 2420 1697 tuam
2454 1656 2484 1695 a
2519 1640 2698 1704 nobis,
2724 1651 2780 1695 et
2817 1638 3083 1694 tradidisti
3122 1651 3222 1690 nos
3258 1647 3481 1706 prapter
3512 1650 3643 1700 pec-

2041 1747 2163 1794 cata
2195 1744 2403 1793 nostra.
2443 1753 2462 1789 ι
2502 1734 2620 1790 Non
2657 1733 2803 1788 enim
2837 1732 2980 1786 beati
3015 1746 3136 1786 esse
3166 1738 3438 1800 poterant,
3469 1744 3495 1780 a
3531 1727 3644 1782 Deo

2039 1827 2268 1899 reiecti;
2311 1834 2362 1882 at
2399 1827 2548 1881 omni
2597 1824 2740 1880 malo
2787 1821 3058 1905 transﬁgi.
3076 1821 3236 1892 plane
3278 1829 3492 1889 Oportet
3523 1833 3641 1882 eos,

336 1938 439 1992 μεν
464 1922 544 1987 δὲ,
593 1922 750 1993 φατὶ,
787 1924 926 1996 πρὸς
965 1923 1126 1979 τοῦτο
1175 1924 1574 1996 ταλαιπωρίας,
1631 1941 1651 1976 ι
1692 1923 1775 1976 ὅτι
1825 1923 1933 1976 άπ-

2048 1918 2136 1988 qui
2168 1919 2302 1973 adeo
2337 1917 2522 1971 multis
2551 1914 2789 1985 peccatis
2817 1913 3026 1968 onerati
3057 1919 3205 1966 sunt.

333 2014 611 2088 έστρεψας
646 2015 708 2070 τὸ
734 2015 1025 2088 πρόσωπόν
1058 2033 1153 2070 σου
1189 2017 1284 2086 ἀφ’
1309 2016 1491 2089 ήμῶν,
1533 2016 1630 2071 καὶ
1658 2014 1988 2087 παρέδωκας
2016 2011 2172 2082 ἡμᾶς
2224 2008 2314 2064 διὰ
2340 2009 2442 2072 τὰς
2474 2005 2748 2079 ἁμαρτίας
2769 2003 2948 2076 ήμῶν.
2984 2023 3002 2054 ι
3031 2003 3104 2055 Οὐ
3126 2002 3236 2072 γὰρ
3270 1996 3340 2072 ἦν
3369 1997 3642 2072 εὐπράξαι

330 2109 464 2172 τοὺς
487 2107 846 2180 ἀποστροφὴν
883 2108 1288 2180 ὑπομείναντας
1353 2108 1453 2179 τήν
1487 2107 1642 2179 παρὰ
1701 2106 1863 2175 Θεοῦ,
1889 2104 2009 2159 ἀλλ’
2047 2099 2115 2174 ἦν
2155 2101 2311 2157 πᾶσά
2357 2117 2475 2165 πως
2535 2098 2750 2168 ἀνάγκη
2797 2097 2960 2150 παντὶ
3011 2091 3434 2164 περιπείρεσθαι
3487 2089 3646 2160 κακῷ

331 2202 462 2266 τοὺς
487 2205 607 2266 ταῖς
633 2201 779 2258 οὕτω
801 2203 1024 2266 πολλαῖς
1057 2201 1357 2274 ἁμαρτίαις
1425 2199 1923 2272 κατηχθισμένους,

409 2294 520 2349 Καὶ
546 2294 684 2362 νῦν,
711 2296 911 2365 Κύριε,
955 2294 1160 2364 Πατὴρ
1193 2293 1366 2364 ἡμῶν
1397 2293 1481 2349 σὺ
1510 2289 1583 2348 εἷ.
1626 2291 1828 2362 Ἡμεῖς
1864 2291 1936 2345 δὲ

2121 2291 2281 2347 Vens.
2308 2289 2364 2354 8,
2393 2289 2447 2344 9.
2481 2287 2546 2342 Et
2590 2301 2748 2350 nunc,
2788 2283 3034 2343 Domine,
3082 2278 3249 2333 Pater
3269 2288 3448 2332 noster
3471 2285 3528 2328 tu
3549 2291 3608 2331 es
3628 2313 3645 2339 ,

333 2385 569 2453 πηλὸς,
632 2384 778 2456 ἔργα
841 2384 964 2440 τῶν
1015 2382 1232 2456 χειρῶν
1285 2398 1404 2438 σου
1461 2383 1685 2450 πάντες
1734 2381 1928 2453 ἡμεῖς.

2048 2400 2134 2438 "08
2159 2393 2332 2435 autem
2359 2381 2560 2441 Iulum;
2587 2390 2744 2446 opera
2773 2386 3030 2428 manuum
3053 2380 3266 2424 tuarum
3305 2382 3482 2422 omnes
3527 2382 3645 2421 R08.

333 2477 439 2548 Μὴ
500 2478 735 2548 ὀργιζου
790 2478 940 2548 ἡμῖν
990 2477 1264 2548 σφόδρα,
1331 2476 1432 2531 καὶ
1484 2475 1570 2548 μὴ
1618 2475 1690 2529 ἐν
1751 2470 1934 2544 καιρῷ

2048 2475 2127 2532 Ne
2155 2473 2412 2530 irascaris
2443 2470 2592 2526 nobis
2622 2469 2803 2532 nimis,
2832 2477 2879 2522 et
2908 2483 2973 2520 ne
3005 2461 3302 2518 memineris
3329 2461 3384 2513 in
3415 2469 3648 2526 tempore

327 2571 621 2643 μνησθῇς
695 2570 997 2642 ἁμαρτιῶν
1069 2568 1261 2641 ἡμῶν.
1330 2569 1439 2625 Kal
1508 2569 1628 2624 νῦν
1691 2567 1933 2622 ἐπίϐλε-

2048 2578 2371 2638 peccatorum
2398 2573 2719 2620 nostrorum.
2748 2558 2907 2613 Nunc-
2935 2572 3058 2627 ergo
3087 2554 3302 2620 respice,
3325 2553 3450 2622 quia
3478 2567 3649 2620 popu-

332 2666 493 2734 ψον,
551 2663 644 2719 ὅτι
689 2664 840 2730 λαός
887 2677 1006 2718 σου
1053 2660 1280 2730 πάντες
1334 2660 1543 2732 ἡμεῖς,
1599 2661 1778 2726 πόλις
1825 2657 1934 2714 τοῦ

344 2758 556 2828 Ἀγίου
590 2774 732 2813 σου.

411 2849 814 2923 Παραιτοῦνται
845 2849 1054 2922 σφόδρα
1098 2849 1160 2903 τὸ
1193 2849 1430 2903 είσόιπαν
1471 2843 1788 2902 ἀπολισθετν
1837 2843 1936 2916 τῆς

332 2944 483 3016 πρὸς
504 2943 670 2999 αὐτὸν
691 2943 1048 3014 οἰκειότητος.
1083 2940 1304 3013 Ἐπειδὴ
1327 2941 1385 2994 δὲ
1407 2938 1496 2994 διὰ
1530 2936 1730 3009 πολλὴν
1751 2937 1937 3008 ἁμαρ-

2041 2661 2125 2717 ius
2152 2670 2272 2715 tuus
2296 2674 2474 2715 omnes
2501 2672 2628 2720 nos,
2659 2653 2843 2708 civitas
2872 2649 3060 2706 Sancti
3083 2648 3182 2702 tui.

2118 2838 2286 2894 Valde
2327 2837 2712 2907 deprecantur,
2741 2830 2968 2887 omnino
3010 2843 3043 2882 a
3088 2823 3473 2896 conjunctione
3523 2836 3650 2878 cum

2049 2931 2164 2989 Deo
2205 2929 2480 2987 excidere.
2516 2926 2660 3010 Quia
2689 2939 2821 2980 vero
2855 2929 3080 2991 propter
3111 2919 3277 2974 multa
3314 2922 3542 2986 peccata
3578 2914 3646 2967 ad

317 3005 1020 3110 ’τίαν-παρηνέχθησανείς
1055 3032 1235 3100 τοῦτο,
1284 3005 1548 3086 πλέκουσι
1587 3005 1708 3095 πως
1735 3005 1940 3103 ἀρίστῃ

2051 3025 2156 3082 hoc
2205 3021 2427 3078 deducti
2479 3005 2654 3084 sunt,
2687 3015 2860 3088 890
2911 3027 3104 3085 preces
3155 3009 3362 3081 Optimo
3417 3005 3653 3062 artillcio

331 3129 509 3203 τέχνῃ
558 3129 658 3192 τὰς
707 3127 882 3192 λιτάς
938 3127 999 3181 οὐ
1055 3127 1166 3199 7&9
1203 3125 1420 3198 ἔχοντες
1471 3124 1530 3192 ἐξ
1556 3123 1722 3197 ἔργου
1763 3123 1862 3177 καὶ
1885 3121 1947 3190 ἐξ

331 3223 648 3295 ἀμωμήτου
675 3221 824 3294 ζωῆς
861 3221 1251 3293 ὲκδυσωπῆσαι
1288 3220 1382 3274 τὸν
1417 3218 1680 3285 σώζοντα,
1713 3216 1802 3287 ἐφ’
1823 3216 1946 3270 ἓτε-

335 3316 440 3390 ρόν
471 3333 527 3369 τι
561 3313 857 3386 βαδίζουσι.
904 3310 1293 3385 Παρακαλοῦσι
1340 3311 1451 3382 7&9
1487 3311 1564 3374 ὡς
1598 3307 1947 3382 Δημιουργδν

333 3407 672 3480 ποιημάτων
701 3405 848 3460 ἰδίων
878 3403 1070 3459 θέσθαι
1099 3402 1226 3457 τινὰ
1245 3403 1427 3472 λόγον,
1450 3402 1546 3456 καὶ
1564 3403 1752 3472 νεῖμαι
1777 3399 1947 3469 φειδῶ

333 3503 458 3566 τοῖς
493 3499 626 3574 παρ’
661 3497 832 3554 αὐτοῦ
880 3495 1387 3569 παρενηνεγμένοις
1435 3496 1517 3558 εἰς
1565 3493 1627 3546 τὸ
1657 3487 1819 3559 εἶναι,
1849 3497 1947 3547 καὶ

333 3597 471 3666 ξῇν.
527 3612 546 3646 ι
576 3593 770 3664 Πατὴρ
819 3589 930 3660 7&9
981 3587 1140 3660 ἡμῶν
1188 3586 1630 3660 κεχρημάτικας,
1675 3605 1694 3639 ι
1742 3585 1944 3656 φησὶν,

338 3705 364 3740 s
394 3685 562 3757 ἐσμὲν
593 3685 651 3738 δὲ
684 3685 849 3756 ήμεῐς
877 3681 988 3736 τῶν
1021 3679 1130 3736 σῶν
1155 3679 1294 3752 ἔργα
1331 3678 1557 3752 χειρῶν.
1608 3677 1822 3735 Οὐκοῦν
1871 3677 1946 3749 μὴ

331 3777 568 3850 ὀργίςου
600 3777 734 3847 ήμῖν
761 3774 990 3847 σφόδρα.
1034 3793 1054 3828 ι
1100 3774 1216 3829 Οὐκ
1253 3770 1566 3843 ἀγνοοῦσιν,
1598 3773 1681 3828 ὅτι
1707 3787 1948 3843 προσκε-

336 3870 680 3943 κρούκασιν,
736 3865 1068 3941 ὁμολογοῦσι
1123 3867 1181 3922 δὲ
1241 3866 1468 3940 μᾶλλον,
1526 3865 1610 3920 ὅτι
1658 3864 1754 3920 καὶ
1791 3862 1949 3935 δίκης

334 3962 532 4029 ἀξίους
587 3961 814 4024 ἑαυτοὺς
849 3958 1165 4032 ἀπέφηναν,
1233 3955 1700 4030 πεπαρῳνηκότες
1741 3954 1951 4028 ἀγρίως

337 4053 428 4115 είς
446 4051 538 4105 τὸν
559 4050 714 4105 Υίόψ
749 4050 839 4104 διὰ
863 4049 1024 4104 τοῦτο
1077 4049 1365 4121 μονονουχὶ
1415 4047 1709 4112 κολάζουσι
1747 4046 1826 4117 (1)
1851 4046 1951 4116 τὴν

338 4144 527 4216 λιτήν,
563 4145 656 4198 καὶ
704 4143 806 4197 οὐκ
851 4141 1148 4214 ἐλευθέραν
1188 4138 1470 4202 παντελῶς
1523 4136 1805 4193 ποιοῦνται
1848 4137 1950 4206 τὴν

342 4238 634 4310 πρόσοδον·
677 4236 853 4309 βραχὺ
877 4235 935 4290 δέ
958 4252 1077 4299 πως
1092 4234 1191 4306 τὴν
1211 4233 1525 4307 παρρησίαν
1548 4231 1947 4296 συστείλαντες,

341 4331 410 4386 οὐ
444 4331 507 4385 τὸ
564 4329 703 4402 μηδὲ
738 4328 876 4391 ὅλως
935 4326 1255 4400 ὀργίζεσθαι
1310 4324 1433 4379 κατ’
1477 4323 1660 4378 αὐτῶν
1707 4321 1950 4377 αἰτοῦσιν

2051 3125 2260 3175 texunt.
2283 3113 2419 3170 Cum
2449 3111 2597 3169 enim
2629 3125 2736 3164 non
2769 3107 2981 3178 possint
3009 3103 3266 3176 operibus
3295 3108 3352 3157 et
3378 3099 3653 3168 inculpata

2049 3211 2164 3266 vita
2213 3207 2566 3265 Servatorem
2622 3202 2878 3274 placare,
2920 3199 2989 3254 ad
3038 3198 3184 3254 aliud
3234 3211 3296 3251 se
3341 3192 3652 3250 conterunt.

2049 3301 2264 3372 Rogant
2288 3297 2432 3354 enim
2461 3303 2520 3349 ut
2541 3294 2884 3358 Creatorem,
2909 3299 2970 3345 ut
2995 3288 3081 3344 sui
3114 3284 3360 3358 ﬁgmenti
3387 3281 3653 3338 rationem

2048 3392 2265 3457 habeat,
2288 3400 2344 3446 et
2370 3387 2807 3445 misericordiam
2834 3380 3085 3438 conferat
3108 3379 3166 3435 in
3195 3393 3291 3434 eos
3315 3375 3409 3447 qui
3439 3374 3507 3429 ab
3534 3373 3655 3441 ipso

2049 3485 2102 3541 in
2134 3498 2315 3540 rerum
2349 3490 2598 3538 naturam
2649 3486 2705 3534 et
2753 3477 2922 3530 vitam
2951 3470 3200 3544 producti
3233 3475 3381 3525 sunt.
3435 3483 3455 3519 ι
3493 3464 3657 3520 Pater

2048 3574 2194 3630 enim
2248 3580 2452 3638 noster,
2482 3590 2502 3625 ι
2536 3569 2734 3640 inquit,
2765 3585 2785 3620 ι
2815 3561 3170 3634 nnncuparis,
3225 3571 3433 3628 nosque
3467 3570 3658 3612 sumus

2047 3679 2215 3734 opera
2268 3677 2529 3718 manuum
2576 3671 2813 3716 tuarum.
2845 3654 3032 3724 Itaque
3079 3669 3148 3708 ne
3194 3648 3452 3707 irascaris
3499 3645 3658 3702 nobis

2049 3755 2309 3827 graviter.
2342 3773 2360 3807 ι
2395 3753 2514 3810 Non
2543 3753 2798 3824 ignorant
2825 3764 2886 3806 se
2913 3746 3227 3810 oﬂ'endisse,
3251 3744 3362 3799 imo
3387 3741 3658 3799 conmen-

2053 3858 2164 3915 tur,
2193 3848 2337 3920 quod
2371 3861 2434 3903 se
2463 3861 2630 3915 poena
2663 3845 2855 3916 dignos
2889 3839 3190 3920 effecerint,
3219 3835 3534 3892 immaniter
3561 3833 3655 3888 de-

2051 3913 2306 3998 baccliati
2337 3940 2392 3995 in
2424 3913 2646 3993 Filium.
2683 3913 2892 3991 Idcirco
2924 3913 3090 3988 etiain
3125 3929 3495 4001 precationem
3534 3932 3662 3978 tan-

2055 4045 2166 4092 tum
2209 4049 2316 4089 non
2363 4030 2760 4093 eonscindunt,
2794 4040 2895 4082 nec
2937 4025 3167 4080 liberum
3219 4021 3324 4077 sibi
3373 4032 3659 4075 accessum

2053 4127 2367 4195 aditumque
2400 4124 2632 4188 faciunt,
2663 4121 2759 4176 sed
2791 4116 3189 4189 aliquantulum
3229 4112 3480 4184 loquendi
3519 4110 3661 4165 [idu-

2053 4221 2194 4278 ciam
2245 4217 2598 4284 contrabunt,
2633 4214 2912 4283 Deumque
2946 4217 3109 4267 orant
3147 4204 3558 4269 miserabiliter,
3591 4217 3662 4257 ne

2054 4313 2277 4370 omnino
2312 4310 2415 4367 sibi
2451 4310 2750 4373 irascatur,
2788 4305 2884 4362 sed
2922 4313 2982 4360 ut
3014 4303 3254 4358 furorem
3289 4295 3665 4371 placabilitate

345 4391 605 4488 ἐλεεινῶς
628 4391 733 4477 ’τδν
782 4421 939 4487 Θεὸν,
969 4391 1382 4475 άναπλέκεσθαι
1413 4418 1471 4472 δὲ
1501 4417 1702 4491 μᾶλλον
1721 4417 1943 4488 γαληνό-

2056 4412 2454 4475 contemperet.
2477 4401 2634 4473 Digni
2663 4400 2905 4472 quidem,
2929 4396 3126 4468 inquit,
3154 4409 3344 4451 sumus
3369 4391 3526 4464 plane
3554 4391 3658 4459 ira,

344 4535 474 4588 τητι
503 4516 595 4571 τὸν
616 4515 809 4587 θυμόν.
845 4514 1020 4579 Ἀξιοι
1049 4515 1148 4586 μὲν
1202 4513 1312 4586 γὰρ
1356 4514 1528 4585 ὀργῆς
1579 4511 1949 4583 ὁμολογουμέ-

347 4625 478 4672 νως,
503 4608 688 4679 φησὶν,
718 4608 766 4660 οἱ
797 4608 910 4669 τοῖς
934 4604 1109 4670 οὕτως
1128 4604 1322 4668 δεινοῖς
1353 4602 1706 4674 ὲνισχημένοι
1733 4604 1944 4669 κακοῖς,

237 4745 240 4748 ι
349 4698 492 4754 ἀλλὰ
503 4699 605 4770 τῆς
622 4698 721 4770 σῆς
749 4696 1090 4770 ήμερότητος
1117 4695 1266 4763 ἄξιον
1290 4693 1503 4763 γένοιτο
1528 4693 1595 4747 ἂν
1609 4693 1673 4747 τὺ
1689 4691 1950 4747 κολοϐοῦν

351 4789 440 4861 ἐφ’
468 4789 624 4860 ἡμῖν,
654 4788 750 4843 καὶ
778 4788 846 4841 τὰ
866 4787 931 4840 ἐκ
959 4784 1174 4847 δικαίας
1189 4784 1379 4857 ὀργῆς.
1404 4802 1423 4836 ι
1461 4784 1553 4837 Ἐν
1582 4781 1762 4854 καιρῷ
1790 4801 1808 4832 ι
1839 4780 1950 4834 τοί-

351 4899 450 4940 νυν
505 4880 758 4952 θλίψεως,
817 4881 975 4953 φησὶ,
1032 4898 1052 4932 ι
1103 4878 1178 4950 μὴ
1219 4875 1468 4950 μνησθῇς
1516 4875 1627 4929 τῶν
1665 4873 1955 4946 ἁμαρτιῶν

350 4975 536 5049 ήμῶν,
564 4973 764 5031 ἐννοῶν
801 4975 934 5029 ὃτιὸ
957 4974 1091 5040 λαός,
1114 4989 1209 5026 σου
1234 4969 1436 5032 πάντες
1463 4969 1650 5040 ἡμεῖς,
1674 4966 1767 5021 καὶ
1799 4964 1954 5030 πόλις

352 5066 451 5122 τοῦ
496 5066 678 5138 Ἁγίου
707 5083 823 5131 σου,
862 5086 879 5118 ι
933 5066 1237 5129 τουτέστιν,
1270 5063 1329 5116 ἐν
1451 5063 1512 5114 τὸ
1555 5060 1647 5114 σὺν
1679 5058 1950 5128 ἁγίασμα.

356 5158 692 5232 Σημαίνουσι
725 5155 782 5210 δὲ
811 5157 902 5211 διὰ
929 5156 1136 5210 τούτων
1163 5155 1256 5208 τὸν
1290 5152 1448 5208 νεών.

441 5249 734 5321 Ἐγ-ενήθη
787 5249 1008 5317 ἕρημος
1060 5247 1236 5312 Σιὼν,
1287 5247 1368 5312 ὡς
1419 5243 1640 5313 ἔρημος
1694 5237 1950 5310 ἐγενήθη

369 5339 811 5410 Ἰερουσαλὴμ,
875 5340 964 5404 είς
1027 5336 1296 5406 κατάραν
1357 5340 1390 5391 ὀ
1444 5331 1608 5400 οἶκος
1662 5332 1729 5386 τὸ
1785 5330 1954 5400 ἅγιον

357 5432 548 5504 ἡμῶν,
579 5433 618 5500 ’ἡ
667 5431 818 5496 δόξα
864 5429 944 5498 ἢν
975 5429 1329 5499 εὐλόγησαν
1360 5431 1416 5482 οι
1463 5425 1717 5494 πατέρες
1749 5421 1952 5490 ήμῶν,

356 5524 617 5597 ἐγενήθη
662 5525 1112 5594 πιφίκαυστος,
1171 5521 1271 5574 καὶ
1343 5519 1542 5574 πάντα
1592 5518 1662 5574 τὰ
1730 5515 1955 5580 ἔνδοξα

436 5704 486 5747 ²⁹
513 5701 630 5760 Jac.
669 5718 707 5769 ι,
739 5702 793 5758 6.

441 5888 516 5966 (1)
551 5886 811 5944 llunlrcd.
848 5885 1041 5958 legisse
1081 5883 1292 5940 videtur
1333 5877 1683 5936 κολάιττουσε.

2057 4499 2192 4552 adeo
2245 4493 2504 4566 gravibus
2552 4492 2708 4547 malis
2763 4490 3060 4559 implicati;
3116 4496 3174 4542 at
3226 4495 3317 4541 tua
3369 4483 3663 4539 clementia

2054 4589 2274 4659 dignum
2308 4595 2392 4642 est
2445 4585 2585 4640 iram
2619 4583 2786 4639 etiam
2825 4583 3029 4655 justam
3073 4581 3126 4634 in
3177 4593 3276 4634 nos
3319 4577 3569 4631 minuere
3611 4587 3667 4631 et

2054 4680 2360 4735 decurtare.
2402 4695 2421 4728 ι
2475 4675 2746 4746 Tempore
2793 4694 2813 4728 ι
2861 4675 3031 4744 igitur
3073 4669 3413 4733 alﬂictionis,
3452 4667 3664 4745 inquit,

2067 4792 2086 4826 ι
2126 4786 2197 4828 ne
2237 4767 2554 4825 memineris
2591 4775 2942 4838 peccatorum
2986 4770 3322 4828 nostrorum,
3351 4760 3447 4816 sed
3489 4758 3665 4828 cogita

2062 4865 2320 4936 populum
2358 4873 2511 4919 tuum
2544 4877 2644 4918 nos
2674 4877 2869 4918 omnes
2896 4873 3040 4926 esse,
3071 4865 3128 4913 et
3159 4856 3437 4912 civitatem
3474 4849 3665 4906 Sancti

2063 4958 2162 5021 tui,
2197 4976 2217 5010 ι
2253 4955 2305 5011 id
2336 4964 2441 5020 est,
2472 4956 2525 5010 in
2559 4970 2669 5025 qua
2705 4963 2856 5010 tuum
2889 4961 2979 5009 est
3003 4947 3402 5008 sanctuarium.
3439 4941 3666 5016 $ignili-

2062 5060 2192 5106 cant
2216 5057 2398 5105 autem
2427 5048 2512 5104 bis
2535 5048 2719 5104 verbis
2749 5045 3029 5116 templum.

2135 5229 2298 5284 Vens.
2333 5228 2522 5283 10—12.
2558 5225 2731 5280 Facta
2776 5234 2852 5279 est
2892 5229 3098 5277 deserta
3137 5220 3302 5286 Sion;
3347 5217 3500 5289 quasi
3539 5214 3668 5270 soli-

2063 5325 2192 5376 tudo
2237 5323 2378 5390 facta
2424 5331 2498 5376 est
2539 5319 2873 5382 Jerusalem,
2912 5315 3206 5371 exsecratio
3251 5315 3437 5367 domus
3482 5315 3668 5365 sancta

2063 5426 2273 5479 nostra,
2311 5415 2478 5486 gloria
2528 5415 2614 5468 cui
2663 5413 3039 5467 benedixerunt
3091 5419 3268 5480 patres
3313 5404 3515 5468 nostri,
3548 5399 3672 5470 igne

2062 5510 2331 5567 combusta
2357 5520 2454 5578 est,
2480 5518 2525 5563 ct
2553 5506 2728 5562 omnia
2757 5505 2990 5578 gloriosa
3017 5500 3382 5558 conciderunt.
3413 5493 3481 5550 Et
3512 5507 3666 5563 super
