4140 6472
557 395 697 451 1403

1585 398 1643 454 S.
1687 395 1965 452 CYRILLI
2006 394 2478 452 ALEXANDRINI
2518 393 2840 450 ARCl-IIEP.

3679 405 3700 458 1
3711 404 3816 461 4οι

551 514 632 568 his
678 513 917 569 omnibus
961 523 1016 566 tu
1061 513 1386 578 sustinuisti,
1427 513 1676 582 Domine,
1711 524 1762 570 ct
1807 516 2050 578 tacuisti,
2085 525 2125 569 et

2238 515 2564 569 συνέπεσε.
2593 515 2701 568 Καὶ
2729 513 2828 568 ἐπὶ
2883 511 3031 568 πᾶσι
3070 515 3303 581 τούτοις
3339 517 3643 585 ἠνέσχου,
3704 525 3819 577 Κίι-

552 603 840 658 humiliasli
871 620 962 656 nos
993 604 1160 657 ualde.

622 778 756 835 Cum
794 779 1259 849 praesigniﬁcarint
1287 781 1452 834 animi
1485 782 1646 848 mala,
1679 785 2134 856 przcdixerintque

553 888 611 926 se
655 872 889 942 peccatis
937 873 1195 938 irretitos,
1233 873 1536 938 instabiles,
1570 884 1626 928 et
1669 875 1919 933 foliorum
1965 879 2135 936 instar

553 964 698 1016 omni
739 961 868 1017 ﬂatu
909 963 1014 1018 huc
1062 963 1188 1018 illuc
1229 965 1462 1034 jactalos
1508 982 1660 1034 esse;
1708 981 2134 1026 commemorant

554 1054 807 1122 deinceps
848 1063 901 1109 et
941 1065 1197 1111 externas
1239 1057 1578 1112 calamitates
1619 1075 1740 1128 quae
1785 1061 1945 1115 illata:
1983 1074 2130 1125 sunt,

553 1161 617 1201 ac
641 1146 890 1201 videntur
915 1145 1412 1220 Hierosolymorum
1438 1154 1795 1208 vastationem
1827 1153 2132 1222 deplorare,

553 1237 846 1306 templique
879 1238 1206 1294 incendium.
1237 1239 1370 1296 Nam
1405 1253 1529 1312 post
1555 1242 1862 1300 Servaloris
1889 1261 2131 1310 crucem,

553 1329 669 1384 hmc
719 1332 898 1383 omnia
944 1331 1133 1386 ellccta
1182 1344 1326 1388 sunt.
1379 1353 1398 1386 ι
1458 1335 1522 1390 Et
1569 1337 1814 1399 deserta,
1859 1357 1878 1387 ι
1928 1337 2130 1407 inquit,

556 1439 574 1472 ι
612 1419 750 1476 facta
781 1433 863 1476 est
885 1423 1036 1489 Sion,
1071 1446 1090 1478 ι
1122 1442 1241 1495 qua:
1271 1428 1407 1482 adeo
1435 1429 1676 1495 speciosa
1704 1429 1802 1484 fuit
1823 1430 2130 1499 aliquando,

546 1513 777 1569 celebris
813 1515 900 1568 illa
959 1526 1012 1570 et
1045 1518 1320 1585 pepulosa.
1355 1538 1374 1570 ι
1417 1519 1686 1590 Factaque
1719 1533 1802 1576 est
1831 1525 2134 1579 exsecratio

549 1605 741 1660 doums
775 1616 960 1660 sancta
997 1617 1203 1663 nostra.
1239 1627 1258 1660 ι
1301 1609 1743 1667 Exsecrationem
1775 1614 1979 1676 dicunt.
2014 1630 2129 1683 pro,

549 1697 976 1753 contradictione
1008 1708 1062 1752 et
1092 1700 1339 1755 convicio
1373 1701 1540 1757 Deum
1576 1704 1974 1774 ignorantibus.
2007 1706 2134 1761 Cul-

548 1794 693 1839 tores
722 1788 864 1841 enim
899 1791 1310 1857 dmmoniorum,
1339 1808 1459 1848 cmn
1491 1797 1686 1861 sancti,
1715 1806 1806 1852 aut
1830 1799 1920 1867 qui
1954 1799 2134 1868 aliquo

549 1877 709 1931 modo
745 1879 1024 1934 adhmrent
1060 1869 1170 1937 Deo
1203 1884 1486 1952 patiuntur
1519 1889 1874 1957 supplicium,
1908 1891 2126 1957 profuse
2159 1871 2201 1930 Β

549 1968 728 2021 rident
757 1977 812 2022 et
845 1967 1143 2026 ell‘eruntur
1164 2014 1179 2038 ,
1212 1985 1267 2028 et
1300 1976 1634 2043 maiestatem
1671 1979 1790 2048 ejus
1824 1981 1914 2048 qui
1947 1991 2130 2036 servat

546 2055 669 2111 illos
714 2058 945 2114 ludibrio
985 2062 1205 2119 habent.
1242 2065 1404 2136 891
1454 2067 1651 2123 Putant
1696 2072 1838 2124 enim
1887 2072 2129 2128 fortassis

545 2162 766 2202 manum
800 2150 918 2220 ejus
955 2152 1230 2224 laborare,
1263 2173 1362 2213 nec
1395 2174 1554 2228 posse
1589 2162 1708 2217 illos
1741 2177 1990 2226 servare;
2031 2180 2129 2220 nec

545 2240 784 2308 cogitant
826 2256 922 2297 eos
970 2259 1146 2314 poena:
1193 2249 1314 2304 ideo
1365 2251 1637 2320 subjectos
1685 2269 1839 2318 esse,
1872 2258 2016 2325 quod
2063 2272 2126 2313 ea

545 2331 879 2397 patraverint
901 2349 1020 2402 quae
1053 2336 1125 2391 illi
1154 2338 1466 2409 displicent.
1497 2361 1516 2394 ι
1555 2344 1872 2400 Ειεοειιιιίο
1909 2367 1928 2399 ι
1966 2349 2129 2418 igitur

548 2437 568 2470 ι
610 2418 750 2475 facta
786 2425 1087 2480 estdomus
1125 2439 1315 2484 saneta
1361 2443 1566 2488 nostra.
1606 2453 1625 2487 ι
1673 2435 1932 2493 Sanctum
1982 2441 2124 2494 enim

547 2507 653 2564 iuit
698 2513 836 2580 apud
882 2515 1001 2572 illos
1047 2519 1327 2588 templum.
1364 2521 1428 2576 Et
1471 2525 1593 2594 igne
1635 2531 1974 2584 combustum
2019 2538 2124 2597 est,

544 2599 749 2670 inquit,
781 2607 922 2673 quod
950 2623 1081 2664 voce
1111 2620 1424 2670 sanctorum
1460 2625 1676 2685 patrum
1708 2622 1843 2674 adeo
1873 2623 2127 2676 decanta—

543 2700 686 2756 tum,
733 2694 1065 2752 celebratum
1126 2715 1189 2756 ac
1248 2706 1597 2772 praedicatum
1659 2718 1760 2764 est.
1808 2709 2128 2766 Concidisse

540 2781 694 2838 aiunt
716 2787 895 2842 omnia
925 2789 1181 2860 gloriosa.
1210 2795 1365 2872 Nulla
1393 2799 1539 2854 enim
1564 2808 1684 2855 erat
1713 2803 1936 2856 omnino
1963 2817 2128 2858 vene-

544 2876 684 2931 ratio
714 2892 1185 2942 sacrosanctorum
1223 2903 1499 2958 vasorum,
1527 2907 1646 2963 qua:
1679 2894 1732 2948 in
1767 2891 1952 2950 divino
1987 2905 2124 2951 tem-

540 2964 630 3034 plo
661 2968 832 3036 posita
865 2969 1103 3042 inerunt,
1129 2979 1271 3032 nulla
1307 2984 1613 3037 reverentia
1641 2984 1727 3040 his
1753 2987 1844 3056 qui
1875 2985 1964 3040 illa
1996 2987 2128 3044 diri-

540 3057 696 3123 piunt
729 3069 784 3115 et
817 3061 1133 3123 incendunt.
1168 3087 1190 3120 ι
1225 3071 1294 3124 At
1326 3073 1666 3141 sustinuisti,
1705 3096 1724 3128 ι
1767 3077 1974 3147 inquit,
2008 3097 2028 3132 ι
2071 3081 2123 3134 in

541 3147 626 3202 his
655 3150 908 3208 omnibus
940 3163 996 3210 et
1027 3158 1369 3228 conticuisti,
1403 3178 1615 3234 nosque
1645 3167 1710 3222 ad
1745 3168 1919 3224 solum
1956 3185 2125 3240 usque

539 3242 900 3306 prostravisti.
943 3263 962 3298 ι
996 3246 1133 3314 Quia
1158 3253 1304 3307 enim
1336 3255 1600 3325 repellere
1627 3268 1844 3329 poterat
1872 3262 2122 3319 hostilem

540 3332 850 3402 incursum,
891 3341 1138 3406 permisit
1185 3352 1365 3402 tamen
1414 3361 1510 3404 eos
1558 3349 1921 3421 invalescere,
1963 3364 2019 3410 et
2069 3355 2124 3411 in

540 3421 718 3490 ipsum
774 3427 938 3483 etiam
985 3433 1244 3502 templum
1285 3437 1493 3496 irruere
1536 3461 1549 3496 :
1598 3443 1857 3514 colligunt
1898 3445 2024 3503 inde
2067 3463 2124 3504 se

539 3517 919 3608 propteriram
950 3532 1005 3577 et
1033 3536 1252 3593 peccata
1282 3529 1566 3599 despectos
1590 3549 1735 3602 esse,
1765 3537 2010 3608 iramque
2039 3540 2122 3596 his

538 3603 612 3699 de
635 3606 814 3662 causis
844 3611 1176 3682 concipiunt.
1203 3616 1304 3684 Qui
1333 3620 1475 3674 enim
1507 3631 1685 3691 potest
1715 3603 1966 3694 injuriam
1998 3645 2122 3699 pro-

538 3693 747 3762 hibere,
773 3704 1139 3766 praetermittit
1171 3717 1372 3778 tamen,
1398 3723 1453 3768 et
1483 3730 1569 3770 res
1599 3693 1858 3773 adversas
1885 3731 1940 3774 et
1970 3693 2123 3790 aspe-

539 3799 632 3839 ras
663 3788 728 3880 ad
756 3788 917 3845 linem
947 3809 1116 3863 usque
1147 3804 1400 3870 progredi
1431 3814 1484 3860 et
1511 3810 1806 3876 procedere
1837 3788 2120 3880 permittit,

537 3877 787 3932 acerbam
814 3880 947 3938 iram
977 3889 1162 3954 procul
1189 3891 1353 3948 dubio
1382 3895 1433 3949 in
1462 3912 1556 3952 eos
1586 3877 1878 3957 distillasse
1911 3912 1965 3957 et
1989 3905 2120 3958 etfu-

537 3964 684 4066 disse
715 3983 872 4036 eum,
903 3975 1248 4034 manifestum
1283 3994 1396 4049 est;
1435 3986 1506 4040 ita
1542 3997 1601 4042 ut
1627 3991 1789 4045 etiam
1822 4009 1974 4049 suam
2008 3995 2119 4065 git).-

539 4061 674 4110 riam
711 4061 977 4130 neglectui
1011 4068 1291 4138 habuerit,
1322 4085 1377 4130 et
1411 4077 1642 4135 ludibria
1680 4082 1918 4140 hostium
1953 4061 2120 4143 susti-

540 4150 739 4246 nuerit.
790 4152 1233 4229 Quandoquidem
1296 4166 1431 4222 bene
1488 4172 1690 4227 accidit
1773 4191 1868 4230 eos
1933 4192 2120 4246 pmnas

539 4238 690 4308 dare,
717 4259 855 4313 quos
882 4263 980 4316 par
1011 4263 1095 4307 est
1118 4255 1188 4310 ob
1215 4257 1380 4312 multa
1412 4273 1630 4330 peccata
1661 4238 2114 4336 supplicio-allici.

604 4418 732 4476 CAP.
766 4422 928 4480 LXV.
961 4425 1124 4484 Vsus.
1158 4432 1217 4495 1,
1248 4433 1303 4487 2.
1334 4435 1648 4506 Manifestus
1684 4442 1856 4510 factus
1888 4464 2003 4500 sum
2036 4450 2117 4503 Itis

2152 3209 2195 3267 C

2229 623 2355 674 ριε,
2383 604 2482 659 καὶ
2505 605 2885 672 ἐσιώπησας,
2936 601 3036 656 καί
3069 602 3476 670 ἑταπείνωσας
3515 605 3672 676 ἡμᾶς
3707 609 3818 676 ἕως

2235 697 2491 766 σφόδρα.

2306 787 2416 849 Τὰς
2448 789 2505 840 ἐν
2540 787 2686 857 ψυχῇ
2744 785 2947 856 ζημίας
3004 785 3581 856 προαπαγγείλαντες,
3611 792 3707 845 καὶ
3734 793 3816 846 ὅτι

2235 878 2492 948 γεγόνασι
2525 880 2646 941 ταῖς
2673 878 2971 949 ἁμαρτίαις
3021 879 3280 933 εὐάλωτοι
3308 883 3780 953 προηγορευκότες
3798 925 3812 947 ,

2235 969 2612 1041 εὑωράφοροί
2642 987 2703 1022 τε
2734 969 2828 1022 καὶ
2855 969 3068 1038 φύλλων
3110 971 3266 1037 δίκην
3290 971 3397 1025 ὑπὸ
3423 973 3625 1038 παντὸς
3656 975 3817 1029 πνεύ-

2239 1079 2406 1133 ματος
2440 1061 2567 1134 τῇδέ
2592 1079 2653 1113 τε
2687 1061 2913 1115 κάκεῖσε
2963 1061 3480 1134 διαρῤυπτούμενοι,
3513 1065 3818 1137 διαμνημο-

2234 1153 2452 1207 νεύουσι
2486 1151 2672 1206 λοιπὸν
2728 1152 2825 1206 καὶ
2853 1153 2963 1206 τῶν
3007 1152 3206 1218 ἔξωθεν
3234 1153 3420 1216 αὐτοῖς
3449 1155 3815 1226 ἐπενηνεγμέ-

2236 1262 2342 1298 νων
2399 1245 2714 1315 συμφορῶν·
2775 1244 2986 1298 ἐοίκασι
3035 1244 3092 1298 δέ
3133 1245 3232 1316 τὴν
3289 1244 3399 1298 τῶν
3431 1245 3818 1317 Ἱεροσολύμων

2236 1338 2502 1410 πόρθησιν
2528 1336 2916 1409 ὀλοφύρεσθαι,
2945 1337 3040 1392 καὶ
3063 1337 3152 1391 τὸν
3174 1337 3502 1409 ἐμπρησμὸν
3529 1337 3624 1391 τοῦ
3652 1337 3783 1392 ναοῦ
3803 1353 3814 1366 ·

2239 1429 2378 1502 μετά
2404 1431 2514 1500 γάρ
2543 1446 2624 1482 τοι
2674 1429 2764 1483 τὸν
2811 1429 2904 1482 τοῦ
2948 1429 3202 1500 Σωτῆρος
3247 1428 3499 1501 σταυρὸν,
3559 1429 3714 1482 ταυτὶ
3753 1428 3818 1499 δὴ

2236 1521 2414 1574 πάντα
2445 1520 2771 1574 τετέλεσται·
2805 1540 2823 1573 ι
2839 1522 3084 1592 Ἔρημος
3109 1521 3164 1574 δὲ
3186 1514 3280 1575 οὖν
3301 1520 3533 1590 ἐγενήθη
3557 1522 3590 1591 ή
3619 1519 3778 1585 Σιὼν,
3795 1538 3813 1570 ι

2237 1613 2434 1685 φησὶν,
2489 1615 2521 1683 ἡ
2582 1612 2890 1684 διαπρεπὴς
2956 1612 3121 1677 οὕτω,
3189 1614 3285 1666 καὶ
3335 1612 3657 1683 διαὸόητος,
3723 1612 3820 1664 καὶ

2238 1701 2647 1772 πολυανδροῦσα
2679 1701 2832 1756 ποτέ.
2875 1720 2892 1752 ι
2930 1701 3126 1770 Γέγονε
3167 1701 3224 1754 δὲ
3256 1702 3351 1755 καὶ
3375 1702 3454 1764 εἰς
3475 1700 3722 1771 κατάραν
3760 1700 3822 1752 τὸ

2237 1797 2390 1865 ἅγιον
2413 1794 2594 1866 ἡμῶν·
2625 1813 2643 1845 ι
2662 1793 2724 1847 τὸ
2749 1794 2826 1857 δὲ,
2853 1793 3100 1864 κατάραν
3123 1794 3307 1863 φασὶν,
3326 1793 3449 1846 ἀντὶ
3475 1791 3592 1856 τοῦ,
3617 1794 3695 1855 εἰς
3717 1809 3818 1845 κα-

2228 1885 2496 1957 τάῤῥησιν
2535 1883 2629 1936 καὶ
2672 1882 2939 1953 λοιδορίαν
2964 1885 3078 1945 τοῖς
3121 1881 3222 1936 οὐκ
3261 1881 3426 1935 εἰδόσι
3456 1881 3610 1935 Θεόν’
3635 1881 3685 1934 οἱ
3711 1881 3820 1951 γὰρ

2230 1976 2339 2031 τῶν
2364 1977 2636 2048 δαιμόνων
2677 1973 3015 2046 θεραπευταὶ¹
3045 1973 3369 2044 πασχόντων
3424 1973 3616 2042 ἀγίων,
3650 1974 3819 2043 ἤγουν

2229 2068 2338 2122 τῶν
2359 2068 2481 2122 καθ’
2502 2066 2785 2122 ὁντιναοῦν
2811 2066 3012 2138 τρόπον
3043 2065 3419 2136 ἀνακειμένων
3459 2064 3604 2136 Θεῷ,
3642 2065 3818 2118 πλατὺ

2231 2161 2450 2230 γελῶσι,
2487 2161 2583 2214 καὶ
2635 2159 3089 2230 κατεπαίρονται,
3131 2159 3226 2212 καὶ
3273 2158 3373 2230 τὴν
3409 2157 3505 2211 τοῦ
3555 2155 3820 2220 σώζοντος

2229 2255 2428 2316 αὐτοὺς
2462 2251 2778 2322 διασύρουσι
2810 2251 2988 2316 δόξαν.
3038 2251 3253 2304 Οἶονται
3293 2248 3403 2321 γὰρ
3434 2249 3564 2312 ῐσως
3587 2247 3688 2318 τὴν
3719 2247 3787 2301 αὐ
3806 2279 3818 2287 -

2229 2347 2322 2400 τοῦ
2351 2350 2512 2417 χεῖρα
2563 2344 2761 2398 παθεῖν
2802 2343 2862 2397 τδ
2908 2334 2983 2413 pii}
3015 2343 3228 2413 ἰσχῦσαι
3251 2341 3448 2406 σώζειν
3479 2340 3695 2400 αὐτοὺς.
3723 2340 3818 2393 καὶ

2229 2439 2330 2493 οὐκ
2371 2435 2664 2499 ἐννοοῦσιν,
2687 2435 2764 2487 ὅτι
2795 2431 3148 2487 πεπτώκασιν
3168 2430 3273 2484 ὑπὸ
3287 2430 3444 2500 δίκην
3475 2429 3820 2501 πεπραχότες

2228 2530 2348 2582 τινὰ
2369 2527 2478 2581 τῶν
2509 2525 2826 2598 ἁπᾳδόντων
2881 2522 3049 2593 αὐτῷ.
3106 2542 3123 2575 ι
3163 2521 3256 2586 Εἰς
3289 2521 3537 2592 κατάραν
3569 2539 3588 2573 ι
3635 2518 3818 2573 τοίνυν

2235 2639 2254 2673 ι
2283 2623 2310 2672 ό
2338 2615 2484 2681 οἶκος
2507 2618 2569 2670 τὺ
2595 2618 2749 2684 ἅγιον
2777 2615 2957 2686 ἡμῶν.
2988 2635 3006 2668 ι
3034 2613 3225 2683 Ἄγιος
3250 2611 3360 2684 γάρ
3379 2607 3446 2683 ἦν
3471 2610 3602 2684 παρ’
3631 2611 3816 2673 αὐτοῖς

2227 2712 2256 2763 ό
2275 2707 2419 2772 ναὸς,
2434 2707 2623 2777 γέγονε
2646 2706 2703 2759 δέ
2733 2707 2826 2760 καὶ
2849 2706 3243 2779 πυρίκαυστος,
3268 2703 3491 2774 φησὶν,ό
3512 2703 3602 2757 διά
3630 2705 3815 2775 φωνῆς

2228 2799 2338 2855 τῶν
2372 2800 2543 2869 ἁγίων
2577 2798 2852 2869 πατέρων,
2887 2797 3029 2852 ὥστε
3069 2793 3395 2868 περιφανὴς,
3429 2793 3524 2848 καὶ
3573 2794 3818 2865 ἀοίδιμος

2228 2888 2786 2960 προαπηγγελμένος·
2846 2885 3308 2960 συμπεπτωκέναι
3364 2884 3422 2938 δέ
3456 2901 3588 2954 φασι
3639 2886 3817 2940 πάντα

2226 2981 2295 3036 τὰ
2328 2979 2533 3046 ἔνδοξα·
2566 2980 2817 3052 σέϐασμα
2855 2979 2966 3051 γὰρ
2999 2974 3067 3050 ἦν
3093 2977 3228 3042 ὅλως
3282 2976 3436 3031 οὐδὲν
3491 2975 3605 3054 τῶν
3654 2975 3712 3028 ἐν
3737 2976 3817 3047 τῷ

2229 3072 2358 3142 θείῳ
2381 3071 2495 3142 ναῷ
2517 3071 2792 3143 κειμένων
2823 3069 3036 3124 σκευῶν
3069 3067 3254 3141 ἱερῶν,
3283 3069 3396 3132 τοῖς
3423 3057 3816 3140 διαρπάζουσιν

2227 3162 2389 3228 αὐτὰ,
2430 3164 2523 3216 καὶ
2549 3163 3023 3233 καταπιμπρᾶσιν·
3074 3179 3093 3212 ι
3143 3160 3400 3231 Ἠνέσχου
3447 3159 3524 3224 δὲ,
3568 3179 3586 3212 ι
3620 3161 3812 3230 φησὶν,

2235 3276 2253 3308 ι
2285 3256 2377 3310 ἐπὶ
2410 3257 2546 3309 πᾶσι
2576 3254 2805 3318 τούτοις,
2847 3254 2941 3307 καὶ
2967 3252 3356 3322 κατεσίγησας,
3389 3253 3484 3305 καὶ
3517 3251 3813 3323 κατεκόμι-

2230 3367 2330 3413 σας
2367 3351 2514 3420 ἡμᾶς
2544 3348 2648 3412 ἕως
2692 3347 2941 3416 ἐδάφους.
2979 3366 2998 3398 ι
3053 3346 3271 3416 Ἐπειδὴ
3323 3345 3433 3418 γὰρ
3470 3345 3815 3417 ἀποσοϐῆσαι

2226 3439 2522 3509 δυνάμενος
2549 3438 2655 3492 τῶν
2680 3437 2954 3508 πολεμίων
2983 3436 3083 3508 τὴν
3135 3435 3346 3505 ἔφοδον,
3389 3435 3814 3508 συγκεχώρηκεν

2230 3535 2466 3603 ἰσχῦσαι,
2490 3532 2584 3584 καὶ
2616 3531 3011 3601 καταδραμεῖν,
3057 3528 3152 3581 καὶ
3191 3525 3357 3581 αὐτοῦ
3386 3526 3481 3581 τοῦ
3533 3526 3657 3591 νεὼ,
3695 3526 3812 3580 δια-

2225 3625 2614 3696 τεκμαίρονται
2641 3623 2851 3686 λοιπὸν,
2911 3624 2994 3676 ὅτι
3046 3619 3435 3694 παρεώρανται
3491 3619 3558 3673 δι’
3606 3620 3809 3691 ὀργὴν,

2226 3717 2319 3770 καὶ
2353 3716 2639 3787 ἁμαρτιῶν
2699 3715 2974 3784 ἐπίχειρα,
3027 3711 3125 3782 τὴν
3162 3711 3250 3764 ἐπ’
3294 3710 3480 3774 αὐτοῖς
3505 3709 3570 3781 δὴ
3600 3711 3813 3773 τούτοις

2226 3809 2386 3880 σιγὴν
2433 3809 2752 3877 ἐσχήκασιν.
2804 3799 2875 3876 ft)
2918 3805 3027 3874 γὰρ
3075 3805 3196 3880 ἐνὸν
3235 3803 3472 3866 εὐκόλως
3502 3801 3810 3872 ἀποστῆσαι

2225 3899 2322 3969 τὴν
2343 3879 2520 3967 ὕϐριν,
2549 3893 2668 3950 εἷτα
2707 3894 2866 3949 τοῦτο
2897 3879 3103 3966 μεθεὶς,
3142 3897 3235 3950 καὶ
3275 3893 3559 3966 προελθεῖν
3591 3894 3670 3958 εἰς
3717 3894 3811 3946 πέ-

2229 4010 2326 4064 ρας
2349 3991 2520 4060 ἐφιεὶς
2542 3990 2612 4044 τὰ
2642 3989 2812 4054 δεινὰ,
2843 3988 3003 4059 δῆλος
3027 3987 3094 4043 ἂν
3137 3988 3224 4059 εἴη
3246 3986 3514 4058 δήπουθεν
3559 3985 3813 4057 δριμεῖαν

2223 4086 2408 4147 αὐτοῖς
2437 4081 2737 4149 ἐπιστάξας
2781 4080 2974 4153 ὀργὴν,
3005 4079 3082 4145 ώς
3135 4081 3232 4135 καὶ
3264 4079 3424 4151 δόξης
3459 4078 3596 4143 ἰδίας
3639 4079 3812 4149 ὕπερ-

2225 4176 2374 4240 ιδεῖν,
2403 4175 2499 4228 καὶ
2522 4173 2856 4245 ἀνασχέσθαι
2887 4172 3122 4241 γέλωτος
3143 4172 3376 4245 ἐχθρῶν,
3409 4173 3538 4226 ὅταν
3576 4171 3811 4244 ἐκϐαίνῃ

2218 4264 2404 4327 καλῶς
2428 4263 2489 4316 τὸ
2517 4263 2826 4318 ἐκτιννύναι
2849 4261 3006 4326 δίκας
3025 4262 3150 4326 τοὺς
3162 4256 3244 4326 οἷς
3263 4260 3330 4318 ἂν
3360 4262 3561 4334 πρέποι
3589 4261 3809 4326 κολάζε-

2223 4355 2347 4410 σθαι
2368 4354 2456 4408 διὰ
2483 4353 2689 4424 πολλὴν
2723 4353 3021 4424 ἁμαρτίαν.

2303 4445 2604 4517 Ἐμφανὴς
2664 4446 2960 4514 ἐγενόμην
3021 4442 3145 4510 τοῖς
3193 4442 3300 4513 ἐμὲ
3350 4441 3437 4512 μὴ
3498 4441 3802 4510 ζητοῦσιν,

530 4512 621 4581 qui
652 4529 730 4566 me
761 4531 862 4570 non
890 4522 1220 4589 quaerebant,
1249 4527 1488 4584 inventus
1515 4549 1630 4585 sum
1656 4550 1757 4588 non
1785 4536 2111 4608 interrogan-

2227 4512 2464 4607 ςύρέθῆν
2489 4512 2610 4603 τοῖς
2633 4512 2738 4606 ἐμὴὲ
2753 4512 2848 4607 μὴ-
2863 4512 3256 4604 ἐπερωτῶσικ.
3283 4530 3462 4590 Εἷπα·
3495 4533 3656 4590 Ἰδοὺ
3681 4527 3802 4604 εἰμὶ

531 4604 668 4656 tibus
701 4621 800 4661 me.
832 4607 956 4662 Dixi
991 4627 1010 4665 .'
1049 4612 1182 4668 Ecce
1215 4633 1307 4686 ego
1341 4622 1510 4687 genti,
1541 4640 1660 4691 qum
1694 4643 1796 4680 non
1830 4604 2110 4696 appeliauit

532 4709 718 4790 nomen
742 4713 932 4755 meum.
959 4701 1201 4770 Expandi
1223 4725 1409 4764 mutans
1437 4729 1578 4768 meas
1603 4726 1712 4770 tata
1733 4719 1838 4784 die,
1863 4722 1932 4773 ad
1951 4739 2112 4790 popu-

530 4785 641 4841 lum
668 4789 993 4848 incredulum
1019 4809 1064 4851 et
1087 4802 1548 4870 contradicentem,
1574 4809 1664 4874 qui
1693 4826 1796 4864 non
1822 4785 2109 4869 ambulavit

531 4878 588 4932 in
615 4880 698 4935 via
722 4897 864 4950 vera,
889 4887 979 4940 sed
1005 4899 1116 4952 post
1145 4902 1360 4961 peccata
1389 4911 1509 4950 sua.

603 5057 926 5118 Necessario
964 5066 1074 5135 jam
1127 5072 1400 5138 pradictis
1445 5076 1559 5131 lucc
1606 5077 1932 5134 inferuntur.
1979 5080 2114 5137 Nam

530 5149 786 5217 quoniam
819 5153 1071 5211 dixerunt
1099 5176 1112 5212 :
1149 5178 1170 5212 ι
1204 5161 1343 5228 Quid
1370 5165 1630 5222 seduxisti
1659 5184 1776 5236 nos,
1802 5169 2056 5239 Domine,
2083 5188 2114 5227 a

533 5239 618 5295 via
643 5241 767 5298 tua?
785 5243 1057 5303 obdurasti
1081 5252 1241 5306 corda
1266 5265 1474 5323 nostra,
1495 5274 1561 5314 ne
1585 5260 1896 5318 timeremus
1919 5271 1969 5319 te
1987 5265 2054 5329 ‘°;
2086 5285 2104 5319 ι

529 5331 954 5425 allieceruntque
1000 5356 1012 5391 :
1073 5359 1092 5391 ι
1144 5341 1309 5399 Facta
1356 5357 1442 5403 est
1485 5350 1698 5406 deserta
1750 5352 1912 5422 Sion,
1954 5356 2112 5425 quasi

530 5423 766 5482 solitudo
809 5427 950 5484 facta
996 5441 1080 5488 est
1121 5433 1446 5506 Jerusalem,
1479 5452 1533 5496 et
1571 5445 1874 5500 exsecratio
1922 5423 2112 5506 domus

529 5527 717 5574 sancta
750 5529 933 5578 nostra
967 5542 981 5580 :
1022 5545 1041 5577 ι
1075 5527 1330 5601 deinceps
1358 5537 1665 5591 necessario
1713 5537 1913 5592 Christi
1947 5541 2113 5610 ipsius

2217 4628 2298 4694 τῷ
2334 4629 2512 4690 ἔθνει,
2544 4625 2602 4681 οἳ
2644 4628 2758 4681 οὐκ
2809 4625 3260 4683 ἐπεκαλέσαντο
3317 4626 3386 4680 τὸ
3435 4624 3626 4695 ὄνομά
3657 4643 3799 4694 μου.

2230 4719 2592 4784 Ἐξεπέτασα
2635 4719 2742 4785 τὰς
2775 4718 2978 4789 χεῖράς
3035 4737 3150 4788 μου
3199 4719 3352 4786 ὅλην
3416 4717 3534 4788 τὴν
3575 4718 3807 4787 ἡμέραν

2217 4811 2370 4879 ,πρὸς
2394 4810 2551 4865 λαὸν
2574 4811 2960 4872 ἀπειθοῦντα,
2997 4810 3532 4880 immrtales-orta,
3583 4810 3642 4865 οἳ
3683 4811 3796 4864 οὐκ

2217 4905 2638 4973 ἐπορεύθησαν
2690 4905 2810 4972 ὀδῷ
2860 4904 3170 4974 ἀληθείας,
3222 4905 3390 4960 ἀλλὰ
3449 4905 3644 4960 ὀπίσω
3683 4902 3804 4958 τῶν
3910 4914 3932 4940 ⁴

2216 4997 2516 5067 ἁμαρτιῶν
2547 4996 2766 5052 αὐτῶν.
3684 5014 3702 5024 ·

2299 5088 2639 5158 Ἀναγκαίως
2701 5090 2815 5151 τοῖς
2863 5088 2966 5159 ἤδη
3017 5089 3440 5161 προειρημένοις
3477 5088 3801 5158 ἐπιφέρεται

2216 5179 2411 5234 ταῦτα.
2458 5165 2678 5250 Ἐπειδὴ
2705 5179 2815 5252 γὰρ
2857 5179 3116 5250 ἔφασκον·
3152 5200 3173 5234 ι
3201 5182 3266 5234 Τί
3296 5181 3608 5254 ἐπλάνησας
3628 5183 3797 5252 ἡμᾶς,

2217 5269 2412 5340 Κύριε,
2463 5268 2573 5322 ἀπὸ
2613 5273 2713 5341 τῆς
2765 5269 2888 5324 ὀδοῦ
2948 5288 3078 5340 σου;
3141 5272 3483 5344 ἐσκλήρυνας
3511 5272 3669 5344 ἡμῶν
3701 5272 3800 5336 τὰς

2209 5361 2436 5431 καρδίας
2465 5361 2559 5415 τοῦ
2587 5363 2660 5432 μὴ
2680 5362 2962 5432 φοϐεῖσθαί
2988 5381 3066 5418 σε·
3092 5383 3112 5418 ι
3151 5365 3577 5437 προσεπήγαγον
3602 5365 3681 5430 δὲ,
3715 5366 3797 5419 ὅτι

2215 5473 2234 5506 ι
2258 5453 2520 5525 Ἐγενήθη
2562 5454 2772 5526 ἔρημος
2795 5453 2958 5522 Σιὼν,
2980 5455 3057 5521 ὡς
3079 5455 3285 5528 ἔρημος
3315 5455 3548 5528 ἐγενήθη
3595 5454 3661 5509 ἰε
3672 5473 3797 5526 ρου-

2211 5546 2413 5618 σαλὴμ,
2463 5547 2541 5609 εἰς
2568 5547 2813 5617 κατάραν
2850 5544 3044 5612 ὁοῐκος
3068 5549 3097 5601 ὁ
3127 5548 3283 5617 ἅγιος
3317 5548 3504 5619 ἡμῶν.
3547 5567 3566 5602 ι
3610 5546 3796 5600 λοιπὸν

531 5617 763 5674 persona
798 5613 1017 5671 inducta
1047 5627 1152 5686 est,
1181 5634 1376 5680 causas
1403 5625 1549 5680 velut
1579 5628 1841 5694 referens,
1872 5647 1968 5686 cur
1997 5634 2110 5689 lucc

2227 5637 2524 5705 ἱιναγκαίως
2555 5637 2614 5691 τὸ
2645 5638 2810 5692 αὐτοῦ
2846 5638 3141 5708 πρόσωπον
3173 5637 3465 5708 είσΰέὸηκε
3507 5637 3602 5692 τοῦ
3656 5639 3793 5707 Χρι-

609 5779 650 5808 ⁸⁰
687 5784 790 5842 lsa.
821 5807 981 5860 um,
1017 5795 1098 5849 t7.
