4140 6470
387 380 411 436 ί
425 377 526 432 ςίθό

1523 384 1588 440 ιν
1628 385 1859 443 ΙΞΑΙᾹΜ
1899 386 2030 447 LIB.
2075 389 2137 453 γ.
2186 391 2425 449 TOMUS
2464 393 2548 451 Vl.

3532 409 3558 461 Ι
3568 405 3672 464 406
3684 405 3694 427 '

384 493 539 561 στοῦ,
570 493 673 557 τὰς
701 491 883 558 αἰτίας
913 492 1107 565 ὥσπερ
1148 496 1533 569 ἀπαγγέλλων,
1581 505 1669 573 ἐφ’
1704 499 1792 570 αἷς
1829 507 1973 561 εἱκὸ.

2084 509 2279 566 merito
2306 512 2451 582 passi
2485 511 2710 568 l'uerint.
2736 511 2853 567 Non
2885 512 2992 569 sibi
3024 528 3221 575 causas
3251 518 3554 589 ascribunt,
3575 527 3671 578 sed

381 604 491 650 τως
517 585 680 638 ταυτὶ
706 584 1061 650 πεπονθότες,
1113 587 1211 659 οὐχ
1262 590 1474 655 ἑαυτοῖς
1506 593 1709 663 μᾶλλον
1750 596 1978 668 ἐπιγρά-

383 695 544 747 φουσι
595 678 698 741 τὰς
734 676 937 742 αἰτίας,
972 679 1325 748 ἐγκαλοῦσιν,
1373 682 1563 755 ῶσπερ
1587 686 1666 755 τῷ
1696 686 1793 757 τὴν
1833 689 1980 761 ίσόῤ-

2083 600 2136 655 in
2163 601 2369 658 crimen
2396 613 2592 660 vocant
2615 602 2729 661 lere
2754 603 2929 672 illum,
2947 606 3037 676 qui
3068 608 3287 678 dignam
3318 610 3428 668 illis
3456 590 3693 682 pmnam'

2083 691 2306 748 inducit.
2336 711 2357 746 ι
2400 695 2666 766 Apparui,
2707 715 2727 750 ι
2763 698 2940 761 enim,
2969 698 3172 768 inquit,
3207 717 3228 752 ι
3266 716 3353 757 me
3387 718 3493 758 non
3525 689 3696 775 quae;

385 770 549 840 ροπον
567 768 747 831 αὐτοῖς
770 767 1030 835 ἐπάγοντι
1044 767 1219 840 δίκην,
1245 787 1264 821 t
1287 770 1346 826 Ἐ
1353 771 1571 844 μφανὴς
1588 773 1696 846 γὰρ
1714 774 1933 843 γέγονα,
1948 796 1967 830 s

2083 782 2348 848 rentibus,
2382 784 2633 840 inventus
2673 801 2791 842 sum
2838 802 2925 843 me
2970 767 3077 844 non
3126 767 3613 862 interrogantibus.
3651 768 3696 845 ι’

385 859 544 931 φησὶ,
582 879 602 913 ι
628 860 725 913 καὶ
762 862 875 924 τοῖς
905 860 1006 930 ἐμὲ
1030 859 1107 930 μὴ
1151 860 1429 932 ζητοῦσιν,
1471 863 1704 935 εὑρέθην
1733 868 1845 929 τοῖς
1877 866 1978 937 ἐμὲ

387 950 464 1023 μὴ
498 950 869 1022 ἐπερωτῶσιν·
901 970 919 1002 ι
947 950 1246 1022 αὐτόμολος
1272 951 1380 1023 γὰρ
1408 954 1435 1007 ὁ
1462 954 1657 1026 Σωτὴρ
1680 956 1979 1028 είστρέχων

389 1043 451 1096 ἐν
480 1047 603 1109 ταῖς
632 1046 998 1114 συναγωγαῖς,
1032 1044 1313 1100 ἐδίδασκεν
1358 1046 1559 1109 αὐτοὺς
1602 1047 1898 1119 κηρύσσων
1918 1046 1980 1102 τὸ

382 1136 708 1206 εὐαγγέλιον
766 1136 867 1207 τῆς
927 1135 1243 1207 βασιλείας,
1303 1136 1401 1192 καὶ
1447 1137 1770 1210 θεραπεύων
1800 1140 1980 1193 πᾶσαν

385 1227 545 1283 νόσον
592 1228 689 1281 καὶ
732 1229 914 1282 πᾶσαν
963 1228 1239 1299 μαλακίαν
1284 1231 1343 1284 ἐν
1393 1228 1473 1301 τῷ
1505 1229 1643 1301 λαῷ,
1699 1230 1844 1285 καθὰ
1887 1230 1981 1302 γέ·

380 1335 653 1391 γραπται.
713 1318 780 1371 Τί
832 1316 942 1389 γὰρ
997 1317 1058 1372 οὐ
1116 1318 1439 1390 πέπρακται
1494 1319 1625 1390 παρ’
1659 1319 1826 1376 αὐτοῦ
1869 1321 1979 1375 τῶν

379 1410 644 1463 ἐπέκεινα
691 1408 787 1464 καὶ
820 1409 982 1479 λόγου
1016 1409 1112 1463 καὶ
1152 1409 1469 1481 θαύματος;
1543 1411 1980 1484 Ἀπηλλάττοντο

379 1501 597 1573 λεπροὶ,
623 1501 719 1556 καὶ
748 1501 934 1573 χειρὸς
957 1502 1095 1574 ἀφῇ,
1137 1501 1234 1557 καὶ
1267 1502 1501 1574 νεύματι
1530 1502 1610 1574 τῷ
1640 1503 1940 1576 θεοπρεπεῖ
1961 1543 1976 1570 ,

376 1594 699 1667 ἠγέρθησαν
740 1597 806 1651 ἐκ
844 1594 1149 1666 μνημάτων
1174 1595 1383 1666 νεκροὶ,
1414 1595 1608 1666 τυφλοὶ
1633 1595 1694 1649 τὸ
1715 1596 1980 1668 τριπόθη-

375 1704 470 1740 τον
498 1686 748 1757 ἐδέχοντο
791 1684 930 1755 φῶς,
981 1685 1386 1757 ἀνεσκίρτησαν
1418 1686 1495 1751 ὼς
1539 1687 1730 1758 ἔλαφοι
1753 1686 1832 1758 τῷ
1858 1688 1980 1742 1:061

376 1780 775 1851 λελωϐημένοι.
832 1779 946 1833 Καὶ
1010 1777 1143 1848 γοῦν
1209 1780 1325 1843 τοῖς
1387 1777 1563 1833 ταῦτα
1629 1779 1981 1850 τεθεαμένοις

2083 872 2191 928 Sua
2214 888 2447 945 namque
2470 885 2660 945 sponte
2683 876 2937 934 Servator
2963 879 3238 948 ingressus
3263 881 3316 936 in
3340 898 3667 957 synagogas.
3690 879 3693 883 ’

2080 964 2247 1035 892
2280 965 2467 1022 docuit
2496 967 2644 1034 illos,
2676 970 2981 1039 praedicans
3008 971 3361 1042 Evangelinm
3399 977 3583 1046 regni,
3616 987 3672 1032 et

2082 1070 2285 1112 curans
2313 1073 2531 1114 onmem
2567 1058 2816 1116 mOrbum
2852 1071 2907 1121 et
2939 1078 3160 1119 omnem
3197 1065 3571 1121 inﬁrmitatem
3620 1070 3672 1122 in

2081 1148 2278 1218 pepulo
2302 1148 2373 1216 υ,
2394 1151 2557 1207 sicuti
2587 1153 2848 1222 scriptum
2874 1163 2981 1209 est.
3003 1153 3142 1221 Quid
3167 1157 3311 1210 enim
3340 1173 3446 1212 non
3474 1158 3677 1213 factum

2082 1247 2166 1296 est
2193 1240 2263 1297 ab
2291 1256 2377 1311 eo,
2401 1243 2544 1314 quod
2579 1261 2686 1300 non
2715 1254 2935 1315 superet
2958 1262 3174 1301 onmem
3205 1256 3262 1303 et
3288 1249 3593 1303 orationem
3621 1259 3677 1303 et

2083 1332 2538 1390 admirationem?
2574 1336 2797 1406 Leprosi
2833 1354 3024 1395 manus
3057 1348 3203 1394 tactu
3238 1350 3295 1396 et
3328 1350 3458 1395 nutu
3492 1342 3681 1395 divino

2082 1420 2294 1476 liberati
2336 1433 2496 1491 sunt;
2542 1427 2769 1482 excitati
2802 1443 2835 1483 e
2869 1429 3239 1483 nionumentis
3276 1429 3504 1497 mortui;
3540 1432 3671 1485 caici

2080 1514 2481 1584 optatissimam
2527 1516 2707 1573 lucem
2759 1533 3116 1590 receperunt;
3166 1520 3491 1577 exsilierunt
3537 1522 3683 1578 velut

2082 1607 2226 1664 cervi
2256 1610 2390 1677 pede
2412 1609 2647 1679 capti“.
2678 1610 2802 1668 llaec
2830 1614 3202 1682 spectantibus
3223 1614 3363 1669 dixit
3385 1614 3637 1671 Christus
3666 1636 3677 1670 :

2088 1718 2108 1752 ι
2140 1698 2196 1755 Si
2227 1715 2332 1756 non
2358 1698 2502 1757 facio
2526 1717 2690 1773 opera
2714 1702 2895 1759 Patris
2919 1704 3044 1769 mei,
3070 1703 3238 1759 nolite
3266 1704 3395 1758 mihi
3420 1705 3679 1767 credere;

2084 1792 2167 1846 sin
2215 1791 2385 1859 facio,
2421 1794 2527 1849 etsi
2576 1794 2709 1850 mihi
2761 1810 2870 1851 non
2922 1795 3194 1863 credatis,
3232 1798 3493 1867 operibus
3545 1813 3683 1854 mets

376 1873 618 1946 ἔφασκεν
643 1874 673 1926 ό
710 1872 976 1945 Χριστός
1025 1890 1044 1923 ι
1079 1871 1143 1925 El
1193 1872 1254 1926 οὐ
1290 1871 1429 1926 ποιῶ
1460 1872 1532 1927 τὰ
1579 1871 1716 1943 ἔργα
1745 1872 1840 1927 τοῦ
1869 1873 1980 1927 Πα-

2085 1885 2292 1940 credite
2311 1884 2379 1940 “.
2418 1903 2438 1937 ι
2486 1903 2505 1939 ι
2547 1886 2663 1941 Dixi
2706 1906 2726 1938 ι
2766 1886 2967 1959 igitur,
2999 1888 3178 1957 inquit
3211 1904 3227 1944 :
3272 1905 3293 1940 ι
3338 1889 3451 1959 Ego
3483 1890 3679 1945 adsum

374 1965 508 2038 τρός
535 1981 662 2036 μου,
699 1964 776 2037 μὴ
812 1963 1104 2018 πιστεύετέ
1129 1981 1244 2037 μοι·
1268 1966 1316 2019 εί
1348 1964 1408 2020 δὲ
1442 1964 1601 2032 ποιῶ,
1618 1964 1721 2020 κᾶν
1752 1965 1877 2038 ἐμοὶ
1906 1964 1981 2038 μὴ

373 2057 696 2135 πιστεύητε,
719 2059 836 2122 τοῖς
864 2056 1048 2129 ἔργοις
1074 2074 1177 2127 μου
1200 2057 1549 2113 πιστεύσατε.
1576 2077 1594 2110 ι
1625 2090 1694 2100 -
1715 2077 1733 2111 ι
1762 2054 1932 2116 Εἶπον
1956 2051 1981 2112 ί

372 2150 578 2217 τοίνυν,
603 2150 792 2223 φησὶν,
820 2169 841 2203 ι
876 2148 1019 2219 Ἐγὼ
1055 2151 1172 2222 είμι
1201 2150 1278 2222 τῷ
1301 2150 1468 2218 ἔθνει,
1499 2151 1550 2205 οἳ
1582 2151 1683 2206 οὐκ
1710 2152 1981 2210 ἐκάλεσαν

370 2245 436 2299 τὸ
476 2243 650 2316 δνομά
684 2259 810 2316 μοιν
856 2263 875 2297 ι
906 2244 1226 2316 εὑρίσκεται
1279 2244 1390 2316 γὰρ
1447 2244 1579 2298 ποτὲ
1616 2245 1718 2317 μὲν
1769 2245 1975 2316 λέγων,

377 2358 397 2390 ι
437 2336 581 2407 Ἐγὼ
617 2338 734 2409 είμι
788 2336 852 2390 τὸ
904 2335 1023 2408 φῶς
1049 2334 1146 2390 τοῦ
1176 2336 1407 2407 κόσμου,
1452 2354 1471 2388 ι
1525 2336 1657 2390 ποτὲ
1683 2336 1747 2390 δὲ
1788 2337 1976 2402 πάλιν,

380 2451 401 2481 σ
426 2428 496 2485 Et
519 2448 604 2495 τις
629 2430 779 2502 διψᾷ,
805 2428 1053 2502 ἐρχέσθω
1089 2428 1227 2501 πρός
1259 2446 1352 2501 με,
1388 2428 1483 2483 καὶ
1523 2429 1749 2484 πινέτω.
1791 2429 1850 2485 '0
1889 2449 1980 2486 πι·
2012 2420 2015 2421 ν

372 2522 586 2578 στεύων
613 2523 691 2586 είς
722 2521 845 2593 ἐμὲ.
872 2519 1057 2585 καθὼς
1074 2515 1230 2575 εἷπεν
1250 2520 1518 2594 ήΓραφὴ,
1541 2523 1781 2594 ποταμοὶ
1797 2523 1861 2577 ἐκ
1881 2523 1979 2594 τῆς

372 2614 588 2678 κοιλίας
619 2613 788 2668 αὐτοῦ
823 2612 1110 2685 ῥεύσουσιν
1161 2612 1356 2678 ὕδατος
1399 2613 1624 2679 ζῶντοςο
1670 2633 1688 2667 ι
1740 2614 1980 2669 ἀλλὀὐκ

368 2704 567 2777 ἦθελον
589 2704 972 2759 ἐπικαλεῖσθαι
992 2704 1054 2757 τὸ
1072 2704 1242 2775 ὄνομα
1262 2703 1451 2771 αὐτοῦ,
1472 2705 1651 2759 καίτοι
1671 2706 1980 2779 διαρρήδην

344 2798 434 2853 τὸ
464 2815 483 2850 t
526 2796 669 2867 Ἐγὼ
700 2798 816 2868 είμι
846 2815 865 2848 ι
894 2796 1149 2865 λέγοντος
1189 2794 1538 2867 πλεισταχοῦ.
1571 2796 1694 2850 Ὅτι
1730 2796 1788 2851 δὲ
1822 2798 1977 2867 γεγό-

374 2905 539 2945 νασιν
591 2886 946 2958 ἀνουθέτητοι
1001 2886 1098 2941 καὶ
1150 2886 1209 2940 ἐν
1263 2883 1364 2958 ἴσῳ
1401 2885 1545 2957 τάχα
1585 2903 1688 2941 που
1737 2889 1853 2952 τοῖς
1877 2889 1978 2942 οὐκ

366 2977 588 3050 ἔχουσιν
633 2970 770 3042 ὦτα,
815 2974 1044 3049 σκληροί
1082 2995 1145 3032 τε
1202 2978 1299 3032 καὶ
1333 2977 1610 3045 ἀπειθεῖς,
1650 2978 1980 3035 διαδείκνυσι

368 3075 567 3144 λέγων,
580 3075 677 3130 εὸτι
705 3093 724 3128 ι
761 3074 1103 3139 Ἐξεπέτασα
1146 3074 1247 3141 τὰς
1285 3076 1476 3149 χεῖράς
1525 3094 1629 3148 μου
1663 3078 1806 3149 πρὸς
1852 3077 1981 3133 λαὸν

368 3162 736 3234 ἀπειθοῦντα,
795 3167 891 3223 καὶ
925 3166 1356 3245 ἁντιλέγονταχ»
1420 3169 1818 3242 κατειθίσμεθα
1870 3170 1980 3245 γὰρ
2008 3226 2050 3249 ἡ

366 3257 583 3322 ἀείπως
606 3258 723 3322 τοῖς
768 3258 1030 3333 ἀνηκόοις
1093 3259 1618 3331 προσ-διαλεγόμενοι
1667 3259 1809 3331 μετὰ
1843 3261 1976 3332 βοῆς

368 3347 475 3413 τὰς
497 3350 692 3420 χεῖρας
754 3346 984 3415 ἁπλοῦν,
1028 3348 1125 3403 καὶ
1158 3347 1420 3420 πλείστην
1471 3349 1606 3421 ὅσην
1634 3352 1754 3405 κατ’
1793 3351 1977 3408 αὐτῶν

366 3439 648 3494 ποιεῖσθαι
693 3439 796 3510 τὴν
822 3438 1131 3510 ἐπίπληξιν·
1171 3458 1191 3492 ι
1227 3439 1343 3494 ἀλλ’
1366 3440 1468 3494 οὐκ
1509 3440 1914 3514 ἐπορεύθησαν,
1954 3463 1974 3497 s

376 3532 571 3605 φησὶν,
627 3551 646 3585 ι
682 3531 789 3604 ὁδῷ
817 3531 1072 3605 ἀληθινῇ.
1109 3551 1128 3583 s
1174 3532 1553 3605 Παρεδέξαντο
1581 3533 1690 3606 γὰρ
1729 3535 1983 3609 οὐδαμῶς

370 3626 436 3680 τὸ
469 3626 738 3697 σωτήριον
763 3627 1050 3696 κήρυγμα,
1089 3643 1109 3675 ‹
1138 3625 1357 3680 εἵποντο
1379 3626 1437 3681 δὲ
1472 3627 1673 3697 μᾶλλον
1700 3630 1822 3693 ταῖς
1850 3629 1947 3684 ἐαυ
1964 3658 1979 3671 -

368 3717 484 3771 τῶν
496 3716 815 3788 ἁμαρτίαις,
832 3734 851 3766 ι
871 3716 1174 3785 τουτέστιν,
1198 3716 1415 3788 ἅσχέτῳ
1443 3719 1585 3790 φορᾷ
1608 3718 1979 3792 κατεφέροντο

372 3813 510 3884 arpi;
536 3809 781 3880 ἀτημελῆ
814 3809 909 3863 καὶ
958 3810 1350 3881 ἐκνομωτάτην
1385 3810 1551 3882 ζωὴν,
1577 3812 1734 3885 δίκης
1768 3830 1828 3867 τε
1877 3814 1976 3869 αὑ-

372 3906 487 3969 τοῖς
540 3902 636 3956 καὶ
689 3900 916 3974 ὀλέθρου
962 3899 1246 3974 πρόξενον.
1299 3902 1474 3958 Τοῦτο
1505 3904 1668 3960 πάλιν
1722 3906 1751 3960 ό
1783 3905 1979 3978 Σωτὴρ

379 3998 566 4051 αὐτοῖς
588 3994 907 4066 εὑρίσκεται
938 3994 1115 4063 λέγων
1136 4011 1149 4024 ’
1176 4014 1195 4046 ι
1238 3995 1409 4068 Ἀμὴν
1430 3996 1575 4067 λέγω
1595 3998 1747 4069 ὑμῖν,
1773 3999 1870 4054 ἐὰν
1901 4000 1977 4071 μὴ

375 4089 730 4158 πιστεύσητε,
759 4088 843 4141 ὅτι
877 4085 990 4154 ἐγώ
1045 4087 1184 4157 είμι,
1217 4088 1276 4141 ἐν
1309 4090 1432 4153 ταῖς
1474 4090 1775 4161 ἁμαρτίαις
1819 4091 1976 4163 ὑμῶν

373 4179 760 4236 ἀποθανεῖσθε.
805 4197 824 4230 s
872 4178 1342 4250 Ἀντεπράττοντο
1379 4181 1491 4253 γὰρ
1518 4181 1972 4255 νουθετούμενοι,

374 4271 746 4344 παρήγγειλον
771 4269 829 4324 δὲ
850 4270 945 4324 καὶ
972 4271 1087 4335 τοῖς
1113 4270 1219 4324 ὑπὸ
1239 4273 1398 4344 χεῖρα
1415 4272 1669 4342 λέγοντες
1693 4290 1708 4306 ο
1733 4293 1752 4327 ι
1772 4275 1974 4346 Δαιμό-

2006 3236 2048 3286 U

2083 1974 2254 2044 genti,
2277 1991 2396 2047 quas
2430 1992 2540 2032 non
2571 1977 2857 2048 appellavit
2882 1993 3076 2033 nomen
3114 1993 3315 2034 meum.
3351 1997 3369 2031 ι
3404 1978 3683 2035 Invenitur

2083 2069 2229 2123 enim
2258 2070 2443 2124 dicens
2489 2085 2633 2125 nunc
2660 2087 2676 2126 :
2710 2089 2728 2122 ι
2760 2071 2871 2141 Ego
2897 2087 3015 2126 sum
3046 2071 3133 2127 lux
3169 2071 3355 2126 mundi
3379 2072 3453 2136 δι,
3488 2091 3507 2124 ι
3540 2088 3685 2127 nunc

2086 2173 2274 2215 rursus
2306 2178 2319 2214 :
2359 2178 2377 2212 ι
2419 2160 2475 2216 Si
2509 2162 2632 2232 quis
2661 2162 2810 2227 sitit,
2843 2163 3022 2217 veniat
3049 2164 3116 2217 ad
3144 2177 3263 2227 me,
3291 2170 3344 2218 et
3377 2162 3546 2218 bibat.
3578 2163 3681 2228 Qui

2083 2250 2258 2306 credit
2310 2251 2364 2304 in
2423 2265 2541 2318 me,
2591 2252 2754 2307 sicuti
2809 2253 2942 2307 dicit
2990 2254 3306 2323 Scriptura,
3351 2254 3572 2308 ﬂumina
3619 2255 3685 2307 de

2082 2351 2275 2398 ventre
2308 2343 2427 2413 ejus
2462 2342 2635 2399 ﬂuent
2668 2359 2826 2415 aqua:
2856 2346 3090 2402 viventis
3122 2346 3190 2405 “.
3231 2366 3251 2401 s
3292 2350 3364 2402 At
3397 2347 3689 2401 noluerunt

2082 2430 2360 2503 appellare
2399 2449 2597 2489 nomen
2644 2434 2784 2502 ejus,
2817 2436 3173 2504 quantumvis
3212 2438 3419 2493 diserte
3456 2438 3683 2500 diceret,

2082 2531 2138 2578 et
2170 2523 2390 2594 quidem
2424 2538 2569 2595 saepe
2605 2544 2620 2582 :
2668 2544 2688 2579 ι
2737 2525 2852 2596 Ego
2894 2542 3036 2583 sum.
3073 2546 3090 2578 ι
3138 2526 3331 2583 Fuisse
3370 2538 3553 2583 autem
3592 2542 3688 2583 eos

2081 2617 2467 2672 admonitionis
2510 2618 2888 2687 impatientes,
2920 2628 2975 2675 et
3009 2619 3217 2675 similes
3260 2621 3346 2675 his
3387 2619 3476 2689 qui
3526 2635 3687 2677 aures

2082 2722 2191 2763 non
2225 2706 2446 2773 habent,
2469 2709 2635 2764 duros
2663 2719 2717 2763 et
2739 2710 3133 2774 inobedientes,
3157 2712 3396 2767 ostendit
3422 2728 3542 2767 cum
3568 2713 3681 2768 ait:

2090 2818 2108 2851 ι
2148 2798 2393 2868 Espandi
2427 2816 2623 2861 manus
2656 2816 2806 2856 meas
2840 2802 2906 2856 ad
2976 2801 3234 2872 populum
3286 2801 3685 2858 inobedientem

2082 2907 2148 2948 ac
2191 2894 2682 2950 contradicentem.
2733 2914 2751 2948 ι
2808 2895 3060 2952 Solemus
3104 2896 3251 2951 enim
3299 2910 3515 2967 semper
3559 2911 3688 2951 cum

2057 2980 2443 3063 refractarios
2488 2983 2840 3056 alloquimur,
2871 2993 2925 3043 et
2969 2985 3375 3056 immorigeros,
3407 3001 3531 3041 cum
3575 2988 3688 3040 cla-

2084 3090 2238 3132 more
2269 3093 2464 3135 manus
2513 3078 2808 3135 extendere
2854 3089 2911 3136 et
2947 3080 3188 3150 graviter
3226 3081 3280 3135 in
3325 3080 3446 3137 illos
3487 3079 3688 3135 invehi.

2090 3186 2109 3219 ι
2151 3167 2257 3226 Sed
2301 3185 2406 3225 non
2450 3170 2889 3239 ambulaverunt,
2930 3190 2948 3225 ι
2984 3171 3183 3242 inquit,
3217 3191 3237 3224 ι
3277 3172 3330 3227 in
3357 3172 3442 3228 via
3474 3187 3625 3228 vera.
3661 3189 3682 3221 ι

2081 3261 2241 3317 ΝιιΙΙο
2269 3263 2417 3317 enim
2446 3264 2607 3318 modo
2634 3262 2978 3323 admiserunt
3003 3264 3298 3319 salutarem
3329 3263 3680 3333 praedicatio-

2079 3366 2224 3419 nem,
2258 3370 2278 3404 ι
2308 3354 2403 3409 sed
2426 3363 2651 3424 peccata
2675 3367 2773 3410 sua
2811 3355 2988 3412 secuti
3029 3363 3178 3423 sunt,
3211 3373 3230 3408 ι
3268 3355 3319 3409 id
3365 3363 3470 3421 est,
3497 3352 3690 3410 eli‘reni

2080 3442 2285 3513 impetu
2317 3443 2383 3499 ad
2410 3444 2646 3501 solutam
2671 3446 2838 3502 vitam
2864 3446 3212 3518 maximeque
3237 3446 3448 3518 legibus
3472 3456 3692 3503 contra-

2080 3535 2218 3590 riam
2251 3535 2486 3593 devoluti
2519 3547 2670 3606 sunt,
2697 3553 2821 3608 quae
2863 3553 3082 3610 ptenam
3128 3538 3263 3609 ipsis
3304 3545 3361 3594 et
3392 3537 3678 3595 interitum

2080 3628 2394 3684 accersivit.
2425 3627 2540 3686 Hoc
2583 3646 2775 3688 rursus
2823 3633 3088 3699 servator
3118 3632 3225 3689 illis
3265 3632 3452 3689 dicere
3481 3630 3691 3686 inveni-

2087 3729 2212 3776 tur:
2250 3739 2270 3774 ι
2305 3721 2480 3780 Amen
2514 3723 2639 3779 dico
2669 3723 2828 3781 vobis
2877 3744 2894 3782 :
2942 3723 3131 3781 Sinon
3172 3722 3516 3781 credideritis
3544 3725 3690 3794 quod

2084 3828 2186 3885 ego
2211 3815 2338 3882 sim,
2365 3815 2419 3870 in
2450 3817 2691 3886 peccatis
2713 3819 2912 3874 vestris
2934 3816 3333 3874 moriemini“.
3363 3836 3383 3869 ι
3412 3815 3689 3874 Admoniti

2085 3907 2230 3962 enim
2260 3908 2660 3983 renitehantur,
2686 3925 2753 3966 ac
2777 3910 3177 3975 denuntiabant
3202 3907 3468 3980 subjectis
3501 3909 3686 3964 manui

2052 4014 2198 4075 suae
2238 4020 2253 4056 :
2302 4018 2323 4054 ι
2375 4001 2711 4061 υωιηοηίιιιη
2763 4001 2933 4058 habet
2970 4010 3029 4057 et
3074 4000 3308 4066 insanit,
3338 3999 3470 4070 quid
3515 4000 3688 4068 ipsum

2083 4093 2289 4149 auditis
2311 4091 2394 4148 ‘7?
2426 4112 2446 4146 ι
2477 4090 2612 4148 Illud
2642 4091 2867 4162 insuper
2891 4092 3192 4150 clamantes
3222 4112 3237 4149 :
3275 4090 3445 4147 t-Non
3471 4099 3692 4162 propter

2080 4184 2282 4240 bonum
2309 4198 2446 4253 opus
2469 4182 2773 4254 lapidamus
2802 4193 2879 4249 te,
2900 4183 2996 4239 sed
3026 4192 3248 4253 pmpter
3272 4182 3689 4252 blasphemiam,

2081 4275 2207 4347 quia
2240 4284 2293 4331 tu
2327 4277 2491 4332 homo
2521 4290 2644 4331 cum
2675 4274 2773 4339 sis,
2807 4276 2943 4331 facis
2972 4277 3202 4346 teipsum
3236 4275 3405 4331 Deum
3426 4273 3496 4330 εκ.
3532 4294 3553 4328 s

373 4381 489 4419 νιυν
531 4363 666 4435 ἔχει,
721 4363 816 4417 καὶ
871 4363 1144 4434 μαίνεται,
1179 4363 1234 4417 τί
1267 4362 1435 4418 αὐτοῦ
1469 4364 1740 4434 ἀκούετε;
1776 4387 1796 4420 ι
1850 4367 1959 4424 Ναὶ
2000 4367 2109 4440 μὴν
2157 4369 2380 4424 κάκεῖνο
2433 4368 2571 4441 πρὸς
2630 4367 2809 4440 τούτῳ
2845 4366 3115 4440 βοῶντεςο
3167 4386 3188 4422 ι
3228 4367 3369 4441 Περὶ
3401 4365 3568 4422 καλοῦ
3596 4367 3692 4443 ἔρ-

372 4471 473 4532 γου
502 4454 563 4508 οὐ
597 4453 895 4524 λιθάζομέν
927 4471 1006 4520 σε,
1039 4454 1177 4510 ἀλλὰ
1205 4456 1335 4528 περὶ
1365 4455 1750 4531 βλασφημίας,
1787 4460 1871 4514 ὅτι
1934 4462 1999 4516 σὺ
2051 4461 2349 4534 ἄνθρωπος
2406 4459 2483 4515 ῶν
2530 4463 2706 4525 ποιεῖς
2744 4463 2970 4516 σεαυτὸν
3007 4461 3160 4516 Θεόν.
3208 4481 3226 4514 ι

456 4549 513 4603 ’0
541 4548 692 4616 ,λαὸς
723 4543 904 4615 οὗτος
932 4552 965 4604 ό
1017 4550 1379 4619 παροξύνων
1405 4568 1504 4623 με,
1533 4552 1793 4608 ἐνώπιον
1823 4555 1971 4625 ἐμοῦ

2155 4557 2318 4613 Vens.
2352 4555 2474 4613 διδ.
2517 4555 2752 4624 Populus
2815 4555 2901 4610 hic
2948 4556 3270 4610 exacerbati:
3319 4573 3421 4621 me,
3459 4557 3514 4611 in
3562 4575 3690 4613 eon-

372 4642 554 4698 αὐτοὶ
600 4641 700 4696 διὰ
736 4640 978 4708 παντός.
1013 4638 1421 4704 θυσιάζουσιν
1459 4642 1530 4697 ἐν
1565 4643 1694 4711 τοῖς
1721 4643 1975 4713 κήποις,

373 4736 475 4793 καὶ
525 4734 824 4807 θυμιῶσιν
862 4734 933 4788 ἐν
982 4732 1110 4801 τοῖς
1138 4728 1420 4801 πλίνθοις
1455 4734 1583 4804 τοῖς
1603 4728 1941 4808 δαιμονίοις
1961 4779 1978 4806 ,

372 4828 414 4884 ἅ
452 4830 571 4883 οὐκ
590 4829 743 4883 ἔστι.
799 4826 909 4882 Kal
963 4826 1034 4881 ἐν
1078 4824 1204 4893 τοῖς
1231 4826 1532 4897 μνήμασι,
1588 4827 1691 4882 καὶ
1739 4828 1812 4882 ἐν
1855 4829 1982 4898 τοῖς

371 4921 705 4989 σπηλαίοις
761 4918 1084 4990 κοιμῶνται
1128 4915 1205 4972 δι’
1233 4917 1513 4983 ἐνύπνια,
1549 4921 1606 4973 οἱ
1667 4919 1980 4988 ἐσθίοντες

373 5013 523 5083 κρέα
544 5012 693 5076 ὕεια,
711 5012 812 5068 καί
831 5010 1020 5082 ζωμὸν
1049 5008 1298 5078 θυσιῶν,
1319 5010 1758 5081 μεμολυσμένα
1781 5011 1982 5068 πάντα

373 5110 448 5164 τὰ
488 5107 682 5173 σκεύη
713 5103 933 5160 αὐτῶν·
965 5106 1022 5160 oi
1047 5103 1355 5173 λέγοντες,
1393 5104 1601 5171 nemo
1641 5104 1747 5158 ἀπ’
1788 5104 1938 5174 ἐμοῦ
1961 5147 1977 5174 ,

375 5198 465 5253 ὅτι
494 5195 756 5266 καθαρός
782 5195 922 5266 ειμι,
936 5193 1024 5265 μὴ
1046 5193 1301 5266 erg-[anc
1314 5212 1442 5265 μοι.
1458 5190 1654 5263 Οὗτος
1687 5198 1722 5250 ό
1746 5194 1979 5263 καπνὸς

373 5289 484 5347 τοῦ
513 5287 708 5359 θυμοῦ
736 5304 881 5359 μου,
927 5285 1051 5356 πῦρ
1089 5286 1321 5342 καίεται
1360 5287 1433 5342 ἐν
1458 5286 1621 5354 αὐτῷ
1642 5287 1849 5356 πάσας
1872 5288 1981 5354 τὰς

379 5380 627 5452 ἡμέρας·

342 5519 351 5525 .
462 5472 739 5539 ’Δνοσίους
766 5472 929 5538 ὄντας
951 5471 1166 5545 ἐλέγχει
1207 5472 1338 5539 τοὺς
1365 5472 1426 5543 ἐξ
1471 5472 1712 5549 Ἰσραὴλ,
1744 5475 1840 5531 καὶ
1859 5475 1980 5534 οὔτι

379 5581 483 5620 που
517 5566 679 5637 μόνον
707 5565 851 5623 κατὰ
877 5567 974 5621 τὸν
996 5567 1098 5642 τῆς
1126 5565 1423 5638 ἐπιδημίας
1453 5568 1667 5641 καιρὸν,
1696 5567 1836 5623 ἀλλά
1870 5568 1981 5642 γὰρ

454 5768 731 5842 ⁸⁸ᾃΜηιι1ι.
781 5788 855 5837 tv,
879 5772 981 5842 25.
1058 5769 1104 5803 δ’
1141 5768 1333 5842 Matth.
1377 5774 1564 5842 31,75;
1604 5772 1710 5830 lsa.
1750 5790 1916 5842 xxxv,
1947 5775 1980 5830 5

2086 5815 2100 5828 .
2180 5771 2226 5805 ⁴³
2251 5770 2408 5830 Joan.
2444 5786 2499 5838 x,
2530 5770 2623 5839 57,
2656 5768 2744 5826 58.
2839 5768 2884 5803 ⁸⁸
2915 5766 3072 5825 luan.
3098 5781 3218 5832 vut,
3256 5763 3339 5820 12.

2078 4660 2257 4719 specta
2309 4665 2423 4705 meo
2458 4666 2681 4719 semper.
2714 4648 2817 4704 Isti
2849 4648 3152 4717 sacriﬁcant
3188 4650 3240 4703 in
3275 4650 3478 4714 hortis,
3503 4658 3551 4704 et
3594 4652 3690 4705 ad-

2083 4745 2220 4800 olent
2245 4745 2517 4799 incensum
2540 4759 2700 4809 super
2724 4742 2917 4797 lateres
2941 4743 3290 4808 da’monibus,
3312 4745 3403 4815 qui
3422 4760 3524 4799 non
3544 4758 3685 4799 sunt.

2090 4833 2156 4888 Et
2188 4835 2241 4888 in
2272 4834 2624 4889 monumentis
2659 4850 2723 4888 ac
2756 4832 3017 4904 speluncis
3050 4833 3323 4888 dormiunt
3357 4843 3574 4904 propter
3604 4835 3687 4889 in-

2086 4929 2326 4994 somnia;
2367 4928 2643 4984 comedunt
2677 4944 2865 4983 carnes
2896 4926 3086 4983 suillos
3109 4967 3124 4991 ,
3157 4936 3205 4981 et
3232 4926 3326 4995 jus
3355 4928 3686 4993 hostiarum;

2084 5022 2290 5091 polluta
2333 5023 2515 5077 omnia
2553 5039 2677 5078 vasa
2725 5038 2906 5078 eorum
2949 5035 2970 5076 :
3011 5023 3219 5085 dicunt,
3247 5019 3415 5091 893
3440 5018 3619 5093 Longe
3655 5039 3689 5076 α

2086 5129 2199 5180 me,
2236 5116 2360 5186 quia
2397 5114 2627 5169 mundus
2672 5130 2821 5179 sum,
2856 5130 2921 5168 ne
2962 5115 3349 5185 nppropinques
3392 5113 3543 5169 mihi.
3583 5113 3690 5169 Istc

2037 5227 2040 5230 ’
2088 5208 2268 5279 fumus
2297 5210 2502 5280 luroris
2528 5209 2655 5278 mei,
2681 5209 2821 5279 ignis
2853 5207 3001 5263 ardet
3032 5210 3086 5262 iu
3116 5223 3176 5262 eo
3206 5205 3454 5263 omnibus
3479 5206 3687 5263 diebus.

2160 5470 2362 5544 Impios
2388 5471 2664 5549 Israelitas
2689 5469 2891 5543 arguit,
2922 5484 3020 5526 nec
3052 5468 3227 5526 solum
3258 5466 3521 5524 adventus
3552 5474 3688 5521 tem-

2088 5580 2242 5637 pore,
2266 5565 2362 5623 sed
2405 5573 2573 5633 retro,
2601 5572 2657 5621 et
2692 5563 2841 5621 velut
2876 5563 2944 5620 ab
2987 5562 3102 5634 ipsa
3134 5562 3304 5631 stirpe
3333 5568 3388 5617 et
3417 5574 3482 5615 ex
3518 5557 3688 5630 patri-

3448 5763 3491 5795 ⁸⁵
3522 5757 3680 5819 Joan.

386 5852 481 5908 VII,
508 5840 597 5908 57,
625 5842 714 5899 58.
793 5842 838 5875 ³⁵
868 5841 1023 5899 Joan.
1064 5856 1179 5910 vtu,
1209 5840 1300 5895 τι.
1381 5841 1425 5876 ⁸⁷
1458 5841 1613 5900 Joan.
1650 5861 1704 5913 χ,
1744 5845 1835 5902 20.
1904 5840 1960 5882 ’⁸⁸

2080 5844 2130 5902 d.
2169 5845 2257 5901 55.
