4140 6494
529 387 668 442 ΗΟἹ
1566 393 1624 449 S.
1667 395 1946 455 CYRILLI
1985 401 2462 498 ALEXANDRINI
2505 413 2823 472 ARCHIEP.
3679 428 3819 488 “08

523 501 646 568 bus,
673 503 764 573 qui
807 503 986 559 divina
1027 505 1144 574 ejus
1188 504 1309 577 lege
1354 507 1572 578 rejecta,
1605 520 1659 567 et
1687 512 1939 574 Mosaicis
1980 536 2070 590 pra

2175 540 2192 595 ι
2222 526 2454 593 ἄνωθεν,
2511 531 2603 583 καὶ
2629 526 2742 584 οἷον
2774 532 2839 586 ὲκ
2866 531 3024 604 ῥίζης
3047 574 3062 600 ,
3111 537 3206 590 καὶ
3232 538 3296 592 ἐκ
3332 538 3585 612 πατέρων
3630 545 3680 599 οἱ
3722 549 3816 602 τὸν

522 596 696 664 ceptis
742 605 949 651 tantum
976 612 1082 652 non
1129 598 1244 654 vale
1285 600 1448 665 dicto,
1483 602 1642 660 idolis
1687 610 2014 679 servierunt,
2063 635 2070 668 ι

522 686 653 708 ..δη
690 690 1005 708 ,,,,,,,,,,,,
1042 690 1132 708 ,ηγ
1305 693 1354 708 .,.
1547 707 1550 708 ν
1713 703 1724 708 -

2222 618 2365 672 θεῖον
2393 619 2561 673 αὑτοῦ
2604 623 2994 695 παρωσάμενοι
3051 627 3237 698 νόμον,
3286 633 3381 685 καὶ
3428 638 3711 708 μονονουχὶ
3754 641 3816 694 τδ

520 686 658 741 falso
688 690 1007 757 nuncupatis
1033 690 1138 746 diis
1177 693 1590 763 sacriﬁcarunt,
1625 709 1680 756 et
1712 703 2070 764 immundorut

2218 709 2494 782 ἐρρῶσθαι
2533 686 2854 781 φθάσαντες.
2873 719 2994 781 ταῖς
3020 686 3384 785 διὰ-Μωσέως
3428 686 3697 794 ἓντδλάίξ
3724 729 3813 784 λε-

519 776 804 844 spirituum
836 778 1072 836 cultores
1101 783 1450 842 exstiterunt.
1485 808 1503 840 ι
1545 790 1641 846 llic
1672 797 1934 865 populus,
1973 819 1992 853 ι
2032 803 2070 855 ir

2215 776 2581 871 λατρεὺκασιν
2609 803 2869 870 εἰδώλοις.
2895 810 2990 864 καὶ
3014 811 3277 867 τεθὺκασι
3300 817 3412 878 τοῖς
3436 816 3816 892 ψευδωνύμως

518 869 667 938 qttit,
700 888 720 921 ι
752 880 836 926 est
865 873 958 942 qui
992 889 1210 944 semper
1247 892 1334 932 me
1375 881 1687 940 exacerbat.
1721 887 2066 948 Sacriﬁcarut

2214 869 2380 957 Oeoic,
2409 894 2505 947 καὶ
2533 899 2856 968 πνευμάτων
2882 902 3208 976 ἀκαθάρτων
3238 869 3496 977 γεγόναδι
3535 869 3812 982 θεραιῗτήευΣ

513 961 660 1014 enim
709 961 1098 1030 indesinenter,
1139 985 1157 1018 ι
1218 969 1270 1022 id
1319 980 1433 1038 est,
1470 973 1629 1044 longo
1679 987 1947 1048 tempore,
1984 1003 2002 1035 ι
2056 984 2110 1040 in

513 1061 807 1122 conspectu
839 1070 981 1110 meo.
1019 1077 1038 1108 ι
1071 1061 1139 1112 At
1168 1062 1442 1127 quomodo
1475 1064 1642 1122 latere
1668 1080 1954 1140 poterant,
1985 1091 2106 1132 cum

515 1143 660 1199 Deus
684 1146 865 1200 omnia
898 1148 1188 1218 inspiciat?
1219 1152 1364 1209 Dixit
1389 1157 1536 1212 enim
1568 1175 1665 1230 per
1695 1165 1987 1232 quemdam
2027 1185 2098 1225 ex

510 1235 716 1290 sanctis
742 1240 1023 1310 prophetis
1063 1260 1077 1298 :
1129 1263 1148 1297 ι
1199 1245 1341 1303 Deus
1369 1255 1806 1324 appmpinqunns
1831 1271 1933 1329 ego
1959 1276 2103 1329 sum,

509 1325 990 1398 dicitDominus“,
1019 1344 1074 1389 et
1102 1351 1208 1391 non
1241 1337 1382 1395 Deus
1406 1357 1437 1396 e
1460 1342 1770 1415 longinquo.
1792 1325 1890 1404 Αιῖ
1905 1367 1990 1407 me
2011 1367 2107 1410 ce-

509 1416 711 1472 labitur
733 1421 1064 1491 quidquam?
1100 1444 1120 1478 ι
1153 1426 1210 1482 Si
1236 1443 1368 1495 ergo
1392 1431 1526 1486 nihil
1556 1448 1679 1489 eum
1711 1438 1937 1508 celetur,
1964 1457 2102 1512 quo—

507 1508 668 1563 modo
692 1507 964 1566 latuerunt
989 1516 1208 1584 quidam
1237 1518 1473 1576 sullltum
1503 1521 1764 1584 facientes
1806 1530 1859 1584 in
1903 1507 2098 1601 hortis,

504 1598 592 1653 vel
634 1600 686 1655 itt
728 1603 899 1669 silvis,
934 1609 1210 1665 montibus
1237 1620 1291 1666 et
1321 1611 1496 1669 lucis?
1525 1616 1664 1682 Quid
1699 1621 1862 1690 igitur
1890 1598 2100 1695 signia;

504 1700 615 1755 (at,
674 1711 694 1744 ‹
733 1692 788 1748 ln
817 1708 1109 1765 conspectu
1139 1703 1296 1758 meo?
1331 1723 1350 1757 ι
1388 1705 1610 1764 Scilicet
1642 1711 1696 1765 in
1739 1712 1856 1782 ipso
1898 1692 2097 1788 temple

500 1783 643 1851 quod
685 1785 813 1842 mihi
859 1803 1236 1849 consecratum
1285 1807 1389 1852 est.
1421 1797 1614 1858 Simile
1651 1804 1909 1873 quiddam
1947 1810 2092 1865 enim

2210 982 2322 1040 ταί.
2353 1003 2372 1035 ι
2412 980 2580 1051 Οὗτος
2602 990 2632 1041 ὁ
2659 989 2787 1054 λαὸς
2809 992 2894 1046 ἀεὶ
2923 994 3135 1064 γέγονε,
3185 1018 3205 1051 ι
3245 1001 3400 1072 φησὶ,
3441 1021 3461 1055 ι
3492 980 3812 1076 παροξύνων

2213 1091 2302 1145 με.
2339 1075 2614 1133 Τεθὺκασι
2647 1082 2756 1154 γάρ
2778 1084 3195 1159 ἀκαταλήκτως,
3235 1112 3254 1144 ι
3281 1075 3586 1165 τουτέστιν,
3603 1099 3662 1152 ὲν
3682 1101 3809 1172 χρό-
3841 1141 3846 1146 -

2209 1181 2318 1229 νοις
2353 1171 2605 1241 μακροῖς,
2632 1190 2652 1223 ι
2673 1172 2904 1230 ἐνώπιόν
2923 1194 3046 1247 μου.
3076 1199 3096 1232 ι
3125 1177 3262 1236 Εἶτα
3297 1185 3415 1249 πῶς
3445 1182 3513 1258 ἦν
3547 1171 3806 1245 δύνασθαι

2207 1255 2389 1313 λαθεῖν
2419 1263 2638 1329 αὑτοὺς,
2669 1266 2848 1322 καίτοι
2897 1271 3080 1326 πάντα
3109 1274 3416 1347 ἐφορῶντος
3451 1255 3624 1348 Decii;
3660 1283 3806 1354 Ἔφη

2205 1350 2316 1423 γάρ
2355 1370 2482 1420 που,
2519 1356 2614 1410 καὶ
2661 1357 2732 1411 δι’
2757 1359 2876 1424 ἐνὸς
2909 1362 3016 1417 τῶν
3047 1364 3220 1432 ἁγίων
3249 1370 3542 1440 προφητῶν
3565 1388 3579 1402 ο
3612 1392 3631 1426 ι
3671 1350 3806 1440 Θεδς

2203 1441 2439 1511 ὲγγίζων
2478 1446 2590 1516 ἐγώ
2639 1451 2776 1521 εἰμι,
2801 1451 2948 1521 λέγει
2977 1454 3203 1528 Κύριος,
3249 1461 3344 1516 καὶ
3367 1462 3487 1535 οὐχὶ
3518 1465 3649 1532 Θεὸς
3670 1468 3806 1540 πόρ-

2204 1533 2398 1604 ρωθεν,
2422 1536 2496 1608 μὴ
2522 1539 2617 1592 ἀπ’
2641 1542 2777 1613 ἐμοῦ
2802 1546 3139 1620 κρυϐήσεταί
3163 1569 3215 1605 τι
3236 1570 3250 1620 ;
3279 1572 3298 1606 ι
3338 1533 3548 1610 Οὐκοῦν
3567 1559 3614 1611 εί
3635 1533 3802 1632 μηδεν

2199 1626 2294 1679 ἀπ’
2320 1629 2486 1683 αὑτοῦ
2515 1632 2838 1704 κρύπτεται,
2871 1639 2989 1706 πῶς
3024 1641 3090 1695 ἂν
3107 1642 3296 1701 ἔλαθον
3321 1650 3464 1714 τινὲς
3497 1650 3799 1722 θυμιῶντες

2197 1716 2255 1769 ὲν
2304 1718 2504 1789 κήποις
2525 1762 2539 1783 ,
2579 1722 2750 1793 ήγουν
2779 1725 2838 1780 ἐν
2867 1726 3118 1800 δρυμοῖς,
3169 1732 3320 1805 δρεσί
3340 1752 3400 1789 τε
3437 1737 3530 1790 καὶ
3557 1716 3753 1806 νάπαις

2195 1806 2262 1860 Τί
2299 1805 2392 1864 οῦν
2421 1809 2530 1882 ἄρα
2563 1813 2624 1867 τὸ
2651 1833 2672 1866 ι
2707 1816 2936 1874 ἐνώπιόν
2964 1839 3066 1893 μου
3103 1843 3121 1876 ι
3157 1824 3342 1897 δηλοῖ,
3384 1827 3506 1881 ἀντὶ
3551 1828 3667 1895 τοῦ,
3705 1805 3798 1886 καί

497 1873 638 1929 dixit
665 1890 796 1933 voce
822 1876 1073 1938 Ieremia:
1100 1885 1166 1940 de
1194 1885 1517 1947 Jerusalem.
1552 1911 1572 1946 ι
1611 1899 1784 1962 Quam
1813 1900 2070 1957 abomina

498 1965 697 1994 ιὲηηΑ...
731 1968 850 1994 ειυς.
886 1973 1067 1994 nn-.-
1108 1976 1151 1994 9,
1207 1978 1223 1994 ι
1539 1986 1619 1994 ---
1730 1989 1742 1994 -
1768 1991 1777 1994 -
1897 1992 1906 1994 _

2197 1899 2278 1962 είς
2321 1873 2482 1957 αὑτὸν
2523 1905 2616 1960 τὸν
2655 1873 3059 1982 ἀφιερωθένταῂ
3084 1873 3365 1986 μοξῖεώᾷ.
3405 1921 3547 1994 Ἔφη
3572 1873 3681 1994 γάρ
3713 1941 3796 1980 τοι

498 1965 698 2022 tionem
730 1968 856 2025 fecit
880 1973 1074 2030 dilecta
1107 1976 1159 2031 in
1191 1978 1354 2037 domo
1394 1998 1512 2039 mea
1536 1986 1621 2041 '°?
1659 2007 1676 2042 ι
1714 1989 2093 2050 Abominatio-

497 2069 621 2110 netn
651 2059 934 2118 nominare
970 2079 1375 2126 consueverunt
1402 2086 1575 2130 sacrae
1601 2075 1822 2135 Littera:
1867 2082 2089 2140 idolum.

494 2148 684 2219 Itaque
733 2161 790 2206 et
844 2154 915 2209 ob
973 2157 1161 2214 oculos
1219 2175 1371 2218 meos
1433 2183 1452 2216 ι
1514 2167 1725 2225 suﬂitns
1779 2171 2014 2242 faciunt,
2065 2196 2086 2230 ι

495 2240 692 2309 inquit,
727 2260 746 2294 ι
780 2253 839 2298 et
879 2245 936 2300 in
985 2244 1176 2316 hortis,
1213 2269 1233 2305 ›
1269 2254 1320 2308 id
1365 2267 1482 2318 est,
1536 2257 1591 2312 in
1637 2263 1932 2330 montibus,
2011 2267 2090 2323 uti

491 2333 623 2397 dixi,
647 2353 667 2386 ‹
696 2335 799 2390 sub
821 2352 1050 2408 quercu,
1073 2350 1126 2396 et
1150 2345 1369 2414 populo,
1386 2355 1441 2402 et
1466 2350 1660 2407 arbore
1685 2355 1941 2412 umbrosa
1964 2360 2034 2428 ⁵³,
2062 2379 2083 2414 ι

490 2429 786 2485 secundum
833 2432 884 2487 id
923 2437 1068 2504 quod
1111 2437 1373 2510 scriptum
1417 2453 1525 2500 est.
1564 2445 1991 2518 Sacriﬁcabant,
2029 2463 2087 2508 ut

486 2518 718 2589 videtur,
741 2521 1053 2582 Graecorum
1079 2544 1284 2588 morem
1312 2536 1508 2604 secuti,
1531 2539 1854 2608 quibusdam
1883 2545 2085 2602 dzrmo-

486 2613 673 2681 nibus,
707 2614 973 2688 nymphas
1004 2621 1079 2678 illi
1114 2636 1341 2696 vocant,
1375 2629 1805 2707 hamadryadas,
1835 2647 1890 2694 et
1920 2655 2081 2698 orea-

484 2704 602 2761 das.
634 2706 738 2762 Sed
775 2725 878 2764 non
914 2723 1060 2781 sunt,
1093 2715 1286 2788 inquit,
1317 2737 1422 2776 non
1454 2704 1736 2793 quod'non
1768 2729 2080 2788 subsistant

479 2795 694 2852 exitiosi
730 2798 1033 2868 daemones;
1072 2805 1167 2861 sed
1203 2809 1346 2878 quod
1381 2825 1492 2867 non
1531 2812 1640 2868 sint
1672 2815 1776 2882 dii,
1809 2829 1970 2888 prout
2004 2820 2079 2876 illi

480 2885 573 2954 qui
607 2890 920 2948 sacriﬁcant
957 2894 1069 2952 illis
1128 2898 1444 2969 Opinantur.
1475 2885 1872 2965 Sacriﬁcarunt
1904 2913 2074 2968 etiam

479 2977 534 3032 in
567 2985 932 3042 monumentis
959 2996 1017 3043 et
1044 2990 1341 3060 speluncis,
1372 3000 1777 3056 necromantica
1805 3003 2074 3072 quaedam,

480 3080 540 3126 ut
565 3073 804 3142 videtur,
830 3090 1171 3138 exercentes.
1204 3081 1561 3144 Dormiebant
1591 3092 1755 3147 etiam
1793 3094 1846 3149 in
1881 3111 2075 3152 monu-

476 3164 697 3231 mentis,
726 3167 1009 3227 insomniis
1041 3173 1364 3243 quibusdam
1399 3187 1455 3235 et
1485 3182 1720 3251 spectris
1756 3185 1987 3257 decepti,
2018 3197 2073 3245 et

2199 1989 2440 2046 τοιοῦτον
2476 1997 2567 2049 καὶ
2605 1997 2691 2051 διὰ
2725 2002 2910 2074 φωνῆς
2941 2006 3204 2078 Ἰερεμίου
3231 2011 3357 2082 περὶ
3387 1989 3496 2083 τῆς
3524 1989 3798 2086 ’.Ιερουσαο

2198 2084 2331 2156 λήμ·
2369 2105 2387 2138 ι
2425 2087 2490 2140 Τί
2518 2089 2850 2165 ἠγαπημένη
2877 2097 2934 2148 ἐν
2961 2097 3036 2168 τῷ
3065 2101 3197 2172 οἴκῳ
3224 2119 3326 2172 μου
3351 2105 3576 2176 ἐποίησε
3599 2084 3796 2178 -βδέλυ-

2196 2191 2314 2246 γμα
2339 2193 2353 2242 ;
2381 2197 2399 2230 ι
2438 2178 2725 2254 Βδέλυγμα
2749 2185 2806 2238 δὲ
2843 2187 2905 2240 τὸ
2941 2189 3158 2246 εἴδωλον
3194 2194 3483 2266 ὀνομάζειν
3515 2199 3634 2264 ἔθος
3681 2205 3793 2267 τοῖς

2197 2269 2367 2341 ίεροῖς
2417 2272 2768 2345 Γράμμασιν.
2823 2278 3035 2335 Οὐκοῦν
3088 2287 3209 2338 κατ’
3260 2287 3574 2361 ὀφθαλμοὺς
3622 2294 3792 2363 ὲμοὺς

2147 2391 2158 2398 ι
2199 2379 2218 2414 ‹
2254 2362 2547 2435 θυμιῶσι,ι
2585 2368 2771 2439 φησὶ,ι
2813 2372 2907 2425 καὶ
2935 2375 2991 2426 ἐν
3025 2379 3138 2440 τοῖς
3166 2381 3382 2450 κήποις,
3425 2403 3444 2435 ι
3485 2387 3786 2453 τουτέστιν,

2189 2452 2248 2505 ὲν
2269 2451 2474 2524 ὄρεσιν,
2521 2455 2598 2520 ὡς
2644 2457 2803 2530 ἔφην,
2839 2480 2856 2512 ι
2889 2463 3148 2520 ὑποκάτω
3188 2469 3368 2540 δρυὸς,
3414 2474 3507 2527 καὶ
3561 2451 3784 2549 λεύκης,

2189 2543 2283 2596 καὶ
2318 2543 2537 2617 δένδρου
2574 2550 2994 2617 συσκιάζοντος,
3039 2575 3057 2608 ι
3095 2559 3236 2613 κατά
3277 2561 3337 2615 τὸ
3373 2543 3783 2637 γεγραμμένον,

2191 2633 2386 2690 Ἐθυον
2415 2636 2492 2704 δὲ,
2527 2641 2670 2696 κατά
2693 2643 2752 2696 τὸ
2777 2646 2943 2711 εἰκὸς,
2965 2651 3077 2713 τοῖς
3093 2651 3360 2724 Ἐλλήνων
3382 2633 3787 2732 ἀκολουθήσαν-

2183 2743 2274 2791 τες
2290 2727 2501 2800 θυμοῖς,
2529 2733 2749 2805 δαίμοσι
2777 2739 2946 2805 τισὶν,
2993 2740 3059 2806 ἀς
3099 2745 3317 2816 νύμφας
3353 2750 3551 2807 ἐκεῖνοι
3581 2727 3782 2819 καλοῦ,-

2184 2829 2291 2880 σιν,
2315 2817 2668 2892 ἁμαδρυάδας
2690 2827 2786 2878 καὶ
2814 2826 3066 2899 ὀρειάδας
3091 2851 3104 2865 ·
3151 2835 3268 2889 ἀλλ’
3296 2837 3396 2893 οῦκ
3431 2843 3560 2908 εἰσι,
3591 2817 3779 2916 φησὶν,

2180 2907 2280 2977 οὑχ
2313 2911 2394 2964 ὅτι
2427 2913 2503 2984 μή
2545 2915 2885 2989 ὑπάρχουσιν
2940 2926 2988 2977 οξ
3042 2926 3310 3000 ἀλιτήριοι
3339 2907 3631 3003 ’δαίμονες,
3652 2907 3792 2995 ’ἀλλ’

2178 2997 2260 3051 ὅτι
2291 3001 2404 3057 θεοὶ
2434 3006 2637 3075 μᾶλλον
2673 3011 2774 3065 οὑκ
2827 3015 2956 3082 είσι,
3009 2997 3237 3091 κατά
3263 3022 3362 3087 τάς
3398 2997 3508 3080 τὸὑν
3539 2997 3779 3085 θυδντων

2177 3091 2363 3157 αὐτοῖς
2395 3095 2672 3164 ὑπονοίας.
2706 3103 2906 3160 Ἐθυον
2931 3107 2988 3163 δὲ
3026 3112 3120 3165 καὶ
3157 3113 3214 3168 ὲν
3247 3116 3527 3188 μνήμασι,
3569 3122 3664 3176 καὶ
3719 3125 3778 3180 ἐν

2177 3181 2484 3253 σπηλαίοις,
2497 3194 2923 3262 νεκυομαντείας
2937 3197 3038 3262 τὰς
3053 3200 3218 3254 καλου
3227 3181 3394 3274 μένας
3423 3181 3644 3280 ἐπιτηδε
3652 3211 3777 3266 dov-

474 3258 719 3313 notitiam
781 3275 962 3319 rerum
1016 3263 1326 3325 futurarum
1389 3270 1729 3346 indagantes.
1790 3278 2068 3348 Ejusmodi

2175 3290 2264 3338 τες
2318 3277 2461 3332 κατά
2491 3279 2553 3333 τὸ
2599 3258 2765 3348 εἰκός.
2803 3258 3135 3360 Ἐκοιμιῖὑντο
3186 3258 3243 3347 δέ
3271 3258 3773 3374 καὶνὲνμνήμασιν,

472 3360 600 3405 sunt
643 3354 786 3408 enim
836 3355 1132 3426 impietatis
1175 3359 1488 3419 Graecorum
1537 3366 1779 3423 inventa.
1814 3371 2071 3430 Calcasse

471 3451 654 3497 autem
699 3458 794 3500 eos
833 3461 1050 3518 quoque
1090 3448 1224 3521 legis
1265 3465 1570 3526 praecepta,
1604 3458 1940 3518 demonstrat
1987 3463 2072 3520 in-

469 3537 663 3602 quiens
713 3554 727 3590 :
787 3556 806 3590 ι
861 3539 1164 3596 Comedunt
1206 3558 1402 3602 carnes
1452 3548 1658 3605 suillas.
1715 3568 1734 3603 ι
1787 3554 2070 3611 lnterdixit

468 3627 614 3683 enim
645 3629 759 3684 haec
792 3629 1072 3689 lsraelitis.
1104 3633 1486 3695 Absorbebant
1515 3643 1682 3697 etiam
1720 3643 1812 3713 jus
1857 3647 2069 3702 sacriﬁ-

466 3719 696 3787 ciorum,
723 3723 870 3778 omni
909 3725 1222 3794 impuritate
1254 3729 1464 3797 repleti,
1495 3734 1686 3789 sordes
1726 3751 1831 3792 non
1877 3738 2066 3793 eluen-

465 3811 566 3866 das
606 3810 902 3879 habentes,
931 3824 1185 3884 putantes
1231 3818 1426 3874 deinde
1463 3823 1529 3876 ad
1573 3839 1845 3881 summum
1886 3831 2064 3886 omnis

465 3903 714 3973 puritatis
768 3907 995 3975 gradum
1030 3923 1089 3963 se
1137 3912 1471 3979 pervenisse,
1523 3915 1661 3972 adeo
1711 3927 1770 3974 ut
1817 3920 2063 3978 dicerent

462 3997 896 4067 appropinquare
927 3999 1253 4067 volentibus,
1284 4003 1456 4078 894
1501 4024 1522 4058 ι
1572 4007 1756 4080 Longe
1788 4026 1817 4065 a
1850 4027 1958 4079 me,
1992 4031 2059 4071 ne

460 4091 864 4160 appropinqnes
893 4093 1050 4161 mihi,
1079 4096 1206 4166 quia
1239 4113 1407 4168 purus
1439 4115 1581 4154 sum.
1619 4121 1638 4155 ι
1681 4103 1799 4160 Mali
1828 4107 1972 4162 enim
2003 4119 2061 4166 et

459 4179 658 4250 impuri
706 4183 1001 4251 dazmones,
1041 4190 1373 4256 persuadent
1422 4192 1508 4248 his
1557 4195 1647 4263 qui
1698 4211 1756 4252 se
1803 4199 2053 4267 adorant,

457 4273 600 4340 quod
639 4273 739 4329 etsi
784 4276 967 4331 omnia
1011 4289 1208 4348 praeter
1247 4296 1461 4351 aequum
1507 4293 1563 4339 et
1607 4285 1808 4342 bonum
1839 4301 2051 4361 .agant,

457 4363 567 4419 imo
618 4365 780 4420 etiam
834 4382 920 4423 res
967 4369 1464 4443 inquinatissimas,
1513 4376 1680 4434 futuri
1730 4379 1841 4435 sint
1892 4383 2049 4452 puri,

454 4454 577 4511 face
604 4455 709 4512 illis
736 4459 1086 4530 praalueente,
1111 4474 1164 4517 et
1194 4464 1318 4534 igne
1346 4467 1745 4538 circumeunte,
1771 4471 1856 4528 vel
1886 4475 2051 4532 etiam

454 4562 716 4616 aquarum
750 4549 1108 4621 abstersione,
1137 4566 1189 4611 et
1221 4557 1422 4614 fabulis
1450 4562 1685 4618 anilibus
1717 4563 2050 4622 incantanti-

2173 3365 2654 3441 ὀνειροπομπείοις
2701 3375 2813 3430 τισὶ
2843 3381 2938 3434 καὶ
2971 3382 3252 3456 φάσμασιν
3276 3365 3650 3462 ἀπατώμενοι,
3678 3365 3773 3453 και

2170 3458 2280 3514 τῶν
2303 3461 2581 3534 ἐσομένων
2598 3467 3189 3543 πολυπραγμονοῦντες
3208 3479 3308 3552 τὴν
3329 3483 3551 3552 γνῶσιν.
3582 3487 3772 3545 Τοιαῦ-

2167 3567 2237 3604 τα
2267 3552 2376 3624 γάρ
2406 3553 2529 3620 πώς
2575 3558 2681 3612 είσι
2708 3560 2808 3632 τῆς
2838 3563 2947 3620 τῶν
2989 3565 3258 3640 Ἑλλήνων
3301 3573 3650 3649 ἀνοσιότητος
3698 3581 3769 3636 τά

2167 3645 2481 3717 εὑρήματα.
2527 3651 2648 3706 Ὀτι
2679 3653 2736 3707 δὲ
2765 3656 2857 3710 καὶ
2886 3657 2987 3732 τήν
3038 3661 3134 3716 τοῦ
3169 3663 3334 3735 νόμου
3383 3645 3767 3742 πεπατήκασιν

2165 3738 2407 3810 ἐντολὴν,
2444 3741 2805 3802 διαδείκνυσιν
2821 3750 3012 3819 εἰπὼν,
3037 3773 3055 3807 ι
3079 3756 3381 3826 Ἐσθίοντες
3398 3765 3536 3834 κρέα
3565 3766 3705 3823 ῦειαο
3738 3789 3758 3822 ι

2164 3830 2436 3904 ἀπείρητο
2470 3835 2581 3908 γὰρ
2617 3838 2688 3893 τὰ
2715 3843 2893 3896 τοιάδε
2920 3848 3033 3911 τοῖς
3058 3848 3117 3916 ἐξ
3165 3852 3402 3926 Ἰσραήλο
3435 3830 3762 3932 ἐξερρόφουν

2160 3920 2219 3975 δὲ
2246 3923 2340 3977 καὶ
2365 3925 2586 3997 ζωμοὺς
2618 3929 2844 4000 θυσιῶν,
2893 3936 3115 4009 ἀπάσης
3147 3920 3492 4018 ἀκαθαρσίας

2161 4014 2448 4088 πλάμενοι,
2477 4020 2571 4076 καὶ
2619 4022 3058 4101 δυσαπότριπτον
3081 4033 3295 4106 ἔχοντες
3315 4014 3593 4113 μολυσμόν
3609 4064 3620 4076 ·
3639 4014 3758 4102 εἶτα

2159 4109 2494 4179 νομίζοντες,
2527 4113 2609 4168 ὅτι
2642 4118 2736 4170 καὶ
2766 4120 2849 4184 είς
2884 4122 3036 4192 λῆξιν
3069 4126 3288 4202 ἀπάσης
3320 4109 3630 4206 ήὲληλάκασι
3661 4156 3760 4194 κα-

2159 4197 2480 4274 θαρότητος,
2514 4204 2655 4262 ὥστε
2686 4211 2781 4263 καὶ
2807 4211 2987 4281 λέγειν
3007 4221 3120 4282 τοῖς
3141 4197 3310 4289 ἐγγὺς
3341 4197 3480 4280 εἶναι
3511 4228 3758 4285 θέλουσιν

2157 4291 2338 4346 αὑτῶν
2369 4311 2383 4326 ο
2423 4314 2441 4346 ι
2486 4297 2685 4371 Πόρρω
2715 4303 2812 4356 ἀπ’
2843 4304 3000 4376 ἐμοῦ,
3037 4309 3113 4381 μὴ
3138 4311 3364 4386 ὲγγῐσῃς
3391 4333 3516 4386 μοι,
3542 4320 3624 4373 ὅτι
3654 4340 3756 4378 κα-

2155 4377 2323 4453 θαρός
2353 4385 2491 4456 εἰμι.
2528 4406 2547 4439 ι
2570 4390 2634 4443 Ol
2662 4393 2772 4464 γὰρ
2805 4377 3159 4468 πονηροὶγκαὶ
3179 4377 3482 4479 ἀκάθαρτοι
3501 4377 3753 4483 δαίμονες

2153 4473 2509 4532 ἀναπείθουσι
2548 4486 2766 4553 φρονεῖν
2806 4487 2934 4554 τοὺς
2974 4495 3414 4562 προσκυνοῦντας
3441 4500 3646 4568 αὐτοῖς,
3669 4506 3752 4560 ὅτι

2155 4563 2334 4620 πάντα
2357 4567 2613 4638 δρῶντες,
2645 4576 2822 4630 καὶτὰ
2857 4579 3000 4652 πέρα
3028 4585 3216 4654 νόμου,
3249 4590 3343 4644 καὶ
3375 4593 3558 4664 πάσης
3579 4597 3751 4651 ἐπιει-

453 4640 574 4696 bus.
601 4641 868 4697 Caeterum
900 4644 1016 4700 haec
1042 4648 1244 4715 omnia,
1278 4650 1474 4722 inquit,
1505 4654 1670 4724 impie
1700 4665 1755 4711 et
1783 4655 2050 4729 ﬂagitiose

453 4732 516 4755 ,_._
565 4731 666 4755 πη,
714 4746 1012 4755 μμ,,,,,,
1156 4740 1196 4755 η
1583 4746 1603 4755 -
1737 4748 1748 4755 .
1925 4751 1937 4755 -

2175 4656 2333 4721 ιείας,
2363 4659 2563 4728 μᾶλλον
2594 4663 2649 4717 δὲ
2669 4667 2740 4720 τὰ
2758 4669 2838 4733 εἰς
2860 4639 3028 4744 ἄκρον
3049 4639 3251 4746 ἥκοντα
3281 4639 3580 4755 μολυσμέῦ,
3600 4687 3750 4743 ἔσον-

450 4732 519 4786 :tb
565 4731 669 4787 illis
714 4746 1043 4803 perpetrata,
1081 4758 1100 4790 ι
1156 4740 1360 4800 Fumus
1406 4755 1534 4800 sunt
1579 4746 1782 4804 furoris
1831 4751 1960 4816 mei,
1991 4763 2048 4807 et

451 4822 589 4848 ἕρκει.
625 4824 772 4848 -_.I-n
812 4825 862 4848 2..
906 4842 959 4848 ,Α
1003 4844 1078 4848 ,ομ
1129 4830 1173 4848 ἰθ
1203 4847 1234 4848 η
1297 4834 1328 4848 ιο
1370 4834 1381 4848 ι
1595 4837 1627 4848 η
1669 4837 1683 4848 ι

2175 4764 2237 4800 αι
2281 4750 2534 4824 καθαροὶ,
2570 4755 2726 4828 δᾳδὸς
2781 4731 3220 4841 ἀφθείσηςιπαμ
3539 4731 3744 4848 αὐτοῖς,

450 4822 591 4892 ignis
623 4824 776 4880 ardet
812 4825 864 4880 in
900 4842 965 4882 eo
995 4830 1246 4887 omnibus
1277 4834 1490 4890 diebus.
1532 4855 1551 4888 ι
1593 4837 1809 4894 Scimus
1839 4850 2044 4909 autem,

447 4931 576 4970 eum.
617 4917 758 4986 ignis
802 4920 1180 4977 accendendus
1223 4933 1337 4994 est,
1381 4927 1584 4984 exoriri
1633 4931 1786 4999 prius
1837 4932 2035 4990 fumos.

447 5002 634 5072 Itaque
673 5015 798 5062 ante
837 5008 1149 5068 Servatoris
1187 5013 1500 5084 adventum,
1529 5032 1651 5075 cum
1699 5021 1752 5076 in
1791 5023 2043 5082 sordibus

445 5105 785 5162 versaretur,
815 5097 1167 5168 qttem'modo
1197 5105 1464 5177 diximus,
1500 5108 1695 5178 l'sracl,
1727 5112 1872 5168 velut
1901 5114 2035 5171 fumi

446 5185 662 5255 quidam
695 5197 750 5242 et
781 5190 930 5247 initia
966 5194 1161 5251 divina:
1197 5197 1291 5255 ira:
1323 5211 1708 5271 apparuerunt.
1741 5203 2034 5276 Postquam

443 5291 573 5332 vero
619 5279 892 5349 prioribus
932 5286 1045 5343 suis
1087 5290 1460 5360 impietatibus
1503 5294 1828 5352 addiderunt
1869 5300 2033 5355 etiam

441 5369 918 5430 debacchationem
961 5376 1014 5431 in
1057 5379 1230 5448 ipsum
1266 5384 1644 5444 universorum
1690 5391 2035 5449 Servatorem

439 5469 495 5512 et
545 5456 964 5534 Redemptorcm
1024 5488 1035 5522 :
1095 5469 1489 5531 interfecerunt
1533 5480 1677 5535 enim
1731 5483 2034 5554 principem

439 5549 656 5616 vitaz",
691 5553 841 5610 furor
879 5557 1074 5615 deinde
1118 5576 1382 5620 accensus
1421 5577 1526 5636 est,
1562 5581 1617 5627 et
1660 5573 1712 5630 in
1758 5573 2031 5633 ﬂammam

438 5641 836 5710 quodammodo
869 5648 999 5706 fumi
1033 5656 1282 5712 conversi
1309 5668 1452 5716 sunt.

2145 4840 2238 4894 καὶ
2271 4842 2455 4917 κύκλῳ
2487 4849 2658 4920 πυρὸς
2685 4855 3054 4928 περιθέοντες,
3089 4861 3122 4932 ἤ
3152 4840 3293 4935 τάχᾶ
3331 4885 3456 4933 που,
3489 4840 3584 4928 καὶ
3613 4840 3747 4930 ὑδαέ

2141 4949 2234 4996 τος
2274 4937 2712 5009 ῥαντισμοῦ,καὶ
2749 4948 3079 5017 μυθολογίας
3121 4961 3510 5030 γραοπρεποῦς
3544 4966 3742 5038 ἐπᾳδο-

2145 5023 2310 5097 μένης
2334 5029 2536 5094 αὐτοῖς.
2558 5034 2718 5090 Ἀλλά
2745 5040 2901 5092 ταυτὶ
2930 5023 3224 5110 σύμπαντα
3257 5023 3416 5122 φησὶ,
3452 5023 3522 5110 cdt
3545 5023 3743 5113 δυσσε-

2146 5116 2256 5182 δῶς
2277 5137 2336 5172 τε
2366 5123 2460 5176 καὶ
2489 5126 2720 5192 ἀνοσίως
2763 5135 2892 5202 παρ’
2925 5134 3105 5191 αὐτῶν
3134 5146 3422 5212 γεγονότα·
3457 5167 3476 5201 ι
3517 5152 3741 5218 Καπνός

2144 5211 2250 5263 είσι
2302 5213 2396 5267 τοῦ
2431 5215 2605 5286 θυμοῦ
2639 5237 2762 5290 μου,
2793 5225 2886 5278 καὶ
2923 5227 3032 5302 πῦρ
3050 5233 3264 5291 καίεται
3290 5239 3349 5292 ὲν
3382 5241 3530 5312 αὐτῷ
3559 5245 3740 5310 πάσας
3816 5315 3826 5324 .

2144 5301 2244 5324 -ι.,
2271 5305 2407 5324 Auli
2603 5313 2648 5324 ⁵·
2819 5317 2858 5324 ⁸⁵
2940 5321 2960 5324 ’“

2136 5581 2270 5650 ἡμῖν
2317 5585 2634 5658 εἰρημένοις
2685 5593 2779 5649 τοῦ
2832 5599 3069 5672 Ἰσραὴλ,
3105 5608 3300 5661 καπνοί
3349 5627 3495 5675 τινες
3521 5612 3731 5686 ὥσπερ,

2136 5672 2231 5725 καὶ
2264 5675 2430 5748 ἀρχαὶ
2456 5681 2554 5753 τῆς
2584 5683 2735 5752 θείας
2766 5687 2938 5765 ὀργῆς
2990 5695 3356 5763 ἀνεφαένοντο.
3427 5672 3644 5778 ’έπειδὴ

517 5812 559 5840 ⁸³
600 5810 702 5866 lsa.
734 5833 828 5882 LII,
864 5822 916 5874 6.
993 5826 1037 5856 5°
1065 5825 1175 5882 «ιον.
1212 5845 1285 5897 ιιι,
1319 5831 1401 5888 l5.
1481 5835 1522 5868 ἰ
1556 5836 1692 5896 Osee
1726 5857 1797 5911 tv,
1847 5845 1926 5899 l5.
2009 5847 2052 5882 η

2175 5860 2204 5905 t.
2247 5868 2324 5920 ill,
2362 5856 2441 5912 l2}.
