4140 6466
410 403 554 460 1409
1520 408 1586 464 IN
1627 408 1860 465 lSAlA-M
1902 409 2035 468 LIB.
2080 413 2143 468 ν.
2187 411 2429 470 TOMIIS
2472 416 2563 471 Vl.
3569 413 3712 470 Nlo

407 524 528 585 ui;
587 521 878 594 προτέραις
929 523 1138 578 ἑαυτῶν
1170 525 1513 591 δυσσεϐείαις
1555 532 2004 602 προσεπήγαγον,
2045 533 2138 586 καὶ
2170 533 2268 604 τὴν
2322 534 2402 598 είς
2468 532 2632 587 αὑτὸν
2699 534 2988 606 παροινίαν
3034 532 3127 588 τὸν
3159 532 3268 587 τῶν
3305 533 3444 587 ὅλων
3480 531 3712 606 Σωτῆρα

407 616 505 668 καὶ
549 617 868 686 Λυτρωτήν·
939 618 1272 673 ἀπεκτόνασι
1323 621 1432 692 γὰρ
1481 622 1571 676 τὸν
1614 624 1858 696 ἀρχηγὸν
1903 627 2005 698 τῆς
2071 627 2238 699 ζωῆς,
2286 626 2492 699 ἐξήφθη
2531 626 2714 680 λοιπον
2771 629 2800 680 ὁ
2833 626 3025 698 θυμὸς,
3065 627 3161 680 καὶ
3186 629 3265 690 εἰς
3301 625 3475 696 φλόγα
3510 625 3714 698 τρόπον

409 707 530 762 τινὰ
561 709 903 778 μετέστησαν
928 713 975 763 οἱ
1006 713 1222 766 καπνοί.
1741 737 1752 762 ι

488 801 646 856 Ἰδοὺ
668 801 990 870 γέκοαπται
1021 804 1281 859 ἐνώπιόν
1297 823 1437 875 μουο
1459 809 1551 862 οὐ
1585 810 1876 877 σιωπήσω
1897 811 2008 880 ἕως
2038 831 2083 886 Α

2074 867 2083 886 λ
2185 813 2348 866 Vens.
2387 810 2452 877 6,
2483 811 2532 867 7.
2569 809 2706 865 Ecce
2741 812 2990 878 scriptum
3022 820 3097 864 est
3134 809 3191 863 in
3227 818 3508 877 conspectu
3543 827 3656 866 meo
3689 825 3709 864 :

406 903 485 957 ἂν
508 899 735 965 ἀποδῶ,
761 901 859 955 καὶ
879 901 1284 956 ἀνταποδώσω
1305 906 1392 970 εἱς
1411 904 1520 958 τὸν
1541 907 1776 960 κόλπον
1804 910 2004 963 αὐτῶν

2117 903 2241 958 Non
2292 902 2494 969 tacebo,
2529 903 2693 956 donec
2738 903 2954 956 reddam
3000 911 3050 956 et
3099 901 3388 955 retribuam
3433 902 3488 954 in
3533 903 3708 956 sinum

403 993 512 1058 τὰς
553 990 846 1060 ἁμαρτίας
894 989 1116 1053 αὐτῶν,
1159 991 1259 1045 καὶ
1308 993 1426 1046 τῶν
1465 994 1739 1062 πατέρων
1781 995 2000 1061 αὐτῶν,

2109 1012 2290 1050 eorum
2314 1005 2526 1063 peccata
2554 1011 2672 1058 sua,
2695 1005 2742 1048 et
2768 1003 2980 1060 patrum
3007 1011 3244 1058 suorum,
3269 994 3396 1046 dicit
3424 993 3706 1049 Dominus.

400 1085 567 1154 λέγει
600 1085 836 1151 Κύριος·
873 1081 930 1168 οἳ
953 1084 1212 1153 ἐθυμίων
1237 1084 1336 1137 ἐπὶ
1366 1084 1486 1139 τῶν
1533 1087 1737 1156 ὀρέων,
1770 1089 1870 1144 καὶ
1903 1089 2003 1142 ἐπὶ

2113 1087 2216 1154 Qui
2247 1086 2527 1141 «dolebant
2557 1088 2825 1140 incensum
2854 1103 3008 1151 super
3033 1097 3255 1152 montes,
3281 1095 3329 1139 et
3364 1101 3523 1156 super
3548 1085 3709 1140 colles

401 1175 523 1230 τῶν
546 1173 797 1241 βουνῶν
843 1173 1046 1230 αὐτῶν
1077 1174 1408 1231 ώνείδισάν
1444 1196 1524 1247 με
1543 1194 1557 1210 ο
1608 1179 1902 1236 ἀποδώσω
1929 1181 2001 1236 τὰ

2107 1180 2314 1248 probris
2347 1179 2633 1248 u/fecerunt
2661 1194 2761 1232 me.
2786 1177 3025 1232 Reddam
3056 1193 3212 1245 Opera
3238 1193 3418 1233 eorum
3449 1177 3502 1230 in
3528 1177 3707 1231 sinum

401 1268 544 1338 ἔργα
574 1266 776 1322 αὐτῶν
803 1269 890 1333 εις
918 1267 1026 1322 τὸν
1062 1270 1299 1322 κόλπον
1330 1270 1548 1325 αὐτῶν.
2105 1284 2281 1324 suum.

475 1360 701 1430 Ὅμοιον
723 1360 800 1422 ὡς
823 1360 871 1411 εί
896 1357 1067 1428 λέγοι·
1099 1361 1180 1413 Τὰ
1209 1361 1289 1425 είς
1315 1361 1493 1433 λύπην
1546 1364 1687 1435 ἐμὴν
1735 1366 1888 1436 παρά
1938 1383 1998 1420 τε

2177 1360 2413 1416 Perinde
2445 1369 2528 1416 est
2559 1375 2622 1416 ac
2654 1361 2698 1416 si
2737 1361 2886 1417 dicat
2924 1377 2937 1416 :
2975 1361 3103 1426 Qua:
3142 1375 3264 1415 cum
3309 1357 3610 1415 offensione
3649 1368 3706 1414 ct

397 1447 508 1502 τῶν
542 1447 798 1520 πατέρων
820 1447 1021 1510 αὐτῶν,
1051 1448 1143 1501 καὶ
1174 1447 1304 1520 παρ’
1337 1449 1518 1504 αὐτῶν
1564 1451 1796 1515 ἀνοσίως
1837 1468 1998 1521 γεγε-

2105 1453 2290 1509 dolore
2321 1469 2442 1509 meo
2474 1468 2503 1508 a
2530 1455 2780 1524 patribus
2810 1468 2999 1510 eorum
3028 1463 3081 1509 et
3110 1454 3178 1510 ab
3207 1453 3338 1524 ipsis
3366 1453 3531 1522 impie
3559 1450 3700 1505 facta

396 1558 462 1611 νη
474 1540 630 1611 μένα,
662 1539 946 1609 μονονουχὶ
975 1540 1068 1594 καὶ
1094 1540 1154 1593 ὲν
1180 1541 1370 1595 πίνακι
1392 1542 1754 1613 γεγραμμένα
1784 1543 1994 1616 θεωρῶ,

2103 1553 2249 1611 sunt,
2280 1547 2675 1616 propemodum
2712 1547 2764 1600 in
2800 1547 2982 1603 tabula
3015 1548 3227 1616 depicta
3257 1545 3618 1616 contemplor,
3645 1553 3702 1600 et

395 1634 492 1686 καὶ
516 1635 574 1685 ὲν
604 1633 716 1696 τοῖς
741 1633 897 1702 ἐμοῖς
930 1633 1070 1685 είσιν
1091 1632 1410 1704 ὀφθαλμοῖς,
1435 1635 1468 1706 ἢ
1495 1635 1613 1700 πῶς
1646 1637 1712 1690 ἂν
1744 1637 2000 1707 ἀνασχοί-

2099 1639 2470 1694 obversantur
2505 1641 2644 1695 meis
2676 1639 2872 1695 oculis.
2902 1639 3184 1706 Quomodo
3217 1639 3332 1693 hare
3369 1648 3482 1693 tam
3515 1638 3699 1706 gravia

396 1741 507 1795 μην
537 1722 646 1776 τῶν
698 1722 842 1776 οὕτω
894 1722 1120 1788 δεινῶν,
1163 1724 1258 1778 καὶ
1308 1725 1717 1798 ἀπαραϐλὴτων
1773 1727 1993 1792 κακῶν;

2099 1741 2156 1787 ει
2183 1732 2599 1788 inconsolabilia
2634 1733 2772 1788 mala
2802 1734 2913 1802 pati
2945 1733 3168 1804 potero?
3201 1733 3445 1789 Reddam
3477 1735 3702 1790 omnino

405 1815 699 1870 Ἀποδώσω
723 1816 942 1880 πάντως
961 1817 1042 1880 είς
1064 1815 1156 1869 τὸν
1179 1817 1381 1871 κόλπον
1405 1818 1607 1882 αὐτῶν,
1629 1818 1918 1891 δεχόμενος
1939 1819 1997 1872 ἐν

2102 1822 2154 1876 in
2211 1824 2392 1878 sinum
2445 1838 2672 1890 eorum,
2725 1825 2988 1880 memoria
3042 1826 3209 1880 etiam
3266 1834 3464 1882 tenens
3515 1835 3700 1897 patres

391 1918 640 1989 μνήμαις
678 1915 924 1979 καὶτοὺς
960 1914 1208 1987 πατέρας
1255 1915 1456 1975 αὐτῶν.
1489 1916 1540 1970 οἳ
1571 1915 1873 1987 ἐθυμίασαν
1903 1916 1996 1970 ἐπὶ

2100 1931 2319 1982 eorum,
2355 1918 2447 1988 qui
2490 1917 2795 1974 sufﬁmenta
2839 1918 3086 1974 fecerunt
3131 1917 3184 1972 in
3232 1919 3508 1974 montibus
3546 1926 3603 1974 et
3641 1917 3697 1972 in

385 2009 499 2062 τῶν
526 2008 722 2080 ὀρέων,
763 2007 858 2062 καὶ
904 2007 998 2060 ἐπὶ
1049 2007 1160 2060 τῶν
1191 2007 1419 2078 βουνῶν,
1475 2003 1552 2063 ὧν
1585 2009 1871 2063 ὠνείδισάν
1903 2026 1993 2079 με.

2100 2009 2361 2076 collibus,
2405 2011 2608 2080 quibus
2656 2011 2874 2080 probris
2919 2009 3221 2066 affecerunt
3267 2025 3372 2066 me.
3416 2010 3695 2077 Observa,

400 2103 794 2173 Ἐπιτήρησον,
829 2101 912 2155 ὅτι
942 2099 1148 2171 θυμιᾷν
1169 2102 1367 2165 αὐτοὺς
1395 2104 1454 2154 ἐν
1478 2104 1680 2172 κήποις
1702 2101 1872 2156 είπὼν
1901 2104 1996 2155 ἐπὶ

2103 2104 2245 2173 quod
2279 2119 2401 2159 cum
2435 2103 2636 2159 dixerit
2667 2103 2789 2158 illos
2814 2101 3023 2158 sumtus
3049 2102 3266 2158 adolere
3298 2101 3352 2158 in
3383 2102 3580 2167 hortis,
3608 2103 3699 2159 hic

383 2195 495 2249 τῶν
551 2196 726 2266 ὀρέων
784 2193 1016 2249 καὶτῶν
1059 2192 1298 2264 βουνῶν,
1351 2193 1543 2248 ὲνθάδε
1602 2195 1739 2265 φησὶ
1767 2196 2002 2267 κήπους,

2060 2195 2252 2254 tdieat
2302 2199 2356 2253 in
2407 2199 2686 2254 montibus
2726 2206 2780 2252 et
2829 2197 3059 2254 collibus
3111 2214 3127 2252 :
3178 2197 3396 2261 hortos,
3433 2197 3695 2259 arbitror,

382 2285 562 2359 οἶμαι,
589 2287 764 2356 λέγων
792 2287 922 2350 τοὺς
949 2288 1005 2340 ἐν
1022 2286 1175 2357 ὄρεσι
1201 2285 1461 2358 δρυμοὺς,
1486 2286 1632 2341 καθὰ
1656 2289 1992 2360 προειρήκα-

2099 2306 2335 2356 vocans,
2369 2290 2535 2349 silvas
2578 2292 2632 2346 in
2681 2293 2992 2357 montibus,
3026 2289 3483 2361 quemadmodum
3529 2303 3695 2358 supra

385 2397 509 2451 μεν.
533 2379 766 2444 Θύοντες
797 2379 857 2434 δὲ
887 2381 1001 2443 τοῖς
1040 2379 1375 2448 ἀκαθάρτοις
1428 2379 1700 2451 δαίμοσιν,
1733 2376 1852 2433 εἶτα
1888 2380 1988 2452 τὴν

2095 2383 2356 2440 diximus.
2391 2383 2780 2440 Sacrificantes
2825 2393 3006 2439 autem
3054 2383 3282 2452 impuris
3324 2379 3687 2442 daemonibus,

380 2474 746 2546 ὀφειλομένην
775 2473 854 2546 τῷ
879 2474 998 2546 Θεῷ
1027 2474 1206 2540 δόξαν,
1239 2474 1422 2542 ὀλίγου
1457 2473 1740 2538 παντελῶς
1774 2473 1988 2539 ἀξιοῦν-

2095 2475 2291 2530 deinde
2328 2475 2559 2546 gloriam
2598 2473 2710 2529 Deo
2743 2474 2980 2530 debitam
3015 2474 3224 2529 minimi
3261 2471 3547 2537 facientes,
3574 2480 3696 2526 tau-

378 2583 471 2628 τες
499 2565 679 2634 λόγου,
709 2565 992 2636 μονονουχὶ
1027 2567 1122 2620 καὶ
1144 2566 1418 2630 ὠνείδιζον
1437 2565 1600 2618 αὑτὸν
1626 2565 1703 2628 ὡς
1731 2564 1834 2619 οὐκ
1854 2565 1983 2620 ὄντα

2094 2577 2205 2622 tum
2237 2583 2342 2623 non
2375 2569 2590 2640 probris
2617 2583 2768 2634 eum,
2791 2568 3017 2638 perinde
3045 2581 3110 2622 ac
3141 2567 3184 2621 si
3218 2567 3361 2621 Deus
3387 2579 3494 2620 non
3521 2571 3693 2627 esset,

377 2657 534 2710 θεόν.
569 2657 642 2710 Τὸ
673 2657 781 2729 γάρ
816 2657 954 2723 ὅλως
983 2661 1096 2722 τοῖς
1124 2660 1228 2711 οῦκ
1277 2653 1398 2712 οὖσι
1451 2657 1594 2720 θεοῖς
1623 2657 1982 2729 προσκεῖσθαι

2092 2658 2412 2717 aﬂecerunt.
2447 2661 2598 2717 Velle
2635 2661 2780 2717 enim
2824 2662 2876 2715 in
2923 2669 3093 2715 totum
3140 2672 3249 2714 non
3297 2657 3401 2713 diis
3445 2655 3695 2712 adhaere-

378 2748 558 2803 θέλειν
590 2749 743 2802 οῦδὲν
801 2749 989 2822 ἕτερον
1023 2750 1108 2822 εἴη
1143 2751 1230 2814 ἃν,
1271 2749 1410 2821 πλὴν
1443 2751 1524 2803 ὅτι
1557 2749 1658 2822 τὴν
1691 2749 1842 2804 θείαν
1887 2751 1981 2806 καὶ

2088 2762 2274 2815 scere,
2310 2750 2449 2806 nihil
2488 2750 2634 2806 aliud
2675 2760 2789 2819 est,
2825 2764 2987 2821 quam
3020 2749 3259 2804 divinam
3288 2755 3344 2803 et.
3380 2759 3689 2816 supremam

377 2843 642 2896 ἀνωτάτω
667 2841 1044 2915 περιυϐρίζειν
1087 2842 1263 2908 δόξαν.
1313 2861 1332 2894 ι
1384 2840 1674 2896 ’Δποδώσω
1722 2861 1742 2893 ι
1774 2843 1975 2910 τοίνυν,

2088 2839 2430 2910 maiestatem
2457 2856 2842 2912 conspurcare.
2869 2859 2889 2894 ι
2923 2839 3167 2895 Reddam
3199 2857 3220 2891 ι
3275 2838 3464 2905 igitur,
3489 2833 3687 2905 inquit,

377 2937 535 3006 φησὶ,
573 2953 592 2986 ι
613 2934 683 2990 τὰ
707 2934 845 3007 ἔργα
879 2935 1062 2989 αὐτῶν
1090 2938 1169 2999 είς
1200 2935 1290 2989 τὸν
1317 2935 1518 2990 κόλπον
1543 2934 1725 2990 αὐτῶν
1743 2950 1758 2964 ⁸
1798 2953 1818 2988 ›
1842 2937 1978 2991 ἀπο-

2090 2953 2109 2986 ι
2157 2947 2320 3004 opera
2363 2949 2554 2990 eorum
2597 2934 2651 2988 in
2697 2934 2878 2990 sinum
2924 2947 3106 2988 suum.
3147 2951 3167 2984 ε
3211 2928 3379 3001 895
3416 2926 3498 2984 Ab
3538 2926 3689 2982 omni

373 3025 702 3079 πεπτώκασι
730 3026 841 3098 γὰρ
871 3024 1078 3094 ἀγαθοῦ
1111 3026 1312 3091 παντὸς
1336 3065 1352 3090 ,
1379 3025 1582 3090 δειναῖς
1613 3043 1674 3080 τε
1715 3027 1810 3081 καὶ
1843 3027 1977 3096 ἀφύ-

2081 3025 2227 3081 enim
2251 3025 2390 3082 bono
2407 3027 2744 3093 deciderunt,
2777 3026 3060 3097 illapsique
3090 3025 3142 3079 in
3161 3037 3356 3094 graves
3376 3030 3432 3077 et
3459 3017 3690 3076 inevita-

373 3135 526 3182 κτοις
547 3117 994 3190 ἐνολισθήσαντες
1031 3120 1362 3191 συμφοραῖς,
1392 3119 1554 3174 κακοὶ
1573 3117 1762 3185 κακῶς
1784 3118 1972 3174 διολώ-

2082 3117 2220 3175 biles
2249 3117 2609 3188 calamitates,
2642 3119 2770 3176 mali
2798 3119 2940 3176 male
2968 3118 3272 3190 perierunt.
3704 3107 3717 3163 ί

370 3211 552 3266 λασιν.

439 3305 644 3372 Οὕτως
683 3304 848 3374 λέγει
886 3305 1125 3375 Κύριοςο
1174 3307 1286 3359 Ὃν
1314 3307 1541 3374 τρόπον
1581 3305 1970 3374 εὑρεθήσεται

2151 3302 2315 3359 Vens.
2342 3302 2397 3370 8,
2430 3303 2485 3362 9.
2525 3301 2615 3358 Sic
2654 3303 2786 3357 dicit
2833 3300 3135 3355 Dominus:
3175 3297 3292 3364 Quo
3326 3295 3482 3350 modo
3545 3295 3689 3349 inve-

363 3395 485 3465 pas
511 3397 580 3450 ἐν
596 3397 677 3462 τῷ
701 3398 944 3465 βότρυτ,
984 3402 1082 3452 καὶ
1107 3397 1338 3466 ἐροῦσι·
1364 3397 1461 3468 Μὴ
1486 3398 1731 3468 λυμήνῃ
1752 3397 1963 3465 αὑτὸν,

2075 3395 2253 3450 nietur
2273 3396 2487 3450 acinum
2509 3396 2564 3449 in
2582 3395 2751 3458 botro,
2765 3401 2815 3450 et
2827 3394 3001 3448 dicent
3024 3409 3040 3440 .°
3068 3390 3152 3447 Ne
3166 3391 3358 3462 perdas
3381 3389 3540 3458 illud,
3558 3392 3685 3462 quia

368 3487 462 3542 ὅτι
496 3490 744 3558 εὐλογία
779 3489 946 3544 ἐστίν
983 3488 1055 3543 ἐν
1096 3489 1277 3555 αὐτῷ·
1298 3489 1453 3544 οὕτω
1484 3491 1722 3558 ποιήσω
1751 3493 1967 3546 ἕνεκεν

2077 3487 2369 3544 benedictio
2383 3499 2461 3544 est
2494 3489 2550 3542 in
2576 3503 2636 3543 ea
2657 3503 2678 3543 .'
2707 3487 2783 3543 sic
2804 3486 3001 3557 faciant
3033 3495 3244 3555 prapter
3263 3501 3382 3540 eunt
3403 3485 3494 3554 qui
3524 3487 3685 3540 serrit

367 3582 476 3636 τοῦ
506 3581 910 3649 δουλεύοντος
933 3599 1050 3650 μοι.
1087 3585 1310 3638 Τούτου
1337 3582 1517 3638 ἕνεκα
1537 3586 1610 3639 οὐ
1633 3584 1722 3655 μὴ
1751 3585 1974 3642 ἀπολέ-

2080 3579 2232 3646 mihi,
2255 3581 2409 3649 cujus
2459 3596 2626 3635 causa
2655 3595 2758 3634 non
2780 3579 2998 3651 perdam
3033 3594 3232 3634 omnes.
3279 3578 3348 3633 Et
3387 3578 3573 3634 tollam
3617 3594 3685 3634 ea:

368 3691 459 3729 σω
495 3675 752 3742 πάντας.
778 3675 889 3730 Kal
923 3674 1118 3744 ἐξαρῶ
1144 3677 1212 3730 τό
1245 3676 1316 3742 ἐξ
1354 3677 1567 3733 Ἰακὼὸ
1584 3678 1843 3749 σπέρμα,
1871 3680 1974 3736 καὶ

2078 3673 2246 3728 Iacob
2276 3689 2472 3740 semen,
2501 3684 2549 3728 et
2573 3689 2639 3729 ex
2667 3672 2704 3728 J
2710 3674 2834 3738 uda,
2867 3681 2915 3728 et
2952 3672 3284 3731 hereditabit
3320 3682 3549 3727 montem
3563 3689 3683 3726 san-

365 3771 435 3822 τὸ
467 3769 538 3832 ἐξ
575 3767 790 3835 Ἰούδα,
822 3767 920 3822 καί
957 3769 1407 3841 κληρονομήσει
1437 3771 1504 3825 τὸ
1527 3771 1666 3839 ὅρος
1695 3771 1762 3834 τὸ
1799 3771 1977 3843 ἅγιόν

2079 3773 2221 3821 ctum
2256 3781 2454 3824 meum.
2496 3765 2566 3821 Et
2595 3765 2984 3823 haereditabunt
3022 3763 3174 3821 electi
3207 3773 3258 3820 et
3293 3763 3428 3821 serti
3455 3765 3578 3826 mei.
3631 3775 3681 3818 et

361 3875 506 3927 μου,
546 3857 646 3912 καί
677 3858 1256 3929 κληρονομήσουσιν
1312 3862 1367 3915 οὶ
1411 3859 1727 3926 ἐκλεκτοί,
1769 3861 1870 3916 καὶ
1920 3863 1976 3917 οἱ

884 3858 1256 3929 νομήσουσιν
1312 3862 1367 3915 οὶ
1411 3859 1727 3926 ἐκλεκτοί,
1769 3861 1870 3916 καὶ
1920 3863 1976 3917 οἱ
2079 3857 2397 3913 habitabant
2424 3858 2519 3913 ibi.

366 3949 582 4005 δοῦλοί
609 3967 753 4020 μου,
785 3949 885 4006 καὶ
906 3951 1395 4021 κατοικήσουσιν
1425 3952 1569 4008 ἐκεῖ.

452 4040 757 4113 Ἐπηνέχθη
791 4041 891 4112 μὲν
933 4042 1212 4107 Ἰουδαίοις
1254 4043 1324 4096 τὰ
1354 4045 1420 4097 ὲκ
1449 4043 1602 4108 θείας
1639 4045 1811 4116 ὀργῆς
1832 4088 1847 4113 ,
1879 4047 1974 4099 καὶ

2150 4035 2340 4090 Divina
2368 4035 2449 4090 ira
2467 4033 2669 4092 Iudaeis
2686 4034 2885 4090 inflicta
2907 4044 3013 4102 est,
3044 4045 3100 4092 et
3115 4035 3308 4107 dignas
3331 4050 3432 4107 pro
3463 4036 3677 4092 ratione

371 4131 733 4203 ίσοστάθμους
759 4134 874 4196 τοῖς
907 4132 1116 4187 ἑαυτῶν
1145 4133 1616 4207 πλημμελήμασιν
1659 4137 1972 4191 ἐκτετίκασι

2076 4125 2398 4182 delictorum
2429 4140 2624 4197 pmnas
2651 4127 2942 4183 dederunt.
3005 4127 3211 4184 Verum
3273 4144 3381 4184 non
3428 4127 3677 4184 funditus

364 4224 544 4291 δίκας,
572 4226 714 4298 πλὴν
742 4226 844 4280 οὐκ
876 4226 1048 4298 ἄρδην
1077 4227 1319 4291 ἅπαντες
1353 4269 1368 4294 ,
1406 4229 1501 4282 καὶ
1532 4228 1865 4299 ἀδιακρίτως
1892 4229 1973 4283 δι-

2073 4233 2268 4274 omncs
2292 4226 2350 4274 et
2385 4218 2504 4274 sine
2554 4219 2872 4276 discrimine
2925 4220 3228 4292 perierunt.
3287 4219 3476 4277 Justus
3524 4223 3669 4276 enim

363 4316 619 4372 ολώλασι.
639 4317 858 4382 Δίκαιος
875 4318 983 4390 γὰρ
998 4320 1026 4371 ὀ
1046 4318 1260 4390 κριτὴς,
1283 4319 1378 4373 καὶ
1410 4321 1511 4373 οὐκ
1535 4320 1605 4374 ἀν
1620 4322 1731 4385 τοῖς
1746 4321 1971 4376 ἀσεϐέσι

2067 4308 2235 4379 judex
2265 4319 2370 4379 est,
2404 4327 2506 4368 nec
2534 4327 2658 4368 cum
2693 4313 2876 4383 impiis
2907 4313 3070 4369 simul
3104 4314 3500 4384 perdetbonos.
3545 4314 3673 4370 Illu-

367 4409 734 4466 συναπολέσαι
761 4411 892 4474 τοὺς
929 4410 1171 4481 ἀγαθούς
1192 4427 1204 4439 ⁸
1224 4411 1410 4466 εἰκόνα
1434 4411 1490 4465 δὲ
1519 4410 1710 4484 ὥσπερ
1736 4415 1971 4467 ποιεῖται

2073 4413 2243 4459 strem
2288 4414 2468 4460 autem
2536 4405 2758 4462 adhibet
2784 4407 2941 4477 (μιεεί
2983 4406 3297 4478 imaginem,
3325 4415 3382 4461 et
3434 4406 3669 4476 exempli

362 4505 650 4578 λαμπρὰν,
667 4504 762 4560 καὶ
785 4506 844 4560 ὲν
869 4504 1024 4572 τάξει
1054 4504 1499 4577 παραδείγματος
1517 4505 1732 4577 δέχεται
1751 4504 1968 4576 βότρυν,

2073 4493 2193 4550 loco
2222 4496 2389 4552 sumit
2447 4496 2689 4564 botrum,
2728 4511 2838 4552 uno
2895 4497 3056 4552 acino
3110 4506 3352 4562 servato,
3406 4496 3491 4552 vel
3546 4497 3670 4551 aliis

366 4598 498 4670 μιᾶς
526 4597 586 4651 ἐν
617 4595 769 4668 αὐτῷ
810 4596 1130 4669 σωζομένης
1171 4598 1338 4670 ραγὸς
1362 4638 1376 4663 ,
1419 4597 1598 4652 καίτοι
1648 4597 1757 4652 τῶν
1789 4597 1971 4654 ἀλλων

2073 4587 2577 4644 admirabilioribus
2620 4597 2677 4644 et
2725 4588 3136 4660 insignioribus.
3195 4587 3404 4643 Deinde
3452 4587 3669 4658 agrico-

361 4689 856 4764 τεθαυμασμένων·
884 4685 1006 4744 εἶτα
1031 4690 1124 4744 τὸν
1139 4690 1398 4762 γηπόνον,
1422 4691 1591 4762 ἧγουν
1618 4690 1711 4744 τὸν
1739 4690 1834 4744 τοῦ
1863 4707 1973 4762 χω-

2073 4679 2202 4748 lam,
2235 4679 2319 4733 vel
2342 4677 2620 4734 dominum
2649 4678 2839 4751 praedii
2871 4677 3079 4733 inducit
3104 4676 3375 4733 dicentem
3399 4677 3616 4732 cuidam
3648 4693 3665 4734 :

364 4784 485 4856 ρίου
510 4783 780 4853 δεσπότην
810 4782 1118 4854 εἰσκομίζει
1146 4781 1377 4852 λέγοντά
1407 4799 1542 4837 τινι·
1583 4800 1602 4835 ι
1634 4783 1726 4854 Μὴ
1753 4783 1972 4857 λυμήνῃ

2079 4791 2098 4826 ι
2141 4771 2220 4829 Νε
2260 4773 2456 4844 perdas
2495 4786 2641 4838 eum,
2691 4771 2822 4842 quia
2860 4770 3168 4828 benedictio
3195 4778 3282 4826 est
3317 4769 3370 4824 in
3401 4784 3468 4826 eo
3503 4787 3517 4826 :
3587 4769 3667 4826 sic

360 4876 549 4945 αὑτὸν,
582 4878 668 4932 ὅτι
719 4875 941 4947 εὐλογία
987 4875 1138 4930 ἐστὶν
1172 4877 1230 4930 ὲν
1259 4875 1410 4946 αὐτῷ
1431 4893 1444 4906 ·
1476 4875 1620 4930 οὕτω
1659 4878 1890 4948 ποιήσω,
1939 4894 1959 4929 ε

2026 4865 2290 4978 ’ίοεὶιιιιῃ
2335 4883 2354 4918 ι
2394 4865 2590 4936 inquit,
2629 4882 2649 4918 ι
2686 4875 2911 4936 propter
2960 4879 3086 4920 eum
3116 4863 3210 4934 qui
3256 4864 3426 4919 servit
3453 4862 3610 4927 mihi,
3641 4879 3661 4913 ι

359 4969 550 5040 φησὶν,
604 4990 620 5019 ι
657 4968 847 5023 ἕνεκεν
883 4967 979 5023 τοῦ
1031 4967 1378 5033 δουλεύοντάς
1434 4986 1548 5038 μοι,
1610 4986 1628 5020 ι
1660 4967 1960 5031 τουτέστιν,

2030 4954 2043 4975 ’
2072 4960 2126 5015 id
2159 4969 2265 5023 est,
2305 4958 2444 5014 adeo
2471 4958 2700 5028 praecise
2724 4971 2906 5028 agam,
2943 4966 3004 5011 ut
3026 4955 3240 5012 etiamsi
3273 4955 3327 5009 in
3374 4969 3480 5010 una
3532 4954 3665 5010 civi-

359 5061 872 5135 ἀκριϐείατοσαύτῃ
895 5063 1264 5134 κεχρήσομαι,
1290 5060 1433 5115 ὥστε
1464 5063 1569 5115 κᾶν
1599 5063 1658 5114 ὲν
1679 5061 1831 5114 πόλει
1860 5062 1964 5133 μιᾷ

2074 5061 2182 5108 tate
2207 5052 2298 5106 alii
2332 5064 2524 5106 omnes
2553 5050 2623 5105 ad
2702 5049 2972 5118 ignaviam
3036 5047 3328 5114 declinent,
3383 5047 3432 5102 si
3481 5055 3663 5102 tamen

359 5155 469 5208 τῶν
493 5153 672 5210 ἄλλων
687 5154 946 5210 ἁπάντων
975 5156 1394 5210 ἀπονευσάντων
1411 5156 1491 5218 εἰς
1507 5155 1568 5208 τὸ
1594 5154 1858 5225 ἐξίτηλον,
1880 5149 1960 5219 εἷς

2071 5159 2216 5200 unus
2241 5143 2389 5199 solus
2428 5143 2740 5198 inveniatur
2771 5141 2946 5198 fidelis
2982 5149 3038 5197 et
3066 5154 3271 5210 sequax
3296 5178 3312 5207 ,
3380 5139 3470 5196 hic
3525 5154 3664 5196 con-

359 5249 456 5303 καὶ
487 5248 648 5320 μόνος
674 5247 999 5320 εὑρίσκηται
1029 5249 1242 5316 πιστὸς,
1275 5250 1369 5304 καὶ
1396 5250 1630 5320 εὐήνιος,
1661 5245 1816 5313 οὗτος
1837 5249 1962 5302 τεύ-

2069 5249 2339 5306 sequetur.
2378 5236 2848 5300 misericordiam,
2893 5243 2950 5290 et
2990 5248 3115 5290 cum
3164 5233 3287 5289 aliis
3340 5233 3395 5288 in
3451 5231 3665 5303 pericu-

359 5342 513 5408 ξεται
549 5338 787 5410 φειδοῦς,
825 5339 920 5392 καὶ
951 5338 1054 5392 οὐκ
1081 5337 1149 5391 ἂν
1185 5343 1300 5403 τοῖς
1333 5340 1542 5410 ἑτέροις
1578 5339 1960 5408 συγκινδυνεύ-

2067 5331 2180 5386 lum
2230 5345 2338 5386 non
2372 5329 2682 5394 vocabltur,
2732 5327 2932 5398 quibus
2983 5325 3133 5394 juste
3165 5325 3467 5380 intentatur
3517 5321 3664 5390 judi-

361 5452 475 5488 σειε
502 5435 624 5489 καθ’
653 5426 728 5488 ὧν
757 5433 824 5488 ἂν
878 5432 948 5486 ἴοι
975 5433 1036 5486 τὸ
1066 5432 1242 5504 κρίμα
1293 5433 1536 5498 δικαίως.
1577 5453 1595 5487 ι
1638 5434 1712 5489 Οὑ
1741 5434 1850 5506 γὰρ
1879 5435 1954 5506 μὴ

2067 5423 2236 5480 cium.
2288 5440 2308 5474 ι
2336 5421 2452 5478 Νοη
2483 5420 2628 5477 εηίιη
2661 5421 2884 5490 perdam
2913 5434 3126 5484 omnes,
3163 5435 3184 5471 ι
3235 5416 3431 5486 inquit.
3464 5413 3661 5470 lusiliit

358 5524 609 5578 ἀπολέσω
641 5524 870 5588 πάντας,
909 5541 928 5575 ι
967 5523 1124 5595 φησί.
1181 5522 1460 5596 Κατέθορε
1505 5525 1614 5598 γὰρ
1639 5525 1830 5596 ὥσπερ
1857 5527 1957 5597 τῆς

2065 5518 2210 5573 enim
2245 5515 2412 5572 veluti
2445 5523 2638 5570 contra
2678 5513 2990 5570 Judaaorum
3013 5510 3386 5582 arrogantiam
3439 5507 3659 5562 Domini

369 5617 642 5671 Ἰουδαίων
670 5615 992 5681 ἀλαζονείας
1020 5617 1050 5668 ὁ
1078 5615 1174 5668 τοῦ
1204 5615 1413 5686 Κυρίου
1442 5615 1639 5688 θυμὸς,
1671 5619 1957 5690 μονονουχὶ

2065 5611 2238 5675 furor,
2276 5617 2486 5666 tantum
2539 5623 2645 5664 non
2672 5609 3000 5664 comburens
3033 5603 3432 5661 inobedientem
3462 5609 3520 5656 et
3571 5617 3677 5692 re-l

357 5707 719 5777 καταφλέγων
751 5707 845 5762 τὺν
885 5705 1086 5779 ἀπειθῆ
1131 5705 1224 5760 καὶ
1252 5703 1592 5777 δυσάγωγονο
1634 5709 1871 5776 ἐσώζετο
1897 5710 1956 5764 δὲ

2064 5705 2408 5762 fractarium.
2437 5703 2508 5758 At
2536 5701 2879 5773 providentia
2916 5699 3012 5755 Dei
3056 5708 3306 5754 servatus
3357 5703 3463 5761 est,
3500 5693 3676 5779 quis-l

355 5800 584 5873 προνοίᾳ
602 5799 761 5868 Θεοῦ,
794 5802 902 5866 πᾶς
930 5800 986 5856 εί
1005 5777 1088 5865 τις
1120 5794 1189 5872 ἦν
1225 5801 1285 5853 ὲν
1321 5799 1507 5866 αὐτοῖς
1549 5802 1648 5874 τῆς
1694 5803 1783 5858 διὰ
1821 5805 1956 5877 Χρι-

2065 5799 2188 5870 quis
2219 5798 2362 5854 inter
2390 5798 2512 5853 illos
2541 5805 2660 5854 erat
2708 5796 2884 5852 salute
2945 5808 3044 5865 per
3099 5791 3378 5849 Christum
3431 5777 3678 5857 dignus.‘

355 5889 487 5945 ατοῦ
516 5893 788 5962 σωτηρίας
813 5891 966 5958 ἄξιος
990 5907 1004 5923 ·
1045 5891 1138 5948 καὶ
1185 5891 1319 5960 γοῦν
1349 5893 1377 5945 ὁ
1407 5890 1694 5956 θεσπέσιος
1742 5893 1956 5959 Παῦλος

2063 5891 2330 5950 Nimirum
2363 5891 2579 5950 divinus
2618 5890 2817 5950 Paulus
2859 5898 3136 5962 capturam
3189 5883 3488 5943 secundum
3545 5879 3679 5946 ele-f
