4140 6466
500 395 632 450 Mli

1522 395 1579 450 S.
1624 393 1902 451 CYRIILI
1946 392 2418 449 ALEXANDRINI
2462 396 2786 456 AllL‘lllEl'.

3626 415 3762 472 1412

489 511 727 566 ctionem
794 513 985 583 gratiae
1070 517 1264 566 tactam
1331 511 1499 567 fuisse
1528 511 1677 577 dicit,
1733 522 1790 567 et
1865 511 2038 566 delect

2147 506 2374 580 ,λῆμμα
2433 513 2550 564 κατ’
2615 513 2848 582 ἐκλογὴν
2897 514 3116 586 χάριτος
3171 520 3423 586 γενέσθαι
3480 527 3614 595 φησὶ
3670 530 3764 581 καὶ

489 601 635 656 velut
665 617 730 656 ex
767 604 916 657 omni
988 603 1298 669 Judtcorum
1325 604 1544 673 regione
1574 604 1785 667 habito,
1815 603 2040 672 reliqnia

2170 601 2534 674 ἀπολογὰδην,
2566 604 2754 675 ὥσπερ
2787 605 2846 668 ἐξ
2871 606 3091 678 ἀπάσης
3135 611 3232 680 τῆς
3279 613 3546 668 Ἰουδαίων
3583 619 3763 689 χώρας

489 692 702 748 lsraelis
741 695 806 747 ad
847 694 1004 748 iidem
1030 695 1268 750 irretitas
1297 706 1351 751 et
1379 696 1701 766 illaqueatas
1724 696 1791 750 ⁸⁸.
1855 714 1873 747 ι
1901 697 2018 749 Non
2045 714 2062 747 ι

485 797 636 852 ergo,
669 784 861 852 inquit,
891 801 910 834 ι
946 787 1164 854 perdam
1205 801 1421 852 omnes,
1454 788 1548 842 sed
1580 787 1761 842 tollam
1796 803 1860 842 ex
1901 787 2068 844 Jacob

483 889 667 928 semen
703 883 757 930 et
786 889 851 929 ex
881 876 1038 930 .Iuila.
1075 896 1092 930 ι
1127 897 1143 930 ι
1175 879 1402 944 Tollam,
1433 897 1451 930 ι
1493 879 1579 934 hic
1613 880 1901 950 intelliges,
1937 896 2066 947 non,

483 964 747 1032 Perdant;
809 968 904 1023 sed
949 968 1222 1024 excelsum
1256 979 1312 1026 et
1364 971 1764 1042 suscipiendum
1820 972 2063 1028 reddam.

481 1057 696 1112 Tollere
779 1075 1013 1130 namque
1069 1062 1341 1118 interdum
1410 1073 1511 1129 est,
1585 1065 1838 1120 evehere.
1908 1063 2066 1121 Tales

481 1150 831 1214 exstiterunt,
864 1154 1040 1221 quoad
1073 1153 1322 1224 gloriam,
1353 1155 1780 1226 inquam,divini
1811 1156 2064 1226 discipuli

477 1242 734 1298 sublimes
765 1253 819 1298 et
849 1247 1173 1314 spectabiles
1229 1249 1480 1304 omnibus
1527 1251 1775 1316 ubilibet,
1841 1260 1896 1304 et
1946 1263 2064 1306 tan-

476 1349 638 1403 quam
679 1337 871 1392 civitas
919 1338 971 1392 iu
1010 1349 1196 1394 monte
1228 1341 1353 1405 sita,
1387 1351 1442 1396 ct
1489 1341 1707 1397 lucerna
1741 1357 1904 1412 super
1935 1358 2064 1397 cau-

475 1423 695 1481 delabro
726 1429 921 1496 posita,
959 1444 1025 1484 ac
1074 1429 1263 1485 lucens
1323 1432 1574 1487 omnibus
1632 1435 1723 1502 qui
1774 1435 1826 1488 in
1899 1435 2063 1491 domo

474 1526 601 1572 sunt
633 1518 702 1583 ⁸⁸,
738 1523 1034 1575 secundum
1083 1524 1253 1592 ipsius
1295 1539 1484 1579 vocem
1554 1525 1881 1582 Servatoris.
1947 1527 2061 1584 Hoc

474 1609 638 1677 igitur
674 1620 761 1666 est
789 1627 973 1666 semen
1001 1629 1064 1668 ex
1100 1613 1265 1670 Jacob
1314 1625 1369 1670 et
1420 1615 1578 1672 Juda.
1609 1617 1780 1690 896
1818 1637 1838 1671 ι
1879 1620 2060 1676 Possi-

473 1697 641 1760 debit,
676 1699 871 1769 inquit,
934 1711 1172 1756 montem
1229 1714 1477 1760 sanctum
1545 1722 1790 1772 memn,»
1866 1725 2059 1779 nempe

471 1788 791 1845 Ecclesiam.
843 1791 933 1846 Sic
985 1794 1129 1849 enim
1157 1809 1278 1849 eam
1313 1797 1565 1868 designat
1597 1794 1727 1853 alibi
1795 1799 1910 1868 ipse
1960 1815 2054 1855 sa-

2174 694 2578 764 σαγηνευθῆναι
2631 696 2770 767 πρὸς
2810 697 2993 750 πίστιν
3027 699 3089 750 τὸ
3126 701 3476 774 κατάλειμμα
3527 708 3619 760 τοῦ
3666 709 3762 765 Ἰσα

2172 786 2330 855 ραήλ.
2385 807 2404 838 ι
2447 786 2657 841 Οὐκοῦν
2707 789 2768 845 οὐ
2808 790 2882 861 μὴ
2919 790 3173 845 ἀπολέσω
3236 795 3465 860 πάντας,
3508 818 3526 850 ι
3574 804 3760 870 φησὶν,

2175 894 2193 926 ι
2224 876 2339 930 ἀλλ’
2369 877 2547 948 ἐξαρῶ
2578 879 2640 932 τὺ
2667 879 2726 944 ἐξ
2764 880 2958 934 Ἰακὼϐ
2983 883 3226 956 σπέρμα,
3249 887 3424 941 καὶτὸ
3447 888 3508 954 ἐξ
3532 891 3721 945 Ἰούδα.
3739 913 3758 946 ι

2168 968 2242 1020 Τὸ
2272 968 2330 1022 δὲ
2361 987 2380 1021 ι
2433 969 2636 1042 ἐξαρῶ,
2675 990 2694 1022 ι
2745 973 3001 1043 συνήσεις
3033 974 3292 1042 ἐνταῦθα,
3316 977 3462 1041 οὐτὸ
3513 982 3763 1038 ἀπολέσω

2170 1060 2392 1130 μᾶλλον,
2421 1060 2625 1130 ὑψηλὸν
2657 1062 2714 1116 δὲ
2749 1064 2846 1118 καὶ
2873 1064 3212 1121 ἁπόϐλεπτον
3231 1068 3499 1139 ἀποφανῶ
3520 1089 3534 1103 ·
3567 1072 3630 1125 τό
3652 1076 3759 1144 γὰρ

2166 1150 2404 1223 ἐξαίρειν
2424 1151 2536 1205 ἐσθ’
2559 1154 2648 1207 ὅτε
2677 1154 2740 1208 τὸ
2768 1155 2935 1225 ὑψοῦν
2969 1158 3106 1214 ἐστι.
3138 1159 3400 1228 Γεγόνασι
3418 1162 3476 1216 δὲ
3498 1164 3754 1233 τοιοῦτοι,

2167 1243 2307 1296 κατά
2345 1260 2408 1311 γε
2439 1246 2583 1316 φημὶ
2599 1245 2696 1316 τὴν
2725 1245 2906 1314 δόξαν,
2935 1249 2982 1301 oi
3009 1247 3286 1306 θεσπέσιοι
3306 1254 3544 1326 μαθηταὶ
3566 1259 3759 1329 ὑψηλοὶ

2165 1337 2260 1389 καὶ
2290 1336 2574 1405 περίοπτοι
2606 1339 2720 1401 τοῖς
2745 1340 3080 1411 ἁπανταχοῦ,
3113 1344 3209 1397 καὶ
3241 1338 3330 1398 οἷα
3371 1346 3525 1410 πόλις
3557 1350 3615 1402 ἐν
3640 1351 3755 1421 ὄρει

2164 1425 2417 1496 κειμένη,
2441 1429 2535 1481 καὶ
2555 1427 2747 1500 λύχνος
2768 1431 2859 1485 ἐπὶ
2877 1432 3100 1503 λυχνίαν
3139 1435 3411 1507 κείμενος,
3431 1438 3526 1492 καὶ
3549 1443 3753 1510 φαίνων

2179 1517 2313 1568 πᾶσι
2338 1518 2448 1580 τοῖς
2483 1519 2542 1570 ἐν
2568 1521 2634 1590 τῇ
2660 1519 2808 1591 οίκίᾳ
2847 1522 2990 1577 κατά
3021 1523 3123 1594 τὴν
3166 1525 3332 1579 αὑτοῦ
3360 1526 3456 1580 τοῦ
3505 1529 3752 1602 Σωτῆρος

2163 1607 2368 1678 φωνήν.
2399 1606 2572 1662 Τοῦτο
2611 1608 2676 1680 δὴ
2721 1605 2816 1664 οὖν
2863 1613 2927 1666 τὸ
2969 1613 3029 1677 ἐξ
3093 1615 3320 1682 Ἰακὼϐ,
3358 1619 3452 1672 καὶ
3479 1619 3537 1687 ἐξ
3585 1621 3754 1677 Ἰούδα

2162 1696 2413 1767 σπέρμα·
2454 1718 2472 1750 ι
2515 1699 2952 1773 κληρονομήσει,
2985 1724 3004 1758 ι
3044 1707 3200 1776 φησὶ,
3234 1725 3254 1760 ι
3285 1707 3347 1762 τὸ
3367 1709 3492 1782 ὄρος
3522 1712 3753 1782 τὸᾶγιόν

2163 1803 2268 1856 μου
2293 1804 2308 1817 ο
2352 1808 2371 1840 ι
2401 1789 2560 1861 δῆλον
2598 1791 2656 1844 δὲ
2683 1792 2766 1846 ὅτι
2806 1794 2907 1862 τὴν
2953 1795 3301 1868 Ἐκκλησίαν.
3337 1800 3496 1856 Οὕτω
3516 1803 3624 1875 γάρ
3654 1807 3752 1859 αὑ-

470 1880 838 1946 pieutissimus
867 1885 1070 1951 Isaias,
1104 1885 1331 1956 loquens
1370 1888 1437 1941 de
1487 1891 1692 1944 vocatis
1745 1905 1839 1959 per
1901 1891 2043 1946 tiden

2163 1877 2264 1949 τὴν
2309 1880 2402 1934 καὶ
2434 1882 2661 1953 ἑτέρωθί
2721 1902 2826 1937 που
2876 1889 3276 1959 κατασημαίνει
3325 1891 3499 1964 λέγων
3534 1897 3694 1962 αὐτὸς
3722 1902 3751 1953 ὁ

470 1971 523 2023 in
568 1971 786 2029 Christo
815 1977 881 2029 ad
916 1977 1110 2032 divinae
1165 1979 1283 2048 ejus
1314 1992 1520 2046 natura:
1585 1983 2052 2051 participationem

467 2061 582 2116 sive
636 2067 1116 2123 communionem:
1170 2087 1189 2120 ι
1228 2069 1367 2135 Quia
1425 2071 1613 2125 bibent
1680 2072 1944 2140 latitiam,
1998 2083 2055 2131 et

469 2153 657 2208 bibent
700 2156 907 2220 vinum,
964 2167 1164 2228 ungcnt
1215 2169 1484 2230 unguento
1519 2161 1572 2216 in
1621 2172 1804 2218 monte
1864 2164 1986 2220 isto.
2026 2185 2045 2218 ι

466 2247 644 2302 ’I'rade
667 2248 785 2304 inec
813 2251 994 2304 omnia
1021 2253 1290 2322 gentibus.
1328 2254 1619 2311 Decretum
1643 2257 1787 2312 enim
1833 2258 1936 2314 hoc
1982 2261 2050 2315 ad

464 2350 656 2390 omnes
680 2348 868 2408 gentes
891 2341 1145 2410 pertinet.
1184 2341 1242 2397 In
1274 2354 1459 2399 monte
1491 2342 1654 2415 igitur
1689 2345 1815 2412 isto,
1849 2347 2046 2418 inquit,

465 2425 755 2482 liwreditas
779 2429 884 2482 erit
917 2430 1053 2484 meis
1086 2431 1293 2497 electis,
1325 2443 1381 2487 et
1461 2433 1603 2489 inter
1660 2435 1782 2490 illos
1835 2437 2048 2493 habita-

464 2516 599 2572 bunt
627 2533 839 2584 omnes,
867 2522 1177 2593 quicunque
1209 2525 1359 2595 regni
1410 2526 1518 2581 mei
1559 2527 1752 2599 jugum
1788 2529 2043 2585 subeunt.

461 2603 607 2659 Nihil
639 2608 855 2664 absurdi
891 2612 1015 2676 erit,
1060 2613 1106 2667 si
1141 2613 1293 2670 dicas
1376 2629 1686 2685 supremam
1766 2619 2044 2676 civitatem

463 2696 735 2752 caelestem
795 2697 1115 2766 Jerusalem,
1180 2713 1419 2760 montem
1505 2707 1775 2763 nominari
1828 2709 1882 2764 in
1935 2724 2044 2780 quo

460 2797 772 2842 sanctorum
812 2804 934 2845 sors
973 2800 1056 2847 est
1079 2793 1126 2825 ⁵⁵
1147 2834 1163 2861 ,
1197 2795 1303 2850 Deo
1332 2795 1434 2851 illis
1455 2796 1810 2855 distribuente
1879 2802 2040 2867 bona,

459 2893 579 2946 qua:
613 2894 712 2935 nec
741 2897 915 2948 mens,
940 2899 1042 2940 nec
1076 2887 1253 2942 oratio
1283 2898 1465 2958 potest
1497 2905 1712 2962 capere.
1743 2911 1762 2946 ι
1790 2893 1989 2950 Oculus
2018 2914 2035 2946 ι

459 2969 625 3036 enim,
661 2972 854 3043 inquit,
891 2994 909 3027 ι
954 2991 1059 3033 non
1090 2979 1245 3048 vidit,
1314 2992 1369 3039 et
1427 2985 1580 3042 auris
1641 3002 1748 3042 non
1811 2989 2037 3058 audivit,

2163 1972 2438 2042 πάνσοφος
2469 1973 2698 2040 Ἡσαΐας
2725 1977 2854 2048 περὶ
2878 1977 2988 2032 τῶν
3021 1979 3111 2034 διὰ
3135 1980 3371 2048 πίστεως
3406 1985 3505 2058 τῆς
3529 1989 3588 2041 ὲν
3615 1990 3751 2061 Χρι-

2161 2061 2272 2134 στῷ
2305 2065 2660 2136 κεκλημένων
2703 2070 2784 2132 είς
2810 2070 3046 2140 μέθεξιν,
3082 2074 3248 2143 ἤγουν
3309 2078 3406 2130 καὶ
3458 2083 3747 2138 κοινωνίαν

2158 2154 2255 2224 Ιτῆς
2273 2153 2428 2219 θείας
2448 2155 2612 2211 αὐτοῦ
2635 2158 2852 2228 φύσεως
2871 2179 2885 2192 ’
2916 2181 2934 2214 ι
2990 2163 3113 2218 Ὅτι
3137 2166 3368 2223 πίωνται
3385 2171 3746 2246 εὐφροσύνην,

2157 2247 2252 2297 καὶ
2271 2245 2504 2300 πίωνται
2525 2242 2689 2315 οἶνον,
2710 2250 2990 2321 χρίσονται
3013 2254 3185 2327 μύρον
3204 2258 3262 2312 ἐν
3290 2259 3370 2329 τῷ
3384 2242 3505 2330 ὄρει
3517 2242 3741 2338 τούτω.»

2157 2334 2406 2405 Παράδος
2461 2338 2639 2394 ταῦτα
2664 2341 2843 2396 πάντα
2871 2346 2986 2408 τοῖς
3036 2346 3270 2404 ἔθνεσιν.
3322 2350 3389 2405 Ἦ
3428 2353 3536 2426 γὰρ
3583 2334 3748 2429 βουλὴ

2155 2426 2292 2499 αὕτη
2317 2430 2410 2482 ἐπὶ
2446 2431 2624 2485 πάντα
2661 2433 2730 2488 τὰ
2753 2435 2904 2507 ἔθνη.
2954 2438 3043 2492 Ἐν
3068 2440 3246 2511 τούτῳ
3276 2441 3342 2514 δὴ
3373 2439 3466 2499 οὖν
3500 2446 3578 2518 τῷ
3602 2426 3742 2518 ὄρει,

2155 2519 2308 2589 φησὶ,
2343 2520 2545 2592 κλῆρος
2572 2523 2728 2578 ἔσται
2760 2528 2874 2592 τοῖς
2914 2529 3070 2599 ἐμοῖς
3106 2530 3405 2600 ἐκλεκτοῖς,
3431 2537 3526 2590 καὶ
3546 2539 3607 2592 ἐν
3641 2540 3743 2592 αὑ·-

2151 2611 2265 2673 τοῖς
2293 2614 2677 2684 κατοικήσουσι
2736 2619 2940 2683 πάντες
2961 2659 2976 2684 ,
3008 2622 3122 2676 ὅσοι
3169 2623 3260 2678 τὸν
3288 2625 3390 2696 τῆς
3417 2627 3556 2699 ἐμῆς
3586 2628 3741 2700 βασι-

2151 2702 2300 2767 λείας
2335 2705 2696 2779 ὑποτρέχουσι
2726 2710 2924 2780 ζυγόν·
2965 2713 3026 2767 τὺ
3070 2714 3128 2769 δὲ
3175 2717 3406 2782 ἀπεικὸς
3439 2718 3610 2786 οὐδὲν,
3645 2722 3737 2774 καὶ

2149 2795 2249 2867 τὴν
2277 2797 2388 2852 ἄνω
2420 2799 2574 2854 πόλιν
2610 2801 2708 2872 τὴν
2741 2804 3063 2876 ἐπουράνιον
3096 2808 3450 2882 Ἰερουσαλὴμ
3473 2811 3599 2883 δρος
3620 2815 3737 2868 ὀνο-

2153 2889 2422 2959 μάζεσθαι
2460 2893 2659 2963 λέγειν,
2694 2897 2753 2951 ἐν
2776 2891 2821 2965 ᾧ
2848 2900 2956 2954 τῶν
2978 2901 3150 2970 ἁγίων
3172 2905 3200 2958 6
3231 2903 3434 2976 κλῆρος
3463 2906 3740 2979 διανέμον-

2147 2998 2239 3046 τος
2293 2983 2429 3038 Θεοῦ
2481 2987 2550 3040 τὰ
2600 2986 2740 3058 ὑπὲρ
2774 2989 2899 3044 νοῦν
2965 2993 3059 3046 καὶ
3101 2994 3260 3064 λόγον
3311 2997 3496 3062 αὐτοῖς
3535 2999 3734 3067 ἀγαθά.

458 3065 512 3112 et
535 3059 588 3112 in
628 3075 723 3115 cor
752 3063 992 3121 hominis
1029 3082 1138 3124 non
1169 3072 1436 3139 ascendit,
1468 3089 1588 3144 quae
1635 3077 1849 3146 paravit
1897 3079 2040 3136 Deus

2153 3092 2171 3125 ι
2207 3073 2550 3145 Ὀφθαλμὸςι
2586 3080 2695 3149 γὰρ
2723 3119 2738 3145 ,
2777 3085 2943 3153 φησὶν
2964 3122 2982 3148 ,
3023 3104 3042 3136 ι
3079 3059 3187 3139 οὐκ⁷
3220 3083 3350 3153 εἶδε,
3378 3059 3600 3154 καὶ-οῦς
3632 3092 3734 3145 οὐκ

459 3148 806 3220 diligentibus
836 3170 894 3211 se
925 3156 990 3212 “.
1026 3176 1043 3209 ι

529 3327 694 3386 Vens.
737 3331 824 3388 10.
847 3333 914 3388 Ει
943 3348 1094 3392 erunt
1164 3341 1219 3395 in
1281 3344 1424 3400 saltu
1493 3349 1651 3404 ovilia
1708 3357 1946 3424 gregum,
1993 3366 2042 3410 et

457 3421 655 3486 Achar,
685 3423 739 3478 in
776 3428 1054 3496 requietem
1098 3447 1456 3492 armentorum
1502 3442 1694 3512 papula
1758 3461 1894 3512 meo,
1953 3449 2041 3516 qui

451 3512 693 3579 quwsicit
753 3531 853 3568 me.

527 3602 783 3661 Solemne
813 3617 897 3662 est
926 3609 1220 3678 Scriptnrte
1263 3615 1524 3677 divinitus
1558 3623 1862 3694 inspiratm,
1902 3643 2039 3684 non-

453 3708 728 3764 nunquam
776 3698 931 3752 silvis
981 3703 1329 3768 spississimis
1357 3717 1411 3763 et
1437 3709 1662 3770 ﬂoribus
1691 3717 1874 3773 densis
1939 3735 2037 3788 po-

450 3783 666 3852 pulosas
701 3786 862 3841 urbes
887 3793 942 3841 et
973 3790 1218 3858 regiones
1245 3809 1580 3864 comparare.
1617 3801 1752 3856 Nam
1818 3783 2037 3874 quidam

449 3887 482 3928 c
517 3875 722 3930 sanctis
758 3879 1037 3946 prophetis
1075 3881 1229 3949 dixit,
1256 3883 1403 3940 velut
1428 3887 1494 3941 ad
1545 3887 1856 3948 Judazorum
1926 3913 2038 3950 ma-

452 3973 612 4027 trem,
650 3965 972 4033 Jerusalem,
1001 3972 1260 4043 inquam:
1315 3995 1334 4028 ι
1369 3977 1554 4048 Aperi,
1596 3983 1822 4051 Libane,
1888 3986 2036 4045 fores

452 4063 591 4119 tuas,
616 4070 671 4111 et
703 4059 923 4115 devoret
960 4061 1097 4132 ignis
1129 4068 1324 4123 ccilros
1356 4079 1496 4125 tuas.
1539 4071 1772 4142 L‘lulate,
1797 4091 2037 4146 quercus

445 4142 646 4213 Basan,
687 4147 813 4217 quia
851 4153 1100 4210 succisus
1131 4164 1216 4211 est
1261 4158 1432 4216 saltus
1467 4166 1711 4222 consitus
1746 4142 1872 4222 57:)
1930 4170 2036 4226 Ne-

445 4252 535 4290 mo
564 4249 744 4295 autem
781 4242 978 4300 dixerit
1029 4247 1223 4316 jubere
1285 4251 1433 4307 illum
1487 4255 1646 4325 pinus
1701 4269 1757 4314 et
1801 4275 2034 4331 quercus

444 4323 676 4393 plorare,
707 4339 787 4384 est
816 4333 961 4387 enim
994 4337 1046 4390 id
1075 4337 1232 4407 plane
1300 4323 1574 4414 ineptum;
1629 4350 1747 4416 sed,
1787 4323 1846 4407 ut
1899 4355 2031 4423 dixi,

444 4416 751 4475 assimilare
797 4423 1052 4495 dignatur
1098 4428 1260 4501 lignis
1341 4434 1789 4497 innumerabilem
1839 4461 2026 4502 eorum

442 4509 534 4577 qui
571 4509 622 4563 in
656 4512 880 4570 urbibus
933 4529 1062 4572 sunt
1121 4532 1176 4576 et
1223 4525 1568 4595 rcgionibus-
1605 4534 2028 4595 multitudinem.

445 4595 732 4655 Ulularunt
768 4613 950 4660 autem
983 4607 1176 4676 Judmi,
1223 4628 1347 4670 cum
1381 4618 1616 4675 hostium
1646 4623 1840 4692 gladiis
1895 4632 2027 4686 sub-

437 4688 762 4760 jicerentur,
814 4708 1037 4768 prepter
1075 4703 1410 4773 impietatem
1459 4711 1514 4765 in
1538 4688 1838 4774 Christum.
1873 4720 2028 4778 Psal-

442 4781 611 4852 litque
636 4785 853 4843 divinus
876 4788 1066 4857 David,
1100 4803 1288 4864 utpote
1325 4802 1641 4869 apparituro
1692 4823 1815 4864 mox
1864 4813 2027 4871 Chri-

442 4884 528 4929 sto
594 4876 648 4930 in
691 4882 981 4938 mundun
1031 4885 1580 4950 Tuanexsultabunt
1644 4901 1826 4957 omnia
1890 4905 2034 4977 ligna

442 4965 610 5032 silvai,
659 4984 705 5062 a_
730 4970 869 5062 facie
901 4974 1138 5045 Domini,
1200 4983 1327 5051 quia
1363 4987 1511 5041 venit
1551 4991 1620 5044 ad
1661 4965 2030 5062 iudicandum

445 5066 642 5111 terram
663 5059 761 5114 ⁸⁸.»
790 5061 996 5136 itaque,
1037 5086 1056 5122 ι
1082 5069 1142 5126 1n
1164 5073 1322 5143 silva,
1345 5095 1364 5129 ι
1391 5077 1585 5150 inquit,
1601 5059 1780 5154 idest,
1807 5086 1862 5142 in
1893 5089 2034 5144 mul-

442 5148 674 5206 titudine
721 5157 990 5226 gentium,
1026 5177 1123 5220 seu
1171 5165 1226 5222 in
1267 5148 1493 5229 urbibus
1520 5189 1712 5232 eorum
1757 5148 1814 5233 et
1853 5182 2031 5250 regio-

441 5240 621 5332 nibus,
668 5262 688 5295 ι
721 5248 885 5304 ovilia
919 5265 1081 5310 erunt
1159 5273 1404 5332 gregum,
1444 5284 1464 5318 ι
1520 5266 1726 5326 Christi
1781 5240 2034 5332 videlicet

440 5331 695 5427 Ecclesize
735 5357 748 5393 :
803 5359 824 5393 ι
851 5351 907 5398 et
960 5346 1117 5405 vallis
1159 5331 1342 5410 Achor
1385 5358 1603 5427 requies
1658 5374 2026 5425 armentorum

441 5421 637 5512 populo
658 5439 796 5496 meo,
824 5431 916 5503 qui
969 5438 1220 5506 quaesivit
1249 5456 1356 5498 me.
1395 5462 1416 5496 ι
1444 5421 1626 5504 Ᾱοιιοι·
1673 5450 1764 5509 hic
1841 5421 2027 5512 οιίιιιιζ

441 5510 542 5614 dus
571 5525 653 5570 est
688 5533 757 5574 ex
800 5524 1010 5583 semine
1039 5528 1235 5598 Israel;
1299 5534 1476 5592 deleta
1550 5549 1731 5598 autem
1783 5544 2025 5614 Jericho,

442 5600 636 5660 deinde
658 5605 882 5675 iubente
921 5615 1034 5676 Deo
1061 5619 1230 5692 897
1254 5625 1435 5681 omnia
1475 5640 1598 5697 quae
1635 5631 1690 5688 in
1717 5647 1779 5689 ea

511 5717 746 5814 ξζιξφιι.
782 5744 861 5800 χι,
895 5735 945 5789 s.
1021 5737 1068 5770 ιι
1101 5739 1496 5814 Mattlt.v,14,
1549 5749 1638 5806 l5.

445 5796 566 5851 xcv,
618 5790 706 5843 l2.

1756 5752 1802 5785 "
1844 5752 1974 5824 Sap.
2029 5771 2084 5824 v,
2142 5758 2194 5814 5.

2146 3166 2368 3237 ἢκουσε,
2430 3170 2522 3222 καὶ
2571 3171 2666 3222 ἐπὶ
2714 3173 2941 3243 καρδίαν
2996 3175 3285 3246 ἀνθρώπου
3315 3179 3417 3233 οὐκ
3473 3180 3668 3253 ἀνέϐη,
3698 3183 3738 3238 ὃ,

2146 3257 2444 3327 ἡτοίμασεν
2472 3262 2500 3312 ὁ
2527 3259 2658 3325 Θεὸς
2684 3264 2796 3326 τοῖς
2821 3262 3108 3332 ἀγαπῶσιν
3133 3265 3315 3321 αὐτόν.
3353 3285 3374 3319 ι

2215 3349 2328 3403 Καὶ
2347 3352 2592 3407 ἔσονται
2629 3352 2699 3407 ἐν
2750 3353 2832 3419 τῷ
2861 3354 3065 3426 δρυμῷ
3097 3357 3385 3427 ἐπαύλεις
3423 3363 3734 3432 ποιμνίων,

2151 3439 2248 3493 καὶ.
2275 3439 2512 3511 φάραγξ
2549 3442 2739 3513 Ἀχὼρ
2765 3447 2852 3512 εις
2900 3446 3250 3503 ἀνάπαυσιν
3272 3449 3622 3515 ,Βουκολίων
3655 3453 3737 3521 τῷ

2142 3530 2270 3597 λιιῷ
2299 3551 2436 3601 μου,
2457 3536 2514 3588 οἳ
2537 3534 2836 3605 ἐζήτησάν
2860 3556 2958 3609 με.

2219 3621 2381 3685 Ἔθος
2401 3624 2467 3693 τῇ
2497 3623 2842 3697 θεοπνεύστῳ
2873 3629 3060 3701 Γραφῇ
3108 3630 3336 3703 δρυμοῖς
3373 3637 3730 3706 παρεικάζειν

2143 3711 2594 3782 εύδενδροτάτοις,
2627 3717 2722 3771 καὶ
2754 3717 2943 3772 ἄνθεσι
2977 3723 3087 3783 τοῖς
3126 3721 3314 3778 δασέσι
3346 3725 3446 3790 τὰς
3495 3729 3734 3784 πολυαν-

2141 3800 2371 3869 δρούσας
2401 3803 2602 3869 πόλεις,
2633 3806 2665 3876 ἢ
2700 3807 2885 3878 χώρας
2913 3810 3027 3865 ἐσθ’
3055 3813 3169 3878 ὅτε,
3213 3815 3310 3868 καὶ
3350 3817 3482 3885 γοῦν
3511 3819 3613 3891 ἔφη
3647 3839 3732 3886 τις

2139 3892 2250 3948 τῶν
2294 3895 2466 3963 ἁγίων
2500 3899 2798 3967 προφητῶν
2821 3940 2835 3962 ,
2890 3901 2968 3967 ὡς
3013 3904 3153 3974 πρὸς
3181 3907 3283 3978 τὴν
3305 3907 3415 3964 τῶν
3459 3911 3730 3966 Ἰουδαίων

2144 3986 2377 4058 μητέρα,
2435 3989 2578 4060 φημί
2614 3990 2679 4063 δὴ
2702 3993 2802 4063 τὴν
2863 3994 3227 4071 Ἰερουσαλήμ
3250 4017 3264 4032 ·
3321 4020 3339 4054 ι
3370 4005 3664 4075 Διάνοιξον,
3700 4011 3730 4062 6

2139 4077 2397 4144 Λίϐανος,
2426 4080 2526 4144 τὰς
2575 4081 2744 4155 θύρας
2779 4103 2896 4154 σου,
2930 4089 3025 4142 καὶ
3062 4095 3430 4164 καταφαγέτω
3477 4097 3589 4168 πῦρ
3628 4099 3730 4163 τὰς

2141 4171 2364 4242 κέδρους
2411 4191 2505 4228 σου
2533 4192 2544 4202 ·
2578 4175 2885 4246 ὀλολύξατε,
2918 4181 3078 4253 δρῦες
3106 4185 3206 4256 τῆς
3244 4187 3612 4258 Βασανίτιδος,
3643 4192 3728 4246 ὃτι

2139 4263 2494 4335 κατεσπάσθη
2529 4267 2557 4317 ὁ
2583 4266 2786 4340 δρυμὸς
2807 4271 2836 4323 6
2877 4272 3181 4344 σύμφυτος.
3231 4297 3252 4330 ι
3289 4280 3401 4334 Καὶ
3427 4281 3489 4335 οὐ
3519 4282 3583 4354 δή
3619 4300 3725 4338 που

2139 4355 2274 4424 φαίη
2303 4373 2387 4419 τις
2423 4357 2511 4421 ἂν,
2542 4358 2618 4422 ὡς
2644 4361 2830 4415 πίτυσί
2855 4380 2915 4417 τε
2950 4366 3045 4420 καὶ
3084 4369 3267 4439 μέντοι
3305 4371 3494 4444 δρυσὶν
3537 4375 3726 4433 ὀλολύ-

2059 4450 2105 4510 ο
2134 4445 2249 4508 ζειν
2269 4448 2594 4504 ἐντέλλεται·
2638 4453 2830 4525 κομιδῇ
2868 4456 2977 4528 γὰρ
3017 4459 3209 4532 εὔηθες
3254 4463 3316 4516 τδ
3347 4467 3539 4540 χρῆμά
3581 4470 3718 4522 ἐστι’

2136 4537 2314 4604 ξύλοις
2345 4540 2426 4603 δὲ,
2481 4542 2556 4606 ὼς
2600 4544 2755 4615 ἐφην,
2793 4547 3093 4620 ἀφομοιοῦν
3146 4552 3290 4619 ἁξιοῖ
3331 4537 3450 4619 τὴν*
3484 4560 3718 4633 ἀριθμοῦ

2136 4629 2417 4698 κρείττονα
2445 4632 2653 4703 πληθὺν
2682 4635 2791 4691 τῶν
2813 4640 2871 4692 ἐν
2895 4644 3017 4707 ταῖς
3049 4644 3240 4700 πόλεσί
3273 4665 3332 4702 τε
3377 4652 3469 4704 καὶ
3492 4629 3716 4724 χιῦραις.

2149 4719 2426 4786 Ὠλόλυζον
2481 4723 2540 4777 δὲ
2581 4727 2699 4790 ταῖς
2728 4727 2835 4783 τῶν
2862 4733 3133 4804 πολεμίων
3192 4719 3718 4816 μαχαίραιςμύποπί-

2133 4829 2361 4879 πτοντες
2399 4817 2639 4871 Ἰουδαῖοι
2670 4819 2756 4874 διὰ
2784 4823 2883 4893 τὴν
2907 4826 2986 4888 είς
3007 4827 3242 4896 Χριστὸν
3265 4830 3537 4890 ἀσέϐειαν.
3561 4837 3716 4892 Ψάλ-

2133 4903 2214 4956 λει
2243 4906 2298 4958 δέ
2329 4924 2432 4959 που
2467 4910 2562 4962 καὶ
2596 4912 2624 4964 ὁ
2657 4910 2943 4978 θεσπέσιος
2969 4916 3134 4969 Δαὸὶδ
3153 4957 3169 4984 ,
3216 4919 3312 4974 ἀτε
3338 4921 3402 4993 δὴ
3432 4926 3714 4995 μέλλοντος

2134 4997 2516 5066 ἐπιφαίνεσθαι
2546 5001 2624 5074 τῷ
2650 5003 2840 5074 κόσμῳ
2863 5008 3119 5077 Χριστοῦο
3150 5027 3169 5062 ι
3204 5012 3337 5067 Τότε
3363 5017 3715 5086 άγαλλιάσον-

2129 5105 2220 5143 ται
2237 5090 2414 5145 πάντα
2433 5093 2502 5147 τὰ
2518 5094 2652 5160 ξύλα
2676 5096 2768 5149 τοῦ
2794 5096 3001 5168 δρυμοῦ
3025 5099 3133 5154 ἀπὸ
3159 5107 3452 5174 προσώπου
3479 5114 3708 5184 Κυρίου,

2128 5181 2212 5236 ὅτι
2240 5182 2461 5254 ἔρχεται
2491 5188 2673 5256 κρῖναι
2705 5187 2805 5259 τὴν
2838 5189 2962 5260 γῆν.
2998 5210 3018 5245 ι
3041 5195 3278 5264 Οὐκοῦν,
3305 5217 3326 5253 ι
3351 5200 3437 5256 Ἐν
3465 5204 3542 5274 τῷ
3571 5181 3709 5278 δρυ-

2131 5272 2240 5343 μῷ,
2281 5291 2300 5324 ι
2337 5275 2471 5344 φησι
2501 5317 2516 5342 ,
2554 5278 2854 5346 τουτέστιν,
2901 5283 2958 5337 ἐν
3008 5289 3074 5357 τῇ
3117 5289 3228 5344 τῶν
3276 5292 3446 5349 ἐθνῶν
3485 5272 3706 5368 πληθυῖ,

2126 5365 2247 5436 ἦτοι
2291 5369 2412 5431 ταῖς
2461 5368 2642 5423 αὐτῶν
2668 5370 2857 5426 πόλεσί
2877 5391 2937 5428 τε
2976 5377 3070 5431 καὶ
3103 5379 3329 5453 χώραις,
3379 5405 3397 5437 ι
3448 5365 3703 5454 ἐπαύλεις

2125 5454 2339 5511 ἔσονται
2387 5457 2675 5529 ποιμνίων,
2721 5480 2741 5514 ι
2786 5463 3104 5538 Ἐκκλησίαι
3160 5471 3402 5544 δηλονότι
3442 5479 3698 5549 Χριστοῦ,

2130 5565 2148 5598 ι
2169 5548 2262 5602 καὶ
2291 5547 2508 5620 φάραγξ
2545 5550 2722 5623 Ἀχὼρ
2752 5555 2831 5619 εἰς
2855 5557 3162 5646 ἀνάπαυσιν
3184 5564 3477 5634 βουκολιῶν
3492 5547 3570 5642 τῷ

2127 5655 2249 5709 μου,
2282 5639 2332 5693 οἳ
2368 5638 2640 5711 ἐζήτησάν
2674 5660 2797 5714 με.»
2849 5644 3236 5720 Ἀχὼρόὗτος,
3264 5657 3455 5726 γέγονε
3492 5638 3591 5731 μέν
3620 5638 3703 5728 τις

2301 5758 2350 5790 ⁸⁸
2381 5759 2398 5814 l
2439 5758 2562 5816 Cor.
2601 5775 2661 5828 tt,
2697 5762 2747 5817 9.
2856 5765 2901 5796 ⁸⁷
2935 5765 3098 5822 Zaclt.
3139 5785 3214 5837 ιιι,
3249 5771 3298 5838 1,
3331 5773 3384 5828 2.
3482 5777 3526 5809 ⁵⁸
3554 5776 3698 5837 Psal.
