4140 6466
304 392 456 448 1415

1430 387 1493 442 ΙΝ
1539 387 1775 444 ISMAM
1812 387 1942 443 LIB.
1985 388 2048 444 V.
2092 388 2327 444 TOMUS
2372 388 2456 444 \‘l.

3469 385 3610 441 HN

303 511 426 564 τῶν
457 506 518 574 ἐξ
552 506 787 577 αἵματος
834 505 1051 578 Ἰσραήλ
1071 520 1086 534 ‘
1120 504 1551 576 πεπορθημένης
1580 505 1638 556 δὲ
1670 504 1771 574 τῆς
1820 504 1913 556 Ἱε-

2024 518 2370 569 consecrare,
2432 503 2644 558 furatus
2675 513 2758 559 est
2801 517 2865 558 ex
2935 504 3302 557 anathemate.
3381 498 3613 555 Mamre-

307 601 477 674 ριχὼ,
519 596 640 654 εἶτα
689 598 828 653 Θεοῦ
859 597 1270 671 προστάξαντος
1303 597 1702 666 ἀναθεματίσαι
1737 598 1914 651 πάντα

304 697 387 750 τὰ
413 697 470 748 ἐν
514 694 679 765 αὐτῇ,
722 691 992 762 κέκλοφεν
1028 692 1094 744 ἐκ
1139 690 1235 744 τοῦ
1281 691 1648 760 ἀναθέματος.
1697 691 1916 762 Ἐπειδὴ

303 789 373 843 δὲ
400 786 734 858 παρεδείχθη
769 784 924 854 παρά
953 784 1113 850 Θεοῦ,
1171 785 1376 856 πικράς
1427 784 1669 855 ἐζητήθη
1721 785 1878 848 δίκας
1899 801 1912 815 ·

305 877 566 932 ἀπόλωλε
601 878 713 948 γάρ
742 876 985 940 πανοικὶ,
1015 876 1410 948 καθορίσαντος
1442 875 1610 932 αὑτοῦ
1632 877 1732 949 τὴν
1761 877 1917 947 δίκην

321 969 506 1039 Ἰησοῦ
535 968 631 1022 τοῦ
657 968 838 1038 Ναυῆ.
877 967 987 1022 Ἦν
1005 964 1099 1024 οὖν
1117 970 1227 1042 ἀρα
1254 970 1333 1034 εἰς
1362 970 1610 1042 κατάραν
1632 973 1666 1041 ἠ
1699 969 1918 1040 φάραγξ

305 1065 344 1133 ἠ
388 1062 587 1134 Ἀχώρ.
621 1061 879 1116 Τοιαῦται
911 1061 970 1116 δέ
1004 1080 1123 1127 πως
1152 1063 1248 1117 καί⁵
1273 1065 1329 1118 αί
1359 1063 1471 1117 τῶν
1491 1064 1665 1119 ἐθνῶν
1701 1064 1913 1137 χῶραιο

306 1154 762 1226 κεκατηραμέναι
792 1153 923 1227 γὰρ,
951 1156 1046 1209 καὶ
1076 1155 1371 1226 θεομισείς,
1416 1157 1492 1222 ὡς
1523 1158 1737 1223 οὐδενὸς
1763 1159 1916 1223 ὄντος

305 1249 373 1300 ἐν
393 1246 581 1311 αὑταῖς
608 1245 704 1301 τοῦ
739 1247 832 1302 τὸν
867 1247 1030 1318 φύσει
1057 1248 1190 1302 Θεὸν
1226 1249 1427 1314 εἰδότος
1448 1266 1462 1280 ·
1501 1250 1618 1304 ἀλλ’
1652 1253 1684 1323 ή
1715 1252 1914 1306 ἐπικα-

303 1335 552 1406 τάρατος
566 1335 742 1408 χώρα,
764 1337 920 1407 φησὶ,
950 1337 1092 1392 κατὰ
1117 1339 1244 1403 τοὺς
1266 1339 1532 1404 παλαιοὺς
1558 1341 1640 1405 είς
1667 1341 1913 1396 ἀνάπαυ-

306 1445 400 1482 σιν
426 1426 580 1480 ἐσται
607 1427 928 1498 βουκολίων,
955 1428 1230 1495 τουτέστι,
1280 1431 1442 1502 σηκοὶ
1473 1431 1764 1504 προὸάτων
1790 1450 1914 1506 νοη-

305 1519 444 1582 τῶν,
479 1518 587 1572 ὑπὸ
612 1521 774 1590 χεῖρα
826 1520 1066 1592 Χριστοῦ
1091 1522 1188 1576 τοῦ
1232 1523 1458 1578 πάντων
1496 1524 1910 1597 ἁρχιποιμένος,

303 1611 372 1674 ὃς
402 1616 511 1676 τοῖς
547 1611 819 1666 Ἰουδαίων
849 1612 1046 1683 δήμοις
1087 1614 1530 1688 προσπεφώνηκε
1573 1604 1752 1687 λέγων
1784 1617 1914 1688 περὶ

305 1706 423 1758 τῶν
449 1704 642 1770 ἐθνῶν,
683 1724 702 1757 ι
741 1704 851 1758 Καὶ
897 1705 1035 1759 ἄλλα
1079 1706 1330 1779 πρόϐατα
1360 1709 1470 1780 ἔχω
1496 1749 1511 1773 ,
1553 1708 1590 1764 ἃ
1632 1708 1733 1763 οὐκ
1765 1709 1914 1763 ἔστιν

308 1799 382 1850 ἐκ
413 1797 510 1868 τῆς
539 1796 712 1867 αὐλῆς
751 1796 956 1868 ταύτης
982 1836 997 1860 ,
1048 1798 1278 1852 κάκεῖνά
1318 1817 1385 1870 με
1417 1799 1500 1853 δεῖ
1529 1801 1776 1870 ἀγαγεῖν,
1819 1799 1914 1854 καὶ

2017 606 2190 651 status
2224 612 2253 650 a
2296 597 2430 661 Deo,
2467 597 2692 652 acerbus
2727 611 2918 666 pwnas
2951 596 3097 648 dedit
3130 615 3140 649 :
3182 610 3304 646 nam
3339 610 3461 648 cum
3497 604 3606 645 tnta

2018 687 2180 742 domo
2205 689 2386 758 periit,
2406 703 2624 760 pmnam
2648 690 2701 743 in
2744 688 2892 743 illum
2915 697 3190 741 statuente
3216 685 3341 739 Jesu
3373 684 3480 737 ﬁlio
3507 684 3612 737 Na-

2019 793 2103 835 ve.
2139 780 2326 849 Itaque
2343 780 2696 836 exsecrabilis
2725 779 2865 834 facta
2894 789 2978 834 est
3011 777 3161 833 vallis
3189 780 3392 831 Acbor.
3419 774 3612 844 Cujus-

2029 871 2177 926 modi
2213 881 2373 926 erant
2407 873 2654 942 regiones
2675 873 2938 943 gentium,
2976 870 3338 927 exsecrationi
3378 870 3608 935 devotas,

2017 974 2074 1018 et
2123 963 2234 1019 Deo
2273 963 2482 1032 invisae,
2513 972 2701 1032 utpote
2745 979 2868 1019 eum
2899 963 2954 1018 in
2987 963 3091 1018 illis
3117 962 3298 1018 nullus
3360 962 3452 1024 sit,
3517 960 3611 1029 qui

2019 1067 2214 1111 natura
2246 1057 2413 1112 Deum
2447 1057 2716 1127 cognorit.
2742 1055 2965 1125 Verum,
3029 1057 3225 1127 inquit,
3295 1054 3411 1110 haec
3459 1054 3613 1121 regio

2018 1151 2217 1221 priscis
2256 1150 2592 1222 temporibus
2649 1151 3010 1218 exsecranda,
3083 1150 3306 1220 requies
3372 1149 3478 1204 erit
3517 1163 3612 1203 ar-

2018 1252 2356 1308 mentorum,
2409 1243 2462 1298 id
2497 1253 2604 1310 est,
2639 1243 2852 1299 stabula
2897 1243 3082 1298 ovium
3165 1241 3610 1313 intelligibilium,

2018 1335 2203 1391 manui
2251 1335 2456 1392 Christi
2516 1336 2779 1406 principis
2844 1335 3088 1391 omnium
3135 1335 3372 1405 pastoris
3428 1333 3614 1404 subje-

2015 1438 2249 1496 ctarum,
2280 1429 2372 1498 qui
2399 1427 2687 1483 Judaicum
2723 1429 2980 1499 papulum
2996 1427 3264 1484 allocutus
3291 1437 3400 1492 est,
3422 1426 3612 1482 dicens

2017 1524 2084 1578 de
2117 1521 2411 1593 gentibus:
2455 1539 2475 1573 ι
2521 1519 2670 1575 Alias
2703 1534 2836 1576 oves
2889 1520 3085 1588 habeo,
3140 1535 3264 1590 quae
3333 1535 3442 1576 non
3486 1528 3616 1574 sunt

2017 1615 2085 1670 de
2114 1613 2244 1670 ovili
2279 1613 2382 1668 hoc
2407 1631 2420 1667 :
2451 1627 2586 1681 quas
2609 1597 2773 1668 etiam
2800 1620 3018 1682 oportet
3051 1627 3140 1674 me
3169 1611 3460 1678 adducere,
3479 1611 3615 1667 erit-

2017 1723 2124 1780 que
2178 1723 2344 1762 unum
2399 1706 2562 1772 ovile,
2613 1721 2754 1761 unus
2818 1713 3005 1776 pastor
3028 1706 3098 1760 ⁸⁹.
3138 1723 3161 1758 ι
3233 1705 3614 1772 Quaesiverunt

2019 1816 2256 1872 namque
2282 1800 2431 1856 illum
2468 1814 2564 1870 per
2593 1799 2775 1865 tidem,
2802 1798 2894 1870 qui
2919 1798 3212 1869 aliquando
3241 1806 3566 1854 erraverunt
3593 1815 3609 1851 :

308 1890 637 1960 γενήσονται
669 1889 767 1961 μία
802 1891 1033 1962 ποίμνη,
1055 1885 1138 1954 εἷς
1159 1892 1388 1963 ποιμήν.
1419 1910 1438 1943 ι
1478 1893 1786 1964 Ἐζήτησαν
1804 1893 1913 1964 γὰρ

2018 1908 2128 1965 quo
2158 1894 2401 1958 invento,
2444 1891 2571 1947 facti
2623 1900 2750 1946 sunt
2793 1891 2911 1961 ejus
2945 1890 3252 1954 domestici,
3279 1898 3335 1943 et
3359 1888 3613 1944 concives

305 1983 478 2037 αὐτὸν
506 1985 593 2038 διά
616 1985 719 2056 τῆς
762 1987 1003 2050 πίστεως
1052 1987 1102 2041 οἱ
1133 1986 1266 2040 ποτέ
1317 1985 1686 2058 πλανώμενοι,
1728 1987 1825 2041 καὶ
1848 1987 1914 2058 δὴ

2024 1994 2337 2041 sanctorum
2360 1993 2415 2038 et
2432 1983 2746 2038 cobaeredes
2762 1981 3158 2052 promissorum
3175 1981 3306 2052 ipsis
3318 1980 3608 2036 bonorum.

307 2077 408 2132 καὶ
433 2079 713 2151 εὑρόντες,
752 2081 943 2134 οἰκεῖοι
965 2079 1258 2150 γεγόνασιν
1297 2080 1465 2135 αὐτοῦ
1487 2121 1502 2146 ,
1551 2081 1648 2135 καὶ
1688 2081 2017 2153 συμπολίται
2043 2079 2151 2135 τῶν
2180 2080 2374 2148 ἁγίων,
2431 2079 2524 2133 καὶ
2556 2076 2988 2149 συγκληρονόμοι
3044 2075 3154 2130 τῶν
3189 2075 3613 2146 ἐπηγγελμένων

305 2172 496 2234 αὐτοῖς
520 2170 766 2241 ἀγαθῶν.

395 2264 590 2334 Ὑμεῖς
621 2263 710 2331 δὲ,
743 2266 798 2318 οι
827 2264 1336 2337 ἐγκαταλιπόντες
1357 2284 1454 2337 με,
1471 2268 1569 2322 καὶ
1584 2267 1910 2322 ἐπιλανθα-

305 2360 556 2427 νόμενοι
587 2357 656 2411 τὸ
703 2357 845 2427 ὄρος
876 2358 943 2412 τὸ
982 2358 1155 2430 ἅγιόν
1185 2379 1328 2430 μου,
1377 2360 1476 2415 καὶ
1503 2359 1910 2431 ἑτοιμάζοντες

304 2447 394 2512 τῷ
435 2448 675 2518 δαίμονι
719 2448 1044 2516 τράπεζὰν,
1075 2450 1172 2504 καὶ
1211 2451 1589 2521 πληροῦντες
1630 2451 1706 2520 τῇ
1746 2452 1910 2523 Τύχῃ

305 2541 607 2612 κέρασμα·
647 2540 764 2610 ἐγὼ
794 2541 1133 2612 παραδώσω
1159 2543 1318 2614 ὑμᾶς
1341 2547 1428 2611 εἰς
1459 2543 1782 2614 μάχαιραν,
1807 2545 1907 2599 καὶ

305 2633 538 2699 πάντες
578 2633 650 2686 ἐν
682 2632 892 2704 σφαγῇ
934 2634 1245 2700 πεσεῖσθε,
1290 2635 1379 2691 ὅτι
1421 2637 1691 2691 ἐκάλεσα
1735 2635 1914 2706 ὑμᾶς,

306 2725 408 2780 καὶ
431 2727 546 2795 οὺχ
570 2727 986 2796 ὑπηκούσατε-
1004 2727 1311 2798 ἐλάλησα,
1338 2729 1437 2783 καὶ
1461 2730 1912 2798 παρηκούσατε,

304 2818 410 2872 καὶ
445 2818 775 2888 ἐποιήσατε
807 2819 875 2872 τὸ
929 2822 1204 2889 πονηρὸν
1240 2821 1523 2876 ἐναντίον
1553 2839 1696 2891 μου,
1745 2821 1844 2876 καὶ
1878 2821 1917 2875 ἂ

305 2913 426 2966 οὐκ
449 2912 812 2982 ἐϐουλόμην,
841 2911 1231 2977 ἐξελέξασθε.

387 3003 600 3073 Ὥσπερ
646 3003 872 3072 γέγονεν
930 3002 1030 3055 οὐκ
1089 3001 1330 3074 ἀζήμιον
1390 3005 1506 3068 τοῖς
1565 3002 1627 3070 ἐξ
1679 3003 1912 3075 αἵματος

320 3096 542 3170 Ἰσραὴλ
580 3095 641 3148 τὸ
658 3094 956 3165 ἀπειθῆσαι
991 3095 1236 3166 Χριστῷ,
1289 3096 1528 3151 δέδονται
1545 3097 1656 3170 γὰρ
1677 3099 1756 3162 εἰς
1771 3114 1912 3166 σφα..

307 3193 438 3262 γὴν,
478 3187 614 3259 ἐλέῳ
644 3187 783 3241 Θεοῦ
835 3187 931 3241 καὶ
980 3187 1368 3262 φιλανθρωπίᾳ
1419 3191 1768 3262 σεσωσμένου
1819 3189 1914 3244 τοῦ

307 3280 783 3351 καταλείμματος,
825 3278 968 3333 οὕτω
999 3280 1095 3333 καὶ
1133 3281 1227 3332 ἐπὶ
1264 3283 1330 3352 τῇ
1369 3281 1478 3335 τῶν
1511 3281 1681 3336 ἐθνῶν
1719 3282 1911 3353 κλήσει

311 3373 592 3444 συνήσεις.
646 3372 710 3424 Οἱ
763 3369 864 3441 μὲν
912 3371 1021 3442 γὰρ
1053 3371 1154 3442 τὴν
1189 3372 1280 3426 διά
1331 3371 1571 3440 Χριστοῦ
1633 3372 1912 3442 σωτηρίαν

308 3463 686 3535 ἁρπάσαντες,
713 3460 820 3529 ἔξω
850 3461 1108 3530 γεγόνασι
1138 3461 1234 3514 καὶ
1270 3460 1463 3532 πυρὸς,
1492 3460 1588 3514 καὶ
1610 3460 1789 3530 δίκης,
1817 3462 1913 3515 καὶ

305 3555 419 3610 τῶν
459 3557 526 3609 ἐκ
559 3554 711 3617 θείας
758 3552 968 3625 ὀργῆς·
1014 3553 1064 3605 oi
1116 3553 1175 3606 δὲ
1220 3553 1343 3614 ταῖς
1387 3551 1599 3604 ἑαυτῶν
1647 3550 1912 3622 ἀμαθίαις

311 3649 778 3722 ἐναπομείναντες
804 3686 821 3712 ,
876 3645 974 3700 καὶ
1031 3646 1404 3702 ἀναπόνιπτον
1457 3645 1756 3717 ἐσχηκότες
1800 3645 1911 3701 τῶν

307 3745 554 3818 ἀρχαίων
579 3740 920 3811 αίτιαμάτων
948 3739 1040 3793 τὸν
1069 3738 1367 3810 μολυσμὸν,
1406 3737 1495 3793 διὰ
1520 3738 1615 3792 τοῦ
1650 3740 1913 3812 προσκεῖ-

309 3838 438 3892 σθαι
465 3835 646 3890 θέλειν
682 3834 807 3896 ταῖς
844 3833 956 3886 τῶν
994 3831 1234 3886 εἰδώλων
1262 3831 1564 3904 λατρείαις,
1593 3831 1912 3902 δοθήσονται

307 3930 452 4001 πρὸς
482 3927 726 3997 σφαγήν.
759 3925 1201 3996 Κατοιχήσονται
1233 3923 1344 3996 γὰρ
1365 3925 1446 3988 εἰς
1475 3923 1627 3996 ᾅδου,
1666 3924 1762 3977 καὶ
1794 3926 1917 3979 ἀτε-

306 4023 570 4094 λεύτητον
602 4021 789 4087 ἕξουσι
821 4019 922 4090 τὴν
954 4017 1045 4073 διὰ
1091 4017 1264 4090 πυρὸς
1311 4017 1618 4088 ἀκοιμήτου
1667 4017 1910 4072 κόλασιν.

316 4115 513 4185 Ὑμεῖς
541 4112 744 4177 τοίνυν,
790 4109 1078 4181 φησὶνλοί.
1124 4107 1588 4176 ἐγκαταλιπόντες
1629 4125 1727 4178 με,
1756 4126 1914 4161 τουτ-

307 4209 483 4271 έστιν,
509 4208 559 4260 oi
593 4205 758 4277 μέχρι
787 4201 992 4266 παντὸς
1012 4200 1342 4265 ἀποστάται,
1377 4200 1472 4253 καὶ
1501 4196 1614 4254 οἷον
1635 4201 1715 4264 είς
1740 4200 1912 4272 λήθην

309 4296 776 4370 κατενηνεγμένοι
817 4292 1058 4366 παντελῆ
1092 4293 1187 4347 τοῦ
1233 4294 1394 4366 ὅρους
1437 4292 1533 4347 τοῦ
1584 4293 1746 4363 ἁγίου
1783 4312 1910 4364 μου.

307 4391 387 4444 υύ
424 4388 533 4460 γὰρ
561 4386 848 4458 ἀνέχονται
873 4402 1022 4450 τινες
1044 4383 1154 4439 τῶν
1193 4384 1650 4457 πεπλανημένων,
1684 4385 1779 4441 καὶ
1804 4385 1913 4440 τῶν

305 4484 375 4553 τῇ
407 4481 587 4535 κτίσει
628 4477 1095 4551 λελατρευκότων,
1127 4477 1236 4532 οὐδ’
1271 4478 1396 4532 ὅσον
1423 4479 1602 4532 εἰπεῖν
1627 4479 1824 4532 εἰδέναι
1853 4477 1914 4532 τὸ

2093 2264 2260 2319 Vens.
2296 2263 2384 2328 Η,
2437 2261 2522 2315 12.
2569 2261 2673 2316 Vos
2723 2271 2898 2316 autem
2939 2261 3026 2332 qui
3074 2258 3361 2330 reliquistis
3414 2275 3516 2325 me,
3565 2272 3614 2314 et

2017 2356 2167 2409 obliti
2197 2359 2321 2409 estis
2372 2354 2566 2407 montis
2597 2353 2770 2406 sancti
2805 2352 2929 2413 mei,
2983 2361 3029 2404 et
3069 2361 3317 2419 parantes
3386 2351 3614 2406 divinant

2017 2464 2273 2510 mensam,
2321 2456 2369 2500 et
2404 2445 2674 2514 implentes
2729 2443 2985 2497 Fortuna?
3037 2445 3347 2510 potionem:
3380 2461 3469 2498 vos
3520 2461 3613 2514 ego

2017 2539 2232 2592 tradant
2263 2539 2319 2590 in
2353 2537 2619 2607 giadium,
2651 2545 2699 2588 et
2733 2550 2910 2589 omnes
2977 2537 3120 2588 ciuile
3171 2535 3370 2588 cadetis
3399 2550 3418 2598 ;
3486 2536 3613 2604 quia

2017 2631 2192 2684 vocavi
2244 2645 2354 2692 vos,
2385 2640 2431 2682 et
2467 2646 2569 2683 non
2605 2629 2883 2682 audivistis
2912 2641 2930 2678 :
2965 2627 3170 2680 locutus
3196 2643 3334 2692 sum,
3367 2635 3415 2680 et
3451 2629 3615 2680 aban-

2014 2724 2239 2787 divistis,
2268 2733 2315 2776 et
2351 2722 2546 2792 fecistis
2572 2721 2770 2775 malum
2800 2721 2855 2775 in
2886 2729 3164 2788 conspectu
3196 2735 3332 2782 meo,
3398 2729 3446 2772 et
3493 2734 3614 2788 qua:

2015 2830 2118 2869 non
2142 2815 2399 2881 volebam,
2427 2815 2679 2885 elegistis.

2091 2994 2562 3062 Quemadmodum
2601 2993 2838 3048 inultum
2862 3008 2968 3048 non
3023 2991 3261 3047 tulerunt
3333 2989 3612 3054 Israelita,

2022 3103 2145 3143 cum
2167 3088 2387 3144 Christo
2415 3103 2522 3142 non
2560 3085 2867 3151 obedirenl,
2899 3084 3081 3139 traditi
3141 3094 3270 3139 sunt.
3314 3084 3459 3139 enim
3520 3097 3616 3138 oc-

2023 3179 2243 3246 cisioni,
2287 3179 2533 3248 reliquiis
2580 3175 2958 3232 misericordia
3013 3182 3070 3230 et
3115 3173 3458 3228 humanitate
3522 3171 3614 3227 Dei

2018 3271 2285 3327 servatis:
2328 3272 2409 3325 sic
2455 3278 2512 3323 et
2574 3268 2628 3322 in
2694 3267 2934 3338 gentium
2978 3265 3262 3320 vocatione
3324 3262 3611 3333 intelliges.

2017 3363 2119 3431 Qui
2178 3377 2416 3432 namque
2469 3359 2700 3415 salutem
2763 3372 2862 3428 per
2923 3356 3200 3412 Christum
3241 3357 3613 3423 arripuerunt,

2017 3456 2288 3510 immunes
2359 3453 2581 3508 fuerunt
2659 3453 2728 3507 ab
2805 3452 2946 3522 igne,
3004 3447 3273 3518 supplicio
3327 3455 3382 3502 et
3467 3447 3614 3502 divi-

2017 3562 2084 3602 na
2171 3547 2274 3601 ira.
2350 3547 2420 3600 At
2469 3546 2562 3616 qui
2651 3545 2704 3599 in
2765 3559 2862 3600 sua
2945 3548 3365 3612 permanserunt
3460 3541 3615 3610 igno-

2017 3638 2220 3702 rantia,
2255 3648 2312 3693 et
2337 3636 2744 3706 inquinamenta
2775 3644 3021 3690 veterum
3038 3631 3306 3688 scelerum
3335 3647 3442 3687 non
3471 3631 3618 3686 dele-

2015 3736 2166 3792 runt,
2191 3740 2257 3781 eo
2294 3725 2441 3796 quod
2485 3723 2686 3780 vellent
2707 3724 2977 3780 idolorum
3024 3722 3405 3779 adlmrescere
3455 3721 3618 3776 culti-

2017 3822 2139 3884 bus,
2178 3819 2462 3876 tradentur
2491 3821 2561 3874 ad
2588 3818 2812 3874 caedem.
2850 3817 3188 3873 Descendent
3222 3817 3368 3872 enim
3401 3816 3469 3872 ad
3532 3816 3616 3871 in-

2017 3913 2188 3981 feros,
2216 3925 2271 3970 et
2315 3912 2642 3983 supplicium
2667 3922 2933 3966 aeternum
2973 3909 3252 3965 habebunt
3285 3923 3382 3978 per
3431 3909 3614 3978 ignem

2017 4006 2402 4076 irrequictum.
2436 4001 2543 4059 Vos
2571 4003 2756 4073 igitur,
2783 4001 2980 4071 inquit,
3013 4001 3316 4070 reliquistis
3391 4014 3502 4065 me,
3562 4001 3615 4054 id

2015 4107 2121 4164 est,
2151 4111 2370 4166 seraper
2407 4105 2697 4166 apostataz,
2731 4103 2786 4148 et
2825 4096 2917 4163 qui
2942 4108 3167 4163 prorsus
3203 4095 3352 4149 velut
3375 4093 3614 4149 oblivio-

2015 4191 2069 4244 ni
2105 4187 2406 4243 tradidistis
2435 4195 2676 4242 montem
2695 4194 2944 4240 sanctum
2973 4200 3178 4240 meum.
3209 4185 3441 4252 Quidam
3466 4185 3612 4240 enim

2015 4283 2108 4352 qui
2143 4289 2468 4336 erraverunt
2525 4289 2581 4334 et
2630 4281 2898 4334 crealura:
2956 4278 3286 4342 servierunt,
3333 4290 3403 4331 ne
3451 4290 3614 4332 nosse

2015 4376 2258 4447 quidem,
2303 4381 2361 4426 ut
2385 4376 2465 4427 sic
2490 4372 2742 4436 dixerim,
2770 4370 3043 4427 sustinent
3072 4382 3269 4425 nomen
3299 4369 3565 4426 Ecclesiae
3593 4387 3609 4426 :

2024 4487 2043 4520 ι
2081 4476 2337 4535 parantes
2370 4465 2652 4520 dannouiis
2684 4477 2924 4530 mensas,
2967 4473 3024 4519 et
3079 4463 3329 4534 potiones
3380 4462 3613 4533 implen-

306 4575 408 4644 τῆς
437 4571 770 4643 Ἐκκλησίας
797 4572 971 4643 ὄνομα
995 4585 1008 4599 °
1049 4588 1067 4623 ι
1091 4571 1142 4624 οἱ
1162 4571 1276 4635 τοῖς
1297 4569 1599 4642 δαιμονίοις
1631 4569 1913 4641 τραπέζας

2022 4570 2104 4616 tes
2136 4559 2410 4614 Fortunau
2453 4575 2472 4608 ι
2509 4555 2624 4612 lloc
2691 4556 3035 4623 iactitarunt,
3094 4570 3327 4626 quorum
3397 4555 3614 4611 animus

302 4665 588 4729 τελοῦντες
612 4707 629 4733 ,
679 4665 777 4718 καὶ
823 4663 1154 4737 κεράσματα
1196 4662 1537 4735 πληροῦντες
1577 4667 1644 4736 τῇ
1685 4663 1858 4736 Τύχῃ.
1888 4682 1908 4715 ι

309 4759 526 4831 ’Έδρων
573 4757 632 4812 δέ
673 4775 726 4812 τι
759 4756 1006 4811 τοιοῦτον
1035 4757 1085 4810 οί
1133 4755 1448 4834 διαϐολικῆς
1491 4757 1691 4828 ἀχλύος
1736 4775 1915 4828 μεμε⁴

279 4903 282 4906 ,
307 4852 597 4922 στωμένην
622 4850 836 4922 ἔχοντες
851 4850 950 4923 τὴν
968 4849 1219 4922 καρδίαν.
1239 4850 1335 4913 Εἰς
1358 4849 1574 4922 σφαγὴν
1600 4849 1915 4922 παραδοθή-

306 4943 490 5009 σεσθε,
511 4943 613 4998 κᾶν
633 4945 783 5007 εἴτις
807 4945 931 4999 ὅτου
959 4945 1120 5017 χάριν
1139 4944 1389 5016 τολμήσῃ
1416 4943 1618 5012 λέγειν,
1639 4942 1748 5015 ἐρῶ
1777 4942 1917 5014 πρὸς

306 5035 473 5091 αὐτόν
491 5053 503 5064 ·
524 5034 792 5087 Ἐκάλεσα
810 5037 905 5088 καὶ
926 5036 1022 5106 οὐχ
1044 5033 1418 5108 ὑπηκούσατε,
1439 5032 1553 5088 ἀλλ’
1571 5033 1810 5106 ἔμμονον
1824 5036 1918 5088 καὶ

303 5125 688 5196 ἀναπόϐλητον
714 5126 868 5197 ἔχετε
911 5127 1205 5199 πονηρίαν,
1252 5127 1392 5198 μόνα
1422 5125 1660 5199 δρῶντες
1699 5127 1768 5180 τά
1802 5130 1916 5192 τοῖς

303 5220 465 5291 ἐμοῖς
507 5218 790 5290 ἀπᾴδοντα
835 5220 1044 5289 νόμοις,
1088 5221 1185 5275 καὶ
1225 5219 1781 5292 κατακισδηλεύοντες
1816 5221 1914 5292 μὲν

304 5311 490 5366 πάντα
527 5311 731 5383 τρόπον
779 5311 1178 5383 ἀγαθουργίας,
1225 5313 1507 5372 ἀπόλεκτα
1538 5313 1596 5367 δὲ
1639 5314 1912 5368 ποιεῖσθαι

306 5402 727 5469 σπουδάζοντες,
758 5401 826 5456 τά
847 5401 919 5455 δι’
947 5393 1032 5470 ὧν,
1050 5400 1116 5455 ἀν
1138 5419 1222 5466 τις
1249 5405 1464 5473 γένοιτο
1488 5404 1690 5466 παντὸς
1706 5405 1910 5476 ἀνάμε-

305 5511 436 5557 στος
465 5493 662 5564 ῥύπου.

373 5585 481 5640 Διὰ
502 5586 679 5643 τοῦτο
697 5586 839 5642 τάδε
865 5587 1032 5659 λέγει
1055 5590 1295 5659 Κύριος·
1314 5589 1463 5644 Ἰδοὺ
1494 5593 1548 5645 οἱ
1575 5590 1907 5645 δουλεύον-

301 5674 406 5744 τές
462 5692 564 5746 μοι
617 5675 932 5748 φάγονται,
967 5679 1138 5752 ὑμεῖς
1167 5679 1237 5735 δὲ
1282 5680 1623 5738 πεινάσετε.
1669 5679 1816 5738 Ἰδοὺ
1852 5683 1908 5738 ol

373 5854 422 5890 δ’
449 5853 610 5909 Joan.
661 5870 718 5923 ι,
761 5856 851 5914 16.

2021 4651 2192 4724 898
2219 4648 2488 4707 diabolica
2518 4648 2748 4717 caligine
2787 4647 3036 4718 appletus
3090 4657 3230 4702 erat.
3296 4645 3612 4702 Tradentini

2023 4747 2092 4801 ad
2148 4745 2394 4802 caulem:
2441 4743 2646 4812 Siquis
2674 4756 2894 4797 causam
2928 4739 3151 4796 audebit
3206 4754 3472 4810 quaerere,
3534 4739 3614 4795 sic

2023 4839 2072 4894 ei
2110 4839 2408 4909 respondeo
2435 4857 2445 4891 :
2468 4835 2686 4901 Vocavi,
2712 4845 2768 4890 et
2793 4850 2898 4911 non
2931 4834 3236 4896 audivistis,
3271 4836 3365 4889 sed
3392 4849 3615 4889 manen-

2026 4941 2133 4987 tem
2161 4930 2375 4987 habetis
2425 4931 2748 4999 nequitiam,
2781 4943 2904 4997 quan
2943 4944 3050 4984 non
3110 4936 3288 4998 potest
3321 4926 3504 4991 abjici,
3557 4936 3614 4981 et

2021 5041 2084 5080 ea
2126 5024 2241 5080 sola
2279 5023 2508 5092 patratis
2567 5036 2697 5090 qua:
2729 5037 2758 5076 a
2807 5021 2942 5075 meis
2998 5019 3326 5075 dissentiunt
3377 5018 3611 5089 legibus,

2019 5132 2347 5187 muneraque
2381 5117 2723 5170 honestatem
2757 5113 3099 5179 adulteratis,
3135 5125 3191 5170 et.
3230 5113 3319 5167 illa
3353 5114 3616 5184 expetitis

2018 5221 2071 5267 et
2130 5212 2329 5282 eligitis
2349 5209 2614 5272 studiose,
2665 5209 2807 5263 unde
2837 5208 3008 5275 possit
3042 5207 3166 5277 quis
3213 5222 3377 5264 omne
3444 5221 3617 5277 genus

2023 5297 2375 5370 turpitudinis
2416 5297 2765 5400 con.tralterc.

2088 5581 2258 5636 Vsus.
2295 5580 2485 5636 13-15.
2521 5577 2913 5646 Quamobrem,
2945 5580 3056 5632 haec
3115 5577 3243 5632 dicit
3300 5576 3558 5631 Dominus
3604 5593 3618 5632 :

2016 5678 2155 5733 Ecce
2191 5677 2551 5748 qui.serviunt
2592 5674 2721 5730 mihi
2778 5675 3088 5738 comedent;
3121 5689 3206 5728 vos
3259 5684 3432 5726 amem
3487 5687 3619 5725 estt-
