4140 6494
486 384 628 444 μω
1520 373 1578 427 S.
1625 371 1899 427 CYRILLI
1938 369 2416 429 ALEXANDRINI
2455 369 2778 428 ARCHIEP.
3642 373 3784 430 Mlti

489 506 662 559 rietis.
707 503 844 557 Ecce
880 501 971 571 qui
1010 498 1242 554 serviunt
1305 495 1460 560 milii,
1513 495 1710 558 bibent,
1770 510 1857 548 eos
1907 503 2082 548 autem

2196 492 2588 557 δουλεύοντές
2641 510 2743 560 μοι
2799 492 3070 556 πίω-ται,
3122 493 3290 563 ὑμεῖς
3334 492 3403 546 δὲ·
3452 492 3781 563 διψήσητε.

490 596 695 650 sitietis.
776 591 910 646 Ecce
930 591 1020 660 qui
1071 588 1297 642 serviunt
1328 585 1478 653 mihi,
1509 585 1850 649 lwtabuntnr,
1876 601 1962 638 vos
1991 601 2090 638 au-

2207 583 2354 638 Ἰδοὺ
2388 587 2443 638 οἱ
2470 582 2866 649 δουλεύοντές
2901 601 3004 652 μοι
3041 583 3586 653 εὐφρανθήσονται,
3613 585 3787 655 ὑμεῖς

495 697 596 738 tem
623 681 1038 750 confundemini.
1094 677 1232 732 ‘Ecce
1285 678 1375 747 qui
1420 678 1656 732 serviunt
1702 675 1855 742 mihi,
1915 675 2090 731 exsul-

2196 673 2262 728 δὲ
2320 677 2831 744 αὶσχυνθήσεσθε.
2895 675 3050 730 Ἰδοὺ
3123 678 3177 729 oi
3231 675 3630 742 δουλεύοντές
3682 693 3783 746 μοι

493 773 684 827 tubunt
726 773 780 825 in
824 771 1038 834 la'titia,
1073 785 1159 823 vos
1185 777 1362 821 autem
1401 766 1696 820 rlamabitis
1734 782 1846 836 pro:
1911 767 2092 821 dolore

2196 765 2666 835 ἀγαλλιάσονται
2686 765 2757 819 ἐκν
2782 767 3154 836 εὐφροσύνῃ,
3175 765 3344 835 ὑμεῖς
3371 765 3441 818 δὲ
3467 765 3786 832 κεκράξετε

494 866 667 922 rordis
708 865 886 928 vestri,
950 874 996 917 et
1023 877 1134 932 pra:
1173 860 1490 915 contritione
1519 860 1736 926 spiritus
1793 858 2086 912 ululabilis.

495 959 799 1028 Reliquistis
829 957 964 1011 enim
983 971 1168 1008 nomen
1199 961 1449 1016 vestrum,
1478 952 1531 1006 in
1558 952 1891 1004 saturitatem
1913 949 2088 1004 electis

493 1052 643 1105 meis.
681 1048 786 1103 Vos
828 1057 1004 1101 autem
1029 1045 1309 1113 interficiat
1346 1042 1622 1097 Dominus.

576 1225 872 1296 Componit
897 1239 1115 1294 semper
1152 1223 1314 1292 idque
1374 1219 1688 1276 necessario
1719 1233 1839 1273 cum
1873 1215 2090 1273 coronis

493 1335 788 1384 mrumnas,
861 1326 919 1373 ttt
939 1326 1171 1386 utroque
1192 1316 1351 1371 modo
1373 1315 1607 1370 adducat
1632 1327 1748 1377 eos,
1770 1319 1828 1365 ut
1853 1310 2090 1366 sentiant

493 1424 548 1468 ct
571 1414 777 1469 faciant
801 1428 924 1484 qua:
970 1413 1073 1482 ipsi
1105 1412 1348 1482 placent.
1383 1408 1520 1463 Nam
1573 1407 1729 1462 sicuti
1766 1405 1988 1475 praemia
2019 1405 2088 1460 ad

492 1505 712 1561 virtutis
741 1505 1074 1560 desiderium
1104 1503 1397 1558 inescant:
1439 1501 1521 1555 sic
1571 1514 1744 1570 paenae
1813 1499 2088 1554 acerbitas

494 1614 524 1651 a
560 1598 854 1652 vitiositute
881 1593 1152 1650 interdum
1195 1593 1459 1658 deterret,
1494 1599 1550 1646 et
1584 1601 1809 1646 revocat
1851 1590 1917 1645 ad
1974 1604 2087 1646 me-

493 1688 650 1744 liora.
676 1686 1144 1742 Artiﬁciosissime
1179 1683 1346 1754 igitur
1381 1684 1434 1737 in
1495 1683 1709 1739 animos
1769 1691 2084 1738 vocatorum

493 1799 551 1838 se
572 1782 831 1845 insinuat,
868 1795 991 1834 cum
1029 1777 1251 1848 praemia
1295 1776 1401 1833 illis
1439 1777 1787 1846 promittens,
1819 1786 1932 1832 tum
1987 1792 2086 1847 pu-

2191 857 2290 912 διὰ
2319 856 2427 911 τὸν
2449 857 2644 911 πόνον
2673 857 2785 927 τῆς
2816 857 3067 926 καρδίας
3093 856 3281 926 ὑμῶν,
3324 856 3426 910 καί
3470 857 3588 912 ἀπὸ
3629 872 3784 911 συν·
3809 848 3831 890 ’ἶ

2189 948 2399 1018 τριϐῆς
2419 951 2760 1021 πνεύματος
2791 951 3121 1012 ὀλολύζετε.
3149 949 3562 1019 Κατελείψατε
3583 950 3691 1020 γὰρ
3716 949 3784 1003 τὸ

2189 1042 2383 1112 ὄνομα
2413 1043 2583 1111 ὑμῶν
2609 1045 2697 1110 εὶς
2731 1042 3102 1114 πλησμονὴν
3133 1042 3261 1107 τοῖς
3289 1041 3600 1109 ἐκλεκτοῖς
3623 1059 3745 1112 μου
3765 1057 3780 1072 ⁶

2193 1131 2351 1202 ὑμᾶς
2380 1133 2449 1187 δὲ
2469 1135 2678 1190 ἀνελεῖ
2697 1136 2933 1204 Κύριος.

2275 1225 2390 1278 Ἀεὶ
2440 1226 2812 1297 παρατίθησιν
2871 1226 3188 1295 ἀναγκαίως
3239 1227 3354 1291 τοῖς
3399 1225 3685 1296 στεφάνοις
3716 1223 3787 1278 τὰ

2190 1315 2467 1388 μοχθηρὰ,
2497 1318 2566 1371 δι’
2613 1318 2818 1390 ἀμφοῖν
2857 1319 3154 1390 ἀποφέρων
3206 1319 3288 1382 είς
3316 1318 3378 1370 τὸ
3417 1318 3527 1373 δεῖν
3569 1317 3786 1371 ἑλέσθαι

2188 1409 2258 1464 τά
2283 1410 2592 1480 ἀρέσκοντα
2621 1409 2794 1481 αὐτῷ,
2817 1411 2913 1463 καὶ
2939 1414 3158 1482 φρονεῖν
3185 1427 3245 1464 τε
3281 1411 3375 1465 καὶ
3408 1409 3541 1482 δρᾷν
3559 1427 3572 1442 ο
3595 1410 3786 1482 ὥσπερ

2189 1501 2298 1572 γὰρ
2346 1502 2642 1572 σαγηνεύει
2676 1501 2743 1556 τὰ
2779 1502 2925 1574 γέρα
2984 1503 3121 1576 πρὸς
3164 1503 3359 1572 ἄφεσιν
3397 1501 3618 1574 ἀρετῆς,
3641 1501 3787 1555 οὕτω

2187 1593 2290 1662 τῆς
2317 1593 2474 1664 δίκης
2501 1593 2562 1646 τὸ
2603 1594 2802 1664 πικρὸν
2843 1593 3089 1665 ἐξίστησι
3123 1595 3223 1665 μὲν
3254 1594 3367 1648 ἔσθ’
3407 1595 3498 1648 ὅτε
3528 1596 3638 1648 τῶν
3682 1595 3782 1665 τῆς

2189 1685 2528 1756 φαυλότητος
2561 1686 2813 1757 τρόπων,
2851 1686 3144 1757 μετασοϐεῖ
3176 1686 3233 1739 δὲ
3273 1685 3413 1757 πρὸς
3457 1686 3523 1740 τά
3565 1685 3780 1756 βελτίω.

2189 1777 2601 1847 Εὐτεχνέστατα
2625 1778 2807 1831 τοίνυν
2830 1777 2927 1842 τὰς
2963 1777 3073 1832 τῶν
3105 1778 3458 1850 καλουμένων
3495 1778 3784 1850 ὑποτρέχει

495 1874 757 1928 uitionem
823 1872 1099 1926 minitans.
1139 1889 1158 1924 ι
1225 1868 1527 1926 Comedent
1570 1869 1738 1936 enim,
1777 1886 1797 1921 ι
1886 1869 2080 1938 inquit,

2196 1866 2444 1931 διανοίας,
2483 1867 2624 1937 γέρα
2657 1885 2715 1920 τε
2742 1868 3178 1939 ὑπισχνούμενος
3220 1870 3430 1934 αὐτοῖς,
3477 1871 3573 1923 καὶ
3615 1869 3783 1924 κολά-

498 1967 640 2037 «ίιυὶ
674 1965 917 2022 serviunt
974 1964 1225 2031 mihi;at
1289 1978 1386 2018 vos
1447 1963 1718 2018 esurietis.
1779 1961 1844 2016 Et
1899 1960 2087 2016 bibent

496 2060 594 2124 illi,
645 2065 701 2111 et
729 2056 928 2113 sitietis
955 2071 1074 2111 vos.
1115 2074 1136 2108 ›
1185 2054 1564 2111 Gaudentibus
1607 2053 1733 2121 illis,
1777 2068 1876 2109 vos
1932 2053 2086 2122 igno-

496 2149 661 2203 minia
691 2144 1028 2203 aﬂiciemini.
1059 2144 1196 2201 Nam
1245 2146 1336 2216 qui
1389 2153 1581 2200 natura
1649 2154 1704 2201 et
1753 2159 1880 2200 vere
1917 2145 2085 2200 Deum

495 2241 834 2313 agnoverint,
864 2250 974 2295 eta
1034 2237 1173 2294 falso
1241 2239 1572 2308 nuncupatis
1609 2237 1713 2294 diis
1769 2237 2088 2302 resilierint,

495 2335 727 2404 verique
768 2332 948 2388 cultus
1028 2331 1489 2402 pulchritudinem
1550 2329 1803 2386 admirati
1867 2329 2090 2398 fuerint,

494 2425 894 2480 deliciabuntur
927 2438 1054 2479 vere
1084 2424 1296 2494 superis
1328 2411 1826 2487 benedictionibus:
1849 2422 2094 2494 saginan-

499 2528 582 2572 tes
609 2516 798 2582 corda,
862 2524 918 2572 et
980 2515 1306 2571 accedentes
1357 2514 1426 2569 ad
1492 2512 1768 2570 viviﬁcam
1848 2528 2092 2571 mensam

497 2609 738 2664 omnium
781 2617 1026 2665 nostrum
1046 2606 1358 2664 Servatoris
1387 2605 1622 2670 Christi,
1658 2614 1717 2661 et
1741 2619 1944 2676 panem
1968 2605 2094 2662 vita:

496 2697 739 2765 edentes,
799 2708 857 2754 et
914 2698 1156 2754 divinum
1214 2705 1398 2767 potum
1458 2696 1731 2763 bibentes,
1783 2711 1882 2766 per
1931 2711 2096 2767 quem

500 2793 633 2845 nant
663 2804 872 2862 superae
952 2788 1244 2861 voluptatis
1313 2789 1652 2859 participes:
1703 2797 1900 2860 purgat
1950 2788 2096 2844 enim

500 2892 748 2952 peccata,
798 2898 863 2939 ac
900 2881 1142 2939 dolorem
1181 2881 1395 2949 eximit,
1479 2880 1840 2952 suppliciique
1869 2889 2098 2938 metum

499 2991 608 3031 non
646 2976 778 3030 sinit
819 2975 1029 3029 animas
1056 2984 1271 3030 nostras
1304 2975 1556 3030 obruere.
1613 2973 1887 3029 Lmtamur
1948 2975 2098 3030 enim

500 3069 682 3140 potius
708 3083 804 3138 spe
835 3069 1124 3129 bonorum.
1159 3082 1281 3136 quae
1328 3067 1597 3122 destinata
1663 3081 1785 3122 esse
1837 3067 2102 3138 diligenti-

501 3162 606 3214 bus
668 3157 837 3214 Deum
913 3156 1159 3213 referunt
1213 3172 1383 3212 sacrae
1420 3157 1657 3212 Litterae.
1693 3176 1712 3208 ι
1758 3158 1863 3213 Sed
1912 3173 2030 3224 vos,
2075 3177 2097 3212 ι

2188 1974 2305 2020 σεις
2348 1957 2611 2012 ἀπειλῶν.
2647 1978 2665 2011 ι
2704 1959 2972 2028 Φάγονται
3001 1960 3112 2032 γάρ
3158 1962 3208 2014 οἱ
3239 1960 3582 2025 δουλεύοντές
3617 1979 3728 2032 μοι,
3761 1979 3777 2011 ι

2185 2049 2374 2118 φησὶν,
2403 2069 2422 2100 ι
2447 2048 2605 2118 ὑμεῖς
2632 2048 2689 2102 δὲ
2712 2050 3022 2114 πεινάσετε,
3045 2049 3140 2103 καὶ
3172 2049 3404 2103 πίωνται
3433 2051 3532 2121 μὲν
3556 2053 3784 2119 ἐκεῖνοι,

2186 2139 2452 2210 διψήσητε
2476 2139 2532 2192 δὲ
2561 2140 2742 2210 ὑμεῖς.
2774 2159 2793 2193 ι
2822 2141 3286 2212 Εὐφραινομένων
3310 2140 3368 2194 δὲ
3394 2140 3600 2206 αὐτῶν,
3627 2140 3785 2211 ὑμεῖς

2187 2229 2619 2301 αἱσχυνθήσεσθε
2643 2245 2658 2261 ·
2689 2231 2739 2284 oi
2775 2232 2885 2302 γὰρ
2922 2230 3014 2284 τὸν
3066 2230 3229 2302 φύσει
3284 2232 3379 2286 καὶ
3418 2232 3641 2304 άληθῶς
3682 2233 3782 2285 ἐπ-

2189 2323 2491 2394 εγνωκότες
2509 2323 2665 2390 Θεὸν,
2684 2323 2900 2380 καὶτῶν
2918 2324 3163 2395 ψευδωνύ
3172 2343 3287 2397 μων
3304 2325 3560 2398 ἀποπηδή
3569 2342 3781 2390 σαντες,

2191 2419 2287 2473 καὶ
2311 2418 2372 2471 τὺ
2397 2418 2495 2489 τῆς
2513 2416 2749 2489 ἀληθοῦς
2767 2417 3023 2489 λατρείας
3046 2418 3428 2490 θαυμάσαντες
3453 2419 3672 2485 κάλλος,
3699 2421 3784 2472 ὲν-

2192 2511 2566 2582 τρυφήσουσιν
2600 2509 2770 2574 ὅντως
2800 2512 2921 2575 ταῖς
2949 2509 3157 2565 ἀνωθεν
3187 2510 3459 2580 εὐλογίαις
3486 2527 3783 2564 καταπιαι-

2194 2602 2411 2673 νόμενοι
2438 2602 2536 2666 τὰς
2568 2601 2821 2674 καρδίας,
2849 2602 3231 2677 καὶ.τραπέζῃ
3255 2601 3680 2672 προσϐάλλοντες
3711 2603 3778 2671 τῇ

2197 2694 2445 2766 ζωοποιῷ
2471 2694 2566 2751 τοῦ
2592 2695 2812 2750 πάντων
2838 2694 2996 2766 ἡμῶν
3022 2695 3274 2767 Σωτῆρος
3294 2693 3551 2767 Χριστοῦ,
3571 2694 3665 2747 καὶ
3687 2693 3782 2746 τὶν

2196 2788 2363 2862 ἄρτον
2386 2789 2661 2853 ἐσθίοντες
2685 2792 2784 2861 τῆς
2819 2788 2987 2860 ζωῆς,
3021 2790 3117 2844 καὶ
3143 2790 3296 2859 πόμα
3322 2789 3382 2842 τὺ
3414 2788 3576 2854 θεῖον,
3597 2787 3663 2840 δι’
3689 2779 3783 2842 οὗ·

2198 2899 2306 2956 περ
2345 2882 2411 2937 ἂν
2438 2882 2682 2952 γένοιντο
2708 2881 2977 2953 θυμηδίας
3000 2881 3103 2953 τῆς
3140 2882 3349 2936 ἀνωθεν
3384 2880 3605 2952 μέτοχοι
3626 2895 3639 2908 °
3671 2879 3793 2933 δια-

2200 2975 2452 3047 καθαίρει
2485 2974 2594 3048 γὰρ
2620 2975 2916 3047 ἁμαρτίας,
2938 2974 3033 3028 καὶ
3065 2974 3311 3047 ἐξίστησι
3334 2975 3397 3028 τὸ
3430 2972 3658 3039 λυποῦν,
3691 2972 3790 3026 καλ⁸

2199 3066 2291 3120 τὸν
2323 3068 2414 3120 ἐπὶ
2447 3067 2526 3138 τῷ
2559 3065 2886 3130 κολάζεσθαι
2915 3065 3078 3135 φόϐον
3107 3065 3423 3137 κατισχύειν
3453 3067 3554 3119 οὐκ
3588 3065 3657 3134 ἐᾷ
3677 3063 3789 3116 τῶν

2203 3159 2486 3230 ἡμετέρων
2526 3157 2797 3212 διανοιῶν.
2846 3156 3267 3228 Εὐφραινόμεθα
3300 3154 3409 3229 γὰρ
3453 3155 3656 3226 μᾶλλον
3697 3155 3786 3208 ἐπ’

511 3252 709 3322 inquit,
742 3251 836 3322 qui
870 3250 922 3304 in
975 3263 1162 3306 errore
1216 3248 1514 3314 mansistis,
1556 3267 1575 3300 ι
1618 3248 1925 3304 clamabitis
1985 3265 2093 3320 pra:

2197 3248 2372 3304 ἐλπίδι
2391 3247 2631 3316 ἀγαθῶν,
2657 3246 2693 3301 ἃ.
2715 3248 2828 3310 τοῖς
2861 3243 3118 3314 ἀγαπῶσι
3135 3244 3227 3298 τὸν
3252 3243 3386 3297 Θεὸν
3420 3240 3788 3314 ηὐτρεπίσθαι

503 3345 691 3401 dolore
753 3342 938 3400 cordis
990 3343 1182 3406 vestri,
1234 3351 1289 3396 et
1332 3357 1444 3412 pra:
1487 3342 1815 3398 contritione
1872 3343 2098 3413 spiritus

505 3437 802 3493 ululabitis.
864 3454 883 3488 ι
944 3434 1314 3490 Descendente
1362 3435 1504 3490 enim
1576 3433 1790 3490 ctelitus
1854 3435 2096 3491 omnium

409 3575 422 3592 ,
505 3539 748 3585 nostrum
777 3529 1069 3582 Servatore
1097 3525 1340 3594 Christo,
1415 3527 1585 3598 899
1645 3538 1698 3582 et
1747 3529 1944 3598 cuique
1999 3544 2097 3600 pro

505 3621 762 3690 operibus
799 3619 1092 3685 tribuente,
1142 3621 1437 3690 plorabunt
1475 3635 1689 3688 omnes,
1721 3632 1777 3676 et
1840 3622 2099 3692 lugebunt

504 3714 596 3782 qui
639 3711 805 3768 Deum
845 3726 1025 3764 verum
1052 3727 1157 3766 non
1190 3720 1548 3779 agnoverunt,
1581 3715 1672 3768 sed
1724 3714 1965 3782 peccatis
1991 3713 2095 3784 ipsi

507 3805 622 3858 suis
661 3802 944 3857 immortui
981 3812 1130 3856 sunt.
1190 3801 1506 3870 Reliquistis
1549 3804 1718 3869 enim,
1758 3805 1952 3874 inquit,
1999 3819 2096 3860 no-

508 3910 630 3949 men
662 3903 899 3949 vestrum
955 3894 1021 3948 ad
1056 3893 1396 3949 saturitatem
1431 3895 1623 3950 electis
1664 3897 1804 3952 meis
1835 3914 1849 3951 :
1877 3910 1974 3950 vos
2001 3910 2096 3950 au-

519 3999 626 4043 tem
661 3985 952 4041 interﬁciet
997 3984 1279 4042 Dominus.
1337 3986 1634 4042 Considera
1689 3987 1821 4041 mibi
1878 4001 2093 4041 rursum

507 4094 702 4134 sensus
768 4078 1214 4150 profunditatem.
1296 4078 1448 4134 Solet
1503 4077 1784 4148 Scriptura
1835 4077 2096 4133 divinitus

510 4174 772 4241 inspirata
839 4173 1183 4228 saturitatem
1219 4172 1488 4228 interdum
1540 4185 1734 4227 vocare
1789 4173 2093 4228 satietatem

508 4276 566 4320 et
605 4264 808 4319 odium.
859 4263 1003 4319 Dixit
1059 4265 1205 4320 enim
1275 4267 1417 4320 Deus
1468 4262 1771 4320 Israelitico
1827 4267 2096 4336 sanguine

510 4354 798 4410 oriundis:
840 4375 858 4408 ι
916 4355 1040 4413 Non.
1089 4357 1362 4412 remittam
1412 4368 1636 4428 peccata
1679 4367 1890 4414 vestra.
1939 4360 2092 4416 Facti

509 4449 642 4503 estis
675 4449 805 4503 mihi
857 4449 910 4503 in
965 4451 1308 4506 saturitatem
1337 4449 1404 4505 ‘°.
1448 4468 1467 4503 ι
1525 4449 1633 4509 Vos
1672 4467 1822 4526 ergo,
1893 4453 2091 4525 inquit,

511 4543 605 4612 qui
647 4542 848 4598 al'also
905 4545 1232 4614 nuncupatis
1290 4545 1395 4600 diis
1460 4559 1568 4601 non
1623 4547 1954 4612 descivistis,
1997 4547 2093 4603 sed

2199 3342 2336 3413 φησὶ
2367 3340 2428 3393 τὸ
2452 3339 2695 3411 Γρόιμμα
2719 3338 2781 3392 τδ
2817 3336 2986 3410 ἱερὸν,
3009 3355 3029 3389 ι
3069 3336 3211 3390 Ἀλλ’
3242 3335 3422 3407 ὑμεῖς,
3455 3353 3473 3386 ι
3510 3333 3698 3406 φησιν,
3737 3334 3789 3388 οι

2198 3433 2573 3505 μεμενηκότες
2587 3433 2642 3485 ὲν
2664 3431 2865 3503 πλάνῃ,
2890 3448 2908 3482 ι
2928 3427 3265 3503 κεκράξεσθε
3291 3428 3378 3484 διά
3400 3425 3492 3481 τὸν
3511 3428 3670 3481 πόνον
3687 3427 3791 3498 τῆς

2198 3524 2439 3602 καρδίας
2465 3529 2642 3600 ὑμῶν,
2681 3531 2778 3583 καὶ
2807 3527 2918 3582 ἀπὸ
2951 3527 3244 3600 συντριϐἦς
3273 3524 3585 3596 πνεύματος
3611 3520 3795 3576 όλολύ-

2200 3620 2338 3686 ξετε.
2365 3640 2384 3674 ι
2405 3623 2927 3692 Καταφοιτήσαντος
2947 3619 3056 3691 γὰρ
3087 3618 3146 3686 ἐξ
3176 3618 3422 3690 οὐρανῶν
3449 3614 3544 3670 τοῦ
3573 3614 3793 3670 πάντων

2196 3716 2230 3785 ἡ
2241 3714 2358 3786 μῶν
2393 3714 2649 3784 Σωτῆρος
2683 3707 3087 3784 Χριστοῦ,εῐτα
3116 3708 3623 3781 νέμοντοςὲκάστῳ
3645 3706 3791 3760 κατά

2195 3808 2264 3860 τά
2290 3806 2430 3877 ἔργα
2459 3805 2650 3868 αὐτοῦ,
2682 3805 3015 3875 θρηνήσουσι
3044 3803 3267 3868 πάντες,
3293 3802 3388 3855 καὶ
3426 3799 3793 3870 κατοιμώξου-

2198 3915 2283 3952 σιν
2310 3898 2359 3950 oi
2393 3899 2534 3968 μήτε
2567 3895 2700 3950 Θεὸν
2742 3894 3250 3964 ἑπεγνωκότες·τδν
3279 3893 3556 3965 ἀληθινὸν,
3591 3892 3789 3947 έναπο⁴

2196 3991 2449 4055 θανόντες
2472 3990 2529 4043 δὲ
2571 3990 2771 4061 μᾶλλον
2792 3991 2912 4054 ταῖς
2937 3989 3146 4044 ἑαυτῶν
3179 3987 3499 4060 ἁμαρτίαις.
3532 3985 3793 4041 Κατελεί-

2194 4087 2335 4158 ψατε
2364 4086 2494 4158 γὰρ,
2529 4084 2685 4157 φησὶ,
2715 4085 2776 4140 τὸ
2803 4085 2975 4158 ὄνομα
3006 4084 3164 4157 ὑμῶν
3201 4085 3285 4150 είς
3322 4082 3642 4156 πλησμονὴν
3677 4084 3794 4146 τοῖς

2195 4181 2474 4244 ἐκλεκτοῖς
2505 4196 2629 4251 μου,
2674 4178 2820 4250 ὑμᾶς
2857 4178 3039 4232 ἀνελεῖ
3088 4177 3314 4251 Κύριος.
3351 4177 3542 4249 ’Δθρει
3576 4177 3640 4245 δή
3699 4193 3791 4247 μοι

2197 4274 2362 4328 πάλιν
2395 4273 2497 4343 τῆς
2541 4272 2754 4336 ἐννοίας
2787 4272 2849 4326 τὸ
2878 4270 3063 4342 βάθος.
3130 4271 3292 4335 Ἕθος
3340 4273 3409 4343 τῇ
3451 4269 3794 4342 θεοπνεύστῳ

2195 4369 2387 4440 Γραφῇ
2423 4366 2486 4420 τὸ
2516 4367 2596 4430 είς
2643 4364 2963 4436 πλησμονὴν
2996 4363 3109 4417 ἐσθ’
3144 4362 3233 4417 ὅτε
3281 4362 3482 4432 λέγειν,
3517 4361 3640 4417 ἀντὶ
3692 4361 3790 4415 τοῦ

2197 4461 2276 4524 εις
2306 4460 2488 4532 κόρον,
2525 4460 2620 4513 καὶ
2652 4461 2830 4530 μῖσος.
2853 4458 3005 4527 Ἔφη
3040 4455 3150 4528 γάρ
3182 4469 3283 4510 που
3311 4454 3447 4519 Θεὸς
3471 4455 3584 4517 τοῖς
3616 4453 3677 4519 ἐξ
3705 4453 3792 4508 αϊ-

2204 4570 2374 4623 ματος
2414 4550 2634 4622 Ἰσραήλ
2655 4566 2667 4580 ·
2701 4567 2720 4602 ι
2748 4548 2945 4604 Οὐκέτι
2969 4549 3154 4620 ἀνήσω
3184 4546 3284 4611 τὰς
3307 4545 3580 4619 ἁμαρτίας
3602 4545 3790 4617 ὑμῶν’

513 4637 567 4690 in
597 4637 838 4706 peccatis
891 4637 1084 4692 vestris
1142 4637 1343 4692 mortui
1398 4639 1555 4704 estis,
1598 4655 1795 4696 nomen
1849 4650 2093 4697 vestrum

2202 4643 2500 4716 ἐγενήθητέ
2528 4661 2617 4714 μοι
2641 4643 2720 4706 εἰς
2749 4640 3087 4713 πλησμονήν.
3114 4659 3134 4692 ι
3163 4639 3353 4711 Ὑμεῖς
3380 4639 3581 4704 τοίνυν,
3603 4639 3790 4711 φησὶν,

513 4729 568 4783 in
597 4729 964 4794 saturitatem,
997 4728 1084 4785 vel
1113 4728 1168 4783 in
1198 4731 1382 4786 odium
1413 4732 1709 4802 reliquistis
1725 4733 1915 4790 electis
1932 4735 2094 4793 meis.

513 4818 681 4876 Nemo
695 4821 837 4876 enim
855 4835 1066 4885 eorum,
1090 4819 1180 4889 qui
1198 4820 1363 4876 semel
1374 4822 1529 4878 electi
1556 4831 1682 4879 sunt
1696 4838 1892 4879 nomen
1905 4838 2101 4896 super-

513 4913 848 4969 stitiosorum
872 4913 1142 4970 admittet.
1168 4913 1386 4986 Refugit
1410 4930 1647 4986 namque
1668 4919 1897 4988 quisque
1914 4919 2097 4974 vocari

514 5002 609 5058 Dei
636 5017 786 5070 osor,
813 5004 1233 5060 simulacrorum
1264 5005 1460 5071 cultor,
1522 5007 1746 5076 impius,
1803 5008 2096 5078 profanus:

512 5097 768 5166 cupitque
792 5098 962 5166 magis
1001 5098 1107 5153 dici
1141 5098 1369 5168 populus
1415 5108 1658 5167 sanctus,
1713 5113 1844 5170 gens
1898 5098 2098 5166 electa,

514 5191 721 5262 regium
735 5190 1122 5254 sacerdotium,
1143 5191 1441 5247 secundum
1465 5191 1634 5248 divini
1655 5191 1800 5247 Petri
1828 5206 2013 5248 vocem
2028 5193 2095 5248 “.

515 5282 612 5338 Sin
647 5281 736 5336 cui
780 5281 954 5374 visum
985 5281 1218 5374 sit,ﬂltoc
1246 5283 1392 5374 quod
1427 5284 1766 5374 dicturtbest,
1827 5282 2095 5342 lsraelitis

515 5373 946 5437 accommodare,
995 5381 1053 5424 ut
1095 5373 1203 5428 illis
1253 5360 1514 5430 dicatur:
1550 5393 1570 5426 ι
1617 5360 1941 5445 ᾗειίηυίειίε
1999 5391 2096 5432 no-

513 5478 639 5518 men
672 5463 789 5534 ejus
813 5463 867 5518 in
895 5463 1202 5519 satietatem
1221 5463 1415 5520 electis
1455 5466 1630 5522 meis:
1673 5485 1692 5520 ι
1727 5467 1959 5524 dicimus
1974 5469 2096 5540 qui-

423 5575 430 5582 -
515 5556 638 5610 dem
674 5567 927 5612 vocatum
957 5555 1126 5613 fuisse
1156 5556 1435 5623 lsraelem,
1479 5557 1679 5616 liberos
1717 5561 1833 5627 Dei,
1869 5561 2096 5632 ejusque

516 5647 770 5716 populum
807 5656 864 5703 et
891 5657 1120 5714 sortem,
1157 5648 1251 5703 sed
1277 5661 1565 5719 p05tquam
1598 5652 1650 5708 in
1683 5651 2093 5710 eﬂ‘remtionem

588 5824 633 5858 ‘°
671 5825 776 5883 lsa.
824 5841 865 5894 ι,
918 5827 1007 5883 l5.
1086 5830 1127 5862 ⁸¹
1160 5830 1181 5887 l
1211 5829 1357 5888 Petr.
1404 5847 1462 5899 tt,
1498 5833 1550 5888 9.

2203 4739 2254 4790 οἱ
2302 4738 2436 4809 μήτε
2473 4736 2582 4790 τῶν
2628 4735 3000 4807 ψευδωνύμων
3048 4733 3386 4797 ἀποστάντες
3440 4729 3600 4799 θεῶν,
3641 4733 3793 4785 ἔντεα

2205 4829 2439 4893 θνεῶτες
2459 4829 2514 4882 δὲ
2531 4829 2624 4882 καὶ
2646 4829 2768 4892 ταῖς
2789 4828 2998 4882 ἑαυτῶν
3021 4825 3341 4898 ἁμαρτίαις,
3359 4822 3421 4876 τὸ
3445 4822 3615 4895 ὄνομα
3637 4823 3796 4896 ὐμῶν

2206 4923 2287 4985 εἰς
2333 4919 2688 4992 πλησμονὴν,
2753 4921 2922 4992 ἤγουν
2971 4920 3051 4981 εις
3084 4920 3240 4989 μῖσος
3281 4914 3637 4986 κατελείψατε
3676 4919 3794 4981 τοῖς

2205 5013 2482 5076 ἐκλεκτοῖς
2516 5030 2620 5083 μου
2644 5028 2658 5044 ο
2695 5015 2808 5076 τοῖς
2837 5009 2948 5082 γὰρ
2975 5007 3124 5074 ἅπαξ
3151 5007 3573 5079 ἐξειλεγμένοις,
3617 5008 3794 5072 οὐδεὶς
3855 5055 3861 5061 .

2202 5105 2264 5158 τὸ
2305 5105 2418 5158 τῶν
2468 5103 2886 5173 δεισιδαιμόνων
2912 5100 3087 5170 δνομα
3139 5101 3376 5154 ποιεῖται
3427 5100 3790 5171 παράδεκτον.

2201 5197 2398 5266 Φεύγει
2438 5196 2497 5250 δὲ
2541 5196 2688 5259 άπας
2715 5193 2777 5248 τὸ
2811 5191 3098 5247 καλεῖσθαι
3132 5191 3416 5263 θεομισὴς,
3449 5193 3545 5244 καὶ
3578 5191 3794 5246 εἰδωλο-

2201 5290 2409 5360 λάτρης
2453 5286 2669 5350 ἀνόσιός
2711 5299 2770 5339 τε
2801 5284 2897 5338 καὶ
2944 5283 3172 5356 βέϐηλος
3197 5303 3210 5316 ο
3244 5283 3454 5354 ἐφίεται
3487 5283 3546 5337 δὲ
3592 5284 3794 5356 μᾶλλον

2203 5380 2299 5434 τοῦ
2335 5377 2622 5434 καλεῖσθαι
2649 5376 2781 5442 λαδς
2812 5377 2992 5446 ἅγιος,
3029 5376 3183 5440 ἔθνος
3216 5376 3494 5441 ἐκλεκτὸν,
3524 5373 3796 5446 βασίλειον

2205 5471 2527 5543 ἱεράτευμα,
2550 5470 2694 5524 κατά
2720 5471 2821 5542 τὴν
2851 5468 3141 5524 θεσπεσίου
3178 5467 3387 5538 Πέτρου
3417 5467 3622 5538 φωνήν.
3649 5465 3714 5519 Ei
3740 5466 3796 5519 δὲ

2204 5566 2269 5636 δὴ
2295 5563 2537 5636 βούλοιτό
2557 5581 2642 5629 τις
2667 5565 2779 5628 τοῖς
2809 5561 2869 5630 ἐξ
2893 5563 3126 5634 αἵματος
3157 5559 3376 5632 Ἰσραὴλ
3396 5556 3704 5630 ἐφαρμόσαι
3736 5556 3800 5610 τὸ

2208 5655 2517 5726 εἰρημένον,
2551 5655 2637 5710 ἵνα
2675 5653 2812 5725 πρὸς
2852 5655 3052 5719 αὐτοὺς
3100 5652 3328 5726 λέγηται
3360 5651 3444 5720 τὸ,
3487 5669 3504 5702 ι
3536 5645 3799 5706 Κατελείμ
