4140 6466
368 444 511 503 ιιιπ
1498 438 1565 495 ΙΝ
1605 435 1782 493 ιδΑιΑ
1793 437 1839 491 Μ
1880 431 1979 489 LIB

2082 434 2115 490 Γ.
2159 431 2396 491 TOMUS
2438 431 2525 489 VI.
3274 431 3281 437 ’
3538 442 3679 497 MSS

364 565 511 635 ψατε
543 560 607 615 τὸ
645 559 821 632 ὄνομα
860 559 1014 633 ὑμῶν
1060 562 1142 626 είς
1179 560 1506 634 πλησμονὴν
1550 562 1664 624 τοῖς
1693 558 1974 620 ἐκλεκτοῖς

2082 566 2194 612 ιοιο
2225 554 2429 626 impetu
2467 561 2819 625 proruerunt,
2862 552 2966 611 hac
3007 563 3155 611 tanta
3182 555 3257 611 illi
3311 556 3483 629 gloria
3537 563 3683 616 exci-

373 671 517 728 μου’
552 674 571 707 ι
609 654 814 726 φαμὲν,
848 654 931 708 ὅτι
973 654 1142 709 τέκνα
1173 653 1332 718 Θεοῦ,
1367 653 1465 707 καὶ
1500 653 1628 717 λαὸς
1661 652 1851 717 αὐτοῦ,
1885 649 1979 704 καὶ

2082 651 2295 715 derunt,
2340 663 2572 719 eamque
2605 646 2752 702 velut
2782 648 3131 706 lmreditario
3155 650 3285 720 jure
3321 653 3685 722 possederunt

369 746 587 819 κλῆρος¹
606 745 855 799 ἐκαλεῖτο
872 746 972 816 μὲν
996 747 1025 799 ὁ
1057 745 1280 817 Ἰσραήλ
1298 763 1312 777 ⁸
1340 746 1529 817 ἐπειδὴ
1554 745 1612 799 δὲ
1637 742 1975 798 κατώλισθον

2082 742 2262 813 quiex
2292 741 2548 812 gentibus
2588 741 2767 795 vocati
2820 751 2969 797 sunt.
3028 741 3096 797 Et
3141 742 3245 797 hoc
3304 752 3410 812 est,
3468 745 3681 814 Opinor,

368 839 622 911 ἀσχέτως
656 841 734 904 είς
760 840 822 893 τὸ
849 838 1087 912 ὲξήνιον,
1111 840 1507 896 ὲκπεπτώκασι
1537 840 1636 911 μὲν
1665 839 1766 910 τῆς
1791 837 1977 939 “rotati-

2082 835 2223 906 quod
2275 835 2412 889 dixit
2438 834 2582 889 Deus
2617 849 2750 890 voce
2784 833 2925 891 Osee
2968 852 2983 890 :
3018 853 3038 888 ι
3081 832 3304 892 Vocabo
3335 854 3443 894 non
3505 854 3679 908 popu-

369 950 476 1007 της
501 933 663 1006 δόξης
684 934 863 998 αὐτοὶ,
882 933 1408 1007 κεκληρονομήκασι
1436 934 1496 988 δὲ
1526 933 1719 1005 ῶσπερ
1744 931 1908 987 αὑτὸν
1926 932 1979 986 οἱ

2082 929 2186 983 lum
2209 942 2415 992 meum,
2447 925 2707 998 populum
2755 942 2968 984 meum:
3021 938 3077 985 et
3120 930 3299 986 dicam
3332 947 3441 986 non
3479 930 3680 1002 populo

371 1004 436 1092 ἐξ
462 1004 635 1081 ἐθνῶν
668 1027 1020 1099 κεκλημένοι·
1043 1004 1332 1094 καὶτοῦτο,
1346 1023 1523 1100 οἶμαι,
1549 1004 1696 1081 ἐστὶν
1709 1027 1849 1098 ὅπερ
1869 1024 1973 1096 ἔφη

2082 1036 2218 1086 meo,
2260 1018 2498 1089 Populus
2550 1033 2705 1074 meus
2730 1033 2790 1075 es
2829 1029 2884 1074 tu
2916 1019 2985 1072 “.
3011 1037 3032 1071 ι

2082 1117 2172 1134 ..
2299 1131 2347 1134 κ,
2432 1113 3064 1134 .-η-ρ
3205 1132 3209 1134 .
3317 1117 3414 1134 ..
3661 1113 3686 1134 ν

372 1122 509 1187 Θεὸς
571 1121 662 1177 διὰ
696 1122 885 1195 φωνῆς
931 1122 1114 1196 Ὠσηὲ*
1172 1142 1193 1177 ι
1228 1123 1461 1180 Καλέσω
1504 1124 1599 1179 τὸν
1640 1124 1702 1176 οὐ
1746 1121 1876 1177 λαόν
1911 1136 2038 1192 μου,
2077 1117 2207 1172 λαόν
2249 1131 2385 1188 μου,
2430 1116 2528 1169 καὶ.
2580 1114 2693 1187 ὲρῶ
2729 1114 2810 1187 τῷ
2855 1115 2917 1169 οὐ
2960 1114 3075 1187 λαῷ
3114 1132 3215 1189 μου
3241 1134 3255 1147 ’
3303 1117 3448 1182 Λαός
3496 1135 3599 1191 μου
3634 1114 3684 1171 εἷ

373 1214 464 1270 σύ.
499 1235 520 1268 ι

450 1312 586 1379 Τοῖς
622 1311 692 1367 δὲ
720 1312 1130 1369 δουλεύωσιν
1161 1312 1344 1381 αὐτῷ,
1370 1312 1746 1384 κληθήσεται
1788 1311 1980 1381 ὄνομα

369 1405 610 1470 καινὸν,
654 1404 687 1460 ὃ
722 1405 1204 1477 εὐλογηθήσεται
1247 1405 1347 1460 ἐπὶ
1391 1405 1504 1476 τῆς
1543 1405 1687 1476 γῆς’
1720 1404 1978 1478 80.20M-

370 1513 560 1552 σουσι
592 1498 704 1567 γὰρ
736 1498 845 1552 τὸν
871 1497 1021 1554 Θεὸν
1033 1499 1140 1554 τὸν
1160 1498 1472 1569 ἀληθινόν.
1496 1499 1605 1555 Καὶ
1637 1502 1693 1553 οὶ
1720 1497 1981 1567 ὀμνύον-

370 1606 475 1655 τες
519 1590 620 1644 ὲπὶ
671 1589 783 1661 τῆς
833 1589 967 1661 τῆς,
1021 1591 1310 1661 όμοῦνται
1349 1592 1461 1646 τὸν
1507 1591 1659 1646 Θεὸν
1691 1590 1802 1645 τὸν
1828 1590 1982 1659 ἀλη-

372 1683 580 1738 θινόν*
628 1682 1031 1749 ἐπιλήσονται
1072 1683 1183 1755 γὰρ
1229 1683 1347 1754 τὴν
1378 1685 1594 1754 θλίψιν
1624 1681 1826 1740 αὐτῶν
1861 1682 1978 1753 τὴν

371 1775 642 1845 πρώτην,
672 1777 770 1831 καὶ
795 1778 909 1832 οὐκ
939 1777 1313 1845 ἀναϐήσεται
1336 1776 1540 1833 αὐτῶν
1562 1778 1663 1833 ἐπὶ
1701 1777 1820 1846 τὴν
1840 1792 1981 1845 καρ-

370 1866 536 1923 δίαν.
589 1869 806 1923 Ἔσται
852 1869 963 1940 γὰρ
997 1872 1031 1924 ό
1078 1870 1340 1941 οὐρανὸς
1377 1869 1606 1937 καινὸς,
1662 1870 1764 1924 καί
1807 1871 1846 1939 ἠ
1902 1866 1981 1939 γῆ
2014 1903 2057 1958 Β

372 1958 579 2027 καινὴ,
618 1959 719 2015 καὶ
752 1962 826 2015 οὐ
869 1960 958 2031 μὴ
980 1959 1309 2031 μνησθῶσι
1336 1960 1459 2017 τῶν
1494 1961 1819 2031 προτέρων,
1854 1960 1983 2015 οὐδ’

372 2054 450 2106 οὐ
473 2050 562 2121 μὴ
595 2051 822 2123 ἐπέλθῃ
854 2051 1056 2108 αὐτῶν
1084 2054 1185 2108 ἐπὶ
1228 2053 1348 2123 τὴν
1393 2054 1670 2124 καρδίαν,
1710 2054 1850 2109 ἀλλ’
1882 2056 1985 2108 εὐ-

372 2146 701 2214 φροσύνην
727 2145 826 2200 καὶ
857 2145 1204 2216 ἀγαλλίαμα
1225 2145 1611 2215 εὑρήσουσιν
1639 2147 1710 2200 ἐν
1732 2144 1909 2214 αὐτῇ.

449 2235 639 2289 Πάντα
670 2236 894 2305 γέγονεν
924 2238 982 2289 ὲν
1015 2234 1240 2307 Χριστῷ
1269 2235 1454 2300 καινὰ,
1484 2235 1580 2289 καὶ⁵
1604 2233 1854 2306 λατρεία,
1885 2233 1984 2287 καὶ

375 2325 516 2397 ζωὴ,
563 2325 661 2378 καὶ
694 2325 1026 2397 νομοθεσία⁶
1069 2327 1129 2379 οὐ
1166 2328 1276 2397 γὰρ
1306 2327 1492 2390 σκιαῖς
1540 2324 1621 2379 ἔτι
1655 2325 1753 2379 καὶ⁵
1786 2323 1982 2388 τύποις

373 2421 662 2487 ἀνονήτοις
691 2417 1070 2491 προσκείμεθα
1089 2435 1104 2451 ο
1134 2417 1400 2489 τελοῦμεν
1429 2417 1487 2471 δὲ
1530 2418 1732 2487 μᾶλλον
1769 2415 1849 2487 τῷ
1886 2416 1982 2470 ἐπὶ

376 2510 602 2564 πάντων
638 2509 760 2582 Θεῷ
810 2510 913 2582 τὴν
938 2512 996 2563 ὲν
1037 2510 1311 2582 πνεύματί
1332 2527 1393 2564 τε
1425 2510 1518 2563 καὶ
1556 2508 1788 2582 ἀληθείᾳ
1812 2525 1982 2581 προσ-

374 2604 609 2674 κύνησιν
664 2603 762 2657 καὶ
787 2602 1068 2675 λατρείαν.
1102 2602 1536 2676 Χρηματίζομεν
1565 2602 1623 2656 δὲ
1651 2602 1712 2656 οὐ
1743 2600 1887 2656 κατά
1915 2618 1979 2671 γε

372 2698 503 2760 τοὺς
535 2696 597 2762 ἐξ
623 2695 856 2767 αἵματος
887 2695 1125 2768 Ἰσραὴλ,
1161 2695 1238 2760 ὡς
1271 2697 1336 2749 ἐκ
1358 2694 1469 2749 τῶν
1492 2693 1832 2767 γενεαρχῶν,
1859 2695 1980 2766 ἦτοι

375 2790 658 2860 πατέρων,
697 2787 961 2860 Ἐφραῒμ,
991 2788 1025 2860 ἢ
1062 2786 1414 2860 Μανασσῆ,ῆ
1454 2789 1550 2842 καὶ
1576 2787 1653 2852 ὡς
1685 2786 1745 2853 ἐξ
1784 2785 1980 2855 ἐτέρας

378 2883 593 2954 φυλῆς,
628 2881 747 2938 ἀλλ’
786 2882 908 2936 οὐδὲ
945 2880 1046 2953 τὴν
1088 2879 1199 2935 τῶν
1236 2881 1620 2954 Γραμματέων
1671 2880 1769 2934 καὶ
1812 2879 1982 2951 Φαρι-

378 2975 550 3028 σαίων
571 2972 849 3046 ἐρχόμεθα
878 2972 1088 3045 τρίϐον,
1124 2973 1224 3045 τὴν
1254 2973 1349 3027 τοῦ
1379 2973 1712 3045 γράμματος
1751 2970 1981 3026 παλαιό-

374 3085 520 3139 τητα
548 3067 644 3121 τοῦ
683 3067 886 3131 παντὸς
918 3065 1198 3132 ἀξιοῦντες
1235 3066 1417 3137 λόγου,
1452 3066 1566 3121 ἀλλ’
1606 3067 1666 3119 ὲν
1696 3066 1978 3137 καινότητι

375 3160 529 3233 ζωῆς
567 3159 937 3232 εῠαΠελικῆς
987 3159 1291 3231 προσίεμεν
1315 3156 1393 3229 τῷ
1437 3156 1689 3231 Χριστῷ,
1738 3157 1834 3212 καὶ
1877 3157 1978 3229 τὴν

2163 1295 2328 1353 Vens.
2350 1297 2535 1353 16-18.
2559 1298 2624 1352 At
2651 1299 2742 1369 qui
2766 1300 2997 1355 serviunt
3021 1302 3090 1368 ei,
3115 1302 3448 1358 vocabuntur
3474 1309 3687 1367 nomine

2088 1406 2246 1457 novo,
2280 1391 2368 1444 cui
2396 1391 2734 1446 benedicatur
2759 1408 2918 1463 super
2943 1402 3175 1451 terram:
3206 1396 3507 1452 benedicent
3545 1401 3685 1455 enim

2088 1484 2260 1539 Deum
2302 1500 2501 1539 verum.
2533 1482 2605 1538 Et
2645 1486 2737 1555 qui
2769 1486 2964 1555 jurani
3010 1489 3066 1542 in
3108 1496 3274 1555 terra,
3293 1490 3554 1559 juraimut
3595 1511 3688 1565 per

2088 1576 2259 1631 Deum
2292 1592 2470 1630 verum
2497 1591 2517 1632 .'
2548 1576 2924 1633 obliviscantur
2948 1580 3091 1634 enim
3122 1581 3439 1651 afﬂictionis
3471 1588 3686 1654 prioris,

2085 1684 2251 1741 neque
2271 1670 2436 1724 veniet
2460 1669 2516 1723 in
2543 1685 2637 1724 cor
2662 1686 2868 1727 eorum.
2899 1669 3019 1726 Erit
3046 1674 3187 1729 enim
3217 1676 3403 1731 caelum
3422 1677 3614 1735 novum
3636 1693 3685 1735 et

2087 1768 2232 1815 terra
2259 1778 2417 1827 nova,
2454 1774 2503 1816 et
2535 1778 2640 1817 non
2669 1764 3096 1821 recordabuntur
3122 1768 3389 1837 priorum,
3412 1788 3577 1842 neque
3602 1790 3687 1829 ve-

2085 1855 2226 1908 nient
2255 1853 2363 1908 illis
2406 1854 2463 1907 in
2508 1865 2756 1923 mentem,
2787 1857 2880 1912 sed
2909 1858 3157 1916 lwtitiam
3188 1871 3236 1918 et
3274 1863 3685 1924 exsultationem

2085 1941 2347 1998 invenient
2375 1944 2430 1999 in
2460 1960 2543 1999 ea.

2156 2231 2350 2291 Omnia
2384 2235 2531 2293 facta
2560 2249 2688 2294 sunt
2713 2238 2768 2295 in
2790 2239 3017 2299 Christo
3045 2258 3207 2312 nova,
3238 2246 3588 2314 cultus,vita,
3611 2250 3688 2308 le-

2081 2325 2323 2394 gislatio.
2359 2326 2479 2383 Non
2526 2331 2675 2385 enim
2715 2334 2829 2403 jam
2872 2335 3083 2392 umbris
3114 2348 3170 2393 et
3216 2340 3358 2410 typis
3406 2340 3686 2399 inutilibus

2083 2419 2544 2487 adhaerescimus,
2581 2423 2678 2478 sed
2723 2424 2859 2493 Deo,
2906 2428 2999 2497 qui
3042 2444 3206 2499 supra
3239 2447 3432 2490 omnes
3483 2446 3587 2500 est,
3633 2439 3685 2492 in

2082 2510 2276 2578 spiritu
2325 2520 2383 2567 et
2425 2514 2655 2570 veritate
2690 2516 2896 2591 cultum
2939 2533 3264 2591 praestamus
3296 2535 3352 2580 et
3381 2530 3688 2585 veneratio-

2083 2614 2229 2656 nem.
2282 2600 2471 2673 Neque
2527 2606 2869 2676 appellamur
2907 2608 3076 2684 900
3108 2624 3167 2669 ut
3213 2613 3517 2675 Israelitico
3559 2635 3685 2675 san-

2081 2693 2246 2762 guine
2270 2695 2512 2763 oriundi,
2550 2698 2636 2754 vel
2670 2709 2727 2755 ut
2765 2718 2833 2756 ex
2862 2706 3042 2772 gentis
3067 2707 3435 2780 principibus,
3465 2722 3558 2768 aut
3588 2729 3685 2784 pa-

2084 2786 2289 2855 tribus,
2333 2788 2636 2861 Ephraim,
2682 2794 2766 2850 vel
2797 2794 3077 2868 Manasse,
3132 2803 3218 2859 vel
3265 2819 3332 2873 ex
3377 2805 3482 2861 alia
3524 2810 3680 2878 quas?

2083 2877 2251 2944 tribu,
2301 2881 2397 2936 sed
2415 2897 2594 2953 neque
2631 2884 2949 2945 Scribarum
3000 2899 3056 2947 et
3087 2891 3489 2952 Pharisaeorum
3536 2877 3682 2956 viam

2080 2969 2438 3042 ingredimur,
2463 2974 2660 3033 litterae
2687 2985 3015 3036 vetustatem
3056 2998 3272 3042 summo
3318 2988 3584 3046 habentes
3626 2993 3682 3048 in

2084 3066 2285 3135 pretio,
2312 3069 2410 3125 sed
2436 3068 2490 3125 in
2519 3071 2762 3127 novitate
2790 3074 2914 3129 vitae
2944 3074 3272 3147 evangelica:
3304 3082 3371 3136 ad
3399 3082 3681 3139 Christum

2083 3161 2416 3223 accedimus,
2459 3172 2513 3218 et
2547 3180 2743 3220 nomen
2768 3165 2888 3236 ejus
2918 3167 3065 3225 velut
3090 3184 3293 3227 corona
3334 3175 3581 3247 insigniti
3622 3188 3682 3232 et

373 3256 472 3311 ἀπ’
496 3254 663 3309 αὑτοῦ
694 3254 911 3326 κλῆσιν,
941 3252 1133 3327 ὥσπερ
1156 3255 1281 3309 τινα
1313 3256 1579 3319 στέφανον
1600 3253 1978 3325 ἀναδούμενοι,

2086 3251 2348 3319 reditniti,
2376 3253 2681 3311 Christiani
2717 3273 3126 3329 nuncupamur.
3161 3262 3275 3320 Hoc
3317 3276 3402 3322 est
3428 3269 3559 3325 illud
3589 3287 3686 3328 ce-

376 3348 796 3423 χρηματίζομεν
829 3347 1177 3419 Χριστιανοί.
1210 3345 1385 3400 Τοῦτο
1438 3346 1504 3418 δὴ
1541 3347 1603 3400 τὸ
1650 3345 1940 3418 διαϐόητον
1961 3389 1974 3413 ,

374 3445 473 3499 καὶ
498 3440 869 3514 εὐλογημένον
901 3440 1077 3511 ὄνομα
1105 3438 1252 3495 κατὰ
1282 3438 1463 3493 πᾶσάν
1490 3440 1608 3491 ἐστι
1637 3437 1737 3509 τὴν
1759 3438 1851 3490 ὑπ’
1883 3437 1978 3490 οὐ·

377 3537 560 3608 ρανόν.
595 3535 817 3607 Ἐπειδὴ
847 3534 905 3588 δὲ
935 3532 1328 3606 ηὐλογήθημεν
1375 3532 1530 3605 παρὰ
1570 3533 1832 3604 Χριστοῦ,
1882 3534 1979 3588 καὶ

369 3633 536 3702 ἡμεῖς
570 3629 732 3683 αὑτὸν
764 3631 887 3693 ταῖς
930 3627 1206 3698 εὐλογίαις
1241 3628 1335 3682 καὶ
1372 3626 1777 3698 ἀκαταλήκτοις
1829 3625 1979 3692 δοξο-

369 3723 586 3791 λογίαις
622 3721 1050 3793 κατευφραίνειν
1080 3719 1477 3792 σπουδάζομεν.
1499 3718 1676 3774 Πάλαι
1711 3718 1809 3790 μὲν
1836 3718 1970 3790 γὰρ,

369 3817 493 3888 ἦτοι
516 3815 625 3886 πρὸ
648 3814 749 3887 τῆς
793 3817 875 3878 είς
917 3814 1080 3869 αὑτὸν
1122 3815 1383 3880 πίστεως,
1416 3815 1528 3879 τοῖς
1556 3814 1657 3868 οὐκ
1685 3809 1805 3868 οὖσι
1833 3813 1979 3877 Θεοῖς

369 3906 755 3977 ἐξυφαίνοντες
793 3906 897 3971 τὰς
918 3906 1085 3979 ᾠδὰς,
1117 3906 1438 3980 ὲγελώμεθα
1467 3906 1715 3970 δικαίως.
1759 3904 1978 3978 Ἐπειδὴ

367 4001 428 4055 δὲ
467 4004 561 4055 τὸν
601 4000 763 4069 φύσει
793 4000 926 4053 Θεὸν
964 3998 1313 4071 ἐγνώκαμεν,
1351 3999 1632 4071 ὑμνοῦμεν
1672 3998 1859 4062 αὐτὸν,
1885 3999 1981 4051 καὶ

370 4093 589 4164 καρπὸν
646 4091 875 4164 χειλέων
907 4091 1005 4143 καὶ
1047 4090 1299 4161 γλώττης
1328 4089 1479 4160 αὐτῷ
1505 4087 1976 4161 προσκομίζομεν,

367 4185 470 4251 τὰς
495 4184 809 4254 δοξολογίας
836 4182 1003 4237 αὑτοῦ
1039 4183 1403 4255 μεμνημένοι,
1426 4182 1530 4236 κᾶν
1550 4183 1600 4235 εί
1623 4179 1834 4250 γένοιτό
1858 4196 1979 4244 πως

368 4277 588 4350 ἀνάγκη
622 4275 718 4330 καὶ
762 4273 926 4347 χρεία
952 4273 1056 4345 τῆς
1096 4272 1185 4327 διὰ
1216 4273 1327 4326 τῶν
1356 4274 1538 4345 ὅρκων
1577 4271 1975 4344 πληροφορίας,

367 4368 456 4437 ἐφ’
486 4369 595 4439 ὅτῳ
626 4362 720 4421 οὖν
761 4366 872 4421 τῶν
913 4365 1258 4439 πραγμάτων
1286 4365 1549 4436 ὀμοῦνται
1582 4363 1672 4417 τὸν
1703 4362 1839 4417 Θεὸν
1883 4362 1978 4416 τὸν

370 4459 650 4531 ἀληθινόν.
684 4458 848 4522 Ἔθος
881 4459 980 4530 μὲν
1012 4458 1122 4530 γὰρ
1150 4461 1265 4523 τοῖς
1291 4459 1402 4512 τῶν
1433 4456 1668 4511 εἰδώλων
1700 4455 1975 4529 θεραπευ-

369 4555 516 4619 ταῖς,
545 4552 730 4623 ὅρκιον
759 4549 873 4604 ἐσθ’
909 4552 1000 4605 ὅτε
1042 4551 1315 4606 ποιεῖσθαι
1361 4549 1454 4603 τὸν
1499 4547 1830 4621 οὐρανὸνηῆ
1881 4547 1977 4602 καὶ¹

2083 3342 2509 3400 lebratissimum
2552 3356 2611 3403 et
2638 3361 2738 3420 per
2766 3366 2986 3408 omnem
3011 3366 3211 3411 terram
3250 3361 3350 3413 sub
3377 3363 3500 3417 ειεΙί
3523 3379 3681 3419 com-

2083 3434 2245 3504 plexu
2286 3436 2654 3494 benedictum.
2696 3440 2763 3495 Et
2800 3445 2928 3513 quia
2961 3460 3064 3501 nos
3108 3447 3380 3506 benedicti
3419 3469 3609 3511 sumus
3647 3473 3680 3511 a

2081 3529 2327 3597 Christo,
2369 3534 2653 3588 studemus
2693 3536 2858 3589 etiam
2886 3552 2987 3592 nos
3014 3538 3165 3594 illum
3206 3544 3682 3605 benedictionibus
3784 3562 3787 3566 '

2080 3629 2137 3676 et
2159 3623 2433 3691 perpetuis
2473 3623 2720 3683 laudibus
2753 3627 3052 3687 oblectare.
3092 3632 3233 3690 Olim
3266 3639 3435 3707 enim,
3467 3651 3521 3695 et
3552 3657 3682 3698 ante

2083 3710 2246 3767 [idem
2284 3713 2337 3768 in
2371 3714 2570 3785 ipsum,
2603 3719 2739 3775 odas
2763 3731 3124 3782 contexentes
3165 3743 3272 3783 non
3297 3731 3423 3800 diis,
3448 3733 3574 3803 jure
3610 3740 3684 3790 ri-

2083 3805 2370 3866 debantur.
2399 3807 2693 3881 Postquam
2743 3826 2926 3871 autem
2971 3829 3169 3876 natura
3196 3821 3371 3879 Deum
3404 3825 3678 3894 novimus,

2084 3898 2236 3955 illum
2272 3903 2647 3973 celebramus,
2691 3916 2747 3963 et
2782 3909 3024 3966 fructum
3067 3913 3338 3970 labiorum
3377 3912 3683 3991 aclingua:

2084 3994 2184 4058 ipsi
2226 3995 2528 4057 oderimus,
2564 3996 2754 4053 laudes
2796 3999 2914 4067 ejus
2956 4018 3492 4066 commemorantes:
3523 4013 3681 4082 sique

2081 4100 2221 4153 Opus
2248 4100 2446 4141 ususve
2477 4086 2646 4144 fuerit
2671 4088 3035 4162 jurisjurandi
3066 4098 3508 4167 conﬁrmatione,
3537 4103 3590 4158 in
3621 4120 3679 4159 re

2081 4176 2359 4245 quapiam,
2400 4176 2598 4247 jurant
2642 4197 2740 4250 per
2794 4181 2963 4238 Deum
3025 4201 3238 4243 verum.
3273 4188 3370 4246 Est
3419 4194 3565 4248 etaim
3623 4198 3676 4249 in

2083 4282 2234 4323 more
2277 4268 2545 4326 idolorum
2586 4272 2895 4330 cultoribus
2930 4276 3305 4347 juramentum
3349 4296 3446 4351 per
3475 4283 3674 4340 C(Blum

2080 4364 2165 4416 vel
2194 4377 2290 4433 per
2321 4363 2486 4420 aliud.
2508 4367 2803 4436 quodpiam
2840 4370 2894 4424 in
2924 4386 2989 4426 eo
3019 4370 3410 4429 elementorum
3464 4393 3678 4434 nuncu-

2079 4467 2232 4523 pare.
2261 4455 2330 4510 Δι
2370 4457 2463 4526 qui
2501 4461 2663 4513 Iidem
2703 4472 3050 4532 receperunt,
3079 4465 3243 4521 etiam
3269 4468 3587 4539 juveniiiter
3615 4492 3679 4528 ae

2080 4556 2303 4605 strenue
2347 4565 2377 4604 a
2426 4550 2542 4607 suis
2588 4553 2806 4611 delictis
2849 4559 3141 4615 recedunt:
3178 4577 3276 4631 per
3320 4564 3494 4620 solum
3526 4560 3676 4623 enim

370 4646 561 4718 ἕτερόν
588 4664 644 4700 τι
685 4645 799 4700 τῶν
829 4648 889 4699 ὲν
920 4646 1072 4717 αὐτῷ
1116 4642 1419 4716 στοιχείων.
1452 4643 1519 4697 Οἱ
1553 4642 1613 4695 δὲ
1648 4642 1749 4714 τὴν
1789 4641 1974 4695 πίστιν

2082 4638 2455 4696 universitatis
2503 4641 2675 4698 Deum
2722 4643 2933 4713 juranl,
2968 4649 3206 4707 scientes
3256 4652 3432 4723 ipsum
3474 4665 3670 4711 natura

373 4739 835 4813 παραδεξάμενοι,
868 4738 965 4794 καὶ
993 4737 1103 4792 τῶν
1149 4740 1230 4802 εἰς
1265 4737 1427 4792 τοῦτο
1476 4734 1976 4808 πλημμελημάτων

373 4834 715 4904 ἀποφοιτῶσι
764 4833 1033 4897 νεανικῶς
1061 4849 1074 4862 ·
1117 4832 1304 4905 ὅρκιον
1349 4831 1461 4905 γὰρ
1495 4828 1779 4884 ποιοῦνται
1815 4829 1976 4900 μόνον

370 4929 463 4984 τὸν
488 4926 599 4981 τῶν
630 4927 769 4982 ὅλων
803 4926 961 4992 Θεὸν,
993 4925 1156 4980 αὑτὸν
1197 4924 1401 4990 εἰδότες
1440 4922 1601 4994 φύσει
1633 4939 1693 4977 τε
1725 4922 1819 4977 καὶ
1845 4922 1979 4994 ἀλη-

370 5019 482 5084 θῶς
504 5019 805 5089 Δεσπότην,
829 5020 924 5072 καὶ
953 5018 1141 5091 ἕτερον
1162 5017 1252 5071 ἐπ’
1281 5015 1429 5085 αὐτῷ
1456 5012 1740 5077 παντελῶς
1758 5012 1971 5066 οὐδένα.

371 5113 545 5168 Τοῦτο
568 5111 666 5166 καὶ
692 5112 721 5164 ὁ
747 5110 840 5164 διὰ
860 5113 1106 5176 Μωσέως
1136 5110 1472 5182 προστέταχε
1501 5108 1667 5179 νόμος
1685 5124 1701 5140 ο
1736 5105 1974 5177 «Κύριον

369 5203 503 5276 γὰρ,
542 5204 699 5275 φησὶ,
734 5202 827 5256 τὸν
882 5203 1017 5257 Θεόν
1080 5221 1175 5257 σου
1210 5202 1641 5277 προσκυνήσεις,
1686 5199 1782 5253 καὶ
1821 5197 1972 5270 αὑτῷ

374 5300 523 5372 μόνῳ
552 5299 896 5373 λατρεύσεις,
931 5298 1025 5352 καὶ
1060 5298 1138 5370 τῷ
1157 5300 1384 5371 ὀνόματι
1424 5295 1591 5351 αὐτοῦ
1623 5296 1761 5367 ὀμῇο
1795 5311 1814 5346 ι
1851 5287 1972 5346 εἶτά

372 5410 561 5466 φησιν,
586 5395 668 5448 ὅτι
701 5411 720 5444 ι
754 5393 1138 5463 Ἐπιλήσονται
1168 5392 1267 5462 τὴν
1292 5391 1472 5461 θλίψιν
1493 5388 1675 5443 αὐτῶν
1699 5387 1796 5460 τὴν
1820 5384 1972 5458 πρώ-

369 5505 491 5559 την,
523 5488 618 5541 καὶ
658 5487 760 5540 οὐκ
805 5485 1141 5557 ἀναϐήσεται
1175 5484 1356 5538 αὐτῶν
1387 5483 1481 5537 ἐπὶ
1514 5482 1615 5554 τὴν
1662 5479 1911 5553 καρδίαν
1949 5497 1966 5530 ι

371 5581 468 5635 καὶ
496 5579 675 5651 θλίψιν
708 5578 885 5634 ἔοικεν
920 5580 978 5632 ὲν
1020 5577 1233 5640 τούτοις
1270 5574 1585 5647 ὀνομάζειν,
1628 5573 1698 5645 ἣν
1734 5573 1973 5642 ὑπέστη-

371 5688 472 5726 σαν
501 5672 826 5744 μοχθηρίαν,
851 5673 939 5725 ὅτε
962 5670 1093 5724 Θεὸν
1117 5669 1219 5723 οὐκ
1241 5667 1444 5731 εἰδότες
1469 5666 1564 5720 τὸν
1598 5663 1874 5735 ἀληθινὸν,
1903 5665 1969 5734 τῇ

370 5764 479 5820 τῶν
512 5764 807 5836 δαιμονίων
842 5766 1129 5837 σκαιότητι
1168 5760 1578 5817 δεδουλεύκασι.
1617 5757 1970 5831 Προσέταττε

445 5939 487 5967 ⁸³
533 5944 672 6002 Osee
719 5960 777 6007 It,
805 5946 896 6000 24.
978 5945 1022 5977 ⁶³
1062 5947 1213 6000 Deut.
1245 5960 1316 6003 Vt.
1352 5946 1438 5999 15.

708 6045 984 6107 Pn'le.
1024 6046 1139 6106 Gn.
1180 6044 1370 6106 LXX.

1520 5942 1564 5974 °"
1597 5940 1735 5996 Psal.
1789 5954 1877 6004 cv,
1921 5935 2010 5991 37.

2079 4741 2134 4784 et
2157 4746 2284 4787 vere
2316 4731 2606 4789 Dominum
2654 4749 2801 4803 esse,
2830 4749 2883 4793 et
2925 4752 3127 4809 praeter
3175 4742 3351 4813 ipsum
3401 4748 3675 4803 neminem

2080 4823 2268 4879 alium.
2301 4822 2418 4881 Hoc
2448 4827 2613 4882 etiam
2648 4825 2885 4885 Mosaica
2914 4833 3171 4903 praecepit
3198 4835 3305 4891 lex.
3343 4855 3363 4889 ι
3390 4828 3675 4894 Dominum

2081 4915 2252 4983 enim,
2297 4917 2497 4987 inquit,
2554 4919 2726 4976 Deum
2777 4933 2928 4978 tuum
2988 4926 3264 4993 adorabis,
3332 4938 3389 4982 et
3425 4945 3551 4984 eum
3585 4946 3678 4985 su-

2086 5005 2196 5060 lum
2222 5010 2388 5075 coles,
2407 5011 2535 5066 etin
2566 5014 2785 5068 nomine
2825 5014 3237 5087 ejusjurabis“.
3264 5038 3283 5072 ι
3307 5020 3402 5076 Ait
3425 5023 3621 5079 deinde
3661 5042 3674 5076 :

2090 5119 2107 5152 ι
2132 5101 2533 5159 Obliviscentur
2565 5102 2875 5164 alﬂictionis
2912 5109 3137 5179 prioris,
3161 5119 3218 5167 et
3252 5128 3362 5168 non
3393 5116 3574 5171 veniet
3609 5117 3678 5170 il-

2080 5192 2149 5249 lis
2183 5194 2235 5249 in
2268 5195 2532 5250 animum.
2566 5214 2586 5248 ι
2626 5196 2989 5269 Alllictionem
3016 5202 3341 5260 videturille
3370 5208 3675 5273 nominare,

2079 5299 2216 5354 quas
2237 5286 2382 5355 passi
2398 5296 2529 5340 sunt
2555 5302 2851 5355 mrumnas,
2883 5306 3005 5345 cum
3037 5290 3207 5345 Deum
3238 5296 3564 5350 nescientes
3585 5311 3679 5349 ve-

2081 5391 2224 5442 rum,
2242 5356 2633 5432 daemonior'inn
2667 5380 3012 5448 perversitati
3041 5386 3368 5438 servierunt.
3395 5382 3675 5439 Jubeban-

2084 5477 2173 5523 tur
2199 5471 2400 5526 etenim
2433 5472 2750 5529 sacriﬁcare
2776 5474 2903 5544 illis,
2923 5492 3029 5534 non
3063 5477 3221 5532 modo
3250 5492 3380 5532 oves
3407 5489 3463 5533 et
3484 5481 3674 5544 boves,

2082 5562 2175 5616 sed
2210 5563 2376 5618 etiam
2425 5562 2573 5619 fetus
2600 5568 2740 5621 uteri
2771 5568 2877 5633 sui,
2907 5568 3364 5638 quemadmodum
3408 5570 3674 5639 scriptum

2081 5666 2201 5711 est:
2240 5648 2673 5713 «Sacriﬁcarunl
2710 5659 2877 5731 igitur
2904 5660 3125 5729 quidam
3152 5660 3290 5714 illius
3318 5669 3374 5714 ct
3405 5660 3545 5716 tilias
3568 5660 3670 5716 °".i

2086 5749 2388 5806 Tribulatio
2431 5750 2540 5807 alio
2575 5752 2733 5808 modo
2770 5749 3047 5823 fuit,quod
3074 5753 3504 5809 innumerabiles
3535 5752 3676 5809 Deus

3271 6028 3365 6095 45.
