4140 6470
525 425 666 482 μιν

1554 419 1614 473 S.
1654 415 1933 471 CYillLLl
1974 408 2445 468 ALEXANDle
2484 408 2808 466 ARCHIEP.

3658 409 3801 464 “£0

527 538 708 597 colere
731 547 785 593 et
814 536 1038 592 adorare
1064 540 1384 602 cogerentur
1412 533 1625 602 ignotos
1648 532 1787 587 illos.
1819 530 2104 586 Probabile

2221 525 2322 598 :rp.
2356 523 2808 597 προσετάττοντο]
2843 524 2952 596 γὰρ
2991 522 3284 578 καταθύειν
3319 522 3529 590 αὐτοῖς,
3549 524 3673 597 οὐχὶ
3705 527 3803 598 δή·

529 642 709 688 autem
735 637 820 686 est
842 627 1164 699 quibusdam
1190 625 1416 681 insidias
1435 635 1677 680 structas
1704 639 1844 689 esse,
1862 634 2010 678 certe
2035 623 2107 676 ita

527 723 734 781 sentire
760 736 865 777 non
891 730 977 776 est
1004 719 1395 790 improbabile:
1426 719 1553 788 quia
1576 732 1699 771 cum
1728 716 1833 772 illis
1861 715 2109 770 fortiores

527 811 1060 871 essentexsecrandi
1117 819 1171 865 et
1246 809 1581 881 sanguinarii
1612 809 1902 877 daemones,
1944 810 2107 863 etiam

527 906 835 977 opprimere
875 911 1195 973 potuerunt,
1224 917 1351 957 cum
1404 917 1434 957 a
1472 901 1583 958 Deo
1618 917 1722 957 non
1760 912 2110 971 protegeren-

529 1010 636 1053 tnr.
686 996 919 1067 «Hujus,
951 995 1146 1065 inquit,
1191 994 1499 1050 aﬂlictionis
1548 1009 1660 1049 suae
1698 993 2105 1049 obliviscentur.
2155 1018 2161 1035 ι

528 1091 648 1146 Erit
675 1090 819 1144 enim
862 1087 1057 1142 ccelum
1089 1101 1286 1141 novum
1331 1094 1388 1143 et
1436 1094 1583 1141 terra
1614 1102 1774 1142 nova.
1801 1105 1821 1138 ι
1863 1084 1989 1152 Qui,
2016 1094 2112 1140 aut

528 1181 799 1252 quomodo
819 1178 1018 1250 1'90],
1044 1177 1310 1232 Putabant
1323 1177 1467 1232 enim
1485 1177 1612 1233 olim
1630 1179 1759 1235 deos
1775 1193 1895 1233 esse
1912 1187 2109 1232 terram

526 1282 581 1328 et
604 1274 837 1329 coelum:
877 1280 933 1326 at
974 1272 1093 1325 luce
1140 1269 1323 1325 divina
1356 1271 1410 1324 in
1447 1270 1687 1324 animum
1725 1269 1985 1336 admissa,
2012 1283 2112 1339 per

525 1366 772 1420 omnium
793 1372 1042 1417 nostrum
1069 1361 1419 1417 Servatorem
1446 1362 1744 1426 Christum,
1770 1377 1937 1417 novas
1954 1363 2109 1431 quasi

528 1455 831 1510 sententias
861 1468 927 1508 ac
957 1454 1208 1508 notiones
1247 1453 1298 1506 in
1332 1467 1391 1505 se
1416 1452 1708 1507 habebunt.
1742 1450 1928 1506 Sclent
1962 1467 2112 1506 nam-

530 1561 636 1615 que
664 1561 767 1600 non
803 1559 927 1598 esse
958 1544 1109 1611 deos,
1149 1544 1242 1597 sed
1272 1544 1511 1598 omnium
1546 1543 1773 1599 artiﬁcis
1794 1553 1849 1598 et
1881 1543 2112 1598 fabrica-

532 1636 666 1691 toris
718 1636 992 1706 ﬁgmenta.
1026 1634 1157 1690 «Sic
1201 1645 1417 1699 autem,
1459 1636 1666 1704 inquit,
1748 1635 1928 1690 animo
1975 1633 2109 1692 alie-

530 1729 625 1793 eti,
676 1742 781 1782 non
836 1727 973 1781 ultra
1034 1728 1463 1782 recordabuntur
1498 1729 1761 1797 priorum.
1788 1747 1807 1780 ι
1838 1727 2111 1798 Abjicient

530 1819 675 1873 enim
705 1819 865 1874 simul
910 1835 1033 1874 cum
1073 1820 1379 1890 grmcismo,
1419 1820 1582 1873 etiam
1630 1835 1765 1888 quas
1806 1821 2111 1877 habuerunt

2212 636 2315 672 που
2351 620 2511 690 μόνον
2548 617 2799 688 πρόϐατά
2855 633 2916 669 τε
2954 618 3050 671 καὶ
3095 616 3244 687 βοῦς,
3276 615 3413 670 ἀλλά
3440 616 3550 689 γὰρ
3594 617 3690 671 καὶ
3733 620 3806 672 τὰ

2211 711 2409 779 ἔκγονα
2438 709 2535 780 τῆς
2565 708 2771 771 κοιλίας
2794 707 2997 771 αὑτῶν,
3028 707 3177 761 καθά
3202 708 3550 779 γέγραπται*
3578 727 3599 761 ι
3631 706 3805 763 Τεθύο

2211 817 2340 854 κασι
2375 798 2507 868 γοῦν
2541 816 2682 866 τινες
2706 798 2857 862 υίούς
2891 815 2951 851 τε
2988 797 3083 851 καὶ
3113 797 3445 869 θυγατέρας.
3469 817 3486 849 ι
3513 798 3804 871 Μοχθηρία

2210 890 2267 944 δὲ
2316 891 2414 944 καὶ
2458 890 2662 962 ἐτέρως
2688 886 2780 959 ἦν,
2821 891 2885 944 τὸ
2926 890 3321 962 ἀναριθμήτοις
3351 889 3495 943 οὕτω
3521 890 3804 964 λατρεύειν

2212 982 2374 1049 θεοῖς,
2411 983 2503 1035 καὶ
2533 981 2858 1052 θεραπεύειν
2885 982 3208 1052 ἐπείγεσθαι
3236 983 3363 1046 τοὺς
3409 982 3489 1053 μὴ
3525 984 3805 1054 ἐγνωσμέο

2212 1092 2335 1139 νους
2357 1092 2368 1104 ’
2400 1075 2547 1140 εἰκὸς
2577 1074 2635 1128 δέ
2663 1074 2844 1139 τοῦτο,
2869 1073 2967 1127 καὶ¹
2998 1073 3449 1128 ἐπιϐουλεύεσθαί
3475 1092 3628 1140 τινας
3652 1074 3804 1148 παρὰ

2210 1166 2319 1221 τῶν
2353 1167 2752 1238 ἠμελημένωνο
2792 1166 2853 1219 τὸ
2874 1165 3102 1230 ἀπεικὸς
3132 1167 3241 1237 γὰρ
3275 1166 3427 1219 οὐδὲν
3456 1168 3680 1232 ἐννοεῖν,
3714 1168 3798 1221 ὅτι

2212 1258 2543 1333 κρατοῦντες
2591 1256 2773 1312 αὐτῶν
2803 1259 2853 1311 oi
2890 1257 3146 1333 ,βδελυροὶ
3181 1259 3277 1311 καλ⁵
3312 1257 3587 1330 μιαιφόλιοι
3614 1259 3806 1330 δαίμο-

2212 1368 2320 1413 νες,
2364 1350 2459 1404 καὶ
2501 1351 2707 1404 ἀδικεῖν
2742 1350 3021 1415 ἐδύναντο,
3060 1350 3271 1422 σκέπην
3310 1352 3410 1404 οὐκ
3440 1350 3660 1422 ἔχοντας
3701 1355 3807 1422 τὴν

2213 1440 2364 1513 παρά
2389 1438 2545 1495 Θεοῦ.
2586 1460 2604 1493 ι
2630 1440 2868 1513 Ταύτην,
2905 1441 3073 1513 φησι,
3105 1441 3206 1512 τὴν
3236 1442 3442 1495 ἐαυτῶν
3478 1441 3656 1511 θλίψιν
3682 1443 3805 1495 ἐπι-

2210 1533 2485 1604 λήσονται.
2543 1534 2736 1587 Ἔσται
2784 1533 2895 1605 γὰρ
2938 1536 2967 1588 ὁ
2995 1534 3227 1606 οὐρανὸς
3277 1534 3485 1599 καινὸς,
3527 1537 3621 1587 καὶ
3667 1536 3702 1605 ή
3734 1535 3809 1604 γῆ

2213 1628 2395 1698 καινή.
2422 1645 2440 1678 ι
2476 1626 2623 1690 Πῶς,
2650 1625 2682 1699 ἢ
2717 1625 2842 1680 τίνα
2868 1625 3072 1698 τρόπον
3094 1644 3109 1693 ;
3130 1620 3322 1680 Πάλαι
3355 1626 3454 1698 μέν
3485 1627 3595 1697 γὰρ
3623 1625 3808 1696 ἐνόμι-

2212 1719 2325 1787 ζον,
2358 1720 2514 1785 θεοὺς
2554 1715 2697 1774 εἶναι
2724 1719 2829 1790 γῆν
2859 1736 2918 1773 τε
2944 1718 3038 1772 καὶ
3063 1718 3317 1789 οὐρανόψ
3349 1717 3464 1788 φῶς
3491 1717 3549 1770 δὲ
3570 1717 3631 1771 τὸ
3662 1717 3805 1771 θεῖον

2212 1813 2470 1877 λαϐόντες
2522 1816 2602 1877 είς
2650 1812 2775 1868 νοῦν
2813 1813 2902 1868 διὰ
2941 1812 3036 1866 τοῦ
3084 1814 3303 1868 πάντων
3354 1810 3514 1883 ήμῶν
3556 1811 3806 1883 Σωτῆρος

527 1908 835 1976 opiniones,
864 1908 930 1961 de
957 1907 1087 1977 ipsis
1109 1907 1488 1973 elementis,et
1522 1908 1606 1963 his
1639 1908 1730 1977 qui
1764 1909 2111 1977 tleceperunt,

2221 1905 2479 1977 Χριστοῦ,
2512 1905 2705 1970 καινὰς
2752 1904 2943 1977 ῶσπερ
2974 1904 3184 1968 ἐννοίας
3216 1902 3428 1968 ἕξουσιν
3468 1902 3555 1957 ἐπ’
3596 1903 3805 1965 αὐτοῖς.

529 2001 935 2055 sivedzemnniis
950 2001 1062 2056 sive
1094 1999 1704 2069 hominibus,qnierrori
1722 2011 2121 2056 consenserunt

532 2104 583 2144 et
624 2092 802 2162 lingua
838 2106 932 2145 sua
968 2092 1290 2160 patrocinati
1332 2099 1477 2146 sunt.
1527 2089 1632 2146 Pro
1674 2090 1983 2158 aliiictione,
2033 2096 2118 2148 in-

528 2184 669 2253 quit,
688 2183 930 2252 antiqua,
956 2183 1200 2238 laetitiam
1236 2192 1292 2238 et
1316 2184 1727 2239 exsultationem
1765 2185 2041 2240 invenient
2065 2183 2117 2239 in

530 2288 614 2325 ea.
658 2271 1305 2342 lnqna?Certe,inquit,in
1325 2272 1560 2327 Ecclesia
1574 2272 1794 2328 Christi.
1818 2272 2116 2328 Notandum

531 2376 616 2420 est
649 2368 982 2431 necessario,
1008 2365 1267 2435 quosdam
1310 2365 1636 2434 interpretes
1667 2366 1780 2419 haec
1805 2365 2008 2421 referre
2052 2366 2119 2421 ad

534 2469 774 2527 tempora
807 2472 910 2511 non
938 2456 1335 2522 adventus,sed
1373 2455 1553 2510 futura
1585 2466 1707 2526 post
1739 2456 1841 2512 hoc
1880 2472 2119 2527 praesens

531 2567 725 2606 aevum.
758 2549 899 2605 Fore
936 2550 1080 2604 enim
1108 2550 1287 2620 justos
1321 2549 1373 2604 in
1406 2548 1587 2604 laetitia
1619 2557 1674 2604 et
1703 2550 1923 2619 gaudio,
1957 2553 2110 2616 dicit,

531 2644 670 2697 etin
723 2643 1000 2712 perpetuis
1054 2640 1285 2706 deliciis,
1336 2641 1710 2710 spiritualibus
1754 2643 2025 2709 videlicet,
2067 2652 2122 2699 et

534 2732 773 2804 ipsohoc
804 2732 1020 2802 opiﬁcio
1053 2740 1259 2786 mutato
1282 2733 1335 2786 in
1359 2734 1787 2791 renovationem.
1809 2732 1952 2789 Dixit
1973 2736 2117 2791 enim

533 2826 753 2895 quidam
778 2839 808 2879 e
829 2824 1034 2879 sanctis
1077 2824 1335 2894 apostolis
1364 2842 1376 2878 :
1413 2842 1431 2874 ι
1467 2824 1657 2879 Veniet
1687 2826 1831 2881 enim
1864 2828 1981 2882 dies
2012 2827 2118 2883 Do-

537 2916 668 2969 mini
695 2922 953 2985 tanquam
973 2913 1147 2983 fur,in
1171 2929 1278 2985 quo
1311 2916 1436 2970 caeli
1472 2931 1666 2985 magno
1695 2918 1896 2985 impetu
1937 2926 2120 2974 trans-

537 3008 712 3071 ibunt,
747 3005 1014 3059 elementa
1086 3020 1215 3059 vero
1246 3005 1426 3059 calore
1448 3006 1829 3075 dissolventnr,
1856 3019 1999 3063 terra
2026 3025 2122 3063 au-

2221 1995 2475 2050 Εῖσονται
2490 1997 2594 2067 γάρ
2606 1996 2686 2048 ὅτι
2706 1997 2753 2049 οἱ
2775 1996 2873 2066 μὲν
2887 1995 2988 2049 οὐκ
3010 1994 3118 2048 eiei
3140 1992 3301 2068 [θεοὶ]
3313 2035 3327 2057 ,
3343 1995 3623 2064 ποιήματα
3641 1993 3699 2046 δὲ
3710 1991 3808 2046 τοῦ

2222 2089 2440 2143 πάντων
2494 2087 2739 2159 τεχνίτου
2786 2087 2879 2140 καὶ
2910 2084 3270 2158 δημιουργοῦ.
3301 2096 3319 2129 ι
3348 2083 3504 2138 Οῦτω
3533 2084 3591 2138 δὲ
3628 2082 3808 2137 διατεο

2223 2181 2442 2246 θέντες,
2488 2181 2690 2253 φησιν,
2752 2180 2851 2233 οὐκ
2893 2178 2973 2233 ἐτι
3037 2180 3410 2251 μεμνήσονται
3460 2177 3568 2230 τῶν
3612 2176 3809 2248 προτέ-

2224 2272 2737 2346 ρων·›ἀπο6αλοῦσι
2769 2273 2878 2344 γὰρ
2900 2270 3038 2341 ὁμοῦ
3101 2270 3181 2341 τῷ
3223 2262 3585 2340 Έλληνισμῷ,
3620 2271 3713 2323 καὶ⁹
3743 2269 3809 2333 ἂς

2222 2366 2493 2437 ἐσχήκασι
2539 2363 2699 2430 δόξας
2727 2364 2855 2436 περί
2895 2380 2955 2417 τε
3001 2362 3109 2416 τῶν
3145 2362 3424 2433 στοιχείων
3468 2362 3679 2427 αὐτῶν,
3714 2362 3812 2416 καὶ

2221 2459 2333 2514 τῶν
2358 2459 2530 2513 πάλαι
2564 2457 3017 2529 πεπλανηκὸτων,
3040 2458 3074 2528 ἢ
3098 2456 3390 2527 δαιμόνων,
3422 2455 3453 2526 ἤ
3484 2455 3813 2527 ἀνθρώπων,

2220 2550 2271 2604 οἶ
2333 2554 2400 2623 τῇ
2459 2550 2639 2622 πλάνη
2688 2550 2990 2621 συνήγορον
3039 2547 3141 2620 τὴν
3194 2548 3405 2603 ἑαυτῶν
3460 2546 3812 2619 παρέστησαν

2220 2641 2495 2710 γλῶσσαν.
2557 2640 2773 2695 Ἀντὶδὲ
2806 2644 2903 2711 τῆς
2938 2639 3169 2710 θλίψεως
3223 2640 3322 2710 τῆς
3381 2638 3572 2711 πάλαι,
3622 2639 3810 2709 φησὶν,

2221 2733 2563 2807 εὐφροσύνην
2623 2733 2717 2785 καὶ
2761 2732 3079 2802 ἀγαλλίαμα
3114 2732 3439 2801 εὑρήσουσιν
3494 2719 3551 2783 ἐν
3602 2732 3760 2801 αὐτῇ.

2223 2826 2335 2880 Καὶ
2359 2828 2415 2879 ἐν
2446 2825 2766 2895 αὑτῇ,τίνι;
2788 2825 2861 2877 Ἦ
2876 2824 3094 2888 πάντως
3129 2826 3373 2895 φήσειεν·
3407 2825 3486 2895 Τῇ
3517 2823 3816 2896 Ἐκκλησία

2221 2916 2482 2990 Χριστοῦ.
2522 2916 3000 2988 Ἐπισημήνασθαι
3049 2915 3108 2969 δὲ
3147 2918 3484 2986 ἀναγκαῖον,
3525 2917 3609 2970 ὅτι
3641 2917 3816 2970 ταῦτα

2220 3011 2365 3074 τινὲς
2391 3009 2500 3062 τῶν
2533 3010 2818 3081 ἐξηγητῶν
2846 3008 3150 3063 ἀνάπτουσι
3195 3011 3308 3071 τοῖς
3340 3011 3573 3079 καιροῖς,
3605 3007 3668 3061 οὐ
3701 3011 3817 3070 τοῖς

539 3108 647 3153 tem
676 3105 729 3151 et
760 3111 878 3165 qua:
910 3098 962 3150 in
1013 3111 1075 3150 ea
1108 3106 1235 3152 sunt
1262 3096 1685 3168 conﬂagrabunt.
1738 3098 1919 3155 Cmios
1954 3116 2118 3157 novos

2221 3100 2320 3170 τῆς
2346 3101 2641 3172 ἐπιδημίας
2683 3099 2906 3172 μᾶλλον,
2936 3097 3075 3153 ἀλλά
3102 3101 3216 3162 τοῖς
3254 3098 3535 3169 ἐσομένοις
3563 3098 3703 3170 μετά
3724 3099 3815 3151 τὸν

539 3198 594 3244 ct
625 3204 817 3244 novam
850 3199 1071 3254 terram,
1094 3197 1147 3242 et
1176 3190 1441 3258 promissa
1471 3188 1589 3258 ejus
1622 3204 2000 3261 exspectamus
2016 3192 2114 3247 “.s

2225 3190 2398 3245 αἰῶνα
2427 3191 2516 3245 τὸν
2550 3191 2883 3262 ἐνεστηκότα
2903 3207 2916 3221 ·
2949 3189 3172 3243 ἔσεσθαι
3193 3190 3305 3261 γὰρ
3336 3191 3460 3254 τοὺς
3488 3189 3732 3254 δικαίους
3758 3191 3818 3243 ἐν

538 3282 794 3338 Liberum
825 3296 954 3351 ergo
985 3290 1039 3335 et
1081 3253 1290 3335 licitum
1323 3290 1405 3335 est
1449 3253 1896 3353 cdrdatisiquam
1952 3285 2118 3342 velint

2227 3283 2536 3357 εὐφροσύνη
2566 3283 2659 3337 καὶ
2692 3253 2837 3356 χαρᾷ
2867 3299 3029 3354 φησι,
3063 3282 3161 3336 καὶ
3188 3253 3246 3336 ἐν
3273 3253 3656 3352 ἀτελευτήτοις
3687 3299 3823 3356 τρυ-

542 3376 1069 3443 interpretationem,
1108 3372 1249 3427 hanc
1277 3371 1361 3425 vel
1397 3372 1539 3427 illam
1580 3374 1803 3445 eligere.
1846 3377 2118 3447 Abjicien-

2231 3380 2380 3447 φαῖς,
2418 3380 2819 3449 πνευματικαῖς
2836 3375 3100 3447 δηλονότι,
3130 3376 3225 3429 καὶ
3256 3376 3427 3448 αὐτῆς
3454 3375 3553 3446 τῆς
3588 3374 3817 3438 κτίσεως

543 3467 668 3520 dum
695 3468 838 3521 enim
866 3478 948 3520 est
976 3465 1122 3519 nullo
1157 3465 1337 3529 modo,
1369 3466 1513 3535 quod
1541 3468 1777 3535 prodest.

2237 3469 2650 3541 μεταϐαλούσης
2681 3469 2761 3532 είς
2810 3459 3397 3539 ἀνακαινισμόν.Ἐιρη
3426 3466 3536 3538 γάρ
3583 3482 3667 3529 τις
3706 3465 3818 3517 τῶν

536 3556 708 3626 ἁγίων
756 3555 1068 3609 ἀποστόλων
1094 3569 1109 3585 ·
1141 3573 1160 3606 ι
1193 3554 1352 3622 ’Ἥξει
1390 3555 1499 3627 γάρ
1548 3556 1730 3628 ἡμέρα
1777 3558 2008 3630 Κυρίου,
2042 3559 2119 3623 ῶς
2158 3559 2423 3631 κλέπτης,
2493 3562 2552 3614 ἐν
2582 3554 2616 3632 ᾗ
2642 3559 2864 3632 οὐρανοὶ
2903 3557 3005 3631 μὲν
3050 3556 3295 3629 ῥοιζηδὸν
3367 3556 3822 3627 παρελεύσονται,

541 3650 780 3719 στοιχεῖα
813 3647 870 3701 δὲ
906 3645 1256 3717 καυσούμενα
1283 3646 1594 3718 λυθήσεται.
1625 3649 1664 3700 Γ
1667 3649 1703 3719 ἦ
1749 3649 1805 3703 δὲ
1872 3650 1967 3704 καὶ
1995 3651 2065 3705 τὰ
2131 3654 2189 3705 ἐν
2228 3652 2366 3722 αὐτῇ
2421 3653 2596 3706 πάντα
2638 3651 2999 3722 καυθήσεται,
3044 3651 3265 3713 καινοὺς
3299 3650 3358 3703 δὲ
3395 3649 3684 3721 οὐρανοὺς,
3723 3649 3821 3702 καὶ

540 3738 736 3809 καινὴν
767 3737 893 3806 γῆν,
939 3737 1037 3788 καὶ
1101 3736 1170 3789 τὰ
1203 3738 1595 3806 ἐπαγγέλματα
1653 3739 1818 3793 αὐτοῦ
1864 3742 2276 3815 προσδοκῶμεν.
2309 3764 2329 3797 ›
2366 3744 2600 3809 Ἐξέστω
2665 3743 2731 3814 δή
2777 3739 2870 3797 οὖν
2899 3745 3013 3805 τοῖς
3085 3741 3343 3813 ἐχέφροσι
3385 3740 3447 3795 τὸ
3483 3741 3673 3795 δοκοῦν
3704 3741 3822 3793 ἑλέ-

544 3829 669 3881 σθαι
706 3826 815 3879 τῶν
842 3824 1237 3895 θεωρημάτων,
1276 3825 1477 3895 μᾶλλον
1509 3826 1565 3881 δὲ
1615 3828 1775 3883 τοῦτό
1802 3847 1863 3883 τε
1937 3833 2181 3888 κάκεῖνο.
2236 3835 2569 3908 Ἀπόὸλητον
2614 3834 2726 3908 γὰρ
2773 3833 2894 3889 κατ’
2944 3834 3136 3888 οὐδένα
3187 3835 3389 3906 τρόπον
3446 3835 3510 3889 τὸ
3570 3838 3821 3900 πεφυκὸς

537 3922 792 3993 ὠφελεῖν.

620 4016 783 4072 Vens.
817 4014 900 4078 l9,
941 4014 1032 4068 ‘20.
1077 4013 1221 4079 Quia
1251 4029 1365 4069 ecce
1392 4031 1484 4085 ego
1519 4015 1661 4086 facio
1705 4016 2001 4073 Jerusalem
2034 4037 2118 4075 ex-

2297 4018 2429 4072 Ὀτι
2452 4016 2579 4071 ἰδοὺ
2599 4015 2714 4087 ἐγὼ
2738 4015 2888 4071 ποιῶ
2908 4017 3308 4089 Ἰερουσαλὴμ
3336 4020 3699 4091 ἀγηλλίιιμα,
3718 4026 3819 4081 καὶ

540 4108 901 4171 saltationem,
934 4115 983 4160 et
1012 4106 1261 4177 populum
1293 4123 1462 4161 meum
1495 4108 1755 4175 thitiam,
1780 4122 1823 4165 et
1853 4113 2118 4170 exsultaba

2227 4111 2335 4166 τὸν
2361 4112 2518 4166 λαόν
2542 4128 2664 4180 μου
2693 4110 3104 4180 εὐφροσύνην,
3131 4113 3230 4166 καί
3256 4112 3700 4183 ἀγαλλιάσομαι
3717 4114 3818 4168 ἐπὶ

542 4217 701 4271 super
732 4198 1051 4263 Jerusalem,
1088 4208 1133 4251 et
1170 4200 1394 4253 lwtabor
1419 4217 1573 4270 super
1599 4203 1792 4272 populo
1840 4220 1974 4259 meo.
2015 4203 2118 4260 Nec

2240 4204 2680 4275 Ἰερουσαλὴμ,
2726 4205 2824 4259 καί
2876 4203 3371 4274 εὐφρανθήσομαι
3416 4205 3516 4259 ἐπὶ
3566 4206 3648 4272 τῷ
3689 4207 3821 4273 ,1αῷ

540 4293 687 4347 ultra
713 4291 959 4344 audietur
985 4292 1039 4343 in
1069 4306 1128 4343 ea
1162 4307 1262 4344 eoa:
1282 4291 1548 4360 clamoris,
1584 4309 1747 4364 neque
1778 4296 1865 4362 ﬁet
1894 4295 2003 4350 illic
2029 4298 2118 4350 im-

2225 4317 2371 4370 μου.
2416 4298 2524 4353 Kal
2567 4295 2769 4352 οὐκέτι
2812 4298 2883 4351 οὐ
2919 4296 3006 4367 μὴ
3035 4297 3312 4366 ἀκουσθῇ
3345 4298 3415 4352 ἐν
3458 4298 3613 4368 αὐτῇ
3646 4302 3819 4370 φωνὴ

539 4391 805 4445 maturus,
837 4392 881 4433 et
938 4395 1114 4440 senex,
1145 4381 1233 4450 qui
1280 4397 1385 4433 mm
1437 4382 1648 4450 impleat
1696 4394 1895 4454 tempus
1946 4403 2118 4443 suum.

2230 4389 2520 4461 κραυγῆς,
2552 4390 2651 4444 καί
2682 4391 2754 4444 οὺ
2778 4389 2864 4459 μὴ
2896 4391 3142 4459 γένηται
3163 4390 3291 4445 ἐκεῖ
3310 4391 3519 4460 ἄωρος,
3551 4395 3649 4447 καί
3682 4410 3821 4462 πρε-

544 4468 666 4525 Ετὶι
693 4472 830 4523 enim
875 4469 1177 4523 adolescens
1222 4481 1425 4524 centum
1484 4486 1860 4529 atumrum:al
1898 4482 2118 4533 moriens

2232 4485 2494 4550 σϐύτης,
2543 4482 2611 4549 ὃς
2661 4484 2773 4536 οὐκ
2829 4483 3132 4552 ἐμπλήσει
3178 4483 3287 4538 τὸν
3332 4487 3558 4552 χρόνον
3608 4486 3816 4542 αὑτοῦ.

536 4571 785 4634 peccator
808 4574 1012 4617 centum
1048 4580 1329 4628 annorum,
1365 4566 1524 4619 etiam
1566 4571 1903 4623 exsecrabilis
1929 4573 2046 4625 erit.

2231 4576 2445 4628 Ἔσται
2470 4579 2580 4645 γὰρ
2604 4577 2636 4627 ό
2664 4571 2802 4643 ⁴νέος
2830 4574 3047 4628 ἑκατὸν
3070 4571 3239 4640 ἐτῶν,
3264 4578 3296 4628 ό
3325 4573 3394 4628 δὲ
3419 4575 3824 4642 ἀποθνήσκων

488 4686 507 4697 δ.

460 4702 541 4747 ..ὲλ

613 4826 887 4883 Profunda
919 4826 1032 4883 hare
1061 4829 1447 4895 consideratio,
1476 4842 1529 4886 et
1551 4834 1783 4890 obscura
1829 4837 2123 4895 admodum

540 4927 627 4973 est
665 4919 956 4989 proposita:
982 4920 1134 4975 nobis
1164 4922 1465 4991 prophetiae
1499 4939 1672 4983 mens.
1702 4927 1924 4995 Verum,
1946 4942 2002 4987 nt
2032 4949 2127 5004 po-

549 5020 688 5074 tero,
722 5010 956 5065 conabor
994 5012 1284 5081 explicare.
1314 5012 1611 5072 Jerusalem
1655 5019 1838 5090 igitur,
1879 5034 1938 5077 ut
1975 5024 2126 5080 vide-

543 5107 655 5166 tnr,
687 5097 776 5154 hic
829 5099 979 5166 dicit,
1012 5115 1119 5154 non
1169 5103 1448 5171 antiquam
1494 5105 1663 5173 illam,
1707 5110 1798 5165 sed
1844 5112 2022 5181 potius
2061 5130 2124 5170 ex

543 5188 746 5244 Iudaeis
773 5198 830 5244 et
861 5192 1110 5260 gentibus
1138 5191 1467 5271 (Ecclesium.
1518 5198 1652 5255 linic
1709 5203 2124 5263 exsultationem

545 5284 872 5347 etiaetitiam
897 5294 1239 5339 ostensurum
1269 5301 1329 5341 se
1353 5290 1668 5361 pollicetur;
1696 5303 1751 5349 et
1790 5298 2009 5366 quidem
2037 5316 2129 5355 ve-

544 5395 664 5433 rum
700 5391 804 5447 est,
840 5390 899 5434 nt
935 5384 1269 5450 experientia
1310 5395 1561 5440 testatur.
1596 5388 1737 5443 Nihil
1776 5393 1920 5448 enim
1974 5398 2129 5450 tetri-

544 5484 665 5524 cum
703 5471 755 5526 in
782 5471 1021 5528 Ecclesia
1049 5472 1250 5527 Christi
1276 5491 1289 5540 ;
1317 5475 1479 5546 902
1500 5478 1651 5534 dives
1674 5491 1758 5537 est
1799 5498 1895 5555 spe
1931 5491 2129 5559 sempi-

547 5572 714 5617 terna:
739 5565 950 5628 vitm,et
980 5567 1233 5634 perennis
1247 5567 1434 5635 gloria:
1458 5587 1472 5624 :
1500 5573 1724 5628 multum
1757 5575 1917 5630 habet
1943 5579 2126 5648 splen-

546 5649 693 5704 doris
727 5652 892 5706 etiam
923 5653 976 5705 in
1010 5656 1111 5708 hoc
1145 5657 1362 5711 mundo.
1385 5655 1480 5715 Vel
1513 5663 1673 5717 etiam
1710 5665 1887 5731 aliter.
1924 5668 2121 5725 Exsul-

622 5816 731 5879 ⁸³11
776 5827 919 5886 Petr.
960 5848 1043 5901 ιιι,
1078 5835 1245 5891 10-14

2229 4665 2576 4736 ἁμαρτωλὸς
2603 4664 2819 4719 ἑκατὸν
2842 4664 3013 4731 ἐτῶν,
3036 4668 3133 4721 καί
3165 4667 3597 4736 ἐπικατάρατος
3624 4669 3820 4730 ἔσται,

2306 4844 2452 4900 Balli:
2484 4846 2544 4899 τὸ
2578 4845 2869 4919 θεώρημα,
2904 4850 3000 4903 καὶ
3030 4850 3361 4922 ἀσυμφανὴς
3388 4849 3530 4920 ἄγαν
3560 4853 3661 4921 τῆς
3687 4871 3822 4925 προ-

2237 4936 2496 5006 κειμένης
2525 4939 2657 5007 ήμῖν
2690 4940 3026 5011 προφητείας
3053 4942 3081 4993 ὁ
3109 4941 3253 5005 νοῦς,
3287 4942 3456 5014 Πλὴν,
3508 4944 3585 5008 ὡς
3612 4944 3711 5011 ενι,
3750 4946 3824 4998 διο

2234 5032 2408 5084 ειπεῖν
2438 5031 2799 5101 πειράσομαι.
2827 5031 3187 5103 Ἰερουσαλὴμ
3219 5034 3509 5105 τοιγαροῦν
3533 5036 3822 5106 ὀνομάζειν

2236 5121 2415 5201 ἔοικεν
2443 5124 2501 5176 ἐν
2521 5122 2757 5186 τούτοις,
2781 5123 2842 5176 οὐ
2883 5123 2983 5196 τὴν
3014 5124 3248 5196 ἀρχαίαν
3273 5127 3508 5198 ἐκείνην,
3535 5128 3669 5181 ἀλλά
3692 5131 3824 5199 μᾶλο

2236 5215 2327 5268 λον
2359 5216 2460 5286 τήν
2491 5232 2550 5269 τε
2585 5215 2645 5281 ἐξ
2672 5215 2941 5269 Ἰουδαίων
2970 5217 3067 5271 καὶ
3099 5217 3269 5273 ἐθνῶν
3292 5219 3648 5290 Ἐκκλησίαν,
3690 5223 3821 5274 ταύ-

2237 5321 2337 5374 την
2385 5304 2698 5375 ἀγαλλίαμα
2733 5304 2828 5358 καὶ
2855 5305 3196 5379 εὐφροσύνην
3231 5308 3532 5374 ἀναδείξειν
3555 5312 3825 5381 ἐπαγγέλ-

2234 5394 2415 5461 λεται,
2464 5397 2557 5450 καὶ
2611 5398 2671 5450 τὸ
2727 5388 2960 5471 πρᾶγμά
3002 5402 3151 5453 ἐστιν
3196 5400 3427 5473 ἀληθὲς,
3470 5403 3545 5466 ὡς
3586 5405 3696 5456 ἀπὸ
3727 5404 3824 5474 τῆς

2238 5489 2433 5560 πείρας
2461 5490 2629 5561 αὐτῆς
2659 5491 3105 5563 μαρτυρούμενον
3123 5510 3137 5524 ·
3181 5494 3425 5563 κατηφὲς
3448 5494 3558 5565 γὰρ
3579 5495 3734 5547 οὐδὲν
3766 5498 3824 5548 ἐν

2247 5583 2545 5655 Ἐκκλησία
2572 5584 2835 5655 Χριστοῦ·
2884 5586 3106 5639 πλουτεῖ
3135 5586 3318 5639 ἐλπίσι
3340 5590 3457 5650 ταῖς
3488 5590 3568 5649 εἰς
3599 5585 3823 5640 ἀτελεύο

2233 5692 2395 5745 τητον
2450 5675 2595 5737 ζωὴν
2641 5676 2737 5730 καὶ
2768 5677 3051 5747 ἀμήρυτον
3101 5677 3294 5751 δόξαιμ
3324 5677 3436 5749 ἔχει
3480 5677 3536 5730 δὲ
3583 5678 3717 5730 πολὺ
3765 5677 3822 5732 τὸ
