4140 6532
356 507 493 561 1521

1462 495 1530 554 IN
1571 497 1804 554 lS.\lA.\i
1848 497 1980 555 LIB.
2027 499 2086 555 Υ.
2130 498 2370 557 Τυιιυδ
2410 502 2496 559 Ἣ.

3498 504 3637 559 “'22

354 618 662 694 περιφανὲς
688 620 747 671 ἐν
781 615 917 687 τῷδε
941 614 1023 684 τῷ
1053 614 1280 685 κόσμῳ·
1314 613 1348 685 ἦ
1380 613 1520 683 τὰχα
1550 628 1655 666 που
1697 614 1793 668 καὶ
1841 613 1955 665 ἐτέ-

2078 617 2347 679 ιιιίοιιοιιι,
2396 615 2591 686 inquit,
2621 624 2675 671 ct
2710 614 2951 671 laetitiam
3000 617 3328 673 constituam
3374 621 3638 690 meipSnm

358 732 495 786 ρως·
538 710 878 783 ’Δγαλλίαμα
908 709 1007 762 καὶ
1040 705 1382 780 εὐφροσύνην
1416 705 1657 775 ἐμαυτοῦ
1686 706 1950 778 θήσομαι,

357 807 520 879 φησὶ,
547 805 646 878 τὴν
686 802 1070 873 Ἰερουσαλήμ.
1099 799 1443 870 Ἦσθήσομαι
1472 799 1581 870 γὰρ
1612 799 1703 852 ἐπὶ
1731 799 1810 870 τῷ
1841 797 1956 870 λαῷ

362 914 492 974 μου·
521 899 616 953 καὶ
638 897 738 969 τῆς
768 895 1040 966 θυμηδίας
1058 892 1158 954 τὰς
1185 889 1441 961 ἀφορμὰς
1465 890 1720 960 ἐπιφέρει
1748 888 1922 959 λέγων
1940 905 1953 919 ·

359 993 569 1049 οὐκέτι
600 990 680 1062 μὴ
728 986 974 1059 ἀκουσθῇ
1000 988 1059 1040 ἐν
1113 986 1251 1057 αὐτῇ
1290 984 1445 1056 φωνὴ
1494 982 1800 1055 κλαυθμοῦ,
1835 982 1956 1037 οὐδὲ

359 1087 519 1160 φωνὴ
546 1085 821 1157 κραυγῆς·
841 1082 918 1146 ὡς
946 1082 1012 1134 ἐκ
1034 1072 1292 1145 διαϐολῆς
1367 1076 1425 1131 δέ
1447 1078 1558 1131 τῶν
1584 1076 1959 1149 ἀρχαιοτέρων

362 1180 712 1254 πραγμάτων
764 1177 857 1231 τὸν
908 1175 1010 1247 τῆς
1037 1171 1367 1244 Ἐκκλησίας
1401 1169 1623 1224 ἔπαινον
1678 1168 1959 1238 ἐξυφαίνει

358 1272 521 1336 θεός,
569 1268 745 1324 Πάλαι
787 1264 889 1337 μὲν
917 1262 1029 1335 γὰρ
1076 1263 1127 1315 oi
1171 1263 1272 1332 τῆς
1318 1257 1588 1313 Ἰουδαίων
1626 1256 1958 1327 Συναγωγῆς

360 1361 691 1436 ἡγούμενοι,
741 1356 880 1430 μετὰ
907 1354 1098 1426 δώρων
1135 1351 1370 1422 ἔκρινον,
1409 1350 1505 1405 καὶ
1533 1350 1634 1403 οὐκ
1653 1348 1851 1420 ᾔδεσαν
1881 1348 1961 1401 δι-

361 1454 561 1511 καιοῦν
582 1450 822 1523 ὀρφανὸν
844 1448 879 1519 ἢ
910 1448 1110 1519 χήραν.
1150 1443 1371 1515 Ἐπειδὴ
1403 1442 1459 1495 δὲ
1485 1437 1628 1513 ἦσαν
1653 1441 1960 1512 λημμάτων

362 1545 613 1620 αἰσχρῶν
670 1541 939 1615 ἐρασταὶ,
993 1536 1172 1593 άθώου
1235 1538 1331 1590 καὶ
1379 1534 1590 1589 δικαίου
1653 1533 1959 1604 κατεψηφί-

364 1641 546 1706 ζοντο,
584 1638 680 1691 καὶ
715 1636 843 1698 τοὺς
874 1632 1048 1687 ταῦτα
1102 1628 1443 1692 πεπονθότας
1486 1628 1640 1681 πᾶσά
1702 1644 1818 1690 πως
1863 1629 1961 1679 ἀν-

364 1733 553 1802 άγκη,
601 1729 696 1783 καὶ
746 1726 1138 1799 δακρυῤῥοεῖν,
1185 1724 1282 1777 καὶ
1323 1719 1789 1792 κατολοφύρεσθαι
1823 1718 1962 1789 μετὰ

364 1824 648 1897 κραυγῆς,
685 1819 761 1884 ὡς
797 1816 1186 1889 ἠδικημένους.
1226 1816 1458 1887 Εἴρηται
1500 1814 1634 1883 γοῦν
1673 1828 1778 1865 που
1833 1811 1962 1882 περὶ

365 1915 472 1986 τῆς
532 1911 889 1985 Ἰερουσαλὴμ
938 1909 1028 1964 διὰ
1070 1909 1256 1980 φωνῆς
1303 1908 1607 1980 Ἰερεμίου·
1656 1901 1773 1959 «Ὦ
1805 1905 1957 1967 πόλις

2059 705 2382 763 Jerusalem.
2428 706 2686 762 Gaudebo
2709 708 2851 763 ettizu
2888 709 2956 764 de
2990 710 3185 779 populo
3218 726 3339 766 meo
3368 730 3381 767 :
3419 727 3643 769 causas-

2059 812 2165 867 que
2194 798 2483 868 voluptatis
2516 798 2699 864 infert,
2721 798 2911 855 dicens
2940 820 2955 856 :
2982 798 3097 855 Non
3130 801 3267 855 ultra
3305 803 3554 859 audietur
3587 809 3639 860 in

2058 902 2123 943 ea
2154 904 2257 943 vox
2288 889 2486 954 luctus,
2519 904 2695 959 neque
2726 905 2828 944 vox
2866 890 3145 961 clamoris.
3178 893 3255 947 Ex
3290 896 3640 951 accusatione

2060 978 2214 1049 quasi
2251 993 2431 1033 rerum
2471 989 2933 1051 antegressarum,
2970 982 3228 1039 Ecclesiae
3256 983 3468 1040 laudem
3512 1003 3644 1041 cun-

2061 1073 2197 1127 texit
2220 1072 2385 1128 Deus.
2419 1073 2561 1129 Olim
2592 1075 2737 1128 enim
2766 1072 3008 1131 Judaica:
3047 1075 3346 1148 Synagogaa
3378 1077 3641 1148 prmfecti,

2061 1174 2286 1235 propter
2310 1165 2453 1221 dona
2469 1166 2815 1235 judicabant:
2833 1182 3009 1237 neque
3024 1181 3216 1225 norant
3233 1170 3381 1242 juste
3397 1171 3645 1242 judicare

2061 1258 2362 1323 orpltanutn
2394 1266 2449 1311 et
2479 1256 2718 1323 viduam.
2748 1259 2844 1313 sed
2883 1258 3009 1329 quia
3058 1261 3230 1330 turpis
3281 1260 3416 1315 lucri
3463 1262 3644 1341 cupidi

2061 1357 2247 1414 erant,
2290 1350 2637 1405 innocentem
2679 1358 2734 1406 et
2777 1350 2985 1422 justum
3030 1352 3486 1408 condemnabam.
3543 1352 3646 1420 Qui

2063 1450 2241 1496 autem
2277 1442 2391 1496 haec
2419 1443 2566 1511 passi
2594 1453 2744 1508 sunt,
2764 1458 2861 1498 eos
2893 1452 3079 1513 utpote
3104 1459 3396 1515 oppressos
3426 1461 3650 1502 necesse

2062 1533 2287 1588 omnino
2328 1542 2442 1589 erat
2492 1532 2811 1605 lacrymari,
2884 1544 2941 1589 et
2984 1551 3109 1589 cum
3152 1536 3394 1591 clamore
3439 1538 3647 1609 lugere.

2063 1623 2278 1678 Dictum
2314 1625 2500 1696 itaque
2525 1635 2610 1680 est
2644 1640 2780 1681 voce
2805 1624 3058 1682 Jeremite
3088 1630 3155 1683 de
3178 1626 3481 1685 Jerusalem
3507 1648 3520 1685 :
3561 1650 3579 1683 ι
3609 1631 3654 1687 0

2064 1718 2257 1772 civitas
2289 1718 2544 1784 mendax,
2576 1719 2710 1774 nihil
2734 1720 2839 1776 nisi
2897 1720 3155 1777 violentia
3191 1722 3246 1778 in
3307 1738 3396 1779 ea.
3453 1724 3521 1781 Ut
3563 1743 3656 1797 pu-

2067 1814 2187 1861 teus
2225 1806 2511 1879 refrigerat
2541 1824 2776 1879 aquam:
2804 1812 2876 1866 ita
2915 1812 3168 1883 frigidam
3210 1813 3345 1870 facit
3387 1816 3654 1874 malitiam

2071 1914 2246 1954 suam.
2283 1900 2538 1972 Impietas
2567 1912 2625 1957 et
2656 1903 2875 1959 miseria
2900 1907 3151 1961 audietur
3182 1907 3234 1960 in
3267 1923 3330 1963 ea
3354 1918 3543 1964 contra
3576 1910 3657 1965 fa-

366 2008 604 2081 ψευδής·
642 2006 741 2076 ὅλη
803 2001 1238 2059 καταδυναστεία
1321 2003 1379 2054 ἐν
1446 2002 1609 2071 αὐτῇ.
1665 1999 1753 2061 Ὠς
1800 1999 1965 2070 ψύχει

2078 1991 2206 2046 ciem
2241 1991 2360 2061 ejus
2378 2006 2603 2064 semper
2622 1994 2689 2047 ".
2719 2013 2738 2049 ι
2787 1994 2933 2051 Dixit
2970 1998 3098 2053 item
3143 1998 3282 2056 alius
3314 2016 3344 2057 e
3370 2005 3655 2074 prephelis

366 2102 575 2163 λάκκος
622 2097 802 2168 ὕδωρ,
851 2093 1026 2157 οὕτως
1056 2092 1218 2163 ψύχει
1261 2092 1432 2145 κακία
1471 2092 1666 2161 αὐτῆς.
1719 2091 1971 2145 Ἀσέὸεια

370 2192 468 2245 καὶ
499 2188 846 2260 ταλαιπωρία
876 2185 1278 2263 ἀκουσθήσεται
1304 2185 1362 2236 ἐν
1390 2184 1529 2255 αὐτῇ
1561 2185 1653 2236 ἐπὶ
1678 2185 1969 2254 πρόσωπον

370 2284 547 2355 αὐτῆς
577 2282 666 2336 διὰ
698 2274 1113 2346 παντός.›⁹Εφη
1136 2276 1195 2330 δέ
1226 2293 1311 2340 τις
1343 2278 1440 2329 καὶ
1466 2273 1772 2346 ἓτεροςτῶν
1799 2275 1969 2341 ἁγίων

373 2375 711 2449 προφητῶν·
744 2392 764 2426 ι
807 2371 920 2427 Καὶ
953 2367 1288 2433 ἐκονδύλιζον
1320 2370 1401 2432 εἰς
1435 2367 1678 2437 κεψαλάς
1712 2368 1967 2438 πτωχῶν,

371 2471 472 2525 καὶ
492 2468 611 2523 ὁδὸν
639 2465 914 2521 ταπεινῶν
965 2462 1267 2527 ἐξέκλινᾶν.
1298 2479 1316 2513 ι
1388 2460 1732 2534 Ἦσθήσομαί
1766 2462 1968 2527 τοίνυν,

374 2562 565 2635 φησὶν,
587 2561 682 2615 tut
701 2556 904 2630 τῷλαῷ
925 2572 1050 2627 μου,
1079 2552 1430 2626 δικαιοσύνης
1457 2555 1586 2609 ὄντα
1612 2556 1711 2625 τῆς
1734 2554 1970 2625 ἀληθοῦς

374 2658 617 2730 ἐργάτην
664 2654 829 2728 ὁρῶή,
885 2651 1161 2725 Δακρύσει
1192 2650 1302 2721 γὰρ
1353 2650 1529 2714 οὐδεὶς
1582 2650 1714 2721 παρ’
1762 2649 1967 2713 αὐτοῖςν

371 2751 536 2823 δῆλον
565 2750 623 2804 δὲ
645 2751 726 2803 ὅτι
748 2743 1266 2815 πλεονεκτούμενος·
1295 2742 1701 2813 κατακράξεται
1726 2740 1783 2795 δὲ
1808 2741 1972 2796 πάλιν

373 2846 576 2908 οὐδεὶς,
612 2841 689 2907 ὼς
716 2838 1068 2912 ἠδικημένος.
1124 2855 1143 2888 ι
1194 2836 1307 2890 Καὶ
1336 2836 1398 2889 οὐ
1458 2833 1532 2907 μὴ
1578 2835 1803 2904 γένηται
1834 2835 1970 2900 ἐκεῖ,

376 2940 565 3015 φησὶν,
612 2935 792 3007 ἄωρος
828 2935 926 2988 καὶ
975 2929 1292 3002 πρεσϐύτης
1316 2971 1331 2994 ,
1360 2927 1419 2993 ὃς
1453 2930 1551 2982 οὐκ
1578 2929 1852 2999 ἐμπλήσει
1883 2928 1973 2981 τὸν

376 3033 572 3105 χρόνον
607 3028 796 3083 αὐτοῦ.
830 3027 1024 3079 Ἔσται
1066 3022 1177 3094 γὰρ
1202 3024 1231 3076 6
1266 3021 1385 3084 νέος
1415 3022 1609 3074 ἐκατδν
1642 3019 1782 3074 ἐτῶν
1811 3058 1825 3083 ,
1854 3020 1884 3073 6
1916 3018 1974 3073 δὲ

374 3124 747 3194 ἀποθνήσκων
793 3116 1123 3191 ἁμαρτωλὸς
1161 3115 1359 3169 ἑκατὸν
1400 3113 1557 3176 ἐτῶν,
1587 3114 1682 3167 καὶ
1707 3111 1974 3167 ἐπικατά-

377 3233 547 3290 ρατος
579 3214 758 3268 ἔσται.
787 3230 806 3263 ι
855 3205 1027 3281 οἶμαι
1077 3208 1134 3261 δὲ
1166 3204 1279 3276 ἐγὼ
1322 3204 1612 3277 βούλεσθαί
1641 3223 1695 3259 τι
1730 3204 1974 3259 τοιοῦτον

379 3308 688 3380 ύποδηλοῦν
714 3308 817 3377 τῆς
837 3302 1178 3376 προφητείας
1204 3301 1296 3354 τὸν
1320 3298 1466 3354 νοῦν.
1490 3302 1702 3370 Ἀωρον
1731 3298 1831 3371 μὲν
1862 3302 1973 3368 γὰρ

2073 2088 2281 2141 sanctis
2306 2107 2320 2143 :
2358 2087 2455 2141 «Et
2470 2088 2757 2158 pulsabant
2778 2092 2955 2162 capita
2979 2107 3299 2163 pauperum,
3316 2107 3371 2152 et
3390 2099 3531 2154 viam
3554 2100 3659 2155 hn-

2072 2178 2278 2234 milium
2299 2182 2664 2251 depravarunt
2681 2183 3038 2242 “.iLaatabor
3064 2202 3214 2259 ergo,
3250 2189 3444 2262 inquit,
3469 2192 3536 2248 de
3564 2209 3661 2264 po-

2072 2270 2202 2339 pulo
2227 2286 2370 2338 meo,
2404 2289 2528 2327 cum
2560 2275 2749 2331 videro
2782 2277 2933 2332 illum
2968 2280 3353 2350 veraejustitia:
3382 2298 3503 2338 esse
3525 2300 3660 2355 ope-

2073 2363 2309 2417 rariunu
2332 2364 2910 2437 Lacrymabiturenim
2946 2388 3012 2427 ex
3054 2373 3162 2429 illis
3192 2390 3373 2443 nemo,
3411 2378 3663 2435 videlicet

2072 2459 2267 2528 injuria
2313 2458 2660 2519 aﬂ'ectus:et
2709 2478 2899 2521 rursus
2948 2465 3208 2524 clamabit
3255 2483 3449 2541 nemo,
3501 2457 3661 2545 quasi

2071 2569 2385 2623 Oppressus.
2428 2556 2679 2612 «Etnon
2731 2557 2824 2613 fiet
2874 2558 3014 2629 illic,
3066 2563 3274 2631 inquit,
3333 2565 3660 2624 immaturus

2073 2655 2128 2701 et
2168 2660 2358 2713 senex,
2389 2649 2481 2716 qui
2513 2664 2622 2703 non
2652 2649 2877 2720 impleat
2912 2660 3127 2723 tempus
3154 2668 3338 2713 suum.
3373 2654 3489 2713 Erit
3514 2661 3661 2714 enim

2073 2740 2395 2797 adolescens
2418 2755 2640 2799 centum
2675 2758 2981 2800 annorum:
3006 2756 3062 2802 at
3093 2749 3182 2817 qui
3215 2750 3446 2806 moritur
3468 2766 3662 2821 pecca-

2075 2839 2162 2886 tor
2193 2845 2414 2889 centum
2451 2850 2744 2903 anuorum,
2775 2836 2941 2890 etiam
2975 2839 3326 2896 exsecrabilis
3355 2843 3479 2897 erit.
3505 2861 3525 2894 ι
3552 2842 3666 2899 [lue

2074 2924 2176 2978 sibi
2212 2924 2323 2978 vult
2353 2926 2659 2996 prophetia,
2704 2937 2764 2982 ut
2792 2942 2891 2999 ego
2917 2929 3138 2999 quidem
3172 2930 3427 2988 arbitror.
3465 2933 3665 2989 Imma-

2077 3022 2258 3068 turum
2285 3016 2432 3071 enim
2454 3019 2672 3072 videtur
2719 3019 3037 3075 existimare
3066 3034 3211 3090 eum,
3248 3037 3446 3079 novum
3489 3025 3666 3081 adhuc

2076 3106 2333 3176 populum
2365 3121 2433 3163 ex
2457 3110 2734 3181 gentibus,
2771 3114 2838 3167 de
2868 3128 2976 3183 quo
3007 3113 3178 3170 David
3204 3135 3218 3170 :
3256 3132 3274 3166 ι
3308 3115 3542 3188 Populus
3572 3117 3668 3188 qui

2077 3208 2297 3253 creatur
2321 3197 2566 3256 laudabit
2595 3202 2885 3259 Dominum
2919 3203 2986 3259 ".
3017 3223 3036 3256 ι
3072 3203 3305 3275 lllosque
3350 3208 3404 3261 in
3436 3209 3668 3278 epistola

2077 3286 2278 3345 aﬂ'atur
2304 3292 2506 3348 Christi
2542 3294 2864 3365 discipulus,
2901 3295 3118 3351 dicens:
3153 3295 3474 3367 «Tanquam
3509 3302 3669 3356 modo

377 3366 626 3473 νομίζειν
670 3366 817 3452 ἔοικε
848 3366 1037 3459 τίαν-ἐξ
1079 3391 1250 3445 ἐθνῶν
1293 3391 1375 3444 ἐτι
1416 3389 1538 3445 νέον
1570 3366 1716 3454 λαὸν,
1732 3366 1877 3461 Ὶπερὶ
1908 3366 1969 3443 οὗ

2078 3384 2186 3438 nati
2228 3383 2465 3442 infantes
2497 3387 2581 3444 lac
2603 3389 2868 3445 rationale
2904 3401 2960 3446 et
2987 3389 3095 3446 doli
3139 3393 3380 3447 nescium
3419 3397 3671 3466 concupi-

380 3510 552 3565 φησιν
585 3493 614 3546 6
640 3488 827 3544 Δαϐίδ·
875 3505 894 3538 ι
936 3486 995 3539 Ὀ
1027 3484 1153 3548 λαὸς
1189 3485 1217 3537 6
1255 3480 1576 3553 κτιζὸμενος
1621 3480 1829 3534 αἰνέσει
1876 3479 1970 3533 τὸν

2078 3477 2208 3532 scite
2233 3478 2299 3533 ⁸⁸.
2323 3497 2343 3531 ι
2380 3479 2566 3550 Itaque
2606 3481 2930 3538 immaturus
2976 3493 3060 3539 est
3088 3486 3180 3555 qui
3226 3502 3436 3554 novus;
3479 3504 3671 3547 senex.

380 3588 611 3657 Κύριον·
646 3601 666 3634 ι
710 3579 923 3642 τούτοις
954 3578 1011 3632 δὲ
1053 3574 1359 3631 ἐπιστέλλει
1396 3573 1491 3626 καὶ
1522 3574 1552 3623 6
1591 3571 1828 3644 Χριστοῦ
1864 3588 1971 3642 μα-

379 3675 553 3747 θητὴς
574 3714 590 3739 ,
629 3671 827 3741 λέγων·
865 3690 883 3722 ι
918 3668 1008 3733 Ὠς
1046 3664 1462 3738 ἀρτιγέν[ν]ητα
1483 3663 1657 3737 βρέφη
1684 3662 1973 3733 τὸζλογικδν

382 3768 481 3821 καὶ
510 3765 697 3821 ἄδολον
721 3763 864 3834 γάλα
891 3760 1286 3830 ἐπιποθήσατε.
1313 3778 1330 3809 ι
1353 3757 1564 3811 Οὐκοῦν
1585 3757 1762 3826 ἄωρος
1781 3756 1810 3808 6
1833 3755 1974 3819 νέος,

383 3855 705 3930 πρεσϐύτης
733 3871 798 3922 γε
833 3853 938 3924 μὴν
966 3855 995 3906 6
1021 3853 1086 3905 ἐκ
1112 3849 1438 3922 περιτομῆς,
1468 3849 1635 3920 ῆγουν
1662 3847 1722 3912 ἐξ
1747 3847 1976 3919 αἵματος

397 3948 642 4021 Ἰσραὴλ,
674 3946 770 4001 ἆτε
803 3947 870 4019 δὴ
912 3944 1431 4019 προσκεκλημένος,
1476 3943 1572 3996 καὶ
1602 3942 1747 3996 κατά
1776 3959 1842 4011 γε
1881 3942 1980 4015 τὴν

385 4041 587 4114 νοητὴν
612 4038 943 4110 Ἐκκλησίαν
987 4036 1340 4108 προειληφώς
1360 4030 1530 4088 ·⁹Δλλ“
1559 4037 1618 4088 ἐν
1663 4037 1730 4105 τῇ
1764 4036 1979 4102 κλήσει,

389 4131 548 4201 φησὶ,
569 4133 638 4201 τῇ
672 4128 764 4181 διὰ
790 4128 837 4179 Χ
846 4126 1055 4196 ριστοῦ,
1082 4126 1179 4178 καὶ
1208 4127 1268 4177 ἐν
1293 4126 1507 4194 καιροῖς
1536 4123 1638 4192 τῆς
1664 4122 1979 4192 ἐπιδημίας,

387 4220 518 4276 οὔτε
540 4221 739 4291 ἄωρος,
753 4216 877 4270 οὔτε
896 4214 1212 4287 πρεσϐύτης
1231 4212 1499 4285 διαφορὰν
1520 4210 1702 4278 ἕξουσι
1726 4211 1826 4282 τὴν
1841 4212 1983 4266 κατὰ

388 4314 552 4370 τοῦτο
581 4311 715 4366 αὐτὸ
747 4309 885 4384 πρὸς
940 4306 1206 4377 ἀλλήλους
1228 4322 1243 4338 ·
1279 4304 1481 4368 πάντες
1506 4303 1616 4376 γὰρ
1648 4303 1860 4357 ἔσονται
1892 4302 1984 4357 τέ-

388 4404 546 4470 λειοι,
584 4401 681 4455 καὶ
715 4400 920 4462 πάντες
952 4395 1299 4469 ἐμπλήσουσι
1327 4395 1420 4448 τὸν
1445 4395 1658 4466 χρόνον,
1683 4394 1983 4459 τουτέστιν,

302 4518 323 4537 κ
391 4499 473 4560 είς
489 4494 661 4564 ἄνδρα
689 4491 893 4547 τέλειον
913 4490 1300 4561 ἀναϐήσονται.
1320 4488 1417 4542 καὶ
1437 4491 1518 4552 είς
1539 4488 1739 4562 μέτρον
1769 4487 1986 4559 ἡλικίας

391 4588 491 4643 τοῦ
538 4583 906 4657 πληρώματος
952 4582 1047 4636 τοῦ
1094 4580 1358 4654 Χριστοῦ.
1394 4582 1454 4635 Ὀ
1503 4580 1614 4652 γὰρ
1642 4580 1785 4646 νέος,
1828 4597 1985 4634 τουτ-

2082 3567 2174 3636 qui
2206 3583 2273 3623 ex
2295 3569 2736 3633 circumcisione,
2766 3580 2821 3626 et
2852 3588 2916 3627 ex
2949 3577 3213 3646 sanguine
3253 3577 3418 3635 lsrael
3443 3601 3456 3636 :
3485 3589 3674 3651 utpote

2077 3661 2283 3716 ascitus
2318 3671 2373 3716 et
2422 3662 2489 3715 ad
2541 3662 2938 3733 iutelligibilem
2998 3664 3295 3723 Ecclesiam
3338 3681 3669 3741 assumptus.

2079 3751 2187 3806 Sed
2217 3753 2271 3806 in
2300 3753 2611 3819 vocatione,
2638 3754 2838 3825 inquit,
2864 3772 2964 3827 per
2991 3756 3295 3827 Christum,
3317 3772 3373 3817 et
3415 3767 3674 3834 tempori-

2081 3845 2183 3901 bus
2209 3848 2498 3913 adventus,
2542 3863 2719 3918 neque
2760 3849 3089 3907 immaturus
3123 3869 3297 3924 neque
3330 3870 3493 3912 senex
3533 3858 3677 3913 inter

2083 3954 2143 3993 se
2172 3938 2445 3996 different.
2476 3940 2612 3996 Nam
2661 3957 2856 3998 omnes
2901 3954 3066 3999 erunt
3103 3948 3356 4015 perfecti,
3383 3958 3436 4002 et
3482 3963 3674 4007 omnes

2085 4029 2389 4099 implebunt
2440 4042 2676 4101 tempus,
2713 4031 2766 4086 id
2792 4034 2966 4100 est,in
3006 4036 3178 4090 virum
3217 4039 3516 4106 perfectum
3549 4056 3676 4096 eva-

2084 4119 2237 4186 dent,
2271 4131 2324 4174 et
2359 4122 2427 4176 ad
2478 4137 2787 4177 mensuram
2838 4125 3018 4181 aetatis
3062 4127 3420 4196 plenitudinis
3446 4131 3670 4188 Christi.

2085 4211 2421 4267 Adolescens
2443 4214 2612 4279 enim,
2648 4213 2702 4268 id
2729 4225 2835 4282 est,
2866 4218 3086 4287 gentilis
3121 4222 3375 4292 populus,
3414 4225 3519 4278 erit
3553 4241 3679 4282 ceu-

2088 4309 2199 4355 tum
2232 4301 2399 4374 903
2416 4320 2706 4373 annorum,
2727 4322 2845 4377 pro,
2878 4310 3174 4380 perfectus,
3192 4322 3248 4368 et
3274 4323 3454 4370 mente
3480 4333 3675 4384 canus,

2087 4404 2143 4449 et
2179 4396 2246 4450 ad
2269 4397 2566 4463 spiritualis
2593 4400 2769 4455 aetatis
2791 4415 3061 4458 summum
3099 4408 3327 4475 gradum
3359 4409 3676 4479 perductus.

2091 4485 2451 4544 Perfectionis
2506 4505 2744 4562 namque
2786 4493 3002 4564 signum
3055 4512 3149 4554 seu
3198 4501 3503 4572 symbolum
3554 4516 3677 4570 est,

2091 4592 2312 4635 centum
2335 4597 2605 4638 annorum
2636 4601 2916 4642 numerus.
2946 4587 3153 4646 Deinde
3181 4593 3358 4650 addit:
3398 4612 3416 4646 ι
3443 4593 3681 4654 Moriens

374 4683 568 4745 ἐστιν,
594 4681 624 4735 6
652 4678 715 4745 ἐξ
746 4678 920 4733 ἐθνῶν
947 4676 1097 4741 λαὸς,
1123 4675 1280 4730 ἔσται
1318 4676 1516 4730 ἑκατὸν
1536 4674 1695 4743 ἐτῶν,
1719 4675 1843 4731 ἀντὶ
1868 4673 1973 4741 τοῦ1

2093 4680 2353 4741 peccator
2380 4684 2601 4731 centum
2629 4693 2918 4749 annorum,
2944 4682 3109 4738 etiam
3138 4686 3492 4742 exsecrabilis
3519 4690 3676 4744 erit.»

393 4773 623 4836 τέλειος,
651 4772 748 4826 καὶ
782 4767 1195 4840 πεπολιωμένος
1222 4767 1323 4831 τὰς
1355 4769 1580 4840 φρένας,
1605 4769 1700 4823 καὶ
1740 4783 1987 4838 πνευμα-

395 4870 556 4940 τικῆς
608 4866 829 4938 ἡλικίας
878 4867 958 4930 εἰς
1012 4862 1167 4934 λῆξιν
1212 4862 1435 4927 ἐλάσας·
1482 4862 1825 4935 τελειότητος
1874 4861 1986 4935 γὰρ

399 4962 651 5033 σημεῖον,
674 4958 795 5029 ἦτοι
818 4957 1112 5030 σύμϐολον,
1138 4959 1165 5011 6
1194 4956 1387 5009 ἑκατὸν
1412 4955 1554 5009 ἐτῶν
1588 4951 1988 5027 ἀριθμός.Εῖτά

399 5069 588 5124 φησιν,
606 5052 691 5105 ὅτι
712 5069 733 5103 ι
755 5050 814 5105 '0
833 5051 1263 5122 δὲάποθνήσκων
1281 5046 1605 5119 ἁμαρτωλὸς
1617 5046 1814 5100 ἑκατὸν
1827 5046 1985 5110 ἐτῶν,

399 5145 495 5209 καὶ
517 5141 924 5213 ἐπικατάρατος
936 5141 1113 5197 ἔσται.
1140 5161 1159 5196 ι
1183 5141 1556 5196 Διαδείκνυσιν
1575 5140 1633 5193 ἐν
1648 5140 1882 5204 τούτοις,
1906 5141 1989 5195 ὅτι

400 5237 499 5295 καὶ
523 5238 559 5309 ή
576 5235 720 5291 κατά
729 5234 894 5306 νόμον
911 5233 1195 5298 τελείωσις
1206 5273 1222 5300 ,
1249 5235 1509 5306 ἀνόνητος
1526 5236 1646 5298 τοῖς
1666 5233 1791 5304 ἔχου
1799 5250 1881 5287 σιν
1897 5233 1991 5287 αύ-

399 5328 524 5400 τὴν,
557 5327 621 5381 οὐ
660 5322 1107 5396 πῳσηκαμένοις
1130 5323 1230 5394 τὴν
1259 5323 1443 5378 πίστιν
1467 5324 1568 5396 τὴν
1598 5323 1687 5378 διὰ
1727 5322 1989 5396 Χριστοῦ,

402 5418 499 5473 καὶ
530 5418 630 5486 τὴν
658 5415 750 5470 διὰ
777 5413 873 5468 τοῦ
913 5413 1072 5482 ἁγίου
1102 5412 1481 5484 βαπτίσματος
1511 5414 1805 5486 λύτρωσιν,
1828 5414 1896 5468 δι’
1923 5408 1991 5486 ῆς

403 5511 503 5565 καὶ
531 5509 703 5579 μόνης
725 5508 852 5571 τοὺς
880 5509 945 5561 ἐκ
972 5505 1075 5575 τῆς
1108 5505 1384 5575 ἁμαρτίας
1406 5506 1816 5580 άπτριϐὁμεθα
1844 5508 1995 5578 λογι-

405 5600 600 5669 σμούς.
619 5598 831 5655 Οὐκοῦν
859 5598 964 5653 κᾶν
988 5597 1123 5661 εἴτις
1143 5596 1336 5650 ἑκατὸν
1359 5597 1497 5652 ἐτῶν
1527 5597 1807 5670 ὑπάρχων,
1832 5599 1989 5669 φησὶ,

400 5692 670 5757 τουτέστι,
700 5691 803 5764 τὴν
833 5690 1151 5763 τελειότητα
1188 5689 1289 5763 τὴν
1334 5690 1477 5745 κατὰ
1504 5690 1599 5745 τὸν
1638 5690 1803 5762 νόμον
1837 5690 1987 5771 ἔχοι·

403 5780 523 5839 εἶτα
543 5782 914 5855 τελευτήσειεν
935 5782 1283 5855 ἁμαρτωλὸς,
1304 5782 1572 5846 τουτέστι,
1593 5784 1692 5855 τὴν
1725 5785 1782 5836 ἐν
1809 5783 1991 5838 πίστει

475 5957 520 5989 ⁸⁸
561 5953 760 6012 Jerem.
795 5973 868 6024 γι,
924 5956 978 6011 6.
1054 5958 1099 5989 ⁸⁸
1128 5958 1294 6012 Amos
1337 5974 1395 6025 It,
1453 5957 1501 6010 7.

2095 4762 2192 4820 His
2232 4766 2412 4824 verbis
2431 4772 2668 4824 ostendit
2691 4772 2916 4844 legalem
2948 4774 3342 4833 absolutionem
3374 4777 3489 4835 fore
3517 4781 3681 4834 inuti-

2095 4861 2372 4927 lem,eam
2418 4861 2770 4931 habentibus,
2800 4865 2845 4919 si
2890 4866 3049 4923 fidem
3100 4882 3196 4938 per
3241 4867 3519 4925 Christum
3576 4887 3681 4924 non

2097 4954 2440 5020 admiserint,
2468 4965 2522 5009 et
2544 4969 2643 5024 per
2671 4970 2889 5011 sacrum
2921 4957 3197 5011 lavacrum
3229 4960 3681 5029 redemptionem,

2096 5059 2194 5116 per
2220 5060 2382 5114 quam
2428 5053 2485 5100 et
2511 5045 2739 5116 quidem
2771 5046 2943 5101 solam
3005 5050 3216 5118 peccati
3273 5049 3684 5119 inquinamenta
3790 5110 3793 5117 ,

2097 5137 2361 5194 delemus.
2388 5137 2622 5193 Proinde
2652 5137 2893 5206 etiamsi,
2928 5139 3125 5208 inquit,
3156 5139 3281 5211 quis
3316 5152 3538 5197 centum
3585 5158 3683 5197 an.

2098 5245 2293 5285 norum
2321 5231 2571 5295 exsiStat,
2602 5231 2654 5285 id
2699 5242 2800 5297 est,
2839 5230 3227 5301 perfectionem
3262 5233 3487 5306 legalem
3518 5237 3685 5305 adep-

2100 5333 2186 5379 tus
2211 5324 2298 5390 sit,
2329 5333 2545 5380 maneat
2567 5334 2747 5395 tamen
2780 5333 3057 5393 peccator,
3092 5325 3145 5381 id
3177 5326 3557 5396 cst,justitiam
3588 5344 3686 5398 per

2100 5414 2259 5471 ﬁdem
2317 5431 2424 5472 non
2467 5417 2718 5489 accipiat,
2764 5418 2869 5473 erit
2921 5418 3085 5474 etiam
3138 5421 3515 5486 exsecrabilis,
3563 5436 3684 5490 pro,

2098 5508 2262 5563 etiam
2296 5509 2428 5579 legis
2462 5510 2992 5580 transgressionibus
3011 5511 3285 5568 obnoxius
3315 5513 3688 5580 deprehende-

2101 5610 2206 5653 tur.
2247 5599 2418 5657 Nemo
2450 5601 2593 5657 enim
2632 5602 2775 5659 inter
2804 5601 3023 5661 Judmos
3045 5604 3167 5661 talis
3198 5619 3265 5661 ac
3293 5612 3479 5660 tantus
3510 5604 3682 5658 exsti-

2102 5691 2197 5755 tit,
2253 5694 2343 5762 qui
2402 5706 2507 5747 non
2569 5694 2754 5765 aliquo
2810 5696 2969 5751 modo
3022 5697 3088 5751 ad
3146 5696 3318 5768 legem
3378 5697 3684 5767 impegerit.

2106 5783 2337 5840 «Omnes
2387 5786 2529 5839 enim
2560 5797 2945 5856 peccaverunt,
2980 5789 3175 5860 inquit,
3228 5799 3283 5847 et
3314 5799 3475 5862 egent
3517 5789 3691 5862 gloria

1568 5959 1622 6031 _°’
1671 5959 1811 6016 I’sai.
1870 5959 2064 6028 (3,19.
2141 5961 2185 5993 ⁸⁸
2265 5960 2408 6019 ΡϐἰΓ.
2450 5965 2589 6030 ιι,2.
