4140 6464
549 454 688 510 “25
1581 445 1639 498 S.
1679 441 1959 500 CYRlLlJ
2000 442 2181 498 ALEX

2186 443 2468 500 ANDRINI
2510 444 2830 501 ARCHIEP.
3682 449 3821 506 1424

552 572 666 631 Dei,
698 565 976 638 justilicati
1014 563 1181 635 gratis
1211 561 1378 631 ipsius
1412 559 1585 631 gratia
1614 561 1680 614 ⁸³.
1711 579 1728 612 ι
1769 560 1919 628 Quod
1947 571 2126 616 autem
2159 576 2187 630 Α

2187 588 2203 631 γ
2231 561 2578 632 δικαιοσύνην
2607 561 2670 615 ού
2701 560 2903 626 λαϐὼν,
2933 561 3088 617 ἔσται
3116 563 3210 617 καὶ
3243 563 3668 637 ἐπικατάρατος,
3699 567 3822 622 ἀντὶ

549 679 613 716 ex
643 662 756 730 lege
789 656 1040 727 perfectis
1069 663 1121 710 et
1145 653 1556 717 consummatis,
1589 652 1790 708 Christi
1823 655 1994 722 gratia
2022 669 2128 708 non

2231 653 2349 719 τοῦ,
2386 655 2480 709 καὶ
2501 656 2621 717 ταῖς
2654 651 2750 706 τοῦ
2777 653 2945 724 νόμου
2977 655 3356 726 παραϐάσεσιν
3383 655 3566 726 ἔνοχος
3589 658 3821 731 εὑρεθή-

549 752 824 823 adjuncta,
869 750 1058 807 inutile
1087 749 1156 803 sit
1193 747 1322 802 illud
1347 746 1613 811 studium,
1641 747 2001 816 pulcherrime
2033 746 2127 800 deo

2233 762 2404 798 σεται.
2434 744 2622 807 Οὐδεὶς
2647 743 2756 816 γὰρ
2787 744 2981 813 γέγονε
3009 746 3268 810 τοσοῦτος
3304 749 3361 801 ἐν
3403 748 3700 815 Ἰουδαίοις,
3746 751 3823 815 ὡς

548 854 815 902 monstrat
853 842 1290 913 sapientissimus
1343 839 1561 904 Paulus,
1618 839 1941 908 quibusdam
1989 837 2130 892 seri-

2232 835 2374 889 κατά
2409 836 2616 906 μηδένα
2644 835 2844 905 τρόπον
2864 836 3144 890 διαπεσεῖν
3167 854 3181 869 ⁸
3209 858 3228 889 ι
3259 841 3468 902 Πάντες
3509 841 3617 912 γὰρ
3647 842 3826 914 ἥμαρ-

545 937 703 1004 bens,
731 953 790 992 se
818 951 916 1006 pro
958 932 1294 989 stercoribus
1319 932 1575 986 habuisse
1603 947 1723 1001 quae
1771 932 1822 984 in
1856 931 1976 1001 lege
2004 938 2131 984 sunt

2231 941 2343 989 τον,
2369 926 2466 979 καὶ
2497 924 2848 994 ὑστεροῦνται
2877 927 2975 996 τῆς
3001 927 3160 997 δόξης
3192 927 3288 981 τοῦ
3319 929 3476 993 Θεοῦ,
3511 930 3825 1003 δικαιούμε-

543 1031 750 1094 omnia,
785 1038 841 1084 ut
881 1027 1158 1084 Christum
1191 1025 1454 1090 lucretur,
1483 1034 1536 1079 et
1585 1024 1893 1078 inveniatur
1919 1024 1971 1077 in
2016 1023 2132 1092 ipso

2233 1032 2312 1070 νοι
2333 1017 2542 1088 δωρεὰν
2570 1021 2636 1090 τῇ
2665 1017 2831 1072 αὐτοῦ
2859 1018 3207 1090 χάριτι.”οτι
3233 1021 3291 1074 δὲ
3314 1021 3572 1093 ἀνόνητος
3593 1023 3687 1076 καὶ
3711 1027 3825 1088 τοῖς

546 1138 651 1176 non
708 1123 915 1176 habens
966 1107 1118 1174 suam
1167 1117 1458 1188 justitiam,
1489 1117 1591 1170 hoc
1633 1125 1716 1170 est
1757 1115 2004 1185 legalem,
2034 1112 2128 1168 sed

2231 1110 2374 1163 κατά
2393 1111 2552 1180 νόμον
2571 1109 3008 1181 τετελειωμένοις
3033 1114 3066 1182 ἡ
3087 1114 3166 1176 είς
3183 1112 3342 1166 τοῦτο
3363 1114 3592 1183 σπουδὴ,
3620 1115 3721 1184 τῆς
3736 1115 3825 1168 διὰ

544 1230 666 1284 quae
697 1230 797 1284 per
834 1213 994 1267 ﬁdem
1047 1219 1131 1264 est
1174 1208 1302 1264 Jesu
1347 1208 1637 1264 Christi".
1711 1206 1928 1262 Judreos
1967 1205 2130 1260 etiam

2232 1198 2472 1270 Χριστοῦ
2523 1199 2749 1270 χάριτος
2797 1201 2859 1253 ού
2920 1202 3427 1273 προσειλημμένης,
3463 1204 3826 1258 διαδείκνυσιν

545 1305 822 1360 insimulat
853 1301 1008 1373 quasi
1053 1301 1326 1365 amentiae,
1373 1301 1452 1354 sic
1498 1299 1722 1354 dicens:
1763 1317 1780 1350 ι
1810 1296 2132 1368 lgnorantes

2235 1287 2293 1346 εὖ
2322 1291 2466 1363 μάλα
2493 1293 2605 1345 τισὶ
2635 1291 2934 1363 γεγραφὼς
2956 1294 2984 1346 ὁ
3005 1294 3284 1364 πάνσοφος
3313 1294 3546 1359 Παῦλος,
3579 1296 3662 1349 ὅτι
3695 1297 3827 1349 σκύ-

545 1396 690 1448 enim
744 1393 835 1447 Dei
874 1391 1165 1460 justitiam,
1201 1397 1257 1443 et
1299 1402 1453 1442 suam
1494 1387 1737 1440 volentes
1772 1385 2130 1450 constituere,

2235 1385 2374 1438 ϐαλα
2413 1385 2513 1454 μὲν
2543 1385 2790 1456 ἡγήσατο
2835 1385 2904 1439 τὰ
2942 1388 3000 1440 ἐν
3029 1387 3178 1456 νόμῳ
3211 1387 3411 1452 πάντα,
3459 1388 3543 1442 ῐνα
3589 1388 3826 1461 Χριστὸν

539 1485 764 1550 iustitiae
804 1483 897 1538 Dei
948 1496 1052 1536 non
1104 1487 1232 1534 sunt
1284 1477 1534 1546 subjecti.
1593 1476 1743 1531 Finis
1795 1476 1940 1530 enim
1997 1475 2132 1545 legis

2235 1473 2492 1546 κερδάνῃ,
2537 1477 2633 1528 καὶ
2679 1475 2881 1548 εὑρεθῇ
2935 1478 2993 1530 ἐν
3039 1476 3189 1547 αύτῷ
3227 1477 3301 1549 μὴ
3332 1478 3470 1549 ἔχων
3522 1479 3620 1551 τὴν
3659 1479 3827 1533 αὑτοῦ

545 1574 827 1636 Christus,
863 1573 930 1625 ad
969 1569 1242 1640 justitiam
1285 1566 1434 1622 omni
1477 1567 1721 1622 credenti
1752 1567 1821 1620 '“.
1854 1585 1872 1618 ι
1923 1565 2134 1621 Rursus

2235 1563 2617 1634 δικαιοσύνην,
2653 1565 2930 1630 τουτέστι,
2967 1565 3064 1635 τὴν
3114 1569 3171 1621 ἐν
3204 1569 3374 1640 νόμῳ,
3420 1569 3555 1623 ἀλλά
3591 1571 3691 1642 τὴν
3737 1571 3826 1624 διὰ

542 1667 720 1721 dixit:
755 1683 772 1716 ι
801 1663 910 1718 Nos
940 1670 1134 1717 natura
1176 1659 1366 1723 Judaei,
1405 1669 1459 1714 et
1485 1675 1589 1714 non
1630 1675 1697 1715 ex
1723 1659 1976 1730 gentibus
2009 1673 2136 1729 pec-

2239 1654 2474 1718 πίστεως
2506 1653 2679 1725 Ἰησοῦ
2714 1655 2976 1726 Χριστοῦ.
3021 1658 3295 1729 Γράφεται
3327 1661 3383 1713 δὲ
3417 1660 3609 1733 ὥσπερ
3641 1662 3826 1725 ἀνοίας

545 1763 759 1806 catores
792 1767 806 1816 ;
854 1750 1091 1805 scientes
1114 1759 1294 1803 autem
1326 1763 1432 1802 non
1451 1749 1742 1818 juslillcari
1773 1749 2043 1803 hominem
2067 1761 2133 1802 ex

2237 1746 2363 1808 τοὺς
2394 1745 2712 1812 Ἰουδαίους,
2750 1745 2894 1800 οὕτω
2925 1748 3119 1816 λέγων·
3167 1769 3184 1800 ι
3228 1749 3576 1817 Ἀγνοοῦντες
3591 1753 3700 1823 γάρ
3726 1752 3827 1823 τὴν

541 1844 799 1913 operibus
844 1842 1003 1910 legis,
1040 1841 1142 1895 nisi
1185 1855 1284 1910 per
1330 1839 1490 1894 ﬁdem
1523 1837 1650 1896 Jesn
1683 1839 1919 1894 Christi:
1948 1848 2005 1893 et
2038 1852 2136 1894 nos

2238 1834 2331 1889 τοῦ
2355 1836 2489 1889 Θεοῦ
2510 1837 2880 1908 δικαιοσύνην,
2907 1839 3002 1892 καὶ
3025 1841 3126 1910 τὴν
3155 1841 3287 1894 ἰδίαν
3312 1843 3605 1913 ζητοῦντες
3630 1844 3827 1913 στῆσαι

544 1937 597 1990 in
630 1934 906 1990 Christum
933 1933 1206 1988 credimus
1245 1933 1348 1986 ⁷³.»
1379 1931 1612 2000 ideoque
1641 1932 1816 1986 dictus
1839 1940 1921 1984 est
1977 1928 2136 1984 Chri-
2167 1972 2179 2028 1

2191 1975 2210 2027 3
2238 1931 2304 1999 τῇ
2333 1929 2646 2012 δικαιοσύνῃ
2680 1931 2775 1984 τοῦ
2812 1931 2946 1985 Θεοῦ
2979 1933 3078 2003 οὐχ
3109 1935 3486 2006 ὑπετάγησαν.
3521 1937 3686 1999 Τέλος
3719 1937 3826 2007 γὰρ

543 2040 662 2085 stus
703 2026 1031 2091 maledictio,
1064 2031 1121 2078 ut
1165 2023 1351 2092 alegis
1377 2022 1778 2077 omalediclione
1829 2021 2116 2085 eximeret,
2167 2021 2178 2028 '

2187 2021 2206 2028 ⁷
2239 2023 2404 2093 νόμου
2431 2024 2668 2093 Χριστὸς
2691 2026 2770 2088 είς
2791 2023 3141 2095 δικαιοσύνην
3169 2028 3332 2079 παντὶ
3354 2027 3432 2096 τῷ
3457 2027 3822 2081 πιστεύοντι.»

542 2121 634 2189 qui
662 2121 709 2174 ei
748 2119 965 2174 fuerunt
996 2116 1238 2173 obnoxii.
1275 2114 1549 2183 Scriptum
1581 2123 1663 2169 est
1690 2114 1872 2167 enim:
1917 2131 1936 2164 ι
1966 2111 2134 2166 Male-

2243 2113 2388 2180 Ἒφη
2417 2112 2472 2164 δέ
2504 2113 2699 2167 πάλιν·
2741 2131 2760 2165 ι
2794 2115 2984 2185 Ἡμεῖς
3018 2115 3177 2183 φύσει
3218 2117 3481 2182 Ἰουδαῖοι,
3514 2119 3610 2171 καὶ
3641 2119 3742 2171 οὐκ
3770 2118 3829 2184 ἐξ

541 2211 721 2265 dictus
741 2209 918 2263 onmis
954 2209 1042 2277 qui
1073 2222 1178 2260 non
1206 2216 1386 2260 manet
1417 2207 1468 2258 in
1493 2205 1747 2259 omnibus
1779 2219 1897 2274 qua:
1929 2204 2132 2271 scripta

2238 2203 2410 2257 ἐθνῶν
2457 2205 2803 2275 ἁμαρτωλοίο
2846 2207 3048 2270 εἰδότες
3078 2207 3134 2260 δέ
3177 2209 3257 2260 ὅτι
3291 2210 3350 2262 οὐ
3387 2209 3695 2263 δικαιοῦται
3737 2210 3831 2263 άν-

543 2311 670 2356 sunl
699 2304 754 2354 in
793 2302 911 2369 lege
937 2299 1060 2353 libri
1105 2298 1291 2368 hujus,
1329 2307 1386 2350 ut
1415 2311 1476 2352 ea
1511 2297 1679 2350 faciat
1705 2297 1772 2349 ⁷⁸.
1806 2315 1825 2348 ›

2240 2295 2459 2366 θρωπος
2490 2296 2548 2362 ἐξ
2577 2295 2754 2367 ἔργων
2792 2298 2978 2368 νόμου,
3015 2299 3109 2352 ἐὰν
3143 2299 3216 2370 μὴ
3245 2300 3336 2352 διὰ
3378 2301 3612 2365 πίστεως
3655 2301 3829 2372 Ἰησοῦ

539 2395 804 2468 Χριστοῦ,
831 2395 922 2447 καὶ
960 2396 1124 2465 ἡμεῖς
1148 2393 1227 2455 εἰς
1287 2391 1525 2462 Χριστὸν
1565 2390 1991 2460 ἐπιστεύσαμεν.
2025 2409 2043 2442 ι
2088 2390 2490 2463 Κεχρημάτικε
2547 2391 2603 2444 δὲ
2634 2391 2724 2444 διὰ
2777 2393 2938 2446 τοῦτο
2967 2395 3183 2465 κατάρα
3202 2396 3456 2467 Χριστὸς,
3493 2398 3580 2451 ἵνα
3611 2397 3709 2468 τῆς
3733 2398 3832 2451 τοῦ

539 2491 704 2560 νόμον
734 2487 979 2557 κατάρας
1031 2485 1281 2555 ἐξέληται
1309 2485 1434 2547 τοὺς
1491 2484 1584 2536 ὑπ’
1655 2484 1793 2554 αὐτῇ
1836 2484 2164 2552 γεγονότας’
2245 2484 2558 2555 γέγραπται
2591 2484 2700 2556 γὰρ
2730 2527 2744 2551 ,
2773 2486 2855 2538 ὅτι
2884 2504 2902 2536 ι
2949 2486 3383 2557 Ἐπικατάρατος
3431 2490 3571 2553 πᾶς,
3617 2490 3677 2554 ὃς
3731 2493 3833 2546 ούκ

540 2584 769 2656 ἐμμένει
809 2583 942 2634 πᾶσι
997 2582 1109 2643 τοῖς
1149 2579 1563 2650 γεγραμμένοις
1617 2579 1675 2632 ἐν
1719 2577 1797 2647 τῷ
1836 2577 1985 2648 νόμῳ
2032 2575 2125 2630 τοῦ
2168 2576 2374 2648 βιϐλίου
2405 2578 2621 2644 τούτου,
2649 2579 2743 2633 τοῦ
2771 2581 2996 2651 ποιῆσαι
3028 2581 3186 2636 αύτά.
3215 2600 3235 2634 ι

687 2676 847 2729 Vens.
889 2672 1081 2725 ﬂl-ﬁl.
1155 2672 1219 2724 Et
1287 2670 1624 2738 a’diftcabunl
1689 2670 1892 2734 domos,
1945 2681 1990 2723 et
2036 2669 2137 2736 ipsi
2311 2675 2322 2725 λ

2311 2673 2421 2725 Καὶ
2445 2671 2961 2744 οἱκοόομήσουσιν
2995 2673 3212 2740 οἰκίας,
3261 2675 3359 2728 καὶ
3391 2675 3562 2729 αὐτοὶ
3593 2675 3832 2744 ἐνοική-

537 2767 948 2828 inhabitabant;
988 2763 1300 2832 plantabuut
1366 2763 1564 2828 vineas,
1609 2771 1655 2815 et
1718 2763 1818 2830 ipsi
1865 2761 2133 2815 comedent

2239 2778 2446 2817 σουσι·
2501 2763 2601 2818 καί
2655 2766 3224 2834 καταφυτεύσουσιν
3289 2765 3670 2835 ἀμπελῶνας,
3731 2771 3831 2823 καὶ

538 2861 771 2927 fructum
826 2874 1032 2911 earum.
1076 2855 1142 2908 Et
1202 2871 1306 2908 non
1369 2853 1734 2922 mdiﬁcabunt,
1781 2862 1828 2908 et
1889 2852 1983 2906 alii
2050 2852 2133 2904 in-

2237 2857 2408 2910 αὐτοὶ
2445 2855 2734 2926 φάγονται
2787 2857 2895 2910 τὸν
2948 2857 3184 2926 καρπὸν
3212 2856 3430 2912 αὐτῶν.
3469 2859 3578 2912 Καὶ
3628 2862 3700 2934 οι)
3739 2861 3829 2931 μὴ

537 2953 897 3016 habitabant;
937 2961 984 3004 et
1043 2966 1146 3003 non
1193 2947 1530 3018 plantabunt,
1581 2955 1629 3001 et
1685 2945 1783 2998 alii
1841 2945 2131 2999 comedent.

2235 2943 2829 3012 οἱκοδομήσωσι,καὶ
2867 2944 3045 2999 ἄλλοι
3088 2944 3433 3013 οἰκήσουσι·
3482 2949 3581 3003 καί
3624 2952 3696 3004 οὐ
3741 2950 3831 3020 μὴ

538 3045 683 3101 Nam
730 3056 784 3098 ut
848 3046 956 3098 dies
1005 3041 1135 3112 ligni
1193 3043 1334 3106 vitae,
1388 3049 1538 3094 erunt
1592 3039 1704 3091 dies
1761 3037 1941 3105 populi
1995 3038 2130 3091 mei:

2232 3036 2602 3104 φυτεύσωσι,
2643 3035 2744 3090 καὶ
2781 3035 2961 3090 ἄλλοι
3016 3037 3327 3108 φάγονται.
3373 3040 3536 3094 Κατὰ
3579 3041 3690 3112 γὰρ
3722 3046 3832 3108 τὰς

539 3154 696 3208 opera
745 3151 999 3190 manuum
1044 3149 1264 3186 suarum
1337 3132 1734 3184 inveterascent.
1795 3126 1962 3181 Electi
2027 3127 2129 3182 mei

2231 3125 2458 3196 ἡμέρας
2488 3127 2596 3182 τοῦ
2627 3127 2820 3192 ξύλου
2871 3127 2980 3196 τῆς
3023 3127 3172 3196 ζωῆς
3226 3131 3474 3186 ἔσονται
3513 3136 3572 3186 al
3617 3135 3834 3203 ἡμέραι

535 3247 644 3286 non
674 3227 989 3283 laborabunt
1028 3227 1254 3295 frustra,
1280 3239 1443 3290 neque
1507 3221 1646 3289 ﬁlios
1695 3219 2016 3290 generabant
2073 3220 2128 3272 in

2233 3218 2339 3272 τοῦ
2361 3218 2516 3273 λαοῦ
2530 3236 2652 3287 μου
2677 3235 2691 3249 ο
2720 3219 2792 3272 τὰ
2815 3221 2959 3288 ἔργα
2982 3217 3102 3272 τῶν
3121 3221 3324 3274 πόνων
3344 3221 3545 3276 αὐτῶν
3574 3227 3837 3278 παλαιῶ-

538 3318 1006 3374 maledictionem:
1065 3314 1188 3384 quia
1226 3310 1394 3383 90E.
1432 3327 1605 3365 semen
1668 3309 1999 3364 benedictum
2054 3317 2126 3364 est
2157 3359 2173 3414 ⁴

2231 3323 2476 3363 σουσιν.
2513 3312 2579 3364 Ol
2609 3309 2677 3362 δὲ
2721 3310 2997 3364 ἐκλεκτοί
3025 3328 3141 3379 μου
3178 3313 3249 3366 οὐ
3284 3314 3694 3369 κοπιάσουσιν
3742 3319 3834 3380 sic

537 3427 569 3464 a
637 3409 884 3462 Domino.
938 3404 1005 3458 Et
1039 3405 1150 3474 ﬁet,
1213 3414 1496 3474 antequam
1559 3402 1784 3455 clament
1849 3401 1969 3470 ipsi,
2035 3399 2172 3470 ego'

2199 3399 2432 3465 “κενὸν,
2481 3401 2627 3456 οὐδὲ
2668 3401 3226 3468 τεκνοποιήσουσιν
3275 3407 3369 3468 εἰς
3417 3405 3705 3474 κατάρανο
3744 3406 3834 3460 ὅτι

535 3499 819 3554 exaudiam
855 3514 963 3552 eos.
1007 3497 1191 3548 Adhuc
1221 3493 1547 3565 loquentibus
1576 3492 1682 3546 illis
1701 3533 1716 3557 ,
1749 3490 1924 3544 dicam
1946 3532 1962 3557 ,
1984 3483 2128 3551 Quid

2231 3489 2472 3560 σπέρμα
2504 3492 2924 3561 εὐλογημέ-νον
2955 3493 3074 3547 ὑπὸ
3119 3493 3270 3548 Θεοῦ
3301 3495 3456 3550 ἐστι.
3495 3497 3607 3551 Καὶ
3655 3497 3833 3554 ἔσται

534 3603 607 3645 εδ,
637 3592 660 3643 ρ
2232 3579 2376 3647 πρὶν
2406 3579 2689 3649 κεκράξαι
2716 3580 2960 3646 αὐτοὺς,
2993 3581 3108 3650 ἐγὼ
3141 3584 3583 3654 είσακούσομαι
3611 3587 3836 3643 αὐτῶν.

2236 3669 2360 3722 Ἔτι
2398 3672 2755 3724 λαλούντων
2790 3670 3011 3736 αὐτῶν,
3055 3671 3187 3738 ἐρῶο
3233 3674 3297 3727 Τί
3324 3674 3533 3740 eorm;

607 3767 804 3819 Pacem
839 3764 942 3818 illis
991 3777 1112 3831 quae
1142 3776 1248 3817 non
1304 3760 1756 3825 labelactabitur,
1817 3758 2129 3813 misericor-

2302 3762 2538 3832 Εἰρήνην
2580 3763 2763 3824 αὐτοῖς
2807 3763 2906 3832 τὴν
2958 3763 3313 3832 ἁκράδαντον,
3351 3768 3515 3835 φειδῶ
3544 3769 3638 3822 καὶ
3671 3769 3841 3841 εὐμέ-

538 3860 707 3921 diam,
765 3855 1242 3926 propitiationem,
1280 3853 1582 3908 bonitatem
1632 3860 1688 3906 et
1737 3850 2129 3904 humanitatem

2233 3867 2404 3914 νειαν,
2445 3851 2797 3921 χρηστότητα
2830 3855 2924 3903 καὶ
2960 3852 3372 3922 φιλανθρωπίαν
3415 3857 3834 3926 ἐπαγγέλλεται..

535 3949 897 4019 adpromittit.
938 3945 1249 4016 Antiquitus
1282 3945 1424 3999 enim
1459 3959 1523 3998 ex
1552 3943 1816 4011 sanguine
1839 3939 2003 3995 Israel
2029 3937 2134 3999 oris

2235 3941 2410 3995 Πάλαι
2455 3943 2553 4011 μὲν
2604 3942 2712 4012 γὰρ
2746 3942 2795 3994 οἱ
2848 3942 2906 4008 ἐξ
2961 3943 3191 4012 αἵματος
3228 3947 3463 4018 Ἰσραὴλ,
3503 3949 3590 4002 διὰ.
3638 3950 3839 4023 πολλῆς

537 4043 691 4108 undi,
743 4040 940 4110 insigni
1007 4038 1244 4103 insania,
1271 4035 1661 4106 multiplicibus
1693 4035 1867 4100 vitiis,
1907 4044 1959 4090 et
1989 4035 2133 4103 quod

2234 4033 2372 4106 ἄγαν
2403 4034 2682 4098 ἀπονοίας,
2740 4035 2835 4088 καὶ
2885 4038 3195 4101 πολυειδοῦς
3226 4039 3581 4112 φαυλότητος,
3614 4045 3706 4098 καὶ
3740 4045 3838 4099 τοῦ

535 4143 682 4187 recte
731 4133 912 4186 vivere
977 4129 1199 4194 nollent,
1236 4129 1581 4184 continenter
1625 4128 2000 4182 universorum
2035 4126 2133 4181 do-

2237 4126 2312 4197 μὴ
2343 4125 2748 4197 ἁνέχεσθαιζῇν
2777 4127 2975 4198 ὀρθῶς,
3006 4131 3434 4202 παροτρύνοντες
3456 4133 3723 4189 διετέλουν
3744 4139 3838 4191 τὸν

537 4226 855 4279 minatorem
889 4222 1056 4277 Deum
1097 4220 1408 4288 irritabant;
1443 4221 1585 4275 hanc
1615 4219 1684 4274 ob
1736 4235 1956 4274 causam
1990 4219 2131 4273 mul-

2234 4218 2342 4272 τῶν
2365 4218 2502 4272 ὅλων
2551 4219 2857 4288 κρατοῦντα
2891 4221 3052 4274 Θεόνο
3088 4222 3293 4293 ταύτης
3324 4225 3488 4278 ἕνεκα
3521 4227 3622 4296 τῆς
3655 4229 3837 4295 αἰτίας

537 4317 604 4371 tis
661 4317 836 4370 modis
902 4315 1075 4384 puniti
1129 4323 1279 4370 sunt.
1318 4310 1474 4367 Nunc
1500 4312 1697 4367 etenim
1731 4326 1852 4380 quae
1891 4313 1945 4364 in
1987 4311 2133 4378 agris

2235 4310 2380 4364 κατά
2409 4311 2635 4374 πολλοὺς
2660 4313 2912 4383 ᾐκίζοντο
2941 4315 3176 4384 τρόπους
3197 4331 3213 4347 °
3244 4317 3375 4371 ποτὲ
3405 4319 3503 4386 μὲν
3561 4321 3670 4392 γάρ
3699 4338 3835 4375 κατ-

535 4419 690 4462 erant
740 4405 1229 4475 corrumpebantur
1261 4420 1274 4455 :
1305 4413 1356 4457 et
1387 4402 1464 4457 rei
1494 4401 1706 4456 rustica!
1740 4401 1965 4456 sudores
2019 4401 2133 4455 lru-

2239 4400 2556 4473 ἐφθείροντο
2581 4402 2650 4456 τὰ
2673 4404 2730 4455 ἐν
2757 4405 2967 4475 ἀγροῖς,
2994 4405 3087 4460 καὶ
3112 4407 3238 4467 τοὺς
3276 4410 3368 4462 ἐπὶ
3406 4414 3524 4476 ταῖς
3549 4413 3839 4483 γηπονίαις

535 4505 647 4548 stra
704 4493 1016 4555 tolerantes,
1073 4491 1211 4544 fame
1261 4489 1637 4560 cingebantur.
1703 4489 1980 4559 Scriptum
2048 4499 2132 4546 est

2237 4495 2468 4565 ἱδρῶτας
2493 4494 2850 4565 ὑφιστάμενοι
2881 4497 3082 4566 μάτην,
3104 4496 3250 4570 λιμῷ
3275 4503 3672 4572 κατετρύχοντο
3690 4519 3706 4536 ·
3740 4506 3836 4573 γέ-

535 4587 674 4641 enim
701 4603 713 4638 :
739 4601 754 4636 ι
779 4583 906 4638 Dedi
933 4583 1153 4648 aerugini
1187 4582 1393 4636 fructus
1415 4597 1602 4636 eorum
1633 4591 1686 4636 et
1709 4583 1923 4637 labores
1943 4597 2131 4636 eorum

2235 4601 2481 4657 γραπται
2506 4586 2639 4656 γὰρ,
2663 4588 2745 4640 ὅτι
2781 4604 2800 4638 ι
2835 4588 2946 4640 Καὶ
2979 4587 3146 4643 ἔδωκε
3168 4593 3234 4660 τῇ
3265 4591 3494 4664 ἐρυσίϐῃ
3539 4597 3666 4659 τοὺς
3699 4613 3836 4669 καρ-

535 4679 758 4731 Ιοςιιειω
783 4675 882 4728 τι.»
909 4673 1122 4728 Dictum
1163 4682 1242 4727 est
1264 4674 1424 4728 etiam
1446 4673 1548 4727 illis
1574 4689 1667 4743 per
1686 4690 1848 4728 unum
1877 4688 1906 4728 e
1932 4673 2134 4727 sanctis
2167 4723 2170 4758 η

2192 4723 2209 4758 δ
2240 4678 2374 4740 ποὺς
2404 4677 2606 4744 αὐτῶν,
2650 4679 2743 4732 καὶ
2792 4678 2921 4741 τοὺς
2968 4680 3166 4745 πόνους
3210 4683 3389 4737 αὐτῶν
3443 4688 3510 4757 τῇ
3558 4687 3760 4758 ἀκρίδι.
3807 4711 3827 4741 ι

535 4766 847 4838 pr0phetis:
880 4765 988 4818 ιΤιι
1008 4778 1179 4826 seres,
1202 4774 1254 4818 et
1277 4778 1380 4818 non
1401 4773 1572 4817 metes
1595 4782 1608 4830 ;
1632 4771 1687 4817 tu
1705 4778 1918 4833 premes
1932 4765 2126 4829 oleam,
2166 4765 2170 4776 ‘

2197 4765 2204 4771 ’
2238 4768 2469 4838 Εἴρηται
2492 4768 2549 4821 δέ
2577 4786 2682 4821 που
2724 4769 2861 4840 πρὸς
2891 4771 3090 4836 αὐτοὺς
3124 4773 3219 4828 καὶ
3251 4775 3318 4828 δι’
3351 4776 3471 4841 ἐνὸς
3501 4778 3610 4831 τῶν
3657 4780 3832 4848 ἁγίων

545 4869 599 4914 et
647 4873 752 4912 non
816 4856 1036 4926 uugeris
1062 4856 1461 4922 nleo;vinum.
1489 4866 1543 4910 et
1591 4872 1696 4910 non
1752 4854 1902 4909 bibes
1926 4855 2027 4908 ⁷⁸.»
2064 4854 2129 4908 Et

2235 4859 2552 4931 προφητῶνο
2594 4881 2613 4912 ι
2661 4862 2734 4915 Σὺ
2782 4864 3026 4931 σπερεῖς,
3071 4865 3166 4918 καὶ
3202 4867 3264 4919 οὑ
3327 4867 3402 4939 μὴ
3455 4869 3689 4942 ἀμήσεις
3716 4889 3728 4900 “
3764 4875 3831 4926 σὺ

537 4964 766 5004 rursus:
795 4968 816 5002 ι
851 4949 1046 5003 Domos
1086 4947 1278 5018 politas
1308 4947 1667 5012 tediticabitis,
1695 4955 1749 5001 et
1775 4961 1878 4999 non
1916 4948 2126 5001 habita-

2235 4953 2444 5014 πιέσεις
2471 4952 2677 5019 ἐλαίαν,
2723 4955 2817 5007 καὶ
2846 4957 2910 5006 οὐ
2952 4957 3028 5026 μὴ
3061 4956 3258 5029 ἀλείφῃ
3290 4958 3492 5026 ἔλαιον,
3540 4965 3634 5016 καὶ
3688 4960 3832 5018 οἶνον

535 5039 664 5093 bilis
697 5039 748 5092 in
777 5038 895 5104 eis;
929 5039 1114 5093 vineas
1146 5039 1531 5093 desiderabiles
1565 5037 1894 5107 plantabitis,
1929 5047 1984 5092 et
2014 5052 2119 5090 non

2228 5044 2287 5096 ού
2325 5043 2399 5115 μὴ
2449 5046 2628 5115 πίητε.
2666 5066 2684 5098 ι
2725 5049 2834 5101 Καὶ
2894 5048 3078 5101 πάλιν·
3126 5068 3144 5100 ι
3190 5051 3386 5116 Οίκους
3431 5052 3658 5119 ξυστοὺς
3690 5059 3834 5111 οἰκο-

535 5130 733 5185 bibetis
776 5131 963 5184 vinum
1007 5145 1192 5185 earum
1229 5131 1295 5189 ⁷⁸.
1330 5150 1344 5180 ι
1385 5131 1711 5204 lngruebant
1758 5131 1900 5184 enim
1950 5130 2122 5184 inter-

2224 5135 2510 5206 δομήσετε,
2547 5139 2639 5192 καὶ
2673 5141 2734 5192 οὐ
2762 5139 2836 5211 μὴ
2866 5138 3232 5213 κατοικὴσητε
3256 5145 3311 5198 ἐν
3331 5146 3515 5210 αὐτοῖς
3533 5165 3547 5179 ·
3572 5149 3831 5219 ἀμπελῶ-

539 5222 664 5275 (1ιιιιι
744 5219 979 5273 Itostium
1054 5221 1466 5288 impressiones,
1528 5230 1584 5274 ut
1660 5221 1853 5290 partim
1923 5219 2117 5290 gladiis

2225 5244 2318 5289 νας
2342 5229 2712 5298 ἐπιθυμητοὺς
2734 5231 3051 5300 φυτεύσετε,
3076 5235 3170 5286 καὶ
3196 5235 3256 5287 οὐ
3286 5235 3360 5306 μὴ
3382 5237 3542 5309 πίητε
3574 5239 3656 5293 τὸν
3685 5236 3827 5293 οϊνον

536 5327 725 5368 eorum
781 5323 1255 5375 consumerentur,
1290 5313 1485 5381 partim
1531 5312 1645 5366 hinc
1693 5310 1956 5380 supplicia
2007 5325 2117 5366 me-

2224 5318 2420 5372 αὐτῶν.
2473 5338 2491 5370 ι
2544 5321 2903 5392 Ἐπεφέροντο
2929 5323 3035 5398 γὰρ
3062 5325 3245 5388 αὐτοῖς
3285 5326 3395 5380 ἐσθ’
3418 5329 3506 5383 ὅτε
3541 5330 3639 5383 καὶ
3664 5332 3830 5384 πολέ-

539 5413 770 5470 tuentes,
801 5419 830 5457 e
893 5404 1055 5459 domo
1109 5420 1204 5458 sua
1258 5419 1321 5457 ac
1386 5405 1558 5473 patria
1606 5403 1919 5472 ell‘ugerent,
1955 5416 2010 5459 et
2054 5406 2121 5459 ad

2226 5428 2342 5481 μων
2374 5410 2626 5482 ἐμϐολαὶ,
2654 5411 2794 5466 ὥστε
2826 5417 2953 5480 τοὺς
2987 5421 3086 5488 μὲν
3124 5421 3238 5482 τοῖς
3267 5419 3447 5474 αὐτῶν
3485 5421 3829 5477 δαπανᾶσθαι

538 5495 671 5552 alias
713 5493 873 5550 sedes
896 5511 954 5551 se
982 5497 1306 5564 reciperent.
1338 5493 1442 5548 Sed
1479 5496 1592 5550 haec
1644 5495 1805 5565 prisci
1848 5496 1919 5549 illi
1980 5497 2120 5566 passi

2224 5502 2422 5570 ξίφεσι,
2460 5502 2584 5566 τοὺς
2616 5503 2672 5558 δὲ
2721 5505 2783 5558 τὸ
2834 5507 3029 5562 παθεῖν
3084 5510 3346 5575 δεδιότας,
3383 5511 3479 5564 καὶ
3523 5512 3691 5566 οἴκων
3731 5515 3829 5567 αὑ-

537 5594 684 5653 sunt,
717 5599 817 5639 nec
842 5585 1031 5651 semel,
1059 5594 1282 5655 propter
1347 5585 1512 5638 multa
1565 5597 1804 5654 peccata.
1849 5585 1949 5652 Qui
1996 5602 2122 5643 vero

2225 5592 2333 5646 τῶν
2375 5595 2468 5646 καὶ
2513 5595 2612 5665 τῆς
2650 5598 2983 5670 ἐνεγκούσης
3038 5601 3344 5674 ἀποπηδᾷν,
3400 5603 3494 5656 καὶ
3527 5605 3608 5667 είς
3634 5603 3826 5675 ἐτέρας

611 5779 1074 5869 tilias-115,22
1111 5853 1146 5869 ..
1189 5784 1235 5869 ’ξ’
1271 5781 1830 5869 Ρ¹¹ί¹⁵Ρν;η¹¹’ν.ξν.9·.
1902 5786 1944 5815 ⁷¹
1975 5783 2130 5869 “99"

2184 5800 2276 5869 vx,
2305 5787 2358 5851 5,
2397 5790 2450 5842 4.
2541 5793 2596 5869 _’_'
2625 5793 2801 5851 Galat.
2831 5813 2894 5864 ιι,
2937 5798 3026 5865 15,
3069 5798 3158 5854 l6.
3261 5801 3306 5833 "
3330 5799 3487 5857 Deut.
3523 5815 3694 5863 xxvn,
3717 5799 3819 5869 ειη

540 5849 715 5904 Calat.
749 5863 828 5912 ιιι,
867 5850 951 5906 l0.
1031 5853 1073 5884 "
1107 5853 1250 5908 Psal.
1283 5849 1565 5918 util—M6.
1646 5856 1688 5886 ⁷³
1712 5854 1871 5908 Miclt.
1915 5870 1987 5919 Vl,
2018 5854 2103 5908 15.
2157 5924 2170 5929 ,

1031 5853 1073 5884 ⁷⁸
1107 5853 1250 5908 Psal.
1283 5849 1565 5918 util—M6.
1646 5856 1688 5886 ⁷³
1712 5854 1871 5908 Miclt.
1915 5870 1987 5919 Vl,
2018 5854 2103 5908 15.
2157 5849 2414 5929 ,πΑιιι-υδ
2449 5875 2498 5926 ν,
2533 5861 2617 5917 ll.
