4140 6462
344 380 375 437 1
389 378 496 437 425

1501 384 1565 437 IN
1607 382 1838 438 lSAIAM
1881 380 2011 437 LIB.
2055 383 2119 437 V.
2162 382 2395 438 TOMUS
2440 384 2523 438 Vl.

3511 387 3645 445 Ι-ὶὲθ

347 491 780 564 μετανίστασθαι
835 493 1054 565 χώρας·
1117 495 1256 550 ἀλλὰ
1305 501 1463 552 ταυτὶ
1508 499 1605 570 μὲν
1633 501 1681 552 οἱ
1732 495 1944 551 παλαιοὶ

2054 495 2279 566 gratiam
2306 497 2507 552 Christi
2561 514 2657 566 per
2706 498 2863 554 tidem
2937 499 3308 570 arripuerunt,
3339 509 3393 555 et
3459 501 3647 554 sordes

345 586 678 652 πεπόνθασι,
707 588 802 640 καὶ
816 588 914 658 οὐχ
937 587 1107 654 ἅπαξ,
1138 589 1227 643 διὰ
1254 590 1454 662 πολλὴν
1489 590 1784 662 ἁμαρτίαν·
1804 592 1857 644 οἵ
1884 607 1947 660 γε

349 680 462 751 μὴν
490 680 548 732 ὲν
575 679 797 750 Χριστῷ
829 681 929 752 τὴν
960 682 1049 736 διά
1098 683 1334 748 πίστεως
1375 685 1719 756 ἁρπάσαντες
1765 685 1945 756 χάριν,

346 773 448 825 καὶ
493 773 621 835 τοὺς
649 773 713 826 ἐκ
743 772 844 843 τῆς
873 774 1152 846 ἁμαρτίας
1195 775 1598 846 ἀπονιψάμενοι
1633 777 1947 848 μολυσμοὺς

343 863 440 916 διὰ
471 863 566 916 τοῦ
600 864 759 932 ἁγίου
803 865 1200 938 βαπτίσματος,
1247 869 1308 921 οὑ
1342 871 1455 932 τοῖς
1505 870 1732 924 ἐκείνων
1786 886 1945 940 περι-

348 955 645 1010 πεσοῦνται
679 960 891 1022 κακοῖς,
922 958 1046 1012 οὔτε
1093 961 1200 1032 μὴν
1248 962 1357 1015 τῶν
1395 963 1582 1026 αὐτοῖς
1631 963 1946 1033 πεπονημέ-

344 1063 458 1098 νων
499 1051 888 1118 πνευματικῶς
930 1049 1192 1121 ἀδόκητον
1237 1052 1571 1124 ὐπομενοῦσι
1597 1053 1832 1125 ζημίαν·
1865 1055 1946 1107 ὲν-

343 1139 687 1209 τρυφήσουσι
703 1139 757 1194 δὲ
781 1141 981 1210 μᾶλλον
999 1145 1111 1208 τοῖς
1135 1145 1342 1199 ἑαυτῶν
1362 1147 1770 1218 κατορθώμασι,
1801 1146 1944 1201 κατὰ

340 1231 408 1281 τὸ
434 1233 492 1284 ἐν
513 1233 764 1304 Ψαλμοῖς
795 1236 1164 1308 ὑμνούμενον·
1203 1259 1221 1291 ι
1256 1239 1396 1304 Τοὺς
1428 1240 1622 1304 πόνους
1656 1240 1764 1293 τῶν
1803 1258 1942 1312 καρ-

344 1321 466 1375 πῶν
492 1339 586 1376 σου
618 1325 874 1395 φάγεσαι·
915 1347 936 1382 ι
972 1329 1202 1402 καρπῶν
1229 1332 1538 1400 λεγομένων
1564 1332 1672 1388 τῶν
1695 1334 1942 1388 κάτωθεν

340 1415 449 1484 τῆς
487 1416 748 1490 παλάμης
780 1420 1019 1492 σαρκῶν.
1063 1423 1345 1479 Ἐκϐάλλει
1367 1426 1479 1497 γάρ
1505 1426 1703 1490 αὐτοὺς
1727 1426 1901 1490 οὐδείς
1923 1443 1938 1459 ·

338 1508 471 1562 οὗτε
501 1509 609 1579 μὴν
643 1511 977 1586 ἀποσοϐήσει
1023 1517 1154 1571 ποτὲ
1199 1517 1297 1587 τῆς
1350 1517 1716 1592 δοθησομένης
1754 1519 1942 1583 αὐτοῖς

341 1599 501 1670 παρὰ
517 1601 652 1655 Θεοῦ
685 1605 872 1675 μονῆς.
906 1607 1106 1662 Πολλαὶ
1124 1609 1236 1679 γάρ
1264 1611 1422 1678 μοναὶ
1449 1610 1597 1682 παρὰ
1623 1610 1700 1681 τῷ
1726 1611 1902 1682 Πατρί
1923 1626 1936 1640 ·

340 1692 464 1746 ἀλλ’
495 1694 603 1748 οὐδ’
639 1695 706 1749 ἂν
735 1697 1136 1754 ἀποπεσοῦνται
1165 1701 1258 1755 τοῦ
1290 1702 1491 1773 κλήρου
1518 1702 1612 1757 τοῦ
1638 1702 1938 1774 δοθησομέ-

339 1804 435 1840 νου
467 1789 560 1841 καὶ
600 1791 902 1862 πρέποντος
933 1797 1052 1860 ταῖς
1093 1797 1312 1867 νοηταῖς
1345 1795 1526 1850 αὐτῶν
1570 1796 1899 1869 εύκαρπίαις
1921 1814 1934 1828 ·

2051 588 2256 657 peccati
2290 602 2384 658 per
2425 604 2638 642 sacrum
2674 589 2954 644 lavacrum
2992 589 3302 653 abluerunt,
3340 591 3392 643 in
3432 589 3646 644 illorum

2051 681 2191 734 mala
2225 696 2327 735 non
2361 683 2620 747 incident,
2658 699 2757 737 nec
2795 699 3008 747 eorum,
3044 684 3094 737 in
3133 683 3334 752 quibus
3393 683 3644 738 elabora-

2048 781 2244 826 verunt
2273 773 2648 842 spiritualiter,
2693 776 2947 828 damnum
2985 774 3468 843 inexspectamlum
3516 790 3642 828 sus-

2050 862 2338 931 tinebunt;
2382 867 2476 920 sed
2509 867 2924 921 delectabuntur
2972 869 3083 924 suis
3136 870 3396 938 prmclare
3453 869 3635 929 factis.

2043 955 2341 1010 secundum
2415 959 2464 1011 id
2522 961 2666 1027 quod
2717 960 2766 1013 in
2835 958 3064 1015 Psalmis
3124 963 3470 1016 decantatum
3520 972 3640 1015 est:

2050 1047 2312 1104 «Fructus
2343 1049 2584 1105 laborum
2605 1063 2816 1107 tuorum
2848 1055 3198 1109 manducabis
3221 1056 3297 1109 ττι
3333 1075 3349 1106 ι
3369 1055 3638 1116 laborum,

2044 1140 2137 1211 qui
2171 1142 2239 1197 ab
2293 1142 2650 1200 inferioribus
2718 1148 3038 1215 corporibus
3094 1146 3410 1201 tolerantur.
3474 1144 3641 1198 Nemo

2042 1232 2185 1286 enim
2211 1232 2328 1288 illos
2357 1234 2563 1303 cjiciet,
2601 1251 2699 1292 nec
2734 1252 2969 1308 unquam
3027 1252 3055 1290 a
3099 1238 3273 1290 danda
3308 1237 3441 1305 ipsis
3469 1253 3498 1290 a
3530 1237 3640 1290 Deo

2039 1323 2168 1378 sede
2193 1325 2459 1382 detrudet.
2491 1327 2672 1384 Multae
2712 1331 2854 1384 enim
2885 1331 3039 1385 sedes
3071 1340 3198 1385 sunt
3233 1331 3370 1401 apud
3398 1329 3637 1384 Patrem.

2041 1415 2147 1471 Sed
2183 1432 2280 1473 nec
2312 1434 2340 1472 a
2372 1429 2517 1475 sorte
2546 1422 2720 1476 danda
2749 1432 2802 1477 et
2833 1438 2960 1493 quae
2996 1422 3265 1494 spirituali
3322 1437 3509 1477 eorum
3557 1421 3640 1476 fe-

2039 1507 2300 1563 cunditati
2332 1511 2606 1576 convenit,
2641 1514 2910 1568 decideut.
2953 1514 3072 1568 Erit
3099 1515 3245 1569 enim
3274 1514 3382 1568 vita
3419 1527 3634 1574 eorum.

2038 1599 2234 1670 inquit,
2289 1612 2347 1658 ιιι
2409 1604 2524 1659 dies
2580 1605 2709 1676 ligni
2762 1606 2888 1660 vita:
2923 1623 2938 1660 :
2973 1606 3026 1660 id
3077 1615 3184 1672 est,
3241 1614 3454 1660 sancta.
3491 1604 3640 1659 Talis

2041 1693 2186 1746 enim
2219 1703 2357 1762 erat,
2388 1707 2512 1752 ante
2542 1699 3028 1768 transgressionem
3058 1739 3073 1764 ,
3101 1699 3154 1752 in
3191 1699 3382 1769 primis
3431 1711 3636 1766 paren-

2043 1783 2212 1849 tibus,
2241 1801 2362 1842 cum
2395 1788 2559 1844 etiam
2593 1791 2785 1846 liceret
2833 1791 2944 1846 illis
2982 1790 3114 1861 ligni
3148 1791 3271 1844 vitae
3305 1788 3420 1843 fieri
3465 1787 3638 1856 parti-

341 1880 500 1936 ἔσται
522 1881 652 1954 γὰρ,
687 1886 922 1957 φησὶν,ή
956 1887 1068 1960 ζωὴ
1097 1889 1279 1942 αὐτῶν
1307 1889 1451 1944 κατὰ
1476 1889 1578 1951 τὰς
1605 1888 1820 1961 ἡμέρας
1844 1886 1941 1942 τοῦ

2046 1875 2214 1946 cipes,
2253 1880 2695 1936 exsecratissimo
2746 1890 2800 1936 et
2860 1881 2967 1938 Deo
3016 1881 3190 1936 inviso
3247 1887 3470 1950 peccato
3502 1887 3638 1930 non-

343 1969 505 2034 ξύλου
539 1971 637 2043 τῆς
661 1971 827 2045 ζωῆς,
869 1977 1142 2031 τουτέστιν
1181 1976 1411 2050 άγία[ν].
1450 1977 1687 2051 Τοιαύτη
1727 1978 1836 2050 γὰρ
1877 1972 1947 2049 ἦν

341 2063 452 2136 πρὸ
483 2064 581 2135 τῆς
607 2068 972 2138 παραϐάσεως
998 2069 1055 2121 ὲν
1087 2072 1199 2132 τοῖς
1230 2069 1702 2140 πρωτοπλάστοις,
1737 2071 1824 2122 ὅτε
1849 2071 1946 2123 καὶ

340 2155 474 2226 ἐξῆν
511 2158 694 2222 αὐτοῖς
727 2159 786 2212 ἐν
814 2160 1029 2230 μεθέξει
1057 2159 1309 2229 γενέσθαι
1334 2161 1428 2214 τοῦ
1465 2160 1625 2227 ξύλου
1653 2161 1752 2230 τῆς
1775 2160 1942 2231 ζωῆς,

341 2247 498 2302 οὔπω
535 2249 635 2320 τῆς
669 2249 1064 2324 βδελυροτάτης
1097 2253 1190 2306 καὶ
1236 2251 1527 2324 θεομισοῦς
1551 2252 1828 2324 ἁμαρτίας
1851 2251 1944 2306 λα-

340 2342 548 2414 ϐούσης
579 2344 743 2398 τόπον
769 2346 827 2397 ἐν
855 2346 1060 2410 αὐτοῖς.
1095 2345 1440 2416 Προσεπάγει
1484 2364 1538 2399 τι
1565 2344 1804 2399 τοιοῦτον
1848 2344 1943 2398 καὶ

341 2436 534 2505 ἕτερον
592 2436 693 2503 τῆς
751 2437 1092 2509 προφητείας
1145 2440 1174 2493 6
1231 2438 1420 2508 λόγος·
1454 2456 1472 2489 ι
1515 2437 1597 2491 Τά
1635 2437 1744 2510 γὰρ
1784 2437 1942 2509 ἔργα,

341 2527 499 2598 φησὶ,
552 2527 660 2580 τῶν
691 2530 889 2600 χειρῶν
952 2531 1131 2585 αὐτῶν
1162 2530 1553 2596 παλαιὼσουσι,
1591 2550 1609 2583 ι
1641 2530 1941 2596 τουτέστιν,

340 2621 790 2692 ἀναμετάϐλητον
822 2621 1006 2687 ’ἐξουσι
1039 2624 1139 2694 τὴν
1169 2623 1277 2676 τῶν
1315 2623 1604 2695 πρακτέων
1645 2622 1783 2678 ὁδόν.
1817 2615 1943 2676 Οίον

339 2714 404 2784 δή
438 2712 490 2765 τί
524 2731 688 2784 φημι.
710 2714 930 2768 Δέδοται
961 2714 1060 2786 μὲν
1092 2717 1202 2788 γάρ
1221 2717 1332 2781 τοῖς
1349 2715 1410 2781 ἐξ
1452 2714 1672 2787 Ἰσραὴλ
1701 2714 1790 2769 διά
1813 2715 1942 2769 Μω-

345 2805 485 2870 σέως
512 2807 541 2859 6
565 2806 749 2876 νόμος·
783 2806 898 2860 ἀλλ’
934 2803 1000 2880 ἦν
1034 2809 1091 2860 ὲν
1121 2807 1271 2880 αὐτῷ
1296 2807 1426 2862 σκιὰ
1452 2807 1546 2861 καὶ
1575 2806 1768 2872 τύπος,
1803 2806 1942 2878 ἔχων

347 2899 450 2970 μὲν
470 2897 570 2968 τῆς
593 2897 852 2970 ἀληθείας
879 2900 978 2970 τὴν
1010 2901 1314 2972 μόρφωσιν,
1350 2899 1491 2972 πλὴν
1519 2897 1674 2954 οὔπω
1706 2899 1800 2954 καὶ
1839 2902 1940 2954 αύ-

338 2990 440 3059 τὴν
472 2990 570 3061 τὴν
607 2989 888 3062 ἀλήθειαν.
937 2989 1154 3063 Ἐπειδὴ
1185 2991 1242 3045 δὲ
1275 2990 1591 3062 ἐπέλαμψεν
1622 2994 1651 3045 6
1683 2992 1938 3064 Χριστὸς,

343 3082 646 3153 μετέϐαλον
683 3083 731 3137 oi
753 3081 914 3137 τύποι
938 3082 1074 3153 πρὸς
1105 3082 1388 3155 ἀλήθειαν,
1415 3085 1508 3138 καὶ
1536 3079 1650 3139 οἷον
1688 3085 1941 3157 μετεκλί-

340 3177 516 3247 θησαν
540 3178 594 3230 αἱ
629 3176 778 3231 σκιαὶ
812 3176 908 3229 καὶ
949 3175 1381 3246 πεπαλαίωνται,
1416 3177 1718 3244 τουτέστιν,
1753 3179 1816 3233 οὐ
1854 3179 1943 3252 μέ-
1970 3215 2012 3274 C

339 3287 436 3340 χρι
502 3269 703 3333 παντὸς
756 3270 1067 3341 κεκράτηκε
1109 3268 1212 3340 τῆς
1264 3271 1323 3324 ὲν
1382 3270 1534 3342 νόμῳ
1595 3270 1934 3344 πολιτείαςή

338 3359 590 3428 δύναμις.
629 3357 840 3413 Οὐκοῦν
856 3359 905 3411 οἱ
940 3358 1039 3430 μὲν
1068 3357 1127 3424 ἐξ
1160 3359 1393 3430 αἵματος
1429 3358 1646 3432 Ἰσραὴλ
1668 3362 1771 3415 ούκ
1799 3363 1937 3416 ὲπα-

339 3451 584 3506 λαίωσαν
625 3451 694 3506 τὰ
738 3451 879 3524 ἔργα
933 3451 1156 3516 αὐτῶν’(
1197 3451 1454 3522 ἀνόνητος
1503 3453 1612 3525 γὰρ
1660 3454 1693 3525 ἡ
1739 3454 1936 3526 νομικὴ

341 3545 591 3614 λατρεία,
604 3545 664 3599 τό
693 3563 758 3615 γε
783 3542 918 3614 ἧκον
941 3547 1020 3610 είς
1048 3543 1296 3614 τύπους),
1321 3544 1698 3600 παλαιώσουσι
1727 3545 1785 3600 δὲ
1800 3549 1849 3600 οἱ
1881 3549 1939 3599 ἐν

342 3636 586 3708 Χριστῷ.
633 3639 708 3693 Οὐ
740 3638 848 3710 γὰρ
888 3637 1076 3709 ἔτερος
1103 3637 1288 3700 αὐτοῖς
1315 3636 1602 3710 δοθήσεται
1635 3635 1818 3709 νόμος,
1864 3639 1940 3702 ὡς

347 3733 610 3806 μεθιστᾷν
632 3731 726 3786 ἐπὶ
748 3732 809 3786 τὺ
840 3732 1066 3804 ἄμεινον
1098 3733 1206 3787 τῶν
1232 3731 1608 3802 εύαγγελικῶν
1642 3730 1941 3802 θεσπισμά-

343 3844 452 3880 των
503 3824 599 3896 τὴν
650 3824 898 3896 δύναμιν.
943 3825 1173 3897 Εἴρηται
1226 3825 1336 3898 γάρ
1383 3843 1485 3879 που
1533 3823 1674 3897 πρὸς
1704 3823 1797 3880 τὸν
1831 3823 1942 3878 τῶν

343 3917 483 3973 ὅλων
519 3918 749 3989 Σωτῆρα
772 3918 1006 3990 Χριστὸν
1031 3918 1118 3974 διὰ
1143 3919 1242 3992 τῆς
1274 3919 1368 3973 τοῦ
1395 3917 1706 3982 Ψάλλοντος
1733 3917 1941 3988 φωνῆς·

354 4029 374 4061 ι
411 4009 477 4064 Ἦ
494 4009 807 4080 δικαιοσύνη
854 4027 947 4062 σου
977 4009 1295 4080 δικαιοσύνη
1326 4011 1408 4074 είς
1438 4009 1532 4064 τὸν
1555 4011 1752 4073 αίῶνα,
1789 4009 1884 4062 καὶ
1915 4011 1946 4062 6

347 4101 512 4172 νόμος
542 4118 634 4155 σου
669 4097 918 4170 ἀλήθεια.
957 4127 1029 4140 -σ-
1050 4100 1112 4152 Οἱ
1145 4098 1203 4152 δὲ
1231 4099 1483 4153 ἐκλεκτοί
1541 4114 1644 4168 μου
1664 4136 1679 4161 ,
1745 4097 1940 4169 φησὶν,

347 4191 409 4242 οὺ
461 4189 816 4244 κοπιάσουσιν
850 4188 930 4250 είς
961 4187 1136 4255 κενὸν,
1173 4187 1296 4242 οὐδὲ
1355 4187 1835 4258 τεκνοποιήσουσιν
1864 4188 1945 4250 είς

349 4285 618 4355 κατάραν.
666 4301 685 4335 ιι
719 4280 1152 4336 Διδάσκειπάλιν
1185 4281 1260 4345 ὡς
1287 4283 1352 4335 ὲκ
1368 4280 1743 4352 παραθέσεως,
1776 4281 1944 4350 ἧγουν

348 4374 737 4446 ἁντεξαγωγῆς
773 4374 878 4429 τῶν
925 4373 1093 4429 πάλαι
1152 4373 1582 4446 συμϐεϐηκότων
1634 4375 1749 4438 τοῖς
1809 4375 1943 4427 Ἰου-

347 4469 512 4524 δαίων
539 4469 911 4540 καθηγηταῖς·
950 4469 1304 4540 Γραμματεῖς
1348 4464 1406 4521 δὲ
1444 4458 1591 4520 οὗτοι
1635 4466 1732 4521 καὶ
1780 4467 1945 4538 Φαρι-

2051 1967 2178 2023 dum
2229 1970 2404 2026 locum
2438 1973 2492 2027 in
2523 1973 2632 2028 illis
2691 1973 2947 2028 habente.
3005 1971 3168 2028 Aliud
3223 1987 3327 2026 non
3374 1967 3638 2025 dissimile

2047 2064 2295 2135 adjungit
2336 2065 2651 2136 pr0phetica
2719 2063 2917 2119 oratio.
2953 2081 2972 2115 ι
2999 2061 3176 2132 Opera
3232 2061 3400 2127 enim,
3432 2059 3637 2128 inquit.

2047 2172 2304 2211 manuum
2353 2172 2574 2211 suarum
2613 2157 3032 2220 inveterascent,
3087 2154 3138 2209 id
3174 2162 3278 2217 est,
3303 2149 3471 2223 905
3507 2166 3636 2205 cur—

2046 2263 2165 2304 sum
2220 2249 2270 2303 in
2304 2249 2465 2306 rebus
2502 2252 2756 2319 gerendis
2781 2258 2990 2306 certum
3038 2249 3316 2304 habebunt
3348 2257 3401 2301 et
3441 2246 3636 2299 immu-

2046 2339 2286 2397 labilem.
2315 2339 2471 2407 Quod
2529 2343 2670 2408 dico,
2722 2343 2797 2398 ita
2853 2356 2912 2397 se
2965 2342 3146 2397 habet.
3179 2339 3310 2393 Data
3365 2348 3448 2394 est
3493 2337 3638 2392 enim

2044 2431 2306 2489 lsraelitis
2339 2450 2435 2505 per
2484 2434 2706 2508 Moysen
2737 2435 2860 2502 lex;
2901 2435 2996 2490 sed
3041 2435 3094 2489 in
3129 2433 3219 2488 illa
3266 2440 3385 2487 erat
3446 2430 3636 2484 umbra

2043 2535 2100 2581 et
2130 2536 2305 2599 typus,
2330 2529 2566 2597 speciem
2603 2530 2850 2584 veritatis
2889 2528 3116 2594 habens,
3162 2526 3400 2581 nondum
3457 2533 3634 2578 tamen

2045 2621 2219 2692 ipsam
2255 2621 2566 2679 veritatem.
2603 2619 2957 2676 lllucescenle
2987 2619 3228 2687 Christo,
3260 2615 3451 2672 mutati
3506 2623 3634 2669 sunt

2046 2715 2235 2787 typiin
2281 2715 2563 2770 veritatem
2625 2722 2681 2768 et
2723 2713 2933 2768 umbem
2997 2709 3144 2766 velut
3203 2707 3535 2764 inclinarunt
3581 2711 3638 2760 et

2044 2809 2459 2874 inveterarunt,
2518 2806 2570 2860 id
2624 2813 2729 2870 est,
2820 2818 2929 2859 non
3009 2815 3224 2872 semper
3265 2799 3430 2855 robur
3474 2813 3634 2854 suum

2043 2901 2236 2958 habuit
2287 2899 2477 2971 legalis
2504 2897 2945 2954 conversationis
2978 2895 3175 2950 virtus.
3209 2892 3400 2962 Itaque
3455 2890 3633 2945 Israe-

2045 2992 2151 3048 litae
2179 3007 2344 3062 Opera
2389 3007 2484 3047 sua
2515 2990 2916 3046 inveterascere
2949 3001 3056 3042 non
3100 2985 3348 3039 fecerunt
3373 2981 3393 3054 (
3418 2979 3630 3035 inutilis

2044 3084 2244 3155 quippe
2290 3093 2374 3140 est
2397 3082 2582 3155 legalis
2642 3082 2846 3146 cultus,
2895 3079 3041 3151 quod
3088 3078 3155 3134 ad
3190 3087 3346 3149 typos
3372 3073 3634 3143 attinet).

2045 3187 2101 3234 at
2144 3178 2238 3250 qui
2262 3177 2314 3233 in
2353 3177 2571 3234 Christo
2595 3183 2724 3232 sunt
2751 3174 3045 3230 durabunt.
3086 3171 3204 3227 Non
3228 3169 3374 3226 enim
3400 3167 3503 3222 alia
3530 3165 3637 3220 illis

2044 3271 2132 3326 lex
2172 3271 2392 3326 dabitur
2455 3283 2576 3338 quae
2608 3265 3049 3338 evangelicorum
3083 3261 3432 3320 oraculorum
3464 3257 3636 3311 virtu-

2042 3373 2150 3420 tem
2177 3363 2231 3418 in
2261 3362 2456 3417 melius
2485 3367 2802 3415 commutet.
2843 3356 3058 3412 Dictum
3086 3361 3171 3411 est
3200 3351 3347 3407 enim
3384 3363 3483 3420 per
3510 3347 3635 3402 uni-

2040 3471 2323 3512 versorum
2391 3453 2734 3509 Servatorem
2782 3447 3084 3514 Christum,
3139 3459 3275 3502 voce
3309 3441 3630 3499 Psallentis:

2048 3545 2659 3617 «Justitiatua,justitia
2699 3543 2754 3598 ln
2780 3540 3060 3608 saeculum,
3107 3546 3162 3593 et
3201 3537 3289 3593 lex
3344 3544 3432 3591 tua
3493 3534 3637 3590 veri-

2042 3651 2127 3698 tas
2151 3643 2216 3696 ⁷⁸.
2246 3660 2264 3694 ι
2301 3670 2367 3682 -
2398 3659 2417 3694 ι
2443 3637 2612 3695 Electi
2647 3647 2850 3701 autem,
2885 3634 3086 3706 inquit,
3129 3633 3236 3688 mei
3281 3646 3386 3687 non
3418 3627 3630 3684 labora-

2041 3735 2179 3792 bunt
2225 3732 2447 3798 frustra,
2487 3744 2664 3801 neque
2703 3729 2903 3784 liberos
2934 3726 3158 3797 gignent
3186 3725 3240 3780 in
3289 3721 3632 3778 maledictio-

2046 3845 2192 3886 nem.
2227 3847 2245 3881 ι
2277 3826 2486 3882 Rursus
2517 3822 2694 3889 docet,
2724 3821 2876 3878 velut
2897 3834 2964 3875 ex
2989 3817 3342 3875 contentione
3368 3822 3424 3872 et
3463 3827 3631 3885 oppo-

2047 3922 2244 3977 sitione
2269 3932 2455 3974 eorum
2504 3931 2625 3986 quae
2667 3914 2941 3982 quondam
3003 3909 3272 3981 praefectis
3315 3907 3635 3962 Judaeorum

2047 4012 2433 4078 contigerunt:
2472 4005 2526 4059 hi
2565 4010 2746 4058 autem
2791 4008 2920 4056 sunt.
2975 3998 3180 4055 Scribae
3220 4007 3275 4053 et
3331 3995 3592 4051 Pharisaﬁ
3621 4035 3636 4057 ,

2047 4103 2163 4172 qui,
2198 4101 2315 4170 lege
2371 4097 2661 4163 relicta,et
2710 4094 2971 4151 docentes
3037 4091 3336 4155 doctrinas,
3381 4088 3633 4142 mandata

2050 4193 2354 4254 hominum,
2411 4199 2595 4262 patres
2651 4188 2870 4258 quidem
2927 4185 3250 4240 exstiterunt
3302 4181 3632 4246 liberorum,

2046 4303 2146 4358 per
2182 4284 2543 4354 disciplinam,
2585 4281 2795 4338 scilicet
2827 4286 2923 4335 :at
2959 4277 3160 4332 frustra
3183 4314 3200 4341 ,
3242 4283 3297 4330 et
3324 4274 3376 4329 in
3411 4273 3638 4328 maledi-

2049 4380 2305 4436 ctionem.
2352 4375 2464 4429 lloc
2497 4375 2660 4429 etiam
2728 4385 2826 4426 nos
2859 4369 3043 4426 docuit
3091 4368 3371 4433 Servator,
3418 4365 3639 4421 Scribas

2048 4480 2104 4528 et
2148 4469 2452 4526 Pbarisaeos
2497 4466 2920 4533 reprehendens.
2960 4460 3106 4518 Dixit
3159 4459 3346 4516 enim:
3385 4477 3404 4510 ι
3432 4459 3524 4514 Va:
3554 4474 3640 4513 vo-

351 4564 514 4625 σαῖοι,
543 4561 594 4615 οἳ
622 4560 711 4614 τὸν
741 4560 906 4632 νόμον
924 4559 1174 4630 ἀφέντες,
1199 4560 1294 4614 καὶ
1318 4558 1662 4620 διδάσκοντες
1687 4557 1944 4611 διδασκαο

2051 4565 2160 4630 bis,
2205 4562 2411 4617 Scribae
2439 4568 2494 4615 et
2519 4556 2780 4613 Pharisrci
2838 4554 3156 4627 hypocrita),
3206 4552 3334 4622 quia
3394 4550 3638 4607 circuitis

345 4655 471 4709 λίαν
524 4653 834 4725 ἐντάλματα
882 4651 1209 4724 ἀνθρώπων,
1259 4651 1498 4722 πατέρες
1551 4650 1649 4720 μὲν
1683 4650 1942 4720 γεγόνασι

350 4747 555 4802 τέκνων
575 4747 685 4801 τῶν
719 4745 860 4801 κατὰ
899 4744 1136 4817 μάθησιν
1167 4743 1432 4814 δηλονότι,
1471 4742 1613 4813 πλὴν
1645 4743 1726 4806 είς
1766 4742 1944 4808 κενὸν,

353 4841 448 4894 καὶ
477 4842 556 4904 είς
580 4840 844 4912 κατάραν·
883 4839 1030 4910 ἡμᾶς
1067 4837 1162 4892 καὶ
1191 4836 1349 4890 τοῦτο
1377 4837 1616 4903 ἐδίδαξεν
1657 4840 1685 4893 6
1730 4835 1942 4908 Σωτὴρ,

353 4934 468 4996 τοῖς
517 4929 916 5004 Γραμματεῦσι
967 4931 1062 4984 καὶ
1110 4928 1429 4998 Φαρισαίοις
1482 4929 1752 5001 ἐπιτιμῶν
1800 4927 1947 5000 ’ἔφη

351 5021 483 5094 γὰρ,
532 5022 615 5076 ὅτι
652 5040 672 5074 ι
723 5022 865 5077 Οὐαὶ
902 5023 1055 5094 ὑμῖν,
1107 5021 1466 5092 Γραμματεῖς
1513 5020 1610 5074 καὶ
1663 5021 1949 5091 Φαρισαῖοι

354 5112 666 5185 ὑποκριταὶ,
685 5112 767 5166 ὅτι
797 5113 1091 5183 περιάγετε
1119 5113 1223 5186 τὴν
1258 5112 1535 5168 θάλασσαν
1597 5113 1693 5167 καὶ
1723 5111 1822 5184 τὴν
1851 5112 1950 5183 ξη-

356 5203 478 5276 ρὰν,
504 5203 729 5274 ποιῆσαι
745 5203 842 5257 ἕνα
867 5204 1227 5277 προσήλυτον·
1251 5207 1342 5260 καὶ
1364 5206 1458 5260 ἐὰν
1471 5203 1720 5275 γένηται,
1747 5206 1952 5258 ποιεῖτε

354 5294 518 5351 αὐτὸν
543 5295 658 5348 υἱὸν
679 5295 906 5365 γεέννης
928 5293 1246 5368 διπλότερον
1279 5296 1454 5365 ὑμῶν.
1489 5315 1508 5347 ι
1560 5295 1770 5351 Οὐκοῦν
1796 5296 1941 5348 ἐκεῖ·

354 5402 435 5439 νοι
481 5385 582 5458 μὲν
622 5385 1046 5458 ὲτεκνοποίησαν
1097 5387 1178 5450 είς
1209 5388 1456 5462 κατάραν
1495 5389 1588 5441 καὶ
1625 5391 1708 5452 είς
1747 5388 1902 5441 κενόν
1926 5403 1938 5414 ·

354 5480 403 5530 οἱ
432 5477 488 5530 δὲ
517 5478 763 5532 ἐκλεκτοί
791 5495 915 5549 μου,
934 5477 1088 5550 φησι,
1115 5479 1414 5547 τουτέστιν,
1446 5483 1495 5534 oi
1524 5480 1801 5535 θεσπέσιοι
1836 5497 1942 5551 μα-

358 5570 539 5640 θηταὶ,
594 5571 762 5643 ἤγουν
812 5571 1070 5639 καθάπαξ
1111 5573 1162 5625 oi
1207 5573 1316 5626 τῶν
1354 5573 1505 5644 ἐμῶν
1555 5573 1944 5645 θεσπισμάτων

361 5661 653 5735 ἱερουργοὶ,
708 5665 808 5719 οὐκ
855 5666 931 5729 είς
984 5664 1233 5736 κατάραν
1274 5667 1776 5738 τεκνοποιήσουσιν,
1820 5664 1944 5718 οὔτε

427 5837 474 5872 ’⁷
503 5839 646 5896 Psal.
689 5857 892 5911 cxxvn,
921 5844 974 5899 2.
1052 5845 1097 5876 ⁷⁸
1133 5845 1272 5900 Psal.
1309 5861 1496 5910 cxvm,
1539 5845 1658 5900 149..
1739 5847 1780 5877 "
1819 5844 2005 5901 Matth.

2052 4671 2204 4712 mare
2229 4663 2284 4710 ct
2327 4653 2558 4714 aridam,
2591 4658 2652 4704 ut
2688 4647 2902 4704 faciatis
2955 4661 3120 4701 unum
3171 4645 3543 4717 proselylum:
3585 4653 3640 4698 et

2051 4766 2174 4807 cum
2200 4747 2366 4804 fuerit
2419 4745 2612 4810 factus,
2671 4742 2850 4797 facitis
2894 4740 3044 4795 illum
3105 4739 3273 4794 lilium
3337 4739 3638 4808 gehennaa,

2053 4845 2215 4916 duplo
2243 4840 2416 4909 magis
2445 4852 2607 4909 quam
2635 4851 2732 4892 vos
2759 4835 2892 4892 estis
2915 4835 2982 4889 τ’.
3017 4851 3036 4887 ι
3069 4831 3261 4903 Itaque
3311 4831 3386 4886 illi
3441 4831 3641 4884 liberos

2045 4942 2348 5010 genuerunt
2383 4933 2437 4987 in
2475 4928 2912 4986 maledictionem
2955 4925 3090 4981 etin
3122 4940 3316 4980 vanum
3350 4942 3362 4977 :
3407 4923 3499 4978 sed
3535 4924 3640 4976 ele-
3673 4968 3677 4972 .

2044 5031 2140 5096 cti,
2173 5027 2371 5098 inquit,
2414 5023 2541 5088 mei,
2573 5022 2624 5076 id
2654 5029 2760 5085 est,
2790 5019 2958 5074 divini
3013 5015 3288 5086 discipuli,
3316 5014 3399 5069 vel
3459 5015 3638 5068 omni-

2046 5138 2118 5178 no
2181 5131 2428 5176 meorum
2489 5111 2834 5169 oraculorum
2878 5107 3204 5176 administri,
3261 5119 3368 5160 non
3420 5105 3642 5176 gignent

2047 5213 2251 5270 liberos
2315 5210 2368 5264 in
2441 5204 2920 5268 maledictionem,
3007 5213 3181 5269 neque
3242 5197 3446 5254 frustra
3511 5211 3641 5251 suos

2046 5314 2315 5377 posteros.
2375 5299 2572 5354 Semen
2633 5295 2777 5350 enim
2849 5293 3195 5349 benedictum
3259 5291 3386 5357 erit,
3453 5304 3639 5345 semen

2051 5413 2239 5453 eorum
2271 5403 2325 5450 et
2362 5391 2696 5449 benedictum
2726 5404 2754 5441 a
2783 5389 2910 5442 Deo.
2937 5385 3092 5454 Quod
3127 5395 3306 5440 autem
3328 5384 3434 5438 illis
3463 5383 3644 5439 adhtn-

2053 5490 2215 5555 rebit,
2248 5488 2544 5542 clementer
2569 5493 2622 5538 et
2670 5483 2980 5537 humaniter
3030 5480 3134 5535 illis
3156 5478 3338 5534 omnia
3378 5475 3636 5546 largiens,

2053 5587 2105 5633 et
2139 5577 2391 5646 precibus
2437 5589 2622 5628 eorum
2669 5572 3067 5640 paratissimam
3125 5581 3308 5622 aurem
3358 5566 3634 5636 prtebcns,

2053 5668 2322 5733 ostendit,
2359 5683 2478 5722 cum
2523 5666 2653 5722 dicit
2685 5679 2698 5717 :
2736 5681 2755 5715 ι
2781 5662 3099 5731 Priusquam
3128 5659 3363 5717 clament
3413 5655 3513 5722 illi,
3542 5671 3640 5727 ego

2046 5860 2204 5912 xuii,
2238 5843 2318 5899 l5.
