4140 6468
483 337 620 392 “‘27

1478 342 1536 398 S.
1577 343 1856 399 CYRlLla
1898 342 2374 399 ALEXANDBINI
2416 344 2739 401 ARClllEP.

3635 310 3789 409 lies.

478 454 764 508 exaudiam
824 467 940 507 eos.
989 452 1177 508 Adhuc
1243 452 1589 523 loquentibus
1661 454 1787 523 illis,
1841 456 2057 510 dicam:

2169 455 2277 527 μὴν
2305 455 2387 519 είς
2416 454 2593 520 κενὸν,
2645 454 2768 507 κατ’
2811 454 3056 516 ἐκείνους
3079 471 3092 485 ⁸
3145 455 3368 527 σπέρμα
3399 456 3508 530 γὰρ
3541 460 3774 533 εὐλογη-

478 543 618 609 Quill
649 544 774 600 est?
803 563 823 596 ι

2173 543 2335 614 μένον
2367 545 2520 597 ἔσται
2554 543 2614 596 τὸ
2652 544 2874 615 σπέρμα
2920 541 3121 607 αὐτῶν,
3168 544 3534 618 εὖλογημένον
3576 548 3635 602 δὲ
3666 551 3773 605 ὑπὸ

477 633 636 688 Θεοῦ.
670 636 793 688 Ὅτι
857 633 914 687 δὲ
946 632 1334 705 προσκείσεται
1355 634 1473 689 λίαν
1512 637 1718 703 αὐτοῖς,
1786 638 1854 692 τὰ
1894 637 1973 703 ὲξ⁶
2014 635 2354 707 ἡμερότητος
2404 635 2499 689 καὶ
2544 634 2957 707 φιλανθρωπίας
3008 634 3368 707 δωρούμενος,
3428 640 3774 710 ἐτοιμότατόν

475 744 534 779 τε
577 727 635 780 τὸ
666 724 758 790 οὖς
801 727 1015 796 ὑπέχων
1054 729 1173 785 ταῖς
1229 728 1364 798 παρ’
1399 727 1578 780 αὐτῶν
1620 730 1898 796 ἱκετείαις,
1956 727 2315 784 διαδείκνυσιν
2343 724 2534 791 εἰπὼν,
2573 726 2655 780 ὅτι
2686 746 2704 779 ι
2748 726 2882 797 Πρὶν
2918 726 3187 799 κεκράξαι
3254 728 3474 797 αὐτοὺς,
3503 731 3615 801 ἐγὼ
3655 735 3772 788 είσ-

474 816 778 887 ακούσομαι
822 816 1022 871 αὐτῶν.
1074 819 1196 872 Ἔτι
1257 819 1562 873 λαλούντων
1610 821 1813 886 αὐτῶν,
1861 821 1991 894 ἐρῶ·
2046 819 2110 873 Τί
2149 821 2328 884 ὲστιν;
2367 839 2384 871 ι
3072 812 3081 820 ’

557 909 719 965 "Eas.
774 909 864 964 25.
910 911 1056 965 Tunc
1078 912 1190 981 lupi
1223 924 1271 967 et
1306 916 1428 983 agni
1448 926 1730 985 pascentur
1780 917 1960 981 simul,
2021 925 2068 969 el

473 1000 553 1051 Ιρο
586 1000 738 1068 quasi
800 1002 888 1055 bos
941 1006 1175 1058 comedet
1226 1005 1430 1073 paleas,
1495 1016 1544 1060 et
1579 1024 1788 1073 serpens
1842 1016 2061 1072 terram,

471 1090 625 1156 quasi
666 1106 875 1157 panem.
916 1090 1040 1145 Non
1090 1095 1367 1159 nocebunt,
1410 1112 1574 1165 neque
1612 1106 1952 1166 corrumpant
2007 1098 2063 1151 in

473 1188 646 1232 monte
674 1193 851 1235 sancto
876 1199 1025 1255 meat
1044 1185 1174 1237 dicit
1209 1185 1484 1240 Dominus.

542 1271 710 1346 906
752 1273 1007 1329 Bifariam
1051 1279 1167 1332 haac
1210 1279 1465 1347 accipies.
1508 1278 1604 1335 Vel
1641 1280 1784 1336 enim
1830 1283 2056 1338 duorum

476 1365 795 1432 populorum
842 1384 938 1437 per
981 1369 1141 1425 ﬁdem
1186 1372 1443 1426 unionem
1510 1375 1821 1445 significare
1886 1386 2064 1447 potest

470 1455 740 1508 sententia
783 1457 1141 1528 prophetica;
1174 1461 1253 1515 vel
1298 1464 1386 1530 qui
1432 1468 1702 1535 quondam
1765 1470 2058 1538 agrestium

472 1543 713 1599 ferarum
756 1563 907 1603 more
952 1553 1158 1606 sanctis
1213 1553 1632 1624 insultaveruut,
1660 1566 1716 1613 et
1761 1558 2056 1615 Ecclesium

472 1636 726 1692 insectati
790 1649 938 1705 sunt,
982 1645 1327 1713 serpentibus
1389 1663 1494 1702 non
1553 1649 1844 1707 dissimiles
1875 1691 1892 1718 ,
1937 1667 2058 1706 cum

470 1729 578 1783 illis
642 1732 694 1785 in
758 1747 923 1787 unum
989 1733 1241 1791 allectum
1308 1740 1584 1811 animique
1644 1745 2058 1800 consensionem

470 1822 807 1890 coalescent,
836 1825 1054 1882 vinculo
1098 1829 1250 1897 pacis
1290 1834 1454 1887 etiam
1502 1833 1741 1905 colligati
1786 1851 1884 1905 per
1904 1836 2061 1891 Chri—

470 1925 639 1984 stum,
663 1918 760 1988 qui
797 1918 1069 1986 justiticat
1108 1923 1332 1991 impium
1361 1936 1414 1979 et
1438 1926 1581 1997 quod
1626 1927 1929 1997 dispersum
1976 1937 2060 1983 est

469 2007 694 2078 colligit,
737 2025 803 2066 ac
865 2010 986 2067 luce
1047 2014 1251 2083 divina,
1304 2018 1543 2072 tenebris
1604 2018 1901 2075 involutum
1947 2022 2059 2076 col-

469 2100 688 2169 lustrat,
738 2104 1028 2174 omniaque
1068 2109 1339 2163 convertit
1380 2109 1432 2163 in
1460 2110 1670 2166 melius.
1722 2110 1878 2166 Facit
1913 2112 2056 2167 enim

468 2194 651 2248 omnia
678 2234 694 2259 ,
739 2204 795 2251 et
838 2197 1227 2267 transformat,
1270 2201 1346 2255 uti
1389 2202 1651 2271 scriptum
1693 2210 1777 2256 est
1811 2201 1879 2254 ⁸⁸.
1910 2202 2057 2257 llasdi

468 2297 600 2353 ergo
653 2293 707 2339 et
768 2287 892 2357 agni
958 2304 1026 2343 ex
1080 2288 1197 2361 lege
1256 2301 1413 2346 erant.
1481 2300 1695 2346 sacrata
1753 2301 1807 2346 et
1860 2294 2058 2348 munda

469 2374 722 2430 animalia
749 2415 766 2441 ,
806 2378 944 2434 adeo
989 2389 1048 2433 ut
1084 2380 1152 2434 ad
1214 2381 1460 2435 divinum
1509 2384 1683 2438 altare
1726 2381 2059 2437 adduceren-

471 2480 580 2534 tur,
627 2480 684 2526 et
714 2472 769 2527 in
802 2474 1032 2530 odorem
1077 2476 1262 2531 suavis
1306 2477 1617 2548 fragrantia:
1645 2479 1755 2535 Deo
1802 2479 2063 2535 oll'erren-

468 2569 579 2615 tur.
612 2560 799 2633 Lupus
832 2576 1010 2621 autem
1056 2575 1113 2622 et
1161 2567 1266 2635 leo,
1302 2567 1525 2638 profana
1571 2585 1635 2624 ac
1676 2569 1979 2636 immunda,
2005 2580 2061 2625 et

467 2651 558 2704 his
612 2666 734 2722 quae
782 2655 1193 2711 nominavimus
1220 2656 1439 2714 infesta.
1491 2656 1729 2727 Serpens
1771 2669 2057 2728 praeterea,

468 2742 672 2798 homini
742 2744 1176 2813 inimicissimus,
1213 2756 1267 2803 et
1314 2760 1522 2803 naturzc
1580 2749 1788 2818 legibus
1841 2751 1910 2807 ad
1957 2750 2061 2806 hoc

472 2835 753 2891 incitatus.
809 2835 1010 2894 Verum
1059 2854 1185 2894 cum
1233 2841 1320 2895 bis
1363 2842 1456 2910 qui
1496 2840 1549 2895 in
1591 2841 1812 2897 Christo
1860 2858 2060 2912 purga-

2250 915 2387 969 Τότε
2412 917 2590 969 λύκοι
2637 915 2737 970 καὶ
2761 914 2941 985 ἄρνες
2957 916 3464 985 ,βοσκηθήσονται
3496 916 3638 988 ἅμα.
3669 910 3770 975 καὶ

2169 1004 2329 1059 λέων
2366 1006 2448 1073 ὡς
2492 1006 2650 1073 βοῦς
2692 1006 3189 1079 φάγεταιάχυρα,
3248 1007 3385 1077 ὄφις
3430 1009 3500 1062 δὲ
3538 1010 3656 1081 γῆν
3689 1012 3772 1077 ὡς

2167 1095 2370 1164 ἄρτον.
2399 1100 2520 1152 Οὐκ
2555 1097 2984 1165 ἀδικήσουσιν,
3020 1099 3148 1152 οὐδ’
3179 1101 3253 1152 οὺ
3292 1099 3379 1170 μὴ
3431 1101 3771 1169 λυμανοῦν-

2168 1202 2263 1239 ται
2294 1185 2391 1239 sui
2416 1185 2496 1252 τῷ
2520 1187 2641 1256 ὄρει
2671 1187 2750 1253 τῷ
2771 1189 2920 1258 ἁγίῳ
2937 1206 3079 1258 μου,
3107 1188 3271 1253 λέγει
3292 1191 3530 1258 Κύριος.

2240 1276 2398 1330 Κατά
2429 1277 2522 1331 δύο
2551 1277 2786 1350 τρόπους
2817 1278 3030 1351 ὲκλήψῃ
3058 1279 3345 1334 καὶταῦτα
3367 1296 3381 1310 ο
3430 1279 3463 1351 ἦ
3511 1279 3622 1352 γὰρ
3658 1281 3771 1347 τῶν

2166 1366 2261 1421 δύο
2288 1368 2432 1422 λαῶν
2451 1369 2551 1440 τὴν
2571 1369 2659 1423 διὰ
2691 1370 2931 1434 πίστεως
2963 1371 3167 1425 ἕνωσιν
3212 1374 3653 1444 κατασημήνειεν
3701 1372 3769 1427 ἂν

2166 1459 2267 1528 τῆς
2297 1461 2631 1533 προφητείας
2663 1463 2695 1534 ή
2727 1462 2978 1533 δύναμις,
3009 1462 3177 1534 ἤγουν
3200 1462 3281 1516 ὅτι
3306 1465 3401 1517 καὶ
3430 1465 3477 1517 οἱ
3511 1464 3643 1519 ποτὲ
3674 1464 3768 1535 θη-

2168 1553 2300 1623 ρίων
2350 1553 2558 1626 ἀγρίων
2599 1553 2755 1625 δίκην
2790 1556 2906 1619 τοῖς
2930 1555 3106 1624 ἁγίοις
3162 1556 3623 1627 ἐπιπηδήσαντες,
3669 1559 3763 1612 καὶ

2161 1644 2451 1709 διώξαντες
2468 1646 2568 1716 τὴν
2581 1646 2929 1719 Ἐκκλησίαν,
2941 1645 3118 1716 ὄφεών
3129 1664 3188 1699 τε
3209 1647 3575 1723 διενεγκόντες
3585 1649 3754 1715 οὐδὲν,

2163 1752 2228 1787 συ
2237 1735 2343 1806 μὸή
2352 1752 2531 1788 σονται
2554 1736 2690 1808 πρὸς
2708 1738 2927 1801 αὐτοὺς,
2945 1738 3088 1791 κατὰ
3100 1736 3340 1792 διάθεσιν
3353 1738 3446 1794 καὶ
3460 1738 3768 1811 ὀμοψυχίαν

2159 1825 2238 1894 τῷ
2264 1825 2545 1897 συνδέσμῳ
2573 1828 2672 1897 τῆς
2710 1829 2934 1899 εἰρήνης
2973 1816 3401 1900 κατεσφιγμένοι
3435 1831 3573 1901 πρὸς
3604 1831 3766 1887 τοῦτο

2158 1915 2248 1969 διὰ
2266 1918 2311 1969 Χ
2320 1917 2526 1988 ριστοῦ,
2547 1917 2642 1971 τοῦ
2663 1919 2998 1985 δικαιοῦντος
3018 1922 3108 1975 τὸν
3131 1922 3325 1993 ἀσεϐῆ,
3353 1925 3448 1978 καὶ
3473 1926 3763 1995 συλλέγον-

2159 2023 2252 2070 τος
2300 2007 2363 2059 τὸ
2401 2009 2856 2079 ἐσκορπισμένον,
2894 2012 2987 2064 καὶ
3014 2013 3155 2081 φωτὶ
3194 2014 3275 2084 τῷ
3323 2014 3453 2087 θείῳ
3493 2035 3758 2086 καταφαιο

2160 2098 2449 2170 δρύνοντος
2489 2100 2550 2153 τὸ
2580 2102 2990 2172 ὲσκοτισμένον,
3025 2104 3215 2158 καὶτὰ
3254 2106 3437 2161 πάντα
3465 2108 3766 2179 μεθιστῶν-

2159 2209 2250 2255 τος
2276 2191 2368 2244 ἐπὶ
2394 2191 2454 2244 τὸ
2482 2191 2727 2262 ἄμεινον.
2755 2196 2908 2248 Ποιεῖ
2936 2197 3044 2265 γὰρ
3069 2195 3248 2249 πάντα
3286 2199 3381 2250 καὶ
3423 2200 3763 2269 μετασκευά-

2160 2281 2264 2347 ζει,
2291 2281 2432 2336 κατά
2453 2284 2515 2336 τὸ
2538 2285 2948 2356 γεγραμμένον.
2984 2287 3314 2357 Ἔριφοιμὲν
3336 2284 3429 2343 οὖν
3457 2292 3552 2344 καὶ
3571 2293 3760 2364 ἄρνες,

2162 2374 2283 2445 ἱερά
2320 2373 2380 2427 τέ
2414 2375 2531 2427 ἐστι
2584 2376 2678 2428 καὶ
2708 2375 2926 2448 καθαρὰ
2958 2376 3076 2442 ζῶα
3103 2378 3246 2432 κατὰ
3277 2379 3369 2433 τὸν
3397 2382 3583 2452 νόμον,
3617 2381 3761 2438 ὥστε

2161 2466 2257 2519 καὶ
2272 2465 2351 2536 τῷ
2370 2466 2499 2539 θείῳ
2519 2467 2934 2538 προσφέρεσθαι
2962 2468 3357 2542 θυσιαστηρίῳ,
3380 2473 3476 2527 καὶ
3492 2476 3571 2537 εἰς
3583 2475 3761 2547 ὀσμὴν

2160 2557 2388 2621 εὐωδίας
2431 2556 2800 2629 ἀναφέρεσθαι
2841 2558 2921 2629 τῷ
2965 2560 3120 2630 Θεῷ·
3166 2561 3330 2626 λύκος
3357 2564 3540 2620 δὲκαὶ
3596 2567 3755 2637 λέων,

2161 2647 2375 2719 ἀνίερα,
2394 2649 2488 2702 καὶ
2515 2649 2824 2721 ἀκάθαρτα,
2854 2650 2950 2704 καὶ
2972 2650 3145 2723 ἐχθρὰ
3173 2656 3286 2716 τοῖς
3310 2654 3720 2727 ὠνομασμένοις
3738 2675 3753 2689 ’

2161 2739 2282 2808 ὄφις
2329 2740 2384 2793 δὲ
2425 2741 2562 2812 πρὸς
2602 2742 2817 2807 τούτοις
2865 2743 3141 2817 ἀνθρώπῳ
3195 2746 3622 2817 πολεμιώτατος,
3659 2752 3759 2807 καὶ

2159 2835 2274 2896 τοῖς
2316 2833 2416 2902 τῆς
2455 2834 2673 2923 φύσεως
2701 2834 2890 2902 νόμοις
2927 2838 3007 2899 είς
3036 2838 3196 2891 τοῦτο
3226 2840 3584 2912 ὴκονημένος,
3621 2841 3761 2898 ἀλλὰ

473 2934 512 2987 ti
560 2944 711 2998 sunt,
746 2942 800 2989 et
844 2944 1094 2991 sanctam
1150 2946 1209 2993 et
1258 2937 1515 2991 eximiam
1598 2937 1765 2991 vitam
1817 2938 2060 2994 institue-

2166 2927 2279 2989 τοῖς
2304 2927 2360 2978 ὲν
2391 2925 2611 2996 Χριστῷ
2657 2926 3116 2998 κεκαθαρμένοις,
3162 2931 3313 3003 ίεράν
3334 2949 3395 2986 τε
3439 2935 3533 2988 καὶ
3559 2933 3761 3006 ἐξῃρη-

471 3035 624 3087 runt,
649 3039 746 3094 per
783 3025 1154 3093 evangelicum
1190 3028 1640 3097 praedicationem
1664 3028 1717 3081 in
1762 3043 1924 3082 unam
1950 3030 2064 3083 ani-

471 3129 687 3170 morum
738 3117 1178 3182 consensionem,
1235 3133 1357 3188 qua:
1425 3128 1512 3173 est
1580 3119 1633 3174 in
1699 3119 1825 3186 lide,
1883 3122 2063 3175 coale-

472 3218 650 3274 scent,
684 3209 850 3264 etiam
875 3208 931 3265 hi
969 3209 1276 3266 deteSIandi
1305 3212 1578 3281 quondam
1634 3222 1690 3267 et
1748 3213 2009 3269 immundi
2042 3254 2059 3280 ,

476 3306 535 3355 et
576 3298 817 3354 belluina
868 3300 1196 3357 crudelitate
1229 3310 1418 3370 pectus
1455 3300 1715 3357 refertum
1756 3303 2059 3359 habentes:

477 3406 497 3443 ι
530 3388 595 3446 Hi
639 3390 777 3447 nihil
815 3393 1085 3447 nocebunt
1112 3434 1129 3460 ,
1152 3411 1171 3445 ι
1199 3393 1394 3464 inquit,
1418 3409 1593 3465 neque
1620 3396 1844 3464 perdent
1870 3411 2065 3466 quem-

472 3499 637 3552 quam
708 3485 761 3541 in
835 3494 1019 3542 monte
1077 3496 1269 3543 sancto
1319 3502 1475 3552 meo,
1520 3489 1571 3544 id
1618 3498 1742 3556 est,
1790 3488 2061 3546 Ecclesia.

470 3577 769 3633 Comedent
819 3580 965 3633 enim
1019 3593 1143 3633 cum
1194 3579 1495 3636 mansuetis
1547 3578 1795 3637 eﬂ‘ersta.
1847 3580 2064 3639 Deliciae.

471 3686 604 3727 vero
631 3672 739 3728 illis
786 3670 1038 3729 Christus
1088 3670 1266 3744 (panis
1320 3674 1606 3736 vivus,de
1642 3675 1782 3730 caelo
1839 3676 2066 3731 descen-

473 3763 677 3834 dens),
736 3771 793 3818 et
859 3763 1029 3818 vitam
1087 3764 1226 3820 dans
1300 3765 1500 3820 mundo
1529 3766 1599 3823 “.
1642 3766 1823 3823 Nutrit
1883 3779 2063 3823 autem

474 3866 588 3911 tum
633 3869 800 3910 carne
838 3856 1079 3925 propria,
1133 3855 1235 3938 ad‘
1272 3856 1736 3913 immortalitatem
1793 3873 1858 3913 ac
1896 3860 2064 3912 vitam

471 3962 575 4003 nos
613 3946 902 4019 refingens,
930 3957 1041 4004 tum
1064 3949 1178 4005 suis
1207 3949 1697 4019 praedicationibus,
1722 3951 1776 4007 id
1794 3961 1879 4007 est
1906 3967 2069 4007 evan-

472 4039 682 4109 gelicls.
730 4057 751 4091 ι
784 4037 900 4095 Non
943 4039 1090 4096 enim
1139 4040 1192 4111 in
1248 4041 1366 4095 solo
1427 4054 1567 4109 pane
1622 4042 1803 4108 vivet,
1856 4043 2064 4114 inquit,

473 4129 682 4195 bomo,‘
708 4130 803 4185 sed
870 4131 924 4187 in
966 4132 1116 4187 omni
1191 4134 1357 4188 verbo
1406 4135 1548 4203 quod
1624 4136 1803 4203 prodit
1846 4150 1915 4190 ex
1973 4149 2070 4193 ore

2167 3015 2336 3087 μένην
2372 3018 2631 3088 ἐσχηκόσι
2664 3018 2829 3091 ζωὴν,
2855 3019 2945 3072 διὰ
2989 3020 3099 3075 τῶν
3135 3024 3506 3093 εὐαγγελικῶν
3545 3043 3761 3100 κηρυγ-

2167 3109 2353 3180 μάτων
2439 3110 2833 3182 συμϐήσονται,
2897 3113 3033 3184 πρὸς
3133 3116 3441 3186 όμοψυχίαν
3509 3116 3608 3189 τὴν
3669 3118 3761 3172 διὰ

2163 3199 2418 3265 πίστεως,
2453 3201 2503 3255 οἱ
2545 3200 2791 3276 βδελυροί
2826 3221 2957 3257 ποτε
3021 3203 3117 3258 καὶ
3146 3204 3480 3277 ἀκάθαρτοι,
3498 3211 3586 3265 καὶ
3619 3207 3762 3278 ὠμά.

2161 3306 2323 3362 τητος
2357 3291 2763 3364 θηριοπρεποῦς
2815 3294 3018 3367 μεστὴν
3078 3296 3292 3367 ἔχοντες
3341 3297 3441 3369 τὴν
3505 3298 3754 3371 καρδίαν.

2170 3403 2189 3436 ι
2224 3376 2405 3450 Οὗτοι,
2470 3386 2656 3458 φησιν,
2712 3387 2864 3441 οὐδὲν
2912 3388 3286 3460 ἀδικήσουσιν,
3326 3389 3452 3444 οὔτε
3499 3389 3606 3460 μὴν
3642 3391 3758 3444 δια-

2163 3474 2528 3547 λυμανοῦνταί
2572 3495 2685 3532 τισι
2725 3479 2836 3533 τῶν
2882 3480 2942 3534 έν
2991 3480 3069 3549 τῷ
3115 3480 3233 3553 ὄρει
3277 3481 3355 3551 τῷ
3387 3481 3529 3554 ἁγίῳ
3558 3499 3682 3553 μου,
3732 3500 3755 3534 ι

2164 3570 2432 3638 τουτέστι,
2498 3572 2564 3642 τῇ
2623 3571 2938 3644 Ἐκκλησία.
2990 3573 3258 3640 Φάγονται
3314 3571 3426 3644 γὰρ
3484 3574 3583 3627 σὺν
3644 3575 3759 3638 τοῖς

2167 3663 2396 3734 ἡμέροις
2423 3664 2491 3717 τά
2523 3663 2713 3736 ἄγρια·
2750 3664 2927 3735 τροφή
2954 3665 3011 3718 δὲ
3041 3666 3225 3731 αὐτοῖς
3256 3667 3284 3719 ό
3323 3666 3561 3737 Χριστὸς
3601 3668 3630 3720 ὁ
3655 3666 3758 3737 ἀρ-

2166 3773 2258 3819 τος
2285 3758 2313 3809 ό
2343 3754 2451 3820 ζῶν
2484 3757 2512 3808 ὁ
2541 3756 2607 3807 ὲκ
2647 3754 2744 3810 τοῦ
2794 3755 3026 3827 οὐρανοῦ
3072 3756 3340 3821 καταϐὰς,
3376 3757 3471 3810 καὶ
3500 3756 3648 3828 ζωὴν
3678 3757 3757 3810 δι-

2165 3847 2290 3909 δοὺς
2315 3846 2393 3917 τῷ
2432 3846 2657 3916 κόσμῳ·
2697 3846 2885 3917 τρέφει
2930 3848 2986 3901 δὲ
3027 3848 3123 3901 καὶ
3149 3849 3317 3919 σαρκὶ
3359 3852 3426 3920 τῇ
3455 3849 3585 3919 ἰδία,
3619 3848 3757 3920 πρὸς

2165 3938 2475 4011 ἀφθαρσίαν
2527 3940 2677 4010 ἡμᾶς
2725 3937 3061 4009 ἀναμορφῶν
3124 3941 3219 3994 καὶ
3266 3939 3432 4011 ζωὴν,
3500 3941 3597 3994 καὶ
3642 3941 3759 4004 τοῖς

2167 4030 2362 4084 ἑαυτοῦ
2397 4031 2748 4102 κηρύγμασι,
2797 4032 3067 4095 τουτέστι,
3101 4032 3214 4094 τοῖς
3252 4030 3629 4099 εὐαγγελικοίς
3650 4046 3661 4058 ·
3691 4029 3755 4083 οὐ

2166 4122 2275 4196 γὰρ
2315 4124 2400 4178 ἐπ’
2442 4123 2592 4195 ἄρτῳ
2638 4122 2784 4194 μόνῳ
2839 4122 3086 4193 ζήσεται,
3136 4122 3323 4191 φησὶν,
3371 4123 3400 4175 ό
3447 4121 3753 4192 ἄνθρωπος,

474 4226 570 4281 Dei
598 4226 668 4284 ⁸³.
700 4245 720 4279 ι
756 4224 997 4283 Observa
1028 4234 1208 4282 autem
1243 4242 1411 4298 agnos
1438 4235 1498 4282 et.
1538 4225 1721 4280 haedos
1765 4225 1977 4281 leonum
2009 4235 2060 4282 et

2171 4216 2288 4271 ἀλλ’
2320 4216 2414 4268 ἐπὶ
2444 4214 2608 4270 παντὶ
2653 4215 2858 4285 ῥήματι
2895 4212 3320 4286 ἐκπορευομένῳ
3365 4211 3454 4266 διὰ
3484 4211 3754 4282 στόματος

476 4320 724 4387 luporum
772 4319 924 4375 cibos
950 4335 1057 4375 non
1093 4289 1498 4388 edereiNeqoe
1537 4319 1683 4373 enim
1728 4318 1899 4373 dixit:
1950 4317 2059 4375 Co-

2166 4306 2324 4361 Θεοῦ.
2369 4307 2728 4379 Ἐπιτήρησον
2761 4305 2818 4359 δὲ
2854 4306 3058 4359 ὅτιούκ
3095 4305 3259 4377 ἄρνες
3287 4304 3380 4358 καὶ
3409 4303 3612 4375 ἔριφοι,
3651 4301 3754 4367 τὰς

475 4412 690 4464 ntedent
725 4424 942 4476 carnes,
982 4412 1077 4466 sed
1108 4412 1217 4481 lupi
1269 4420 1325 4466 et
1372 4410 1554 4465 leones
1579 4411 1877 4465 mansuetis
1904 4420 2061 4465 uten-

477 4514 565 4561 ttlt'
594 4503 729 4558 cibis
751 4504 996 4559 cicurum
1039 4503 1376 4570 animalium,
1407 4517 1527 4571 qua)
1556 4502 1834 4571 palearum
1882 4502 2059 4557 nomi-

475 4608 545 4649 ne
573 4594 970 4665 signiiicantur.
1020 4595 1135 4652 Non
1166 4605 1467 4664 sequentur
1517 4606 1697 4651 autem
1745 4595 2053 4649 immundus

476 4687 662 4743 mundi
693 4702 907 4756 :neque
957 4686 1169 4742 illorum
1229 4688 1533 4742 institutum
1581 4701 1645 4742 ac
1683 4687 1847 4741 vitam
1891 4700 2054 4740 asum-

475 4779 867 4843 labnntur,'sed
892 4777 1102 4847 profani
1127 4779 1307 4849 potius
1330 4779 1541 4835 mitium
1568 4787 1624 4833 et
1649 4793 1909 4848 purorum
1932 4792 2060 4847 pro-

394 4906 409 4913 -
474 4871 586 4930 bita
596 4881 702 4928 tem
752 4872 1127 4931 lmitabuntur.

544 5045 671 5101 CAP.
711 5043 895 5099 LXVI.
932 5044 1095 5100 Vsus.
1135 5044 1202 5098 l-
1227 5043 1281 5098 5.
1315 5043 1407 5100 Sic
1436 5044 1566 5097 dicit
1601 5042 1859 5097 Dominus
1882 5057 1902 5096 :
1944 5043 2061 5097 Cae-

475 5136 586 5189 lum
632 5136 760 5189 mihi
813 5135 1027 5200 solium,
1063 5153 1125 5187 ηε
1149 5144 1291 5188 terra
1348 5133 1632 5188 scabellum
1677 5132 1868 5199 pedum
1916 5149 2060 5188 meo-

475 5243 615 5281 rum.
667 5226 890 5292 Qualem
931 5226 1144 5280 domum
1186 5224 1519 5294 mdiﬁcabitis
1573 5223 1743 5278 mihi?
1797 5234 1888 5277 aut
1939 5225 2057 5295 quis

474 5320 619 5373 locus
669 5318 908 5388 requietis
958 5333 1087 5373 metu
1115 5319 1142 5372 1’
1214 5315 1406 5371 Omnia
1443 5317 1580 5369 enim
1627 5315 1739 5369 Ita'c
1790 5315 1910 5385 fecit
1951 5334 2067 5370 ma-

475 5427 574 5464 nus
633 5426 769 5476 mea,
828 5418 951 5464 sunt
1008 5425 1125 5462 mea
1188 5408 1298 5462 lucc
1363 5408 1559 5470 omnia,
1594 5409 1719 5461 dicit
1785 5407 2058 5464 Dominus.

472 5501 806 5573 9070mm
829 5501 1127 5567 respiciam,
1153 5499 1255 5551 nisi
1285 5499 1354 5550 ad
1374 5498 1620 5551 humilem
1644 5507 1692 5552 el
1716 5499 1972 5569 quietum,
1999 5515 2061 5551 ac

477 5597 779 5642 trementem
839 5602 1103 5643 sermones
1162 5585 1438 5641 meos?.4t
1488 5586 1701 5658 iniquus
1743 5589 1834 5656 qui
1893 5588 2061 5641 sacri-

548 5760 593 5793 ⁸⁵
623 5766 790 5830 Apoc.
816 5778 932 5831 xxi,
960 5764 1012 5821 5.
1089 5765 1130 5797 ἰ
1155 5762 1310 5820 Joan.
1343 5779 1417 5830 νι,
1450 5764 1538 5819 55.
1628 5763 1673 5797 ⁸²
1696 5762 1826 5821 an.
1856 5762 2016 5831 mi.

2157 4399 2268 4452 τῶν
2289 4398 2519 4452 λεόντων
2568 4400 2664 4453 καὶ
2688 4396 2866 4452 λύκων
2891 4398 3099 4452 ἔδονται
3129 4396 3339 4467 τροφὰς
3368 4395 3469 4468 (οὐ
3494 4397 3600 4467 γὰρ
3623 4394 3750 4468 ἔφη’

2162 4490 2433 4558 Φάγονται
2468 4490 2648 4560 κρέα),
2680 4489 2799 4544 ἀλλ’
2829 4492 2877 4543 oi
2914 4489 3069 4543 λύκοι
3107 4488 3202 4542 καὶ
3233 4487 3445 4552 λέοντες
3483 4487 3603 4550 ταῖς
3643 4486 3755 4541 τῶν

2162 4581 2386 4651 ἡμέρων
2411 4579 2793 4650 κεχρήσονται,
2826 4578 2883 4632 αἳ
2912 4577 3000 4630 διὰ
3043 4576 3152 4630 τῶν
3198 4574 3419 4649 ἀχύρων
3461 4575 3755 4645 σημαίνονο

2167 4688 2296 4725 ται·
2340 4670 2438 4740 οὐχ
2489 4669 2711 4739 ἕψονται
2755 4669 2812 4722 δὲ
2864 4668 3196 4739 ἀκαθάρτοις
3226 4667 3411 4732 αὐτοῖς
3446 4666 3648 4738 μᾶλλον
3702 4667 3753 4720 oi

2168 4764 2421 4835 καθαροὶ,
2457 4764 2577 4817 οὐδὲ
2596 4765 2707 4834 ,τὴν
2738 4764 2962 4818 ἐκείνων
2994 4762 3298 4835 ξηλώσουσι
3327 4762 3606 4816 πολιτείαν
3658 4761 3755 4816 καὶ

2168 4853 2348 4925 ζωήν·
2388 4853 2500 4906 ἀλλ’
2539 4856 2588 4906 οἱ
2613 4853 2828 4924 βέϐηλοι
2860 4854 3081 4925 μᾶλλον,
3117 4853 3238 4916 ταῖς
3280 4851 3390 4905 τῶν
3423 4853 3618 4923 πράων
3660 4854 3755 4908 καὶ

2170 4942 2597 5016 κεκαθαρμένων
2626 4945 2952 5007 ἐπιεικείαις
2994 4942 3473 5014 ἀκολουθήσουσιν.

2232 5037 2396 5090 Οὕτω
2412 5036 2573 5107 λέγει
2594 5038 2809 5105 Κύριος
2827 5052 2841 5066 ο
2882 5036 2943 5088 '0
2966 5035 3222 5102 οὐρανός
3232 5053 3335 5104 μοι
3357 5036 3589 5104 θρόνος,
3618 5036 3657 5105 ἡ
3686 5034 3755 5090 δὲ

2168 5127 2244 5197 γῆ
2280 5129 2615 5184 ὑποπόδιον
2641 5127 2764 5181 τῶν
2792 5124 2996 5179 ποδῶν
3021 5142 3161 5195 μου.
3191 5126 3373 5182 Ποῖον
3405 5122 3576 5180 οἷκον
3596 5129 3754 5181 οἰκο-

2164 5219 2462 5290 δομήσετέ
2483 5236 2622 5290 μου
2654 5220 2692 5287 ἢ
2723 5218 2894 5285 ποῖος
2937 5219 3120 5285 τόπος
3174 5218 3283 5287 τῆς
3320 5216 3754 5285 καταπαύσεώς

2164 5329 2326 5384 pou;
2381 5311 2583 5366 Πάντα
2627 5311 2736 5381 γὰρ
2787 5310 2976 5365 ταῦτα
3022 5311 3315 5378 ἐπυιησεν
3365 5311 3403 5378 ἠ
3447 5311 3579 5379 χείρ
3609 5327 3750 5380 μου,

2170 5404 2269 5458 καὶ
2305 5404 2479 5459 ἐστιν
2504 5404 2615 5473 ἐμὰ
2644 5402 2842 5458 πάντα
2895 5403 3103 5467 ταῦτα,
3147 5402 3312 5472 λέγει
3358 5403 3592 5471 Κύριος.
3638 5402 3750 5456 Καὶ

2168 5493 2267 5548 ἐπὶ
2304 5496 2437 5549 τινα
2459 5495 2782 5564 ἐπιϐλέψει),
2816 5496 2956 5550 ἀλλ’
2984 5493 3022 5561 ἢ
3054 5495 3153 5549 ἐπὶ
3176 5494 3283 5549 τὸν
3313 5494 3620 5558 ταπεινὸν,
3649 5495 3750 5547 καὶ

2168 5589 2453 5663 ἡσύχιον,
2497 5589 2598 5645 και
2626 5587 2916 5660 τρέμοντα
2939 5586 3080 5654 τοὺς
3111 5585 3336 5655 λόγους
3374 5602 3534 5657 μου;
3573 5585 3636 5640 '0
3682 5583 3752 5645 δὲ
