4140 6466
382 401 406 462 Ι
417 404 525 461 429

371 608 550 662 κύναο
588 608 622 661 ὁ
654 603 724 658 δὲ
753 604 1072 674 ἀναφέρων
1123 602 1468 673 σεμίδαλιν,
1495 604 1575 670 ὡς
1613 599 1758 674 αἷμα
1796 604 1985 657 ὕειον·

1533 398 1601 455 ΙΝ
1634 398 1871 456 18Α1ΑΜ
1917 399 2049 456 LlB.
2094 401 2157 460 ν.
2196 399 2437 457 TOMUS
2472 400 2560 458 Vl.

370 515 601 588 ἄνομος
656 516 691 570 ό
733 514 894 569 θύων
944 532 1048 584 μοι
1100 512 1364 583 μόσχον,
1402 512 1484 580 ὠς
1529 516 1563 568 ὀ
1600 514 1981 569 ἀποκτείνων

2087 513 2210 582 ficat
2283 514 2415 568 mihi
2504 513 2750 580 vitulum,
2799 515 2954 586 quasi
3019 516 3111 585 qui

3542 409 3564 463 i
3577 410 3682 467 450

3190 514 3394 573 occidat
3463 536 3644 575 canem
3667 542 3686 588 ,-

2102 608 2193 677 qui
2252 617 2425 662 autent
2466 608 2622 678 o/fert
2675 608 2926 675 similam,
2972 612 3126 682 quasi
3178 615 3488 682 sanguinem
3549 618 3687 670 suil-

372 704 408 757 ό
431 699 501 754 δὲ
547 698 757 764 διδοὺς
798 698 1055 753 λίϐανον
1087 700 1177 763 εις
1202 699 1605 769 μνημόσυνον
1623 738 1638 763 ,
1680 697 1762 764 ὡς
1790 695 1981 763 ,βλάσ-

2097 698 2244 764 lum;
2301 700 2392 770 qui
2430 699 2703 793 dat‘tlws
2754 702 2812 756 in
2864 702 3170 758 memoriale
3244 706 3400 775 quasi
3448 706 3689 777 blasphe-

504 807 594 846 Οτι

504 808 537 844 ο
576 829 594 846 .

371 808 771 954 εωίξίίἑυφήνας
807 880 1179 953 ἀποχρώντως
1220 880 1313 934 τὸν
1342 880 1481 951 πρός
1523 896 1587 948 γε
1633 879 1702 932 τὰ
1735 878 1864 949 ἔθνη
1896 878 1986 933 λό-

373 993 493 1045 γον,
527 975 820 1047 μεθίστησι
836 974 935 1046 τὴν
989 973 1382 1045 μυσταγωγίαν
1415 972 1554 1044 πρὸς
1572 970 1737 1026 αὐτὸν
1764 973 1867 1042 ήδη
1894 972 1987 1026 τὸν

389 1066 640 1141 Ἰσραήλ.
676 1067 937 1120 Βούλεται
970 1065 1082 1137 γὰρ
1133 1065 1228 1119 καὶ
1260 1065 1462 1126 αὐτοὺς
1492 1064 1595 1135 τῆς
1638 1063 1784 1117 κατὰ
1817 1064 1984 1136 νόμον

375 1161 691 1231 ἀποστῆσαι
736 1160 937 1224 κακίας
981 1158 1081 1230 (1),
1131 1157 1386 1216 καθάπερ
1440 1156 1635 1228 ἀμέλει
1690 1156 1983 1222 κάκείνους

374 1254 684 1324 ἀποφοιτᾷν
718 1252 940 1305 ἐκέλευε
982 1252 1083 1322 τῆς
1112 1250 1350 1322 ἀρχαίας
1381 1250 1623 1320 ἀπάτης,
1659 1251 1755 1303 καὶ
1786 1250 1889 1320 τῆς
1920 1251 1978 1303 ἐν

374 1345 458 1416 τῷ
516 1344 824 1399 πλανᾶσθαι
876 1343 1109 1414 βεϐήλου
1158 1342 1341 1413 ζωῆςο
1402 1342 1485 1395 ὅτι
1538 1341 1718 1395 τοίνυν
1765 1343 1867 1413 τῆς
1920 1344 1980 1397 ἐν

376 1437 655 1508 πνεύματι
700 1436 961 1509 λατρείας
1012 1438 1395 1505 μεταποιεῖται
1448 1434 1673 1506 μᾶλλον,
1721 1434 1882 1504 λόγου
1921 1434 1980 1489 δὲ

376 1528 525 1596 ἀξιοῖ
552 1527 838 1591 παντελῶς
870 1527 1108 1592 οὐδενὸς,
1134 1526 1234 1599 τήν
1266 1526 1343 1591 ὡς
1368 1527 1428 1580 ἐν
1459 1528 1642 1591 σκιαῖς
1665 1527 1761 1581 καὶ
1778 1526 1977 1592 τύποις

374 1621 621 1676 διδάσκει
673 1621 863 1690 σαφῶς
888 1637 905 1653 ο
953 1620 1204 1691 βούλεται
1260 1620 1318 1674 δέ
1359 1637 1415 1673 τι
1468 1620 1606 1693 πρὸς
1650 1620 1826 1692 τούτῳ
1883 1621 1978 1675 καὶ

374 1715 566 1786 ἕτερον
620 1713 823 1777 αὐτοὺς
878 1713 1099 1779 ειδέναι,
1151 1714 1229 1777 ὡς
1277 1713 1375 1767 καὶ
1436 1712 1550 1767 ἀνω
1598 1712 1818 1783 αἴρουσι
1874 1715 1976 1786 τὴν

375 1807 573 1879 ὀφρὺν,
607 1806 701 1860 καὶ
732 1806 819 1859 ἐπ’
851 1804 1028 1858 οὐδενὶ
1070 1803 1182 1858 τῶν
1218 1805 1537 1875 ἀναγκαίων
1592 1806 1973 1877 πεφρονήκασι

379 1895 550 1968 μέγα,
584 1896 679 1950 τὸν
717 1898 776 1950 ἐν
801 1898 918 1959 τοῖς
948 1894 1350 1967 Ἱεροσολύμοις
1382 1896 1795 1967 ἀναστήσαντες
1823 1896 1971 1950 ναόν·

374 1986 548 2058 ᾤοντο
587 1988 718 2061 τὰρ,
758 1989 840 2042 ὃτι
868 1988 966 2041 καὶ⁵
997 1989 1151 2057 τόπῳ
1183 1986 1521 2058 περιληπτὸν
1558 1986 1620 2040 τὸ
1652 1987 1809 2040 Θεῖόν
1838 1988 1975 2053 ἐστι,

376 2081 474 2134 καὶ
525 2082 584 2136 ἐν
626 2081 1030 2153 χειροποιήτοις
1074 2082 1228 2143 ναοῖς
1290 2081 1538 2133 κατοικεῖ
1588 2079 1978 2151 περιεκτικῶς,

377 2170 525 2226 καθά
553 2171 649 2225 καὶ
682 2172 734 2225 oi
758 2170 867 2224 τῶν
895 2169 1068 2224 ἐθνῶν
1096 2169 1465 2240 ψευδώνυμοι,
1499 2170 1596 2224 καὶ
1635 2169 1791 2224 οὐδὲν
1821 2170 1978 2236 ὄντες

378 2263 683 2329 παντελῶς,
706 2263 847 2335 πλὴν
874 2263 957 2317 ὅτι
986 2261 1120 2327 ξύλα
1153 2280 1212 2316 τε
1247 2264 1340 2316 καὶ
1368 2262 1540 2316 λίθοι·
1576 2263 1671 2317 καὶ
1697 2262 1788 2317 διὰ
1816 2261 1979 2316 τοῦτό

378 2369 581 2425 φησιν’
608 2355 676 2408 Ὢ
707 2357 809 2426 τῆς
853 2353 1002 2418 θείας
1053 2352 1213 2424 δόξης
1259 2354 1614 2418 ούκνείδότες
1659 2354 1760 2425 τὴν
1806 2354 1977 2425 ὑπερ-

376 2448 549 2522 οχήνί
594 2444 641 2500 ὢ
674 2445 786 2499 τῶν
834 2446 962 2518 ἐμοὶ
1006 2446 1320 2517 προσόντων
1367 2444 1695 2518 ἀξιωμάτων
1745 2447 1849 2501 οὐκ
1885 2447 1977 2500 ἐν-

377 2541 630 2607 νοοῦντες
659 2541 720 2596 τὸ
751 2542 1016 2613 μέγεθοςί
1051 2561 1068 2593 ι
1105 2536 1354 2614 Οὐρανός
1385 2557 1475 2611 μοι
1508 2539 1720 2612 θρόνος,
1757 2542 1790 2612 ἠ
1821 2541 1879 2595 δὲ
1903 2541 1978 2613 γῆ

378 2633 673 2687 ὑποπόδιον
696 2632 809 2686 τῶν
849 2631 1027 2685 ποδῶν
1057 2647 1184 2704 μου.
1230 2633 1390 2685 Ποῖον
1416 2627 1567 2684 οἷκον
1595 2631 1980 2705 οἰκοδομήσετέ

381 2743 510 2798 μοι;
563 2725 598 2798 ἢ
653 2728 806 2791 ποῖος
870 2725 1036 2788 τόπος
1092 2724 1196 2795 τῆς
1254 2723 1659 2788 καταπαύσεώς
1741 2742 1882 2796 μου;
1956 2744 1975 2778 ι

379 2819 590 2889 Πληροϊ
616 2816 727 2887 γὰρ
754 2816 824 2869 τὰ
851 2816 1031 2869 πάντα
1058 2813 1121 2868 τὸ
1152 2815 1310 2868 Θεῖον
1328 2829 1341 2843 ⁸
1373 2815 1513 2885 μετά
1541 2814 1598 2867 δὲ
1624 2814 1790 2867 αὑτοῦ
1823 2814 1895 2884 γῆ
1922 2830 1983 2867 τε

379 2912 477 2966 καὶ¹
507 2910 737 2983 οὐρανός
759 2926 774 2975 ;
800 2907 1059 2980 Είρήσθω
1087 2908 1151 2977 δὴ
1179 2907 1669 2979 ἀνθρωποπρεπῶς
1690 2945 1705 2971 ,
1736 2907 1818 2961 δτι
1854 2906 1982 2979 θρό-

380 3025 473 3061 νον
501 3007 641 3079 ἔχων
666 3008 759 3060 τὸν
789 3006 1020 3078 οὐρανὸν
1039 3046 1054 3069 ,
1085 3005 1378 3059 ὑποπόδιον
1409 3005 1466 3058 δὲ
1502 3004 1694 3076 ὥσπερ
1719 3021 1776 3058 τι
1806 3005 1982 3058 ποιεῖ-

379 3119 471 3157 ται
499 3103 599 3174 τὴν
623 3101 751 3172 γῆν.
777 3101 936 3163 Ποῑος
962 3095 1055 3154 οὖν
1085 3099 1248 3153 αὐτὸν
1277 3098 1488 3166 δέξεται
1514 3099 1730 3171 χῶρος;
1761 3100 1795 3172 ἢ
1830 3101 1985 3164 ποῖος

2095 806 2235 847 mus.

2163 886 2298 942 Cum
2323 887 2536 943 abunde
2568 902 2875 944 sermonem
2919 904 3075 947 suum
3098 891 3162 945 ad
3189 898 3379 962 gentes
3402 900 3695 961 pertexuc-

2090 979 2184 1045 rit,
2216 982 2609 1052 mystagogiam
2633 981 2699 1037 ad
2728 982 2904 1054 ipsum
2941 983 3055 1055 jam
3109 985 3364 1041 lsraelem
3393 987 3688 1042 convertit.
3760 968 3763 971 I

2089 1072 2216 1128 Vult
2241 1072 2388 1127 enim
2417 1088 2512 1130 eos
2545 1088 2574 1129 a
2593 1074 2751 1145 legali
2774 1076 2940 1131 etiam
2966 1077 3507 1147 umbra-desciscere,
3528 1078 3690 1134 sicuti

2085 1163 2341 1220 videlicet
2369 1164 2488 1221 illos
2508 1180 2723 1236 quoque
2746 1165 2935 1236 jussit,
2968 1182 2998 1221 a
3032 1167 3261 1237 pristino
3289 1182 3501 1236 errore,
3526 1169 3693 1224 sedu-

2084 1257 2265 1313 ctione
2286 1267 2340 1313 et
2361 1257 2589 1327 profana
2618 1258 2730 1313 vita
2756 1258 3037 1315 recedere.
3059 1259 3260 1329 Aperte
3295 1262 3480 1330 itaque
3508 1259 3689 1326 docet,

2084 1361 2147 1402 se
2179 1347 2519 1416 spiritualem
2546 1350 2726 1419 potius
2780 1349 2987 1404 cultum
3024 1349 3296 1405 aestimare
3349 1359 3404 1405 et
3464 1365 3690 1419 curare;

2082 1439 2430 1518 umbratilem
2458 1449 2512 1496 et
2537 1442 2779 1512 typicum
2810 1443 2965 1497 nihili
2996 1441 3195 1498 facere.
3222 1441 3349 1497 Vult
3385 1457 3547 1513 porro
3572 1441 3695 1498 illos

2081 1539 2137 1587 et
2177 1532 2324 1587 aliud
2383 1534 2548 1603 scire,
2598 1535 2742 1605 quod
2785 1535 3138 1605 supercilium
3191 1535 3405 1605 erigant
3449 1544 3502 1590 et
3546 1535 3695 1590 dere

2081 1625 2239 1680 nihili
2267 1626 2432 1680 altum
2452 1627 2687 1695 sapiant,
2712 1627 2805 1697 qui
2833 1626 3397 1700 Hierosolymitanum
3432 1627 3693 1698 templum

2080 1719 2410 1774 excitarunt.
2432 1719 2830 1775 Existimarunt
2848 1720 2991 1776 enim
3026 1721 3145 1775 loco
3174 1720 3443 1775 contineri
3487 1719 3691 1773 divini-

2081 1820 2272 1876 tatem,
2306 1821 2360 1866 et
2408 1811 2464 1867 in
2513 1811 2843 1867 manuiactis
2897 1810 3113 1879 templis
3177 1810 3591 1878 circumscripte
3642 1818 3697 1863 et

2082 1904 2306 1960 deﬁnite
2327 1902 2576 1959 habitare
2609 1919 2622 1957 :
2653 1903 2796 1959 sicut
2823 1902 2900 1959 illi
2959 1902 3097 1959 falso
3126 1902 3426 1972 nuncupati
3470 1898 3573 1967 dii,
3600 1900 3694 1971 qui

2083 2012 2277 2053 revera
2310 1997 2447 2054 nihil
2496 2007 2645 2065 sunt,
2699 2012 2861 2068 quam
2916 1996 3060 2067 ligna
3120 2005 3177 2053 et
3223 1995 3452 2067 lapides.
3488 1993 3696 2050 idcirco

2084 2089 2159 2144 ait
2191 2105 2204 2142 :
2239 2086 2284 2145 Ο
2314 2105 2412 2145 vos
2430 2088 2521 2160 qui
2554 2087 2752 2145 divinae
2777 2087 3082 2159 maiestatis
3131 2087 3503 2157 praestantiam
3534 2084 3691 2157 igno-

2081 2182 2238 2248 ratis,
2274 2182 2368 2251 qui
2406 2180 2690 2252 dignitatis
2714 2196 2852 2237 meae
2894 2179 3329 2251 magnitudinem
3376 2193 3483 2233 non
3512 2177 3693 2233 consi—

2089 2276 2296 2331 deratis
2325 2289 2338 2326 :
2391 2292 2412 2327 ι
2448 2274 2662 2331 Caelum
2699 2274 2835 2329 mihi
2866 2274 3064 2330 solium
3084 2282 3187 2340 est,
3212 2281 3269 2328 et
3311 2280 3458 2328 terra
3483 2271 3695 2327 scabel-

2083 2364 2193 2422 lum
2212 2366 2407 2436 pedum
2424 2366 2921 2434 meorum.Qua|em
2941 2367 3159 2423 domum
3175 2348 3523 2422 aidiiicabitis
3540 2363 3701 2420 mihi?

2081 2459 2193 2514 Aut
2231 2457 2353 2528 quis
2382 2457 2538 2514 locus
2565 2457 2829 2528 requietis
2861 2457 3033 2513 meae?
3070 2477 3089 2511 ι
3121 2457 3313 2527 Implet
3336 2457 3485 2511 enim
3513 2456 3697 2512 omnia

2083 2550 2361 2617 divinitas,
2413 2558 2467 2607 et
2512 2550 2669 2621 plena
2715 2548 2835 2622 ejus
2895 2558 3024 2606 sunt
3075 2557 3218 2606 terra
3276 2559 3332 2604 et
3390 2547 3587 2604 coelum
3625 2547 3694 2602 ⁸⁸.

2082 2644 2334 2702 llumano
2362 2658 2514 2701 more
2539 2645 2743 2701 dictum
2763 2643 3063 2711 sit,solium
3098 2657 3222 2701 eum
3239 2642 3444 2697 habere
3470 2641 3697 2706 coelum,

2083 2750 2139 2796 et
2167 2739 2462 2796 scabellum
2490 2738 2639 2795 velut
2665 2738 2938 2809 quoddam
2969 2737 3071 2792 sibi
3106 2746 3307 2791 terram
3340 2750 3682 2805 supponere.

2085 2831 2217 2900 Quis
2243 2832 2388 2887 enim
2415 2830 2567 2887 locus
2613 2844 2738 2886 eum
2779 2828 2997 2899 capiet?
3039 2836 3133 2882 aut
3167 2841 3290 2898 quae
3333 2826 3527 2881 domus
3556 2825 3692 2881 satis

2085 2925 2191 2980 erit
2215 2923 2391 2995 ampla
2413 2925 2480 2979 ad
2501 2919 3108 2994 comprehendendum?
3130 2937 3150 2972 ι
3170 2919 3361 2974 Omnia
3388 2919 3532 2974 enim
3559 2917 3698 2985 haec,

2087 3017 2287 3088 inquit,
2337 3015 2466 3072 fecit
2495 3030 2690 3072 manus
2724 3028 2843 3069 mea
2867 3053 2884 3080 ,
2910 3021 2965 3067 et
3007 3027 3126 3067 mea
3156 3020 3285 3066 sunt
3305 3009 3422 3066 haec
3453 3009 3693 3064 omnia.»

2087 3110 2220 3179 Quae
2247 3118 2428 3185 autem
2463 3109 2613 3165 haec?
2637 3105 2909 3163 Videlicet
2936 3119 3059 3177 quae
3092 3110 3393 3161 cernuntur
3414 3143 3429 3169 ,
3455 3110 3513 3157 et
3569 3116 3692 3170 quae

379 3189 531 3258 οἶκος
582 3191 813 3265 ἀρκέσει
863 3190 1250 3262 περιληπτός;
1309 3209 1329 3242 ι
1368 3188 1559 3244 Πάντα
1610 3189 1720 3262 γὰρ
1775 3189 1981 3255 ταῦτα,

2094 3204 2247 3260 cerni
2277 3210 2574 3272 nequeunt.
2641 3201 2775 3271 Ejus
2821 3198 2968 3254 enim
3019 3206 3105 3254 est
3164 3195 3344 3252 omnis
3403 3203 3691 3261 creatura;

380 3286 573 3360 φησὶνξ
629 3285 889 3356 ἐποίησεν
920 3287 953 3356 ή
988 3284 1110 3355 χείρ
1142 3300 1275 3355 patr
1324 3283 1422 3338 καὶ
1463 3282 1612 3337 ἐστιν
1653 3282 1765 3354 ἐμὰ
1806 3282 1984 3336 ταῦτα

382 3381 585 3434 πάντα.
626 3398 646 3431 ι
680 3379 819 3432 Ποία
866 3377 925 3430 δὲ.
962 3376 1164 3444 ταῦτα;
1193 3375 1365 3446 Δῆλον
1396 3375 1454 3429 δὲ
1498 3377 1580 3430 ὅτι
1614 3377 1710 3430 καὶ
1737 3376 1804 3430 τὰ
1841 3375 1983 3447 ὁρώ-

385 3491 548 3545 μενα,
580 3472 677 3527 καὶ
706 3471 816 3525 τῶν
847 3470 1147 3543 ὁρωμένων
1181 3468 1445 3522 ἐπέκεινα
1465 3483 1481 3499 °
1516 3469 1615 3523 xei.
1660 3468 1828 3522 αὐτοῦ
1874 3468 1985 3541 γὰρ

381 3570 418 3639 ἡ
459 3566 640 3630 κτίσις
670 3564 883 3627 ἅπασα,
924 3564 1021 3618 καὶ
1052 3564 1169 3626 τοῖς
1214 3561 1383 3616 αὑτοῦ
1438 3560 1678 3632 νεύμασι
1722 3561 1983 3635 παρήχθη

381 3654 523 3727 πρὸς
581 3652 797 3722 γένεσιν
836 3652 906 3706 τά
954 3652 1057 3706 οὑκ
1115 3651 1246 3706 ὄντα
1284 3650 1438 3707 ποτέ.
1490 3652 1558 3706 Τί
1608 3652 1789 3706 τοίνυν
1832 3652 1986 3725 αὐτῷ

381 3746 755 3821 προσοίσομεν
803 3745 880 3811 ὡς
911 3746 1012 3800 οὐκ
1061 3744 1264 3812 αὐτοῦς
1322 3744 1568 3800 τοιοῦτόν
1620 3746 1674 3800 τί
1720 3764 1857 3819 φησι
1889 3746 1986 3802 καὶ

381 3840 585 3911 διάτῆς
607 3838 703 3893 τοῦ
739 3838 1055 3904 Ψάλλοντος
1111 3841 1318 3912 φωνῆς’
1349 3857 1367 3892 ι
1392 3838 1521 3893 Ἐἀν
1544 3838 1809 3907 πεινάσω,
1825 3842 1889 3895 οὐ
1909 3842 1984 3915 μή

386 3947 472 3985 σοι
498 3929 670 3983 είπωσ
698 3928 809 3999 ἐμὰ
835 3928 945 4001 γάρ
973 3930 1091 3983 ἐστι
1130 3929 1311 3985 πάντα
1340 3928 1411 3985 τὰ
1448 3928 1618 4003 θηρία
1646 3929 1742 3984 τοῦ
1784 3931 1982 4004 ἀγροῦ,

382 4023 559 4095 κτήνη
620 4022 680 4076 ἐν
722 4022 837 4085 τοῖς
877 4021 1031 4092 δρεσι
1078 4022 1175 4074 καὶ
1222 4020 1363 4091 βόες.
1398 4021 1659 4090 Ἔγνωκα
1700 4022 1880 4077 πάντα
1916 4023 1986 4078 τὰ

382 4114 550 4188 θηρία
573 4111 668 4169 τοῦ
689 4110 884 4183 ἀγροῦ,
911 4110 1011 4165 καὶ
1034 4111 1214 4165 πάντα
1244 4110 1315 4165 τά
1339 4127 1409 4163 πε
1422 4113 1579 4166 τεινά
1598 4110 1695 4165 τοῦ
1724 4112 1981 4184 οὐρανοῦ,

381 4208 478 4263 καὶ
509 4206 781 4278 ῶραιότης
814 4201 988 4275 ἀγροῦ
1035 4203 1153 4274 μετ’
1198 4200 1337 4273 ἐμοῦ
1378 4203 1550 4257 ἐστιν.
1610 4222 1630 4255 ι
1695 4203 1820 4257 Ἐπὶ
1861 4203 1984 4258 τίνα

378 4299 445 4371 δὴ
484 4294 580 4354 οὖν
617 4294 918 4367 ἐπιϐλέψω,
971 4292 1163 4365 φησίν;
1262 4293 1299 4365 ἦ
1350 4293 1571 4360 πάντως
1610 4312 1713 4349 που
1761 4295 1855 4349 ἐπὶ
1892 4295 1984 4350 τὸν

378 4392 637 4447 ταπεινὸν
700 4390 798 4445 καὶ
825 4388 1071 4461 ήσύχιον,
1122 4385 1396 4453 τουτέστι,
1448 4387 1542 4442 τὸν
1584 4389 1826 4443 six-ctbe
1888 4390 1983 4443 καὶ

382 4486 579 4557 πρᾶον,
608 4483 705 4537 καὶ
742 4481 854 4536 τῶν
886 4481 1036 4554 ἐμῶν
1065 4480 1393 4553 θελημάτων
1425 4481 1651 4554 γνήσιον
1679 4481 1978 4555 ὑπουργὸν,

2092 3291 2212 3363 ejus
2243 3301 2374 3347 nutu
2411 3299 2595 3347 creata
2631 3299 2689 3346 et
2741 3297 2858 3345 orta
2901 3295 3030 3344 sunt
3079 3301 3200 3356 quae
3244 3284 3542 3356 aliquando
3589 3299 3697 3340 non

2093 3394 2270 3441 erant.
2298 3385 2437 3452 Quid
2468 3383 2633 3453 igitur
2665 3382 2714 3440 ei
2747 3380 3060 3447 olleremus,
3107 3379 3251 3450 quod
3299 3377 3416 3448 ejus
3451 3392 3557 3432 non
3591 3374 3702 3432 sit?

2093 3479 2225 3536 Tale
2254 3478 2513 3549 quiddam
2537 3475 2849 3532 dicitetiam
2877 3490 3009 3530 voce
3051 3470 3384 3528 Psallentis:
3417 3488 3438 3522 ι
3481 3469 3538 3525 Si
3570 3484 3699 3526 esu-

2092 3568 2257 3636 riero,
2289 3582 2395 3624 non
2423 3566 2598 3622 dicam
2638 3566 2730 3623 tibi
2762 3582 2775 3617 :
2803 3579 2940 3623 meai
2978 3564 3122 3618 enim
3158 3572 3287 3619 sunt
3334 3575 3527 3618 omnes
3582 3559 3702 3615 ani-

2092 3668 2308 3716 mantes
2336 3655 2737 3730 agi,jumenta
2789 3657 2843 3711 in
2891 3656 3169 3712 montibus
3209 3663 3267 3710 et
3318 3653 3509 3739 boves.
3562 3652 3700 3708 Novi

2091 3751 2276 3808 omnia
2323 3749 2568 3807 volatilia
2629 3749 2777 3817 coeli,
2834 3758 2887 3805 et
2936 3747 3284 3821 pulchritudo
3340 3747 3453 3819 agri
3484 3762 3698 3803 mecum

2091 3854 2177 3900 est
2203 3844 2271 3898 ⁸⁵.
2400 3843 2574 3910 Quem
2606 3842 2772 3915 igitur
2799 3841 3132 3914 respiciam!
3167 3861 3189 3895 ι
3228 3840 3448 3914 inquit:
3479 3859 3500 3895 ι
3574 3856 3691 3899 om—

2090 3939 2221 3996 nino
2250 3938 2319 3993 ad
2357 3936 2617 3992 humilem
2643 3947 2699 3991 et
2728 3937 2994 4004 quietum,
3028 3952 3047 3986 ι
3079 3934 3132 3990 id
3157 3942 3263 4001 est,
3304 3948 3598 4004 sequacem
3645 3943 3703 3990 et

2092 4029 2385 4091 mitem,et
2434 4041 2566 4081 meae
2611 4025 2909 4082 voluntatis
2948 4023 3240 4096 ingenuum
3290 4037 3353 4079 ac
3375 4038 3698 4095 germanum

2087 4119 2423 4183 effectorem,
2459 4127 2519 4173 ut
2544 4117 2611 4173 ad
2637 4116 2804 4173 verba
2841 4132 2960 4172 mea
2983 4114 3697 4188 contremiscat.Signilicat

2088 4221 2269 4267 autem
2291 4210 2377 4265 his
2398 4209 2763 4279 evangelicam
2789 4224 2853 4264 ac
2875 4208 3047 4281 908
3077 4206 3374 4263 salutarem
3437 4207 3695 4277 praedica-

2090 4303 2316 4360 tionem.
2339 4299 2454 4359 Hos
2479 4302 2735 4371 dignatur
2753 4299 2978 4369 intueri,
3013 4309 3069 4355 et
3085 4298 3234 4354 velut
3264 4296 3692 4368 bumilesinspi-

2089 4410 2235 4453 cere.
2258 4397 2450 4451 Audax
2479 4396 2626 4451 enim
2650 4404 2703 4449 et
2726 4409 3014 4464 arrogans,
3048 4392 3140 4463 qui
3176 4391 3380 4449 divinis
3409 4392 3527 4464 ejus
3557 4392 3695 4447 resi-

2087 4489 2184 4545 stit
2241 4488 2451 4560 legibus
2497 4498 2552 4545 et
2611 4504 2676 4544 ex
2732 4502 2925 4558 magna
2972 4485 3360 4552 inobedientia,
3405 4484 3697 4554 superbam

380 4576 525 4631 ὥστε
556 4576 651 4630 καὶ
683 4575 909 4647 τρέμειν
939 4574 1069 4638 τοὺς
1094 4573 1256 4645 οἵπερ
1287 4572 1355 4628 ἀν
1386 4573 1636 4643 γένοιντο
1670 4573 1804 4646 παρ’
1841 4574 1980 4646 ἐμοῦ

2093 4581 2237 4637 velut
2283 4590 2338 4637 et
2372 4581 2567 4636 duram
2622 4580 2892 4637 cervicem
2925 4580 3124 4637 mentis
3170 4593 3282 4634 suae
3315 4586 3507 4634 contra
3546 4576 3696 4631 illum

384 4670 559 4740 Αόγοι;
594 4668 861 4740 Σημαίνει
899 4667 958 4720 δὲ
1003 4667 1092 4721 διὰ
1135 4667 1342 4722 τούτων
1387 4667 1452 4721 τὸ
1489 4666 1849 4736 εὑαγγελικδν
1888 4669 1981 4723 καὶ

2088 4672 2321 4730 extollit.
2349 4672 2514 4743 Legis
2552 4687 2684 4728 vero
2700 4672 2904 4728 cultum
2938 4684 3129 4728 se’nou
3165 4670 3430 4742 recipere,
3458 4676 3514 4724 et
3569 4667 3698 4722 odio

385 4764 655 4835 σωτήριον
683 4760 985 4835 κήρυγμα’
1036 4758 1259 4822 τούτους
1308 4759 1513 4831 ἐφορᾷν
1543 4757 1717 4827 ἀξιοῖ,
1765 4759 1862 4814 καὶ
1905 4760 1984 4825 ὡς

382 4854 679 4918 ταπεινοὺς
708 4851 1166 4908 ἐπισκέπτεσθαι.
1212 4850 1436 4923 Θρασὺς
1466 4850 1576 4924 γάρ
1622 4852 1718 4906 καὶ
1763 4850 1984 4918 ἀλαζὼν

382 4949 413 5003 ὁ
456 4949 570 5013 τοῖς
603 4945 770 5009 θείοις
803 4945 970 5000 αὑτοῦ
1000 4945 1191 5017 νόμοις
1241 4944 1729 5017 ἀντανιστάμενος,
1765 4950 1863 5003 καὶ
1893 4948 1985 5004 διὰ

387 5039 598 5110 πολλῆς
643 5037 955 5104 ἀπειθείας,
1004 5035 1213 5110 γαῦρον
1242 5036 1433 5110 ὥσπερ
1462 5037 1588 5092 τινὰ
1620 5039 1717 5093 καὶ
1747 5038 1985 5114 σκληρὸν

396 5130 671 5186 ἀνατείνει
700 5127 852 5200 αὐτῷ
884 5134 975 5182 τὸν
999 5129 1101 5201 τῆς
1122 5126 1318 5186 ἑαυτοῦ
1345 5128 1589 5195 διανοίας
1623 5131 1831 5203 αὐχένα
1852 5148 1867 5164 ο
1900 5133 1985 5187 ὅτι

390 5219 865 5305 δὲὶάπαράδεκτον
886 5222 1133 5275 ποιεῖται
1159 5221 1262 5291 τὴν
1290 5220 1379 5276 διὰ
1406 5220 1572 5294 νόμου
1602 5220 1880 5294 λατρείαν,
1895 5225 1989 5280 καὶ

381 5310 470 5365 διὰ
504 5309 699 5383 μίσους
728 5307 865 5382 ἔχει,
907 5313 1166 5380 σαφηνιεϊ
1193 5310 1369 5382 λέγων
1389 5327 1404 5345 ν
1441 5331 1461 5366 ι
1503 5313 1563 5366 ’0
1596 5312 1741 5369 θύων
1767 5333 1857 5387 μοι
1887 5317 1984 5389 μό-

386 5418 533 5474 σχον,
570 5402 647 5464 ῶς
673 5403 703 5455 ό
742 5400 1089 5456 ἀποκτείνων
1116 5400 1289 5456 κύναο
1334 5404 1363 5458 ό
1400 5404 1458 5459 δὲ
1489 5405 1778 5478 ἀναφέρων
1822 5407 1981 5479 σεμί-

383 5493 557 5560 δαλιν,
582 5491 657 5557 ὡς
682 5486 824 5566 αἷμα
857 5493 1003 5549 ὕειον
1022 5508 1037 5523 °
1076 5494 1106 5547 ὁ
1136 5493 1192 5548 δὲ
1219 5493 1347 5560 δοὺς
1377 5495 1597 5552 λίϐανον
1640 5500 1719 5563 εἰς
1767 5502 1981 5573 μνημό-

455 5674 504 5708 ⁸⁹
535 5674 676 5732 Psal.
701 5691 816 5743 ut,
842 5675 933 5733 i9.
1009 5674 1056 5710 “
1083 5674 1222 5732 Psai.
1258 5690 1408 5744 χιιι,
1438 5674 1623 5733 10-12.

458 5855 536 5921 (l)
571 5854 762 5912 liunl’r.
801 5858 959 5921 σκιᾶς

2092 4767 2324 4833 habere,
2357 4766 2539 4837 palam
2561 4764 2728 4823 faciet
2769 4780 2895 4821 cum
2934 4764 3155 4836 inquit:
3196 4781 3217 4817 ι
3279 4763 3381 4831 Qui
3428 4760 3698 4818 sacrificat

2095 4859 2231 4916 mihi
2258 4859 2513 4929 vitulum,
2541 4871 2625 4916 est
2670 4858 2899 4931 perinde
2929 4873 2994 4914 ac
3012 4858 3058 4913 is
3107 4857 3200 4928 qui
3235 4855 3437 4912 occidit
3465 4867 3693 4916 canem;

2093 4949 2186 5019 qui
2212 4946 2367 5005 ollert
2393 4950 2653 5015 similam,
2682 4948 2838 5019 quasi
2869 4949 2962 5018 qui
2990 4946 3312 5018 sanguinem
3354 4943 3515 5001 ofl’ert
3564 4942 3695 4998 suil-

2095 5040 2236 5108 lum;
2258 5041 2349 5111 qui
2374 5041 2467 5097 dat
2486 5042 2637 5107 thus,
2662 5041 2731 5097 ad
2771 5040 3091 5097 memoriam
3123 5039 3229 5105 sui,
3263 5046 3349 5094 est
3390 5036 3548 5107 quasi
3584 5036 3696 5091 bla-

2093 5135 2374 5205 sphemus.
2404 5154 2425 5189 ›
2472 5135 2771 5191 Considera
2800 5135 2966 5207 igitur
3012 5148 3139 5190 eum
3207 5146 3315 5188 non
3363 5130 3539 5187 solum
3585 5144 3694 5186 non

2086 5227 2380 5284 admittere
2406 5243 2528 5300 quae
2560 5229 2614 5284 in
2649 5228 2861 5285 umbris
2915 5243 2981 5284 ac
3020 5228 3165 5300 typis
3190 5225 3365 5298 posita
3397 5230 3548 5291 sunt,
3577 5223 3693 5287 sed,

2092 5326 2153 5374 ut
2180 5320 2532 5386 dixi,odisse.
2559 5320 2731 5378 Vituli
2779 5321 2926 5376 enim
2978 5324 3204 5387 credent,
3257 5317 3410 5376 cauis
3450 5322 3685 5371 mortem

2091 5412 2406 5481 existimat,
2461 5423 2517 5471 et
2543 5430 2656 5471 rem
2685 5415 2978 5486 impuram,
3010 5413 3247 5470 similam
3290 5411 3412 5468 oleo
3433 5423 3692 5479 consper-

2095 5518 2232 5563 sam.
2269 5506 2557 5578 Signiﬁcat
2590 5509 2736 5567 enim
2768 5511 2891 5579 hoc,
2926 5518 2986 5566 ut
3012 5510 3224 5582 opinor,
3259 5505 3386 5561 dum
3417 5517 3537 5560 eam
3562 5516 3692 5557 san-
