4140 6462
504 364 628 421 “Si

1492 361 1550 416 S.
1592 360 1871 416 CYRILLI
1911 361 2380 447 ALEXA-SDBIN
2421 363 2736 419 ARCHIEP.

3622 365 3761 422 ΗΜ

502 483 648 543 tuini
686 484 798 537 suis
826 489 1123 548 comparat.
1155 480 1366 549 lmpura
1393 486 1476 533 est
1497 488 1674 534 autem
1717 494 1829 544 sus,
1854 495 1919 536 ex
1951 480 2078 549 legis

2188 499 2369 543 συνον,
2425 482 2502 548 ὡς
2545 482 2885 554 βλάσφημον.
2921 501 2940 535 ι
2974 481 3166 553 ’Δθρει
3202 480 3266 552 δὴ
3295 477 3387 535 οὖν
3414 481 3561 546 ὅπως
3587 482 3657 553 τά
3685 480 3761 546 ὡς

500 574 835 643 prmscripto.
881 573 949 627 Et
997 572 1170 625 thuris
1215 569 1389 626 furnos
1416 570 1532 639 pari
1590 570 1710 626 loco
1751 570 1934 636 babet,
1971 586 2078 642 quo

2180 574 2238 626 ὲν
2272 576 2449 639 σκιαῖς
2487 573 2581 628 καὶ
2614 574 2825 641 τύποις,
2860 574 2959 627 οὐκ
2993 573 3276 645 ἀπόϐλητα
3306 574 3541 626 ποιεῖται
3571 574 3755 643 μόνον,

500 680 686 720 vocem
716 664 1108 734 blasphemam.
1138 661 1422 717 Transfcrt
1446 661 1608 733 igitur
1635 662 1720 717 bis
1756 663 1933 718 verbis
1962 679 2077 729 eos,

500 756 748 809 utveliut
805 770 909 809 non
957 753 1108 823 juxta
1154 753 1401 807 umbram
1444 752 1596 823 legis,
1628 754 1722 808 sed
1770 754 2078 825 evangelica

500 864 548 900 γι
561 864 620 901 γε
629 864 699 901 ΓΟ.

2182 668 2320 722 ἀλλὰ
2353 668 2462 740 γὰρ
2494 669 2589 723 καὶ
2620 669 2948 741 μεμίσηκεν,
2977 667 3052 731 ὡς
3085 665 3222 737 ἐφην
3242 681 3257 694 ο
3289 663 3387 735 τὴν
3415 664 3604 734 γάρτοι
3665 664 3763 735 μό-

2186 775 2314 829 σχου
2346 760 2582 832 σφαγὴν,
2630 761 2793 823 κυνὸς
2824 761 3039 829 ἡγεῖται
3068 757 3316 819 θάνατον,
3365 754 3676 825 ἀκάθαρτον
3703 754 3760 807 δὲ

2182 853 2276 906 καὶ
2302 853 2580 923 σεμίδαλιν
2612 849 3020 923 ἐλεόδευ[σ]τον.
3047 847 3210 919 Δηλοῖ
3236 848 3367 916 γὰρ,
3404 841 3581 915 οἴμαι,
3608 846 3759 899 τουτὶ

496 939 575 1009 τῷ
603 941 727 1003 συὸς
761 940 952 1011 αἵματι
974 938 1328 1010 παρεικάζειν
1355 937 1526 1009 αὑτήν
1545 953 1558 968 ·
1594 922 1908 1009 άκάθαρτον
1941 939 2000 993 δὲ
2027 941 2168 996 κατὰ
2206 945 2297 997 τὸν
2329 922 2492 1014 νόμον
2516 947 2546 998 ὁ
2571 939 2661 1009 ὗςο
2698 922 2846 1010 τοὺς
2869 946 2925 999 δέ
2950 963 3014 1015 γε
3046 947 3109 999 ἐκ
3139 945 3359 999 λιϐάνου
3408 941 3669 1002 καπνοὺς,
3703 941 3760 992 ἐν
3820 982 3823 989 ,

498 1033 598 1102 ίτιρ
643 1032 849 1086 τίθεται
897 1031 1254 1101 παλιμφήμου
1301 1032 1504 1103 φωνῆς.
1550 1030 1854 1099 Μεθίστησι
1894 1031 2070 1086 τοίνυν
2140 1034 2229 1088 διὰ
2294 1035 2497 1091 τούτων
2539 1037 2736 1101 αὐτοὺς
2783 1036 2864 1101 εἴς
2900 1055 2964 1106 γε
3016 1037 3078 1091 τὸ
3112 1035 3400 1107 βούλεσθαι
3443 1031 3633 1102 διαζῆν
3664 1030 3754 1083 εὑ-

496 1124 825 1192 αγγελικῶς,
855 1125 950 1177 καὶ
989 1122 1161 1186 οὕτως
1187 1121 1299 1195 [ica
1330 1121 1504 1194 οὗτοι]
1551 1140 1655 1179 που
1696 1122 1898 1192 μᾶλλον
1929 1123 2071 1178 κατά
2106 1141 2170 1193 γε
2196 1126 2295 1196 τὴν
2323 1123 2490 1181 οὖσαν
2517 1129 2575 1182 ἐν
2601 1127 2680 1199 τῷ
2709 1129 2857 1199 νόμῳ
2895 1130 3071 1183 σκιάν.

574 1216 733 1270 Vens.
773 1216 827 1270 4.
874 1214 939 1270 Et
972 1216 1072 1282 ipsi
1103 1216 1371 1285 elegerunt
1404 1216 1512 1268 vias
1540 1232 1686 1279 suae,
1710 1224 1758 1267 et
1801 1214 2075 1268 abomina-

499 1312 665 1363 tioncs
706 1326 852 1372 suas,
884 1326 1019 1378 quas
1050 1308 1225 1360 anima
1248 1323 1429 1360 eorum
1460 1306 1642 1360 voluit.
1691 1305 1754 1359 Et
1773 1322 1865 1374 ego
1887 1306 2075 1376 eligam

497 1402 728 1456 ludibria
749 1417 950 1463 eorum,
969 1410 1016 1453 et
1047 1411 1259 1468 peccata
1298 1415 1477 1451 eorum
1508 1399 1791 1451 retribuam
1815 1398 1911 1451 eis.
1938 1397 2077 1461 Quia

501 1494 684 1548 vocari
732 1510 842 1559 eos,
883 1504 930 1546 et
979 1508 1081 1545 non
1127 1491 1513 1555 obedierant,et
1552 1501 1767 1558 egerunt
1800 1491 1997 1544 malum
2025 1493 2078 1546 in

497 1593 774 1654 conspectu
800 1600 933 1637 meo.
959 1581 1051 1648 Et,
1073 1596 1188 1652 qua
1211 1579 1471 1645 nolebam,
1504 1579 1788 1651 elegerunt.

569 1852 779 1907 Rursus
835 1850 1066 1907 adornat
1108 1848 1433 1920 apologiam,
1504 1865 1837 1922 causamque
1896 1862 2081 1921 aperte

499 1943 697 2008 reddit,
750 1959 847 1998 cur
894 1942 1217 2012 repudiatus
1280 1943 1443 1998 fuerit
1505 1941 1693 2008 Israel,
1740 1945 2082 2015 quantumvis

496 2035 888 2106 primogenitus
918 2036 1115 2098 dictus,
1132 2042 1186 2089 et
1212 2050 1330 2090 sors
1360 2035 1453 2090 Dei
1505 2043 1863 2105 nttucupatus.
1890 2054 1911 2087 ι
1953 2036 2078 2091 Ele-

495 2136 690 2198 geruut
729 2128 893 2192 enim,
939 2126 1134 2195 inquit,
1181 2127 1298 2181 vias
1362 2141 1508 2190 suas,
1573 2132 1627 2180 et
1650 2127 2081 2184 abominationes

494 2233 643 2284 suas,
711 2234 846 2288 quas
913 2218 1090 2272 anima
1145 2217 1384 2287 ipsorum
1421 2216 1609 2272 voluit.
1668 2237 1689 2270 ι
1736 2218 1869 2274 Cum
1927 2219 2078 2286 dicit,

500 2331 521 2363 ι
560 2312 901 2382 Εἰρεοιιιιιι,ι
926 2311 1168 2366 declarat
1193 2324 1287 2365 eos
1308 2309 1519 2378 iudices
1540 2324 1660 2365 esse
1686 2326 1795 2365 non
1831 2320 2005 2367 rectos
2026 2313 2078 2365 in

500 2402 658 2458 rebus
689 2403 1030 2467 necessariis,
1068 2404 1162 2459 sed
1202 2404 1381 2475 potius
1421 2421 1441 2455 ι
1482 2403 1674 2458 Dicere
1701 2403 1900 2458 bonum
1973 2419 2083 2457 ma-

500 2495 626 2557 lum,
657 2504 711 2549 et
741 2504 949 2550 vertere
980 2494 1225 2550 tenebras
1248 2496 1303 2549 in
1334 2494 1532 2558 lucem,
1563 2502 1616 2548 et
1636 2494 1807 2549 lucem
1850 2493 1902 2547 in
1930 2503 2083 2548 tene-

497 2588 643 2651 l;ras,
671 2601 914 2640 amarum
938 2586 990 2640 in
1015 2584 1190 2650 dulce,
1205 2586 1429 2641 etdulce
1458 2585 1510 2640 in
1533 2599 1777 2639 amarum
1798 2584 1867 2637 ⁸⁸.
1898 2602 1917 2636 ι
1945 2585 2079 2640 Cum

494 2677 640 2729 enim
670 2676 912 2732 licuisset
952 2676 1083 2745 ipsis
1109 2691 1204 2745 per
1230 2675 1447 2731 oracula
1467 2676 1778 2742 evangelica
1803 2675 1869 2730 ad
1891 2690 2082 2731 omnes

496 2770 721 2822 virtutes
750 2768 1193 2836 praeclarissimas
1250 2767 1469 2833 adduci,
1517 2782 1755 2837 cumque
1804 2781 1970 2836 penes
2001 2766 2083 2836 ip-

494 2874 585 2915 sos
602 2868 745 2914 esset
777 2859 906 2914 vitia
952 2859 1281 2928 relinquere,
1317 2859 1569 2928 amplecti
1623 2858 1869 2929 quodest
1908 2858 2077 2915 utile:

494 2951 597 3014 illi,
635 2950 828 3020 inquit,
849 2949 1134 3005 voluerunt
1157 2950 1275 3006 vias
1309 2964 1457 3015 suas,
1482 2964 1510 3002 a
1537 2949 1655 3019 iege
1698 2949 1927 3013 alienas,
1959 2963 2079 3017 quze

2249 1220 2356 1274 Kal
2382 1215 2548 1276 οὗτοι
2586 1219 2946 1285 ἐξελέξαντο
2973 1218 3078 1286 τὰς
3108 1218 3289 1285 ὀδοὺς
3308 1215 3529 1278 αὐτῶν,
3552 1214 3652 1269 καί
3687 1213 3760 1267 τὰ

2179 1310 2568 1379 βδελύγματα
2609 1308 2828 1372 αὐτῶν,
2875 1307 2913 1363 ἄ
2946 1309 2984 1377 ἡ
3021 1307 3193 1378 ψυχὴ
3236 1304 3434 1361 αὐτῶν
3467 1303 3754 1373 ἠθέλησε.

2188 1400 2358 1472 Κάγὼ
2385 1402 2705 1469 ἐκλέξομαι
2744 1402 2817 1456 τὰ
2846 1402 3222 1470 ἐμπαίτματα
3258 1395 3477 1460 αὐτῶν,
3517 1394 3614 1449 καὶ
3647 1395 3756 1456 τὰς

2185 1489 2472 1558 ἁμαρτίας
2494 1489 2691 1544 αὐτῶν
2708 1489 3113 1544 ἀνταποδώσω
3142 1487 3368 1553 αὐτοῖς,
3381 1486 3471 1540 ὅτι
3490 1483 3759 1539 ἐκάλεσα

2182 1581 2422 1647 αὐτοὺς,
2467 1582 2566 1635 καὶ
2616 1583 2731 1650 οὐχ
2774 1581 3162 1651 ὑπήκουσαν,
3206 1578 3306 1635 καὶ
3348 1577 3647 1643 ἐποίησαν
3688 1575 3757 1629 τὸ

2182 1672 2448 1741 πονηρὸν
2487 1673 2763 1727 ἐναντίον
2794 1690 2934 1742 μου.
2981 1673 3093 1728 Καὶ
3139 1672 3179 1728 ἃ
3229 1676 3344 1729 οὐκ
3380 1673 3753 1743 ἠϐουλόμην,

2181 1764 2507 1829 ἐξελέξαντ
3477 1760 3485 1764 ’

2266 1857 2634 1925 Ἀπολογεῖται
2683 1857 2866 1922 πάλιν,
2902 1857 3010 1926 ικαὶ
3055 1857 3272 1929 ἐμφανῆ
3315 1848 3608 1926 καθίοίτησι
3657 1854 3757 1924 τὴν

2180 1948 2377 2013 αἰτίαν,
2427 1951 2512 2017 ἐφ’
2621 1950 2717 2003 καὶ
2762 1950 3123 2020 άπόπεμπτος
3169 1948 3391 2018 γέγονεν
3434 1950 3463 2001 ὀ
3518 1945 3754 2017 Ἰσραὴλ,

2180 2036 2357 2091 καίτοι
2400 2037 2742 2108 πρωτότοκος
2789 2037 3199 2109 ὠνομασμένος,
3243 2038 3338 2091 καὶ
3383 2037 3582 2107 κλῆρος
3619 2035 3756 2090 Θεοῦ
3792 2080 3797 2084 .

2180 2129 2549 2201 χρηματίσας.
2581 2148 2600 2182 ι
2645 2128 3003 2193 Ἐπελέξαντο
3057 2129 3188 2200 γὰρ,
3240 2128 3425 2198 φησὶν,
3470 2127 3622 2179 αὐτοὶ
3652 2125 3753 2189 τὰς

2180 2222 2334 2285 ὁδοὺς
2368 2220 2567 2287 αὐτῶν,
2611 2220 2798 2275 καὶτὰ
2834 2219 3180 2291 βδελύγματα
3226 2220 3427 2285 αὐτῶν,
3468 2219 3505 2274 ἃ
3546 2220 3590 2290 if
3612 2218 3759 2289 ψυχὴ

2180 2314 2358 2369 αὐτῶν
2398 2313 2660 2385 ἠθέλησε·
2699 2332 2717 2365 ι
2750 2313 2811 2367 τὸ
2830 2313 2907 2379 δὲ,
2933 2333 2951 2366 ι
2974 2311 3345 2378 Ἐπελέξαντο,
3383 2331 3401 2363 ι
3433 2312 3627 2380 λέγων,
3657 2311 3760 2364 οὐκ

2180 2403 2356 2475 ὀρθῶς
2389 2404 2636 2475 ἀπέφηνε
2674 2403 2936 2467 δικαστάς
2965 2405 3023 2458 ὲν
3053 2403 3376 2471 ἀναγκαίοις
3410 2402 3754 2474 πράγμασιν,

2186 2514 2206 2548 ι
2237 2496 2504 2559 Εἰπόντας
2533 2496 2590 2549 δὲ
2621 2495 2822 2566 μᾶλλον
2852 2496 2946 2549 καὶ
2973 2495 3035 2548 τὺ
3063 2495 3227 2550 καλὸν
3263 2494 3519 2565 πονηρὸν,
3546 2494 3640 2549 καὶ
3663 2492 3756 2546 θε-

2184 2586 2377 2658 μένους
2401 2586 2466 2639 τὸ
2495 2586 2686 2649 σκότος
2711 2587 2790 2649 εἰς
2823 2585 2957 2654 φῶς,
2988 2586 3084 2639 καὶ⁸
3115 2585 3175 2639 τὸ
3203 2585 3318 2653 φῶς
3341 2583 3551 2647 σκότος,
3575 2582 3670 2636 καὶ
3696 2582 3758 2636 τὸ

2172 2676 2380 2747 οπικρὸν
2423 2676 2619 2745 γλυκὺ,
2673 2675 2767 2730 καὶ
2812 2675 2874 2728 τὸ
2904 2674 3088 2743 ,γλυκὺ
3129 2675 3347 2745 πικρόν.
3387 2693 3405 2726 ι
3462 2671 3610 2738 Ἐξὸν
3647 2672 3756 2743 γάρ

2180 2769 2363 2829 αὐτοῖς
2394 2767 2481 2821 διά
2511 2767 2618 2820 τῶν
2654 2765 3022 2835 εύαγγελικῶν
3055 2765 3444 2837 θεσπισμάτων
3472 2764 3606 2836 πρὸς
3647 2764 3754 2817 πᾶν

2180 2860 2358 2915 ὁτιοῦν
2390 2859 2762 2930 ἀποφέρεσθαι
2811 2857 2920 2912 τῶν
2944 2859 3184 2929 ἀρίστων
3228 2855 3757 2927 ἀνδραγαθημάτων,

2182 2953 2277 3007 καὶ
2301 2951 2671 3023 προκειμένης
2700 2950 2884 3013 αὐτοῖς
2913 2948 3165 3017 ἐξουσίας
3197 2951 3501 3020 ἀποστῆναι
3527 2947 3629 3017 μὲν
3650 2946 3759 3000 τῶν
3788 2948 3792 2952 ’

492 3041 550 3097 in
581 3051 695 3097 rete
720 3041 913 3097 mortis
941 3050 994 3096 et
1013 3041 1065 3095 in
1095 3041 1418 3109 profundum
1446 3041 1642 3095 inferni
1672 3055 1766 3095 eos
1786 3040 2077 3094 adducunt.

2182 3044 2281 3115 τῆς
2324 3043 2659 3114 φαυλότητος
2700 3042 2941 3114 τρόπων,
2993 3041 3312 3096 ἀνθελέσθαι
3339 3041 3395 3094 δὲ
3422 3040 3481 3092 τὸ
3513 3036 3761 3107 πεφυκὸς

491 3132 737 3187 Revocat
790 3141 970 3186 autem
1007 3131 1114 3187 illis
1162 3133 1214 3186 in
1254 3133 1569 3187 memoriam
1618 3133 1844 3201 pristina
1892 3144 2078 3186 eorum

495 3234 735 3295 peccata.
767 3225 1010 3281 Fuerunt
1037 3226 1179 3280 enim
1202 3225 1329 3280 olim
1360 3224 1658 3281 idololatrae
1703 3235 1757 3280 et
1804 3224 2083 3280 abomina-

480 3318 703 3396 ‘tionnm
760 3316 1014 3373 cultores.
1072 3336 1093 3370 ι
1141 3316 1278 3385 Quia
1364 3317 1529 3388 igitur
1578 3317 1758 3373 vocati
1804 3326 1951 3382 sunt,
1997 3317 2081 3370 in-

495 3411 630 3481 quit,
683 3419 739 3465 et
788 3425 893 3466 non
952 3408 1295 3474 audiverunt,
1349 3428 1369 3463 ι
1399 3410 1565 3482 909
1611 3424 1783 3480 neque
1834 3408 2082 3464 attende-

496 3512 622 3557 ruut
656 3502 835 3557 verbis
868 3502 973 3558 illis
1005 3517 1123 3572 quas
1145 3503 1211 3556 ad
1242 3503 1386 3571 ipsos
1411 3501 1545 3566 feci;
1571 3500 1875 3556 dixienim:
1912 3517 1931 3550 ι
1969 3500 2080 3570 Ego

445 3606 451 3612 '
494 3610 613 3649 sum
640 3594 728 3650 lux
763 3578 967 3663 mundi,
1003 3604 1057 3651 et
1085 3595 1178 3665 qui
1219 3594 1394 3650 credit
1419 3594 1471 3648 in
1493 3608 1599 3661 me,
1648 3593 1864 3650 etiamsi
1887 3594 2083 3646 moriu-

496 3696 604 3750 tur,
626 3686 768 3742 νίψει
798 3685 877 3752 ⁸⁶ς
935 3706 955 3740 ι
995 3701 1060 3741 ac
1081 3687 1277 3741 iterum
1310 3702 1324 3740 :
1357 3704 1377 3737 ι
1414 3684 1609 3741 Venite
1632 3685 1698 3738 ad
1740 3699 1848 3749 me,
1878 3698 2070 3738 omnes

494 3779 586 3849 qui
611 3778 868 3834 laboratis
897 3787 953 3833 et
978 3779 1186 3834 onerati
1209 3777 1360 3842 estis,
1380 3786 1435 3831 et
1456 3792 1554 3846 ego
1584 3776 1823 3832 reﬁciam
1842 3791 1940 3831 vos
1954 3776 2022 3827 a':
2053 3793 2072 3827 ι

494 3871 623 3926 hinc
649 3869 817 3927 feram
856 3870 909 3926 in
945 3870 1064 3927 illos
1098 3871 1240 3926 banc
1268 3877 1517 3926 sanctam
1537 3869 1958 3933 sententiam,et
1977 3882 2079 3937 ego

495 3964 687 4034 eligam
720 3964 950 4020 ludibria
980 3978 1191 4029 eorum,
1214 3963 1266 4016 id
1296 3971 1399 4028 est,
1430 3961 1521 4033 qui
1577 3961 1876 4027 ludilicent,
1923 3976 1990 4016 ac
2023 3960 2078 4015 in

497 4057 646 4122 ipsos
678 4054 1095 4112 debacchentur.
1149 4052 1405 4124 Designat
1438 4061 1616 4106 autem
1647 4065 1740 4105 eos
1766 4051 1857 4120 qui
1899 4059 2080 4104 vasta-

501 4154 625 4196 runt
661 4141 900 4199 Judaaam
933 4153 987 4196 et
1032 4149 1444 4198 concremarunt
1502 4149 1744 4193 sanctam
1801 4139 2076 4210 quondam

497 4244 551 4287 et
578 4234 844 4289 celebrem
877 4234 1174 4300 civitatem,
1226 4245 1420 4300 nempe
1467 4229 1837 4284 Romanorum
1882 4229 2073 4285 duces.

503 4343 522 4376 ι
559 4322 878 4381 Retribuan‘t
934 4326 1103 4392 enim,
1150 4321 1343 4391 inquit,
1402 4319 1509 4375 illis
1562 4331 1780 4389 peccata
1814 4336 1909 4376 sua
1937 4321 2004 4374 ⁸⁸.
2049 4340 2069 4371 ι

496 4417 632 4476 Nam
674 4433 794 4487 qua:
815 4432 914 4488 ego
938 4419 1026 4472 odi
1066 4425 1120 4472 et
1152 4415 1318 4481 nolui,
1349 4415 1447 4485 ipsi
1484 4414 1780 4483 elegerunt.

2181 3133 2439 3202 ὠφελεῖνο
2471 3132 2649 3194 αὐτοὶ,
2706 3132 2894 3203 φησιν,
2927 3131 3201 3202 ἠθέλησαν
3232 3129 3332 3193 τὰς
3377 3128 3529 3190 ὁδοὺς
3577 3124 3759 3180 αὐτῶν

2180 3225 2279 3289 τὰς
2307 3224 2412 3288 ἔξω
2447 3224 2626 3294 νόμων
2652 3223 2763 3277 τῶν
2792 3223 2975 3295 ἱερῶν,
3002 3226 3101 3286 τὰς
3128 3221 3362 3290 παγίδας
3389 3219 3644 3282 θανάτου,
3664 3218 3759 3273 καὶ

2182 3319 2262 3382 εἰς
2292 3319 2565 3389 πέταυρον
2595 3317 2723 3390 ᾅδου
2757 3314 3237 3386 κατακομιζούσας
3266 3312 3461 3376 αὐτούς
3480 3327 3493 3341 ·
3533 3309 3759 3365 ἀναϐαί-

2182 3425 2263 3463 νει
2294 3407 2350 3461 δὲ
2378 3408 2475 3462 καὶ
2506 3409 2586 3471 είς
2617 3408 2922 3478 ἀνάμνησιν
2965 3405 3326 3477 ἀρχαιοτέρας
3365 3403 3548 3465 αὐτοῖς
3578 3403 3759 3471 ἁμαρ-

2179 3499 2303 3563 τίας
2321 3514 2335 3529 ο
2366 3498 2621 3567 γεγόνασι
2645 3496 2754 3569 γάρ
2782 3496 2924 3550 κατά
2949 3496 3194 3567 καιροὺς,
3224 3493 3319 3546 καὶ
3348 3490 3754 3560 εἰδωλολάτραι,

2182 3590 2279 3645 καὶ
2324 3589 2711 3660 βδελυγμάτων
2789 3586 3184 3659 προσκυνηταί.
3232 3603 3251 3637 ι
3296 3583 3512 3653 Ἐπειδὴ
3579 3581 3759 3634 τοίνυν

2181 3681 2505 3750 κέκληνται,
2552 3680 2715 3750 φησὶ,
2758 3680 2853 3732 καὶ
2901 3679 2998 3748 οὐχ
3044 3678 3391 3748 ὑπήκουσαν,
3426 3694 3444 3726 ι
3482 3673 3607 3727 οὔτε
3649 3672 3756 3743 μὴν

2182 3774 2645 3851 προσεσχήκασιν,
2673 3764 2757 3833 οἷς
2790 3771 2927 3840 πρὸς
2956 3769 3155 3833 αὐτοὺς
3205 3768 3509 3837 πεποίημαι
3541 3766 3755 3834 λόγους.

2185 3864 2365 3931 Ἔφην
2390 3860 2520 3931 γάρ,
2557 3861 2640 3913 ὅτι
2695 3859 2878 3928 ιἘγώ
2941 3861 3059 3928 είμι
3111 3860 3174 3911 τὸ
3211 3857 3328 3927 φῶς
3376 3857 3471 3909 τοῦ
3525 3854 3757 3933 κόσμου,

2181 3955 2275 4009 καὶ
2320 3957 2347 4007 ό
2395 3952 2667 4006 πιστεύων
2714 3953 2794 4015 εἰς
2842 3949 2969 4020 ἐμὲ,
3013 3949 3117 4004 κᾶν
3150 3950 3398 4021 ἀποθάνῃ
3430 3948 3692 4020 ζήσεταιο
3733 3965 3753 3999 ι

2180 4046 2277 4100 καὶ⁵
2316 4044 2507 4100 πάλιν·
2542 4062 2561 4096 ι
2597 4040 2760 4096 Δεῦτε
2791 4041 2929 4112 πρός
2979 4058 3070 4112 με,
3120 4040 3321 4103 πάντες
3363 4040 3427 4104 oi.
3458 4036 3759 4099 κοπιῶντες

2181 4138 2277 4193 καὶ
2307 4135 2755 4208 πεφορτισμένοι,
2788 4132 2945 4202 κάγὼ
2978 4131 3278 4188 ἀναπαύσω
3303 4132 3469 4203 ὑμᾶς.
3511 4149 3530 4183 ι
3571 4127 3759 4198 Ταύτῃ

2178 4233 2246 4299 τῇ
2279 4228 2446 4299 ψήφῳ
2488 4225 2676 4280 λοιπὸν
2718 4226 3061 4296 κεχρήσομαι
3104 4226 3168 4295 τῇ
3214 4223 3337 4276 κατ’
3385 4220 3565 4275 αὐτῶν
3612 4219 3758 4290 ὁσία,

2181 4319 2336 4389 κάγὼ
2365 4317 2656 4388 ὲκλὲξομαι
2707 4317 2777 4369 τά
2832 4315 3196 4386 ὲμπαίγματα
3242 4313 3445 4378 αὐτῶν,
3486 4314 3756 4374 τουτέστι,

2111 4405 2155 4461 D
2184 4412 2313 4475 τοὺς
2360 4408 2764 4480 ἐμπαίζοντας,
2814 4407 2980 4479 ῆγουν
3031 4404 3501 4478 ὲμπαροινοῦντας
3552 4403 3757 4464 αὐτοῖς.

496 4513 658 4584 Δηλοῖ
696 4513 753 4567 δὲ
800 4512 1016 4574 πάντως
1047 4510 1177 4572 τοὺς
1209 4509 1625 4581 πεπορθηκότας
1684 4507 1785 4577 τὴν
1826 4505 2105 4568 Ἰουδαίαν,
2148 4504 2245 4558 καὶ
2307 4504 2813 4574 κατεμπρήσαντας
2847 4500 2947 4573 τὴν
2989 4499 3151 4568 ἁγίαν
3184 4497 3316 4553 ποτὲ
3353 4497 3449 4550 καὶ
3474 4495 3759 4566 διαϐόητον

372 4670 389 4677 ι
500 4605 689 4661 πόλιν·
737 4604 895 4674 δῆλον
947 4602 1004 4655 δὲ
1056 4601 1140 4654 ὅτι
1195 4600 1321 4664 τοὺς
1368 4599 1657 4670 Ῥωμαίων
1711 4595 2070 4669 στρατηγούς.
2116 4613 2136 4646 ι
2183 4592 2581 4649 Ἀνταποδώσω
2651 4592 2763 4663 γάρ
2821 4590 3038 4654 αὐτοῖς,

3097 4588 3232 4660 φησὶ
3255 4627 3269 4652 ,
3319 4586 3418 4650 τάς
3440 4584 3443 4585 ⁷
3482 4584 3762 4657 ἁμαρτίας

495 4697 698 4753 αὐτῶν.
734 4716 753 4748 ι
797 4698 863 4750 "A
909 4695 1019 4766 γάρ
1078 4692 1358 4766 μεμίσηκά
1385 4736 1401 4760 ,
1455 4693 1551 4747 καὶ
1593 4693 1695 4747 οὐκ
1740 4689 2073 4761 ἠϐουλόμην,
2115 4686 2449 4755 ἐξελέξαντο.

575 4789 734 4843 Vens.
760 4788 814 4843 5.
838 4788 1030 4841 Audite
1055 4788 1261 4841 verbum
1306 4785 1515 4839 Domini
1543 4786 1632 4853 qui
1681 4783 1906 4837 tremitis
1967 4796 2080 4834 ser—

497 4898 702 4937 monem
758 4880 915 4951 ejus;
970 4879 1150 4941 dicite,
1184 4878 1374 4948 fratres
1411 4875 1574 4931 nostri
1623 4874 1690 4927 iis
1737 4874 1827 4943 qui
1860 4872 2082 4925 oderunt

498 4984 668 5034 vos,et
702 4972 1094 5036 abominantur,
1125 4981 1181 5024 ut
1236 4986 1419 5024 nomen
1483 4966 1696 5021 Domini
1736 4963 2080 5035 gloriﬁcatur,

495 5078 542 5118 et
598 5073 851 5134 appareat
899 5064 954 5117 in
1001 5063 1186 5118 laztitia
1246 5075 1446 5123 eorum,
1514 5066 1565 5112 et
1602 5056 1683 5113 illi
1757 5052 2081 5124 confunden-

496 5167 603 5208 tur.

569 5242 849 5299 'l‘rausfert
873 5243 1174 5298 orationem
1203 5241 1268 5295 ad
1287 5254 1500 5295 omnem
1532 5236 1810 5300 humilem,
1847 5244 1904 5290 et
1934 5235 2086 5305 quie-

501 5349 637 5399 tum,
670 5351 735 5392 ac
767 5346 1083 5390 trementem
1109 5348 1390 5388 sermones
1414 5332 1530 5401 ejus
1562 5347 1575 5383 :
1612 5344 1839 5399 quorum
1858 5328 2076 5397 quidem

501 5429 752 5495 primitim
804 5438 859 5481 et
907 5427 1064 5496 primi
1112 5422 1363 5483 fuerunt,
1405 5431 1460 5475 et
1506 5420 1806 5479 secretioue
1843 5421 2073 5489 quadam

502 5519 713 5585 selecti,
737 5517 902 5571 divini
939 5516 1208 5586 discipuli.
1239 5513 1580 5568 Protrabitur
1610 5520 1789 5565 autem
1823 5512 1904 5565 vis
1936 5525 2075 5578 prte-

501 5609 642 5678 eepti
666 5610 732 5663 ad
753 5622 944 5662 omnes
967 5607 1060 5677 qui
1090 5605 1345 5674 deinceps
1369 5601 1740 5674 prwﬁciuntur
1763 5599 2076 5671 pepulo,qui

2269 4779 2595 4834 Ἀκούσατε
2633 4777 2699 4831 τό
2725 4776 2888 4846 ῥῆμα
2914 4775 3154 4843 Κυρίου,
3198 4775 3255 4826 οἱ
3299 4768 3615 4837 τρέμοντες·
3655 4766 3763 4820 τόν

2187 4853 2375 4934 λόγον·
2411 4868 2632 4925 αὐτοῦ·
2679 4869 2918 4931 εἴπατε,
2964 4864 3214 4933 ἀδελφοὶ
3259 4860 3459 4931 ἡμῶν,
3500 4860 3627 4925 τοῖς
3666 4877 3766 4929 μι-

2189 4961 2418 5016 σοῦσιν
2440 4959 2597 5029 ὑμᾶς
2632 4959 2732 5014 καὶ
2756 4952 3305 5021 βδελυσσομένοις,
3342 4952 3452 5004 ἵνα·
3479 4950 3544 5004 τὸ
3570 4950 3758 5018 ὄνομα

2191 5052 2409 5120 Κυρίου
2458 5048 2731 5117 δοξασθῇ
2779 5047 2881 5101 καί
2935 5043 3091 5114 ὀφθῇ
3153 5044 3225 5098 ἐν
3281 5042 3356 5112 τῇ
3411 5042 3761 5111 εὐφροσύνῃ

2187 5141 2374 5211 ὑμῶν,
2399 5140 2663 5196 κάκεῖνοι
2697 5135 3240 5206 αἱσχυνθήσονται.

2258 5232 2559 5301 Μεθίστησι
2590 5230 2716 5293 τοὺς
2756 5229 2947 5297 λόγους
2987 5229 3080 5281 ἐπὶ
3127 5227 3305 5281 πάντα
3353 5223 3608 5278 ταπεινὸν
3669 5223 3763 5276 καὶ

2189 5322 2435 5396 ἡσύχιον,
2469 5322 2564 5376 καὶ
2586 5320 2858 5392 τρέμοντα
2879 5320 3004 5384 τοὺς
3031 5319 3224 5388 λόγους
3254 5316 3441 5379 αὐτοῦ,
3478 5309 3554 5369 ὧν
3577 5314 3640 5384 δὴ
3668 5312 3765 5367 καὶ

2185 5413 2471 5484 γεγόνασιν
2499 5412 2746 5483 ἀπαρχὴ,
2784 5411 2879 5465 καὶ
2907 5427 3136 5482 πρωτοι,
3167 5410 3264 5463 καὶ
3290 5405 3595 5476 άπολέγδην
3629 5403 3766 5470 ἐξει-

2186 5504 2437 5576 λεγμένοι
2475 5505 2523 5556 οἱ
2552 5501 2831 5557 θεσπέσιοι
2863 5496 3122 5573 μαθηταί.
3165 5499 3364 5571 Τρέχει
3401 5496 3457 5550 δὲ
3484 5496 3583 5566 τῆς
3614 5495 3764 5546 ἐντο-

2185 5597 2284 5668 λῆς
2327 5598 2361 5667 ἠ
2397 5593 2627 5665 δύναμις
2675 5595 2769 5649 καὶ
2813 5595 2909 5648 ἐπὶ
2941 5593 3149 5655 πάντας
3198 5586 3396 5660 ἑφεξῆς
3439 5586 3568 5650 τοὺς
3616 5581 3764 5641 λαῶν

451 5765 465 5805 ³
575 5782 615 5811 ³⁵
646 5784 749 5840 lsa.
779 5799 831 5847 ν,
860 5784 950 5839 20.
1028 5784 1074 5820 ’⁸
1099 5780 1253 5841 Joan.
1291 5797 1368 5849 st,
1397 5780 1487 5837 26.
1564 5780 1608 5814 ⁸⁷
1640 5778 1831 5834 Matth.
1866 5792 1943 5843 tit.
1969 5774 2060 5829 ‘23-

2180 5777 2184 5803 ι
2221 5772 2377 5829 Prov.
2406 5786 2504 5841 xu,
2539 5771 2616 5825 Η.
