4140 6466
925 359 980 370 ι⁴

326 407 470 462 N55

1403 398 1473 454 IN
1513 398 1747 456 lSAlA-M
1788 397 1916 453 LIB.
1955 399 2016 455 ν.
2054 399 2293 456 TOMUS
2327 386 2416 456 vi.

3493 404 3630 460 ιιδι

335 521 695 596 ἡγουμένους,
760 518 809 572 οἳ
869 517 1037 589 ψήφῳ
1091 515 1215 588 θεία
1279 515 1756 588 κεχειροτόνηνται
1815 514 1926 569 τῶν

2059 516 2216 571 livino
2253 517 2462 573 calculo
2523 518 2839 589 deliguntur
2889 531 3210 576 sanctarum
3258 521 3628 578 Ecclesiarum

328 616 506 684 ἁγίων
568 610 945 682 Ἐκκλησιῶν,
1005 609 1102 662 καὶ
1154 607 1266 662 τῶν
1337 607 1498 680 ἱερῶν
1557 609 1932 679 κηρυγμάτων

334 707 632 782 ἱερουργοί.
679 704 905 767 Τούτοις
953 701 1239 756 ἐπιτάττει
1279 701 1478 768 λέγων·
1515 719 1533 753 ι
1568 702 1779 756 Εἴπατε
1819 703 1934 764 τοῖς

336 799 591 870 μισοῦσιν
618 799 764 870 ὑμᾶς
788 797 884 850 καὶ
920 795 1392 866 βδελυσσομένοις’
1415 793 1670 862 Ἀδελφοί
1697 793 1878 865 ἡμῶν.
1908 811 1926 845 ι

338 894 412 946 Ἤ
456 893 564 966 γὰρ
599 891 812 964 πράους
863 890 1060 951 αὐτοὺς
1130 886 1378 957 βούλεται
1426 889 1523 940 καὶ
1573 885 1936 951 ἀνεξικάκους

335 981 502 1044 εἶναι,
531 985 674 1038 κατά
705 1000 770 1052 γε
801 981 902 1046 τὰς
935 979 1306 1048 εὑαγγελικάς
1347 978 1694 1050 παραδόσεις,
1725 978 1822 1031 καὶ
1849 977 1938 1031 διὰ

333 1079 435 1148 τῆς
460 1078 539 1141 είς
569 1075 724 1146 λῆξιν
751 1072 1138 1146 μακροθυμίας
1171 1070 1496 1142 σαγηνεύειν
1519 1073 1600 1135 είς
1627 1071 1938 1139 οἰκειότητα

338 1170 740 1240 πνευματικὴν,
766 1169 895 1232 τοὺς
920 1167 1307 1230 ἀνανεύοντας,
1339 1164 1433 1220 καὶ
1457 1163 1939 1236 παραιτουμένους

336 1263 440 1329 τὴν
475 1261 611 1332 πρδς
637 1260 837 1323 αὐτοὺς
877 1258 1167 1312 κοινωνίαν
1189 1275 1202 1288 ·
1245 1258 1416 1328 ἧγουν
1445 1255 1622 1308 ἐκεῖνό
1654 1273 1758 1308 που
1799 1254 1941 1325 τάχα

337 1352 730 1415 διακελεύεται,
759 1353 818 1405 τὸ
841 1351 1102 1423 κηρύξαι,
1137 1350 1306 1421 φημὶ,
1336 1351 1450 1412 τοῖς
1478 1347 1680 1413 ἔθνεσι,
1703 1347 1800 1400 καὶ
1839 1364 1942 1400 κα-

339 1445 493 1497 λέσαι
522 1443 660 1512 πρὸς
694 1442 1029 1512 θεογνωσίαν
1058 1441 1157 1512 τὴν
1192 1438 1393 1510 ἀληθῆ,
1424 1439 1552 1502 τοὺς
1578 1435 1940 1507 πεπλανημέ-

341 1553 502 1600 νους,
543 1535 638 1588 καὶ
668 1533 776 1596 τῶν
821 1532 1154 1608 ἀκαθάρτων
1187 1529 1517 1600 πνευμάτων
1552 1523 1941 1598 προσκυνητάς

354 1624 675 1691 Ἰουδαίους,
724 1627 807 1680 ὅτι
857 1625 930 1697 μὴ
981 1624 1103 1679 κατ’
1149 1624 1352 1686 αὐτοὺς
1391 1620 1639 1690 ἐδέχοντο
1685 1617 1784 1689 τὴν
1834 1634 1937 1670 πο-

338 1719 584 1785 λυθεῖαν,
636 1717 734 1772 ἕνα
785 1719 841 1771 δὲ
893 1717 988 1771 καὶ
1061 1716 1220 1786 φύσει
1259 1715 1355 1768 καὶ
1418 1713 1579 1785 μόνον
1625 1711 1944 1782 ὡμολόγουν

2037 619 2091 665 et
2109 610 2414 667 divinorum
2443 613 2789 680 praemiorum
2825 614 3141 670 administri
3171 633 3187 669 :
3223 615 3305 670 his
3328 617 3382 670 in
3410 617 3635 671 manda-

2039 706 2111 761 tis
2135 705 2248 770 dat,
2280 704 2564 774 inquiens:
2633 723 2652 757 ι
2701 707 2873 762 Dicite
2915 708 2982 763 iis
3033 707 3126 778 qui
3161 709 3396 762 oderunt
3424 725 3541 774 vos,
3579 717 3634 765 et

2039 797 2455 865 abominantur,
2505 797 2702 852 fratres
2734 800 2930 854 nostri.
2972 819 2990 853 ι
3028 801 3133 854 Ant
3183 801 3326 855 enim
3380 803 3492 858 vult
3540 819 3635 857 eos

2042 889 2202 944 mites
2243 899 2434 946 esseet
2462 891 2726 946 malorum
2773 891 3094 958 tolerantes,
3116 894 3412 948 secmnlum
3463 897 3635 948 tradi-

2045 983 2221 1038 tiones
2259 985 2623 1054 evangelicas,
2676 992 2732 1038 et
2793 999 3004 1039 summa
3061 987 3339 1055 patientia,
3378 987 3445 1040 ad
3472 987 3636 1056 spiri-

2043 1076 2244 1131 tualem
2282 1077 2722 1147 coniunctionem
2749 1075 2996 1133 inescare
3026 1094 3120 1135 eos
3167 1080 3256 1149 qui
3301 1085 3539 1134 renuunt
3583 1091 3638 1135 et

2045 1167 2320 1237 refugiunt
2372 1167 2613 1236 ipsorum
2675 1171 3020 1237 sodalitinm;
3073 1179 3168 1226 aut
3204 1171 3330 1225 illud
3391 1171 3639 1226 fortassis

2045 1260 2267 1314 mandat
2291 1269 2348 1314 ut
2374 1261 2694 1330 prmdiccnt,
2720 1264 2916 1334 inquit,
2947 1262 3221 1333 gentibus,
3251 1272 3305 1317 et
3330 1272 3523 1317 vocent
3570 1264 3638 1316 ad

2045 1365 2226 1404 veram
2265 1351 2357 1404 Dei
2382 1352 2746 1420 cognitionem
2773 1369 2865 1408 eos
2899 1354 2990 1423 qui
3029 1361 3373 1416 erraverunt,
3399 1351 3642 1408 Judteos—

2044 1455 2152 1510 que
2215 1440 2622 1495 immundorum
2687 1443 2981 1510 spirituum
3042 1442 3320 1507 cultores;
3362 1441 3489 1510 quia
3536 1457 3641 1495 non

2048 1535 2122 1601 hi,
2155 1541 2213 1587 ut
2238 1533 2310 1587 illi
2346 1533 2641 1588 multorum
2668 1535 2894 1588 deorum
2920 1534 3127 1590 cultum
3159 1542 3510 1602 receperunt,
3552 1533 3644 1589 sed

2047 1641 2211 1680 unum
2238 1634 2295 1681 et
2315 1634 2508 1680 natura
2534 1641 2600 1682 ac
2643 1627 2817 1683 solum
2850 1627 3018 1683 Deum
3070 1625 3308 1682 confessi
3337 1635 3483 1681 sunt.
3540 1624 3647 1682 Sed

2048 1719 2287 1784 etiamsi,
2328 1719 2524 1790 inquit,
2553 1739 2574 1773 ι
2609 1721 2736 1777 odio
2765 1731 3171 1792 prosequantur
3201 1735 3318 1786 vos,
3343 1730 3398 1776 et
3425 1721 3649 1776 credant

340 1808 496 1863 Θεόν·
531 1810 645 1864 ἀλλ’
681 1812 730 1863 εί
758 1810 852 1864 καὶ
893 1809 1281 1879 «Μεμισήκασι
1303 1806 1511 1879 ,φησὶν,
1544 1805 1716 1876 ὑμᾶς,
1757 1803 1945 1874 βδελυ-

2059 1825 2148 1866 vos
2194 1825 2317 1866 esse
2369 1811 2786 1878 abominabiles,
2834 1811 3345 1883 proferaturtamen
3384 1810 3466 1865 sic
3507 1808 3648 1878 apud

345 1902 475 1972 ροὺς
524 1898 664 1967 εἶναι
726 1900 1233 1973 καταλογιζόμενοι,
1296 1897 1668 1972 προτεινέσθω
1715 1898 1811 1951 καὶ
1850 1893 1945 1949 οὓ-

2059 1918 2146 1959 eos
2178 1903 2378 1969 oratio,
2437 1912 2492 1958 et
2531 1904 2760 1958 fratrum
2789 1881 2909 1960 loco
2958 1908 3251 1968 ducantur,
3327 1911 3391 1957 ut
3451 1915 3646 1958 nomen

340 2013 453 2058 τως
483 1996 670 2060 αὐτοῖς
702 1996 730 2048 ὁ
760 1995 890 2064 παρ’
925 1995 1080 2065 ὑμῶν
1121 1993 1299 2062 λόγος,
1350 1992 1447 2047 καὶ
1491 1993 1551 2046 ἐν
1587 1990 1740 2056 τάξει
1773 2006 1946 2044 κατα-

341 2086 752 2157 λογιζέσθωσαν
783 2087 1050 2156 ἀδελφῶν,
1106 2087 1195 2140 ἵνα
1232 2085 1294 2139 τὺ
1330 2085 1503 2155 ὄνομα
1535 2084 1744 2154 Κυρίου
1786 2083 1948 2150 δοξαν

345 2175 470 2245 σθῇ.
509 2195 529 2229 ι
563 2176 972 2248 Σεσαγήνευται
1021 2175 1133 2248 γὰρ
1171 2174 1281 2228 τῶν
1313 2174 1482 2228 ἐθνῶν
1528 2176 1562 2246 ἡ
1611 2173 1821 2246 πληθυς
1867 2174 1948 2238 είς

342 2267 501 2333 δόξαν
531 2268 772 2341 Χριστοῦ
799 2311 813 2335 ,
851 2270 947 2324 καὶ
996 2268 1222 2338 γέγονεν
1262 2267 1515 2339 ἐμφανὴς
1552 2268 1610 2319 ἐν
1641 2270 1707 2339 τῇ
1748 2267 1950 2339 εὐφρο-

347 2357 484 2432 σύνῃ
529 2359 744 2413 αὐτῶν·
797 2361 1242 2433 εὐφραινομένων
1269 2359 1380 2430 γὰρ
1409 2358 1517 2412 τῶν
1551 2357 1720 2413 ἐθνῶν
1759 2358 1853 2413 ἐπὶ
1878 2361 1945 2431 τῇ

346 2450 481 2522 παρ’
513 2449 681 2504 αὑτοῦ
729 2450 914 2524 χάριτι
949 2452 1045 2505 καὶ
1090 2452 1337 2523 σωτηρίᾳ
1358 2489 1372 2513 ,
1405 2448 1861 2522 κατῃσχύνθησαν
1897 2452 1948 2504 ot

346 2543 410 2608 ἐξ
469 2543 688 2615 Ἰσραὴλ
743 2545 819 2608 ὡς
877 2545 1202 2616 ἀπόϐλητοι,
1250 2544 1346 2598 καὶ
1399 2543 1790 2615 μεμισημένοι,
1852 2545 1950 2598 καὶ

347 2635 608 2711 ἀμέτοχοι
643 2638 926 2700 παντελῶς
965 2637 1068 2708 τῆς
1106 2637 1215 2692 τῶν
1244 2637 1418 2706 ἀγίων
1452 2636 1690 2701 ἐλπίδος,
1713 2639 1811 2690 καὶ
1840 2637 1952 2692 τῶν

351 2734 484 2803 παρ’
511 2731 679 2786 αὐτοῦ
707 2730 1104 2804 δεδωρημένων
1131 2731 1245 2794 τοῖς
1277 2727 1624 2782 πιστεύουσιν
1649 2731 1729 2794 είς
1761 2729 1947 2784 αὐτόν·

351 2825 556 2879 εἰδέναι
592 2824 649 2878 δὲ
680 2826 1006 2892 ἀναγκαῖον,
1054 2823 1136 2876 ὅτι
1184 2821 1418 2893 νομικὴν
1449 2820 1674 2874 λέλυκεν
1704 2821 1948 2894 ἐντολὴν,

351 2917 618 2987 ἀδελφοὺς
645 2916 941 2988 ὀνομάζειν
973 2913 1240 2978 κελεύσας
1265 2914 1395 2978 τοὺς
1423 2913 1484 2978 ἐξ
1519 2913 1717 2968 ἐθνῶν.
1764 2912 1952 2968 Ἀπεί-

353 3026 490 3083 ρμητο
522 3008 632 3080 γὰρ
657 3011 770 3072 τοῖς
799 3008 857 3075 ἐξ
899 3007 1121 3079 Ἰσραὴλ
1147 3007 1207 3060 τὸ
1236 3005 1744 3060 συναναπλέκεσθαι
1773 3007 1953 3078 φιλεῖν

350 3104 466 3166 τοῖς
493 3103 956 3174 πεπλανημένοις.
995 3120 1013 3152 ι
1047 3101 1124 3154 Οὐ
1155 3100 1264 3172 γὰρ
1289 3099 1550 3170 λαλήσεις
1583 3103 1768 3165 αὐτοῖς
1797 3101 1955 3174 εἰρη-

357 3195 541 3259 νικά,ι
575 3195 740 3266 φησὶν
783 3197 810 3249 ό
837 3195 926 3248 διὰ
979 3194 1225 3258 Μωσέως
1270 3194 1471 3264 νόμος,
1506 3213 1526 3246 ι
1561 3193 1682 3247 οὐδὲ
1719 3193 1794 3265 μὴ
1833 3195 1956 3246 ἐπι-

1918 3241 2027 3304 LC

2054 1995 2267 2050 Domini
2292 1995 2528 2066 gloriose
2559 1996 2902 2066 praedicetur.
2935 2015 2956 2048 ι
2992 1995 3204 2051 lrretita
3234 1995 3380 2050 enim
3413 2004 3492 2050 est
3512 2009 3649 2065 gen-

2055 2087 2187 2142 tium
2228 2088 2517 2144 multitudo
2540 2091 2604 2143 ad
2635 2089 2861 2160 gloriam
2887 2087 3112 2154 Christi,
3148 2089 3277 2144 etin
3305 2100 3492 2140 earum
3513 2085 3650 2138 la'ti-

2056 2181 2421 2259 tia'apparuit.
2441 2182 2780 2238 Latentibus
2794 2182 2938 2237 enim
2974 2181 3227 2251 gentibus
3251 2179 3318 2234 de
3331 2179 3504 2245 gratia
3524 2177 3643 2242 ejus

2051 2281 2111 2328 et
2149 2273 2348 2340 salute,
2382 2275 2594 2330 confusi
2625 2285 2754 2329 sunt
2778 2275 3054 2341 israelitte,
3079 2284 3139 2329 ut
3171 2272 3352 2344 reiecti
3387 2269 3554 2342 910
3600 2278 3656 2322 et

2051 2366 2177 2422 odio
2211 2367 2489 2433 habiti,ac
2523 2369 2746 2423 omnino
2777 2378 3031 2437 expertes
3083 2369 3196 2437 spei
3240 2376 3579 2430 sanctorum,
3603 2371 3657 2417 et

2051 2471 2237 2512 eorum
2265 2473 2388 2528 quae
2415 2458 2541 2513 data
2572 2469 2699 2514 sunt
2719 2459 2792 2512 ab
2818 2459 2933 2528 ipso
2960 2457 3329 2512 credentibus.
3361 2455 3653 2509 Sciendum

2055 2559 2235 2605 autem
2267 2560 2352 2605 est
2395 2552 2706 2606 necessario
2734 2550 2961 2604 solvisse
2983 2565 3106 2604 eum
3135 2549 3270 2619 legis
3291 2556 3618 2616 praeceptum
3639 2587 3652 2613 ,

2053 2660 2174 2702 cum
2212 2645 2403 2715 jnbeat
2432 2645 2714 2698 nominare
2751 2643 2949 2698 fratres
2981 2658 3074 2698 eos
3105 2643 3194 2710 qui
3243 2649 3369 2694 sunt
3395 2654 3464 2694 ex
3523 2654 3658 2709 gen-

2057 2737 2223 2794 tibus.
2251 2735 2540 2791 lnterdixit
2566 2738 2708 2791 enim
2735 2734 3018 2801 lsraelitis,
3051 2748 3118 2787 ne
3138 2731 3532 2788 commercium
3562 2729 3659 2782 ba-

2055 2832 2250 2887 berent
2278 2847 2400 2885 cum
2433 2831 2518 2885 his
2544 2830 2635 2900 qui
2673 2830 2725 2883 in
2755 2843 2942 2885 errore
3008 2829 3208 2882 versati
3256 2832 3404 2880 sunt.
3460 2841 3480 2874 ι
3541 2821 3654 2875 Non

2057 2925 2202 2980 enim
2267 2924 2506 2993 loqueris
2553 2938 2740 2992 pacem
2793 2922 2937 2986 illis,
3007 2920 3185 2988 inquit
3246 2919 3329 2973 lex
3383 2915 3649 2980 Mosaica,

2058 3032 2158 3071 nec
2185 3017 2424 3072 elocabis
2455 3015 2562 3071 illis
2610 3015 2774 3069 filiam
2826 3023 3000 3078 tuam,
3039 3027 3138 3067 nec
3176 3010 3334 3066 dabis
3372 3009 3485 3064 filio
3516 3007 3660 3076 ejus.

2059 3125 2163 3165 nec
2193 3109 2357 3164 ﬁliam
2400 3107 2523 3178 ejus
2549 3108 2786 3178 accipies
2808 3107 2917 3161 filio
2946 3117 3062 3170 tuo,
3105 3119 3172 3158 ne
3218 3108 3431 3157 avertat
3493 3101 3660 3154 lilium

2060 3214 2259 3258 tuuma
2295 3217 2400 3266 me,
2439 3213 2493 3258 et
2546 3203 2708 3257 abeat
2761 3202 3077 3267 serviatque
3147 3195 3250 3252 diis
3291 3194 3482 3250 alienis
3540 3193 3610 3246 ⁸³.
3640 3213 3657 3243 ι

354 3286 732 3359 γαμὸρεύσεις
755 3287 969 3350 αὐτοῖς·
1002 3286 1102 3356 τὴν
1133 3285 1411 3356 θυγατέρα
1443 3301 1537 3339 σου
1567 3285 1629 3338 ού
1656 3284 1853 3348 δώσεις
1875 3284 1952 3355 τῷ

2066 3295 2262 3349 Verum
2306 3294 2358 3348 in
2393 3295 2612 3348 Christo
2637 3292 2776 3347 facta
2811 3301 2937 3346 sunt
2971 3290 3134 3346 ambo
3181 3303 3372 3353 unum,
3403 3296 3458 3341 et
3517 3285 3665 3340 solu-

357 3379 462 3452 υἱῷ
508 3379 698 3447 αὐτοῦ,
747 3380 869 3433 οὐδὲ
897 3378 996 3448 τὴν
1025 3377 1303 3448 θυγατέρα
1352 3375 1521 3431 αὑτοῦ
1555 3376 1700 3450 λήψῃ
1735 3374 1816 3447 τῷ
1853 3375 1957 3446 υίῷ

357 3490 479 3529 σουο
533 3472 620 3526 ἵνα
655 3471 730 3544 μὴ
762 3473 1053 3543 ἀποστήσῃ
1081 3469 1174 3522 τὸν
1225 3469 1342 3522 υἱόν
1401 3485 1496 3522 σου
1531 3468 1627 3522 ἀπ’
1656 3467 1814 3539 ἐμοῦ,
1863 3469 1959 3522 καὶ

357 3565 649 3639 πορευθεὶς
681 3565 954 3638 λατρεύσῃ
992 3564 1136 3626 θεοῖς
1158 3562 1389 3632 ἑτέροις.
1420 3579 1439 3613 ι
1486 3560 1627 3618 Ἀλλ’
1663 3562 1721 3615 ἐν
1742 3561 1965 3634 Χριστῷ

2065 3394 2182 3440 tum
2239 3385 2589 3439 interstitium
2651 3383 2922 3446 maceriae,
2945 3389 2999 3437 et
3033 3381 3234 3436 abolita
3259 3389 3346 3435 est
3385 3379 3473 3432 lex
3510 3389 3659 3448 prae-

2071 3485 2354 3544 ceptorum
2411 3473 2466 3528 in
2513 3471 2808 3544 dogmatis.
2859 3488 2878 3522 ι
2929 3469 3024 3524 Est
3073 3468 3216 3524 enim
3263 3467 3378 3537 ipse
3419 3479 3520 3535 pax
3571 3476 3664 3515 no-

2077 3579 2192 3621 stra
2217 3567 2285 3619 ⁹⁰.
2324 3586 2343 3619 ι

355 3662 553 3731 γέγονε
580 3661 648 3714 τὰ
676 3661 970 3732 ἀμφότερα
1017 3659 1096 3723 ἓν,
1128 3659 1224 3712 καὶ
1292 3657 1516 3710 λέλυται
1561 3655 1623 3709 τὸ
1671 3657 1988 3730 μεσότοιχον
2063 3662 2159 3716 τοῦ
2218 3661 2498 3734 φραγμοῦ,
2548 3659 2898 3731 κατήργηται
2955 3656 3013 3710 δὲ
3071 3653 3168 3709 καὶ
3221 3653 3250 3706 ὁ
3307 3651 3493 3723 νόμος,
3554 3647 3670 3702 τῶν

357 3754 594 3810 ἐντολῶν
618 3756 678 3807 ἐν
705 3754 969 3824 δόγμασι·
1008 3771 1027 3804 ι
1063 3752 1174 3805 Καὶ
1192 3751 1304 3823 γάρ
1334 3753 1484 3804 ἐστιν
1543 3749 1708 3814 αὐτὸς
1732 3753 1766 3821 ἡ
1800 3752 1992 3826 εἰρήνη
2033 3755 2216 3828 ἡμῶν.
2254 3775 2272 3808 ι

434 3869 608 3936 Φωνὴ
663 3866 934 3937 κραυγῆς
967 3867 1037 3921 ἐκ
1092 3865 1362 3933 πόλεως,
1437 3865 1609 3935 φωνὴ
1654 3865 1723 3918 ἐκ
1777 3863 1956 3931 ναοῦ,

360 3963 537 4037 φωνὴ
582 3963 808 4031 Κυρίου
836 3958 1350 4025 ἁνταποδιδόντος
1389 3957 1810 4014 ἀνταπόδοσιν
1834 3958 1962 4025 τοῖς

361 4054 818 4122 ἀντικειμένοις.

437 4147 644 4209 Εἰπὼν,
668 4147 751 4199 ὅτι
791 4163 806 4196 ι
841 4141 1016 4210 Κάγὼ
1039 4139 1330 4210 ἐκλέξομαι
1367 4137 1438 4192 τά
1463 4138 1831 4208 ἐμπαίγματα
1869 4137 1964 4190 αύ-

362 4239 499 4303 τῶν,
527 4239 626 4294 καὶ
654 4237 754 4300 τὰς
787 4234 1064 4307 ἁμαρτίας
1094 4231 1275 4285 αὐτῶν
1299 4229 1668 4284 ἀνταποδώσω
1699 4229 1907 4292 αὐτοῖς,
1936 4247 1955 4280 ι

365 4331 728 4386 διαδείκνυσιν
759 4329 924 4396 εὐθὺς
971 4327 1080 4380 τῶν
1129 4322 1536 4393 ἀπειληθέντων
1584 4323 1684 4393 τὴν
1716 4320 1964 4387 ἐκὸασιν,

366 4424 464 4479 καὶ
494 4423 570 4487 ὡς
596 4422 695 4494 ἤδη
723 4419 832 4473 τῶν
867 4416 1145 4487 πολεμίων
1190 4415 1291 4486 τήν
1339 4431 1397 4466 τε
1442 4412 1599 4466 πόλιν
1630 4410 1836 4477 αὐτῶν,
1872 4409 1968 4462 καὶ

2141 3848 2305 3903 Vens.
2331 3846 2386 3902 6.
2429 3843 2542 3899 Vox
2572 3842 2820 3898 clamoris
2858 3840 2923 3894 de
2978 3839 3222 3903 civitate,
3269 3850 3372 3890 vos
3413 3835 3478 3888 de
3538 3844 3670 3888 tent—

2065 3941 2176 4012 plo,
2219 3957 2320 3995 vox
2376 3938 2593 3993 Domini
2624 3933 2972 3989 retribuentis
3034 3927 3438 3983 retributionem
3482 3927 3672 3980 adver-

2069 4033 2250 4086 curiis.

2141 4122 2274 4177 Cum
2307 4119 2550 4175 dixerit:
2595 4135 2615 4169 ι
2655 4115 2718 4169 Et
2745 4128 2846 4180 ego
2868 4113 3066 4184 eligam
3101 4109 3333 4162 ludibria
3365 4122 3581 4172 eorum,
3616 4116 3672 4161 et

2067 4224 2288 4285 peccata
2323 4225 2512 4266 eorum
2552 4206 2846 4263 retribuam
2866 4203 2995 4266 illis,
3033 4220 3051 4253 ι
3080 4201 3260 4252 statim
3312 4197 3553 4254 ostendit
3579 4213 3672 4253 eo-

2067 4321 2187 4360 rum
2229 4318 2349 4373 qute
2382 4301 2748 4357 comminatus
2777 4305 2862 4352 est
2885 4293 3116 4355 exitum,
3150 4301 3205 4344 et
3241 4290 3353 4357 jam
3378 4289 3534 4359 quasi
3571 4288 3669 4343 ho-

2067 4400 2229 4454 stium
2259 4396 2536 4452 civitatein
2597 4393 2772 4462 ipsam
2829 4398 2885 4444 et
2951 4383 3210 4453 templum
3250 4381 3671 4444 devastantinm,

486 4473 948 4584 vo’b~t.ﬁ9qx61wv,
981 4473 1165 4578 ιρωνὴν
1199 4473 1266 4558 ἐκ
1300 4505 1531 4570 πόλεως,
1560 4503 1655 4556 καὶ
1685 4473 1870 4573 φωνην
1899 4505 1952 4554 ἐκ

2075 4504 2260 4545 vocem
2283 4488 2351 4543 de
2381 4485 2695 4548 civitate,et
2720 4495 2904 4536 vocem
2937 4479 3004 4534 de
3039 4475 3238 4545 templo
3290 4474 3490 4528 editam
3551 4484 3673 4524 esse

2094 4583 2100 4584 ,
2170 4581 2179 4584 ,
2403 4579 2413 4584 -
2461 4578 2473 4584 _
2804 4573 2816 4584 .
2919 4570 2932 4584 .
3182 4582 3273 4584 μ,
3304 4565 3336 4584 κ.
3403 4563 3645 4584 η-...ξ--...

369 4609 504 4664 ναοῦ
533 4605 787 4677 γενέσθαι
818 4601 1004 4674 φησὶν,
1036 4600 1114 4662 ὡς
1159 4597 1363 4668 ἀναμὶξ
1397 4596 1697 4651 κλαιόντων
1748 4596 1966 4667 ἱερουρ-

370 4699 508 4769 γῶν,
562 4698 659 4752 καὶ
703 4692 1150 4766 συνθρηνούντων
1197 4689 1450 4760 ἀλλήλοις
1485 4687 1595 4741 τῶν
1634 4686 1823 4741 λαῶν’
1870 4686 1966 4739 καὶ

373 4793 486 4862 γάρ
515 4786 583 4862 ἦν
617 4788 783 4852 εἰκὸς,
819 4787 922 4856 τῆς
957 4784 1052 4838 τοῦ
1091 4783 1332 4852 πολέμου
1369 4781 1655 4852 συμφορᾶς
1685 4795 1970 4850 κατακρα-

372 4883 574 4954 τούσης
604 4881 805 4947 αὐτῶν,
835 4879 1054 4950 θρηνεῖν
1094 4893 1154 4929 τε
1195 4874 1290 4928 καὶ
1333 4871 1700 4944 ὀλοφύρεσθαι
1722 4887 1735 4902 ⁸
1770 4870 1832 4923 ού
1862 4869 1972 4941 γάρ

373 4973 443 5049 ἦν
471 4975 766 5036 ἀπόνευσις
812 4971 908 5026 τοῦ
939 4968 1133 5033 κακοῦ,
1171 4966 1378 5037 Κυρίου
1399 4965 1456 5019 δὲ
1489 4962 1674 5034 φωνὴν
1713 4962 1968 5032 γενέσθαι

377 5069 545 5141 φησιν
576 5085 596 5119 ι
631 5065 1078 5129 ἀνταποδιδόντος
1110 5060 1474 5128 ἀνταπόδοσιν
1517 5061 1630 5122 τοῖς
1659 5057 1974 5128 ἀντικειμέ-

378 5179 512 5225 νοις,
552 5180 572 5212 ι
609 5151 722 5210 οἷον
775 5156 1159 5219 ἐπιτάττοντος
1210 5152 1308 5206 καὶ
1352 5147 1805 5218 διακελευομένου
1855 5148 1972 5208 τοῖς

379 5253 750 5326 ὀλοθρευταῖς,
792 5245 1072 5318 φείδεσθαι
1118 5245 1229 5299 τῶν
1273 5228 1511 5300 ἁλόντων
1558 5240 1800 5304 οὐδενὸς,
1844 5241 1970 5293 ἐπι-

382 5348 559 5417 πηδᾷν
588 5344 645 5398 δὲ
675 5341 874 5414 μᾶλλον
905 5339 1116 5410 ἀγρίως
1135 5339 1250 5402 τοῖς
1277 5333 1700 5407 ἀντικειμένοις,
1729 5333 1826 5388 καὶ
1857 5331 1976 5385 οὔτι

383 5456 489 5496 που
536 5437 756 5498 πάντως
807 5434 929 5495 ταῖς
983 5429 1096 5484 τῶν
1139 5429 1525 5499 πολεμούντων
1565 5429 1786 5499 ὁρμαῖς,
1835 5424 1974 5479 ἀλλὰ

2075 4581 2226 4642 dicit,
2249 4589 2305 4635 et
2343 4578 2721 4632 ministrorum
2773 4570 2933 4629 simul
3019 4584 3140 4625 cum
3177 4565 3372 4638 populo
3403 4563 3672 4625 flentium,

2073 4684 2130 4730 et
2160 4675 2301 4726 inter
2321 4686 2380 4726 se
2405 4665 2880 4738 complorantium.
2915 4660 3050 4717 Nam
3082 4674 3202 4714 cum
3238 4657 3364 4712 belli
3397 4653 3678 4710 calamita-

2083 4767 2226 4821 tibus
2255 4762 2490 4818 ferendis
2512 4776 2672 4830 pares
2724 4773 2830 4814 non
2865 4764 3072 4819 essent,
3103 4753 3233 4808 ﬂere
3282 4765 3378 4806 eos
3430 4763 3528 4818 par
3573 4745 3676 4800 fuit

2081 4869 2135 4915 et
2170 4858 2405 4928 plorare.
2439 4853 2596 4908 Nulla
2655 4853 2801 4908 enim
2821 4859 2941 4905 erat
2973 4847 3099 4902 mali
3141 4844 3418 4900 evitatiou
3461 4838 3672 4894 Domini

2081 4962 2263 5004 autem
2325 4963 2517 5004 vocem
2573 4946 2739 5000 fuisse
2799 4943 2967 5009 dicit,
3019 4936 3373 4994 relribuentis
3426 4932 3672 4988 retribu-

2083 5045 2284 5098 tionem
2342 5038 2692 5102 adversariis,
2722 5055 2741 5089 ι
2777 5045 2835 5090 et
2878 5019 3247 5103 praecipientis
3286 5043 3351 5083 ac
3379 5027 3661 5097 imperan-

2083 5137 2152 5190 tis
2204 5135 2568 5189 vastaloribus
2607 5139 2678 5201 ,ιιι
2727 5127 2926 5183 nullius
2981 5123 3183 5192 captivi
3240 5119 3674 5176 misericordiam

2078 5229 2318 5298 capiant,
2347 5227 2440 5283 sed
2477 5234 2536 5280 ut
2563 5223 2855 5279 crudeliter
2885 5221 3124 5277 insiliant
3187 5217 3240 5271 in
3291 5212 3674 5274 adversarios;

2080 5334 2182 5374 nec
2205 5315 2586 5372 tantummodo
2617 5312 2933 5368 bellantium
2969 5310 3196 5378 impetu,
3227 5306 3321 5361 sed
3360 5312 3415 5358 et
3471 5299 3674 5355 domini

2082 5411 2381 5468 voluntate.
2403 5408 2513 5462 llnc
2545 5405 2689 5460 enim
2721 5403 2829 5458 illis
2863 5403 2916 5458 in
2941 5415 3106 5458 causa
3137 5398 3257 5464 fuit,
3294 5411 3391 5452 cur
3417 5406 3680 5461 caperen-

381 5530 494 5601 γὰρ
537 5527 807 5599 θελήμασι
850 5525 962 5586 τοῖς
1007 5498 1350 5585 δεσποτικοίς
1389 5537 1403 5551 ·
1430 5498 1607 5574 τοῦτο
1642 5519 1753 5590 γάρ
1790 5517 1950 5571 αὑτοῖ

2085 5512 2175 5557 tur
2206 5509 2260 5555 et
2278 5498 2662 5570 afﬂigerentur.

382 5623 579 5693 γέγονε
611 5619 871 5694 πρόξενον
897 5615 994 5670 τοῦ
1026 5615 1122 5670 καὶ
1155 5613 1381 5678 ἁλῶναι,
1411 5614 1506 5668 καὶ
1544 5612 1765 5666 παθεῖν.

459 5714 611 5783 Πρὶν
634 5712 673 5782 ἢ
712 5712 828 5781 τὴν
854 5710 1203 5765 ὠδίνουσαν
1225 5705 1442 5773 τεκεῖν,
1473 5704 1617 5774 πρὶν
1645 5703 1850 5760 ἐλθεῖν
1876 5702 1981 5758 τὸν

461 5891 506 5924 ⁸⁹
540 5890 692 5945 Deut.
728 5907 824 5959 vn,
861 5892 896 5944 2
929 5891 979 5944 4.
1060 5889 1103 5920 ²³⁰
1128 5885 1324 5956 Ephes.
1367 5901 1426 5953 ιι,
1466 5883 1547 5936 14.

2167 5700 2327 5756 VERS.
2369 5699 2486 5756 7-9.
2513 5696 2803 5767 Antequam
2831 5686 3136 5761 parturiens
3153 5693 3354 5752 paruit,
3393 5689 3677 5750 antequam
