4140 6470
1475 277 1511 294 α.

540 388 680 445 Ηὖῦ
1538 398 1595 454 S.
1636 379 1911 454 CYlULLl
1944 400 2417 458 ALEXANDRINI
2453 406 2777 463 ARClllliP.
3666 417 3796 475 1436

536 532 705 586 pertint
735 535 885 587 labor
912 537 1320 606 parmrigiuum,
1348 537 1554 607 eﬂ'ugit,
1600 549 1648 593 et
1695 542 1889 608 peperit
1918 557 2105 595 mascu

2225 523 2417 578 πόνον
2465 524 2585 578 τῶν
2619 524 2849 578 ὠδίνων
2882 514 3163 595 ἐξέφυγε,
3194 528 3291 581 καὶ
3346 529 3552 582 ἔτεκεν
3581 529 3789 597 ἄρσεν.

536 622 665 678 lum.
698 623 828 689 Quis
846 626 1045 679 audivit
1085 628 1256 681 tales?
1288 632 1463 696 etquis
1496 630 1743 685 ridits'c?
1768 629 1910 685 Num
1934 645 2105 704 puriu-

2226 616 2321 681 Τίς
2350 614 2578 683 ἤκουσε
2610 617 2902 683 τοιοῦτον;
2948 617 3045 672 καὶ
3078 620 3168 686 τίς
3197 619 3456 687 ἑώρακεν
3485 620 3694 686 οὕτως
3724 620 3794 674 El

536 714 658 769 rivit
702 726 845 771 terra
894 734 998 771 uno
1043 719 1146 783 die,
1173 721 1440 774 autetiam
1469 723 1679 776 condita
1703 732 1780 777 est
1831 740 1957 793 gens
2008 735 2121 779 tota

535 806 721 871 simul,
764 810 888 876 quia
942 812 1241 877 parturivit,
1270 822 1317 865 et
1339 814 1531 880 peperit
1576 813 1704 868 Sion
1738 815 1928 870 liberos
1955 818 2122 870 suos?

537 896 648 964 Ego
674 910 845 953 autem
874 903 994 955 dedi
1020 907 1452 970 exspectationem
1476 907 1632 971 hanc,
1657 920 1703 962 et
1735 924 1836 962 non
1882 912 2120 964 recorda-

537 1000 589 1042 ta
605 999 677 1042 est
696 994 816 1052 mei.
840 994 972 1046 dixit
998 992 1270 1049 Dominus.
1299 995 1485 1053 Nonne
1507 1015 1597 1069 ego
1625 1001 1907 1061 parientem
1948 1010 1996 1054 et
2016 1012 2121 1055 ste-

537 1080 682 1132 rilem
714 1081 830 1148 feri,
852 1085 985 1137 dixit
1018 1084 1269 1140 Dominus
1290 1088 1315 1140 .’

609 1173 804 1227 Iterum
847 1177 1005 1231 docet
1034 1195 1137 1231 nou
1164 1178 1405 1233 funditus
1443 1179 1707 1249 perditum
1740 1181 1804 1237 iri
1839 1180 2113 1239 lsraelem.

537 1260 827 1333 Postquam
858 1268 1001 1320 enim
1035 1268 1088 1321 in
1144 1270 1458 1324 universum
1514 1272 1762 1341 praedixit
1815 1272 2114 1329 JeruSaIem

533 1356 929 1425 captivitatem;
961 1375 1145 1417 rursus
1169 1362 1330 1433 911
1386 1362 1517 1418 facit
1571 1366 1901 1419 IIlOllllOllem
1985 1367 2114 1421 reli—

534 1465 787 1518 qurarum
820 1466 887 1506 ex
924 1451 1205 1508 electione.
1252 1453 1473 1510 Servata
1512 1467 1593 1511 est
1617 1458 1758 1511 enim
1797 1474 1900 1512 non
1923 1460 2113 1529 exigua

533 1542 843 1605 multitudo,
865 1557 961 1610 per
992 1543 1149 1597 iidem
1176 1544 1426 1599 videlicet
1457 1545 1508 1599 in
1533 1545 1770 1601 Christo.
1798 1547 1908 1601 lloc
1931 1558 2111 1603 autem

533 1631 840 1701 signiﬁcare
861 1634 1022 1690 vult:
1075 1633 1399 1689 Debaccliati
1436 1638 1582 1690 enim
1650 1645 1776 1692 sunt
1831 1639 1883 1692 in
1940 1640 2111 1707 ipsum

532 1720 724 1785 Judaei,
753 1732 807 1777 et
828 1724 1129 1794 principem
1167 1726 1293 1780 vitre
1351 1726 1763 1784 interfecerunt.
1818 1728 2110 1799 Postquam

533 1820 713 1865 autem
746 1815 964 1878 revixit,
1015 1816 1220 1871 calcata
1276 1825 1472 1881 morte,
1517 1819 1782 1889 rediitque
1834 1821 1901 1873 ad
1950 1822 2113 1875 ϐαδιο-

2218 710 2394 764 ὠὸινε
2422 708 2497 780 τῆ
2518 711 2588 764 ἐν
2608 710 2711 779 μιᾷ
2739 713 2945 781 ἡμέρᾳ,
2990 711 3024 780 ἢ
3061 711 3437 785 καίὲτέθ[χ]η
3472 713 3646 780 ἔθνος
3668 713 3794 767 ela-

2218 800 2403 865 άπαξ,
2437 801 2528 856 ὅτι
2549 802 2724 857 ὤδινε
2752 805 2849 857 καί
2875 803 3040 859 ἔτεκε
3072 803 3225 858 Σιὼν
3245 803 3316 857 τὰ
3346 803 3553 858 παιδία
3581 801 3791 870 αὐτῆς;

2231 891 2378 962 Ἐγὼ
2406 893 2475 947 δὲ
2499 894 2689 948 ἔδωκα
2719 894 2833 963 τὴν
2859 897 3232 958 προσδοκίαν
3276 897 3522 961 ταύτην,
3546 896 3641 949 καὶ
3679 896 3791 948 οὐκ

2216 983 2490 1052 ἐμνήσθη
2519 1002 2661 1054 μου,
2702 981 2832 1039 εἶπε
2862 989 3092 1055 Κύριος.
3131 991 3252 1041 οὐκ
3283 986 3412 1040 nos
3429 987 3543 1056 ἐγὼ
3575 985 3788 1057 γεννῶ-

2217 1092 2339 1131 σαν
2381 1077 2476 1131 καί
2505 1079 2751 1145 στεῖραν
2783 1079 3041 1146 ἐποίησα
3060 1122 3073 1143 ,
3101 1081 3231 1133 εἷπε
3254 1082 3467 1147 Κύριος
3489 1096 3508 1144 ;

2294 1171 2414 1223 Ὀτι
2450 1171 2524 1241 μὴ
2556 1170 2834 1241 ὀλόρῤιζος
2884 1173 2913 1224 6
2969 1170 3182 1245 Ἰσραὴλ
3205 1171 3508 1234 ἀπολεῖται,
3549 1169 3790 1223 διδάσκει

2216 1265 2397 1319 πάλιν.
2439 1264 2656 1335 Ἐπειδὴ
2690 1264 2798 1334 γὰρ
2836 1263 2973 1329 ὅλως
3019 1267 3521 1336 προαναπειρώνηκε
3580 1265 3647 1334 τῇ
3693 1263 3794 1315 Ἰει

2218 1354 2500 1427 ρουσαλὴμ
2530 1355 2627 1422 τὴν
2673 1354 2894 1418 ἅλωσιν,
2935 1354 3304 1426 διαμέμνηται
3339 1354 3501 1408 πάλιν
3534 1353 3628 1406 τοῦ
3668 1352 3791 1405 κατ’

2213 1445 2443 1517 ἐκλογὴν
2491 1447 2964 1515 καταλείμματος·
3021 1449 3289 1501 σέσωσται
3336 1446 3445 1516 γὰρ
3486 1448 3585 1498 οὐκ
3634 1444 3791 1512 ὀλίγη

2214 1538 2447 1609 πληθὺς,
2501 1537 2587 1591 διὰ
2636 1539 2869 1601 πίστεως
2898 1538 2966 1592 δὲ
2995 1538 3236 1609 δηλονότι
3281 1540 3380 1609 τῆς
3431 1539 3487 1590 ὲν
3526 1535 3747 1607 Χριστῷ
3776 1554 3788 1564 ·

2214 1628 2462 1700 βούλεται
2504 1630 2562 1683 δέ
2600 1647 2651 1684 τι
2689 1628 2930 1683 τοιοῦτον
2972 1629 3300 1699 ὑποδηλοῦν·
3360 1631 3793 1700 πεπαρῳνήκασι

2211 1719 2318 1791 γὰρ
2341 1723 2421 1783 είς
2452 1720 2612 1773 αὑτὸν
2650 1720 2914 1785 Ἰουδαῖοι,
2945 1722 3040 1773 καὶ
3073 1721 3405 1776 ἀπεκτόνασι
3428 1721 3518 1774 τὸν
3554 1718 3795 1789 ἀρχηγὸν

2209 1812 2307 1882 τῆς
2344 1812 2508 1881 ζωῆς.
2555 1811 2769 1882 Ἐπειδὴ
2792 1814 2847 1866 δὲ
2873 1814 3093 1876 ἀνεϐίω,
3128 1814 3378 1883 πατήσας
3426 1812 3516 1866 τὸν
3545 1811 3792 1868 θάνατον.

530 1909 668 1955 stem
691 1900 905 1958 Patrem
939 1920 1005 1959 ac
1055 1904 1246 1975 Deum,
1278 1909 1639 1977 praedicarunt
1667 1928 1788 1967 eum
1809 1911 1974 1966 divini
2027 1911 2105 1966 di-

2213 1901 2619 1971 ἀναπεφοίτηκέ
2637 1919 2695 1955 τε
2718 1902 2853 1972 πρὸς
2869 1902 2959 1956 τὸν
2984 1905 3040 1956 ὲν
3067 1906 3178 1967 τοῖς
3194 1905 3442 1974 οὐρανοῖς
3467 1902 3683 1973 Πατέρα
3702 1901 3798 1952 καὶ

528 1994 753 2063 scipuli,
798 1995 1129 2066 alloquentes
1160 2014 1370 2064 omnes,
1431 2001 1592 2055 etiam
1640 2002 1731 2072 qui
1787 2001 2104 2059 debacclrati

529 2095 675 2147 sunt.
708 2095 764 2140 et
792 2098 1050 2143 vocantes
1079 2089 1145 2142 ad
1180 2090 1604 2159 resipiscentiam
1645 2106 1709 2148 ac
1741 2092 1968 2149 salutem
2010 2110 2105 2166 per

531 2175 713 2239 tidem,
748 2183 802 2230 et
833 2179 1210 2234 remissionem
1248 2194 1592 2251 peccatorum
1627 2201 1725 2256 per
1743 2199 1989 2245 sanctum
2020 2187 2103 2243 la-

528 2280 772 2324 vacrum.
801 2267 1103 2324 Dixiteuim
1134 2270 1325 2327 Petrus
1354 2291 1368 2328 :
1408 2292 1426 2325 ι
1458 2273 1524 2330 Ει
1555 2292 1718 2342 nunc,
1743 2276 2103 2350 l’ratres,novi

526 2373 626 2414 vos
647 2373 713 2412 ex
746 2360 1044 2431 ignorantia
1062 2362 1275 2429 iecisse,
1301 2365 1439 2420 sicut
1460 2374 1515 2421 et
1542 2369 1812 2438 principes
1836 2372 2004 2427 vestri
2034 2375 2101 2427 ".

530 2450 910 2508 Ptenitentiam
932 2455 1098 2523 igitur
1137 2457 1299 2526 agite,
1319 2468 1373 2513 et
1400 2458 1705 2529 baptizetur
1737 2464 2105 2534 unusquisque

528 2551 763 2597 vestrum
796 2544 847 2599 in
878 2548 1093 2601 nomine
1123 2546 1247 2602 Jesu
1269 2549 1490 2614 Christi,
1513 2558 1568 2605 et
1599 2553 1875 2622 accipietis
1903 2555 2103 2609 donum

529 2632 770 2700 Spiritus
815 2636 1013 2692 sancti.
1057 2635 1309 2692 Vestrum
1342 2638 1485 2692 enim
1533 2645 1662 2692 sunt
1697 2640 2112 2708 promissiones,

528 2732 584 2777 et
628 2725 863 2781 ﬁliorum
907 2738 1214 2783 vestrorum
1255 2730 1325 2785 ".
1374 2747 1393 2781 ι
1445 2727 1574 2785 Haec
1621 2729 1881 2799 loquente
1929 2729 2117 2785 divino

528 2810 710 2877 Petro,
738 2814 891 2870 multi
918 2817 1286 2873 crediderunt.
1313 2819 1584 2891 Scriptum
1614 2830 1699 2878 est
1759 2824 2025 2894 siquidem
2048 2826 2102 2881 in

523 2905 678 2959 Actis
714 2916 1025 2962 sanctorum
1059 2910 1425 2979 apostolorum
1456 2913 1694 2980 adiectas
1740 2929 1863 2971 esse
1893 2917 1981 2973 die
2013 2918 2104 2972 illo

525 2995 738 3051 animas
758 2996 878 3064 plus
909 2999 1089 3053 minus
1115 3012 1198 3055 ter
1227 3002 1455 3057 mille”.
1480 3002 1707 3072 Semper
1728 3006 1912 3077 itaque
1936 3009 2102 3063 divini

524 3082 773 3153 discipuli
804 3086 1101 3153 instabant,
1127 3099 1406 3146 monentes
1438 3090 1737 3157 lsraclitas,
1755 3104 1809 3150 et
1844 3099 1909 3149 ad
1943 3097 2101 3152 {idem

525 3185 922 3234 convertentes.
953 3178 1221 3249 Tempore
1248 3182 1441 3238 deinde
1463 3185 1766 3256 interiecto,
1791 3187 1988 3245 inﬂicta
2017 3202 2100 3246 est

2210 1991 2362 2057 Θεὸν,
2384 1994 2733 2063 διεκήρυττον
2754 1995 2913 2048 αὑτὸν
2936 1997 2982 2049 οί
3007 1995 3281 2048 θεσπέσιοι
3312 1993 3550 2064 μαθηταὶ
3569 1992 3800 2056 προσλαο

2209 2084 2426 2149 λοῦντες
2448 2085 2641 2145 ἅπασι,
2671 2086 2764 2139 καὶ
2790 2089 2900 2149 τοῖς
2924 2086 3369 2156 πεπαρῳνηκὸσι,
3389 2086 3481 2137 καί⁸
3508 2082 3797 2147 καλοῦντες

2210 2178 2291 2239 είς
2327 2176 2687 2246 μετάγνωσιν,
2730 2176 2822 2229 καὶ
2861 2178 2941 2239 είς
2968 2176 3242 2244 σωτηρίαν
3276 2176 3375 2245 τὴν
3413 2174 3501 2228 διὰ
3536 2176 3792 2236 πίστεως.

2210 2268 2305 2321 καὶ
2338 2269 2417 2331 είς
2454 2268 2648 2336 ἄφεσιν
2684 2267 2971 2339 ἁμαρτιῶν
3002 2265 3100 2337 τὴν
3128 2266 3214 2321 διὰ
3249 2266 3343 2319 τοῦ
3381 2266 3538 2333 ἁγίου
3573 2263 3745 2334 βαπτί
3774 2293 3795 2303 -

2212 2370 2439 2424 σματος.
2467 2355 2611 2425 Ἔφη
2656 2356 2766 2426 γὰρ
2809 2358 2837 2409 6
2881 2355 3124 2426 Πέτρος·
3185 2375 3204 2406 ‹
3233 2353 3346 2408 Καὶ
3387 2353 3502 2416 νῦν,
3552 2352 3788 2420 ἀδελιξοὶ,

2209 2438 2348 2508 οἶδα,
2405 2444 2487 2497 ὄτι
2542 2444 2686 2499 κατὰ
2739 2445 2960 2514 ἄγνοιαν
3016 2444 3313 2517 ἐπράξατε,
3372 2443 3562 2513 ὥσπερ
3596 2444 3689 2496 καὶ
3740 2444 3791 2496 oi

2209 2534 2471 2606 ἄρχοντες
2510 2536 2685 2607 ὑμῶν.
2738 2567 2810 2578 -
2851 2539 3239 2607 Μετανοήσατε
3282 2533 3397 2597 οὖν.
3448 2535 3544 2590 καὶ
3595 2536 3790 2605 βαπτιο

2211 2624 2395 2697 σθήτω
2451 2626 2683 2693 ἕκαστος
2722 2628 2877 2700 ὑμῶν
2921 2630 3014 2683 ἐπὶ
3056 2629 3135 2700 τῷ
3170 2629 3393 2700 ὀνόματι
3441 2627 3618 2697 Ἰησοῦ
3655 2629 3792 2699 Χριο

2211 2715 2361 2780 στοῦ,
2378 2717 2471 2770 καὶ
2489 2717 2726 2788 λήψεσθε
2751 2720 2852 2790 τὴν
2876 2718 3081 2789 δωρεὰν
3103 2718 3197 2772 τοῦ
3218 2718 3375 2788 ἁγίου
3402 2718 3736 2788 Πνεύματος.

2219 2808 2407 2879 ’Υμῶν
2442 2811 2552 2882 γάρ
2597 2813 2733 2865 εἰσιν
2780 2813 2835 2865 αἱ
2882 2812 3225 2880 ἐπαγγελίαι,
3276 2811 3370 2865 καὶ
3422 2813 3534 2875 τοῖς
3582 2809 3793 2871 τέκνοις

2211 2899 2607 2970 ὑμῶν.›Ταῦτα
2636 2901 2889 2970 λέγοντος
2920 2902 3015 2956 τοῦ
3048 2902 3337 2956 θεσπεσίου
3370 2902 3579 2970 Πέτρου
3628 2917 3793 2953 πεπι-

2211 2992 2469 3047 στεύκασι
2503 2994 2710 3051 πολλοί.
2765 2996 3080 3067 Γέγραπται
3127 2995 3258 3064 γοῦν
3294 2999 3351 3050 έν
3391 2998 3511 3057 ταῖς
3555 2992 3792 3063 Πράξεσι

2208 3082 2319 3137 τῶν
2381 3084 2551 3152 ἁγίων
2607 3086 2945 3154 ἀποστόλων,
3015 3087 3097 3141 δτι
3161 3085 3571 3158 προσετέθησαν
3614 3084 3673 3136 ἐν
3721 3085 3788 3153 τῇ

2208 3175 2393 3248 ἡμέρᾳ
2421 3177 2602 3251 ἐκείνῃ
2630 3178 2799 3249 ψυχαὶ
2840 3178 2972 3232 ὡσεὶ
3006 3179 3319 3251 τρισχίλιαι.
3374 3173 3792 3230 Διατετελέκασι

524 3264 744 3320 demum
798 3264 1106 3324 Judmorum
1156 3272 1359 3343 regioni
1420 3274 1658 3345 ipsisque
1719 3277 2104 3353 Hierosolymis

2206 3267 2386 3321 τοίνυν
2435 3270 2483 3322 oi
2528 3267 2805 3324 θεσπέσιοι
2860 3270 3103 3341 μαθηταὶ
3146 3269 3515 3339 νουθετοῦντες
3560 3268 3686 3330 τοὺς
3732 3266 3793 3332 ἐξ

524 3355 710 3411 divina
743 3359 850 3423 ira,
882 3359 1139 3429 ingressis
1156 3360 1268 3432 jam
1304 3363 1386 3417 his
1414 3364 1504 3433 qui
1565 3366 1630 3419 ad
1687 3368 2103 3425 moderatiorem

524 3449 739 3506 vivendi
768 3453 1030 3507 rationem
1060 3456 1237 3509 vocati
1292 3466 1439 3511 sunt.
1467 3455 1535 3511 Hl
1570 3472 1699 3513 vero
1732 3457 1952 3516 fuerunt
1978 3462 2106 3518 reli-

522 3541 703 3610 quia:
733 3545 877 3611 quod
908 3543 1086 3609 docet,
1136 3560 1257 3601 cum
1290 3546 1464 3616 inquit
1496 3564 1511 3601 :
1554 3566 1574 3600 σ
1620 3550 1921 3619 Antequam
1978 3568 2106 3623 par-

526 3634 734 3688 turiens
762 3636 958 3703 pariat,
995 3646 1286 3706 antequam
1313 3640 1493 3694 veniat
1514 3639 1667 3695 labor
1696 3643 1940 3698 dolorum
1987 3662 2107 3714 par-

526 3733 613 3778 tus
635 3723 841 3795 eil‘ugit,
868 3732 922 3779 et
947 3728 1154 3797 peperit
1181 3729 1504 3787 masculum.
1553 3751 1572 3785 ι
1602 3731 1736 3786 Nam
1785 3736 2098 3806 priusquam

525 3820 791 3870 instarent
828 3819 962 3871 dura
999 3827 1267 3888 tempora.
1293 3830 1349 3874 et
1379 3822 1544 3877 veluti
1586 3839 1738 3880 acres
1780 3826 1987 3883 bellicae
2012 3844 2103 3882 ca-

517 3906 787 3963 lamitatis
832 3909 1046 3965 dolores
1080 3910 1455 3967 incumberent
1515 3912 1922 3987 Hierosolymis,
1969 3917 2106 3973 elfu-

523 3998 623 4066 git,
670 3999 723 4053 id
754 4009 856 4065 est,
917 4010 1043 4056 ante
1073 4002 1370 4071 periculum
1397 4007 1607 4074 peperit
1641 4008 1981 4064 masculum:
2009 4010 2101 4081 qui

524 4098 710 4160 partus
745 4091 1041 4159 praeclarus
1074 4101 1158 4147 est
1182 4101 1236 4149 et
1264 4096 1655 4165 optatissimus.
1689 4098 1822 4153 Nam
1842 4116 1963 4170 qnte
2009 4117 2104 4170 pa-

524 4181 690 4247 riunt,
721 4181 886 4237 fetum
920 4185 1214 4239 masculum
1260 4186 1416 4241 alteri
1469 4188 1801 4259 praeferunt;
1834 4191 1920 4245 vel
1964 4192 2105 4249 forte

521 4273 795 4330 masculus
819 4282 902 4329 est
916 4275 1096 4331 editus
1124 4291 1139 4328 :
1169 4291 1274 4330 non
1302 4278 1446 4332 enim
1475 4277 1821 4335 eﬂ'eminatur
1875 4282 2100 4337 mollitia

519 4366 862 4421 Christianus
892 4367 1143 4436 populus.
1165 4368 1339 4423 Sensu
1365 4370 1510 4425 enim
1535 4371 1677 4425 virili
1710 4373 1968 4442 prmditus
2015 4383 2102 4430 est

519 4469 574 4515 et
594 4459 838 4528 juvenili.
862 4458 1030 4529 Cujus
1060 4463 1213 4516 testis
1245 4473 1327 4517 est
1350 4463 1539 4520 beatus
1562 4464 1778 4531 Paulus,
1803 4468 2051 4523 scribens
2079 4485 2093 4522 :

524 4568 545 4603 ι
583 4549 687 4618 Qui
719 4550 920 4606 Christi
948 4567 1166 4608 carnem
1198 4554 1584 4611 cruciﬁxerunt
1641 4572 1763 4611 cum
1814 4556 2097 4614 affectibus
2133 4592 2173 4645 ο

509 4640 967 4711 αουρίἀιῑοιίιιιιε
1001 4642 1069 4698 ⁸⁵.
1099 4662 1118 4695 ι
1153 4642 1280 4699 Dein
1303 4646 1456 4712 quasi
1487 4647 1662 4701 divina
1690 4649 1929 4717 potentia
1960 4651 2098 4704 hanc

512 4748 632 4787 rem
667 4732 931 4801 insignem
956 4745 1236 4801 operante,
1265 4736 1584 4790 miraculum
1601 4737 1829 4804 extollit,
1860 4738 2048 4793 dicens
2078 4754 2093 4792 :

518 4843 544 4876 4
573 4824 708 4891 Quis
737 4824 871 4879 vidit
898 4824 1017 4880 sic?
1048 4823 1184 4880 Num
1214 4827 1503 4891 parturivit
1545 4836 1691 4882 terra
1740 4843 1846 4881 uno
1870 4828 1975 4893 die,
2004 4840 2095 4887 aut

510 4917 678 4970 etiam
698 4918 913 4971 condita
944 4927 1027 4972 est
1048 4932 1181 4989 gens
1203 4925 1310 4972 tota
1329 4918 1489 4973 simul
1513 4960 1527 4985 ,
1574 4920 1700 4988 quia
1730 4919 2015 4989 parturivit
2039 4930 2095 4975 et

510 5005 726 5074 peperit
757 5005 887 5060 Sion
921 5007 1120 5061 liberos
1154 5008 1314 5064 suos?
1340 5026 1359 5059 ι
1405 5006 1538 5075 Quis
1562 5010 1705 5063 enim
1734 5009 1958 5071 audivit,
2015 5010 2099 5062 in-

508 5097 656 5164 quit,
684 5094 908 5166 velquis
932 5097 1066 5151 vidit
1104 5107 1326 5166 terram,
1360 5099 1447 5154 vel
1472 5101 1746 5169 regionem
1766 5108 1955 5165 totam,
1988 5116 2097 5156 uno

513 5187 605 5241 die
635 5187 1029 5255 germinantem
1048 5200 1142 5242 eos
1167 5188 1258 5258 qui
1288 5204 1408 5243 eam
1446 5190 1669 5260 implere
1686 5189 1936 5244 valeant?
1958 5189 2093 5245 Nam

508 5279 659 5334 enim
690 5278 876 5340 semel,
915 5279 966 5334 id
988 5291 1093 5346 est,
1130 5280 1297 5352 912
1321 5297 1428 5337 uno
1477 5292 1753 5338 momento
1813 5297 1946 5353 gens
1988 5294 2095 5339 tota

513 5386 759 5443 unquam
782 5379 905 5426 nata
926 5372 1046 5427 est?
1074 5373 1144 5427 At
1171 5376 1270 5440 sic,
1308 5376 1503 5445 inquit,
1538 5393 1558 5428 ι
1591 5376 1720 5431 Sion
1774 5378 1984 5445 peperit
2030 5379 2096 5431 li-

514 5464 678 5520 beros
698 5480 847 5521 suos.
887 5485 905 5519 ι
939 5466 1148 5521 Etenim
1179 5482 1284 5521 uno
1317 5468 1404 5522 die
1434 5469 1534 5521 tria
1598 5468 1762 5522 millia
1788 5469 2093 5525 animarum

514 5555 725 5623 adjecta
750 5571 898 5625 esse,
928 5567 983 5613 et
1012 5558 1348 5628 spiritualem
1404 5561 1866 5626 regenerationem
1898 5576 1993 5632 per
2030 5562 2094 5616 tl-

514 5644 643 5699 dem
676 5657 733 5702 et
766 5658 1171 5705 sacrosanctum
1216 5649 1482 5721 baptisma
1522 5651 1827 5722 suscepisse
1859 5670 1874 5708 :
1908 5654 2093 5722 quidni

2219 3358 2435 3430 Ἰσραὴλ
2475 3361 2867 3432 σαγηνεύοντες
2900 3364 2979 3425 είς
3014 3363 3231 3417 πίστιν·
3276 3355 3394 3415 sita.
3437 3360 3632 3431 χρόνου
3677 3359 3793 3412 δια-

2203 3450 2507 3517 γεγονότος,
2563 3453 2834 3523 ὲπηνέχθη
2895 3453 3079 3508 λοιπὸν
3130 3457 3195 3525 τῇ
3249 3471 3308 3507 τε
3362 3454 3470 3507 τῶν
3526 3450 3792 3505 Ἰουδαίων

2205 3540 2379 3613 χώρᾳ,
2410 3544 2505 3597 καὶ
2537 3544 2720 3608 αὐτοῖς
2748 3542 2804 3597 δὲ
2835 3548 2946 3609 τοῖς
2982 3545 3377 3617 Ἱεροσολύμοις
3422 3545 3491 3599 τὰ
3532 3546 3597 3597 ὲκ
3641 3542 3793 3629 θείας

2202 3636 2398 3706 ὀργῆς,
2436 3636 2514 3700 ὡς
2553 3635 2958 3708 είσϐεὸηκότων
2987 3639 3112 3711 ἤδη,
3163 3639 3275 3715 καὶ,
3298 3638 3654 3708 κεκλημένων
3684 3634 3793 3689 τῶν

2205 3727 2645 3796 ἐπιεικεστέρων,
2676 3722 2819 3799 ἦσαν
2847 3728 2905 3781 δὲ
2937 3722 3084 3783 οὗτοι
3112 3730 3174 3783 τὸ
3200 3730 3553 3799 κατάλειμμα
3571 3744 3586 3759 ⁸
3634 3725 3792 3781 τοῦτο

2202 3813 2442 3889 διδάσκει
2497 3814 2693 3882 λέγων’
2764 3836 2783 3868 ι
2807 3816 2946 3886 Πρὶν
3001 3818 3036 3887 ἢ
3094 3818 3196 3887 τὴν
3240 3817 3538 3871 ὠδίνουσαν
3586 3817 3789 3877 τεκεῖν,

2204 3905 2335 3976 πρὶν
2388 3904 2563 3958 ἐλθεῖν
2603 3906 2697 3959 τὸν
2739 3907 2904 3961 πόνον
2956 3907 3067 3961 τῶν
3120 3907 3327 3962 ὠδίνων
3375 3908 3629 3977 ἐξέφυγε,
3696 3907 3790 3962 καὶ

2203 3994 2390 4049 ἔτεκεν
2421 3995 2651 4063 ἄρσεν.»
2693 3996 2829 4067 Πρὶν
2871 3997 2981 4068 γὰρ
3025 3999 3315 4069 ἐπιστῆναι
3354 3997 3423 4051 τὰ
3465 3997 3636 4058 δεινὰ,
3693 3996 3789 4051 καὶ

2202 4082 2314 4141 οἷόν
2339 4104 2494 4151 τινας
2522 4087 2726 4159 πικρὰς
2752 4088 2948 4152 ὠδῖνας
2981 4088 3083 4155 τὰς
3127 4093 3193 4143 ἑκ
3234 4088 3331 4143 τοῦ
3369 4087 3608 4158 πολέμου
3646 4104 3786 4158 συμ-

2205 4182 2380 4252 φορὰς
2414 4181 2766 4251 κατασκῆψαι
2801 4182 2901 4253 τῆς
2929 4182 3305 4253 ⁹ιερουσαλὴμ,
3340 4181 3596 4250 ἐξέφυγε,
3632 4196 3788 4234 τουτ-

2204 4273 2340 4332 έστι.
2372 4274 2480 4345 πρὸ
2507 4273 2598 4328 τοῦ
2622 4273 2868 4328 κινδύνου
2895 4261 3082 4328 έτςεκεν
3123 4276 3311 4346 ἄρσεν,
3350 4275 3379 4328 ὅ
3413 4275 3531 4327 ἐστι
3592 4272 3786 4345 κύημα

2202 4366 2366 4420 καλὸν
2417 4367 2512 4421 καὶ
2539 4366 2870 4440 τριπόθητον
2898 4384 2911 4398 ·
2934 4370 3065 4439 ταῖς,
3089 4368 3198 4439 γὰρ
3224 4367 3534 4432 τικτούσαις
3562 4368 3788 4439 apem.

2201 4461 2358 4513 τοκία
2398 4459 2598 4531 μᾶλλον
2627 4459 2858 4533 θατέρου
2887 4462 3249 4532 προτέτακται
3273 4478 3288 4493 ⁸
3336 4460 3369 4531 ἢ
3393 4462 3536 4531 τάχα
3565 4476 3667 4513 που
3694 4460 3785 4515 καὶ

2206 4553 2371 4626 ἄρσεν
2386 4553 2447 4607 τὸ
2460 4551 2654 4624 τεχθέν
2669 4569 2683 4584 ·
2704 4554 2765 4608 ού
2786 4553 2895 4625 γὰρ
2917 4554 3207 4624 θηλύνεται
3228 4554 3365 4626 πρὸς
3392 4554 3772 4624 μαλακισμοῦς

2205 4645 2234 4698 6
2267 4646 2326 4698 έν
2363 4644 2584 4716 Χριστῷ
2612 4644 2759 4709 λαός.
2795 4646 3054 4718 Φρόνημα
3092 4646 3201 4717 γὰρ
3238 4646 3608 4716 ἀνδροπρεπές
3635 4647 3782 4699 ἐστιν

2202 4739 2263 4791 ὲν
2298 4738 2447 4809 αὐτῷ
2502 4739 2597 4793 καὶ
2624 4739 2889 4802 νεανικὸν,
2937 4740 3032 4794 καὶ
3070 4741 3258 4794 τούτου
3299 4740 3511 4809 μάρτυς
3546 4739 3577 4790 6
3611 4737 3784 4808 μακά-

2203 4846 2319 4903 ριος
2359 4830 2570 4895 Παῦλος
2615 4832 2882 4903 γράφων·
2940 4832 3043 4885 σοί
3088 4830 3145 4884 δὲ
3182 4830 3278 4883 τοῦ
3318 4829 3495 4900 Ἰησοῦ
3544 4827 3781 4899 Χριστοῦ

2198 4921 2296 4992 τὴν
2327 4921 2506 4993 σάρκα
2538 4924 2910 4995 ἐσταύρωσαν,
2946 4922 3043 4975 σὺν
3070 4924 3183 4984 τοῖς
3207 4919 3495 4991 παθήμασι
3544 4922 3638 4974 καὶ
3663 4922 3783 4984 ταῖς

2197 5012 2538 5085 ἐπιθυμίαις.
2566 5033 2582 5067 ι
2615 5009 2749 5067 Εἶτα
2787 5014 2887 5085 τῆς
2914 5012 3065 5076 θείας
3095 5012 3377 5084 δυνάμεως
3411 5013 3512 5085 τὴν
3550 5012 3782 5083 ὑπερϐο-

2195 5099 2313 5173 λὴν,
2345 5103 2420 5168 ὡς
2452 5105 2827 5175 ὲνεργησάσης
2848 5104 2943 5157 καὶ
2965 5103 3141 5168 τοῦτο,
3166 5104 3300 5159 πολὺ
3330 5104 3515 5175 θαῦμα
3544 5107 3780 5159 ποιεῖται

2196 5195 2391 5264 λέγων’
2450 5214 2470 5247 ‹
2497 5195 2595 5258 Τίς
2644 5193 2891 5266 ἑώρακεν
2935 5190 3139 5262 οῦτωςς
3193 5198 3242 5249 εί
3289 5195 3448 5249 ὥδινε
3484 5195 3554 5264 γῆ
3593 5197 3651 5248 ὲν
3682 5195 3780 5265 μιᾷ

2188 5287 2392 5358 ἡμέρᾳ,
2425 5286 2460 5356 ἢ
2492 5288 2587 5341 καὶ
2611 5286 2805 5358 ἐτέχθη
2859 5286 3011 5350 ἔθνος
3064 5287 3320 5352 εἰσάπαξ,
3359 5287 3441 5340 ὅτι
3485 5285 3640 5340 ὥδινε
3686 5286 3778 5339 καὶ

2191 5378 2343 5431 ἔτεκε
2372 5376 2511 5430 Σιὼν
2538 5377 2607 5432 τὰ
2642 5378 2828 5431 παιδία
2864 5378 3036 5448 αὐτῆς
3058 5397 3072 5445 ;
3094 5397 3111 5431 ι
3159 5379 3257 5443 Τίς
3298 5379 3407 5449 γὰρ
3442 5380 3473 5431 6
3514 5376 3773 5441 ἀκούσας,

2192 5469 2445 5542 manu
2493 5470 2579 5536 τίς
2627 5469 2841 5542 ἑώρακε
2886 5472 3011 5544 γῆν,
3058 5473 3178 5543 ἦτοι
3230 5470 3412 5543 χώραν
3461 5470 3773 5541 ὁλόκληρον.

2192 5561 2683 5633 ἀναδλαστήσασαν
2713 5565 2773 5618 ὲν
2810 5564 2996 5636 ἡμέρᾳ
3032 5565 3130 5635 μιᾷ
3157 5564 3285 5627 τοὺς
3308 5561 3597 5634 πληρῶσαι
3617 5560 3782 5617 δυνα-

2194 5653 2391 5725 μένους
2413 5654 2619 5726 αύτήνς
2653 5649 2798 5727 Ἀρα
2824 5654 2932 5726 γὰρ
2961 5653 3212 5721 εἰσάπαξ,
3253 5654 3550 5718 τουτέστιν,
3594 5652 3685 5720 ὑφ’
3710 5653 3766 5705 ἓν

595 5815 643 5853 ’ί
668 5819 786 5873 Act.
815 5835 897 5883 ιη,
934 5821 1017 5877 ιιἸ.
1095 5823 1138 5856 ⁹²
1161 5823 1279 5877 Act.
1309 5840 1368 5892 ll,
1396 5824 1484 5881 '58.
1559 5826 1606 5859 ”
1637 5826 1766 5883 ibid.
1792 5826 1880 5881 ιι.
1957 5828 2002 5860 ⁸⁵
2022 5827 2194 5884 Galat.
2224 5844 2275 5893 v,
2314 5829 2401 5884 ει.
