4140 6462
339 396 485 458 Ηότ

1483 393 1550 451 IN
1585 394 1821 452 lSAlAfd
1860 393 1992 452 LIB.
2034 394 2102 451 ν.
2144 391 2382 450 TOMUS
2421 389 2512 449 Vl.
2610 398 2625 405 “

3478 391 3638 479 ἤειδε

336 520 496 587 ἔθνος
519 521 641 576 δλον
669 520 864 593 ἐτέχθη
899 520 1159 588 motare;
1198 518 1322 575 ἄλλ’
1360 512 1537 587 οὕτω,
1570 521 1757 592 φησὶν,
1814 540 1833 574 ι
1874 522 1938 576 Ἠ

2050 518 2330 576 manifeste
2367 519 2440 572 sit
2502 516 2730 587 integra:
2749 513 2926 586 gentis
2956 513 3097 570 fetus
3133 523 3190 571 et
3246 516 3475 585 partus?
3527 517 3636 572 Sed

337 614 481 671 Σιὼν
517 614 674 667 ἔτεκε
704 613 775 668 τὰ
796 614 987 669 παιδία
1009 615 1202 686 αὐτῆς.
1251 634 1270 667 s
1302 615 1376 668 Τὸ
1398 613 1505 686 γὰρ
1531 617 1588 668 ἐν
1617 615 1805 687 ἡμέρᾳ
1837 616 1936 687 μιᾷ

336 710 490 779 τρεῖς
510 706 756 776 χιλιάδας
789 706 1170 778 προστεθεϊναι
1197 706 1397 776 ψυχὰς,
1434 707 1528 759 καὶ
1552 702 1935 778 πνευματικὴν

337 800 703 871 ἀναγέννησιν
721 801 1011 869 ὑπομεῖναι
1028 800 1118 853 διὰ
1140 801 1238 869 τῆς
1255 800 1495 862 πίστεως
1543 799 1638 853 καὶ
1661 798 1756 852 τοῦ
1778 798 1936 868 ἁγίου

339 891 742 963 βαπτίσματος,
780 890 900 952 πῶς
922 890 1022 943 οὐκ
1061 890 1309 960 ἐναργῶς
1354 889 1438 960 εἴη
1487 888 1554 943 ἂν
1593 889 1780 951 ἔθνους
1819 888 1938 942 ὁλο-

338 984 546 1055 κλήρου
584 982 781 1054 κύησις
830 981 923 1036 καὶ
954 981 1211 1048 ἀπότεξις
1240 999 1255 1048 ;
1295 981 1469 1043 Ἀλλ’,
1503 1000 1522 1032 ι
1558 979 1732 1048 Ἐγὼ,
1779 981 1934 1051 φησὶ,

334 1077 549 1131 δέδωκα
592 1075 691 1147 τὴν
737 1075 1068 1147 προσδοκίαν
1112 1075 1339 1145 ταύτην.
1369 1093 1387 1126 s
1436 1073 1771 1147 Προείρηται
1826 1074 1938 1144 γάρ

336 1172 435 1225 καὶ
459 1169 621 1225 τοῦτο
644 1168 732 1223 διὰ
762 1169 946 1240 φωνῆς
984 1168 1158 1238 ἁγίων
1184 1167 1502 1241 προφητῶν,
1530 1167 1622 1222 καὶ
1650 1169 1937 1240 προεπήγ-

336 1261 528 1330 γελται
600 1260 734 1324 θεὸς
789 1262 928 1332 αὐτῇ
985 1261 1085 1333 τὴν
1144 1259 1505 1315 πολυπαιδίαν
1536 1276 1549 1289 ·
1598 1260 1787 1329 cum
1836 1260 1938 1313 οὐκ

336 1357 587 1429 ἐμνήσθη
656 1373 780 1423 μου,
843 1356 982 1427 φησὶ
1036 1355 1278 1427 Κύριος,
1329 1354 1510 1409 καίτοι
1562 1356 1783 1425 στεῖραν
1844 1353 1940 1408 καὶ

335 1450 619 1519 γεννῶσαν
644 1450 758 1520 ἐγὼ
799 1449 1108 1520 πεποίηκα.
1135 1466 1152 1499 s
1208 1450 1267 1503 '0
1303 1448 1361 1502 δὲ
1403 1446 1609 1501 τούτων
1649 1446 1790 1517 ἔχων
1837 1445 1939 1518 τὴν

338 1540 617 1606 ἐξουσίαν.
675 1540 796 1604 πῶς
855 1540 924 1595 ἂν
979 1540 1186 1594 ἄπαιδα
1237 1540 1492 1609 γενέσθαι
1554 1539 1938 1611 συνεχώρησεν

335 1633 551 1702 αὐτὴν,
592 1633 753 1704 εῐπερ
776 1632 1034 1703 ἠθέλησε,
1059 1632 1159 1703 τὴν
1201 1633 1282 1696 εἱς
1323 1631 1486 1687 αὐτὸν
1546 1632 1728 1686 πίστιν
1774 1649 1942 1701 προσ-

335 1725 618 1797 ηκαμένη,
646 1724 915 1786 πολύπαις
963 1742 1020 1777 τε
1053 1725 1148 1778 καὶ
1192 1723 1390 1788 εὔπαις
1422 1723 1657 1795 ὀφθῆναι
1695 1726 1809 1787 τοῖς
1836 1722 1941 1777 δινά

336 1819 525 1871 πᾶσαν
558 1815 656 1887 τὴν
698 1816 835 1886 γῆνς
881 1814 1071 1886 ἐπειδὴ
1090 1814 1147 1868 δὲ
1170 1816 1395 1885 γέγονεν
1422 1813 1675 1885 ἀπειθὴς,
1705 1812 1938 1885 σκληρὰ,

2043 629 2064 664 ι
2106 610 2240 680 Ego,
2298 608 2497 678 inquit,
2532 607 2653 662 dedi
2712 606 3179 676 exspectationem
3238 608 3399 663 hanc.
3430 625 3450 661 s
3487 606 3637 663 Praz-

2039 701 2241 756 dictum
2267 709 2352 755 est
2381 699 2528 755 enim
2558 700 2663 755 hoc
2686 714 2820 754 voce
2849 706 3167 756 sanctorum
3213 700 3634 770 prophetarum,

2036 793 2364 864 etpromisit
2386 793 2438 847 ei
2462 791 2606 846 Deus
2637 791 3048 847 fecunditatem.
3091 810 3110 845 ι
3150 792 3348 848 Verum
3398 807 3506 848 non
3551 807 3640 849 re-

2038 886 2263 942 cordata
2357 892 2443 941 est
2491 884 2619 950 mei,
2679 883 2854 953 inquit
2906 883 3200 951 Dominus,
3250 883 3353 939 etsi
3394 883 3636 940 sterilem

2037 985 2095 1030 et
2129 984 2480 1046 generantem
2517 975 2765 1030 fecerim.
2815 993 2834 1026 ι
2873 974 2975 1039 Qui
3005 975 3117 1029 haec
3137 983 3335 1045 potest.
3367 976 3639 1046 quomodo

2038 1068 2288 1138 permisit
2308 1083 2431 1123 eam
2464 1067 2655 1123 orbam
2698 1066 2862 1121 fieri?
2891 1065 2948 1121 Si
2996 1066 3260 1123 voluisset
3294 1066 3526 1122 fidemin
3552 1067 3637 1135 ip-

2037 1174 2158 1215 sum
2176 1160 2488 1225 admittere,
2519 1169 2576 1213 et
2609 1158 2827 1229 cOpiosa
2861 1169 2917 1211 et
2963 1158 3191 1227 pulchra
3230 1158 3386 1227 prole
3446 1158 3637 1213 dotata

2040 1253 2392 1324 apparuisset
2423 1251 2683 1309 omnibus
2716 1258 2874 1306 terra:
2903 1249 3118 1315 incolis;
3158 1251 3253 1305 sed
3285 1251 3409 1319 quia
3436 1248 3639 1304 immo-

2040 1349 2219 1417 rigera
2274 1343 2394 1410 fuit,
2448 1343 2583 1399 dura
2634 1351 2691 1399 et
2727 1342 3072 1407 refractaria,
3102 1340 3247 1396 facta
3297 1350 3385 1397 est
3432 1340 3640 1397 sterilis

2040 1440 2190 1510 ipsa;
2233 1436 2476 1509 gentium
2507 1442 2688 1490 autem
2721 1435 2872 1505 regio
2904 1436 3079 1489 multo
3126 1438 3420 1488 maximum
3463 1442 3519 1488 et
3562 1432 3629 1486 in

2041 1518 2440 1588 numerabilem
2475 1527 2730 1599 populmn
2754 1528 3055 1599 generavit.
3082 1527 3196 1581 lloc
3248 1527 3424 1596 ipsum
3483 1527 3627 1581 doce:

2039 1638 2259 1695 quoque
2296 1622 2512 1677 divinus
2540 1620 2801 1690 propheta
2826 1619 3017 1683 Isaias,
3048 1618 3491 1688 velutalloquens
3505 1634 3637 1686 gen-

2040 1719 2171 1772 tium
2204 1716 2501 1771 Ecclesium
2539 1734 2552 1770 :
2600 1732 2621 1765 ι
2659 1712 2894 1777 Ιιιιιιιιτε,
2929 1711 3151 1777 sterilis,
3186 1725 3309 1782 quae
3335 1725 3440 1767 non
3468 1711 3649 1781 paris;

2041 1824 2265 1879 erumpe
2287 1816 2342 1862 et
2394 1807 2589 1873 clama,
2616 1820 2736 1876 quae
2804 1820 2911 1859 non
2953 1803 3216 1874 parturis,
3273 1802 3400 1873 quia
3454 1804 3639 1872 plures

337 1909 436 1963 καὶ
480 1908 822 1976 δυσάγωγος,
854 1905 1159 1977 ὲστειρώθη
1195 1907 1295 1975 μὲν
1326 1904 1488 1976 αῦτη,
1538 1904 1839 1976 γεγέννηκε
1885 1903 1943 1957 δὲ

2050 1907 2201 1962 liberi
2244 1906 2477 1960 deserta:
2534 1911 2682 1966 sunt,
2728 1916 2892 1972 quam
2941 1900 3062 1968 ejus
3137 1915 3260 1970 qua:
3313 1897 3479 1954 habet
3553 1897 3641 1953 vi-

338 2003 374 2071 ἡ
412 2000 522 2056 τῶν
550 1998 723 2053 ἐθνῶν
750 1999 907 2071 χώρα
935 1998 1028 2051 τὸν
1060 1997 1300 2069 ἀριθμοῦ
1339 1996 1630 2069 κρείττονα
1691 1997 1787 2052 καὶ
1815 1996 1934 2050 ὲπὲ·

2050 2014 2172 2054 rum
2189 1999 2259 2053 “.
2295 2016 2315 2050 ι

338 2112 499 2149 κεινα
534 2092 695 2146 λαόν·
762 2092 857 2145 καὶ
904 2089 1038 2144 αὐτὸ
1080 2088 1146 2160 δὴ
1220 2089 1372 2142 τουτὶ
1420 2089 1666 2144 διδάσκει
1719 2090 1894 2158 λέγων
1942 2090 1972 2143 δ
2012 2090 2304 2154 θεσπέσιος
2350 2088 2642 2160 προφήτης
2694 2083 2945 2151 Ἡσαΐας,
2985 2082 3063 2148 ὡς
3109 2081 3249 2155 πρός
3288 2097 3355 2150 γε
3422 2080 3524 2153 τὴν
3582 2073 3644 2140 ἐξ

338 2190 515 2247 ἐθνῶν
593 2188 943 2259 Ἐκκλησίαν·
1035 2205 1054 2238 ι
1085 2184 1457 2257 Εὐφράνθητι,
1523 2189 1714 2258 στεῖρα
1781 2187 1813 2256 ἠ
1877 2187 1940 2240 οὐ
2016 2187 2303 2251 τίκτουσα,
2361 2185 2526 2258 ῥῆξον
2568 2185 2665 2239 καὶ
2717 2182 2916 2255 βόησον
2958 2182 2993 2252 ή
3050 2180 3148 2236 οὐκ
3216 2178 3503 2240 ὠδίνουσα,
3554 2177 3646 2232 ὅτι

339 2284 515 2339 πολλά
547 2283 616 2337 τά
652 2281 819 2336 τέκνα
845 2281 945 2351 τῆς
977 2281 1189 2350 ἐρήμου
1222 2277 1447 2350 μᾶλλον,
1486 2278 1520 2351 ῆ
1563 2279 1665 2350 τῆς
1701 2278 1936 2350 ἐχούσης
1972 2278 2064 2333 τὸν
2093 2279 2285 2350 ἄνδρα.
2317 2297 2337 2331 s

415 2374 818 2445 Εὐφράνθητι,
864 2370 1276 2441 Ἰερουσαλὴμ,
1328 2370 1430 2425 καί
1488 2372 1948 2441 πανηγνρίσατε

337 2472 412 2526 ἐν
467 2467 644 2537 αὐτῇ,
674 2468 898 2533 πάντες
944 2469 1001 2520 ot
1054 2463 1407 2536 ἀγαπῶντες
1449 2462 1665 2532 αὑτήν.
1718 2463 1948 2534 Χάρητε

345 2557 505 2631 καρᾷ
534 2556 764 2624 πάντες
792 2555 929 2610 ὅσοι
967 2554 1242 2611 uerae?“
1272 2555 1366 2609 ἐπ’
1396 2554 1608 2624 αὐτῆς,
1642 2554 1744 2609 ἵνα
1763 2553 1946 2623 θηλά-

342 2667 496 2721 σητε
541 2650 642 2705 καὶ
670 2646 1067 2718 ἐμπλησθῆτε
1099 2646 1221 2702 ἀπὸ
1240 2644 1482 2716 μαστοῦ
1504 2643 1942 2714 παρακλήσεως

342 2744 560 2814 αὐτῆς,
600 2744 704 2797 ἵνα
737 2740 1194 2809 ἐκθηλάσαντες
1224 2738 1574 2809 τρυφήσητε
1630 2737 1750 2793 ἀπὸ
1816 2739 1939 2791 εἰσ·

346 2839 504 2894 όδου
524 2836 713 2904 δόξης
748 2834 960 2903 αὐτῆς.
993 2833 1115 2886 Ὅτι
1141 2830 1459 2900 τάδελέγει
1502 2830 1748 2899 Κύριος·
1787 2827 1945 2883 Ἰδοὺ

344 2930 459 3001 ἐγὼ
480 2930 741 2985 ἐκκλίνω
763 2927 857 2983 ἐπ’
885 2925 1113 2991 αὐτοὺς
1147 2925 1228 2990 ὡς
1248 2923 1516 2992 ποταμὸς
1552 2921 1820 2990 εἰρήνης,
1844 2920 1944 2975 καὶ

336 3025 428 3091 »ὡς
466 3021 828 3094 χειμάρῤους
856 3017 1193 3079 ἐπικλύζων
1215 3015 1406 3081 δόξαν
1443 3012 1655 3069 ἐθνῶν.

2121 2366 2502 2425 Vans.“lO-i2.
2558 2364 2784 2428 Laetare,
2836 2360 3165 2424 Jerusalem,
3244 2367 3293 2413 et
3336 2365 3644 2411 conuentum

2050 2464 2206 2533 facite
2236 2465 2292 2517 in
2318 2478 2380 2516 ea
2408 2474 2611 2524 omnes,
2639 2457 2727 2526 qui
2750 2454 2976 2525 diligitis
2998 2469 3114 2507 eam
3135 2468 3156 2518 ;
3180 2450 3403 2522 gaudete
3423 2448 3643 2518 gaudio,

2048 2571 2249 2620 omnes,
2314 2551 2610 2623 quicunque
2664 2547 2851 2615 lugetis
2916 2559 3073 2614 super
3114 2559 3253 2607 eam,
3300 2550 3356 2594 ut
3418 2540 3643 2608 sugatis,

2046 2658 2095 2704 et
2115 2644 2446 2717 impleamini
2469 2645 2624 2697 ubere
2647 2636 3024 2694 consolationis
3069 2634 3206 2704 ejus,
3267 2642 3323 2686 ut
3366 2641 3642 2701 postquam

2048 2738 2322 2802 suxcritis,
2348 2734 2676 2791 delectemini
2699 2731 2925 2784 introitu
2974 2726 3159 2798 gloria:
3196 2724 3332 2792 ejus.
3361 2722 3499 2788 Quia
3532 2721 3648 2776 huic

2047 2829 2178 2883 dicit
2234 2826 2490 2882 Dominus
2524 2842 2544 2880 :
2596 2820 2732 2875 Ecce
2804 2835 2901 2890 ego
2964 2816 3170 2871 declino
3233 2815 3301 2869 ad
3360 2830 3450 2869 eos
3527 2822 3650 2868 tan-

2046 2938 2205 2993 quam
2219 2921 2416 2990 ﬂumcn
2447 2915 2617 2989 pacis,
2651 2924 2696 2970 et
2720 2912 2876 2986 quasi
2899 2921 3108 2967 torrens
3127 2906 3400 2964 inundans
3422 2905 3647 2979 gloriam

2051 3014 2304 3087 gentium.

419 3063 676 3188 XZEpZt:
680 3063 975 3167 1ἐπιτάττει
1010 3113 1079 3182 τῇ
1109 3109 1209 3181 νέᾳ
1236 3063 1332 3163 xci—It
1366 3109 1537 3179 νοητῇ
1571 3103 1731 3168 Σιὼν,
1773 3105 1946 3181 ήγουν

2051 3063 2378 3164 =Viduli-dere
2401 3102 2556 3175 jubet
2583 3101 2725 3156 hanc
2766 3112 2961 3154 novam
2976 3063 3048 3152 ἐι
3074 3090 3472 3165 intelligibilcm
3520 3085 3652 3143 Sio-

326 3180 740 3284 ’⁸1ερουσαλὴμ,
771 3208 896 3278 ἥτις
950 3180 1100 3259 ὲστλν
1135 3180 1435 3272 Ἐκκλησία
1460 3198 1598 3257 Θεοῦ
1628 3180 1853 3268 ζῶντος,
1880 3200 1947 3272 ἢν

2054 3217 2205 3262 nem,
2232 3216 2326 3255 seu
2351 3195 2675 3259 Jerusalem,
2702 3208 2824 3263 quae
2846 3199 2928 3247 cst
2961 3188 3203 3245 Ecclesia
3250 3185 3345 3240 Dei
3394 3180 3653 3246 viventis,
3688 3182 3691 3185 ’

344 3307 512 3370 αὐτὸς
575 3301 757 3373 ἑαυτῷ
810 3300 1157 3372 παρέστησεν
1193 3300 1222 3353 ὁ
1267 3298 1503 3370 Χριστὸς
1546 3295 1777 3352 ἄσπιλον
1848 3293 1944 3349 καὶ

347 3402 599 3473 ἄμωμον,
629 3397 693 3450 ἔκ
718 3412 779 3450 τε
806 3394 915 3450 τῶν
954 3392 1267 3448 Ἰουδαϊκῶν
1288 3391 1609 3462 ταγμάτων,
1636 3390 1732 3443 καὶ
1760 3388 1947 3458 ὲκτῆς

344 3492 460 3548 τῶν
491 3489 663 3547 ἐθνῶν
702 3488 927 3559 ἀγέλης.
981 3486 1195 3556 Συνῆψε
1229 3483 1340 3554 γὰρ
1376 3483 1507 3547 τοὺς
1544 3480 1641 3534 δύο
1668 3480 1836 3543 λαοὺς
1864 3480 1947 3542 εἰς

348 3588 449 3642 ἕνα
471 3582 660 3641 καινὸν
689 3581 1001 3654 ἄνθρωπον,
1036 3577 1212 3632 ποιῶν
1240 3577 1487 3648 εἰρήνην,
1509 3576 1608 3629 καὶ
1637 3573 1949 3628 ἀποκαταλ-

348 3677 522 3748 λάξας
549 3680 680 3741 τοὺς
717 3674 1063 3747 ἀμφοτέρους
1085 3674 1144 3726 ὲν
1172 3671 1253 3724 ἑνὶ
1292 3670 1510 3741 σώματι
1545 3666 1685 3740 πρὸς
1713 3666 1805 3720 τὸν
1832 3667 1946 3719 Πα-

348 3775 511 3848 τέρα.
564 3770 776 3843 Πρέποι
811 3767 857 3821 δ’
904 3766 972 3821 ἂν
1008 3765 1071 3819 τὸ
1118 3764 1330 3836 χαίρειν
1361 3764 1538 3834 αὐτῇ·
1597 3760 1949 3833 μεμέστωται

349 3868 464 3939 γὰρ
502 3864 737 3919 ἐλπίδων
775 3860 885 3916 τῶν
931 3860 1074 3932 ὑπὲρ
1111 3858 1237 3912 νοῦν
1274 3857 1371 3911 καὶ
1408 3855 1586 3926 λόγον.
1660 3873 1679 3907 ι
1707 3855 1784 3909 Οὐ
1840 3851 1949 3926 γὰρ

350 3956 496 4015 εἶδεν
549 3954 863 4028 ὀφθαλμὸς,
913 3954 1086 4023 φησὶ,
1140 3951 1238 4006 καὶ
1315 3946 1412 4014 οὖς
1456 3948 1556 4003 οὐκ
1597 3946 1798 4017 ἤκουσε
1856 3945 1951 3999 καὶ

352 4054 450 4107 ἐπὶ
494 4047 725 4122 καρδίαν
764 4044 1057 4116 ἀνθρώπου
1100 4042 1203 4103 οὐκ
1236 4040 1437 4110 νάνέόη,
1486 4037 1525 4093 ἃ.
1570 4038 1874 4109 ἡτοίμασεν
1921 4036 1952 4088 δ

352 4142 491 4209 Θεὸς
517 4144 632 4206 τοϊς
660 4134 953 4208 ἀγαπῶσιν
978 4132 1163 4187 αὐτόν·
1193 4149 1213 4182 s
1243 4128 1483 4209 ἡσθῆναί
1500 4145 1566 4197 γε
1588 4128 1696 4199 μὴν
1723 4125 1954 4197 προστέ-

353 4203 491 4308 ταχε
518 4203 647 4298 τούς
670 4203 732 4285 τε
765 4229 928 4290 ὄντας
957 4228 1016 4280 ὲν
1043 4224 1182 4296 αὐτῇ
1243 4203 1341 4277 καὶ
1377 4218 1714 4290 ἀγαπῶντας
1745 4218 1947 4288 αὐτήνο

358 4307 471 4384 εἷεν
491 4326 537 4380 δ’
561 4325 628 4380 ἂν
658 4314 806 4376 οὗτοι
833 4318 997 4373 πάλιν
1030 4317 1081 4371 ol
1114 4315 1400 4385 ἀνέχοντες
1425 4310 1615 4382 ῶσπερ
1638 4308 1833 4381 αὐτὴν,
1859 4307 1954 4362 καὶ

357 4424 484 4485 ταῖς
528 4417 854 4491 ἀμωμήτοις
903 4407 1279 4471 διδασκαλίαις
1340 4403 1703 4475 πολυτρόπως
1760 4398 1952 4470 στηρί-

361 4490 694 4576 ζοντες,καὶ
730 4507 846 4560 ὅσοι
888 4499 1178 4556 πενθοῦσιν
1218 4496 1307 4552 ἐπ’
1333 4496 1526 4566 αὐτῆς,
1559 4492 1706 4547 κατά
1741 4508 1809 4562 γε
1852 4490 1956 4561 τὴν

357 4598 527 4656 αὐτοῦ
580 4595 674 4652 τοῦ
722 4593 978 4663 Σωτῆρος
1027 4590 1237 4661 φωνήνο
1271 4606 1290 4639 ι
1321 4585 1626 4657 Μακάριοι,
1673 4582 1861 4655 φησὶν,
1907 4584 1957 4636 οί

359 4689 712 4751 πενθοῦντες,
754 4682 1014 4738 ὅτιαιὶτοὶ
1052 4677 1636 4751 παρακληθήσονται.»
1688 4675 1764 4729 Τὸ
1805 4673 1864 4728 δέ
1892 4691 1959 4742 γε

359 4781 557 4844 πένθος
594 4781 651 4833 ὲν
676 4775 888 4840 τούτοις
911 4774 1009 4846 τὴν
1040 4771 1152 4825 τῶν
1192 4769 1410 4838 εὐαγῶν
1444 4767 1958 4839 ἀνδραγαθημάτων

346 4870 653 4940 -ὐποφαίνει
690 4866 1032 4941 κατόρθωσιν
1057 4880 1072 4894 ·
1109 4859 1312 4931 ἱδρῶτα
1339 4859 1452 4931 γὰρ
1490 4858 1673 4929 έχουσι
1709 4857 1803 4912 τὸν
1831 4857 1960 4927 ὀνη-

365 4965 613 5036 σιφόρον,
650 4965 745 5017 καὶ
774 4956 1116 5031 τληπαθοῦσι
1150 4952 1443 5018 νεανικῶς,
1488 4952 1591 5021 οὐχ
1642 4951 1730 5005 ἵνα
1763 4967 1816 5003 τι
1848 4948 1960 5003 τῶν

363 5054 629 5126 ἐπιγείων
658 5051 1015 5122 κερδάνωσιν,
1048 5047 1165 5103 ἀλλ’
1192 5046 1281 5100 ἵνα
1314 5044 1426 5098 τῶν
1458 5043 1612 5114 παρά
1637 5040 1773 5096 Θεοῦ
1803 5058 1961 5113 χαρι-

366 5150 596 5222 σμάτων
624 5141 1134 5214 ἀναπιμπλάμενοι,
1169 5136 1437 5209 θυμηδίας
1461 5135 1679 5205 ἀπάσης
1694 5132 1960 5202 γένωνται

370 5240 581 5312 μεστοί·
614 5236 775 5291 τοῦτο
794 5232 907 5303 γὰρ
935 5233 1121 5294 αὐτοῖς
1151 5232 1501 5301 ὑπισχνεῖται
1535 5225 1709 5294 λέγων
1732 5241 1746 5254 ’
1796 5243 1816 5276 ι
1844 5223 1962 5278 Ἵνα

367 5333 643 5405 θηλάσητε
690 5327 785 5382 καὶ
800 5322 1156 5397 ὲμπλησθῆτε
1186 5321 1298 5376 ἀπὸ
1326 5318 1534 5393 μαστοῦ
1565 5315 1963 5389 παρακλήσεως

368 5424 558 5496 αὐτῆς.
582 5440 601 5475 s
638 5419 937 5493 Πρὸσωπον
968 5414 1027 5469 δὲ
1054 5412 1201 5479 ἅπαξ
1213 5413 1473 5483 γυναικὸς
1500 5409 1745 5479 περιθεὶς
1773 5410 1839 5480 τῇ
1866 5406 1967 5478 νέᾳ

369 5515 533 5582 Σιὼν,
565 5514 818 5587 ἐπιμένει
840 5513 909 5582 τῇ
936 5506 1032 5562 τοῦ
1060 5506 1224 5575 λόγου
1257 5506 1469 5575 τροπῇ,
1492 5502 1585 5556 καὶ
1608 5502 1709 5572 τὴν
1737 5501 1796 5553 ἐν
1822 5499 1962 5571 αὐτῇ

375 5606 718 5679 παράκλησιν
743 5604 844 5676 τὴν
881 5600 969 5655 διά
997 5616 1086 5666 γε,
1127 5595 1291 5668 φημὶ,
1305 5593 1402 5652 τοῦ
1432 5595 1590 5664 ἁγίου
1626 5590 1962 5663 Πνεύματος,

374 5700 598 5775 μαστοῖς
635 5692 963 5766 παρεικάζει
1021 5689 1115 5744 καὶ
1140 5686 1398 5759 γάλακτι.
1444 5685 1678 5758 Εἴρηται
1711 5684 1822 5755 γάρ
1860 5698 1963 5736 που

442 5875 491 5907 θ’
514 5873 618 5931 lsa.
642 5889 752 5942 ιιν,
779 5876 830 5931 1.
904 5872 951 5905 ’⁸
979 5870 1177 5942 Ephes.
1219 5884 1276 5933 ιι,
1310 5866 1396 5933 15,
1425 5863 1510 5920 l6.
1588 5864 1630 5896 *⁷
1665 5862 1833 5918 lCor.
1861 5877 1921 5929 ιι,

2078 5857 2124 5901 κ’
2155 5853 2345 5910 Matth.
2378 5869 2428 5919 ν,
2458 5850 2509 5906 5.

2046 3304 2209 3359 quam
2227 3288 2343 3357 ipse
2364 3284 2615 3341 Christus
2631 3282 2734 3338 sibi
2770 3276 3198 3351 repraesentavit,
3240 3271 3647 3327 immaculatam

2045 3391 2102 3437 et
2125 3381 2476 3450 inculpatam,
2510 3391 2579 3431 ex
2612 3373 2864 3429 tribubus
2893 3368 3136 3425 Judaicis
3159 3374 3216 3422 et
3248 3380 3316 3421 ex
3353 3374 3654 3431 congrega-

2049 3475 2196 3531 tione
2222 3473 2484 3542 gentium.
2499 3464 2953 3537 Conjunxitenim
2985 3462 3121 3517 duos
3144 3456 3377 3530 populos
3402 3455 3457 3510 in
3482 3466 3651 3508 unum

2048 3581 2247 3622 novum
2274 3563 2571 3624 hominem,
2601 3558 2941 3615 constituens
2968 3566 3179 3623 pacem,
3207 3559 3263 3605 et
3292 3543 3654 3603 reconcilians

2051 3667 2344 3726 utrumque
2384 3654 2439 3709 in
2463 3665 2573 3707 uno
2595 3661 2832 3720 corpore
2855 3646 2999 3716 apud
3048 3643 3269 3699 Patrem
3301 3640 3372 3695 ³⁸.
3408 3640 3475 3695 Et
3534 3651 3651 3693 me-

2050 3749 2160 3803 rito
2186 3747 2426 3818 gaudere
2454 3751 2659 3814 potest,
2686 3754 2809 3796 cum
2852 3753 2950 3807 spe
3002 3734 3165 3805 plena
3218 3733 3311 3798 sit,
3335 3744 3498 3801 quam
3554 3740 3657 3783 nec

2050 3837 2340 3908 complecti
2363 3849 2516 3890 mens
2537 3840 2720 3902 queat,
2745 3843 2847 3884 nec
2887 3824 3090 3883 oratio.
3134 3838 3153 3874 ι
3193 3819 3311 3875 Non
3344 3818 3491 3874 enim
3515 3829 3652 3871 ocu-

2055 3932 2141 3987 lus
2174 3906 2332 3994 vidit,
2369 3927 2567 3996 inquit,
2602 3938 2704 3979 nec
2735 3920 2890 3976 auris
2932 3914 3160 3976 audivit,
3193 3922 3251 3967 et
3279 3912 3334 3966 in
3363 3925 3458 3969 cor
3482 3906 3661 3962 homi—

2056 4025 2140 4080 nis
2174 4036 2280 4077 non
2310 4019 2692 4083 ascenderunt,
2719 4029 2839 4083 quae
2867 4009 3081 4082 paravit
3113 4008 3257 4061 Deus
3305 4000 3661 4072 diligentibus

2055 4128 2117 4168 se
2145 4113 2215 4165 '7.
2261 4131 2279 4164 ι
2314 4108 2511 4165 Laetari
2531 4106 2686 4178 jubet
2706 4104 2797 4175 qui
2831 4103 2889 4157 in
2914 4115 2977 4156 ea
3005 4106 3154 4163 sunt,
3177 4104 3233 4150 et
3260 4109 3380 4150 eam
3405 4091 3655 4160 diligunt.

2054 4204 2121 4259 lli
2154 4205 2375 4259 demum
2414 4209 2547 4256 sunt
2572 4194 2862 4269 ejusmodi,
2890 4194 2982 4265 qui
3008 4206 3127 4249 eam
3153 4199 3411 4259 tanquam
3441 4193 3661 4253 susum-

2057 4306 2196 4364 tant,
2219 4296 2311 4365 qui
2343 4292 2613 4363 inculpata
2642 4291 2890 4346 doctrina
2921 4284 3275 4342 multifariam
3295 4279 3649 4340 conﬁrmant,

2056 4391 2367 4459 quicunque
2409 4386 2576 4442 etiam
2625 4398 2747 4440 eam
2793 4380 2959 4454 913
3016 4378 3322 4448 deplorant,
3358 4369 3657 4429 secundum

2060 4481 2367 4551 Servatoris
2397 4494 2627 4536 vocem:
2667 4495 2686 4530 ι
2722 4475 2873 4530 Beati
2896 4474 3076 4536 enim,
3114 4468 3312 4538 inquit,
3336 4466 3425 4536 qui
3450 4464 3658 4532 lugent,

2060 4575 2186 4646 quia
2222 4573 2325 4644 ipsi
2346 4571 2776 4628 consolabuntur
2804 4568 2874 4621 ”.
2915 4585 2934 4618 ι
2982 4564 3188 4620 Luctus
3217 4559 3309 4616 hic
3351 4554 3660 4612 subindicat

2060 4676 2371 4726 sanctarum
2403 4664 2678 4719 actionum
2715 4658 3175 4715 emendatimtem.
3220 4650 3488 4707 Sudorem
3513 4646 3656 4701 enim

2059 4759 2338 4830 patiuntur
2367 4754 2574 4820 utilem,
2605 4762 2661 4807 et
2689 4751 2903 4806 labores
2941 4746 3177 4803 tolerant
3207 4752 3432 4797 strenue
3456 4750 3520 4792 ac
3566 4735 3661 4804 ju-

2060 4851 2336 4915 veniliter,
2369 4863 2474 4903 non
2502 4856 2563 4901 ut
2616 4843 2820 4913 aliquid
2857 4851 3134 4897 terrenum
3188 4836 3512 4890 lucrentur:
3564 4829 3660 4883 sed

2063 4957 2119 4999 ut
2137 4943 2336 4999 divinis
2356 4941 2514 4998 donis
2538 4937 2746 5003 referti,
2768 4933 2919 4992 omni
2948 4931 3224 4998 voluptate
3255 4922 3653 4992 compleantur.

2062 5033 2180 5090 Hoc
2216 5034 2363 5088 enim
2404 5030 2513 5085 illis
2546 5025 2838 5099 promittit,
2888 5023 3075 5077 dicens
3107 5037 3123 5073 :
3157 5035 3177 5070 ι
3211 5014 3282 5072 Ut
3339 5010 3568 5081 sugatis,
3605 5018 3663 5064 et

2064 5123 2399 5196 impleamini
2434 5122 2604 5176 ubere
2625 5113 3012 5174 consolationis
3071 5108 3209 5178 ejus.
3257 5125 3277 5159 s
3317 5108 3452 5161 Cum
3477 5111 3661 5157 autem

2063 5193 2353 5290 personam
2385 5211 2628 5268 mulieris
2643 5208 2814 5265 semel
2846 5220 2999 5262 nova:
3033 5201 3186 5258 Sioni
3242 5196 3573 5258 attribuerit,
3603 5193 3661 5248 in

2064 5309 2334 5368 sermonis
2373 5316 2528 5375 tropo
2557 5309 2860 5373 permanet,
2888 5307 2942 5353 et
2992 5295 3419 5352 consolationem
3452 5291 3504 5345 in
3564 5302 3657 5354 ea,

2063 5400 2235 5459 sancti
2257 5397 2517 5468 Spiritus,
2554 5393 2799 5464 inquam,
2829 5387 3086 5444 uberibus
3129 5395 3184 5442 et
3247 5382 3367 5438 lacti
3432 5392 3657 5445 compa.

2065 5491 2391 5550 rat.Dictum
2415 5468 2654 5544 estenim
2673 5483 2721 5539 ei
2754 5483 2809 5537 in
2833 5480 3059 5538 Cantico
3081 5476 3415 5533 canticorum
3441 5487 3456 5525 :
3493 5487 3514 5522 ι
3548 5468 3663 5523 Me—

2064 5584 2201 5640 liora
2230 5592 2357 5638 sunt
2394 5580 2558 5634 ubera
2593 5588 2683 5630 tua
2716 5575 2845 5629 vino
2871 5571 2940 5625 ”.
2966 5589 2987 5623 ι
3048 5568 3283 5641 Primus
3307 5564 3454 5620 enim
3500 5560 3665 5615 cibus

2065 5675 2366 5733 infantibus
2396 5669 2750 5733 conveniens,
2779 5662 3190 5720 admittentibus
3220 5658 3378 5714 iidem
3407 5655 3462 5711 in
3486 5653 3661 5709 Deum
3752 5694 3767 5715 κ

2611 5846 2656 5880 ’⁸
2689 5846 2848 5902 Cant.
2882 5860 2927 5909 ι,
2954 5843 3006 5897 1.
