4140 6470
520 399 544 457 ἰ
560 399 660 457 459

1512 395 1571 450 S.
1613 394 1891 452 CYRILLI
1932 393 2410 450 ALEXANDRINI
2452 395 2778 454 ARCIIIEP.

3662 398 3810 454 ιιιο

524 523 770 568 nostrum
791 511 976 569 Jesum
1011 512 1289 570 Christum
1314 516 1632 585 porrigitur,
1658 516 1709 570 id
1742 525 1845 582 est,
1874 525 2027 571 tener
2063 525 2116 571 et

2222 515 2358 586 πρὸς
2388 515 2560 587 αὐτὴν
2599 503 2692 570 καὶ
2723 516 2782 570 ἐν
2815 517 2878 587 τῇ
2907 515 3013 569 τῶν
3052 513 3359 586 ’ᾼσμάτων,
3405 515 3487 568 ὅτι
3533 534 3551 566 ι
3587 512 3809 577 Ἀγαθιὴ

524 604 751 672 simplex
775 619 958 660 sermo
996 606 1372 662 catecbescos.
1405 606 1499 661 Sic
1525 609 1670 662 enim
1720 607 1920 664 Paulus
1944 623 2112 679 quos-

524 694 645 748 dam
677 695 982 765 alloquens,
1008 696 1118 751 ait:
1161 715 1179 748 ‹
1212 695 1318 752 Lac
1344 697 1500 756 vobis
1531 697 1600 753 ad
1643 700 1940 768 potandum
1966 700 2107 764 dedi,

525 803 632 842 non
670 789 872 844 cibum.
901 788 1149 845 Nondum
1180 791 1323 844 enim
1348 792 1630 859 poteratis,
1662 793 1756 847 sed
1792 807 1890 848 nec
1937 794 2113 849 adhuc

529 877 748 946 quidem
777 878 1066 944 potestis‘.
1094 897 1112 930 ι
1151 879 1302 945 Quod
1331 887 1510 934 autem
1541 897 1643 936 non
1683 898 1900 952 semper
1933 883 2112 938 infan-

528 977 608 1021 tes
640 977 842 1022 etesse
873 977 928 1022 ct
949 969 1116 1022 videri
1157 971 1446 1023 conveniat
1472 986 1588 1034 eos,
1612 973 1701 1041 qui
1750 972 1916 1026 semel
1964 982 2113 1027 cate-

2219 608 2414 680 μαστοί
2441 625 2536 662 σου
2571 609 2712 681 ὑπὲρ
2739 603 2900 662 οἶνον.
2935 628 2954 660 ι
2993 607 3190 680 Πρώτη
3234 607 3292 661 δὲ
3327 609 3542 671 πάντως
3575 611 3685 670 τοῖς
3712 607 3810 679 τὴν

2216 701 2404 754 πίστιν
2441 701 2823 773 προσιεμένοις
2859 701 2957 772 τὴν
3001 701 3082 764 εἰς
3110 700 3202 753 τὸν
3236 699 3368 753 Θεὸν
3405 699 3564 770 ἡμῶν
3601 698 3810 770 Ἰησοῦν

2213 788 2304 842 τὸν
2344 790 2579 860 Χριστὸν
2611 788 2994 860 νηπιοπρεπὴς
3034 788 3370 859 προσάγεται
3395 787 3577 858 τροφὴ
3600 828 3616 853 ,
3650 804 3810 841 τουτ-

2213 881 2394 947 έστιν,
2455 883 2484 934 6
2535 881 2808 952 τρυφερὸς
2876 882 2971 935 καὶ
3019 879 3226 942 ἁπλοῦς
3288 879 3391 947 τῆς
3451 880 3809 949 κατηχήσεως

2211 972 2368 1041 λόγος
2394 989 2408 1002 ο
2450 971 2596 1026 οὕτω
2637 973 2744 1042 γάρ
2787 991 2891 1026 που
2921 973 3016 1026 καὶ
3056 975 3084 1026 6
3119 971 3332 1034 Παῦλος
3369 970 3808 1042 προσπεφώνηκέ

526 1059 749 1113 cheseos
773 1075 1078 1114 sermonem
1101 1061 1390 1126 imbihunt,
1421 1064 1513 1116 sed
1532 1063 1584 1115 in
1611 1064 1782 1116 virum
1812 1062 2109 1132 perfectum

2222 1080 2382 1130 τισιν,
2418 1063 2608 1116 εἰπών’
2649 1082 2668 1116 t
2695 1064 2840 1117 Γάλα
2873 1065 3017 1133 ὑμᾶς
3037 1064 3283 1126 ἐπότισα,
3314 1063 3375 1114 οὑ
3405 1062 3602 1132 βρῶμα
3626 1079 3638 1092 ·
3659 1062 3808 1115 οὔπω

525 1159 576 1203 et
615 1150 666 1204 in
703 1166 1011 1205 mensuram
1041 1151 1218 1206 astatis
1247 1152 1593 1222 plenitudinis
1624 1153 1824 1208 Christi
1883 1158 2114 1210 evadere

526 1245 840 1308 oporteat',
880 1253 936 1296 ut
966 1254 1213 1298 exactam
1248 1255 1302 1298 et
1346 1246 1674 1313 exquisitam
1705 1246 1822 1314 ejus
1849 1247 2116 1314 cognitio-

529 1349 654 1387 nem
683 1335 938 1405 deinceps
992 1345 1419 1406 consequantur,
1447 1337 1652 1402 docuit,
1691 1353 1812 1392 cum
1873 1337 2068 1405 adjecit
2099 1357 2113 1393 :

535 1444 554 1478 ι
594 1424 684 1490 Ut,
703 1437 990 1495 postquam
1011 1429 1292 1491 suxeritis,
1318 1427 1656 1482 delectemiui
1683 1428 1902 1482 introitu
1934 1429 2119 1498 glorizn

527 1517 662 1586 ejus.
703 1536 721 1569 ι
753 1517 850 1574 Ubi
890 1519 1168 1585 suxeritis,
1195 1519 1346 1583 dicit,
1390 1534 1508 1586 pro,
1540 1535 1659 1573 cum
1681 1521 1748 1575 ab
1778 1521 2035 1576 uberibus
2060 1530 2118 1577 et

531 1625 762 1664 mamma
801 1609 1060 1665 abstracti
1112 1611 1268 1673 estis,
1318 1611 1402 1666 vel
1455 1627 1578 1665 cum
1601 1613 1854 1667 ahlactati
1883 1614 2035 1678 estis,
2066 1613 2118 1669 id

527 1707 654 1752 est:
688 1711 794 1750 non
820 1695 1055 1752 infantes
1083 1699 1334 1763 manetis,
1353 1699 1446 1754 sed
1477 1699 1622 1754 velut
1650 1701 1702 1754 in
1744 1701 1969 1771 ephebis
2003 1701 2115 1771 jam

528 1795 586 1842 et
604 1786 734 1842 viris
769 1789 1225 1850 numeramini.et
1266 1791 1500 1844 solidum
1551 1791 1732 1846 cibum
1775 1803 2114 1863 expetentes,

2212 1156 2322 1226 γὰρ
2344 1156 2632 1226 ἠδύνασθε,
2667 1157 2786 1210 ἀλλ’
2813 1156 2936 1210 οὐδὲ
2975 1156 3057 1209 ἔτι
3087 1156 3184 1209 νῦν
3223 1155 3470 1210 δύνασθε.
3506 1175 3524 1206 ι
3585 1157 3708 1209 Ὅτι
3755 1156 3808 1208 δέ

2213 1249 2314 1301 οὐκ
2347 1248 2435 1301 ἀεὶ
2461 1247 2689 1317 νηπίους
2714 1265 2776 1301 τε
2816 1243 2957 1301 εἶναι
2995 1247 3090 1301 καί¹
3144 1246 3376 1319 ὁρᾶσθαι
3415 1246 3643 1317 πρέπει,
3683 1248 3807 1302 τοὺς

2215 1341 2374 1412 οἵπερ
2404 1340 2470 1394 ἂν
2500 1340 2640 1403 ὅλως
2667 1339 2760 1392 τὸν
2783 1339 2886 1409 τῆς
2911 1339 3273 1410 κατηχήσεως
3309 1338 3591 1392 ἐκπίνουσι
3630 1337 3807 1404 λόγον,

2216 1430 2418 1501 χρῆναι
2449 1429 2508 1484 δέ
2553 1429 2754 1500 μᾶλλον
2787 1429 3108 1499 ἀναφοιτᾷν,
3143 1430 3238 1483 καὶ
3270 1431 3349 1493 εἰς
3378 1429 3547 1499 ἄνδρα
3580 1428 3804 1485 τέλειον.

2214 1523 2309 1576 καὶ
2340 1524 2421 1585 εἰς
2445 1522 2642 1594 μέτρον
2670 1522 2885 1594 ήλικίας
2909 1522 3000 1575 τοῦ
3024 1521 3394 1593 πληρώματος
3423 1520 3516 1575 τοῦ
3547 1520 3804 1592 Χριστοῦ,

2218 1615 2304 1669 ἵνα
2355 1613 2446 1668 τὸν
2500 1613 2708 1685 ἀκριϐῆ
2755 1614 2851 1667 καὶ
2899 1611 3267 1684 ἐξητασμένον
3317 1613 3404 1666 ἐπ’
3447 1610 3598 1682 αὑτῷ
3650 1610 3808 1678 λόγον

2217 1704 2456 1758 συνιέναι
2481 1703 2746 1758 δύνωνται
2773 1703 2981 1766 λοιπὸν,
3016 1701 3224 1768 ἐδίδαξε
3261 1700 3576 1768 προστιθείς
3603 1716 3616 1730 ο
3648 1719 3666 1750 ι
3693 1699 3810 1751 ’Ἰνα

2216 1797 2624 1867 ἐκθηλάσαντες
2652 1797 2996 1868 τρυφήσητε,
3023 1795 3132 1848 ἀπὸ
3159 1795 3364 1848 εἰσόδου
3394 1793 3552 1864 δόξης
3581 1792 3803 1862 αὐτῆς.»

529 1878 930 1934 delectabimini
983 1882 1206 1938 introitu
1261 1882 1446 1952 gloriae
1491 1885 1629 1955 ejus.
1675 1885 1913 1942 Gloriam
1957 1896 2118 1942 vocat

2222 1890 2293 1942 Τὸ
2339 1864 2745 1958 ἐκθηλάσαντες
2790 1864 2848 1940 δέ
2878 1864 3063 1956 φησιν,
3101 1886 3224 1938 ἀντὶ
3268 1885 3386 1948 τοῦ,
3435 1882 3658 1953 μαστῶν
3705 1881 3810 1947 ἐξω

528 1969 839 2038 Christum;
870 1971 948 2027 sic
972 1973 1118 2027 enim
1150 1983 1204 2028 et
1245 1972 1455 2030 Psaltes
1491 1979 1559 2031 de
1622 1992 1687 2033 eo
1719 1993 1733 2029 :
1789 1997 1808 2029 r
1851 1977 1918 2034 Ut
1963 1977 2118 2034 habi-

529 2070 609 2118 tet
631 2064 802 2134 gloria
836 2064 888 2118 in
924 2073 1066 2119 terra
1099 2075 1282 2120 nostra
1301 2068 1344 2121 ³.
1367 2084 1385 2116 ι
1415 2068 1696 2123 introitum
1727 2085 1877 2133 vero,
1897 2070 2116 2140 dispen-

531 2155 762 2211 sationis
797 2157 849 2210 in
893 2171 1063 2214 carne
1116 2159 1456 2229 mysterium.
1515 2159 1656 2215 Deus
1708 2161 1853 2216 enim
1900 2171 2116 2225 natura,

530 2245 711 2302 factus
741 2254 826 2301 est
856 2248 1039 2314 homo,
1066 2258 1121 2303 et
1150 2248 1295 2302 velut
1335 2249 1613 2319 ingressus
1651 2261 1736 2305 est
1776 2252 1919 2304 hunc
1960 2266 2119 2304 mun-

528 2337 658 2391 dum
683 2348 906 2408 propter
931 2339 1380 2395 incarnationem.
1417 2341 1760 2397 Delectantur
1812 2343 1976 2412 igitur
2026 2342 2116 2410 qui

531 2436 675 2490 hunc
708 2447 1013 2488 sermonem
1037 2432 1103 2487 de
1132 2431 1222 2488 illo
1243 2433 1307 2486 ad
1336 2448 1566 2503 unguem
1621 2444 1826 2502 tenent,
1850 2447 1903 2492 et
1927 2456 2118 2508 quem-

529 2527 821 2583 admodum
872 2527 924 2581 in
969 2526 1164 2581 orbem
1202 2526 1421 2580 intrarit
1444 2529 1696 2596 gloria,id
1719 2531 2117 2601 est,Christus,

533 2625 890 2686 cognoscunt.
920 2615 1214 2684 Propterea
1238 2625 1294 2670 et
1343 2617 1558 2673 divinus
1609 2621 1871 2689 pr0pheta
1934 2626 2116 2679 statim

528 2716 585 2762 et
615 2722 648 2762 θ
679 2708 908 2776 vestigio
939 2709 1330 2775 apparitionem
1363 2711 1479 2779 ejus
1521 2726 1642 2766 cum
1691 2729 1854 2769 carne
1889 2715 2118 2770 manife-

530 2811 669 2855 stam
698 2815 763 2856 ac
797 2801 1141 2869 perspicuam
1180 2801 1332 2856 facit.
1366 2802 1660 2859 Personam
1701 2807 1844 2860 enim
1876 2808 1994 2877 ejus
2037 2808 2120 2864 lo-

530 2901 788 2960 quentem
820 2893 948 2948 facit
977 2911 990 2946 :
1025 2911 1043 2944 ε
1080 2893 1219 2948 Ecce
1247 2893 1459 2950 declino
1489 2895 1542 2949 in
1590 2911 1686 2952 eos
1728 2908 1986 2968 tanquam
2023 2901 2121 2954 liii-

532 2999 656 3038 men
688 2985 856 3053 pacis,
879 2984 1046 3056 915
1074 2997 1127 3040 et
1179 2994 1433 3056 tanquam
1500 2999 1709 3044 torrens
1757 2991 1846 3060 qui
1896 2992 2122 3047 inundat

531 3075 759 3144 gloriam
779 3077 1041 3144 gentium.
1086 3096 1105 3128 ι
1144 3075 1368 3131 Flumen
1408 3079 1572 3148 igitur
1607 3083 1756 3147 pacis
1805 3092 1860 3137 et
1909 3093 2121 3140 torrens

2217 1983 2312 2035 καὶ
2371 1980 2541 2051 θηλῆς
2590 1978 2898 2048 γεγονότες,
2961 1978 3128 2047 ἤγουν
3183 1973 3806 2045 ἀπογεγαλακτισμένοι,

2217 2071 2516 2138 τουτέστιν,
2566 2069 2666 2123 οὐκ
2715 2069 2796 2122 ἐτι
2846 2051 3100 2140 μένοντές
3160 2068 3366 2136 νήπιοι,
3424 2065 3709 2128 τελοῦντες
3755 2064 3814 2117 δὲ

2219 2164 2407 2235 ὥσπερ
2439 2165 2496 2216 ἐν
2521 2163 2748 2234 ἐφήϐοις
2796 2162 2899 2232 ήδη
2943 2162 3037 2215 καὶ
3072 2161 3320 2231 ἀνδράσι,
3340 2159 3557 2229 καὶτῆς
3587 2158 3812 2228 στερεᾶς

2219 2255 2496 2326 ἐφιέμενοι
2545 2254 2773 2325 τροφῆς,
2826 2251 3206 2323 ἐντρυφύσητε
3241 2251 3350 2305 ἀπὸ
3401 2250 3609 2304 εἰσόδου
3649 2249 3809 2318 δόξης

2219 2347 2419 2417 αὐτῆςο
2464 2347 2555 2399 καὶ
2579 2343 2736 2409 δόξαν
2769 2345 2866 2416 μὲν
2899 2345 3159 2416 ὀνομάζει
3211 2344 3488 2415 Χριστὸν(
3526 2342 3671 2394 οὕτω
3703 2341 3810 2410 γάρ

2221 2453 2324 2490 που
2357 2437 2452 2489 καὶ
2480 2437 2508 2488 6
2532 2436 2765 2490 Ψάλλων
2797 2437 2932 2506 φησι
2967 2437 3097 2507 περὶ
3135 2434 3322 2499 αὐτοῦ,
3361 2453 3380 2485 ι
3407 2433 3513 2486 Τοῦ
3541 2449 3809 2501 κατασκτγ

2218 2527 2390 2583 νῶσαι
2418 2527 2576 2590 δόξαν
2608 2528 2666 2580 ἐν
2693 2531 2756 2599 τῇ
2785 2531 2853 2598 γῇ
2890 2527 3047 2598 ἡμῶν
3072 2525 3119 2598 ι)
3142 2543 3154 2556 ·
3173 2526 3378 2579 εἴσοδον
3419 2526 3496 2590 δέ,
3525 2525 3626 2594 τῆς
3672 2527 3809 2595 μετὰ

2221 2620 2425 2692 σαρκὸς
2480 2619 2796 2690 οἰκονομίας
2851 2618 2912 2671 τὸ
2969 2618 3269 2689 μυστήριον
3299 2634 3312 2648 ·
3346 2615 3479 2680 Θεὸς
3527 2617 3602 2669 ὢν
3654 2615 3812 2684 φύσει

2220 2709 2446 2778 γέγονεν
2507 2708 2825 2780 ἅνθρωπος,
2873 2707 2968 2760 καὶ
3019 2701 3130 2761 οἷον
3179 2705 3503 2776 εἰσϐέϐηκεν
3544 2707 3623 2769 εἰς
3664 2705 3813 2757 τόνδε

2220 2803 2315 2856 τὸν
2346 2803 2553 2873 κόσμον
2581 2801 2671 2855 διὰ
2703 2801 2801 2873 τὴν
2833 2801 3132 2870 σάρκωσιν.
3178 2798 3520 2870 Ἐντρυφῶσι
3547 2799 3726 2851 τοίνυν
3765 2801 3815 2851 οἰ

2221 2898 2314 2951 τὸν
2365 2895 2571 2968 ἀκριϐῆ
2610 2895 2710 2964 τῆς
2754 2893 2883 2964 περὶ
2933 2892 3098 2945 αὐτοῦ
3147 2891 3385 2954 πίστεως
3445 2889 3645 2951 εἰδότες
3699 2886 3813 2960 [αι.

2221 2990 2441 3063 δόντες]
2477 2991 2654 3058 λόγον,
2694 2988 2792 3042 καὶ
2836 2987 2962 3041 τίνα
3007 2985 3212 3057 τρόπον
3235 2983 3560 3054 εἰσϐέϐηκεν
3597 2981 3677 3044 εἰς
3719 2979 3819 3050 τὴν

2221 3083 2548 3153 οἰκουμένην
2586 3079 2792 3152 ἡδόξα,
2825 3078 3074 3132 τουτέστι
3123 3075 3384 3148 Χριστὸς,
3418 3071 3813 3144 μανθάνοντες·

532 3166 850 3222 deliciarum
883 3176 986 3234 est,
1008 3167 1279 3223 Christus.
1309 3168 1399 3225 Sic
1421 3172 1566 3226 enim
1590 3174 1736 3228 illum
1773 3175 1988 3230 divinus
2016 3176 2120 3229 Da-

2222 3177 2311 3230 διά
2333 3174 2494 3228 τοῦτο
2513 3174 2609 3227 καὶ
2635 3173 2664 3225 6
2689 3171 2977 3236 θεσπέσιος
3003 3170 3292 3241 προφήτης
3333 3166 3514 3230 εὐθὺς,
3547 3165 3641 3260 καὶ⁵
3675 3179 3818 3260 παρ-

534 3260 625 3313 vid
659 3269 838 3324 vocat,
877 3275 1002 3315 cum
1060 3260 1238 3330 inquit
1271 3278 1285 3314 :
1323 3281 1343 3314 ι
1407 3261 1580 3328 Quam
1621 3265 1976 3335 multiplicata
2039 3277 2124 3325 est

535 3351 909 3406 misericordia
981 3361 1102 3416 tua,
1188 3367 1222 3406 o
1279 3351 1456 3409 Deus!
1516 3354 1640 3410 Filii
1705 3358 1987 3412 hominum
2069 3362 2120 3417 in

533 3441 848 3496 umbraculo
936 3443 1144 3496 alarum
1221 3453 1432 3500 tuarum
1522 3449 1838 3516 sperabunt.
1880 3449 2124 3506 Inebria-

536 3535 737 3589 buntur
776 3533 844 3586 ab
908 3536 1153 3588 ubertate
1220 3535 1410 3590 domus
1445 3545 1569 3600 tuae,
1629 3548 1684 3594 et
1736 3550 1976 3598 torrente
2030 3558 2127 3599 vo-

539 3625 891 3693 lnptatistua:
962 3627 1174 3695 potabis
1218 3642 1313 3682 eos
1342 3629 1382 3682 ⁸.
1424 3647 1443 3680 ι
1502 3629 1567 3684 Ει
1608 3630 1842 3686 iterum:
1917 3651 1937 3687 ι
1992 3634 2124 3690 Flu-

539 3717 702 3773 minis
783 3717 1016 3786 impetus
1073 3720 1309 3776 laetiiicat
1370 3722 1645 3778 civitatem
1702 3724 1794 3778 Dei
1829 3727 1872 3778 '.
1935 3746 1954 3780 ι
2019 3728 2123 3784 De-

538 3806 760 3862 clinavit
786 3821 914 3861 vero
939 3817 992 3863 et
1023 3809 1315 3866 uberrimis
1355 3811 1547 3866 rivulis
1592 3813 1868 3869 inundavit
1893 3815 2122 3884 gloriam

539 3898 800 3967 gentium,
826 3897 877 3951 id
908 3907 1011 3962 est,
1037 3899 1180 3968 quod
1219 3907 1306 3954 est
1343 3900 1488 3955 inter
1516 3912 1704 3972 gentes
1739 3906 2039 3973 pretiosum
2073 3916 2127 3962 et

538 3987 759 4041 omnino
796 3987 1114 4056 gloriosum.
1167 3987 1282 4044 Non
1340 3991 1484 4046 enim
1524 4008 1714 4049 omnes
1754 3997 2123 4064 crediderunt,

542 4093 716 4147 neque
740 4078 908 4148 gloria
937 4081 1108 4135 evecti
1133 4090 1281 4148 sunt,
1314 4083 1408 4138 sed
1427 4093 1485 4137 ut
1509 4083 1708 4140 Paulus
1755 4087 1886 4142 dicit
1922 4089 1988 4144 de
2017 4091 2126 4146 Deo

537 4179 594 4222 et
617 4169 780 4225 Patre
813 4188 826 4224 ε
866 4191 886 4222 ι
919 4173 1066 4237 Quos
1117 4175 1409 4241 praescivit,
1453 4185 1508 4230 et
1579 4178 2130 4247 prtedestinavitcon-

541 4260 742 4316 formes
759 4261 874 4316 ﬁeri
911 4264 1162 4328 imaginis
1204 4264 1323 4319 Filii
1359 4268 1467 4332 sui,
1505 4268 1603 4323 hos
1631 4277 1685 4323 et
1725 4274 1956 4325 vocavit.
1980 4273 2128 4340 Quos

544 4353 777 4415 vocavit,
799 4368 895 4408 eos
921 4366 975 4408 et
1000 4355 1316 4424 gloriticavit
1350 4359 1392 4415 ⁸.
1429 4359 1598 4413 »Οιιηι
1626 4361 1775 4428 dicit,
1809 4381 1828 4414 ι
1851 4362 2121 4430 Decimo,»

547 4444 675 4499 illud
699 4446 1046 4502 subindicat:
1085 4447 1253 4504 Recta
1273 4451 1354 4504 via
1385 4461 1440 4506 et
1467 4453 1568 4506 iter
1597 4455 1645 4507 ei
1680 4453 1779 4508 fuit
1827 4471 1894 4510 ex
1936 4473 2131 4526 propo-

2226 3267 2598 3338 εζευγμένως,
2646 3265 2747 3338 τὴν
2785 3266 3086 3338 ἐμφάνειαν
3120 3259 3286 3316 αὑτοῦ
3314 3259 3412 3328 τὴν
3447 3256 3584 3328 μετὰ
3615 3253 3818 3324 σαρκὸς

2224 3357 2551 3428 καθίστησιν
2584 3359 2788 3428 ἐναργῆ
2819 3373 2833 3387 ο
2873 3355 3055 3425 ἵστησι
3087 3352 3199 3422 γὰρ
3232 3349 3295 3404 τὸ
3326 3347 3492 3404 αὑτοῦ
3527 3347 3820 3418 πρόσωπον

2224 3451 2496 3521 λέγοντος,
2535 3451 2618 3504 ὄτι
2664 3466 2685 3501 ι
2729 3447 2860 3502 Ἰδοὺ
2900 3447 3136 3502 ἐκκλίνω
3172 3444 3259 3498 ἐπ’
3296 3442 3515 3505 αὐτοὺς,
3545 3440 3621 3504 ὡς
3646 3457 3816 3494 ποτα-

2229 3543 2330 3614 μὸς
2369 3543 2615 3614 εἰρήνης,
2670 3539 2768 3595 καὶ
2816 3539 2892 3604 ὡς
2937 3539 3272 3611 χειμάρρους
3314 3534 3623 3600 ἐπικλύζων
3664 3535 3821 3598 δόξαν

2225 3632 2417 3688 ἐθνῶν.
2455 3651 2474 3685 ι
2511 3631 2765 3702 Ποταμὸς
2805 3631 2905 3698 μέν
2936 3625 3028 3684 οὗν
3059 3630 3302 3702 εἰρήνης,
3347 3627 3440 3682 καὶ
3486 3627 3822 3699 χειμάρρους

2226 3723 2459 3795 τρυφῆς,
2485 3723 2514 3775 6
2541 3721 2816 3791 Χριστὸς(
2852 3719 2996 3774 οὕτω
3025 3720 3136 3791 γὰρ
3165 3719 3327 3773 αὑτὸν
3360 3719 3455 3772 καὶ
3481 3719 3509 3771 6
3539 3717 3822 3778 θεσπέσιος

2225 3814 2392 3868 Δαϐὶδ
2415 3813 2672 3882 ὀνομάζει
2701 3811 2898 3878 λέγων·
2943 3829 2963 3861 ‹
3001 3811 3088 3873 Ὠς
3114 3810 3424 3880 ἐπλήθυνας
3447 3809 3507 3862 τὸ
3546 3808 3694 3870 ἔλεός
3725 3824 3819 3861 σου

2225 3906 2254 3958 6
2287 3904 2447 3966 Θεόςί
2473 3904 2520 3956 οἰ
2544 3902 2601 3955 δέ
2619 3903 2722 3954 υἱοὶ
2751 3900 3203 3970 τῶνάνθρώπων,
3253 3902 3310 3954 ἐν
3337 3899 3514 3970 σκέπῃ
3543 3900 3653 3952 τῶν
3687 3917 3821 3952 πτε-

2231 3995 2412 4068 ρύγων
2457 4011 2550 4047 σου
2601 3991 2888 4046 ἐλπιοῦσι·
2942 3990 3373 4062 μεθυσθήσονται
3413 3991 3520 4044 ἀπὸ
3558 3990 3657 4058 τῆς
3703 3990 3822 4043 πιό-

2225 4104 2390 4156 τητος
2421 4085 2516 4139 τοῦ
2543 4085 2694 4138 οῐκου
2729 4101 2844 4147 σου,
2879 4083 2976 4137 καὶ
3001 4082 3092 4137 τὸν
3121 4083 3459 4154 χειμάρρουν
3483 4083 3580 4152 τῆς
3611 4082 3822 4152 τρυφῆς

2231 4198 2326 4234 σου
2348 4180 2554 4241 ππιεῖς
2587 4177 2806 4240 αὐτούς.
2836 4195 2854 4228 ι
2905 4175 3015 4230 Καὶ
3048 4176 3241 4229 πάλιν
3283 4195 3301 4226 ι
3326 4173 3432 4228 Τοῦ
3470 4174 3714 4244 ποταμοῦ
3756 4174 3822 4227 τὰ

2228 4271 2529 4341 ὀρμήματα
2568 4269 2919 4338 εὐφραίνουσι
2948 4267 3048 4338 τὴν
3083 4267 3235 4323 πόλιν
3263 4266 3358 4319 τοῦ
3387 4265 3522 4320 Θεοῦ
3553 4267 3622 4333 ›)⁶
3667 4266 3826 4320 ἐκκέ-

2231 4362 2386 4415 κλικε
2409 4361 2484 4425 δὲ,
2515 4361 2609 4414 κτιί⁷
2635 4355 2745 4413 οἷον
2775 4357 3276 4430 ἀμφιλαφεστάτοις
3298 4357 3532 4427 νάμασιν
3554 4357 3821 4410 ἐπέκλυσε

2231 4452 2338 4507 τῶν
2365 4451 2536 4506 ἐθνῶν
2566 4453 2666 4522 τὴν
2692 4452 2871 4516 δόξαν,
2896 4451 3164 4510 τουτέστι,
3195 4449 3257 4502 τὸ
3288 4449 3468 4520 τίμιον
3495 4449 3604 4502 τῶν
3631 4448 3820 4510 ἐθνῶν,

545 4534 652 4592 sito
681 4543 736 4588 et
762 4535 1041 4590 voluntate
1075 4536 1269 4603 Patris,
1317 4541 1382 4594 ad
1427 4540 1724 4599 Israelitas.
1767 4544 1953 4614 Itaque
2015 4549 2120 4601 ait:

2236 4549 2356 4619 ήτοι
2404 4548 2465 4600 τὸ
2496 4546 2887 4616 δεδοξασμένον
2922 4543 3089 4597 ἆπαν.
3153 4542 3228 4595 Οὐ
3279 4541 3389 4612 γὰρ
3430 4540 3629 4602 πάντες
3659 4557 3822 4592 πεπι-

549 4645 571 4678 ‹
608 4624 723 4681 Non
772 4626 968 4682 missus
1023 4643 1140 4684 sum
1192 4631 1294 4686 nisi
1357 4633 1422 4686 ad
1475 4636 1717 4702 perditas
1775 4652 1905 4692 oves
1933 4639 2126 4694 domus

544 4716 710 4771 Israel
736 4717 778 4771 ".
809 4735 828 4769 ι
853 4719 986 4773 Cum
1015 4736 1144 4776 vero
1173 4722 1246 4777 illi
1279 4724 1440 4778 ﬁdem
1505 4728 1831 4796 respuerint,
1881 4729 2124 4784 declina-

545 4805 623 4860 vit
644 4805 712 4862 ab
752 4805 878 4870 illis,
900 4808 1058 4863 sicuti
1093 4811 1355 4879 scriptum
1382 4821 1486 4874 est,
1513 4823 1571 4866 et
1612 4816 1853 4884 gentium
1906 4831 2130 4888 congre-

543 4898 811 4969 gationem
830 4914 893 4954 ex
927 4901 1098 4956 sacris
1132 4902 1318 4958 rivulis
1365 4904 1740 4961 consolatione
1784 4908 2041 4977 perfudit,
2075 4910 2128 4965 id

540 4997 644 5053 est,
670 4989 977 5059 evangelica
1006 5001 1060 5047 et
1117 4994 1334 5049 salutari
1380 4998 1786 5065 praedicatione,
1819 5015 1916 5068 per
1963 5015 2126 5069 quam

543 5093 730 5148 pacem
765 5081 903 5148 apud
951 5096 1072 5136 eum
1115 5082 1525 5149 lucrifeceruut,
1573 5095 1629 5141 et
1656 5103 1753 5156 per
1807 5103 1972 5158 quem
2015 5090 2129 5160 spi—

543 5166 725 5221 rituali
782 5168 1043 5226 societate
1093 5170 1366 5240 conjuncti
1419 5182 1547 5229 sunt
1583 5190 1706 5231 cum
1747 5176 1860 5233 Deo
1897 5187 1954 5234 et
2021 5179 2128 5236 Pa-

545 5269 651 5316 ιτε.

2237 4639 2547 4701 στεύκασιν,
2585 4637 2710 4692 οὔτε
2746 4637 2853 4708 μὴν
2880 4635 3268 4704 ἐδοξάσθησαν,
3299 4632 3415 4688 ἀλλ’
3454 4633 3530 4696 ὡς
3556 4634 3584 4685 ό
3611 4631 3825 4696 Παῦλός

2235 4749 2370 4803 φησι
2409 4731 2538 4800 περὶ
2583 4730 2678 4784 τοῦ
2728 4728 2863 4783 Θεοῦ
2921 4728 3018 4782 καὶ
3058 4726 3302 4797 Πατρὺςί,
3377 4744 3396 4775 ι
3428 4723 3536 4788 Οὓς
3576 4722 3824 4795 προέγνω

2236 4825 2332 4878 καὶ
2384 4822 2660 4895 προώρισε
2707 4813 3067 4890 συμμόρφους
3116 4817 3219 4886 τῆς
3276 4815 3483 4877 εἰκόνος
3547 4814 3640 4868 τοῦ
3693 4813 3825 4868 Υἰοῦ

2235 4914 2423 4980 αὑτοῦ,
2463 4914 2689 4978 τούτους
2731 4913 2826 4967 καὶ
2853 4909 3146 4964 ἐκάλεσενο
3187 4904 3280 4970 οὓς
3309 4905 3366 4958 δέ
3402 4905 3652 4967 ἐκάλεσε,
3702 4903 3826 4959 τούο

2231 5020 2360 5066 τους
2397 5003 2492 5057 καὶ
2516 5003 2754 5070 ἐδόξασε.
2787 5019 2806 5051 ι
2831 4998 2905 5051 T6
2931 5013 2997 5065 γε
3027 4997 3183 5067 μὴν,‹
3206 4995 3568 5068 Ἐκκλίνω[ν],
3591 5015 3609 5048 ι
3630 4995 3824 5066 λέγων.

2233 5092 2419 5147 δίδωσι
2453 5092 2698 5146 τοιοῦτον
2735 5090 2962 5144 ἐννοεῖνο
3013 5086 3078 5140 'H
3111 5087 3209 5155 μὲν
3245 5085 3356 5158 γὰρ
3397 5087 3515 5150 ὁδὸς
3548 5087 3699 5157 αὐτῷ
3729 5087 3825 5141 καὶ

2233 5185 2452 5254 πορεία,
2484 5183 2629 5237 κατά
2649 5180 2907 5253 πρόθεσιν
2931 5177 3028 5232 καὶ
3053 5177 3302 5231 εὐδοκίαν
3325 5176 3420 5231 τοῦ
3450 5178 3665 5248 Πατρὸς
3691 5177 3825 5248 πρὸς

2232 5277 2362 5338 τοὺς
2406 5275 2468 5339 ἐξ
2504 5273 2740 5343 αἵματος
2782 5271 3035 5342 Ἰσραήλο
3085 5269 3189 5340 ἔφη
3223 5268 3354 5338 γοῦν
3381 5270 3464 5322 ὅτι
3513 5288 3532 5321 ι
3561 5270 3675 5324 Οὐκ
3718 5269 3826 5323 ἀπ-

547 5351 802 5425 εστάλην,
859 5354 909 5406 εἰ
945 5350 1020 5424 μὴ
1068 5353 1148 5416 εἰς
1193 5352 1263 5406 τὰ
1311 5353 1632 5410 ἀπολωλότα
1685 5357 1935 5428 πρόϐατα
1977 5362 2128 5416 οἴκου
2180 5363 2422 5436 Ἰσραήλ.
2487 5383 2505 5417 r
2559 5362 2782 5434 Ἐπειδὴ
2829 5362 2887 5415 δὲ
2939 5361 3261 5416 ἀπεώσαντο
3302 5363 3401 5431 τὴν
3487 5360 3691 5425 πίστιν,
3738 5358 3824 5425 ἐξ·

545 5440 755 5496 έκλινεν
793 5443 890 5496 ἀπ’
929 5441 1107 5498 αὐτῶν
1155 5442 1297 5496 καθά
1326 5443 1678 5513 γέγραπται,
1731 5449 1827 5502 καὶ
1875 5453 1999 5515 ταῖς
2025 5451 2135 5507 τῶν
2206 5454 2379 5508 ἐθνῶν
2439 5454 2666 5524 ἀγέλαις
2694 5453 2796 5525 τὴν
2821 5453 2886 5505 ἐκ
2929 5451 3038 5505 τῶν
3071 5449 3232 5522 ἱερῶν
3262 5448 3516 5520 ναμάτων
3545 5447 3829 5519 παράκλη-

554 5551 640 5589 σιν
663 5535 970 5605 ἐχαρίσατο,
1005 5533 1279 5601 τουτέστι,
1309 5534 1371 5588 τὸ
1425 5537 1784 5608 εὐαγγελικὸν
1823 5543 1918 5596 καὶ
1970 5545 2238 5615 σωτήριον
2301 5548 2588 5620 κήρυγμα,
2617 5546 2685 5600 δι’
2715 5538 2776 5599 οὗ
2806 5545 2906 5614 τὴν
2971 5543 3106 5613 πρὸς
3181 5542 3342 5594 αὑτὸν
3375 5542 3598 5613 εἰρήνην
3629 5558 3792 5612 κεκερ
3813 5571 3824 5580 -

549 5625 769 5696 δήκασι,
817 5628 913 5680 καὶ
956 5627 1022 5680 δι’
1055 5625 1221 5680 αὐτοῦ
1254 5628 1606 5702 συνήφθησαν
1658 5634 1778 5688 κατ’
1820 5635 2131 5707 οἰκειότητα
2166 5638 2267 5711 τὴν
2302 5639 2680 5710 πνευματικὴν
2708 5637 2785 5709 τῷ
2814 5635 2934 5707 Θεῷ
2963 5636 3058 5688 καὶ
3079 5634 3275 5705 Πατρί.

628 5761 644 5790 ⁸
674 5761 857 5847 ἔξω..
881 5763 1042 5847 ungi.
1124 5768 1143 5796 ³
1182 5765 1378 5847 Eplies.
1418 5782 1493 5835 tv,
1529 5769 1610 5826 13.
1695 5773 1713 5804 ³
1741 5773 1884 5831 Psal.
1914 5791 2113 5832 Lxuw

2222 5784 2250 5833 ι.
2331 5778 2350 5810 ⁸
2380 5777 2526 5836 Psal.
2555 5794 2718 5841 xxxv,
2749 5780 2801 5842 8,
2825 5777 2876 5832 9.
2951 5775 2978 5812 -⁸
3007 5772 3146 5828 Psal.
3185 5787 3306 5834 xu,
3339 5771 3388 5826 ὃ.
3468 5771 3488 5803 ⁸
3519 5771 3677 5825 Rom.
3707 5783 3833 5847 vrtt,

557 5828 646 5893 (ἐξ),
673 5830 761 5883 50.
840 5832 857 5859 '
893 5832 1078 5886 Matth.
1116 5851 1200 5901 vv,
1229 5828 1322 5888 ΕΜ.
