4140 6462
335 431 471 487 «ιιι

1476 425 1543 480 ΙΝ
1587 424 1824 482 ISAIAM
1867 425 1996 480 LIB.
2036 425 2099 481 V.
2135 425 2370 481 TOMUS
2415 427 2499 482 Vl.

3505 439 3527 492 ‘l
3539 435 3646 491 442

411 545 490 601 Τὰ
539 545 750 600 παιδία
802 544 1004 600 αὐτῶν
1050 545 1145 598 ἐπ’
1185 543 1360 614 ὤμων
1399 544 1794 612 ἁρθήσονται,
1846 545 1935 597 καὶ

2125 543 2289 599 Vens.
2327 544 2510 609 15,-“.
2534 541 2761 600 Parvuli
2779 563 2957 600 eorum
2989 549 3044 602 in
3079 551 3316 605 humeris
3369 553 3641 622 tollentur,

330 638 432 694 ἐπὶ
462 638 689 708 γόνατα
717 636 1316 706 παρακληθήσονται.
1368 637 1462 702 Ὠς
1488 636 1545 690 ετ
1575 653 1710 690 τινα
1737 635 1939 705 μήτηρ

331 729 772 798 παρακαλέσει,
850 728 1043 794 οὕτως
1087 727 1253 798 κάγὼ
1307 727 1711 796 παρακαλέσω
1759 727 1936 796 ὑμᾶς.

335 825 444 878 Kal
475 823 547 878 ἐν
591 820 998 890 Ἰερουσαλὴμ
1031 819 1606 888 παρακληθήσεσθε,
1659 818 1757 872 καὶ
1799 819 1941 887 ὄψε-

330 919 466 979 σθε,
500 915 600 969 καὶ
624 914 960 985 χαρήσεται
996 912 1160 982 ὑμῶν
1189 913 1226 981 ἡ
1259 911 1493 979 καρδία,
1537 911 1637 964 καὶ
1680 911 1753 965 τὰ
1787 911 1939 966 ὀστᾶ

331 1006 503 1078 ὑμῶν
533 1007 614 1072 ὡς
646 1004 883 1072 ,βοτάνη
927 1003 1226 1060 arat-elei.
1269 1002 1382 1057 Καὶ
1431 1003 1850 1073 γνωσθήσεται
1896 1003 1936 1072 ἠ

330 1097 409 1168 Τῆ
455 1099 676 1166 Κυρίου
708 1095 837 1162 τοῖς
863 1095 1215 1164 σεϐομένοις
1242 1095 1451 1148 αὐτόν.

414 1188 938 1258 Ἀμφιλαφεστάτην
976 1189 1114 1256 ἡμῖν
1143 1185 1242 1257 τὴν
1287 1184 1639 1256 παράκλησιν
1667 1183 1938 1253 ἐπαγγέλ-

330 1278 508 1340 λεται,
542 1278 638 1332 καὶ
669 1277 889 1348 φειδοῦς
929 1277 1149 1347 ἁπάσης
1180 1276 1442 1340 ἐπίδοσιν,
1472 1274 1616 1328 ὥστε
1643 1276 1738 1329 καὶ
1768 1276 1934 1329 πόνου

327 1369 456 1438 δίχα
486 1366 692 1428 παντὸς
729 1365 1033 1436 κατορθοῦν
1075 1363 1336 1418 δύνασθαι
1373 1365 1435 1417 τὸ
1475 1365 1710 1434 ἀρέσκον
1761 1363 1932 1435 αὐτῷ.

331 1462 393 1514 Oi
440 1458 550 1530 γὰρ
590 1458 671 1511 ἐτι
719 1459 1081 1529 νηπιάζοντες
1119 1457 1177 1510 ἐν
1226 1457 1434 1521 αὐτοῖς,
1473 1457 1626 1528 φησι,
1677 1457 1775 1510 καὶ
1834 1457 1936 1520 τὰς

332 1551 537 1623 φρένας
560 1549 714 1604 οὔπω
742 1550 1174 1621 τετελειωμένοι,
1203 1549 1462 1620 βρέφεσιν
1500 1551 1559 1604 ὲν
1592 1550 1692 1622 ἴσῳ
1716 1554 1934 1621 μικροῖς

332 1644 424 1698 ἐπ’
459 1644 630 1716 ῶμων
661 1643 1020 1716 ἀρθήσονται,
1056 1645 1152 1697 καὶ
1197 1644 1290 1697 ἐπὶ
1319 1643 1561 1711 γονάτων
1583 1644 1936 1716 παρακληθή-

333 1754 555 1792 σονται·
612 1737 733 1800 ἔθος
774 1735 886 1807 γὰρ
919 1735 1063 1789 οὕτω
1100 1736 1369 1806 μητράσιν
1415 1735 1794 1804 ἐπιμελεῖσθαι
1836 1752 1933 1807 νη-

331 1834 494 1888 πίων.
562 1833 753 1902 Ὀλίγα
809 1833 1010 1898 τοίνυν,
1067 1833 1224 1902 φησι,
1298 1833 1694 1904 παραχωρήσω
1740 1832 1930 1903 μητρὶ,

2041 644 2090 688 et
2112 651 2268 700 super
2292 649 2462 704 genua
2490 637 2901 692 consolationem
2955 641 3243 697 habebunt.
3286 642 3645 709 Quemadmo-

2043 729 2169 782 dum
2193 728 2563 797 siquemtiam
2610 740 2784 784 mater
2837 733 3160 798 consoletur,
3184 736 3261 788 sic
3307 746 3356 790 et
3415 755 3508 806 ego
3553 757 3643 794 vos

2041 821 2379 874 consolabor.
2403 819 2470 874 Et
2509 823 2563 875 in
2597 821 2897 878 Jerusalem
2917 825 3335 882 consolationem
3357 831 3641 896 habebitis,

2039 923 2087 966 et
2122 912 2394 975 videbitis;
2419 923 2464 964 et
2493 913 2738 982 gaudebit
2779 931 2872 967 cor
2920 928 3172 986 vestrum,
3205 930 3254 973 et
3289 937 3409 975 ossa
3471 934 3640 978 vestra

2039 1005 2175 1058 sicut
2201 1005 2359 1057 Iterba
2390 1006 2781 1074 germinabunt.
2819 1007 2886 1061 Et
2921 1009 3205 1067 innotescet
3241 1022 3395 1069 terra:
3424 1013 3642 1070 Domini

2047 1095 2338 1150 colentibus
2362 1112 2502 1149 eum.

2117 1186 2506 1257 Largissimam
2538 1189 2969 1248 consolationem
3001 1203 3055 1249 et
3083 1197 3264 1253 omnis
3316 1199 3638 1254 misericor-

2039 1279 2142 1333 diae
2163 1279 2439 1333 cumulum
2461 1279 2620 1334 nobis
2639 1283 3000 1350 adpromittit,
3037 1286 3198 1357 idque
3239 1287 3387 1344 circa
3422 1304 3640 1343 omnem

2037 1369 2300 1436 laborem,
2339 1372 2559 1440 utquod
2589 1374 2690 1444 ipsi
2719 1376 2917 1440 placet,
2979 1380 3161 1446 possis
3220 1380 3470 1448 exsequi.
3536 1380 3641 1447 Qui

2037 1461 2181 1513 etiim
2232 1459 2432 1526 adhuc,
2467 1462 2663 1531 inquit,
2701 1463 2939 1519 infantes
2991 1476 3218 1532 sunt,et
3259 1470 3441 1522 animo
3490 1485 3643 1522 non-

2037 1551 2164 1606 dum
2196 1550 2444 1620 perfecti,
2479 1553 2625 1608 velut
2660 1556 2869 1623 parvuli
2895 1555 3132 1611 infantes
3165 1560 3216 1611 in
3274 1559 3516 1614 humeris
3539 1561 3642 1614 tol-

2036 1642 2238 1711 lentur,
2285 1653 2341 1698 et
2433 1661 2596 1714 super
2638 1661 2810 1716 genua
2853 1652 3284 1705 consolationem
3342 1653 3636 1708 habebunt.

2037 1733 2387 1790 Solenteuim
2423 1749 2623 1791 matres
2653 1755 2840 1792 curam
2878 1755 3066 1809 gerere
3099 1743 3475 1809 parvulorum.
3509 1745 3627 1798 Non

2039 1829 2264 1882 multum
2301 1843 2450 1900 ergo,
2483 1831 2678 1898 inquit,
2715 1832 2874 1884 matri
2932 1847 3172 1895 cessero,
3193 1834 3286 1886 sed
3317 1833 3640 1890 consolabor

329 1924 704 1998 παρακαλέσω
749 1925 806 1978 δὲ
855 1923 1002 1978 οὕτω
1057 1925 1185 1986 τοὺς
1243 1924 1449 1995 ἀδρανῆ
1512 1925 1652 1987 τέως
1709 1925 1931 1995 ἔχοντας

2039 1923 2116 1976 sic
2143 1938 2235 1976 eos
2261 1923 2353 1990 qui
2388 1923 2824 1978 infirmosuntet
2873 1925 3084 1995 dejecto
3132 1926 3337 1992 animo,
3385 1934 3444 1980 ut
3499 1927 3638 1982 nihil

328 2017 476 2084 νοῦν,
509 2017 583 2082 ὡς
609 2016 851 2086 ὲλλεῖψαι
891 2016 1059 2087 μηδὲν
1090 2015 1200 2069 τῶν
1240 2016 1539 2069 τελούντων
1580 2019 1660 2080 εἰς
1696 2017 1935 2069 ἀνάπαυ-

331 2127 416 2164 σιν
466 2110 691 2173 αῦτοῖς·
731 2108 1120 2179 τιθηνούμενοι
1177 2108 1235 2160 δὲ
1279 2107 1441 2174 οῦτω,
1498 2108 1655 2177 φησι,
1707 2111 1802 2162 καὶ
1847 2108 1934 2161 διὰ

329 2204 516 2274 πάσης
560 2204 730 2265 ἰόντες
773 2198 990 2270 φειδοῦς
1043 2199 1140 2253 καὶ
1185 2198 1432 2270 ἀγάπης,
1492 2197 1691 2268 ὄψεσθέ
1740 2215 1800 2251 τε
1846 2198 1935 2252 διὰ

330 2288 554 2362 καιροῦ,
585 2291 681 2342 καὶ
708 2287 806 2360 τὴν
835 2289 949 2343 ἄνω
975 2286 1130 2339 πόλιν
1153 2287 1254 2358 τὴν
1294 2287 1620 2358 ἐπουράνιον
1661 2287 1933 2357 Ἰερουσα-

329 2383 464 2451 λήμ·
515 2379 896 2452 πλησθήσεσθε
946 2378 1234 2450 θυμηδίας,
1281 2379 1375 2432 καὶ
1407 2377 1483 2442 ὡς
1512 2381 1570 2432 ὲν
1604 2377 1934 2442 τάξειξίπόας

330 2473 666 2542 ἀναθαλήσει
713 2473 784 2527 τὰ
830 2473 1050 2526 πάντων
1086 2471 1243 2542 ὑμῶν
1287 2470 1440 2528 όστᾶ.
1509 2469 1933 2543 Ἐγερθήσονται

329 2566 442 2638 γὰρ
479 2567 530 2618 οἱ
555 2565 764 2634 νεκροὶ,
786 2565 883 2618 καὶ
909 2565 1308 2636 ἀναστήσονται
1336 2567 1384 2618 οἱ
1409 2566 1467 2618 ὲν
1487 2566 1600 2627 τοῖς
1623 2563 1930 2634 μνημείοις,

329 2657 430 2728 τὴν
465 2656 620 2728 παρά
653 2655 893 2728 Χριστοῦ
948 2655 1352 2728 πλουτήσαντες
1397 2656 1612 2729 δρόσον,
1658 2656 1930 2724 τουτέστι,

329 2750 394 2804 τὸ
441 2749 664 2822 πνεῦμα
716 2749 780 2803 τὸ
824 2748 1127 2814 ζωοποιόν·
1188 2749 1332 2804 οὕτω
1385 2750 1496 2822 γάρ
1531 2749 1634 2805 πού
1686 2767 1852 2821 φησιν
1907 2751 1936 2804 ὁ

333 2840 564 2899 1ι”ιειλλων
597 2840 738 2912 πρὸς
790 2841 884 2894 τὸν
922 2840 1056 2914 Θεὸν
1095 2841 1226 2913 περὶ
1265 2841 1376 2896 τῶν
1429 2841 1488 2896 ὲν
1527 2845 1599 2914 γῇ
1639 2842 1933 2913 κειμένωνο

337 2954 356 2986 ι
379 2933 797 3000 Ἐξαποστελεῖς
815 2933 876 2987 τὸ
892 2932 1028 2987 πνεῦ
1044 2932 1128 3006 μά
1156 2950 1276 2998 σου,
1294 2933 1389 2988 καὶ
1413 2935 1822 3004 κτισθήσονται,
1841 2933 1937 2987 καὶ

328 3026 665 3090 ἀνακαινιεῖς
686 3025 747 3079 τὸ
771 3025 1066 3098 πρόσωπον
1100 3026 1202 3094 τῆς
1216 3026 1341 3097 γῆς.
1364 3045 1384 3078 ›
1420 3025 1632 3100 Ὥσπερ
1670 3021 1763 3080 οῦν
1788 3026 1857 3079 τά
1879 3026 1936 3080 ὲν

329 3113 526 3190 ἀγροῖς
558 3118 875 3189 ἀνθήσαντα
907 3119 1048 3191 μετὰ
1083 3118 1257 3192 βραχὺ
1288 3119 1500 3184 πίπτει,
1550 3120 1644 3172 καὶ
1675 3119 1936 3192 μαραίνεο

330 3229 421 3266 ται
451 3210 671 3285 ἑαρινοῦ
699 3229 760 3280 γε
809 3211 914 3283 μὴν
946 3213 1237 3276 ἐνστάντος
1268 3213 1487 3285 καιροῦ,
1519 3213 1682 3267 πάλιν
1702 3213 1934 3284 ἀνίσχει*

2038 2015 2148 2069 illis
2170 2015 2310 2068 desit
2344 2014 2410 2068 ad
2445 2016 2768 2084 requietem.
2796 2015 2888 2072 Sic
2915 2019 3220 2082 nutriti,sic
3236 2020 3382 2072 onini
3415 2020 3637 2074 miseri-

2036 2108 2221 2162 cordia
2250 2118 2304 2160 et
2324 2108 2591 2163 charitate
2628 2110 2868 2176 tractati,
2891 2109 3148 2166 videbitis
3182 2111 3349 2182 915
3370 2123 3636 2184 tempore,

2036 2214 2347 2267 supremam
2373 2200 2539 2254 etiam
2566 2201 2845 2256 civitatem
2871 2203 3151 2259 ccelestem
3208 2204 3530 2270 Jerusalem,
3585 2217 3642 2260 et

2036 2290 2761 2362 complebiminivoluptate,
2792 2304 2850 2348 et
2876 2295 3034 2363 quasi
3069 2297 3268 2360 herba,
3313 2299 3498 2352 omnia
3538 2313 3638 2353 ve-

2035 2393 2146 2438 stra
2169 2397 2295 2438 ossa
2332 2383 2706 2440 reﬂoresceut.
2762 2387 3162 2443 Excitabuutur
3201 2390 3346 2444 enim
3405 2391 3637 2459 mortui,

2035 2483 2088 2529 et
2119 2475 2516 2545 resurgentqui
2584 2476 2637 2530 in
2692 2478 3066 2531 monumentis
3107 2487 3272 2544 sunt,
3325 2478 3636 2549 locupletati

2035 2580 2134 2637 per
2165 2566 2444 2621 Christum
2465 2581 2612 2633 rore,
2647 2567 2700 2622 id
2725 2578 2832 2633 est,
2865 2568 3062 2637 spiritu
3100 2569 3338 2624 vivillco.
3380 2569 3473 2625 Sic
3490 2574 3636 2626 enim

2037 2658 2170 2713 dicit
2188 2657 2281 2724 qui
2310 2657 2377 2714 ad
2404 2660 2571 2713 Deum
2596 2658 2796 2730 psallit,
2823 2659 2894 2716 de
2921 2661 3008 2716 his
3032 2662 3124 2731 qui
3155 2664 3209 2716 in
3235 2671 3380 2716 terra
3400 2661 3583 2732 jacent
3619 2681 3634 2718 :

2043 2767 2064 2802 ι
2092 2749 2327 2805 Emitles
2393 2751 2644 2820 spiritum
2679 2761 2863 2820 tuum,
2897 2762 2954 2808 et
2983 2755 3337 2822 creabuntur,
3371 2763 3426 2810 et
3478 2770 3639 2812 reno-

2039 2843 2188 2898 vabis
2223 2841 2418 2897 faciem
2463 2853 2625 2899 terra:
2657 2844 2702 2898 ⁸.
2740 2864 2760 2898 ι
2795 2844 3029 2901 Perinde
3075 2846 3262 2916 igitur,
3303 2857 3362 2902 ut
3399 2862 3520 2918 quae
3580 2847 3638 2903 in

2038 2933 2183 3004 agris
2211 2933 2535 3002 ﬂoruerunt,
2570 2936 2732 3007 paulo
2771 2947 2892 3008 post
2918 2939 3176 2996 occidunt
3197 2950 3250 2994 et
3269 2949 3636 3004 marcescunt,

2037 3041 2210 3082 verno
2237 3038 2420 3083 autem
2454 3036 2699 3099 tempore
2730 3029 2990 3096 instante,
3055 3046 3246 3086 rursus
3287 3032 3538 3086 oriuntur
3584 3040 3640 3086 et

2039 3127 2304 3187 apparent
2330 3133 2344 3171 :
2377 3118 2457 3174 sic
2486 3118 2730 3188 reliquiae
2762 3131 3100 3174 mortuorum
3123 3121 3175 3174 in
3205 3129 3373 3186 terra,
3396 3130 3639 3188 tempore

2043 3210 2480 3278 regenerationis
2508 3210 3032 3274 aeinstauratiouis,
3089 3207 3345 3266 ineffabili
3396 3211 3635 3280 potentia

330 3304 428 3359 καὶ
489 3281 766 3373 φαίνεταυ
805 3281 951 3356 οὕτω
1005 3303 1074 3358 τὰ
1123 3306 1181 3358 ὲν
1237 3308 1302 3377 τῇ
1353 3281 1424 3377 γῇ
1473 3306 1582 3360 τῶν
1627 3281 1935 3359 τεθνεώτων

2041 3298 2136 3353 Dei
2162 3314 2354 3354 rursus
2384 3301 2721 3354 exorientur.
2758 3301 3162 3355 Excitabnntur
3186 3301 3357 3364 enim,
3385 3303 3461 3355 uti
3499 3302 3634 3357 dixi.

330 3396 588 3466 λείψανα,
621 3394 764 3450 κατὰ
791 3394 883 3449 τὸν
902 3396 1002 3466 τῆς
1022 3395 1456 3465 παλιγγενεσίας
1482 3398 1676 3468 καιρὸν
1711 3399 1936 3469 ἀρρήτῳ

329 3489 563 3559 δυνάμει
622 3487 760 3542 Θεοῦ
837 3487 1001 3542 πάλιν
1047 3487 1421 3542 ἀνατελοῦσιν.
1513 3489 1936 3560 Ἐγερθήσονται

332 3581 469 3652 γὰρ,
500 3581 578 3645 ὼς
617 3580 774 3651 ἔφην.
842 3599 860 3630 ι
882 3578 1014 3632 Τότε
1065 3579 1155 3650 δὴ,
1191 3580 1313 3632 τότε
1341 3580 1718 3651 γνωσθήσεται
1749 3583 1781 3652 ἡ
1814 3582 1936 3651 χεὶρ

335 3673 546 3745 Κυρίου
593 3675 706 3735 τοῖς
733 3671 1048 3741 σεϐομένοις
1081 3672 1264 3725 αὐτόν.
1300 3692 1320 3725 s
1371 3673 1548 3744 Χεῖρά
1599 3690 1664 3740 γε
1717 3673 1823 3744 μὴν
1877 3676 1937 3726 ὲν

334 3768 573 3830 τούτοις,
611 3767 642 3836 ἢ
679 3765 779 3834 τὴν
806 3765 1037 3835 δύναμιν
1064 3766 1230 3819 αὑτοῦ
1260 3784 1448 3837 φησιν,
1498 3767 1666 3837 ἤγουν
1691 3767 1784 3821 τὸν
1820 3767 1938 3822 Κύ-

338 3877 455 3932 ριον
481 3858 640 3931 ἡμῶν
679 3857 889 3928 Ἰησοῦν
922 3858 1012 3911 τὸν
1044 3859 1303 3929 Χριστὸν,
1338 3860 1406 3914 δι’
1429 3853 1490 3912 οῦ
1515 3860 1583 3914 τὰ
1611 3861 1811 3924 πάντα,
1845 3861 1939 3915 καὶ

335 3951 396 4004 ὲν
428 3943 472 4018 ᾧ
499 3950 570 4003 τὰ
595 3949 792 4004 πάντα.
814 3949 896 4001 Δι’
919 3947 1084 4002 αὑτοῦ
1113 3948 1222 4020 γὰρ
1244 3949 1410 4004 πάλιν
1434 3950 1528 4003 καὶ
1552 3950 1710 4021 ἡτῶν
1728 3950 1939 4022 νεκρῶν

334 4040 657 4103 ἁναϐίωσις.
706 4039 1084 4110 Ἀποτέλεσμα
1127 4040 1238 4110 γὰρ
1284 4042 1386 4110 τῆς
1427 4041 1594 4096 αὑτοῦ
1653 4040 1939 4110 δυνάμεως

336 4134 422 4205 εῐη
455 4133 543 4198 ἂν,
579 4131 676 4186 καὶ
719 4130 780 4184 τὸ
833 4130 1051 4201 ἰσχύσαι
1086 4135 1449 4204 παρενεγκεῖν
1477 4133 1558 4193 εἰς
1589 4131 1827 4203 ὓπαρξιν
1867 4133 1938 4187 τὰ

334 4226 438 4280 οὐκ
457 4225 588 4278 ὅντα
620 4223 772 4286 ποτὲ,
806 4222 902 4277 καὶ
934 4222 1242 4278 πεπονθότα
1282 4224 1383 4296 τὴν
1416 4223 1648 4295 φθορὰν,
1705 4225 1935 4279 ἀνακαι-

335 4314 481 4368 νίσαι
514 4313 677 4366 πάλιν
716 4314 795 4375 εἰς
823 4313 885 4366 τὸ
919 4314 980 4367 ὲν
1005 4313 1224 4384 ἀρχαῖς.

408 4408 520 4463 Kal
557 4407 878 4476 ἀπειλήσει
912 4408 1040 4474 τοῖς
1071 4409 1461 4463 ἀπειθοῦσιν·
1508 4409 1654 4464 Ἰδοὺ
1686 4413 1796 4482 γὰρ
1824 4413 1940 4467 Κύ-

2046 3407 2065 3440 ι
2110 3387 2285 3453 Tunc,
2317 3397 2446 3442 tunc
2481 3388 2785 3443 innotescet
2821 3406 3010 3444 manus
3063 3389 3275 3444 Domini
3334 3389 3638 3446 colentibus

2039 3492 2229 3534 eum.»
2270 3478 2600 3534 Manumhic
2642 3490 2818 3542 vocat,
2857 3480 2939 3533 vel
2987 3479 3285 3547 potentiam
3331 3494 3506 3544 suam,
3553 3480 3639 3535 vel

2039 3571 2329 3626 Dominum
2357 3580 2602 3625 nostrum
2637 3569 2822 3626 Jesum
2855 3570 3153 3636 Christum,
3198 3585 3296 3640 per
3330 3585 3488 3639 quem
3516 3586 3636 3626 om-

2040 3664 2153 3726 nia,
2186 3672 2243 3717 et
2275 3664 2326 3717 in
2360 3677 2468 3732 quo
2489 3664 2674 3718 omnia
2695 3664 2738 3715 ³.
2767 3662 2874 3718 Per
2897 3663 3046 3716 illum
3100 3664 3248 3717 enim
3302 3679 3490 3716 rursus
3553 3675 3638 3718 est

2040 3758 2393 3812 resuscitatio
2434 3769 2798 3812 mortuorum.
2877 3755 2990 3810 Hoc
3037 3763 3122 3809 est
3194 3757 3338 3811 enim
3382 3757 3639 3826 potentia:

2040 3851 2158 3922 ejus
2181 3867 2287 3906 non
2322 3851 2740 3917 leveindicium,
2764 3863 2923 3919 posse
2965 3857 3022 3903 et
3054 3847 3110 3902 in
3175 3847 3348 3903 lucem
3394 3847 3641 3918 proferre

2040 3961 2163 4018 quae
2214 3945 2508 4016 aliquando
2563 3960 2670 4000 non
2718 3951 2896 4007 erant,
2966 3949 3021 3995 et
3090 3956 3212 4010 quin
3289 3956 3447 4010 passa
3510 3954 3640 3996 sunt

2040 4038 2446 4106 corruptionem
2522 4045 2859 4100 restaurare,
2935 4033 3010 4088 ita
3058 4041 3119 4086 ut
3171 4034 3240 4087 ab
3310 4031 3468 4087 initio
3515 4031 3634 4087 fue-

2039 4137 2186 4184 runt.

2112 4407 2282 4464 Vens.
2311 4405 2495 4464 15-17.
2519 4405 2588 4460 Et
2642 4406 2937 4460 minabitur
2995 4406 3394 4460 contumacibus
3419 4422 3438 4460 :
3496 4405 3636 4462 Ecce

326 4521 463 4572 ριος
505 4502 583 4568 ὠς
627 4500 749 4569 πῦρ
790 4500 945 4569 ἣξει,
983 4501 1084 4557 καὶ
1128 4501 1210 4567 ὡς
1262 4502 1534 4573 καταιγὶς
1582 4503 1657 4558 τὰ
1705 4503 1935 4574 ἅρματα

2039 4502 2178 4556 enim
2209 4500 2470 4553 Dominus
2496 4499 2652 4568 quasi
2677 4498 2814 4568 ignis
2846 4499 3035 4566 veniet,
3075 4509 3123 4552 et
3161 4499 3313 4565 quasi
3359 4508 3634 4568 tempestas

334 4593 545 4660 αὐτοῦ,
602 4595 709 4649 τοῦ
755 4593 1090 4648 ἀποδοῦναι
1126 4595 1196 4647 ὲν
1227 4594 1394 4664 θυμῷ
1434 4595 1773 4666 ἐκδίκησιν,
1837 4596 1935 4650 καὶ

2044 4608 2231 4648 currus
2264 4591 2402 4660 ejus,
2442 4602 2497 4645 ut
2528 4591 2710 4644 reddat
2775 4591 2831 4644 in
2862 4589 3045 4658 furore
3071 4591 3345 4655 ultionem,
3379 4599 3427 4644 et
3461 4590 3636 4646 incre-

333 4685 875 4757 ἀποσκορακισμὸν
927 4686 998 4739 ἐν
1051 4687 1232 4756 φλογὶ
1285 4688 1496 4757 πυρός.
1547 4691 1652 4744 Ἐν
1690 4690 1803 4759 γὰρ
1855 4689 1935 4757 τῷ

2041 4683 2780 4757 pationeminﬂammaignis.
2801 4683 2941 4737 Nam
2977 4683 3033 4737 in
3047 4685 3164 4753 igne
3181 4681 3393 4736 Domini
3416 4683 3634 4752 judica-

335 4779 480 4848 πυρὶ
541 4779 768 4848 Κυρίου
799 4778 1147 4847 κριθήσεται
1191 4777 1362 4832 πᾶσα
1408 4781 1446 4848 ἠ
1488 4779 1588 4849 τῆ,
1631 4782 1730 4835 καὶ
1761 4782 1831 4836 ἐν
1859 4781 1936 4852 τῇ

329 4870 600 4940 ῥομφαίᾳ
637 4869 826 4924 αὐτοῦ
880 4867 1052 4924 πᾶσα
1097 4868 1286 4937 σάρξ·
1329 4872 1548 4926 πολλοὶ
1581 4876 1933 4943 τραυματίαι

335 4960 582 5013 ἔσονται
619 4959 741 5014 ὑπὸ
779 4960 1025 5027 Κυρίου,
1058 4962 1113 5012 ol
1147 4959 1515 5029 ἁγνιζόμενοι
1557 4963 1656 5016 καὶ
1696 4968 1933 5033 καθαριο

337 5051 566 5121 ζόμενοι
614 5051 702 5114 εὶς
741 5049 885 5115 τοὺς
915 5051 1171 5118 κήπους,
1208 5051 1303 5104 καὶ
1338 5053 1408 5105 ἐν
1438 5051 1562 5120 τοῖς
1612 5060 1932 5126 προθύροις

336 5146 626 5208 ἔσθοντες
667 5141 814 5210 κρέα
855 5141 982 5195 ὑῶν
1016 5143 1116 5197 καὶ
1145 5145 1218 5198 τὰ
1245 5143 1643 5214 βδελύγματα
1678 5148 1776 5201 καὶ
1832 5150 1940 5202 τὸν

337 5237 487 5307 μῦν,
513 5237 610 5290 ἐπὶ
647 5235 715 5290 τὸ
748 5233 897 5289 αὐτὸ
938 5235 1459 5305 ἀναλωθήσονται,
1517 5235 1648 5294 εἷπε
1700 5243 1936 5310 Κύριος.

338 5328 512 5397 Κάγὼ
557 5327 630 5382 τὰ
676 5327 820 5396 ἔργα
884 5325 1085 5379 αὐτῶν
1132 5327 1231 5382 καὶ
1277 5328 1384 5382 τὸν
1415 5332 1708 5401 ,λογισμὸν
1743 5333 1938 5388 αὐτῶν

335 5419 685 5488 ἐπίσταμαι.

421 5509 818 5581 ’Λποχρὼντως
853 5509 1247 5580 παρακαλέσας
1284 5514 1412 5578 τοὺς
1443 5515 1501 5571 ὲν
1545 5519 1610 5588 τῇ
1642 5518 1741 5590 νέᾳ⁴
1774 5518 1936 5585 Σιὼν,

335 5602 609 5668 τουτέστι,
657 5605 724 5675 τῇ
797 5602 1122 5675 Ἐκκλησίᾳ,
1163 5605 1256 5658 καὶ
1298 5606 1700 5681 διαρκεστάτην
1755 5613 1939 5676 αὐτοῖς

336 5695 812 5768 ἐπαγγειλάμενος
843 5697 944 5769 τὴν
980 5696 1331 5769 παράκλησιν
1353 5738 1369 5764 ,
1415 5699 1509 5754 καὶ
1549 5703 1937 5772 πνευματικῶν

317 5899 340 5916 .-
419 5869 442 5906 ⁸
464 5869 610 5928 Psal.
638 5889 752 5942 cm,
785 5875 872 5931 '50.
951 5874 972 5905 ’
1000 5874 1020 5930 l
1049 5874 1177 5932 Cor.
1211 5889 1328 5943 vm,
1356 5874 1410 5930 6.

2044 4781 2184 4833 bitur
2211 4779 2378 4832 omnis
2396 4788 2559 4842 terra,
2590 4776 2710 4829 etin
2727 4775 2904 4844 gladio
2936 4776 3284 4845 ipsiusomnt's
3313 4792 3458 4830 caro.
3488 4775 3634 4831 Mul-

2042 4873 2080 4925 ti
2105 4871 2368 4924 vulnerati
2418 4878 2629 4922 erunta
2671 4867 2927 4922 Domino.
2980 4867 3086 4932 Qui
3139 4867 3510 4935 puriﬁcantur,
3583 4879 3632 4922 et

2043 4961 2374 5014 mundantur
2400 4961 2456 5013 in
2515 4959 2707 5024 ltortis,
2739 4969 2788 5012 et
2847 4959 2902 5012 in
2953 4957 3242 5024 liminibus,
3305 4959 3632 5013 comedentes

2039 5069 2251 5106 carnem
2277 5052 2511 5117 suillam,
2547 5064 2596 5104 et
2647 5049 3088 5113 abominationes,
3119 5061 3164 5103 et
3201 5066 3421 5112 murem,
3471 5051 3630 5103 simul

2038 5155 2432 5211 consumentur,
2465 5143 2602 5196 dixit
2635 5141 2914 5194 Dominus.
2955 5139 3064 5211 Ego
3103 5158 3223 5196 vero
3269 5158 3426 5211 opera
3448 5158 3629 5195 eorum

2038 5245 2084 5288 et
2113 5235 2480 5306 cogitationem
2509 5249 2687 5289 eorum
2734 5232 2863 5284 scio.

2111 5518 2334 5575 Abunde
2374 5519 2691 5574 consolatus
2719 5531 2814 5571 eos
2869 5516 2962 5586 qui
2995 5515 3050 5568 in
3090 5527 3228 5568 nova
3259 5509 3412 5574 Sion,
3445 5508 3498 5562 id
3522 5517 3628 5573 est,

2038 5612 2306 5678 Ecclesia,
2353 5621 2406 5667 et
2439 5611 2909 5666 aﬂlueutissimam
2936 5604 3361 5662 consolationem
3396 5616 3458 5655 nc
3512 5601 3640 5671 δρᾶ-τ

2039 5704 2314 5759 ritualium
2351 5702 2616 5758 bonorum
2649 5701 2954 5758 subsidium
2982 5696 3276 5770 pollicitus,
3328 5703 3376 5748 et
3406 5702 3631 5763 praeter"
