4140 6472
534 420 553 473 l
566 420 672 476 4.33

1525 417 1585 475 S.
1627 417 1902 474 CYRILLI
1939 415 2420 473 ALEXANDRINI
2461 412 2785 470 ABCHIEP.

3676 411 3823 466 HM

529 554 593 594 ea
652 537 1119 594 resuscitationetn
1184 536 1487 604 emortuis,
1533 545 1585 592 et
1636 553 1922 608 supremas
1947 539 2120 602 sedes,

2231 535 2452 605 ἀγαθῶν
2479 531 2766 605 χορηγίαν,
2797 529 2879 584 ἔτι
2907 547 2967 582 τε
2988 529 3123 600 πρὸς
3153 527 3363 592 τούτοις
3390 526 3488 599 τὴν
3517 528 3584 580 ὲκ
3613 528 3824 598 νεκρῶν

531 642 596 681 ac
625 642 742 696 qua:
772 627 843 681 ibi
873 635 977 692 est,
1001 626 1228 695 gloriam
1259 643 1361 681 non
1386 627 1604 696 impune
1627 627 1744 683 fore
1765 627 1901 683 dicit
1935 629 2121 684 inobe-

530 718 800 774 dientilras
836 718 939 772 hoc
965 719 1140 772 audax
1163 729 1351 773 contra
1377 719 1496 774 illos
1521 720 1854 776 institutum.
1918 719 2120 776 Veniet

533 811 702 874 enim,
744 810 937 878 inquit,
993 811 1146 878 quasi
1171 810 1334 880 ignis.
1376 809 1684 866 Descendet
1711 827 1944 880 namque
1965 813 2120 866 caeli-

533 912 620 955 tus
646 903 697 956 in
721 902 888 972 gloria
920 901 1098 958 Patris
1118 903 1200 956 sui
1227 917 1348 955 cum
1367 903 1569 957 sanctis
1598 904 1821 972 angelis.
1849 903 1947 958 llic
1976 905 2119 958 enim

532 1000 616 1047 est
642 1009 834 1047 currus
858 993 1000 1064 ejus,
1033 994 1189 1049 sicuti
1219 1005 1272 1048 et
1299 994 1352 1049 in
1377 994 1607 1050 Psalmis
1638 996 1966 1049 celebratum
1993 1005 2076 1050 est
2104 1013 2118 1049 :

538 1099 557 1134 ι
597 1082 804 1137 Currus
830 1083 923 1137 Dei
954 1084 1140 1138 decem
1197 1084 1434 1139 millibus
1475 1085 1779 1154 multiplex,
1811 1085 1976 1138 millia
2026 1085 2121 1140 la:-

535 1175 762 1229 tantiutn
791 1176 856 1229 '°.
900 1195 919 1228 ι
959 1175 1148 1231 Veniet
1175 1185 1357 1232 autem
1391 1177 1704 1233 redditurus
1742 1179 2005 1233 ultionem
2065 1179 2119 1233 in

533 1264 738 1334 furore,
763 1275 817 1321 et
872 1267 1297 1338 increpationem
1354 1268 1408 1322 in
1455 1267 1673 1323 ﬂamma
1733 1272 1891 1340 ignis.
1956 1270 2124 1340 916

533 1354 838 1426 lncrepatio
865 1359 1087 1414 denotat
1110 1361 1492 1430 abjectionem.
1526 1359 1680 1415 Dicet
1709 1362 1852 1416 enim
1889 1362 1973 1416 his
2025 1363 2119 1431 qui

537 1449 590 1502 in
615 1451 852 1515 peccatis
884 1453 1077 1505 mortui
1109 1463 1268 1506 sunt:
1306 1453 1608 1507 «Discedite
1641 1469 1668 1506 a
1698 1468 1803 1516 me,
1825 1453 2118 1520 maledicti,

536 1543 592 1595 in
632 1543 808 1609 ignem
844 1554 1128 1606 aeternum,
1154 1547 1244 1612 qui
1283 1554 1617 1614 praeparatus
1648 1555 1732 1600 cst
1778 1546 1995 1601 diabolo
2065 1555 2120 1601 et

537 1635 742 1703 angelis
769 1635 886 1704 ejus
917 1636 982 1686 “.
1025 1655 1044 1688 ι
1084 1635 1428 1692 Judicabitur
1481 1637 1650 1704 enim,
1683 1637 1880 1707 inquit,
1945 1640 2123 1695 omnis

539 1734 704 1788 terra,
730 1736 784 1780 et
813 1737 1065 1796 tanquam
1103 1729 1282 1797 gladio
1305 1728 1503 1781 divina!
1528 1727 1621 1782 ira:
1645 1731 1912 1798 percussi,
1969 1730 2122 1786 multi

2231 627 2554 688 ἀναδίωσιν,
2589 625 2684 678 καλ⁴
2707 624 2806 686 τᾶς
2837 621 2950 676 ἄνω
2973 621 3160 692 μονὰς,
3199 620 3294 674 καὶ
3321 619 3420 690 τὴν
3449 618 3636 674 αὐτόθι
3665 620 3824 684 δόξαν

2228 720 2328 772 οὑκ
2379 719 2616 788 ἀζήμιον
2650 713 2868 768 ἔσεσθαί
2912 730 3045 784 φησι
3090 714 3205 776 τοῖς
3245 711 3496 764 ἀπειθεῖν
3545 710 3824 780 ἑλομένοις

2228 809 2378 880 αὑτῷ
2406 808 2468 862 τὸ
2505 808 2598 860 ἐπὶ
2627 806 2836 869 τούτοις
2880 805 3208 875 ἐγχείρημα.
3241 801 3400 867 ’Ἥξει
3421 802 3533 871 γὰρ
3563 802 3639 864 ὡς
3683 801 3820 870 πῦρ,

2230 899 2363 970 φησί
2385 914 2398 927 ⁸
2437 898 2809 968 καταδήσεται
2840 895 2949 963 γὰρ
2983 894 3042 960 ἐξ
3069 895 3336 966 οὐρανῶν,
3373 895 3430 946 ὲν
3456 896 3523 964 τῇ
3566 893 3690 964 δόξῃ
3727 891 3822 944 τοῦ

2229 991 2445 1061 Πατρὸς
2480 990 2644 1044 αὑτοῦ
2689 989 2826 1061 μετὰ
2859 989 2967 1042 τῶν
3004 989 3178 1057 ἁγίων
3217 987 3484 1056 ἀγγέλων.
3514 986 3684 1039 Τοῦτο
3714 985 3822 1056 γὰρ

2227 1084 2289 1136 τὸ
2343 1084 2498 1154 ἆρμα
2545 1081 2731 1144 αὑτοῦ,
2771 1082 2915 1134 κατὰ
2963 1082 3024 1133 τδ
3077 1082 3134 1132 ἐν
3181 1080 3432 1150 Ψαλμοῖς
3463 1078 3819 1150 ὑμνούμενον,

2234 1193 2253 1226 ι
2283 1174 2356 1227 Τὸ
2394 1175 2548 1244 ἅρμα
2585 1172 2680 1226 τοῦ
2724 1171 2860 1226 Θεοῦ
2914 1170 3331 1242 μυριοπλάσιον,
3383 1169 3621 1238 χιλιάδες
3659 1167 3820 1236 εὐθη-

2229 1269 2484 1322 νούντων.
2518 1285 2537 1317 ι
2593 1265 2751 1330 Ἥξει
2798 1265 2857 1318 δὲ
2895 1263 3190 1318 ἀποδώσων
3227 1262 3504 1330 ἐκδίκησιν
3545 1264 3604 1313 ὲν
3642 1259 3820 1328 θυμῷ,

2229 1360 2324 1413 καὶ
2349 1359 2836 1430 ἀποσκορακισμὸν
2871 1359 2928 1409 ὲν
2961 1357 3120 1424 φλογὶ¹
3159 1355 3352 1425 πυρός.
3395 1355 3451 1406 ’0
3488 1351 3546 1404 δὲ
3580 1353 3821 1404 ἀποσκο-

2233 1454 2500 1525 ρακισμὸς
2529 1451 2680 1522 δηλοῖ
2703 1450 2800 1521 τὴν
2829 1449 3104 1520 ἀποϐολήν
3126 1465 3138 1478 ·
3172 1450 3289 1518 ὲρεῖ
3310 1447 3419 1517 γὰρ
3448 1448 3560 1508 τοῖς
3591 1443 3822 1496 τεθνεῶ-

2231 1563 2315 1599 σιν
2363 1547 2421 1598 ὲν
2461 1543 2781 1614 ἁμαρτίαιςσ
2839 1561 2857 1592 ι
2882 1539 3189 1613 Πορεύεσθε
3247 1538 3342 1590 ἀπ’
3378 1534 3512 1606 ἐμοῦ
3536 1577 3550 1601 ,
3581 1549 3822 1604 κατηρα-

2234 1641 2408 1712 μένοι,
2435 1641 2514 1701 εἰς
2533 1637 2594 1689 τὸ
2621 1635 2733 1706 πῦρ
2755 1635 2814 1687 τὸ
2834 1633 3074 1694 αίώνιον,
3102 1632 3164 1684 τὸ
3179 1629 3583 1702 ἡτοιμασμένον
3607 1625 3684 1696 τῷ
3704 1627 3820 1678 δια⁸

2233 1733 2374 1803 δόλῳ
2455 1732 2550 1785 καὶ
2601 1732 2713 1792 τοῖς
2763 1727 3012 1795 ἀγγέλοις
3055 1725 3295 1778 αὐτοῦ’»
3350 1721 3670 1792 κριθήσεται
3715 1717 3824 1786 γὰρ

537 1817 986 1872 vulnerabuntur.
1020 1818 1082 1873 Hi
1119 1819 1337 1873 demum
1369 1831 1498 1875 sunt
1543 1821 1633 1890 qui
1673 1835 1861 1890 poenas
1883 1825 2120 1892 pendunt

2229 1822 2394 1889 οὑτω,
2438 1821 2626 1891 φησὶν,
2657 1822 2690 1890 ἡ
2728 1819 2993 1888 σύμπασα
3026 1818 3119 1886 γῆ,
3162 1815 3256 1869 καὶ
3282 1815 3476 1885 ὥσπερ
3518 1811 3626 1867 ἀπὸ
3687 1813 3821 1884 ῥομ-

539 1908 900 1974 inevitabiles,
923 1920 978 1964 et
1008 1911 1060 1964 in
1107 1908 1381 1965 ﬂammam
1434 1923 1664 1967 currunt
1717 1916 2119 1982 inexstinctam,

2227 1914 2393 1982 φαίας
2426 1913 2524 1982 τῆς
2553 1912 2705 1974 θείας
2732 1910 2906 1981 ὀργῆς
2935 1909 3242 1979 πληγέντες
3275 1907 3462 1960 πολλοὶ
3487 1903 3822 1976 τραυματίαι

537 1999 854 2066 catenisque
885 2013 1107 2054 suorum
1145 2009 1492 2070 peccatorum
1522 2002 1826 2068 constricti,
1886 2005 2120 2056 maxime

2229 2011 2570 2080 γενήσονται.
2610 2001 2770 2060 Οὗτοι
2801 2005 2845 2057 δ’
2881 2005 2949 2058 ἂν
2998 1999 3107 2056 εἷεν
3149 2006 3197 2057 οἱ
3243 2003 3341 2073 τὴν
3383 2001 3624 2071 ἄφυκτον
3667 1998 3822 2068 δεχό-

536 2102 667 2142 vero
698 2088 929 2142 aliorum
959 2090 1316 2159 subjicientur
1344 2089 1629 2159 supplicio,
1668 2090 1865 2160 inquit,
1924 2092 2128 2157 expiati

536 2190 592 2234 et
621 2182 831 2250 purgati
881 2182 933 2235 in
960 2183 1152 2247 hortis,
1185 2183 1236 2236 id
1271 2191 1375 2247 est,
1415 2183 1725 2253 rejicientes
1788 2183 2119 2253 redemptio-

539 2288 662 2328 nem
704 2289 798 2343 per
851 2273 1150 2337 Christum,
1183 2283 1238 2328 et
1296 2284 1705 2329 contemnentes
1755 2277 1986 2345 gratiam
2035 2290 2129 2344 per

535 2377 944 2421 sacrosanctum
1004 2366 1319 2434 baptisma,
1379 2380 1498 2433 qua:
1547 2366 1812 2434 justiﬁeat
1873 2368 2122 2434 impium,

534 2455 793 2526 omnique
850 2464 1032 2510 errato
1093 2454 1331 2509 absolvit
1384 2456 1624 2524 peccatis
1684 2467 2112 2526 conspurcatos,

535 2556 786 2602 amantes
832 2547 1062 2615 denique
1130 2547 1184 2602 in
1236 2559 1425 2600 errore
1477 2547 1656 2614 potius
1694 2557 1750 2603 et
1811 2549 2121 2619 ignorantia

537 2641 764 2704 versari,
793 2648 848 2694 et
878 2656 984 2694 non
1019 2640 1149 2694 deos
1215 2640 1464 2706 adorare,
1515 2640 1607 2709 qui
1654 2641 1819 2695 etiam
1872 2641 1954 2696 usi
2002 2650 2128 2697 sunt

535 2733 948 2788 lustrationibus
1019 2733 1245 2802 impuris
1323 2741 1378 2787 et
1437 2733 1753 2790 immundis.
1825 2734 2126 2804 Expiantur

534 2825 680 2878 enim
708 2831 768 2877 ut
819 2823 1152 2888 existimant,
1207 2837 1328 2876 cum
1385 2836 1512 2890 erga
1563 2823 1768 2892 seipsos
1818 2821 2121 2891 falluntur;

535 2916 618 2971 vel
647 2915 792 2970 enim
820 2914 1250 2985 aspergebantur
1274 2915 1450 2983 aquis,
1489 2914 1572 2968 vel
1600 2913 1751 2970 taces
1775 2915 1957 2985 igneas
2004 2927 2125 2970 tan-

535 3024 696 3078 quam
726 3009 780 3062 iu
812 3009 1001 3062 orbem
1031 3006 1500 3073 circumferentes,
1540 3009 1752 3062 animas
1786 3022 1915 3062 suas
1965 3007 2124 3064 vitio-

537 3115 657 3154 rum
695 3097 1124 3168 inquinamentis
1159 3095 1392 3152 itedatas
1415 3097 1736 3166 abstergere
1764 3111 1822 3151 se
1838 3097 2119 3166 putabant.

537 3193 692 3260 Quod
754 3201 936 3246 autem
1005 3189 1324 3244 munditiem
1373 3203 1588 3242 omnem
1650 3203 1714 3244 ac
1795 3189 2118 3256 probitatem

2237 2119 2390 2173 μενοι
2417 2100 2596 2168 δίκην,
2629 2100 2725 2152 καὶ¹
2758 2100 2838 2161 είς
2871 2096 3138 2151 ἄσϐεστον
3167 2095 3456 2166 τρέχοντες
3499 2093 3694 2162 φλόγα,
3727 2089 3823 2144 καὶ

2229 2194 2438 2264 σειραῖς
2470 2190 2581 2244 τῶν
2627 2189 2774 2244 ἰδίων
2818 2187 3310 2259 πλημμελημάτων
3346 2185 3774 2255 κατεσφιγμένοι
3801 2198 3819 2214 ⁶

2231 2282 2465 2353 μάλιστα
2523 2281 2579 2334 δὲ
2626 2279 2739 2332 τῶν
2789 2279 2964 2334 ἄλλων
3027 2279 3487 2350 ὑπενεχθήσονται
3548 2281 3614 2348 τῇ
3669 2277 3819 2348 δίκῃ,

2232 2375 2424 2444 φησὶν,
2474 2375 2522 2426 oi
2574 2371 2920 2442 ἁγνιζόμενοι
2965 2372 3060 2426 καὶ
3107 2371 3530 2442 καθαριζόμενοι
3576 2371 3655 2432 είς
3692 2370 3820 2432 τοὺς

2227 2465 2462 2535 κήπους,
2511 2463 2826 2530 τουτέστιν,
2885 2463 2936 2514 οἱ
2985 2462 3375 2532 παρωσάμενοι
3427 2460 3525 2530 μὲν
3575 2457 3674 2528 τὴν
3729 2456 3817 2510 διὰ

2227 2553 2465 2625 Χριστοῦ
2494 2553 2786 2624 λύτρωσιν,
2813 2554 2907 2608 καὶ
2938 2553 3038 2624 τὴν
3067 2553 3158 2606 διὰ
3185 2551 3280 2605 τοῦ
3317 2551 3476 2620 ἁγίου
3508 2549 3820 2620 βαπτίσμα-

2225 2664 2316 2710 τες
2345 2647 2713 2717 ἀτιμάσαντες
2738 2647 2920 2716 χάριν,
2974 2643 3294 2699 δικαιοῦσαν
3341 2643 3433 2696 τὸν
3474 2641 3666 2712 ἀσεϐῆ,
3723 2641 3820 2694 καὶ

2226 2737 2428 2799 παντὸς
2461 2737 2789 2806 αίτιάματος
2816 2737 3269 2790 ἀπαλλάττουσαν
3313 2735 3439 2800 τοὺς
3481 2737 3601 2797 ταῖς
3637 2733 3819 2804 ἁμαρ·

2224 2828 2370 2892 τίαις
2403 2828 2849 2898 μεμολυσμένους
2876 2843 2891 2882 τ
2921 2827 3307 2898 ἀγαπήσαντες
3337 2827 3393 2880 δὲ
3426 2827 3625 2896 μᾶλλον
3665 2825 3728 2878 τὸ
3760 2827 3818 2878 ὲν

2225 2921 2406 2994 πλάνῃ
2481 2920 2576 2974 καὶ
2618 2920 2811 2992 ἀγνοίᾳ
2857 2924 3201 2991 περιπατεῖν,
3248 2921 3343 2973 καὶ¹
3380 2920 3521 2983 θεοῖς
3557 2921 3669 2984 τοῖς
3718 2917 3820 2971 οὐκ

2225 3008 2346 3067 οῦσι
2375 3015 2722 3084 προσκυνεῖν,
2775 3013 2824 3066 οἳ
2861 3013 2959 3067 καὶ
2999 3014 3295 3084 κέχρηνται
3339 3014 3820 3084 περιρραντηρίοις

2225 3102 2556 3175 ἀκαθάρτοις
2598 3105 2693 3158 καὶ
2728 3106 3017 3176 ῥυπαροῖς.
3069 3104 3515 3174 Περιαγνίζονται
3560 3105 3692 3175 γὰρ,
3740 3105 3820 3170 ὡς

2225 3198 2356 3268 γοῦν
2386 3200 2612 3265 οῐονται,
2649 3200 2790 3254 κατὰ
2819 3201 2961 3270 σφᾶς
2990 3201 3185 3264 αὐτοὺς
3216 3199 3520 3262 πλανῶντες
3556 3198 3648 3251 καὶ
3681 3197 3820 3251 πλα-

536 3299 762 3356 prorsus
783 3281 1148 3354 neglexerint,
1181 3291 1236 3336 et
1296 3295 1364 3336 ne
1401 3283 1631 3335 humana
1685 3281 1900 3350 quidem
1943 3291 2120 3337 mente

2226 3291 2480 3362 νὼμενοι.
2518 3293 2590 3346 ’Ἡ
2619 3293 2727 3364 γὰρ
2771 3291 2926 3346 ὑδασι
2967 3292 3406 3362 κατερῤαίνοντο,
3444 3292 3610 3362 ήγουν
3645 3291 3815 3362 δᾷδας

535 3375 744 3446 praediti
795 3375 1019 3439 fuerint,
1073 3374 1169 3427 sed
1230 3371 1496 3442 iumentis
1551 3371 1940 3440 insipientibus
1987 3373 2123 3428 assi-

538 3469 712 3534 miles,
741 3468 998 3529 ostendit,
1021 3481 1143 3520 cum
1171 3465 1338 3518 dicit:
1370 3463 1672 3532 Expiautur
1702 3465 1755 3518 in
1814 3465 2010 3530 hortis,
2067 3464 2122 3519 id

474 3563 480 3575 '
538 3570 646 3626 est,
687 3560 740 3613 in
773 3557 1096 3612 nemoribus
1135 3555 1219 3610 vel
1240 3555 1416 3620 silvis,
1447 3557 1548 3609 sub
1566 3569 1768 3624 quercu
1826 3565 1883 3610 et
1926 3555 2122 3625 popqu

537 3665 592 3706 et
633 3653 827 3705 arbore
885 3653 1161 3704 umbrosa.
1217 3647 1658 3703 Exstruebantur
1721 3663 1956 3716 namque
2013 3648 2123 3703 illic

537 3745 607 3800 ab
637 3745 765 3812 ipsis
828 3757 938 3796 arae
958 3751 1012 3796 et
1063 3741 1285 3795 delubra
1329 3741 1682 3806 daemonibus,
1727 3741 1782 3795 in
1840 3742 2121 3796 vestibulis

537 3845 718 3890 autem
776 3833 1126 3889 delubrorum
1182 3834 1437 3887 carnibus
1510 3833 1684 3888 suillis
1739 3833 2118 3888 vescebantur.

536 3930 691 3998 Quod
723 3928 936 3997 quidem
960 3936 1336 3997 argumentum
1360 3935 1445 3980 est
1489 3926 1738 3981 luxuriae.
1803 3927 2121 3982 Adorabant

539 4023 970 4078 abominationes
1012 4028 1066 4074 et
1111 4035 1340 4074 murem.
1368 4019 1447 4074 Eo
1501 4023 1644 4074 enim
1680 4020 1925 4074 stultitiae
1983 4019 2118 4089 lapsi

535 4125 695 4171 erant
732 4113 1095 4183 superstitiosi
1121 4113 1345 4180 aliquot,
1369 4121 1426 4164 ut
1457 4113 1620 4166 etiam
1655 4112 1886 4165 murium
1915 4120 2119 4166 statuas

535 4224 599 4263 ac
629 4207 831 4277 ﬁguras
857 4207 1141 4260 haberent.
1219 4203 1324 4258 Sed
1357 4205 1409 4256 hi
1440 4217 1649 4270 omnes,
1710 4202 1906 4270 inquit,
1959 4200 2119 4256 simul

536 4308 945 4364 consuntentur,
965 4297 1016 4352 id
1039 4296 1356 4366 est,pariter
1377 4311 1497 4348 cum
1523 4293 1712 4347 lsraeli
1729 4296 1796 4347 tis
1819 4296 1909 4364 qui
1929 4295 2119 4349 inobe-

535 4391 747 4445 dientes
793 4387 1036 4442 fuerunt.
1095 4387 1307 4442 Etenim
1343 4403 1362 4437 ι
1402 4384 1514 4456 Ego
1537 4386 1657 4439 novi
1688 4400 1851 4454 opera
1903 4399 2114 4452 eorum,

533 4491 590 4538 et
615 4481 1006 4552 cogitationem
1038 4492 1247 4534 eorum.
1288 4495 1308 4529 ι
1359 4477 1753 4547 Cogitationem
1783 4478 1908 4532 dicit
1952 4478 2119 4531 ratio-

535 4575 699 4639 cinia,
747 4588 868 4644 qua:
889 4572 1082 4635 secuti,
1110 4570 1250 4626 fmda
1281 4571 1394 4624 haec
1454 4567 1694 4624 facinora
1745 4571 2112 4624 invenerunt:

2227 3385 2340 3456 πῦρ
2373 3385 2819 3458 περιενεγκόντες
2855 3383 3062 3455 κύκλῳ,
3111 3385 3434 3455 διασμήχειν
3466 3383 3566 3446 τὰς
3609 3381 3818 3436 ἑαυτῶν

2223 3477 2404 3548 ψυχὰς
2434 3477 2541 3531 τῶν
2575 3479 2640 3530 ὲκ
2670 3475 3006 3547 φαυλότητος
3036 3476 3314 3546 λογισμῶν
3344 3475 3454 3546 [πί.
3482 3471 3814 3548 μολυσμῶν]

2223 3567 2415 3639 ᾤοντο.
2458 3568 2584 3621 Ὀτι
2637 3568 2693 3621 δὲ
2739 3568 3098 3638 κοσμιότητος
3150 3567 3244 3620 καὶ⁸
3293 3566 3595 3627 ἐπιεικείας
3641 3563 3818 3626 οὑδείς

2224 3661 2342 3714 ἔστι
2372 3660 2654 3722 παντελῶς
2680 3660 2832 3729 παρά
2864 3677 2928 3727 γε
2957 3661 3070 3722 τοῖς
3105 3657 3367 3720 τοιούτοις
3405 3658 3432 3709 ὁ
3477 3657 3655 3724 λόγος,
3699 3653 3813 3708 ἀλλ’

2221 3752 2344 3806 οὐδὲ
2391 3751 2516 3816 νοῦς
2562 3751 3072 3821 ἁνθρωποπρεπὴς,
3125 3746 3688 3820 παρασυνεδλήθησαν
3755 3744 3814 3796 δὲ

2227 3843 2428 3913 μᾶλλον
2483 3847 2596 3905 τοῖς
2650 3845 2874 3911 κτήνεσι
2931 3844 3043 3903 τοῖς
3113 3841 3383 3908 ἀνοήτοις,
3455 3837 3816 3891 διαδείκνυσιν

2223 3933 2414 3998 εἰπὼν,
2447 3934 2530 3987 δτι
2573 3931 2884 4002 ἁγνίζονται
2924 3929 3032 4000 μὲν,
3064 3931 3121 3981 ἐν
3150 3931 3367 3999 κήποις,
3407 3926 3704 3990 τουτέστιν,
3757 3925 3815 3977 έν

2225 4029 2340 4090 τοῖς
2393 4027 2637 4089 ἄλσεσιν,
2673 4026 2842 4096 ἤγουν
2885 4023 3146 4095 δρυμοῖς,
3192 4020 3452 4073 ὑποκάτω
3502 4017 3662 4088 δρυὸς
3719 4014 3815 4070 καὶ

2220 4118 2438 4189 λεύκης,
2481 4118 2575 4172 καὶ
2603 4117 2818 4188 δένδρου
2868 4115 3270 4177 συσκιάζοντος.
3328 4109 3800 4178 Ἐξῳκοδὸμηνται

2220 4209 2330 4280 γὰρ
2358 4209 2488 4279 παρ’
2510 4208 2689 4260 αὑτῶν
2725 4207 2920 4260 αὐτόσε
2968 4205 3141 4276 βωμοὶ
3183 4206 3276 4258 καὶ
3313 4203 3514 4272 τεμένη
3548 4203 3660 4264 τοῖς
3698 4199 3814 4252 δαί-

2224 4318 2404 4372 μοσιν,
2447 4301 2506 4354 ὲν
2547 4300 2604 4354 δὲ
2647 4303 2761 4362 τοῖς
2821 4297 3118 4371 προθύροις
3166 4297 3275 4350 τῶν
3334 4292 3577 4366 τεμενῶν
3626 4290 3814 4363 ἤσθιον

2219 4393 2390 4464 κρέας
2414 4391 2582 4446 ὕειον.
2637 4391 2938 4458 Ἀπόδειξις
2966 4391 3022 4444 δὲ
3053 4391 3146 4443 καὶ
3176 4389 3335 4442 τοῦτο
3359 4386 3588 4458 τρυφῆς.
3636 4385 3812 4454 Προσ-

2221 4483 2450 4537 εκύνουν
2483 4485 2540 4537 δὲ
2570 4487 2668 4537 καὶ
2719 4484 2787 4538 τὰ
2824 4485 3166 4555 βδελύγματα
3214 4481 3308 4534 καὶ
3353 4479 3442 4531 τὸν
3495 4475 3618 4548 μῦν.
3666 4473 3814 4528 Καθ-

2225 4576 2399 4628 ίκοντο
2427 4576 2536 4647 γὰρ
2570 4576 2698 4640 ἴσως
2718 4579 2795 4642 είς
2835 4575 2995 4630 τοῦτο
3041 4571 3464 4646 φρενοϐλαϐείας
3500 4569 3610 4622 τῶν
3650 4567 3812 4620 δεισι-

535 4669 678 4721 unde
717 4667 832 4720 ista:
883 4664 1046 4719 etiam
1092 4663 1525 4716 abominationes
1587 4663 1946 4731 irrepserunt,
1993 4677 2116 4716 cum

2226 4667 2489 4738 δαιμόνων
2522 4668 2688 4731 τινες,
2722 4667 2798 4731 ὡς
2837 4669 2930 4722 καὶ
2981 4667 3132 4738 μυῶν
3175 4665 3318 4736 ἔχειν
3350 4664 3406 4716 ὲν
3448 4663 3633 4732 σηκοῖς
3669 4658 3812 4730 ἱδρύ-

535 4773 698 4811 unum
725 4765 916 4808 natura
946 4763 1000 4808 et
1033 4768 1157 4808 rere
1207 4751 1372 4807 Deum
1401 4753 1578 4808 colere
1605 4753 1954 4822 oportuisset.

2231 4759 2374 4826 ματα
2402 4776 2462 4811 τε
2497 4759 2592 4812 καλ⁵
2619 4759 2847 4822 τύπους.
2885 4758 3024 4811 Ἀλλ’
3047 4751 3190 4811 οὗτοι
3227 4757 3450 4816 πάντες,
3495 4751 3684 4821 φησὶν,
3718 4749 3810 4801 ἐπὶ

533 4849 596 4901 τὸ
641 4846 774 4900 αὐτὸ
816 4844 1280 4915 ἀναλωθήσονται,
1323 4845 1620 4909 τουτέστιν,
1679 4841 1816 4912 ὁμοῦ
1882 4845 1997 4906 τοῖς
2045 4844 2410 4918 ἀπειθήσασιν
2465 4849 2525 4914 ἐξ
2595 4850 2847 4921 Ἰσραήλ·
2881 4867 2900 4900 ι
2955 4847 3099 4915 Ἐγὼ
3141 4844 3250 4916 γὰρ
3307 4844 3478 4911 ἔγνων
3547 4842 3617 4895 τὰ
3675 4839 3813 4910 ἔργα

532 4941 714 4995 αὐτῶν
747 4940 958 4996 καὶτὸν
1009 4939 1268 5010 λογισμὸν
1293 4937 1492 4992 αὑτῶν.
1522 4957 1540 4990 ι
1585 4939 1861 5010 Λογισμδν
1895 4939 1950 4994 δέ
1987 4957 2120 5010 φησι
2193 4944 2292 5008 τὰς
2330 4945 2672 5017 ἐνθυμήσεις,
2707 4939 2796 5008 αἷς
2853 4942 3318 5012 ἀκολουθήσαντες
3341 4937 3582 5009 αἰσχρῶν
3615 4939 3814 5003 ἐπιχει-

537 5037 799 5107 ρημάτων
827 5035 1114 5105 γεγόνασιν
1145 5035 1388 5106 εὑρεταὶ,
1418 5035 1485 5087 δι’
1512 5028 1588 5089 ὧν
1626 5036 1810 5097 αὐτοῖς
1840 5036 1935 5088 καὶ¹
1989 5038 2020 5106 ή
2083 5037 2190 5090 τῶν
2231 5039 2617 5110 βδελυγμάτων
2657 5042 2882 5109 γέγονεν
2923 5035 3172 5109 είσφορὰ,
3219 5035 3398 5088 καίτοι
3443 5033 3561 5086 δέον
3615 5033 3704 5086 ἔνι
3733 5030 3812 5102 τῷ

534 5133 698 5203 φύσει
746 5131 840 5184 καὶ
871 5129 1086 5200 ἀληθῶς
1113 5129 1395 5201 λατρεύειν
1425 5129 1564 5200 Θεῷ.

611 5222 769 5277 Vsus.
809 5221 992 5288 “5,19.
1037 5218 1195 5274 Venio
1228 5228 1610 5290 utcongregem
1643 5237 1816 5276 omnes
1845 5233 2021 5292 gentes
2070 5233 2118 5276 et

2301 5225 2579 5292 Ἔρχομαι
2619 5220 2987 5289 συναγαγεῖν
3023 5219 3219 5273 πάντα
3248 5218 3320 5272 τὰ
3357 5218 3523 5285 ἔθνη,
3563 5217 3661 5270 καὶ
3704 5219 3812 5284 τὰς

531 5315 766 5384 linguas.
795 5312 864 5365 Et
910 5314 1134 5376 venient,
1189 5330 1251 5366 ac
1276 5312 1523 5365 videbunt
1551 5313 1777 5382 gloriam
1814 5328 2028 5367 meam:
2079 5327 2120 5369 et

2226 5315 2528 5386 γλώσσας.
2568 5314 2679 5368 Καὶ
2717 5313 2960 5380 ἥξουσι,
3019 5312 3117 5367 καὶ
3165 5311 3418 5379 ὄψονται
3462 5309 3578 5376 τὴν
3621 5308 3811 5372 δόξαν

530 5406 796 5458 dimiuam
846 5421 1003 5474 super
1059 5420 1146 5457 eos
1180 5405 1422 5471 signum:
1483 5403 1721 5474 917a
1780 5407 2013 5460 emittam
2062 5424 2120 5460 ex

2226 5425 2356 5477 μου,
2420 5405 2519 5459 καὶ
2585 5405 2931 5473 καταλείψω
2979 5405 3071 5457 ἐπ’
3126 5402 3350 5466 αὐτοὺς
3403 5399 3654 5469 σημεῖα,
3711 5399 3811 5453 καὶ

537 5498 650 5550 illis
679 5499 772 5566 qui
807 5498 1000 5550 snlvmi
1050 5495 1244 5565 fuerint
1277 5497 1345 5548 ad
1382 5507 1578 5562 gentes,
1614 5506 1662 5551 et
1707 5496 1776 5550 ad
1816 5497 2049 5562 Thursis,
2075 5511 2120 5554 et

2226 5494 2611 5562 ἐξαποστελῶ
2639 5495 2707 5560 ἐξ
2734 5494 2935 5550 αὐτῶν
2973 5492 3403 5562 σεσωσμένους
3428 5493 3516 5556 είς
3539 5491 3613 5544 τὰ
3639 5489 3808 5555 ἔθνη,

531 5589 588 5642 in
618 5586 958 5652 Phud,Lud,
991 5587 1227 5654 Mosoch,
1277 5597 1326 5641 et
1376 5587 1588 5655 Thobel,
1651 5599 1697 5644 ει
1733 5591 1788 5644 in
1838 5590 2118 5658 erciam,

532 5687 583 5730 el
627 5679 832 5734 insulas
857 5690 1104 5747 remotas,
1127 5681 1218 5751 qui
1250 5680 1652 5734 nouaudieruut
1682 5698 1865 5736 nomen
1920 5698 2114 5746 meum,

2220 5592 2316 5646 ml.
2342 5594 2426 5657 είς
2449 5589 2720 5659 Θαρσεῖς,
2754 5589 2853 5643 καὶ
2896 5589 3078 5653 Φοὺδ,
3097 5587 3195 5640 καὶ
3220 5584 3381 5641 Λοὺδ
3399 5624 3414 5649 ,
3447 5583 3544 5637 καὶ
3576 5581 3809 5650 Μοσὸχ,

2220 5685 2316 5738 καί
2352 5682 2557 5750 Θοόὲ.1,
2595 5683 2692 5737 καὶ
2716 5684 2802 5750 είς
2847 5679 2961 5750 τὴν·
3006 5677 3292 5742 ⁹Ε.ί.ηίάδα,
3326 5674 3423 5729 καὶ
3453 5677 3538 5743 είς
3565 5674 3670 5742 τὰς
3701 5669 3811 5742 νή-

607 5849 650 5880 ³⁶
675 5849 820 5908 Psal.
851 5866 1017 5920 vatt,
1045 5854 1131 5908 l8.
1212 5857 1250 5886 ¹¹
1284 5853 1474 5910 Matth.
1513 5871 1638 5921 xxv,
1671 5855 1759 5910 At.
