4140 6460
371 381 511 439 1465

1482 380 1549 436 IN
1587 380 1825 437 lSAlAM
1868 382 2107 459 “BEV.
2149 384 2387 444 TOMUS
2427 389 2514 446 V'l.

3521 402 3658 465 ηὸσ

365 514 522 566 σους
551 498 655 569 τὰς
683 502 901 570 uappa,
938 502 998 556 οι
1027 505 1139 558 οὐκ
1166 504 1475 572 ἀκηκόασί
1499 521 1620 577 μου
1648 506 1716 559 τὸ
1757 506 1941 577 ὄνομα

2040 583 2041 587 η
2075 525 2238 580 neque
2269 512 2510 567 viderunt
2543 508 2771 583 gloriam
2802 531 2994 582 meam,
3021 520 3513 593 annuntiabnntque
3536 522 3651 595 glo-

361 593 510 647 υἰτδὲ
553 592 851 661 ἑωράκασι
893 594 1008 664 τὴν
1036 595 1228 661 δόξαν
1247 614 1391 666 μου,
1423 598 1522 652 καὶ
1553 598 1962 671 ἁναγγελοῦσί

359 702 465 755 μοι
496 686 611 754 τὴν
633 685 826 751 δόξαν
849 688 920 743 ἐν
946 689 1071 756 τοῖς
1108 690 1370 746 ἔθνεσιν.

463 778 952 848 Ανακεφαλαίωσιν
993 780 1183 852 ὥσπερ
1225 782 1350 837 τινὰ
1382 782 1477 837 τοῦ
1528 783 1728 847 παντὸς
1772 785 1955 853 λόγου,

365 867 457 920 καὶ
491 869 710 940 ἁπάσης
757 875 1101 943 προφητείας
1142 874 1228 929 διὰ
1269 877 1500 930 τουτωνὶ
1537 881 1776 931 ποιεῖται
1822 880 1959 951 Χρι-

364 959 509 1024 στδς,
541 962 634 1014 καὶ
660 962 738 1027 ὡς
770 964 829 1018 ὲν
886 964 1114 1036 βραχέσι
1152 968 1247 1021 καὶ
1281 968 1732 1040 συνεσταλμένως
1773 971 1957 1039 ἀπαγ-

362 1052 542 1122 γέλλει
592 1053 662 1108 τὰ
717 1056 814 1109 ἀπ’
866 1058 1046 1128 ἀρχῆς
1085 1060 1249 1131 μέχρι
1289 1059 1501 1126 τέλους,
1532 1062 1630 1116 καὶ
1673 1063 1772 1132 τῆς
1816 1062 1956 1134 μετὰ

362 1145 565 1218 σαρκὸς
610 1147 927 1218 οἰκονομίας
971 1150 1072 1219 τὴν
1114 1152 1365 1223 δύναμιν.
1418 1155 1801 1226 Διαμέμνηται
1845 1155 1954 1229 γὰρ

357 1238 453 1290 καὶ
484 1238 583 1308 τῆς
607 1237 856 1309 κλήσεως
878 1240 989 1293 τῶν
1018 1241 1207 1309 ὲθνῶν,
1238 1246 1333 1298 καὶ
1358 1246 1459 1317 τῆς
1482 1247 1593 1300 τῶν
1616 1248 1788 1316 ἁγίων
1816 1249 1954 1304 ἀπο-

358 1330 564 1384 σ.όλων
606 1332 949 1400 ἀναδείξεως,
995 1336 1090 1389 καὶ
1120 1337 1203 1391 ὃτι
1242 1341 1755 1413 προηυνηοήσεται
1798 1343 1951 1412 παρὰ

356 1422 541 1495 πάσης
571 1425 671 1496 τῆς
702 1426 793 1478 ὑπ’
814 1426 1064 1497 οὐρανόν.
1116 1429 1172 1483 '0
1201 1431 1300 1501 μὲν
1329 1431 1438 1503 γὰρ
1474 1431 1643 1487 πάλαι
1674 1434 1857 1502 νόμος,
1889 1433 1950 1488 ἓν

354 1510 449 1563 καὶ
479 1510 641 1580 μόνον
666 1514 977 1585 συνήγαγεν
992 1515 1335 1589 ἔθνος,δῆλον
1357 1519 1414 1573 δὲ
1432 1521 1593 1575 ὅτιτὸ
1617 1523 1678 1588 ἐξ
1706 1523 1946 1595 Ἰσραὴλ,

351 1603 448 1657 καὶ
484 1604 616 1675 μίαν
645 1606 872 1661 ἐκάλεσε
903 1608 1179 1678 γλῶσσαν.
1211 1610 1272 1665 Ὀ
1314 1612 1372 1665 δὲ
1402 1614 1607 1684 Κύριος
1647 1614 1805 1685 ἡμῶν
1845 1617 1948 1685 Ἰη-

352 1695 480 1761 σοῦς
511 1698 747 1769 Χριστὸς
792 1700 916 1770 οὐχὶ
960 1701 1144 1772 μόνοις
1190 1706 1304 1768 τοῖς
1336 1705 1396 1771 ἐξ
1433 1706 1667 1777 αἵματος
1703 1704 1942 1781 Ἰσραὴλ,

347 1788 449 1857 τῆς
478 1790 619 1859 μετὰ
654 1790 854 1862 σαρκὸς
888 1794 1199 1865 οἰκονομίας
1228 1796 1330 1867 τὴν
1372 1796 1604 1873 δῦναμιν
1635 1800 1942 1872 ἐχαρίζετο,

2071 602 2206 655 riam
2239 619 2407 657 meam
2429 604 2567 658 inter
2581 613 2780 673 gentes.
3335 684 3369 717 Ι

2131 777 2609 848 Anacephalmosin
2651 785 2943 853 quamdam
2972 785 3125 842 hisce
3180 790 3363 845 verbis
3398 790 3530 849 facit
3568 803 3650 850 to-

2062 869 2168 923 tius
2217 874 2485 928 orationis
2541 885 2597 930 et
2644 877 2809 932 tutius
2850 880 3149 949 prophetiae
3206 881 3456 940 Christus
3512 906 3527 942 :
3592 897 3650 944 et

2057 961 2298 1018 breviter
2328 967 2594 1038 quasique
2623 970 2898 1025 succincte
2924 987 3046 1042 quae
3072 972 3140 1028 ab
3190 974 3345 1031 initio
3372 978 3436 1031 ad
3485 978 3661 1033 linem~

2058 1067 2228 1123 usque
2276 1054 2420 1111 facta
2474 1068 2621 1124 sunt,
2694 1063 3057 1133 virtutemque
3107 1064 3532 1135 dispensationis
3589 1070 3643 1124 in

2055 1160 2222 1201 carne
2247 1150 2483 1218 expedit.
2518 1149 2925 1208 Commemorat
2975 1156 3121 1210 enim
3185 1167 3238 1212 et
3302 1161 3644 1215 vocationem

2054 1239 2293 1308 gentium
2335 1253 2387 1296 et
2412 1256 2728 1299 Sanctorum
2774 1246 3146 1316 apostolorum
3196 1250 3642 1319 patefactionem,

2053 1340 2107 1383 et
2149 1334 2291 1400 quod
2347 1336 2416 1389 ab
2477 1338 2733 1392 universo
2786 1348 3057 1395 terrarum
3108 1343 3242 1398 orbe
3303 1341 3640 1413 adoraltitur.
3690 1404 3700 1413 ,

2056 1420 2221 1478 Vetus
2249 1426 2394 1498 enim
2424 1426 2508 1480 lex
2539 1444 2698 1483 unam
2722 1430 2894 1486 solam
2924 1443 3166 1504 gentem,
3191 1436 3445 1490 nimirum
3471 1438 3645 1495 Israe-

2051 1512 2252 1569 liticam
2275 1521 2647 1589 congregavit,
2684 1532 2734 1576 et
2760 1539 2920 1576 unam
2950 1525 3187 1595 linguam
3233 1530 3465 1584 vocavit.
3535 1531 3640 1586 Do-

2049 1603 2227 1658 minus
2250 1615 2428 1679 autem
2454 1621 2640 1664 noster
2665 1608 2826 1667 Jesus
2851 1611 3105 1670 Christus
3152 1632 3259 1670 non
3294 1620 3430 1675 solis
3465 1619 3643 1678 lsrae-

2048 1694 2196 1751 litico
2217 1700 2482 1769 sanguine
2502 1704 2637 1758 ortis
2662 1704 2919 1760 virtutem
2944 1706 3374 1778 dispensationis
3410 1713 3463 1766 in
3517 1730 3642 1768 car-

2049 1802 2117 1843 ne
2144 1788 2433 1859 impertiit,
2459 1793 2555 1848 sed
2593 1797 2740 1850 omni
2766 1806 2825 1852 et
2843 1799 2989 1867 genti
3013 1810 3073 1854 et
3110 1800 3327 1869 linguae.
3352 1803 3642 1872 Siquidem

349 1881 489 1935 ἀλλὰ
531 1881 637 1953 γὰρ
679 1882 823 1937 ἔθνει
855 1886 1020 1938 παντὶ
1068 1887 1163 1939 καὶ
1197 1886 1436 1951 ἁπάσαις
1467 1887 1765 1956 γλώσσαις.
1800 1891 1941 1962 Ἔφη

2052 1881 2187 1935 dixit
2218 1898 2318 1953 per
2374 1885 2547 1957 lyram
2597 1886 2927 1947 Psallentis:
2988 1912 3008 1946 ι
3038 1896 3236 1951 Audite
3285 1896 3419 1963 haec,
3444 1914 3644 1955 omnes

346 1971 479 2041 γοῦν
524 1973 614 2028 διὰ
669 1975 771 2045 τῆς
816 1976 910 2030 τοῦ
962 1978 1281 2061 Ψέλλοντος
1308 1978 1511 2050 λύρας·
1561 1996 1582 2033 ι
1650 1981 1946 2036 Ἀκούσατε

349 2063 547 2131 ταῦτα,
573 2064 755 2120 πάντα
785 2068 854 2121 τὰ
874 2067 1004 2138 ἔθνη
1026 2084 1039 2098 °
1072 2069 1424 2137 ἐνωτίσασθε,
1450 2071 1652 2136 πάντες
1685 2075 1733 2127 οἱ
1764 2091 1947 2129 κατοι-

348 2154 572 2221 κοῦντες
596 2156 695 2230 τὴν
734 2159 1062 2231 οἰκουμένην
1087 2178 1100 2191 ·
1139 2179 1160 2212 ι
1195 2160 1395 2215 οὐκοῦν
1415 2161 1665 2228 ἅπαντας
1696 2165 1795 2235 μὲν
1819 2183 1947 2235 συνέ

350 2244 483 2313 ἀξω,
511 2246 677 2318 φησίν
700 2264 714 2278 ·
751 2267 771 2301 ι
803 2250 1055 2318 Ἥξουσι,
1088 2252 1182 2305 καὶ
1205 2250 1429 2323 ὄψονται
1450 2253 1551 2324 τὴν
1575 2254 1732 2323 δόξαν
1765 2274 1889 2329 μου.
1914 2276 1935 2312 ι

347 2338 660 2411 Κέκληνται
687 2341 798 2414 γὰρ
816 2342 905 2396 διὰ
916 2343 1176 2409 πίστεως,
1200 2344 1295 2398 καὶ
1312 2342 1363 2397 οἱ
1386 2345 1518 2402 ποτὲ
1543 2349 1764 2420 μακρὰν
1788 2350 1942 2416 ὄντες

346 2434 638 2502 γεγόνασιν
680 2437 869 2505 ἐγγὺς,
915 2438 1008 2491 καὶ
1058 2436 1344 2492 τεθέανται
1386 2438 1488 2511 τὴν
1533 2440 1692 2506 δόξαν
1730 2442 1896 2497 αὑτοῦ
1921 2460 1936 2475 ο

347 2526 490 2591 πῶς,
528 2525 563 2599 ἢ
599 2527 722 2582 τίνα
748 2528 976 2600 τρόπον;
1002 2530 1299 2602 ’Δκηκόασι
1323 2530 1434 2604 γὰρ
1464 2532 1553 2588 διὰ
1577 2534 1688 2588 τῶν
1708 2536 1940 2606 εὐαγγε-

330 2602 510 2675 ’λικῶν
557 2622 955 2693 κηρυγμάτων,
988 2624 1073 2678 ὅτι
1105 2623 1202 2678 καὶ
1237 2602 1488 2696 ίσουργὺς
1519 2628 1614 2680 καὶ
1656 2602 1937 2702 ίσοσθενής

340 2712 459 2766 ἐστι
487 2710 566 2782 τῷ
592 2710 713 2783 Θεῷ
738 2714 835 2767 καὶ
862 2713 1062 2785 Πατρὶ,
1086 2716 1183 2769 καὶ
1209 2715 1318 2770 τῶν
1345 2717 1488 2790 ὑπὲρ
1525 2718 1683 2788 λόγον
1712 2722 1938 2789 γέγονεν

339 2801 731 2874 ἀποτελεστὴς,
749 2801 893 2859 ὥστε
911 2804 1007 2859 καὶ
1033 2807 1264 2878 νεκροὺς
1281 2809 1346 2863 ὲκ
1374 2810 1676 2881 μνημάτων
1698 2813 1931 2886 ἐγεῖραι,

339 2895 436 2950 καί
467 2896 691 2966 τυφλοῖς
727 2897 930 2953 ἐνεῖναι
976 2897 1037 2951 τὸ
1069 2898 1208 2967 φῶς,
1243 2900 1409 2974 ἕτερά
1453 2909 1513 2955 τε
1547 2902 1687 2974 πρὸς
1722 2904 1937 2971 τούτοις
1958 2926 1971 2943 α

337 2986 680 3058 ἐργάσασθαι
714 2986 785 3041 τὰ
815 2987 1018 3050 παντὸς
1056 2987 1183 3056 ἀξια
1216 2989 1312 3042 καὶ
1361 2990 1543 3060 λόγου,
1579 2994 1673 3047 καὶ
1722 2993 1936 3066 θαύμα-

336 3094 451 3142 τος.
478 3078 687 3147 Ἤγουν
709 3077 833 3134 καθ’
862 3077 1053 3150 ἕτερον
1083 3081 1309 3152 τρόπον·
1341 3082 1630 3139 τεθέανται
1652 3084 1749 3158 τὴν
1776 3086 1934 3156 δόξαν

334 3168 527 3234 αὐτοῦ,
575 3169 1103 3243 μυσταγωγηθέντες
1148 3173 1233 3227 δτι
1272 3172 1405 3239 Θεὸς
1433 3169 1502 3246 ἦν
1551 3177 1580 3230 ὁ
1608 3176 1804 3246 Λόγος,
1837 3180 1933 3234 καὶ

2048 1984 2260 2044 gentes;
2301 1979 2607 2035 auscultate
2655 1997 2846 2038 omnes
2877 1986 2969 2054 qui
3030 1987 3287 2042 habitatis
3335 1991 3631 2044 orbem‘h

2048 2063 2284 2123 Proinde
2328 2084 2543 2140 omnes,
2580 2074 2794 2146 inquit,
2821 2082 3185 2150 congregabo.
3239 2100 3259 2133 ι
3290 2081 3546 2149 Venient,
3578 2095 3636 2141 et

2046 2157 2307 2214 videbunt
2368 2162 2597 2234 gloriam
2656 2183 2855 2225 meam.
2888 2188 2909 2222 ι
2960 2170 3094 2226 Nam
3166 2189 3264 2244 per
3323 2174 3482 2231 ﬁdem
3542 2193 3638 2232 vo-

2045 2250 2150 2304 cati
2211 2260 2377 2320 sunt,
2426 2265 2483 2311 et
2519 2259 2611 2326 qui
2653 2265 2929 2329 quondam
2978 2264 3207 2321 aberant
3256 2269 3467 2336 procul,
3508 2268 3636 2324 lacti

2041 2350 2171 2396 sunt
2200 2345 2509 2415 propinqui,
2552 2359 2608 2403 et
2643 2354 2995 2423 contemplati
3050 2366 3178 2417 sunt
3229 2359 3457 2429 gloriam
3497 2361 3635 2428 ejus.

2042 2428 2147 2498 Qui
2192 2440 2248 2488 et
2297 2438 2606 2503 quomodo?
2658 2440 2996 2498 Audiverunt
3058 2447 3203 2499 enim
3238 2428 3316 2501 fex
3356 2448 3636 2520 Evangelii

2039 2522 2446 2593 praedicatione,
2468 2543 2592 2584 eum
2620 2532 2883 2602 aequalem
2915 2543 3026 2588 tum
3074 2537 3328 2605 operibus
3371 2550 3483 2594 tum
3538 2559 3636 2612 po-

2041 2614 2209 2670 tentia
2250 2614 2363 2673 Deo
2415 2628 2471 2673 et
2516 2618 2665 2676 Patri
2714 2636 2860 2689 esse,
2917 2635 2972 2680 et
3001 2640 3066 2681 ea
3118 2629 3351 2698 gessisse
3396 2646 3517 2699 qua:
3543 2647 3635 2686 ex-

2039 2707 2230 2777 plicari
2256 2713 2436 2767 verbis
2467 2728 2574 2768 non
2612 2727 2863 2783 possunt,
2891 2718 3027 2773 adeo
3056 2728 3114 2773 ut
3153 2731 3394 2777 mortuos
3423 2725 3631 2779 excita-

2038 2798 2161 2854 rite
2190 2803 2575 2871 monumentis,
2596 2814 2651 2861 et
2672 2806 2832 2863 caecis
2859 2807 3040 2864 lumen
3076 2811 3389 2879 immiserit,
3414 2815 3629 2885 aliaque

2036 2891 2105 2945 ad
2134 2891 2250 2948 haec
2277 2904 2533 2963 operatus
2559 2895 2742 2964 fuerit,
2778 2913 2898 2968 quae
2928 2914 3030 2955 nec
3076 2917 3338 2960 enarrare
3380 2920 3481 2960 nec
3532 2909 3632 2960 att-

2036 2983 2227 3040 mirari
2267 2987 2399 3043 satis
2458 3003 2766 3059 possumus.
2825 2989 2919 3047 Vel
2977 2993 3086 3049 alio
3130 2995 3289 3052 modo
3327 3015 3342 3052 :
3376 2998 3633 3056 viderunt

2035 3077 2264 3149 gloriam
2297 3078 2440 3149 ejus,
2487 3082 2715 3136 instituti
2741 3094 2797 3138 et
2823 3084 3022 3151 edocti,
3056 3086 3224 3143 Deum
3241 3076 3365 3145 esSe
3396 3088 3630 3148 Verbum

2036 3178 2092 3225 et
2124 3170 2404 3228 hominem
2433 3188 2556 3230 esse
2582 3173 2807 3233 laetum.
2837 3173 2955 3233 Non
2977 3178 3147 3244 enim,
3191 3190 3249 3234 ut
3295 3178 3490 3248 Judaei,
3549 3190 3630 3238 sic

333 3238 588 3333 γιὲγονεν⁷
608 3238 931 3336 ἅνθρωπος·
969 3265 1032 3318 οὐ
1062 3265 1173 3336 γὰρ
1207 3268 1351 3321 κατὰ
1388 3238 1514 3333 τοῦς
1557 3238 1844 3337 Ἰουδαίους
1878 3274 1928 3328 oi

2040 3273 2225 3333 gentes
2253 3265 2543 3321 dixerunt:
2580 3282 2601 3316 ι
2645 3266 2827 3334 Quare
2867 3279 2922 3323 tu
2984 3286 3108 3326 cum
3138 3271 3214 3327 sis
3265 3273 3445 3341 homo,
3495 3275 3629 3332 la‘tzis

335 3353 399 3422 ἐξ
433 3353 605 3409 ἐθνῶν
645 3355 939 3426 εἰρήκασι·
976 3373 995 3406 ι
1043 3356 1197 3410 Διατί
1234 3357 1298 3410 σὺ
1325 3356 1612 3430 ἄνθρωπος
1636 3359 1713 3415 ὢν
1755 3365 1932 3426 ποιεῖς

336 3446 562 3501 σεαυτὸν
599 3446 773 3513 Θεόν;
828 3466 848 3499 ι
893 3447 1303 3515 Ἐπεγνωκότες
1356 3449 1413 3502 δὲ
1479 3450 1682 3522 μᾶλλον
1733 3452 1794 3506 τὸ
1842 3455 1930 3508 ἐπ’

333 3535 488 3607 αὐτῷ
522 3537 961 3608 μυπήριον,τὰς
992 3538 1143 3610 ἱερὰς
1167 3539 1385 3605 ὲκείνας
1406 3542 1681 3596 ἁναϐοῶσι
1710 3544 1926 3614 φωνάς·

337 3646 360 3681 ε
405 3628 480 3682 Σὺ
505 3623 557 3682 εἰ
582 3631 611 3684 ὁ
632 3629 867 3701 Χριστὸς
895 3632 925 3685 ό
958 3630 1083 3695 Υἱὸς
1106 3631 1200 3685 τοῦ
1229 3631 1363 3686 Θεοῦ
1400 3634 1496 3686 τοῦ
1524 3633 1748 3703 ζῶντος,
1788 3655 1809 3689 ι
1835 3638 1932 3695 καὶ

334 3720 445 3792 μὴν
471 3722 693 3775 κάκεῖνο
724 3722 864 3794 πρὸς
897 3722 1072 3794 τούτῳ
1105 3723 1169 3776 τὸ
1208 3725 1299 3778 διὰ
1335 3725 1447 3781 τῶν
1490 3726 1662 3797 ἁγίων
1690 3729 1928 3784 ἀποστό-

330 3814 462 3881 λων,
503 3830 524 3866 ι
575 3812 819 3885 ’Δληθῶς
842 3816 978 3871 Θεοῦ
1012 3817 1138 3882 Υἱὸς
1166 3814 1237 3874 εἴ.
1276 3839 1295 3873 ι
1335 3821 1587 3876 Τέθειται
1619 3822 1675 3876 δὲ
1715 3822 1810 3876 καὶ
1839 3825 1928 3878 ἐπ’

208 3959 231 3969 ,
330 3907 519 3970 αὐτοῖς
560 3910 787 3979 σημεῖον
808 3924 822 3937 ·
854 3910 931 3975 ὼς
959 3910 1069 3984 γὰρ
1104 3914 1133 3966 ὁ
1162 3913 1375 3979 Παῦλός
1415 3932 1582 3985 φησιν
1603 3954 1619 3981 ,
1651 3935 1669 3967 ι
1692 3915 1932 3989 Ἐσφρα-

328 3998 613 4072 γίσθημεν
635 3999 716 4071 τῷ
748 4000 1024 4077 πνεύματι
1067 4006 1168 4076 τῆς
1200 4007 1654 4077 ἀπολυτρώσεως,
1684 3996 1778 4063 καὶ
1806 4012 1931 4074 ταῖς

329 4092 591 4148 ἁπάντων
640 4090 800 4165 ήμῶν
846 4093 1101 4164 καρδίαις
1156 4097 1516 4171 ὲνεμορφώοη
1558 4102 1795 4173 Χριστὸς
1839 4103 1929 4157 διὰ

335 4183 571 4258 μετοχῆς
585 4184 681 4239 τοῦ
703 4184 862 4254 ἁγίου
885 4185 1026 4240 Πνεύ
1034 4203 1222 4257 ματος.
1248 4207 1268 4241 ι
1303 4190 1435 4244 Ἀπὸ
1453 4190 1509 4244 δέ
1526 4208 1590 4261 γε
1605 4193 1714 4247 τῶν
1732 4196 1929 4249 ἀνασε-

333 4277 654 4347 σωσμένων,
680 4278 864 4348 φησὶν,
890 4278 1176 4332 ἀποστελῶ
1196 4281 1278 4343 είς
1309 4280 1380 4334 τὰ
1412 4281 1563 4353 ἔθνη.
1614 4286 1696 4347 εἰς
1738 4285 1928 4359 τούσδε

333 4370 430 4423 καὶ
447 4369 657 4423 τούσδε.
681 4370 853 4442 Ἔθνη
875 4370 934 4424 δὲ
954 4370 1131 4425 ταῦτα
1157 4372 1230 4425 τὰ
1255 4373 1354 4445 μὲν
1384 4377 1466 4439 εἰς
1491 4377 1753 4450 ἑσπέραν,
1780 4380 1848 4434 τὰ
1869 4380 1928 4436 δὲ

333 4463 414 4524 εἰς
447 4460 553 4533 ὴῶ,
584 4479 652 4514 τα
676 4461 731 4516 δὲ
765 4464 858 4516 καὶ
905 4463 966 4516 ὲν
1015 4465 1128 4525 τοῖς
1153 4462 1538 4536 βορειοτέροις,
1574 4470 1742 4539 ἧγουν
1784 4472 1930 4527 κατὰ

331 4555 435 4626 τὴν
472 4554 744 4626 Ἑλλήνων
783 4555 990 4630 χώραν,
1025 4556 1122 4610 καὶ
1166 4558 1247 4620 είς
1275 4558 1375 4620 τὰς
1407 4559 1668 4616 ἐπέκεινα
1707 4567 1926 4635 νήσους.
1961 4589 2006 4644 D

343 4646 547 4714 «Ἐκεῖ,
568 4647 758 4718 φησὶν,
788 4647 1266 4720 ἀναγγελοῦσιτὴν
1287 4648 1427 4722 ἐμὴν
1446 4651 1624 4717 δόξαν.
1657 4673 1677 4707 ι
1712 4656 1787 4708 Οὐ
1825 4658 1930 4729 γὰρ

334 4741 693 4811 σεσιγήκασιν
721 4741 771 4794 οἱ
804 4740 1066 4812 μαθηταὶ,
1103 4741 1433 4813 διεκήρυξαν
1473 4744 1531 4798 δὲ
1562 4748 1840 4818 πανταχοῦ
1867 4750 1930 4817 τὸ

388 4830 724 4901 Εὑαγγὲλιον
753 4833 853 4905 τῆς
884 4831 1183 4905 βασιλείας,
1207 4831 1303 4886 καὶ
1320 4835 1429 4887 τῶν
1443 4835 1607 4909 ιερῶν
1640 4842 1927 4910 κηρυγμά-

329 4937 439 4974 των
470 4920 570 4992 τὴν
603 4921 856 4993 δύναμιν.

400 5008 512 5064 Καὶ
540 5009 764 5073 ἄξουσι
814 5012 958 5080 τοὺς
998 5014 1305 5085 ἀδελφοὺς
1354 5014 1522 5085 ὑμῶν
1561 5016 1630 5070 ἐκ
1675 5017 1923 5073 πάντων

327 5097 449 5153 τῶν
493 5098 686 5155 ἐθνῶν
726 5100 921 5173 δῶρον
961 5108 1162 5176 Κυρίῳ
1186 5108 1318 5177 μεθ’
1344 5109 1544 5163 ἵππων
1598 5110 1698 5164 καὶ
1737 5111 1923 5181 ἁρμά-

2037 3368 2091 3413 te
2132 3359 2309 3429 ipsum
2350 3354 2605 3414 ’Deum"
2633 3362 2657 3416 ?
2685 3383 2705 3415 ι
2764 3363 2876 3419 lmo
2931 3380 3052 3421 cum
3106 3367 3455 3436 agnovissent
3511 3370 3631 3438 ejus

2033 3451 2378 3521 mysterium,
2436 3468 2626 3510 sacras
2684 3454 2802 3510 illas
2864 3467 3119 3513 resonant
3167 3473 3404 3514 voceszs
3443 3459 3521 3514 Tu
3568 3477 3629 3516 es

2031 3541 2279 3599 Christus
2307 3542 2477 3599 Filius
2503 3545 2594 3601 Dei
2630 3547 2860 3604 viventis
2886 3548 2991 3604 ⁸⁸.»
3023 3551 3089 3604 Et
3113 3550 3242 3606 illud
3270 3569 3453 3621 porro,
3483 3558 3626 3626 quod

2032 3646 2064 3687 a
2097 3634 2302 3688 sanctis
2331 3636 2593 3703 apostolis
2624 3639 2827 3692 dictum
2890 3650 3016 3696 est:
3054 3659 3074 3693 ι
3130 3640 3268 3697 Vere
3329 3642 3424 3702 Dei
3460 3644 3628 3702 Filius

2031 3737 2092 3778 es
2127 3723 2190 3778 “.
2224 3742 2244 3776 ι
2275 3725 2490 3781 Editum
2524 3737 2609 3782 est
2634 3744 2850 3799 quoque
2895 3734 3109 3804 signum
3147 3737 3288 3804 apud
3320 3752 3436 3792 eos.
3465 3736 3628 3809 Nam,

2032 3825 2090 3870 ut
2125 3815 2326 3873 Paulus
2345 3818 2466 3874 ait:
2510 3839 2529 3872 ι
2561 3820 2839 3892 Ohsignati
2893 3839 3081 3882 sumus
3138 3829 3331 3896 spiritu
3395 3833 3628 3899 promis-

2031 3908 2224 3973 sionis,
2256 3912 2573 3965 etoninium
2600 3916 2854 3970 cordibus
2883 3913 3183 3987 impressus
3213 3931 3268 3973 et
3302 3921 3627 3978 informatus

2029 4010 2115 4054 est
2145 4001 2394 4056 Christus
2420 4005 2843 4074 participatione
2889 4009 3067 4063 sancti
3121 4011 3360 4079 Spiritus
3391 4014 3458 4068 ¹⁶.
3492 4034 3510 4066 ι
3545 4016 3624 4069 Ex

2031 4091 2098 4146 iis
2131 4093 2440 4162 quisalvati
2488 4095 2714 4165 fuerint,
2772 4100 2968 4171 inquit,
3003 4104 3248 4158 emittam
3306 4105 3371 4160 ad
3429 4122 3625 4177 genius

2031 4185 2168 4239 alias
2203 4196 2365 4256 atque
2390 4187 2547 4244 alias.
2581 4188 2721 4245 Sunt
2746 4194 2889 4246 enim
2943 4206 3131 4263 gentes
3171 4195 3274 4260 hac.
3309 4200 3500 4267 partim
3555 4204 3622 4254 ml

2031 4277 2391 4347 occidentem,
2446 4282 2643 4351 partim
2683 4285 2748 4337 ad
2817 4284 3314 4359 oricutem.918
3374 4292 3621 4360 quaedam

2032 4371 2085 4425 in
2115 4371 2286 4443 plagis
2322 4374 2389 4428 ad
2413 4374 2720 4444 aquilonem
2766 4378 3136 4446 vergentibus,
3189 4392 3242 4433 et
3292 4381 3341 4434 in
3399 4383 3655 4450 rcgione‘

2031 4460 2347 4517 Gra‘corum
2393 4477 2459 4519 ac
2501 4465 2693 4520 insulis
2754 4465 3125 4522 ulterioribus.
3164 4487 3182 4520 ι
3221 4467 3366 4534 Illic,
3418 4470 3616 4540 inquit,

2035 4555 2438 4610 annuntiabunt
2467 4556 2694 4625 gloriam
2728 4573 2956 4612 meam.)
2990 4557 3107 4613 Non
3158 4561 3303 4615 enim
3345 4562 3615 4618 siluerunt

2037 4646 2306 4717 discipuli,
2361 4650 2456 4723 sed
2521 4651 2720 4720 ubique
2746 4649 3098 4722 Evangelium
3130 4654 3281 4727 regni
3330 4664 3384 4709 et
3444 4670 3617 4713 sacrm

2027 4738 2429 4807 praedicationis
2454 4740 2709 4795 virtutem
2763 4743 3149 4812 prmdicarunt.

2095 5020 2259 5081 Vens.
2297 5024 2389 5096 20,
2417 5027 2508 5082 2i.
2540 5028 2610 5084 Et
2635 5030 2895 5085 adducent
2930 5032 3125 5102 fratres
3164 5044 3356 5090 vestros
3391 5053 3456 5091 ea:
3503 5054 3616 5092 om-

2025 5116 2181 5175 nibus
2212 5120 2452 5189 gentibus
2489 5124 2688 5177 donum
2725 5122 2953 5180 Domino
3000 5142 3117 5180 cum
3144 5129 3312 5196 equis,
3368 5132 3615 5186 curribus

328 5209 467 5257 των,
497 5193 569 5247 ἐν
610 5193 960 5264 λαμπήναις
1007 5197 1274 5267 ἡμιόνων
1303 5199 1457 5270 μετὰ
1487 5201 1802 5267 σκιαδίων,
1832 5205 1919 5270 εἰς

2040 5219 2077 5265 et
2125 5212 2324 5269 lecticis
2376 5218 2663 5284 mulorum,
2727 5237 2847 5276 cum
2898 5223 3223 5278 umbraculis
3275 5226 3329 5279 in
3375 5240 3614 5281 sanctum

327 5282 445 5352 τὴν
493 5285 674 5355 ἁγίαν
705 5285 888 5339 πόλιν
927 5285 1341 5361 Ἰερουσαλὴμ,
1388 5291 1521 5346 εἷπε
1561 5294 1802 5362 Κύριος,
1837 5294 1920 5361 ὡς

2040 5301 2290 5356 :ivitatem
2345 5303 2667 5377 Jerusalem,
2694 5310 2828 5365 dixit
2863 5310 3160 5368 Dominus:
3190 5316 3343 5379 (τοιαιὲ
3389 5316 3617 5386 afferant

327 5376 404 5430 ἂν
438 5377 804 5448 ἐνέτκαισαν
850 5381 904 5434 οι
933 5381 1050 5434 υἱοὶ
1088 5380 1339 5453 Ἰσραὴλ
1366 5385 1497 5455 ἐμοὶ
1539 5386 1649 5454 τὰς
1701 5386 1921 5453 θυσίας

2040 5392 2122 5446 ilii
2184 5393 2359 5451 Israel
2412 5401 2544 5453 mihi
2578 5376 2780 5456 hostias
2818 5420 2945 5458 suas
2980 5422 3099 5460 rum
3145 5376 3363 5475 psalmis
3412 5376 3465 5462 5'}.
3514 5410 3615 5461 do-

324 5468 528 5524 αὐτῶν
564 5472 716 5539 μετὰ
756 5473 1017 5542 ψαλμῶν
1048 5476 1136 5541 εὶς
1181 5474 1288 5529 τὸν
1333 5474 1505 5532 οἷκον
1546 5479 1789 5548 Kvplov,
1816 5480 1917 5535 καὶ

2040 5501 2163 5538 num
2195 5485 2433 5552 Domini,
2464 5504 2510 5545 et
2545 5507 2611 5546 ea:
2636 5496 2709 5548 eis
2730 5511 2937 5551 sumam
2968 5500 3263 5554 sacerdotes
3293 5509 3340 5553 et
3401 5499 3620 5566 levitas.

324 5561 427 5614 ἀπ’
497 5562 699 5617 αὐτῶν
752 5564 1027 5635 λήψομαι
1082 5565 1259 5635 ἱερεῖς
1307 5568 1407 5623 καὶ
1455 5572 1734 5640 Λευῒτας,
1783 5568 1918 5626 εἶπε

2040 5578 2151 5633 lixit
2188 5579 2442 5637 Dominus
2457 5625 2473 5640 .

312 5653 562 5725 Κύριος.

397 5831 443 5863 ¹⁹
470 5831 612 5888 Psal.
644 5849 831 5903 XLVIII,
862 5834 918 5888 2.
998 5835 1221 5893 “Joan.
1256 5853 1310 5906 ι,
1336 5837 1428 5893 '55.
1509 5839 1555 5871 "
1592 5830 1786 5896 Matth.
1818 5855 1929 5911 xvr,

2040 5883 2053 5897 .
2134 5845 2176 5878 "
2207 5843 2399 5902 Matth.
2428 5862 2542 5913 XIV,
2575 5848 2665 5904 '55.
2703 5848 2747 5880 “
2776 5846 2975 5921 Eplies.
3009 5863 3048 5914 ι,
3076 5849 3166 5916 13,
3203 5850 3290 5908 li.
