4140 6476
540 416 566 471 i
588 420 679 475 m

613 534 768 601 Quod
789 530 979 587 eﬂieax
1009 527 1232 584 omni-uo
1253 527 1434 581 futura
1470 524 1541 581 sit
1581 534 1637 581 et
1662 524 1943 581 fructuosa
1968 537 2130 580 sanc-
2156 532 2207 590 Α

542 638 723 681 torum
752 620 1117 692 apostolorum
1180 616 1512 687 przedicatio,
1562 616 1704 686 apud
1728 629 1921 687 gentes
1982 630 2121 687 quas

544 715 802 779 diximus,
829 695 885 767 et
918 712 971 766 in
1002 724 1191 767 earum
1229 708 1565 780 regionibus,
1598 708 1685 763 bis
1705 708 1885 764 verbis
1910 708 2131 764 demon-

543 816 702 862 strat:
745 822 766 857 ι
806 804 1028 858 Vestros
1083 801 1250 862 enim.
1300 799 1534 865 fratres,
1582 800 1758 871 inquit
1800 800 1912 873 (ut
1956 800 2131 855 oratio

543 899 611 951 ad
690 894 963 950 lsraelitas
1033 892 1319 948 credentes
1386 891 1650 947 habeatur
1671 895 1718 964 ),
1767 907 1832 947 ex
1883 890 2131 960 gentibus

545 988 817 1043 adducent
844 988 982 1040 dona
1003 985 1283 1039 Domino.»
1308 984 1441 1038 Nam
1454 983 1606 1054 {velut
1625 982 1910 1038 anathema
1937 989 1991 1037 et
2014 997 2133 1036 mu-

546 1095 654 1133 nus
686 1080 752 1133 ad
782 1078 1007 1147 gloriam
1034 1075 1130 1130 Dei
1158 1085 1537 1131 consecratum
1562 1086 1701 1140 erat,
1732 1074 1968 1145 gentium
1992 1072 2133 1127 mul-

547 1171 739 1234 titudo,
770 1184 864 1238 per
893 1168 1049 1222 fidem
1084 1169 1152 1223 ab
1172 1168 1425 1222 omnibus
1473 1167 1624 1222 vitiis
1652 1166 1923 1231 absoluta,
1960 1172 2013 1220 et
2035 1179 2133 1235 per

543 1278 758 1317 sacrum
780 1262 1051 1316 lavacrum
1084 1254 1338 1315 omnibus
1357 1259 1584 1326 abiectis
1606 1259 1883 1321 sordibus.
1911 1267 1966 1311 et
1993 1273 2134 1326 qua-

474 1390 482 1397 .
543 1349 588 1403 si
620 1349 837 1402 xenium
865 1362 932 1402 ac
978 1347 1265 1401 donarium
1302 1347 1610 1416 apostolica:
1667 1347 1966 1409 industriae,
2021 1346 2132 1400 Deo

543 1439 806 1495 oblatum.
859 1440 933 1493 De
963 1440 1067 1493 hoc
1131 1439 1312 1507 itaque
1352 1439 1677 1504 gloriantur,
1733 1438 2134 1507 gaudium-eos

543 1545 702 1586 suum
732 1540 787 1585 et
836 1544 1093 1583 coronam
1147 1518 1302 1584 suam
1356 1529 1719 1584 nominantes.
1788 1527 2129 1584 Facillimam

543 1631 725 1676 autem
757 1621 872 1675 fore
894 1636 958 1673 ac
985 1620 1184 1683 levem,
1218 1618 1338 1673 sine
1378 1620 1526 1674 omni
1584 1622 1802 1687 sudore,
1864 1619 2132 1675 industria

543 1722 598 1768 et
627 1713 830 1777 labore,
864 1711 1100 1781 gentium
1131 1711 1198 1763 ad
1250 1709 1418 1766 Deum
1471 1712 1861 1778 reversionem,
1893 1711 2135 1767 declarat

543 1813 750 1873 aperte,
786 1802 930 1856 velut
960 1802 1212 1869 exemplo
1240 1817 1271 1857 a
1333 1802 1489 1857 nobis
1542 1811 1781 1871 sumpto,
1830 1818 1954 1865 cum
2003 1801 2135 1857 dicit

1532 408 1591 465 S.
1631 405 1916 466 CYRILLI
1952 405 2429 463 ALEXANDRINI
2467 404 2793 465 ARCHIEP.
3536 410 3573 427 "

3683 423 3828 479 ΜΗ

2305 525 2429 579 Ὀτι
2482 526 2659 597 πάντη
2710 543 2772 579 τε
2818 525 2914 580 καὶ
2958 525 3177 591 πάντως
3231 529 3457 601 ἐνεργὸν
3524 532 3675 588 ἔσται
3728 540 3826 592 καὶ

2230 614 2512 688 ἔγκαρπον
2563 616 2626 670 τὸ
2677 616 2769 671 διὰ
2822 616 2934 670 τῶν
2968 617 3141 686 ἁγίων
3186 620 3505 677 ἀποστόλων
3559 625 3825 699 κήρυγμα

2231 710 2384 781 παρά
2410 712 2523 774 τοῖς
2559 709 2973 783 ὠνομασμένοις
3005 712 3182 767 ἔθνεσι
3214 713 3309 767 καὶ
3341 716 3461 779 ταῖς
3504 715 3685 771 αὐτῶν
3728 719 3827 789 χώ-

2235 816 2374 872 ραις,
2408 800 2767 855 διαδείκνυσιν
2808 803 2868 857 ὲν
2912 802 3124 869 τούτοις
3152 821 3167 836 ο
3207 822 3227 856 ι
3253 804 3391 869 Τοὺς
3421 807 3532 879 γάρ
3563 807 3826 877 ἀδελφοὺς

2233 891 2410 962 ὑμῶν,
2452 911 2472 946 ι
2505 892 2692 963 φησὶν,
2723 892 2790 946 ἵν’
2823 895 2851 946 ό
2899 892 3055 963 λόγος
3181 894 3319 966 πρὸς
3348 897 3474 960 τοὺς
3504 896 3564 961 ἐξ
3595 897 3827 968 αἵματος

2244 983 2462 1055 Ἰσραὴλ
2491 983 2910 1049 πιστεύσαντας,
2949 1002 2969 1036 ι
3013 985 3123 1037 ἀπὸ
3158 985 3268 1037 τῶν
3303 984 3474 1039 ἐθνῶν
3506 986 3694 1051 ἄξουσι
3718 988 3823 1041 δῶ-

2235 1090 2327 1145 ρον
2350 1073 2430 1144 τῷ
2449 1074 2661 1146 Κυρίῳ.
2692 1093 2712 1127 ι
2748 1072 3032 1144 Ἀνάθημα
3059 1075 3168 1147 γὰρ
3191 1074 3382 1149 ὥσπερ
3409 1080 3491 1143 εἱς
3510 1080 3666 1147 δόξαν
3687 1081 3823 1136 Θεοῦ

2230 1166 2340 1221 τῶν
2364 1166 2535 1221 ἐθνῶν
2562 1168 2785 1237 γέγονεν
2812 1170 2847 1239 ἡ
2879 1168 3112 1241 πληθὺς,
3139 1171 3534 1242 ἀπηλλαγμένη
3569 1175 3667 1243 μὲν
3690 1191 3829 1228 παν-

2232 1258 2323 1322 τὸς
2351 1259 2676 1329 αἱτιάματος
2715 1258 2807 1312 διὰ
2846 1259 2946 1331 τῆς
2986 1260 3248 1324 πίστεως,
3283 1261 3376 1314 καὶ
3420 1263 3598 1317 πάντα
3652 1263 3815 1335 ρύποτ

2232 1346 2582 1401 ἀποϐαλοῦσα
2619 1347 2707 1401 διὰ
2755 1348 2852 1401 τοῦ
2900 1348 3059 1417 ἁγίου
3115 1348 3512 1420 βαπτίσματος,
3558 1350 3733 1417 ξένιον
3765 1351 3822 1404 ἃ

2233 1438 2423 1511 ὥσπερ
2453 1439 2827 1495 ἁποστολικῶν
2856 1441 3291 1512 σπουδασμᾱπων
3311 1442 3716 1513 προσκομισθὲν
3742 1442 3821 1514 τῷ

2233 1532 2375 1603 Θεῷ.
2408 1532 2734 1603 Καυχῶνται
2755 1533 2889 1602 γοῦν
2917 1535 3005 1586 ἐπ’
3027 1533 3177 1605 αὐτῷ
3209 1533 3273 1604 δὴ
3300 1534 3496 1605 τούτῳ,
3526 1534 3699 1606 χαρὰν
3725 1536 3824 1588 αύ-

2234 1623 2364 1687 τοὺς
2390 1624 2484 1676 καὶ
2511 1624 2773 1694 στέφανον
2801 1624 3011 1678 ἑαυτῶν
3045 1625 3422 1696 ὀνομάζοντες.
3455 1625 3578 1679 Ὅτι
3608 1625 3664 1679 δὲ
3687 1626 3825 1678 ἀπο·

2233 1718 2445 1790 νωτάτη
2475 1717 2616 1784 λίαν,
2648 1718 2743 1772 καὶ⁸
2774 1717 2997 1789 ἱδρῶτος
3036 1718 3163 1789 δίχα
3192 1719 3419 1781 παντὸς,
3446 1718 3540 1771 καὶ
3582 1716 3820 1786 ἀγῶνος,

2235 1810 2330 1863 καὶ
2358 1810 2535 1864 πόνων
2564 1811 2596 1881 ἠ
2642 1808 2779 1881 πρὸς
2802 1809 2936 1862 Θεὸν
2976 1809 3285 1882 ἐπιστροφὴ
3317 1809 3428 1863 τῶν
3459 1807 3651 1875 ἐθνῶν,
3697 1808 3830 1862 καθ-

540 1894 886 1949 adducendas
912 1907 1035 1947 esse
1062 1907 1183 1947 cum
1224 1892 1403 1961 equis,
1467 1893 1736 1955 curribus,
1792 1891 2020 1957 lecticis,
2071 1901 2128 1947 et

2233 1899 2443 1970 ίστησιν
2463 1898 2729 1967 ἐναργῶς,
2759 1899 2836 1962 ὡς
2862 1900 2927 1953 ἐκ
2944 1899 3388 1971 παραδείγματος
3407 1899 3501 1953 τοῦ
3526 1900 3646 1954 καθ’
3676 1900 3827 1971 ἡμᾶς

540 1984 894 2040 umbraculis.
922 1983 1055 2038 Nam
1081 1993 1141 2038 ut
1172 1983 1264 2052 qui
1296 1983 1380 2039 his
1405 1984 1566 2039 rebus
1602 1976 1719 2039 iter
1768 1999 1927 2040 suum
1959 1984 2129 2038 conli-

540 2076 714 2143 cinnt,
741 2075 886 2131 nullo
907 2074 1091 2130 labore
1118 2074 1457 2141 expediunt,
1487 2075 1568 2130 sic
1616 2075 1708 2143 qui
1758 2089 1791 2130 e
1829 2074 2132 2145 gracanico

539 2181 730 2222 errore
750 2168 816 2221 ad
853 2168 1017 2221 Deum
1045 2168 1291 2231 redeunt,
1322 2166 1406 2220 via
1432 2166 1587 2235 plana
1616 2175 1675 2221 et
1699 2165 1824 2219 trita
1882 2165 2130 2233 veniunt,

539 2272 607 2312 ac
637 2267 847 2313 tantum
872 2273 979 2312 non
1011 2257 1172 2323 vecti,
1201 2266 1257 2311 et
1285 2256 1394 2311 Deo
1414 2256 1560 2313 omni
1584 2270 1678 2311 eos
1704 2254 1965 2325 requietis
2027 2270 2126 2327 ge-

544 2364 675 2405 nere
723 2350 1000 2420 dignante.
1030 2346 1260 2404 venient
1305 2358 1483 2403 autem
1521 2346 1867 2418 qnonam'iin
1890 2356 2133 2402 sanctam

2232 1990 2406 2060 λέγων
2428 2032 2442 2056 ,
2474 1991 2556 2043 ὅτι
2597 1991 2924 2062 ἀχθήσονται
2960 1990 3080 2060 μεθ’
3107 1990 3293 2044 ἵππων
3342 1991 3438 2044 καὶ
3471 1990 3739 2062 ἁρμάτων
3767 1992 3828 2044 ἐν

2232 2079 2547 2152 λαμπήναις
2580 2081 2676 2133 καὶ
2710 2079 3007 2144 σκιαδίοιςο
3045 2077 3238 2151 ὥσπερ
3280 2078 3390 2150 γὰρ
3416 2080 3464 2132 οἱ
3485 2078 3574 2131 διὰ
3614 2077 3824 2133 τούτων

2232 2172 2536 2243 ὁδοιπορεῖν
2584 2170 2859 2237 εἰωθότες,
2907 2170 3266 2241 ἀπονωτάτην
3311 2170 3410 2242 τὴν
3453 2169 3826 2242 προκειμένην

2233 2264 2420 2328 αὐτοῖς
2454 2246 2781 2334 κατορθοῦσι
2820 2262 3010 2334 τρίϐον
3033 2278 3047 2294 ⁸
3076 2262 3249 2325 οὕτως
3272 2262 3325 2315 οἱ
3357 2263 3423 2314 ἐκ
3460 2262 3671 2333 πλάνης
3708 2260 3828 2314 Ἐλ-

2234 2356 2462 2426 ληνικῆς
2496 2355 2634 2427 πρὸς
2678 2353 2812 2408 Θεὸν
2862 2355 3287 2427 ἐπιστρέφοντες
3327 2353 3416 2408 διὰ
3460 2352 3609 2418 λείας
3638 2352 3828 2424 ὥσπερ

539 2440 843 2507 civitatem,
881 2454 1077 2509 nempe
1106 2438 1428 2505 Jerusalem,
1465 2454 1587 2509 qua:
1635 2449 1721 2495 est
1745 2438 1838 2494 Dei
1904 2439 2132 2494 viventis

2237 2448 2330 2503 καὶ
2364 2446 2718 2518 ἐστρωμένης
2746 2444 2969 2516 ἥξουσιν
3001 2445 3144 2510 όδοῦ,
3186 2446 3282 2499 καὶ
3318 2445 3599 2517 μονονουχὶ
3626 2445 3719 2498 καὶ
3747 2445 3826 2498 60-

539 2534 807 2591 Ecclesia.
841 2534 1120 2603 Eruntque
1171 2533 1307 2587 adeo
1357 2531 1578 2602 iucundi
1637 2542 1693 2585 et
1750 2530 1982 2599 accepti,
2032 2529 2132 2600 qui

2242 2524 2657 2611 ρυφορούμενοι,
2685 2536 2781 2589 καὶ
2813 2536 3034 2606 ἀπάσης
3063 2536 3259 2599 αὐτοὺς
3281 2535 3602 2604 ἀναπαύλης
3622 2534 3831 2600 ἀξιοῦν·-

541 2628 808 2684 accedunt
836 2627 903 2681 ad
924 2624 1117 2691 Deum,
1151 2622 1377 2695 perinde
1397 2624 1554 2695 quasi
1593 2622 1794 2688 hostia,
1823 2622 2021 2691 inquit,
2036 2622 2132 2676 ad-

2237 2646 2329 2694 τος
2354 2629 2491 2683 Θεοῦ
2507 2645 2521 2659 ο
2547 2627 2738 2699 ἥξουσι
2761 2627 2840 2691 δὲ,
2860 2626 2965 2680 ποῦ
2986 2643 3001 2693 ;
3025 2627 3123 2690 Ei;
3146 2627 3246 2696 τὴν
3273 2626 3435 2695 ἁγίαν
3458 2626 3632 2692 πόλιν,
3660 2628 3830 2697 ἧγουν

541 2722 834 2776 duceretur
853 2733 974 2773 cum
1002 2716 1124 2773 odis
1161 2725 1217 2772 et
1243 2731 1422 2771 rerum
1447 2716 1750 2770 divinarum
1806 2714 2132 2769 celebratio-

2251 2718 2628 2793 Ἰερουσαλὴμ,
2675 2717 2800 2788 ἥτις
2850 2719 2997 2771 ἐστὶν
3056 2718 3356 2788 Ἐκκλησία
3401 2717 3538 2771 Θεοῦ
3587 2717 3828 2782 ζῶντοςο

550 2827 643 2867 ne.
678 2812 788 2866 lmo
813 2820 868 2866 et
900 2826 920 2861 ι
951 2809 1027 2864 Ex
1055 2807 1168 2864 illis
1194 2824 1405 2866 sumam
1438 2807 1750 2863 sacerdotes
1772 2816 1827 2861 et
1875 2805 2089 2861 levitas.
2111 2823 2132 2859 ι

2240 2813 2453 2867 ἔσονται
2480 2809 2539 2864 δὲ
2575 2807 2753 2873 οὕτως
2773 2807 2922 2877 ἡδεῖς
2965 2809 3057 2861 καὶ
3088 2807 3481 2880 εὐπρόσδεκτοι
3511 2807 3831 2878 προσιόντες

543 2904 621 2960 Ex
656 2902 891 2973 quibus?
914 2900 1025 2957 Nec
1053 2900 1199 2957 enim
1221 2901 1354 2956 satis
1369 2907 1590 2956 constat
1614 2907 1796 2953 utrum
1831 2912 1900 2953 ex
1937 2898 2006 2953 iis
2041 2896 2132 2968 qui

2239 2903 2379 2974 Θεῷ,
2392 2899 2595 2956 ὡσανεὶ
2619 2901 2715 2956 καὶ
2736 2899 2897 2955 θυσία
2923 2900 3334 2970 προσαγομένη,
3356 2900 3510 2971 φησι,
3540 2901 3656 2968 μετ’
3683 2896 3831 2968 ᾠδῆς

544 2997 697 3051 missi
726 2994 933 3050 suntad
958 2992 1260 3048 vocandum
1307 3001 1514 3061 gentes,
1543 3006 1612 3045 an
1631 2990 1816 3045 exiliis
1829 2989 1919 3059 qui
1960 2988 2132 3044 vocati

2242 2996 2340 3050 καὶ
2385 2992 2714 3064 δοξολογίας.
2766 2991 2928 3046 Ἀλλά
2974 2992 3070 3044 καὶ
3103 3011 3123 3046 ι
3168 2993 3285 3045 Ἀπ’
3335 2992 3515 3044 αὐτῶν
3559 2989 3827 3061 λήψομαι,

540 3097 695 3141 sunt.
717 3083 1107 3139 Verumtamen
1129 3083 1467 3137 inveniemus
1479 3090 1534 3134 et
1550 3080 1720 3135 hocet
1734 3078 1903 3149 919
1919 3078 2046 3132 illud
2061 3092 2132 3132 es-

2242 3087 2399 3158 φησὶ,
2426 3087 2520 3140 καὶ
2555 3087 2743 3156 ἱερεῖς,
2775 3085 2870 3139 καὶ
2898 3085 3153 3147 Λευῖτας.
3260 3084 3381 3136 Ἀπ’
3415 3081 3598 3136 αὐτῶν
3635 3081 3714 3147 δὲ,
3744 3080 3828 3134 τίς

540 3193 621 3234 se.
643 3177 776 3232 Nam
803 3176 1121 3230 sacerdotes
1165 3172 1510 3229 oraculorum
1561 3170 1769 3225 Christi
1809 3169 2132 3223 exstiterunt

2242 3194 2385 3244 νων;
2419 3175 2587 3231 Οῦπω
2616 3176 2762 3247 μάλα
2790 3176 2980 3245 σαφὲς,
3014 3175 3240 3247 πότερον
3268 3174 3332 3227 ἐκ
3360 3173 3468 3227 τῶν
3494 3172 3828 3227 ἀποσταλέν-

539 3282 759 3338 quoque
775 3266 943 3320 divini
957 3264 1207 3334 discipuli
1225 3282 1240 3319 :
1255 3264 1428 3320 vocati
1442 3271 1621 3317 autem
1638 3272 1842 3318 suntex
1859 3258 2132 3315 Graacani-

2241 3285 2350 3323 των
2372 3242 2460 3332 είς
2505 3268 2567 3322 τὸ
2603 3242 2828 3323 καλέσαι
2857 3242 2985 3330 τοὺς
3026 3265 3087 3331 ἐξ
3126 3242 3314 3329 ἐθνῶν,
3347 3265 3514 3336 ἤγουν
3554 3262 3614 3330 ἐξ
3648 3263 3831 3319 αὐτῶν

533 3388 547 3415 ι
565 3381 598 3417 o
619 3374 781 3428 grege
794 3357 966 3421 multi,
987 3354 1227 3412 etadbnc
1242 3357 1581 3410 vocanturad
1598 3351 1985 3413 sacerdotium,
2019 3349 2132 3404 Deo

2241 3360 2354 3414 τῶν
2394 3359 2779 3432 κεκλημένωνο
2820 3358 2960 3430 πλὴν
2991 3358 3191 3428 ἀληθὲς
3230 3358 3289 3411 ὃν
3319 3358 3629 3430 εὑρήσομεν
3672 3353 3830 3410 τοῦτό

539 3450 659 3506 ilos
688 3452 755 3505 ad
780 3452 1072 3504 novitatem
1101 3448 1226 3502 vitae
1254 3455 1309 3500 et
1348 3445 1543 3501 mentis
1588 3441 1970 3498 transferente.
1996 3438 2131 3494 Nam

2238 3470 2301 3508 τε
2345 3454 2589 3508 κάκεῖνο.
2632 3451 2932 3524 Ἱερουργοὶ
2983 3454 3094 3521 γὰρ
3133 3453 3391 3520 γεγόνασι
3429 3450 3537 3504 τῶν
3568 3449 3656 3503 διὰ
3690 3450 3830 3520 Χρι-

538 3538 676 3596 fides
702 3540 846 3596 velut
875 3538 1089 3609 rettngit
1115 3539 1181 3592 ad
1211 3539 1262 3592 id
1290 3536 1434 3607 quod
1462 3538 1511 3590 ei
1547 3535 1740 3605 placet,
1766 3532 1990 3588 electos.

2243 3542 2371 3599 στοῦ
2423 3544 2812 3614 θεσπισμάτων
2868 3543 2965 3596 καὶ
3007 3543 3059 3594 οἱ
3105 3541 3385 3595 θεσπέσιοι
3434 3541 3706 3613 μαθηταί⁸
3737 3539 3830 3595 κέ·

539 3654 765 3724 κληνται
798 3652 853 3705 δὲ
877 3650 1012 3722 πρὸς
1038 3648 1358 3721 ἱερωσύνην,
1392 3649 1485 3703 καὶ
1521 3650 1601 3711 εἱς
1627 3645 1788 3717 δεῦρο
1833 3641 2127 3699 καλοῦνται
2161 3639 2351 3696 πολλοὶ
2384 3636 2496 3692 τῶν
2563 3636 2625 3703 ἐξ
2680 3635 2885 3706 ἀγέλης
2944 3634 3099 3698 ὄντες
3138 3633 3482 3706 Ἑλληνικῆς,
3508 3632 3645 3686 Θεοῦ
3697 3631 3831 3705 μεθ-

542 3746 790 3806 ιστάντος
833 3743 913 3804 εις
963 3741 1261 3811 καινότητα
1308 3740 1454 3812 ζωῆς
1499 3738 1594 3795 καὶ
1641 3736 1870 3810 γνώμης
1917 3735 2137 3800 αὐτούς.
2189 3730 2577 3805 Ἀναχαλκεύει
2631 3728 2744 3801 γὰρ
2791 3728 2983 3800 ὥσπερ
3029 3730 3064 3800 ή
3098 3728 3285 3792 πίστις
3324 3729 3403 3787 εἱς
3459 3727 3520 3781 τὸ
3558 3725 3708 3798 αὐτῷ
3740 3726 3832 3780 δο-

541 3836 670 3892 κοῦν
694 3836 820 3898 τοὺς
849 3833 1284 3904 ἐξειλεγμένους.

615 3931 779 3985 Vens.
811 3928 900 3995 22,
922 3929 1015 3983 25.
1045 3928 1209 3994 Quem
1229 3928 1514 3981 admodum
1559 3926 1697 3980 enim
1736 3923 1923 3978 caelum
1951 3916 2132 3978 novu‘m

2316 3917 2423 3969 Ὃν
2452 3913 2680 3981 τρόπον
2729 3909 2840 3981 γὰρ
2885 3913 2918 3964 ό
2961 3909 3221 3978 οὐρανὸς
3264 3908 3491 3976 καινὸς.
3528 3910 3626 3966 καὶ
3660 3913 3699 3982 ἠ
3752 3912 3831 3986 γῆ

540 4034 590 4076 et
625 4030 767 4075 terra
802 4033 1092 4088 nova,qua:
1118 4033 1212 4085 ego
1259 4016 1423 4085 facio,
1469 4015 1525 4069 in
1574 4029 1852 4085 conspectu
1884 4028 1996 4068 meo
2026 4027 2132 4066 ma-

2242 4005 2447 4075 καινὴ,
2479 4004 2520 4060 ἆ
2546 4001 2663 4074 ἐγὼ
2684 4000 2834 4056 ποιῶ
2855 3999 3026 4072 μένει
3052 3999 3314 4054 ἐνώπιόν
3345 4018 3485 4070 μου,
3516 4001 3679 4073 λέγει
3710 4007 3829 4060 Κύ..

541 4123 685 4177 nent,
702 4112 828 4166 dicit
848 4110 1105 4166 Dominus
1126 4124 1143 4162 .'
1164 4111 1239 4162 ita
1256 4109 1415 4162 stabit
1436 4123 1609 4163 semen
1632 4117 1858 4161 vestrum
1885 4114 1932 4159 et
1952 4117 2132 4157 nomen

2233 4116 2386 4172 pt0c°
2436 4098 2627 4161 οὕτως
2678 4093 2975 4161 στήσεται
3015 4091 3084 4146 τὸ
3128 4091 3367 4162 σπέρμα
3400 4092 3583 4162 ὑμῶν,
3628 4098 3727 4149 καὶ
3762 4095 3829 4149 τὸ

540 4215 786 4269 oestrum,
828 4203 929 4258 erit
960 4219 1059 4273 que
1095 4202 1290 4256 mensis
1311 4215 1378 4254 ex
1418 4215 1615 4264 meme,
1647 4209 1695 4253 et
1752 4195 2045 4254 Sabbatum
2071 4210 2132 4248 ea:

2242 4192 2433 4262 ὄνομα
2462 4186 2649 4260 ὑμῶν,
2683 4187 2785 4241 καί
2843 4184 3014 4239 ἔσται
3041 4183 3172 4254 μὴν
3206 4184 3274 4238 ἐκ
3295 4184 3512 4254 μηνὸς,
3541 4185 3641 4239 καὶ
3681 4186 3835 4239 2di-

540 4297 797 4354 Sabbato.
842 4293 1023 4349 Veniet
1068 4294 1236 4348 omnis
1281 4308 1447 4359 caro,
1499 4302 1555 4345 ut
1594 4292 1649 4345 in
1687 4297 1965 4359 conspectu
2026 4301 2132 4340 mea

2241 4286 2427 4339 ὄατον
2468 4282 2540 4336 ἐκ
2578 4279 2906 4335 Σαϐϐάτου.
2952 4277 3114 4342 Ἥξει
3160 4275 3328 4331 πᾶσα
3378 4276 3535 4344 σὰρξ
3571 4276 3825 4331 ἐνώπιόν

539 4391 726 4444 adoret
750 4385 808 4441 in
828 4383 1150 4447 Jerusalem,
1175 4384 1310 4438 dixit
1334 4382 1593 4437 Dominus
1616 4379 1781 4436 Deus.

2235 4393 2356 4447 μου
2396 4370 2826 4444 προσκυνῆσαι
2864 4370 2935 4424 ἐν
2975 4368 3398 4455 Ἰερουσαλὴμ,
3446 4365 3577 4423 εἷπε
3614 4371 3826 4437 Κύριος

2240 4471 2275 4523 ό
2301 4467 2467 4533 Θεός.

609 4564 948 4620 Firmitatem
968 4563 1084 4634 spei
1101 4563 1156 4618 in
1169 4562 1424 4618 omnibus
1437 4560 1598 4617 bonis
1610 4558 1894 4631 pollicetur
1908 4555 2132 4628 diligen-

2310 4556 2384 4610 Τὸ
2411 4555 2747 4627 ἀκράδαντον
2786 4556 2886 4626 τῆς
2916 4553 3129 4617 ἐλπίδος
3162 4555 3276 4618 τοῖς
3313 4553 3401 4622 ἐφ’
3434 4553 3638 4609 ἅπασιν
3684 4556 3825 4625 ἀγα-
3870 4624 3875 4627 _

540 4657 685 4713 tibus
699 4671 777 4722 se,
792 4663 847 4711 et
860 4656 1255 4726 apparitionem
1273 4672 1424 4712 suam
1438 4653 1881 4726 agnoscentibus.
1904 4652 1974 4709 Ut
1985 4650 2132 4708 enim

2241 4646 2355 4711 θοῖς
2394 4647 2735 4717 ὑπισχνεῖται
2767 4645 3004 4718 Χριστὸς
3031 4646 3145 4707 τοῖς
3188 4644 3475 4712 ἀγαπῶσιν
3520 4645 3705 4711 αὐτὸν,
3733 4647 3825 4701 καὶ

540 4748 737 4820 inquit,
769 4762 893 4802 cum
921 4762 1093 4803 novos
1139 4748 1306 4804 caelos
1339 4756 1394 4803 et
1420 4762 1622 4803 novam
1663 4753 1865 4800 terram
1902 4741 2132 4797 fabrica-

2244 4741 2357 4803 τοῖς
2390 4738 2730 4807 ἐπεγνωκόσι
2763 4736 2863 4807 τὴν
2890 4736 3212 4805 ἐπιφάνειαν
3243 4734 3427 4789 αὑτοῦ.
3461 4736 3669 4809 Ὠσπερ
3693 4737 3824 4809 γὰρ,

539 4840 732 4904 vei-im,
758 4837 835 4893 ita
860 4839 1036 4893 sinam
1072 4852 1317 4901 manere,
1360 4851 1464 4891 nec
1505 4851 1570 4891 ea
1595 4833 1767 4889 ullum
1797 4840 2012 4901 tempus
2038 4829 2132 4884 de-

2244 4830 2398 4903 φησὶ,
2435 4831 2839 4901 καινουργῆσας
2864 4827 2956 4880 τὸν
2992 4826 3220 4897 οὐρανὸν
3260 4826 3355 4878 καὶ
3380 4824 3479 4896 τὴν
3519 4828 3642 4899 γῆν,
3682 4827 3824 4882 οὕτω

537 4930 697 4986 lebit:
735 4931 805 4986 ita
844 4946 1030 4987 semen
1066 4939 1122 4985 et
1145 4943 1347 4983 nomen
1415 4935 1655 4983 vestrum
1685 4923 1851 4980 stabit
1896 4922 1953 4976 in
1996 4936 2131 4977 con-

537 5034 728 5094 spectu
753 5038 895 5078 meo.
926 5022 1105 5078 Novos
1131 5022 1279 5077 enim
1326 5020 1495 5077 caelos
1523 5028 1579 5075 et
1606 5032 1806 5074 novam
1829 5024 2032 5072 terram
2060 5029 2126 5069 ac

542 5114 938 5185 promissiones
987 5113 1105 5181 ejus
1142 5121 1540 5183 exspeCtamus,
1587 5108 1889 5184 secundum
1914 5105 1967 5161 id
1987 5104 2132 5176 quod

537 5205 801 5276 scriptum
845 5213 930 5260 est
958 5203 1026 5263 ".
1074 5203 1402 5259 Sanctorum
1451 5210 1631 5257 autem
1662 5214 1819 5271 spem
1863 5204 2131 5252 staturam

537 5312 759 5369 semper
808 5305 865 5352 et
925 5311 1362 5368 permansuram,
1416 5291 1855 5364 sapientissimus
1930 5289 2133 5345 Paulus

534 5388 912 5455 confirmabit,
962 5387 1210 5443 scribens
1240 5388 1307 5451 ",
1357 5386 1502 5441 dona
1550 5393 1606 5440 et
1645 5382 1987 5437 vocationem
2030 5380 2129 5435 Dei

539 5497 662 5537 esse
695 5481 813 5536 sine
876 5477 1220 5550 pmnitentia.
1272 5475 1470 5531 Semen
1525 5476 1709 5545 itaque
1753 5473 2122 5538 benedictum,

534 5572 665 5628 illud
684 5562 935 5628 a‘sanctis
958 5568 1217 5642 apostolis
1237 5569 1345 5622 Deo
1368 5567 1633 5632 oblatum,
1662 5565 1966 5621 servabitur
2002 5578 2124 5635 per-

541 5676 727 5734 petuo,
757 5663 1018 5735 nulloque
1071 5661 1233 5717 modo
1278 5658 1546 5723 interibit,
1581 5673 1645 5712 ac
1673 5657 1819 5713 velut
1850 5671 1974 5712 cum
2002 5667 2117 5709 coe-

616 5838 661 5874 ¹⁷
688 5838 735 5895 ιι
756 5840 902 5907 Petr.
926 5857 1007 5908 ιιι,
1044 5841 1130 5897 15.
1210 5840 1254 5872 ⁸⁸
1291 5837 1449 5894 Rom.
1478 5853 1553 5907 xl,
1580 5838 1674 5892 ‘29.

2243 4921 2425 4991 μένειν
2474 4918 2793 4995 ἐάσω,καὶ
2841 4918 3018 4979 οὐδεὶς
3066 4914 3205 4970 αύτά
3258 4916 3553 4970 καταλύσει
3598 4920 3822 4990 χρόνος’

2237 5009 2381 5063 οὕτω
2412 5009 2474 5063 τὸ
2501 5009 2722 5079 σπέρμα
2760 5005 2935 5076 ὑμῶν,
2988 5004 3082 5056 καὶ
3120 5002 3182 5055 τὸ
3219 5003 3391 5074 ὄνομα
3427 5007 3686 5077 στήσεται
3739 5009 3812 5062 ἐν·

2231 5098 2406 5152 ὠπιόν
2440 5116 2562 5169 μου.
2606 5098 2846 5159 Καινοῦς
2891 5094 3000 5166 γὰρ
3037 5094 3322 5165 οὐρανοὺς.
3348 5096 3445 5149 καὶ
3475 5096 3669 5169 καινὴν
3697 5099 3821 5169 γῆν,

2229 5189 2324 5245 καὶ
2367 5188 2438 5242 τά
2481 5186 2879 5257 ἐπαγγέλματα
2922 5183 3090 5238 αὑτοῦ
3138 5185 3549 5258 προσδοκῶμεν,
3581 5189 3722 5241 κατά
3764 5183 3827 5242 τὶ

2230 5278 2638 5350 γεγραμμένον.
2682 5280 2805 5331 Ὀτι
2834 5276 2891 5330 δὲ
2923 5277 3019 5330 καὶ
3048 5279 3081 5347 ἠ
3102 5276 3212 5331 τῶν
3242 5278 3415 5347 ἁγίων
3439 5278 3595 5341 ἐλπὶς
3627 5282 3793 5348 στήσε

2232 5391 2323 5427 ται
2364 5373 2450 5427 ἀεὶ
2496 5373 2591 5426 καὶ
2625 5372 2889 5443 διαμενεῖ,
2922 5368 3259 5423 πιστώσεται
3299 5371 3527 5440 γράφων
3568 5373 3597 5423 ό
3622 5373 3813 5425 πάνσο-

2234 5483 2334 5536 (po;
2363 5464 2594 5529 Παῦλος,
2636 5464 2717 5517 ὅτι
2758 5461 3152 5534 ἀμεταμέλητα
3189 5460 3258 5514 τὰ
3287 5461 3623 5533 χαρίσματα,
3663 5462 3757 5515 καὶ
3787 5464 3820 5535 ἡ

2232 5559 2427 5628 κλῆσις
2449 5555 2544 5610 τοῦ
2575 5556 2734 5611 Θεοῦ.
2768 5556 2980 5610 Οὐκοῦν
3021 5554 3081 5607 τὸ
3111 5554 3333 5623 σπέρμα
3360 5553 3420 5607 τὸ
3461 5551 3824 5623 εὐλογημένον

2226 5650 2290 5704 τὸ
2320 5648 2408 5703 διὰ
2439 5648 2548 5703 τῶν
2578 5647 2748 5718 ἁγίων
2778 5644 3094 5701 ἀποστόλων
3121 5640 3529 5714 προσκομισθὲν
3561 5641 3640 5713 τῷ
3677 5640 3819 5713 Θεῷ,
