  <div class='ocr_page' id='page_1' title='image "/cluster/home/n/w/nwhite01/storage/ocr_20150623/70:no.3/coo.31924054869726/733.png"; bbox 0 0 4140 6474; ppageno 0'>
   <div class='ocr_carea' id='block_1_1' title="bbox 524 368 662 429">
    <p class='ocr_par' dir='ltr' id='par_1_1' title="bbox 524 368 662 429">
     <span class='ocr_line' id='line_1_1' title="bbox 524 368 662 429; baseline 0 -1"><span class='ocrx_word' id='word_1_1' title='bbox 524 368 662 429; x_wconf 76' lang='grc' dir='ltr'>ιιει</span> 
     </span>
    </p>
   </div>
   <div class='ocr_carea' id='block_1_2' title="bbox 522 524 1632 563">
    <p class='ocr_par' dir='ltr' id='par_1_2' title="bbox 522 524 1632 563">
     <span class='ocr_line' id='line_1_2' title="bbox 522 524 1632 563; baseline 0.002 -7"><span class='ocrx_word' id='word_1_2' title='bbox 522 524 1632 563; x_wconf 54' lang='lat' dir='ltr'><strong>m</strong></span> 
     </span>
    </p>
   </div>
   <div class='ocr_carea' id='block_1_3' title="bbox 1520 375 2763 441">
    <p class='ocr_par' dir='ltr' id='par_1_3' title="bbox 1520 375 2763 441">
     <span class='ocr_line' id='line_1_3' title="bbox 1520 375 2763 441; baseline 0.008 -10"><span class='ocrx_word' id='word_1_3' title='bbox 1520 375 1578 431; x_wconf 91' lang='lat' dir='ltr'><strong>S.</strong></span> <span class='ocrx_word' id='word_1_4' title='bbox 1620 377 1890 433; x_wconf 76' lang='lat' dir='ltr'><strong>CYRILLI</strong></span> <span class='ocrx_word' id='word_1_5' title='bbox 1931 377 2405 436; x_wconf 64' lang='lat' dir='ltr'><strong>ALEXANDRINI</strong></span> <span class='ocrx_word' id='word_1_6' title='bbox 2442 381 2763 441; x_wconf 75' lang='lat' dir='ltr'><strong>ARCHIEP.</strong></span> 
     </span>
    </p>
   </div>
   <div class='ocr_carea' id='block_1_4' title="bbox 3648 401 3787 456">
    <p class='ocr_par' dir='ltr' id='par_1_4' title="bbox 3648 401 3787 456">
     <span class='ocr_line' id='line_1_4' title="bbox 3648 401 3787 456; baseline 0.022 -3"><span class='ocrx_word' id='word_1_7' title='bbox 3648 401 3787 456; x_wconf 65' lang='lat' dir='ltr'><strong>H&#39;i?</strong></span> 
     </span>
    </p>
   </div>
   <div class='ocr_carea' id='block_1_5' title="bbox 1633 533 3762 582">
    <p class='ocr_par' dir='ltr' id='par_1_5' title="bbox 1633 533 3762 582">
     <span class='ocr_line' id='line_1_5' title="bbox 1633 533 3762 582; baseline 0.005 -10"><span class='ocrx_word' id='word_1_8' title='bbox 1633 533 3762 582; x_wconf 48' lang='lat' dir='ltr'><strong>mm</strong></span> 
     </span>
    </p>
   </div>
   <div class='ocr_carea' id='block_1_6' title="bbox 629 734 3668 909">
    <p class='ocr_par' dir='ltr' id='par_1_6' title="bbox 629 734 3668 909">
     <span class='ocr_line' id='line_1_6' title="bbox 629 734 3668 909; baseline 0.005 -18"><span class='ocrx_word' id='word_1_9' title='bbox 629 734 884 892; x_wconf 91' lang='lat' dir='ltr'><strong>AD</strong></span> <span class='ocrx_word' id='word_1_10' title='bbox 1015 737 1698 899; x_wconf 90' lang='lat' dir='ltr'><strong>TOMUM</strong></span> <span class='ocrx_word' id='word_1_11' title='bbox 1811 745 1950 894; x_wconf 94' lang='grc' dir='ltr'>ΙΙ</span> <span class='ocrx_word' id='word_1_12' title='bbox 2065 739 3668 909; x_wconf 87' lang='lat' dir='ltr'><strong>SUPPLEMENTUM.</strong></span> 
     </span>
    </p>
   </div>
   <div class='ocr_carea' id='block_1_7' title="bbox 1229 1185 3070 1304">
    <p class='ocr_par' dir='ltr' id='par_1_7' title="bbox 1229 1185 3070 1304">
     <span class='ocr_line' id='line_1_7' title="bbox 1229 1185 3070 1304; baseline 0.003 -6"><span class='ocrx_word' id='word_1_13' title='bbox 1229 1185 2103 1303; x_wconf 84' lang='lat' dir='ltr'><strong>FRAGMENTA</strong></span> <span class='ocrx_word' id='word_1_14' title='bbox 2187 1187 2380 1302; x_wconf 87' lang='lat' dir='ltr'><strong>EX</strong></span> <span class='ocrx_word' id='word_1_15' title='bbox 2453 1187 3070 1304; x_wconf 85' lang='lat' dir='ltr'><strong>CATENIS</strong></span> 
     </span>
    </p>
   </div>
   <div class='ocr_carea' id='block_1_8' title="bbox 769 1433 3488 1510">
    <p class='ocr_par' dir='ltr' id='par_1_8' title="bbox 769 1433 3488 1510">
     <span class='ocr_line' id='line_1_8' title="bbox 769 1433 3488 1510; baseline 0.002 -14"><span class='ocrx_word' id='word_1_16' title='bbox 769 1433 851 1497; x_wconf 83' lang='lat' dir='ltr'><strong>IN</strong></span> <span class='ocrx_word' id='word_1_17' title='bbox 893 1433 1340 1510; x_wconf 81' lang='lat' dir='ltr'><strong>JEREMIAM,</strong></span> <span class='ocrx_word' id='word_1_18' title='bbox 1392 1433 1745 1510; x_wconf 79' lang='lat' dir='ltr'><strong>BARUCH,</strong></span> <span class='ocrx_word' id='word_1_19' title='bbox 1798 1433 2315 1499; x_wconf 84' lang='lat' dir='ltr'><strong>EZECHIELEM</strong></span> <span class='ocrx_word' id='word_1_20' title='bbox 2365 1435 2470 1499; x_wconf 89' lang='lat' dir='ltr'><strong>ET</strong></span> <span class='ocrx_word' id='word_1_21' title='bbox 2522 1435 2934 1500; x_wconf 72' lang='lat' dir='ltr'><strong>DANIELEM</strong></span> <span class='ocrx_word' id='word_1_22' title='bbox 2994 1436 3488 1502; x_wconf 81' lang='lat' dir='ltr'><strong>PROPHETAS.</strong></span> 
     </span>
    </p>
   </div>
   <div class='ocr_carea' id='block_1_9' title="bbox 2125 1647 2197 1660">
    <p class='ocr_par' dir='ltr' id='par_1_9' title="bbox 2125 1647 2197 1660">
     <span class='ocr_line' id='line_1_9' title="bbox 2125 1647 2197 1660; baseline 0.028 -2"><span class='ocrx_word' id='word_1_23' title='bbox 2125 1647 2197 1660; x_wconf 68' lang='grc' dir='ltr'><strong>-ι-</strong></span> 
     </span>
    </p>
   </div>
   <div class='ocr_carea' id='block_1_10' title="bbox 1742 1791 2607 1883">
    <p class='ocr_par' dir='ltr' id='par_1_10' title="bbox 1742 1791 2607 1883">
     <span class='ocr_line' id='line_1_10' title="bbox 1742 1791 2607 1883; baseline 0 -3"><span class='ocrx_word' id='word_1_24' title='bbox 1742 1793 1868 1882; x_wconf 87' lang='grc' dir='ltr'><strong>ΙΝ</strong></span> <span class='ocrx_word' id='word_1_25' title='bbox 1940 1791 2607 1883; x_wconf 80' lang='lat' dir='ltr'><strong>JEREMIAM.</strong></span> 
     </span>
    </p>
   </div>
   <div class='ocr_carea' id='block_1_11' title="bbox 1094 2005 3166 2077">
    <p class='ocr_par' dir='ltr' id='par_1_11' title="bbox 1094 2005 3166 2077">
     <span class='ocr_line' id='line_1_11' title="bbox 1094 2005 3166 2077; baseline -0.003 -14"><span class='ocrx_word' id='word_1_26' title='bbox 1094 2011 1191 2077; x_wconf 79' lang='lat' dir='ltr'><strong>(Ex</strong></span> <span class='ocrx_word' id='word_1_27' title='bbox 1222 2017 1399 2064; x_wconf 74' lang='lat' dir='ltr'><strong>catena</strong></span> <span class='ocrx_word' id='word_1_28' title='bbox 1439 2008 1696 2061; x_wconf 72' lang='lat' dir='ltr'><strong>Michaelis</strong></span> <span class='ocrx_word' id='word_1_29' title='bbox 1729 2007 1962 2063; x_wconf 77' lang='lat' dir='ltr'><strong>Gbislerii</strong></span> <span class='ocrx_word' id='word_1_30' title='bbox 1997 2008 2047 2060; x_wconf 90' lang='lat' dir='ltr'><strong>i-n</strong></span> <span class='ocrx_word' id='word_1_31' title='bbox 2080 2009 2365 2062; x_wconf 81' lang='lat' dir='ltr'><strong>Jeremiam.</strong></span> <span class='ocrx_word' id='word_1_32' title='bbox 2400 2006 2630 2072; x_wconf 75' lang='lat' dir='ltr'><strong>Lugduni</strong></span> <span class='ocrx_word' id='word_1_33' title='bbox 2662 2006 2801 2070; x_wconf 75' lang='lat'><strong>1625,</strong></span> <span class='ocrx_word' id='word_1_34' title='bbox 2838 2009 2868 2057; x_wconf 79' lang='lat'><strong>3</strong></span> <span class='ocrx_word' id='word_1_35' title='bbox 2903 2013 3019 2059; x_wconf 90' lang='lat' dir='ltr'><strong>tom.</strong></span> <span class='ocrx_word' id='word_1_36' title='bbox 3057 2005 3166 2069; x_wconf 79' lang='lat' dir='ltr'><strong>fol.)</strong></span> 
     </span>
    </p>
   </div>
   <div class='ocr_carea' id='block_1_12' title="bbox 578 2323 2079 2405">
    <p class='ocr_par' dir='ltr' id='par_1_12' title="bbox 578 2333 2079 2405">
     <span class='ocr_line' id='line_1_12' title="bbox 578 2333 2079 2405; baseline -0.004 -9"><span class='ocrx_word' id='word_1_37' title='bbox 578 2336 663 2405; x_wconf 90' lang='lat' dir='ltr'><strong>Ill,</strong></span> <span class='ocrx_word' id='word_1_38' title='bbox 691 2337 782 2393; x_wconf 75' lang='lat'><strong>23.</strong></span> <span class='ocrx_word' id='word_1_39' title='bbox 817 2335 950 2394; x_wconf 82' lang='lat' dir='ltr'><strong>Vere</strong></span> <span class='ocrx_word' id='word_1_40' title='bbox 986 2337 1044 2392; x_wconf 86' lang='lat' dir='ltr'><strong>in</strong></span> <span class='ocrx_word' id='word_1_41' title='bbox 1065 2335 1392 2393; x_wconf 78' lang='lat' dir='ltr'><strong>mendacium</strong></span> <span class='ocrx_word' id='word_1_42' title='bbox 1408 2343 1560 2393; x_wconf 85' lang='lat' dir='ltr'><strong>erant</strong></span> <span class='ocrx_word' id='word_1_43' title='bbox 1592 2333 1751 2390; x_wconf 82' lang='lat' dir='ltr'><strong>colles</strong></span> <span class='ocrx_word' id='word_1_44' title='bbox 1784 2344 1834 2390; x_wconf 89' lang='lat' dir='ltr'><strong>et</strong></span> <span class='ocrx_word' id='word_1_45' title='bbox 1870 2335 2079 2404; x_wconf 77' lang='lat' dir='ltr'><strong>fortitu-</strong></span> 
     </span>
    </p>
   </div>
   <div class='ocr_carea' id='block_1_13' title="bbox 2174 2323 3776 2405">
    <p class='ocr_par' dir='ltr' id='par_1_13' title="bbox 2260 2323 3776 2403">
     <span class='ocr_line' id='line_1_13' title="bbox 2260 2323 3776 2403; baseline 0.001 -19"><span class='ocrx_word' id='word_1_46' title='bbox 2260 2332 2480 2394; x_wconf 85' lang='grc' dir='ltr'><em>Ὄντως</em></span> <span class='ocrx_word' id='word_1_47' title='bbox 2506 2331 2594 2396; x_wconf 85' lang='grc' dir='ltr'>εὶς</span> <span class='ocrx_word' id='word_1_48' title='bbox 2615 2327 2845 2399; x_wconf 67' lang='grc' dir='ltr'>ψεῦδος</span> <span class='ocrx_word' id='word_1_49' title='bbox 2882 2323 3047 2400; x_wconf 81' lang='grc' dir='ltr'>ἦσαν</span> <span class='ocrx_word' id='word_1_50' title='bbox 3074 2332 3128 2384; x_wconf 79' lang='grc' dir='ltr'>οἱ</span> <span class='ocrx_word' id='word_1_51' title='bbox 3150 2329 3370 2394; x_wconf 76' lang='grc' dir='ltr'>βουνοί</span> <span class='ocrx_word' id='word_1_52' title='bbox 3393 2335 3492 2390; x_wconf 77' lang='grc' dir='ltr'>καὶ</span> <span class='ocrx_word' id='word_1_53' title='bbox 3523 2335 3776 2403; x_wconf 72' lang='grc' dir='ltr'>δύναμίς</span> 
     </span>
    </p>
   </div>
   <div class='ocr_carea' id='block_1_14' title="bbox 510 2428 1037 2496">
    <p class='ocr_par' dir='ltr' id='par_1_14' title="bbox 510 2428 1037 2496">
     <span class='ocr_line' id='line_1_14' title="bbox 510 2428 1037 2496; baseline -0.008 -9"><span class='ocrx_word' id='word_1_54' title='bbox 510 2436 579 2487; x_wconf 84' lang='lat' dir='ltr'><strong>do</strong></span> <span class='ocrx_word' id='word_1_55' title='bbox 611 2428 901 2496; x_wconf 85' lang='lat' dir='ltr'><strong>montium;</strong></span> <span class='ocrx_word' id='word_1_56' title='bbox 932 2434 1037 2484; x_wconf 90' lang='lat' dir='ltr'><strong>etc.</strong></span> 
     </span>
    </p>
   </div>
   <div class='ocr_carea' id='block_1_15' title="bbox 578 2514 2090 2589">
    <p class='ocr_par' dir='ltr' id='par_1_15' title="bbox 578 2514 2090 2589">
     <span class='ocr_line' id='line_1_15' title="bbox 578 2514 2090 2589; baseline -0.006 -10"><span class='ocrx_word' id='word_1_57' title='bbox 578 2523 837 2579; x_wconf 76' lang='lat' dir='ltr'><strong>Montium</strong></span> <span class='ocrx_word' id='word_1_58' title='bbox 866 2529 922 2578; x_wconf 91' lang='lat' dir='ltr'><strong>et</strong></span> <span class='ocrx_word' id='word_1_59' title='bbox 950 2519 1165 2578; x_wconf 86' lang='lat' dir='ltr'><strong>collium</strong></span> <span class='ocrx_word' id='word_1_60' title='bbox 1221 2518 1487 2586; x_wconf 89' lang='lat' dir='ltr'><strong>meminit,</strong></span> <span class='ocrx_word' id='word_1_61' title='bbox 1515 2517 1768 2589; x_wconf 89' lang='lat' dir='ltr'><strong>quoniam</strong></span> <span class='ocrx_word' id='word_1_62' title='bbox 1798 2514 1854 2572; x_wconf 92' lang='lat' dir='ltr'><strong>in</strong></span> <span class='ocrx_word' id='word_1_63' title='bbox 1886 2516 1966 2574; x_wconf 91' lang='lat' dir='ltr'><strong>eis</strong></span> <span class='ocrx_word' id='word_1_64' title='bbox 1994 2530 2090 2586; x_wconf 88' lang='lat' dir='ltr'><strong>per</strong></span> 
     </span>
    </p>
   </div>
   <div class='ocr_carea' id='block_1_16' title="bbox 503 2609 2085 2684">
    <p class='ocr_par' dir='ltr' id='par_1_16' title="bbox 503 2609 2085 2684">
     <span class='ocr_line' id='line_1_16' title="bbox 503 2609 2085 2684; baseline -0.003 -14"><span class='ocrx_word' id='word_1_65' title='bbox 503 2614 683 2684; x_wconf 86' lang='lat' dir='ltr'><strong>prisca</strong></span> <span class='ocrx_word' id='word_1_66' title='bbox 724 2613 814 2669; x_wconf 86' lang='lat' dir='ltr'><strong>illa</strong></span> <span class='ocrx_word' id='word_1_67' title='bbox 845 2621 1091 2684; x_wconf 87' lang='lat' dir='ltr'><strong>tempora</strong></span> <span class='ocrx_word' id='word_1_68' title='bbox 1156 2609 1283 2667; x_wconf 75' lang='lat' dir='ltr'><strong>fana</strong></span> <span class='ocrx_word' id='word_1_69' title='bbox 1328 2609 1676 2678; x_wconf 88' lang='lat' dir='ltr'><strong>delubraque</strong></span> <span class='ocrx_word' id='word_1_70' title='bbox 1742 2617 2085 2665; x_wconf 71' lang='lat' dir='ltr'><strong>exstruentes</strong></span> 
     </span>
    </p>
   </div>
   <div class='ocr_carea' id='block_1_17' title="bbox 506 2700 2088 2776">
    <p class='ocr_par' dir='ltr' id='par_1_17' title="bbox 506 2700 2088 2776">
     <span class='ocr_line' id='line_1_17' title="bbox 506 2700 2088 2776; baseline -0.006 -13"><span class='ocrx_word' id='word_1_71' title='bbox 506 2716 564 2763; x_wconf 91' lang='lat' dir='ltr'><strong>et</strong></span> <span class='ocrx_word' id='word_1_72' title='bbox 609 2721 734 2763; x_wconf 88' lang='lat' dir='ltr'><strong>aras</strong></span> <span class='ocrx_word' id='word_1_73' title='bbox 800 2707 1094 2776; x_wconf 72' lang='lat' dir='ltr'><strong>erigentes,</strong></span> <span class='ocrx_word' id='word_1_74' title='bbox 1143 2703 1476 2761; x_wconf 59' lang='lat' dir='ltr'><strong>daemonibus</strong></span> <span class='ocrx_word' id='word_1_75' title='bbox 1538 2715 1700 2772; x_wconf 87' lang='lat' dir='ltr'><strong>quam</strong></span> <span class='ocrx_word' id='word_1_76' title='bbox 1750 2700 2088 2772; x_wconf 75' lang='lat' dir='ltr'><strong>gratissimas</strong></span> 
     </span>
    </p>
   </div>
   <div class='ocr_carea' id='block_1_18' title="bbox 505 2795 1102 2853">
    <p class='ocr_par' dir='ltr' id='par_1_18' title="bbox 505 2795 1102 2853">
     <span class='ocr_line' id='line_1_18' title="bbox 505 2795 1102 2853; baseline -0.002 -2"><span class='ocrx_word' id='word_1_77' title='bbox 505 2797 752 2853; x_wconf 83' lang='lat' dir='ltr'><strong>victimas</strong></span> <span class='ocrx_word' id='word_1_78' title='bbox 787 2795 1102 2853; x_wconf 75' lang='lat' dir='ltr'><strong>oﬂ&#39;ercbant.</strong></span> 
     </span>
    </p>
   </div>
   <div class='ocr_carea' id='block_1_19' title="bbox 573 2882 2085 2957">
    <p class='ocr_par' dir='ltr' id='par_1_19' title="bbox 573 2882 2085 2957">
     <span class='ocr_line' id='line_1_19' title="bbox 573 2882 2085 2957; baseline -0.005 -15"><span class='ocrx_word' id='word_1_79' title='bbox 573 2888 660 2956; x_wconf 82' lang='lat' dir='ltr'><strong>Ill,</strong></span> <span class='ocrx_word' id='word_1_80' title='bbox 690 2887 786 2944; x_wconf 69' lang='grc' dir='ltr'><strong>ει.</strong></span> <span class='ocrx_word' id='word_1_81' title='bbox 821 2885 1076 2957; x_wconf 74' lang='lat' dir='ltr'><strong>Confusio</strong></span> <span class='ocrx_word' id='word_1_82' title='bbox 1104 2894 1279 2941; x_wconf 80' lang='lat' dir='ltr'><strong>autem</strong></span> <span class='ocrx_word' id='word_1_83' title='bbox 1301 2883 1617 2955; x_wconf 69' lang='lat' dir='ltr'><strong>consumpsit</strong></span> <span class='ocrx_word' id='word_1_84' title='bbox 1639 2882 1842 2938; x_wconf 77' lang='lat' dir='ltr'><strong>labores</strong></span> <span class='ocrx_word' id='word_1_85' title='bbox 1871 2891 2085 2954; x_wconf 85' lang='lat' dir='ltr'><strong>patrum</strong></span> 
     </span>
    </p>
   </div>
   <div class='ocr_carea' id='block_1_20' title="bbox 505 2976 1838 3036">
    <p class='ocr_par' dir='ltr' id='par_1_20' title="bbox 505 2976 1838 3036">
     <span class='ocr_line' id='line_1_20' title="bbox 505 2976 1838 3036; baseline -0.005 -1"><span class='ocrx_word' id='word_1_86' title='bbox 505 2991 804 3036; x_wconf 85' lang='lat' dir='ltr'><strong>nostrorum</strong></span> <span class='ocrx_word' id='word_1_87' title='bbox 832 2982 896 3034; x_wconf 85' lang='lat' dir='ltr'><strong>ab</strong></span> <span class='ocrx_word' id='word_1_88' title='bbox 930 2976 1283 3034; x_wconf 73' lang='lat' dir='ltr'><strong>adolescentia</strong></span> <span class='ocrx_word' id='word_1_89' title='bbox 1311 2991 1516 3031; x_wconf 84' lang='lat' dir='ltr'><strong>eorum.</strong></span> <span class='ocrx_word' id='word_1_90' title='bbox 1835 3031 1838 3035; x_wconf 93' lang='lat'><strong>_</strong></span> 
     </span>
    </p>
   </div>
   <div class='ocr_carea' id='block_1_21' title="bbox 573 3066 2083 3140">
    <p class='ocr_par' dir='ltr' id='par_1_21' title="bbox 573 3066 2083 3140">
     <span class='ocr_line' id='line_1_21' title="bbox 573 3066 2083 3140; baseline -0.004 -12"><span class='ocrx_word' id='word_1_91' title='bbox 573 3070 954 3128; x_wconf 81' lang='lat' dir='ltr'><strong>Confusionem</strong></span> <span class='ocrx_word' id='word_1_92' title='bbox 993 3078 1193 3126; x_wconf 88' lang='lat' dir='ltr'><strong>vocant</strong></span> <span class='ocrx_word' id='word_1_93' title='bbox 1213 3083 1338 3125; x_wconf 89' lang='lat' dir='ltr'><strong>vere</strong></span> <span class='ocrx_word' id='word_1_94' title='bbox 1381 3067 1759 3138; x_wconf 88' lang='lat' dir='ltr'><strong>turpissimum</strong></span> <span class='ocrx_word' id='word_1_95' title='bbox 1797 3074 1853 3123; x_wconf 90' lang='lat' dir='ltr'><strong>et</strong></span> <span class='ocrx_word' id='word_1_96' title='bbox 1902 3066 2083 3140; x_wconf 75' lang='lat' dir='ltr'><strong>inglo-</strong></span> 
     </span>
    </p>
   </div>
   <div class='ocr_carea' id='block_1_22' title="bbox 498 3159 2081 3227">
    <p class='ocr_par' dir='ltr' id='par_1_22' title="bbox 498 3159 2081 3227">
     <span class='ocr_line' id='line_1_22' title="bbox 498 3159 2081 3227; baseline -0.004 -7"><span class='ocrx_word' id='word_1_97' title='bbox 498 3165 641 3220; x_wconf 89' lang='lat' dir='ltr'><strong>rium</strong></span> <span class='ocrx_word' id='word_1_98' title='bbox 672 3162 936 3220; x_wconf 86' lang='lat' dir='ltr'><strong>idolorum</strong></span> <span class='ocrx_word' id='word_1_99' title='bbox 967 3162 1166 3218; x_wconf 89' lang='lat' dir='ltr'><strong>cultum</strong></span> <span class='ocrx_word' id='word_1_100' title='bbox 1196 3169 1250 3216; x_wconf 93' lang='lat' dir='ltr'><strong>et</strong></span> <span class='ocrx_word' id='word_1_101' title='bbox 1285 3169 1590 3217; x_wconf 88' lang='lat' dir='ltr'><strong>versantem</strong></span> <span class='ocrx_word' id='word_1_102' title='bbox 1624 3159 1676 3215; x_wconf 93' lang='lat' dir='ltr'><strong>in</strong></span> <span class='ocrx_word' id='word_1_103' title='bbox 1703 3173 1769 3216; x_wconf 91' lang='lat' dir='ltr'><strong>eo</strong></span> <span class='ocrx_word' id='word_1_104' title='bbox 1815 3174 2081 3227; x_wconf 86' lang='lat' dir='ltr'><strong>errorem,</strong></span> 
     </span>
    </p>
   </div>
   <div class='ocr_carea' id='block_1_23' title="bbox 502 3253 2084 3328">
    <p class='ocr_par' dir='ltr' id='par_1_23' title="bbox 502 3253 2084 3328">
     <span class='ocr_line' id='line_1_23' title="bbox 502 3253 2084 3328; baseline -0.001 -16"><span class='ocrx_word' id='word_1_105' title='bbox 502 3259 592 3328; x_wconf 87' lang='lat' dir='ltr'><strong>qui</strong></span> <span class='ocrx_word' id='word_1_106' title='bbox 627 3265 682 3312; x_wconf 91' lang='lat' dir='ltr'><strong>et</strong></span> <span class='ocrx_word' id='word_1_107' title='bbox 704 3266 915 3327; x_wconf 81' lang='lat' dir='ltr'><strong>patrum</strong></span> <span class='ocrx_word' id='word_1_108' title='bbox 953 3269 1172 3311; x_wconf 85' lang='lat' dir='ltr'><strong>suorum</strong></span> <span class='ocrx_word' id='word_1_109' title='bbox 1207 3253 1420 3310; x_wconf 85' lang='lat' dir='ltr'><strong>labores</strong></span> <span class='ocrx_word' id='word_1_110' title='bbox 1447 3253 1722 3310; x_wconf 88' lang='lat' dir='ltr'><strong>comedit:</strong></span> <span class='ocrx_word' id='word_1_111' title='bbox 1779 3253 2084 3324; x_wconf 82' lang='lat' dir='ltr'><strong>insumpse-</strong></span> 
     </span>
    </p>
   </div>
   <div class='ocr_carea' id='block_1_24' title="bbox 505 3343 2080 3414">
    <p class='ocr_par' dir='ltr' id='par_1_24' title="bbox 505 3343 2080 3414">
     <span class='ocr_line' id='line_1_24' title="bbox 505 3343 2080 3414; baseline -0.003 -12"><span class='ocrx_word' id='word_1_112' title='bbox 505 3358 630 3404; x_wconf 91' lang='lat' dir='ltr'><strong>runt</strong></span> <span class='ocrx_word' id='word_1_113' title='bbox 655 3347 802 3403; x_wconf 90' lang='lat' dir='ltr'><strong>enim</strong></span> <span class='ocrx_word' id='word_1_114' title='bbox 839 3362 971 3404; x_wconf 84' lang='lat' dir='ltr'><strong>oves</strong></span> <span class='ocrx_word' id='word_1_115' title='bbox 1008 3361 1142 3403; x_wconf 82' lang='lat' dir='ltr'><strong>suas</strong></span> <span class='ocrx_word' id='word_1_116' title='bbox 1173 3354 1228 3401; x_wconf 90' lang='lat' dir='ltr'><strong>et</strong></span> <span class='ocrx_word' id='word_1_117' title='bbox 1276 3344 1496 3414; x_wconf 82' lang='lat' dir='ltr'><strong>vitulos,</strong></span> <span class='ocrx_word' id='word_1_118' title='bbox 1531 3343 1868 3401; x_wconf 67' lang='lat' dir='ltr'><strong>daemonibus</strong></span> <span class='ocrx_word' id='word_1_119' title='bbox 1923 3359 2080 3400; x_wconf 88' lang='lat' dir='ltr'><strong>sacra</strong></span> 
     </span>
    </p>
   </div>
   <div class='ocr_carea' id='block_1_25' title="bbox 498 3437 2081 3510">
    <p class='ocr_par' dir='ltr' id='par_1_25' title="bbox 498 3437 2081 3510">
     <span class='ocr_line' id='line_1_25' title="bbox 498 3437 2081 3510; baseline -0.001 -15"><span class='ocrx_word' id='word_1_120' title='bbox 498 3449 840 3510; x_wconf 77' lang='lat' dir='ltr'><strong>peragentes,</strong></span> <span class='ocrx_word' id='word_1_121' title='bbox 872 3438 1276 3510; x_wconf 58' lang='lat' dir='ltr'><strong>prudentiaeque</strong></span> <span class='ocrx_word' id='word_1_122' title='bbox 1322 3440 1578 3493; x_wconf 87' lang='lat' dir='ltr'><strong>damnum</strong></span> <span class='ocrx_word' id='word_1_123' title='bbox 1609 3451 1713 3492; x_wconf 91' lang='lat' dir='ltr'><strong>una</strong></span> <span class='ocrx_word' id='word_1_124' title='bbox 1748 3450 1872 3493; x_wconf 89' lang='lat' dir='ltr'><strong>cum</strong></span> <span class='ocrx_word' id='word_1_125' title='bbox 1923 3437 2081 3493; x_wconf 84' lang='lat' dir='ltr'><strong>bonis</strong></span> 
     </span>
    </p>
   </div>
   <div class='ocr_carea' id='block_1_26' title="bbox 500 3532 806 3588">
    <p class='ocr_par' dir='ltr' id='par_1_26' title="bbox 500 3532 806 3588">
     <span class='ocr_line' id='line_1_26' title="bbox 500 3532 806 3588; baseline 0.003 -1"><span class='ocrx_word' id='word_1_126' title='bbox 500 3532 806 3588; x_wconf 84' lang='lat' dir='ltr'><strong>subierunt.</strong></span> 
     </span>
    </p>
   </div>
   <div class='ocr_carea' id='block_1_27' title="bbox 574 3623 2080 3694">
    <p class='ocr_par' dir='ltr' id='par_1_27' title="bbox 574 3623 2080 3694">
     <span class='ocr_line' id='line_1_27' title="bbox 574 3623 2080 3694; baseline -0.002 -15"><span class='ocrx_word' id='word_1_127' title='bbox 574 3624 639 3690; x_wconf 85' lang='lat' dir='ltr'><strong>V,</strong></span> <span class='ocrx_word' id='word_1_128' title='bbox 670 3625 722 3680; x_wconf 76' lang='grc'>1.</span> <span class='ocrx_word' id='word_1_129' title='bbox 761 3623 880 3680; x_wconf 82' lang='lat' dir='ltr'><strong>Heu</strong></span> <span class='ocrx_word' id='word_1_130' title='bbox 907 3623 1072 3678; x_wconf 79' lang='lat' dir='ltr'><strong>mihi!</strong></span> <span class='ocrx_word' id='word_1_131' title='bbox 1102 3623 1227 3694; x_wconf 83' lang='lat' dir='ltr'><strong>quia</strong></span> <span class='ocrx_word' id='word_1_132' title='bbox 1283 3623 1459 3694; x_wconf 77' lang='lat' dir='ltr'><strong>deﬁcit</strong></span> <span class='ocrx_word' id='word_1_133' title='bbox 1521 3623 1700 3678; x_wconf 76' lang='lat' dir='ltr'><strong>anima</strong></span> <span class='ocrx_word' id='word_1_134' title='bbox 1744 3638 1861 3678; x_wconf 88' lang='lat' dir='ltr'><strong>mea</strong></span> <span class='ocrx_word' id='word_1_135' title='bbox 1923 3637 2080 3692; x_wconf 86' lang='lat' dir='ltr'><strong>super</strong></span> 
     </span>
    </p>
   </div>
   <div class='ocr_carea' id='block_1_28' title="bbox 499 3713 1810 3790">
    <p class='ocr_par' dir='ltr' id='par_1_28' title="bbox 499 3713 1810 3790">
     <span class='ocr_line' id='line_1_28' title="bbox 499 3713 1810 3790; baseline 0.001 -20"><span class='ocrx_word' id='word_1_136' title='bbox 499 3716 808 3786; x_wconf 78' lang='lat' dir='ltr'><strong>interfectis.</strong></span> <span class='ocrx_word' id='word_1_137' title='bbox 840 3714 1252 3771; x_wconf 82' lang='lat' dir='ltr'><strong>Circumcurrite</strong></span> <span class='ocrx_word' id='word_1_138' title='bbox 1278 3716 1330 3771; x_wconf 87' lang='lat' dir='ltr'><strong>in</strong></span> <span class='ocrx_word' id='word_1_139' title='bbox 1364 3716 1460 3790; x_wconf 77' lang='lat' dir='ltr'><strong>viis</strong></span> <span class='ocrx_word' id='word_1_140' title='bbox 1491 3713 1810 3778; x_wconf 79' lang='lat' dir='ltr'><strong>Jerusalem.</strong></span> 
     </span>
    </p>
   </div>
   <div class='ocr_carea' id='block_1_29' title="bbox 573 3892 2076 3950">
    <p class='ocr_par' dir='ltr' id='par_1_29' title="bbox 573 3892 2076 3950">
     <span class='ocr_line' id='line_1_29' title="bbox 573 3892 2076 3950; baseline 0.001 -2"><span class='ocrx_word' id='word_1_141' title='bbox 573 3893 764 3950; x_wconf 76' lang='lat' dir='ltr'><strong>Viden’</strong></span> <span class='ocrx_word' id='word_1_142' title='bbox 807 3893 1110 3950; x_wconf 88' lang='lat' dir='ltr'><strong>occisorum</strong></span> <span class='ocrx_word' id='word_1_143' title='bbox 1143 3908 1302 3949; x_wconf 83' lang='lat' dir='ltr'><strong>causa</strong></span> <span class='ocrx_word' id='word_1_144' title='bbox 1334 3893 1496 3950; x_wconf 88' lang='lat' dir='ltr'><strong>nimis</strong></span> <span class='ocrx_word' id='word_1_145' title='bbox 1523 3893 1790 3950; x_wconf 89' lang='lat' dir='ltr'><strong>dolentem</strong></span> <span class='ocrx_word' id='word_1_146' title='bbox 1808 3892 2076 3950; x_wconf 88' lang='lat' dir='ltr'><strong>lubentis-</strong></span> 
     </span>
    </p>
   </div>
   <div class='ocr_carea' id='block_1_30' title="bbox 495 3982 2075 4058">
    <p class='ocr_par' dir='ltr' id='par_1_30' title="bbox 495 3982 2075 4058">
     <span class='ocr_line' id='line_1_30' title="bbox 495 3982 2075 4058; baseline -0.001 -14"><span class='ocrx_word' id='word_1_147' title='bbox 495 3987 740 4056; x_wconf 84' lang='lat' dir='ltr'><strong>simeque</strong></span> <span class='ocrx_word' id='word_1_148' title='bbox 779 3982 1081 4041; x_wconf 77' lang='lat' dir='ltr'><strong>Jerusalem</strong></span> <span class='ocrx_word' id='word_1_149' title='bbox 1116 3986 1360 4041; x_wconf 86' lang='lat' dir='ltr'><strong>misereri</strong></span> <span class='ocrx_word' id='word_1_150' title='bbox 1402 3994 1763 4057; x_wconf 85' lang='lat' dir='ltr'><strong>appetentem,</strong></span> <span class='ocrx_word' id='word_1_151' title='bbox 1799 3986 1892 4043; x_wconf 83' lang='lat' dir='ltr'><strong>sed</strong></span> <span class='ocrx_word' id='word_1_152' title='bbox 1919 4002 2075 4058; x_wconf 44' lang='lat' dir='ltr'><strong>.quo-</strong></span> 
     </span>
    </p>
   </div>
   <div class='ocr_carea' id='block_1_31' title="bbox 495 4076 2072 4149">
    <p class='ocr_par' dir='ltr' id='par_1_31' title="bbox 495 4076 2072 4149">
     <span class='ocr_line' id='line_1_31' title="bbox 495 4076 2072 4149; baseline 0 -15"><span class='ocrx_word' id='word_1_153' title='bbox 495 4077 782 4134; x_wconf 71' lang='lat' dir='ltr'><strong>dummodo</strong></span> <span class='ocrx_word' id='word_1_154' title='bbox 811 4093 840 4132; x_wconf 90' lang='lat' dir='ltr'><strong>a</strong></span> <span class='ocrx_word' id='word_1_155' title='bbox 880 4076 1061 4147; x_wconf 86' lang='lat' dir='ltr'><strong>seipso</strong></span> <span class='ocrx_word' id='word_1_156' title='bbox 1089 4077 1424 4149; x_wconf 88' lang='lat' dir='ltr'><strong>impeditum,</strong></span> <span class='ocrx_word' id='word_1_157' title='bbox 1453 4087 1509 4134; x_wconf 93' lang='lat' dir='ltr'><strong>et</strong></span> <span class='ocrx_word' id='word_1_158' title='bbox 1543 4087 1750 4135; x_wconf 91' lang='lat' dir='ltr'><strong>tantum</strong></span> <span class='ocrx_word' id='word_1_159' title='bbox 1777 4095 1882 4134; x_wconf 93' lang='lat' dir='ltr'><strong>non</strong></span> <span class='ocrx_word' id='word_1_160' title='bbox 1915 4095 2072 4136; x_wconf 84' lang='lat' dir='ltr'><strong>revo-</strong></span> 
     </span>
    </p>
   </div>
   <div class='ocr_carea' id='block_1_32' title="bbox 497 4169 2078 4244">
    <p class='ocr_par' dir='ltr' id='par_1_32' title="bbox 497 4169 2078 4244">
     <span class='ocr_line' id='line_1_32' title="bbox 497 4169 2078 4244; baseline 0.003 -20"><span class='ocrx_word' id='word_1_161' title='bbox 497 4178 707 4225; x_wconf 88' lang='lat' dir='ltr'><strong>cantem</strong></span> <span class='ocrx_word' id='word_1_162' title='bbox 753 4170 988 4224; x_wconf 77' lang='lat' dir='ltr'><strong>divinam</strong></span> <span class='ocrx_word' id='word_1_163' title='bbox 1024 4169 1405 4240; x_wconf 77' lang='lat' dir='ltr'><strong>benignitatem</strong></span> <span class='ocrx_word' id='word_1_164' title='bbox 1439 4171 1508 4228; x_wconf 90' lang='lat' dir='ltr'><strong>ob</strong></span> <span class='ocrx_word' id='word_1_165' title='bbox 1540 4171 1841 4244; x_wconf 87' lang='lat' dir='ltr'><strong>iniquitatis</strong></span> <span class='ocrx_word' id='word_1_166' title='bbox 1886 4186 2078 4228; x_wconf 62' lang='lat' dir='ltr'><strong>exceso</strong></span> 
     </span>
    </p>
   </div>
   <div class='ocr_carea' id='block_1_33' title="bbox 495 4263 2074 4333">
    <p class='ocr_par' dir='ltr' id='par_1_33' title="bbox 495 4263 2074 4333">
     <span class='ocr_line' id='line_1_33' title="bbox 495 4263 2074 4333; baseline 0.003 -17"><span class='ocrx_word' id='word_1_167' title='bbox 495 4276 638 4328; x_wconf 89' lang='lat' dir='ltr'><strong>sum,</strong></span> <span class='ocrx_word' id='word_1_168' title='bbox 673 4271 1004 4332; x_wconf 72' lang='lat' dir='ltr'><strong>quaerentem</strong></span> <span class='ocrx_word' id='word_1_169' title='bbox 1053 4270 1232 4318; x_wconf 89' lang='lat' dir='ltr'><strong>tamen</strong></span> <span class='ocrx_word' id='word_1_170' title='bbox 1277 4263 1650 4333; x_wconf 85' lang='lat' dir='ltr'><strong>iniquitatibus</strong></span> <span class='ocrx_word' id='word_1_171' title='bbox 1721 4264 2074 4320; x_wconf 81' lang='lat' dir='ltr'><strong>commisera-</strong></span> 
     </span>
    </p>
   </div>
   <div class='ocr_carea' id='block_1_34' title="bbox 495 4353 2068 4424">
    <p class='ocr_par' dir='ltr' id='par_1_34' title="bbox 495 4353 2068 4424">
     <span class='ocr_line' id='line_1_34' title="bbox 495 4353 2068 4424; baseline 0.001 -16"><span class='ocrx_word' id='word_1_172' title='bbox 495 4354 697 4411; x_wconf 82' lang='lat' dir='ltr'><strong>tionem</strong></span> <span class='ocrx_word' id='word_1_173' title='bbox 713 4353 1092 4423; x_wconf 86' lang='lat' dir='ltr'><strong>volentemque</strong></span> <span class='ocrx_word' id='word_1_174' title='bbox 1107 4367 1204 4424; x_wconf 87' lang='lat' dir='ltr'><strong>per</strong></span> <span class='ocrx_word' id='word_1_175' title='bbox 1226 4369 1388 4410; x_wconf 90' lang='lat' dir='ltr'><strong>unum</strong></span> <span class='ocrx_word' id='word_1_176' title='bbox 1417 4365 1662 4411; x_wconf 87' lang='lat' dir='ltr'><strong>avertere</strong></span> <span class='ocrx_word' id='word_1_177' title='bbox 1687 4355 1861 4410; x_wconf 83' lang='lat' dir='ltr'><strong>iram?</strong></span> <span class='ocrx_word' id='word_1_178' title='bbox 1895 4355 2068 4412; x_wconf 90' lang='lat' dir='ltr'><strong>Unum</strong></span> 
     </span>
    </p>
   </div>
   <div class='ocr_carea' id='block_1_35' title="bbox 493 4446 2074 4520">
    <p class='ocr_par' dir='ltr' id='par_1_35' title="bbox 493 4446 2074 4520">
     <span class='ocr_line' id='line_1_35' title="bbox 493 4446 2074 4520; baseline 0.001 -20"><span class='ocrx_word' id='word_1_179' title='bbox 493 4447 638 4501; x_wconf 83' lang='lat' dir='ltr'><strong>enim</strong></span> <span class='ocrx_word' id='word_1_180' title='bbox 676 4446 950 4502; x_wconf 87' lang='lat' dir='ltr'><strong>hominem</strong></span> <span class='ocrx_word' id='word_1_181' title='bbox 981 4447 1048 4501; x_wconf 87' lang='lat' dir='ltr'><strong>ab</strong></span> <span class='ocrx_word' id='word_1_182' title='bbox 1082 4446 1168 4502; x_wconf 86' lang='lat' dir='ltr'><strong>his</strong></span> <span class='ocrx_word' id='word_1_183' title='bbox 1200 4448 1293 4518; x_wconf 89' lang='lat' dir='ltr'><strong>qui</strong></span> <span class='ocrx_word' id='word_1_184' title='bbox 1346 4449 1735 4520; x_wconf 85' lang='lat' dir='ltr'><strong>percurrebant</strong></span> <span class='ocrx_word' id='word_1_185' title='bbox 1791 4463 2074 4504; x_wconf 88' lang='lat' dir='ltr'><strong>common-</strong></span> 
     </span>
    </p>
   </div>
   <div class='ocr_carea' id='block_1_36' title="bbox 491 4536 1058 4606">
    <p class='ocr_par' dir='ltr' id='par_1_36' title="bbox 491 4536 1058 4606">
     <span class='ocr_line' id='line_1_36' title="bbox 491 4536 1058 4606; baseline -0.005 -11"><span class='ocrx_word' id='word_1_186' title='bbox 491 4550 602 4595; x_wconf 87' lang='lat' dir='ltr'><strong>stra</strong></span> <span class='ocrx_word' id='word_1_187' title='bbox 612 4539 655 4593; x_wconf 89' lang='lat' dir='ltr'><strong>ri</strong></span> <span class='ocrx_word' id='word_1_188' title='bbox 687 4538 787 4593; x_wconf 87' lang='lat' dir='ltr'><strong>sibi</strong></span> <span class='ocrx_word' id='word_1_189' title='bbox 814 4536 1058 4606; x_wconf 87' lang='lat' dir='ltr'><strong>jubebat.</strong></span> 
     </span>
    </p>
   </div>
   <div class='ocr_carea' id='block_1_37' title="bbox 561 4629 2070 4704">
    <p class='ocr_par' dir='ltr' id='par_1_37' title="bbox 561 4629 2070 4704">
     <span class='ocr_line' id='line_1_37' title="bbox 561 4629 2070 4704; baseline 0.002 -18"><span class='ocrx_word' id='word_1_190' title='bbox 561 4631 628 4699; x_wconf 77' lang='grc' dir='ltr'><strong>ν,</strong></span> <span class='ocrx_word' id='word_1_191' title='bbox 658 4630 712 4686; x_wconf 70' lang='grc'><strong>4.</strong></span> <span class='ocrx_word' id='word_1_192' title='bbox 755 4629 824 4684; x_wconf 84' lang='grc' dir='ltr'>Ει</span> <span class='ocrx_word' id='word_1_193' title='bbox 888 4647 981 4702; x_wconf 83' lang='lat' dir='ltr'><strong>ego</strong></span> <span class='ocrx_word' id='word_1_194' title='bbox 1023 4630 1441 4688; x_wconf 75' lang='lat' dir='ltr'><strong>dixi:Fortasse</strong></span> <span class='ocrx_word' id='word_1_195' title='bbox 1501 4635 1680 4702; x_wconf 86' lang='lat' dir='ltr'><strong>inopes</strong></span> <span class='ocrx_word' id='word_1_196' title='bbox 1713 4643 1870 4700; x_wconf 87' lang='lat' dir='ltr'><strong>sunt,</strong></span> <span class='ocrx_word' id='word_1_197' title='bbox 1923 4635 2070 4704; x_wconf 84' lang='lat' dir='ltr'><strong>quia,</strong></span> 
     </span>
    </p>
   </div>
   <div class='ocr_carea' id='block_1_38' title="bbox 489 4734 593 4780">
    <p class='ocr_par' dir='ltr' id='par_1_38' title="bbox 489 4734 593 4780">
     <span class='ocr_line' id='line_1_38' title="bbox 489 4734 593 4780; baseline -0.01 0"><span class='ocrx_word' id='word_1_198' title='bbox 489 4734 593 4780; x_wconf 84' lang='lat' dir='ltr'><strong>etc.</strong></span> 
     </span>
    </p>
   </div>
   <div class='ocr_carea' id='block_1_39' title="bbox 557 4815 2074 4888">
    <p class='ocr_par' dir='ltr' id='par_1_39' title="bbox 557 4815 2074 4888">
     <span class='ocr_line' id='line_1_39' title="bbox 557 4815 2074 4888; baseline 0.002 -18"><span class='ocrx_word' id='word_1_199' title='bbox 557 4815 660 4883; x_wconf 85' lang='lat' dir='ltr'><strong>Qui</strong></span> <span class='ocrx_word' id='word_1_200' title='bbox 710 4815 945 4888; x_wconf 86' lang='lat' dir='ltr'><strong>majores</strong></span> <span class='ocrx_word' id='word_1_201' title='bbox 985 4823 1216 4872; x_wconf 84' lang='lat' dir='ltr'><strong>erantet</strong></span> <span class='ocrx_word' id='word_1_202' title='bbox 1239 4815 1483 4884; x_wconf 88' lang='lat' dir='ltr'><strong>ampliori</strong></span> <span class='ocrx_word' id='word_1_203' title='bbox 1514 4816 1814 4872; x_wconf 81' lang='lat' dir='ltr'><strong>sacerdotio</strong></span> <span class='ocrx_word' id='word_1_204' title='bbox 1847 4815 2074 4888; x_wconf 76' lang='lat' dir='ltr'><strong>fungen-</strong></span> 
     </span>
    </p>
   </div>
   <div class='ocr_carea' id='block_1_40' title="bbox 492 4905 2069 4979">
    <p class='ocr_par' dir='ltr' id='par_1_40' title="bbox 492 4905 2069 4979">
     <span class='ocr_line' id='line_1_40' title="bbox 492 4905 2069 4979; baseline -0.002 -15"><span class='ocrx_word' id='word_1_205' title='bbox 492 4918 571 4964; x_wconf 87' lang='lat' dir='ltr'><strong>tes</strong></span> <span class='ocrx_word' id='word_1_206' title='bbox 597 4908 736 4978; x_wconf 86' lang='lat' dir='ltr'><strong>apud</strong></span> <span class='ocrx_word' id='word_1_207' title='bbox 760 4906 975 4965; x_wconf 67' lang='lat' dir='ltr'><strong>Judzeos</strong></span> <span class='ocrx_word' id='word_1_208' title='bbox 1009 4907 1206 4964; x_wconf 90' lang='lat' dir='ltr'><strong>merito</strong></span> <span class='ocrx_word' id='word_1_209' title='bbox 1231 4923 1330 4979; x_wconf 86' lang='lat' dir='ltr'><strong>pro</strong></span> <span class='ocrx_word' id='word_1_210' title='bbox 1359 4908 1732 4964; x_wconf 85' lang='lat' dir='ltr'><strong>miserioribus</strong></span> <span class='ocrx_word' id='word_1_211' title='bbox 1764 4905 2069 4974; x_wconf 87' lang='lat' dir='ltr'><strong>habentur;</strong></span> 
     </span>
    </p>
   </div>
   <div class='ocr_carea' id='block_1_41' title="bbox 491 4998 2138 5088">
    <p class='ocr_par' dir='ltr' id='par_1_41' title="bbox 491 4998 2138 5088">
     <span class='ocr_line' id='line_1_41' title="bbox 491 4998 2138 5088; baseline 0.002 -38"><span class='ocrx_word' id='word_1_212' title='bbox 491 4999 689 5069; x_wconf 89' lang='lat' dir='ltr'><strong>quibus</strong></span> <span class='ocrx_word' id='word_1_213' title='bbox 753 5000 916 5055; x_wconf 90' lang='lat' dir='ltr'><strong>etiam</strong></span> <span class='ocrx_word' id='word_1_214' title='bbox 970 4999 1051 5054; x_wconf 88' lang='lat' dir='ltr'><strong>ira</strong></span> <span class='ocrx_word' id='word_1_215' title='bbox 1112 4999 1476 5056; x_wconf 87' lang='lat' dir='ltr'><strong>abundantior</strong></span> <span class='ocrx_word' id='word_1_216' title='bbox 1543 4999 1714 5055; x_wconf 70' lang='lat' dir='ltr'><strong>etrusa</strong></span> <span class='ocrx_word' id='word_1_217' title='bbox 1761 5007 1865 5054; x_wconf 90' lang='lat' dir='ltr'><strong>est.</strong></span> <span class='ocrx_word' id='word_1_218' title='bbox 1916 4998 2138 5088; x_wconf 72' lang='lat' dir='ltr'><strong>Quodc</strong></span> 
     </span>
    </p>
   </div>
   <div class='ocr_carea' id='block_1_42' title="bbox 489 5090 2070 5164">
    <p class='ocr_par' dir='ltr' id='par_1_42' title="bbox 489 5090 2070 5164">
     <span class='ocr_line' id='line_1_42' title="bbox 489 5090 2070 5164; baseline 0 -18"><span class='ocrx_word' id='word_1_219' title='bbox 489 5093 706 5164; x_wconf 85' lang='lat' dir='ltr'><strong>planum</strong></span> <span class='ocrx_word' id='word_1_220' title='bbox 751 5092 878 5148; x_wconf 81' lang='lat' dir='ltr'><strong>iacit</strong></span> <span class='ocrx_word' id='word_1_221' title='bbox 926 5091 1196 5160; x_wconf 85' lang='lat' dir='ltr'><strong>Christus,</strong></span> <span class='ocrx_word' id='word_1_222' title='bbox 1230 5092 1500 5163; x_wconf 91' lang='lat' dir='ltr'><strong>inquiens,</strong></span> <span class='ocrx_word' id='word_1_223' title='bbox 1542 5091 1634 5146; x_wconf 78' lang='grc' dir='ltr'><strong>γω</strong></span> <span class='ocrx_word' id='word_1_224' title='bbox 1672 5090 1836 5155; x_wconf 76' lang='lat' dir='ltr'><strong>vobis,</strong></span> <span class='ocrx_word' id='word_1_225' title='bbox 1868 5090 2070 5146; x_wconf 75' lang='lat' dir='ltr'><strong>Scriba:</strong></span> 
     </span>
    </p>
   </div>
   <div class='ocr_carea' id='block_1_43' title="bbox 489 5181 2067 5255">
    <p class='ocr_par' dir='ltr' id='par_1_43' title="bbox 489 5181 2067 5255">
     <span class='ocr_line' id='line_1_43' title="bbox 489 5181 2067 5255; baseline -0.002 -16"><span class='ocrx_word' id='word_1_226' title='bbox 489 5194 538 5239; x_wconf 92' lang='lat' dir='ltr'><strong>et</strong></span> <span class='ocrx_word' id='word_1_227' title='bbox 570 5181 832 5238; x_wconf 75' lang='lat' dir='ltr'><strong>Pharisazi</strong></span> <span class='ocrx_word' id='word_1_228' title='bbox 871 5184 1176 5254; x_wconf 66' lang='lat' dir='ltr'><strong>hypocrita’,</strong></span> <span class='ocrx_word' id='word_1_229' title='bbox 1237 5185 1360 5255; x_wconf 82' lang='lat' dir='ltr'><strong>quia</strong></span> <span class='ocrx_word' id='word_1_230' title='bbox 1409 5185 1642 5238; x_wconf 78' lang='lat' dir='ltr'><strong>circuitis</strong></span> <span class='ocrx_word' id='word_1_231' title='bbox 1692 5199 1837 5237; x_wconf 85' lang='lat' dir='ltr'><strong>mare</strong></span> <span class='ocrx_word' id='word_1_232' title='bbox 1878 5194 1926 5238; x_wconf 92' lang='lat' dir='ltr'><strong>et</strong></span> <span class='ocrx_word' id='word_1_233' title='bbox 1958 5184 2067 5237; x_wconf 81' lang='lat' dir='ltr'><strong>ari--</strong></span> 
     </span>
    </p>
   </div>
   <div class='ocr_carea' id='block_1_44' title="bbox 487 5275 1708 5347">
    <p class='ocr_par' dir='ltr' id='par_1_44' title="bbox 487 5275 1708 5347">
     <span class='ocr_line' id='line_1_44' title="bbox 487 5275 1708 5347; baseline 0.002 -19"><span class='ocrx_word' id='word_1_234' title='bbox 487 5275 612 5329; x_wconf 82' lang='lat' dir='ltr'><strong>dam</strong></span> <span class='ocrx_word' id='word_1_235' title='bbox 673 5286 730 5328; x_wconf 87' lang='lat' dir='ltr'><strong>ut</strong></span> <span class='ocrx_word' id='word_1_236' title='bbox 768 5275 980 5344; x_wconf 81' lang='lat' dir='ltr'><strong>faciatis</strong></span> <span class='ocrx_word' id='word_1_237' title='bbox 1020 5291 1179 5329; x_wconf 88' lang='lat' dir='ltr'><strong>unum</strong></span> <span class='ocrx_word' id='word_1_238' title='bbox 1225 5275 1568 5347; x_wconf 82' lang='lat' dir='ltr'><strong>proselytum,</strong></span> <span class='ocrx_word' id='word_1_239' title='bbox 1603 5284 1708 5330; x_wconf 86' lang='lat' dir='ltr'><strong>etc.</strong></span> 
     </span>
    </p>
   </div>
   <div class='ocr_carea' id='block_1_45' title="bbox 560 5362 1782 5434">
    <p class='ocr_par' dir='ltr' id='par_1_45' title="bbox 560 5362 1782 5434">
     <span class='ocr_line' id='line_1_45' title="bbox 560 5362 1782 5434; baseline -0.001 -17"><span class='ocrx_word' id='word_1_240' title='bbox 560 5362 644 5429; x_wconf 81' lang='lat' dir='ltr'><strong>Vl,</strong></span> <span class='ocrx_word' id='word_1_241' title='bbox 676 5362 763 5418; x_wconf 78' lang='grc'>10.</span> <span class='ocrx_word' id='word_1_242' title='bbox 815 5362 896 5418; x_wconf 81' lang='lat' dir='ltr'><strong>Ad</strong></span> <span class='ocrx_word' id='word_1_243' title='bbox 923 5379 1073 5433; x_wconf 85' lang='lat' dir='ltr'><strong>quem</strong></span> <span class='ocrx_word' id='word_1_244' title='bbox 1117 5365 1305 5434; x_wconf 84' lang='lat' dir='ltr'><strong>loquar</strong></span> <span class='ocrx_word' id='word_1_245' title='bbox 1324 5375 1372 5418; x_wconf 91' lang='lat' dir='ltr'><strong>et</strong></span> <span class='ocrx_word' id='word_1_246' title='bbox 1403 5363 1782 5419; x_wconf 80' lang='lat' dir='ltr'><strong>contestabor?</strong></span> 
     </span>
    </p>
   </div>
   <div class='ocr_carea' id='block_1_46' title="bbox 556 5454 2065 5526">
    <p class='ocr_par' dir='ltr' id='par_1_46' title="bbox 556 5454 2065 5526">
     <span class='ocr_line' id='line_1_46' title="bbox 556 5454 2065 5526; baseline 0.002 -17"><span class='ocrx_word' id='word_1_247' title='bbox 556 5454 874 5524; x_wconf 88' lang='lat' dir='ltr'><strong>Opprobriis</strong></span> <span class='ocrx_word' id='word_1_248' title='bbox 949 5455 1094 5509; x_wconf 87' lang='lat' dir='ltr'><strong>enim</strong></span> <span class='ocrx_word' id='word_1_249' title='bbox 1172 5455 1392 5510; x_wconf 85' lang='lat' dir='ltr'><strong>verbum</strong></span> <span class='ocrx_word' id='word_1_250' title='bbox 1462 5456 1664 5512; x_wconf 85' lang='lat' dir='ltr'><strong>Christi</strong></span> <span class='ocrx_word' id='word_1_251' title='bbox 1737 5457 2065 5526; x_wconf 87' lang='lat' dir='ltr'><strong>impelebant</strong></span> 
     </span>
    </p>
   </div>
   <div class='ocr_carea' id='block_1_47' title="bbox 485 5544 2063 5615">
    <p class='ocr_par' dir='ltr' id='par_1_47' title="bbox 485 5544 2063 5615">
     <span class='ocr_line' id='line_1_47' title="bbox 485 5544 2063 5615; baseline 0 -15"><span class='ocrx_word' id='word_1_252' title='bbox 485 5559 608 5600; x_wconf 86' lang='lat' dir='ltr'><strong>cum</strong></span> <span class='ocrx_word' id='word_1_253' title='bbox 642 5546 711 5600; x_wconf 89' lang='lat' dir='ltr'><strong>de</strong></span> <span class='ocrx_word' id='word_1_254' title='bbox 757 5545 849 5600; x_wconf 89' lang='lat' dir='ltr'><strong>illo</strong></span> <span class='ocrx_word' id='word_1_255' title='bbox 882 5544 1128 5600; x_wconf 85' lang='lat' dir='ltr'><strong>dicerent</strong></span> <span class='ocrx_word' id='word_1_256' title='bbox 1156 5544 1511 5615; x_wconf 84' lang='lat' dir='ltr'><strong>auditoribus,</strong></span> <span class='ocrx_word' id='word_1_257' title='bbox 1547 5545 1876 5602; x_wconf 70' lang='lat' dir='ltr'><strong>Daemonium</strong></span> <span class='ocrx_word' id='word_1_258' title='bbox 1909 5548 2063 5600; x_wconf 80' lang='lat' dir='ltr'><strong>habet</strong></span> 
     </span>
    </p>
   </div>
   <div class='ocr_carea' id='block_1_48' title="bbox 483 5636 1432 5707">
    <p class='ocr_par' dir='ltr' id='par_1_48' title="bbox 483 5636 1432 5707">
     <span class='ocr_line' id='line_1_48' title="bbox 483 5636 1432 5707; baseline 0.004 -21"><span class='ocrx_word' id='word_1_259' title='bbox 483 5646 532 5687; x_wconf 88' lang='lat' dir='ltr'><strong>et</strong></span> <span class='ocrx_word' id='word_1_260' title='bbox 575 5637 791 5691; x_wconf 86' lang='lat' dir='ltr'><strong>insanit.</strong></span> <span class='ocrx_word' id='word_1_261' title='bbox 829 5636 968 5703; x_wconf 86' lang='lat' dir='ltr'><strong>Quid</strong></span> <span class='ocrx_word' id='word_1_262' title='bbox 992 5637 1162 5707; x_wconf 89' lang='lat' dir='ltr'><strong>ipsum</strong></span> <span class='ocrx_word' id='word_1_263' title='bbox 1195 5638 1432 5693; x_wconf 82' lang='lat' dir='ltr'><strong>auditis?</strong></span> 
     </span>
    </p>
   </div>
   <div class='ocr_carea' id='block_1_49' title="bbox 557 5725 2058 5816">
    <p class='ocr_par' dir='ltr' id='par_1_49' title="bbox 557 5725 2058 5816">
     <span class='ocr_line' id='line_1_49' title="bbox 557 5725 2058 5816; baseline 0.006 -39"><span class='ocrx_word' id='word_1_264' title='bbox 557 5725 666 5791; x_wconf 83' lang='grc' dir='ltr'>νιι,</span> <span class='ocrx_word' id='word_1_265' title='bbox 704 5727 788 5782; x_wconf 84' lang='grc'><strong>17.</strong></span> <span class='ocrx_word' id='word_1_266' title='bbox 837 5727 1089 5816; x_wconf 72' lang='lat' dir='ltr'><strong>Nunquid</strong></span> <span class='ocrx_word' id='word_1_267' title='bbox 1138 5745 1239 5784; x_wconf 83' lang='lat' dir='ltr'><strong>non</strong></span> <span class='ocrx_word' id='word_1_268' title='bbox 1268 5730 1406 5784; x_wconf 78' lang='lat' dir='ltr'><strong>vides</strong></span> <span class='ocrx_word' id='word_1_269' title='bbox 1458 5731 1584 5798; x_wconf 86' lang='lat' dir='ltr'><strong>quid</strong></span> <span class='ocrx_word' id='word_1_270' title='bbox 1619 5732 1715 5800; x_wconf 89' lang='lat' dir='ltr'><strong>ipsi</strong></span> <span class='ocrx_word' id='word_1_271' title='bbox 1767 5731 1966 5800; x_wconf 81' lang='lat' dir='ltr'><strong>faciunt</strong></span> <span class='ocrx_word' id='word_1_272' title='bbox 2004 5731 2058 5786; x_wconf 82' lang='lat' dir='ltr'><strong>in</strong></span> 
     </span>
    </p>
   </div>
   <div class='ocr_carea' id='block_1_50' title="bbox 491 5818 1002 5875">
    <p class='ocr_par' dir='ltr' id='par_1_50' title="bbox 491 5818 1002 5875">
     <span class='ocr_line' id='line_1_50' title="bbox 491 5818 1002 5875; baseline 0.018 -9"><span class='ocrx_word' id='word_1_273' title='bbox 491 5818 784 5872; x_wconf 83' lang='lat' dir='ltr'><strong>civitatibus</strong></span> <span class='ocrx_word' id='word_1_274' title='bbox 821 5819 958 5875; x_wconf 89' lang='lat' dir='ltr'><strong>Iuda</strong></span> <span class='ocrx_word' id='word_1_275' title='bbox 977 5822 1002 5874; x_wconf 70' lang='grc' dir='ltr'><strong>ἕ)</strong></span> 
     </span>
    </p>
   </div>
   <div class='ocr_carea' id='block_1_51' title="bbox 2191 2421 2804 2492">
    <p class='ocr_par' dir='ltr' id='par_1_51' title="bbox 2191 2421 2804 2492">
     <span class='ocr_line' id='line_1_51' title="bbox 2191 2421 2804 2492; baseline 0.003 -15"><span class='ocrx_word' id='word_1_276' title='bbox 2191 2422 2311 2477; x_wconf 87' lang='grc' dir='ltr'>τῶν</span> <span class='ocrx_word' id='word_1_277' title='bbox 2339 2421 2544 2492; x_wconf 84' lang='grc' dir='ltr'>ὀρέων,</span> <span class='ocrx_word' id='word_1_278' title='bbox 2580 2440 2634 2476; x_wconf 89' lang='grc' dir='ltr'><strong>κ.</strong></span> <span class='ocrx_word' id='word_1_279' title='bbox 2661 2440 2712 2479; x_wconf 89' lang='grc' dir='ltr'><strong>τ.</strong></span> <span class='ocrx_word' id='word_1_280' title='bbox 2753 2421 2804 2479; x_wconf 91' lang='grc' dir='ltr'><strong>λ.</strong></span> 
     </span>
    </p>
   </div>
   <div class='ocr_carea' id='block_1_52' title="bbox 2259 2513 3772 2591">
    <p class='ocr_par' dir='ltr' id='par_1_52' title="bbox 2259 2513 3772 2591">
     <span class='ocr_line' id='line_1_52' title="bbox 2259 2513 3772 2591; baseline 0.003 -23"><span class='ocrx_word' id='word_1_281' title='bbox 2259 2514 2637 2586; x_wconf 83' lang='grc' dir='ltr'>Διαμέμνηται</span> <span class='ocrx_word' id='word_1_282' title='bbox 2669 2513 2813 2586; x_wconf 85' lang='grc' dir='ltr'>ὀρῶν</span> <span class='ocrx_word' id='word_1_283' title='bbox 2842 2514 2936 2568; x_wconf 77' lang='grc' dir='ltr'>καὶ</span> <span class='ocrx_word' id='word_1_284' title='bbox 2969 2513 3193 2585; x_wconf 84' lang='grc' dir='ltr'>βουνῶν,</span> <span class='ocrx_word' id='word_1_285' title='bbox 3232 2517 3465 2591; x_wconf 76' lang='grc' dir='ltr'>ἐπείπερ</span> <span class='ocrx_word' id='word_1_286' title='bbox 3497 2521 3554 2574; x_wconf 83' lang='grc' dir='ltr'>ὲν</span> <span class='ocrx_word' id='word_1_287' title='bbox 3591 2520 3772 2584; x_wconf 81' lang='grc' dir='ltr'>αὐτοῖς</span> 
     </span>
    </p>
   </div>
   <div class='ocr_carea' id='block_1_53' title="bbox 2189 2606 3776 2683">
    <p class='ocr_par' dir='ltr' id='par_1_53' title="bbox 2189 2606 3776 2683">
     <span class='ocr_line' id='line_1_53' title="bbox 2189 2606 3776 2683; baseline 0.004 -24"><span class='ocrx_word' id='word_1_288' title='bbox 2189 2606 2333 2660; x_wconf 84' lang='grc' dir='ltr'>κατὰ</span> <span class='ocrx_word' id='word_1_289' title='bbox 2374 2607 2498 2671; x_wconf 84' lang='grc' dir='ltr'>τοὺς</span> <span class='ocrx_word' id='word_1_290' title='bbox 2538 2606 2806 2678; x_wconf 81' lang='grc' dir='ltr'><strong>ἀρχαίους</strong></span> <span class='ocrx_word' id='word_1_291' title='bbox 2854 2608 3099 2672; x_wconf 79' lang='grc' dir='ltr'><strong>ἐκείνους</strong></span> <span class='ocrx_word' id='word_1_292' title='bbox 3144 2611 3368 2682; x_wconf 85' lang='grc' dir='ltr'>καιροὺς</span> <span class='ocrx_word' id='word_1_293' title='bbox 3404 2613 3525 2683; x_wconf 84' lang='grc' dir='ltr'>ίερά</span> <span class='ocrx_word' id='word_1_294' title='bbox 3567 2630 3628 2666; x_wconf 89' lang='grc' dir='ltr'><strong>τε</strong></span> <span class='ocrx_word' id='word_1_295' title='bbox 3679 2611 3776 2666; x_wconf 67' lang='grc' dir='ltr'><strong>καὶ</strong></span> 
     </span>
    </p>
   </div>
   <div class='ocr_carea' id='block_1_54' title="bbox 2187 2696 3776 2774">
    <p class='ocr_par' dir='ltr' id='par_1_54' title="bbox 2187 2696 3776 2774">
     <span class='ocr_line' id='line_1_54' title="bbox 2187 2696 3776 2774; baseline 0.006 -26"><span class='ocrx_word' id='word_1_296' title='bbox 2187 2696 2390 2768; x_wconf 85' lang='grc' dir='ltr'><strong>τεμένη</strong></span> <span class='ocrx_word' id='word_1_297' title='bbox 2421 2696 2740 2768; x_wconf 82' lang='grc' dir='ltr'><strong>δειμάμενοι</strong></span> <span class='ocrx_word' id='word_1_298' title='bbox 2783 2697 2880 2751; x_wconf 78' lang='grc' dir='ltr'>καὶ</span> <span class='ocrx_word' id='word_1_299' title='bbox 2928 2697 3147 2768; x_wconf 85' lang='grc' dir='ltr'>βωμοὺς</span> <span class='ocrx_word' id='word_1_300' title='bbox 3185 2701 3622 2774; x_wconf 82' lang='grc' dir='ltr'><strong>ἀναστήσαντες,</strong></span> <span class='ocrx_word' id='word_1_301' title='bbox 3660 2706 3776 2768; x_wconf 86' lang='grc' dir='ltr'>τοῖς</span> 
     </span>
    </p>
   </div>
   <div class='ocr_carea' id='block_1_55' title="bbox 2185 2787 3543 2863">
    <p class='ocr_par' dir='ltr' id='par_1_55' title="bbox 2185 2787 3543 2863">
     <span class='ocr_line' id='line_1_55' title="bbox 2185 2787 3543 2863; baseline 0.005 -21"><span class='ocrx_word' id='word_1_302' title='bbox 2185 2787 2486 2860; x_wconf 81' lang='grc' dir='ltr'><strong>δαιμονίοις</strong></span> <span class='ocrx_word' id='word_1_303' title='bbox 2511 2788 2877 2861; x_wconf 81' lang='grc' dir='ltr'>χαριεστάτας</span> <span class='ocrx_word' id='word_1_304' title='bbox 2906 2791 3305 2863; x_wconf 77' lang='grc' dir='ltr'>προσεκόμιζον</span> <span class='ocrx_word' id='word_1_305' title='bbox 3333 2793 3543 2859; x_wconf 84' lang='grc' dir='ltr'>θυσίας.</span> 
     </span>
    </p>
   </div>
   <div class='ocr_carea' id='block_1_56' title="bbox 2269 2882 3775 2957">
    <p class='ocr_par' dir='ltr' id='par_1_56' title="bbox 2269 2882 3775 2957">
     <span class='ocr_line' id='line_1_56' title="bbox 2269 2882 3775 2957; baseline 0.002 -18"><span class='ocrx_word' id='word_1_306' title='bbox 2269 2884 2339 2939; x_wconf 87' lang='grc' dir='ltr'><em>Ἢ</em></span> <span class='ocrx_word' id='word_1_307' title='bbox 2362 2882 2431 2935; x_wconf 84' lang='grc' dir='ltr'><em>δὲ</em></span> <span class='ocrx_word' id='word_1_308' title='bbox 2465 2883 2732 2952; x_wconf 75' lang='grc' dir='ltr'><strong>αἰσχύνη</strong></span> <span class='ocrx_word' id='word_1_309' title='bbox 2768 2882 3162 2938; x_wconf 78' lang='grc' dir='ltr'><strong>κατανάλωσε</strong></span> <span class='ocrx_word' id='word_1_310' title='bbox 3189 2885 3335 2952; x_wconf 84' lang='grc' dir='ltr'>τοὺς</span> <span class='ocrx_word' id='word_1_311' title='bbox 3361 2889 3630 2957; x_wconf 81' lang='grc' dir='ltr'><strong>μόχθους</strong></span> <span class='ocrx_word' id='word_1_312' title='bbox 3657 2885 3775 2942; x_wconf 83' lang='grc' dir='ltr'><strong>τῶν</strong></span> 
     </span>
    </p>
   </div>
   <div class='ocr_carea' id='block_1_57' title="bbox 2185 2973 3374 3045">
    <p class='ocr_par' dir='ltr' id='par_1_57' title="bbox 2185 2973 3374 3045">
     <span class='ocr_line' id='line_1_57' title="bbox 2185 2973 3374 3045; baseline 0.003 -17"><span class='ocrx_word' id='word_1_313' title='bbox 2185 2974 2458 3044; x_wconf 76' lang='grc' dir='ltr'><strong>πατέρων</strong></span> <span class='ocrx_word' id='word_1_314' title='bbox 2497 2973 2670 3045; x_wconf 79' lang='grc' dir='ltr'>ἡμῶν</span> <span class='ocrx_word' id='word_1_315' title='bbox 2697 2975 2817 3029; x_wconf 78' lang='grc' dir='ltr'><strong>ἀπὸ</strong></span> <span class='ocrx_word' id='word_1_316' title='bbox 2851 2977 3133 3045; x_wconf 87' lang='grc' dir='ltr'>νεότητος</span> <span class='ocrx_word' id='word_1_317' title='bbox 3153 2976 3374 3033; x_wconf 74' lang='grc' dir='ltr'>αὐτῶν.</span> 
     </span>
    </p>
   </div>
   <div class='ocr_carea' id='block_1_58' title="bbox 2255 3067 3774 3140">
    <p class='ocr_par' dir='ltr' id='par_1_58' title="bbox 2255 3067 3774 3140">
     <span class='ocr_line' id='line_1_58' title="bbox 2255 3067 3774 3140; baseline 0.005 -19"><span class='ocrx_word' id='word_1_318' title='bbox 2255 3067 2530 3138; x_wconf 76' lang='grc' dir='ltr'>Δίσχύνην</span> <span class='ocrx_word' id='word_1_319' title='bbox 2559 3067 2777 3137; x_wconf 79' lang='grc' dir='ltr'>λέγουσι</span> <span class='ocrx_word' id='word_1_320' title='bbox 2809 3069 2909 3138; x_wconf 81' lang='grc' dir='ltr'>τὴν</span> <span class='ocrx_word' id='word_1_321' title='bbox 2939 3069 3156 3134; x_wconf 60' lang='grc' dir='ltr'>ἀληθῶς</span> <span class='ocrx_word' id='word_1_322' title='bbox 3192 3071 3365 3126; x_wconf 85' lang='grc' dir='ltr'>ἀκλεᾶ</span> <span class='ocrx_word' id='word_1_323' title='bbox 3406 3073 3498 3126; x_wconf 74' lang='grc' dir='ltr'><strong>καὶ</strong></span> <span class='ocrx_word' id='word_1_324' title='bbox 3527 3073 3774 3140; x_wconf 78' lang='grc' dir='ltr'>ἀδοξστά-</span> 
     </span>
    </p>
   </div>
   <div class='ocr_carea' id='block_1_59' title="bbox 2183 3159 3771 3236">
    <p class='ocr_par' dir='ltr' id='par_1_59' title="bbox 2183 3159 3771 3236">
     <span class='ocr_line' id='line_1_59' title="bbox 2183 3159 3771 3236; baseline 0.003 -22"><span class='ocrx_word' id='word_1_325' title='bbox 2183 3178 2283 3232; x_wconf 86' lang='grc' dir='ltr'>την</span> <span class='ocrx_word' id='word_1_326' title='bbox 2327 3159 2795 3231; x_wconf 83' lang='grc' dir='ltr'>είδωλολατρείαν,</span> <span class='ocrx_word' id='word_1_327' title='bbox 2830 3161 2924 3214; x_wconf 76' lang='grc' dir='ltr'><strong>καὶ</strong></span> <span class='ocrx_word' id='word_1_328' title='bbox 2953 3159 3048 3232; x_wconf 74' lang='grc' dir='ltr'><strong>τὴν</strong></span> <span class='ocrx_word' id='word_1_329' title='bbox 3077 3161 3170 3214; x_wconf 79' lang='grc' dir='ltr'><strong>ἐπὶ</strong></span> <span class='ocrx_word' id='word_1_330' title='bbox 3195 3162 3370 3234; x_wconf 84' lang='grc' dir='ltr'>τούτῳ</span> <span class='ocrx_word' id='word_1_331' title='bbox 3408 3163 3694 3236; x_wconf 81' lang='grc' dir='ltr'>πλάνησιν,</span> <span class='ocrx_word' id='word_1_332' title='bbox 3737 3169 3771 3234; x_wconf 77' lang='grc' dir='ltr'>ἥ</span> 
     </span>
    </p>
   </div>
   <div class='ocr_carea' id='block_1_60' title="bbox 2183 3251 3766 3324">
    <p class='ocr_par' dir='ltr' id='par_1_60' title="bbox 2183 3251 3766 3324">
     <span class='ocr_line' id='line_1_60' title="bbox 2183 3251 3766 3324; baseline 0.004 -19"><span class='ocrx_word' id='word_1_333' title='bbox 2183 3252 2278 3306; x_wconf 81' lang='grc' dir='ltr'><strong>καὶ</strong></span> <span class='ocrx_word' id='word_1_334' title='bbox 2304 3253 2431 3316; x_wconf 81' lang='grc' dir='ltr'>τοὺς</span> <span class='ocrx_word' id='word_1_335' title='bbox 2471 3252 2705 3324; x_wconf 80' lang='grc' dir='ltr'>μόχθους</span> <span class='ocrx_word' id='word_1_336' title='bbox 2741 3251 2850 3305; x_wconf 84' lang='grc' dir='ltr'><strong>τῶν</strong></span> <span class='ocrx_word' id='word_1_337' title='bbox 2895 3253 3147 3324; x_wconf 82' lang='grc' dir='ltr'><strong>πατέρων</strong></span> <span class='ocrx_word' id='word_1_338' title='bbox 3176 3253 3353 3306; x_wconf 81' lang='grc' dir='ltr'>αὐτῶν</span> <span class='ocrx_word' id='word_1_339' title='bbox 3383 3256 3735 3312; x_wconf 81' lang='grc' dir='ltr'>κατανάλωσε</span> <span class='ocrx_word' id='word_1_340' title='bbox 3755 3276 3766 3288; x_wconf 93' lang='grc'><strong>·</strong></span> 
     </span>
    </p>
   </div>
   <div class='ocr_carea' id='block_1_61' title="bbox 2181 3341 3776 3419">
    <p class='ocr_par' dir='ltr' id='par_1_61' title="bbox 2181 3341 3776 3419">
     <span class='ocr_line' id='line_1_61' title="bbox 2181 3341 3776 3419; baseline 0.005 -23"><span class='ocrx_word' id='word_1_341' title='bbox 2181 3341 2588 3416; x_wconf 83' lang='grc' dir='ltr'>δεδαπανήκασι</span> <span class='ocrx_word' id='word_1_342' title='bbox 2635 3343 2746 3416; x_wconf 84' lang='grc' dir='ltr'><strong>γὰρ</strong></span> <span class='ocrx_word' id='word_1_343' title='bbox 2798 3343 3208 3416; x_wconf 75' lang='grc' dir='ltr'>ἱερουργοῦντες</span> <span class='ocrx_word' id='word_1_344' title='bbox 3257 3349 3371 3410; x_wconf 85' lang='grc' dir='ltr'>τοῖς</span> <span class='ocrx_word' id='word_1_345' title='bbox 3429 3347 3649 3419; x_wconf 75' lang='grc' dir='ltr'>δαίμοσι</span> <span class='ocrx_word' id='word_1_346' title='bbox 3708 3351 3776 3404; x_wconf 78' lang='grc' dir='ltr'>τὰ</span> 
     </span>
    </p>
   </div>
   <div class='ocr_carea' id='block_1_62' title="bbox 2183 3434 3770 3512">
    <p class='ocr_par' dir='ltr' id='par_1_62' title="bbox 2183 3434 3770 3512">
     <span class='ocr_line' id='line_1_62' title="bbox 2183 3434 3770 3512; baseline 0.004 -24"><span class='ocrx_word' id='word_1_347' title='bbox 2183 3434 2432 3508; x_wconf 76' lang='grc' dir='ltr'>πρόϐατα</span> <span class='ocrx_word' id='word_1_348' title='bbox 2459 3435 2662 3503; x_wconf 83' lang='grc' dir='ltr'>αὐτῶν,</span> <span class='ocrx_word' id='word_1_349' title='bbox 2696 3435 2790 3490; x_wconf 71' lang='grc' dir='ltr'><strong>καὶ</strong></span> <span class='ocrx_word' id='word_1_350' title='bbox 2845 3437 2973 3500; x_wconf 80' lang='grc' dir='ltr'>τοὺς</span> <span class='ocrx_word' id='word_1_351' title='bbox 3007 3437 3240 3508; x_wconf 85' lang='grc' dir='ltr'>μόσχους</span> <span class='ocrx_word' id='word_1_352' title='bbox 3272 3438 3470 3505; x_wconf 80' lang='grc' dir='ltr'>αὐτῶν,</span> <span class='ocrx_word' id='word_1_353' title='bbox 3507 3441 3601 3494; x_wconf 72' lang='grc' dir='ltr'><strong>καὶ</strong></span> <span class='ocrx_word' id='word_1_354' title='bbox 3635 3458 3770 3512; x_wconf 80' lang='grc' dir='ltr'>φρο-</span> 
     </span>
    </p>
   </div>
   <div class='ocr_carea' id='block_1_63' title="bbox 2180 3523 3448 3601">
    <p class='ocr_par' dir='ltr' id='par_1_63' title="bbox 2180 3523 3448 3601">
     <span class='ocr_line' id='line_1_63' title="bbox 2180 3523 3448 3601; baseline 0.003 -20"><span class='ocrx_word' id='word_1_355' title='bbox 2180 3528 2388 3600; x_wconf 83' lang='grc' dir='ltr'>νήσεως</span> <span class='ocrx_word' id='word_1_356' title='bbox 2415 3528 2619 3599; x_wconf 79' lang='grc' dir='ltr'>ζημίαν</span> <span class='ocrx_word' id='word_1_357' title='bbox 2643 3529 2778 3600; x_wconf 80' lang='grc' dir='ltr'>ὁμοῦ</span> <span class='ocrx_word' id='word_1_358' title='bbox 2807 3529 2920 3592; x_wconf 85' lang='grc' dir='ltr'>τοῖς</span> <span class='ocrx_word' id='word_1_359' title='bbox 2948 3523 3099 3584; x_wconf 82' lang='grc' dir='ltr'>οὖσιν</span> <span class='ocrx_word' id='word_1_360' title='bbox 3126 3529 3448 3601; x_wconf 82' lang='grc' dir='ltr'>ὑπέμειναν.</span> 
     </span>
    </p>
   </div>
   <div class='ocr_carea' id='block_1_64' title="bbox 2246 3609 3769 3691">
    <p class='ocr_par' dir='ltr' id='par_1_64' title="bbox 2246 3609 3769 3691">
     <span class='ocr_line' id='line_1_64' title="bbox 2246 3609 3769 3691; baseline 0.003 -19"><span class='ocrx_word' id='word_1_361' title='bbox 2246 3619 2317 3672; x_wconf 85' lang='lat' dir='ltr'><strong>Ol</strong></span> <span class='ocrx_word' id='word_1_362' title='bbox 2345 3619 2486 3689; x_wconf 70' lang='grc' dir='ltr'>μοι]</span> <span class='ocrx_word' id='word_1_363' title='bbox 2511 3619 2601 3673; x_wconf 82' lang='grc' dir='ltr'>ὅτι</span> <span class='ocrx_word' id='word_1_364' title='bbox 2629 3609 2903 3673; x_wconf 68' lang='grc' dir='ltr'>ἐκλείπεί</span> <span class='ocrx_word' id='word_1_365' title='bbox 2935 3619 2974 3687; x_wconf 78' lang='grc' dir='ltr'><strong><em>ἡ</em></strong></span> <span class='ocrx_word' id='word_1_366' title='bbox 3007 3619 3178 3690; x_wconf 66' lang='grc' dir='ltr'>ψυχή</span> <span class='ocrx_word' id='word_1_367' title='bbox 3215 3638 3336 3691; x_wconf 81' lang='grc' dir='ltr'><strong>μου</strong></span> <span class='ocrx_word' id='word_1_368' title='bbox 3374 3623 3474 3676; x_wconf 79' lang='grc' dir='ltr'><strong>ἐπὶ</strong></span> <span class='ocrx_word' id='word_1_369' title='bbox 3511 3623 3638 3690; x_wconf 86' lang='grc' dir='ltr'>τοῖς</span> <span class='ocrx_word' id='word_1_370' title='bbox 3667 3624 3769 3680; x_wconf 84' lang='grc' dir='ltr'><strong>ἀν-</strong></span> 
     </span>
    </p>
   </div>
   <div class='ocr_carea' id='block_1_65' title="bbox 2111 3699 3768 3782">
    <p class='ocr_par' dir='ltr' id='par_1_65' title="bbox 2111 3699 3768 3782">
     <span class='ocr_line' id='line_1_65' title="bbox 2111 3699 3768 3782; baseline 0.004 -20"><span class='ocrx_word' id='word_1_371' title='bbox 2111 3699 2155 3756; x_wconf 85' lang='grc' dir='ltr'><strong>Β</strong></span> <span class='ocrx_word' id='word_1_372' title='bbox 2179 3709 2523 3780; x_wconf 78' lang='grc' dir='ltr'>ηρημένοις.</span> <span class='ocrx_word' id='word_1_373' title='bbox 2579 3709 2971 3780; x_wconf 81' lang='grc' dir='ltr'>Περιδράμετε</span> <span class='ocrx_word' id='word_1_374' title='bbox 3041 3709 3112 3764; x_wconf 81' lang='grc' dir='ltr'>ἐν</span> <span class='ocrx_word' id='word_1_375' title='bbox 3159 3709 3289 3778; x_wconf 84' lang='grc' dir='ltr'>ταῖς</span> <span class='ocrx_word' id='word_1_376' title='bbox 3345 3711 3508 3780; x_wconf 80' lang='grc' dir='ltr'>ὁδοῖς</span> <span class='ocrx_word' id='word_1_377' title='bbox 3562 3714 3768 3782; x_wconf 80' lang='grc' dir='ltr'>Ἰερου-</span> 
     </span>
    </p>
   </div>
   <div class='ocr_carea' id='block_1_66' title="bbox 2182 3803 2421 3872">
    <p class='ocr_par' dir='ltr' id='par_1_66' title="bbox 2182 3803 2421 3872">
     <span class='ocr_line' id='line_1_66' title="bbox 2182 3803 2421 3872; baseline 0.004 -14"><span class='ocrx_word' id='word_1_378' title='bbox 2182 3803 2421 3872; x_wconf 77' lang='grc' dir='ltr'>σαλήμ.</span> 
     </span>
    </p>
   </div>
   <div class='ocr_carea' id='block_1_67' title="bbox 2263 3892 3764 3970">
    <p class='ocr_par' dir='ltr' id='par_1_67' title="bbox 2263 3892 3764 3970">
     <span class='ocr_line' id='line_1_67' title="bbox 2263 3892 3764 3970; baseline 0.004 -24"><span class='ocrx_word' id='word_1_379' title='bbox 2263 3895 2430 3965; x_wconf 79' lang='grc' dir='ltr'>Ὁρᾷς</span> <span class='ocrx_word' id='word_1_380' title='bbox 2462 3895 2520 3946; x_wconf 80' lang='grc' dir='ltr'>ὲν</span> <span class='ocrx_word' id='word_1_381' title='bbox 2558 3892 2770 3956; x_wconf 82' lang='grc' dir='ltr'>τούτοις</span> <span class='ocrx_word' id='word_1_382' title='bbox 2796 3893 3056 3947; x_wconf 77' lang='grc' dir='ltr'>ὠδίνοντα</span> <span class='ocrx_word' id='word_1_383' title='bbox 3086 3897 3185 3966; x_wconf 82' lang='grc' dir='ltr'>μὲν</span> <span class='ocrx_word' id='word_1_384' title='bbox 3209 3896 3303 3949; x_wconf 73' lang='grc' dir='ltr'>ἐπὶ</span> <span class='ocrx_word' id='word_1_385' title='bbox 3341 3898 3455 3960; x_wconf 82' lang='grc' dir='ltr'>τοῖς</span> <span class='ocrx_word' id='word_1_386' title='bbox 3481 3897 3764 3970; x_wconf 83' lang='grc' dir='ltr'>ἀνῃρημέ-</span> 
     </span>
    </p>
   </div>
   <div class='ocr_carea' id='block_1_68' title="bbox 2180 3984 3764 4060">
    <p class='ocr_par' dir='ltr' id='par_1_68' title="bbox 2180 3984 3764 4060">
     <span class='ocr_line' id='line_1_68' title="bbox 2180 3984 3764 4060; baseline 0.003 -22"><span class='ocrx_word' id='word_1_387' title='bbox 2180 4001 2314 4050; x_wconf 89' lang='grc' dir='ltr'>νοις,</span> <span class='ocrx_word' id='word_1_388' title='bbox 2345 3985 2441 4039; x_wconf 76' lang='grc' dir='ltr'><strong>καὶ</strong></span> <span class='ocrx_word' id='word_1_389' title='bbox 2467 3984 2776 4056; x_wconf 67' lang='grc' dir='ltr'>προχείροις</span> <span class='ocrx_word' id='word_1_390' title='bbox 2813 3985 2911 4055; x_wconf 81' lang='grc' dir='ltr'>μὲν</span> <span class='ocrx_word' id='word_1_391' title='bbox 2940 3984 3111 4039; x_wconf 74' lang='grc' dir='ltr'>ἐλεεῖν</span> <span class='ocrx_word' id='word_1_392' title='bbox 3140 3985 3392 4041; x_wconf 77' lang='grc' dir='ltr'>ἐθέλοντα</span> <span class='ocrx_word' id='word_1_393' title='bbox 3423 3988 3522 4059; x_wconf 81' lang='grc' dir='ltr'>τὴν</span> <span class='ocrx_word' id='word_1_394' title='bbox 3561 3989 3764 4060; x_wconf 84' lang='grc' dir='ltr'>Ἰερου-</span> 
     </span>
    </p>
   </div>
   <div class='ocr_carea' id='block_1_69' title="bbox 2182 4073 3762 4151">
    <p class='ocr_par' dir='ltr' id='par_1_69' title="bbox 2182 4073 3762 4151">
     <span class='ocr_line' id='line_1_69' title="bbox 2182 4073 3762 4151; baseline 0.003 -23"><span class='ocrx_word' id='word_1_395' title='bbox 2182 4075 2396 4146; x_wconf 80' lang='grc' dir='ltr'>σαλὴμ,</span> <span class='ocrx_word' id='word_1_396' title='bbox 2434 4073 2750 4147; x_wconf 72' lang='grc' dir='ltr'>εἰργόμενον</span> <span class='ocrx_word' id='word_1_397' title='bbox 2794 4075 2852 4128; x_wconf 82' lang='grc' dir='ltr'><strong>δέ</strong></span> <span class='ocrx_word' id='word_1_398' title='bbox 2898 4093 3014 4138; x_wconf 87' lang='grc' dir='ltr'><strong>πως</strong></span> <span class='ocrx_word' id='word_1_399' title='bbox 3053 4075 3140 4146; x_wconf 83' lang='grc' dir='ltr'><strong>ὑφ’</strong></span> <span class='ocrx_word' id='word_1_400' title='bbox 3189 4076 3421 4142; x_wconf 75' lang='grc' dir='ltr'>ἑαυτοῦ,</span> <span class='ocrx_word' id='word_1_401' title='bbox 3473 4083 3762 4151; x_wconf 78' lang='grc' dir='ltr'>μονονουχὶ</span> 
     </span>
    </p>
   </div>
   <div class='ocr_carea' id='block_1_70' title="bbox 2178 4161 3761 4243">
    <p class='ocr_par' dir='ltr' id='par_1_70' title="bbox 2178 4161 3761 4243">
     <span class='ocr_line' id='line_1_70' title="bbox 2178 4161 3761 4243; baseline 0.003 -23"><span class='ocrx_word' id='word_1_402' title='bbox 2178 4167 2235 4220; x_wconf 86' lang='grc' dir='ltr'>δὲ</span> <span class='ocrx_word' id='word_1_403' title='bbox 2267 4168 2360 4220; x_wconf 71' lang='grc' dir='ltr'><strong>καὶ</strong></span> <span class='ocrx_word' id='word_1_404' title='bbox 2389 4165 2818 4238; x_wconf 76' lang='grc' dir='ltr'>ἁνασειράζοντα</span> <span class='ocrx_word' id='word_1_405' title='bbox 2851 4165 2948 4238; x_wconf 79' lang='grc' dir='ltr'>τὴν</span> <span class='ocrx_word' id='word_1_406' title='bbox 2981 4167 3262 4240; x_wconf 83' lang='grc' dir='ltr'>θεοπρεπῆ</span> <span class='ocrx_word' id='word_1_407' title='bbox 3294 4161 3637 4243; x_wconf 82' lang='grc' dir='ltr'>γαληνότητα</span> <span class='ocrx_word' id='word_1_408' title='bbox 3675 4171 3761 4226; x_wconf 75' lang='grc' dir='ltr'><strong>διὸ</strong></span> 
     </span>
    </p>
   </div>
   <div class='ocr_carea' id='block_1_71' title="bbox 2176 4258 3763 4335">
    <p class='ocr_par' dir='ltr' id='par_1_71' title="bbox 2176 4258 3763 4335">
     <span class='ocr_line' id='line_1_71' title="bbox 2176 4258 3763 4335; baseline 0.003 -23"><span class='ocrx_word' id='word_1_409' title='bbox 2176 4260 2240 4312; x_wconf 86' lang='grc' dir='ltr'>τὸ</span> <span class='ocrx_word' id='word_1_410' title='bbox 2263 4259 2363 4330; x_wconf 84' lang='grc' dir='ltr'><strong>τῆς</strong></span> <span class='ocrx_word' id='word_1_411' title='bbox 2395 4259 2671 4331; x_wconf 85' lang='grc' dir='ltr'>ἁμαρτίας</span> <span class='ocrx_word' id='word_1_412' title='bbox 2704 4259 3030 4330; x_wconf 80' lang='grc' dir='ltr'>ὑπέρογκον·</span> <span class='ocrx_word' id='word_1_413' title='bbox 3047 4259 3314 4331; x_wconf 77' lang='grc' dir='ltr'>ζητοῦντα</span> <span class='ocrx_word' id='word_1_414' title='bbox 3336 4261 3382 4314; x_wconf 82' lang='grc' dir='ltr'><strong>δ’</strong></span> <span class='ocrx_word' id='word_1_415' title='bbox 3409 4258 3502 4316; x_wconf 77' lang='grc' dir='ltr'><strong>οὖν</strong></span> <span class='ocrx_word' id='word_1_416' title='bbox 3529 4264 3679 4335; x_wconf 84' lang='grc' dir='ltr'>ὅμως</span> <span class='ocrx_word' id='word_1_417' title='bbox 3701 4265 3763 4317; x_wconf 81' lang='grc' dir='ltr'>τὸ</span> 
     </span>
    </p>
   </div>
   <div class='ocr_carea' id='block_1_72' title="bbox 2177 4351 3760 4424">
    <p class='ocr_par' dir='ltr' id='par_1_72' title="bbox 2177 4351 3760 4424">
     <span class='ocr_line' id='line_1_72' title="bbox 2177 4351 3760 4424; baseline 0.003 -18"><span class='ocrx_word' id='word_1_418' title='bbox 2177 4353 2573 4424; x_wconf 86' lang='grc' dir='ltr'>κατοικτείρειν</span> <span class='ocrx_word' id='word_1_419' title='bbox 2619 4351 2720 4416; x_wconf 85' lang='grc' dir='ltr'>τὰς</span> <span class='ocrx_word' id='word_1_420' title='bbox 2784 4352 3091 4424; x_wconf 82' lang='grc' dir='ltr'>ἁμαρτίας,</span> <span class='ocrx_word' id='word_1_421' title='bbox 3146 4353 3242 4408; x_wconf 75' lang='grc' dir='ltr'>καὶ</span> <span class='ocrx_word' id='word_1_422' title='bbox 3285 4354 3371 4424; x_wconf 79' lang='grc' dir='ltr'><strong>ἐφ’</strong></span> <span class='ocrx_word' id='word_1_423' title='bbox 3405 4355 3487 4408; x_wconf 81' lang='grc' dir='ltr'>ἐνὶ</span> <span class='ocrx_word' id='word_1_424' title='bbox 3537 4355 3760 4411; x_wconf 84' lang='grc' dir='ltr'>θέλοντα</span> 
     </span>
    </p>
   </div>
   <div class='ocr_carea' id='block_1_73' title="bbox 2177 4443 3760 4522">
    <p class='ocr_par' dir='ltr' id='par_1_73' title="bbox 2177 4443 3760 4522">
     <span class='ocr_line' id='line_1_73' title="bbox 2177 4443 3760 4522; baseline 0.003 -24"><span class='ocrx_word' id='word_1_425' title='bbox 2177 4444 2468 4499; x_wconf 85' lang='grc' dir='ltr'>καταλύειν</span> <span class='ocrx_word' id='word_1_426' title='bbox 2502 4444 2570 4499; x_wconf 80' lang='grc' dir='ltr'>τὰ</span> <span class='ocrx_word' id='word_1_427' title='bbox 2599 4443 2659 4509; x_wconf 78' lang='grc' dir='ltr'>ἐξ</span> <span class='ocrx_word' id='word_1_428' title='bbox 2687 4444 2890 4516; x_wconf 80' lang='grc' dir='ltr'>ὀργῆς;</span> <span class='ocrx_word' id='word_1_429' title='bbox 2922 4444 3062 4498; x_wconf 86' lang='grc' dir='ltr'>Ἕνα</span> <span class='ocrx_word' id='word_1_430' title='bbox 3094 4444 3201 4517; x_wconf 82' lang='grc' dir='ltr'><strong>γὰρ</strong></span> <span class='ocrx_word' id='word_1_431' title='bbox 3237 4445 3406 4518; x_wconf 84' lang='grc' dir='ltr'>ἄνδρα</span> <span class='ocrx_word' id='word_1_432' title='bbox 3439 4449 3564 4512; x_wconf 79' lang='grc' dir='ltr'>τοὺς</span> <span class='ocrx_word' id='word_1_433' title='bbox 3600 4467 3760 4522; x_wconf 86' lang='grc' dir='ltr'>περι-</span> 
     </span>
    </p>
   </div>
   <div class='ocr_carea' id='block_1_74' title="bbox 2176 4535 3617 4610">
    <p class='ocr_par' dir='ltr' id='par_1_74' title="bbox 2176 4535 3617 4610">
     <span class='ocr_line' id='line_1_74' title="bbox 2176 4535 3617 4610; baseline 0.005 -21"><span class='ocrx_word' id='word_1_434' title='bbox 2176 4535 2396 4601; x_wconf 81' lang='grc' dir='ltr'>θέοντας</span> <span class='ocrx_word' id='word_1_435' title='bbox 2421 4537 2789 4593; x_wconf 79' lang='grc' dir='ltr'>ἐπιδεικνύναι</span> <span class='ocrx_word' id='word_1_436' title='bbox 2817 4537 3008 4594; x_wconf 80' lang='grc' dir='ltr'>πιστὺν</span> <span class='ocrx_word' id='word_1_437' title='bbox 3034 4539 3094 4592; x_wconf 80' lang='grc' dir='ltr'>ὲν</span> <span class='ocrx_word' id='word_1_438' title='bbox 3120 4539 3258 4610; x_wconf 80' lang='grc' dir='ltr'>αὐτῇ</span> <span class='ocrx_word' id='word_1_439' title='bbox 3289 4539 3617 4596; x_wconf 85' lang='grc' dir='ltr'>διετάττετο.</span> 
     </span>
    </p>
   </div>
   <div class='ocr_carea' id='block_1_75' title="bbox 2247 4626 3756 4700">
    <p class='ocr_par' dir='ltr' id='par_1_75' title="bbox 2247 4626 3756 4700">
     <span class='ocr_line' id='line_1_75' title="bbox 2247 4626 3756 4700; baseline 0.003 -17"><span class='ocrx_word' id='word_1_440' title='bbox 2247 4629 2358 4683; x_wconf 78' lang='grc' dir='ltr'><strong>Καὶ</strong></span> <span class='ocrx_word' id='word_1_441' title='bbox 2394 4629 2510 4700; x_wconf 74' lang='grc' dir='ltr'><strong>ἐγὼ</strong></span> <span class='ocrx_word' id='word_1_442' title='bbox 2549 4626 2690 4684; x_wconf 65' lang='lat' dir='ltr'><strong>circa</strong></span> <span class='ocrx_word' id='word_1_443' title='bbox 2715 4648 2728 4662; x_wconf 82' lang='lat'><strong><em>°</em></strong></span> <span class='ocrx_word' id='word_1_444' title='bbox 2767 4633 2946 4698; x_wconf 86' lang='grc' dir='ltr'>Ἴσως</span> <span class='ocrx_word' id='word_1_445' title='bbox 2993 4631 3220 4698; x_wconf 86' lang='grc' dir='ltr'>πτωχοί</span> <span class='ocrx_word' id='word_1_446' title='bbox 3261 4633 3410 4698; x_wconf 85' lang='grc' dir='ltr'>εισι,</span> <span class='ocrx_word' id='word_1_447' title='bbox 3455 4631 3606 4687; x_wconf 82' lang='grc' dir='ltr'>διότι</span> <span class='ocrx_word' id='word_1_448' title='bbox 3645 4634 3756 4688; x_wconf 75' lang='grc' dir='ltr'>οὐκ</span> 
     </span>
    </p>
   </div>
   <div class='ocr_carea' id='block_1_76' title="bbox 2172 4717 2847 4789">
    <p class='ocr_par' dir='ltr' id='par_1_76' title="bbox 2172 4717 2847 4789">
     <span class='ocr_line' id='line_1_76' title="bbox 2172 4717 2847 4789; baseline 0.012 -15"><span class='ocrx_word' id='word_1_449' title='bbox 2172 4717 2597 4789; x_wconf 73' lang='grc' dir='ltr'><strong>ἐδυνήθησαν,</strong></span> <span class='ocrx_word' id='word_1_450' title='bbox 2629 4740 2684 4776; x_wconf 89' lang='grc' dir='ltr'><strong>κ.</strong></span> <span class='ocrx_word' id='word_1_451' title='bbox 2710 4742 2762 4780; x_wconf 90' lang='grc' dir='ltr'>τ.</span> <span class='ocrx_word' id='word_1_452' title='bbox 2793 4723 2847 4782; x_wconf 87' lang='grc' dir='ltr'>λ.</span> 
     </span>
    </p>
   </div>
   <div class='ocr_carea' id='block_1_77' title="bbox 2248 4808 3755 4888">
    <p class='ocr_par' dir='ltr' id='par_1_77' title="bbox 2248 4808 3755 4888">
     <span class='ocr_line' id='line_1_77' title="bbox 2248 4808 3755 4888; baseline 0.005 -24"><span class='ocrx_word' id='word_1_453' title='bbox 2248 4812 2323 4865; x_wconf 82' lang='grc' dir='ltr'><strong>Τὸ</strong></span> <span class='ocrx_word' id='word_1_454' title='bbox 2348 4808 2584 4884; x_wconf 83' lang='grc' dir='ltr'>προῦχον</span> <span class='ocrx_word' id='word_1_455' title='bbox 2615 4815 2708 4868; x_wconf 74' lang='grc' dir='ltr'>καὶ</span> <span class='ocrx_word' id='word_1_456' title='bbox 2742 4817 3028 4888; x_wconf 80' lang='grc' dir='ltr'>ἱερώτερον</span> <span class='ocrx_word' id='word_1_457' title='bbox 3059 4819 3118 4871; x_wconf 80' lang='grc' dir='ltr'>ὲν</span> <span class='ocrx_word' id='word_1_458' title='bbox 3143 4819 3256 4880; x_wconf 86' lang='grc' dir='ltr'>τοῖς</span> <span class='ocrx_word' id='word_1_459' title='bbox 3289 4815 3565 4882; x_wconf 80' lang='grc' dir='ltr'>Ἰουδαίοις</span> <span class='ocrx_word' id='word_1_460' title='bbox 3593 4819 3755 4872; x_wconf 85' lang='grc' dir='ltr'>ταλα-</span> 
     </span>
    </p>
   </div>
   <div class='ocr_carea' id='block_1_78' title="bbox 2173 4901 3757 4978">
    <p class='ocr_par' dir='ltr' id='par_1_78' title="bbox 2173 4901 3757 4978">
     <span class='ocr_line' id='line_1_78' title="bbox 2173 4901 3757 4978; baseline 0.005 -24"><span class='ocrx_word' id='word_1_461' title='bbox 2173 4901 2382 4967; x_wconf 77' lang='grc' dir='ltr'>νίζεται</span> <span class='ocrx_word' id='word_1_462' title='bbox 2415 4903 2512 4974; x_wconf 80' lang='grc' dir='ltr'>μὲν</span> <span class='ocrx_word' id='word_1_463' title='bbox 2539 4905 2793 4970; x_wconf 79' lang='grc' dir='ltr'>εἰκότως.</span> <span class='ocrx_word' id='word_1_464' title='bbox 2847 4905 3235 4977; x_wconf 78' lang='grc' dir='ltr'>ῥαγδαιοτέραν</span> <span class='ocrx_word' id='word_1_465' title='bbox 3256 4905 3313 4958; x_wconf 85' lang='grc' dir='ltr'><strong>δὲ</strong></span> <span class='ocrx_word' id='word_1_466' title='bbox 3338 4905 3435 4977; x_wconf 84' lang='grc' dir='ltr'>τὴν</span> <span class='ocrx_word' id='word_1_467' title='bbox 3458 4906 3628 4978; x_wconf 80' lang='grc' dir='ltr'>ὀργὴν</span> <span class='ocrx_word' id='word_1_468' title='bbox 3665 4911 3757 4962; x_wconf 80' lang='grc' dir='ltr'><strong>ἑπ-</strong></span> 
     </span>
    </p>
   </div>
   <div class='ocr_carea' id='block_1_79' title="bbox 2173 4993 3754 5068">
    <p class='ocr_par' dir='ltr' id='par_1_79' title="bbox 2173 4993 3754 5068">
     <span class='ocr_line' id='line_1_79' title="bbox 2173 4993 3754 5068; baseline 0.006 -22"><span class='ocrx_word' id='word_1_469' title='bbox 2173 4993 2441 5065; x_wconf 86' lang='grc' dir='ltr'>ήντλησεν</span> <span class='ocrx_word' id='word_1_470' title='bbox 2471 4995 2640 5067; x_wconf 83' lang='grc' dir='ltr'>αὐτῷ.</span> <span class='ocrx_word' id='word_1_471' title='bbox 2669 4997 2782 5050; x_wconf 76' lang='grc' dir='ltr'>Καὶ</span> <span class='ocrx_word' id='word_1_472' title='bbox 2825 4997 2984 5050; x_wconf 83' lang='grc' dir='ltr'>τοῦτο</span> <span class='ocrx_word' id='word_1_473' title='bbox 3024 4998 3279 5068; x_wconf 79' lang='grc' dir='ltr'>σαφηνιεῖ</span> <span class='ocrx_word' id='word_1_474' title='bbox 3317 4995 3493 5068; x_wconf 82' lang='grc' dir='ltr'>λέγων</span> <span class='ocrx_word' id='word_1_475' title='bbox 3532 5000 3694 5064; x_wconf 76' lang='grc' dir='ltr'>αὐτὸς</span> <span class='ocrx_word' id='word_1_476' title='bbox 3725 5004 3754 5054; x_wconf 90' lang='grc' dir='ltr'><strong>ό</strong></span> 
     </span>
    </p>
   </div>
   <div class='ocr_carea' id='block_1_80' title="bbox 2175 5083 3751 5160">
    <p class='ocr_par' dir='ltr' id='par_1_80' title="bbox 2175 5083 3751 5160">
     <span class='ocr_line' id='line_1_80' title="bbox 2175 5083 3751 5160; baseline 0.004 -22"><span class='ocrx_word' id='word_1_477' title='bbox 2175 5083 2410 5157; x_wconf 82' lang='grc' dir='ltr'>Χριστὸς</span> <span class='ocrx_word' id='word_1_478' title='bbox 2432 5127 2450 5154; x_wconf 93' lang='grc'><strong>,</strong></span> <span class='ocrx_word' id='word_1_479' title='bbox 2482 5087 2628 5141; x_wconf 80' lang='grc' dir='ltr'><strong>Οὐαὶ</strong></span> <span class='ocrx_word' id='word_1_480' title='bbox 2671 5087 2832 5156; x_wconf 83' lang='grc' dir='ltr'>ὑμῖν.</span> <span class='ocrx_word' id='word_1_481' title='bbox 2881 5088 3252 5157; x_wconf 79' lang='grc' dir='ltr'>Γραμματεῖς</span> <span class='ocrx_word' id='word_1_482' title='bbox 3299 5089 3399 5143; x_wconf 82' lang='grc' dir='ltr'>καὶ</span> <span class='ocrx_word' id='word_1_483' title='bbox 3445 5091 3751 5160; x_wconf 82' lang='grc' dir='ltr'>Φαρισαῖοι</span> 
     </span>
    </p>
   </div>
   <div class='ocr_carea' id='block_1_81' title="bbox 2173 5175 3750 5251">
    <p class='ocr_par' dir='ltr' id='par_1_81' title="bbox 2173 5175 3750 5251">
     <span class='ocr_line' id='line_1_81' title="bbox 2173 5175 3750 5251; baseline 0.003 -21"><span class='ocrx_word' id='word_1_484' title='bbox 2173 5177 2516 5244; x_wconf 75' lang='grc' dir='ltr'>ὑποκριταὶ,</span> <span class='ocrx_word' id='word_1_485' title='bbox 2545 5175 2634 5230; x_wconf 85' lang='grc' dir='ltr'>ὅτι</span> <span class='ocrx_word' id='word_1_486' title='bbox 2671 5175 2974 5247; x_wconf 75' lang='grc' dir='ltr'>περιάγετε</span> <span class='ocrx_word' id='word_1_487' title='bbox 2999 5180 3114 5248; x_wconf 86' lang='grc' dir='ltr'>τὴν</span> <span class='ocrx_word' id='word_1_488' title='bbox 3144 5179 3468 5235; x_wconf 76' lang='grc' dir='ltr'>θάλασσαν</span> <span class='ocrx_word' id='word_1_489' title='bbox 3509 5182 3605 5235; x_wconf 74' lang='grc' dir='ltr'>καὶ</span> <span class='ocrx_word' id='word_1_490' title='bbox 3635 5183 3750 5251; x_wconf 78' lang='grc' dir='ltr'>τὴν</span> 
     </span>
    </p>
   </div>
   <div class='ocr_carea' id='block_1_82' title="bbox 2171 5267 3509 5339">
    <p class='ocr_par' dir='ltr' id='par_1_82' title="bbox 2171 5267 3509 5339">
     <span class='ocr_line' id='line_1_82' title="bbox 2171 5267 3509 5339; baseline 0.005 -17"><span class='ocrx_word' id='word_1_491' title='bbox 2171 5269 2382 5338; x_wconf 82' lang='grc' dir='ltr'>ξηρὰν,</span> <span class='ocrx_word' id='word_1_492' title='bbox 2419 5267 2668 5334; x_wconf 83' lang='grc' dir='ltr'>ποιῆσαι</span> <span class='ocrx_word' id='word_1_493' title='bbox 2691 5269 2801 5324; x_wconf 75' lang='grc' dir='ltr'>ἕνα</span> <span class='ocrx_word' id='word_1_494' title='bbox 2827 5271 3255 5339; x_wconf 76' lang='grc' dir='ltr'>προσήλυτον,</span> <span class='ocrx_word' id='word_1_495' title='bbox 3292 5290 3347 5327; x_wconf 85' lang='grc' dir='ltr'><strong>κ.</strong></span> <span class='ocrx_word' id='word_1_496' title='bbox 3381 5291 3431 5329; x_wconf 87' lang='grc' dir='ltr'><strong>τ.</strong></span> <span class='ocrx_word' id='word_1_497' title='bbox 3463 5276 3509 5329; x_wconf 81' lang='grc' dir='ltr'>ὲ.</span> 
     </span>
    </p>
   </div>
   <div class='ocr_carea' id='block_1_83' title="bbox 2237 5359 3501 5437">
    <p class='ocr_par' dir='ltr' id='par_1_83' title="bbox 2237 5359 3501 5437">
     <span class='ocr_line' id='line_1_83' title="bbox 2237 5359 3501 5437; baseline 0.006 -23"><span class='ocrx_word' id='word_1_498' title='bbox 2237 5359 2396 5429; x_wconf 85' lang='grc' dir='ltr'>Πρὸς</span> <span class='ocrx_word' id='word_1_499' title='bbox 2420 5362 2558 5416; x_wconf 85' lang='grc' dir='ltr'>τίνα</span> <span class='ocrx_word' id='word_1_500' title='bbox 2583 5363 2840 5434; x_wconf 71' lang='grc' dir='ltr'>λαλήσω</span> <span class='ocrx_word' id='word_1_501' title='bbox 2868 5365 2967 5420; x_wconf 77' lang='grc' dir='ltr'>καὶ</span> <span class='ocrx_word' id='word_1_502' title='bbox 2997 5365 3501 5437; x_wconf 81' lang='grc' dir='ltr'>διαμαρτύρομαι;</span> 
     </span>
    </p>
   </div>
   <div class='ocr_carea' id='block_1_84' title="bbox 2233 5454 3750 5531">
    <p class='ocr_par' dir='ltr' id='par_1_84' title="bbox 2233 5454 3750 5531">
     <span class='ocr_line' id='line_1_84' title="bbox 2233 5454 3750 5531; baseline 0.003 -23"><span class='ocrx_word' id='word_1_503' title='bbox 2233 5454 2629 5521; x_wconf 80' lang='grc' dir='ltr'>Κατωνείδιζον</span> <span class='ocrx_word' id='word_1_504' title='bbox 2661 5457 2772 5529; x_wconf 85' lang='grc' dir='ltr'><strong>γὰρ</strong></span> <span class='ocrx_word' id='word_1_505' title='bbox 2808 5458 2869 5512; x_wconf 82' lang='grc' dir='ltr'><strong>τό</strong></span> <span class='ocrx_word' id='word_1_506' title='bbox 2910 5457 3062 5531; x_wconf 78' lang='grc' dir='ltr'>ῥῆμα</span> <span class='ocrx_word' id='word_1_507' title='bbox 3102 5458 3361 5531; x_wconf 80' lang='grc' dir='ltr'>Χριστοῦ,</span> <span class='ocrx_word' id='word_1_508' title='bbox 3391 5461 3502 5523; x_wconf 80' lang='grc' dir='ltr'>τοῖς</span> <span class='ocrx_word' id='word_1_509' title='bbox 3537 5460 3750 5529; x_wconf 83' lang='grc' dir='ltr'>ἀκροω-</span> 
     </span>
    </p>
   </div>
   <div class='ocr_carea' id='block_1_85' title="bbox 2165 5546 3743 5622">
    <p class='ocr_par' dir='ltr' id='par_1_85' title="bbox 2165 5546 3743 5622">
     <span class='ocr_line' id='line_1_85' title="bbox 2165 5546 3743 5622; baseline 0.003 -22"><span class='ocrx_word' id='word_1_510' title='bbox 2165 5546 2347 5618; x_wconf 75' lang='grc' dir='ltr'>μένοις</span> <span class='ocrx_word' id='word_1_511' title='bbox 2387 5550 2516 5620; x_wconf 76' lang='grc' dir='ltr'>περὶ</span> <span class='ocrx_word' id='word_1_512' title='bbox 2569 5549 2732 5605; x_wconf 78' lang='grc' dir='ltr'>αὑτοῦ</span> <span class='ocrx_word' id='word_1_513' title='bbox 2784 5551 3062 5621; x_wconf 80' lang='grc' dir='ltr'>λέγοντες·</span> <span class='ocrx_word' id='word_1_514' title='bbox 3111 5552 3428 5622; x_wconf 84' lang='grc' dir='ltr'>Δαιμόνιον</span> <span class='ocrx_word' id='word_1_515' title='bbox 3470 5551 3592 5621; x_wconf 78' lang='grc' dir='ltr'>ἔχει</span> <span class='ocrx_word' id='word_1_516' title='bbox 3644 5553 3743 5608; x_wconf 78' lang='grc' dir='ltr'>καὶ</span> 
     </span>
    </p>
   </div>
   <div class='ocr_carea' id='block_1_86' title="bbox 2159 5638 3070 5708">
    <p class='ocr_par' dir='ltr' id='par_1_86' title="bbox 2159 5638 3070 5708">
     <span class='ocr_line' id='line_1_86' title="bbox 2159 5638 3070 5708; baseline 0.007 -17"><span class='ocrx_word' id='word_1_517' title='bbox 2159 5638 2469 5706; x_wconf 79' lang='grc' dir='ltr'>μαίνεται·</span> <span class='ocrx_word' id='word_1_518' title='bbox 2494 5641 2551 5694; x_wconf 80' lang='grc' dir='ltr'><strong>τί</strong></span> <span class='ocrx_word' id='word_1_519' title='bbox 2571 5641 2758 5696; x_wconf 87' lang='grc' dir='ltr'>αὑτοῦ</span> <span class='ocrx_word' id='word_1_520' title='bbox 2783 5643 3070 5708; x_wconf 62' lang='lat' dir='ltr'><strong>datadata;</strong></span> 
     </span>
    </p>
   </div>
   <div class='ocr_carea' id='block_1_87' title="bbox 2241 5731 3745 5810">
    <p class='ocr_par' dir='ltr' id='par_1_87' title="bbox 2241 5731 3745 5810">
     <span class='ocr_line' id='line_1_87' title="bbox 2241 5731 3745 5810; baseline 0.004 -27"><span class='ocrx_word' id='word_1_521' title='bbox 2241 5731 2389 5802; x_wconf 79' lang='grc' dir='ltr'><strong>Οὐχὶ</strong></span> <span class='ocrx_word' id='word_1_522' title='bbox 2433 5733 2575 5810; x_wconf 78' lang='grc' dir='ltr'>ὁρᾷς</span> <span class='ocrx_word' id='word_1_523' title='bbox 2620 5739 2678 5790; x_wconf 84' lang='grc' dir='ltr'><strong>τί</strong></span> <span class='ocrx_word' id='word_1_524' title='bbox 2715 5737 2885 5792; x_wconf 74' lang='grc' dir='ltr'>αὐτοὶ</span> <span class='ocrx_word' id='word_1_525' title='bbox 2925 5736 3167 5792; x_wconf 80' lang='grc' dir='ltr'>ποιοῦσι</span> <span class='ocrx_word' id='word_1_526' title='bbox 3210 5737 3280 5792; x_wconf 83' lang='grc' dir='ltr'>ἐν</span> <span class='ocrx_word' id='word_1_527' title='bbox 3329 5735 3457 5804; x_wconf 81' lang='grc' dir='ltr'>ταῖς</span> <span class='ocrx_word' id='word_1_528' title='bbox 3491 5736 3745 5790; x_wconf 77' lang='grc' dir='ltr'>πόλεσιν</span> 
     </span>
    </p>
   </div>
   <div class='ocr_carea' id='block_1_88' title="bbox 2175 5822 2400 5886">
    <p class='ocr_par' dir='ltr' id='par_1_88' title="bbox 2175 5822 2400 5886">
     <span class='ocr_line' id='line_1_88' title="bbox 2175 5822 2400 5886; baseline 0.004 -9"><span class='ocrx_word' id='word_1_529' title='bbox 2175 5822 2362 5878; x_wconf 82' lang='grc' dir='ltr'>Ἰούδα</span> <span class='ocrx_word' id='word_1_530' title='bbox 2383 5842 2400 5886; x_wconf 87' lang='lat'><em>;</em></span> 
     </span>
    </p>
   </div>
  </div>
