4140 6488
481 426 503 481 1
517 426 620 482 ιεδ

1616 421 2046 478 FRAGMENTA
2084 423 2151 478 1N
2186 424 2558 483 JEREMIAM.

3619 434 3639 487 1
3651 432 3760 490 451,

559 540 711 612 Ὀσίᾳ
732 540 798 613 δὴ
834 534 928 595 οὖν
960 540 1362 612 τετιμώρηνται
1389 542 1576 613 ψήφῳ.
1614 541 1929 607 ’Δναθέντες
1951 542 2059 615 γὰρ

2241 545 2393 601 Jnsla
2437 561 2593 615 ptena
2622 546 2867 602 mulctati
2899 558 3047 605 sunt.
3077 548 3211 605 Cum
3237 550 3381 606 enim
3412 552 3570 607 rebus
3599 567 3758 609 crea—

474 632 650 686 κτίσει
687 632 750 686 τὸ
780 632 946 697 σέϐας
968 671 984 695 ,
1013 632 1110 687 καὶ
1150 632 1264 698 τοῖς
1295 632 1480 705 ἔργοις
1522 631 1634 686 τῶν
1681 633 1826 687 ῑδίων
1860 634 2064 706 χειρῶν

471 724 890 797 λατρεύσαντες,
912 724 1067 780 αὐτοὶ
1093 726 1215 789 ταῖς
1244 725 1404 789 ἰδίαις
1428 725 1778 797 ὲπήντλησαν
1798 727 2063 796 κεφαλαῖς

472 816 543 871 τὰ
574 819 639 871 ὲκ
663 815 815 881 θείας
840 816 1032 889 ὀργῆς.
1064 818 1140 872 Οὐ
1171 816 1277 889 γὰρ
1298 816 1503 882 ἀδίκως
1545 818 1846 874 ἐκτείνεται
1868 819 2062 874 δίκτυα

474 911 797 980 πτερωτοῖς,
832 909 978 964 κατὰ
999 910 1062 964 τὸ
1091 910 1502 982 γεγραμμένον.

556 1003 995 1074 ᾞσχύνθησαν
1016 1005 1219 1074 σοφοί.

544 1097 752 1166 Σοφοὺς
776 1095 952 1151 ἔοικεν
979 1099 1038 1151 ὲν
1069 1096 1280 1162 τούτοις
1309 1097 1613 1168 ὑπώηλοῦν
1641 1099 1768 1164 τοὺς
1793 1097 1907 1152 τῶν
1949 1098 2061 1152 Ἐλ-

472 1189 653 1260 λήνων
696 1189 956 1259 λογάδας,
1011 1190 1243 1262 ποιητάς
1284 1207 1344 1244 τε
1418 1191 1512 1245 καὶ
1565 1191 1957 1265 συγγραφέας’
2010 1190 2061 1245 οἳ

469 1283 720 1350 γλῶτταν
775 1283 875 1356 μὲν
910 1282 1126 1354 ἔχουσιν
1168 1283 1347 1354 εὐφυᾶ
1393 1284 1488 1338 καὶ
1531 1283 2060 1356 περιειργασμένην,

471 1376 567 1431 καὶ
606 1379 728 1440 ταῖς
757 1376 867 1431 τῶν
909 1376 1083 1445 λόγων
1126 1376 1421 1448 κομψείαις
1458 1376 1844 1448 ἐξησκημένην
1884 1379 1965 1441 είς
1999 1377 2062 1431 τὸ

472 1469 730 1541 ἐπίχαρι,
777 1470 1094 1541 φρονήσεως
1126 1468 1186 1522 δὲ
1232 1468 1335 1539 τῆς
1380 1467 1617 1540 ἀληθοῦς
1661 1469 1923 1541 άμέτοχοι
1962 1468 2061 1541 τὴν

469 1560 721 1630 καρδίαν.
749 1562 837 1625 Ὠς
857 1562 965 1634 γὰρ
981 1564 1009 1615 ὁ
1028 1562 1305 1631 πάνσοφος
1329 1561 1534 1633 γράφει
1559 1561 1775 1626 Παῦλος
1790 1602 1806 1626 ,
1841 1581 1861 1615 ι
1887 1562 2059 1633 Ἐμα-

468 1654 784 1727 ταιὼθησαν
812 1658 871 1710 ὲν
898 1658 1013 1719 τοῖς
1029 1654 1403 1728 διαλογισμοῖς
1422 1655 1624 1720 αὐτῶν,
1643 1657 1739 1712 καὶ
1768 1655 2060 1726 ἐσκοτίσθη

469 1750 503 1818 ή
549 1747 810 1810 ἀσύνετος
854 1744 1035 1800 αὐτῶν
1076 1744 1295 1817 καρδία.
1339 1746 1644 1810 Φάσκοντες
1692 1740 1833 1801 εἶναι
1884 1746 2059 1815 σοφοὶ,

469 1839 891 1911 ἐμωράνθησαν,
906 1859 925 1891 ι
947 1840 1041 1892 καὶ
1059 1838 1206 1911 ἑξῆς.
1226 1838 1435 1894 Οὐκοῦν
1458 1839 1613 1909 σοφοὶ¹
1633 1838 1829 1910 μὲν,τό
1846 1855 1911 1908 γε
1926 1834 2062 1911 ἧκον

468 1936 550 1996 είς
582 1933 766 2006 φωνὴν
798 1934 895 1987 καὶ
924 1932 1194 2002 γλῶτταν,
1226 1933 1422 2003 ἄσοφοι
1457 1932 1515 1987 δὲ
1566 1934 1647 1996 εἰς
1672 1932 1773 2003 τὴν
1806 1932 2059 2005 καρδίαν.

481 2026 542 2080 Ἡ
584 2024 653 2079 δὲ
688 2027 877 2095 σοφία
904 2024 1013 2079 τοῦ
1043 2026 1278 2095 κόσμου
1314 2027 1534 2081 τούτου
1557 2025 1752 2095 μωρία
1787 2023 1951 2094 παρὰ
1983 2023 2064 2091 τῷ

472 2118 595 2183 Θεῷ
628 2120 783 2185 ἐστι,
808 2119 950 2173 κατὰ
975 2118 1038 2172 τὸ
1065 2118 1476 2189 γεγραμμένον.

552 2211 796 2266 Ἐλαίαν
831 2211 1056 2279 ὡραίαν
1083 2210 1338 2265 εὔσκιον
1365 2209 1448 2276 τῷ
1474 2210 1642 2265 εἴδει.

553 2305 794 2376 Ἀχρειοῖ
829 2303 941 2375 γὰρ
972 2303 1283 2375 ὁλοτρόπως
1312 2304 1413 2376 τὴν
1442 2302 1539 2357 τοῦ
1564 2301 1855 2376 ἀνθρώπου
1880 2304 2062 2376 ψυχὴν

466 2401 530 2455 τὸ
565 2399 934 2472 ἀποφοιτῆσαι
978 2398 1115 2453 Θεοῦ
1162 2399 1258 2453 καὶ
1294 2398 1596 2471 άμοιρῆσαι
1643 2397 1925 2462 παντελῶς
1957 2397 2063 2469 τῆς

467 2493 600 2564 παρ’
638 2492 805 2547 αὐτοῦ
848 2491 1070 2563 χάριτος
1109 2491 1203 2545 καὶ
1248 2491 1597 2563 ἐπικουρίας.
1644 2489 1907 2558 Φοϐερὸν
1952 2490 2062 2562 γὰρ

465 2584 536 2638 τὸ
564 2583 854 2653 ἐμπεσεῖν
885 2585 974 2651 εις
1002 2583 1207 2653 χεῖρας
1236 2583 1385 2638 Θεοῦ
1415 2580 1656 2649 ζῶντος.

535 2662 695 2746 Πρδς
723 2675 801 2730 σὲ
828 2677 997 2744 tam.

536 2773 602 2827 Εί
623 2773 734 2846 γάρ
764 2773 861 2827 καὶ
899 2774 1188 2843 γεγόνασιν
1216 2774 1474 2847 ὑϐρισταὶ
1515 2775 1612 2830 καὶ
1638 2774 1923 2841 ἀπειθεῖς,
1963 2773 2060 2829 καὶ⁸

467 2865 760 2930 ἀσυνεσίας
807 2865 1032 2936 ἔμπλεω
1083 2866 1183 2938 τὴν
1225 2866 1468 2923 διάνοιαν
1522 2867 1761 2939 ἔχοντες,
1802 2867 1920 2922 ἀλλ’
1962 2862 2060 2923 οὖν

468 2958 732 3024 σώζονται
758 2959 856 3012 καὶ
885 2957 1199 3025 δοξάζονται
1233 2960 1387 3033 παρὰ
1417 2960 1678 3035 Χριστοῦ.
1724 2961 1974 3033 Ἀπαρχὴ
1999 2961 2058 3015 δὲ

464 3052 672 3106 τούτων
716 3052 1005 3121 γεγόνασιν
1054 3053 1104 3104 oi
1150 3051 1442 3124 ἀθλοφόροι
1489 3052 1769 3126 μάρτυρες
1794 3094 1808 3119 ,
1845 3047 1922 3108 ὧν
1959 3054 2060 3126 τῆς

464 3143 719 3207 εὐκλείας
757 3144 791 3215 ἡ
836 3141 1131 3215 φαιδρότης
1163 3143 1292 3214 ὅλην
1338 3143 1646 3216 ἀστράπτει
1685 3143 1784 3215 τὴν
1826 3145 1922 3198 ὑπ’
1968 3145 2060 3199 οὑ-

468 3235 652 3305 ρανόν.
1158 3272 1211 3303 κ

535 3327 649 3384 Καὶ
678 3326 853 3383 ἔσται
879 3328 961 3394 ὡς
989 3328 1057 3382 τὸ
1096 3328 1307 3392 ξύλον.

536 3420 614 3474 Οὐ
651 3419 762 3493 γὰρ
804 3420 897 3474 ἐπὶ
939 3420 1159 3492 πλούτῳ
1205 3421 1354 3492 μέγα
1381 3423 1602 3494 φρονεῖ,
1638 3419 1764 3475 οὔτε
1805 3421 1912 3493 μὴν
1944 3421 2060 3476 δια·-

464 3514 639 3569 κένων
677 3513 943 3585 δοξαρίων
989 3514 1147 3579 ἐκτὸς
1190 3515 1435 3583 γεγονὼς
1485 3514 1583 3587 τὴν
1628 3515 1802 3586 ὀσφὺν
1845 3515 2059 3588 ὑψηλήν

464 3605 624 3678 (sic)'
665 3605 1006 3675 εῑκαιότητος
1028 3606 1137 3678 γὰρ
1164 3605 1364 3670 ταῦτα,
1392 3606 1489 3661 καὶ
1520 3607 1708 3679 ἕτερον
1740 3607 1914 3662 οὐδέν.
1948 3609 2059 3662 Καὶ

462 3699 575 3772 γάρ
616 3701 766 3754 ἐστιν
811 3697 1058 3768 ἀσφαλὲς
1108 3699 1365 3771 ἐνέχυρον
1400 3702 1481 3763 εἰς
1515 3700 1815 3772 σωτηρίαν,
1855 3700 1919 3754 τὸ
1965 3700 2060 3754 ἐπὶ

463 3790 586 3863 Θεῷ
638 3789 958 3863 πεποιθέναι
1012 3791 1093 3863 τῷ
1148 3791 1328 3845 πάντα
1393 3791 1666 3865 ἰσχύοντι·
1733 3793 1795 3847 τὸ
1851 3793 1910 3848 δὲ
1971 3793 2057 3863 ἐφ’

464 3872 677 3955 ἑτέροις
739 3883 852 3937 τισὶ
906 3884 1182 3939 ποιεῖσθαι
1239 3884 1340 3957 τὴν
1397 3885 1626 3952 ἐλπίδα,
1681 3886 1909 3959 μάταιον
1964 3888 2061 3942 καὶ

461 3975 763 4047 ἀνωφελές.
1528 3974 1529 3977 “

547 4067 706 4125 Ἰδοὺ
731 4069 812 4134 ὡς
840 4072 875 4124 ὁ
899 4073 1118 4139 πηλός.

534 4160 921 4216 Μεταπλάττει
950 4161 1061 4234 γὰρ
1098 4162 1341 4227 εὐκόλως
1369 4165 1456 4233 ἐφ’
1495 4158 1651 4236 ᾧπερ
1691 4165 1758 4218 ἂν
1784 4165 1961 4219 ἕλοιτο
1996 4166 2058 4218 τὸ

466 4258 599 4325 παρ’
632 4253 799 4309 αὐτοῦ
826 4256 1075 4325 γεγονός.
2036 4251 2041 4257 ’

531 4350 653 4403 Οὐκ
684 4347 815 4402 ἰδοὺ
845 4351 904 4403 oi
927 4349 1099 4418 λόγοι
1118 4365 1138 4415 ;
1169 4365 1226 4401 κ.
1266 4365 1318 4402 τ.
1350 4348 1401 4402 λ.

534 4439 653 4514 Πῦρ
687 4437 943 4511 ὀνομάζει
991 4438 1053 4492 τὸ
1094 4439 1452 4509 εὐαγγελικδν
1494 4441 1589 4495 καὶ
1635 4441 1905 4512 σωτήριον
1959 4441 2057 4513 κή-

467 4549 658 4606 ρυγμα
685 4575 699 4597 ,
770 4533 804 4605 ἦ
857 4533 954 4587 καὶ
1012 4532 1184 4604 αὐτὴν
1236 4533 1337 4606 τὴν
1380 4533 1476 4588 τοῦ
1523 4534 1683 4605 ἁγίου
1734 4534 2056 4605 Πνεῦματος

2169 639 2236 695 tis
2264 637 2467 693 cultum
2503 638 2899 709 exhibuissent,
2928 655 3262 711 suarumque
3298 656 3554 697 manuum
3591 658 3756 714 opera

2165 738 2225 784 ut
2274 728 2443 783 Deum
2483 729 2824 798 adorassent,
2855 730 2910 785 in
2940 745 3036 787 sua
3061 731 3241 801 capita
3286 730 3526 787 divinam
3563 736 3753 790 conci-

2166 829 2350 878 tarunt
2428 822 2585 879 iram.
2624 821 2741 880 Non
2804 826 2950 881 enim
3007 824 3207 897 injuste
3256 824 3395 881 retia
3450 826 3758 884 volatilibus

2163 913 2551 979 extenduntur,
2576 912 2731 982 juxta
2756 914 2807 969 id
2837 916 2980 985 quod
3008 915 3271 985 scriptum
3316 922 3403 972 est
3437 915 3480 971 ί.

2246 1005 2378 1071 Vlll,
2408 1007 2461 1063 9.
2486 1006 2709 1078 Confusi
2742 1019 2863 1063 sunt
2900 1008 3181 1077 sapientes.

2238 1098 2525 1170 Sapientes
2557 1100 2768 1155 videtur
2808 1099 3116 1168 signiﬁcare
3171 1100 3227 1155 in
3278 1100 3365 1156 his
3419 1099 3756 1170 praestantis-

2164 1192 2334 1250 simos
2387 1191 2701 1249 Graecorum
2746 1202 2936 1264 poetas
2961 1203 3015 1247 et
3042 1194 3362 1265 scriptores,
3394 1191 3593 1265 linguae
3633 1193 3752 1264 qui-

2163 1284 2286 1340 dem
2327 1285 2636 1357 aptitudine
2684 1293 2741 1342 et
2778 1287 2846 1342 ad
2887 1286 3276 1357 proferendum
3309 1287 3582 1343 versatilis
3605 1295 3663 1342 et
3687 1286 3756 1341 ad

2163 1375 2396 1446 lepidam
2428 1377 2698 1434 sermonis
2734 1378 3061 1450 elegantiam
3092 1381 3514 1433 accommodatae
3542 1376 3754 1446 pollen-

2165 1479 2265 1536 tes,
2296 1471 2392 1526 sed
2423 1484 2521 1525 cor
2555 1469 2818 1526 habentes
2851 1483 2981 1525 vero
3020 1469 3321 1539 prudentiae
3349 1484 3562 1539 expers.
3596 1466 3756 1524 Sicut

2162 1561 2309 1616 enim
2341 1562 2485 1617 omni
2526 1561 2756 1618 scientia
2790 1562 3050 1631 praditus
3093 1561 3295 1617 Paulus
3319 1561 3452 1628 ait',
3503 1560 3755 1619 Evanue-

2164 1664 2287 1709 runt
2317 1655 2375 1710 in
2403 1656 2813 1727 cogitationibus
2867 1656 3005 1721 suis,
3048 1665 3101 1711 et
3135 1655 3389 1726 insipiens
3430 1670 3615 1710 eorum
3664 1671 3757 1709 cor

2162 1746 2556 1803 obtenebratum
2613 1758 2736 1814 est;
2814 1757 3109 1804 asserentes
3178 1763 3236 1803 se
3307 1764 3420 1803 esse
3469 1748 3754 1818 sapientes,

2163 1839 2318 1895 stulti
2344 1841 2520 1911 effecti
2564 1850 2710 1907 sunt,
2756 1849 2814 1898 et
2837 1841 3066 1911 reliqua.
3099 1839 3383 1911 Sapientes
3414 1840 3580 1912 igitur
3610 1841 3757 1911 quod

2166 1933 2363 1989 attinet
2398 1933 2471 1989 ad
2506 1932 2747 2006 linguam
2796 1941 3104 2000 etvocem,
3138 1932 3302 1990 corde
3330 1947 3461 1988 vero
3489 1932 3754 2002 insipien~

2168 2031 2269 2079 tes.
2294 2022 2570 2093 Sapientia
2599 2024 2740 2079 enim
2772 2022 2931 2094 hujus
2951 2023 3136 2078 mundi
3165 2022 3492 2090 stultitia,ut
3517 2037 3583 2078 ex
3607 2021 3757 2078 Scri-

2163 2118 2340 2188 pturis
2370 2118 2631 2174 habemus
2664 2116 2708 2184 ³,
2723 2118 2864 2186 apud
2892 2115 3063 2171 Deum
3107 2124 3204 2171 est.

2234 2208 2327 2278 XI,
2365 2209 2454 2265 16.
2484 2209 2695 2266 Olivam
2718 2210 3017 2282 pulchram,
3042 2209 3169 2266 bene
3195 2225 3444 2280 opacam.

2234 2302 2470 2360 Omnino
2522 2305 2669 2360 enim
2715 2303 2954 2361 hominis
2997 2303 3238 2359 animum
3284 2300 3530 2358 inutilem
3581 2299 3758 2357 reddit

2161 2413 2194 2452 a
2220 2395 2332 2453 Deo
2359 2387 2619 2453 recedere
2652 2396 2880 2468 ejusque
2914 2397 3130 2467 penitus
3159 2394 3335 2465 gratia
3383 2392 3754 2467 suifragioque

2161 2487 2389 2558 privari.
2434 2486 2777 2543 Horrendum
2822 2487 2968 2543 enim
3019 2485 3251 2541 incidere
3304 2486 3362 2539 in
3402 2500 3593 2540 manus
3653 2483 3755 2540 Dei

2160 2581 2375 2637 viventis
2394 2581 2436 2633 ι.

2232 2672 2398 2739 XVII,
2429 2673 2517 2731 19.
2553 2675 2637 2729 Ad
2665 2683 2713 2729 te
2733 2682 2928 2746 gentes.

2233 2767 2556 2838 Quanquam
2589 2766 2735 2822 enim
2770 2766 3047 2839 iniuriosae
3098 2765 3257 2822 facta;
3299 2765 3413 2821 sint
3447 2772 3503 2820 et
3556 2765 3752 2821 inobe-

2161 2861 2375 2918 dientes
2438 2861 2761 2931 plenamque
2811 2859 3140 2930 insipientia
3176 2868 3411 2916 mentem
3459 2861 3748 2923 habentes,

2162 2955 2441 3012 salvantur
2480 2963 2660 3009 tamen
2688 2963 2746 3009 et
2782 2952 3157 3025 gloriﬁcantur
3185 2967 3218 3009 a
3272 2952 3509 3009 Christo.
3555 2949 3756 3007 Primi-

2161 3049 2252 3105 tiae
2282 3056 2463 3105 autem
2508 3062 2698 3104 earum
2745 3046 2966 3103 fuerunt
2991 3045 3234 3102 victoriae
3262 3045 3483 3117 prtemia
3514 3045 3754 3102 assecuti

2162 3155 2455 3214 martyres,
2478 3156 2712 3213 quorum
2764 3140 2951 3214 gloria:
3002 3140 3223 3197 claritas
3268 3139 3583 3196 universum
3628 3138 3752 3193 illu-

2085 3259 2130 3317 c
2162 3245 2300 3293 strat
2336 3236 2547 3291 orbem.

2232 3328 2396 3394 XVII,
2428 3327 2482 3383 8.
2513 3324 2587 3380 Et
2607 3327 2709 3382 erit
2738 3335 2995 3398 tanquam
3026 3326 3254 3396 lignum.

2234 3421 2353 3477 Non
2399 3421 2543 3477 enim
2609 3420 2855 3493 superbit
2913 3420 2969 3475 in
3021 3419 3246 3487 divitiis,
3278 3432 3451 3488 neque
3512 3418 3754 3475 inanium

2161 3514 2517 3587 quarumdam
2540 3512 2836 3586 gloriarum
2868 3526 3094 3583 compos
3115 3511 3292 3567 factus
3322 3511 3523 3567 attollit
3560 3527 3756 3581 super-

2162 3609 2345 3665 cilium
2378 3626 2393 3677 ;
2437 3607 2597 3679 plena
2634 3615 2764 3663 sunt
2799 3606 2945 3662 enim
3013 3604 3130 3660 haec
3188 3603 3483 3671 fntilitatis,
3531 3613 3586 3661 et
3621 3604 3756 3663 nihil

2163 3702 2328 3760 aliud.
2360 3702 2577 3757 Etenim
2609 3709 2781 3755 tutum
2811 3701 3008 3770 pignus
3046 3698 3112 3753 ad
3138 3699 3368 3754 salutem
3398 3707 3507 3762 est,
3536 3697 3590 3752 in
3622 3696 3757 3764 Deo,
3828 3772 3835 3779 ο

2162 3798 2253 3868 qui
2283 3797 2463 3852 omnia
2505 3802 2707 3867 potest,
2755 3795 3070 3861 conlidere;
3095 3801 3151 3848 et
3180 3793 3236 3848 in
3277 3791 3400 3848 aliis
3432 3792 3754 3863 quibusdam

2164 3907 2316 3963 spem
2352 3905 2575 3962 ponere,
2607 3889 2766 3946 futile
2791 3899 2847 3945 et
2881 3886 3090 3944 inutile.

2238 3981 2421 4045 XVIII,
2445 3981 2499 4035 6.
2549 3980 2689 4035 Ecce
2714 3980 2853 4035 sicut
2894 3978 3065 4033 lutum
3098 3976 3273 4049 ﬁguli.

2230 4074 2610 4130 Transformat
2677 4072 2824 4126 enim
2900 4073 3107 4142 absque
3166 4071 3271 4125 ulla
3334 4068 3649 4128 difﬁcultate
3703 4073 3754 4127 in

2162 4168 2528 4238 quodcunque
2567 4165 2669 4221 sibi
2712 4165 3030 4221 collubitum
3067 4163 3230 4220 fuerit
3297 4178 3410 4220 rem
3462 4181 3494 4219 a
3545 4180 3607 4221 se
3665 4165 3752 4220 fa-

2159 4269 2326 4316 clam.

2229 4351 2424 4419 XXIII,
2451 4352 2542 4408 29.
2572 4353 2763 4409 Nonne
2791 4368 2908 4408 ecce
2933 4351 3092 4407 verba
3123 4353 3149 4406 .’
3179 4361 3291 4409 etc.

2229 4445 2412 4517 Ignem
2441 4444 2675 4517 appellat
2716 4447 3085 4518 evangelicam
3111 4444 3519 4514 salutaremque
3561 4445 3756 4515 praedi-

2165 4538 2440 4594 cationem
2462 4579 2478 4604 ,
2512 4538 2600 4593 vel
2652 4549 2708 4594 et
2745 4538 2919 4609 ipsam
2951 4538 3191 4608 Spiritus
3238 4537 3414 4593 sancti
3461 4538 3755 4609 participa-

469 4625 709 4698 μέθεξιν,
741 4625 771 4680 ὃ
801 4627 898 4681 καὶ
926 4627 1064 4699 πυρὶ
1096 4626 1518 4699 παρεικάζεται.
1549 4627 1659 4681 Καὶ
1695 4627 1826 4697 γοῦν
1860 4628 1892 4680 ὁ
1919 4630 2052 4684 πάν-

2163 4632 2365 4687 tionem
2412 4634 2503 4703 qui
2546 4643 2602 4688 et
2645 4631 2756 4704 igni
2809 4630 3160 4687 assimilatur.
3206 4628 3387 4699 Quare
3441 4638 3496 4687 et
3535 4629 3753 4701 sapien-

467 4737 630 4791 σοφος
668 4720 922 4791 Ἰωάννης
953 4719 982 4769 ὁ
1006 4718 1321 4791 Βαπτιστὴς
1365 4720 1495 4791 περὶ¹
1531 4718 1698 4774 αὐτοῦ
1728 4736 1788 4774 τε
1827 4721 1923 4774 καὶ
1963 4718 2057 4774 τοῦ

466 4813 687 4868 πάντων
714 4812 875 4884 ἡμῶν
908 4812 1160 4885 Σωτῆρος
1196 4811 1371 4883 ἰησοῦ
1396 4812 1637 4885 Χριστοῦ
1675 4812 1819 4868 οὕτω
1857 4813 2055 4884 φησιν’

478 4905 623 4977 Ἐγὼ
656 4905 816 4977 ὑμᾶς
843 4905 1017 4961 ὕδατι
1036 4902 1305 4971 βαπτίζω
1338 4905 1428 4969 εὶς
1448 4903 1799 4975 μετάνοιαν,
1828 4923 1882 4959 κ.
1914 4923 1968 4959 τ.
2004 4905 2055 4962 λ.

478 4997 689 5070 Ὀρθῶς
718 4993 814 5053 οὖν
845 4999 952 5071 ἔφη
980 5001 1010 5053 ὁ
1042 4997 1281 5072 Χριστός
1300 5014 1313 5027 ’
1342 4996 1470 5066 Πῦρ
1500 4994 1935 5070 ἦλθον-βαλεῖν
1957 5001 2059 5054 ἐπὶ

468 5088 584 5156 τὴν
622 5085 761 5158 γῆν,
791 5089 892 5143 καὶ
919 5090 979 5143 τί
1003 5088 1156 5144 θέλω
1183 5091 1235 5143 el
1269 5087 1386 5159 ἤδη
1418 5086 1697 5158 ἀνήφθω

541 5181 651 5235 Καὶ
682 5180 1122 5250 ὑπεστρέψατε.

550 5274 717 5345 Ὁρᾷς
764 5273 914 5336 ὅπως
947 5273 1048 5327 οὐκ
1085 5276 1340 5347 ἀνέχεται
1371 5276 1482 5330 τῶν
1522 5274 1713 5331 τύπων
1755 5275 2081 5349 ἅθετουμέέ

469 5382 598 5427 νων,
633 5364 838 5435 μᾶλλον
865 5363 924 5417 δὲ
952 5364 1123 5435 αὐτῆς
1148 5366 1248 5435 τῆς
1273 5365 1533 5437 ἀληθείας
1565 5365 1964 5439 ὲξυϐρισμένης
1982 5365 2059 5429 ὡς

469 5462 529 5515 ὲν
576 5463 758 5525 σκιαῖς
796 5459 912 5529 ἐτις
963 5461 1405 5531 Ἀμεταμέλητα
1445 5461 1557 5533 γὰρ
1605 5460 1677 5515 τὰ
1722 5461 2063 5533 χαρίσματα

470 5556 569 5612 καὶ
619 5555 659 5625 ἡ
702 5554 926 5625 κλῆσις
969 5555 1076 5610 τοῦ
1121 5554 1292 5621 Θεοῦ,
1341 5556 1487 5610 κατὰ
1537 5556 1600 5610 τὸ
1644 5542 2056 5628 γεγραμμένον.

472 5647 611 5712 Τοὺς
642 5649 698 5702 δὲ
724 5647 1017 5713 άνεθέντας
1050 5647 1200 5713 ἅπαξ
1246 5648 1439 5702 avem
1488 5649 1742 5713 ἕλκοντες
1790 5649 2057 5715 Ἰουδαῖοι,

472 5742 567 5795 καὶ
594 5743 708 5805 τοῖς
732 5742 833 5814 τῆς
875 5740 1121 5808 δουλείας
1146 5736 1306 5809 αὖθις
1337 5741 1706 5815 ὑποφέροντες
1737 5741 1959 5811 ζυγοῖς,
1993 5742 2057 5796 τὸ

2165 4723 2414 4780 tissimus
2455 4723 2696 4780 Joannes
2735 4721 2978 4793 Baptista
3020 4723 3087 4778 de
3127 4736 3189 4779 se
3247 4721 3366 4793 ipso
3401 4733 3458 4778 et
3510 4723 3755 4778 omnium

2166 4826 2409 4872 nostrum
2455 4814 2737 4871 Salvatore
2780 4812 2910 4870 Iesu
2965 4814 3186 4872 Christo
3220 4814 3302 4871 sic
3339 4813 3446 4868 ait:
3496 4811 3612 4884 Ego
3670 4832 3757 4869 vos

2165 4909 2374 4979 baptizo
2405 4909 2460 4964 in
2497 4925 2638 4980 aqua
2675 4909 2747 4963 ad
2781 4907 3145 4978 paenitentiam
3175 4908 3219 4973 ',
3244 4917 3349 4963 etc.
3389 4906 3553 4962 Recte
3593 4907 3754 4979 igitur

2165 5002 2303 5058 dixit
2333 5000 2623 5057 Christus:
2649 4999 2837 5072 Ignem
2879 5002 2996 5056 veni
3034 5000 3242 5055 mittere
3262 5015 3422 5084 φρει·
3458 5008 3680 5066 terram,
3704 5013 3754 5056 et

2164 5096 2290 5168 quid
2320 5096 2434 5151 volo
2461 5095 2562 5150 nisi
2591 5102 2648 5149 ut
2670 5094 2991 5149 accendatur
3022 5092 3081 5146 ‘?

2232 5184 2470 5251 XXXIV,
2505 5185 2591 5240 16.
2625 5182 2693 5239 Et
2750 5185 2939 5240 reversi
2970 5186 3119 5241 estis.

2236 5279 2397 5335 Vides
2423 5289 2482 5334 ut
2528 5293 2674 5350 aegre
2730 5278 2973 5350 patiatur
3032 5278 3236 5350 ﬁguras
3290 5281 3590 5345 contemni,
3641 5281 3750 5335 imo

2163 5371 2448 5427 veritatem
2509 5372 2686 5442 ipsam
2727 5368 2921 5426 adhuc
2979 5370 3081 5426 sub
3144 5372 3335 5428 umbra
3411 5373 3758 5429 contumeliis

2165 5464 2325 5520 afﬁci.
2387 5463 2517 5520 Sine
2561 5463 2869 5534 pcnitentia
2909 5464 3049 5520 enim
3092 5472 3216 5520 sunt
3280 5463 3423 5519 dona
3464 5474 3514 5518 et
3554 5465 3757 5518 vacatio

2166 5557 2285 5625 Dei,
2328 5558 2628 5615 secundum
2664 5557 2805 5626 quod
2857 5557 3120 5627 scriptum
3178 5567 3263 5613 est
3297 5557 3341 5612 ⁷.
3384 5554 3567 5611 Semel
3629 5570 3758 5610 vero

2163 5650 2418 5706 dimissos
2442 5649 2802 5705 “retrahentes
2835 5646 3005 5705 Judtei
3044 5648 3255 5720 subque
3300 5647 3583 5703 servitutis
3627 5643 3758 5717 iugo

2163 5743 2464 5810 mittentes,
2513 5741 2575 5795 τὸ
2638 5740 2768 5797 Sine
2823 5741 3135 5797 oaenitentia
3193 5757 3298 5797 non
3353 5740 3752 5802 observarunt;

533 5920 915 5987 ,‘Prov.i.i7.
994 5927 1354 5985 ’Rom.t.2i.
1430 5925 1843 5985 ‘ICor.m.l9.
1923 5929 2059 5989 ‘llel

2163 5949 2207 5989 ι.
2229 5931 2317 5987 51.
2395 5930 2416 5963 ⁸
2437 5927 2629 5985 Maron
2651 5968 2669 5988 .
2707 5926 2763 5982 7.
2849 5927 3019 5984 ‘Luc.
3048 5941 3146 5983 xu.
3170 5926 3259 5983 49.
3336 5926 3357 5957 τ
3380 5924 3635 5985 Roman.
3659 5922 3751 5980 29.
