4140 6506
399 424 421 479 1
436 424 539 480 455

1397 416 1452 472 8.
1496 415 1767 473 CYll‘lLLI
1810 418 2281 475 ALEXANDRINI
2325 422 2645 480 ARCIIIEP.

3541 433 3682 490 “56

397 544 728 611 quapropter
778 534 1139 599 on‘enderunt,
1169 534 1409 605 mysterii
1436 535 1542 589 vim
1574 535 1982 604 inhonorantes,

2092 538 2508 613 ἀμεταμέλητον
2555 544 2617 595 οὐ
2676 526 3064 615 τειτηρήκαοί·Δ
3097 541 3578 620 προσκεκρούκασί
3620 569 3679 606 τε

395 637 455 688 et
482 632 530 687 si
570 630 745 687 adhuc
773 630 827 684 in
860 628 1045 698 ﬁguris
1068 636 1207 683 eral.
1242 625 1613 683 lustiﬁcamur
1635 636 1813 683 autem
1855 629 1985 699 quia

396 723 570 792 gratis
619 737 715 792 per
737 720 971 792 gratiam
1021 717 1154 773 nihil
1220 716 1513 773 offerentes
1570 733 1669 788 pro
1704 718 1815 775 vita
1866 735 1999 797 quae,

397 817 454 872 in
500 814 718 871 Christo
756 823 860 882 est,
888 827 990 868 nec
1032 818 1211 880 empta
1257 810 1525 866 libertatis
1566 810 1763 882 gloria,
1792 813 1985 869 huma-

399 910 570 964 nitate
606 908 820 964 Domini
845 917 900 963 et
918 904 1297 963 benevolentia
1317 903 1371 959 in
1402 903 1654 961 homines
1688 919 1812 960 rem
1843 903 1987 960 hanc

398 1001 695 1057 lucramur.

472 1177 628 1244 XLII,
661 1177 747 1233 15.
783 1175 843 1233 Si
874 1193 964 1232 vos
998 1176 1270 1243 dederitis,
1305 1184 1414 1234 etc.

468 1271 603 1326 Nam
652 1271 780 1340 quia
826 1269 1206 1341 [Egyptiorum
1249 1269 1422 1339 copiis
1472 1270 1799 1342 auxiliisque
1854 1271 1985 1329 freti

398 1379 459 1419 se
509 1364 853 1435 apponebant
912 1361 1250 1434 Babyloniis,
1306 1361 1510 1419 idcirco
1555 1363 1800 1421 dolentes
1865 1373 1989 1436 post

400 1455 831 1528 Hierosolymam
861 1463 915 1511 et
940 1454 1245 1510 Samariam
1270 1465 1623 1526 expugnatas,
1655 1455 1858 1513 bellum
1880 1457 1987 1514 illis

399 1547 723 1613 intulerunt,
772 1555 827 1603 et
856 1545 1016 1603 facile
1060 1545 1342 1602 victoriam
1370 1553 1732 1617 reportatum.

467 1726 654 1796 XLIV,
682 1723 860 1782 M.Ul
889 1731 1235 1789 revertantur,
1261 1733 1370 1781 etc.

467 1825 604 1881 Cum
651 1821 793 1878 Deus
821 1818 1151 1889 insequitur,
1186 1816 1365 1874 nullus
1391 1816 1720 1888 periclitanti
1751 1818 1983 1875 salutem

398 2012 652 2166 eri£LVI.
672 2102 765 2160 25.
795 2100 930 2157 Ecce
958 2100 1187 2156 ulciscar
1213 2100 1456 2153 Ammon.

468 2198 659 2271 Cyrilli
703 2197 864 2252 simul
891 2205 940 2252 et
980 2193 1298 2263 Apolinarii.
1344 2190 1450 2248 Per
1497 2189 1728 2246 Ammon
1800 2198 1980 2246 autem

399 2303 525 2351 sunt
560 2292 652 2363 qui
677 2289 1059 2347 Alexandriam
1086 2286 1408 2358 intelligant,
1435 2285 1507 2339 ita
1550 2284 1679 2340 olim
1710 2294 1979 2351 vocatam,

399 2395 458 2441 ut
501 2395 556 2438 ct
615 2384 668 2437 in
734 2380 945 2435 Nahum
1021 2377 1250 2432 habetur
1301 2394 1314 2429 :
1369 2374 1512 2429 Num
1587 2374 1772 2430 melior
1807 2391 1871 2429 -εδ
1927 2387 1982 2430 ιιι

401 2477 649 2529 Ammone
682 2487 801 2544 qua
850 2471 1053 2525 habitat
1117 2469 1172 2523 in
1219 2466 1526 2537 ﬂuminibus
1554 2467 1580 2520 1’
1625 2466 1789 2537 Aqua:
1827 2467 1982 2521 circa

400 2584 584 2640 ipsam,
627 2566 777 2637 cujus
824 2562 1151 2619 abundantia
1182 2576 1348 2621 mare.
1387 2569 1435 2614 et
1485 2575 1627 2631 aqua
1658 2562 1795 2613 muri
1822 2560 1980 2628 ejus;

409 2660 682 2725 IEtltiopia
735 2656 995 2729 fortitudo
1029 2654 1165 2724 ejus,
1206 2664 1254 2709 et
1309 2650 1596 2722 IEgyptus,
1635 2661 1682 2706 et
1720 2667 1827 2706 non
1856 2667 1983 2705 con-

400 2757 612 2811 stitutus
647 2764 727 2809 est
758 2752 907 2820 fuga,
958 2747 1260 2810 terminus;
1304 2753 1355 2800 et
1406 2742 1569 2799 Libes
1622 2753 1872 2800 uenerunt
1926 2744 1981 2799 in

400 2847 658 2903 auxilium
691 2845 824 2915 ejus,
858 2854 903 2898 et
947 2842 1067 2914 ipsa
1104 2843 1161 2895 in
1203 2837 1718 2909 transmigrationem
1764 2837 1981 2906 proﬁci-

400 2949 569 2996 scetur
592 2941 635 2993 ⁸.
660 2936 862 2993 Verum
906 2936 1020 2990 hanc
1072 2943 1312 3004 tempora
1357 2929 1541 3002 priora
1582 2938 1712 2984 sunt
1749 2927 1983 2985 aediﬁca-

401 3033 549 3088 tione
601 3028 916 3085 Alexandri.
960 3024 1222 3082 Fortasse
1255 3037 1386 3094 ergo
1430 3030 1556 3076 ante
1612 3019 1980 3076 Alexandrum

400 3125 531 3180 urbs
558 3122 634 3178 ibi
676 3130 828 3184 erat,
863 3127 918 3173 et
945 3119 1279 3173 destructam
1356 3113 1697 3169 restauravit.
1752 3113 1980 3180 Quidam

402 3233 527 3271 vero
559 3214 710 3269 aiunt
742 3212 928 3268 Jovem
963 3211 1029 3265 ab
1064 3206 1333 3280 [Egyptiis
1374 3205 1699 3259 Ammonam
1751 3203 1979 3271 vocari,

2089 630 2180 686 διὰ
2208 630 2387 699 τοῦτο,
2431 633 2528 687 τοῦ
2582 637 2886 709 μυστηρίου
2912 638 3011 708 τὴν
3039 638 3270 711 δύναμιν
3298 640 3679 713 ἀτιμάζοντες,

2089 724 2140 777 εί
2168 724 2264 779 καὶ
2304 720 2375 797 ἦν
2417 726 2477 779 ἐν
2503 725 2696 793 τύποις
2730 726 2832 782 ἔτι.
2867 730 3240 801 Δικαιούμεθα
3265 731 3322 785 δὲ
3350 733 3433 786 ὅτι
3470 732 3681 803 δωρεὰν

2086 814 2178 870 διὰ
2203 816 2426 888 χάριτος
2454 817 2556 887 τῆς
2590 820 2648 872 ἐν
2679 819 2902 892 Χριστῷ
2936 822 3083 893 ζωῆς
3110 822 3472 894 ἀντάλλαγμα
3510 842 3681 896 προσ-

2087 908 2404 978 ενεγκόντες
2452 908 2641 976 οὐδὲν,
2706 911 2826 966 ἀλλ’
2882 913 3003 966 οὐδὲ
3053 914 3154 985 τὴν
3207 914 3310 985 τῆς
3365 915 3682 987 ἐλευθερίας

2088 1001 2453 1072 ἐκπριάμενοι
2491 1001 2671 1072 δόξαν,
2711 1005 3012 1077 ήμερότητι
3053 1006 3111 1060 δὲ
3165 1009 3261 1062 καὶ
3300 1007 3680 1081 φιλανθρωπίᾳ

2088 1096 2391 1164 Δεσποτικῇ
2422 1094 2484 1148 τὸ
2516 1095 2707 1166 χρῆμα
2731 1095 3124 1167 κερδαίνοντες.

2176 1184 2321 1240 Ἐὰν
2345 1185 2516 1256 ὑμεῆς
2546 1186 2720 1252 δῶτε,
2751 1206 2807 1242 κ.
2844 1205 2897 1244 τ.
2939 1189 2991 1243 λ.

2174 1276 2395 1348 Ἐπειδὴ
2445 1276 2557 1349 γὰρ
2606 1280 2730 1342 ταῖς
2785 1279 3102 1347 Αἰγυπτίων
3156 1281 3500 1355 ἐπικουρίαις
3555 1285 3677 1336 ἐπι-

2092 1365 2467 1439 θαρσήσαντες
2515 1368 2878 1440 ἀντεφέροντο
2922 1370 3038 1433 τοῖς
3082 1369 3468 1438 Βαϐυλωνίοις,
3504 1374 3678 1444 ταύτῃ

2089 1475 2172 1512 τοι
2209 1458 2573 1530 λελυπημένοι
2606 1459 2743 1530 μετὰ
2772 1459 2872 1532 τὴν
2894 1459 3005 1514 τῶν
3038 1460 3433 1534 Ἰεροσολύμων
3456 1465 3547 1519 καὶ
3577 1467 3677 1536 τῆς

2082 1548 2405 1620 Σαμαρείας
2427 1548 2650 1615 ἅλωσιν,
2682 1550 2988 1621 ἐτράποντο
3018 1559 3140 1605 κατ’
3163 1551 3366 1619 αὐτῶν,
3409 1554 3505 1608 καὶ
3549 1557 3679 1626 ἁμο-

2091 1640 2219 1711 γητὶ
2242 1640 2612 1711 νενικήκασιν.

2168 1734 2278 1789 Τοῦ
2311 1732 2690 1802 ἐπιστρέψαι,
2717 1750 2774 1788 κ.
2808 1752 2857 1790 τ.
2882 1734 2941 1790 λ.

2164 1826 2334 1879 Ὅταν
2382 1823 2555 1898 διώκῃ
2603 1824 2762 1893 Θεὸς,
2807 1827 2994 1893 οὐδεὶς
3039 1828 3313 1883 ἀνασώσει
3354 1829 3447 1884 τὸν
3496 1829 3676 1884 κινδυ-

400 1919 542 1975 ferre
570 1912 901 1989 potest.;-sed
924 1912 1234 1995 ubicunque
1255 1910 1377 1983 quis
1396 1909 1582 1980 fuerit,
1603 1910 1675 1967 ibi
1690 1911 1784 1967 irre
1798 1912 1988 1968 obvius

2092 1917 2315 1973 νεύοντα
2334 1932 2347 1946 ⁸
2374 1914 2491 1970 ἀλλ’
2514 1915 2753 1988 ἔνθαπερ
2785 1915 2851 1971 ἂν
2880 1919 2967 1990 εἴη
3015 1937 3121 1985 τις,
3154 1921 3274 1975 ἐκεῖ
3304 1920 3680 1993 περιτεύξεται

2088 2008 2169 2081 τῷ
2206 2007 2385 2080 θυμῷ.

2173 2102 2329 2158 Ἰδοὺ
2358 2102 2474 2173 ἐγὼ
2500 2102 2719 2158 ἐκδικῶ
2744 2105 2852 2159 τὸν
2898 2104 3143 2176 Ὰμμών.

2162 2197 2465 2266 Κυρίλλου
2508 2196 2578 2251 τὸ
2615 2196 2765 2251 αὐτὸ
2812 2199 2910 2252 καὶ
2964 2198 3398 2267 Ἀπολιναρίου.
3454 2196 3682 2270 Ἀμμὼν

2087 2289 2147 2344 δὲ
2186 2289 2236 2342 οί
2280 2288 2381 2360 μὲν
2423 2288 2526 2360 τὴν
2565 2287 2982 2362 Ἀλεξάνδρειαν
3010 2291 3286 2361 λέγουσιν,
3331 2293 3478 2346 οὕτω
3509 2293 3680 2346 πάλαι

2089 2380 2452 2453 καλουμένην,
2494 2381 2572 2446 ὡς
2598 2382 2694 2436 καὶ
2720 2383 2779 2436 ὲν
2805 2382 2886 2455 τῷ
2921 2383 3120 2455 Ναούμ
3159 2402 3294 2456 φησι
3314 2402 3330 2416 ο
3352 2385 3447 2453 Μὴ
3489 2387 3681 2454 κρείτ-

2086 2488 2205 2527 των
2240 2468 2404 2528 εἷσὺ
2428 2472 2543 2543 τῆς
2588 2473 2834 2545 Ἁμμὼν,
2875 2473 2988 2542 τῆς
3026 2477 3430 2544 κατοικούσης
3461 2478 3532 2530 ἐν
3574 2493 3675 2530 πο-

2091 2563 2327 2635 ταμοῑς;
2354 2562 2538 2634 Ὕδωρ
2584 2564 2792 2631 κύκλῳ
2831 2564 3021 2635 αὐτῆς
3072 2562 3148 2637 ἧς
3186 2567 3224 2636 ἠ
3277 2568 3530 2636 εὐπορία
3574 2568 3677 2622 θά-

2086 2654 2611 2725 λασσα,καίῦδωρ
2643 2655 2717 2711 τὰ
2749 2657 2916 2726 τείχη
2951 2656 3174 2726 αὐτῆς·
3204 2659 3477 2714 Αιθιοπία
3502 2658 3682 2728 ἰσχὺς

2087 2748 2280 2820 αὐτῆς
2304 2749 2404 2805 καί
2432 2750 2761 2822 Αῖγωπτος,
2785 2751 2886 2807 καί
2915 2753 3027 2807 οὐκ
3052 2752 3202 2819 ἔστη
3231 2750 3416 2818 πέρας
3437 2750 3549 2817 τῆς
3578 2769 3684 2820 φυ-

2087 2838 2232 2910 γῆς*
2258 2840 2358 2896 καί
2375 2842 2594 2910 Λίϐυες
2615 2842 2895 2915 ἐγένοντο
2907 2844 3125 2912 βοηθοὶ
3158 2841 3371 2910 αὐτῆς,
3394 2842 3494 2896 καί
3519 2840 3678 2911 αὑτὴ

2087 2932 2176 2998 είς
2197 2933 2511 3003 μετοικίαν
2539 2934 2922 3003 πορεύσεται.
2954 2935 3093 2989 Ἀλλ’
3115 2936 3165 2989 οί
3190 2935 3460 3006 παρόντες
3498 2934 3684 3006 καιροὶ

2087 3022 2188 3093 τῆς
2244 3023 2602 3097 Ἀλεξάνδρου
2654 3024 3026 3099 πρεσϐύτεροι
3073 3027 3327 3090 κτίσεως.
3376 3026 3538 3088 Ἴσως
3586 3021 3683 3079 οὖν

2090 3115 2199 3186 πρὸ
2234 3114 2590 3189 Ἀλεξάνδρου
2626 3117 2783 3181 πόλις
2812 3117 3061 3189 ὑπῆρχεν
3105 3119 3240 3183 ἐκεῖ,
3273 3118 3367 3171 καὶ
3394 3114 3684 3187 παυσαμέ-

2089 3222 2187 3277 νην
2220 3205 2493 3260 ἀνέκτισε.
2528 3206 2687 3272 Τινὲς
2714 3207 2773 3262 δέ
2811 3225 2976 3277 φασιν
3018 3209 3094 3271 ὡς
3135 3208 3430 3279 Ἀμμωνᾶν
3456 3207 3546 3261 τὸν
3581 3207 3683 3261 Δία

401 3309 542 3364 unde
581 3317 635 3361 et
661 3304 1013 3359 Annnoniaca
1050 3300 1195 3371 regio
1217 3309 1576 3369 nuncupatur,
1608 3313 1770 3369 quem
1805 3297 1973 3353 ﬁlium

2092 3295 2338 3353 καλοῦσιν
2373 3296 2683 3366 Αἰγύπτιοι,
2717 3299 2813 3370 ἀφ’
2865 3291 2928 3352 οὗ
2970 3299 3067 3353 καὶ
3107 3298 3474 3371 Ἀμμωνιμκὴ
3514 3316 3686 3371 προσ·

401 3399 546 3453 illius
577 3408 753 3460 vocat,
784 3403 1040 3464 tanquam
1072 3393 1139 3446 ab
1172 3390 1293 3460 ipsa
1335 3389 1439 3445 diis
1492 3389 1828 3459 ascriptum;
1879 3397 1984 3443 sta-

401 3502 490 3546 tua
519 3490 664 3544 cnim
707 3496 792 3543 est
814 3502 974 3541 manu
1015 3484 1243 3539 artiticis
1307 3482 1549 3539 confecta
1577 3525 1592 3549 ,
1625 3496 1823 3551 quam,
1869 3482 1982 3547 ait,

402 3581 682 3654 Babylonii
717 3579 935 3651 capient
975 3586 1310 3646 caeterosque
1348 3576 1561 3631 illorum
1592 3590 1729 3646 quos
1780 3589 1986 3630 memo-

302 3738 308 3744 ,
402 3685 487 3731 rat
516 3673 810 3732 deolelud
852 3686 981 3726 vero
1028 3685 1187 3741 super
1243 3666 1576 3724 Pharaonem
1619 3678 1668 3724 et
1695 3666 1987 3740 Egyptum

402 3776 689 3817 commune
721 3759 949 3814 verbum
983 3758 1147 3813 habet
1187 3756 1437 3810 ulciscar.

474 3849 662 3917 XLIX,
693 3850 780 3905 10.
818 3848 885 3905 Et
919 3848 1132 3919 angelos
1159 3849 1226 3903 ad
1256 3857 1428 3918 gentes
1458 3848 1617 3902 misit.

475 3945 824 4001 Munitionem
866 3952 1045 3998 autem
1099 3940 1236 3996 dixit
1271 3956 1405 4009 quos
1444 3939 1708 3995 Jeremias
1748 3939 1987 4010 angelos,

404 4049 458 4095 et
499 4036 863 4111 Symmachus
905 4034 1157 4089 nuntium
1208 4031 1753 4103 exposuit;intelligi
1810 4042 1987 4087 autem

407 4142 582 4203 potest
617 4131 844 4187 obsidio.
897 4128 1171 4185 Convocat
1215 4141 1342 4183 vero
1387 4128 1646 4183 adversus
1702 4124 1989 4181 ldummam

410 4224 499 4282 Dei
554 4236 718 4279 nutus
764 4231 951 4294 gentes
996 4220 1213 4284 multas,
1256 4228 1311 4276 et
1356 4230 1530 4276 motos
1582 4235 1612 4273 a
1657 4234 1717 4274 se
1771 4219 1993 4290 angelos

412 4326 582 4372 tucat.
617 4314 745 4371 Moti
776 4316 973 4386 quippe
1016 4329 1044 4368 a
1075 4312 1183 4369 Deo
1218 4313 1283 4368 ad
1317 4312 1536 4377 bellum,
1560 4325 1748 4367 mutuo
1797 4326 1857 4368 se
1878 4311 1993 4380 _sol-

410 4409 730 4467 licitahant,
783 4415 841 4461 ut
882 4404 1087 4461 Abdias
1145 4404 1264 4471 ait;
1318 4419 1588 4476 aggressa:
1646 4405 1790 4459 enim
1865 4412 1994 4459 sunt

408 4517 531 4557 cum
575 4498 779 4556 lsraele
820 4496 1109 4577 ldumaram
1141 4506 1195 4553 et
1231 4497 1627 4566 circumposita:
1669 4505 1877 4566 gentes.
1913 4495 1995 4550 Ad

412 4594 698 4648 ldummm
744 4604 908 4662 porro
937 4604 1230 4649 conversus
1248 4590 1364 4645 ait:
1397 4587 1537 4645 Ecce
1567 4588 1844 4660 parvulum
1873 4588 1996 4644 dedi

2036 3426 2041 3431 -
2085 3386 2409 3461 αγορεύεται
2442 3386 2629 3461 χώραο
2659 3388 2719 3444 ὃν
2748 3389 2920 3461 αὐτῆς
2961 3390 3082 3444 υἱὸν
3121 3389 3283 3444 καλεῖ
3313 3390 3389 3454 ὡς
3428 3388 3560 3461 παρ’
3593 3390 3686 3444 αὑ-

2085 3483 2187 3554 τῆς
2223 3479 2652 3551 θεοποιηοέντα·
2700 3482 3079 3554 χειροποίητον
3110 3482 3222 3554 γὰρ
3260 3482 3321 3536 τὸ
3362 3482 3620 3553 ἄγαλμα,
3656 3470 3691 3536 ὅ

2086 3571 2176 3643 δὴ,
2221 3572 2409 3643 φησὶν,
2465 3574 2514 3626 οἱ
2564 3572 2899 3628 Βαϐυλώνιοι
2946 3556 3381 3646 παραλήψονται,
3424 3575 3518 3628 καὶ
3558 3574 3687 3639 τοὺς

2088 3665 2282 3728 ἄλλους
2307 3664 2487 3721 αὐτῶν
2531 3664 2626 3730 οὓς
2685 3665 2884 3735 ἐπάγει
2915 3666 3094 3732 θεούς.
3127 3666 3202 3721 Τὸ
3224 3666 3282 3720 δὲ
3327 3666 3427 3721 ἐπὶ
3475 3666 3688 3737 Φαραὼ

2089 3757 2188 3812 καί
2214 3759 2543 3829 Αἴγυπτον,
2570 3758 2715 3813 κατὰ
2753 3759 2935 3815 κοινοῦ
2967 3759 3083 3831 ἔχει
3109 3759 3173 3814 τὸ
3198 3758 3438 3818 ἐκδικῶ.

2162 3850 2274 3905 Καὶ
2305 3850 2605 3922 ἀγγέλους
2636 3854 2724 3918 είς
2759 3852 2904 3919 ἔθνη
2939 3852 3288 3907 ἀπέστειλε.

2165 3944 2468 4015 Περιοχὴν
2514 3944 2570 3999 δὲ
2609 3941 2762 4000 εἷπεν
2806 3944 2902 4010 οὒς
2936 3945 3210 4017 Ἱερεμίας
3239 3943 3558 4015 ἀγγέλους,
3590 3946 3690 4001 καὶ
3722 3982 3729 3989 ι

2093 4037 2390 4110 Σύμμαχος
2447 4019 2741 4107 ἀγγελίαν
2787 4037 3087 4105 ὲξέδωκεψ
3142 4038 3317 4091 νοοῖτο
3378 4036 3423 4090 δ’
3472 4037 3537 4093 ἂν
3592 4037 3688 4092 καὶ

2094 4131 2427 4198 πολιορκία.
2488 4130 2665 4185 Καλεῖ
2711 4129 2769 4184 δὲ
2836 4129 2978 4184 κατὰ
3034 4130 3134 4202 τῆς
3184 4129 3495 4201 Ἰδουμαίας
3556 4128 3688 4201 ἔθνη

2094 4220 2267 4276 πολλὰ
2304 4221 2366 4275 τὸ
2415 4221 2561 4276 θεῖον
2608 4219 2810 4291 νεῦμα,
2860 4221 2957 4275 καὶ
3003 4221 3102 4293 τὴν
3152 4219 3214 4285 ἐξ
3262 4220 3426 4275 αὑτοῦ
3468 4220 3688 4290 κίνησιν

2094 4314 2364 4385 ἀγγέλους
2394 4309 2539 4369 εἷπε.
2572 4314 2904 4386 Κινηθέντες
2936 4314 3046 4387 γὰρ
3088 4315 3153 4367 ἐκ
3182 4313 3319 4367 Θεοῦ
3365 4313 3505 4386 πρὸς
3535 4313 3688 4366 πόλει

2099 4424 2218 4478 μον,
2266 4407 2535 4479 ἀλλήλους
2584 4407 2861 4479 ἠρέθιζον,
2916 4407 2992 4471 ὥς
3038 4425 3202 4478 φησιν
3260 4407 3509 4461 Ἀδδιού”
3561 4424 3687 4460 συν⁸

2098 4496 2382 4551 εισέϐαλον
2415 4499 2525 4571 γὰρ
2554 4500 2667 4563 τοῖς
2695 4498 2755 4565 ἐξ
2791 4498 3011 4570 Ἰσραὴλ
3040 4500 3121 4564 εἰς
3162 4498 3470 4570 Ἰδουμαίαν
3499 4496 3692 4552 καὶτὰ

2102 4590 2366 4662 περίοικα
2402 4591 2512 4644 τῶν
2539 4590 2732 4646 ἐθνῶν.
2765 4591 2912 4663 Πρὸς
2946 4591 3253 4663 Ἰδουμαίαν
3297 4591 3354 4646 δὲ
3384 4591 3689 4664 μεταστρέ-

416 4699 465 4743 te
492 4688 548 4740 in
571 4683 894 4754 gentibus,et
918 4693 1090 4738 tamen
1117 4682 1288 4752 factus
1318 4682 1743 4752 contemptibilis,
1774 4683 1829 4735 in
1860 4679 1988 4748 ipsis

2092 4680 2202 4751 ψας
2223 4723 2239 4745 ,
2276 4681 2441 4752 φησίν
2463 4698 2476 4713 ·
2520 4681 2667 4736 Ἰδοὺ
2698 4683 2919 4753 μικρὸν
2957 4682 3154 4737 ἔδωκὰ
3196 4700 3271 4738 σε
3306 4683 3379 4739 ἐν
3422 4682 3687 4748 ἔθνεσιν,

415 4777 810 4835 calamitatibus
866 4774 1238 4842 insolescebas,
1275 4777 1525 4843 ignorans
1575 4772 1717 4843 quod
1749 4769 1995 4842 capieris,

414 4877 531 4929 licet
561 4873 758 4928 exultes
786 4879 1039 4939 tanquam
1081 4867 1263 4938 aquila
1294 4867 1687 4922 habitationem.
1726 4863 1814 4920 Illi
1846 4877 1996 4929 vero,

415 4967 484 5021 Et
518 4967 616 5021 erit
660 4963 904 5041 Idumga
941 4965 1146 5018 deserta
1195 4969 1251 5017 et
1286 4974 1407 5030 quae
1445 4967 1767 5029 sequuntur,
1804 4954 2000 5011 similia

412 5061 547 5115 dixit
574 5058 890 5113 Abdias°°'°
919 5075 931 5111 :
960 5055 1031 5112 Et
1051 5058 1149 5112 erit
1180 5057 1368 5110 domus
1396 5052 1544 5107 Esau
1573 5052 1631 5107 in
1658 5049 1932 5120 stipulam,
1952 5056 2002 5103 et

414 5152 727 5207 (incendetur
755 5151 813 5204 in
841 5166 949 5219 eos,
984 5159 1035 5204 et
1072 5165 1174 5203 non
1200 5148 1297 5203 erit
1342 5143 1536 5214 ignifer
1563 5144 1618 5199 in
1646 5143 1800 5197 domo
1834 5138 2001 5194 Esau.

411 5244 567 5312 Quod
609 5244 773 5298 etiam
836 5240 1077 5312 profanis
1115 5238 1474 5307 scriptoribus
1497 5235 1673 5305 adagii
1726 5233 1846 5289 loco
1891 5239 1994 5294 est,

420 5336 502 5390 Ne
527 5336 750 5406 ignifero
793 5334 1002 5404 quidem
1046 5333 1337 5402 par-citum,
1378 5331 1443 5387 de
1469 5329 1554 5386 bis
1582 5328 1674 5400 qui
1711 5326 1778 5382 ad
1822 5325 1997 5381 inter-

418 5429 697 5483 uecionem
735 5427 861 5485 caesi
907 5430 1053 5482 sunt.
1089 5422 1321 5479 Praeibat
1368 5423 1514 5480 enim
1559 5423 1777 5494 quidam
1817 5418 1998 5477 ferens

417 5522 596 5589 ignem
633 5530 689 5576 et
730 5518 973 5576 lustrans
1009 5528 1135 5575 ante
1165 5532 1401 5590 pugnam
1428 5518 1613 5583 acies;
1663 5514 1862 5587 lexque
1882 5522 2000 5571 erat

420 5613 691 5668 neminem
717 5612 794 5668 illi
821 5612 1073 5669 hostilem
1103 5611 1328 5683 injicere
1358 5624 1596 5667 manum.

506 5911 526 5941 '
552 5915 760 5970 Nahum
793 5932 873 5984 ttt,
899 5921 949 5972 8.
1029 5921 1121 5952 ’·¹⁶
1150 5920 1357 5988 Abdita,
1401 5923 1487 5979 18.

2094 4772 2232 4827 ἀλλ’
2275 4771 2434 4843 ὅμως
2477 4776 3010 4845 εὐκαταφρόνητος
3042 4779 3368 4846 γενόμενος
3413 4776 3689 4845 ἐφρόνειος

2093 4866 2184 4932 εἰς
2215 4864 2366 4936 μέγα
2387 4866 2487 4921 ἐπί
2521 4867 2651 4935 ταῖς
2678 4867 3081 4939 δυσχερείαις,
3103 4867 3341 4938 ἀγνοῶν
3369 4869 3451 4936 ὡς
3476 4868 3689 4938 άλὼσῃ

2096 4956 2215 5011 κᾶν
2241 4956 2498 5029 ὑψώσῃς
2517 4958 2597 5027 ὡς
2618 4960 2793 5030 ἀετὸς
2821 4961 2939 5031 τὴν
2965 4961 3345 5029 κατοίκησιν.
3368 4960 3459 5033 Τῷ
3481 4962 3562 5027 δὲ,
3590 4963 3691 5019 καί

2098 5050 2273 5107 ἔσται
2307 5052 2614 5123 Ἰδουμαία
2636 5055 2724 5120 εἰς
2748 5053 2990 5117 ἄϐατον,
3026 5051 3122 5108 καὶ
3159 5054 3274 5117 τοῖς
3308 5050 3529 5124 ἑφεξῆς,
3568 5070 3693 5108 συνο

2103 5142 2216 5214 ῳδὰ
2247 5143 2409 5197 πάλιν
2433 5143 2636 5216 ἔφησεν
2652 5133 2864 5200 ’Χδδιού
2882 5159 2896 5175 ο
2917 5144 3030 5199 Kal
3060 5146 3234 5203 ἔσται
3254 5148 3288 5201 δ
3310 5141 3477 5212 οἶκος
3507 5124 3693 5203 Ἡσαῦ

2104 5239 2192 5303 εἱς
2231 5237 2535 5307 καλάμην,
2575 5239 2674 5293 καί
2715 5238 3155 5307 ἐκκαυθήσεται
3186 5241 3276 5305 είς
3310 5239 3556 5307 αὐτοὺς,
3593 5239 3692 5295 καὶ

2106 5330 2218 5384 οὐκ
2246 5328 2420 5383 ἔσται
2441 5331 2750 5400 πυρφόρος
2777 5330 2847 5385 ὲν
2870 5330 2952 5405 τῷ
2983 5332 3131 5400 οἴκῳ
3151 5332 3357 5388 Ἠσαῦ.
3390 5332 3456 5386 Ἦ
3480 5332 3538 5386 δὲ
3560 5349 3693 5404 παρα

2096 5419 2252 5490 οιμία
2300 5420 2396 5475 καὶ
2444 5423 2597 5493 παρὰ
2631 5424 2744 5488 τοῖς
2772 5422 2878 5489 ἔξω
2927 5426 3155 5497 κρατεῖ·
3201 5423 3356 5479 Οὐδὲ
3385 5426 3693 5496 πυρφόρος

2097 5513 2369 5584 ἐλείφθη,
2413 5514 2508 5568 ἐπὶ
2552 5514 2662 5569 τῶν
2707 5515 2879 5588 ἄρδην
2930 5516 3339 5589 ἀπολλυμένων.
3393 5519 3693 5592 Προηγεῖτο

2101 5604 2211 5677 γάρ
2242 5621 2326 5671 τις
2359 5604 2469 5677 πῦρ
2503 5606 2666 5677 ἔχων,
2700 5609 2794 5663 καὶ
2823 5608 3236 5681 περικαθαίρων
3273 5609 3381 5666 πρὸ
3434 5611 3533 5683 τῆς
3565 5628 3708 5682 συμ-

2103 5698 2268 5770 ϐολῆς
2314 5701 2383 5756 τὰ
2433 5701 2843 5772 στρατεύματα,
2883 5702 2978 5757 καὶ
3015 5702 3179 5776 νόμος
3208 5697 3277 5774 ἦν
3307 5702 3515 5777 μηδένα
3552 5703 3691 5759 κατὰ

2104 5789 2294 5845 τούτου
2324 5793 2479 5863 χεῖρα
2508 5792 2695 5865 φέρειν
2732 5793 3014 5864 πολέμιον.
3311 5850 3335 5881 ι
