4140 6464
374 510 515 567 1659

1366 510 1424 567 S.
1464 509 1740 568 CYRlLLl
1779 499 2253 562 ALEXANDRI‘NI
2290 498 2616 556 ARCHIEP.

3506 483 3644 542 U60

377 604 733 661 nihilominus
763 604 1053 662 salvandos
1081 619 1177 663 eos
1201 607 1319 663 fore
1350 606 1485 662 dicit
1514 607 1584 661 ob
1613 621 1767 661 suam
1795 602 1957 673 justi-

2072 599 2204 669 τάχα
2227 597 2283 651 δέ
2310 614 2414 650 που
2440 597 2534 651 καὶ
2558 593 2724 649 αὑτοῦ
2753 592 2849 646 τοῦ
2871 588 3090 661 Δανιὴλ,
3115 583 3458 656 σωθήσεσθαί
3481 600 3645 654 φησιν

377 696 530 762 tiam,
553 710 860 766 quanquam
886 697 1088 769 reliqua
1120 699 1297 755 omnis
1322 708 1486 767 terra,
1511 700 1770 755 adversus
1794 712 1955 765 quam

2072 690 2257 754 ιύτοὺς
2294 690 2353 742 ὲν
2385 691 2455 760 τῇ
2508 688 2616 758 ἰδίᾳ
2667 683 2983 754 δικαιοσύνῃ
3010 722 3025 747 ,
3070 680 3165 734 καί
3206 695 3290 732 τοι

376 789 570 844 mortis
597 790 870 844 decretum
898 789 1245 862 inﬂigeretur,
1268 801 1521 861 corrupta
1549 799 1716 846 esset.
1736 788 1960 844 Videtur

2072 784 2278 854 indtqu
2320 757 2453 854 γῆς,
2479 757 2601 836 mel
2643 776 2713 852 ἧς
2755 778 2822 833 ἂν
2862 779 2896 844 ἠ
2936 775 3032 831 τοῦ
3073 774 3309 873 θανάτου
3324 757 3647 873 ψῆτροςέξ-

374 879 599 935 Noacho
632 895 954 951 comparare
986 898 1081 938 eos
1111 884 1199 950 qui
1233 882 1303 938 ob
1337 897 1490 939 suam
1528 882 1686 937 iidem
1723 882 1863 936 bene
1893 880 1960 936 de

2072 877 2298 949 φέροιτο.
2316 871 2846 946 καταφθειρομένης.
2864 871 3049 923 Ἐοικε
3076 866 3256 921 τοίνυν
3281 864 3362 934 τῷ
3403 863 3500 935 μὲν
3521 862 3643 915 Νῶε

378 970 490 1026 Deo
525 972 707 1026 meriti
740 984 896 1029 erant
931 993 947 1030 :
983 975 1191 1030 Danieli
1222 987 1402 1031 autem
1438 974 1713 1043 sapientes
1747 983 1801 1029 et
1828 987 1959 1029 con-

380 1063 701 1133 templautes
729 1082 743 1119 :
776 1065 1007 1135 denique
1027 1066 1161 1122 Jobo
1188 1082 1308 1132 eos,
1334 1067 1424 1137 qui
1451 1066 1522 1122 ob
1551 1066 1867 1136 patientiam
1901 1066 1957 1121 in

377 1157 523 1210 omni
556 1171 614 1212 re
639 1156 779 1213 bona
805 1159 946 1228 apud
972 1175 1095 1215 eum
1120 1161 1342 1230 gratiosi
1368 1159 1606 1215 fuerunt.

446 1418 609 1485 XVII,
636 1420 730 1476 22.
761 1419 828 1477 Et
859 1438 1064 1478 sumam
1097 1440 1190 1495 ego
1223 1425 1289 1479 de
1321 1425 1485 1479 electa
1517 1432 1667 1495 parte
1698 1424 1866 1490 cedri,
1895 1441 1960 1480 ea:

374 1513 582 1566 vertice.

446 1602 637 1658 Cedris
660 1613 939 1674 comparat
962 1605 1285 1663 sublimibus
1307 1615 1361 1662 et
1380 1606 1765 1677 pulcherrimis
1788 1608 1959 1664 lsrae-

378 1694 503 1750 litas
531 1711 762 1766 quorum
791 1713 921 1766 pars
949 1697 1147 1764 electa,
1173 1708 1230 1754 et
1256 1700 1657 1770 quodammodo
1686 1714 1801 1765 cor,
1828 1699 1957 1755 bea-

379 1799 464 1843 tus
492 1787 660 1843 David
695 1788 822 1856 fuit,
857 1805 921 1845 ex
956 1805 1065 1859 quo
1099 1806 1319 1848 sumens
1353 1791 1494 1847 Deus
1524 1790 1718 1860 Pater,
1744 1793 1960 1847 Emma-

378 1880 588 1935 nuelem
629 1879 912 1951 plantavit,
946 1884 1037 1952 qui
1079 1884 1131 1939 in
1176 1899 1457 1953 procerem
1498 1884 1719 1940 cedrum
1765 1885 1958 1952 evasit,

376 1986 674 2042 omnesque
724 1974 826 2030 sub
874 1975 1120 2030 umbram
1174 1990 1330 2031 suam
1386 1976 1603 2044 excepit
1657 1991 1672 2029 :
1725 1990 1961 2046 moxque

378 2065 597 2134 agnovit
623 2067 871 2122 universa
903 2075 1044 2121 terra
1073 2067 1464 2137 omnipotentis
1490 2068 1587 2123 Dei
1613 2069 1870 2122 virtutem
1907 2075 1963 2121 et

378 2164 719 2224 potestatem.
765 2157 1077 2214 Humiliavit
1125 2159 1270 2214 enim
1326 2159 1535 2232 lignum
1581 2160 1786 2228 viride,
1822 2162 1954 2217 oriri

377 2261 508 2302 vero
536 2256 591 2302 et
613 2249 922 2318 germinare
951 2250 1153 2323 lignum
1181 2251 1393 2307 aridum
1423 2251 1588 2323 jussit
1618 2254 1695 2324 (id
1725 2261 1810 2309 est
1842 2255 1964 2309 eth-

379 2338 624 2395 nicorum
673 2340 996 2414 Ecclesiam)
1044 2344 1187 2415 quod
1241 2352 1399 2400 antea
1452 2345 1652 2401 diaboli
1708 2344 1961 2401 violentia

379 2430 695 2488 deﬂoratum
729 2433 923 2491 fuerat.

451 2698 572 2765 XX,
595 2701 686 2755 25.
719 2699 785 2754 Et
811 2718 906 2772 ego
936 2702 1059 2756 dedi
1088 2702 1194 2757 illis
1222 2714 1482 2774 pracepta
1512 2721 1617 2759 non
1643 2706 1803 2761 bona.

450 2790 605 2859 Quod
633 2794 852 2863 quidem
882 2794 1078 2850 attinet
1110 2796 1177 2849 ad
1207 2796 1505 2864 spiritalem
1533 2798 1840 2853 divinarum
1876 2814 1961 2855 re-

381 2898 501 2938 rum
550 2883 884 2951 doctrinam,
931 2885 1016 2941 lex
1066 2896 1256 2943 sancta
1304 2899 1421 2955 est,
1465 2890 1784 2945 mandatum
1833 2891 1964 2946 item

383 2983 633 3032 sanctum
667 2986 723 3031 et
752 2977 975 3034 bonum.
1005 2976 1159 3046 Quod
1197 2989 1375 3037 tamen
1412 2982 1654 3051 pertinet
1682 2983 1751 3037 ad
1785 2984 1962 3040 actio-

382 3084 513 3123 num
547 3068 845 3136 levitatem,
874 3080 930 3126 et
957 3073 1300 3128 umbratilem
1331 3075 1708 3130 tantummodo
1739 3076 1970 3144 cultum,

384 3161 528 3216 haud
572 3161 712 3218 bona
756 3171 916 3217 erant
951 3176 1255 3235 praecepta,
1286 3180 1461 3236 neque
1501 3175 1757 3223 aeternam
1800 3170 1966 3225 vitans

2060 965 2421 1038 παρεικάζειν
2444 966 2573 1029 τοὺς
2610 962 2699 1017 διὰ
2742 963 2980 1025 πίστεως
3004 960 3105 1029 τῆς
3148 959 3229 1021 εἰς
3257 955 3392 1010 Θεὸν
3422 955 3646 1023 εὐεργε-

2056 1062 2288 1124 τοῦντας
2325 1059 2509 1130 αὐτῷ·
2544 1056 2627 1128 τῷ
2670 1073 2737 1126 γε
2783 1055 2889 1126 μὴν
2938 1052 3136 1124 Δανιὴλ
3181 1051 3309 1113 τοὺς
3353 1045 3551 1117 σοφούς
3585 1061 3646 1098 τε

2058 1155 2155 1207 καὶ
2183 1150 2526 1225 διορατικούς
2550 1167 2565 1182 ο
2600 1147 2721 1202 Ἱδυῦ
2746 1146 2805 1199 δὲ
2833 1144 2994 1199 πάλιν
3020 1145 3146 1206 τοὺς
3173 1142 3261 1195 διά
3290 1156 3355 1209 γε
3383 1139 3481 1208 τῆς
3512 1139 3648 1192 ὐπο-

2062 1243 2252 1315 μονῆς,
2287 1243 2443 1314 δῆλον
2473 1241 2531 1295 δὲ
2558 1241 2639 1293 ὅτι
2667 1238 2767 1308 τῆς
2797 1238 2876 1299 εἰς
2900 1236 3010 1288 πᾶν
3036 1233 3214 1287 ὁτιοῦν
3245 1232 3357 1286 τῶν
3392 1231 3646 1283 ὲπαινου·

2063 1336 2263 1408 μένων,
2291 1332 2720 1406 εὐαρεστοῦντας
2750 1328 2921 1398 αὐτῷ.

2131 1431 2244 1484 Kal
2282 1427 2557 1496 λήψομαι
2598 1422 2714 1493 ἐγὼ
2754 1422 2824 1476 ἑκ
2870 1417 2991 1473 τῶν
3031 1412 3366 1469 ἐπιλέκτων
3409 1409 3518 1480 τῆς
3553 1408 3648 1465 κέ-

2059 1521 2206 1590 δρου
2235 1520 2305 1574 ἐκ
2333 1515 2572 1587 κορυφῆ
2579 1537 2632 1584 ς.

2132 1612 2271 1683 (Cat.
2301 1610 2337 1664 f.
2364 1608 2516 1680 908.)
2558 1606 2790 1679 Κέδροις
2819 1605 2917 1677 μὲν
2940 1600 3232 1666 ἀπεικάζει
3264 1600 3386 1662 ταῖς
3416 1594 3649 1666 ὑψηλαῖς

2061 1708 2155 1759 καὶ
2195 1702 2627 1774 εὐκοσμοτὰταις
2677 1699 2806 1763 τοὺς
2840 1698 2900 1764 ἐξ
2943 1695 3178 1769 Ἰσραὴλ,
3221 1695 3278 1748 ὲν
3313 1686 3394 1755 οἷς
3436 1689 3497 1742 τὸ
3530 1685 3651 1740 ἐπί·-

2061 1799 2281 1861 λεκτον,
2325 1798 2421 1851 καὶ
2469 1794 2630 1849 οίονεί
2669 1811 2756 1856 τις
2802 1791 3001 1864 καρδία
3042 1791 3264 1859 γέγονεν
3312 1787 3341 1839 ὁ
3380 1782 3649 1855 μακάριος

2061 1891 2247 1956 Δαὸἰδ,
2274 1889 2334 1955 ἐξ
2359 1883 2419 1943 οὗ
2447 1886 2628 1940 λαϐὼν
2661 1888 2689 1939 ὁ
2730 1885 2862 1947 Θεὸς
2906 1884 3002 1938 καὶ
3047 1882 3239 1951 Πατὴρ
3279 1877 3651 1945 κατεφύτευσε

2062 1983 2150 2036 τὸν
2186 1978 2555 2053 Ἐμμανουὴλ,
2583 1978 2643 2043 ὃς
2669 1978 2765 2031 καὶ
2801 1979 2880 2040 εἰς
2917 1975 3109 2047 κέδρον
3139 1972 3341 2041 ἀνέστη
3382 1966 3649 2041 μεγάλην,

2064 2075 2159 2130 καὶ
2190 2074 2497 2138 εἰσεδέξατο
2527 2072 2739 2133 πάντας
2765 2070 2847 2133 εἰς
2880 2067 3019 2121 ἰδίαν
3048 2066 3238 2119 σκιῶν
3270 2062 3413 2131 ἔγνω
3440 2076 3498 2112 τε
3537 2058 3648 2110 λοιο

2063 2168 2166 2221 πὸν
2203 2168 2237 2238 ἠ
2273 2164 2504 2236 ύφὴλιος
2550 2162 2815 2234 σύμπασα
2854 2159 2958 2230 τὴν
3002 2156 3099 2212 τοῦ
3146 2147 3654 2222 πάντα⁶ἰσχύοντος

2063 2258 2197 2314 Θεοῦ
2224 2256 2454 2328 δύναμίν
2482 2272 2543 2309 τε
2582 2254 2678 2309 καὶ
2716 2252 2989 2318 ἐξουσίαν.
3025 2248 3409 2303 Τεταπείνωκε
3443 2244 3553 2314 γὰρ
3591 2240 3654 2294 τὸ

2066 2351 2221 2417 ξύλον
2264 2349 2329 2403 τὸ
2371 2349 2558 2420 ὑγρὸν,
2591 2346 2756 2416 φῦναι
2802 2345 2860 2399 δὲ
2925 2343 3021 2398 καὶ
3069 2337 3476 2408 ἀναϐλαστῆναι
3509 2350 3653 2405 ’παρ⁹

2065 2442 2331 2499 εσκεύασε
2372 2440 2436 2494 τὸ
2486 2438 2640 2504 ξύλον
2684 2438 2747 2491 τὸ
2791 2436 2994 2508 ξηρὸν,
3042 2431 3322 2487 τουτέστιν
3373 2428 3432 2496 ἐξ
3480 2425 3652 2482 ὲθνῶν

2078 2535 2433 2607 Ἐκκλησίαν,
2461 2534 2584 2596 ταῖς
2609 2530 2702 2585 τοῦ
2734 2529 2984 2585 διαϐόλου
3010 2525 3349 2592 πλεονεξίαις
3382 2535 3651 2576 κατευαν-

2067 2627 2158 2682 θέν
2200 2628 2303 2697 (ita
2332 2624 2498 2693 cod.).

2135 2717 2247 2773 Καὶ
2273 2716 2391 2786 ἐγὼ
2419 2714 2613 2769 ἔδωκα
2645 2711 2852 2779 αὐτοῖς
2882 2707 3313 2780 προστάγματα
3358 2703 3432 2758 οὐ
3470 2699 3650 2755 καλά.

2142 2809 2285 2879 (Cat.
2317 2809 2445 2864 210.
2490 2809 2569 2880 b.)
2611 2809 2776 2863 Ὅσον
2813 2805 2913 2876 μὲν
2959 2803 3070 2875 γὰρ
3115 2796 3250 2873 ἧκεν
3290 2799 3372 2861 εἰς
3416 2793 3655 2866 Θεωρίαν

2068 2903 2469 2974 πνευματικὴν,
2496 2904 2524 2955 ὁ
2556 2900 2723 2970 νόμος
2755 2898 2917 2967 ἅγιος
2945 2894 3042 2950 καὶ
3079 2894 3114 2965 ἡ
3155 2889 3346 2960 ἐντολὴ
3390 2886 3525 2954 ἁγία
3557 2881 3657 2974 καὶ

2068 2971 2253 3048 δικαία
2282 2993 2378 3046 καὶ
2405 2971 2620 3061 άγαθή.
2657 2989 2820 3041 Ὅσον
2852 3002 2917 3055 γε
2961 2984 3060 3056 μὲν
3118 2984 3198 3046 εἰς
3232 2978 3329 3050 τὴν
3372 2974 3469 3029 τοῦ
3512 2971 3657 3041 πρά-

2070 3101 2282 3156 γματος
2330 3081 2673 3151 εἰκαιότητα,
2716 3078 2811 3134 καὶ
2857 3075 3026 3148 μόνην
3066 3073 3167 3144 τὴν
3216 3072 3281 3124 ὲν
3324 3068 3525 3156 σκιαῖς-
3562 3062 3653 3156 λα-

2069 3154 2280 3250 τρείαν,
2318 3175 2378 3228 οὐ
2427 3173 2571 3228 καλὰ
2602 3172 2673 3225 τὰ
2727 3167 3151 3244 προστάγματα,
3201 3161 3319 3216 ἀλλ’
3350 3154 3655 3250 οὐδὲ-ζωῆς

385 3252 598 3309 datura.
631 3251 801 3309 Nemo
840 3256 1010 3325 enim,
1043 3257 1120 3312 uti
1163 3258 1422 3328 scriptum
1462 3269 1548 3316 est
1570 3259 1611 3327 ί,
1636 3260 1966 3332 iustiﬁcetur

2072 3245 2173 3341 τῆς
2217 3266 2437 3322 αἰωνίου
2489 3262 2745 3336 πρόξενα.
2794 3257 3133 3314 Δικαιοῦται
3184 3253 3294 3323 γὰρ
3339 3246 3538 3314 οὐδεὶς
3587 3245 3653 3299 ἐν

382 3347 439 3397 in
465 3343 593 3415 lege.

457 3425 701 3501 XXX”,
723 3438 779 3493 5.
804 3437 941 3495 Ecce
962 3439 1044 3494 lac
1070 3441 1452 3497 manducastis.

457 3527 593 3583 Cum
646 3531 791 3585 enim
841 3530 1064 3605 (levita!)
1117 3533 1397 3602 exigerent
1440 3533 1637 3606 legales
1687 3535 1968 3606 decimas,

392 3620 692 3689 primitias,
731 3622 911 3677 oblata
957 3638 1054 3692 pro
1101 3624 1396 3692 gratiarum
1452 3626 1701 3692 actione,
1737 3627 1968 3699 aliisque

391 3713 706 3780 populorum
733 3713 888 3770 donis
911 3713 1186 3771 luxuriose
1208 3715 1536 3782 fruerentur,
1562 3718 1761 3774 nullam
1788 3728 1969 3776 tamen

395 3805 584 3858 salutis
613 3804 827 3873 illorum
857 3820 1043 3859 curam
1068 3807 1348 3876 gerebant.

460 3896 701 3964 XXXIV,
730 3898 815 3954 l8.
844 3898 965 3955 Non
989 3901 1119 3954 satis
1144 3897 1284 3955 vobis
1312 3899 1436 3969 fuit,
1457 3901 1596 3971 quod
1618 3901 1751 3957 bona
1775 3919 1972 3973 pascua

389 3992 591 4059 depasti
621 3995 788 4049 estis?

460 4083 622 4156 Legis
640 4085 797 4156 periti
833 4096 1153 4144 cumessent
1189 4087 1394 4157 levitas,
1426 4097 1482 4144 et
1508 4088 1773 4160 optimum
1808 4085 1973 4141 veluti

391 4190 650 4246 pascuum
713 4179 923 4244 sortiti,
976 4195 1276 4251 puramque
1327 4192 1385 4238 et
1436 4180 1714 4250 limpidam
1776 4193 1970 4249 aquam

393 4269 660 4325 habentes
695 4269 896 4342 Moysis
941 4271 1276 4340 doctrinam,
1309 4273 1454 4328 unde
1495 4271 1650 4327 facile
1687 4269 1973 4325 veritatem

393 4368 614 4431 possent
679 4362 932 4428 haurire,
998 4365 1391 4421 conculcabant
1454 4361 1855 4435 quodammodo
1921 4359 1973 4414 id

392 4468 674 4526 pascuum,
699 4456 1052 4519 sordidabant
1076 4457 1239 4513 etiam
1269 4472 1486 4526 aquam,
1512 4469 1753 4511 crassam
1785 4467 1977 4524 quam-

393 4548 516 4603 dam
541 4559 596 4604 et
618 4564 892 4605 ccenosam
918 4551 1374 4620 immunditiaque
1396 4549 1610 4621 plenam
1642 4555 1975 4618 apponentcs

2075 3362 2257 3430 νόμῳ,
2289 3356 2433 3413 κατὰ
2468 3355 2529 3409 τὸ
2561 3352 2971 3426 γεγραμμένον.

2159 3449 2309 3506 Ἰδοὺ
2340 3448 2408 3503 τὸ
2436 3446 2595 3519 τάλα
2620 3443 2982 3499 κατεσθίετε.

2150 3545 2293 3617 (Cat.
2342 3541 2381 3597 Γ.
2412 3541 2562 3611 224.)
2615 3535 2989 3603 Ἐξαιτοῦντες
3029 3531 3140 3602 γάρ
3181 3531 3324 3586 κατὰ
3365 3530 3458 3585 τὸν
3495 3529 3657 3601 νόμον

2075 3637 2330 3700 δεκάτας,
2361 3631 2642 3704 ἀπαρχὰς,
2688 3626 3104 3701 εὐχαριστήρια,
3152 3624 3245 3677 καὶ
3282 3625 3402 3686 ταῖς
3431 3625 3495 3677 ἐκ
3518 3621 3661 3676 λαῶν

2077 3724 2439 3800 δωροφορίαις
2468 3721 2840 3793 ἐντρυφῶντες
2868 3717 3113 3784 ἀσώτως,
3132 3715 3323 3770 οὐδένα
3351 3715 3452 3785 τῆς
3483 3733 3657 3785 σωτη-

2082 3820 2204 3893 ρίας
2236 3815 2416 3871 αὐτῶν
2448 3811 2728 3866 ἐποιοῦντο
2756 3811 2934 3878 λόγον.

2153 3908 2267 3964 Καὶ
2317 3907 2431 3975 οὐχ
2473 3901 2684 3958 ἰκανὸν
2737 3900 2882 3970 ὑμῖν
2925 3900 3018 3954 ὅτι
3068 3898 3185 3968 τὴν
3226 3897 3430 3967 καλὴν·
3465 3897 3657 3968 νομὴν

2078 3999 2363 4069 ἐνέμεσθε
2383 4013 2403 4060 ;

2153 4090 2293 4164 (Cat.
2333 4089 2369 4143 ί.
2397 4088 2522 4142 224.
2555 4084 2635 4158 b.)
2684 4082 3034 4156 Νομομαοεῖς
3062 4080 3172 4152 γάρ
3211 4082 3363 4145 ὄντες
3396 4080 3446 4135 οἱ
3478 4078 3539 4146 ἐξ
3574 4080 3660 4134 αἰ-

2085 4199 2257 4255 ματος
2281 4181 2436 4247 Λευὶ,
2480 4179 2576 4233 καὶ
2601 4175 2898 4246 καλλίστην
2937 4172 3128 4245 ὥσπερ
3163 4171 3358 4243 νομὴν,
3379 4170 3574 4225 λεπτὸν
3605 4170 3661 4223 δὲ

2081 4276 2177 4330 καὶ
2206 4273 2396 4336 διειδὲς
2435 4270 2650 4343 ἔχοντες
2702 4266 2848 4339 ὕδωρ
2884 4266 2986 4338 τὴν
3023 4264 3111 4319 διὰ
3137 4264 3416 4329 Μωῦσέως
3444 4263 3662 4317 παίδευ-

2084 4383 2168 4419 σιν
2214 4362 2315 4417 ούκ
2360 4358 2633 4422 ἀνικάνως
2678 4356 2910 4427 ἔχουσαν
2949 4353 3206 4422 ποδηγεῖν
3250 4353 3331 4415 είς
3381 4350 3662 4422 ἀλήθειαν,

2083 4455 2423 4511 κατεπάτουν
2465 4451 2667 4525 τρόπον
2703 4447 2825 4503 τινὰ
2861 4447 2962 4519 τὴν
3013 4447 3220 4516 νομήνο
3272 4444 3664 4514 συνετάραττον

2083 4550 2140 4605 δὲ
2175 4549 2268 4603 καί
2305 4549 2365 4601 τὸ
2417 4544 2582 4615 ὕδωρ,
2624 4541 2857 4612 παχεῖάν
2882 4556 3003 4592 τινα
3038 4539 3132 4591 καὶ
3162 4535 3336 4606 ὑλώδη
3370 4534 3463 4589 καὶ
3499 4532 3663 4603 γαιώ-

393 4641 694 4697 doctrinam
740 4643 846 4710 his,
877 4642 969 4714 qui
1017 4643 1201 4698 ovium
1252 4643 1426 4698 instar
1470 4642 1839 4711 sequebantur
1879 4653 1966 4694 eos

2079 4644 2202 4704 δους
2242 4636 2583 4709 ἀκαθαρσίας
2622 4633 2906 4687 ἀνάπλεων
2970 4629 3361 4702 παρατιθέντες
3408 4627 3664 4681 διδασκα-

395 4745 649 4806 tanquam
683 4737 903 4794 arietes.

463 4914 710 4982 XXXIV,
737 4915 826 4971 23.
858 4916 928 4970 Et
956 4915 1223 4971 suscitabo
1250 4914 1357 4969 illis
1387 4922 1651 4983 pastorem
1677 4929 1839 4967 unum
1867 4927 1976 4967 ser-

392 5024 511 5062 vum
542 5024 712 5062 meum
744 5007 1017 5063 Davidem.

465 5099 619 5168 Quod
641 5101 753 5155 hzec
776 5101 842 5156 de
861 5098 1082 5155 Christo
1104 5100 1249 5155 dicat
1268 5099 1555 5171 propheta,
1576 5098 1720 5154 haud
1746 5097 1973 5152 arduum

395 5203 479 5248 est
516 5206 847 5263 cognoscere
882 5208 898 5246 :
933 5208 1057 5246 nam
1088 5193 1293 5263 jamdiu
1332 5202 1545 5248 mortuo
1575 5201 1631 5246 et
1664 5191 1716 5245 in
1754 5188 1976 5244 tumulis

398 5288 606 5351 iacente
631 5286 788 5341 beato
812 5285 1041 5349 Davide,
1065 5285 1462 5341 vaticinabatur
1488 5289 1678 5339 beatus
1701 5279 1973 5340 Ezechiel.

399 5375 754 5433 Promittebat
798 5385 979 5431 autem
1031 5374 1171 5431 Deus
1219 5375 1381 5430 Pater
1426 5389 1538 5430 rem
1587 5372 1827 5429 futuram
1882 5386 1979 5440 per

399 5479 664 5540 tempora,
694 5485 802 5526 non
841 5485 954 5526 rem
993 5469 1104 5541 iam
1145 5478 1450 5541 peractam;
1492 5467 1559 5525 de
1599 5465 1795 5523 futuris
1832 5465 1976 5522 enim

404 5562 538 5618 liunt
562 5563 855 5634 promissa,
883 5578 989 5618 non
1018 5565 1085 5619 de
1110 5561 1417 5634 praeteritis.

486 5948 501 5978 ³
535 5948 653 6002 Gal.
680 5965 760 6008 ιιι.
795 5949 880 6005 Η.

2086 4736 2210 4789 λίαν
2237 4735 2348 4798 τοῖς
2381 4732 2438 4785 ὲν
2466 4727 2616 4795 τάξει
2647 4727 2939 4800 προϐάτων
2961 4724 3349 4779 ἀκολουθοῦσιν
3380 4722 3564 4785 αὐτοῖς
3589 4721 3663 4785 ὡς

2085 4840 2278 4896 κριοις.

2156 4914 2266 4970 Kal
2313 4910 2644 4977 ἀναστήσω
2676 4909 2772 4964 ἐπ’
2800 4907 3023 4975 αὐτοὺς
3060 4903 3318 4974 ποιμένα
3349 4903 3526 4962 ἕνα...
3557 4904 3665 4959 τὸν

2084 5008 2309 5064 δοῦλόν
2330 5022 2450 5077 μου
2476 5002 2674 5059 Δαόίὸ.

2157 5100 2299 5172 (Cat.
2334 5098 2372 5152 l'.
2408 5096 2561 5164 225.)
2603 5095 2727 5148 Ὅτι
2774 5094 2832 5147 δὲ
2870 5090 2999 5162 περὶ
3043 5086 3281 5160 Χριστοῦ
3334 5087 3405 5142 τὰ
3442 5087 3666 5141 τοιαῦτά

2083 5210 2269 5263 φησιν,
2322 5188 2704 5258 ἀταλαίπωρον
2754 5184 2917 5238 ἰδεῖν·
2960 5180 3519 5254 προτετελευτηκότας
3559 5180 3667 5252 γὰρ

2084 5284 2186 5356 ήδη
2212 5281 2306 5335 τοῦ
2350 5278 2622 5351 μακαρίου
2640 5275 2807 5331 Δαϐἰδ
2833 5275 2926 5328 καὶ
2958 5276 3018 5328 ὲν
3043 5273 3235 5342 τάφοις
3255 5271 3355 5342 ἤδη
3388 5270 3664 5342 κειμένου,

2086 5376 2465 5448 προεφήτευσε
2502 5371 2600 5442 μὲν
2627 5372 2656 5423 ὁ
2690 5368 2958 5440 μακάριος
2991 5363 3274 5434 Ἰεζεκιήλ.
3313 5363 3576 5416 Ἐποιεῖτο
3609 5362 3668 5415 δὲ

2086 5468 2186 5538 τὴν
2217 5464 2511 5535 ὑπόσχεσιν
2535 5463 2563 5515 ὁ
2589 5459 2722 5524 Θεὸς
2754 5459 2849 5512 καὶ
2877 5455 3068 5527 Πατὴρ
3112 5453 3186 5517 ὡς
3231 5453 3498 5523 ἐσομένην
3528 5452 3669 5505 κατά

2090 5561 2348 5631 καιροὺς,
2386 5558 2480 5611 καί
2515 5556 2613 5627 οὐχ
2656 5555 2731 5619 ὠς
2779 5553 2880 5625 ἢδη
2918 5547 3344 5618 τετελεσμένην’
3411 5544 3504 5597 ἐπὶ
3561 5544 3669 5615 γὰρ

2089 5656 2201 5717 τοῖς
2239 5651 2519 5722 ἐσομένοις
2564 5650 2621 5703 αἰ
2657 5645 3017 5717 ὑποσχέσεις,
3055 5638 3239 5695 οὐκέτι
3281 5639 3394 5701 τοῖς
3425 5635 3526 5708 ήδη
3568 5652 3667 5689 πε-

2094 5743 2451 5816 πραγμένοις.
