4140 6518
469 535 595 594 μοι

1595 521 2028 588 FRAGMENTA
2067 517 2134 572 IN
2177 516 2556 572 DANIELEM.

3634 517 3773 575 1462

470 675 3758 711 WW-

538 949 746 1006 Catena
778 947 969 1001 Latina
986 945 1047 1000 in
1081 942 1412 1000 Ezechielem
1443 958 1475 995 a
1517 939 1861 1010 Vitlalpando
1895 939 2036 995 edita
2065 935 2270 1009 (Roma:
2301 935 2464 1005 {596,
2488 934 2526 992 '5
2546 935 2646 1010 vol.
2675 935 2800 1007 fol.)
2842 939 3054 1010 nonnisi
3101 939 3426 1010 paucissima
3442 936 3632 1009 Cyrilli
3659 937 3774 1007 [ra-

471 1031 678 1089 gmenta
735 1021 974 1082 exhibet;
1015 1017 1381 1089 ea‘etiamjta
1413 1013 1630 1084 proprio
1659 1009 1817 1082 scopo
1851 1010 2271 1066 accommodavit
2297 1019 2497 1064 catena:
2524 1009 2696 1064 editor
2735 1018 2791 1064 ut
2819 1026 2926 1066 non
2965 1009 3083 1081 jam
3113 1009 3348 1083 Cyrillus
3387 1011 3664 1083 loquatur,
3690 1011 3776 1064 sed

470 1083 578 1166 ipse
625 1089 1022 1160 Villalpandtts.
1059 1087 1219 1143 Eorr.
1259 1083 1435 1142 Pun.

1277 1639 1405 1730 IN
1483 1635 2116 1730 DANIELEM
2190 1633 2993 1731 ΡΒΟΡΗΕΤΑΜ..

1419 1946 1575 2012 (Ang.
1601 1942 1735 2010 MAI,
1757 1942 1995 2001 Biblioth.
2033 1960 2143 2001 nov.
2181 1947 2324 1999 Patr.
2359 1946 2425 2011 ll,
2458 1946 2594 2012 467.)

547 2487 723 2543 Τοῦτο
761 2488 806 2544 δ’
850 2483 919 2562 ἦν
950 2486 1141 2562 ἕτερον
1183 2488 1342 2543 οὐδὲν
1383 2487 1529 2564 πλὴν
1575 2491 1659 2544 ὅτι
1709 2491 2158 2562 μεγαλαυχετνΑ

2258 2490 2324 2558 ν,
2357 2491 2413 2546 2.
2441 2489 2589 2548 Nihil
2623 2490 2780 2548 aliud
2798 2491 2901 2548 hoc
2930 2497 3053 2547 erat
3077 2503 3240 2561 quam
3274 2497 3467 2547 contra
3495 2489 3589 2546 Dei
3619 2491 3794 2562 maje-

475 2581 621 2636 κατὰ
663 2582 765 2654 τῆς
812 2581 972 2654 δόξης
1016 2580 1109 2636 τοῦ
1159 2579 1336 2649 Θεοῦ,
1384 2582 1828 2656 κατεπαερεσθαὶ
1867 2601 1930 2637 τε
1981 2580 2079 2637 τοῦ

475 2673 889 2742 προεστηκότος
916 2671 1027 2726 τῶν
1055 2671 1116 2740 ἐξ
1147 2673 1388 2746 Ἰσραὴλ,
1409 2674 1484 2739 ὡς
1524 2673 1666 2728 κατὰ
1708 2674 1916 2747 μηδένα
1954 2674 2082 2747 τρό-

476 2781 578 2819 πον
605 2764 803 2836 ὀνῆσαι
827 2765 1016 2838 δεδυνη
1027 2765 1190 2838 μένον
1219 2766 1313 2822 τὸν
1349 2767 1480 2822 ἴδιον
1508 2767 1660 2824 λαόν.

546 2860 753 2914 Βίϐλοι
781 2858 1205 2930 ἠνεῴχθησαν.

549 2951 680 3005 Ὅτε
730 2951 840 3024 γὰρ
885 2952 945 3005 ἐν
985 2951 1117 3007 εἴδει
1147 2953 1344 3023 γέγονε
1386 2952 1465 3026 τῷ
1497 2953 1621 3008 καθ’
1667 2955 1816 3026 ἡμᾶς
1843 2955 1872 3009 ὁ
1909 2955 2084 3010 Μονο-

475 3043 662 3114 γενὴς,
690 3045 812 3098 τότε
836 3046 932 3099 καὶ
959 3043 1180 3115 βίϐλους
1210 3046 1452 3118 ἀνέῳξεν
1491 3048 1521 3100 ὁ
1553 3048 1766 3120 Πατήρ·
1788 3047 1883 3102 καὶ
1910 3046 2083 3119 ἀνῆκε

479 3135 582 3207 μὲν
617 3137 710 3191 τοῦ
751 3138 1042 3210 κρίνεσθαι
1079 3141 1209 3204 τοὺς
1253 3140 1476 3212 ἐνόχους
1525 3141 1865 3214 ἁμαρτίαις,
1905 3141 2084 3213 ἐφῆκε

475 3230 533 3284 δὲ
591 3234 706 3296 τοῖς
736 3232 1150 3306 ἀνδριζομένοις
1187 3235 1250 3289 τὺ
1285 3234 1672 3308 ἐγγράφεσθαι
1718 3254 1780 3291 τε
1823 3237 1919 3290 καὶ
1954 3237 2084 3292 ἐνα-

479 3324 798 3397 ριθμείσθαι
847 3326 1035 3382 λοιπὸν
1086 3331 1203 3392 τοῖς
1245 3329 1362 3384 ἅνω
1403 3328 1587 3400 χοροῖς
1644 3330 1743 3382 καὶ
1784 3331 1844 3384 ἐν
1889 3329 2082 3401 μνήμῃ

479 3416 715 3474 κεῖσθαι.

549 3513 662 3566 Καὶ
716 3511 768 3566 τί
818 3513 989 3580 ἐστιν,
1035 3511 1185 3579 Ἕως
1229 3509 1338 3566 τοῦ
1377 3511 1651 3567 Παλαισῦ
1685 3509 1806 3565 τῶν
1846 3509 2086 3581 ἡμερῶν

476 3605 783 3674 ἔφθασεν;

546 3692 695 3769 ’Ἃρα
725 3695 997 3762 τοπικῶς;
1057 3691 1196 3750 Εἶτα
1237 3694 1356 3760 πῶς
1386 3693 1548 3750 τοῦτο
1586 3696 1687 3750 οὐκ
1727 3695 1975 3767 ἀμαθές;
2001 3696 2083 3751 ὅτι

481 3789 556 3861 μὴ
587 3791 646 3843 ὲν
675 3790 829 3860 τόπῳ
866 3789 929 3843 τὸ
961 3788 1119 3844 Θεῖον
1141 3805 1156 3820 ο
1189 3788 1393 3862 πληροῖ
1415 3789 1526 3862 γὰρ
1548 3789 1619 3844 τὰ
1647 3790 1849 3846 πάντα.
1883 3791 1950 3844 Τί
1988 3784 2082 3845 οὖν

2184 2592 2382 2642 statem
2407 2583 2698 2658 iactantia,
2723 2584 2852 2642 dum
2881 2583 3150 2654 adversus
3173 2582 3392 2640 lsraelis
3420 2592 3788 2654 protectorem

2183 2675 2489 2746 extollitur,
2521 2677 2679 2749 quasi
2730 2676 2780 2734 is
2828 2674 3030 2749 populo
3071 2674 3372 2736 suo.aulla
3422 2690 3483 2732 re
3535 2675 3796 2747 prodesse

2183 2771 2472 2845 potuisset.

2257 2862 2373 2932 VII,
2402 2863 2491 2921 l0.
2518 2861 2666 2919 Libri
2691 2864 2862 2932 aperti
2887 2871 3031 2920 sunt.

2259 2955 2395 3014 Cum
2435 2957 2492 3012 in
2531 2954 2713 3014 forma
2755 2963 2946 3012 nostra
2986 2952 3314 3025 Unigenitus
3360 2951 3632 3024 apparuit,
3666 2959 3798 3009 tunc

2187 3051 2357 3109 libros
2379 3050 2544 3108 Pater
2564 3049 2808 3123 aperuit;
2837 3049 3151 3120 omissaque
3174 3062 3391 3104 reorum
3417 3044 3788 3110 damnatione,

2188 3146 2400 3218 copiam
2463 3144 2596 3201 fecit
2657 3143 2800 3216 frugi
2858 3142 3177 3198 hominibus
3229 3147 3408 3198 semet
3463 3137 3796 3196 inscribendt

2187 3237 2696 3309 adnumerandique
2738 3234 3060 3294 coelestibus
3092 3233 3281 3290 choris
3312 3237 3482 3302 atque
3520 3229 3576 3286 in
3612 3228 3794 3286 album

2187 3333 2482 3391 referendi.

2258 3514 2373 3585 VII,
2412 3515 2502 3571 15.
2531 3511 2674 3582 Quid
2695 3517 2800 3576 est,
2837 3509 3002 3580 usque
3031 3507 3102 3562 ad
3127 3506 3419 3577 Antiquam
3445 3503 3653 3558 dierum
3679 3517 3799 3572 per.

2185 3611 2373 3667 venit?
2411 3607 2549 3663 Num
2597 3607 2665 3662 de
2710 3605 2831 3660 loco
2875 3617 3058 3659 sermo
3096 3600 3219 3658 est?
3255 3598 3422 3670 Atqui
3465 3597 3571 3655 hoc
3617 3611 3805 3654 nonne

2187 3703 2482 3760 absurdum
2532 3699 2648 3756 sit?
2671 3697 2940 3767 Quoniam
2989 3697 3131 3752 Deus
3165 3694 3218 3749 in
3255 3693 3374 3748 loco
3407 3707 3516 3747 non
3552 3701 3670 3757 est,
3704 3693 3806 3749 sed

2188 3797 2380 3854 omnia
2421 3794 2630 3866 implet.
2667 3791 2808 3861 Quid
2853 3804 2982 3862 ergo
3025 3799 3140 3854 est,
3176 3802 3338 3859 usque
3391 3785 3461 3840 ad
3509 3785 3801 3855 Antiquam

475 3880 593 3933 ἐστι
627 3878 710 3947 τὸ,
741 3880 892 3947 Ἕως
920 3880 1033 3935 τοῦ
1061 3879 1331 3936 Παλαισῦ
1381 3880 1503 3936 τῶν
1531 3881 1775 3953 ἡμερῶν
1797 3881 2092 3953 ἕφθασεν;
2122 3879 2168 3941 Β

2195 3891 2406 3946 dierum
2440 3885 2672 3955 pervenit
2687 3885 2721 3940 ἒ·
2744 3883 2803 3940 In
2837 3883 3067 3956 gloriam
3100 3878 3313 3937 scilicet
3343 3876 3522 3932 Patris
3551 3875 3805 3948 pervenit

477 3973 573 4037 Εἰς
603 3971 706 4045 τὴν
744 3971 905 4039 δόξαν
948 3973 1047 4028 τοῦ
1081 3973 1301 4045 Πατρὸς
1327 3974 1578 4046 δηλονότι
1610 3974 1850 4046 ἔφθασεν
1873 3978 1903 4030 ὁ
1931 3976 2081 4041 Υἱός.

476 4068 597 4120 Καὶ
627 4065 796 4119 πόθεν
817 4065 983 4119 τοῦτο
1005 4065 1154 4120 ἔστιν
1179 4066 1330 4131 ἰδεῖν,
1353 4066 1458 4139 ἔφη
1483 4068 1647 4122 πάλιν
1669 4067 1834 4131 αὐτὸς
1855 4064 2053 4139 ἐφεξῆς
2069 4085 2084 4099 ⁹

474 4157 647 4223 Αὐτῷ
674 4157 854 4226 ἐδόθη
886 4159 925 4228 ἡ
959 4157 1098 4230 τιμὴ
1132 4158 1234 4213 καὶ
1249 4159 1564 4225 βασιλεία.
1589 4161 1832 4214 Ἤκουσε
1855 4161 1966 4234 γὰρ
1989 4161 2086 4215 τοῦ

2187 4161 2407 4218 Audivit
2452 4161 2598 4218 enim
2649 4159 2871 4216 Patrem
2923 4156 3194 4213 dicentem
3249 4171 3266 4210 :

2194 3981 2386 4037 Filius.
2420 3978 2575 4046 Quod
2626 3978 2801 4048 ipsum
2849 3973 2995 4030 unde
3042 3973 3359 4027 innotescat
3407 3967 3552 4024 idem
3607 3974 3795 4038 postea

2188 4071 2456 4142 propheta
2502 4068 2682 4126 dicit:
2735 4064 2992 4120 Traditus
3030 4070 3112 4119 est
3152 4062 3214 4131 ei,
3243 4059 3413 4115 honor
3454 4067 3507 4115 et
3549 4075 3794 4130 regnum.

3321 4150 3462 4210 Sede
3513 4169 3547 4207 a
3595 4153 3803 4208 dextris

476 4249 694 4322 Ματρὸς
722 4250 1006 4321 λέγοντοςο
1039 4251 1240 4308 Κάθου
1267 4253 1336 4306 ὲκ
1366 4252 1584 4318 δεξιῶν
1605 4271 1728 4325 μου
1753 4253 1865 4321 ἕως
1888 4253 1968 4309 ἂν
1999 4252 2082 4310 θῶ

2187 4253 2336 4318 nteit,
2385 4251 2551 4307 donec
2598 4265 2796 4322 ponam
2842 4245 3090 4304 inimicos
3134 4252 3252 4300 tuos
3278 4241 3566 4300 toabellum
3605 4240 3801 4311 pedum

479 4343 619 4412 τοὺς
639 4343 896 4416 ἐχθρούς
926 4360 1046 4403 σου
1069 4345 1412 4405 ὑποπόδιον
1437 4345 1559 4402 τῶν
1587 4345 1794 4403 ποδῶν
1818 4360 1953 4404 σου.

532 4470 545 4498 ¹
589 4463 738 4522 Psal.
767 4481 878 4533 cut,
911 4466 962 4520 i.

2183 4354 2396 4402 tuorum
2421 4346 2461 4400 ³.
