4012 6216
359 314 422 369 Η
1369 309 1429 365 S.
1469 307 1741 364 CYBlLLl
1785 307 2251 364 ALEXANDRlNl
2290 310 2607 368 ARClllEP.
3593 316 3665 372 (Ξ

354 428 546 479 dorem
576 430 629 478 et
649 423 966 478 industriam
991 424 1040 478 in
1061 423 1214 480 bonis
1243 425 1433 480 studiis
1456 425 1686 479 locatam
1721 425 1914 494 ignavi:

2036 425 2440 496 σπουδάσμασιν
2476 428 2673 499 ίδρῶτα
2720 427 2812 481 xui
2855 430 3014 482 πόνον
3044 429 3140 500 τῆς
3180 430 3236 483 ὲν
3277 427 3370 500 τῷ
3407 428 3665 501 ῥέγχειν

362 514 812 582 praestabiliorem
843 529 982 580 esse,
1010 531 1075 570 ac
1099 516 1353 570 laborare
1379 517 1571 571 melius
1603 530 1747 579 esse,
1772 529 1914 585 quau

2031 517 2258 586 ἀργείας
2283 517 2492 587 ἀμείνω
2520 536 2579 571 τε
2629 515 2768 572 εἶναι
2809 521 3209 586 πεπιστευκὼς,
3234 522 3335 574 xui
3379 520 3496 574 οὑκ
3533 523 3665 573 είσ-

359 616 628 660 stertere:
661 620 760 661 nec
805 607 961 676 plane
1018 605 1244 669 ditiisns,
1298 608 1426 675 quin
1471 607 1759 676 aliquando
1807 621 1914 676 pos-

2031 608 2176 662 ἁπαν
2204 609 2519 681 ἀπειρηκὼς
2543 610 2640 682 τὴν
2668 611 2877 674 ἐλπίδα,
2903 611 2996 664 τοῦ
3033 612 3128 666 xui
3157 612 3267 666 ἔσθ’
3303 614 3406 666 ὅτε
3442 611 3662 670 καινὸν

359 711 471 748 sum
507 696 707 766 aliquid
742 711 936 750 novum
966 707 1020 750 et
1071 696 1277 750 varium
1337 696 1577 750 invenire
1608 714 1622 749 :
1684 697 1914 765 quando

2030 702 2123 753 xui
2160 701 2557 772 ἐξηλλαγμένον
2586 707 2908 774 προσευρεῖν
2940 721 2990 757 τι
3022 703 3300 766 δύνασθαι,
3344 703 3657 774 κατευρύ-

357 788 572 856 quidem
611 789 748 842 Deus
781 788 918 842 hanc
938 787 1450 842 comtneulationum
1479 788 1619 840 viam
1639 788 1914 841 rationem-

2028 807 2210 854 νοντος
2246 792 2381 846 Θεοῦ
2421 795 2518 864 τὴν
2552 794 2609 847 έν
2653 811 2717 864 γε
2762 798 2873 857 τοῖς
2909 794 3226 866 θεωρήμασι
3273 795 3508 865 τρίϐον.
3549 794 3659 845 Γέ-

359 894 459 947 que
513 877 722 931 dilatat.
765 877 1031 946 St-riptnm
1063 889 1140 932 es:
1179 879 1365 932 enim:
1399 896 1415 928 ι
1458 876 1648 930 Latum
1706 878 1914 931 manda-

2029 898 2270 953 γραπται
2304 884 2433 956 γὰρ,
2462 886 2542 938 ὅτι
2574 902 2593 937 ι
2629 885 2928 958 Πλατεῖαή
2972 885 3160 957 ἐντολή
3195 903 3288 939 σου
3318 885 3579 956 σφόδρα.
3627 905 3648 935 ι

355 977 369 1016 t
400 986 466 1019 ιιιι
518 978 666 1022 tuum
693 969 1036 1022 vehementer
1068 969 1104 1020 ί.
1145 987 1163 1019 ›

429 1057 772 1125 Propltetavit
807 1060 966 1126 igitur
1018 1060 1207 1113 beatus
1247 1059 1412 1114 Isaias
1451 1058 1780 1129 temporibus
1837 1073 1926 1113 re-

357 1151 442 1208 gni
473 1147 741 1214 Ochozim,
778 1159 829 1200 (ιι
856 1146 1141 1208 Juathami,
1179 1148 1375 1202 Acbazi
1429 1159 1484 1203 et
1512 1147 1772 1202 Ezechiae.
1814 1148 1928 1217 Age

354 1258 500 1302 vero,
540 1251 775 1307 tempera
822 1239 1243 1308 uniuscuiusque
1285 1241 1543 1294 memoria
1604 1251 1923 1308 repetamus

350 1345 401 1381 et
442 1347 546 1399 quo
581 1343 739 1399 pacto
793 1331 1022 1400 quisque
1053 1331 1271 1394 vixerit,
1327 1330 1531 1383 cursim
1582 1337 1636 1382 et
1685 1329 1920 1383 strictim

354 1424 616 1476 dii-amns.
694 1423 1088 1488 l’erspiciemus
1150 1421 1293 1474 enim
1347 1422 1472 1475 hinc
1543 1421 1919 1490 propheticum

353 1531 655 1568 sermonem
688 1515 850 1568 rebus
901 1515 1068 1582 gestis
1095 1523 1148 1568 et
1194 1513 1524 1582 temporibus
1555 1513 1685 1582 ipsis
1708 1527 1927 1566 accom-

2098 1057 2439 1128 Προφητεύει
2465 1059 2642 1112 τοίνυν
2671 1058 2699 1110 6
2731 1058 2998 1131 μακάριος
3038 1059 3263 1122 Ἡσαΐας
3301 1062 3364 1113 ὲν
3407 1063 3650 1130 καιροῖς

2029 1145 2302 1217 βασιλείας
2361 1150 2621 1220 Ὀχοζίου,
2673 1153 2767 1205 xui
2828 1152 3080 1222 ἰωάθαμς
3132 1153 3228 1205 xui
3273 1153 3489 1222 Ἄχας,
3542 1153 3650 1204 xui

2039 1239 2302 1304 Ἐζεκίου.
2334 1242 2445 1294 Καὶ
2481 1244 2612 1314 φέρε
2651 1243 2758 1298 τῶν
2784 1245 3012 1297 ἑκάστου
3054 1243 3260 1313 καιρῶν
3301 1245 3647 1314 διαμνημο-

2027 1330 2326 1401 νεύσωμεν,
2374 1332 2556 1386 διεϐίω
2602 1351 2661 1385 τε
2717 1335 2864 1397 ὅπως
2913 1334 3280 1405 ὲπιδρομάδην
3328 1334 3643 1404 λέγωμεν.

2027 1421 2296 1492 Εἰσόμεθα
2325 1423 2432 1494 γὰρ
2461 1423 2726 1489 ἐντεῦθεν,
2755 1427 2835 1479 ὃτι
2868 1429 2977 1488 τοῖς
3003 1425 3297 1495 δρωμένοις
3322 1425 3483 1478 κατὰ
3514 1442 3646 1478 και.

2027 1515 2155 1584 ρους
2197 1514 2424 1584 πρέπων
2450 1516 2509 1569 τέ
2543 1519 2656 1570 ἐστι
2693 1517 2787 1570 xui
2815 1517 3212 1587 ἁρμοδιώτατος
3253 1520 3352 1589 τῆς
3397 1513 3644 1588 προφη-

352 1607 625 1658 mudatum
677 1620 818 1668 esse,
871 1615 922 1658 et
974 1613 1454 1673 peropportunum.
1505 1604 1670 1658 Ozias
1715 1605 1918 1671 itaque,

351 1697 440 1762 ιι·ιὶ
469 1705 520 1747 et
552 1694 816 1748 Ochozias
863 1695 1036 1748 dictus
1088 1703 1190 1758 est,
1244 1695 1328 1746 vir
1384 1695 1502 1762 pius
1564 1693 1682 1761 fuit,
1749 1707 1920 1760 coque

349 1784 717 1852 amplitudinis
755 1793 809 1837 et
851 1785 1100 1854 potentia:
1136 1796 1442 1854 provectus,
1487 1795 1545 1838 ut
1607 1795 1793 1854 gentes
1825 1783 1920 1839 Ju-

349 1878 474 1930 daae
505 1876 760 1930 ﬁnitimas
801 1876 1088 1944 subegerit,
1131 1876 1312 1929 multis
1340 1877 1543 1930 tributa
1603 1875 1920 1944 imposuerit

347 1984 410 2022 ac
438 1970 670 2036 sceptris
712 1969 824 2023 suis
883 1967 1198 2035 subiecerit,
1224 1969 1384 2022 urbes
1417 1969 1754 2031 instaurarit,
1780 1967 1916 2021 alias

348 2060 641 2128 acceperit,
683 2058 986 2127 ﬁnibusque
1022 2056 1256 2112 Judaica:
1298 2069 1454 2111 terra:
1484 2057 1813 2125 adjunxerit.
1839 2056 1920 2110 Ad

345 2160 647 2204 extremum
707 2165 836 2203 vero
919 2148 1209 2202 humanum
1267 2149 1520 2216 quiddam
1571 2162 1758 2214 passus
1814 2156 1917 2201 est.

345 2241 698 2296 lmtnoderata
745 2241 887 2294 enim
932 2240 1033 2294 hac
1082 2238 1352 2294 atllnentia
1394 2249 1448 2294 et
1483 2239 1667 2309 gloriae
1719 2239 1916 2309 ampli-

347 2333 530 2382 tudine
561 2331 757 2396 victus,
802 2329 968 2382 altum
1005 2333 1400 2398 quodammodo
1453 2330 1649 2398 sapuit,
1712 2332 1921 2384 morbo-

346 2435 449 2488 que
481 2418 746 2488 superbia:
795 2427 1094 2486 correptus,
1131 2419 1200 2486 ι·
1233 2418 1328 2486 ipsi
1368 2419 1502 2470 adeo
1565 2419 1761 2470 divinae
1814 2417 1917 2487 legi

343 2527 403 2565 se
451 2510 718 2580 opposuit,
762 2508 956 2579 quippe
993 2509 1084 2578 qui
1145 2508 1431 2562 sacerdotii
1481 2508 1642 2561 divini
1714 2523 1917 2576 praero-

345 2603 522 2669 gativa
569 2601 868 2655 ornandum
904 2615 962 2653 se
997 2613 1059 2653 ac
1086 2600 1448 2653 coronandum
1482 2600 1822 2654 existimarit.
1861 2598 1916 2653 In

346 2691 602 2762 templum
675 2692 816 2745 enim
880 2690 972 2744 Dei
1028 2690 1348 2760 irrumpere,
1419 2706 1482 2744 ac
1537 2691 1646 2746 Deo
1702 2692 1918 2748 sumtus

343 2786 570 2853 ipsemet
637 2782 891 2846 adolere,
962 2792 1016 2837 et
1072 2797 1190 2850 quae
1246 2783 1296 2837 in
1388 2783 1504 2854 lege
1561 2793 1716 2838 erant
1777 2801 1916 2854 pra:-

343 2877 563 2945 srripta,
621 2883 817 2945 praeter
843 2874 1010 2943 legem
1047 2875 1264 2943 exsequi
1334 2875 1548 2929 molitus
1594 2883 1696 2930 est.
1751 2876 1914 2931 Eam-

343 2982 445 3037 que
478 2967 546 3022 ob
590 2982 809 3021 causam
867 2966 1009 3035 lepra
1059 2967 1314 3021 continuo
1362 2981 1670 3035 percussus,
1745 2967 1917 3022 erasit

2023 1604 2173 1668 τείας
2200 1607 2228 1657 6
2253 1604 2429 1673 λόγος.
2455 1607 2660 1676 ,Γέγονε
2699 1609 2873 1660 τοίνυν
2905 1610 3132 1680 εὐσεϐὴς
3163 1609 3299 1681 ἀνὴρ
3335 1611 3364 1662 6
3407 1609 3637 1673 Ὀζίας,

2023 1697 2051 1748 6
2101 1697 2195 1748 xui
2231 1696 2495 1766 Ὀχοζίας,
2546 1698 2854 1768 προϐέϐηκε
2899 1700 2962 1770 δὴ
3007 1700 3142 1770 ὁμοῦ
3194 1702 3353 1770 δόξης
3403 1718 3470 1754 τε
3532 1703 3641 1754 xui.

2025 1783 2204 1853 ἰσχύος
2243 1786 2322 1846 εἰς
2359 1784 2536 1845 τοῦτο,
2573 1784 2646 1847 ὡς
2692 1787 3105 1857 κατακρατῆσαι
3148 1786 3255 1837 τῶν
3285 1785 3468 1837 ἐθνῶν
3513 1787 3640 1838 τῶν

2020 1872 2403 1942 προσηκόντων
2448 1874 2546 1944 τὴν
2587 1873 2862 1937 Ἰουδαίαν,
2921 1874 3013 1927 καὶ
3068 1874 3173 1945 μὴν
3218 1874 3312 1927 xui
3359 1875 3637 1944 δασμοὺς

2020 1960 2286 2015 ἐπιθεῖναι
2307 1962 2542 2028 πολλοῖς,
2567 1963 2659 2016 xui
2684 1965 2978 2034 σκήπτροις
3004 1962 3151 2026 ίδίοις
3173 1963 3248 2026 ὡς
3267 1961 3326 2026 ἐξ
3351 1963 3634 2033 ἀνάγκης

2020 2053 2362 2122 ὑπενεγκεῖν,
2399 2055 2790 2125 ἀναδείμασθαί
2820 2073 2877 2108 τε
2907 2055 3110 2120 πόλεις,
3146 2056 3240 2108 xui.
3271 2055 3630 2126 προσλαϐεῖν

2019 2143 2233 2212 ἑτέρας,
2261 2145 2354 2197 xui
2403 2145 2634 2212 συνάψαι
2665 2149 2780 2208 τοῖς
2824 2145 2991 2216 ὁρίοις
3033 2147 3131 2214 τῆς
3173 2146 3447 2201 Ἰουδαίων
3485 2148 3627 2218 γῆς.

2019 2230 2154 2290 Εἷτά
2176 2251 2228 2288 τι
2264 2234 2498 2288 πέπονθε
2529 2235 2635 2287 τῶν
2663 2235 3036 2305 ἀνθρωπίνων.
3091 2236 3223 2288 Ἀπὸ
3254 2238 3363 2308 γάρ
3402 2256 3494 2292 τοι
3513 2239 3630 2308 τῆς

2019 2326 2158 2394 ἄγαν
2190 2325 2420 2397 τρυφῆς,
2456 2325 2548 2377 xui
2587 2329 2651 2396 τῇ
2692 2327 2791 2396 τῆς
2817 2326 3065 2390 εὐκλείας
3109 2327 3348 2398 ὑπεροχῇ
3389 2345 3631 2399 νενικη-

2022 2415 2202 2486 μένος,
2232 2417 2432 2488 τρόπον
2473 2417 2594 2471 τινὰ
2634 2418 2976 2488 πεφρόνηκεν
3021 2418 3222 2491 ὑψηλὰ,
3263 2422 3356 2473 καὶ
3399 2424 3472 2492 τῇ
3515 2421 3625 2490 τῆς

2018 2507 2321 2578 ὑπεροψίας
2360 2507 2498 2578 νόσῳ
2536 2508 2966 2579 κεκρατημένος,
2998 2510 3092 2562 xui
3121 2508 3284 2564 αὑτοῦ
3313 2509 3413 2562 τοῦ
3461 2511 3621 2564 θείου

2017 2597 2384 2669 κατεξανέστη
2441 2599 2628 2670 νόμου.
2682 2600 2848 2671 ᾮήθη
2895 2600 3004 2672 γὰρ
3052 2600 3159 2654 δεῖν
3212 2603 3303 2656 xui
3334 2606 3458 2666 τοῖς
3511 2606 3617 2675 τῆς

2018 2688 2166 2753 Θείας
2201 2689 2498 2762 ἱερωσύνης
2529 2692 2835 2762 αὐχήμασιν
2887 2692 3077 2746 ἑαυτὸν
3119 2693 3442 2762 στεφανοῦν.
3486 2696 3621 2749 Ἐπ-

2016 2781 2269 2852 εχείρησε
2307 2782 2414 2852 γὰρ
2447 2785 2526 2846 είς
2558 2783 2648 2837 τὸν
2689 2784 2828 2837 θεῖον
2861 2785 3130 2838 εἰσελάσαι
3158 2785 3301 2850 ναὸν,
3341 2788 3516 2854 αὐτὸς
3553 2789 3614 2842 δὲ

2015 2873 2082 2926 δι’
2109 2873 2305 2928 ἑαυτοῦ
2346 2873 2545 2946 θυμιᾷν
2587 2875 2667 2946 τῷ
2700 2874 2816 2946 Θεῷ
2851 2875 2944 2929 καὶ
2975 2875 3215 2948 πληροῦν
3252 2879 3507 2949 ἐκνόμως
3541 2882 3616 2934 τὰ

2016 2965 2395 3035 νενομισμένα.
2437 2965 2657 3036 Ταύτης
2696 2966 2858 3020 ἕνεκα
2897 2967 2995 3037 τῆς
3037 2967 3218 3030 αἰτίας
3254 2966 3614 3040 λελέπρωται

344 3059 882 3128 contemptissimus:
944 3057 1296 3112 exsecrabilis
1328 3059 1468 3112 enim
1529 3058 1820 3113 secundum
1849 3058 1914 3111 le-

2019 3055 2384 3127 παραχρῆμα,
2415 3056 2509 3109 xui.
2552 3051 2621 3127 ἦν
2669 3055 2992 3127 ἀτιμότατος
3014 3073 3027 3087 ο
3063 3057 3258 3128 μιαρὸς
3295 3058 3404 3128 γὰρ
3457 3061 3611 3114 κατὰ

341 3164 458 3218 gem
484 3160 585 3212 est,
627 3150 714 3218 qui
766 3150 952 3202 morbo
989 3149 1147 3218 lepra:
1209 3158 1440 3204 tenetur.
1502 3149 1628 3205 Post
1674 3151 1914 3205 succedit

343 3242 397 3296 in
459 3255 679 3310 regnum
723 3241 868 3295 Ozia:
919 3240 1037 3309 ejus
1105 3250 1299 3310 gnatus
1345 3239 1683 3306 Joathamus,
1751 3241 1914 3296 homo

344 3331 562 3402 quidem
592 3331 733 3398 pius,
768 3340 1142 3384 verumtamen
1190 3330 1400 3384 excelsa
1443 3345 1548 3384 non
1584 3331 1769 3395 diruit,
1815 3330 1911 3386 sed

343 3421 600 3478 Israelita:
625 3422 920 3476 etiamnum
951 3421 1331 3476 sacriﬁcarunt
1379 3421 1632 3490 operibus
1689 3437 1910 3476 suarum

341 3529 616 3578 tnanuum,
653 3523 858 3568 montes
885 3519 939 3567 et
983 3513 1150 3567 colles
1188 3513 1678 3581 oceupautes,'sub
1700 3527 1904 3581 quercu

339 3615 392 3660 et
423 3604 636 3674 populo,
668 3615 722 3658 et
748 3605 941 3660 arbore
971 3605 1243 3669 umbrosa,
1290 3606 1417 3673 quia
1450 3605 1650 3658 bonum
1685 3603 1904 3657 umbra-

340 3697 540 3762 culum,
571 3697 710 3750 sicut
754 3696 825 3749 ait
878 3695 1048 3750 Oseas
1097 3694 1417 3749 ’.Defuttcto
1481 3706 1658 3750 autem
1692 3693 1913 3750 Joatba-

341 3803 450 3854 mo,
481 3788 715 3857 capessit
740 3797 1010 3857 sceptrum
1042 3787 1310 3850 Acbazus,
1329 3787 1413 3840 vir
1437 3786 1913 3843 exsecratissimus

341 3896 372 3936 a
431 3881 610 3934 divina
660 3881 918 3948 religione
947 3879 1267 3945 abhorrens,
1297 3879 1551 3949 omnique
1584 3877 1910 3950 ﬂagitiorum

341 3988 539 4044 genere
567 3983 870 4040 coopertus.
904 3971 952 4025 ls
999 3971 1254 4040 templum
1314 3971 1490 4040 ipsum
1548 3972 1638 4027 Dei
1696 3973 1908 4037 clausit,

340 4063 622 4120 sacriﬁciis
644 4077 710 4117 ex
731 4061 862 4131 legis
890 4061 1200 4132 praescripto
1236 4061 1603 4117 universitatis
1638 4064 1802 4119 Deum
1820 4078 1913 4118 co-

343 4159 455 4212 lere
486 4156 676 4219 vetnit,
706 4154 839 4210 festa
859 4153 1164 4209 Judacorum
1199 4167 1293 4222 pro
1323 4167 1471 4208 more
1500 4152 1766 4208 celebrata
1789 4169 1914 4225 pro-

342 4250 535 4315 hibuit,
579 4249 688 4304 aris
713 4249 765 4302 in
817 4247 963 4302 omni
1010 4245 1126 4301 loco
1171 4245 1510 4300 Hierusalem
1542 4248 1767 4312 erectis,
1797 4262 1910 4302 ma-

337 4359 408 4398 nn
460 4341 672 4397 condita
703 4341 932 4395 adorare
991 4337 1170 4408 jussit,
1232 4347 1287 4393 et
1343 4338 1604 4392 cwlorum
1663 4340 1910 4395 militiam

2019 3149 2180 3219 νόμον
2212 3151 2240 3202 6
2281 3148 2356 3218 τῷ
2401 3148 2501 3218 τῆς
2549 3149 2757 3220 λέπρας
2797 3148 2959 3202 πάθει
3010 3149 3423 3219 κατισχυμένος.
3462 3148 3607 3204 Εἶτα

2013 3239 2310 3310 διαδέχεται
2338 3239 2436 3310 τὴν
2464 3239 2555 3292 τοῦ
2592 3239 2766 3303 Ὀζίου
2794 3239 3067 3309 βασιλείαν
3097 3243 3124 3294 ό
3169 3241 3229 3304 ἐξ
3289 3241 3458 3295 αὑτοῦ
3503 3261 3605 3311 γε-

2013 3330 2184 3399 γονὼς
2228 3329 2742 3400 ’1ωόιθαμ,φιλόθεος
2790 3332 2887 3402 μὲν
2914 3331 3071 3402 ἀνὴρ,
3101 3330 3240 3402 πλὴν
3269 3333 3368 3385 οὐκ
3407 3333 3602 3403 ἐξῇρε,

2015 3421 2166 3492 φησι,
2198 3423 2265 3473 τὰ
2299 3420 2496 3490 ὑψηλὰ,
2533 3421 2648 3473 ἀλλ’
2677 3420 2832 3474 ἔθυον
2855 3421 2933 3474 ἔτι
2961 3425 3071 3485 τοῖς
3100 3421 3280 3492 ἔργοις
3301 3422 3409 3475 τῶν
3449 3425 3602 3478 ἰδίων

2012 3513 2210 3582 χειρῶν
2237 3514 2286 3566 οἱ
2317 3512 2376 3577 ἐξ
2415 3511 2649 3584 Ἰσραὴλ,
2679 3512 2778 3583 ὅρη
2822 3531 2881 3566 τε
2915 3513 3008 3568 xui
3052 3514 3272 3584 βουνοὺς
3308 3517 3599 3588 καταλαμ-

2015 3601 2287 3666 ϐάνοντες,
2332 3601 2590 3655 ὑποκάτω
2631 3602 2811 3675 δρυὸς,
2859 3604 2950 3658 καὶ
2993 3604 3212 3676 λεύκης,
3245 3605 3336 3658 xui
3373 3605 3598 3677 δένδρου

2015 3689 2348 3757 σκιάζοντος,
2400 3693 2544 3748 καθά
2592 3712 2757 3766 φησιν
2802 3695 2996 3766 Ὠσηὲ,
3043 3697 3125 3750 ὅτι
3177 3697 3339 3751 καλὸν
3390 3698 3595 3769 σκέπη.

2013 3783 2443 3854 Τελευτήσαντος
2469 3784 2526 3838 δὲ
2571 3786 2807 3857 Ἰωάθαμ
2837 3787 3138 3858 διαδέχεται
3171 3789 3229 3842 τὸ
3257 3789 3539 3859 σκῆπτρον
3568 3791 3599 3841 ό

2018 3875 2196 3946 ’Ᾱχαξ
2224 3875 2364 3946 ἀνὴρ
2396 3875 2812 3945 βδελυρώτατος,
2841 3879 2935 3929 xui
2955 3878 3182 3948 θεομισὴ
3269 3880 3482 3946 καὶτῆς
3511 3882 3597 3942 είς

2012 3965 2180 4033 ἄκρον
2219 3962 2552 4032 φαυλότητος
2588 3962 2824 4034 ἡκούσης
2862 3963 3131 4034 ἔμπλεως.
3164 3959 3331 4027 Οὗτος
3373 3966 3467 4017 xui
3496 3966 3597 4017 αὑ-

2012 4056 2103 4110 τὸν
2132 4055 2225 4110 τὸν
2253 4055 2394 4109 θεῖον
2441 4054 2651 4107 ἔκλεισε
2683 4054 2826 4120 ναὸν,
2857 4055 2952 4108 xui
2984 4059 3103 4120 ταῖς
3141 4057 3280 4110 κατὰ
3299 4057 3477 4126 ,νόμον
3499 4057 3596 4109 θυ-

2014 4149 2157 4212 σίαις
2181 4148 2284 4202 οὑκ
2312 4147 2460 4218 ἠφίει
2501 4147 2995 4218 καταγεραίρεσθαι
3023 4147 3115 4200 τὸν
3137 4148 3242 4201 τῶν
3268 4147 3404 4200 ὅλων
3435 4147 3591 4213 Θεὸν,

2013 4238 2293 4295 κεκώλυκε
2322 4239 2378 4294 δὲ
2414 4239 2508 4293 xui
2533 4239 2630 4302 τὰς
2661 4237 2721 4302 ἐξ
2749 4237 2902 4302 ἔθους
2933 4238 3040 4292 τῶν
3077 4237 3346 4292 Ἰουδαίων
3375 4237 3589 4309 ἑορτὰς,

2014 4332 2110 4388 xui
2141 4334 2199 4387 ὲν
2233 4330 2394 4386 παντὶ
2420 4331 2568 4401 τόπῳ
2589 4330 2686 4400 τῆς
2729 4329 3080 4401 Ἰερουσαλὴμ
3113 4328 3328 4399 βωμοὺς
3351 4329 3587 4400 ἀναστήο

332 4434 586 4491 'venerari
627 4452 640 4489 :
679 4434 806 4502 qttiu
833 4441 887 4486 et
912 4432 1262 4486 liberossnos
1288 4445 1382 4500 per
1411 4433 1586 4500 ignem
1649 4418 1906 4497 traduxit,

2019 4443 2113 4489 σας
2137 4427 2461 4498 προσκυνεῖν
2481 4422 2698 4476 ἐκέλευε
2721 4421 2788 4474 τὰ
2812 4421 3166 4492 χειρόκμητα,
3197 4421 3290 4475 xui
3311 4421 3593 4493 λατρεύειν

323 4529 392 4597 id
439 4537 542 4593 est,
577 4525 903 4580 crcmavitin
938 4523 1262 4578 sacriﬁcium
1296 4523 1520 4592 impuris
1543 4522 1905 4589 daemonibus,

327 4633 519 4692 satque.
555 4627 611 4671 ut
655 4617 967 4672 summatim
998 4625 1053 4670 et
1087 4614 1252 4669 semel
1296 4615 1500 4678 dicam,
1535 4614 1588 4667 in
1629 4614 1775 4668 omni
1807 4614 1907 4667 ἰιιι-

319 4715 559 4794 pietatis
586 4725 783 4781 genere
837 4707 1108 4763 volutatus
1185 4717 1288 4761 est.
1360 4706 1559 4760 Deinde
1610 4706 1904 4760 secundum

312 4800 482 4870 {hunc
505 4801 749 4870 regnavit
813 4798 1093 4864 Ezechias,
1179 4797 1261 4850 vir
1311 4797 1431 4865 pius
1495 4806 1550 4849 et
1601 4796 1905 4862 religiosus,

307 4860 476 4966 ’θερηυί
494 4904 546 4951 ct
562 4894 682 4948 boai
699 4887 1216 4952 administer,omnis
1242 4887 1363 4940 boni
1383 4895 1638 4949 sectator,
1652 4895 1703 4939 et
1722 4886 1914 4939 divina:

241 4983 246 4986 ’
321 4971 362 5042 (ι
377 4987 636 5044 oluntatis
652 4984 892 5038 ell‘ector.
913 4982 959 5036 ls
978 4979 1159 5034 omnia
1186 4979 1457 5033 mandavit
1491 4977 1604 5031 ﬁeri
1627 4986 1682 5031 et
1713 4977 1912 5040 valere,

341 5094 671 5149 quaecunque
697 5075 908 5130 fuerant
926 5072 1123 5128 Achazi
1147 5069 1678 5141 prmvaricationibus
1700 5079 1914 5122 contra-

345 5173 443 5237 ria,
465 5178 522 5222 ut
549 5169 638 5236 qui
660 5164 838 5235 templi
871 5164 1012 5217 fores
1044 5160 1273 5230 aperuit,
1288 5160 1406 5213 dein
1426 5157 1692 5212 sacriﬁcia
1709 5168 1760 5210 et
1783 5156 1915 5210 liba-

343 5262 517 5315 tiones
564 5257 842 5313 constituit
880 5253 991 5309 Deo
1017 5251 1342 5314 oderendas,
1375 5258 1430 5302 nt
1454 5248 1710 5318 legalibus
1739 5247 1905 5301 mini-

345 5349 524 5404 steriis
552 5348 902 5404 bonoraretur
925 5359 938 5398 :
961 5345 1121 5399 etiam
1142 5341 1357 5396 Pascha:
1379 5339 1572 5409 legem,
1596 5337 1752 5406 longo
1779 5348 1912 5388 tem-

347 5454 475 5510 pure
519 5439 901 5503 intermissam,
936 5431 1522 5491 revocandamcnravit
1553 5438 1605 5483 et
1645 5443 1911 5482 renovan-

345 5533 472 5586 dam
494 5542 646 5583 :aras
670 5537 720 5580 ct
738 5543 894 5581 manu
923 5527 1136 5582 condita
1162 5523 1357 5580 excidit
1378 5541 1389 5577 :
1407 5520 1643 5577 hariolos
1667 5525 1719 5576 ct
1750 5516 1911 5573 falsos

416 5744 432 5773 ³
467 5737 612 5794 l'sal.
642 5750 826 5801 CXVIII,
861 5733 946 5790 96.
1027 5736 1043 5763 ²
1083 5730 1217 5787 Οοευ
1274 5746 1345 5797 tv,
1383 5730 1465 5784 l3.

1964 4528 1970 4532 '
2013 4516 2110 4588 τὴν
2135 4513 2512 4595 στρατιὰντοῦ
2544 4511 2773 4583 ούρανοῦ
2798 4527 2811 4542 ⁸
2841 4511 2935 4564 xui
2961 4510 3066 4581 μὴν
3091 4510 3186 4564 xui
3211 4509 3278 4563 τὰ
3299 4511 3404 4564 ἴδια
3427 4511 3593 4565 τέκνα

2013 4608 2271 4678 διήγαγεν
2315 4608 2372 4659 ὲν
2403 4605 2554 4675 πυρὶ,
2588 4604 2852 4667 τουτέστι,
2899 4603 3236 4656 κατέκαυσεν
3275 4604 3354 4668 εἰς
3402 4603 3594 4657 θυσίαν

2014 4701 2128 4761 τοῖς
2181 4696 2515 4771 ἀκαθάρτοις
2571 4695 2811 4765 δαίμοσι,
2859 4694 2952 4746 xui
3006 4693 3343 4760 ἁπαξαπλῶς
3397 4698 3591 4761 εἰπεῖν,

2015 4789 2214 4859 τρόπος
2257 4788 2405 4860 αὑτῷ
2451 4787 2768 4848 δυσσεϐείας
2814 4786 3231 4855 ἀνεπιτήδευτος
3275 4783 3345 4858 ἦν
3398 4788 3591 4850 ούδείς.

2021 4877 2152 4932 Εἶτα
2189 4879 2327 4950 μετὰ
2351 4877 2540 4931 τοῦτον
2583 4876 2964 4947 βεϐασίλευκεν
3007 4877 3248 4947 Ἐζεκίας
3283 4880 3422 4950 ἀνὴρ
3452 4880 3595 4931 εύσε-

2020 4972 2120 5041 ϐὴς
2149 4972 2241 5024 xui
2266 4968 2530 5038 φιλόθεος,
2561 4969 2653 5022 xui
2668 4968 3010 5040 δικαιοσύνης
3037 4968 3317 5038 πρύτανις,
3344 4971 3434 5023 xui
3467 4984 3592 5018 πανο

2017 5063 2110 5125 τὸς
2160 5061 2364 5130 ἀγαθοῦ
2418 5061 2692 5131 ζηλωτὴς,
2757 5060 2853 5112 xui
2909 5061 3018 5113 τῶν
3074 5061 3230 5116 θείων
3277 5057 3588 5125 θελημὰτων

2020 5155 2277 5227 ἐργάτης.
2309 5149 2474 5217 Οὗτος
2494 5154 2588 5206 τοῦ
2616 5155 2790 5224 ’Ἄχας
2819 5157 3271 5226 παρανομήμασιν
3298 5151 3400 5204 πᾶν
3426 5148 3591 5218 πράτ-

2019 5245 2204 5299 τεσθαί
2237 5262 2293 5297 τε
2324 5244 2416 5298 xui
2459 5245 2662 5315 ἰσχύειν
2697 5246 2946 5299 ἐκέλευεν
2966 5263 2979 5277 ·
3008 5246 3174 5314 ἀνῆκε
3221 5241 3321 5311 μὲν
3358 5238 3465 5310 γὰρ
3494 5239 3591 5303 τὰς

2015 5336 2108 5391 τοῦ
2141 5334 2269 5390 ναοῦ
2315 5334 2502 5406 θύρας,
2544 5333 2660 5390 εἶτα
2690 5336 2900 5404 θυσίας,
2934 5336 3024 5389 xui
3069 5330 3294 5392 σπονδὰς
3339 5329 3591 5384 διετύπου

2018 5426 2390 5499 προσάγεσθαι
2432 5426 2509 5497 τῷ
2553 5427 2694 5498 Θεῷ,
2728 5427 2817 5481 xui
2850 5429 2966 5486 ταῖς
3003 5421 3140 5476 κατὰ
3170 5419 3333 5490 νόμον
3379 5422 3592 5491 ἱερουρ-

2026 5517 2164 5594 γίαις
2197 5518 2582 5591 γεραίρεσθαν
2613 5520 2704 5572 xui
2740 5519 2844 5588 μὴν
2875 5517 2964 5568 xui
2988 5513 3108 5582 δίχα
3131 5511 3337 5582 χρόνων
3370 5511 3596 5585 μακρῶν
