4012 6216
340 350 418 407 13
1384 348 1450 404 '8.
1492 346 1769 406 CYl’JLLl
1809 342 2277 400 ALEXANDMNI
2316 346 2634 403 ARCIIIEP.
3533 348 3600 404 16

341 461 761 530 tiono‘majora,
801 461 1242 534 calamitatesque
1295 478 1405 518 non
1463 465 1739 519 sanandas
1788 476 1924 533 prae-

2038 458 2392 534 Ίερουσαλὴμ
2420 464 2849 537 προαγορεύσεις
2890 464 3189 532 ποιεῖσθαι,
3222 465 3314 520 καὶ
3345 465 3413 519 τὰ
3438 465 3599 535 λόγου

342 563 762 620 monstraturus,
794 568 908 621 eos,
945 556 1012 609 ad
1047 570 1182 625 quos
1221 555 1312 610 ltic
1348 571 1529 610 sermo
1561 557 1811 620 habetur,
1846 555 1925 608 ira

342 643 540 698 mirum
582 644 634 697 in
679 644 895 698 modum
930 643 1253 713 ﬂagraturos
1305 661 1410 699 non
1464 646 1749 715 ignoravit.
1804 646 1929 699 ldeo

345 732 626 787 Dominum
657 736 771 789 ita-e
799 735 1035 790 locutum
1068 737 1163 799 ait,
1202 737 1491 802 impiorum
1525 735 1759 790 furorem
1797 735 1929 788 arti-

344 824 690 880 ﬁciosissime
764 831 1102 894 reprimens,
1185 828 1524 898 injttstasque
1593 828 1701 882 iras
1772 826 1926 896 quasi

347 922 660 973 retttttdetts.
704 917 761 972 Si
812 919 956 973 enim
995 920 1148 987 quasi
1200 932 1482 990 sequester
1521 919 1826 985 atibibelttr,
1874 927 1928 973 et

347 1011 615 1075 minister,
649 1023 701 1066 et
759 1026 1041 1067 sermones
1098 1014 1407 1083 esupet-nis
1463 1023 1516 1067 et
1565 1029 1593 1066 a
1636 1013 1743 1066 Dco
1774 1012 1926 1081 quasi

345 1100 552 1168 legatus
595 1106 899 1167 annuntiat,
938 1106 1059 1172 quis
1093 1104 1148 1177 ei
1188 1106 1382 1159 merito
1417 1120 1735 1158 succensere
1781 1112 1929 1173 pote-

349 1195 414 1248 rit
437 1194 463 1248 τ
487 1195 596 1248 imo
636 1197 813 1262 potius
845 1197 1020 1249 audax
1057 1195 1160 1249 hoc
1189 1194 1404 1249 facinus
1430 1211 1492 1249 ex
1529 1197 1606 1249 ira
1639 1194 1927 1254 ebulliens.

346 1286 534 1354 quidni
563 1286 785 1351 impium
827 1296 1014 1339 contra
1051 1285 1218 1339 Deum
1255 1285 1343 1354 qui
1386 1285 1597 1340 locutus
1627 1294 1711 1339 est
1742 1285 1927 1339 haberi

346 1376 570 1429 debeat?
616 1374 849 1430 l‘roinde
893 1386 948 1428 et
983 1376 1174 1461 ηιςτίιο
1224 1390 1358 1429 sane
1406 1373 1605 1429 rtieluut
1640 1384 1692 1427 et
1729 1383 1927 1428 terram

347 1476 702 1521 εοηιυειιιιιιτ.
730 1464 863 1519 Nam
887 1469 951 1519 de
980 1466 1178 1520 lsraele
1199 1476 1592 1533 couquesturus
1615 1480 1738 1520 cum
1761 1474 1927 1529 esset,

349 1575 470 1614 cum
503 1560 721 1630 augvlos
743 1559 1010 1623 rmlestes,
1043 1569 1152 1612 tum
1188 1559 1355 1627 ipsam
1389 1570 1584 1614 terra-tt
1627 1560 1929 1613 universam

350 1648 491 1703 scire
542 1648 651 1701 vult
702 1663 879 1702 mores
922 1648 1038 1715 ejus
1078 1646 1305 1714 impios;
1360 1662 1426 1698 ne
1475 1647 1595 1715 quis
1640 1661 1763 1701 eum
1810 1659 1932 1699 esse

350 1748 674 1794 commotum
703 1739 824 1793 sine
855 1752 1019 1792 causa
1061 1745 1233 1804 putet,
1269 1735 1350 1789 vel
1385 1736 1636 1805 populum
1671 1735 1925 1790 dilectum

2027 552 2230 616 παντὸς
2275 554 2528 608 ἐπέκεινα
2578 556 3088 627 προκαταμηνύσειν
3142 557 3285 627 πάθη
3311 597 3327 621 ,
3372 556 3465 610 καὶ
3502 556 3601 620 τὰς

2028 643 2365 713 ἀνηκέστους
2396 646 2685 717 συμφορὰς
2709 686 2723 709 ,
2770 648 2871 700 οὐκ
2915 648 3181 717 ἠγνόησεν
3211 648 3290 701 ὅτι
3333 646 3507 717 πάντη
3541 664 3600 699 τε

2029 733 2124 787 καὶ
2150 734 2367 799 πάντως
2391 736 2819 807 ἀκονηθήσονται
2852 736 2987 807 πρὸς
3014 736 3181 808 όργάς
3203 738 3251 790 οἰ
3284 737 3421 807 πρὸς
3452 736 3543 798 οὓς
3573 735 3602 787 ὁ

2027 824 2205 894 λόγος.
2234 826 2436 897 Κύριον
2458 827 2633 880 τοίνυν
2662 828 2731 881 τὰ
2766 828 2940 882 τοιάδε
2973 828 3107 898 πρὸς
3139 827 3338 891 αὐτοὺς
3370 826 3600 897 λαλῆσαί

2029 933 2231 986 φησιν,
2283 917 2375 971 τὸν
2423 917 2533 970 τῶν
2595 918 2825 972 ἀνοσίων
2872 918 3043 987 θυμὸν
3082 918 3474 987 εύτεχνέστατα
3522 918 3601 970 δι-

2028 1006 2355 1078 ωθούμενος,
2388 1009 2483 1062 καί
2522 1005 2634 1063 οἷον
2677 1009 3007 1063 ὲκδυσωπῶν
3035 1010 3133 1074 τὰς
3166 1010 3379 1072 ἀδίκους
3409 1007 3595 1077 ὀργάς.

2028 1097 2094 1150 Εἰ
2122 1098 2231 1168 γὰρ
2275 1097 2597 1169 παρελήφθη
2634 1099 2856 1168 μεσίτης
2900 1099 2995 1152 καὶ
3037 1098 3278 1161 διάκονος
3301 1137 3316 1161 ,
3354 1095 3597 1159 καὶτοὺς

2028 1189 2234 1243 ἀνωθεν
2262 1189 2356 1242 καὶ
2383 1190 2532 1261 ποιρά
2563 1190 2697 1243 Θεοῦ
2729 1188 3117 1260 διαπορθμεύοι
3146 1188 3357 1255 λόγους.
3392 1187 3509 1247 πῶς
3536 1186 3601 1239 ἂν

2028 1281 2117 1334 ἐπ’
2162 1281 2311 1352 αύτῷ
2362 1281 2584 1345 δικαίως
2632 1282 2902 1353 όργίζοιτό
2949 1300 3063 1349 τις;
3114 1281 3313 1350 μᾶλλον
3358 1280 3435 1340 δὲ,
3486 1277 3601 1338 πῶς

2028 1372 2147 1442 οὐχὶ
2180 1372 2318 1425 κατά
2341 1371 2477 1425 Θεοῦ
2509 1372 2603 1426 τοῦ
2628 1373 2984 1442 λελαληκότος
3008 1373 3073 1425 τὰ
3119 1371 3178 1437 ἐξ
3205 1370 3374 1441 όργῆς
3402 1366 3599 1437 γένοιτ’

2028 1462 2094 1515 ἀν
2123 1463 2357 1535 δυσσεϐῆ
2397 1463 2743 1535 τολμήματα.
2789 1461 3228 1534 Διαμαρτύρεται
3258 1461 3436 1514 τοίνυν
3467 1459 3601 1527 σφό-

2028 1555 2128 1625 δρα
2154 1556 2377 1617 εἰκότως
2404 1555 2631 1627 οὐρανόν
2652 1573 2710 1609 τε
2736 1558 2827 1609 καὶ
2858 1555 2998 1625 γῆν;
3027 1554 3242 1624 Ἐπειδὴ
3272 1552 3379 1621 γὰρ
3408 1549 3600 1620 ἔμελλε

2028 1649 2127 1712 τάς
2152 1648 2291 1702 κατὰ
2317 1648 2411 1701 τοῦ
2450 1649 2667 1720 Ἰσραὴλ
2693 1649 2961 1703 ποιεῖσθαι
2994 1646 3216 1719 μομφὰς
3239 1687 3252 1705 .
3290 1646 3384 1698 καὶ
3429 1642 3599 1711 ἀγγέ-

2029 1739 2153 1803 λους
2184 1739 2380 1793 είδέναι
2412 1739 2657 1810 βούλεται
2687 1740 2814 1803 τοὺς
2851 1740 2971 1792 κατ’
3020 1738 3268 1809 οὐρανὸν.
3301 1737 3393 1789 καὶ
3430 1735 3601 1806 αὐτὴν

349 1838 405 1886 ει
432 1830 486 1884 itt
515 1838 717 1884 sortem
749 1829 849 1883 sibi
889 1830 1226 1899 deputatum,
1267 1826 1320 1880 itt
1355 1825 1616 1890 leviculis,
1662 1838 1718 1881 et
1743 1825 1926 1893 vulga-

2033 1830 2083 1885 δὲ
2105 1831 2203 1900 τῆν
2234 1829 2527 1901 σύμπασαν
2560 1831 2681 1901 γῆν,
2713 1832 2815 1900 τῆς
2858 1830 3063 1883 ἐκείνου
3111 1828 3427 1891 δυσσεϐείας
3476 1819 3603 1890 τοὺς

350 1920 501 1976 ribus
554 1919 870 1975 criminibus
924 1919 1323 1989 deprehensum
1349 1959 1366 1985 ,
1414 1928 1694 1986 propterea
1758 1915 1926 1972 fuisse

350 2006 611 2077 reiectum
649 2025 663 2061 :
701 2007 934 2060 maxime
969 2021 1129 2076 quem
1163 2009 1292 2065 olim
1339 2024 1548 2065 summa
1583 2006 1631 2059 vi
1663 2021 1729 2061 ex
1757 2005 1928 2078 Egy-

349 2099 582 2168 ptiorum
639 2097 919 2167 tyrannide
971 2099 1286 2154 vindicavit.
1340 2098 1476 2154 Nam
1532 2097 1783 2152 misertus
1846 2105 1927 2152 est

350 2190 525 2258 illius,
585 2188 637 2258 2
691 2198 745 2241 ut
782 2197 835 2241 et
880 2185 1075 2257 injuria
1134 2187 1310 2243 allecti
1367 2197 1565 2260 praeter
1611 2201 1823 2254 aquom
1877 2192 1935 2241 et

349 2281 580 2346 bonum,
616 2290 671 2337 et
701 2292 757 2335 ut
788 2292 983 2350 prmter
1018 2282 1349 2339 nobilitatem
1378 2292 1433 2339 el
1472 2282 1789 2357 dignitatem
1820 2288 1932 2332 tum

349 2371 615 2438 patriam,
646 2381 700 2424 et
732 2374 965 2440 avitam,
1003 2386 1110 2429 tum
1149 2391 1300 2429 suam
1324 2416 1342 2442 ,
1389 2377 1621 2430 violenta
1671 2373 1936 2427 servitute

351 2462 620 2529 oppressi.
649 2461 893 2531 Cumque
922 2463 974 2517 lti
1016 2465 1107 2532 qui
1151 2474 1536 2532 oppresserant
1586 2463 1932 2535 restitissent,

352 2549 593 2620 graviter
618 2548 784 2617 puniti
816 2560 960 2614 sunt,
992 2551 1099 2605 Deo
1128 2552 1248 2606 illos
1279 2551 1425 2604 omni
1456 2541 1931 2621 genere;supplicii

349 2643 634 2698 multaute.
677 2641 863 2712 Itaque
892 2651 949 2696 ut
971 2641 1666 2705 lsraelitaruurassuntptio
1705 2638 1934 2708 insignis

352 2744 407 2790 et
454 2733 676 2788 illustris
724 2732 855 2797 fuit,
892 2733 965 2789 ita
1025 2734 1332 2800 rejectionis
1371 2733 1588 2785 modum
1651 2746 1758 2783 nou
1820 2727 1933 2782 vult

354 2824 610 2892 ignorari.
646 2822 797 2889 Quod
822 2824 863 2876 si
890 2822 974 2876 cui
1003 2823 1275 2886 videatur,
1304 2823 1418 2889 ipsa
1445 2820 1714 2873 elementa
1743 2817 1929 2872 vocari

353 2914 454 2969 hac
480 2913 762 2983 propheta:
798 2928 929 2967 voce
959 2931 972 2967 :
1003 2914 1091 2981 qui
1129 2914 1227 2967 hoc
1260 2912 1329 2966 ita
1363 2912 1690 2975 considerat,
1733 2922 1835 2961 nec
1865 2907 1933 2961 ab

352 3020 418 3059 eo
447 3004 590 3075 quod
630 3016 712 3059 est
757 3005 948 3059 rationi
983 3014 1039 3059 et
1070 3001 1435 3072 probabilitati
1485 3007 1929 3060 consentaneum,

353 3108 454 3150 nec
483 3108 513 3147 a
537 3110 699 3150 sensu
731 3094 1019 3150 verborum
1046 3094 1342 3148 aberrabit.
1374 3091 1759 3147 Redimcbatur
1779 3087 1924 3143 enim

361 3203 458 3257 per
484 3187 710 3253 Iosem,
741 3187 817 3241 nti
850 3187 980 3251 dixi,
1010 3186 1076 3239 ab
1105 3184 1422 3256 Egyptiaca
1447 3183 1720 3252 impietate
1752 3179 1934 3235 Israel.

2027 1923 2284 1994 τρόπους,
2313 1922 2399 1978 ίνα
2423 1923 2497 1995 μή
2529 1939 2615 1987 τις
2647 1923 2826 1993 οἰηται
2860 1920 3181 1991 κεκινῆσθαι
3219 1921 3403 1991 μάτην
3436 1920 3468 1990 ἦ
3501 1919 3601 1974 καὶ

2031 2012 2305 2082 προαλῶσι
2333 2014 2426 2066 ἐπὶ
2451 2016 2665 2084 μικροῖς
2692 2029 2750 2065 τε
2780 2013 2874 2066 καὶ
2896 2011 3293 2075 εὐτελεστάτοις
3325 2010 3602 2081 πταίσμα-

2034 2119 2140 2169 σιν,
2190 2102 2496 2173 ἀπόϐλητον
2544 2103 2816 2156 ποιεῖσθαι
2856 2102 2946 2155 τὸν
2991 2102 3367 2172 ἠγαπημένον,
3400 2102 3493 2154 καὶ
3524 2102 3604 2165 εἰς

2034 2191 2234 2263 κλῆρον
2261 2192 2410 2263 αὐτῷ
2439 2192 2664 2246 τεθέντα
2700 2193 2851 2253 λαὸν,
2879 2193 2972 2245 xai.
2995 2193 3055 2245 τὸ
3090 2192 3256 2244 πάλαι
3286 2192 3374 2244 διὰ
3401 2191 3607 2261 πολλῆς

2034 2288 2172 2356 ἄγαν
2208 2287 2410 2357 ἰσχύος,
2443 2285 2544 2352 τῆς
2589 2285 2698 2338 τῶν
2727 2286 3039 2352 Αἰγυπτίων
3071 2284 3382 2349 πλεονεξίας
3411 2282 3608 2356 ἐξῃρη-

2038 2383 2215 2453 μένον.
2253 2381 2477 2450 Ἦλέησε
2504 2381 2601 2450 μὲν
2630 2379 2739 2450 γὰρ
2778 2379 2853 2443 ὡς
2893 2378 3245 2448 ἀδικούμενον
3274 2378 3426 2449 παρά
3456 2394 3512 2430 τε
3543 2376 3601 2428 τὸ

2036 2473 2201 2536 εἰκὸς,
2233 2474 2326 2525 καὶ
2357 2472 2455 2542 τὴν
2481 2474 2593 2536 τοῖς
2620 2472 2861 2541 πατράσι
2896 2471 3215 2543 πρέπουσάν
3237 2489 3296 2523 τε
3330 2472 3422 2523 καὶ
3445 2470 3597 2523 ἐνοῦ-

2038 2579 2136 2616 σαν
2191 2564 2489 2630 εὐγένειαν,
2539 2562 2822 2634 ἀϐουλήτῳ
2868 2561 3058 2634 θητείᾳ
3114 2560 3602 2632 κατηχθισμένους.

2048 2653 2264 2724 Ἐπειδὴ
2297 2654 2353 2706 δὲ
2384 2654 2752 2725 ἀντέπραττον
2782 2656 2831 2707 οἰ
2861 2653 3375 2725 πλεονεκτήσαντες,
3410 2652 3605 2707 ἑκολά-

2036 2743 2188 2809 ζοντο
2232 2744 2476 2814 πικρῶς,
2513 2745 2691 2798 πάντα
2717 2745 2918 2817 τρόπον
2950 2746 3133 2807 αὐτοῖς
3167 2746 3347 2808 αἰκίας
3392 2746 3606 2816 ἐπιρρι-

2034 2837 2293 2897 πτοῦντος
2329 2834 2486 2890 Θεοῦ.
2513 2836 2723 2907 ’Ὥσπερ
2766 2836 2944 2889 τοίνυν
2986 2836 3359 2905 ὲπισημοτάτη
3385 2833 3606 2902 γέγονεν

2034 2930 2068 3001 ἡ
2096 2928 2400 3001 πρόσληψις
2422 2929 2536 2992 τοίς
2569 2927 2629 2993 ὲξ
2673 2927 2907 2999 Ἰσραὴλ,
2942 2927 3082 2981 οὕτω
3113 2926 3358 2996 βούλεται
3389 2925 3482 2978 καὶ
3514 2923 3606 2977 τὸν

2033 3022 2131 3091 τῆς
2165 3019 2436 3089 ἀποϐολῆς
2480 3019 2555 3089 μὴ
2598 3019 2910 3087 ἀγνοεῖσθαι
2937 3019 3154 3090 τρόπον.
3187 3017 3250 3070 Εἰ
3293 3017 3349 3070 δὲ
3389 3017 3452 3087 δὴ
3484 3014 3607 3087 βού·

1963 3131 2005 3190 C
2036 3110 2209 3165 λοιντό
2231 3126 2373 3172 τινες
2399 3110 2492 3163 καὶ
2523 3109 2664 3163 αύτά
2701 3108 2983 3163 καλεῖσθαι
3026 3107 3096 3161 τὰ
3126 3110 3363 3176 στοιχεῖα
3388 3106 3474 3159 διὰ
3509 3105 3606 3174 τῆς

2036 3202 2130 3257 τοῦ
2161 3203 2441 3272 προφήτου
2466 3200 2669 3270 φωνῆς,
2701 3201 2800 3253 οὐκ
2825 3199 2891 3253 ἂν
2919 3199 3153 3269 ἁμάρτοι
3187 3197 3280 3250 τοῦ
3306 3197 3605 3268 πρέποντος

351 3276 486 3332 Cum
532 3288 710 3330 autem
755 3274 965 3330 Pharao
1005 3274 1099 3330 Dei
1147 3275 1299 3328 ttutui
1353 3283 1407 3327 et
1460 3271 1723 3326 voluntati
1777 3269 1931 3338 impie

2036 3294 2199 3362 λόγου
2231 3291 2340 3346 τῶν
2371 3291 2591 3346 ἐννοιῶν
2626 3292 2657 3362 η
2691 3291 2937 3359 δύναμις,
2960 3290 3137 3341 ἐκεῖνο
3166 3286 3601 3356 διεσκεμμένοις.

354 3368 631 3423 resisteret
656 3381 720 3421 ac
753 3365 978 3430 diceret,
1015 3381 1034 3416 ι
1061 3363 1349 3420 Dominum
1382 3381 1485 3419 ttnn
1515 3365 1657 3423 novi.
1680 3375 1733 3417 et
1762 3362 1931 3416 Israe-

2046 3382 2368 3456 Ἐλυτροῧτο
2402 3383 2504 3454 μὲν
2531 3383 2661 3452 γὰρ,
2705 3380 2780 3443 ὡς
2805 3380 2963 3451 ἔφην,
3002 3379 3101 3448 τῆς
3135 3377 3449 3446 Αἰγυπτίων
3475 3378 3601 3428 avo-

355 3458 459 3513 lem
477 3472 581 3512 non
614 3458 879 3513 dimittam
897 3456 939 3522 ³,
969 3474 988 3509 ι
1026 3467 1273 3511 creatura
1300 3472 1330 3511 a
1363 3457 1586 3513 Domino
1616 3472 1717 3514 suo
1748 3468 1931 3514 contra

2036 3476 2281 3546 σιότητος
2320 3473 2409 3527 διά
2439 3472 2677 3534 Μωσέως
2702 3471 2731 3523 ὁ
2768 3470 3002 3542 Ἰσραήλ.
3046 3467 3264 3539 Ἐπειδὴ
3289 3467 3344 3520 δὲ
3371 3469 3485 3529 τοῖς
3507 3464 3601 3518 τοῦ

356 3549 726 3605 inobcdientes
770 3556 824 3603 et
875 3547 1103 3603 rebelles
1152 3556 1237 3603 est
1295 3560 1529 3605 armata.
1578 3550 1620 3604 Ε
1673 3551 1927 3620 superuis

2036 3566 2172 3621 Θεοῦ
2219 3566 2480 3637 νεύμασιν
2524 3564 2752 3626 ἀνοσίως
2796 3561 3253 3631 ἁντανιστάμενος
3299 3559 3533 3627 ἔφασκεν
3574 3558 3603 3610 ό

350 3640 500 3697 enim
526 3650 579 3694 et
618 3654 653 3695 e
695 3640 833 3696 caelo
866 3639 1097 3709 plurima
1121 3678 1137 3702 ,
1172 3649 1226 3694 et
1276 3642 1568 3709 conspicua
1609 3643 1759 3710 signa
1793 3640 1931 3696 facta

2033 3657 2252 3730 Φαραὼ,
2295 3659 2410 3712 Ούκ
2451 3655 2568 3711 οἰδα
2595 3655 2685 3709 τὸν
2720 3654 2943 3724 Κύριον,
2989 3654 3083 3708 καὶ
3124 3651 3217 3705 τὸν
3252 3651 3468 3721 Ἰσραὴλ
3504 3651 3603 3704 οὐκ

357 3742 484 3789 sunt
535 3750 550 3787 :
592 3730 828 3802 plurima
886 3732 1013 3787 item
1065 3740 1123 3786 et
1174 3731 1226 3785 itt
1283 3733 1398 3801 ipsa
1449 3742 1593 3787 terra
1644 3732 1931 3787 mirabilia.

2036 3749 2318 3806 ἀποστελῶ
2346 3789 2360 3814 ,
2397 3747 2763 3814 συνωπλίζετο
2791 3746 2867 3818 τῷ
2907 3746 3022 3817 ἰδίῳ
3052 3744 3286 3814 δεσπότῃ
3328 3741 3468 3795 κατὰ
3498 3740 3605 3794 τῶν

357 3823 564 3879 (italum
621 3822 763 3878 enim
819 3821 1036 3878 demisit
1082 3822 1428 3890 grandinem,
1484 3831 1627 3877 terra
1684 3823 1931 3891 produxit

2036 3839 2419 3913 ἀπεχθούντων
2446 3842 2479 3909 ἠ
2515 3838 2711 3901 κτίσις.
2752 3836 2994 3889 ’Λνωθεν
3032 3836 3129 3905 μὲν
3163 3835 3271 3903 γὰρ
3304 3834 3397 3887 καὶ
3422 3831 3481 3896 ἐξ
3511 3831 3603 3884 οὐ·

359 3927 540 3977 ranas,
586 3912 750 3965 sicuti
797 3911 1057 3978 scriptum
1086 3920 1212 3966 est:
1245 3922 1299 3967 et
1325 3927 1463 3981 aqua
1510 3911 1565 3967 in
1608 3912 1931 3980 sanguinem

2223 3930 2449 3983 πλεῖστά
2472 3946 2532 3981 τε
2553 3929 2655 3980 ὅσα
2683 3928 2777 3980 καὶ
2800 3926 3073 3995 περιφανῆ
3097 3926 3354 3993 γεγόνασι
3378 3925 3600 3991 σημεῖα,

346 4013 620 4054 conversa
668 4008 752 4053 est
796 4003 1035 4054 :cinere
1087 4015 1216 4055 vero
1260 4003 1458 4057 camini
1500 4003 1838 4058 discurrente
1879 4010 1931 4058 et

2036 4003 2264 4076 πλεῖστα
2300 4021 2355 4074 δὲ
2384 4019 2584 4091 ὁμοίως
2613 4019 2709 4072 καὶ
2745 4018 2844 4072 οὐκ
2892 4016 3217 4085 ἀθαύμαστα
3258 4015 3316 4067 ἐν
3358 4016 3494 4083 αὐτῇ
3533 4014 3600 4083 τῇ

357 4092 645 4161 dissipato,
671 4104 963 4159 acremque
984 4101 1399 4162 cor-rumpente,
1421 4093 1600 4148 ulcera
1629 4107 1685 4150 et
1710 4096 1931 4164 pustula

2034 4113 2203 4186 γῇ,’0
2233 4113 2332 4183 μὲν
2356 4111 2467 4184 γὰρ
2494 4110 2719 4183 οὐρανὸς
2741 4109 2919 4163 καθίει
2948 4109 3046 4179 τὴν
3081 4103 3346 4178 χάλαζαν,
3383 4106 3417 4173 ἡ
3446 4105 3502 4158 δὲ
3530 4107 3600 4176 γῆ

359 4183 767 4239 ellerveSCentes
804 4183 1047 4238 omnium
1087 4186 1410 4252 corporibus
1455 4186 1785 4243 insederunt.
1825 4186 1934 4245 lta-

359 4291 464 4345 que
518 4274 742 4342 perinde
783 4275 937 4345 quasi
975 4277 1203 4344 ipsatuet
1246 4276 1513 4333 elementa
1568 4289 1783 4335 tantum
1827 4296 1933 4336 non

334 4364 562 4441 git-nstra
611 4378 710 4434 pro
756 4365 841 4419 his
893 4366 986 4435 qui
1044 4365 1258 4422 liberati
1310 4366 1530 4423 fuerunt
1577 4367 1932 4426 laborassem:

2037 4205 2338 4278 βατράχους
2383 4203 2661 4276 ἐξέρριψε,
2712 4200 2858 4255 καθά
2901 4199 3239 4271 verpa-mat-
3277 4195 3463 4250 καὶτὸ
3506 4195 3605 4267 μὲν

2037 4297 2181 4370 ὕδωρ
2210 4298 2289 4358 εἰς
2310 4291 2452 4366 αἷμα
2479 4295 2923 4366 μετεσκευιπετο,
2950 4290 3175 4359 αἰθάλης
3213 4288 3270 4343 δὲ
3309 4288 3605 4357 καμιναίας

2036 4387 2568 4458 κατασκιδναμένης,
2608 4384 2819 4441 καὶτὸν
2854 4384 2994 4453 ἀέρα
3024 4380 3311 4447 θολούσης,
3344 4378 3477 4448 ἕλκη
3511 4378 3604 4430 καὶ

332 4446 382 4548 ξι
419 4456 579 4519 Audi,
632 4459 827 4528 inquit,
879 4461 1101 4527 caelum,
1147 4471 1205 4518 et
1259 4464 1528 4528 ausculta,
1584 4474 1749 4530 terra,
1806 4467 1931 4535 quia

2042 4479 2330 4552 φλυκτίδες
2355 4446 2682 4542 avde—ouem
2710 4479 2770 4531 ιν
2786 4479 2899 4538 τοῖς
2927 4446 3150 4528 πάντων
3185 4446 3475 4525 συνέϐαινε
3498 4467 3602 4523 σώ-

362 4549 621 4604 Doutinus
651 4548 859 4606 locutus
906 4562 1007 4606 est.
1046 4569 1072 4606 ο
1114 4554 1285 4613 Aliter
1311 4555 1477 4611 etiam
1527 4556 1641 4611 hac
1680 4557 1934 4626 explicari

362 4648 608 4709 possunt.
664 4640 926 4697 Israelita:
986 4644 1253 4715 siquidem
1307 4644 1439 4715 legis
1495 4645 1746 4705 doctrina
1800 4664 1934 4705 eon-

365 4745 598 4808 tempta,
644 4744 700 4789 et
753 4736 1078 4797 salutaribus
1118 4739 1426 4810 disciplinis
1485 4742 1766 4812 neglect-is,
1827 4756 1936 4798 uno

365 4840 560 4886 natura
620 4830 729 4885 Deo
782 4829 1064 4896 derelicto,
1113 4830 1343 4899 impuris
1397 4832 1677 4889 dmnooiis
1729 4835 1930 4890 cultum

366 4920 674 4976 tribuerunt
716 4921 769 4974 in
803 4919 1077 4975 montibus
1108 4931 1270 4989 atque
1308 4922 1537 4979 collibus
1579 4933 1634 4977 et
1666 4924 1722 4979 itt
1765 4925 1929 4981 silvo-

364 5013 439 5066 sis
463 5011 693 5066 Vallibus
723 5011 1086 5067 incenderunt
1117 5008 1441 5079 solistimum
1479 5027 1647 5081 opera
1679 5030 1935 5070 manuum

362 5114 581 5158 suarum
630 5105 1022 5159 adoraverunt.
1073 5099 1387 5173 Indignatus
1452 5104 1580 5162 vero
1654 5115 1937 5177 propterea

364 5194 735 5250 universitatis
760 5193 920 5261 Deus,
971 5204 1025 5249 et
1050 5196 1268 5266 quidem
1299 5194 1622 5265 iustissime,
1655 5198 1794 5251 dixit
1822 5198 1941 5253 eui-

366 5283 487 5338 tlatu
540 5298 571 5339 e
639 5287 842 5342 sanctis
898 5285 1229 5356 prophetis:
1278 5304 1300 5337 ι
1349 5287 1527 5356 Surge
1591 5297 1642 5342 et
1696 5289 1941 5358 judicare

366 5373 503 5439 apud
539 5386 781 5445 mentes,
826 5384 880 5432 et
927 5378 1153 5433 audiant
1198 5378 1362 5434 colles
1390 5394 1576 5434 vocem
1607 5387 1798 5433 tuam:
1828 5380 1940 5433 Διι-

367 5466 499 5528 dite,
531 5465 714 5525 colles.
748 5467 1006 5537 judicium
1043 5469 1275 5536 Domini,
1307 5480 1361 5525 et
1398 5469 1564 5525 valles
1590 5468 1936 5524 fundamenta

369 5565 560 5623 teme,
617 5557 741 5625 quia
788 5556 1047 5625 judicium
1103 5561 1332 5617 Domino
1377 5561 1640 5618 adversus
1683 5561 1935 5631 populum

361 5660 554 5712 suum,
587 5657 636 5701 et
672 5661 791 5704 cum
825 5648 1020 5704 lsraele
1047 5651 1377 5720 iudicabitur
1403 5656 1466 5709 ³⁸.
1495 5671 1515 5706 ι
1553 5654 1735 5723 Neque
1757 5662 1933 5707 tamen

437 5758 646 5814 ‘Evod.
676 5775 727 5825 ν,
765 5760 820 5816 2.
846 5761 887 5793 ³”
916 5761 1076 5819 Μὶοὲι.
1106 5778 1176 5831 vr,
1209 5766 1260 5833 Ι,
1286 5766 1340 5821 2.

2044 4586 2227 4644 μασιν.
2272 4569 2359 4633 Ὠς
2397 4564 2491 4622 οὖν
2533 4567 2627 4621 καὶ
2657 4565 2837 4620 αὐτῶν
2864 4564 2973 4633 τῶν
3000 4562 3280 4633 στοιχείων
3324 4563 3606 4634 μονονουχὶ

2044 4660 2221 4733 μάτην
2238 4660 2331 4713 ἐπὶ
2347 4662 2460 4721 τοῖς
2482 4655 2911 4728 λελυτρωμένοις
2930 4653 3367 4722 πεπονηκότων,ι
3382 4654 3606 4716 Ἄκουε,

2039 4750 2258 4822 οὐρανὶ.
2287 4748 2476 4818 φησὶν,
2501 4746 2597 4801 καὶ
2622 4744 2898 4808 ἑνωτίζου,
2932 4743 3005 4813 γῆ
3025 4784 3039 4808 ,
3070 4744 3151 4796 ὅτι
3186 4740 3390 4814 Κύριος
3419 4742 3609 4812 nam.

2040 4858 2148 4897 σεν.
2187 4859 2207 4893 ι
2245 4835 2664 4911 Προσϐαλοῢμεν
2699 4835 2756 4889 δὲ
2785 4837 2879 4889 καὶ
2914 4834 3118 4906 ἑτέρως
3146 4836 3268 4898 ταῖς
3315 4831 3422 4887 τῶν
3477 4847 3609 4903 προσ

2037 4930 2307 5001 κειμένων
2349 4928 2598 4990 ἐννοίαις.
2643 4919 3036 4995 Ἀτι-μήσαντες
3095 4923 3196 4994 μὲν
3236 4924 3348 4996 γὰρ
3388 4923 3486 4994 τὴν
3521 4921 3607 4975 διὰ

2039 5022 2207 5092 νόμον
2237 5020 2519 5075 παίδευσιν
2561 5019 2609 5072 οἰ
2655 5018 2716 5085 ἐξ
2753 5015 2967 5091 Ἰσραὴλ
2990 5056 3006 5083 ,
3040 5016 3135 5071 γαί
3179 5015 3287 5072 τῶν
3330 5013 3611 5084 σωτηρίων

2044 5111 2380 5184 μαθημάτων
2428 5110 2867 5182 ὀλιγωρήσαντες
2914 5110 3008 5165 τὸν
3056 5110 3152 5163 ἕνα
3205 5125 3265 5161 τε
3309 5106 3403 5159 καὶ
3448 5101 3606 5171 φύσει

2040 5201 2490 5263 καταλελοιπότες
2516 5199 2649 5255 Θεὸν
2704 5201 2820 5263 τοῖς
2856 5199 3186 5271 ἀκαθάρτοις
3228 5192 3472 5264 δαίμοσιν
3509 5192 3611 5257 τὰς

2040 5292 2338 5364 θεραπείας
2361 5292 2637 5363 προσῆγον
2661 5293 2723 5346 ὲν
2740 5291 2892 5364 δρεσι
2921 5292 3013 5345 καὶ
3041 5288 3267 5359 βουνοῖς,
3292 5285 3388 5338 καὶ
3407 5280 3469 5339 ἓν
3488 5287 3613 5349 ταῖς

2041 5382 2477 5454 εὐδενδροτάταις
2504 5383 2775 5454 φάραγξιν
2821 5375 3179 5449 τεθυμιάκασί
3208 5391 3268 5429 τε
3313 5375 3408 5428 καὶ
3442 5391 3613 5446 προσ-

2042 5473 2377 5542 κεκυνήκασι
2407 5476 2518 5537 τοῖς
2564 5474 2746 5546 ἔργοις
2770 5472 2878 5525 τῶν
2909 5468 3052 5521 ἰδίων
3075 5464 3295 5538 χειρῶν.
3332 5467 3445 5522 Καὶ
3469 5467 3609 5536 ἠγα-

2043 5562 2231 5617 νάκτει
2272 5566 2371 5635 μὲν
2409 5566 2503 5620 ἐπὶ
2549 5566 2780 5627 τούτοις,
2818 5561 2911 5615 καὶ
2962 5559 3107 5629 μάλα
3155 5556 3400 5623 εἰκότως,
3443 5559 3473 5611 ό
3504 5556 3611 5610 τῶν

2038 5655 2174 5708 ὅλων
2202 5656 2353 5723 Θεὸς,
2395 5658 2497 5729 ἔφη
2529 5657 2584 5710 δὲ
2628 5655 2762 5727 πρὸς
2802 5652 2898 5706 ἕνα
2950 5650 3058 5704 τῶν
3090 5649 3263 5721 ἀγίων
3293 5647 3610 5722 ’τιροφηιτιῖινι
