4012 6216
386 343 461 399 19
1455 362 1513 415 S.
1554 358 1824 417 CYRILLI
1864 359 2337 417 ALEXANDRINI
2375 360 2696 419 ARCHIEP.
3570 372 3641 429 20

384 461 672 517 volentiam
733 478 894 535 quam
975 467 1066 523 illa
1118 483 1246 541 erga
1317 471 1566 531 dominos
1611 477 1833 542 habent,
1883 484 1956 532 est

2079 477 2220 530 Ἀλλ’
2247 477 2482 550 ὴθέτησε
2511 480 2603 534 τὸν
2628 482 2984 553 γεννήσαντα.
3030 481 3140 537 Καὶ
3174 483 3259 548 τίς
3294 484 3323 536 6
3364 484 3465 557 τῆς
3508 488 3636 543 ἀθε-

380 552 639 609 imitatus.
700 554 835 611 Hinc
895 575 999 615 nun
1078 561 1195 617 sine
1252 579 1417 621 causa
1479 569 1591 624 ait:
1627 586 1646 620 ι
1696 567 1960 640 Cognovit

383 643 479 695 bos
537 657 905 710 possessorem
944 662 1124 715 suum,
1176 659 1233 706 et
1276 654 1459 710 asinus
1494 672 1734 727 prmsepe
1786 657 1960 712 domi-

384 731 436 783 ni
487 734 592 800 sui;
620 734 783 791 Israel
806 750 986 795 autem
1034 756 1122 797 me
1153 758 1257 799 non
1281 749 1550 818 cognovit,
1602 757 1658 804 et
1732 749 1960 819 populus

383 837 614 880 menon
669 827 953 884 intellexit.
992 849 1014 885 ι
1067 831 1200 889 Nam
1249 837 1293 891 si
1343 850 1491 893 emat
1546 841 1668 909 quis
1743 841 1957 905 bovem,

383 913 531 967 illum
574 914 760 986 utique
789 918 1006 976 habebit
1042 925 1109 978 ad
1150 924 1225 980 rei
1263 929 1481 984 rusticae
1537 947 1761 986 munera
1846 933 1958 988 uti-

382 1004 672 1071 lissimum,
700 1008 814 1063 sive
871 1020 1066 1067 terram
1122 1031 1282 1073 arare
1346 1019 1493 1087 velit,
1547 1023 1661 1078 sive
1707 1025 1760 1079 in
1822 1042 1949 1083 area

380 1096 658 1163 triturare,
713 1110 767 1154 et
823 1101 1075 1161 frumenti
1134 1109 1342 1178 paleam
1399 1123 1675 1171 excutere.
1712 1116 1769 1171 Si
1828 1134 1959 1174 vero

378 1190 503 1258 quis
571 1195 784 1249 asinum
862 1208 1092 1266 coemat,
1185 1211 1393 1258 naturae
1444 1208 1610 1262 etiam
1674 1217 1823 1265 motu
1903 1222 1959 1267 et

380 1284 614 1351 impulsu
652 1295 881 1343 vocatur
912 1292 977 1344 ad
1036 1292 1358 1362 obsequium
1433 1308 1489 1352 et
1561 1315 1656 1370 pro
1713 1303 1797 1358 his
1836 1317 1957 1372 mne

372 1373 559 1441 jaceut
634 1377 687 1430 in
736 1376 1068 1451 praesepibus
1108 1385 1497 1454 subje‘etiouem
1552 1393 1706 1459 quasi
1759 1409 1957 1462 repen-

379 1467 459 1519 dit
520 1476 574 1522 et
598 1468 987 1528 obedientiam.
1049 1475 1199 1534 Onus
1276 1480 1419 1535 enim
1504 1481 1706 1550 baiulat
1745 1486 1955 1554 volens,

378 1566 434 1612 et
476 1558 666 1615 herilis
706 1561 905 1619 laboris
940 1565 1000 1620 lit
1022 1569 1201 1625 socius
1232 1585 1297 1625 ac
1354 1575 1642 1643 particeps.
1704 1577 1773 1631 At
1843 1577 1959 1634 haec

378 1650 594 1719 quidem
630 1652 703 1707 ita
744 1668 804 1709 se
830 1655 1025 1713 habent
1075 1659 1133 1715 in
1160 1663 1272 1718 his.
1314 1661 1482 1720 Israel
1504 1676 1681 1723 autem
1715 1671 1955 1739 sapiens,

379 1744 434 1797 in
478 1743 612 1814 legis
675 1747 981 1819 pmdagogia
1029 1752 1295 1821 initiatus,
1350 1771 1459 1826 quo
1507 1758 1560 1814 id
1621 1761 1766 1830 quod
1826 1777 1857 1817 e
1898 1777 1956 1818 re

2061 571 2273 640 τήσεως
2308 569 2510 641 τρόπος
2541 573 2628 641 εἴη
2662 571 2762 637 ᾶν;
2809 572 3080 642 ἐτράπετο
3105 573 3214 644 γὰρ
3245 575 3324 638 είς
3355 591 3420 644 γε
3450 578 3511 629 τὸ
3545 577 3637 631 θέ-

2061 660 2172 714 λειν
2196 663 2305 724 τοῖς
2343 660 2604 731 μὴιιρύσει
2633 662 2917 736 λατρεύειν
2958 662 3121 731 θεοῖς,
3165 663 3425 736 νενόσηκε
3459 665 3517 719 δὲ
3543 668 3639 721 καὶ

2062 751 2283 825 ἑτέρως,
2322 752 2457 806 πολὺ
2485 752 2546 805 τὸ
2580 752 2810 822 ὲξήνιον,
2843 753 2936 807 καὶ
2965 753 3026 807 τὸ
3048 752 3129 807 ἔτι
3156 753 3361 808 τούτων
3393 756 3493 819 είς⁸
3513 756 3640 809 ἀτο-

2062 845 2193 899 πίαν
2231 846 2509 909 ἐπέκεινα,
2548 844 2671 900 οὔτε
2716 846 2886 918 αὐτὴν
2920 847 3229 917 μεμίμηται
3272 846 3380 901 τῶν
3426 847 3637 916 ἀλόγων

2061 934 2216 1001 ζώων
2244 936 2344 1008 τὴν
2386 935 2620 1001 εὔνοιαν,
2665 936 2734 1007 ἦν
2781 937 2848 990 ἂν
2887 937 3061 1007 ἔχοιεν
3095 939 3277 991 ἐκεῖνα
3326 939 3463 1009 πρὸς
3507 940 3639 1003 τοὺς

2059 1026 2342 1090 δεσπότας.
2378 1027 2564 1101 Ταύτῃ
2583 1044 2666 1080 τοι
2697 1027 2889 1096 φησίν’
2924 1045 2945 1079 ι
2981 1029 3163 1096 Ἔγνω
3209 1028 3335 1098 βοῦς
3377 1028 3468 1082 τὸν
3497 1045 3635 1099 κτη-

2067 1119 2322 1188 σάμενον,
2369 1118 2466 1170 καὶ
2520 1117 2640 1181 ὄνος
2679 1118 2779 1189 τὴν
2827 1119 3034 1188 φάτνην
3074 1119 3167 1172 τοῦ
3205 1120 3395 1192 κυρίου
3444 1120 3632 1185 αὐτοῦ,

2072 1208 2288 1279 Ἰσραὴλ
2316 1208 2372 1261 δέ
2404 1225 2471 1279 με
2497 1208 2596 1261 οὐκ
2618 1208 2779 1277 ἔγνω,
2811 1208 2907 1261 καὶ
2931 1210 2959 1261 6
2984 1208 3112 1274 λαός
3141 1227 3207 1280 με
3233 1210 3293 1264 ού
3325 1214 3576 1283 συνῆκεν.
3608 1230 3628 1264 ι

2061 1298 2383 1371 Ἀνθρωπος
2414 1299 2512 1369 μὲν
2534 1298 2641 1369 γὰρ
2669 1301 2716 1350 εί
2752 1298 3039 1370 ὲκπρίαιτο
3066 1299 3215 1370 βοῦν,
3260 1301 3373 1366 ἕξει
3399 1302 3463 1374 δὴ
3492 1303 3631 1358 πάν-

2059 1409 2167 1456 τως
2198 1391 2359 1445 αὑτὸν
2396 1393 2478 1455 εἰς
2522 1391 2590 1443 τὰ
2640 1390 2740 1461 τῆς
2773 1391 3080 1460 γεωπονίας
3123 1392 3259 1464 ἔργα
3289 1394 3633 1464 χρησιμώτα-

2058 1501 2171 1545 τον,
2203 1482 2362 1536 τοῦτο
2412 1482 2510 1553 μὲν
2554 1482 2743 1554 ἀροῦν,
2795 1485 2843 1537 εί
2871 1482 3063 1547 ἕλοιτο,
3097 1484 3195 1553 τὴν
3220 1484 3346 1555 γῆν,
3380 1483 3538 1538 τοῦτο
3575 1485 3633 1539 δὲ

2060 1576 2139 1638 εἰς
2162 1574 2263 1642 τὴν
2299 1572 2413 1626 eam
2454 1572 2904 1641 καταλεπτύνειν,
2937 1575 3030 1629 καὶ
3066 1574 3386 1645 ἀποκρίνειν
3414 1575 3510 1628 τοῦ
3546 1575 3631 1628 σία

2057 1683 2152 1719 του
2175 1665 2236 1718 τὸ
2268 1666 2489 1735 ἄχυρον.
2518 1665 2582 1717 Ei
2619 1665 2676 1717 δὲ
2703 1665 2767 1735 δή
2798 1682 2882 1728 τις
2911 1664 3131 1737 πρίαιτο
3186 1666 3282 1719 καὶ
3309 1665 3450 1723 ὄνον.
3479 1683 3635 1735 φυσιο

2058 1757 2176 1816 κοῖς
2203 1754 2297 1807 καὶ
2321 1753 2484 1816 αὐτὸς
2518 1754 2815 1824 κινήμασιν
2845 1754 3091 1807 καλεῖται
3121 1754 3261 1825 πρὸς
3297 1755 3629 1819 εὐπείθειαν,

379 1842 481 1898 est,
524 1834 824 1906 intelligere
870 1852 1072 1911 posset,
1119 1822 1460 1914 maiestatem
1525 1822 1849 1908 Dei'multis
1900 1862 1956 1908 et

2060 1846 2155 1900 καὶ
2183 1840 2295 1898 οἷόν
2335 1862 2456 1898 τινα
2496 1845 2605 1899 τῶν
2632 1822 2693 1898 ἓν
2724 1844 2954 1912 φάτναις
2998 1822 3446 1915 αύτῷ-κειμένων
3479 1847 3632 1900 ἀντί-

382 1923 795 1982 admirabilibns
849 1930 1019 2000 signis
1104 1935 1346 2000 edoctus,
1380 1939 1536 1995 asino
1567 1949 1618 1995 et
1669 1942 1803 1997 bove
1874 1943 1959 1998 in-

384 2017 630 2073 teriorem
695 2034 754 2075 se
786 2031 1038 2092 praestat,
1100 2033 1155 2079 et
1223 2040 1253 2079 a
1321 2027 1497 2085 brutis
1549 2032 1959 2089 mansuetudine

379 2118 433 2163 et
465 2112 736 2181 probitate
778 2126 1084 2185 superatus,
1135 2118 1421 2174 Dominum
1485 2122 1772 2193 ignoravit.
1815 2124 1958 2181 Bene

379 2217 509 2259 sane
561 2205 690 2262 illud
730 2207 1050 2265 dixitzNon
1114 2213 1284 2280 novit,
1342 2228 1450 2269 non
1516 2215 1797 2273 intellexit.
1852 2216 1954 2271 Ta-

380 2297 534 2351 metsi
566 2299 733 2369 enim,
765 2310 827 2356 ut
871 2302 1003 2369 dixi,
1073 2304 1298 2374 gloriam
1336 2316 1392 2362 et
1451 2309 1789 2379 maiestatem
1860 2312 1953 2366 Dei

377 2386 662 2456 didicerat,
738 2400 917 2448 tamen
996 2395 1219 2464 quodin
1276 2396 1593 2453 eﬂrenatam
1652 2403 1943 2469 quamdam

380 2478 786 2545 perversitatem
855 2480 1136 2552 prolapsus
1224 2491 1328 2549 est,
1402 2495 1693 2557 prepterea
1766 2491 1815 2544 ei
1860 2492 1954 2560 qui

378 2582 484 2623 non
551 2581 794 2636 noverat,
863 2587 973 2627 non
1023 2574 1307 2632 dissimilis
1391 2578 1513 2632 l‘uit.
1575 2577 1729 2646 Quod
1770 2581 1823 2636 ni
1875 2583 1950 2639 ita

377 2673 507 2716 vere
549 2672 713 2727 esset,
745 2664 1059 2734 neutiquam
1104 2666 1331 2723 dixisset
1369 2668 1555 2739 ligno:
1604 2672 1778 2727 «Deus
1806 2689 1955 2730 meus

374 2762 436 2803 es
486 2759 563 2817 tu,
591 2768 614 2803 ι
673 2760 729 2807 et
764 2751 926 2822 lapidi
967 2771 982 2807 :
1016 2772 1035 2806 ι
1072 2752 1153 2808 Tu
1195 2758 1427 2827 genuisti
1493 2773 1600 2814 me.
1639 2777 1659 2812 ι
1727 2759 1881 2818 Unde
1904 2774 1957 2818 et

382 2856 402 2889 ι
427 2839 718 2909 obstupuit,
755 2860 773 2894 ι
802 2841 1000 2912 inquit,
1024 2861 1044 2895 ι
1075 2844 1274 2901 οωιιιιη
1320 2861 1482 2916 super
1533 2848 1663 2913 hoc,
1697 2859 1752 2905 et
1796 2851 1958 2906 vehe-

376 2941 590 2986 menter
643 2947 803 3003 supra
849 2935 1066 2989 modum
1120 2936 1430 3006 inhorruit,
1485 2939 1618 2996 dicit
1672 2940 1953 3001 Dominus.

375 3023 510 3092 Quia
572 3025 676 3080 duo
778 3026 918 3081 tnala
982 3029 1218 3098 patravit
1285 3031 1511 3101 populus
1577 3049 1785 3092 meus:
1872 3051 1958 3092 me

374 3119 775 3190 dereliquerunt
855 3119 1058 3175 l'ontem
1140 3135 1295 3191 aqua:
1352 3123 1517 3193 vivae,
1567 3133 1623 3181 et
1699 3125 2027 3217 foderuntc

375 3209 478 3264 sibi
530 3210 792 3266 ciSteruas
814 3211 1096 3278 contritas,
1143 3228 1264 3282 qua!
1302 3227 1407 3269 non
1462 3224 1715 3286 poterunt
1755 3232 1951 3288 aquam

380 3302 667 3358 continere
695 3302 737 3356 ⁸.
775 3321 795 3355 ι
828 3301 1018 3358 Posset
1065 3316 1246 3359 autem
1280 3304 1382 3360 hoc
1404 3305 1623 3364 Christo
1645 3324 1952 3365 accommo-

375 3394 490 3450 dari
542 3403 601 3450 ut
654 3394 800 3450 dicat
847 3394 914 3450 de
944 3393 1049 3449 illis
1078 3412 1091 3449 :
1120 3393 1286 3450 Israel
1316 3410 1445 3451 vero
1497 3413 1586 3454 me
1635 3415 1740 3455 non
1777 3402 1954 3465 novit,

375 3496 431 3542 et
481 3487 714 3558 populus
775 3501 861 3542 me
903 3502 1008 3542 non
1051 3486 1343 3543 intellexit.
1375 3488 1654 3559 Siquidem
1688 3493 1951 3563 perillum

375 3578 517 3632 facta
549 3587 631 3633 est
667 3577 755 3633 illa
808 3578 976 3633 etiam
1029 3577 1251 3648 antiqua
1307 3580 1632 3652 redemptio.
1659 3583 1725 3638 Et
1778 3585 1954 3654 posita

375 3678 461 3722 est
518 3666 601 3722 lex
665 3667 731 3722 ad
801 3675 1013 3736 tempus
1099 3682 1272 3739 usque
1342 3672 1718 3738 correctionis,
1797 3673 1954 3729 sicuti

376 3760 641 3830 scriptum
702 3766 808 3816 eat.
860 3760 996 3816 Cum
1024 3769 1204 3817 autem
1240 3764 1430 3818 umbra
1481 3763 1630 3819 nullo
1661 3765 1823 3821 modo
1860 3780 1957 3822 nos

370 3850 672 3919 iustiﬁcam
693 3862 900 3923 posset,
962 3853 1139 3910 illuxit
1193 3856 1350 3913 nobis
1401 3855 1455 3910 in
1501 3869 1666 3911 carne
1713 3855 1959 3924 unigeni-

376 3951 492 3997 tum
532 3943 626 3997 Dei
653 3941 913 4010 Verbum,
954 3954 1014 3999 ut
1086 3945 1190 4000 lide
1251 3949 1319 4000 ad
1388 3946 1561 4015 ipsum
1636 3932 1958 4002 accedentes

372 4033 726 4102 justillcaret,
782 4044 885 4089 eta
927 4044 1102 4090 morte
1125 4044 1288 4104 atque
1348 4047 1573 4107 peccato
1615 4037 1876 4093 liberaret
1909 4039 1952 4092 ν.

378 4121 431 4193 5
458 4121 839 4178 Verumtamen
880 4136 1004 4178 eum
1040 4138 1145 4177 non
1198 4124 1347 4179 novit
1410 4122 1575 4179 Israel
1613 4127 1959 4194 quantumvis

380 4225 567 4284 aperte
612 4216 917 4273 dicentem:
967 4234 987 4267 ι
1020 4217 1216 4280 Amen,
1246 4230 1402 4271 amen
1462 4209 1585 4271 dico
1645 4217 1820 4283 vobis,
1866 4220 1956 4288 qui

378 4319 682 4361 sermonem
722 4319 896 4359 meum
923 4305 1092 4371 audit,
1136 4313 1190 4361 et
1217 4305 1392 4361 credit
1438 4306 1487 4360 ei
1533 4307 1621 4376 qui
1658 4307 1805 4363 misit
1846 4322 1956 4373 me,

379 4394 537 4449 hibet
571 4396 737 4450 vitam
785 4405 1066 4463 aeternam,
1119 4405 1174 4451 et
1220 4397 1271 4451 in
1316 4396 1580 4466 judicium
1626 4413 1730 4453 non
1783 4400 1953 4464 venit,

379 4488 473 4538 sed
502 4488 721 4543 transiit
776 4503 843 4543 ex
913 4499 1083 4544 morte
1126 4489 1191 4544 ad
1223 4490 1391 4543 vitam
1421 4528 1436 4544 .
1472 4490 1523 4543 ⁸»

2057 1938 2203 1991 δοσιν
2232 1939 2466 1990 ποιεῖται
2504 1936 2605 2009 τὴν
2652 1936 2928 2000 ὑπόταξιν.
2966 1936 3287 2007 Ἀχθοφορεῖ
3326 1936 3435 2007 γὰρ
3465 1935 3629 2001 ἑκὼν,

2058 2028 2270 2085 καὶτὸν
2306 2027 2398 2082 τοῦ
2429 2027 2688 2082 δεσπότου
2726 2028 3006 2098 μερίζεται
3043 2028 3224 2082 πόνον.
3266 2027 3426 2081 Ἀλλὰ
3469 2028 3629 2082 ταυτὶ

2062 2120 2160 2191 μὲν
2186 2122 2243 2173 ὲν
2269 2119 2501 2183 τούτοις.
2550 2119 2608 2171 Ὀ
2638 2118 2695 2172 δὲ
2723 2119 2886 2188 σοφὸς
2926 2118 3144 2190 Ἰσραὴλ
3172 2120 3232 2171 ὲν
3255 2119 3404 2188 νόμῳ
3430 2119 3631 2172 παιδα-

2057 2208 2427 2279 γωγούμενος,
2459 2209 2555 2261 ἐπὶ
2598 2207 2658 2260 τὸ
2687 2207 2798 2260 δεῖν
2827 2208 3027 2261 εἰδέναι
3074 2210 3136 2261 τὸ
3176 2206 3443 2274 ὠφελοῦν,
3464 2211 3493 2262 6
3532 2209 3632 2279 τὴν

2056 2300 2153 2354 τοῦ
2183 2300 2317 2353 Θεοῦ
2351 2299 2508 2364 δόξαν
2535 2299 2623 2353 διὰ
2653 2298 2865 2352 πολλῶν
2887 2301 2979 2353 καὶ
3010 2298 3359 2368 ἀξιαγάστων
3391 2299 3630 2370 σημείων

2057 2388 2483 2461 ὲκμεμαθηκὼς,
2537 2389 2664 2443 ὄνου
2710 2389 2805 2443 καὶ
2841 2388 2962 2459 βοὸς
2992 2389 3224 2442 κατόπιν
3254 2388 3494 2460 ἔρχεται,
3535 2388 3629 2441 καὶ

2055 2481 2156 2551 τῆς
2197 2482 2304 2533 τῶν
2337 2480 2546 2549 ἀλόγων
2593 2480 2897 2544 ἐπιεικείας
2925 2479 3235 2550 ἡττώμενος
3269 2479 3508 2551 ἠγνόηκε
3536 2477 3627 2531 τὸν

2056 2570 2343 2642 δεσπότην.
2375 2567 2448 2623 Εὖ
2481 2570 2538 2623 δὲ
2569 2569 2634 2642 δὴ
2664 2570 2868 2640 σφόδρα
2900 2570 2981 2633 τὸ,
3009 2570 3110 2622 οὐκ
3150 2569 3312 2638 ἔγνω,
3343 2568 3531 2639 φησὶν,
3562 2568 3624 2620 ού

2060 2661 2311 2730 συνῆκεν.
2338 2658 2530 2713 Καίτοι
2563 2659 2672 2730 γὰρ
2717 2656 3075 2729 μεμαθηκὼς,
3111 2658 3188 2721 ὡς
3219 2657 3378 2729 ἔφην,
3402 2659 3502 2727 τὴν
3531 2656 3627 2710 τοῦ

2056 2751 2192 2805 Θεοῦ
2240 2749 2419 2815 δόξαν,
2457 2751 2553 2804 κα)⁵
2584 2749 2675 2803 διὰ
2697 2749 2759 2802 τὸ
2784 2748 3085 2804 ἀπονεῦσαι
3114 2749 3234 2801 λίαν
3263 2750 3343 2810 είς
3372 2746 3627 2818 ἀχάλινον

2056 2841 2351 2915 ἐκτροπὴν,
2381 2843 2440 2895 ὲν
2470 2842 2571 2913 ίσῳ
2609 2841 2833 2910 γέγονεν
2861 2840 2939 2911 τῷ
2974 2839 3284 2909 ἠγνοηκότι.
3317 2840 3382 2892 El
3413 2838 3520 2910 γὰρ
3553 2838 3626 2909 μὴ

2056 2934 2215 2989 τοῦτό
2256 2936 2405 2988 ἐστιν
2434 2933 2671 3004 ἀληθῶς,
2719 2933 2822 2986 οὐκ
2851 2930 2918 2986 ἂν
2963 2932 3066 3000 ἔφη
3101 2930 3178 3001 τῷ
3211 2929 3368 2996 ξύλῳ,
3424 2947 3444 2980 ι
3496 2928 3629 2991 Θεός

2061 3045 2163 3099 μου
2206 3023 2256 3080 εἶ
2284 3025 2348 3084 σύ
2373 3043 2386 3057 ·
2421 3044 2439 3076 ι
2476 3026 2570 3078 καὶ
2608 3023 2689 3095 τῷ
2731 3023 2865 3094 λίθῳ
2892 3063 2906 3082 .
2944 3041 2963 3073 ι
3007 3025 3079 3079 Σὺ
3132 3019 3427 3091 ὲγὲννησὰς
3474 3036 3561 3090 με.
3603 3037 3623 3071 ι

2058 3118 2220 3172 Ὅθεν
2255 3136 2273 3168 ι
2302 3116 2514 3185 ἐξέστη,
2544 3134 2563 3166 ι
2595 3116 2783 3186 φησιν,
2817 3134 2836 3166 ι
2876 3115 2903 3165 6
2932 3113 3160 3185 οὐρανὸς
3190 3113 3281 3166 ἐπὶ
3313 3112 3509 3182 τούτῳ,
3530 3110 3627 3163 καὶ

2057 3206 2274 3281 ἔφριξεν
2320 3207 2413 3260 ἐπὶ
2454 3207 2637 3260 πλεῖον
2669 3205 2895 3275 σφόδρα,
2928 3204 3073 3273 λέγει
3116 3202 3339 3274 Κύριος.
3379 3203 3501 3255 Ὅτι
3536 3200 3630 3254 δύο

2057 3301 2152 3355 καὶ
2196 3301 2408 3371 πονηρὰ
2436 3298 2689 3368 ἐποίησεν
2714 3298 2742 3350 6
2768 3296 2898 3360 λαός
2954 3313 3055 3365 μου
3077 3334 3093 3357 ,
3137 3294 3237 3365 ἐμὲ
3273 3293 3629 3362 ἐγκατέλιπον

2058 3391 2241 3463 πηγὴν
2285 3390 2475 3452 ὓδατος
2522 3388 2745 3453 ζῶντος,
2797 3386 2892 3440 καὶ
2925 3385 3138 3457 ὤρυξαν
3180 3386 3364 3448 αὐτοῖς
3393 3382 3629 3446 λάκκους

2059 3480 2579 3554 συντετριμμένους,
2611 3479 2661 3532 οἳ
2688 3478 2748 3532 οὐ
2777 3478 3096 3549 δυνήσονται
3129 3475 3274 3545 ὕδωρ
3302 3474 3568 3544 συνέχειν.
3602 3492 3621 3524 ι

2057 3577 2269 3648 Πρέποι
2311 3575 2355 3628 δ’
2407 3572 2472 3627 ἂν
2504 3572 2598 3626 καὶ
2630 3570 2780 3641 αὐτῷ
2813 3569 2890 3642 τῷ
2917 3568 3138 3640 Χριστῷ
3185 3567 3246 3621 τὸ
3291 3567 3455 3635 φάναι
3500 3562 3628 3635 περὶ

2058 3668 2236 3724 αὐτῶν
2290 3667 2372 3733 τὸ,
2416 3664 2633 3739 Ἰσραὴλ
2661 3663 2719 3717 δὲ
2762 3663 2861 3717 οὐκ
2894 3662 3056 3732 ἔγνω,
3088 3661 3180 3714 καὶ
3225 3661 3251 3713 6
3290 3659 3419 3722 λαός
3470 3673 3536 3728 με
3564 3656 3628 3709 οὐ

2059 3764 2313 3833 συνῆκεν.
2362 3760 2558 3829 Γέγονε
2596 3758 2697 3830 μὲν
2722 3758 2832 3831 γὰρ
2861 3757 2956 3812 καὶ
2987 3759 3021 3829 ἡ
3055 3757 3225 3811 πάλαι
3266 3753 3534 3824 λύτρωσις
3561 3748 3628 3801 δι’

2058 3851 2239 3907 αὑτοῦ.
2279 3850 2527 3905 Τέθειται
2552 3849 2609 3902 δὲ
2638 3850 2731 3903 καὶ
2758 3852 2787 3902 6
2808 3851 2974 3919 νόμος
3002 3849 3164 3919 μέχρι
3194 3844 3390 3917 καιροῦ
3407 3839 3632 3913 διορθώ-

2060 3959 2235 4006 σεως,
2271 3939 2415 3993 καθὰ
2467 3940 2799 4010 γέγραπται.
2847 3938 3065 4007 Ἐπειδὴ
3110 3938 3186 3990 δὲ.
3233 3976 3248 3990 .
3293 3977 3306 3990 .
3342 3934 3629 4000 ἀνέφικτον

2056 4033 2296 4089 δικαιοῦν
2328 4033 2476 4103 ἡμᾶς
2505 4029 2767 4083 δύνασθαι
2800 4029 2899 4099 τὴν
2952 4028 3132 4092 σκιὰν,
3181 4025 3449 4093 ὲπέιρανεν
3494 4024 3627 4093 ἡμῖν

2061 4124 2198 4197 μετὰ
2247 4122 2448 4192 σαρκὸς
2479 4123 2508 4174 6
2540 4118 2834 4191 μονογενὴς
2882 4118 2976 4173 τοῦ
3022 4116 3158 4170 Θεοῦ
3205 4117 3396 4183 Λόγος,
3427 4112 3515 4167 ἵνα
3550 4111 3630 4165 δι-

2058 4214 2269 4287 καιώσῃ
2298 4216 2367 4284 τῇ
2398 4212 2578 4267 πίστει
2626 4211 2751 4274 τοὺς
2783 4208 3111 4282 προσιόντας
3144 4205 3315 4276 αὐτῷ,
3340 4206 3434 4258 καὶ
3460 4201 3630 4257 ἀπαλ-

2058 4305 2192 4378 λάξῃ
2235 4305 2469 4360 θανάτου
2518 4304 2615 4358 καὶ
2649 4302 2943 4373 ἁμαρτίας.
2994 4298 3133 4353 Ἀλλ’
3164 4298 3225 4349 οὐ
3260 4296 3491 4364 συνῆκεν
3528 4294 3628 4347 αὐ-

2057 4400 2149 4453 τὸν
2172 4397 2453 4470 ὀἸσραὴλ,
2489 4395 2668 4450 καίτοι
2693 4394 2944 4463 λέγοντος
2970 4390 3188 4459 σαφῶς⁸
3213 4408 3232 4440 ι
3256 4388 3447 4459 Ἀμὴν,
3481 4386 3628 4456 ἀμὴν

1996 4488 2040 4543 D
2063 4490 2209 4559 λέγω
2237 4490 2401 4559 ὑμῖν,
2441 4489 2470 4540 6
2507 4488 2598 4541 τὸν
2639 4486 2794 4555 λόγον
2843 4501 2942 4555 μου
2989 4482 3203 4537 ἀκούων
3238 4481 3330 4534 καὶ
3359 4476 3630 4532 πιστεύων

378 4577 457 4649 τῷ
495 4579 769 4650 πέμψαντί
801 4598 889 4653 με,
918 4581 1029 4652 ἔχει
1058 4583 1203 4655 ζωὴν
1248 4583 1482 4650 αἰώνιον,
1515 4585 1607 4639 καὶ
1647 4587 1725 4652 είς
1779 4585 1961 4663 κρίσιν
1998 4588 2098 4641 οὐκ
2125 4585 2362 4657 ἔρχεται,
2410 4582 2547 4636 ἀλλὰ
2615 4580 2991 4652 μεταϐέϐηκεν
3024 4580 3088 4632 ἐκ
3127 4575 3219 4631 τοῦ
3280 4574 3512 4629 θανάτου
3552 4574 3631 4637 είς

378 4673 477 4742 τὴν
507 4672 671 4746 ζωήν.
705 4694 724 4728 ι

454 4769 615 4822 Vens.
639 4769 694 4823 4.
714 4767 808 4825 Va:
823 4786 945 4840 gens
974 4774 1259 4840 peccatrix,
1274 4775 1495 4841 populus
1511 4775 1691 4844 plenus
1710 4774 1954 4845 peccatis,

378 4876 551 4914 semen
575 4876 814 4932 nequam,
846 4862 947 4930 ﬁlii
981 4863 1204 4929 scelesti,
1257 4864 1607 4936 dereliquistis
1652 4866 1954 4933 Dominum,

378 4959 427 5005 et
457 4952 757 5006 concitasti:
792 4952 862 5005 ad
888 4954 1218 5008 iracundiam
1243 4953 1497 5010 Sanctum
1515 4956 1702 5011 Israel.

448 5042 674 5116 Repudii
693 5044 850 5100 modo
878 5047 1077 5115 optime
1085 5047 1196 5116 jam
1220 5047 1482 5117 exposito,
1514 5058 1567 5104 et
1596 5049 1960 5119 magnitudine

376 5134 549 5190 bruta:
573 5150 757 5190 eorum
787 5134 1103 5190 insulsitatis
1146 5136 1528 5201 demonstrata,
1561 5137 1817 5192 transfert
1844 5150 1956 5193 sta-

378 5225 476 5278 tim
511 5227 805 5282 orationem
838 5225 1032 5295 partim
1089 5226 1154 5281 ad
1194 5241 1381 5282 eorum
1408 5228 1639 5283 miseriae
1687 5228 1949 5299 pradica-

379 5313 600 5379 tiouem,
636 5320 832 5385 partim
865 5319 930 5372 ad
984 5317 1393 5371 territatiouem.
1446 5318 1610 5374 Decet
1646 5319 1812 5381 enim,
1838 5318 1954 5386 opi-

377 5419 501 5466 nor,
536 5404 589 5456 iu
616 5408 804 5474 primis
838 5422 1122 5478 personam
1148 5408 1440 5478 prophetat,
1481 5416 1688 5463 tantum
1730 5423 1955 5463 noneos

378 5494 679 5564 deplorare,
706 5507 763 5550 et
798 5513 865 5552 ex
898 5499 1163 5555 immenso
1203 5501 1317 5554 zelo
1347 5499 1565 5569 pietatis
1596 5501 1876 5569 insurgere
1890 5512 1955 5554 ac

379 5585 597 5642 dicere:
637 5586 723 5641 Va:
744 5589 891 5657 genti
922 5591 1200 5660 improbat,
1223 5590 1421 5661 populo
1445 5592 1590 5645 vitiis
1621 5599 1838 5654 onusto,
1868 5602 1956 5644 se-

1508 5684 1563 5709 ς

450 5741 697 5805 ‘Jcrem.
728 5760 787 5813 tt,
826 5746 888 5801 ιε
917 5760 1029 5816 seq.
1106 5748 1127 5779 ⁷
1162 5746 1322 5802 llebr.
1365 5765 1439 5813 ix,
1474 5750 1563 5804 ΑΟ.

1642 5750 1661 5777 ⁸
1691 5746 1846 5806 Joan.
1882 5760 1930 5812 v,
1963 5744 2034 5803 24

2127 4770 2270 4824 οὐαὶ
2297 4770 2472 4832 ἔθνος
2485 4762 2851 4834 ἁμαρτωλὸν,
2868 4762 3021 4829 λαὸς
3041 4764 3281 4831 πλήρης
3310 4764 3628 4834 ἁμαρτιῶν.

2052 4861 2289 4930 σπέρμα
2315 4857 2602 4925 πονηρὸν,
2634 4854 2747 4909 υἱοί
2777 4852 3011 4923 ἄνομοι⁸
3060 4855 3511 4924 (iratam/teletam
3527 4856 3632 4909 τὸν

2053 4954 2289 5021 Κύριον,
2312 4950 2411 5005 καὶ
2442 4947 2851 5017 παρωργίσατε
2870 4945 2977 5000 τὸν
2998 4946 3200 5017 "Agnor-
3228 4948 3333 5002 τοῦ
3362 4945 3625 5015 Ἰσραήλ.

2126 5046 2228 5099 Τὸν
2248 5045 2345 5115 τῆς
2377 5041 2684 5111 ἁθετήσεως
2728 5039 2928 5110 τρόπον
2981 5034 3041 5094 εὖ
3085 5040 3228 5111 μάλα
3276 5037 3624 5108 διηγγελκὼς,

2058 5136 2153 5190 καὶ
2190 5137 2288 5206 τῆς
2319 5131 2545 5202 ἐνούσης
2582 5130 2765 5195 αὐτοῖς
2796 5130 3019 5201 ἀλογίας
3073 5130 3400 5204 παραδείξας
3444 5126 3505 5178 τὸ
3537 5123 3630 5194 μέ-

2056 5229 2233 5299 γεθος,
2274 5226 2556 5297 μεθίστησι
2595 5226 2936 5296 παραχρῆμα
2977 5226 3069 5278 τὸν
3111 5225 3285 5290 λόγον,
3334 5217 3491 5270 τοῦτο
3531 5217 3637 5286 μὲν

2056 5321 2135 5384 εἰς
2189 5316 2515 5387 ταλανισμδν
2571 5318 2658 5370 ἐπ’
2709 5317 2893 5378 αὐτοῖς
2934 5313 3195 5385 δηλονότι,
3250 5307 3409 5360 τοῦτο
3449 5306 3494 5359 δ’
3561 5300 3629 5361 αὖ

2057 5410 2217 5464 πάλιν
2249 5408 2384 5481 πρὸς
2405 5407 2714 5479 ἐπίπληξιν.
2742 5407 2945 5478 Πρέποι
2979 5404 3023 5456 δ’
3052 5402 3140 5465 ἂν,
3175 5395 3349 5468 οἶμαι,
3393 5396 3472 5469 τῷ
3498 5414 3632 5469 προσ

2059 5498 2273 5569 φητικῷ
2327 5496 2606 5569 προσώπῳ
2658 5495 2890 5567 μάλιστα
2953 5491 3014 5544 τὸ
3104 5486 3387 5558 μονονουχὶ
3440 5503 3630 5541 κατοι-

2061 5587 2265 5658 μώζειν
2308 5587 2525 5651 αὐτοὺς,
2578 5586 2668 5640 καὶ
2699 5587 2762 5640 ὲκ
2791 5581 2990 5653 πολλῆς
3029 5578 3168 5647 ἄγαν
3196 5576 3473 5647 φιλοθείας
3504 5589 3653 5631 κατ·-
