4032 6214
369 314 444 375 .3
1368 324 1428 379 S.
1467 321 1739 380 CYBILLI
1781 319 2247 380 ALEXANDRlNl
2288 320 2607 377 ARCIIIEP.
3554 323 3628 378 24

376 437 544 498 Pedes
566 439 780 496 demum
824 455 915 496 eos
935 454 1053 496 esse
1080 440 1174 508 ait,
1207 442 1297 511 qui
1316 442 1369 498 in
1398 444 1685 513 postremis
1713 450 1865 507 sunt,
1890 451 1936 498 el

2051 441 2252 513 κρίσιν,
2310 440 2404 495 καὶ
2465 440 2629 512 νόμον
2689 438 3082 509 ίκζητήσουσιν
3136 440 3203 493 ὲκ
3246 436 3511 510 στόματος
3534 439 3628 494 a6-

374 536 464 597 qui
503 540 752 601 tanquam
778 532 1014 587 infimam
1042 532 1095 587 in
1128 532 1322 603 populo
1360 536 1644 591 stationem
1680 535 1944 590 obtinent.

375 620 604 677 Proinde
633 638 755 678 cum
785 633 924 677 terra
948 620 1168 679 Iudaica
1196 625 1531 682 calamitates
1568 641 1670 681 non
1702 624 1949 683 ferendas

377 713 753 779 sustinuisset,
791 714 1238 783 depopulantibus
1275 729 1393 770 eam
1431 731 1575 772 nunc
1608 715 1945 787 Babyloniis.

380 818 521 858 nunc
538 803 777 859 ﬁnitimis
791 806 1061 875 gentibus,
1075 816 1130 861 et
1145 816 1363 877 propter
1379 807 1704 879 impietatem
1722 808 1775 862 in
1793 808 1950 863 Chri-

377 904 543 958 stum,
567 895 930 953 Romanorum
952 898 1198 955 manibus
1212 908 1357 956 esset
1387 900 1800 966 concremanda,
1824 914 1945 955 cum

376 1001 561 1042 eorum
589 988 751 1041 etiam
802 1002 1021 1058 regnum
1039 991 1389 1046 evertendum
1418 999 1584 1057 esset,
1613 989 1947 1063 (alienigena:

375 1080 519 1135 etaim
540 1095 633 1136 eos
667 1080 1012 1151 subegerunt)
1039 1097 1268 1153 cumque
1292 1082 1580 1141 sacerdotii
1605 1084 1784 1138 munia
1802 1083 1945 1152 apud

374 1186 467 1224 eos
499 1177 792 1236 cessarent,
827 1170 1107 1225 sacrificiis
1153 1170 1445 1237 subversis,
1495 1172 1695 1240 templo
1732 1170 1945 1227 sublato

375 1274 478 1314 non
525 1248 1032 1334 aris'iti'imntibus.
1059 1276 1163 1316 non
1199 1263 1520 1328 sacerdotio,
1547 1263 1676 1319 “non
1701 1264 1945 1319 declara-

375 1349 628 1415 tionibus,
669 1350 823 1419 juxta
851 1350 1128 1420 propheta:
1175 1365 1386 1417 vocem,
1427 1352 1554 1406 hinc
1597 1353 1774 1407 dicit:
1806 1352 1945 1418 Quid

371 1440 744 1507 percutiamiui
768 1439 931 1507 ultra,
964 1442 1225 1497 addentes
1260 1442 1640 1512 iniquitatem?
1679 1441 1942 1498 lnllictum

368 1543 473 1597 est,
503 1532 697 1603 inquit,
727 1533 877 1588 vobis
907 1547 1068 1588 omne
1083 1547 1252 1603 genus
1276 1533 1368 1588 iam
1394 1543 1449 1589 et
1481 1534 1725 1605 supplicii
1758 1551 1787 1588 a
1813 1535 1942 1602 Deo,

369 1626 515 1681 diras
558 1625 947 1694 continuasque
983 1624 1117 1681 alias
1166 1639 1330 1694 super
1371 1627 1509 1682 alias
1554 1640 1744 1694 pmnas
1778 1627 1945 1697 depo-

369 1724 554 1772 scente
588 1734 603 1770 :
643 1715 694 1786 7
743 1715 906 1770 nibilo
940 1726 1116 1771 tamen
1161 1720 1337 1771 minus
1363 1725 1759 1787 contemptores
1786 1718 1941 1782 estis,

2048 534 2163 588 τοῦ.
2200 552 2218 587 ι
2245 533 2418 596 Πόδας
2441 532 2497 586 δὲ
2527 528 2665 586 εἷναί
2694 548 2825 602 φησι
2850 531 2974 594 τοὺς
3005 532 3063 584 ἂν
3091 530 3360 601 ἐσχάτοις,
3390 529 3484 584 καὶ
3521 525 3634 585 οἷον
3746 560 3753 567 ψ

2049 625 2348 679 κατωτάτω
2392 623 2656 692 λαχόντας
2701 621 2859 687 τάξιν
2911 623 2970 676 ἐν
3017 623 3131 684 τοῖς
3187 622 3360 684 λαοῖς.
3419 620 3634 675 Οὐκοῦν

2047 715 2341 788 ἐπειδήπερ
2387 714 2664 768 δύσοιστον
2710 712 2812 784 μὲν
2880 713 2982 785 ἤδη
3036 711 3412 782 ταλαιπωρίαν
3455 711 3633 783 ἡτῶν

2060 806 2330 862 Ἰουδαίων
2360 806 2751 877 ύπομεμένηκε
2764 804 2864 874 γῆ,
2892 803 3307 877 καταδηούντων
3327 801 3516 874 αὐτὴν,
3542 801 3632 856 ὅτι

2050 899 2150 970 μὲν
2207 897 2584 965 Βαϐυλωνίων,
2640 897 2730 950 ὅτε
2790 896 2847 950 δὲ
2902 896 3011 949 τῶν
3061 894 3371 966 προσοίκων
3435 896 3630 958 ὲθνῶν,

2046 990 2238 1063 ἔμελλε
2287 988 2782 1061 καταπίμπρασθαι
2813 990 2934 1052 ταῖς
2971 987 3255 1058 Ῥωμαίων
3311 987 3501 1057 χερσὶν
3542 986 3632 1039 διὰ

2044 1083 2144 1154 τὴν
2174 1083 2256 1146 είς
2283 1082 2517 1153 Χριστὸν
2546 1080 2820 1145 ἀσέϐειαν,
2855 1079 2951 1132 καὶ
3000 1076 3482 1149 ἀνατραπήσεσοαι
3532 1078 3632 1146 μὲν

2044 1174 2236 1247 llr-49'
2293 1175 2477 1239 αὐτοῖς
2532 1170 2803 1243 βασιλεία,
2858 1170 3236 1240 κεκρατήκασι
3286 1167 3395 1237 γάρ
3449 1167 3630 1221 αὐτῶν

2045 1263 2382 1334 άλλογενεῖς,
2448 1263 2831 1335 ἀπρακτήσειν
2877 1260 2936 1315 δὲ
2983 1261 3115 1331 παρ’
3166 1260 3373 1324 αὐτοῖς,
3417 1260 3511 1312 καὶ
3557 1258 3630 1314 τὰ

2042 1352 2144 1424 τῆς
2169 1351 2470 1423 ἱερωσύνης
2508 1352 2666 1423 ἔργα,
2695 1352 2893 1407 θυσιῶν
2936 1348 3455 1421 άνατετραμμένων,
3496 1348 3631 1403 καθα

2045 1444 2325 1516 ῃρημένου
2362 1443 2457 1498 τοῦ
2507 1443 2658 1508 ναοῦ,
2694 1441 3097 1513 θυσιαστηρίων
3128 1442 3230 1495 οὐκ
3273 1440 3466 1504 ὄντων,
3505 1436 3628 1493 οὔτε

2048 1535 2339 1607 ίερατείας,
2362 1534 2486 1589 οὔτε
2511 1534 2706 1602 δήλων,
2748 1532 2892 1589 κατὰ
2924 1533 3027 1604 τὴν
3069 1532 3163 1586 τοῦ
3203 1532 3483 1602 προφήτου
3513 1547 3627 1599 φω-

2044 1627 2163 1699 νὴν,
2210 1625 2381 1695 ταύτῃ
2417 1625 2500 1679 τοί
2550 1640 2707 1696 φησι,
2726 1625 2790 1680 Τί
2834 1624 2916 1680 ἔτι
2955 1624 3202 1695 πληγῆτε
3245 1619 3630 1693 προστιθέντες

2045 1719 2278 1789 ἀνομίαν
2303 1734 2317 1782 ;
2346 1717 2724 1789 ἐπενήνικται,
2747 1716 2933 1787 φησιν,
2964 1716 3094 1785 ὑμῖν
3123 1717 3233 1769 πᾶν
3262 1709 3402 1776 εἶδος
3434 1712 3628 1783 ὀργῆς,

371 1817 429 1864 et
456 1781 1006 1876 alumni—iniquitatis.
1031 1807 1172 1877 Ergo
1195 1807 1322 1877 quid
1351 1781 1722 1877 perctttiemini
1760 1781 1936 1863 ultral

2047 1781 2160 1866 xui.
2192 1781 2347 1865 αἰκία
2397 1781 2548 1881 παρὰ
2586 1781 3017 1880 Θεοῦίσκληράς
3059 1808 3156 1861 καὶ
3194 1781 3630 1876 ἀλλεπαλλῆλους

366 1913 613 1970 quaenam
637 1900 857 1954 ultionis
887 1914 1140 1954 mensura
1167 1899 1321 1954 vobis
1357 1900 1462 1953 erit
1490 1900 1622 1954 satis
1653 1899 1719 1955 ad
1749 1914 1938 1954 emen—

366 1992 685 2048 dationem?
723 1991 780 2046 ln
803 2006 1012 2047 summa
1043 2004 1165 2060 quae
1193 1990 1486 2053 acerbitas,
1511 2005 1630 2060 quae
1661 1989 1940 2046 calamitas

368 2083 552 2139 inferri
583 2082 773 2152 possit,
811 2096 930 2152 quae
957 2080 1071 2149 jam
1112 2095 1218 2137 non
1258 2081 1493 2136 accidit?
1542 2081 1716 2137 Omne
1778 2092 1941 2150 caput

367 2175 533 2243 dolet,
562 2188 723 2231 omne
757 2188 851 2228 cor
888 2181 1102 2240 moeret,
1146 2188 1177 2225 a
1219 2173 1448 2242 pedibus
1474 2174 1541 2229 ad
1565 2183 1723 2244 caput
1745 2189 1934 2245 usque.

366 2266 577 2322 Etenim
593 2267 684 2336 qui
706 2266 852 2336 regia
880 2265 1142 2336 dignitate
1166 2265 1460 2335 pollebant,
1485 2265 1763 2325 laboribus
1790 2266 1931 2321 haud

368 2374 556 2417 narum
588 2358 1009 2424 alilictaliantur,
1041 2373 1164 2413 cum
1205 2360 1271 2414 ad
1301 2359 1661 2415 resistendum
1700 2361 1935 2430 impres-

368 2450 613 2507 sionibus
633 2452 874 2508 hostium
896 2467 1054 2523 pares
1076 2466 1186 2507 non
1213 2459 1425 2508 essent.
1453 2451 1779 2508 Sacerdotes
1802 2454 1933 2508 item

367 2544 561 2599 dolore
588 2543 774 2598 aﬂ‘ecti
805 2543 1101 2613 alilictique
1128 2549 1257 2598 sunt
1293 2542 1519 2606 abolito,
1544 2550 1606 2597 ut
1658 2540 1931 2607 dixeram,

367 2630 660 2685 sacriﬁcio.
696 2628 871 2685 Pedes
893 2646 1132 2700 quoque,
1180 2628 1287 2686 hoc
1318 2640 1423 2696 est,
1454 2631 1684 2686 extremi
1752 2630 1933 2686 homi-

372 2738 469 2777 nes
509 2732 566 2776 et
619 2722 795 2777 intimi
851 2721 1319 2793 percutiebantur,
1355 2731 1462 2777 tam
1521 2722 1706 2780 hostili
1755 2722 1935 2790 gladio

366 2796 615 2875 concisi?
628 2827 790 2881 quam
823 2811 965 2866 fame
996 2818 1052 2866 et
1071 2810 1361 2867 sterilitate
1385 2811 1598 2877 domiti,
1625 2821 1683 2867 et
1706 2812 1759 2867 in
1782 2826 1933 2867 sum-

366 2918 470 2961 mae
493 2903 730 2959 miseriae
749 2903 1043 2959 discrimen
1069 2903 1312 2960 adducti.
1371 2904 1517 2960 Dicit
1552 2904 1736 2976 itaque
1766 2921 1783 2963 :
1812 2905 1932 2961 Non

364 3006 450 3052 est
490 2997 711 3060 vulnus,
746 2996 907 3063 livor,
936 2995 1091 3067 plaga
1120 3005 1361 3064 tumens,
1417 3012 1523 3054 nec
1554 3007 1640 3054 est
1669 2998 1934 3069 malagma

361 3086 504 3188 quod
536 3101 796 3158 appouas,
845 3103 950 3188 non
975 3087 1177 3188 oleum,
1210 3102 1317 3143 non
1352 3087 1676 3159 alligatum.
1705 3090 1932 3158 Quando
1962 3129 2004 3188 ο

364 3178 574 3243 scilicet
599 3180 822 3234 modicae
881 3179 1052 3250 plaga:
1080 3179 1379 3233 humanum
1410 3194 1611 3252 corpus
1658 3182 1932 3249 infestant,

361 3279 416 3325 ut
455 3285 618 3325 unum
669 3272 1040 3328 tantummodo
1099 3274 1400 3329 membrum
1474 3274 1711 3343 pervasit
1751 3274 1932 3339 ltesio;

365 3374 493 3417 tunc
544 3362 837 3420 moderatae
890 3366 1201 3422 curationes
1248 3380 1433 3422 eorum
1468 3367 1559 3435 qui
1609 3365 1686 3421 rei
1717 3364 1936 3420 medicae

361 3455 514 3522 gnari
549 3462 692 3520 sunt,
723 3463 848 3524 puta
880 3454 1178 3527 malagmaf,
1213 3456 1525 3528 ligamenta,
1561 3467 1617 3513 et
1651 3456 1755 3512 olei
1789 3456 1935 3512 inuno

359 3542 469 3598 ctio
505 3553 790 3601 contentas
816 3557 995 3616 partes
1025 3563 1089 3604 ac
1115 3549 1317 3619 rigidas
1347 3548 1643 3615 resolvens,
1681 3563 1805 3606 esse
1840 3565 1934 3620 po-

361 3625 541 3689 terunt
565 3635 702 3689 usui.
743 3634 875 3691 Cum
917 3645 1095 3695 autem
1136 3653 1336 3709 corpus
1374 3646 1544 3693 totum
1618 3648 1933 3707 corruptum

357 3736 464 3794 est,
498 3728 792 3797 ’quodnam
843 3731 1148 3787 curationis
1183 3746 1352 3801 genus
1393 3731 1673 3803 proderit?
1704 3732 1936 3801 Superat

359 3818 504 3873 enim
546 3836 762 3887 qmnem
819 3823 1183 3879 remediorum
1233 3823 1341 3878 vim
1382 3838 1447 3878 ac
1500 3822 1755 3879 virtutem
1788 3822 1935 3879 artis

359 3911 673 3979 magnitudo
716 3913 911 3968 morbi.
964 3914 1152 3984 itaque
1211 3915 1437 3985 populus
1500 3913 1758 3972 Iudaicus
1817 3915 1929 3984 jam

358 4004 737 4062 consauciatus
787 4007 972 4061 sanari
1041 4021 1146 4061 non
1208 4015 1384 4074 potest
1433 4022 1448 4059 :
1519 4016 1574 4061 et
1618 4006 1932 4062 inveteratis

360 4095 566 4151 morbis
603 4112 724 4152 cum
754 4097 964 4154 laboret
1013 4096 1448 4163 intolerabiliter,
1492 4111 1591 4152 nec
1620 4097 1727 4151 ullo
1771 4098 1933 4153 modo

358 4188 406 4242 ei
438 4190 679 4244 succurri
708 4190 897 4260 possit,
925 4189 1144 4245 omnino
1162 4189 1343 4260 periit.
1375 4189 1523 4245 Unde
1547 4189 1780 4245 etdivini
1805 4203 1922 4259 pro-

358 4282 531 4343 pheta:
554 4280 808 4336 dixerunt
842 4300 856 4337 :
908 4298 929 4333 ι
961 4281 1283 4336 Curavimus
1320 4280 1672 4353 Babylonem,
1703 4295 1811 4337 non
1843 4289 1931 4336 est

356 4382 568 4441 sanata,
618 4373 952 4431 deseruimus
1013 4389 1133 4428 eam
1188 4375 1251 4430 “.
1287 4392 1308 4428 ι
1343 4372 1606 4444 Babyloni
1662 4372 1928 4443 siquidem

2045 1901 2308 1976 ὲξῄτησθε
2375 1903 2551 1967 δίκας,
2581 1900 2694 1955 ἀλλ’
2726 1899 2879 1954 οὐδὲν
2922 1893 3085 1971 ἦττον
3123 1899 3246 1953 tm
3286 1913 3634 1969 καταφρονη-

2043 1994 2135 2048 ταὶ
2208 1992 2302 2047 καὶ
2357 1992 2588 2062 ἀνομίας
2636 1990 2945 2063 σύντροφοι.
2988 1989 3055 2043 Τί
3103 1984 3199 2043 οὖν
3227 1988 3308 2041 ἔτι
3343 1986 3627 2056 πληγῆτες

2046 2088 2196 2140 ποῖον
2219 2085 2347 2155 ὑμῖν
2383 2083 2567 2146 αίκίας
2596 2082 2820 2154 ἀρκέσει
2856 2082 3057 2153 μέτρον
3097 2081 3178 2143 είς
3215 2077 3626 2150 ὲπανόρθωσιν;

2043 2178 2097 2231 τί
2148 2176 2203 2229 δὲ
2237 2175 2375 2239 ὅλως
2432 2173 2853 2244 ἔπενεχθήσεται
2891 2173 3001 2226 τῶν
3054 2170 3264 2234 δεινῶν,
3299 2170 3328 2223 ὃ
3382 2170 3456 2240 μή
3511 2184 3630 2232 πως

2045 2266 2426 2339 συμϐέϐηκενς
2488 2266 2638 2319 πᾶσα
2693 2264 2903 2335 κεφαλὴ
2957 2264 3038 2326 τίς
3090 2263 3272 2325 πόνον,
3329 2261 3426 2315 καὶ
3475 2261 3628 2315 πᾶσα

2042 2358 2238 2430 καρδία
2263 2359 2344 2421 εἰς
2372 2356 2550 2426 λύπην
2595 2354 2703 2409 ἀπὸ
2755 2354 2931 2409 ποδῶν
2962 2353 3071 2418 ἓως
3111 2351 3371 2422 κεφαλῆς.
3424 2351 3485 2402 Οί
3529 2347 3627 2419 μὲν

2040 2449 2152 2520 γάρ
2195 2449 2295 2521 τὴν
2346 2448 2594 2519 βασιλίδα
2632 2447 2796 2518 τιμὴν
2850 2445 3105 2517 λαχόντες
3144 2445 3513 2511 πεπονηκασιν
3559 2441 3624 2493 ού

2043 2538 2300 2610 μετρίως,
2344 2538 2618 2606 ἀντισχεῖν
2659 2536 2759 2589 οὐκ
2805 2533 3020 2605 ἔχοντες
3063 2536 3181 2597 ταῖς
3208 2531 3317 2587 τῶν
3349 2529 3624 2600 πολεμίων

2040 2628 2319 2700 ἐμϐολαῖς.
2372 2627 2713 2697 Δελύπηνται
2765 2628 2862 2679 καὶ
2913 2627 2964 2680 οἱ
3020 2627 3186 2697 ίερεῐς
3231 2621 3507 2695 ἀργούσης
3548 2621 3625 2685 ὡς

2040 2718 2175 2789 ἔφην
2210 2716 2420 2782 θυσίας.
2463 2716 2821 2787 Ἐπλήττοντο
2841 2716 2898 2770 δὲ
2923 2716 3016 2770 καὶ
3045 2716 3095 2769 oi
3120 2714 3300 2778 πόδες,
3342 2713 3622 2767 τουτέστιν

2038 2809 2089 2861 oi
2126 2807 2425 2860 τελευταῖοι
2464 2805 2557 2860 καὶ
2607 2804 2930 2859 κατώτατοι.
2990 2804 3160 2857 Τοῦτο
3227 2803 3324 2873 μὲν
3368 2804 3478 2864 τοῖς
3514 2800 3623 2856 τῶν

2039 2898 2314 2969 πολεμίων
2348 2897 2527 2966 ξίφεσι
2565 2895 2966 2967 δαπανώμενοι,
3007 2895 3166 2949 τοῦτο
3214 2894 3273 2948 δὲ
3322 2893 3419 2947 καὶ
3443 2891 3622 2962 λιμοῑς

2038 3007 2099 3044 τε
2129 2990 2223 3045 καὶ
2260 2989 2563 3063 ἀκαρπίαις
2591 2987 3083 3060 κατατρυχόμενοι,
3110 2986 3204 3039 καὶ⁵
3245 2985 3342 3055 τῆς
3380 2983 3621 3055 ἀκράτου

2036 3081 2409 3152 ταλαιπωρίας
2444 3082 2522 3146 είς
2564 3082 2761 3152 πεῖραν
2796 3077 3168 3150 ὲνηνεγμένοι.
3200 3074 3490 3145 Τοιγάρτοι
3518 3088 3620 3143 φη-

2039 3172 2145 3237 σὶν,
2169 3173 2279 3229 Ούκ
2311 3172 2424 3226 ἔστι
2467 3172 2731 3243 μάλαγμα
2769 3169 3057 3235 ἐπιθεῖναι,
3107 3166 3218 3222 οὔτ’
3262 3166 3462 3232 ἔλαιον,
3498 3162 3621 3220 οὖτα

2036 3262 2435 3334 καταδέσμους.
2485 3262 2601 3315 ’¹Οτ⁹
2629 3260 2695 3316 ἂν
2749 3262 2845 3333 μὲν
2878 3259 2988 3334 γὰρ
3035 3256 3338 3330 σύμμετροί
3374 3273 3517 3320 τινες
3542 3254 3623 3326 τῷ

2036 3352 2363 3424 ἀνθρωπίνῳ
2411 3352 2623 3424 σώματι
2676 3352 3015 3423 συμϐαίνωσι
3068 3350 3293 3421 πληγαὶ,
3338 3348 3435 3402 καὶ
3497 3345 3621 3402 καθ’

2036 3444 2154 3508 ἑνὸς
2189 3445 2258 3499 ίοι
2303 3444 2494 3516 μέλους
2553 3444 2590 3515 ἡ
2635 3441 2835 3514 βλάϐη,
2879 3440 3200 3514 τοτηνικάδε
3243 3439 3490 3510 χρήσιμα
3519 3437 3619 3509 τῆς

2034 3536 2144 3591 τῶν
2170 3535 2527 3606 θεραπεύσειν
2575 3536 2791 3589 εἰδότων
2842 3531 3143 3595 ἐπιεικείας
3190 3530 3259 3583 τά
3305 3531 3613 3601 εὑρήματα,

2034 3624 2146 3684 οἷον
2193 3629 2478 3700 μάλαγμα,
2515 3627 2610 3683 καὶ
2653 3625 3003 3696 κατάδεσμοι,
3062 3624 3157 3678 καὶ⁸
3212 3622 3392 3677 ἐλαίου
3438 3620 3616 3692 χρίσις

2035 3720 2248 3792 χολῶσα
2297 3720 2366 3775 τά
2389 3719 2790 3789 συντεινόμενα.
2816 3719 2983 3772 Ὅταν
3027 3715 3085 3770 δὲ
3118 3715 3186 3769 δι’
3212 3715 3332 3771 ὅλον
3366 3713 3427 3768 τὸ
3459 3710 3620 3782 σῶμα

2034 3812 2185 3882 νοσῇ,
2216 3810 2309 3865 καὶ
2335 3809 2419 3879 ἐφ’
2449 3808 2626 3879 ἑαυτῷ
2675 3807 3127 3880 καταφθείρηται,
3170 3807 3321 3870 ποῖος
3354 3802 3502 3874 αὐτῷ
3530 3802 3620 3855 θε-

2038 3902 2267 3972 ραπείας
2301 3901 2510 3971 ὀνίνησι
2557 3898 2798 3969 τρόπος;
2831 3900 2958 3968 νικᾷ
3011 3898 3122 3967 γάρ
3169 3900 3386 3960 πάντως
3422 3896 3533 3949 τῶν
3554 3897 3618 3948 ἐκ

2031 3992 2228 4063 τέχνης
2283 3989 2741 4061 ἐπικουρημάτων
2796 3988 2895 4058 τὴν
2927 3986 3176 4057 δύναμιν,
3218 3988 3317 4055 τῆς
3356 3986 3510 4039 νόσου
3548 3984 3611 4035 τὸ

2037 4082 2287 4155 μέγεθος.
2333 4079 2577 4143 Ἀνίατος
2609 4076 2897 4150 τοιγαροῦν
2938 4078 2973 4146 ὴ
3011 4074 3121 4128 τῶν
3167 4073 3436 4128 Ἰουδαίων
3478 4072 3615 4140 πλη-

2033 4175 2131 4239 θὺς
2163 4171 2532 4245 περιπεσοῦσα
2559 4169 2891 4244 τραύμασιν,
2939 4167 3032 4221 καὶ
3067 4165 3357 4236 ἀφορήτως
3385 4161 3615 4216 νοσοῦσα

2032 4266 2103 4320 τά
2142 4264 2200 4331 ἐξ
2243 4264 2435 4336 ὀργῆς,
2470 4261 2748 4317 ἀπόλωλεν
2781 4258 3111 4332 όλοτρόπως,
3158 4255 3388 4326 μηδενὸς
3429 4254 3612 4317 αὐτοῖς

2035 4358 2398 4431 βοηθήσαντος
2423 4356 2645 4428 τρόπον.
2687 4351 2976 4421 Τοιγάρτοι
3014 4348 3249 4419 ἔφασκον
3296 4354 3391 4400 και
3437 4347 3487 4399 oi
3531 4345 3614 4398 θε-

357 4466 597 4547 gentium
632 4466 774 4532 urbi;
815 4475 873 4521 et
922 4466 1037 4523 haec
1084 4468 1214 4523 urbs
1253 4467 1379 4521 licet
1422 4476 1609 4523 sancta
1643 4465 1785 4520 dicta
1833 4464 1923 4527 sit,

2038 4450 2245 4503 σπέσιοι
2301 4450 2611 4519 προφῆται’
2674 4464 2693 4496 ι
2740 4440 3131 4511 Ἰατρεύσαμεν
3164 4437 3263 4509 τὴν
3293 4435 3609 4500 Βαϐυλῶνα,

2098 4540 2403 4547 -
2533 4540 2545 4547 .
2733 4536 2813 4547 ..
3089 4532 3171 4547 ..
3328 4527 3603 4547 ns.--

356 4566 581 4628 propter
624 4557 958 4626 impietatem
993 4558 1045 4612 in
1070 4557 1347 4612 Christum
1400 4557 1653 4621 maxime,
1694 4564 1749 4611 et
1802 4555 1926 4624 quia

360 4664 481 4703 eam
544 4648 871 4704 manufactis
928 4648 1297 4717 oppleverunt,
1341 4656 1646 4719 comparata
1676 4654 1760 4701 est
1795 4663 1810 4700 :
1844 4656 1928 4701 ut-

354 4751 479 4811 pote
511 4755 630 4796 cum
657 4757 687 4797 a
715 4741 1103 4797 consuetudine
1126 4741 1482 4811 institutoque
1512 4739 1926 4812 Babyloniorum

356 4831 670 4899 neutiquam
700 4831 1016 4884 recederet:
1052 4844 1176 4899 quae
1218 4831 1359 4887 dicta
1410 4843 1497 4886 est
1541 4832 1703 4887 etiam
1734 4832 1929 4888 civitas

355 4922 705 4994 sculptilium.

422 5081 587 5138 Vens.
623 5081 675 5136 7.
718 5079 880 5136 Terra
932 5092 1098 5139 uestra
1157 5079 1383 5147 deserta,
1440 5085 1678 5139 civitates
1741 5094 1925 5140 uestra:

353 5174 463 5243 igni
495 5183 739 5228 cremata
782 5181 926 5239 ειιηι,
980 5173 1233 5243 regionem
1285 5185 1518 5229 nostram
1559 5176 1614 5229 in
1643 5185 1923 5245 conspectu

356 5276 520 5319 rastro
545 5265 701 5321 alieni
731 5267 1002 5321 devorant.
1046 5266 1115 5321 Et
1144 5274 1344 5321 vastata
1379 5277 1476 5331 est,
1505 5282 1684 5323 eversa
1705 5284 1736 5322 a
1765 5283 1925 5336 papu-

351 5357 416 5412 lis
446 5357 652 5413 alienis.

421 5448 573 5518 Quod
629 5451 831 5505 dictum
867 5451 1148 5507 videbatur
1181 5451 1578 5524 quodammodo
1616 5451 1920 5518 obscurius,

351 5554 514 5610 quam
562 5541 668 5598 dici
722 5546 980 5609 oportuit,
1016 5543 1067 5598 id
1120 5544 1335 5616 planum
1386 5554 1441 5599 et
1481 5554 1723 5615 apertum
1759 5543 1907 5600 facit.

2027 4544 2121 4597 καὶ
2180 4543 2281 4596 οὐκ
2326 4540 2471 4610 ἰάθη,
2529 4536 2990 4606 ὲγκατελείπομεν
3044 4532 3232 4600 αὐτήν.
3266 4548 3285 4581 ι
3328 4527 3610 4582 Βαϐυλῶνι

2025 4636 2133 4706 γάρ
2165 4637 2231 4706 τῇ
2281 4633 2387 4687 τῶν
2433 4629 2601 4683 ἐθνῶν
2631 4626 3045 4701 παρεικάξεται,
3092 4622 3265 4678 καίτοι
3300 4621 3454 4684 πόλις
3479 4620 3609 4689 ἁγία

2027 4722 2515 4795 κατωνομασμένη,
2569 4719 2659 4775 διά
2692 4738 2772 4773 τοι
2816 4716 3050 4790 μάλιστα
3107 4714 3203 4785 τὴν
3237 4715 3318 4777 εις
3374 4711 3608 4781 Χριστὸν

2026 4817 2303 4878 ἀσέϐειαν,
2331 4815 2475 4887 ἦκαὶ
2504 4814 2586 4866 ὅτι
2626 4812 2736 4866 τῶν
2776 4808 3163 4882 χειροποιήτων
3196 4804 3608 4875 ἐνεπίμπλασαν

2030 4908 2219 4980 αὐτὴν,
2250 4906 2325 4970 ὡς
2350 4905 2470 4959 κατ’
2498 4903 2686 4957 οὐδένα
2719 4900 2920 4970 τρόπον
2938 4902 3004 4970 τῇ
3036 4895 3393 4951 Βαϐυλωνίων
3441 4910 3608 4965 παρα·

2030 5001 2320 5073 χωρήσειν,
2346 4998 2381 5070 ἢ
2412 4996 2508 5050 καὶ
2556 4994 2871 5066 ὠνόμασται
2894 4992 2967 5061 γῆ
3000 4990 3109 5044 τῶν
3138 4988 3411 5059 γλυπτῶν.

2104 5091 2166 5146 Ἠ
2208 5088 2283 5160 γῆ
2310 5085 2477 5157 ὑμῶν
2504 5086 2742 5161 ἕρημος,
2779 5086 2837 5138 al
2872 5082 3078 5147 πόλεις
3125 5078 3293 5151 ὑμῶν
3321 5076 3607 5144 πιιρίκαυ-

2028 5198 2183 5246 στοι,
2242 5179 2355 5247 τὴν
2402 5179 2599 5250 χώραν·
2655 5175 2822 5246 ὑμῶν
2880 5173 3135 5228 ἐνώπιον
3197 5168 3362 5238 ὑμῶν
3416 5163 3604 5220 ἁλλό-

2030 5288 2175 5342 τριοι
2242 5270 2669 5325 κατεσθίουσιν
2717 5263 2932 5331 αὐτήν.
2988 5263 3096 5318 Καὶ
3131 5257 3428 5329 ἠρήμωται
3470 5269 3603 5307 κατ-

2029 5358 2400 5430 εστραμμένη
2434 5358 2551 5412 ὑπὸ
2584 5354 2748 5413 λαῶν
2779 5352 3127 5421 ἀλλοτρίων.

2101 5452 2174 5506 Τὸ
2216 5449 2585 5522 ἀσαφέστερόν
2636 5466 2750 5511 πως
2818 5448 2851 5518 ἢ
2909 5443 3046 5517 χρῆν
3098 5438 3348 5509 εἰρῆσθαι
3410 5431 3601 5522 δοκοῦν

2032 5541 2352 5613 καθίστησιν
2384 5520 2630 5613 ἐναργές.
2666 5538 2730 5591 Τί
2779 5536 2886 5607 γὰρ
2922 5534 2986 5587 ἂν
3033 5529 3273 5599 βούλοιτο
3307 5523 3499 5597 δηλοῦν
3516 5520 3597 5579 τὸ.

353 5633 493 5701 Quid
548 5633 692 5688 enim
743 5636 845 5689 lioe
872 5633 1157 5705 signiﬁcat,
1188 5651 1298 5691 non
1341 5646 1425 5692 est
1463 5636 1726 5707 malagma
1766 5636 1908 5707 quod

2038 5636 2115 5689 »ύκ
2138 5633 2250 5688 ἔστι
2292 5632 2555 5704 μάλαγμα
2592 5628 2876 5691 ἐπιθεῖναι,
2902 5623 3025 5678 οὔτε
3047 5622 3243 5679 ἔλαιον.
3281 5618 3402 5672 οὗτε
3435 5630 3599 5670 κατα-

430 5786 475 5820 "
515 5784 708 5845 Jerem.
747 5800 816 5843 ω.
846 5786 897 5843 9.
