4012 6216
424 310 504 367 38
1605 307 1672 364 IN
1713 307 1944 364 ιεΑιΔιι
1985 309 2024 363 L

2154 309 2198 369 Ι.
2236 310 2442 368 ΟΒΔΤ.
2486 312 2525 366 l.
3620 313 3692 365 26

463 429 696 496 έσμους·
742 423 1092 492 διερμηνεύει
1127 420 1358 486 λευκῶς,
1401 422 1729 493 ἠρημῶσθαι
1776 424 1876 495 τὴν
1917 425 2022 494 γῆν

2129 438 2453 498 apponatur,
2484 443 2588 484 non
2610 429 2786 484 oleum
2807 471 2822 495 ,
2858 443 2965 482 non
2987 425 3318 498 alligatum?
3359 427 3580 483 Terram
3602 445 3696 486 eo-

427 519 606 584 λέγων
659 511 862 577 αὐτῶν,
919 511 1290 582 ἐμπρισθῆναι
1331 513 1387 566 δὲ
1436 513 1658 577 καὶτὰς
1695 514 1878 576 πόλεις
1922 516 2021 570 καὶ

430 607 700 676 ὑπόχειρα
735 602 992 672 γενέσθαι
1023 602 1132 654 τῶν
1173 602 1402 672 ἐχθρῶν,
1447 605 1541 657 καὶ
1588 605 1746 658 τοῦτο
1800 605 2022 674 ἀλλογε-

429 699 563 762 νῶν,
596 697 672 760 ὼς
729 696 1013 766 μονονουχὶ
1043 695 1136 747 καὶ
1191 695 1410 748 ἅπασαν
1461 696 1526 750 ἐκ
1585 696 1799 769 βάθρων
1842 699 2021 752 αὐτῶν

432 787 866 859 ἀνατετράφθαι.
901 785 1227 847 Πλειστάκις
1250 785 1347 854 μὲν
1368 781 1462 838 οὖν
1489 787 1832 857 συμϐέϐηκεν
1878 787 2022 841 ἀλῶ-

433 895 524 930 ναι
549 878 649 947 τὴν
683 876 964 935 Ἰουδαίαν,
992 875 1095 926 ὑπό
1127 890 1185 926 τε
1229 874 1528 946 Ἀσσυρίων
1553 877 1647 929 καὶ
1683 877 2017 945 Αἰγυπτίων,

434 970 627 1040 Σύρων
680 985 740 1021 τε
773 968 864 1021 καὶ
909 967 1239 1028 Μωαϐιτῶν,
1309 968 1621 1039 Ἰδουμαίων
1668 987 1729 1023 τι
1770 971 1863 1024 και⁸
1914 973 2021 1026 τῶν

437 1059 790 1129 καλουμένων
843 1058 1166 1128 Φιλιπιεὶμ,
1207 1059 1325 1130 ἦτοι
1387 1061 1780 1115 Παλαιπνῶν.
1863 1061 2022 1116 Ἀλλά

434 1152 594 1221 ὀλίγα
631 1151 906 1215 παθοῦσα,
944 1150 1042 1203 καλ⁸
1099 1151 1432 1222 συμμέτροις
1481 1152 1594 1205 ἔσθ’
1647 1154 1736 1207 ὅτε
1789 1169 2022 1226 περιπε-

438 1245 610 1300 σοῦσα
635 1246 940 1314 συμφοραῖς
965 1242 1123 1295 πάλιν
1145 1243 1440 1312 ἀνήνεγκεν
1466 1244 1841 1315 ἐπαμύνοντος
1865 1245 2021 1312 Θεοῦ,

438 1338 534 1388 καὶ
567 1334 729 1388 αὑτοῦ
760 1334 1046 1405 μοτοῦντος
1088 1333 1183 1385 τοῦ
1237 1333 1558 1404 πλήξαντος.
1616 1336 1918 1390 Ἀπόλωλεν
1967 1337 2025 1390 δὲ

435 1424 748 1493 όλοτρόπως
810 1422 948 1492 μετά
977 1421 1068 1475 τὸν
1113 1421 1207 1474 τοῦ
1257 1423 1508 1494 Σωτῆρος
1549 1426 1803 1496 σταυρὸν,
1851 1444 2025 1481 κατα-

436 1515 709 1585 δῃούντων
759 1512 927 1583 αὐτὴν
958 1513 1372 1566 Οὐεσπασιανοῦ
1421 1532 1482 1586 τε
1525 1518 1615 1570 κα)⁵
1673 1515 1854 1570 Τίτου.
1889 1518 2025 1570 Τότε

443 1604 551 1674 γὰρ
605 1604 669 1673 δὴ
730 1603 1078 1673 συμϐέϐηκεν
1122 1605 1598 1676 κατεμπρισθῆναι
1664 1608 1763 1676 μὲν
1819 1608 2021 1673 πόλεις,

449 1695 660 1748 ἃπασαν
707 1694 765 1748 δὲ
808 1695 920 1747 τῶν
977 1695 1329 1749 ἐνοικούντων
1389 1697 1550 1768 κενὴν
1609 1698 1862 1766 γενέσθαι
1924 1699 2022 1770 τὴν

451 1784 644 1856 χώραν,
689 1788 782 1840 καὶ
837 1787 943 1840 ὑπὸ
995 1790 1152 1856 χεῖρα
1195 1791 1378 1841 πεσεῖν
1423 1789 1532 1843 τῶν
1578 1792 2017 1863 κεκρατηκότων,
2053 1773 2094 1829 Β

446 1877 840 1948 παμμοχθηρὸν
863 1877 920 1932 δὲ
952 1877 1013 1930 τὸ
1046 1879 1276 1932 ἐνώπιον
1335 1881 1514 1934 αὐτῶν
1561 1883 1728 1952 ἧγουν
1773 1882 2024 1954 ὁρώντων

438 1968 532 2020 καὶ
563 1969 967 2039 ἀλγυνομένων,
1015 1971 1107 2039 ὑφ’
1148 1971 1355 2043 ἑτέροις
1397 1969 1536 2025 εἶναι
1591 1974 1690 2045 τὴν
1738 1976 1843 2046 γῆν
1893 1993 2024 2029 κατ-

436 2058 762 2130 εσθιομένην
790 2061 985 2130 τρόπον
1007 2061 1129 2114 τινὰ
1145 2063 1240 2114 καὶ
1261 2063 1679 2135 δαπανωμένην.
1704 2066 1777 2118 Τὸ
1796 2066 1894 2136 μὲν
1917 2066 2024 2138 γὰρ

439 2150 688 2213 ἀπόντας
712 2150 939 2206 ἀκοῦσαι
961 2152 1114 2223 μόνον
1135 2155 1274 2223 τάχα
1313 2173 1416 2208 που
1452 2156 1696 2228 φορητὴν
1732 2158 1915 2221 αὐτοῖς
1959 2158 2025 2211 ἂν

445 2242 743 2311 ινεποίησε
773 2242 870 2313 τὴν
895 2243 1081 2317 λύπην.
1105 2248 1176 2300 Τὸ
1198 2249 1255 2301 δὲ
1280 2249 1374 2302 καὶ⁸
1407 2251 1679 2321 παρόντας
1707 2253 1857 2322 όρᾷν,
1910 2249 2026 2305 εἶτα

450 2333 626 2402 μηδὲν
654 2335 948 2406 ἐπαμύνειν
976 2338 1230 2395 δύνασθαι
1291 2343 1667 2414 κατηχθῆσθαι
1721 2345 1778 2398 δὲ
1835 2344 2025 2416 ὥσπερ

442 2427 568 2488 ταῖς
606 2425 667 2490 ἐξ
701 2428 944 2498 ἀνάγκης
968 2436 1274 2503 συμφοραῖς
1297 2434 1572 2488 δύσοιστον
1598 2436 1710 2506 ἔχει
1749 2437 1842 2490 καὶ
1885 2455 2027 2508 παμ-

439 2516 578 2570 πολὺ
627 2518 688 2570 τὸ
724 2516 950 2574 λυποῦν.
997 2524 1090 2575 Δεῖ
1117 2524 1181 2593 δὴ
1225 2521 1318 2578 οῦν
1349 2527 1498 2596 ἡμᾶς
1541 2527 1620 2598 μὴ
1666 2530 2024 2600 παροργίζειν

438 2607 531 2660 τὸν
554 2607 710 2676 ἇγιον
741 2608 838 2662 τοῦ
883 2610 1116 2684 Ἰσραὴλ,
1155 2615 1241 2667 ἵνα
1291 2612 1366 2687 μὴ
1417 2619 1629 2687 ὁρατοῖς
1659 2636 1718 2672 τε
1749 2621 1841 2672 καὶ
1867 2621 2025 2691 ἀορά-

438 2714 552 2762 τοις
605 2702 1028 2772 περιπίπτωμεν
1087 2705 1300 2776 ἐχθροῖς
1367 2709 1446 2770 εἰς
1511 2708 1582 2761 τα
1643 2708 1744 2778 τῆς
1801 2711 2026 2779 ἀτιμίας

442 2787 869 2854 καταϐιϐἀζουσι
897 2793 1067 2862 πάθη,
1107 2795 1201 2847 καὶ
1236 2797 1343 2848 πᾶν
1379 2796 1640 2868 ὀχύρωμα
1673 2797 1767 2850 τοῦ
1791 2801 1848 2852 ὲν
1894 2801 2025 2870 ἡμῖν

445 2877 595 2943 ὖντος
619 2880 709 2933 νοῦ
754 2884 1245 2954 καταστρέφουσιν,
1279 2886 1354 2950 ὡς
1397 2890 1799 2960 κατανέμεσθαι
1825 2893 2025 2962 τρόπον

446 2971 564 3025 τινὰ
589 2973 688 3044 τὴν
725 2974 918 3029 ἀθλίαν
942 2975 1142 3048 ψυχὴν,
1179 2985 1272 3032 καὶ
1323 2981 1526 3044 πάντας
1576 2982 1745 3051 αὐτῆς
1783 2983 2026 3053 δαπανᾷν

442 3065 564 3130 τοὺς
595 3070 862 3138 καρποὺς,
909 3070 998 3122 ἵνα
1023 3066 1134 3123 οἷον
1185 3071 1326 3142 ξηρά
1364 3090 1423 3125 τε
1453 3074 1545 3127 καὶ
1588 3074 1782 3144 ἄτιμος
1824 3071 1881 3148 ᾖ,
1929 3077 2022 3129 καὶ

441 3156 805 3221 ἀκανθοτόκος
831 3159 1154 3230 εὑρίσκηται
1203 3163 1298 3230 γῆ,
1325 3158 1388 3234 ἧς
1417 3164 1476 3217 τὸ
1504 3164 1657 3227 τέλος
1691 3165 1772 3230 είς
1804 3165 2019 3232 καῦσιν,

441 3245 582 3300 κατά
604 3247 705 3320 τὴν
736 3248 834 3302 τοῦ
860 3250 1132 3320 μακαρίου
1157 3251 1368 3304 Παύλου
1409 3254 1610 3324 ςωνήν.

524 3337 1166 3410 ἐπ-καταλειφθήσεται
1193 3344 1226 3411 ἠ
1249 3344 1508 3412 θυγάτηρ
1532 3344 1685 3398 Σιὼν
1713 3347 1794 3411 ὡς
1819 3345 2022 3414 σκηνὴ

438 3428 514 3483 ἐν
539 3429 867 3500 ἀμπελῶνι,
901 3433 1000 3488 καὶ
1029 3434 1524 3503 όπωροφυλάκιον
1547 3436 1618 3490 ἐν
1657 3438 2022 3505 σικυηλάτῳ,

441 3521 524 3588 ὡς
549 3525 727 3591 πόλις
753 3527 1254 3595 πολιορκουμένη.

528 3613 788 3669 sum»;
809 3616 870 3669 τὸ
896 3617 1114 3688 χρῆμα·
1150 3617 1267 3682 πῶς
1314 3619 1423 3690 γάρ
1473 3621 1532 3672 ού
1586 3621 1784 3692 θρήνου
1817 3639 1876 3675 τε
1931 3623 2027 3676 καὶ⁹

451 3705 695 3774 οἰμωγῆς
741 3705 922 3772 ἀξιονς
951 3708 984 3777 ή
1020 3709 1127 3777 γὰρ
1157 3707 1324 3760 πάλαι
1355 3709 1621 3778 θυγάτηρ,
1657 3712 1751 3764 καὶ
1779 3715 1844 3782 τῇ
1892 3712 2026 3783 κλή-

459 3809 543 3846 σει
570 3793 745 3865 τοιᾷδε
770 3798 1118 3868 τετιμημένη,
1153 3799 1246 3852 καὶ
1268 3796 1381 3853 οἷον
1417 3801 1523 3854 ὑπὸ
1553 3803 1721 3871 πατρὶ
1748 3802 2029 3874 φιλοστορ-

452 3885 669 3955 γοτάτῳ
715 3887 1020 3957 πράττουσα
1049 3891 1126 3961 τῷ
1162 3891 1301 3962 Θεῷ,
1335 3894 1368 3963 ἡ
1397 3894 1571 3962 φειδοῖ
1610 3895 1705 3948 καὶ
1736 3896 1923 3966 ἀγάπῃ
1958 3899 2023 3967 τῇ

447 3979 580 4048 παρ’
612 3981 776 4035 αὐτοῦ
805 3981 1103 4051 μεθύουσα,
1137 3984 1230 4036 καὶ
1259 3985 1380 4046 ταῖς
1418 3987 1497 4049 εἰς
1552 3985 1706 4054 λῆξιν
1754 3987 2026 4050 εύκλείαις

444 4071 579 4139 παρ’
625 4071 790 4126 αὑτοῦ
831 4073 1268 4145 στεφανουμένη,
1322 4075 1418 4130 καὶ
1459 4077 1882 4148 κατακρατοῦσα
1918 4078 2028 4131 τῶν

443 4163 900 4232 ἀνθειστηκότων,
945 4167 1038 4218 καὶ
1061 4167 1357 4238 ἁμετρήτῳ
1386 4167 1588 4238 πληθυῖ
1611 4169 1720 4223 τῶν
1749 4168 2026 4223 ἐνοικούν-

442 4270 553 4306 των
615 4255 786 4324 αὐτὴν
833 4257 1220 4326 περιεχομένη,
1271 4258 1304 4326 ἡ
1356 4259 1730 4329 παμμακαρία
1773 4263 1870 4314 καὶ
1911 4261 2026 4314 διαο

443 4342 636 4410 εόητος
660 4343 819 4408 Σιὼν,
846 4346 1010 4414 ἧγουν
1063 4345 1437 4417 Ἰερουσαλὴμ,
1467 4349 2052 4426 ὲγκαταλειςρθήσεται,

2123 536 2242 575 rum
2273 529 2540 574 vastatam
2596 536 2717 576 esse
2751 519 2981 575 candide
3007 528 3062 575 et
3101 520 3386 591 perspicue
3422 521 3691 590 interpre-

2124 617 2288 673 tatur,
2357 608 2600 677 dicitque
2654 609 2813 662 urbes
2875 608 3141 671 incensas,
3186 608 3238 660 in
3281 621 3549 676 manuque
3576 624 3694 663 esse

2123 698 2354 752 hostium
2383 707 2544 767 atque
2569 699 2702 753 adeo
2732 699 3178 768 alienigenarum,
3231 707 3506 766 totamque
3538 701 3694 752 modo

2126 806 2231 844 nou
2261 805 2290 843 a
2319 790 2377 860 8
2441 790 2808 844 fundamentis
2854 789 3096 843 excisam
3126 803 3264 843 esse.
3314 786 3696 858 Szrpenumero

2125 882 2340 951 quidem
2385 883 2601 947 accidit,
2643 892 2699 934 ut
2729 892 3014 949 caperetur
3041 879 3246 940 Judma.
3279 880 3347 933 ab
3383 881 3618 951 Assyriis
3638 889 3696 936 et

2124 972 2414 1044 Egyptiis,
2445 971 2596 1043 Syris
2657 983 2710 1028 ct
2763 972 3029 1034 Moabitis,
3097 975 3165 1026 ab
3205 973 3477 1036 ldummis,
3538 981 3593 1026 et
3628 973 3696 1028 ab

2128 1065 2209 1119 bis
2240 1065 2332 1134 qui
2374 1064 2681 1118 Pbilisthim
2717 1079 2809 1118 seu
2845 1063 3115 1117 Palmstini
3143 1072 3438 1118 vocantur:
3470 1073 3524 1116 at
3557 1063 3696 1117 levia

2124 1155 2365 1223 pertulit,
2395 1165 2449 1208 et
2482 1156 2532 1207 in
2568 1153 2707 1206 mala
2741 1153 2930 1208 incidit
2962 1151 3288 1217 tolerabilia,
3322 1163 3376 1208 et
3401 1153 3697 1221 opitulante

2126 1246 2236 1300 Deo
2264 1246 2488 1314 ipsoque
2512 1244 2832 1298 vulneraute
2857 1245 3270 1312 perrutieutem,
3302 1259 3490 1300 rut-ms
3517 1260 3696 1299 emer-

2126 1337 2215 1392 sit.
2249 1338 2448 1392 Verum
2501 1345 2617 1406 post
2652 1335 2966 1390 Servatoris
2995 1350 3214 1389 erucem
3267 1334 3599 1402 \espasiauo
3631 1349 3697 1390 ac

2127 1428 2248 1484 Tito
2303 1443 2422 1481 eam
2470 1425 2850 1498 populantibus
2895 1425 3143 1479 funditus
3192 1435 3272 1478 est
3307 1425 3500 1479 deleta.
3545 1423 3698 1482 Tunc

2127 1519 2269 1574 enim
2344 1517 2546 1585 evenit,
2608 1527 2666 1571 ut
2738 1517 2900 1571 urbes
2966 1516 3400 1579 incenderentur,
3444 1516 3695 1570 universa

2125 1609 2287 1662 etiam
2317 1609 2462 1678 regio
2518 1606 2708 1661 incolis
2745 1621 2914 1661 vacua
2982 1617 3238 1674 vastaque
3281 1606 3594 1659 redderetur
3643 1612 3700 1660 et

2130 1701 2181 1752 itt
2223 1714 2438 1752 manum
2497 1697 2763 1750 victorum
2815 1695 3104 1759 recideret,
3161 1697 3411 1764 quodque
3454 1695 3697 1750 omnium

2125 1788 2489 1842 miserrimum
2517 1795 2618 1850 est,
2673 1787 2725 1839 iu
2766 1798 3059 1855 conspectu
3114 1786 3372 1851 ipsorum,
3409 1785 3540 1853 ipsis
3593 1784 3698 1840 sci-

2125 1879 2248 1934 licet
2283 1894 2465 1932 eoram
2506 1877 2869 1946 spectantibus
2895 1916 2909 1942 ,
2964 1887 3124 1946 atque
3164 1875 3468 1930 dolentibus
3497 1885 3696 1930 terram

2125 1986 2245 2028 esse
2282 1970 2404 2024 aliis
2443 1968 2738 2034 subditam,
2782 1979 2837 2022 et
2864 1983 3080 2020 exesam
3111 1966 3506 2036 quodammodo
3537 1975 3700 2033 atque

2123 2071 2516 2129 consumptam.
2550 2057 2680 2111 Nam
2711 2060 2965 2109 absentes
3004 2056 3228 2108 auribus
3257 2055 3472 2106 haurire
3499 2054 3697 2119 solum,

2124 2153 2362 2206 dolorem
2425 2148 2642 2203 aﬂ'erret
2695 2146 2962 2208 fortassis,
3021 2154 3077 2197 at
3123 2143 3499 2198 tolerabilem:
3557 2158 3698 2212 pra:-

2124 2252 2306 2298 sentes
2329 2256 2456 2296 vero
2474 2239 2691 2304 intueri,
2718 2253 2817 2293 nec
2840 2247 3014 2290 tamen
3033 2235 3326 2304 quidquam
3357 2237 3474 2304 opis
3503 2236 3699 2293 aﬂerro

2124 2346 2301 2402 posse,
2356 2329 2784 2397 necessariisque
2834 2327 2985 2394 quasi
3033 2325 3390 2394 ingemiscere
3413 2327 3699 2381 calamita-

2125 2424 2288 2484 tibus,
2324 2421 2720 2476 intolerabilius
2766 2423 2982 2491 quident
3025 2435 3128 2484 est,
3152 2432 3205 2476 et
3235 2437 3365 2476 sane
3393 2437 3552 2490 quam
3585 2437 3702 2478 mo-

2123 2511 2340 2566 lestum.
2391 2512 2571 2578 Quare
2622 2527 2727 2565 non
2760 2522 2842 2566 est
2897 2513 3054 2567 nobis
3084 2524 3306 2566 sanctus
3335 2510 3549 2568 Israelis
3571 2528 3699 2568 con-

2122 2605 2391 2671 citandus,
2424 2620 2490 2660 ne
2532 2606 2582 2658 in
2625 2606 2806 2660 hostes
2839 2616 2944 2658 tam
2993 2605 3369 2674 aspectabiles,
3407 2621 3567 2676 quam
3624 2609 3700 2661 in-

2123 2697 2475 2767 aspectabiles
2505 2698 2822 2761 incidamus,
2854 2698 2942 2766 qui
2973 2698 3024 2751 iu
3068 2699 3238 2753 fmdas
3261 2701 3698 2768 perturbationes

2125 2795 2463 2861 demergunt,
2514 2800 2562 2845 et
2586 2807 2745 2843 omne
2773 2791 3239 2859 propugnaculum
3268 2792 3465 2845 mentis
3495 2804 3698 2850 nostra

2124 2886 2464 2945 subvertunt,
2525 2896 2584 2936 nt
2643 2884 2894 2936 miseram
2949 2882 3184 2935 animam
3231 2885 3522 2950 depascunt
3563 2899 3700 2954 quo-

2126 2975 2413 3027 dammodo
2468 2955 2764 3042 omnesque
2803 2975 2920 3041 ejus
2956 2973 3166 3027 fruetus
3199 2975 3504 3041 absumant,
3546 2977 3614 3029 ita
3641 2984 3701 3032 ut

2126 3067 2273 3120 arida
2326 3065 2476 3133 quasi
2536 3079 2598 3119 ac
2659 3065 2906 3135 ignobilis
2967 3075 3021 3120 et
3059 3068 3504 3122 seuticosaterra
3545 3084 3699 3136 repe-

2127 3158 2327 3221 riatur',
2367 3156 2520 3222 cujus
2575 3157 2694 3211 ﬁnis
2747 3156 3091 3224 combustio,
3168 3159 3466 3214 secundum
3554 3158 3699 3214 beati

2125 3247 2272 3301 Pauli
2310 3248 2513 3302 dielum
2542 3248 2610 3302 ¹⁸.

2197 3339 2362 3395 Vsus.
2396 3339 2450 3394 8.
2513 3339 2916 3411 Derrlinquelur
2955 3339 3070 3410 ﬁlia
3125 3341 3283 3405 Sion,
3315 3351 3371 3395 ιιι
3401 3356 3524 3395 (αισι
3541 3341 3596 3394 in
3620 3355 3702 3395 tu-

2125 3449 2245 3496 nea,
2285 3442 2342 3486 ut
2399 3433 2667 3503 tugurium
2719 3433 2774 3488 in
2822 3432 2973 3487 horto
3017 3449 3392 3500 cucumerum,
3445 3442 3502 3486 tu
3574 3432 3697 3488 tter

2127 3525 2355 3580 obsessa.

2199 3615 2394 3670 Misera
2434 3630 2518 3670 res
2574 3616 2860 3684 profecto:
2902 3615 2991 3684 qui
3029 3617 3171 3669 enim
3205 3631 3310 3669 non
3350 3614 3420 3667 sit
3451 3613 3703 3669 lamentis

2125 3709 2341 3763 etluetu
2378 3709 2574 3778 digna?
2604 3709 2737 3761 Nam
2773 3723 2892 3779 qum
2915 3709 3020 3761 lilia
3052 3710 3322 3775 quondam
3368 3705 3486 3769 l'uit,
3527 3717 3576 3759 et
3607 3706 3700 3760 tali

2128 3803 2406 3854 vocatione
2452 3809 2662 3860 ornata,
2703 3816 2821 3867 qua:
2865 3802 2945 3854 sic
2968 3810 3075 3868 egit
3107 3802 3207 3852 sub
3238 3809 3388 3864 patre
3416 3798 3699 3867 indulgeu-

2129 3892 2338 3945 tissimo
2396 3891 2528 3954 Deo,
2581 3904 2699 3958 qum
2747 3888 3120 3941 misericordia
3167 3899 3217 3940 et
3267 3887 3529 3941 eltarltate
3582 3887 3701 3952 ejus

2127 3983 2274 4036 ebria
2334 3981 2730 4050 quodammodo
2772 3979 2911 4033 facta
2945 3990 3050 4040 est,
3088 3979 3419 4031 ItObiiiS>ilnzl
3460 3989 3600 4030 ~sorte
3634 3978 3702 4032 ab

2127 4089 2192 4126 eo
2219 4082 2497 4136 coronata,
2534 4071 2854 4140 qumbostes
2890 4071 3217 4139 sulijugavit,
3283 4081 3337 4123 et
3388 4071 3703 4122 innumera-

2127 4163 2218 4218 bili
2268 4162 2606 4216 multitudine
2649 4161 2992 4215 ineoleutiutu
3037 4161 3230 4213 referta
3265 4171 3319 4212 et
3372 4161 3549 4213 cincta
3581 4158 3701 4222 luit,

2129 4255 2380 4326 perbeata
2439 4255 2527 4308 illa
2575 4255 2787 4322 quidem
2828 4261 2883 4308 et
2930 4254 3298 4323 percelebrata
3347 4249 3498 4309 Sinti,
3543 4247 3702 4302 Jeru-

2131 4346 2298 4401 salem
2367 4345 2688 4400 videlicet:
2742 4345 2878 4408 hac,
2952 4345 3194 4413 inquam,
3278 4343 3698 4411 derelinqnetnr,

443 4437 631 4504 φησίν.
668 4436 825 4488 Τοῦτ’
853 4437 1021 4500 ἐστιν,
1051 4437 1257 4508 ἔρημος
1285 4439 1458 4493 ἔσται.
1495 4441 1680 4512 Γυμνή
1718 4458 1777 4494 τε
1815 4443 2026 4514 ἀπομε-

2135 4453 2326 4507 nempe
2363 4437 2578 4492 deserta
2610 4436 2737 4500 erit,
2779 4444 2833 4490 et
2872 4451 2992 4489 eum
3029 4435 3221 4488 nbore
3265 4435 3532 4500 corporis,
3591 4444 3699 4486 tum

444 4531 526 4580 νεῖ
580 4529 670 4581 καὶ
694 4528 792 4596 τῆς
835 4529 928 4582 τοῦ
974 4528 1236 4594 σώζοντος
1279 4531 1610 4599 εὐσθενείας,
1638 4535 1733 4586 καὶ
1761 4535 1868 4588 τῶν
1897 4537 2027 4589 ὲνοι-

444 4622 684 4674 κούντων
717 4623 910 4690 αὑτήν.
944 4622 1530 4695 Ἐγκαταλειφθήσεται
1570 4625 1627 4677 δὲ
1667 4625 1858 4691 οὕτως,
1893 4627 2026 4680 ὡσεὶ

445 4713 620 4784 σκηνὴ
654 4715 710 4766 ἐν
748 4715 1056 4783 ἀμπελῶνι,
1096 4716 1192 4768 καὶ
1235 4716 1311 4778 ὡς
1351 4717 1801 4787 ὁπωροφυλάκιον
1831 4722 1888 4772 ὲν
1941 4737 2024 4771 σι-

443 4805 702 4874 κῦηλὰτῳ
720 4806 813 4857 καὶ
837 4805 912 4868 ὡς
933 4806 1086 4870 πόλις
1103 4807 1553 4878 πολιορκουμένη.
1579 4811 1641 4862 Oi
1661 4810 1760 4880 μὲν
1791 4810 1898 4880 γὰρ
1917 4811 2025 4864 τῶν

444 4894 800 4962 ἀμπελώνων
821 4897 1146 4965 τεταγμένοι
1169 4898 1426 4966 φύλακες,
1456 4898 1817 4970 ὲντεθηλότων
1843 4902 2026 4964 αὐτοῖς

443 4985 556 5035 τῶν
589 4985 828 5056 βοτρύων
861 4987 963 5048 ἔτι,
1010 4988 1268 5059 πλείστην
1311 5006 1371 5042 τε
1421 4990 1554 5060 ὅσην
1604 4990 1883 5044 ποιοῦνται
1928 4993 2027 5062 τὴν

443 5077 782 5144 ἀσφάλειαν,
835 5081 926 5132 καὶ⁸
977 5081 1102 5143 τοὺς
1145 5081 1462 5152 ἀποκείρειν
1523 5082 1805 5146 ἐθέλοντας
1860 5100 2028 5136 κατα-

445 5167 674 5220 πτυοῦσι
707 5169 924 5240 λῃστάς.
956 5173 1064 5223 Καὶ
1090 5172 1158 5224 τὰ
1191 5173 1296 5226 τῶν
1330 5173 1533 5243 θηρίων
1559 5172 1844 5226 ἐλαύνουσι
1874 5175 2024 5244 γένη.

449 5260 612 5325 Ἐθος
637 5263 694 5316 δὲ
719 5264 876 5316 τοῦτο
912 5264 1044 5335 δρᾷν
1091 5267 1184 5319 καὶ
1229 5271 1340 5330 τοῖς
1370 5269 1477 5319 τῶν
1520 5270 1858 5338 σικυηλὰτων
1903 5272 2026 5322 ἑπι-

445 5359 709 5422 τηρηταῖς
741 5356 860 5425 ἦτοι
887 5356 1197 5420 δεσπόταις.
1247 5357 1769 5430 Συγκεκομισμένων
1816 5361 1874 5414 δὲ
1915 5361 2024 5415 τῶν

447 5445 716 5513 βοτρέων,
744 5449 836 5500 καὶ
869 5451 1291 5521 πεπατημένων,
1323 5451 1416 5503 καὶ
1441 5452 1548 5506 τῶν
1577 5455 1635 5505 ἐν
1681 5456 2024 5526 σικυηλάτοις

447 5533 824 5603 ἐξῃρημένων,
855 5538 915 5590 τὸ
959 5539 1066 5592 τῶν
1115 5539 1489 5608 φυλαττόντων
1537 5545 1774 5608 ἐπιεικὲς
1818 5547 2026 5600 ἀνεῖται

529 5714 571 5743 ιι
602 5714 761 5770 llebr.
807 5733 876 5782 τι,
907 5720 957 5774 s.

2131 4531 2322 4586 incolis
2395 4529 2506 4584 suis
2592 4529 2790 4582 nudata
2851 4547 2864 4583 :
2928 4538 2988 4582 et
3071 4528 3145 4581 ita
3246 4529 3696 4595 derelinquetur,

2129 4633 2186 4676 ut
2230 4636 2353 4676 casa
2427 4621 2480 4676 in
2537 4621 2713 4685 vinea,
2755 4628 2812 4674 ut
2861 4621 3131 4690 tugurium
3185 4619 3236 4673 in
3301 4618 3700 4680 cucumerario,

2129 4713 2184 4783 9
2217 4720 2270 4766 et
2305 4722 2360 4765 ιιι
2413 4713 2543 4767 urbs
2591 4713 2832 4767 obsessa.
2871 4711 2971 4778 Qui
3017 4712 3290 4764 vinearum
3342 4710 3484 4762 enim
3517 4717 3701 4762 custo-

2128 4807 2232 4859 diis
2256 4804 2643 4875 praeliciuutur,
2672 4806 2900 4858 racemis
2923 4804 3034 4873 jam
3072 4803 3373 4870 vigentibus
3404 4811 3460 4854 ιιι
3497 4801 3548 4854 itt
3585 4810 3700 4854 tuto

2130 4914 2192 4951 ac
2222 4914 2412 4952 securo
2439 4899 2566 4961 sint,
2597 4899 2886 4967 plurimum
2923 4897 3260 4959 adnituntur,
3293 4905 3348 4948 et
3385 4893 3534 4947 fures
3559 4930 3574 4955 ,
3608 4891 3702 4960 qtti

2130 4992 2421 5059 decerpere
2453 4991 2678 5056 volunt,
2737 4999 2939 5043 terrent
2962 5029 2979 5055 ,
3012 4999 3065 5042 et
3111 4986 3349 5041 ferarum
3379 4998 3576 5054 genera
3613 4995 3702 5032 ar-

2130 5091 2254 5136 cent
2289 5099 2304 5136 :
2337 5081 2477 5149 quod
2517 5082 2676 5134 etiam
2728 5080 2976 5135 factitare
3009 5081 3060 5133 in
3100 5091 3250 5131 more
3273 5085 3357 5130 est
3417 5071 3699 5126 excubito-

2133 5173 2301 5235 ribus,
2333 5187 2425 5226 seu
2459 5170 2695 5224 dominis
2739 5169 3258 5222 rucumerarioruut.
3289 5157 3543 5216 Racetnis
3572 5171 3703 5212 vero

2132 5262 2484 5332 comportatis
2511 5271 2565 5314 et
2595 5261 2842 5324 calcatis,
2863 5268 2916 5314 et
2952 5256 3216 5312 fructibus
3244 5253 3333 5322 qui
3365 5251 3418 5305 in
3448 5263 3702 5304 cucume-

2137 5364 2296 5418 rariis
2327 5371 2452 5417 sunt
2481 5361 2699 5423 ablatis,
2744 5359 3004 5414 sedulitas
3053 5351 3474 5410 custodientium
3518 5349 3570 5404 in
3607 5363 3705 5418 po-

2133 5464 2338 5509 sterum
2387 5454 2701 5520 remittitur,
2733 5461 2786 5506 et
2831 5449 2926 5510 illi,
2955 5447 3068 5502 suis
3114 5444 3317 5500 relictis
3343 5441 3700 5504 umbraculis,

2135 5548 2357 5604 liberam
2396 5545 2726 5612 irrutupeudi
2769 5548 3088 5608 potestatem
3138 5535 3338 5593 l'aeiunt
3373 5535 3694 5604 quibuscun.
