4012 6216
381 269 450 323 l7
1383 279 1439 336 S.
1483 281 1755 338 CYRlLLI
1797 285 2265 346 ALEXANDRINI
2303 294 2622 352 ARCHIEP.
3561 311 3630 366 28

382 398 526 452 que,
562 384 653 453 qui
707 400 771 441 ea
801 387 1134 457 perlustrare
1183 389 1451 447 voluerint
1481 435 1495 449 .
1534 393 1663 450 Tale
1693 398 1914 465 quiddat

385 469 515 495 ε,
575 474 765 495 _.,_-__
991 476 1192 495 ηηρη
1272 480 1283 495 .
1344 481 1377 495 -.
1882 488 1893 495 .

2017 401 2269 460 ,λοιπόνσ
2308 406 2360 460 οἳ
2399 408 2493 460 καὶ
2539 409 2708 474 αὐτὰς
2754 411 2983 481 ἀφέντες
3012 414 3110 479 τὰς
3153 418 3360 473 ἑαυτῶν
3401 426 3625 495 σκηνὰς.

380 482 433 524 et
462 469 516 526 in
575 474 770 528 misera
823 474 953 529 Sion
991 476 1104 530 fieri
1135 480 1479 549 propheticus
1529 499 1634 559 nos
1652 500 1832 541 sermo
1863 488 1949 541 do-

379 571 482 617 cet.
518 561 654 618 Dum
671 566 824 618 enim
858 568 1032 623 adhuc
1081 569 1290 626 fructus
1327 571 1550 642 iustitiae
1579 575 1824 642 haberet,
1867 594 1952 633 se-

378 678 506 717 cura
549 667 848 720 munitione
869 677 925 721 et
953 672 1196 724 custodia
1231 682 1283 726 et
1313 675 1460 728 omni
1494 690 1612 730 eam
1648 678 1950 750 misericor-

375 755 463 808 dia
489 755 741 822 dignatus
782 769 865 812 est
896 759 1058 815 Deus.
1095 762 1238 817 Dixit
1265 766 1406 819 enim
1448 783 1463 820 :
1511 785 1530 818 ι
1571 767 1680 837 Ego
1713 785 1806 824 ero
1846 771 1944 838 illi,

374 845 450 898 ait
493 843 780 912 Dominus,
817 866 1004 906 murus
1037 853 1174 923 ignis
1202 855 1595 912 circmnclusus
1619 899 1634 924 ,
1681 871 1732 914 et
1771 861 1942 930 gloria

372 951 468 991 ero
504 938 554 990 in
591 941 764 994 medio
794 943 912 1011 ejus
942 943 1008 998 “.
1042 963 1061 996 ι
1110 944 1271 1000 Canit
1320 949 1483 1003 etiam
1519 953 1704 1006 beatus
1741 954 1939 1008 David:

2053 495 2344 567 ἐλευθέραν
2393 503 2507 564 τοῖς
2559 502 2799 558 ἐθέλουσι
2852 509 3314 580 περιεργάζεσθαι
3361 513 3426 568 τὰ
3468 517 3628 573 λοιπὰ

2054 589 2330 644 ποιοῦνται
2361 593 2460 665 τὴν
2491 595 2760 666 εἰσϐολήν.
2795 599 3116 672 Πεπράχθαι
3165 622 3219 657 τι
3265 607 3507 661 τοιοῦτον
3532 613 3626 665 καὶ

2049 679 2141 732 ἐπὶ
2167 683 2230 751 τῇ
2263 682 2590 755 ταλαιπώρῳ
2619 686 2759 741 Σιὼν
2781 689 2810 740 6
2841 693 3176 761 προφητικὸς
3212 696 3360 764 ἡμᾶς
3384 697 3623 754 διδάσκει

2048 769 2225 838 λόγος.
2267 775 2382 828 Ἔτι
2437 776 2536 846 μὲν
2565 775 2671 846 γὰρ
2701 777 2827 842 τοὺς
2874 781 2973 850 τῆς
3018 782 3361 857 δικαιοσύνης
3392 789 3622 859 ἔχουσαν

2047 863 2310 932 καρποὺς,
2352 865 2653 933 ἀσφαλείας
2699 885 2759 921 τε
2793 870 2886 922 καὶ
2932 873 3328 947 παραφυλακῆς
3363 879 3456 931 καὶ
3501 898 3619 949 φει-

2043 951 2165 1014 δοῦς
2199 955 2417 1026 ἁπάσης
2445 956 2597 1026 ἠξίου
2631 958 2782 1023 Θεός.
2829 963 2969 1032 Ἔφη
3027 964 3134 1034 γὰρ
3175 967 3254 1018 ὅτι
3323 987 3343 1019 ι
3385 971 3618 1042 Ἔσομαι

377 1045 396 1077 ι
434 1027 571 1082 Ecce
619 1046 721 1084 non
776 1034 1126 1103 dormitabit,
1163 1053 1264 1092 nec
1292 1040 1542 1102 dormiet.
1576 1043 1668 1112 qui
1708 1047 1914 1100 custodi

2042 1045 2201 1114 αὐτῇ,
2233 1045 2378 1114 λέγει
2411 1048 2632 1120 Κύριος,
2676 1054 2853 1122 τεῖχος
3077 1027 3372 1123 κύκλωθεν,
3415 1027 3617 1127 arabat;

371 1117 538 1172 lsracl
571 1120 636 1174 ".
679 1140 697 1173 ι
751 1122 998 1190 Quandiu
1039 1138 1154 1182 erat
1179 1130 1364 1196 Israel,
1406 1132 1563 1186 vinea
1597 1135 1802 1188 Domini
1835 1137 1937 1191 Sa-

369 1209 552 1276 baoth,
583 1212 958 1270 obvallabatur
985 1227 1038 1272 et
1067 1220 1365 1288 sepimento
1383 1225 1540 1293 digna
1568 1226 1932 1294 jndicabatur.

369 1300 583 1370 Peperit
630 1315 806 1360 autem
849 1310 1065 1378 spinas,
1106 1315 1412 1382 traditaque
1435 1326 1516 1370 est
1542 1334 1571 1371 a
1611 1321 1715 1374 Ι)εο
1745 1325 1932 1390 oppri-

367 1397 670 1462 tnenlibus;
702 1400 875 1468 inquit
909 1403 1052 1454 enim
1090 1420 1104 1456 :
1140 1422 1158 1455 ι
1192 1402 1445 1459 Auleram
1481 1423 1662 1476 sepem
1701 1411 1848 1480 ejus,
1879 1423 1934 1468 et

365 1490 471 1543 erit
500 1492 784 1561 direptioni
821 1515 833 1550 :
871 1506 926 1551 et
955 1499 1198 1554 auferam
1235 1505 1524 1559 maceriam
1558 1507 1708 1576 ejus,
1744 1520 1798 1564 et
1829 1513 1934 1568 erit

363 1581 759 1637 conculcatioui
785 1625 799 1644 ,
831 1595 883 1640 et
916 1589 1215 1656 relinquam
1254 1591 1465 1646 vineam
1513 1611 1714 1661 meam,
1744 1609 1797 1653 et
1825 1617 1928 1656 non

362 1669 658 1738 potabitur,
711 1688 884 1742 neque
925 1674 1160 1731 fodietur
1190 1680 1255 1732 “‘.
1299 1699 1317 1732 ι
1367 1681 1556 1739 Fuisse
1589 1689 1750 1741 etiam
1784 1691 1926 1745 illam

360 1760 426 1813 ab
463 1777 592 1831 apro
627 1765 860 1820 silvestri
900 1768 1302 1837 depopulatam,
1341 1784 1396 1828 et
1445 1778 1513 1830 ab
1545 1781 1697 1833 asino
1727 1786 1928 1852 agresti

357 1851 658 1921 depastum,
685 1857 1062 1928 desertamque
1081 1878 1107 1913 a
1125 1861 1233 1916 Deo
1258 1867 1468 1920 vineam
1495 1885 1556 1924 ac
1591 1872 1925 1940 derelictam,

357 1943 614 1999 Servator
644 1947 800 2002 docet
831 1950 981 2005 hisce
1025 1953 1202 2006 verbis
1235 1973 1249 2009 :
1299 1976 1316 2007 ι
1351 1957 1674 2028 Jerusalem,
1708 1962 1928 2019 Jerusa»

356 2033 480 2098 lem,
513 2051 629 2105 quze
658 2041 862 2095 occidis
893 2046 1203 2111 prophetas,
1229 2058 1284 2102 et
1322 2049 1529 2119 lapidas
1563 2069 1655 2108 eos
1689 2058 1780 2124 qui
1805 2061 1926 2112 mit-

353 2132 540 2180 tuntur
575 2128 640 2181 ad
670 2139 720 2182 te
753 2149 766 2185 :
802 2135 1011 2200 quoties
1042 2137 1185 2191 volui
1217 2155 1546 2212 congregare
1590 2145 1730 2201 filios
1761 2159 1879 2203 tuos
1903 2192 1917 2213 ,

351 2219 801 2284 quemadmodum
839 2224 1033 2292 gallina
1083 2242 1378 2300 congregat
1416 2235 1592 2302 pullos
1650 2254 1777 2293 suos
1823 2240 1924 2296 sub

352 2311 499 2375 alas,
553 2321 606 2368 et
651 2315 936 2374 noluistisd
982 2320 1122 2375 Ecce
1169 2324 1492 2393 relinquitur
1542 2330 1694 2382 vobis
1732 2333 1923 2387 domus

351 2413 528 2454 vestra
560 2403 772 2458 deserta
799 2407 864 2459 ¹¹¹.
899 2425 918 2458 ι
957 2408 1295 2464 Exclamavit
1323 2425 1375 2465 et
1403 2416 1504 2469 hoc
1535 2429 1660 2471 ante
1690 2435 1784 2487 per
1829 2437 1921 2474 vo-

349 2505 464 2545 cem
494 2494 786 2562 propheta,
813 2496 995 2551 dicens
1030 2518 1044 2554 ε
1081 2519 1100 2552 ι
1139 2500 1412 2572 Dereliqui
1455 2506 1674 2562 domum
1707 2526 1878 2566 meam
1901 2555 1916 2582 ,

347 2582 523 2637 dimisi
549 2585 908 2642 haereditatetn
940 2605 1135 2656 meam,
1157 2593 1276 2647 dedi
1308 2588 1564 2651 dilectam
1606 2601 1840 2657 animam
1865 2606 1915 2659 itt

348 2689 537 2729 manus
558 2675 896 2732 inimicorum
934 2695 1173 2736 suorum.
1205 2684 1367 2739 Facta
1386 2699 1467 2741 est
1485 2689 1776 2747 haereditas
1798 2711 1912 2750 mea

345 2766 499 2831 mihi,
531 2777 588 2822 ut
622 2769 705 2823 leo
735 2770 785 2824 in
817 2771 948 2825 silva
973 2791 986 2839 ;
1010 2775 1178 2828 edidit
1198 2788 1384 2831 contra
1413 2795 1498 2835 me
1527 2796 1712 2837 vocem
1739 2800 1913 2851 suam,

341 2867 622 2924 propterea
647 2860 733 2914 odi
764 2877 879 2916 eam
912 2864 973 2918 ’⁸.
1012 2884 1030 2917 ι
1067 2863 1331 2936 Iosephus
1364 2871 1492 2926 item
1523 2873 1766 2931 Judaicae
1802 2887 1914 2932 ter-

341 2963 415 3002 rae
443 2949 578 3002 mala
619 2954 821 3018 tragice
863 2955 1201 3023 ampliﬁcatis
1223 2999 1238 3024 ,
1290 2976 1410 3015 cum
1439 2963 1553 3033 jam
1591 2968 1640 3020 in
1669 2973 1916 3036 proximo

2038 1135 2196 1200 δόξαν
2235 1136 2426 1208 ἔσομαι
2458 1142 2514 1192 ἐν
2549 1142 2697 1211 μέσῳ
2729 1144 2920 1214 αὐτῆς.
2983 1165 3000 1199 ι
3048 1148 3254 1201 Ψάλλει
3298 1151 3408 1221 γὰρ
3452 1153 3546 1204 καὶ
3589 1156 3616 1207 6

2042 1230 2309 1300 μακάριος
2337 1233 2528 1285 Δαϐίδο
2569 1251 2588 1285 σ
2640 1235 2769 1289 Ἰδοὺ
2819 1238 2880 1290 οὐ
2909 1240 3186 1306 νυστὰξει,
3224 1242 3344 1295 οὐδέ
3377 1245 3612 1298 ὐπνὼσει

2035 1319 2064 1371 6
2089 1319 2375 1385 φυλάσσων
2406 1323 2494 1375 τὸν
2533 1325 2770 1396 Ἰσραήλ.
2810 1346 2829 1378 ι
2880 1329 3096 1402 Ἐπειδὴ
3147 1332 3202 1384 δὲ
3231 1334 3406 1388 καίτοι
3452 1353 3610 1406 γεγοο

2034 1410 2142 1472 νὼς
2169 1414 2198 1466 6
2241 1413 2454 1485 Ἰσραὴλ
2515 1417 2772 1485 ἀμπελὼν
2814 1423 3019 1492 Κυρίου
3073 1424 3320 1490 Σαϐαὼθ,
3371 1431 3610 1501 κεχαρά-

2036 1520 2209 1556 κωται
2242 1504 2339 1574 μὲν
2364 1508 2458 1559 καὶ
2479 1507 2681 1580 ἠξιώθη
2715 1512 2993 1581 φραγμοῦ.
3024 1515 3220 1569 Τέτοκε
3247 1517 3302 1570 δὲ
3342 1519 3605 1587 ἀκάνθας,

2033 1595 2124 1646 καὶ
2148 1593 2353 1648 δέδοται
2381 1599 2530 1668 παρὰ
2554 1600 2688 1653 Θεοῦ
2719 1606 2830 1665 τοῖς
2859 1603 3062 1657 ἀδικεῖν
3093 1607 3358 1671 εἰωθόσιν,
3389 1628 3408 1660 ι
3463 1610 3603 1665 Καθ-

2032 1683 2139 1736 ελῶ
2175 1686 2304 1756 γὰρ,
2354 1690 2507 1757 φησι,
2563 1690 2652 1743 τὸν
2695 1695 2946 1763 φραγμὸν
2994 1697 3178 1762 αὐτοῦ,
3213 1702 3306 1753 καὶ
3347 1701 3498 1756 ἔσται
3530 1707 3608 1769 είς

2028 1774 2354 1846 διαρπαγὴν,
2392 1779 2485 1832 καὶ
2516 1781 2727 1834 καθελῶ
2759 1784 2849 1836 τὸν
2892 1788 3070 1855 τοῖχον
3099 1788 3284 1851 αὐτοῦ,
3320 1794 3415 1844 καὶ
3455 1793 3605 1848 ἔσται

2029 1869 2106 1930 είς
2138 1870 2530 1942 καταπάτημα,
2561 1874 2654 1927 καὶ
2684 1875 2869 1945 ἀνήσω
2898 1877 2988 1930 τὸν
3033 1880 3330 1948 ἀμπελῶνά
3359 1901 3481 1952 μου,
3512 1887 3607 1939 καὶ

2027 1959 2086 2010 οὐ
2161 1961 2236 2029 μὴ
2284 1962 2488 2033 τμηθῇ,
2554 1964 2675 2018 οὐδὲ
2726 1968 2800 2036 μὴ
2849 1972 3050 2039 σκαφῇ.
3109 1988 3126 2020 ι
3181 1973 3466 2046 Τοιγάρτοι
3510 1978 3604 2028 καὶ

2026 2050 2328 2122 ἐλυμήνατο
2400 2055 2568 2125 αὐτὴν
2611 2057 2822 2128 κάπρος
2892 2061 2957 2113 ἐκ
3022 2061 3249 2132 δρυμοῦ,
3326 2067 3419 2119 καὶ
3483 2068 3601 2132 ὄνος

2024 2139 2215 2208 ἄγριος
2238 2145 2646 2214 κατενεμήσατο
2671 2146 2861 2216 αὐτὴν,
2901 2149 2983 2202 ὅτι
3012 2149 3068 2202 δὲ
3093 2152 3262 2221 ἀνῆκε
3305 2155 3397 2208 τὸν
3424 2158 3603 2228 ἀμπε-

2025 2229 2170 2284 λῶνα
2190 2230 2343 2295 Θεὸς,
2374 2235 2468 2287 καὶ
2496 2236 2984 2304 ἐγκαταλέλειπται
3012 2241 3144 2312 παρ’
3167 2245 3331 2297 αὐτοῦ
3362 2246 3599 2304 διδάσκει

2022 2319 2198 2388 λέγων
2243 2325 2271 2375 6
2325 2324 2557 2395 Σωτήρο
2604 2343 2622 2377 ι
2685 2327 3059 2400 Ἰερουσαλὴμ,
3127 2333 3498 2409 Ἰερουσαλὴμ,
3565 2344 3597 2414 ἡ

2021 2410 2392 2464 ἀποκτενοῦσα
2430 2414 2554 2476 τοὺς
2599 2419 2900 2487 προφήτας,
2934 2420 3027 2472 καὶ
3076 2420 3426 2482 λιθοϐολοῦσα
3472 2431 3596 2497 τοὺς

2019 2501 2461 2571 ἀπεσταλμένους
2493 2507 2626 2576 πρὸς
2671 2508 2862 2578 αὐτὴν,
2910 2513 3143 2576 ποσάκις
3191 2515 3432 2590 ⁴ἠθέλησα
3475 2524 3593 2575 ἐπι-

2021 2597 2344 2659 συναγαγεῖν
2363 2594 2431 2647 τὰ
2452 2595 2617 2651 τέκνα
2647 2615 2759 2665 σου,
2791 2601 2850 2654 ὃν
2885 2603 3084 2674 τρόπον
3105 2607 3422 2680 ἐπισυνάγει
3447 2613 3594 2683 ὅρνις

2017 2681 2084 2735 τὰ
2129 2685 2314 2737 νοσσία
2342 2685 2512 2755 αὐτῆς
2537 2687 2642 2740 ὑπὸ
2667 2689 2765 2752 τὰς
2795 2693 3090 2764 πτέρυγας,
3141 2698 3235 2750 καὶ
3265 2701 3364 2752 οὐκ
3401 2681 3592 2775 ἠθελή-

2019 2790 2185 2827 σατεο
2248 2774 2356 2828 ίδού
2405 2777 2624 2846 ἀφίεται
2682 2781 2809 2850 ὑμῖν
2861 2785 2888 2836 6
2919 2780 3067 2850 οἶκος
3117 2788 3270 2859 ὑμῶν
3302 2791 3522 2863 ἔρημος.
3554 2774 3584 2848 γι

2017 2865 2500 2936 Προανακεκράγει
2551 2868 2608 2921 δὲ
2654 2868 2813 2925 τοῦτο
2864 2875 2955 2927 καὶ
2987 2875 3074 2929 διὰ
3105 2882 3286 2949 φωνῆς
3313 2886 3590 2955 προφήτου

2015 2953 2190 3022 λέγων
2213 2956 2737 3024 ’(Ἐγκαταλέλοιπα
2785 2963 2878 3017 τὸν
2909 2961 3056 3019 οἶκόν
3091 2986 3212 3038 μου,
3254 2972 3440 3043 ἀφῆκα
3484 2953 3592 3046 τὴν

339 3050 455 3093 erat
499 3049 555 3095 ut
603 3056 888 3113 caperetur
931 3045 1264 3118 Jerusalem,
1322 3069 1708 3113 commemorat
1757 3064 1911 3116 audi.

2017 3046 2383 3117 κληρονομίαν
2427 3066 2550 3120 μου.
2600 3053 2819 3108 Δέδωκα
2862 3056 2961 3127 τὴν
3007 3059 3369 3132 ἠγαπημένην
3414 3045 3589 3137 ψυχὴν

339 3133 484 3188 visse
509 3133 561 3188 in
595 3139 794 3204 templo
829 3153 1016 3194 vocem
1049 3145 1387 3212 sacerdotes,
1415 3147 1560 3202 velut
1599 3153 1910 3221 angelorum

339 3223 391 3276 in
423 3238 487 3278 eo
513 3224 858 3283 clamantium
890 3248 903 3284 :
941 3232 1046 3302 ιο
1065 3232 1353 3302 Migremus
1372 3238 1518 3292 hinc.
1537 3238 1765 3298 Obsessa
1784 3261 1911 3302 vero

336 3317 490 3380 urbe,
519 3321 731 3374 modum
778 3321 960 3394 eﬂ'ugii
1001 3327 1070 3380 ab
1099 3330 1351 3385 omnibus
1398 3334 1488 3400 qui
1546 3334 1599 3389 in
1633 3352 1693 3391 ea
1726 3350 1906 3404 erant,

335 3409 614 3476 quaesitum
669 3412 836 3470 fuisse
861 3457 876 3482 ,
913 3419 1001 3486 qui
1035 3419 1254 3475 dubium
1289 3423 1338 3476 id
1372 3428 1628 3492 quiddam
1654 3443 1779 3484 esse
1815 3445 1909 3499 po-

336 3500 484 3553 test?
520 3500 652 3557 Iline
684 3504 952 3571 conjicere
1007 3509 1165 3574 licet,
1221 3530 1341 3582 qua:
1383 3515 1622 3573 Judaicze
1665 3524 1907 3591 regionis

333 3589 470 3642 mala
508 3589 729 3648 luerim.
770 3595 903 3650 Nam
937 3601 1179 3658 obsessis
1217 3614 1298 3658 ter
1325 3609 1562 3675 optabile
1597 3589 1902 3681 videbatur,

332 3674 414 3729 vel
467 3676 627 3731 vitam
661 3695 987 3740 conservare
1017 3705 1032 3742 :
1063 3689 1128 3744 de
1151 3691 1308 3746 domo
1340 3674 1517 3750 autem
1547 3708 1602 3753 et
1625 3699 1902 3759 facultati-

330 3766 451 3833 bus,
480 3769 562 3825 vel
592 3771 753 3825 etiam
795 3775 861 3828 de
907 3778 1124 3834 civitate
1177 3783 1320 3837 nulla
1360 3785 1464 3842 illis
1510 3791 1732 3846 omnino
1773 3809 1902 3850 cura

331 3869 468 3911 erat.
509 3860 796 3916 Sciendum
828 3879 1086 3934 praeterea
1119 3872 1354 3931 hominis
1397 3880 1632 3936 animam
1667 3884 1901 3940 derelin-

327 3950 416 4017 qui
451 3963 480 4002 a
513 3949 622 4005 Deo
655 3955 997 4012 multifariam
1025 3982 1037 4016 :
1072 3965 1171 4018 nisi
1213 3971 1524 4039 praescripta
1550 3985 1696 4030 recte
1731 3992 1897 4031 exse.

326 4051 542 4108 quatnr,
573 4053 626 4096 et
656 4044 860 4100 Domini
899 4053 1132 4108 oraculis
1163 4060 1431 4114 cervicem
1454 4064 1766 4133 submittat,
1788 4072 1899 4139 pie-

327 4130 555 4200 tatisque
579 4133 783 4190 fructus
811 4142 1002 4208 pariat.
1035 4141 1290 4215 [Etenim
1319 4151 1363 4204 si
1393 4154 1515 4222 quis
1547 4130 1799 4214 nostrum.
1822 4164 1889 4217 ab

325 4223 478 4278 initio
505 4228 702 4292 probus
740 4230 920 4297 fuerit,
953 4231 972 4305 ]
1004 4236 1047 4288 si
1083 4253 1424 4310 nuncupatus
1458 4245 1600 4304 ﬁlius
1648 4261 1742 4305 aut
1786 4254 1890 4308 ﬁlia

321 4313 438 4378 Dei,
472 4315 513 4368 si
547 4318 710 4372 etiam
743 4319 894 4389 Sion,
930 4325 1029 4378 hoc
1051 4337 1129 4382 est
1157 4368 1172 4392 ,
1228 4335 1442 4400 specula
1476 4340 1765 4406 exstiterit,
1805 4347 1888 4398 ni-

322 4403 516 4456 mirum
546 4411 724 4463 :mitno
751 4413 1038 4471 excelsdct
1075 4429 1255 4474 mente
1294 4426 1603 4494 purissima,
1630 4439 1888 4502 mysteria

320 4493 559 4549 intuente
592 4513 655 4552 ac
684 4503 1059 4562 considerante
1094 4528 1107 4564 :
1150 4513 1194 4565 si
1229 4528 1356 4569 vero
1406 4518 1622 4586 deinde,
1655 4493 1775 4590 qua:
1812 4527 1891 4583 fas

319 4598 424 4638 non
467 4597 551 4641 est
595 4603 938 4662 perpetrare,
972 4609 1026 4652 ct
1062 4613 1307 4659 sanctum
1352 4607 1515 4664 lsrael
1559 4617 1890 4675 exacerbare

315 4677 676 4744 conspiciatur
719 4698 731 4733 :
793 4689 858 4738 ah
889 4687 1003 4756 ipso
1028 4693 1328 4762 deseretur,
1362 4715 1425 4754 ac
1457 4703 1603 4758 velut
1644 4707 1886 4764 incusto-

315 4766 426 4820 dita
455 4768 639 4835 ,vinca
671 4777 928 4841 prodetur
967 4781 1215 4854 Satanae,
1248 4801 1298 4842 et
1356 4795 1536 4849 carnis
1567 4795 1846 4856 alfectibus
1869 4844 1884 4867 ,

311 4859 562 4927 omnique
600 4865 796 4920 virtute
846 4883 1066 4937 vacuus,
1122 4881 1502 4952 pnes-larisque
1555 4889 1675 4942 vita:
1730 4890 1886 4946 insti-

314 4951 523 5002 tuenda:
549 4966 612 5006 ac
638 4964 1067 5020 conversationis
1088 4969 1371 5028 decoribus
1399 4975 1593 5044 nudus,
1623 4981 1879 5037 omnibus

309 5052 535 5097 onustus
563 5047 715 5103 malis
738 5051 1020 5112 eﬂicietur.

2017 3153 2117 3207 μου
2149 3140 2228 3201 είς
2267 3142 2456 3210 χεῖρας
2484 3141 2694 3212 ἐχθρῶν
2731 3146 2920 3215 αὐτῆς.
2968 3146 3227 3220 Ἑγενήθη
3268 3153 3300 3222 ἡ
3334 3154 3588 3226 κληρονο-

2017 3229 2112 3298 μία
2143 3245 2244 3298 μου
2285 3230 2428 3298 ἐμοὶ,
2461 3228 2536 3292 ὡς
2584 3231 2719 3284 λέων
2767 3234 2826 3286 ἐν
2869 3233 3081 3305 δρυμῷ,
3115 3236 3344 3292 δέδωκεν
3371 3242 3461 3295 ἐπ’
3488 3244 3586 3312 ἐμὲ

2012 3319 2196 3388 φωνὴν
2227 3320 2417 3387 αὐτῆς,
2462 3319 2552 3373 διὰ
2621 3321 2779 3374 τοῦτο
2827 3325 3066 3394 ἐμίσησα
3102 3329 3289 3398 αὐτήν.
3329 3348 3348 3380 ι
3391 3334 3588 3402 Διαμέ-

2013 3425 2212 3480 μνηται
2257 3409 2316 3462 δέ
2363 3427 2466 3462 που
2532 3411 2812 3482 Ἰώσηπος,
2862 3416 2890 3467 6
2922 3414 2990 3468 τὰ
3019 3417 3116 3482 τῆς
3171 3419 3437 3475 Ἰουδαίων
3482 3423 3584 3492 γῆς

2011 3501 2435 3572 ἐκτραγῳδὴσας
2484 3503 2651 3574 πάθη,
2757 3504 2834 3560 ὅτι
2888 3507 3184 3581 μελλούσης
3236 3512 3439 3567 ἁλῶναι
3483 3515 3583 3584 τῆς

2020 3589 2396 3663 ⁹ιερουσαλὴμ,
2429 3594 2625 3665 ἤκουον
2651 3597 2700 3648 οἱ
2729 3600 2899 3668 ἱερεῖς
2926 3599 2982 3652 ἐν
3008 3599 3086 3670 τῷ
3133 3601 3246 3673 ναῷ
3274 3603 3476 3674 φωνῆς,
3507 3605 3581 3669 ὡς

2006 3678 2114 3732 τῶν
2152 3681 2210 3734 ἐν
2253 3683 2402 3752 αὐτῷ
2435 3683 2680 3754 βοώντων
2723 3687 2992 3757 ἀγγέλων,
3042 3691 3471 3765 Μεταὸαίνωμεν
3500 3697 3582 3748 ἐν-

2004 3771 2216 3828 τεῦθεν.
2269 3774 2391 3828 Ὀτι
2459 3775 2516 3830 δὲ
2582 3775 2790 3842 πόλεως
2858 3782 3340 3856 πολιορκουμένης,
3405 3785 3581 3856 φυγῆς

2005 3863 2156 3934 παρὰ
2211 3865 2431 3918 πάντων
2477 3867 2720 3938 ζητεῖται
2749 3871 2948 3940 τρόπος
2999 3875 3108 3926 τῶν
3162 3878 3221 3928 ἐν
3274 3879 3431 3946 αὐτῇ,
3466 3879 3580 3940 πῶς

2001 3953 2147 4006 ἔστιν
2178 3955 2544 4024 ἀμφιδαλεῖνς
2599 3959 2849 4012 ἐντεῦθέν
2905 3964 3019 4014 ἐστι
3059 3963 3127 4015 τὰ
3160 3965 3262 4033 τῆς
3309 3967 3574 4020 Ἰουδαίων

2002 4041 2185 4113 χώρας
2223 4043 2710 4115 διατεκμαίρεσθαι
2753 4047 2921 4119 πάθη.
2960 4050 3297 4119 Τριπόθητον
3329 4052 3432 4122 γὰρ
3463 4059 3576 4118 τοῖς

1998 4135 2473 4206 πολιορκουμένοις
2508 4140 2864 4208 κατεφαίνετο
2892 4141 2986 4193 καὶ
3015 4141 3074 4194 τὸ
3104 4143 3274 4213 μόνην
3315 4145 3573 4199 δύνασθαι

1995 4226 2255 4280 διασῶσαι
2278 4227 2478 4300 ψυχήν.
2509 4229 2672 4282 Οίκου
2702 4229 2756 4283 δὲ
2797 4231 2890 4284 καὶ
2925 4233 3238 4303 περιουσίας
3272 4235 3304 4304 ἢ
3341 4236 3433 4287 καὶ
3473 4237 3574 4304 τῆς

1996 4316 2204 4380 πόλεως
2267 4319 2436 4390 αὐτῆς
2490 4320 2662 4384 οὐδεὶς
2718 4315 2786 4390 ἦν
2837 4321 3017 4384 αὐτοῖς
3069 4323 3349 4386 παντελῶς
3394 4323 3570 4392 λόγος.

1925 4399 1970 4457 D
2009 4409 2204 4462 Ἰστέον
2233 4409 2289 4462 δὲ
2316 4411 2398 4462 ὅτι
2429 4410 2522 4464 καὶ
2545 4411 2640 4481 τὴν
2664 4410 2758 4464 τοῦ
2793 4411 3080 4487 ἀνθρώπου
3108 4413 3284 4482 ψυχὴν
3318 4414 3566 4481 ἐγκατα-

1997 4499 2279 4553 λείπεσθαι
2332 4500 2480 4571 παρὰ
2528 4500 2661 4554 Θεοῦ
2717 4499 3002 4571 συμϐαίνει
3063 4501 3340 4567 πολλάκις,
3389 4505 3437 4555 εί
3496 4505 3570 4573 μὴ

1993 4590 2167 4643 ἕλοιτο
2217 4589 2461 4660 διορθοῦν
2511 4591 2578 4644 τὰ
2625 4592 3054 4663 διατεταγμένα,
3101 4594 3194 4647 καὶ
3231 4593 3569 4660 δεσποτικοίς

1995 4682 2360 4752 θεσπίσμασιν
2391 4682 2741 4753 ὑποφέρουσα
2772 4683 2860 4736 τὸν
2912 4683 3136 4753 αὐχένα,
3181 4685 3308 4748 τοὺς
3355 4685 3456 4756 τῆς
3488 4689 3568 4748 είς

1993 4775 2156 4828 αὐτὸν
2199 4774 2480 4838 εὐσεϐείας
2513 4775 2791 4829 ἀποτίκτει
2842 4774 3108 4845 καρπούς.
3145 4776 3207 4828 Εἰ
3241 4777 3333 4831 καὶ
3361 4795 3572 4851 κεχρη-

1996 4867 2220 4934 μάτικεν
2254 4866 2366 4930 υἱὸς
2414 4866 2445 4936 ἢ
2495 4866 2738 4938 θυγάτηρ
2773 4865 2930 4930 Θεοῦ,
2965 4869 3013 4920 εί
3049 4869 3143 4921 καὶ
3181 4869 3372 4938 γέγονε
3408 4870 3564 4933 Σιὼν,

1989 4958 2018 5010 ὅ
2055 4959 2172 5010 ἐστι
2206 4958 2618 5027 σκοπευτήριον,
2651 4957 2795 5011 τοῦτ’
2848 4959 2995 5012 ἔστιν
3039 4961 3096 5012 ἐν
3143 4960 3318 5032 ὑψηλῇ
3364 4960 3562 5029 διανοίᾳ

1993 5051 2089 5104 καὶ
2118 5049 2193 5120 νῷ
2225 5050 2594 5121 καθαρωτάτῳ
2623 5053 2717 5103 καὶ
2741 5053 2874 5123 ὁρᾷν
2905 5053 3065 5106 εἰδότι
3099 5056 3392 5124 μυστήριαο
3450 5046 3558 5106 εἶτα

307 5127 468 5197 δρῶν,
507 5133 542 5186 ἃ
595 5138 667 5209 μὴ
703 5138 875 5211 θέμις,
892 5147 1243 5218 παροτρῦνων
1269 5152 1439 5223 ὁρῷτο
1465 5157 1554 5211 τὸν
1588 5159 1741 5228 ἅγιον
1774 5168 1866 5220 τοῦ
1905 5167 2144 5240 Ἰσραὴλ,
2189 5162 2746 5232 ἐγκαταλειφθήσεται
2791 5166 2922 5236 παρ’
2997 5165 3182 5229 αὐτοῦ,
3236 5165 3328 5217 καὶ
3350 5154 3438 5213 οἶά
3475 5176 3556 5260 τις

310 5217 651 5260 {lammina-um.
699 5231 958 5260 ἅμα-...πλη
1005 5237 1185 5260 eumne
1209 5257 1283 5260 ﬁ,
1439 5245 1463 5258 σο
1504 5248 1540 5260 τ.
1691 5253 1715 5260 -
1856 5257 1866 5260 _
2146 5255 2187 5260 ,Α
2358 5253 2382 5260 _
2615 5253 2626 5260 .
2735 5254 2756 5260 ..
2893 5258 2901 5260 Α
3088 5256 3099 5260 -
3171 5253 3181 5260 .
3371 5254 3379 5260 .

310 5217 651 5292 ἀφρούρητος
697 5231 958 5302 ἀμπελὼν
1003 5237 1349 5310 ἐκδοθήσεται
1396 5245 1472 5315 τῷ
1504 5248 1736 5322 Σατανᾷ,
1784 5257 1878 5310 καὶ
1915 5217 2026 5322 τοῖὲ
2079 5217 2283 5310 ⁸πάθεσι
2321 5253 2420 5323 τῆς
2469 5253 2690 5323 σαρκὸς,
2733 5254 2934 5326 ἔρημός
2980 5273 3037 5308 τε
3077 5253 3291 5322 ἁπάσης
3357 5254 3556 5321 ἀρετης

310 5309 743 5354 ἀναειτινῆοᾶηεομ..
802 5327 890 5354 ...Α
957 5330 1159 5354 ........ι-
1233 5334 1286 5354 ,με
1348 5352 1359 5354 ,
1431 5337 1442 5352 ο
1637 5343 1662 5354 ι..
1735 5348 1747 5354 -
1892 5351 1903 5354 ,
2017 5351 2025 5354 .
2128 5349 2139 5354 -
2234 5347 2286 5354 -..
2455 5346 2467 5354 ι
2654 5350 2663 5354 -
2748 5349 2758 5354 -
2820 5350 2829 5354 -
2884 5349 2896 5354 -
3187 5345 3208 5354 -

307 5309 765 5386 ἀναδειχθήσεταν,
802 5327 894 5379 καὶ
957 5330 1159 5399 γυμνὸς
1227 5334 1558 5405 αὐχημάτων
1595 5343 1703 5396 τῶν
1731 5348 1796 5400 ἐκ
1825 5351 2092 5413 πολιτείας
2118 5347 2347 5417 ἀγαθῆς,
2385 5346 2478 5400 καὶ
2508 5350 2706 5410 παντὸς
2737 5349 3014 5408 ἀνάπλεως
3046 5345 3233 5397 κακῡῧ.

387 5403 546 5460 Vtilis.
574 5409 626 5461 ί).
667 5412 730 5464 Et
766 5421 865 5473 nisi
899 5422 1148 5480 [lomfmts
1180 5428 1411 5485 Sabaoth
1454 5435 1744 5506 reliquisset
1781 5460 1871 5495 n0-

386 5671 426 5702 ⁸⁸
451 5671 616 5728 Zaclt.
649 5689 707 5740 It,
763 5677 815 5732 5.
901 5680 940 5711 "
969 5681 1008 5734 Ι)

1013 5687 1108 5740 sal.
1152 5703 1278 5756 cxx,
1311 5693 1364 5746 5.

1444 5696 1484 5726 ¹⁶
1523 5695 1782 5763 lsa.v,6.
1863 5700 1901 5730 ’⁷
1941 5698 2129 5756 Matth.
2194 5721 2345 5768 χχιιι,
2401 5707 2609 5771 37,38.
2691 5707 2730 5737 ”'
2789 5711 2988 5762 Jercm.
3045 5723 3138 5772 an,

2050 5443 2156 5498 Kal
2198 5445 2248 5496 ει
2290 5441 2374 5511 μὴ
2425 5442 2640 5511 Κύριος
2673 5442 2910 5496 Σαϐαὼθ
2947 5440 3368 5508 ἐγκατέλειπεν
3413 5439 3554 5509 ἡμῖν

3204 5708 3257 5775 7,
3290 5711 3342 5764 ε.
