4012 6216
383 335 455 389 τε
1527 324 1596 378 IN
1637 321 1892 380 lSAlAM.
1937 322 2063 378 Lis.
2109 324 2145 378 ι.
2187 323 2396 379 ortu.
2441 322 2480 380 ι.
3587 327 3658 383 st

386 454 562 524 σίμως
619 447 739 508 ταῖς
797 443 879 507 είς
937 439 1094 493 τοῦτο
1146 437 1449 503 νουθεσίαις
1506 439 1604 510 τὴν
1668 437 1978 508 ἐπίπληξιν,

2088 438 2139 492 in
2175 439 2281 494 illis
2314 439 2429 493 haec
2459 437 2704 494 stultitia
2735 438 2977 494 vulnera.
3003 437 3234 509 Ideoque
3268 441 3436 496 dicit:
3461 441 3654 498 Audite

386 538 672 612 μονονουχὶ
702 533 964 594 ποικίλως
1008 529 1396 599 έσκευασμένῳ
1432 530 1710 600 φαρμάκῳ
1774 530 1844 582 τὰ
1879 528 1979 598 τῆς

382 636 441 686 έν
472 632 658 692 αὐτοῖς
696 624 1020 684 δυσϐουλίας
1075 620 1394 691 θεραπεύων
1433 619 1744 690 τραύματα.
1795 619 1979 689 Ταύτῃ

381 742 485 788 τοι,
513 723 698 792 φησιν,
720 716 992 772 ἀκούσατε
1010 715 1165 780 λόγον
1191 713 1417 784 Κυρίου,
1434 713 1692 783 ἄρχοντες
1710 711 1976 780 Σοδόμων,

383 817 683 888 προσέχετε
709 812 872 880 νόμον
893 805 1052 870 Θεοῦ,
1071 806 1198 869 λαὸς
1221 805 1520 876 Γομόρρας.
1565 804 1807 867 ’Δκούεις
1831 806 1979 868 ὅπως

382 908 578 977 δήμοις
615 903 712 956 καὶ
742 901 972 971 ἄρχουσι
1001 897 1100 966 τὴν
1132 896 1190 962 ἐξ
1223 897 1442 965 ἀγάπης
1486 894 1622 966 ὁμοῦ
1661 898 1752 948 καὶ⁸
1793 895 1976 965 θεοφι-

384 993 510 1054 λοῦς
545 989 894 1060 φρονήματος
923 984 1177 1054 ἐπιφέρει
1207 985 1422 1054 ῥάϐδον,
1455 986 1551 1037 καὶ⁸
1587 984 1810 1055 πλήττει
1841 986 1976 1040 πολὺ

384 1080 678 1140 νοσοῦντας
706 1077 766 1130 τὸ
798 1072 1045 1136 ἀπειθές.
1072 1073 1266 1125 Πόλεσι
1292 1071 1348 1125 δὲ
1375 1075 1493 1136 ταῖς
1520 1073 1976 1137 δυσσεϐεστάταις

385 1169 714 1241 παβικάζει
759 1169 858 1237 τὴν
894 1165 1273 1235 Ἰερουσαλὴμ,
1319 1165 1394 1228 ὡς
1425 1165 1686 1236 πλείστης
1723 1166 1818 1234 μὲν
1845 1167 1976 1236 ὅσης

383 1265 695 1332 ἀνάμεστον
722 1259 1020 1329 ἁμαρτίας,
1051 1257 1144 1310 καὶ
1185 1257 1260 1320 ὡς
1288 1257 1477 1310 οὐδένα
1510 1257 1790 1321 παντελῶς
1823 1258 1976 1328 έχου-

384 1353 1971 1424 σανὲνὲαυτῇ.............

386 1440 1975 1510 ............ὲὸουλεύετομὲν

386 1537 494 1608 γὰρ
520 1536 548 1586 ὁ
575 1533 686 1586 τῶν
720 1533 857 1585 ὅλων
883 1531 1018 1593 Θεὸς
1051 1530 1151 1593 τὰς
1179 1529 1288 1582 τῶν
1317 1530 1620 1600 Σοδομιτῶν
1653 1530 1976 1600 κατεμπρῆ-

393 1642 482 1677 σαι
509 1623 712 1684 πόλεις,
737 1622 833 1674 καὶ
865 1617 1260 1673 ἀνεκοινώσατο
1278 1619 1338 1671 τὸ
1359 1619 1550 1688 χρῆμα
1579 1618 1657 1689 τῷ
1692 1618 1970 1689 Ἀδραάμς

394 1715 424 1764 ὁ
469 1711 525 1763 δὲ
560 1710 688 1780 πρὸς
729 1708 918 1761 αὐτόν·
949 1725 967 1758 ι
1003 1707 1096 1777 Μὴ
1133 1705 1404 1778 ἀπολέσῃς
1440 1707 1647 1760 δίκαιον
1692 1708 1808 1777 μετ’
1842 1709 1970 1760 ἀσεο

2087 543 2391 584 sermonem
2434 529 2667 595 Domini,
2703 531 2973 599 principes
3016 531 3392 600 Sodomorum,
3441 536 3656 589 attende

2087 618 2258 690 legem
2315 621 2430 685 Dei,
2467 623 2693 689 populus
2735 622 3070 677 Gomorrhm.
3121 624 3357 678 Audisne
3387 624 3653 692 quomodo

2049 747 2055 752 -
2087 710 2228 780 plebi
2276 719 2331 764 et
2371 711 2705 779 principibus
2730 728 2793 766 ex
2828 729 3012 766 amore
3056 713 3215 766 simul
3260 722 3314 766 et
3348 713 3436 782 pio
3463 712 3652 768 all'ectu

2086 803 2290 868 virgam
2350 799 2583 865 inferat,
2633 811 2684 854 et
2737 802 3114 855 inobedientize
3155 805 3344 856 morbo
3378 815 3659 872 corruptos

2085 888 2240 943 feriat
2269 891 2290 943 ?
2324 891 2559 946 Urbibus
2587 905 2764 945 autem
2799 894 3172 961 perditissimis
3205 905 3256 947 et
3291 897 3521 950 ittaxitne
3561 896 3660 948 im-

2085 982 2188 1050 piis
2214 981 2512 1036 Jerusalem
2537 992 2834 1052 comparat,
2862 993 2918 1036 ut
2944 985 3131 1037 multis
3158 996 3463 1052 conpertam
3490 987 3654 1050 vitiis,

2085 1086 2184 1125 nec
2208 1072 2500 1142 quidquam
2527 1074 2683 1141 plane
2706 1073 2758 1126 in
2788 1091 2843 1128 se
2875 1077 3181 1136 habentem.
3205 1081 3343 1130 unde
3371 1079 3659 1132 verisimile

2082 1171 2226 1215 esset
2249 1177 2404 1230 posse
2425 1180 2542 1216 eam
2572 1165 2835 1218 minarum
2861 1167 2966 1217 vim
3010 1166 3374 1236 impetumque
3401 1167 3655 1235 emisere.

2082 1251 2264 1306 Voluit
2297 1257 2441 1308 enim
2480 1255 2852 1309 universitatis
2899 1257 3040 1311 Deus
3071 1258 3230 1311 urbes
3269 1259 3654 1312 Sodomitano-

2084 1359 2202 1396 rum
2246 1344 2556 1407 incendere,
2592 1361 2814 1413 remque
2845 1363 2966 1401 cum
3010 1349 3321 1402 Ahraliatno
3355 1351 3658 1404 conminui-

2091 1436 2254 1488 cavit.
2281 1437 2378 1490 Cui
2414 1438 2501 1489 ille
2531 1454 2544 1488 :
2583 1455 2602 1488 ι
2649 1439 2902 1504 l\unquid
2933 1443 3120 1506 perdes
3152 1440 3353 1505 justum
3385 1457 3507 1494 cum
3558 1443 3658 1494 imu-

2082 1525 2207 1593 pio?
2243 1527 2307 1579 Et
2333 1529 2435 1580 erit
2459 1528 2637 1595 justus
2665 1529 2890 1594 perinde
2933 1541 2991 1584 ut
3023 1531 3219 1598 impius
3240 1531 3323 1584 “i
3359 1550 3377 1583 ι
3410 1532 3658 1586 Promisit

2081 1628 2260 1670 autem
2288 1618 2446 1682 Deus,
2467 1619 2510 1671 si
2544 1620 2594 1672 in
2622 1619 2870 1673 Sodomis
2893 1622 3076 1674 decem
3097 1622 3226 1688 jttSti
3262 1625 3654 1686 invenirentur,

2080 1722 2138 1761 se
2157 1708 2223 1762 :tb
2247 1709 2323 1761 ira
2348 1707 2698 1764 destilurunt.
2723 1712 2885 1776 Atqui
2914 1728 3017 1764 non
3047 1725 3173 1766 sunt
3201 1715 3400 1766 inventi
3431 1731 3444 1767 :
3477 1717 3658 1780 itaque

397 1802 559 1864 605;;
586 1803 675 1853 καὶ
706 1801 860 1853 ἔσται
888 1801 917 1851 ὁ
941 1799 1150 1861 δίκαιος
1180 1798 1255 1862 ὡς
1284 1800 1312 1850 ὁ
1343 1798 1544 1868 ἀσεϐής
1569 1816 1582 1859 ;
1613 1816 1631 1849 ι
1675 1799 1976 1870 Ἐπηγγέλ-

2082 1799 2269 1868 dignas
2297 1816 2362 1854 ac
2397 1802 2511 1855 suis
2552 1800 2768 1867 ﬂagitiis
2798 1818 2954 1870 pares
2995 1819 3181 1872 pinnas
3211 1806 3490 1858 dederunt.
3513 1805 3658 1858 Talis

392 1893 514 1944 λετο
541 1891 597 1944 δὲ
630 1891 785 1953 Θεὸς,
821 1891 872 1942 εί
904 1886 1178 1958 εὑρεθεῖεν
1209 1888 1266 1940 έν
1295 1886 1546 1957 Σοδόμοις
1587 1886 1719 1941 δέκα
1755 1887 1976 1952 δίκαιοι,

386 1985 490 2054 τῆς
515 1984 599 2036 ἐπ’
627 1983 815 2043 αὐτοῖς
843 1979 1214 2049 καταπλήξειν
1247 1978 1440 2049 ὀργῆς.
1484 1977 1623 2032 Ἀλλ’
1653 1978 1754 2046 οὐχ
1777 1979 1981 2050 ηὕρην-

386 2091 503 2127 ται.
537 2075 828 2143 Τοιγάρτοι
859 2071 954 2125 καὶ
980 2069 1296 2123 έκτετίκασι
1347 2069 1448 2133 τὰς
1480 2071 1594 2134 τοῖς
1617 2068 1826 2124 ἑαυτῶν
1852 2069 1981 2123 δυσ-

391 2167 706 2236 σεδήμασιν
737 2163 1053 2234 ίσομέτρους
1078 2161 1256 2224 δίκας.
1280 2162 1516 2230 Τοιαύτη
1537 2178 1620 2226 τις
1643 2157 1711 2233 ἦν
1734 2162 1768 2232 ή
1800 2177 1982 2232 κυριο-

394 2258 589 2318 κτόνος
627 2255 974 2326 Ἰερουσαλὴμ
1001 2251 1202 2324 πολλὴν
1243 2252 1441 2323 ἔχουσα
1479 2252 1588 2306 τῶν
1629 2253 1850 2307 δικαίων
1885 2253 1981 2324 τὴν

399 2349 619 2400 σπάνιν.
654 2345 759 2398 Καὶ
786 2342 911 2413 γοῦν
937 2344 1184 2414 ἐλιπάρει
1210 2343 1311 2412 μὲν
1336 2345 1364 2396 ὁ
1393 2344 1678 2414 προφήτης
1714 2343 1982 2414 Ἱερεμίας

393 2440 524 2508 περὶ
557 2438 745 2508 αὐτῆς.
789 2437 928 2508 Ἔφη
974 2436 1031 2489 δὲ
1074 2436 1228 2500 Θεός’
1275 2453 1294 2486 ι
1343 2433 1714 2506 Περιδράμετε
1759 2436 1818 2487 ὲν
1862 2437 1981 2498 ταῖς

389 2533 532 2595 ὁδοῖς
571 2529 944 2600 Ἰερουσαλήμ,
979 2530 1072 2582 καὶ
1101 2529 1260 2593 ἴδετε,
1293 2527 1387 2580 καὶ
1432 2526 1627 2595 γνῶτε,
1674 2527 1768 2580 καὶ
1815 2526 1980 2599 ζητή-

391 2637 525 2676 σατε
556 2623 613 2673 ἐν
639 2623 760 2684 ταῖς
790 2620 1075 2682 πλατείαις
1111 2620 1302 2690 αὐτῆς,
1339 2619 1435 2671 ἐὰν
1479 2617 1677 2688 εὕρητε
1706 2617 1896 2688 ἄνδρα,
1929 2619 1978 2672 εί

390 2712 508 2764 ἐστι
551 2711 722 2765 ποιῶν
752 2713 948 2783 κρῖμα,
978 2710 1067 2764 καὶ
1095 2709 1274 2780 ζητῶν
1311 2709 1515 2772 πίστιν,
1542 2709 1637 2761 καὶ
1662 2706 1820 2770 ἵλεως
1858 2707 1979 2760 ἔσο-

398 2821 500 2874 μαι
539 2806 696 2876 αὐτῇ,
738 2803 889 2873 λέγει
939 2803 1162 2874 Κύριος.
1195 2822 1214 2854 ι
1249 2802 1374 2855 Ὅτι
1406 2799 1605 2864 τοίνυν,
1639 2798 1868 2870 ρυπῶσά
1895 2815 1977 2864 τε,

397 2896 495 2948 καί
521 2896 631 2959 τοῖς
662 2897 726 2950 ἐκ
750 2894 1088 2964 φαυλότητος
1119 2892 1284 2964 μολυσ
1292 2892 1412 2962 μοῖς
1443 2889 1796 2961 πολυτρόπως
1824 2905 1982 2959 κεκη-

397 2985 685 3057 λιδωμένη,
716 2986 810 3038 καὶ
832 2984 1033 3055 πολλὴν
1063 2983 1260 3054 ἔχουσα
1288 2981 1396 3034 τῶν
1419 2980 1591 3048 ἁγίων
1629 2979 1728 3050 τὴν
1759 2979 1976 3043 σπάνιν,

397 3077 608 3148 Σόδομά
642 3093 704 3130 τε
749 3076 924 3148 αὐτὴν
958 3076 1050 3129 καὶ
1085 3075 1338 3145 Γομόρῤα
1377 3071 1552 3134 καλεῖ,
1595 3069 1742 3134 λαοῖς
1785 3089 1843 3124 τε
1883 3071 1976 3125 καὶ

392 3169 741 3239 ἡγουμένοις,
763 3167 864 3236 τῆς
899 3164 1203 3235 Σοδομιτῶν
1229 3160 1571 3233 ἀκαθαρσίας
1605 3161 1857 3231 ἐπιφέρει
1886 3162 1976 3215 τον

401 3259 611 3331 μῶμον.
637 3258 701 3311 Τί
731 3259 787 3312 δὲ
811 3259 877 3327 δὴ
899 3257 995 3311 καί
1026 3272 1190 3326 φησιν
1215 3272 1229 3321 ;
1263 3252 1531 3308 ἀκούσατε
1563 3251 1719 3320 λόγον
1754 3252 1979 3323 Κυρίου,

395 3353 654 3421 ἄρχοντες
696 3350 968 3420 Σοδόμων,
1019 3347 1313 3419 προσέχετε
1358 3346 1520 3416 νόμον
1553 3345 1687 3398 Θεοῦ
1727 3345 1854 3409 λαὸς
1888 3346 1984 3398 Γο-

399 3444 634 3516 μόρρας.
686 3441 1046 3512 Ἀνανήψατε,
1095 3441 1278 3509 φησὶν,
1322 3438 1517 3510 βραχύ.
1569 3439 1676 3494 Καὶ
1731 3441 1849 3500 ταῖς
1886 3435 1980 3490 τοῦ

397 3536 682 3603 πανσόφου
720 3532 964 3596 Μωσέως
1013 3534 1236 3600 φωναῖς,
1269 3531 1364 3601 τῆς
1395 3531 1603 3584 ἑαυτῶν
1626 3529 1864 3593 διανοίας
1890 3529 1982 3582 τὸν

395 3625 678 3694 ὸιρθαλμον
719 3623 1001 3687 ἐνιδόντες,
1045 3621 1106 3672 τὸ
1144 3620 1380 3692 Χριστοῦ
1429 3624 1606 3676 νοεῖτε
1661 3623 1973 3693 μυστήριον.

409 3718 558 3784 Ἔφη
581 3716 688 3786 γὰρ
705 3717 734 3768 ὁ
760 3716 981 3785 Μωσῆςο
1019 3731 1040 3765 ι
1065 3713 1185 3765 Ὀτι
1212 3713 1498 3783 προφήτην
1530 3714 1656 3783 ὑμῖν
1688 3713 1981 3782 ἀναστήσει

411 3808 611 3879 Κύριος
654 3809 682 3860 ὁ
713 3807 839 3870 Θεὸς
870 3805 1023 3876 ὑμῶν
1064 3807 1144 3859 ὲκ·
1162 3805 1270 3858 τῶν
1304 3805 1547 3874 ἀδελφῶν
1575 3803 1729 3873 ὑμῶν
1754 3805 1829 3866 ὼς
1859 3803 1979 3873 ὲμέ’

407 3898 579 3953 αὐτοῦ
623 3897 909 3951 ἀκούσεσθε
955 3897 1096 3950 κατὰ
1139 3895 1322 3950 πάντα
1356 3897 1458 3950 ὅσα
1490 3894 1558 3950 ἂν
1593 3895 1804 3967 λαλήσῃ
1847 3894 1983 3963 πρὸς

401 3993 573 4060 ὑμᾶς.
610 4009 628 4041 ι
672 3989 961 4042 Ἀκούσατε
991 3989 1169 4041 τοίνυν
1220 3987 1376 4055 λόγον
1409 3987 1638 4058 Κυρίου,
1685 3985 1982 4055 προσέχετε

397 4085 494 4138 τὸν
539 4082 635 4136 τοῦ
675 4081 809 4136 Θεοῦ
845 4081 1045 4152 νόμον·
1077 4079 1221 4132 τοῦτ’
1257 4079 1394 4143 ἐστι,
1429 4080 1656 4149 νοήσατε
1694 4077 1788 4130 καὶ
1830 4076 1984 4128 αὐτοὶ

397 4177 513 4230 τῶν
559 4173 930 4246 εύαγγελικῶν
977 4171 1364 4241 θεσπισμάτων
1402 4169 1499 4240 τὴν
1531 4169 1778 4238 δύναμιν.
1813 4165 1985 4238 Τοῦτο

399 4271 775 4340 προσ-τέταχεν
802 4271 830 4322 ὁ
852 4267 1077 4336 Μωσῆςο
1116 4263 1452 4331 παιδαγωγεῖ
1477 4261 1584 4333 γὰρ
1610 4262 1703 4314 ἐπὶ
1728 4260 1984 4330 Χριστὸν,

399 4364 500 4414 καὶ
544 4360 654 4413 τῶν
691 4358 934 4430 νομικῶν
969 4355 1355 4426 θεσπισμάτων
1397 4352 1459 4404 τὸ
1493 4351 1666 4421 πέρας
1696 4352 1774 4412 εἰς
1802 4349 1864 4402 τὸ
1895 4348 1982 4401 ἐπ’

2082 1909 2296 1963 quoque
2336 1893 2438 1948 fuit
2469 1894 2583 1948 haec
2623 1894 2924 1950 Jerusalem
2957 1897 3165 1952 Domini
3209 1899 3565 1957 interl’ectrix.
3601 1903 3656 1952 in

2081 2000 2186 2054 qua
2220 2001 2413 2054 magna
2447 1999 2562 2040 erat
2597 1985 2872 2051 justorutn
2924 1987 3200 2040 hominum
3230 1991 3469 2054 penuria.
3518 1987 3657 2042 Nam

2080 2090 2204 2129 cum
2245 2091 2344 2144 pro
2376 2091 2437 2129 ea
2483 2075 2751 2130 Jerernias
2798 2079 3059 2145 praplieta
3111 2079 3472 2146 supplicaret,
3515 2079 3658 2135 dixit

2086 2163 2229 2218 Deus
2260 2181 2276 2218 :
2316 2184 2334 2216 ι
2368 2166 2802 2220 Circumcursate
2833 2168 2885 2220 in
2918 2167 3020 2220 viis
3047 2164 3348 2220 Jerusalettt
3375 2176 3429 2220 et
3452 2168 3651 2236 videte,

2081 2263 2136 2310 et
2182 2257 2528 2326 cognoscite,
2579 2271 2781 2326 perque
2832 2259 3037 2327 plateas
3083 2259 3201 2326 ejus
3248 2259 3574 2324 conquirite,
3608 2259 3655 2313 si

2079 2360 2242 2415 quem
2285 2350 2627 2415 comperietis
2666 2351 2871 2412 virum,
2918 2349 3008 2417 qui
3049 2348 3141 2420 jus
3189 2351 3352 2404 faciat
3392 2360 3445 2404 et
3495 2349 3655 2406 tidem

2081 2444 2319 2503 quaerat,
2365 2446 2420 2490 et
2469 2438 2734 2505 propitius
2778 2453 2874 2491 ero
2921 2438 3019 2500 illi,
3057 2439 3186 2492 dicit
3231 2440 3488 2494 Daminus
3528 2441 3594 2493 ".
3629 2458 3650 2494 ι

2079 2526 2216 2592 Quia
2247 2541 2377 2597 ergo
2408 2528 2685 2595 inquinata
2719 2541 2886 2590 esset.
2917 2541 2970 2582 et
3007 2532 3057 2583 in
3101 2531 3367 2584 scelerum
3406 2531 3656 2585 sordibus

2080 2619 2432 2672 multifariam
2479 2619 2737 2682 volutata,
2771 2636 3074 2691 inagnaque
3119 2623 3388 2677 laboraret
3431 2633 3655 2678 sam-to-

2082 2724 2202 2764 rum
2235 2709 2434 2779 inapia,
2469 2708 2763 2765 Sodomam
2794 2723 2949 2766 vocat
2987 2728 3140 2774 eain,
3181 2723 3235 2767 et
3273 2715 3654 2782 Gomorrliam,

2079 2811 2134 2854 et
2167 2815 2290 2853 cum
2333 2802 2527 2869 populo
2558 2813 2669 2854 ttnn
2707 2803 3042 2872 principibus
3083 2804 3427 2858 Sodomilit'm
3474 2806 3654 2873 impu-

2081 2891 2258 2946 titulis
2299 2891 2472 2946 labem
2508 2895 2766 2961 aspergit.
2804 2895 2944 2959 Quid
2978 2896 3121 2948 enim
3152 2897 3268 2948 ait?
3311 2898 3502 2950 Audite
3537 2913 3658 2952 ver-

2082 2982 2208 3037 bum
2249 2984 2483 3044 Domini,
2523 2984 2792 3051 print-ipes
2825 2983 3204 3041 Sodomorum.
3236 2993 3451 3039 attende
3485 2989 3655 3053 legem

2085 3076 2198 3139 Dei,
2227 3075 2419 3143 popule
2447 3074 2782 3130 Gomorrliz.
2816 3074 3096 3144 EVigilate,
3123 3078 3318 3146 inquit,
3345 3094 3654 3148 parumper,

2081 3177 2133 3221 et
2179 3167 2565 3234 sapientissimi
2609 3166 2773 3220 Musis
2809 3169 2986 3220 verbis
3024 3168 3180 3219 oculo
3225 3173 3422 3222 mentis
3463 3183 3656 3225 vestrm

2083 3259 2308 3324 intento,
2343 3259 2544 3310 Christi
2578 3261 2892 3329 mysterium
2937 3259 3241 3329 intelligite.
3293 3263 3432 3314 Dixit
3460 3266 3658 3330 quippe

2081 3350 2256 3405 Moses
2287 3369 2305 3405 ς
2343 3369 2361 3401 ι
2399 3352 2723 3418 ΡιῸιιΙιθιιιιιι
2750 3353 3012 3406 excitabit
3040 3356 3190 3406 vobis
3229 3353 3488 3407 Dominus
3517 3357 3655 3408 Deus

2079 3453 2263 3496 vester
2345 3457 2410 3496 ex
2460 3443 2718 3497 fratribus
2768 3447 2963 3498 vestris
3012 3445 3240 3497 similem
3301 3447 3425 3498 mei.
3478 3446 3652 3511 Ipsum

2079 3536 2320 3590 audietis
2349 3536 2400 3588 in
2431 3540 2683 3590 omnibus
2715 3551 3050 3606 quaecunque
3099 3539 3311 3591 locutus
3351 3537 3510 3592 fuerit
3562 3555 3656 3592 vo-

2083 3627 2164 3682 bis
2209 3629 2349 3681 ”'”.
2381 3646 2400 3679 ι
2431 3629 2627 3684 Audite
2668 3631 2826 3698 igitur
2865 3631 3084 3685 verbum
3123 3633 3355 3694 Domini,
3393 3635 3656 3690 attendite

2083 3717 2254 3787 legem
2285 3719 2400 3782 Dei,
2444 3720 2494 3773 id
2523 3731 2626 3783 est,
2673 3720 2958 3788 intelligite
2990 3723 3151 3773 etiam
3196 3723 3404 3790 ipsituel
3449 3725 3658 3792 angi-li-

2084 3824 2271 3861 corum
2301 3809 2644 3863 oraculorum
2670 3813 2801 3862 vim.
2837 3811 2944 3862 llor
2974 3809 3147 3862 Moses
3175 3814 3447 3880 pra-cepit,
3475 3817 3650 3882 parda-

2082 3912 2248 3968 gogus
2281 3899 2424 3952 enim
2457 3910 2536 3951 est
2574 3897 2640 3951 ad
2669 3900 2976 3961 illiristutn.
3012 3911 3066 3954 et
3097 3901 3219 3955 linis
3253 3903 3499 3970 legalium
3530 3922 3658 3958 ora-

2083 3989 2324 4042 culorum
2358 3989 2608 4057 'perlinot
2655 3991 2722 4040 ad
2770 3990 2868 4042 hoc
2896 3990 2964 4044 de
3000 3991 3087 4044 illo
3119 3993 3460 4062 mysterium.
3564 3995 3655 4049 Vel

2083 4081 2254 4151 legent
2295 4080 2413 4146 Dei,
2453 4079 2924 4149 reprcltensimtem
2961 4085 3087 4136 dicit
3115 4085 3211 4153 (l).
3295 4083 3492 4140 Verum
3537 4089 3656 4141 exi-

2082 4173 2337 4234 stitnatis,
2375 4172 2570 4242 inquit,
2600 4188 2696 4227 vos
2731 4174 2952 4242 pulchre
2979 4175 3190 4242 placere
3221 4177 3347 4240 Deo,
3383 4181 3522 4244 quod
3553 4177 3658 4250 ια,

2087 4264 2262 4334 lypica
2298 4273 2354 4316 et
2386 4263 2683 4317 umbratica
2725 4263 2951 4328 implere
2981 4265 3266 4318 studentis.
3309 4267 3504 4318 Audite
3535 4282 3656 4320 etilli

2086 4352 2394 4420 loquentem
2453 4353 2730 4419 antiquam
2785 4352 2993 4420 legem,
3047 4355 3305 4420 vobisque
3361 4355 3656 4420 dicentem,

401 4451 554 4520 αὐτῷ
591 4451 778 4520 βλέπει
811 4448 1127 4518 μυστήριον.
1171 4444 1309 4497 Ἀλλ’
1337 4442 1536 4508 οἴεσθε,
1574 4441 1759 4510 φησὶν,
1790 4439 1979 4510 εὐαρε-

2086 4442 2352 4510 Quorsum
2389 4445 2518 4498 milii
2555 4443 2841 4496 multitudo
2875 4443 3271 4497 sacriﬁciorum
3314 4446 3658 4499 vostrorum?

404 4544 550 4594 στεῖν
581 4541 660 4610 τῷ
687 4539 826 4608 Θεῷ,
857 4538 946 4591 διὰ
977 4536 1072 4591 τοῦ
1108 4534 1349 4606 πληροῦν
1379 4533 1588 4588 ἐθέλειν
1611 4531 1680 4585 τὰ
1709 4533 1768 4584 ὲν
1791 4529 1984 4592 τύποις

402 4635 499 4687 καὶ
540 4635 739 4696 σκιαῖς.
793 4631 1090 4685 ’Δκούσατε
1127 4629 1377 4697 λέγοντος
1409 4625 1502 4680 τοῦ
1532 4625 1628 4679 καὶ
1662 4623 1826 4677 αὑτὸν
1856 4622 1984 4693 ὑμῖν

399 4726 495 4778 τὸν
526 4724 693 4778 πάλαι
725 4722 1059 4793 λαλήσαντος
1090 4721 1271 4791 νόμον.
1309 4718 1374 4771 Τί
1408 4733 1497 4787 μοι
1528 4714 1730 4785 πλῆθος
1757 4713 1866 4766 τῶν
1893 4712 1985 4764 θυ-

405 4816 538 4869 σιῶν
575 4815 750 4885 ὑμῶν,
780 4813 927 4880 λέγει
957 4811 1178 4883 Κύριος.
1213 4810 1433 4880 Πλήρης
1471 4807 1606 4877 είμί.
1651 4806 1715 4858 El
1751 4805 1849 4874 μὲν
1873 4803 1984 4875 γὰρ

401 4908 482 4970 ὡς
511 4905 749 4976 δεομένῳ
787 4904 1114 4976 προσάγετε,
1142 4897 1490 4970 πεπλάνησθε
1513 4895 1608 4950 τοῦ
1636 4895 1983 4957 sithoc,“-

401 4995 511 5067 φοῦ
550 5013 609 5049 τε
651 4997 749 5050 καὶ
776 4993 1011 5063 ἀληθοῦς
1051 4991 1462 5064 διημαρτήκατι
1499 4985 1784 5057 λογισμοῦ.
1817 4984 1986 5038 Ἐνδεῖ

402 5088 519 5159 γὰρ
561 5087 694 5150 δὶως
735 5086 892 5140 οὐδὲν
925 5087 993 5156 τῇ
1033 5083 1102 5137 τὰ
1151 5083 1332 5135 πάντα
1379 5078 1664 5152 πληρούσῃ
1689 5077 1868 5146 φύσει,
1902 5078 1984 5130 ὅτι

399 5179 575 5250 αὐτῆς
595 5177 663 5231 τά
684 5178 884 5239 πάντα,
908 5177 1006 5231 καὶ
1028 5176 1161 5242 παρ’
1183 5173 1354 5245 αὐτῆς
1372 5174 1484 5234 τοῖς
1510 5169 1709 5232 ἄλλοις.
1745 5184 1764 5219 ι
1792 5167 1856 5220 Τί
1879 5167 1986 5238 γὰρ

401 5272 552 5339 ἔχεις
593 5267 623 5322 δ
666 5269 765 5322 οὐκ
794 5266 1020 5336 έλαϐεςς
1043 5282 1064 5318 t
1104 5267 1306 5335 πρέποι
1347 5263 1414 5316 ἂν
1443 5260 1698 5328 λέγεσθαι
1725 5261 1792 5330 τῇ
1827 5257 1985 5326 φύσει

399 5361 606 5416 κτίσει.
659 5361 878 5432 ’Ᾱπέχω
926 5359 1036 5429 γὰρ
1079 5357 1196 5419 νῦν,
1236 5353 1423 5425 φησὶν,
1463 5354 1556 5407 καὶ
1595 5351 1983 5423 πεπλήρωμαι,

395 5457 499 5510 καὶ
529 5454 629 5508 ούκ
648 5454 711 5508 ἂν
733 5455 954 5526 ἑλοίμην
979 5455 1060 5507 ἔτι
1090 5452 1188 5516 τὰς
1213 5449 1343 5520 παρ’
1366 5448 1545 5504 αὐτῶν
1575 5448 1786 5510 θυσίας.
1836 5449 1985 5519 Ὀνή-

2089 4538 2218 4589 dicit
2243 4536 2521 4591 Dominus.
2555 4533 2753 4589 Plenus
2781 4551 2922 4588 sum.
2960 4536 3092 4590 Nam
3123 4538 3166 4588 si
3201 4547 3453 4602 tauquam
3479 4539 3659 4601 egenti

2086 4623 2313 4686 oﬂertis.
2349 4623 2462 4692 jam
2507 4624 2575 4678 ab
2607 4625 2788 4678 oﬂitrio
2824 4626 3146 4688 recessistis,
3178 4637 3233 4681 et
3259 4644 3287 4679 a
3317 4629 3659 4680 considerata

2083 4729 2320 4785 veraque
2384 4718 2594 4770 ratione
2647 4716 2965 4771 aberrastis.
3025 4715 3259 4772 Omnino
3314 4721 3460 4771 enim
3524 4717 3659 4772 nihil

2085 4805 2237 4859 deest
2285 4805 2333 4859 ei
2384 4816 2623 4872 naturae,
2661 4822 2782 4877 qua:
2830 4809 3063 4876 complet
3111 4810 3319 4873 omnia,
3369 4812 3492 4876 quia
3545 4811 3661 4878 ejus

2085 4906 2213 4952 sunt
2238 4897 2442 4961 omnia,
2467 4907 2522 4951 et
2543 4898 2610 4953 ab
2631 4912 2696 4952 ea
2727 4897 2848 4954 aliis
2878 4900 3274 4969 suppeditatur.
3302 4919 3322 4952 ι
3350 4900 3491 4968 Quid
3514 4902 3658 4955 enim

2084 4988 2274 5053 babes,
2307 4989 2451 5058 quod
2483 5001 2591 5042 non
2622 4989 2919 5058 accepisti?
2943 4990 2990 5022 ³⁸
3017 5006 3040 5042 ι
3077 4989 3136 5045 ω
3162 4993 3304 5046 enim
3334 4989 3530 5045 merito
3553 4990 3658 5044 diei

2087 5080 2288 5149 poterit
2331 5088 2615 5135 creaturae.
2657 5077 2900 5135 Fastidio
2947 5083 3096 5136 enim
3141 5095 3304 5147 nunc,
3358 5079 3554 5149 inquit,
3603 5088 3660 5134 et

2086 5171 2276 5242 plenus
2324 5187 2445 5227 sum
2479 5185 2624 5227 :nec
2669 5187 2922 5242 cuperem
2970 5172 3038 5228 ab
3089 5173 3194 5228 illis
3237 5171 3502 5228 sacriﬁcia
3543 5183 3660 5224 am-

2088 5262 2250 5330 plius.
2279 5258 2462 5327 Quid?
2493 5261 2580 5317 die
2606 5263 2759 5327 mihi,
2793 5263 2987 5331 ecquid
3015 5261 3256 5330 proderit
3290 5259 3660 5315 universitatis

2092 5353 2201 5406 Deo
2244 5353 2389 5407 aries
2433 5352 2809 5408 sacriﬁcatus‘!
2852 5350 3059 5419 Ecquid
3109 5349 3348 5419 proderit
3398 5363 3660 5419 agnorum

2091 5443 2290 5514 adeps?
2312 5443 2376 5498 Et
2397 5445 2442 5499 si
2473 5455 2749 5499 taurorum
2773 5452 2826 5498 et
2850 5444 3120 5499 hircorum
3142 5443 3364 5516 sanguis
3379 5443 3658 5512 oll‘eratur,

470 5610 520 5640 "‘
572 5607 709 5662 Gen.
747 5624 903 5672 xmt,
950 5607 1041 5662 25.
1122 5603 1390 5658 "Jerem.
1425 5604 1556 5668 v,t.
1631 5602 1749 5634 ’ω’
1801 5601 1957 5657 Deut.

2082 5618 2152 5670 Ill,
2191 5603 2275 5657 l5.
2353 5604 2397 5634 ³⁸
2425 5603 2442 5657 l
2473 5601 2599 5658 Cor.
2643 5617 2718 5669 ιν,
2751 5601 2806 5655 7.

465 5747 546 5817 (l)
588 5747 788 5801 Desunt
828 5747 942 5802 bzcc
978 5744 1137 5800 verba
1175 5746 1225 5797 in
1258 5740 1444 5798 Graeco
1475 5741 1596 5796 cod.
