4012 6216
387 276 460 368 sa
1377 316 1434 372 s.
1477 316 1753 373 CYRlLLl
1793 317 2260 376 ALEXANDRINI
2299 323 2618 380 ARClllEP.
3567 335 3635 386 au

393 441 555 497 quam
586 427 911 496 voluptatem
939 441 1003 483 ex
1037 427 1151 483 istis
1177 441 1395 498 caperet
1425 434 1600 488 Deus?
1628 434 1758 500 Quis
1783 434 1934 503 exegi

2063 450 2144 487 σει
2190 436 2298 507 γὰρ
2336 438 2505 504 ὅπως,
2545 439 2663 492 εἰπέ
2698 456 2808 509 μοι,
2847 438 2938 494 τὸν
2980 439 3089 494 τῶν
3130 440 3266 495 ὅλων
3311 442 3442 498 Θεὸν
3481 449 3636 517 κριὸς

391 518 503 574 hac
536 519 601 573 de
659 519 903 573 manibus
932 521 1166 574 vestris?
1206 521 1313 576 Etsi
1347 525 1488 576 enim
1536 524 1709 578 Moses
1746 524 1956 578 locutus

384 621 470 666 est
513 611 579 666 de
625 611 857 664 victimis
906 621 957 664 et
997 611 1217 678 hostiis,
1257 628 1317 667 ea
1367 624 1547 666 tamen
1593 613 1771 668 cultus
1821 614 1956 668 ratio

383 704 683 774 antiquitus
717 704 825 758 Deo
861 703 1078 758 minime
1110 704 1207 758 fuit
1244 715 1486 773 accepta.
1527 705 1796 761 Nimirum
1830 710 1953 775 quia

384 811 478 862 pcr
511 798 732 863 ﬁguram
763 805 816 848 et
840 798 1083 850 umbram
1116 798 1183 850 ad
1214 798 1495 851 veritatem
1537 800 1739 852 erudiri
1793 815 1954 867 opor-

385 887 550 951 tebat,
583 886 769 954 legalis
797 889 1088 941 constituta
1123 899 1249 941 sunt
1283 904 1455 959 ttsqne
1498 891 1563 943 ad
1609 899 1819 960 tempus
1865 891 1951 945 in-

381 978 752 1039 stauratiouis,
793 992 890 1031 nec
936 979 1005 1030 ita
1055 987 1229 1030 tamen
1273 980 1596 1045 constituta,
1637 983 1790 1050 quasi
1828 996 1953 1036 vere

381 1064 490 1119 Deo
533 1077 704 1133 grata.
757 1067 865 1122 Nec
911 1068 1131 1123 omnino
1173 1080 1229 1122 et
1272 1071 1514 1126 absolute
1560 1073 1626 1125 de
1671 1073 1951 1128 sacriﬁciis

379 1154 640 1225 legalibus
681 1167 764 1212 est
814 1159 1026 1212 locutus
1061 1177 1073 1212 :
1107 1170 1162 1211 at
1207 1161 1330 1228 quia
1373 1161 1585 1215 infirma
1633 1179 1786 1217 mens
1832 1173 1951 1217 erat

386 1260 596 1306 eorum,
630 1248 719 1315 qui
769 1247 917 1302 hisce
968 1251 1286 1305 rudimentis
1333 1261 1460 1306 tunc
1512 1254 1946 1318 instituebantur,

379 1349 476 1400 per
503 1345 767 1407 typnm'et
799 1337 1042 1392 umbram
1073 1340 1139 1392 ad
1171 1341 1452 1395 veritatem
1477 1345 1627 1412 quasi
1661 1360 1819 1398 manu
1847 1347 1948 1398 du-

377 1427 661 1479 cehantur.
721 1425 824 1482 Sed
869 1428 1194 1483 adventante
1239 1440 1509 1499 tempore,
1557 1449 1664 1504 quo
1703 1436 1947 1489 veritatis

376 1515 824 1584 pulchritmliuem
869 1521 1150 1586 oportebat
1187 1523 1510 1587 enitescere,
1561 1535 1716 1594 typus
1762 1526 1947 1582 irritus

374 1614 480 1670 est,
515 1607 700 1658 umbra
751 1609 974 1662 inutilis.
1011 1611 1136 1664 Ideo
1168 1613 1244 1665 ait
1273 1635 1287 1668 :
1313 1613 1534 1669 Calcare
1561 1619 1696 1670 atria
1727 1634 1840 1671 mea
1877 1633 1946 1674 ne

374 1696 747 1763 perrexeritis.
794 1697 850 1750 Si
896 1699 1206 1754 obluleritis
1239 1704 1620 1771 similaginem,
1653 1708 1813 1760 inane
1857 1709 1942 1762 in-

2055 524 2541 598 ὼλοκαυτωμένος;
2574 530 2626 582 τί
2653 531 2708 583 δὲ
2738 529 2799 583 τὸ
2835 531 2944 583 τῶν
2974 533 3152 602 ἀρνῶν
3187 535 3310 605 ἦσει
3347 538 3544 609 στέαρ;
3584 543 3633 595 εί

2053 615 2109 667 δὲ
2131 615 2193 686 δὴ
2219 618 2312 670 καὶ
2340 619 2556 689 τράγων
2577 619 2669 672 καὶ
2698 619 2912 691 ταύρων
2937 617 3073 692 αἷμα
3107 624 3483 695 προσφέροιτο,
3518 629 3633 694 πῶς

2053 705 2247 775 ἡσθείη
2281 707 2369 760 διά
2393 708 2550 760 τοῦτο
2587 707 2752 774 Θεόςς
2787 710 2870 772 τίς
2905 710 3013 780 γὰρ
3041 711 3331 784 ὲξεζήτησε
3364 715 3538 769 ταῦτα
3566 719 3631 772 ἐκ

2051 796 2162 848 τῶν
2196 797 2393 867 χειρῶν
2424 799 2616 866 ύμῶνς
2661 801 2710 853 εί
2751 800 2860 868 γάρ
2891 803 2985 855 καὶ
3029 803 3324 873 λελάληκεν
3362 809 3390 860 6
3424 809 3630 879 Μωσῆς

2053 887 2179 956 περὶ
2208 887 2668 956 ὁλοκαυτωμάτων
2705 891 2798 944 καὶ
2835 893 3053 952 θυσιῶν,
3094 894 3207 946 ἀλλ’
3233 891 3300 966 ἦν
3331 898 3422 950 καὶ
3456 899 3628 954 πάλαι

2049 976 2150 1045 τῆς
2196 977 2405 1031 τοιᾶσδε
2449 978 2703 1048 λατρείας
2741 981 2770 1032 ό
2810 981 3008 1050 τρόπος
3044 983 3342 1056 ἁδούλητος
3371 989 3449 1057 τῷ
3477 989 3621 1058 Θεῷ.

2063 1066 2276 1136 Ἐπειδὴ
2325 1067 2382 1120 δὲ
2419 1067 2508 1121 διὰ
2543 1068 2714 1122 τύπου
2757 1070 2850 1122 καὶ
2893 1071 3047 1135 σκιᾶς
3097 1073 3459 1142 παιδαγωγεῖν
3518 1078 3625 1130 ἔδει

2050 1151 2188 1222 πρὸς
2217 1152 2670 1226 ἀλήθειανρμέχρι
2699 1157 2894 1228 καιροῦ
2929 1158 3266 1228 διορθώσεως
3291 1164 3526 1218 τέθειται
3557 1168 3624 1221 τά

2048 1242 2107 1293 ὲν
2127 1243 2296 1312 νόμῳ,
2331 1245 2525 1297 οὐκοῦν
2556 1245 2680 1298 ὅσον
2709 1243 2843 1318 ἧκεν
2868 1248 2947 1309 είς
2973 1266 3036 1316 γε
3063 1251 3121 1302 τὸ
3148 1251 3343 1320 ἀληθὲς
3366 1256 3623 1323 ἀρέσκειν

2047 1333 2126 1403 τῷ
2154 1333 2294 1404 Θεῷ·
2331 1336 2437 1386 οὐδ’
2469 1336 2534 1388 ἂν
2565 1338 2698 1401 ὅλως
2725 1339 2950 1408 ἐλάλησε
2982 1342 3107 1413 περὶ
3134 1341 3334 1395 θυσιῶν
3355 1345 3462 1396 τῶν
3485 1349 3624 1401 κατὰ

2048 1425 2228 1493 νόμον.
2273 1426 2488 1496 Ἐπειδὴ
2513 1427 2568 1480 δὲ
2598 1430 2704 1483 τῶν
2730 1431 2790 1482 τὸ
2811 1433 3064 1500 τηνικάδε
3097 1434 3624 1505 παιδαγωγουμένων

2046 1514 2277 1585 ἀσθενὴς
2309 1512 2376 1585 ἦν
2419 1519 2448 1570 6
2489 1518 2632 1583 νοῦς,
2673 1521 3146 1591 κεχειραγώγηντο
3186 1524 3274 1577 διὰ
3316 1526 3486 1578 τύπου
3528 1528 3622 1580 καὶ

2045 1606 2143 1673 τῆς
2179 1607 2319 1658 κατὰ
2347 1607 2406 1660 τὸ
2429 1609 2665 1678 γράμμα
2693 1614 2848 1675 σκιᾶς
2877 1615 2954 1676 είς
2979 1613 3259 1684 ἀλήθειαν.
3305 1617 3620 1687 Ἑνεστηκό-

2045 1713 2135 1759 τος
2159 1696 2216 1749 δὲ
2245 1697 2339 1750 τοῦ
2373 1703 2588 1768 καιροῦ,
2619 1702 2736 1753 καθ’
2764 1703 2822 1754 ὃν
2850 1703 2956 1757 ἔδει
2982 1705 3042 1757 τὸ
3075 1705 3258 1760 λοιπὸν
3284 1707 3343 1759 τὸ
3373 1709 3470 1778 τῆς
3494 1709 3624 1777 diu;-

373 1797 596 1838 censum
629 1796 732 1850 est,
762 1789 1094 1843 abominatio
1128 1793 1258 1846 mihi
1291 1804 1394 1847 est.
1431 1795 1540 1850 Nos
1571 1797 1714 1850 enim
1751 1799 1851 1853 [ide
1891 1801 1935 1853 in

2049 1788 2197 1850 Θείας
2245 1789 2596 1857 ἐκφαίνεσθαι
2631 1791 2842 1855 κάλλος,
2873 1796 3122 1866 περιττὸς
3151 1799 3179 1850 6
3209 1797 3395 1862 τύπος,
3433 1801 3624 1870 ἀνόνη-

373 1869 648 1926 Christum
678 1875 946 1940 illustrati,
981 1881 1292 1947 spirituales
1331 1883 1538 1940 hostias
1570 1887 1685 1943 Deo
1717 1890 1950 1945 offeren-

377 1964 479 2021 tes,
509 1970 696 2025 sancta
729 1963 847 2030 ejus
872 1965 1156 2033 impleturus
1184 1972 1345 2034 atria,
1380 1973 1630 2029 nimirum
1664 1980 1942 2036 ecclesias.

373 2046 623 2104 Christus
671 2062 852 2107 autem
907 2055 959 2108 in
1003 2059 1252 2114 ecclesiis
1296 2061 1501 2117 Judaici
1552 2066 1731 2122 cultus
1783 2071 1943 2126 ritum

373 2139 594 2194 minime
623 2142 834 2210 recipit.
868 2142 1004 2198 Nam
1036 2147 1127 2214 qui
1177 2149 1534 2220 similaginem
1560 2154 1682 2209 oleo
1708 2172 1946 2212 macera-

374 2238 484 2286 tam
510 2242 566 2287 et
603 2235 882 2290 incensum
909 2239 1108 2294 cadens
1137 2241 1238 2296 sub
1267 2257 1486 2298 sensum
1517 2244 1712 2303 oll'erre
1742 2250 1941 2315 volent,

373 2323 682 2392 neutiquam
715 2326 1088 2386 admittentur.
1119 2331 1460 2388 Meminimus
1487 2338 1632 2390 enim
1665 2340 1732 2392 de
1765 2353 1834 2393 eo
1866 2341 1946 2396 lo-

370 2422 554 2464 cutum
603 2426 725 2466 esse
769 2413 980 2470 Deum:
1015 2416 1357 2472 Abominatio
1402 2431 1485 2475 est
1538 2423 1692 2477 mihi.
1734 2423 1798 2476 Et
1847 2439 1944 2479 nos

368 2503 586 2570 quidem
620 2513 767 2558 certe
796 2518 1140 2560 sacrosancta
1173 2508 1224 2562 in
1260 2509 1479 2565 Christo
1519 2509 1656 2566 festa
1698 2513 1944 2569 celebra-

376 2608 518 2647 mus.
553 2593 623 2648 At
655 2593 824 2649 Judaei
851 2613 878 2649 a
913 2599 1107 2668 typicis
1135 2599 1616 2668 signiﬁcationibus
1653 2620 1758 2659 non
1792 2623 1944 2662 rece-

368 2683 581 2748 dentes,
623 2687 672 2740 in
723 2686 1031 2746 Neomeuiis
1071 2691 1226 2745 tuhas
1261 2690 1466 2757 inﬂant,
1513 2696 1653 2749 diem
1690 2695 1942 2752 feriatum

368 2785 562 2844 putant
595 2792 715 2832 esse
745 2779 1062 2848 Sabhatum,
1090 2792 1145 2836 et
1172 2782 1312 2837 diem
1341 2799 1460 2852 quae
1499 2801 1689 2853 magum
1717 2789 1936 2854 dicitur,

366 2867 570 2922 colunt.
595 2869 673 2923 Ea
701 2885 828 2924 vero
854 2882 936 2926 est
961 2871 1108 2936 festi,
1141 2876 1282 2943 quod
1314 2875 1784 2932 tabernaculorum
1812 2880 1940 2934 lixio

367 2969 614 3025 vocatur,
645 2961 762 3016 dies
789 2971 1051 3018 extrema.
1073 2964 1297 3022 Etiamsi
1329 2969 1435 3022 Deo
1452 2969 1718 3038 jejunent,
1745 2973 1938 3042 pugnis

369 3050 645 3106 humiliter
676 3069 733 3108 se
765 3057 1072 3111 Verberant.
1114 3058 1471 3126 Quamobrem
1504 3065 1729 3118 audiant
1761 3065 1935 3133 ipsum

365 3141 634 3199 dicentem
667 3159 681 3199 :
715 3146 816 3216 l5
854 3148 1013 3202 Festa
1048 3161 1228 3204 vestra
1270 3155 1382 3206 odit
1414 3155 1592 3208 anima
1623 3171 1760 3210 mea.
1811 3156 1937 3213 Haec

372 3242 550 3288 autem
608 3237 774 3301 dicit,
815 3253 920 3307 quo
963 3254 991 3292 a
1039 3241 1176 3310 typis
1221 3242 1288 3296 ad
1334 3243 1614 3299 veritatem
1669 3248 1932 3314 traducat,

361 3327 792 3397 persuatleatque
839 3342 897 3383 ut
922 3331 1124 3385 Christi
1163 3335 1398 3390 oraculis
1428 3337 1696 3392 cervicem
1742 3341 1938 3396 mentis

363 3429 700 3484 supponunt,
743 3429 796 3474 ut
849 3422 1127 3476 uobiscum
1183 3427 1493 3496 evangelice
1543 3441 1844 3496 versentur,
1882 3443 1937 3486 et

359 3508 629 3562 suavitate
675 3510 898 3564 odorum
954 3513 1278 3581 spiritalium
1337 3517 1500 3572 Deum
1541 3522 1932 3590 permulceant,

363 3599 630 3668 quasique
657 3602 951 3670 thymiama
985 3606 1265 3673 spirituale
1290 3609 1339 3662 ei
1374 3621 1693 3666 consecrent
1719 3628 1928 3668 morum

363 3689 716 3752 modestiam,
750 3693 1102 3760 charitatcm,
1137 3707 1374 3751 mutuum
1406 3715 1675 3766 amorem,
1723 3705 1930 3772 patien-

362 3779 515 3844 tiam,
555 3785 986 3851 temperantiam,
1016 3795 1070 3839 et
1097 3799 1225 3842 ante
1259 3790 1387 3853 alia,
1408 3791 1590 3848 ﬁdem.
1619 3794 1716 3850 His
1739 3798 1932 3852 hostiis

360 3872 604 3939 placatur
629 3873 792 3939 Deus,
815 3887 868 3930 et
891 3880 1324 3947 evangelicorum
1353 3885 1732 3942 vaticiniorum
1758 3891 1929 3946 virtus

358 3963 442 4016 his
471 3967 802 4020 ornamentis
833 3981 1056 4023 coronat
1086 3973 1387 4028 credentes.

2049 1897 2138 1942 τος
2183 1881 2216 1950 ἡ
2243 1880 2390 1932 σκιά.
2431 1881 2612 1953 Ταύτῃ
2633 1899 2715 1936 τοι
2749 1885 2931 1953 φησὶν,
2959 1886 3038 1938 ὃτι
3065 1887 3257 1940 Πατεῖν
3281 1889 3378 1959 τὴν
3411 1892 3624 1946 αύλῶνά

2050 1987 2151 2039 μου
2185 1972 2246 2023 ού
2287 1973 2683 2043 προσθήσεσθε.
2731 1977 2858 2029 Ἐὰν
2896 1977 3132 2047 φέρησθε
3175 1981 3472 2048 σεμίδαλιν,
3523 1986 3624 2054 μά-

2045 2077 2194 2113 ταιον
2221 2061 2494 2132 θυμίαμα,
2527 2064 2802 2134 βδέλυγμά
2827 2069 2916 2136 μοί
2951 2071 3118 2124 ἐστιν.
3161 2071 3352 2139 Ἡμεῖς
3383 2074 3480 2140 μὲν
3514 2075 3623 2144 γὰρ

2046 2151 2096 2202 οι
2159 2150 2340 2203 πίστει
2392 2155 2456 2223 τῇ
2501 2156 2577 2216 εἰς
2625 2157 2857 2226 Χριστὸν
2909 2158 3470 2232 ὲκλελαμπρυσμένοι,
3523 2166 3621 2230 τὰς

2047 2241 2422 2311 πνευματικὰς
2468 2242 2656 2306 Θυσίας
2701 2247 3159 2316 προσκομιοῦντες
3202 2252 3280 2322 τῷ
3325 2252 3465 2324 Θεῷ,
3522 2255 3620 2318 τὰς

2045 2331 2207 2399 ἁγίας
2245 2332 2410 2386 αὑτοῦ
2462 2334 2776 2406 πληροῦμεν
2822 2338 3008 2400 αὐλὰς,
3055 2341 3201 2394 τοῦτ’
3233 2344 3380 2397 ἔστιν
3422 2346 3618 2418 ἔκκλη-

2047 2423 2185 2482 σίας.
2243 2425 2642 2494 Ἀπαράδεκτος
2695 2427 2749 2479 δὲ
2797 2429 2950 2498 παρά
2981 2431 3220 2502 Χριστοῦ
3257 2436 3532 2499 παντελῶς
3561 2439 3620 2489 ὲν

2043 2516 2360 2584 ἐκκλησίαις
2388 2519 2486 2588 τῆς
2525 2519 2818 2590 Ἰουδαϊκῆς
2847 2521 3103 2592 λατρείας
3134 2527 3163 2578 6
3190 2527 3405 2596 τρόπος.
3436 2528 3618 2582 Είσδε-

2043 2605 2218 2676 χθεῖεν
2244 2608 2352 2679 γάρ
2391 2608 2457 2662 ἂν
2493 2609 2695 2678 ἥκιστά
2735 2627 2797 2679 γε
2838 2614 3112 2682 σεμίδαλιν
3142 2615 3493 2682 ἐλαιόδευτον,
3525 2619 3619 2671 καὶ

2040 2697 2101 2750 τὸ
2140 2697 2394 2768 αἰσθητὸν
2438 2698 2690 2769 θυμίαμα
2727 2703 3021 2772 προσάγειν
3055 2705 3350 2771 ἐθέλοντες.
3393 2709 3620 2777 Μεμνή-

2044 2788 2182 2859 μεθα
2212 2789 2320 2860 γὰρ
2366 2790 2499 2843 Θεοῦ
2543 2791 2788 2859 λέγοντος
2825 2797 2951 2866 περὶ
2992 2796 3175 2850 αὐτοῦ’
3219 2798 3500 2867 Βδέλυγμά
3528 2800 3615 2870 μοί

2040 2881 2207 2934 ὲστιν.
2237 2881 2346 2934 Καὶ
2367 2883 2526 2952 ἡμεῖς
2551 2885 2650 2954 μὲν
2683 2885 2780 2946 τὰς
2809 2887 2966 2954 ἁγίας
2997 2888 3089 2940 ἐπὶ
3119 2888 3335 2960 Χριστῷ
3359 2890 3616 2961 τελοῦμεν

2039 2973 2251 3045 ἑορτάς.
2292 2975 2535 3028 Ἰουδαῖοί
2563 2993 2627 3045 γε
2666 2977 2771 3050 μὴν
2797 2979 2906 3032 τῶν
2947 2980 3004 3031 ὲν
3032 2981 3224 3043 τύποις
3262 2982 3362 3034 ούκ
3404 2981 3617 3046 ἐξιστά-

2043 3083 2213 3135 μενοι,
2277 3067 2625 3131 σαλπίζουσιν
2685 3072 2746 3122 ὲν
2809 3071 3119 3141 Νεομηνίας
3184 3073 3616 3144 ήμέρᾳ,,ὰργὸν

2039 3156 2296 3226 ⁴ἡγοῦνται
2330 3158 2388 3210 τὸ
2419 3158 2711 3225 Σάϐϐατόν,
2747 3161 2840 3213 καὶ
2875 3163 2972 3232 τὴν
3005 3163 3344 3235 καλουμένην
3377 3164 3616 3235 μεγάλην

2037 3248 2270 3318 τιμῶσιν
2303 3251 2537 3320 ἡμέραν.
2571 3252 2726 3304 Ἔστι
2757 3251 2813 3306 δὲ
2855 3253 2992 3323 αὕτη
3026 3255 3122 3324 τῆς
3159 3257 3352 3326 ἑορτῆς
3384 3258 3478 3330 τῆς
3519 3274 3618 3337 κα-

2037 3339 2302 3410 λουμένης
2338 3342 2709 3410 σκηνοπηγίας
2753 3344 2785 3413 ὴ
2818 3343 3120 3410 τελευταία,
3157 3347 3258 3399 κᾶν
3301 3350 3348 3399 εί
3392 3349 3615 3416 νηστεύ-

2040 3448 2189 3484 σειαν
2222 3431 2297 3501 τῷ
2328 3431 2466 3502 Θεῷ,
2507 3432 2770 3486 τύπτουσι
2812 3439 3055 3505 πυγμαῖς
3103 3438 3373 3490 ταπεινόν.
3407 3437 3614 3491 Οὐκοῦν

2037 3522 2382 3576 ἀκουέτωσαν
2411 3523 2660 3591 λέγοντος
2689 3525 2876 3579 αὐτοῦ’
2914 3527 3024 3590 Τὰς
3057 3527 3247 3598 ἑορτὰς
3285 3529 3436 3598 ὑμῶν
3466 3531 3615 3598 μισεῖ

2038 3615 2070 3684 ὴ
2103 3613 2246 3684 ψυχή
2279 3631 2402 3683 μου.
2435 3615 2620 3668 Ταῦτα
2654 3617 2710 3669 δέ
2750 3634 2882 3688 φησι
2922 3618 3178 3688 μεθιστὰς
3209 3621 3273 3673 ὲκ
3304 3619 3487 3672 τύπων
3518 3621 3611 3673 ἐπὶ

2034 3706 2094 3759 τὸ
2119 3705 2334 3776 ἀληθὲς,
2363 3706 2458 3758 καὶ
2488 3711 2601 3769 τοῖς
2629 3708 2716 3761 διὰ
2742 3709 2976 3778 Χριστοῦ
3010 3709 3370 3781 θεσπίσμασιν
3407 3711 3609 3781 ὑποφέ-

2039 3814 2149 3869 ρειν
2185 3798 2493 3851 ἀναπείθων
2535 3799 2626 3851 τὸν
2663 3800 2764 3869 τῆς
2801 3801 3038 3866 διανοίας
3075 3803 3294 3873 αὐχένα,
3329 3803 3416 3856 ἵνα
3459 3804 3611 3856 πολι-

2032 3888 2272 3942 τεύοιντο
2318 3890 2436 3959 μεθ’
2476 3889 2632 3958 ήμῶν
2671 3892 3060 3956 εύαγγελικῶς.
3101 3895 3233 3956 Ταῖς
3269 3896 3485 3964 νοηταῖς
3529 3892 3611 3945 εύ-

2031 3985 2251 4054 οσμίαις
2271 3983 2756 4052 κατευφραίνοντες
2774 3983 2926 4038 Θεόν.
2954 3987 3059 4038 Καὶ
3080 3986 3228 4040 ὥσπε
3235 4005 3268 4058 ρ
3292 4007 3341 4040 τι
3360 3989 3608 4058 θυμίαμα

357 4054 723 4122 πνευματικὸν
766 4055 1106 4120 ἀνατιθέντες
1147 4060 1296 4131 αὐτῷ
1332 4063 1394 4117 τὸ
1470 4066 1709 4131 ἐπιεικὲς
1739 4069 1820 4133 είς
1854 4072 2107 4142 τρόπους,
2142 4073 2240 4144 τὴν
2287 4073 2526 4143 ἀγάπην,
2594 4075 2692 4144 τὴν
2732 4074 3102 4146 φιλαλληλίαν,
3143 4054 3246 4145 τὴν
3310 4054 3603 4147 ύπομονῆν,

351 4147 452 4218 τὴν
480 4149 826 4219 ἐγκράτειαν,
858 4152 950 4204 καὶ
985 4151 1092 4222 πρό
1135 4169 1199 4220 γε
1230 4155 1339 4241 τῷν
1366 4156 1540 4211 ἄλλων
1584 4160 1682 4230 τὴν
1721 4163 1925 4219 πίστιν.
1967 4166 2257 4231 Τοιαύταις
2318 4166 2529 4230 θυσίαις
2559 4167 2929 4239 εὐαρεστεῖται
2994 4169 3146 4233 Θεὸς,
3184 4171 3278 4224 καὶ
3315 4171 3421 4225 τῶν
3449 4171 3606 4238 εύαγσ

351 4240 585 4306 γελικῶν
620 4241 1008 4313 θεσπισμάτων
1029 4247 1062 4316 ἡ
1085 4240 1316 4318 δύναμις
1339 4253 1450 4314 τοῖς
1475 4252 1736 4320 τοιούτοις
1759 4259 2074 4331 αὐχήμασιν
2119 4261 2244 4324 τοὺς
2265 4261 2616 4325 πιστεύοντας
2652 4267 2922 4330 στεφανοῖ.

427 4335 588 4394 Vsus.
630 4339 713 4392 l5.
750 4337 904 4393 Facti
934 4344 1057 4396 estis
1094 4345 1222 4397 mihi
1243 4345 1298 4399 in
1348 4350 1669 4418 satietatem,
1723 4370 1923 4423 nequa-

2112 4357 2465 4427 Ἐγενήθητέ
2486 4377 2590 4428 μοι
2617 4362 2704 4426 εὶς
2731 4360 3117 4429 πλησμονὴν,
3139 4379 3251 4416 ουκ
3281 4365 3366 4417 ἔτι
3394 4367 3604 4431 ἀνήσω

348 4443 506 4497 quam
543 4429 681 4482 ultra
732 4429 995 4484 dimittam
1047 4445 1259 4500 peccata
1293 4449 1489 4495 vestra.
1544 4441 1678 4497 Cum
1733 4463 1921 4502 manus

347 4519 701 4585 expanderitis
736 4520 804 4572 ad
847 4538 947 4588 me,
984 4535 1216 4580 avertam
1267 4531 1444 4585 oculos
1495 4549 1635 4586 meos
1661 4551 1693 4587 a
1745 4535 1915 4589 vobis.

351 4607 418 4660 Et
465 4608 512 4661 si
561 4612 853 4664 orationem
886 4613 1246 4680 multiplicetis
1275 4659 1289 4682 ,
1341 4637 1443 4674 non
1487 4625 1771 4679 exaudiant
1808 4641 1917 4680 vos.

349 4697 540 4753 Manus
565 4701 700 4754 enim
727 4711 910 4758 vestra:
932 4706 1098 4773 plena:
1120 4718 1240 4768 sunt
1281 4715 1556 4781 sanguine.

415 4871 545 4939 Quae
565 4888 649 4929 res
675 4876 980 4934 satietatem
1002 4889 1057 4935 et
1091 4897 1347 4939 nauseam
1395 4888 1633 4956 pariunt,
1677 4889 1909 4948 fastidiri

341 4963 560 5032 debent,
595 4976 650 5022 et
695 4970 916 5025 omnino
947 4976 1096 5040 parvi
1131 4974 1299 5041 ﬁunt,
1339 4978 1446 5032 imo
1484 4982 1535 5034 in
1586 4983 1769 5036 odium
1811 4999 1910 5038 ve-

342 5056 514 5110 niunt.
548 5056 825 5127 Siquidem
877 5065 1309 5132 sapientissimus
1355 5068 1635 5136 Salomon,
1680 5073 1855 5143 inquit
1891 5092 1906 5128 :

345 5163 363 5197 ι
407 5145 582 5204 Tarde
611 5150 750 5205 inter
792 5153 979 5222 pedem
1027 5167 1175 5210 tuum
1227 5158 1292 5212 ad
1324 5161 1556 5215 amicum
1589 5172 1737 5216 tuum
1765 5206 1780 5230 ,
1841 5181 1909 5219 ne

338 5245 491 5292 satur
519 5241 592 5292 tui
627 5244 800 5296 oderit
832 5254 883 5298 te
934 5246 998 5300 “.
1037 5265 1056 5299 ι
1112 5247 1255 5302 Dicit
1303 5249 1487 5318 itaque
1540 5255 1909 5311 universitatis

341 5325 481 5382 Deus
529 5327 726 5389 Iudaeis
765 5355 778 5391 :
815 5337 1172 5393 Exsaturatus
1221 5354 1343 5394 sum
1400 5344 1644 5399 exsoleta
1690 5347 1905 5411 umbra,

339 5427 538 5484 vosque
560 5421 814 5479 molestos
845 5426 975 5480 mihi
1009 5441 1132 5482 esse
1157 5428 1319 5496 duco,
1341 5431 1384 5484 si
1409 5431 1794 5502 ingrediamini
1830 5437 1899 5490 ad

333 5515 752 5578 comparandum
779 5530 957 5572 coram
984 5535 1091 5574 me.
1126 5522 1362 5577 Aversor
1375 5525 1536 5579 etiam
1568 5526 1740 5583 solum
1765 5541 1905 5582 con—

409 5688 452 5721 ⁸¹
476 5688 634 5747 Prov.
676 5709 800 5760 xxv,
831 5695 916 5750 17.

2021 4444 2130 4510 τὰς
2175 4447 2463 4514 ἁμαρτίας
2503 4445 2690 4516 ὑμῶν.
2725 4447 2908 4500 Ὅταν
2942 4448 3048 4516 τὰς
3077 4451 3277 4518 χεῖρας
3299 4452 3604 4519 ἐκτείνητε

2021 4533 2172 4600 πρός
2207 4551 2306 4602 με,
2341 4535 2715 4604 ῐάποστρέψω
2765 4537 2906 4601 τοὺς
2955 4538 3319 4607 ὀφθαλμούς
3343 4557 3463 4609 μου
3500 4543 3600 4611 ἀφ’

2019 4621 2207 4691 ὑμῶν.
2269 4625 2375 4678 Καὶ
2437 4625 2545 4678 ἐὰν
2607 4627 2953 4693 πληθύνητε
3016 4627 3131 4694 τὴν
3198 4628 3432 4696 δέησιν,
3490 4634 3601 4685 οὐκ

2020 4715 2355 4784 ἀκούσομαι
2407 4714 2594 4784 ὑμῶν.
2641 4720 2712 4770 At
2764 4717 2872 4788 γὰρ
2921 4718 3114 4788 157.128;-
3145 4721 3312 4789 ὑμῶν
3355 4724 3602 4792 αἵματος

2022 4804 2298 4872 πλήρεις.

2091 4897 2171 4948 Τὰ
2197 4900 2277 4961 είς
2306 4897 2618 4968 πλησμονὴν
2639 4899 2756 4969 ἦτοι
2785 4900 2945 4971 κόρον
2968 4903 3171 4972 ἥκοντα
3199 4905 3307 4958 τῶν
3341 4909 3597 4977 πραγμά-

2017 5005 2127 5040 των
2193 4988 2650 5059 καταφρονεῖσθαι
2705 4991 2867 5059 φιλεῖ,
2921 4993 3017 5046 καὶ⁵
3075 4996 3256 5064 ὀλίγου
3322 4998 3594 5057 παντελῶς

2016 5079 2262 5145 ἀξιοῦται
2291 5081 2467 5148 λόγου,
2501 5081 2703 5151 μᾶλλον
2733 5083 2788 5136 δὲ
2821 5084 2922 5155 ἤδη
2963 5087 3059 5140 καί⁷
3091 5087 3179 5142 διὰ
3210 5090 3397 5160 μίσους
3442 5089 3588 5158 ἔρχει

2014 5190 2124 5228 ται.
2139 5175 2247 5227 Καὶ
2268 5173 2396 5241 γοῦν
2414 5176 2443 5226 6
2457 5174 2765 5243 σοφώτατος
2783 5177 3053 5248 Σολομὼν,
3080 5199 3096 5230 ι
3121 5179 3363 5250 Βραδέως
3384 5178 3590 5244 εἴσαγε,

2015 5263 2166 5331 φησι,
2201 5263 2291 5315 σὸν
2339 5264 2473 5317 πόδα
2530 5265 2667 5336 πρὸς
2717 5267 2806 5319 τὸν
2847 5269 3032 5335 φίλον,
3079 5270 3163 5319 ῖνα
3213 5266 3286 5336 μὴ
3330 5266 3586 5336 πλησθείς

2016 5371 2111 5407 σου
2147 5356 2353 5427 μισήσῃ
2385 5374 2466 5410 σε.
2507 5375 2526 5408 ι
2564 5359 2708 5429 Ἔφη
2738 5362 2919 5414 τοίνυν
2963 5357 3233 5420 Ἰουδαίοις
3262 5360 3291 5411 ὁ
3317 5358 3424 5411 τῶν
3452 5360 3587 5414 ὅλων

2012 5443 2168 5507 Θεὸς,
2190 5446 2682 5518 Κατακεκόρεσμαι
2719 5451 2818 5519 τῆς
2852 5449 3018 5502 ἑώλου
3051 5446 3226 5509 σκιᾶς,
3259 5447 3500 5519 ἡγοῦμαι
3531 5450 3588 5504 δὲ

2011 5534 2110 5605 ἤδη
2159 5540 2468 5606 φορτικοὺς,
2511 5539 2615 5593 κᾶν
2661 5539 2976 5610 είσέρχησθε
3021 5537 3250 5608 ὀφθῆναί
3301 5558 3409 5612 μοι.
3443 5543 3584 5612 Παρ-
