  <div class='ocr_page' id='page_1' title='image "/cluster/home/n/w/nwhite01/storage/ocr_20150623/70/hvd.32044073501991/024.png"; bbox 0 0 4012 6216; ppageno 0'>
   <div class='ocr_carea' id='block_1_1' title="bbox 357 318 436 370">
    <p class='ocr_par' dir='ltr' id='par_1_1' title="bbox 357 318 436 370">
     <span class='ocr_line' id='line_1_1' title="bbox 357 318 436 370; baseline 0 0"><span class='ocrx_word' id='word_1_1' title='bbox 357 318 436 370; x_wconf 76' lang='grc'><strong>37</strong></span> 
     </span>
    </p>
   </div>
   <div class='ocr_carea' id='block_1_2' title="bbox 1507 305 2407 364">
    <p class='ocr_par' dir='ltr' id='par_1_2' title="bbox 1507 305 2407 364">
     <span class='ocr_line' id='line_1_2' title="bbox 1507 305 2407 364; baseline 0.001 -3"><span class='ocrx_word' id='word_1_2' title='bbox 1507 306 1570 361; x_wconf 78' lang='lat' dir='ltr'><strong>IN</strong></span> <span class='ocrx_word' id='word_1_3' title='bbox 1610 307 1838 364; x_wconf 76' lang='lat' dir='ltr'><strong>lSAlAM</strong></span> <span class='ocrx_word' id='word_1_4' title='bbox 1878 305 2008 364; x_wconf 83' lang='lat' dir='ltr'><strong>LIB.</strong></span> <span class='ocrx_word' id='word_1_5' title='bbox 2052 309 2095 364; x_wconf 90' lang='grc'>1.</span> <span class='ocrx_word' id='word_1_6' title='bbox 2131 306 2345 364; x_wconf 70' lang='grc' dir='ltr'>οιιλτ.</span> <span class='ocrx_word' id='word_1_7' title='bbox 2387 308 2407 362; x_wconf 90' lang='grc' dir='ltr'><strong>ι</strong></span> 
     </span>
    </p>
   </div>
   <div class='ocr_carea' id='block_1_3' title="bbox 3567 318 3643 373">
    <p class='ocr_par' dir='ltr' id='par_1_3' title="bbox 3567 318 3643 373">
     <span class='ocr_line' id='line_1_3' title="bbox 3567 318 3643 373; baseline 0.053 -4"><span class='ocrx_word' id='word_1_8' title='bbox 3567 318 3643 373; x_wconf 66' lang='lat'><strong>1’8</strong></span> 
     </span>
    </p>
   </div>
   <div class='ocr_carea' id='block_1_4' title="bbox 357 424 1953 503">
    <p class='ocr_par' dir='ltr' id='par_1_4' title="bbox 357 424 1953 503">
     <span class='ocr_line' id='line_1_4' title="bbox 357 424 1953 503; baseline -0.006 -14"><span class='ocrx_word' id='word_1_9' title='bbox 357 429 629 503; x_wconf 79' lang='grc' dir='ltr'>αιτοῦμαι</span> <span class='ocrx_word' id='word_1_10' title='bbox 651 428 708 482; x_wconf 69' lang='grc' dir='ltr'>δὲ</span> <span class='ocrx_word' id='word_1_11' title='bbox 739 427 834 481; x_wconf 81' lang='grc' dir='ltr'>καὶ</span> <span class='ocrx_word' id='word_1_12' title='bbox 857 425 1029 498; x_wconf 86' lang='grc' dir='ltr'>μόνην</span> <span class='ocrx_word' id='word_1_13' title='bbox 1059 424 1213 495; x_wconf 83' lang='grc' dir='ltr'>ὑμῶν</span> <span class='ocrx_word' id='word_1_14' title='bbox 1237 425 1334 498; x_wconf 78' lang='grc' dir='ltr'><strong>τὴν</strong></span> <span class='ocrx_word' id='word_1_15' title='bbox 1363 425 1512 481; x_wconf 69' lang='grc' dir='ltr'>θέαν*</span> <span class='ocrx_word' id='word_1_16' title='bbox 1533 427 1635 481; x_wconf 82' lang='grc' dir='ltr'>οὐκ</span> <span class='ocrx_word' id='word_1_17' title='bbox 1666 427 1746 483; x_wconf 79' lang='grc' dir='ltr'>ἔτι</span> <span class='ocrx_word' id='word_1_18' title='bbox 1772 427 1953 499; x_wconf 80' lang='grc' dir='ltr'><strong>ἀνήσω</strong></span> 
     </span>
    </p>
   </div>
   <div class='ocr_carea' id='block_1_5' title="bbox 2056 424 3631 503">
    <p class='ocr_par' dir='ltr' id='par_1_5' title="bbox 2063 424 3631 496">
     <span class='ocr_line' id='line_1_5' title="bbox 2063 424 3631 496; baseline 0.002 -16"><span class='ocrx_word' id='word_1_19' title='bbox 2063 434 2307 495; x_wconf 79' lang='lat' dir='ltr'><strong>spectem</strong></span> <span class='ocrx_word' id='word_1_20' title='bbox 2343 425 2535 494; x_wconf 77' lang='lat' dir='ltr'><strong>vestri,</strong></span> <span class='ocrx_word' id='word_1_21' title='bbox 2570 439 2677 481; x_wconf 88' lang='lat' dir='ltr'><strong>non</strong></span> <span class='ocrx_word' id='word_1_22' title='bbox 2721 424 2997 480; x_wconf 87' lang='lat' dir='ltr'><strong>remittam</strong></span> <span class='ocrx_word' id='word_1_23' title='bbox 3020 424 3249 496; x_wconf 79' lang='lat' dir='ltr'><strong>amplius</strong></span> <span class='ocrx_word' id='word_1_24' title='bbox 3278 437 3499 495; x_wconf 85' lang='lat' dir='ltr'><strong>peccata</strong></span> <span class='ocrx_word' id='word_1_25' title='bbox 3535 441 3631 485; x_wconf 75' lang='lat' dir='ltr'><strong>ve-</strong></span> 
     </span>
    </p>
   </div>
   <div class='ocr_carea' id='block_1_6' title="bbox 360 514 1953 592">
    <p class='ocr_par' dir='ltr' id='par_1_6' title="bbox 360 516 1953 592">
     <span class='ocr_line' id='line_1_6' title="bbox 360 516 1953 592; baseline -0.002 -15"><span class='ocrx_word' id='word_1_26' title='bbox 360 525 468 586; x_wconf 81' lang='grc' dir='ltr'><strong>τάς</strong></span> <span class='ocrx_word' id='word_1_27' title='bbox 514 519 789 592; x_wconf 83' lang='grc' dir='ltr'>ἁμαρτίας</span> <span class='ocrx_word' id='word_1_28' title='bbox 837 517 1014 589; x_wconf 79' lang='grc' dir='ltr'>ὑμῶν.</span> <span class='ocrx_word' id='word_1_29' title='bbox 1056 517 1231 573; x_wconf 80' lang='grc' dir='ltr'><strong>Πάλαι</strong></span> <span class='ocrx_word' id='word_1_30' title='bbox 1266 519 1364 589; x_wconf 86' lang='grc' dir='ltr'>μὲν</span> <span class='ocrx_word' id='word_1_31' title='bbox 1400 516 1509 589; x_wconf 84' lang='grc' dir='ltr'>γὰρ</span> <span class='ocrx_word' id='word_1_32' title='bbox 1549 519 1601 572; x_wconf 86' lang='grc' dir='ltr'>οἱ</span> <span class='ocrx_word' id='word_1_33' title='bbox 1640 520 1699 586; x_wconf 74' lang='grc' dir='ltr'>ἐξ</span> <span class='ocrx_word' id='word_1_34' title='bbox 1738 520 1953 592; x_wconf 81' lang='grc' dir='ltr'>Ἰσραὴλ</span> 
     </span>
    </p>
   </div>
   <div class='ocr_carea' id='block_1_7' title="bbox 2056 514 3631 592">
    <p class='ocr_par' dir='ltr' id='par_1_7' title="bbox 2065 514 3631 586">
     <span class='ocr_line' id='line_1_7' title="bbox 2065 514 3631 586; baseline -0.001 -14"><span class='ocrx_word' id='word_1_35' title='bbox 2065 525 2201 572; x_wconf 88' lang='lat' dir='ltr'><strong>stra.</strong></span> <span class='ocrx_word' id='word_1_36' title='bbox 2236 516 2376 572; x_wconf 80' lang='lat' dir='ltr'><strong>Olim</strong></span> <span class='ocrx_word' id='word_1_37' title='bbox 2412 516 2554 572; x_wconf 89' lang='lat' dir='ltr'><strong>enim</strong></span> <span class='ocrx_word' id='word_1_38' title='bbox 2601 514 2859 572; x_wconf 77' lang='lat' dir='ltr'><strong>lsraelita:</strong></span> <span class='ocrx_word' id='word_1_39' title='bbox 2889 531 3010 570; x_wconf 88' lang='lat' dir='ltr'><strong>cum</strong></span> <span class='ocrx_word' id='word_1_40' title='bbox 3045 516 3209 586; x_wconf 85' lang='lat' dir='ltr'><strong>impie</strong></span> <span class='ocrx_word' id='word_1_41' title='bbox 3250 516 3631 582; x_wconf 78' lang='lat' dir='ltr'><strong>descitnssem,</strong></span> 
     </span>
    </p>
   </div>
   <div class='ocr_carea' id='block_1_8' title="bbox 359 607 1957 674">
    <p class='ocr_par' dir='ltr' id='par_1_8' title="bbox 359 607 1957 674">
     <span class='ocr_line' id='line_1_8' title="bbox 359 607 1957 674; baseline -0.001 -9"><span class='ocrx_word' id='word_1_42' title='bbox 359 613 602 674; x_wconf 75' lang='grc' dir='ltr'><strong>ἀνοσίως</strong></span> <span class='ocrx_word' id='word_1_43' title='bbox 631 608 1057 668; x_wconf 81' lang='grc' dir='ltr'><strong>ἀπονενευκότες</strong></span> <span class='ocrx_word' id='word_1_44' title='bbox 1097 608 1193 661; x_wconf 72' lang='grc' dir='ltr'><strong>ἐπὶ</strong></span> <span class='ocrx_word' id='word_1_45' title='bbox 1229 608 1290 662; x_wconf 82' lang='grc' dir='ltr'>τὸ</span> <span class='ocrx_word' id='word_1_46' title='bbox 1326 607 1541 662; x_wconf 80' lang='grc' dir='ltr'><strong>ἑλέσθαι</strong></span> <span class='ocrx_word' id='word_1_47' title='bbox 1580 609 1691 662; x_wconf 83' lang='grc' dir='ltr'>δεῖν</span> <span class='ocrx_word' id='word_1_48' title='bbox 1727 609 1819 662; x_wconf 82' lang='grc' dir='ltr'>τὸν</span> <span class='ocrx_word' id='word_1_49' title='bbox 1847 609 1957 663; x_wconf 86' lang='grc' dir='ltr'><strong>τῶν</strong></span> 
     </span>
    </p>
   </div>
   <div class='ocr_carea' id='block_1_9' title="bbox 362 699 1956 773">
    <p class='ocr_par' dir='ltr' id='par_1_9' title="bbox 362 699 1956 773">
     <span class='ocr_line' id='line_1_9' title="bbox 362 699 1956 773; baseline -0.001 -15"><span class='ocrx_word' id='word_1_50' title='bbox 362 705 509 758; x_wconf 84' lang='grc' dir='ltr'>ὅλων</span> <span class='ocrx_word' id='word_1_51' title='bbox 533 703 668 756; x_wconf 82' lang='grc' dir='ltr'>Θεὸν</span> <span class='ocrx_word' id='word_1_52' title='bbox 695 700 1057 773; x_wconf 85' lang='grc' dir='ltr'>παροτρύνειν</span> <span class='ocrx_word' id='word_1_53' title='bbox 1076 699 1161 768; x_wconf 73' lang='grc' dir='ltr'><strong>ἐφ’</strong></span> <span class='ocrx_word' id='word_1_54' title='bbox 1183 700 1428 764; x_wconf 79' lang='grc' dir='ltr'>ἑαυτοὺς,</span> <span class='ocrx_word' id='word_1_55' title='bbox 1449 700 1536 754; x_wconf 70' lang='grc' dir='ltr'>διὰ</span> <span class='ocrx_word' id='word_1_56' title='bbox 1557 700 1648 754; x_wconf 82' lang='grc' dir='ltr'>τοῦ</span> <span class='ocrx_word' id='word_1_57' title='bbox 1674 700 1956 772; x_wconf 80' lang='grc' dir='ltr'><strong>λατρεύειν</strong></span> 
     </span>
    </p>
   </div>
   <div class='ocr_carea' id='block_1_10' title="bbox 356 790 1954 867">
    <p class='ocr_par' dir='ltr' id='par_1_10' title="bbox 356 790 1954 867">
     <span class='ocr_line' id='line_1_10' title="bbox 356 790 1954 867; baseline -0.001 -18"><span class='ocrx_word' id='word_1_58' title='bbox 356 800 430 867; x_wconf 80' lang='grc' dir='ltr'>τῇ</span> <span class='ocrx_word' id='word_1_59' title='bbox 466 796 666 856; x_wconf 80' lang='grc' dir='ltr'>κτίσει,</span> <span class='ocrx_word' id='word_1_60' title='bbox 701 793 1025 865; x_wconf 83' lang='grc' dir='ltr'><strong>προσκυνεῖν</strong></span> <span class='ocrx_word' id='word_1_61' title='bbox 1055 790 1111 845; x_wconf 81' lang='grc' dir='ltr'>δὲ</span> <span class='ocrx_word' id='word_1_62' title='bbox 1142 792 1236 843; x_wconf 72' lang='grc' dir='ltr'>καὶ</span> <span class='ocrx_word' id='word_1_63' title='bbox 1269 792 1451 854; x_wconf 81' lang='grc' dir='ltr'>αὐτοῖς</span> <span class='ocrx_word' id='word_1_64' title='bbox 1482 795 1594 856; x_wconf 87' lang='grc' dir='ltr'>τοῖς</span> <span class='ocrx_word' id='word_1_65' title='bbox 1627 792 1812 865; x_wconf 77' lang='grc' dir='ltr'><strong>ἔργοις</strong></span> <span class='ocrx_word' id='word_1_66' title='bbox 1843 793 1954 847; x_wconf 80' lang='grc' dir='ltr'><strong>τῶν</strong></span> 
     </span>
    </p>
   </div>
   <div class='ocr_carea' id='block_1_11' title="bbox 363 883 1954 955">
    <p class='ocr_par' dir='ltr' id='par_1_11' title="bbox 363 883 1954 955">
     <span class='ocr_line' id='line_1_11' title="bbox 363 883 1954 955; baseline 0.001 -15"><span class='ocrx_word' id='word_1_67' title='bbox 363 888 515 940; x_wconf 76' lang='grc' dir='ltr'>[δίων</span> <span class='ocrx_word' id='word_1_68' title='bbox 543 884 767 955; x_wconf 82' lang='grc' dir='ltr'>χειρῶν,</span> <span class='ocrx_word' id='word_1_69' title='bbox 804 883 1042 936; x_wconf 77' lang='grc' dir='ltr'><strong>δέδονται</strong></span> <span class='ocrx_word' id='word_1_70' title='bbox 1071 885 1184 946; x_wconf 87' lang='grc' dir='ltr'>τοῖς</span> <span class='ocrx_word' id='word_1_71' title='bbox 1224 883 1586 946; x_wconf 82' lang='grc' dir='ltr'>Βαϐυλωνίοις</span> <span class='ocrx_word' id='word_1_72' title='bbox 1631 886 1723 938; x_wconf 76' lang='grc' dir='ltr'><strong>καὶ</strong></span> <span class='ocrx_word' id='word_1_73' title='bbox 1752 887 1954 940; x_wconf 80' lang='grc' dir='ltr'>ἀπεκο-</span> 
     </span>
    </p>
   </div>
   <div class='ocr_carea' id='block_1_12' title="bbox 365 973 1955 1048">
    <p class='ocr_par' dir='ltr' id='par_1_12' title="bbox 365 973 1955 1048">
     <span class='ocr_line' id='line_1_12' title="bbox 365 973 1955 1048; baseline 0.001 -19"><span class='ocrx_word' id='word_1_74' title='bbox 365 977 644 1046; x_wconf 76' lang='grc' dir='ltr'>μίσθηςαν</span> <span class='ocrx_word' id='word_1_75' title='bbox 688 975 789 1042; x_wconf 82' lang='grc' dir='ltr'>τῆς</span> <span class='ocrx_word' id='word_1_76' title='bbox 828 973 1086 1037; x_wconf 77' lang='grc' dir='ltr'><strong>Ἰουδαίας</strong></span> <span class='ocrx_word' id='word_1_77' title='bbox 1117 975 1473 1045; x_wconf 79' lang='grc' dir='ltr'><strong>αἰχμάλωτοι,</strong></span> <span class='ocrx_word' id='word_1_78' title='bbox 1503 977 1596 1030; x_wconf 70' lang='grc' dir='ltr'><strong>καὶ</strong></span> <span class='ocrx_word' id='word_1_79' title='bbox 1630 979 1955 1048; x_wconf 81' lang='grc' dir='ltr'>κατῳκήκα-</span> 
     </span>
    </p>
   </div>
   <div class='ocr_carea' id='block_1_13' title="bbox 362 1064 1954 1139">
    <p class='ocr_par' dir='ltr' id='par_1_13' title="bbox 362 1064 1954 1139">
     <span class='ocr_line' id='line_1_13' title="bbox 362 1064 1954 1139; baseline 0 -19"><span class='ocrx_word' id='word_1_80' title='bbox 362 1085 451 1120; x_wconf 88' lang='grc' dir='ltr'>σιν</span> <span class='ocrx_word' id='word_1_81' title='bbox 485 1070 544 1120; x_wconf 80' lang='grc' dir='ltr'>ὲν</span> <span class='ocrx_word' id='word_1_82' title='bbox 572 1069 684 1129; x_wconf 92' lang='grc' dir='ltr'>τοῖς</span> <span class='ocrx_word' id='word_1_83' title='bbox 722 1065 907 1136; x_wconf 76' lang='grc' dir='ltr'>ὄρεσιν</span> <span class='ocrx_word' id='word_1_84' title='bbox 951 1064 1176 1136; x_wconf 82' lang='grc' dir='ltr'>Περσῶν</span> <span class='ocrx_word' id='word_1_85' title='bbox 1220 1065 1311 1119; x_wconf 75' lang='grc' dir='ltr'>καὶ</span> <span class='ocrx_word' id='word_1_86' title='bbox 1356 1066 1576 1137; x_wconf 84' lang='grc' dir='ltr'><strong>Μήδων,</strong></span> <span class='ocrx_word' id='word_1_87' title='bbox 1613 1068 1816 1139; x_wconf 82' lang='grc' dir='ltr'>πικρὰν</span> <span class='ocrx_word' id='word_1_88' title='bbox 1859 1066 1954 1123; x_wconf 69' lang='grc' dir='ltr'><strong>καὶ</strong></span> 
     </span>
    </p>
   </div>
   <div class='ocr_carea' id='block_1_14' title="bbox 357 1155 1955 1228">
    <p class='ocr_par' dir='ltr' id='par_1_14' title="bbox 357 1155 1955 1228">
     <span class='ocr_line' id='line_1_14' title="bbox 357 1155 1955 1228; baseline 0.001 -17"><span class='ocrx_word' id='word_1_89' title='bbox 357 1158 647 1211; x_wconf 72' lang='grc' dir='ltr'>δύσοιστον</span> <span class='ocrx_word' id='word_1_90' title='bbox 699 1155 1028 1219; x_wconf 86' lang='grc' dir='ltr'>ἀνατλάντες</span> <span class='ocrx_word' id='word_1_91' title='bbox 1071 1155 1332 1212; x_wconf 89' lang='grc' dir='ltr'>δουλείαν.</span> <span class='ocrx_word' id='word_1_92' title='bbox 1390 1158 1603 1228; x_wconf 80' lang='grc' dir='ltr'>Ἐπειδὴ</span> <span class='ocrx_word' id='word_1_93' title='bbox 1654 1158 1712 1212; x_wconf 82' lang='grc' dir='ltr'>δὲ</span> <span class='ocrx_word' id='word_1_94' title='bbox 1773 1160 1955 1223; x_wconf 78' lang='grc' dir='ltr'>αὐτοῖς</span> 
     </span>
    </p>
   </div>
   <div class='ocr_carea' id='block_1_15' title="bbox 360 1235 1953 1316">
    <p class='ocr_par' dir='ltr' id='par_1_15' title="bbox 360 1235 1953 1316">
     <span class='ocr_line' id='line_1_15' title="bbox 360 1235 1953 1316; baseline -0.001 -17"><span class='ocrx_word' id='word_1_95' title='bbox 360 1245 773 1316; x_wconf 72' lang='grc' dir='ltr'>ἑϐδομηκοστὸν</span> <span class='ocrx_word' id='word_1_96' title='bbox 798 1244 918 1308; x_wconf 77' lang='grc' dir='ltr'>ἔτος</span> <span class='ocrx_word' id='word_1_97' title='bbox 944 1243 1271 1304; x_wconf 85' lang='grc' dir='ltr'>τετέλεσται,</span> <span class='ocrx_word' id='word_1_98' title='bbox 1300 1235 1550 1315; x_wconf 82' lang='grc' dir='ltr'>κατηλέει</span> <span class='ocrx_word' id='word_1_99' title='bbox 1580 1245 1742 1300; x_wconf 90' lang='grc' dir='ltr'>πάλιν</span> <span class='ocrx_word' id='word_1_100' title='bbox 1771 1248 1800 1299; x_wconf 98' lang='lat'><strong>6</strong></span> <span class='ocrx_word' id='word_1_101' title='bbox 1830 1245 1953 1315; x_wconf 80' lang='grc' dir='ltr'>φιλ-</span> 
     </span>
    </p>
   </div>
   <div class='ocr_carea' id='block_1_16' title="bbox 358 1332 1955 1406">
    <p class='ocr_par' dir='ltr' id='par_1_16' title="bbox 358 1332 1955 1406">
     <span class='ocr_line' id='line_1_16' title="bbox 358 1332 1955 1406; baseline 0.001 -21"><span class='ocrx_word' id='word_1_102' title='bbox 358 1335 698 1406; x_wconf 85' lang='grc' dir='ltr'>οικτείρμων</span> <span class='ocrx_word' id='word_1_103' title='bbox 750 1333 903 1395; x_wconf 86' lang='grc' dir='ltr'>Θεός.</span> <span class='ocrx_word' id='word_1_104' title='bbox 952 1332 1062 1385; x_wconf 75' lang='grc' dir='ltr'><strong>Καὶ</strong></span> <span class='ocrx_word' id='word_1_105' title='bbox 1107 1332 1239 1400; x_wconf 76' lang='grc' dir='ltr'>γοῦν</span> <span class='ocrx_word' id='word_1_106' title='bbox 1284 1332 1359 1396; x_wconf 86' lang='grc' dir='ltr'>ὼς</span> <span class='ocrx_word' id='word_1_107' title='bbox 1395 1335 1452 1387; x_wconf 85' lang='grc' dir='ltr'>ὲν</span> <span class='ocrx_word' id='word_1_108' title='bbox 1484 1332 1562 1404; x_wconf 77' lang='grc' dir='ltr'>τῷ</span> <span class='ocrx_word' id='word_1_109' title='bbox 1594 1333 1838 1404; x_wconf 71' lang='grc' dir='ltr'>Ζαχαρία</span> <span class='ocrx_word' id='word_1_110' title='bbox 1863 1332 1955 1402; x_wconf 76' lang='grc' dir='ltr'><strong>γέ-</strong></span> 
     </span>
    </p>
   </div>
   <div class='ocr_carea' id='block_1_17' title="bbox 359 1423 1953 1497">
    <p class='ocr_par' dir='ltr' id='par_1_17' title="bbox 359 1423 1953 1497">
     <span class='ocr_line' id='line_1_17' title="bbox 359 1423 1953 1497; baseline -0.001 -18"><span class='ocrx_word' id='word_1_111' title='bbox 359 1444 639 1497; x_wconf 80' lang='grc' dir='ltr'>γραπται,</span> <span class='ocrx_word' id='word_1_112' title='bbox 673 1426 774 1488; x_wconf 81' lang='grc' dir='ltr'>τὰς</span> <span class='ocrx_word' id='word_1_113' title='bbox 804 1426 943 1496; x_wconf 82' lang='grc' dir='ltr'>ὑπὲρ</span> <span class='ocrx_word' id='word_1_114' title='bbox 971 1423 1149 1477; x_wconf 80' lang='grc' dir='ltr'>αὐτῶν</span> <span class='ocrx_word' id='word_1_115' title='bbox 1176 1427 1411 1478; x_wconf 78' lang='grc' dir='ltr'>ἐποιεῖτο</span> <span class='ocrx_word' id='word_1_116' title='bbox 1438 1425 1592 1489; x_wconf 79' lang='grc' dir='ltr'>λιτὰς</span> <span class='ocrx_word' id='word_1_117' title='bbox 1619 1427 1648 1479; x_wconf 93' lang='lat'><strong>6</strong></span> <span class='ocrx_word' id='word_1_118' title='bbox 1684 1427 1953 1497; x_wconf 87' lang='grc' dir='ltr'>μακάριος</span> 
     </span>
    </p>
   </div>
   <div class='ocr_carea' id='block_1_18' title="bbox 362 1514 1949 1586">
    <p class='ocr_par' dir='ltr' id='par_1_18' title="bbox 362 1514 1949 1586">
     <span class='ocr_line' id='line_1_18' title="bbox 362 1514 1949 1586; baseline -0.001 -15"><span class='ocrx_word' id='word_1_119' title='bbox 362 1517 622 1586; x_wconf 73' lang='grc' dir='ltr'>ἄγγελος,</span> <span class='ocrx_word' id='word_1_120' title='bbox 658 1514 857 1584; x_wconf 75' lang='grc' dir='ltr'>λέγων’</span> <span class='ocrx_word' id='word_1_121' title='bbox 894 1533 912 1566; x_wconf 82' lang='grc' dir='ltr'><strong>ι</strong></span> <span class='ocrx_word' id='word_1_122' title='bbox 946 1514 1118 1584; x_wconf 83' lang='grc' dir='ltr'>Κύριε</span> <span class='ocrx_word' id='word_1_123' title='bbox 1149 1514 1564 1586; x_wconf 81' lang='grc' dir='ltr'>παντοκράτωρ,</span> <span class='ocrx_word' id='word_1_124' title='bbox 1586 1515 1691 1578; x_wconf 70' lang='grc' dir='ltr'>ἕως</span> <span class='ocrx_word' id='word_1_125' title='bbox 1715 1514 1857 1579; x_wconf 89' lang='grc' dir='ltr'>τίνος</span> <span class='ocrx_word' id='word_1_126' title='bbox 1889 1515 1949 1569; x_wconf 86' lang='grc' dir='ltr'>οὐ</span> 
     </span>
    </p>
   </div>
   <div class='ocr_carea' id='block_1_19' title="bbox 368 1600 1949 1679">
    <p class='ocr_par' dir='ltr' id='par_1_19' title="bbox 368 1600 1949 1679">
     <span class='ocr_line' id='line_1_19' title="bbox 368 1600 1949 1679; baseline -0.001 -19"><span class='ocrx_word' id='word_1_127' title='bbox 368 1611 448 1679; x_wconf 80' lang='grc' dir='ltr'>μὴ</span> <span class='ocrx_word' id='word_1_128' title='bbox 472 1600 717 1677; x_wconf 77' lang='grc' dir='ltr'>ὲλεήσέις</span> <span class='ocrx_word' id='word_1_129' title='bbox 745 1606 844 1676; x_wconf 79' lang='grc' dir='ltr'>τὴν</span> <span class='ocrx_word' id='word_1_130' title='bbox 873 1604 1249 1678; x_wconf 77' lang='grc' dir='ltr'>Ἰερουσαλὴμ,</span> <span class='ocrx_word' id='word_1_131' title='bbox 1284 1607 1376 1658; x_wconf 76' lang='grc' dir='ltr'><strong>καὶ</strong></span> <span class='ocrx_word' id='word_1_132' title='bbox 1407 1606 1504 1670; x_wconf 91' lang='grc' dir='ltr'><strong>τάς</strong></span> <span class='ocrx_word' id='word_1_133' title='bbox 1542 1605 1724 1668; x_wconf 88' lang='grc' dir='ltr'>πόλεις</span> <span class='ocrx_word' id='word_1_134' title='bbox 1759 1605 1949 1671; x_wconf 80' lang='grc' dir='ltr'>Ἰούδα,</span> 
     </span>
    </p>
   </div>
   <div class='ocr_carea' id='block_1_20' title="bbox 371 1693 1950 1770">
    <p class='ocr_par' dir='ltr' id='par_1_20' title="bbox 371 1693 1950 1770">
     <span class='ocr_line' id='line_1_20' title="bbox 371 1693 1950 1770; baseline -0.004 -18"><span class='ocrx_word' id='word_1_135' title='bbox 371 1698 439 1762; x_wconf 71' lang='grc' dir='ltr'>ἃς</span> <span class='ocrx_word' id='word_1_136' title='bbox 466 1698 753 1770; x_wconf 75' lang='grc' dir='ltr'>ὑπὲριδεςς</span> <span class='ocrx_word' id='word_1_137' title='bbox 796 1695 957 1749; x_wconf 76' lang='grc' dir='ltr'>τοῦτο</span> <span class='ocrx_word' id='word_1_138' title='bbox 1002 1694 1398 1766; x_wconf 78' lang='grc' dir='ltr'>ἑϐδομηκοστὸν</span> <span class='ocrx_word' id='word_1_139' title='bbox 1439 1694 1576 1760; x_wconf 63' lang='grc' dir='ltr'>ἔτος</span> <span class='ocrx_word' id='word_1_140' title='bbox 1615 1713 1634 1745; x_wconf 73' lang='grc' dir='ltr'><strong>ι</strong></span> <span class='ocrx_word' id='word_1_141' title='bbox 1679 1695 1771 1748; x_wconf 73' lang='grc' dir='ltr'>καὶ</span> <span class='ocrx_word' id='word_1_142' title='bbox 1815 1693 1950 1764; x_wconf 88' lang='grc' dir='ltr'>πρός</span> 
     </span>
    </p>
   </div>
   <div class='ocr_carea' id='block_1_21' title="bbox 377 1773 2024 1858">
    <p class='ocr_par' dir='ltr' id='par_1_21' title="bbox 377 1773 2024 1858">
     <span class='ocr_line' id='line_1_21' title="bbox 377 1773 2024 1858; baseline -0.004 -14"><span class='ocrx_word' id='word_1_143' title='bbox 377 1807 444 1858; x_wconf 82' lang='grc' dir='ltr'><strong>γε</strong></span> <span class='ocrx_word' id='word_1_144' title='bbox 472 1789 632 1843; x_wconf 83' lang='grc' dir='ltr'>ταῦτα</span> <span class='ocrx_word' id='word_1_145' title='bbox 663 1788 796 1851; x_wconf 77' lang='grc' dir='ltr'>Θεός</span> <span class='ocrx_word' id='word_1_146' title='bbox 852 1806 871 1837; x_wconf 78' lang='grc' dir='ltr'><strong>ι</strong></span> <span class='ocrx_word' id='word_1_147' title='bbox 908 1785 1189 1856; x_wconf 72' lang='grc' dir='ltr'>Ἐζήλωσα</span> <span class='ocrx_word' id='word_1_148' title='bbox 1216 1785 1312 1856; x_wconf 79' lang='grc' dir='ltr'>τὴν</span> <span class='ocrx_word' id='word_1_149' title='bbox 1347 1784 1700 1857; x_wconf 80' lang='grc' dir='ltr'>Ἰερουσαλὴμ</span> <span class='ocrx_word' id='word_1_150' title='bbox 1728 1786 1822 1839; x_wconf 74' lang='grc' dir='ltr'>καὶ</span> <span class='ocrx_word' id='word_1_151' title='bbox 1852 1784 1952 1855; x_wconf 78' lang='grc' dir='ltr'>τὴν</span> <span class='ocrx_word' id='word_1_152' title='bbox 1982 1773 2024 1828; x_wconf 78' lang='grc' dir='ltr'>Β</span> 
     </span>
    </p>
   </div>
   <div class='ocr_carea' id='block_1_22' title="bbox 376 1874 1956 1949">
    <p class='ocr_par' dir='ltr' id='par_1_22' title="bbox 376 1874 1956 1949">
     <span class='ocr_line' id='line_1_22' title="bbox 376 1874 1956 1949; baseline -0.003 -17"><span class='ocrx_word' id='word_1_153' title='bbox 376 1879 511 1932; x_wconf 85' lang='grc' dir='ltr'>Σιὼν</span> <span class='ocrx_word' id='word_1_154' title='bbox 539 1878 701 1948; x_wconf 77' lang='grc' dir='ltr'>ζῆλον</span> <span class='ocrx_word' id='word_1_155' title='bbox 731 1877 929 1949; x_wconf 81' lang='grc' dir='ltr'>μέγαν,</span> <span class='ocrx_word' id='word_1_156' title='bbox 961 1878 1055 1929; x_wconf 82' lang='grc' dir='ltr'>καὶ</span> <span class='ocrx_word' id='word_1_157' title='bbox 1087 1875 1241 1946; x_wconf 83' lang='grc' dir='ltr'><strong>θυμῷ</strong></span> <span class='ocrx_word' id='word_1_158' title='bbox 1270 1876 1490 1947; x_wconf 81' lang='grc' dir='ltr'>μεγάλῳ</span> <span class='ocrx_word' id='word_1_159' title='bbox 1520 1874 1630 1946; x_wconf 80' lang='grc' dir='ltr'><strong>ἐγὼ</strong></span> <span class='ocrx_word' id='word_1_160' title='bbox 1665 1876 1956 1948; x_wconf 77' lang='grc' dir='ltr'>ὀργίζομαι</span> 
     </span>
    </p>
   </div>
   <div class='ocr_carea' id='block_1_23' title="bbox 367 1957 1955 2036">
    <p class='ocr_par' dir='ltr' id='par_1_23' title="bbox 367 1957 1955 2036">
     <span class='ocr_line' id='line_1_23' title="bbox 367 1957 1955 2036; baseline -0.004 -14"><span class='ocrx_word' id='word_1_161' title='bbox 367 1964 462 2022; x_wconf 66' lang='grc' dir='ltr'><strong>ἐπὶ</strong></span> <span class='ocrx_word' id='word_1_162' title='bbox 484 1968 553 2022; x_wconf 81' lang='grc' dir='ltr'>τὰ</span> <span class='ocrx_word' id='word_1_163' title='bbox 578 1968 712 2036; x_wconf 75' lang='grc' dir='ltr'>ἔθνη</span> <span class='ocrx_word' id='word_1_164' title='bbox 744 1967 814 2021; x_wconf 78' lang='grc' dir='ltr'>τὰ</span> <span class='ocrx_word' id='word_1_165' title='bbox 844 1964 1320 2034; x_wconf 74' lang='grc' dir='ltr'>συνεπιτιθεμενα,</span> <span class='ocrx_word' id='word_1_166' title='bbox 1348 1963 1462 2019; x_wconf 81' lang='grc' dir='ltr'>ἀνθ’</span> <span class='ocrx_word' id='word_1_167' title='bbox 1493 1957 1568 2018; x_wconf 83' lang='grc' dir='ltr'><strong>ὧν</strong></span> <span class='ocrx_word' id='word_1_168' title='bbox 1593 1964 1704 2033; x_wconf 75' lang='grc' dir='ltr'><strong>ἐγὼ</strong></span> <span class='ocrx_word' id='word_1_169' title='bbox 1736 1965 1832 2035; x_wconf 87' lang='grc' dir='ltr'>μὲν</span> <span class='ocrx_word' id='word_1_170' title='bbox 1860 1964 1955 2035; x_wconf 83' lang='grc' dir='ltr'><strong>ὀρ-</strong></span> 
     </span>
    </p>
   </div>
   <div class='ocr_carea' id='block_1_24' title="bbox 364 2054 1956 2133">
    <p class='ocr_par' dir='ltr' id='par_1_24' title="bbox 364 2054 1956 2133">
     <span class='ocr_line' id='line_1_24' title="bbox 364 2054 1956 2133; baseline -0.002 -22"><span class='ocrx_word' id='word_1_171' title='bbox 364 2060 567 2130; x_wconf 79' lang='grc' dir='ltr'>γίσθην</span> <span class='ocrx_word' id='word_1_172' title='bbox 586 2058 765 2127; x_wconf 80' lang='grc' dir='ltr'>ὀλίγα,</span> <span class='ocrx_word' id='word_1_173' title='bbox 794 2056 1030 2133; x_wconf 78' lang='grc' dir='ltr'>αύτοὶδὲ</span> <span class='ocrx_word' id='word_1_174' title='bbox 1061 2054 1413 2109; x_wconf 65' lang='grc' dir='ltr'>συνεπέθεντο</span> <span class='ocrx_word' id='word_1_175' title='bbox 1441 2056 1518 2118; x_wconf 89' lang='grc' dir='ltr'><strong>είς</strong></span> <span class='ocrx_word' id='word_1_176' title='bbox 1549 2054 1696 2109; x_wconf 84' lang='grc' dir='ltr'>κακά</span> <span class='ocrx_word' id='word_1_177' title='bbox 1716 2054 1956 2109; x_wconf 71' lang='grc' dir='ltr'>»Οὐκοῦν</span> 
     </span>
    </p>
   </div>
   <div class='ocr_carea' id='block_1_25' title="bbox 368 2145 1956 2222">
    <p class='ocr_par' dir='ltr' id='par_1_25' title="bbox 368 2145 1956 2222">
     <span class='ocr_line' id='line_1_25' title="bbox 368 2145 1956 2222; baseline -0.003 -18"><span class='ocrx_word' id='word_1_178' title='bbox 368 2150 624 2222; x_wconf 70' lang='grc' dir='ltr'>ἀνῄρηκε</span> <span class='ocrx_word' id='word_1_179' title='bbox 659 2150 756 2219; x_wconf 71' lang='grc' dir='ltr'>μὲν</span> <span class='ocrx_word' id='word_1_180' title='bbox 783 2148 902 2201; x_wconf 80' lang='grc' dir='ltr'>τότε</span> <span class='ocrx_word' id='word_1_181' title='bbox 934 2148 1032 2211; x_wconf 74' lang='grc' dir='ltr'><strong>τὰς</strong></span> <span class='ocrx_word' id='word_1_182' title='bbox 1070 2145 1342 2217; x_wconf 82' lang='grc' dir='ltr'>ἁμαρτίας</span> <span class='ocrx_word' id='word_1_183' title='bbox 1382 2146 1583 2211; x_wconf 82' lang='grc' dir='ltr'>αὐτῶν,</span> <span class='ocrx_word' id='word_1_184' title='bbox 1627 2145 1956 2217; x_wconf 82' lang='grc' dir='ltr'>λελύτρωται</span> 
     </span>
    </p>
   </div>
   <div class='ocr_carea' id='block_1_26' title="bbox 370 2237 1957 2312">
    <p class='ocr_par' dir='ltr' id='par_1_26' title="bbox 370 2237 1957 2312">
     <span class='ocr_line' id='line_1_26' title="bbox 370 2237 1957 2312; baseline -0.002 -17"><span class='ocrx_word' id='word_1_185' title='bbox 370 2242 515 2312; x_wconf 76' lang='grc' dir='ltr'>γὰρ,</span> <span class='ocrx_word' id='word_1_186' title='bbox 545 2242 649 2294; x_wconf 61' lang='grc' dir='ltr'><strong>καὶ</strong></span> <span class='ocrx_word' id='word_1_187' title='bbox 672 2239 994 2310; x_wconf 68' lang='grc' dir='ltr'>ἀνεκομίσθη</span> <span class='ocrx_word' id='word_1_188' title='bbox 1019 2239 1180 2292; x_wconf 82' lang='grc' dir='ltr'>πάλιν</span> <span class='ocrx_word' id='word_1_189' title='bbox 1212 2240 1292 2301; x_wconf 89' lang='grc' dir='ltr'><strong>εἰς</strong></span> <span class='ocrx_word' id='word_1_190' title='bbox 1324 2238 1423 2308; x_wconf 80' lang='grc' dir='ltr'>τὴν</span> <span class='ocrx_word' id='word_1_191' title='bbox 1451 2238 1681 2291; x_wconf 82' lang='grc' dir='ltr'>ἑαυτῶν.</span> <span class='ocrx_word' id='word_1_192' title='bbox 1718 2237 1874 2292; x_wconf 85' lang='grc' dir='ltr'>Μετά</span> <span class='ocrx_word' id='word_1_193' title='bbox 1896 2237 1957 2292; x_wconf 75' lang='grc' dir='ltr'>δέ</span> 
     </span>
    </p>
   </div>
   <div class='ocr_carea' id='block_1_27' title="bbox 375 2328 1953 2402">
    <p class='ocr_par' dir='ltr' id='par_1_27' title="bbox 375 2328 1953 2402">
     <span class='ocr_line' id='line_1_27' title="bbox 375 2328 1953 2402; baseline -0.003 -17"><span class='ocrx_word' id='word_1_194' title='bbox 375 2349 445 2400; x_wconf 85' lang='grc' dir='ltr'>γε</span> <span class='ocrx_word' id='word_1_195' title='bbox 491 2331 587 2385; x_wconf 85' lang='grc' dir='ltr'>τὸν</span> <span class='ocrx_word' id='word_1_196' title='bbox 630 2329 724 2384; x_wconf 78' lang='grc' dir='ltr'>τοῦ</span> <span class='ocrx_word' id='word_1_197' title='bbox 770 2331 1010 2402; x_wconf 78' lang='grc' dir='ltr'>Σωτῆρος</span> <span class='ocrx_word' id='word_1_198' title='bbox 1047 2330 1301 2402; x_wconf 68' lang='grc' dir='ltr'>σταυρὸν,</span> <span class='ocrx_word' id='word_1_199' title='bbox 1331 2330 1514 2383; x_wconf 81' lang='grc' dir='ltr'>οὐκέτι</span> <span class='ocrx_word' id='word_1_200' title='bbox 1552 2328 1650 2393; x_wconf 83' lang='grc' dir='ltr'><strong>τὰς</strong></span> <span class='ocrx_word' id='word_1_201' title='bbox 1677 2329 1953 2400; x_wconf 78' lang='grc' dir='ltr'>ἁμαρτίας</span> 
     </span>
    </p>
   </div>
   <div class='ocr_carea' id='block_1_28' title="bbox 373 2408 1953 2492">
    <p class='ocr_par' dir='ltr' id='par_1_28' title="bbox 373 2408 1953 2492">
     <span class='ocr_line' id='line_1_28' title="bbox 373 2408 1953 2492; baseline -0.001 -17"><span class='ocrx_word' id='word_1_202' title='bbox 373 2423 565 2485; x_wconf 72' lang='grc' dir='ltr'>αὐτοῖς</span> <span class='ocrx_word' id='word_1_203' title='bbox 585 2408 806 2492; x_wconf 67' lang='grc' dir='ltr'>ἀνήσειν</span> <span class='ocrx_word' id='word_1_204' title='bbox 832 2420 1241 2490; x_wconf 75' lang='grc' dir='ltr'>ἐπαγγέλλεται,</span> <span class='ocrx_word' id='word_1_205' title='bbox 1275 2421 1363 2477; x_wconf 88' lang='grc' dir='ltr'><strong>διά</strong></span> <span class='ocrx_word' id='word_1_206' title='bbox 1390 2438 1473 2475; x_wconf 89' lang='grc' dir='ltr'><strong>τοι</strong></span> <span class='ocrx_word' id='word_1_207' title='bbox 1499 2422 1559 2474; x_wconf 79' lang='grc' dir='ltr'><strong>τὸ</strong></span> <span class='ocrx_word' id='word_1_208' title='bbox 1591 2422 1838 2492; x_wconf 82' lang='grc' dir='ltr'>μακροὺς</span> <span class='ocrx_word' id='word_1_209' title='bbox 1868 2419 1953 2490; x_wconf 74' lang='grc' dir='ltr'><strong>ἐφ’</strong></span> 
     </span>
    </p>
   </div>
   <div class='ocr_carea' id='block_1_29' title="bbox 368 2510 1956 2585">
    <p class='ocr_par' dir='ltr' id='par_1_29' title="bbox 368 2510 1956 2585">
     <span class='ocr_line' id='line_1_29' title="bbox 368 2510 1956 2585; baseline -0.003 -17"><span class='ocrx_word' id='word_1_210' title='bbox 368 2516 585 2577; x_wconf 74' lang='grc' dir='ltr'>ἑαυτοῖς</span> <span class='ocrx_word' id='word_1_211' title='bbox 608 2511 950 2581; x_wconf 78' lang='grc' dir='ltr'>διαγενέσθαι</span> <span class='ocrx_word' id='word_1_212' title='bbox 982 2514 1228 2585; x_wconf 81' lang='grc' dir='ltr'>καιροὺς,</span> <span class='ocrx_word' id='word_1_213' title='bbox 1257 2510 1440 2576; x_wconf 87' lang='grc' dir='ltr'>καθὼς</span> <span class='ocrx_word' id='word_1_214' title='bbox 1471 2514 1816 2583; x_wconf 82' lang='grc' dir='ltr'>μεμενήκασι</span> <span class='ocrx_word' id='word_1_215' title='bbox 1842 2513 1956 2577; x_wconf 86' lang='grc' dir='ltr'>τοῖς</span> 
     </span>
    </p>
   </div>
   <div class='ocr_carea' id='block_1_30' title="bbox 366 2604 1955 2677">
    <p class='ocr_par' dir='ltr' id='par_1_30' title="bbox 366 2604 1955 2677">
     <span class='ocr_line' id='line_1_30' title="bbox 366 2604 1955 2677; baseline 0.001 -17"><span class='ocrx_word' id='word_1_216' title='bbox 366 2605 429 2671; x_wconf 66' lang='grc' dir='ltr'><strong>ἐξ</strong></span> <span class='ocrx_word' id='word_1_217' title='bbox 455 2605 629 2677; x_wconf 81' lang='grc' dir='ltr'>ὀργῆς</span> <span class='ocrx_word' id='word_1_218' title='bbox 663 2605 961 2676; x_wconf 77' lang='grc' dir='ltr'>κινήμασιν</span> <span class='ocrx_word' id='word_1_219' title='bbox 997 2604 1446 2677; x_wconf 77' lang='grc' dir='ltr'>ὑπενηνεγμένοι.</span> <span class='ocrx_word' id='word_1_220' title='bbox 1472 2605 1594 2657; x_wconf 82' lang='grc' dir='ltr'>Ὅτι</span> <span class='ocrx_word' id='word_1_221' title='bbox 1631 2605 1728 2675; x_wconf 86' lang='grc' dir='ltr'>μὲν</span> <span class='ocrx_word' id='word_1_222' title='bbox 1756 2604 1866 2677; x_wconf 83' lang='grc' dir='ltr'>γὰρ</span> <span class='ocrx_word' id='word_1_223' title='bbox 1895 2608 1955 2661; x_wconf 79' lang='grc' dir='ltr'>ὲν</span> 
     </span>
    </p>
   </div>
   <div class='ocr_carea' id='block_1_31' title="bbox 366 2696 1955 2771">
    <p class='ocr_par' dir='ltr' id='par_1_31' title="bbox 366 2696 1955 2771">
     <span class='ocr_line' id='line_1_31' title="bbox 366 2696 1955 2771; baseline -0.001 -18"><span class='ocrx_word' id='word_1_224' title='bbox 366 2698 619 2771; x_wconf 70' lang='grc' dir='ltr'>ισχάτοις</span> <span class='ocrx_word' id='word_1_225' title='bbox 643 2696 1034 2768; x_wconf 73' lang='grc' dir='ltr'>ἐλεηθήσονται</span> <span class='ocrx_word' id='word_1_226' title='bbox 1064 2700 1295 2767; x_wconf 89' lang='grc' dir='ltr'>καιροῖς,</span> <span class='ocrx_word' id='word_1_227' title='bbox 1319 2699 1385 2768; x_wconf 83' lang='grc' dir='ltr'><strong>τῇ</strong></span> <span class='ocrx_word' id='word_1_228' title='bbox 1410 2697 1490 2761; x_wconf 88' lang='grc' dir='ltr'><strong>είς</strong></span> <span class='ocrx_word' id='word_1_229' title='bbox 1513 2696 1746 2769; x_wconf 80' lang='grc' dir='ltr'>Χριστὸν</span> <span class='ocrx_word' id='word_1_230' title='bbox 1774 2698 1955 2769; x_wconf 79' lang='grc' dir='ltr'>χάριτι</span> 
     </span>
    </p>
   </div>
   <div class='ocr_carea' id='block_1_32' title="bbox 372 2785 1956 2859">
    <p class='ocr_par' dir='ltr' id='par_1_32' title="bbox 372 2785 1956 2859">
     <span class='ocr_line' id='line_1_32' title="bbox 372 2785 1956 2859; baseline 0.001 -18"><span class='ocrx_word' id='word_1_231' title='bbox 372 2788 493 2859; x_wconf 83' lang='grc' dir='ltr'>μεθ’</span> <span class='ocrx_word' id='word_1_232' title='bbox 525 2786 684 2858; x_wconf 76' lang='grc' dir='ltr'>ἡμῶν</span> <span class='ocrx_word' id='word_1_233' title='bbox 719 2785 1111 2857; x_wconf 79' lang='grc' dir='ltr'>δικαιούμενοι,</span> <span class='ocrx_word' id='word_1_234' title='bbox 1157 2788 1444 2858; x_wconf 79' lang='grc' dir='ltr'>διεκήρυξε</span> <span class='ocrx_word' id='word_1_235' title='bbox 1496 2787 1557 2840; x_wconf 85' lang='grc' dir='ltr'>τὸ</span> <span class='ocrx_word' id='word_1_236' title='bbox 1609 2788 1844 2859; x_wconf 80' lang='grc' dir='ltr'>γράμμα</span> <span class='ocrx_word' id='word_1_237' title='bbox 1892 2788 1956 2843; x_wconf 76' lang='grc' dir='ltr'><strong>τὸ</strong></span> 
     </span>
    </p>
   </div>
   <div class='ocr_carea' id='block_1_33' title="bbox 371 2877 1951 2952">
    <p class='ocr_par' dir='ltr' id='par_1_33' title="bbox 371 2877 1951 2952">
     <span class='ocr_line' id='line_1_33' title="bbox 371 2877 1951 2952; baseline 0.001 -20"><span class='ocrx_word' id='word_1_238' title='bbox 371 2878 525 2952; x_wconf 72' lang='grc' dir='ltr'>ἱερὸν</span> <span class='ocrx_word' id='word_1_239' title='bbox 546 2917 564 2943; x_wconf 87' lang='grc'><strong>,</strong></span> <span class='ocrx_word' id='word_1_240' title='bbox 584 2877 771 2950; x_wconf 73' lang='grc' dir='ltr'>ἐπειδὴ</span> <span class='ocrx_word' id='word_1_241' title='bbox 796 2878 875 2942; x_wconf 78' lang='grc' dir='ltr'>δὲ,</span> <span class='ocrx_word' id='word_1_242' title='bbox 903 2878 980 2942; x_wconf 86' lang='grc' dir='ltr'>ὼς</span> <span class='ocrx_word' id='word_1_243' title='bbox 1005 2877 1162 2949; x_wconf 80' lang='grc' dir='ltr'>ἔφην,</span> <span class='ocrx_word' id='word_1_244' title='bbox 1192 2877 1324 2932; x_wconf 81' lang='grc' dir='ltr'>πολὺ</span> <span class='ocrx_word' id='word_1_245' title='bbox 1351 2878 1459 2931; x_wconf 83' lang='grc' dir='ltr'><strong>τῶν</strong></span> <span class='ocrx_word' id='word_1_246' title='bbox 1496 2878 1661 2932; x_wconf 84' lang='grc' dir='ltr'>πάλαι</span> <span class='ocrx_word' id='word_1_247' title='bbox 1694 2881 1951 2951; x_wconf 82' lang='grc' dir='ltr'>μακρότε-</span> 
     </span>
    </p>
   </div>
   <div class='ocr_carea' id='block_1_34' title="bbox 377 2970 1951 3044">
    <p class='ocr_par' dir='ltr' id='par_1_34' title="bbox 377 2970 1951 3044">
     <span class='ocr_line' id='line_1_34' title="bbox 377 2970 1951 3044; baseline 0.003 -22"><span class='ocrx_word' id='word_1_248' title='bbox 377 2989 461 3043; x_wconf 87' lang='grc' dir='ltr'><strong>ροι</strong></span> <span class='ocrx_word' id='word_1_249' title='bbox 490 2970 773 3041; x_wconf 76' lang='grc' dir='ltr'>γεγὸνασιν</span> <span class='ocrx_word' id='word_1_250' title='bbox 796 2972 885 3024; x_wconf 75' lang='grc' dir='ltr'><strong>ἐπ’</strong></span> <span class='ocrx_word' id='word_1_251' title='bbox 910 2971 1109 3033; x_wconf 81' lang='grc' dir='ltr'>αὐτοὺς</span> <span class='ocrx_word' id='word_1_252' title='bbox 1133 2974 1180 3024; x_wconf 88' lang='grc' dir='ltr'><strong>οί</strong></span> <span class='ocrx_word' id='word_1_253' title='bbox 1207 2971 1303 3041; x_wconf 85' lang='grc' dir='ltr'>τῆς</span> <span class='ocrx_word' id='word_1_254' title='bbox 1324 2971 1491 3041; x_wconf 72' lang='grc' dir='ltr'>ὀργῆς</span> <span class='ocrx_word' id='word_1_255' title='bbox 1543 2971 1742 3041; x_wconf 86' lang='grc' dir='ltr'>χρόνοι.</span> <span class='ocrx_word' id='word_1_256' title='bbox 1770 2972 1951 3044; x_wconf 78' lang='grc' dir='ltr'>Ταύτῃ</span> 
     </span>
    </p>
   </div>
   <div class='ocr_carea' id='block_1_35' title="bbox 370 3061 1953 3135">
    <p class='ocr_par' dir='ltr' id='par_1_35' title="bbox 370 3061 1953 3135">
     <span class='ocr_line' id='line_1_35' title="bbox 370 3061 1953 3135; baseline 0 -19"><span class='ocrx_word' id='word_1_257' title='bbox 370 3063 456 3117; x_wconf 83' lang='grc' dir='ltr'><strong>τοί</strong></span> <span class='ocrx_word' id='word_1_258' title='bbox 502 3080 686 3135; x_wconf 76' lang='grc' dir='ltr'>φησιν’</span> <span class='ocrx_word' id='word_1_259' title='bbox 724 3061 922 3118; x_wconf 74' lang='grc' dir='ltr'>Οὐκέτι</span> <span class='ocrx_word' id='word_1_260' title='bbox 965 3063 1149 3133; x_wconf 81' lang='grc' dir='ltr'>ἀνήσω</span> <span class='ocrx_word' id='word_1_261' title='bbox 1202 3064 1301 3125; x_wconf 84' lang='grc' dir='ltr'><strong>τάς</strong></span> <span class='ocrx_word' id='word_1_262' title='bbox 1345 3062 1618 3133; x_wconf 81' lang='grc' dir='ltr'>ἁμαρτίας</span> <span class='ocrx_word' id='word_1_263' title='bbox 1651 3061 1828 3133; x_wconf 83' lang='grc' dir='ltr'>ὑμῶν’</span> <span class='ocrx_word' id='word_1_264' title='bbox 1860 3067 1953 3117; x_wconf 73' lang='grc' dir='ltr'>καὶ</span> 
     </span>
    </p>
   </div>
   <div class='ocr_carea' id='block_1_36' title="bbox 368 3152 1950 3226">
    <p class='ocr_par' dir='ltr' id='par_1_36' title="bbox 368 3152 1950 3226">
     <span class='ocr_line' id='line_1_36' title="bbox 368 3152 1950 3226; baseline -0.001 -18"><span class='ocrx_word' id='word_1_265' title='bbox 368 3153 496 3208; x_wconf 85' lang='grc' dir='ltr'>καθ’</span> <span class='ocrx_word' id='word_1_266' title='bbox 523 3154 712 3226; x_wconf 70' lang='grc' dir='ltr'>ἕτερον</span> <span class='ocrx_word' id='word_1_267' title='bbox 747 3153 825 3217; x_wconf 82' lang='grc' dir='ltr'>δὲ,</span> <span class='ocrx_word' id='word_1_268' title='bbox 852 3156 902 3207; x_wconf 89' lang='grc' dir='ltr'><strong>εί</strong></span> <span class='ocrx_word' id='word_1_269' title='bbox 927 3152 1127 3224; x_wconf 86' lang='grc' dir='ltr'>βούλει,</span> <span class='ocrx_word' id='word_1_270' title='bbox 1156 3152 1376 3224; x_wconf 81' lang='grc' dir='ltr'>τρόπον,</span> <span class='ocrx_word' id='word_1_271' title='bbox 1409 3156 1474 3225; x_wconf 77' lang='grc' dir='ltr'>τῇ</span> <span class='ocrx_word' id='word_1_272' title='bbox 1507 3153 1615 3207; x_wconf 82' lang='grc' dir='ltr'>τῶν</span> <span class='ocrx_word' id='word_1_273' title='bbox 1652 3154 1950 3225; x_wconf 85' lang='grc' dir='ltr'>προκειμέ-</span> 
     </span>
    </p>
   </div>
   <div class='ocr_carea' id='block_1_37' title="bbox 366 3242 1954 3317">
    <p class='ocr_par' dir='ltr' id='par_1_37' title="bbox 366 3242 1954 3317">
     <span class='ocr_line' id='line_1_37' title="bbox 366 3242 1954 3317; baseline 0 -17"><span class='ocrx_word' id='word_1_274' title='bbox 366 3264 476 3301; x_wconf 86' lang='grc' dir='ltr'><strong>νων</strong></span> <span class='ocrx_word' id='word_1_275' title='bbox 523 3246 704 3317; x_wconf 68' lang='grc' dir='ltr'>ὲννοίᾳ</span> <span class='ocrx_word' id='word_1_276' title='bbox 744 3244 1090 3317; x_wconf 76' lang='grc' dir='ltr'>προσϐαλεῖς.</span> <span class='ocrx_word' id='word_1_277' title='bbox 1136 3242 1542 3315; x_wconf 75' lang='grc' dir='ltr'>Προσεκόμιζον</span> <span class='ocrx_word' id='word_1_278' title='bbox 1588 3244 1778 3310; x_wconf 84' lang='grc' dir='ltr'>θυσίας</span> <span class='ocrx_word' id='word_1_279' title='bbox 1812 3245 1954 3300; x_wconf 81' lang='grc' dir='ltr'>κατὰ</span> 
     </span>
    </p>
   </div>
   <div class='ocr_carea' id='block_1_38' title="bbox 366 3333 1953 3405">
    <p class='ocr_par' dir='ltr' id='par_1_38' title="bbox 366 3333 1953 3405">
     <span class='ocr_line' id='line_1_38' title="bbox 366 3333 1953 3405; baseline 0.001 -17"><span class='ocrx_word' id='word_1_280' title='bbox 366 3336 460 3389; x_wconf 59' lang='grc' dir='ltr'>τῖον</span> <span class='ocrx_word' id='word_1_281' title='bbox 488 3335 658 3388; x_wconf 69' lang='grc' dir='ltr'>πάλαι</span> <span class='ocrx_word' id='word_1_282' title='bbox 676 3334 841 3405; x_wconf 82' lang='grc' dir='ltr'>νόμον</span> <span class='ocrx_word' id='word_1_283' title='bbox 864 3335 915 3387; x_wconf 80' lang='grc' dir='ltr'>οἱ</span> <span class='ocrx_word' id='word_1_284' title='bbox 940 3334 1001 3400; x_wconf 68' lang='grc' dir='ltr'><strong>ἐξ</strong></span> <span class='ocrx_word' id='word_1_285' title='bbox 1028 3333 1265 3405; x_wconf 81' lang='grc' dir='ltr'>Ἰσραὴλ,</span> <span class='ocrx_word' id='word_1_286' title='bbox 1290 3334 1388 3398; x_wconf 77' lang='grc' dir='ltr'><strong>τὰς</strong></span> <span class='ocrx_word' id='word_1_287' title='bbox 1415 3334 1553 3405; x_wconf 77' lang='grc' dir='ltr'>ὑπέρ</span> <span class='ocrx_word' id='word_1_288' title='bbox 1581 3351 1644 3403; x_wconf 87' lang='grc' dir='ltr'>γε</span> <span class='ocrx_word' id='word_1_289' title='bbox 1671 3334 1779 3389; x_wconf 85' lang='grc' dir='ltr'><strong>τῶν</strong></span> <span class='ocrx_word' id='word_1_290' title='bbox 1807 3335 1953 3389; x_wconf 89' lang='grc' dir='ltr'>ίδίων</span> 
     </span>
    </p>
   </div>
   <div class='ocr_carea' id='block_1_39' title="bbox 369 3426 1954 3499">
    <p class='ocr_par' dir='ltr' id='par_1_39' title="bbox 369 3426 1954 3499">
     <span class='ocr_line' id='line_1_39' title="bbox 369 3426 1954 3499; baseline -0.001 -17"><span class='ocrx_word' id='word_1_291' title='bbox 369 3427 880 3499; x_wconf 72' lang='grc' dir='ltr'>πλημμελημάτων.</span> <span class='ocrx_word' id='word_1_292' title='bbox 903 3428 1128 3498; x_wconf 77' lang='grc' dir='ltr'>Ἔριφος</span> <span class='ocrx_word' id='word_1_293' title='bbox 1156 3426 1325 3480; x_wconf 75' lang='grc' dir='ltr'>δὲκαὶ</span> <span class='ocrx_word' id='word_1_294' title='bbox 1348 3427 1517 3499; x_wconf 81' lang='grc' dir='ltr'>ἀμνὸς</span> <span class='ocrx_word' id='word_1_295' title='bbox 1546 3427 1833 3496; x_wconf 75' lang='grc' dir='ltr'>ἐσφάζετο,</span> <span class='ocrx_word' id='word_1_296' title='bbox 1860 3428 1954 3481; x_wconf 81' lang='grc' dir='ltr'>καὶ</span> 
     </span>
    </p>
   </div>
   <div class='ocr_carea' id='block_1_40' title="bbox 370 3517 1952 3591">
    <p class='ocr_par' dir='ltr' id='par_1_40' title="bbox 370 3517 1952 3591">
     <span class='ocr_line' id='line_1_40' title="bbox 370 3517 1952 3591; baseline -0.001 -17"><span class='ocrx_word' id='word_1_297' title='bbox 370 3517 670 3591; x_wconf 78' lang='grc' dir='ltr'>συνεχώρει</span> <span class='ocrx_word' id='word_1_298' title='bbox 698 3517 851 3581; x_wconf 79' lang='grc' dir='ltr'>Θεὸς.</span> <span class='ocrx_word' id='word_1_299' title='bbox 881 3518 993 3573; x_wconf 83' lang='grc' dir='ltr'>Οὐκ</span> <span class='ocrx_word' id='word_1_300' title='bbox 1013 3519 1281 3582; x_wconf 76' lang='grc' dir='ltr'>ἁνικάνως</span> <span class='ocrx_word' id='word_1_301' title='bbox 1306 3518 1521 3589; x_wconf 77' lang='grc' dir='ltr'>ἔχοντος</span> <span class='ocrx_word' id='word_1_302' title='bbox 1550 3519 1646 3572; x_wconf 78' lang='grc' dir='ltr'>καὶ</span> <span class='ocrx_word' id='word_1_303' title='bbox 1672 3519 1838 3574; x_wconf 88' lang='grc' dir='ltr'>πάλαι</span> <span class='ocrx_word' id='word_1_304' title='bbox 1857 3517 1952 3572; x_wconf 83' lang='grc' dir='ltr'>τοῦ</span> 
     </span>
    </p>
   </div>
   <div class='ocr_carea' id='block_1_41' title="bbox 369 3608 1954 3681">
    <p class='ocr_par' dir='ltr' id='par_1_41' title="bbox 369 3608 1954 3681">
     <span class='ocr_line' id='line_1_41' title="bbox 369 3608 1954 3681; baseline -0.001 -17"><span class='ocrx_word' id='word_1_305' title='bbox 369 3610 541 3681; x_wconf 86' lang='grc' dir='ltr'>νόμου</span> <span class='ocrx_word' id='word_1_306' title='bbox 571 3608 784 3681; x_wconf 82' lang='grc' dir='ltr'>βοηθεῖν</span> <span class='ocrx_word' id='word_1_307' title='bbox 808 3608 1201 3681; x_wconf 80' lang='grc' dir='ltr'>ἀρχαιοτέροις,</span> <span class='ocrx_word' id='word_1_308' title='bbox 1241 3608 1544 3681; x_wconf 74' lang='grc' dir='ltr'>ὲμορςροῦτο</span> <span class='ocrx_word' id='word_1_309' title='bbox 1576 3609 1685 3680; x_wconf 82' lang='grc' dir='ltr'><strong>γὰρ</strong></span> <span class='ocrx_word' id='word_1_310' title='bbox 1716 3611 1774 3663; x_wconf 76' lang='grc' dir='ltr'>ἐν</span> <span class='ocrx_word' id='word_1_311' title='bbox 1804 3609 1954 3681; x_wconf 78' lang='grc' dir='ltr'>αὐτῷ</span> 
     </span>
    </p>
   </div>
   <div class='ocr_carea' id='block_1_42' title="bbox 370 3696 1955 3771">
    <p class='ocr_par' dir='ltr' id='par_1_42' title="bbox 370 3696 1955 3771">
     <span class='ocr_line' id='line_1_42' title="bbox 370 3696 1955 3771; baseline 0.001 -19"><span class='ocrx_word' id='word_1_312' title='bbox 370 3699 439 3753; x_wconf 68' lang='grc' dir='ltr'><strong>τὸ</strong></span> <span class='ocrx_word' id='word_1_313' title='bbox 462 3696 699 3769; x_wconf 80' lang='grc' dir='ltr'>Χριστοῦ</span> <span class='ocrx_word' id='word_1_314' title='bbox 731 3700 1047 3771; x_wconf 84' lang='grc' dir='ltr'>μυστήριον.</span> <span class='ocrx_word' id='word_1_315' title='bbox 1093 3698 1313 3769; x_wconf 85' lang='grc' dir='ltr'>Ἐπειδὴ</span> <span class='ocrx_word' id='word_1_316' title='bbox 1348 3698 1405 3751; x_wconf 79' lang='grc' dir='ltr'>δὲ</span> <span class='ocrx_word' id='word_1_317' title='bbox 1445 3698 1716 3768; x_wconf 78' lang='grc' dir='ltr'>ὲπέφανεν</span> <span class='ocrx_word' id='word_1_318' title='bbox 1759 3701 1788 3753; x_wconf 89' lang='grc' dir='ltr'><strong>ὁ</strong></span> <span class='ocrx_word' id='word_1_319' title='bbox 1821 3700 1955 3771; x_wconf 84' lang='grc' dir='ltr'>Χρι-</span> 
     </span>
    </p>
   </div>
   <div class='ocr_carea' id='block_1_43' title="bbox 382 3785 1949 3858">
    <p class='ocr_par' dir='ltr' id='par_1_43' title="bbox 382 3785 1949 3858">
     <span class='ocr_line' id='line_1_43' title="bbox 382 3785 1949 3858; baseline -0.001 -18"><span class='ocrx_word' id='word_1_320' title='bbox 382 3785 538 3851; x_wconf 76' lang='grc' dir='ltr'>στὸς,</span> <span class='ocrx_word' id='word_1_321' title='bbox 566 3788 860 3857; x_wconf 75' lang='grc' dir='ltr'>ἀπρακτεῖν</span> <span class='ocrx_word' id='word_1_322' title='bbox 893 3787 1000 3841; x_wconf 68' lang='grc' dir='ltr'>ἔδει</span> <span class='ocrx_word' id='word_1_323' title='bbox 1045 3786 1227 3839; x_wconf 79' lang='grc' dir='ltr'>λοιπὸν</span> <span class='ocrx_word' id='word_1_324' title='bbox 1255 3788 1354 3858; x_wconf 77' lang='grc' dir='ltr'>τὴν</span> <span class='ocrx_word' id='word_1_325' title='bbox 1384 3787 1441 3840; x_wconf 80' lang='grc' dir='ltr'>ὲν</span> <span class='ocrx_word' id='word_1_326' title='bbox 1471 3786 1627 3857; x_wconf 85' lang='grc' dir='ltr'>τύπῳ</span> <span class='ocrx_word' id='word_1_327' title='bbox 1664 3787 1949 3857; x_wconf 81' lang='grc' dir='ltr'>κάθαρσιν,</span> 
     </span>
    </p>
   </div>
   <div class='ocr_carea' id='block_1_44' title="bbox 373 3875 1953 3950">
    <p class='ocr_par' dir='ltr' id='par_1_44' title="bbox 373 3875 1953 3950">
     <span class='ocr_line' id='line_1_44' title="bbox 373 3875 1953 3950; baseline -0.001 -19"><span class='ocrx_word' id='word_1_328' title='bbox 373 3878 460 3943; x_wconf 81' lang='grc' dir='ltr'>ὡς</span> <span class='ocrx_word' id='word_1_329' title='bbox 492 3877 591 3949; x_wconf 80' lang='grc' dir='ltr'>τῆς</span> <span class='ocrx_word' id='word_1_330' title='bbox 616 3876 867 3947; x_wconf 86' lang='grc' dir='ltr'>ἀληθείας</span> <span class='ocrx_word' id='word_1_331' title='bbox 894 3877 995 3949; x_wconf 62' lang='grc' dir='ltr'>ἤδη</span> <span class='ocrx_word' id='word_1_332' title='bbox 1041 3877 1340 3950; x_wconf 82' lang='grc' dir='ltr'>παρούσης.</span> <span class='ocrx_word' id='word_1_333' title='bbox 1373 3875 1494 3930; x_wconf 87' lang='grc' dir='ltr'>Ὅτι</span> <span class='ocrx_word' id='word_1_334' title='bbox 1531 3875 1709 3929; x_wconf 85' lang='grc' dir='ltr'>τοίνυν</span> <span class='ocrx_word' id='word_1_335' title='bbox 1732 3877 1829 3930; x_wconf 69' lang='grc' dir='ltr'>οὐκ</span> <span class='ocrx_word' id='word_1_336' title='bbox 1856 3878 1953 3946; x_wconf 87' lang='grc' dir='ltr'>ἀρ-</span> 
     </span>
    </p>
   </div>
   <div class='ocr_carea' id='block_1_45' title="bbox 372 3969 1954 4042">
    <p class='ocr_par' dir='ltr' id='par_1_45' title="bbox 372 3969 1954 4042">
     <span class='ocr_line' id='line_1_45' title="bbox 372 3969 1954 4042; baseline -0.001 -17"><span class='ocrx_word' id='word_1_337' title='bbox 372 3970 534 4025; x_wconf 71' lang='grc' dir='ltr'>κέσει</span> <span class='ocrx_word' id='word_1_338' title='bbox 566 3970 702 4039; x_wconf 82' lang='grc' dir='ltr'>πρὸς</span> <span class='ocrx_word' id='word_1_339' title='bbox 726 3970 913 4039; x_wconf 77' lang='grc' dir='ltr'>ἄφεσιν</span> <span class='ocrx_word' id='word_1_340' title='bbox 936 3970 1120 4034; x_wconf 83' lang='grc' dir='ltr'>αὐτοῖς</span> <span class='ocrx_word' id='word_1_341' title='bbox 1164 3971 1196 4040; x_wconf 85' lang='grc' dir='ltr'><strong>ἡ</strong></span> <span class='ocrx_word' id='word_1_342' title='bbox 1234 3970 1399 4039; x_wconf 87' lang='grc' dir='ltr'>νόμου</span> <span class='ocrx_word' id='word_1_343' title='bbox 1431 3969 1557 4023; x_wconf 85' lang='grc' dir='ltr'><strong>σκιά</strong></span> <span class='ocrx_word' id='word_1_344' title='bbox 1585 3969 1683 4042; x_wconf 81' lang='grc' dir='ltr'>τὴν</span> <span class='ocrx_word' id='word_1_345' title='bbox 1709 3969 1795 4023; x_wconf 87' lang='grc' dir='ltr'><strong>διά</strong></span> <span class='ocrx_word' id='word_1_346' title='bbox 1820 3971 1954 4041; x_wconf 85' lang='grc' dir='ltr'>Χρι-</span> 
     </span>
    </p>
   </div>
   <div class='ocr_carea' id='block_1_46' title="bbox 370 4062 1951 4135">
    <p class='ocr_par' dir='ltr' id='par_1_46' title="bbox 370 4062 1951 4135">
     <span class='ocr_line' id='line_1_46' title="bbox 370 4062 1951 4135; baseline -0.002 -16"><span class='ocrx_word' id='word_1_347' title='bbox 370 4063 507 4119; x_wconf 79' lang='grc' dir='ltr'>στοῦ</span> <span class='ocrx_word' id='word_1_348' title='bbox 550 4063 838 4135; x_wconf 86' lang='grc' dir='ltr'>λύτρωσιν,</span> <span class='ocrx_word' id='word_1_349' title='bbox 887 4062 950 4115; x_wconf 82' lang='grc' dir='ltr'><strong>ού</strong></span> <span class='ocrx_word' id='word_1_350' title='bbox 1005 4063 1403 4135; x_wconf 77' lang='grc' dir='ltr'>προσιεμένοις,</span> <span class='ocrx_word' id='word_1_351' title='bbox 1450 4063 1712 4128; x_wconf 81' lang='grc' dir='ltr'>διδάσκει,</span> <span class='ocrx_word' id='word_1_352' title='bbox 1758 4063 1951 4131; x_wconf 72' lang='grc' dir='ltr'>λέγων’</span> 
     </span>
    </p>
   </div>
   <div class='ocr_carea' id='block_1_47' title="bbox 368 4152 1953 4226">
    <p class='ocr_par' dir='ltr' id='par_1_47' title="bbox 368 4152 1953 4226">
     <span class='ocr_line' id='line_1_47' title="bbox 368 4152 1953 4226; baseline -0.003 -15"><span class='ocrx_word' id='word_1_353' title='bbox 368 4155 576 4212; x_wconf 77' lang='grc' dir='ltr'>Οὐκέτι</span> <span class='ocrx_word' id='word_1_354' title='bbox 605 4155 796 4225; x_wconf 80' lang='grc' dir='ltr'>ἀνήσω</span> <span class='ocrx_word' id='word_1_355' title='bbox 829 4152 926 4217; x_wconf 77' lang='grc' dir='ltr'>τὰς</span> <span class='ocrx_word' id='word_1_356' title='bbox 960 4154 1235 4226; x_wconf 88' lang='grc' dir='ltr'>ἁμαρτίας</span> <span class='ocrx_word' id='word_1_357' title='bbox 1279 4153 1451 4225; x_wconf 84' lang='grc' dir='ltr'>ὑμῶν.</span> <span class='ocrx_word' id='word_1_358' title='bbox 1502 4153 1667 4207; x_wconf 74' lang='grc' dir='ltr'>Οὔπω</span> <span class='ocrx_word' id='word_1_359' title='bbox 1713 4155 1810 4225; x_wconf 85' lang='grc' dir='ltr'>μὲν</span> <span class='ocrx_word' id='word_1_360' title='bbox 1847 4154 1953 4225; x_wconf 79' lang='grc' dir='ltr'>γάρ</span> 
     </span>
    </p>
   </div>
   <div class='ocr_carea' id='block_1_48' title="bbox 369 4242 1955 4318">
    <p class='ocr_par' dir='ltr' id='par_1_48' title="bbox 369 4242 1955 4318">
     <span class='ocr_line' id='line_1_48' title="bbox 369 4242 1955 4318; baseline -0.001 -18"><span class='ocrx_word' id='word_1_361' title='bbox 369 4245 659 4318; x_wconf 78' lang='grc' dir='ltr'>παρούσης</span> <span class='ocrx_word' id='word_1_362' title='bbox 708 4244 812 4314; x_wconf 79' lang='grc' dir='ltr'>τῆς</span> <span class='ocrx_word' id='word_1_363' title='bbox 851 4242 1128 4316; x_wconf 84' lang='grc' dir='ltr'>ἀληθείας,</span> <span class='ocrx_word' id='word_1_364' title='bbox 1179 4245 1363 4314; x_wconf 73' lang='grc' dir='ltr'>φησιν,</span> <span class='ocrx_word' id='word_1_365' title='bbox 1408 4244 1806 4316; x_wconf 85' lang='grc' dir='ltr'>συγκεχώρηκα</span> <span class='ocrx_word' id='word_1_366' title='bbox 1844 4249 1955 4311; x_wconf 89' lang='grc' dir='ltr'>τοῖς</span> 
     </span>
    </p>
   </div>
   <div class='ocr_carea' id='block_1_49' title="bbox 365 4334 1951 4407">
    <p class='ocr_par' dir='ltr' id='par_1_49' title="bbox 365 4334 1951 4407">
     <span class='ocr_line' id='line_1_49' title="bbox 365 4334 1951 4407; baseline 0.001 -18"><span class='ocrx_word' id='word_1_367' title='bbox 365 4336 565 4400; x_wconf 75' lang='grc' dir='ltr'>τύποις</span> <span class='ocrx_word' id='word_1_368' title='bbox 619 4334 851 4406; x_wconf 75' lang='grc' dir='ltr'>ὠφελεῖν</span> <span class='ocrx_word' id='word_1_369' title='bbox 891 4334 1148 4390; x_wconf 82' lang='grc' dir='ltr'>δύνασθαι</span> <span class='ocrx_word' id='word_1_370' title='bbox 1190 4336 1316 4399; x_wconf 69' lang='grc' dir='ltr'>τοὺς</span> <span class='ocrx_word' id='word_1_371' title='bbox 1360 4334 1575 4405; x_wconf 70' lang='grc' dir='ltr'>ἐνόχους</span> <span class='ocrx_word' id='word_1_372' title='bbox 1618 4336 1951 4407; x_wconf 85' lang='grc' dir='ltr'>ἁμαρτίαις,</span> 
     </span>
    </p>
   </div>
   <div class='ocr_carea' id='block_1_50' title="bbox 368 4430 1953 4511">
    <p class='ocr_par' dir='ltr' id='par_1_50' title="bbox 368 4430 1953 4511">
     <span class='ocr_line' id='line_1_50' title="bbox 368 4430 1953 4511; baseline -0.003 -23"><span class='ocrx_word' id='word_1_373' title='bbox 368 4433 513 4488; x_wconf 61' lang='lat' dir='ltr'><strong>aloes</strong></span> <span class='ocrx_word' id='word_1_374' title='bbox 533 4434 601 4505; x_wconf 74' lang='grc' dir='ltr'>τῇ</span> <span class='ocrx_word' id='word_1_375' title='bbox 801 4433 900 4506; x_wconf 77' lang='grc' dir='ltr'>τὴν</span> <span class='ocrx_word' id='word_1_376' title='bbox 929 4432 1184 4505; x_wconf 83' lang='grc' dir='ltr'>ἀλήθειαν</span> <span class='ocrx_word' id='word_1_377' title='bbox 1223 4434 1315 4486; x_wconf 76' lang='grc' dir='ltr'>καὶ</span> <span class='ocrx_word' id='word_1_378' title='bbox 1342 4431 1502 4486; x_wconf 79' lang='grc' dir='ltr'>τοῦτο</span> <span class='ocrx_word' id='word_1_379' title='bbox 1532 4431 1720 4498; x_wconf 83' lang='grc' dir='ltr'>ποιῶν,</span> <span class='ocrx_word' id='word_1_380' title='bbox 1750 4430 1953 4502; x_wconf 85' lang='grc' dir='ltr'>παρού-</span> 
     </span>
    </p>
   </div>
   <div class='ocr_carea' id='block_1_51' title="bbox 366 4525 1947 4601">
    <p class='ocr_par' dir='ltr' id='par_1_51' title="bbox 366 4525 1947 4601">
     <span class='ocr_line' id='line_1_51' title="bbox 366 4525 1947 4601; baseline -0.003 -18"><span class='ocrx_word' id='word_1_381' title='bbox 366 4545 477 4601; x_wconf 75' lang='grc' dir='ltr'><strong>σης</strong></span> <span class='ocrx_word' id='word_1_382' title='bbox 526 4528 585 4582; x_wconf 70' lang='grc' dir='ltr'>δὲ</span> <span class='ocrx_word' id='word_1_383' title='bbox 628 4527 731 4601; x_wconf 68' lang='grc' dir='ltr'>ἥδη</span> <span class='ocrx_word' id='word_1_384' title='bbox 780 4528 876 4583; x_wconf 81' lang='grc' dir='ltr'>καὶ</span> <span class='ocrx_word' id='word_1_385' title='bbox 926 4527 1396 4599; x_wconf 83' lang='grc' dir='ltr'>ἀναδεδειγμένης,</span> <span class='ocrx_word' id='word_1_386' title='bbox 1427 4525 1661 4598; x_wconf 82' lang='grc' dir='ltr'>ἀδρανὴς</span> <span class='ocrx_word' id='word_1_387' title='bbox 1703 4527 1731 4578; x_wconf 89' lang='grc' dir='ltr'><strong>ό</strong></span> <span class='ocrx_word' id='word_1_388' title='bbox 1759 4525 1947 4591; x_wconf 83' lang='grc' dir='ltr'>τύπος,</span> 
     </span>
    </p>
   </div>
   <div class='ocr_carea' id='block_1_52' title="bbox 366 4616 1951 4695">
    <p class='ocr_par' dir='ltr' id='par_1_52' title="bbox 366 4616 1951 4695">
     <span class='ocr_line' id='line_1_52' title="bbox 366 4616 1951 4695; baseline -0.004 -20"><span class='ocrx_word' id='word_1_389' title='bbox 366 4618 636 4695; x_wconf 75' lang='grc' dir='ltr'>ἀνόνητος</span> <span class='ocrx_word' id='word_1_390' title='bbox 672 4617 709 4689; x_wconf 75' lang='grc' dir='ltr'><strong>η</strong></span> <span class='ocrx_word' id='word_1_391' title='bbox 755 4616 901 4673; x_wconf 86' lang='grc' dir='ltr'>σκιά.</span> <span class='ocrx_word' id='word_1_392' title='bbox 934 4618 1044 4671; x_wconf 80' lang='grc' dir='ltr'><strong>Καὶ</strong></span> <span class='ocrx_word' id='word_1_393' title='bbox 1080 4618 1264 4688; x_wconf 83' lang='grc' dir='ltr'>ἀνήσω</span> <span class='ocrx_word' id='word_1_394' title='bbox 1301 4617 1400 4688; x_wconf 84' lang='grc' dir='ltr'>μὲν</span> <span class='ocrx_word' id='word_1_395' title='bbox 1428 4616 1611 4670; x_wconf 78' lang='grc' dir='ltr'>οὐκέτι</span> <span class='ocrx_word' id='word_1_396' title='bbox 1643 4616 1739 4679; x_wconf 80' lang='grc' dir='ltr'><strong>τὰς</strong></span> <span class='ocrx_word' id='word_1_397' title='bbox 1773 4616 1951 4686; x_wconf 83' lang='grc' dir='ltr'>ἀμαρ-</span> 
     </span>
    </p>
   </div>
   <div class='ocr_carea' id='block_1_53' title="bbox 362 4706 1949 4780">
    <p class='ocr_par' dir='ltr' id='par_1_53' title="bbox 362 4706 1949 4780">
     <span class='ocr_line' id='line_1_53' title="bbox 362 4706 1949 4780; baseline -0.003 -16"><span class='ocrx_word' id='word_1_398' title='bbox 362 4708 497 4773; x_wconf 76' lang='grc' dir='ltr'>τίας</span> <span class='ocrx_word' id='word_1_399' title='bbox 552 4706 729 4780; x_wconf 75' lang='grc' dir='ltr'>ὑμῶν.</span> <span class='ocrx_word' id='word_1_400' title='bbox 779 4708 1114 4774; x_wconf 75' lang='grc' dir='ltr'>ἐπαιρόντων</span> <span class='ocrx_word' id='word_1_401' title='bbox 1160 4708 1217 4760; x_wconf 74' lang='grc' dir='ltr'>δὲ</span> <span class='ocrx_word' id='word_1_402' title='bbox 1250 4707 1349 4772; x_wconf 79' lang='grc' dir='ltr'><strong>τὰς</strong></span> <span class='ocrx_word' id='word_1_403' title='bbox 1385 4711 1594 4779; x_wconf 85' lang='grc' dir='ltr'>χεῖρας,</span> <span class='ocrx_word' id='word_1_404' title='bbox 1621 4707 1949 4778; x_wconf 70' lang='grc' dir='ltr'>ἀποστρέψιο</span> 
     </span>
    </p>
   </div>
   <div class='ocr_carea' id='block_1_54' title="bbox 360 4795 1949 4869">
    <p class='ocr_par' dir='ltr' id='par_1_54' title="bbox 360 4795 1949 4869">
     <span class='ocr_line' id='line_1_54' title="bbox 360 4795 1949 4869; baseline -0.003 -17"><span class='ocrx_word' id='word_1_405' title='bbox 360 4798 499 4862; x_wconf 71' lang='grc' dir='ltr'>τοὺς</span> <span class='ocrx_word' id='word_1_406' title='bbox 542 4795 853 4869; x_wconf 78' lang='grc' dir='ltr'>ὀφθαλμούς</span> <span class='ocrx_word' id='word_1_407' title='bbox 900 4813 1022 4867; x_wconf 86' lang='grc' dir='ltr'>μου,</span> <span class='ocrx_word' id='word_1_408' title='bbox 1062 4797 1165 4850; x_wconf 82' lang='grc' dir='ltr'>κᾶν</span> <span class='ocrx_word' id='word_1_409' title='bbox 1216 4798 1264 4850; x_wconf 87' lang='grc' dir='ltr'><strong>εί</strong></span> <span class='ocrx_word' id='word_1_410' title='bbox 1308 4796 1563 4859; x_wconf 87' lang='grc' dir='ltr'>πλείστας</span> <span class='ocrx_word' id='word_1_411' title='bbox 1601 4796 1731 4858; x_wconf 77' lang='grc' dir='ltr'>ὅσας</span> <span class='ocrx_word' id='word_1_412' title='bbox 1775 4796 1949 4848; x_wconf 88' lang='grc' dir='ltr'>ποιεῖν</span> 
     </span>
    </p>
   </div>
   <div class='ocr_carea' id='block_1_55' title="bbox 360 4882 1948 4958">
    <p class='ocr_par' dir='ltr' id='par_1_55' title="bbox 360 4882 1948 4958">
     <span class='ocr_line' id='line_1_55' title="bbox 360 4882 1948 4958; baseline 0.001 -18"><span class='ocrx_word' id='word_1_413' title='bbox 360 4885 581 4940; x_wconf 76' lang='grc' dir='ltr'>ιλοισθε</span> <span class='ocrx_word' id='word_1_414' title='bbox 615 4885 715 4950; x_wconf 72' lang='grc' dir='ltr'><strong>τὰς</strong></span> <span class='ocrx_word' id='word_1_415' title='bbox 754 4885 926 4949; x_wconf 76' lang='grc' dir='ltr'>λιτὰς,</span> <span class='ocrx_word' id='word_1_416' title='bbox 960 4887 1058 4939; x_wconf 76' lang='grc' dir='ltr'><strong>οὑκ</strong></span> <span class='ocrx_word' id='word_1_417' title='bbox 1086 4886 1411 4957; x_wconf 77' lang='grc' dir='ltr'>εἰσδέξομαι.</span> <span class='ocrx_word' id='word_1_418' title='bbox 1441 4882 1566 4958; x_wconf 66' lang='grc' dir='ltr'><strong>*Δρ*</strong></span> <span class='ocrx_word' id='word_1_419' title='bbox 1597 4882 1691 4940; x_wconf 74' lang='grc' dir='ltr'>οὖν</span> <span class='ocrx_word' id='word_1_420' title='bbox 1738 4886 1948 4958; x_wconf 78' lang='grc' dir='ltr'>ἀπέστη</span> 
     </span>
    </p>
   </div>
   <div class='ocr_carea' id='block_1_56' title="bbox 356 4973 1951 5050">
    <p class='ocr_par' dir='ltr' id='par_1_56' title="bbox 356 4973 1951 5050">
     <span class='ocr_line' id='line_1_56' title="bbox 356 4973 1951 5050; baseline 0 -20"><span class='ocrx_word' id='word_1_421' title='bbox 356 4976 466 5031; x_wconf 77' lang='grc' dir='ltr'><strong>τοῦ</strong></span> <span class='ocrx_word' id='word_1_422' title='bbox 527 4973 668 5029; x_wconf 73' lang='grc' dir='ltr'>εἶναι</span> <span class='ocrx_word' id='word_1_423' title='bbox 721 4976 956 5047; x_wconf 79' lang='grc' dir='ltr'>χρηστὸς</span> <span class='ocrx_word' id='word_1_424' title='bbox 1004 4979 1032 5030; x_wconf 91' lang='lat'><strong>6</strong></span> <span class='ocrx_word' id='word_1_425' title='bbox 1073 4977 1179 5031; x_wconf 86' lang='grc' dir='ltr'><strong>τῶν</strong></span> <span class='ocrx_word' id='word_1_426' title='bbox 1215 4978 1352 5032; x_wconf 82' lang='grc' dir='ltr'>ὅλων</span> <span class='ocrx_word' id='word_1_427' title='bbox 1389 4977 1748 5050; x_wconf 84' lang='grc' dir='ltr'>δημιουργός;</span> <span class='ocrx_word' id='word_1_428' title='bbox 1781 4978 1951 5049; x_wconf 73' lang='grc' dir='ltr'>ἡγουν</span> 
     </span>
    </p>
   </div>
   <div class='ocr_carea' id='block_1_57' title="bbox 354 5065 1949 5140">
    <p class='ocr_par' dir='ltr' id='par_1_57' title="bbox 354 5065 1949 5140">
     <span class='ocr_line' id='line_1_57' title="bbox 354 5065 1949 5140; baseline 0.001 -19"><span class='ocrx_word' id='word_1_429' title='bbox 354 5065 670 5121; x_wconf 67' lang='grc' dir='ltr'>ἐπελάθετο</span> <span class='ocrx_word' id='word_1_430' title='bbox 708 5067 800 5119; x_wconf 78' lang='grc' dir='ltr'>τοῦ</span> <span class='ocrx_word' id='word_1_431' title='bbox 836 5068 1170 5138; x_wconf 84' lang='grc' dir='ltr'>οίκτειρῆσαι</span> <span class='ocrx_word' id='word_1_432' title='bbox 1205 5067 1376 5133; x_wconf 85' lang='grc' dir='ltr'>Θεός;</span> <span class='ocrx_word' id='word_1_433' title='bbox 1407 5068 1692 5140; x_wconf 82' lang='grc' dir='ltr'>Οὐδαμῶς,</span> <span class='ocrx_word' id='word_1_434' title='bbox 1743 5069 1908 5139; x_wconf 77' lang='grc' dir='ltr'>φησὶν</span> <span class='ocrx_word' id='word_1_435' title='bbox 1929 5104 1949 5134; x_wconf 83' lang='lat'><strong>,</strong></span> 
     </span>
    </p>
   </div>
   <div class='ocr_carea' id='block_1_58' title="bbox 356 5156 1946 5231">
    <p class='ocr_par' dir='ltr' id='par_1_58' title="bbox 356 5156 1946 5231">
     <span class='ocr_line' id='line_1_58' title="bbox 356 5156 1946 5231; baseline 0.002 -21"><span class='ocrx_word' id='word_1_436' title='bbox 356 5157 488 5227; x_wconf 70' lang='grc' dir='ltr'>εἰμὶ</span> <span class='ocrx_word' id='word_1_437' title='bbox 502 5156 637 5228; x_wconf 76' lang='grc' dir='ltr'>γάρ,</span> <span class='ocrx_word' id='word_1_438' title='bbox 664 5158 777 5227; x_wconf 78' lang='grc' dir='ltr'>είμὶ</span> <span class='ocrx_word' id='word_1_439' title='bbox 807 5161 1041 5229; x_wconf 79' lang='grc' dir='ltr'>χρηστός</span> <span class='ocrx_word' id='word_1_440' title='bbox 1076 5177 1134 5213; x_wconf 90' lang='grc' dir='ltr'><strong>τε</strong></span> <span class='ocrx_word' id='word_1_441' title='bbox 1163 5161 1255 5214; x_wconf 79' lang='grc' dir='ltr'>καὶ</span> <span class='ocrx_word' id='word_1_442' title='bbox 1289 5160 1490 5230; x_wconf 81' lang='grc' dir='ltr'>ἀγαθὸς</span> <span class='ocrx_word' id='word_1_443' title='bbox 1517 5163 1614 5215; x_wconf 75' lang='grc' dir='ltr'>καὶ</span> <span class='ocrx_word' id='word_1_444' title='bbox 1651 5159 1946 5231; x_wconf 84' lang='grc' dir='ltr'>φιλοικτίρ-</span> 
     </span>
    </p>
   </div>
   <div class='ocr_carea' id='block_1_59' title="bbox 361 5248 1949 5322">
    <p class='ocr_par' dir='ltr' id='par_1_59' title="bbox 361 5248 1949 5322">
     <span class='ocr_line' id='line_1_59' title="bbox 361 5248 1949 5322; baseline 0.003 -23"><span class='ocrx_word' id='word_1_445' title='bbox 361 5265 516 5321; x_wconf 81' lang='grc' dir='ltr'>μων,</span> <span class='ocrx_word' id='word_1_446' title='bbox 572 5248 731 5318; x_wconf 87' lang='grc' dir='ltr'>μόνον</span> <span class='ocrx_word' id='word_1_447' title='bbox 772 5248 829 5302; x_wconf 85' lang='grc' dir='ltr'>δὲ</span> <span class='ocrx_word' id='word_1_448' title='bbox 870 5251 990 5321; x_wconf 75' lang='grc' dir='ltr'>οὐχὶ</span> <span class='ocrx_word' id='word_1_449' title='bbox 1030 5250 1180 5305; x_wconf 83' lang='grc' dir='ltr'>ἀκων</span> <span class='ocrx_word' id='word_1_450' title='bbox 1218 5251 1548 5322; x_wconf 78' lang='grc' dir='ltr'>ἁποστρέφω</span> <span class='ocrx_word' id='word_1_451' title='bbox 1584 5251 1709 5314; x_wconf 82' lang='grc' dir='ltr'>τοὺς</span> <span class='ocrx_word' id='word_1_452' title='bbox 1743 5250 1949 5320; x_wconf 80' lang='grc' dir='ltr'>ὀφθαλ-</span> 
     </span>
    </p>
   </div>
   <div class='ocr_carea' id='block_1_60' title="bbox 361 5337 1950 5412">
    <p class='ocr_par' dir='ltr' id='par_1_60' title="bbox 361 5337 1950 5412">
     <span class='ocr_line' id='line_1_60' title="bbox 361 5337 1950 5412; baseline 0.004 -23"><span class='ocrx_word' id='word_1_453' title='bbox 361 5337 535 5410; x_wconf 80' lang='grc' dir='ltr'>μούς.</span> <span class='ocrx_word' id='word_1_454' title='bbox 563 5339 626 5391; x_wconf 78' lang='lat' dir='ltr'><strong>Ai</strong></span> <span class='ocrx_word' id='word_1_455' title='bbox 652 5339 762 5411; x_wconf 78' lang='grc' dir='ltr'><strong>γὰρ</strong></span> <span class='ocrx_word' id='word_1_456' title='bbox 793 5343 972 5411; x_wconf 79' lang='grc' dir='ltr'>χεῖρες</span> <span class='ocrx_word' id='word_1_457' title='bbox 998 5341 1150 5412; x_wconf 80' lang='grc' dir='ltr'>ὑμῶν</span> <span class='ocrx_word' id='word_1_458' title='bbox 1175 5340 1406 5411; x_wconf 77' lang='grc' dir='ltr'>αἵματος</span> <span class='ocrx_word' id='word_1_459' title='bbox 1428 5339 1675 5411; x_wconf 85' lang='grc' dir='ltr'>πλήρεις.</span> <span class='ocrx_word' id='word_1_460' title='bbox 1707 5342 1950 5406; x_wconf 72' lang='grc' dir='ltr'>Ἀκούεις</span> 
     </span>
    </p>
   </div>
   <div class='ocr_carea' id='block_1_61' title="bbox 353 5428 1949 5502">
    <p class='ocr_par' dir='ltr' id='par_1_61' title="bbox 353 5428 1949 5502">
     <span class='ocr_line' id='line_1_61' title="bbox 353 5428 1949 5502; baseline 0.001 -17"><span class='ocrx_word' id='word_1_461' title='bbox 353 5432 529 5491; x_wconf 83' lang='grc' dir='ltr'>ὅπως</span> <span class='ocrx_word' id='word_1_462' title='bbox 548 5428 607 5481; x_wconf 76' lang='grc' dir='ltr'>τὸ</span> <span class='ocrx_word' id='word_1_463' title='bbox 629 5430 725 5500; x_wconf 76' lang='grc' dir='ltr'>τῆς</span> <span class='ocrx_word' id='word_1_464' title='bbox 746 5430 1056 5501; x_wconf 74' lang='grc' dir='ltr'>μιαιφονίας</span> <span class='ocrx_word' id='word_1_465' title='bbox 1082 5432 1263 5495; x_wconf 76' lang='grc' dir='ltr'>αὐτοῖς</span> <span class='ocrx_word' id='word_1_466' title='bbox 1282 5430 1660 5499; x_wconf 87' lang='grc' dir='ltr'>είσκεκόμικεν</span> <span class='ocrx_word' id='word_1_467' title='bbox 1677 5430 1949 5502; x_wconf 80' lang='grc' dir='ltr'>ἔγκλημα,</span> 
     </span>
    </p>
   </div>
   <div class='ocr_carea' id='block_1_62' title="bbox 356 5520 1949 5594">
    <p class='ocr_par' dir='ltr' id='par_1_62' title="bbox 356 5520 1949 5594">
     <span class='ocr_line' id='line_1_62' title="bbox 356 5520 1949 5594; baseline 0.002 -18"><span class='ocrx_word' id='word_1_468' title='bbox 356 5520 666 5591; x_wconf 74' lang='grc' dir='ltr'>σιωπήσας</span> <span class='ocrx_word' id='word_1_469' title='bbox 687 5521 753 5574; x_wconf 80' lang='grc' dir='ltr'>τὰ</span> <span class='ocrx_word' id='word_1_470' title='bbox 779 5522 943 5594; x_wconf 74' lang='grc' dir='ltr'>ἔτερα</span> <span class='ocrx_word' id='word_1_471' title='bbox 972 5522 1082 5579; x_wconf 84' lang='grc' dir='ltr'>τῶν</span> <span class='ocrx_word' id='word_1_472' title='bbox 1110 5523 1503 5594; x_wconf 80' lang='grc' dir='ltr'>πταισμάτωνς</span> <span class='ocrx_word' id='word_1_473' title='bbox 1531 5522 1707 5577; x_wconf 83' lang='grc' dir='ltr'>καίτοι</span> <span class='ocrx_word' id='word_1_474' title='bbox 1734 5523 1949 5590; x_wconf 14' lang='grc' dir='ltr'>,πολλοῖς</span> 
     </span>
    </p>
   </div>
   <div class='ocr_carea' id='block_1_63' title="bbox 432 5672 1028 5733">
    <p class='ocr_par' dir='ltr' id='par_1_63' title="bbox 432 5672 1028 5733">
     <span class='ocr_line' id='line_1_63' title="bbox 432 5672 1028 5733; baseline 0.01 -6"><span class='ocrx_word' id='word_1_475' title='bbox 432 5674 480 5707; x_wconf 81' lang='grc'><strong>⁸²</strong></span> <span class='ocrx_word' id='word_1_476' title='bbox 503 5672 741 5730; x_wconf 84' lang='lat' dir='ltr'><strong>Zachar.</strong></span> <span class='ocrx_word' id='word_1_477' title='bbox 775 5690 813 5730; x_wconf 88' lang='grc' dir='ltr'><strong>ι.</strong></span> <span class='ocrx_word' id='word_1_478' title='bbox 850 5676 1028 5733; x_wconf 70' lang='lat'><strong>12-15.</strong></span> 
     </span>
    </p>
   </div>
   <div class='ocr_carea' id='block_1_64' title="bbox 1978 3115 2020 3171">
    <p class='ocr_par' dir='ltr' id='par_1_64' title="bbox 1978 3115 2020 3171">
     <span class='ocr_line' id='line_1_64' title="bbox 1978 3115 2020 3171; baseline 0 0"><span class='ocrx_word' id='word_1_479' title='bbox 1978 3115 2020 3171; x_wconf 90' lang='lat' dir='ltr'><strong>C</strong></span> 
     </span>
    </p>
   </div>
   <div class='ocr_carea' id='block_1_65' title="bbox 1985 4464 2028 4520">
    <p class='ocr_par' dir='ltr' id='par_1_65' title="bbox 1985 4464 2028 4520">
     <span class='ocr_line' id='line_1_65' title="bbox 1985 4464 2028 4520; baseline 0 0"><span class='ocrx_word' id='word_1_480' title='bbox 1985 4464 2028 4520; x_wconf 92' lang='lat' dir='ltr'><strong>D</strong></span> 
     </span>
    </p>
   </div>
   <div class='ocr_carea' id='block_1_66' title="bbox 2062 607 3631 673">
    <p class='ocr_par' dir='ltr' id='par_1_66' title="bbox 2062 607 3631 673">
     <span class='ocr_line' id='line_1_66' title="bbox 2062 607 3631 673; baseline -0.001 -10"><span class='ocrx_word' id='word_1_481' title='bbox 2062 608 2137 663; x_wconf 89' lang='lat' dir='ltr'><strong>ita</strong></span> <span class='ocrx_word' id='word_1_482' title='bbox 2164 618 2223 662; x_wconf 90' lang='lat' dir='ltr'><strong>ut</strong></span> <span class='ocrx_word' id='word_1_483' title='bbox 2249 608 2625 665; x_wconf 82' lang='lat' dir='ltr'><strong>universitatis</strong></span> <span class='ocrx_word' id='word_1_484' title='bbox 2654 608 2821 663; x_wconf 91' lang='lat' dir='ltr'><strong>Deum</strong></span> <span class='ocrx_word' id='word_1_485' title='bbox 2847 609 2899 662; x_wconf 90' lang='lat' dir='ltr'><strong>in</strong></span> <span class='ocrx_word' id='word_1_486' title='bbox 2932 623 2994 663; x_wconf 89' lang='lat' dir='ltr'><strong>se</strong></span> <span class='ocrx_word' id='word_1_487' title='bbox 3031 607 3450 673; x_wconf 77' lang='lat' dir='ltr'><strong>exacerbareut,</strong></span> <span class='ocrx_word' id='word_1_488' title='bbox 3476 624 3631 663; x_wconf 79' lang='lat' dir='ltr'><strong>crea-</strong></span> 
     </span>
    </p>
   </div>
   <div class='ocr_carea' id='block_1_67' title="bbox 2062 698 3628 769">
    <p class='ocr_par' dir='ltr' id='par_1_67' title="bbox 2062 698 3628 769">
     <span class='ocr_line' id='line_1_67' title="bbox 2062 698 3628 769; baseline 0.001 -16"><span class='ocrx_word' id='word_1_489' title='bbox 2062 708 2238 753; x_wconf 88' lang='lat' dir='ltr'><strong>turam</strong></span> <span class='ocrx_word' id='word_1_490' title='bbox 2292 698 2560 766; x_wconf 86' lang='lat' dir='ltr'><strong>colendo,</strong></span> <span class='ocrx_word' id='word_1_491' title='bbox 2600 699 2823 769; x_wconf 82' lang='lat' dir='ltr'><strong>ipsaque</strong></span> <span class='ocrx_word' id='word_1_492' title='bbox 2884 712 3050 768; x_wconf 87' lang='lat' dir='ltr'><strong>opera</strong></span> <span class='ocrx_word' id='word_1_493' title='bbox 3101 713 3353 753; x_wconf 89' lang='lat' dir='ltr'><strong>manuum</strong></span> <span class='ocrx_word' id='word_1_494' title='bbox 3404 715 3628 755; x_wconf 89' lang='lat' dir='ltr'><strong>suarum</strong></span> 
     </span>
    </p>
   </div>
   <div class='ocr_carea' id='block_1_68' title="bbox 2056 789 3690 860">
    <p class='ocr_par' dir='ltr' id='par_1_68' title="bbox 2056 789 3690 860">
     <span class='ocr_line' id='line_1_68' title="bbox 2056 789 3690 860; baseline 0.001 -17"><span class='ocrx_word' id='word_1_495' title='bbox 2056 790 2368 856; x_wconf 85' lang='lat' dir='ltr'><strong>adorando,</strong></span> <span class='ocrx_word' id='word_1_496' title='bbox 2426 790 2612 847; x_wconf 85' lang='lat' dir='ltr'><strong>traditi</strong></span> <span class='ocrx_word' id='word_1_497' title='bbox 2658 798 2786 846; x_wconf 89' lang='lat' dir='ltr'><strong>sunt</strong></span> <span class='ocrx_word' id='word_1_498' title='bbox 2816 789 3128 860; x_wconf 81' lang='lat' dir='ltr'><strong>Babyloniis</strong></span> <span class='ocrx_word' id='word_1_499' title='bbox 3157 830 3174 856; x_wconf 95' lang='lat'><strong>,</strong></span> <span class='ocrx_word' id='word_1_500' title='bbox 3228 800 3282 845; x_wconf 89' lang='lat' dir='ltr'><strong>et</strong></span> <span class='ocrx_word' id='word_1_501' title='bbox 3325 805 3392 845; x_wconf 83' lang='lat' dir='ltr'><strong>ex</strong></span> <span class='ocrx_word' id='word_1_502' title='bbox 3442 789 3628 845; x_wconf 71' lang='lat' dir='ltr'><strong>Judasa</strong></span> <span class='ocrx_word' id='word_1_503' title='bbox 3676 843 3690 853; x_wconf 82' lang='grc'><strong>,</strong></span> 
     </span>
    </p>
   </div>
   <div class='ocr_carea' id='block_1_69' title="bbox 2058 879 3629 951">
    <p class='ocr_par' dir='ltr' id='par_1_69' title="bbox 2058 879 3629 951">
     <span class='ocr_line' id='line_1_69' title="bbox 2058 879 3629 951; baseline 0.003 -18"><span class='ocrx_word' id='word_1_504' title='bbox 2058 880 2280 935; x_wconf 75' lang='lat' dir='ltr'><strong>abduCti</strong></span> <span class='ocrx_word' id='word_1_505' title='bbox 2299 889 2426 935; x_wconf 91' lang='lat' dir='ltr'><strong>sunt</strong></span> <span class='ocrx_word' id='word_1_506' title='bbox 2449 882 2671 951; x_wconf 84' lang='lat' dir='ltr'><strong>captivi,</strong></span> <span class='ocrx_word' id='word_1_507' title='bbox 2693 881 2823 936; x_wconf 89' lang='lat' dir='ltr'><strong>etin</strong></span> <span class='ocrx_word' id='word_1_508' title='bbox 2847 879 3137 935; x_wconf 73' lang='lat' dir='ltr'><strong>Persarum</strong></span> <span class='ocrx_word' id='word_1_509' title='bbox 3164 895 3326 950; x_wconf 88' lang='lat' dir='ltr'><strong>atque</strong></span> <span class='ocrx_word' id='word_1_510' title='bbox 3350 880 3629 937; x_wconf 78' lang='lat' dir='ltr'><strong>Medorum</strong></span> 
     </span>
    </p>
   </div>
   <div class='ocr_carea' id='block_1_70' title="bbox 2059 971 3632 1039">
    <p class='ocr_par' dir='ltr' id='par_1_70' title="bbox 2059 971 3632 1039">
     <span class='ocr_line' id='line_1_70' title="bbox 2059 971 3632 1039; baseline 0.001 -13"><span class='ocrx_word' id='word_1_511' title='bbox 2059 971 2256 1027; x_wconf 85' lang='lat' dir='ltr'><strong>linihus</strong></span> <span class='ocrx_word' id='word_1_512' title='bbox 2283 972 2689 1039; x_wconf 72' lang='lat' dir='ltr'><strong>habitaverunt,</strong></span> <span class='ocrx_word' id='word_1_513' title='bbox 2714 973 2966 1027; x_wconf 83' lang='lat' dir='ltr'><strong>acerbam</strong></span> <span class='ocrx_word' id='word_1_514' title='bbox 2989 988 3053 1027; x_wconf 91' lang='lat' dir='ltr'><strong>ac</strong></span> <span class='ocrx_word' id='word_1_515' title='bbox 3075 988 3179 1028; x_wconf 90' lang='lat' dir='ltr'><strong>non</strong></span> <span class='ocrx_word' id='word_1_516' title='bbox 3215 972 3491 1027; x_wconf 74' lang='lat' dir='ltr'><strong>ferendam</strong></span> <span class='ocrx_word' id='word_1_517' title='bbox 3514 990 3632 1028; x_wconf 84' lang='lat' dir='ltr'><strong>ser-</strong></span> 
     </span>
    </p>
   </div>
   <div class='ocr_carea' id='block_1_71' title="bbox 2056 1063 3628 1133">
    <p class='ocr_par' dir='ltr' id='par_1_71' title="bbox 2056 1063 3628 1133">
     <span class='ocr_line' id='line_1_71' title="bbox 2056 1063 3628 1133; baseline 0.003 -17"><span class='ocrx_word' id='word_1_518' title='bbox 2056 1064 2286 1118; x_wconf 83' lang='lat' dir='ltr'><strong>vitutem</strong></span> <span class='ocrx_word' id='word_1_519' title='bbox 2333 1063 2648 1119; x_wconf 82' lang='lat' dir='ltr'><strong>subeuntes.</strong></span> <span class='ocrx_word' id='word_1_520' title='bbox 2699 1064 2906 1119; x_wconf 81' lang='lat' dir='ltr'><strong>Exacto</strong></span> <span class='ocrx_word' id='word_1_521' title='bbox 2956 1063 3171 1118; x_wconf 85' lang='lat' dir='ltr'><strong>demum</strong></span> <span class='ocrx_word' id='word_1_522' title='bbox 3226 1066 3628 1133; x_wconf 86' lang='lat' dir='ltr'><strong>septuagesimo</strong></span> 
     </span>
    </p>
   </div>
   <div class='ocr_carea' id='block_1_72' title="bbox 2055 1152 3625 1219">
    <p class='ocr_par' dir='ltr' id='par_1_72' title="bbox 2055 1152 3625 1219">
     <span class='ocr_line' id='line_1_72' title="bbox 2055 1152 3625 1219; baseline 0.001 -12"><span class='ocrx_word' id='word_1_523' title='bbox 2055 1168 2224 1219; x_wconf 89' lang='lat' dir='ltr'><strong>anno,</strong></span> <span class='ocrx_word' id='word_1_524' title='bbox 2275 1152 2474 1209; x_wconf 81' lang='lat' dir='ltr'><strong>iterum</strong></span> <span class='ocrx_word' id='word_1_525' title='bbox 2519 1154 2829 1209; x_wconf 78' lang='lat' dir='ltr'><strong>misericors</strong></span> <span class='ocrx_word' id='word_1_526' title='bbox 2861 1154 3003 1210; x_wconf 86' lang='lat' dir='ltr'><strong>Deus</strong></span> <span class='ocrx_word' id='word_1_527' title='bbox 3058 1155 3472 1210; x_wconf 76' lang='lat' dir='ltr'><strong>commiseratus</strong></span> <span class='ocrx_word' id='word_1_528' title='bbox 3523 1163 3625 1208; x_wconf 85' lang='lat' dir='ltr'><strong>est.</strong></span> 
     </span>
    </p>
   </div>
   <div class='ocr_carea' id='block_1_73' title="bbox 2057 1242 3627 1316">
    <p class='ocr_par' dir='ltr' id='par_1_73' title="bbox 2057 1242 3627 1316">
     <span class='ocr_line' id='line_1_73' title="bbox 2057 1242 3627 1316; baseline -0.001 -16"><span class='ocrx_word' id='word_1_529' title='bbox 2057 1242 2335 1315; x_wconf 85' lang='lat' dir='ltr'><strong>Siquidem</strong></span> <span class='ocrx_word' id='word_1_530' title='bbox 2387 1255 2447 1299; x_wconf 92' lang='lat' dir='ltr'><strong>ut</strong></span> <span class='ocrx_word' id='word_1_531' title='bbox 2491 1246 2543 1299; x_wconf 92' lang='lat' dir='ltr'><strong>in</strong></span> <span class='ocrx_word' id='word_1_532' title='bbox 2596 1244 2868 1300; x_wconf 87' lang='lat' dir='ltr'><strong>Zacharia</strong></span> <span class='ocrx_word' id='word_1_533' title='bbox 2928 1245 3190 1316; x_wconf 87' lang='lat' dir='ltr'><strong>scriptum</strong></span> <span class='ocrx_word' id='word_1_534' title='bbox 3238 1254 3362 1313; x_wconf 89' lang='lat' dir='ltr'><strong>est,</strong></span> <span class='ocrx_word' id='word_1_535' title='bbox 3439 1257 3627 1315; x_wconf 80' lang='lat' dir='ltr'><strong>preces</strong></span> 
     </span>
    </p>
   </div>
   <div class='ocr_carea' id='block_1_74' title="bbox 2053 1336 3621 1407">
    <p class='ocr_par' dir='ltr' id='par_1_74' title="bbox 2053 1336 3621 1407">
     <span class='ocr_line' id='line_1_74' title="bbox 2053 1336 3621 1407; baseline -0.001 -15"><span class='ocrx_word' id='word_1_536' title='bbox 2053 1336 2323 1406; x_wconf 84' lang='lat' dir='ltr'><strong>supplices</strong></span> <span class='ocrx_word' id='word_1_537' title='bbox 2373 1351 2470 1406; x_wconf 90' lang='lat' dir='ltr'><strong>pro</strong></span> <span class='ocrx_word' id='word_1_538' title='bbox 2502 1337 2607 1392; x_wconf 89' lang='lat' dir='ltr'><strong>illis</strong></span> <span class='ocrx_word' id='word_1_539' title='bbox 2659 1338 2796 1391; x_wconf 79' lang='lat' dir='ltr'><strong>ludit</strong></span> <span class='ocrx_word' id='word_1_540' title='bbox 2839 1339 3028 1392; x_wconf 80' lang='lat' dir='ltr'><strong>beatus</strong></span> <span class='ocrx_word' id='word_1_541' title='bbox 3076 1337 3339 1407; x_wconf 84' lang='lat' dir='ltr'><strong>angelus,</strong></span> <span class='ocrx_word' id='word_1_542' title='bbox 3388 1336 3621 1390; x_wconf 89' lang='lat' dir='ltr'><strong>dicens:</strong></span> 
     </span>
    </p>
   </div>
   <div class='ocr_carea' id='block_1_75' title="bbox 2059 1427 3624 1498">
    <p class='ocr_par' dir='ltr' id='par_1_75' title="bbox 2059 1427 3624 1498">
     <span class='ocr_line' id='line_1_75' title="bbox 2059 1427 3624 1498; baseline 0.002 -19"><span class='ocrx_word' id='word_1_543' title='bbox 2059 1445 2078 1479; x_wconf 74' lang='grc' dir='ltr'><strong>ι</strong></span> <span class='ocrx_word' id='word_1_544' title='bbox 2118 1427 2345 1482; x_wconf 83' lang='lat' dir='ltr'><strong>Domine</strong></span> <span class='ocrx_word' id='word_1_545' title='bbox 2372 1428 2737 1498; x_wconf 81' lang='lat' dir='ltr'><strong>omnipotens,</strong></span> <span class='ocrx_word' id='word_1_546' title='bbox 2761 1443 3043 1498; x_wconf 81' lang='lat' dir='ltr'><strong>quousque</strong></span> <span class='ocrx_word' id='word_1_547' title='bbox 3070 1438 3121 1483; x_wconf 92' lang='lat' dir='ltr'><strong>tu</strong></span> <span class='ocrx_word' id='word_1_548' title='bbox 3168 1444 3275 1481; x_wconf 92' lang='lat' dir='ltr'><strong>non</strong></span> <span class='ocrx_word' id='word_1_549' title='bbox 3326 1428 3624 1482; x_wconf 85' lang='lat' dir='ltr'><strong>miserebe-</strong></span> 
     </span>
    </p>
   </div>
   <div class='ocr_carea' id='block_1_76' title="bbox 2054 1516 3625 1588">
    <p class='ocr_par' dir='ltr' id='par_1_76' title="bbox 2054 1516 3625 1588">
     <span class='ocr_line' id='line_1_76' title="bbox 2054 1516 3625 1588; baseline 0.001 -17"><span class='ocrx_word' id='word_1_550' title='bbox 2054 1518 2129 1573; x_wconf 89' lang='lat' dir='ltr'><strong>ris</strong></span> <span class='ocrx_word' id='word_1_551' title='bbox 2155 1517 2477 1582; x_wconf 79' lang='lat' dir='ltr'><strong>Jerusalem,</strong></span> <span class='ocrx_word' id='word_1_552' title='bbox 2541 1528 2596 1573; x_wconf 93' lang='lat' dir='ltr'><strong>et</strong></span> <span class='ocrx_word' id='word_1_553' title='bbox 2627 1519 2840 1574; x_wconf 85' lang='lat' dir='ltr'><strong>urbium</strong></span> <span class='ocrx_word' id='word_1_554' title='bbox 2882 1517 3044 1581; x_wconf 79' lang='lat' dir='ltr'><strong>Juda,</strong></span> <span class='ocrx_word' id='word_1_555' title='bbox 3094 1534 3229 1588; x_wconf 89' lang='lat' dir='ltr'><strong>quas</strong></span> <span class='ocrx_word' id='word_1_556' title='bbox 3260 1517 3562 1587; x_wconf 75' lang='lat' dir='ltr'><strong>despexiin</strong></span> <span class='ocrx_word' id='word_1_557' title='bbox 3601 1516 3625 1572; x_wconf 69' lang='grc' dir='ltr'>τ</span> 
     </span>
    </p>
   </div>
   <div class='ocr_carea' id='block_1_77' title="bbox 2053 1607 3625 1678">
    <p class='ocr_par' dir='ltr' id='par_1_77' title="bbox 2053 1607 3625 1678">
     <span class='ocr_line' id='line_1_77' title="bbox 2053 1607 3625 1678; baseline 0 -16"><span class='ocrx_word' id='word_1_558' title='bbox 2053 1607 2151 1663; x_wconf 82' lang='lat' dir='ltr'><strong>llic</strong></span> <span class='ocrx_word' id='word_1_559' title='bbox 2182 1624 2354 1663; x_wconf 86' lang='lat' dir='ltr'><strong>annus</strong></span> <span class='ocrx_word' id='word_1_560' title='bbox 2387 1618 2470 1663; x_wconf 89' lang='lat' dir='ltr'><strong>est</strong></span> <span class='ocrx_word' id='word_1_561' title='bbox 2507 1611 2963 1678; x_wconf 80' lang='lat' dir='ltr'><strong>septuagesiuius.</strong></span> <span class='ocrx_word' id='word_1_562' title='bbox 2996 1628 3014 1660; x_wconf 75' lang='grc' dir='ltr'><strong>ι</strong></span> <span class='ocrx_word' id='word_1_563' title='bbox 3054 1608 3120 1663; x_wconf 87' lang='grc' dir='ltr'>Ει</span> <span class='ocrx_word' id='word_1_564' title='bbox 3169 1610 3236 1664; x_wconf 88' lang='lat' dir='ltr'><strong>ad</strong></span> <span class='ocrx_word' id='word_1_565' title='bbox 3281 1609 3395 1664; x_wconf 67' lang='lat' dir='ltr'><strong>haec</strong></span> <span class='ocrx_word' id='word_1_566' title='bbox 3435 1609 3576 1664; x_wconf 88' lang='lat' dir='ltr'><strong>Deus</strong></span> <span class='ocrx_word' id='word_1_567' title='bbox 3608 1622 3625 1662; x_wconf 88' lang='lat'><strong>:</strong></span> 
     </span>
    </p>
   </div>
   <div class='ocr_carea' id='block_1_78' title="bbox 2058 1697 3628 1769">
    <p class='ocr_par' dir='ltr' id='par_1_78' title="bbox 2058 1697 3628 1769">
     <span class='ocr_line' id='line_1_78' title="bbox 2058 1697 3628 1769; baseline 0.002 -18"><span class='ocrx_word' id='word_1_568' title='bbox 2058 1719 2077 1751; x_wconf 71' lang='grc' dir='ltr'>ί</span> <span class='ocrx_word' id='word_1_569' title='bbox 2107 1700 2323 1756; x_wconf 84' lang='lat' dir='ltr'><strong>Zelatus</strong></span> <span class='ocrx_word' id='word_1_570' title='bbox 2343 1717 2459 1755; x_wconf 90' lang='lat' dir='ltr'><strong>sum</strong></span> <span class='ocrx_word' id='word_1_571' title='bbox 2489 1697 2786 1755; x_wconf 82' lang='lat' dir='ltr'><strong>Jerusalem</strong></span> <span class='ocrx_word' id='word_1_572' title='bbox 2815 1711 2870 1755; x_wconf 91' lang='lat' dir='ltr'><strong>et</strong></span> <span class='ocrx_word' id='word_1_573' title='bbox 2900 1700 3030 1755; x_wconf 89' lang='lat' dir='ltr'><strong>Sion</strong></span> <span class='ocrx_word' id='word_1_574' title='bbox 3084 1700 3208 1755; x_wconf 87' lang='lat' dir='ltr'><strong>zelo</strong></span> <span class='ocrx_word' id='word_1_575' title='bbox 3232 1716 3450 1769; x_wconf 83' lang='lat' dir='ltr'><strong>magno,</strong></span> <span class='ocrx_word' id='word_1_576' title='bbox 3466 1710 3522 1755; x_wconf 88' lang='lat' dir='ltr'><strong>et</strong></span> <span class='ocrx_word' id='word_1_577' title='bbox 3546 1701 3628 1755; x_wconf 88' lang='lat' dir='ltr'><strong>ira</strong></span> 
     </span>
    </p>
   </div>
   <div class='ocr_carea' id='block_1_79' title="bbox 2053 1793 3625 1863">
    <p class='ocr_par' dir='ltr' id='par_1_79' title="bbox 2053 1793 3625 1863">
     <span class='ocr_line' id='line_1_79' title="bbox 2053 1793 3625 1863; baseline 0.001 -17"><span class='ocrx_word' id='word_1_578' title='bbox 2053 1809 2246 1862; x_wconf 74' lang='lat' dir='ltr'><strong>magna</strong></span> <span class='ocrx_word' id='word_1_579' title='bbox 2276 1794 2481 1848; x_wconf 90' lang='lat' dir='ltr'><strong>irascor</strong></span> <span class='ocrx_word' id='word_1_580' title='bbox 2520 1806 2684 1861; x_wconf 89' lang='lat' dir='ltr'><strong>super</strong></span> <span class='ocrx_word' id='word_1_581' title='bbox 2734 1801 2919 1863; x_wconf 85' lang='lat' dir='ltr'><strong>gentes</strong></span> <span class='ocrx_word' id='word_1_582' title='bbox 2963 1808 3081 1862; x_wconf 67' lang='lat' dir='ltr'><strong>quas</strong></span> <span class='ocrx_word' id='word_1_583' title='bbox 3135 1809 3242 1848; x_wconf 90' lang='lat' dir='ltr'><strong>una</strong></span> <span class='ocrx_word' id='word_1_584' title='bbox 3282 1793 3625 1863; x_wconf 81' lang='lat' dir='ltr'><strong>conspirant.</strong></span> 
     </span>
    </p>
   </div>
   <div class='ocr_carea' id='block_1_80' title="bbox 2054 1885 3619 1958">
    <p class='ocr_par' dir='ltr' id='par_1_80' title="bbox 2054 1885 3619 1958">
     <span class='ocr_line' id='line_1_80' title="bbox 2054 1885 3619 1958; baseline -0.001 -17"><span class='ocrx_word' id='word_1_585' title='bbox 2054 1885 2159 1942; x_wconf 87' lang='lat' dir='ltr'><strong>Pro</strong></span> <span class='ocrx_word' id='word_1_586' title='bbox 2183 1901 2247 1941; x_wconf 91' lang='lat' dir='ltr'><strong>eo</strong></span> <span class='ocrx_word' id='word_1_587' title='bbox 2277 1887 2419 1956; x_wconf 89' lang='lat' dir='ltr'><strong>quod</strong></span> <span class='ocrx_word' id='word_1_588' title='bbox 2451 1902 2550 1958; x_wconf 90' lang='lat' dir='ltr'><strong>ego</strong></span> <span class='ocrx_word' id='word_1_589' title='bbox 2574 1889 2743 1941; x_wconf 88' lang='lat' dir='ltr'><strong>iratus</strong></span> <span class='ocrx_word' id='word_1_590' title='bbox 2771 1901 2888 1940; x_wconf 86' lang='lat' dir='ltr'><strong>sum</strong></span> <span class='ocrx_word' id='word_1_591' title='bbox 2920 1901 3108 1955; x_wconf 89' lang='lat' dir='ltr'><strong>parum</strong></span> <span class='ocrx_word' id='word_1_592' title='bbox 3132 1924 3152 1953; x_wconf 89' lang='lat'><strong>,</strong></span> <span class='ocrx_word' id='word_1_593' title='bbox 3200 1886 3301 1952; x_wconf 86' lang='lat' dir='ltr'><strong>ipsi</strong></span> <span class='ocrx_word' id='word_1_594' title='bbox 3336 1900 3441 1940; x_wconf 87' lang='lat' dir='ltr'><strong>una</strong></span> <span class='ocrx_word' id='word_1_595' title='bbox 3476 1900 3619 1942; x_wconf 65' lang='lat' dir='ltr'><strong>cono</strong></span> 
     </span>
    </p>
   </div>
   <div class='ocr_carea' id='block_1_81' title="bbox 2054 1978 3625 2050">
    <p class='ocr_par' dir='ltr' id='par_1_81' title="bbox 2054 1978 3625 2050">
     <span class='ocr_line' id='line_1_81' title="bbox 2054 1978 3625 2050; baseline -0.002 -16"><span class='ocrx_word' id='word_1_596' title='bbox 2054 1981 2332 2050; x_wconf 79' lang='lat' dir='ltr'><strong>spirarunt</strong></span> <span class='ocrx_word' id='word_1_597' title='bbox 2365 1980 2431 2033; x_wconf 81' lang='lat' dir='ltr'><strong>ad</strong></span> <span class='ocrx_word' id='word_1_598' title='bbox 2468 1980 2607 2034; x_wconf 85' lang='lat' dir='ltr'><strong>mala</strong></span> <span class='ocrx_word' id='word_1_599' title='bbox 2638 1979 2706 2031; x_wconf 83' lang='lat'><strong>“.</strong></span> <span class='ocrx_word' id='word_1_600' title='bbox 2749 1997 2769 2031; x_wconf 76' lang='grc' dir='ltr'><strong>ι</strong></span> <span class='ocrx_word' id='word_1_601' title='bbox 2811 1979 2996 2046; x_wconf 88' lang='lat' dir='ltr'><strong>Itaque</strong></span> <span class='ocrx_word' id='word_1_602' title='bbox 3026 1987 3136 2032; x_wconf 86' lang='lat' dir='ltr'><strong>tum</strong></span> <span class='ocrx_word' id='word_1_603' title='bbox 3161 1979 3374 2033; x_wconf 88' lang='lat' dir='ltr'><strong>remisit</strong></span> <span class='ocrx_word' id='word_1_604' title='bbox 3405 1978 3625 2033; x_wconf 86' lang='lat' dir='ltr'><strong>illorum</strong></span> 
     </span>
    </p>
   </div>
   <div class='ocr_carea' id='block_1_82' title="bbox 2059 2065 3625 2137">
    <p class='ocr_par' dir='ltr' id='par_1_82' title="bbox 2059 2065 3625 2137">
     <span class='ocr_line' id='line_1_82' title="bbox 2059 2065 3625 2137; baseline -0.003 -13"><span class='ocrx_word' id='word_1_605' title='bbox 2059 2078 2315 2137; x_wconf 87' lang='lat' dir='ltr'><strong>peccata;</strong></span> <span class='ocrx_word' id='word_1_606' title='bbox 2348 2067 2607 2122; x_wconf 82' lang='lat' dir='ltr'><strong>liberatus</strong></span> <span class='ocrx_word' id='word_1_607' title='bbox 2642 2067 2748 2137; x_wconf 68' lang='grc' dir='ltr'><strong>ιθ</strong></span> <span class='ocrx_word' id='word_1_608' title='bbox 2789 2067 2932 2120; x_wconf 87' lang='lat' dir='ltr'><strong>enim</strong></span> <span class='ocrx_word' id='word_1_609' title='bbox 2965 2075 3069 2128; x_wconf 87' lang='lat' dir='ltr'><strong>est,</strong></span> <span class='ocrx_word' id='word_1_610' title='bbox 3102 2075 3156 2119; x_wconf 91' lang='lat' dir='ltr'><strong>et</strong></span> <span class='ocrx_word' id='word_1_611' title='bbox 3179 2067 3355 2119; x_wconf 84' lang='lat' dir='ltr'><strong>denuo</strong></span> <span class='ocrx_word' id='word_1_612' title='bbox 3378 2065 3431 2119; x_wconf 92' lang='lat' dir='ltr'><strong>in</strong></span> <span class='ocrx_word' id='word_1_613' title='bbox 3467 2080 3625 2132; x_wconf 67' lang='lat' dir='ltr'><strong>suam</strong></span> 
     </span>
    </p>
   </div>
   <div class='ocr_carea' id='block_1_83' title="bbox 2061 2157 3623 2230">
    <p class='ocr_par' dir='ltr' id='par_1_83' title="bbox 2061 2157 3623 2230">
     <span class='ocr_line' id='line_1_83' title="bbox 2061 2157 3623 2230; baseline -0.001 -15"><span class='ocrx_word' id='word_1_614' title='bbox 2061 2160 2299 2230; x_wconf 87' lang='lat' dir='ltr'><strong>ipsorum</strong></span> <span class='ocrx_word' id='word_1_615' title='bbox 2319 2159 2805 2215; x_wconf 86' lang='lat' dir='ltr'><strong>terramreductus.</strong></span> <span class='ocrx_word' id='word_1_616' title='bbox 2832 2157 2960 2215; x_wconf 82' lang='lat' dir='ltr'><strong>Post</strong></span> <span class='ocrx_word' id='word_1_617' title='bbox 3011 2159 3427 2214; x_wconf 77' lang='lat' dir='ltr'><strong>cruciﬁxiouetn</strong></span> <span class='ocrx_word' id='word_1_618' title='bbox 3471 2159 3623 2220; x_wconf 82' lang='lat' dir='ltr'><strong>deni-</strong></span> 
     </span>
    </p>
   </div>
   <div class='ocr_carea' id='block_1_84' title="bbox 2055 2249 3629 2323">
    <p class='ocr_par' dir='ltr' id='par_1_84' title="bbox 2055 2249 3629 2323">
     <span class='ocr_line' id='line_1_84' title="bbox 2055 2249 3629 2323; baseline 0.002 -19"><span class='ocrx_word' id='word_1_619' title='bbox 2055 2267 2162 2323; x_wconf 89' lang='lat' dir='ltr'><strong>que</strong></span> <span class='ocrx_word' id='word_1_620' title='bbox 2188 2249 2524 2317; x_wconf 80' lang='lat' dir='ltr'><strong>Servatoris,</strong></span> <span class='ocrx_word' id='word_1_621' title='bbox 2549 2265 2654 2306; x_wconf 87' lang='lat' dir='ltr'><strong>non</strong></span> <span class='ocrx_word' id='word_1_622' title='bbox 2678 2253 2911 2321; x_wconf 87' lang='lat' dir='ltr'><strong>amplius</strong></span> <span class='ocrx_word' id='word_1_623' title='bbox 2936 2266 2997 2308; x_wconf 88' lang='lat' dir='ltr'><strong>se</strong></span> <span class='ocrx_word' id='word_1_624' title='bbox 3018 2261 3241 2321; x_wconf 88' lang='lat' dir='ltr'><strong>peccata</strong></span> <span class='ocrx_word' id='word_1_625' title='bbox 3265 2251 3629 2307; x_wconf 79' lang='lat' dir='ltr'><strong>remissurum</strong></span> 
     </span>
    </p>
   </div>
   <div class='ocr_carea' id='block_1_85' title="bbox 2053 2343 3628 2414">
    <p class='ocr_par' dir='ltr' id='par_1_85' title="bbox 2053 2343 3628 2414">
     <span class='ocr_line' id='line_1_85' title="bbox 2053 2343 3628 2414; baseline -0.001 -16"><span class='ocrx_word' id='word_1_626' title='bbox 2053 2344 2374 2411; x_wconf 82' lang='lat' dir='ltr'><strong>denuntiat,</strong></span> <span class='ocrx_word' id='word_1_627' title='bbox 2417 2353 2705 2414; x_wconf 80' lang='lat' dir='ltr'><strong>propterea</strong></span> <span class='ocrx_word' id='word_1_628' title='bbox 2752 2343 2895 2413; x_wconf 88' lang='lat' dir='ltr'><strong>quod</strong></span> <span class='ocrx_word' id='word_1_629' title='bbox 2949 2344 3003 2399; x_wconf 92' lang='lat' dir='ltr'><strong>in</strong></span> <span class='ocrx_word' id='word_1_630' title='bbox 3057 2344 3167 2399; x_wconf 89' lang='lat' dir='ltr'><strong>illis</strong></span> <span class='ocrx_word' id='word_1_631' title='bbox 3211 2350 3628 2413; x_wconf 82' lang='lat' dir='ltr'><strong>perseverarent</strong></span> 
     </span>
    </p>
   </div>
   <div class='ocr_carea' id='block_1_86' title="bbox 2053 2435 3630 2507">
    <p class='ocr_par' dir='ltr' id='par_1_86' title="bbox 2053 2435 3630 2507">
     <span class='ocr_line' id='line_1_86' title="bbox 2053 2435 3630 2507; baseline -0.001 -15"><span class='ocrx_word' id='word_1_632' title='bbox 2053 2435 2213 2507; x_wconf 82' lang='lat' dir='ltr'><strong>longo</strong></span> <span class='ocrx_word' id='word_1_633' title='bbox 2249 2446 2511 2506; x_wconf 88' lang='lat' dir='ltr'><strong>tempore,</strong></span> <span class='ocrx_word' id='word_1_634' title='bbox 2534 2450 2643 2505; x_wconf 85' lang='lat' dir='ltr'><strong>quo</strong></span> <span class='ocrx_word' id='word_1_635' title='bbox 2716 2436 2934 2503; x_wconf 84' lang='lat' dir='ltr'><strong>quidem</strong></span> <span class='ocrx_word' id='word_1_636' title='bbox 2987 2435 3273 2491; x_wconf 72' lang='lat' dir='ltr'><strong>intervallo</strong></span> <span class='ocrx_word' id='word_1_637' title='bbox 3308 2444 3630 2499; x_wconf 77' lang='lat' dir='ltr'><strong>manserunt</strong></span> 
     </span>
    </p>
   </div>
   <div class='ocr_carea' id='block_1_87' title="bbox 2053 2527 3628 2597">
    <p class='ocr_par' dir='ltr' id='par_1_87' title="bbox 2053 2527 3628 2597">
     <span class='ocr_line' id='line_1_87' title="bbox 2053 2527 3628 2597; baseline -0.001 -14"><span class='ocrx_word' id='word_1_638' title='bbox 2053 2529 2149 2584; x_wconf 59' lang='lat' dir='ltr'><strong>ira:</strong></span> <span class='ocrx_word' id='word_1_639' title='bbox 2173 2528 2293 2597; x_wconf 85' lang='lat' dir='ltr'><strong>ejus</strong></span> <span class='ocrx_word' id='word_1_640' title='bbox 2331 2529 2499 2583; x_wconf 75' lang='lat' dir='ltr'><strong>furori</strong></span> <span class='ocrx_word' id='word_1_641' title='bbox 2538 2538 2595 2584; x_wconf 89' lang='lat' dir='ltr'><strong>et</strong></span> <span class='ocrx_word' id='word_1_642' title='bbox 2642 2528 2773 2583; x_wconf 84' lang='lat' dir='ltr'><strong>ictui</strong></span> <span class='ocrx_word' id='word_1_643' title='bbox 2812 2527 3060 2583; x_wconf 76' lang='lat' dir='ltr'><strong>obnoxii.</strong></span> <span class='ocrx_word' id='word_1_644' title='bbox 3103 2527 3257 2595; x_wconf 83' lang='lat' dir='ltr'><strong>Quod</strong></span> <span class='ocrx_word' id='word_1_645' title='bbox 3314 2536 3493 2597; x_wconf 80' lang='lat' dir='ltr'><strong>tamen</strong></span> <span class='ocrx_word' id='word_1_646' title='bbox 3529 2542 3628 2581; x_wconf 86' lang='lat' dir='ltr'><strong>no-</strong></span> 
     </span>
    </p>
   </div>
   <div class='ocr_carea' id='block_1_88' title="bbox 2054 2617 3623 2688">
    <p class='ocr_par' dir='ltr' id='par_1_88' title="bbox 2054 2617 3623 2688">
     <span class='ocr_line' id='line_1_88' title="bbox 2054 2617 3623 2688; baseline -0.002 -14"><span class='ocrx_word' id='word_1_647' title='bbox 2054 2620 2293 2676; x_wconf 79' lang='lat' dir='ltr'><strong>vissimis</strong></span> <span class='ocrx_word' id='word_1_648' title='bbox 2326 2618 2656 2688; x_wconf 87' lang='lat' dir='ltr'><strong>temporibus</strong></span> <span class='ocrx_word' id='word_1_649' title='bbox 2678 2617 3108 2674; x_wconf 88' lang='lat' dir='ltr'><strong>misericordiam</strong></span> <span class='ocrx_word' id='word_1_650' title='bbox 3132 2629 3623 2687; x_wconf 80' lang='lat' dir='ltr'><strong>consequerentur,</strong></span> 
     </span>
    </p>
   </div>
   <div class='ocr_carea' id='block_1_89' title="bbox 2052 2713 3623 2784">
    <p class='ocr_par' dir='ltr' id='par_1_89' title="bbox 2052 2713 3623 2784">
     <span class='ocr_line' id='line_1_89' title="bbox 2052 2713 3623 2784; baseline 0.002 -18"><span class='ocrx_word' id='word_1_651' title='bbox 2052 2714 2223 2784; x_wconf 84' lang='lat' dir='ltr'><strong>gratia</strong></span> <span class='ocrx_word' id='word_1_652' title='bbox 2279 2714 2331 2768; x_wconf 94' lang='lat' dir='ltr'><strong>in</strong></span> <span class='ocrx_word' id='word_1_653' title='bbox 2391 2713 2673 2771; x_wconf 80' lang='lat' dir='ltr'><strong>Christum</strong></span> <span class='ocrx_word' id='word_1_654' title='bbox 2732 2715 3011 2769; x_wconf 86' lang='lat' dir='ltr'><strong>nobiscum</strong></span> <span class='ocrx_word' id='word_1_655' title='bbox 3061 2713 3388 2784; x_wconf 74' lang='lat' dir='ltr'><strong>iustiﬁcati,</strong></span> <span class='ocrx_word' id='word_1_656' title='bbox 3450 2726 3623 2769; x_wconf 66' lang='lat' dir='ltr'><strong>sacra</strong></span> 
     </span>
    </p>
   </div>
   <div class='ocr_carea' id='block_1_90' title="bbox 2057 2803 3626 2873">
    <p class='ocr_par' dir='ltr' id='par_1_90' title="bbox 2057 2803 3626 2873">
     <span class='ocr_line' id='line_1_90' title="bbox 2057 2803 3626 2873; baseline 0 -16"><span class='ocrx_word' id='word_1_657' title='bbox 2057 2803 2278 2858; x_wconf 65' lang='lat' dir='ltr'><strong>Littera:</strong></span> <span class='ocrx_word' id='word_1_658' title='bbox 2302 2806 2629 2873; x_wconf 68' lang='lat' dir='ltr'><strong>praedicant;</strong></span> <span class='ocrx_word' id='word_1_659' title='bbox 2654 2803 2771 2869; x_wconf 86' lang='lat' dir='ltr'><strong>sed,</strong></span> <span class='ocrx_word' id='word_1_660' title='bbox 2795 2812 2854 2857; x_wconf 92' lang='lat' dir='ltr'><strong>ut</strong></span> <span class='ocrx_word' id='word_1_661' title='bbox 2884 2804 3019 2864; x_wconf 78' lang='lat' dir='ltr'><strong>dixi.</strong></span> <span class='ocrx_word' id='word_1_662' title='bbox 3040 2804 3197 2872; x_wconf 87' lang='lat' dir='ltr'><strong>longe</strong></span> <span class='ocrx_word' id='word_1_663' title='bbox 3227 2804 3428 2857; x_wconf 89' lang='lat' dir='ltr'><strong>diutius</strong></span> <span class='ocrx_word' id='word_1_664' title='bbox 3459 2817 3626 2873; x_wconf 79' lang='lat' dir='ltr'><strong>quatit</strong></span> 
     </span>
    </p>
   </div>
   <div class='ocr_carea' id='block_1_91' title="bbox 2052 2886 3625 2969">
    <p class='ocr_par' dir='ltr' id='par_1_91' title="bbox 2052 2886 3625 2969">
     <span class='ocr_line' id='line_1_91' title="bbox 2052 2886 3625 2969; baseline -0.001 -19"><span class='ocrx_word' id='word_1_665' title='bbox 2052 2906 2198 2961; x_wconf 72' lang='lat' dir='ltr'><strong>ante,</strong></span> <span class='ocrx_word' id='word_1_666' title='bbox 2231 2896 2326 2951; x_wconf 60' lang='lat' dir='ltr'><strong>irae</strong></span> <span class='ocrx_word' id='word_1_667' title='bbox 2353 2906 2565 2966; x_wconf 87' lang='lat' dir='ltr'><strong>tempus</strong></span> <span class='ocrx_word' id='word_1_668' title='bbox 2595 2896 2841 2961; x_wconf 80' lang='lat' dir='ltr'><strong>duravit;</strong></span> <span class='ocrx_word' id='word_1_669' title='bbox 2887 2886 3095 2949; x_wconf 84' lang='lat' dir='ltr'><strong>idcirco</strong></span> <span class='ocrx_word' id='word_1_670' title='bbox 3150 2895 3283 2949; x_wconf 70' lang='lat' dir='ltr'><strong>dicit</strong></span> <span class='ocrx_word' id='word_1_671' title='bbox 3310 2910 3323 2947; x_wconf 89' lang='lat'><strong>:</strong></span> <span class='ocrx_word' id='word_1_672' title='bbox 3358 2893 3474 2949; x_wconf 84' lang='lat' dir='ltr'><strong>Non</strong></span> <span class='ocrx_word' id='word_1_673' title='bbox 3502 2909 3625 2969; x_wconf 80' lang='lat' dir='ltr'><strong>am-</strong></span> 
     </span>
    </p>
   </div>
   <div class='ocr_carea' id='block_1_92' title="bbox 2054 2985 3628 3056">
    <p class='ocr_par' dir='ltr' id='par_1_92' title="bbox 2054 2985 3628 3056">
     <span class='ocr_line' id='line_1_92' title="bbox 2054 2985 3628 3056; baseline 0.001 -18"><span class='ocrx_word' id='word_1_674' title='bbox 2054 2986 2192 3056; x_wconf 90' lang='lat' dir='ltr'><strong>plius</strong></span> <span class='ocrx_word' id='word_1_675' title='bbox 2213 2988 2484 3040; x_wconf 87' lang='lat' dir='ltr'><strong>remittam</strong></span> <span class='ocrx_word' id='word_1_676' title='bbox 2501 2996 2721 3055; x_wconf 86' lang='lat' dir='ltr'><strong>peccata</strong></span> <span class='ocrx_word' id='word_1_677' title='bbox 2744 2994 2948 3041; x_wconf 77' lang='lat' dir='ltr'><strong>vestra.</strong></span> <span class='ocrx_word' id='word_1_678' title='bbox 2973 2986 3157 3040; x_wconf 80' lang='lat' dir='ltr'><strong>Addas</strong></span> <span class='ocrx_word' id='word_1_679' title='bbox 3193 2994 3374 3039; x_wconf 86' lang='lat' dir='ltr'><strong>autem</strong></span> <span class='ocrx_word' id='word_1_680' title='bbox 3414 2986 3458 3039; x_wconf 91' lang='lat' dir='ltr'><strong>si</strong></span> <span class='ocrx_word' id='word_1_681' title='bbox 3508 2985 3628 3055; x_wconf 82' lang='lat' dir='ltr'><strong>pia-</strong></span> 
     </span>
    </p>
   </div>
   <div class='ocr_carea' id='block_1_93' title="bbox 2053 3075 3616 3134">
    <p class='ocr_par' dir='ltr' id='par_1_93' title="bbox 2053 3075 3616 3134">
     <span class='ocr_line' id='line_1_93' title="bbox 2053 3075 3616 3134; baseline 0.002 -4"><span class='ocrx_word' id='word_1_682' title='bbox 2053 3086 2140 3131; x_wconf 87' lang='lat' dir='ltr'><strong>cet</strong></span> <span class='ocrx_word' id='word_1_683' title='bbox 2162 3086 2215 3131; x_wconf 92' lang='lat' dir='ltr'><strong>et</strong></span> <span class='ocrx_word' id='word_1_684' title='bbox 2235 3075 2381 3130; x_wconf 89' lang='lat' dir='ltr'><strong>aliud</strong></span> <span class='ocrx_word' id='word_1_685' title='bbox 2422 3077 2549 3131; x_wconf 88' lang='lat' dir='ltr'><strong>huic</strong></span> <span class='ocrx_word' id='word_1_686' title='bbox 2580 3075 2886 3134; x_wconf 68' lang='lat' dir='ltr'><strong>sententiae.</strong></span> <span class='ocrx_word' id='word_1_687' title='bbox 2939 3075 3278 3131; x_wconf 64' lang='lat' dir='ltr'><strong>lsraelitaex</strong></span> <span class='ocrx_word' id='word_1_688' title='bbox 3303 3076 3471 3131; x_wconf 83' lang='lat' dir='ltr'><strong>veteri</strong></span> <span class='ocrx_word' id='word_1_689' title='bbox 3507 3077 3616 3133; x_wconf 86' lang='lat' dir='ltr'><strong>ritu</strong></span> 
     </span>
    </p>
   </div>
   <div class='ocr_carea' id='block_1_94' title="bbox 2056 3156 3625 3235">
    <p class='ocr_par' dir='ltr' id='par_1_94' title="bbox 2056 3156 3625 3235">
     <span class='ocr_line' id='line_1_94' title="bbox 2056 3156 3625 3235; baseline -0.002 -14"><span class='ocrx_word' id='word_1_690' title='bbox 2056 3156 2413 3235; x_wconf 82' lang='lat' dir='ltr'><strong>institutoque</strong></span> <span class='ocrx_word' id='word_1_691' title='bbox 2461 3164 2593 3233; x_wconf 86' lang='lat' dir='ltr'><strong>legis</strong></span> <span class='ocrx_word' id='word_1_692' title='bbox 2655 3163 2925 3219; x_wconf 82' lang='lat' dir='ltr'><strong>sacriﬁcia</strong></span> <span class='ocrx_word' id='word_1_693' title='bbox 2982 3161 3318 3229; x_wconf 87' lang='lat' dir='ltr'><strong>oil‘erebant,</strong></span> <span class='ocrx_word' id='word_1_694' title='bbox 3355 3178 3452 3232; x_wconf 90' lang='lat' dir='ltr'><strong>pro</strong></span> <span class='ocrx_word' id='word_1_695' title='bbox 3507 3161 3625 3218; x_wconf 84' lang='lat' dir='ltr'><strong>suis</strong></span> 
     </span>
    </p>
   </div>
   <div class='ocr_carea' id='block_1_95' title="bbox 2052 3254 3627 3324">
    <p class='ocr_par' dir='ltr' id='par_1_95' title="bbox 2052 3254 3627 3324">
     <span class='ocr_line' id='line_1_95' title="bbox 2052 3254 3627 3324; baseline -0.001 -14"><span class='ocrx_word' id='word_1_696' title='bbox 2052 3254 2307 3319; x_wconf 77' lang='lat' dir='ltr'><strong>delictis,</strong></span> <span class='ocrx_word' id='word_1_697' title='bbox 2370 3255 2557 3310; x_wconf 65' lang='lat' dir='ltr'><strong>haedus</strong></span> <span class='ocrx_word' id='word_1_698' title='bbox 2617 3263 2793 3309; x_wconf 89' lang='lat' dir='ltr'><strong>autem</strong></span> <span class='ocrx_word' id='word_1_699' title='bbox 2850 3264 2904 3308; x_wconf 84' lang='lat' dir='ltr'><strong>et</strong></span> <span class='ocrx_word' id='word_1_700' title='bbox 2945 3269 3114 3324; x_wconf 87' lang='lat' dir='ltr'><strong>agnus</strong></span> <span class='ocrx_word' id='word_1_701' title='bbox 3160 3255 3520 3318; x_wconf 78' lang='lat' dir='ltr'><strong>mactaiiatur,</strong></span> <span class='ocrx_word' id='word_1_702' title='bbox 3570 3263 3627 3309; x_wconf 90' lang='lat' dir='ltr'><strong>et</strong></span> 
     </span>
    </p>
   </div>
   <div class='ocr_carea' id='block_1_96' title="bbox 2055 3343 3625 3416">
    <p class='ocr_par' dir='ltr' id='par_1_96' title="bbox 2055 3343 3625 3416">
     <span class='ocr_line' id='line_1_96' title="bbox 2055 3343 3625 3416; baseline 0 -17"><span class='ocrx_word' id='word_1_703' title='bbox 2055 3345 2370 3416; x_wconf 79' lang='lat' dir='ltr'><strong>indulgebat</strong></span> <span class='ocrx_word' id='word_1_704' title='bbox 2410 3345 2572 3399; x_wconf 87' lang='lat' dir='ltr'><strong>Deus.</strong></span> <span class='ocrx_word' id='word_1_705' title='bbox 2604 3344 2813 3412; x_wconf 85' lang='lat' dir='ltr'><strong>Quippe</strong></span> <span class='ocrx_word' id='word_1_706' title='bbox 2835 3359 2960 3399; x_wconf 87' lang='lat' dir='ltr'><strong>cum</strong></span> <span class='ocrx_word' id='word_1_707' title='bbox 2996 3356 3153 3399; x_wconf 77' lang='lat' dir='ltr'><strong>vetus</strong></span> <span class='ocrx_word' id='word_1_708' title='bbox 3183 3343 3349 3398; x_wconf 81' lang='lat' dir='ltr'><strong>etiam</strong></span> <span class='ocrx_word' id='word_1_709' title='bbox 3385 3343 3468 3399; x_wconf 78' lang='lat' dir='ltr'><strong>lex</strong></span> <span class='ocrx_word' id='word_1_710' title='bbox 3517 3358 3625 3399; x_wconf 89' lang='lat' dir='ltr'><strong>non</strong></span> 
     </span>
    </p>
   </div>
   <div class='ocr_carea' id='block_1_97' title="bbox 2054 3434 3616 3505">
    <p class='ocr_par' dir='ltr' id='par_1_97' title="bbox 2054 3434 3616 3505">
     <span class='ocr_line' id='line_1_97' title="bbox 2054 3434 3616 3505; baseline -0.001 -13"><span class='ocrx_word' id='word_1_711' title='bbox 2054 3435 2302 3492; x_wconf 78' lang='lat' dir='ltr'><strong>incilicax</strong></span> <span class='ocrx_word' id='word_1_712' title='bbox 2333 3436 2496 3492; x_wconf 82' lang='lat' dir='ltr'><strong>fuerit</strong></span> <span class='ocrx_word' id='word_1_713' title='bbox 2523 3437 2587 3489; x_wconf 90' lang='lat' dir='ltr'><strong>ad</strong></span> <span class='ocrx_word' id='word_1_714' title='bbox 2615 3435 2989 3505; x_wconf 80' lang='lat' dir='ltr'><strong>opitulandum</strong></span> <span class='ocrx_word' id='word_1_715' title='bbox 3023 3434 3341 3504; x_wconf 79' lang='lat' dir='ltr'><strong>majoribus,</strong></span> <span class='ocrx_word' id='word_1_716' title='bbox 3373 3435 3616 3490; x_wconf 87' lang='lat' dir='ltr'><strong>delinea—</strong></span> 
     </span>
    </p>
   </div>
   <div class='ocr_carea' id='block_1_98' title="bbox 2052 3525 3625 3597">
    <p class='ocr_par' dir='ltr' id='par_1_98' title="bbox 2052 3525 3625 3597">
     <span class='ocr_line' id='line_1_98' title="bbox 2052 3525 3625 3597; baseline -0.001 -14"><span class='ocrx_word' id='word_1_717' title='bbox 2052 3528 2215 3584; x_wconf 87' lang='lat' dir='ltr'><strong>batur</strong></span> <span class='ocrx_word' id='word_1_718' title='bbox 2244 3527 2390 3583; x_wconf 88' lang='lat' dir='ltr'><strong>enim</strong></span> <span class='ocrx_word' id='word_1_719' title='bbox 2420 3528 2472 3582; x_wconf 91' lang='lat' dir='ltr'><strong>in</strong></span> <span class='ocrx_word' id='word_1_720' title='bbox 2504 3543 2566 3582; x_wconf 86' lang='lat' dir='ltr'><strong>ea</strong></span> <span class='ocrx_word' id='word_1_721' title='bbox 2589 3526 2792 3582; x_wconf 73' lang='lat' dir='ltr'><strong>Christi</strong></span> <span class='ocrx_word' id='word_1_722' title='bbox 2840 3525 3185 3597; x_wconf 87' lang='lat' dir='ltr'><strong>mysterium.</strong></span> <span class='ocrx_word' id='word_1_723' title='bbox 3237 3525 3464 3593; x_wconf 84' lang='lat' dir='ltr'><strong>Quando</strong></span> <span class='ocrx_word' id='word_1_724' title='bbox 3494 3539 3625 3581; x_wconf 83' lang='lat' dir='ltr'><strong>vero</strong></span> 
     </span>
    </p>
   </div>
   <div class='ocr_carea' id='block_1_99' title="bbox 2053 3616 3626 3690">
    <p class='ocr_par' dir='ltr' id='par_1_99' title="bbox 2053 3616 3626 3690">
     <span class='ocr_line' id='line_1_99' title="bbox 2053 3616 3626 3690; baseline -0.004 -15"><span class='ocrx_word' id='word_1_725' title='bbox 2053 3620 2306 3690; x_wconf 85' lang='lat' dir='ltr'><strong>apparuit</strong></span> <span class='ocrx_word' id='word_1_726' title='bbox 2341 3621 2614 3684; x_wconf 86' lang='lat' dir='ltr'><strong>Christus,</strong></span> <span class='ocrx_word' id='word_1_727' title='bbox 2665 3633 2917 3674; x_wconf 83' lang='lat' dir='ltr'><strong>enervem</strong></span> <span class='ocrx_word' id='word_1_728' title='bbox 2977 3632 3100 3673; x_wconf 88' lang='lat' dir='ltr'><strong>esse</strong></span> <span class='ocrx_word' id='word_1_729' title='bbox 3147 3617 3436 3685; x_wconf 79' lang='lat' dir='ltr'><strong>Oportebat</strong></span> <span class='ocrx_word' id='word_1_730' title='bbox 3472 3616 3626 3671; x_wconf 85' lang='lat' dir='ltr'><strong>dein-</strong></span> 
     </span>
    </p>
   </div>
   <div class='ocr_carea' id='block_1_100' title="bbox 2055 3694 3626 3779">
    <p class='ocr_par' dir='ltr' id='par_1_100' title="bbox 2055 3694 3626 3779">
     <span class='ocr_line' id='line_1_100' title="bbox 2055 3694 3626 3779; baseline -0.001 -15"><span class='ocrx_word' id='word_1_731' title='bbox 2055 3724 2182 3778; x_wconf 90' lang='lat' dir='ltr'><strong>ceps</strong></span> <span class='ocrx_word' id='word_1_732' title='bbox 2237 3708 2461 3779; x_wconf 87' lang='lat' dir='ltr'><strong>legalem</strong></span> <span class='ocrx_word' id='word_1_733' title='bbox 2502 3709 2954 3777; x_wconf 77' lang='lat' dir='ltr'><strong>puriﬁcationem,</strong></span> <span class='ocrx_word' id='word_1_734' title='bbox 2986 3694 3444 3776; x_wconf 53' lang='lat' dir='ltr'><strong>utpote&#39;cumjam</strong></span> <span class='ocrx_word' id='word_1_735' title='bbox 3467 3707 3626 3762; x_wconf 87' lang='lat' dir='ltr'><strong>ades-</strong></span> 
     </span>
    </p>
   </div>
   <div class='ocr_carea' id='block_1_101' title="bbox 2055 3795 3623 3861">
    <p class='ocr_par' dir='ltr' id='par_1_101' title="bbox 2055 3795 3623 3861">
     <span class='ocr_line' id='line_1_101' title="bbox 2055 3795 3623 3861; baseline -0.001 -9"><span class='ocrx_word' id='word_1_736' title='bbox 2055 3807 2138 3852; x_wconf 88' lang='lat' dir='ltr'><strong>set</strong></span> <span class='ocrx_word' id='word_1_737' title='bbox 2174 3799 2394 3852; x_wconf 80' lang='lat' dir='ltr'><strong>veritas.</strong></span> <span class='ocrx_word' id='word_1_738' title='bbox 2456 3795 2573 3850; x_wconf 85' lang='lat' dir='ltr'><strong>Noti</strong></span> <span class='ocrx_word' id='word_1_739' title='bbox 2623 3810 2754 3861; x_wconf 77' lang='lat' dir='ltr'><strong>ergo</strong></span> <span class='ocrx_word' id='word_1_740' title='bbox 2783 3796 2917 3849; x_wconf 84' lang='lat' dir='ltr'><strong>satis</strong></span> <span class='ocrx_word' id='word_1_741' title='bbox 2973 3809 3096 3848; x_wconf 87' lang='lat' dir='ltr'><strong>esse</strong></span> <span class='ocrx_word' id='word_1_742' title='bbox 3133 3796 3199 3846; x_wconf 85' lang='lat' dir='ltr'><strong>ad</strong></span> <span class='ocrx_word' id='word_1_743' title='bbox 3245 3796 3623 3850; x_wconf 84' lang='lat' dir='ltr'><strong>remissionem</strong></span> 
     </span>
    </p>
   </div>
   <div class='ocr_carea' id='block_1_102' title="bbox 2057 3862 3620 3958">
    <p class='ocr_par' dir='ltr' id='par_1_102' title="bbox 2057 3862 3620 3958">
     <span class='ocr_line' id='line_1_102' title="bbox 2057 3862 3620 3958; baseline -0.001 -16"><span class='ocrx_word' id='word_1_744' title='bbox 2057 3888 2187 3958; x_wconf 89' lang='lat' dir='ltr'><strong>legis</strong></span> <span class='ocrx_word' id='word_1_745' title='bbox 2217 3862 2484 3950; x_wconf 69' lang='lat' dir='ltr'><strong>umbram,</strong></span> <span class='ocrx_word' id='word_1_746' title='bbox 2520 3886 2626 3940; x_wconf 89' lang='lat' dir='ltr'><strong>illis</strong></span> <span class='ocrx_word' id='word_1_747' title='bbox 2653 3885 2855 3940; x_wconf 86' lang='lat' dir='ltr'><strong>Christi</strong></span> <span class='ocrx_word' id='word_1_748' title='bbox 2886 3884 3317 3953; x_wconf 88' lang='lat' dir='ltr'><strong>redemptionem</strong></span> <span class='ocrx_word' id='word_1_749' title='bbox 3346 3901 3452 3940; x_wconf 87' lang='lat' dir='ltr'><strong>non</strong></span> <span class='ocrx_word' id='word_1_750' title='bbox 3502 3901 3620 3940; x_wconf 85' lang='lat' dir='ltr'><strong>am-</strong></span> 
     </span>
    </p>
   </div>
   <div class='ocr_carea' id='block_1_103' title="bbox 2056 3971 3624 4047">
    <p class='ocr_par' dir='ltr' id='par_1_103' title="bbox 2056 3971 3624 4047">
     <span class='ocr_line' id='line_1_103' title="bbox 2056 3971 3624 4047; baseline -0.001 -17"><span class='ocrx_word' id='word_1_751' title='bbox 2056 3974 2443 4047; x_wconf 89' lang='lat' dir='ltr'><strong>plectentibus,</strong></span> <span class='ocrx_word' id='word_1_752' title='bbox 2471 3975 2647 4040; x_wconf 88' lang='lat' dir='ltr'><strong>docet,</strong></span> <span class='ocrx_word' id='word_1_753' title='bbox 2677 3972 2929 4042; x_wconf 90' lang='lat' dir='ltr'><strong>inquiens</strong></span> <span class='ocrx_word' id='word_1_754' title='bbox 2960 3989 2973 4024; x_wconf 87' lang='lat'><strong>:</strong></span> <span class='ocrx_word' id='word_1_755' title='bbox 3011 3971 3127 4026; x_wconf 85' lang='lat' dir='ltr'><strong>Non</strong></span> <span class='ocrx_word' id='word_1_756' title='bbox 3176 3974 3452 4038; x_wconf 81' lang='lat' dir='ltr'><strong>remittam</strong></span> <span class='ocrx_word' id='word_1_757' title='bbox 3507 3990 3624 4030; x_wconf 61' lang='lat' dir='ltr'><strong>am.</strong></span> 
     </span>
    </p>
   </div>
   <div class='ocr_carea' id='block_1_104' title="bbox 2054 4062 3619 4142">
    <p class='ocr_par' dir='ltr' id='par_1_104' title="bbox 2054 4062 3619 4142">
     <span class='ocr_line' id='line_1_104' title="bbox 2054 4062 3619 4142; baseline -0.002 -18"><span class='ocrx_word' id='word_1_758' title='bbox 2054 4070 2196 4142; x_wconf 85' lang='lat' dir='ltr'><strong>piius</strong></span> <span class='ocrx_word' id='word_1_759' title='bbox 2211 4077 2431 4138; x_wconf 85' lang='lat' dir='ltr'><strong>peccata</strong></span> <span class='ocrx_word' id='word_1_760' title='bbox 2461 4075 2663 4121; x_wconf 81' lang='lat' dir='ltr'><strong>vestra.</strong></span> <span class='ocrx_word' id='word_1_761' title='bbox 2701 4062 2942 4118; x_wconf 82' lang='lat' dir='ltr'><strong>Veritate</strong></span> <span class='ocrx_word' id='word_1_762' title='bbox 2964 4062 3131 4128; x_wconf 85' lang='lat' dir='ltr'><strong>enim,</strong></span> <span class='ocrx_word' id='word_1_763' title='bbox 3156 4063 3348 4133; x_wconf 86' lang='lat' dir='ltr'><strong>inquit,</strong></span> <span class='ocrx_word' id='word_1_764' title='bbox 3382 4066 3619 4121; x_wconf 84' lang='lat' dir='ltr'><strong>nomium</strong></span> 
     </span>
    </p>
   </div>
   <div class='ocr_carea' id='block_1_105' title="bbox 2054 4152 3625 4232">
    <p class='ocr_par' dir='ltr' id='par_1_105' title="bbox 2054 4152 3625 4232">
     <span class='ocr_line' id='line_1_105' title="bbox 2054 4152 3625 4232; baseline -0.005 -16"><span class='ocrx_word' id='word_1_765' title='bbox 2054 4169 2344 4232; x_wconf 66' lang='lat' dir='ltr'><strong>praesente,</strong></span> <span class='ocrx_word' id='word_1_766' title='bbox 2385 4158 2658 4220; x_wconf 87' lang='lat' dir='ltr'><strong>concessi,</strong></span> <span class='ocrx_word' id='word_1_767' title='bbox 2689 4165 2748 4209; x_wconf 90' lang='lat' dir='ltr'><strong>ut</strong></span> <span class='ocrx_word' id='word_1_768' title='bbox 2777 4152 3097 4224; x_wconf 76' lang='lat' dir='ltr'><strong>typijuvare</strong></span> <span class='ocrx_word' id='word_1_769' title='bbox 3124 4164 3343 4222; x_wconf 88' lang='lat' dir='ltr'><strong>possent</strong></span> <span class='ocrx_word' id='word_1_770' title='bbox 3385 4156 3625 4221; x_wconf 87' lang='lat' dir='ltr'><strong>peccatis</strong></span> 
     </span>
    </p>
   </div>
   <div class='ocr_carea' id='block_1_106' title="bbox 2058 4245 3625 4320">
    <p class='ocr_par' dir='ltr' id='par_1_106' title="bbox 2058 4245 3625 4320">
     <span class='ocr_line' id='line_1_106' title="bbox 2058 4245 3625 4320; baseline -0.003 -16"><span class='ocrx_word' id='word_1_771' title='bbox 2058 4251 2347 4320; x_wconf 87' lang='lat' dir='ltr'><strong>implicitos</strong></span> <span class='ocrx_word' id='word_1_772' title='bbox 2376 4287 2392 4312; x_wconf 92' lang='lat'><strong>,</strong></span> <span class='ocrx_word' id='word_1_773' title='bbox 2454 4247 2626 4318; x_wconf 88' lang='lat' dir='ltr'><strong>ipsius</strong></span> <span class='ocrx_word' id='word_1_774' title='bbox 2668 4245 2919 4313; x_wconf 77' lang='lat' dir='ltr'><strong>veritatis</strong></span> <span class='ocrx_word' id='word_1_775' title='bbox 2964 4245 3262 4299; x_wconf 84' lang='lat' dir='ltr'><strong>reverentia</strong></span> <span class='ocrx_word' id='word_1_776' title='bbox 3314 4245 3474 4297; x_wconf 86' lang='lat' dir='ltr'><strong>etiam</strong></span> <span class='ocrx_word' id='word_1_777' title='bbox 3523 4245 3625 4309; x_wconf 82' lang='lat' dir='ltr'><strong>hoc</strong></span> 
     </span>
    </p>
   </div>
   <div class='ocr_carea' id='block_1_107' title="bbox 2057 4332 3610 4408">
    <p class='ocr_par' dir='ltr' id='par_1_107' title="bbox 2057 4332 3610 4408">
     <span class='ocr_line' id='line_1_107' title="bbox 2057 4332 3610 4408; baseline -0.005 -14"><span class='ocrx_word' id='word_1_778' title='bbox 2057 4340 2282 4403; x_wconf 79' lang='lat' dir='ltr'><strong>faciens,</strong></span> <span class='ocrx_word' id='word_1_779' title='bbox 2312 4354 2419 4408; x_wconf 84' lang='lat' dir='ltr'><strong>qua</strong></span> <span class='ocrx_word' id='word_1_780' title='bbox 2460 4346 2724 4406; x_wconf 58' lang='lat' dir='ltr'><strong>prasente</strong></span> <span class='ocrx_word' id='word_1_781' title='bbox 2744 4337 2855 4407; x_wconf 80' lang='lat' dir='ltr'><strong>jain</strong></span> <span class='ocrx_word' id='word_1_782' title='bbox 2912 4350 2977 4389; x_wconf 86' lang='lat' dir='ltr'><strong>ac</strong></span> <span class='ocrx_word' id='word_1_783' title='bbox 3016 4332 3385 4387; x_wconf 83' lang='lat' dir='ltr'><strong>demonstrata</strong></span> <span class='ocrx_word' id='word_1_784' title='bbox 3422 4372 3437 4395; x_wconf 91' lang='lat'><strong>,</strong></span> <span class='ocrx_word' id='word_1_785' title='bbox 3500 4333 3610 4386; x_wconf 87' lang='lat' dir='ltr'><strong>im-</strong></span> 
     </span>
    </p>
   </div>
   <div class='ocr_carea' id='block_1_108' title="bbox 2056 4423 3616 4502">
    <p class='ocr_par' dir='ltr' id='par_1_108' title="bbox 2056 4423 3616 4502">
     <span class='ocr_line' id='line_1_108' title="bbox 2056 4423 3616 4502; baseline -0.006 -14"><span class='ocrx_word' id='word_1_786' title='bbox 2056 4431 2263 4488; x_wconf 86' lang='lat' dir='ltr'><strong>becillis</strong></span> <span class='ocrx_word' id='word_1_787' title='bbox 2295 4431 2462 4502; x_wconf 81' lang='lat' dir='ltr'><strong>iigura</strong></span> <span class='ocrx_word' id='word_1_788' title='bbox 2494 4438 2596 4492; x_wconf 86' lang='lat' dir='ltr'><strong>est,</strong></span> <span class='ocrx_word' id='word_1_789' title='bbox 2627 4438 2680 4481; x_wconf 91' lang='lat' dir='ltr'><strong>et</strong></span> <span class='ocrx_word' id='word_1_790' title='bbox 2701 4429 2886 4480; x_wconf 90' lang='lat' dir='ltr'><strong>umbra</strong></span> <span class='ocrx_word' id='word_1_791' title='bbox 2926 4440 3113 4495; x_wconf 85' lang='lat' dir='ltr'><strong>parum</strong></span> <span class='ocrx_word' id='word_1_792' title='bbox 3146 4423 3361 4478; x_wconf 75' lang='lat' dir='ltr'><strong>efﬁcax.</strong></span> <span class='ocrx_word' id='word_1_793' title='bbox 3411 4423 3475 4476; x_wconf 82' lang='lat' dir='ltr'><strong>Et</strong></span> <span class='ocrx_word' id='word_1_794' title='bbox 3510 4440 3616 4480; x_wconf 89' lang='lat' dir='ltr'><strong>non</strong></span> 
     </span>
    </p>
   </div>
   <div class='ocr_carea' id='block_1_109' title="bbox 2058 4514 3622 4588">
    <p class='ocr_par' dir='ltr' id='par_1_109' title="bbox 2058 4514 3622 4588">
     <span class='ocr_line' id='line_1_109' title="bbox 2058 4514 3622 4588; baseline -0.006 -9"><span class='ocrx_word' id='word_1_795' title='bbox 2058 4522 2329 4579; x_wconf 86' lang='lat' dir='ltr'><strong>remittam</strong></span> <span class='ocrx_word' id='word_1_796' title='bbox 2362 4519 2592 4588; x_wconf 87' lang='lat' dir='ltr'><strong>amplius</strong></span> <span class='ocrx_word' id='word_1_797' title='bbox 2621 4526 2839 4586; x_wconf 79' lang='lat' dir='ltr'><strong>peccata</strong></span> <span class='ocrx_word' id='word_1_798' title='bbox 2881 4525 3091 4582; x_wconf 84' lang='lat' dir='ltr'><strong>vestra;</strong></span> <span class='ocrx_word' id='word_1_799' title='bbox 3132 4515 3226 4568; x_wconf 84' lang='lat' dir='ltr'><strong>sed</strong></span> <span class='ocrx_word' id='word_1_800' title='bbox 3274 4515 3321 4569; x_wconf 88' lang='lat' dir='ltr'><strong>si</strong></span> <span class='ocrx_word' id='word_1_801' title='bbox 3346 4514 3622 4584; x_wconf 80' lang='lat' dir='ltr'><strong>expande-</strong></span> 
     </span>
    </p>
   </div>
   <div class='ocr_carea' id='block_1_110' title="bbox 2057 4601 3625 4674">
    <p class='ocr_par' dir='ltr' id='par_1_110' title="bbox 2057 4601 3625 4674">
     <span class='ocr_line' id='line_1_110' title="bbox 2057 4601 3625 4674; baseline -0.006 -7"><span class='ocrx_word' id='word_1_802' title='bbox 2057 4612 2178 4667; x_wconf 86' lang='lat' dir='ltr'><strong>ritis</strong></span> <span class='ocrx_word' id='word_1_803' title='bbox 2227 4624 2439 4672; x_wconf 87' lang='lat' dir='ltr'><strong>manus,</strong></span> <span class='ocrx_word' id='word_1_804' title='bbox 2486 4614 2726 4660; x_wconf 85' lang='lat' dir='ltr'><strong>avertam</strong></span> <span class='ocrx_word' id='word_1_805' title='bbox 2771 4601 2956 4658; x_wconf 85' lang='lat' dir='ltr'><strong>oculos</strong></span> <span class='ocrx_word' id='word_1_806' title='bbox 3011 4619 3183 4669; x_wconf 88' lang='lat' dir='ltr'><strong>meos,</strong></span> <span class='ocrx_word' id='word_1_807' title='bbox 3222 4614 3278 4658; x_wconf 91' lang='lat' dir='ltr'><strong>et</strong></span> <span class='ocrx_word' id='word_1_808' title='bbox 3327 4604 3370 4658; x_wconf 89' lang='lat' dir='ltr'><strong>si</strong></span> <span class='ocrx_word' id='word_1_809' title='bbox 3434 4618 3625 4674; x_wconf 88' lang='lat' dir='ltr'><strong>preces</strong></span> 
     </span>
    </p>
   </div>
   <div class='ocr_carea' id='block_1_111' title="bbox 2057 4694 3625 4772">
    <p class='ocr_par' dir='ltr' id='par_1_111' title="bbox 2057 4694 3625 4772">
     <span class='ocr_line' id='line_1_111' title="bbox 2057 4694 3625 4772; baseline -0.006 -15"><span class='ocrx_word' id='word_1_810' title='bbox 2057 4698 2594 4772; x_wconf 86' lang='lat' dir='ltr'><strong>multiplicaveritis,</strong></span> <span class='ocrx_word' id='word_1_811' title='bbox 2660 4710 2765 4750; x_wconf 89' lang='lat' dir='ltr'><strong>non</strong></span> <span class='ocrx_word' id='word_1_812' title='bbox 2824 4695 3138 4764; x_wconf 69' lang='lat' dir='ltr'><strong>suscipiam.</strong></span> <span class='ocrx_word' id='word_1_813' title='bbox 3201 4694 3411 4765; x_wconf 81' lang='lat' dir='ltr'><strong>Ergone</strong></span> <span class='ocrx_word' id='word_1_814' title='bbox 3464 4696 3625 4750; x_wconf 84' lang='lat' dir='ltr'><strong>desiit</strong></span> 
     </span>
    </p>
   </div>
   <div class='ocr_carea' id='block_1_112' title="bbox 2057 4785 3625 4861">
    <p class='ocr_par' dir='ltr' id='par_1_112' title="bbox 2057 4785 3625 4861">
     <span class='ocr_line' id='line_1_112' title="bbox 2057 4785 3625 4861; baseline -0.006 -12"><span class='ocrx_word' id='word_1_815' title='bbox 2057 4808 2177 4849; x_wconf 86' lang='lat' dir='ltr'><strong>esse</strong></span> <span class='ocrx_word' id='word_1_816' title='bbox 2225 4791 2485 4861; x_wconf 74' lang='lat' dir='ltr'><strong>banignus</strong></span> <span class='ocrx_word' id='word_1_817' title='bbox 2553 4788 2640 4842; x_wconf 90' lang='lat' dir='ltr'><strong>hic</strong></span> <span class='ocrx_word' id='word_1_818' title='bbox 2690 4785 3063 4840; x_wconf 84' lang='lat' dir='ltr'><strong>universitatis</strong></span> <span class='ocrx_word' id='word_1_819' title='bbox 3120 4786 3360 4855; x_wconf 74' lang='lat' dir='ltr'><strong>opifex?</strong></span> <span class='ocrx_word' id='word_1_820' title='bbox 3413 4787 3625 4857; x_wconf 82' lang='lat' dir='ltr'><strong>Ergone</strong></span> 
     </span>
    </p>
   </div>
   <div class='ocr_carea' id='block_1_113' title="bbox 2057 4879 3617 4950">
    <p class='ocr_par' dir='ltr' id='par_1_113' title="bbox 2057 4879 3617 4950">
     <span class='ocr_line' id='line_1_113' title="bbox 2057 4879 3617 4950; baseline -0.004 -8"><span class='ocrx_word' id='word_1_821' title='bbox 2057 4886 2257 4942; x_wconf 90' lang='lat' dir='ltr'><strong>oblitus</strong></span> <span class='ocrx_word' id='word_1_822' title='bbox 2287 4892 2376 4937; x_wconf 89' lang='lat' dir='ltr'><strong>est</strong></span> <span class='ocrx_word' id='word_1_823' title='bbox 2420 4881 2666 4937; x_wconf 84' lang='lat' dir='ltr'><strong>misereri</strong></span> <span class='ocrx_word' id='word_1_824' title='bbox 2705 4879 2889 4936; x_wconf 81' lang='lat' dir='ltr'><strong>Deus?</strong></span> <span class='ocrx_word' id='word_1_825' title='bbox 2942 4880 3338 4948; x_wconf 86' lang='lat' dir='ltr'><strong>Nequaquam,</strong></span> <span class='ocrx_word' id='word_1_826' title='bbox 3396 4880 3566 4950; x_wconf 88' lang='lat' dir='ltr'><strong>inquit</strong></span> <span class='ocrx_word' id='word_1_827' title='bbox 3599 4896 3617 4936; x_wconf 90' lang='lat'><strong>:</strong></span> 
     </span>
    </p>
   </div>
   <div class='ocr_carea' id='block_1_114' title="bbox 2071 4969 3624 5039">
    <p class='ocr_par' dir='ltr' id='par_1_114' title="bbox 2071 4969 3624 5039">
     <span class='ocr_line' id='line_1_114' title="bbox 2071 4969 3624 5039; baseline -0.009 -3"><span class='ocrx_word' id='word_1_828' title='bbox 2071 4994 2191 5036; x_wconf 88' lang='lat' dir='ltr'><strong>sum</strong></span> <span class='ocrx_word' id='word_1_829' title='bbox 2221 4977 2392 5039; x_wconf 90' lang='lat' dir='ltr'><strong>enim,</strong></span> <span class='ocrx_word' id='word_1_830' title='bbox 2423 4989 2539 5030; x_wconf 89' lang='lat' dir='ltr'><strong>sum</strong></span> <span class='ocrx_word' id='word_1_831' title='bbox 2568 4985 2620 5029; x_wconf 91' lang='lat' dir='ltr'><strong>et</strong></span> <span class='ocrx_word' id='word_1_832' title='bbox 2645 4976 2934 5038; x_wconf 89' lang='lat' dir='ltr'><strong>humanus,</strong></span> <span class='ocrx_word' id='word_1_833' title='bbox 2982 4982 3040 5028; x_wconf 85' lang='lat' dir='ltr'><strong>et</strong></span> <span class='ocrx_word' id='word_1_834' title='bbox 3082 4974 3280 5039; x_wconf 86' lang='lat' dir='ltr'><strong>bonus,</strong></span> <span class='ocrx_word' id='word_1_835' title='bbox 3333 4980 3387 5025; x_wconf 90' lang='lat' dir='ltr'><strong>ct</strong></span> <span class='ocrx_word' id='word_1_836' title='bbox 3411 4969 3624 5025; x_wconf 81' lang='lat' dir='ltr'><strong>iniseri-</strong></span> 
     </span>
    </p>
   </div>
   <div class='ocr_carea' id='block_1_115' title="bbox 2055 5058 3621 5128">
    <p class='ocr_par' dir='ltr' id='par_1_115' title="bbox 2055 5058 3621 5128">
     <span class='ocr_line' id='line_1_115' title="bbox 2055 5058 3621 5128; baseline -0.004 -7"><span class='ocrx_word' id='word_1_837' title='bbox 2055 5080 2206 5128; x_wconf 88' lang='lat' dir='ltr'><strong>cors,</strong></span> <span class='ocrx_word' id='word_1_838' title='bbox 2237 5074 2442 5119; x_wconf 91' lang='lat' dir='ltr'><strong>tantum</strong></span> <span class='ocrx_word' id='word_1_839' title='bbox 2494 5076 2600 5116; x_wconf 91' lang='lat' dir='ltr'><strong>non</strong></span> <span class='ocrx_word' id='word_1_840' title='bbox 2647 5062 2851 5116; x_wconf 77' lang='lat' dir='ltr'><strong>invitus</strong></span> <span class='ocrx_word' id='word_1_841' title='bbox 2880 5071 3131 5117; x_wconf 83' lang='lat' dir='ltr'><strong>avertens</strong></span> <span class='ocrx_word' id='word_1_842' title='bbox 3184 5061 3390 5116; x_wconf 89' lang='lat' dir='ltr'><strong>oculos.</strong></span> <span class='ocrx_word' id='word_1_843' title='bbox 3431 5058 3621 5114; x_wconf 78' lang='lat' dir='ltr'><strong>Manus</strong></span> 
     </span>
    </p>
   </div>
   <div class='ocr_carea' id='block_1_116' title="bbox 2058 5152 3621 5225">
    <p class='ocr_par' dir='ltr' id='par_1_116' title="bbox 2058 5152 3621 5225">
     <span class='ocr_line' id='line_1_116' title="bbox 2058 5152 3621 5225; baseline -0.001 -15"><span class='ocrx_word' id='word_1_844' title='bbox 2058 5155 2327 5225; x_wconf 90' lang='lat' dir='ltr'><strong>siquidem</strong></span> <span class='ocrx_word' id='word_1_845' title='bbox 2388 5163 2585 5208; x_wconf 74' lang='lat' dir='ltr'><strong>vestra:</strong></span> <span class='ocrx_word' id='word_1_846' title='bbox 2632 5153 2804 5222; x_wconf 67' lang='lat' dir='ltr'><strong>plena:</strong></span> <span class='ocrx_word' id='word_1_847' title='bbox 2846 5163 2974 5207; x_wconf 86' lang='lat' dir='ltr'><strong>sunt</strong></span> <span class='ocrx_word' id='word_1_848' title='bbox 3039 5154 3321 5224; x_wconf 85' lang='lat' dir='ltr'><strong>sanguine.</strong></span> <span class='ocrx_word' id='word_1_849' title='bbox 3380 5152 3621 5207; x_wconf 82' lang='lat' dir='ltr'><strong>Audisne</strong></span> 
     </span>
    </p>
   </div>
   <div class='ocr_carea' id='block_1_117' title="bbox 2061 5242 3623 5314">
    <p class='ocr_par' dir='ltr' id='par_1_117' title="bbox 2061 5242 3623 5314">
     <span class='ocr_line' id='line_1_117' title="bbox 2061 5242 3623 5314; baseline -0.003 -12"><span class='ocrx_word' id='word_1_850' title='bbox 2061 5264 2184 5302; x_wconf 92' lang='lat' dir='ltr'><strong>eum</strong></span> <span class='ocrx_word' id='word_1_851' title='bbox 2239 5246 2451 5301; x_wconf 67' lang='lat' dir='ltr'><strong>caeteris</strong></span> <span class='ocrx_word' id='word_1_852' title='bbox 2500 5244 2817 5300; x_wconf 88' lang='lat' dir='ltr'><strong>criminibus</strong></span> <span class='ocrx_word' id='word_1_853' title='bbox 2854 5245 3168 5314; x_wconf 81' lang='lat' dir='ltr'><strong>praeteritis,</strong></span> <span class='ocrx_word' id='word_1_854' title='bbox 3226 5243 3389 5297; x_wconf 71' lang='lat' dir='ltr'><strong>caedis</strong></span> <span class='ocrx_word' id='word_1_855' title='bbox 3444 5242 3623 5297; x_wconf 88' lang='lat' dir='ltr'><strong>dicam</strong></span> 
     </span>
    </p>
   </div>
   <div class='ocr_carea' id='block_1_118' title="bbox 2060 5333 3621 5410">
    <p class='ocr_par' dir='ltr' id='par_1_118' title="bbox 2060 5333 3621 5410">
     <span class='ocr_line' id='line_1_118' title="bbox 2060 5333 3621 5410; baseline -0.003 -16"><span class='ocrx_word' id='word_1_856' title='bbox 2060 5340 2367 5410; x_wconf 82' lang='lat' dir='ltr'><strong>impingere</strong></span> <span class='ocrx_word' id='word_1_857' title='bbox 2394 5338 2418 5394; x_wconf 67' lang='grc' dir='ltr'>Τ</span> <span class='ocrx_word' id='word_1_858' title='bbox 2456 5337 2697 5393; x_wconf 81' lang='lat' dir='ltr'><strong>Tametsi</strong></span> <span class='ocrx_word' id='word_1_859' title='bbox 2731 5338 2976 5407; x_wconf 86' lang='lat' dir='ltr'><strong>pluribus</strong></span> <span class='ocrx_word' id='word_1_860' title='bbox 3007 5351 3103 5390; x_wconf 89' lang='lat' dir='ltr'><strong>eos</strong></span> <span class='ocrx_word' id='word_1_861' title='bbox 3126 5335 3270 5389; x_wconf 76' lang='lat' dir='ltr'><strong>vitiis</strong></span> <span class='ocrx_word' id='word_1_862' title='bbox 3312 5333 3621 5406; x_wconf 87' lang='lat' dir='ltr'><strong>implicatos</strong></span> 
     </span>
    </p>
   </div>
   <div class='ocr_carea' id='block_1_119' title="bbox 2057 5424 3627 5500">
    <p class='ocr_par' dir='ltr' id='par_1_119' title="bbox 2057 5424 3627 5500">
     <span class='ocr_line' id='line_1_119' title="bbox 2057 5424 3627 5500; baseline -0.004 -13"><span class='ocrx_word' id='word_1_863' title='bbox 2057 5447 2178 5488; x_wconf 72' lang='lat' dir='ltr'><strong>esse</strong></span> <span class='ocrx_word' id='word_1_864' title='bbox 2215 5430 2687 5500; x_wconf 87' lang='lat' dir='ltr'><strong>deprehendimus.</strong></span> <span class='ocrx_word' id='word_1_865' title='bbox 2734 5427 2867 5482; x_wconf 80' lang='lat' dir='ltr'><strong>Nam</strong></span> <span class='ocrx_word' id='word_1_866' title='bbox 2919 5427 3240 5479; x_wconf 74' lang='lat' dir='ltr'><strong>audiverunt</strong></span> <span class='ocrx_word' id='word_1_867' title='bbox 3296 5424 3436 5483; x_wconf 64' lang='grc' dir='ltr'><strong>εγω</strong></span> <span class='ocrx_word' id='word_1_868' title='bbox 3480 5425 3627 5496; x_wconf 86' lang='lat' dir='ltr'><strong>genti</strong></span> 
     </span>
    </p>
   </div>
   <div class='ocr_carea' id='block_1_120' title="bbox 2061 5506 3623 5594">
    <p class='ocr_par' dir='ltr' id='par_1_120' title="bbox 2061 5506 3623 5594">
     <span class='ocr_line' id='line_1_120' title="bbox 2061 5506 3623 5594; baseline -0.003 -16"><span class='ocrx_word' id='word_1_869' title='bbox 2061 5524 2338 5594; x_wconf 53' lang='lat' dir='ltr'><strong>improba»,</strong></span> <span class='ocrx_word' id='word_1_870' title='bbox 2400 5520 2596 5591; x_wconf 79' lang='lat' dir='ltr'><strong>pupulo</strong></span> <span class='ocrx_word' id='word_1_871' title='bbox 2651 5518 2797 5573; x_wconf 75' lang='lat' dir='ltr'><strong>vitiis</strong></span> <span class='ocrx_word' id='word_1_872' title='bbox 2827 5526 3068 5580; x_wconf 82' lang='lat' dir='ltr'><strong>omisto,</strong></span> <span class='ocrx_word' id='word_1_873' title='bbox 3119 5506 3315 5575; x_wconf 66' lang='lat' dir='ltr'><strong>scinini</strong></span> <span class='ocrx_word' id='word_1_874' title='bbox 3356 5516 3623 5582; x_wconf 75' lang='lat' dir='ltr'><strong>malefico,</strong></span> 
     </span>
    </p>
   </div>
  </div>
