4032 6214
441 343 512 401 δο
1436 334 1494 389 ὃ.
1536 333 1808 390 CYRILIJ
1851 329 2317 388 ALEXANDRINI
2356 329 2672 385 ARCIIIEP.
3630 335 3696 386 id

441 454 563 511 ﬁliis
598 450 841 524 perditis.
873 447 1006 505 Cum
1059 463 1190 504 vero
1227 448 1390 504 etiam
1416 451 1708 519 prophetas
1764 451 2008 504 trucida-

2121 447 2432 519 αἰτιάμασιν
2475 449 2694 517 ἐνόχους
2728 447 2885 510 ὄντας
2924 447 3248 518 εὑρήσομεν.
3289 449 3524 501 Ἤκουον
3568 451 3696 522 γὰρ,

439 548 590 610 rint,
638 543 846 613 ipsique
887 541 1123 604 Christo,
1163 540 1402 595 omnium
1455 551 1697 597 nostrum
1740 541 2014 596 Servatori

439 639 636 707 impias
687 651 881 690 manus
913 635 1198 688 attulerint
1230 651 1245 687 :
1278 635 1404 688 hinc
1433 642 1487 687 et
1509 633 1727 702 quidem
1753 633 1877 702 jure
1921 647 2014 701 op-

440 731 572 783 timo
587 727 957 797 gravissimam
978 725 1374 778 accusationem
1389 731 1441 777 et
1456 724 1521 778 ad
1545 722 2010 777 condemnandum

440 819 572 874 satis
597 817 880 886 capitalem
909 814 1282 879 illisintendit,
1323 813 1549 866 dicens:
1585 809 1774 864 Manus
1805 819 2004 863 vestra:

439 911 611 980 plena:
650 919 777 964 sunt
817 907 1102 975 sanguine.
1135 905 1342 960 Avertit
1393 913 1572 958 autem
1619 901 1813 956 faciem
1844 899 2007 962 Deus,

439 1013 494 1056 et
538 1001 718 1064 Pater,
754 1000 855 1069 17
882 999 1079 1068 quippe
1127 1012 1233 1051 non
1283 997 1559 1051 sustinens
1597 993 1780 1047 videre
1824 1004 2012 1046 manus

438 1093 833 1147 homicidarum
884 1091 974 1146 ﬁlii
998 1091 1076 1144 sui
1103 1089 1366 1154 sanguine
1403 1089 1678 1141 rubentes.

2120 541 2258 593 0ὑαί
2301 540 2454 602 ἔθνος
2512 539 2855 610 ἁμαρτωλὸν,
2915 538 3043 601 λαὸς
3107 539 3323 609 πλήρης
3390 542 3696 610 ἁμαρτιῶν,

2120 630 2340 701 σπέρμα
2377 632 2632 703 πονηρὸν,
2665 633 2772 684 υἱοὶ
2795 633 3004 702 ἄνομοι.
3047 631 3260 701 Ἐπειδὴ
3285 631 3340 684 δὲ
3366 633 3696 688 ἀπεκτόνασι

2115 723 2244 784 τοὺς
2293 723 2598 793 προφήτας,
2642 724 2736 775 καὶ
2788 724 2936 792 αύτῷ
2975 721 3073 785 τὰς
3119 723 3369 786 ἀνοσίους
3421 727 3696 794 ἐπήγαγον

2116 813 2305 880 χεῖρας
2347 811 2424 881 τῷ
2461 815 2676 865 πάντων
2708 814 2738 882 ἡ
2749 812 2863 880 μῶν
2904 814 3108 884 σωτῆρι
3143 814 3363 884 Χριστῷ
3383 855 3396 873 ,
3429 817 3598 887 ταύτῃ
3617 834 3697 868 τοι

2117 902 2210 953 καὶ
2237 901 2380 970 μάλα
2410 903 2634 967 είκὸτως
2661 904 2720 956 τὸ
2745 905 3092 974 παγχάλεπον
3118 905 3385 976 ἔγκλημα,
3413 907 3505 959 καὶ
3528 908 3587 960 τὸ
3617 911 3692 971 είς

2121 991 2303 1043 πᾶσαν
2352 991 2675 1061 κατάκρισιν
2717 992 2920 1064 ἀρκοῦν
2963 994 3145 1056 αὐτοῖς
3188 994 3457 1063 ἐπιφέρει,
3499 993 3692 1060 λέγων·

2116 1081 2183 1132 Ai
2209 1081 2388 1151 χεῖρες
2428 1081 2582 1152 ὑμῶν
2627 1083 2855 1153 αἵματος
2888 1082 3135 1153 πλήρεις.
3178 1083 3609 1154 Ἀποστρέφειδέ
3638 1087 3696 1139 τὸ

438 1188 726 1256 πρόσωπον
752 1186 778 1238 6
801 1182 932 1248 Θεὸς
957 1184 1050 1238 καὶ
1079 1182 1289 1254 Πατὴρ,
1315 1181 1390 1244 ὡς
1414 1180 1545 1251 ὁρᾷν
1568 1177 1667 1231 οὐκ
1721 1172 2047 1244 ἀνεχόμενος
2083 1168 2163 1241 τῷ
2207 1172 2398 1242 αἵματι
2434 1173 2527 1226 τοῦ
2564 1173 2695 1226 Υίοῦ
2761 1174 3181 1246 πεφοινιγμένας
3217 1174 3295 1228 ἔτι
3324 1175 3432 1228 τῶν
3475 1186 3695 1246 μιαιφο-

437 1292 544 1328 νων
572 1277 668 1339 τὰς
687 1277 894 1345 χεῖρας.

509 1369 670 1423 Vens.
714 1367 798 1420 16.
826 1365 1126 1429 Lavamini,
1165 1363 1348 1417 mundi
1371 1373 1552 1417 estote.

514 1458 756 1515 Pcecatis
794 1457 844 1510 in
884 1455 1202 1510 memoriam
1233 1455 1528 1518 revocatis,
1558 1466 1652 1507 eos
1679 1449 2013 1519 despondere

441 1551 681 1604 animum
717 1563 822 1601 non
859 1547 1008 1608 sinit,
1051 1545 1143 1600 sed
1179 1545 1408 1615 gratiam
1439 1559 1503 1598 ex
1539 1543 1775 1598 bonitate
1803 1551 1858 1594 et
1902 1540 2015 1596 cle—

442 1641 640 1696 nientia
690 1638 984 1706 profectam
1029 1637 1410 1706 percommode
1450 1634 1631 1701 infert,
1669 1647 1768 1688 nec
1803 1631 2015 1686 fraudat

441 1748 536 1787 cos
563 1729 848 1792 beneﬁcio,
886 1728 1028 1797 quod
1064 1741 1161 1796 per
1183 1725 1459 1781 Christum
1484 1726 1735 1780 onmibus
1763 1738 1858 1792 per
1894 1721 2010 1775 uni-

439 1837 656 1877 versum
701 1832 969 1874 terrarum
1010 1817 1198 1872 orbem
1230 1826 1315 1871 est
1363 1817 1718 1886 propositum.
1767 1832 1786 1865 ι
1820 1813 2018 1868 Omnes

442 1916 584 1970 cnim
633 1913 1070 1974 declinaverunt,
1113 1909 1274 1965 simul
1309 1911 1526 1964 inutiles
1565 1908 1692 1963 facti
1735 1916 1860 1962 sunt
1891 1906 1956 1958 ³³.
1995 1923 2012 1956 ι

441 2005 509 2060 Εῑ
547 2005 812 2057 obnoxius
864 2001 1040 2056 factus
1079 2009 1166 2055 est
1206 2003 1436 2055 mundus
1485 2002 1612 2064 Dco,
1667 2000 1790 2067 quia
1833 2006 2019 2068 gentes

440 2107 746 2152 creaturam
776 2094 1079 2157 coluerunt,
1124 2091 1382 2146 Israelita:
1419 2091 1597 2163 legem
1642 2090 1744 2146 sibi
1779 2102 1877 2158 per
1907 2086 2021 2143 Mo-

439 2203 552 2245 sem
604 2187 786 2242 datam
851 2185 1146 2239 violarunt.
1201 2183 1474 2238 Caeterum
1523 2184 1778 2252 gentibus
1841 2185 2019 2240 illuxit

439 2277 708 2341 Christus,
737 2287 793 2333 et
835 2277 904 2330 ad
946 2277 1246 2331 mirabilem
1272 2276 1392 2347 ejus
1435 2275 1610 2332 lucem
1633 2285 1840 2332 vocatae
1872 2284 2020 2345 sunt,

439 2379 497 2428 et
535 2373 624 2440 qui
672 2384 776 2422 non
809 2368 1036 2438 populus
1072 2369 1382 2436 quondam,
1435 2367 1562 2422 facti
1603 2376 1730 2422 sunt
1763 2367 2012 2436 populus.

440 2457 609 2514 Judaei
638 2469 818 2512 autem
869 2454 1054 2510 miseri
1105 2456 1158 2508 in
1190 2455 1367 2524 ipsum
1413 2453 1732 2509 debacchatl
1779 2462 1926 2518 sunt,
1967 2462 2023 2508 et

441 2548 748 2616 Principem
778 2547 900 2599 vitae
940 2546 1054 2598 neci
1085 2545 1348 2600 dederunt
1379 2543 1562 2612 impie,
1588 2543 1802 2599 etiamsi
1832 2557 2020 2598 rursus

441 2647 502 2693 ut
534 2639 674 2692 Deus
720 2637 933 2690 revixit.
960 2634 1101 2701 Quia
1133 2648 1262 2687 vero
1294 2635 1464 2687 houus
1492 2641 1595 2697 est,
1625 2641 1679 2688 et
1699 2648 1888 2688 omnes
1921 2634 2020 2687 ho-

442 2728 618 2782 mines
649 2725 850 2780 servari
887 2724 1022 2786 vult,
1067 2731 1122 2777 et
1171 2723 1238 2776 ad
1281 2723 1610 2792 agnitionem
1641 2722 1888 2776 veritatis
1925 2736 2020 2775 ve-

443 2818 584 2882 nire,
620 2817 832 2885 illisque
859 2818 996 2868 adeo
1019 2814 1156 2868 viam
1181 2813 1372 2867 salutis
1395 2811 1740 2880 patefacere:
1769 2827 1863 2868 eos
1888 2827 2022 2882 quo-

443 2923 550 2979 que
581 2910 736 2978 jubet
769 2913 987 2976 peccata
1011 2905 1265 2973 abjicere,
1286 2903 1610 2972 justiﬁcatos
1631 2903 1798 2971 gratis
1826 2915 1882 2958 et
1913 2918 2018 2958 non

443 3012 512 3053 ex
543 2997 796 3067 cperibns
836 2995 988 3064 legis,
1034 2995 1143 3048 imo
1183 2995 1355 3061 magis
1393 3007 1487 3062 per
1516 2992 1675 3046 ﬁdem
1719 3003 1774 3047 et
1800 3007 2017 3047 sacrum

2184 1353 2526 1419 Λούσασθε,
2554 1352 2801 1422 καθαροὶ
2831 1354 3092 1421 γίνεσθε.

2187 1443 2357 1497 Πάλιν
2392 1445 2589 1507 αὐτοὺς
2629 1446 2708 1507 εἰς
2736 1445 3040 1515 ἀνάμνησιν
3066 1444 3175 1500 τῶν
3208 1447 3564 1519 ἠσεϐημένων
3593 1453 3691 1506 αὐτ

2114 1538 2229 1598 τοῖς
2281 1534 2523 1602 ἐνεγκὼν
2575 1534 2974 1602 ἀπογινώσκειν
3016 1538 3115 1589 οὐκ
3170 1537 3252 1607 ἐᾷ.
3308 1538 3587 1611 Ἐπιφέρει
3636 1543 3690 1596 δὲ

2116 1625 2407 1697 χρησίμως
2428 1627 2528 1697 τὴν
2549 1625 2609 1691 ἐξ
2637 1629 2973 1697 ἡμερότητος
3002 1630 3158 1698 χάριν
3206 1630 3312 1684 Καὶ
3338 1633 3437 1685 ούκ
3460 1633 3693 1705 ἐξείργει

2050 1755 2092 1810 Β
2117 1718 2218 1787 τῆς
2249 1718 2458 1788 δωρεᾶς
2500 1717 2602 1784 τῆς
2643 1718 2998 1790 προτεθείσης
3031 1721 3118 1773 διὰ
3161 1723 3396 1792 Χριστοῦ
3433 1727 3547 1787 τοῖς
3591 1728 3693 1780 ἀνὰ

2120 1811 2300 1863 πᾶσαν
2348 1811 2447 1879 τὴν
2502 1811 2593 1864 ὑπ’
2641 1811 2886 1880 οὐρανόν.
2941 1831 2957 1862 ι
2996 1813 3204 1875 Πάντες
3241 1814 3350 1885 γὰρ
3393 1815 3688 1880 ἐξέκλιναν,

2121 1901 2239 1971 ἅμα
2266 1899 2665 1972 ἡχρειώθησαν.
2701 1919 2720 1952 ι
2764 1903 2873 1955 Καὶ
2899 1903 3148 1966 ὑπόδικος
3173 1905 3392 1972 γέγονεν
3431 1907 3457 1958 6
3490 1907 3693 1979 κόσμος

2118 1990 2196 2062 τῷ
2232 1990 2370 2061 Θεῷ,
2405 1991 2514 2043 τῶν
2561 1991 2660 2063 μὲν
2700 1991 2869 2044 ἐθνῶν
2912 1995 2975 2063 τῇ
3018 1994 3189 2046 κτίσει
3238 1994 3690 2066 λελατρευκότων,

2119 2082 2226 2135 τῶν
2252 2099 2314 2150 γε
2339 2069 2443 2153 μὴν
2475 2083 2763 2155 ἐξἹσραὴλ
2784 2085 2874 2138 τὸν
2893 2084 2981 2138 διὰ
3002 2087 3243 2149 Μωσέως
3272 2088 3447 2151 αὐτοῖς
3473 2089 3692 2143 δοθέντα

2120 2170 2584 2240 παραϐεϐηκότων
2633 2172 2814 2242 νόμον.
2857 2172 2993 2225 Ἀλλ’
3027 2173 3337 2245 ἐπέλαμψεν
3381 2176 3410 2228 6
3460 2177 3692 2246 Χριστὸς

2117 2263 2232 2324 τοῖς
2263 2261 2461 2328 ἔθνεσι,
2497 2264 2592 2317 καὶ
2632 2263 2893 2334 κέκληται
2936 2264 3072 2335 πρὸς
3103 2263 3164 2317 τὸ
3193 2265 3500 2337 θαυμαστὸν
3527 2267 3690 2321 αὐτοῦ

2121 2352 2258 2423 φῶς·
2293 2348 2387 2406 καῖ
2409 2355 2437 2406 6
2466 2353 2594 2408 ποτὲ
2623 2355 2683 2408 ού
2707 2354 2856 2420 λαὸς,
2890 2356 3144 2424 γεγόνασι
3169 2355 3313 2420 λαός.
3365 2358 3604 2412 Ἰουδαῖοί
3627 2375 3687 2427 γε

2123 2443 2248 2514 μὴν,
2283 2443 2334 2494 oi.
2370 2443 2598 2508 τάλανες
2649 2445 3118 2517 πεπαροινήκασιν
3161 2448 3240 2510 εἰς
3294 2447 3547 2516 Χριστὸν,
3596 2447 3688 2500 καὶ

2120 2534 2365 2605 ἀρχηγὸν
2393 2533 2521 2588 ὄντα
2551 2536 2648 2605 τῆς
2673 2535 2816 2607 ζωῆς
2844 2538 3209 2590 ἀπεκτόνασιν
3242 2538 3489 2601 ἀνοσίως,
3519 2540 3566 2592 εί
3599 2539 3688 2592 καὶ

2120 2627 2320 2680 ἀνεϐίω
2353 2626 2514 2680 πάλιν
2533 2627 2609 2691 ὡς
2635 2627 2786 2689 Θεός.
2831 2629 3044 2699 Ἐπειδὴ
3075 2630 3132 2684 δέ
3168 2631 3314 2683 ἐστιν
3339 2629 3558 2697 ἀγαθὸς,
3598 2631 3692 2684 καὶ

2122 2719 2330 2781 πάντας
2364 2717 2682 2789 ἀνθρώπους
2714 2718 2858 2772 θέλει
2893 2719 3150 2790 σωθῆναι,
3177 2721 3272 2773 καὶ
3298 2723 3374 2784 είς
3401 2721 3690 2788 ἐπίγνωσιν

2121 2809 2378 2881 ἀληθείας
2404 2809 2885 2881 ἐλθεῖν,ἀνευρύνει
2911 2811 3002 2865 καὶ
3039 2811 3202 2874 αὐτὸς
3244 2812 3344 2882 τὴν
3380 2813 3481 2883 τῆς
3516 2830 3689 2884 σωτη-

2123 2901 2246 2972 ρίας
2289 2901 2408 2954 ὁδὸν
2448 2901 2541 2954 καὶ
2567 2902 2966 2972 ἀποκρούεσθαι
2998 2903 3210 2957 κελεύει
3258 2904 3325 2957 τὰ
3351 2904 3689 2974 ἐγκλήματα,

2121 2993 2498 3063 δικαιουμένου
2528 2993 2735 3065 δωρεὰν
2778 2995 2871 3047 καὶ
2899 2995 2999 3048 ούκ
3037 2997 3095 3060 ἐξ
3121 2996 3295 3065 ἔργων
3323 2999 3505 3066 νόμου.
3541 2999 3695 3051 Μᾶλ-

442 3089 728 3159 haptisma,
765 3087 988 3155 ideoque
1017 3085 1093 3137 ait
1121 3103 1134 3138 :
1162 3102 1182 3136 ι
1216 3083 1514 3150 Lavamini,
1549 3084 1735 3138 mutuli
1769 3093 1962 3138 estote.
1996 3102 2014 3136 ι

2121 3084 2210 3137 λον
2245 3084 2302 3138 δὲ
2325 3083 2412 3137 διὰ
2448 3085 2548 3155 τῆς
2577 3086 2831 3149 πίστεως,
2858 3088 2951 3139 καὶ
2983 3086 3076 3140 τοῦ
3106 3089 3261 3156 ἁγίου
3297 3089 3690 3160 βαπτίσματος,

443 3179 596 3247 Quod
627 3189 778 3232 vetus
808 3177 891 3232 lex
933 3176 1098 3231 etiam
1137 3175 1240 3230 illis
1269 3189 1366 3243 per
1393 3176 1612 3229 umbras
1651 3175 1926 3244 ﬁguravit,
1959 3184 2015 3228 et

445 3273 674 3341 gratiam
706 3286 800 3338 per
828 3284 1041 3323 sacrum
1067 3269 1340 3322 lavacrum
1377 3278 1502 3321 ante
1524 3269 1854 3336 prmdicavit.
1883 3269 2022 3322 D'rxit.

444 3364 586 3417 enim
622 3361 817 3415 alicubi
863 3361 1004 3414 Deus
1041 3364 1106 3413 ad
1131 3362 1466 3412 sacerdotem
1506 3357 1704 3412 Mosem
1729 3367 1750 3411 ε
1778 3377 1797 3410 ι
1826 3360 2022 3427 Accipe

445 3455 665 3511 chilas
695 3454 762 3508 de
796 3455 972 3508 medio
1005 3453 1234 3506 ﬁliorum
1267 3451 1453 3516 Israel,
1481 3463 1534 3506 et
1559 3451 1871 3521 puriﬁcabis
1903 3467 2018 3517 eos,

445 3555 501 3602 et
539 3549 616 3602 sic
647 3547 815 3601 facies
848 3546 977 3613 ipsis
1026 3545 1456 3613 puriﬁcationem
1507 3559 1719 3599 eorum.
1757 3542 2021 3615 Asper'ges

445 3655 540 3695 eos
583 3655 720 3708 aqua
772 3637 1192 3707 pnriﬁcationis,
1250 3646 1304 3690 et
1361 3636 1710 3705 superveniet
1761 3639 2019 3691 novacula

447 3745 609 3799 super
647 3739 818 3783 totum
845 3743 1042 3796 corpus
1064 3742 1274 3791 eorum,
1303 3738 1356 3781 et
1381 3727 1637 3781 laVabunt
1670 3735 1846 3780 vestes
1869 3742 2020 3790 suas,

448 3835 511 3876 ac
535 3821 715 3873 mundi
746 3819 990 3874 erunt“.
1018 3837 1038 3871 ι
1074 3819 1203 3872 Dein
1235 3817 1538 3884 cuiusmodi
1563 3818 1787 3885 sitaqua
1829 3816 2017 3885 puriﬁ-

447 3912 699 3977 Cationis,
743 3910 938 3966 Paulus
979 3911 1410 3980 sapientissimus
1465 3908 1681 3963 docebit
1729 3910 1876 3962 hisce
1904 3923 2023 3962 ver-

447 4006 532 4061 bis
569 4027 581 4061 :
621 4023 639 4056 ι
685 4005 740 4059 Si
771 4007 912 4060 enim
941 4007 1161 4075 sanguis
1190 4005 1469 4058 hircorum
1499 4013 1554 4057 et
1592 4003 1912 4066 vitulorum,
1967 4011 2023 4055 et

448 4093 585 4148 cinis
629 4095 874 4164 jnveuca:
922 4110 1179 4172 aspersus
1227 4094 1535 4160 inquinatos
1601 4093 1910 4148 sanctiﬁcat
1955 4093 2020 4146 ad

449 4189 632 4272 carnis
692 4187 1132 4241 emundationem
1195 4204 1208 4238 :
1272 4194 1476 4255 quanto
1551 4185 1722 4254 magis
1797 4183 2019 4252 sanguis

447 4281 650 4336 Christi
687 4280 767 4331 "?
795 4299 812 4331 ι
841 4279 1106 4345 Quocirca
1145 4278 1418 4332 carnalem
1465 4277 1678 4347 quidem
1712 4277 1798 4332 lex
1829 4291 2023 4330 emun-

2121 3177 2293 3248 ταύτῃ
2315 3194 2394 3230 τοι
2420 3179 2576 3249 φησί·
2605 3195 2623 3228 ι
2648 3177 2948 3238 Λούσασθε,
2979 3179 3205 3250 καθαροὶ
3225 3181 3464 3246 γένεσθε.
3481 3201 3498 3231 ι
3525 3180 3693 3234 Τοῦτο

2121 3266 2215 3319 καὶ
2245 3269 2272 3320 6
2311 3265 2475 3320 πάλαι
2501 3267 2665 3338 νόμος
2695 3269 2877 3328 αὐτοῖς
2902 3268 2978 3330 ὡς
3006 3269 3062 3319 ἐν
3093 3271 3270 3331 σκιαῖς
3295 3269 3568 3334 διετύπου,
3599 3269 3694 3322 καὶ

2123 3360 2562 3430 προανεκήρυττε
2592 3361 2692 3430 τὴν
2715 3363 2875 3432 χάριν
2915 3361 3014 3431 τὴν
3051 3361 3140 3415 δίὰ
3178 3363 3272 3415 τοῦ
3304 3362 3461 3429 ἁγίου
3500 3361 3693 3432 βαπτί-

2124 3470 2346 3522 σματος.
2399 3452 2542 3524 Ἔφη
2574 3455 2682 3525 γάρ
2720 3471 2822 3507 που
2867 3453 2995 3518 Θεὸς
3049 3454 3185 3525 πρὸς
3231 3454 3322 3508 τὸν
3371 3455 3694 3525 ἱεροφάντην

2121 3545 2347 3598 Μωσέαο
2401 3563 2418 3596 ι
2458 3545 2602 3598 Λάϐε
2657 3547 2786 3610 τοὺς
2827 3547 3058 3613 Λευῖτας
3100 3548 3163 3600 ἐκ
3205 3547 3370 3616 μέσου
3414 3546 3523 3598 τῶν
3558 3546 3692 3597 υἱῶν

2137 3637 2370 3710 Ἰσραὴλ,
2414 3640 2507 3692 καὶ
2532 3639 2711 3705 ἁγνιεῖ
2741 3641 2958 3702 αὐτοὺς,
2987 3639 3080 3692 καὶ
3106 3637 3278 3700 οὕτως
3316 3640 3563 3706 ποιήσεις
3592 3641 3691 3693 αύ-

2122 3729 2234 3791 τοῖς
2276 3727 2368 3780 τὸν
2404 3728 2667 3797 ἁγνισμὸν
2695 3728 2893 3783 αὐτῶν.
2940 3729 3297 3800 Περιρῤανεῖς
3324 3727 3519 3790 αὐτοὺς
3551 3727 3694 3799 ὕδωρ

2124 3817 2413 3888 ἁγνισμοῦ,
2461 3820 2554 3871 καὶ
2599 3819 2950 3872 ἐπελεύσεται
2995 3819 3157 3890 ξυρὸν
3189 3820 3280 3871 ἐπὶ
3311 3820 3417 3872 πᾶν
3446 3817 3507 3870 τὸ
3538 3817 3695 3888 σῶμα

2123 3911 2321 3964 αὐτῶν.
2355 3911 2464 3962 Καὶ
2491 3910 2748 3961 πλυνοῦσι
2784 3911 2852 3962 τὰ
2886 3913 3076 3979 ἱμάτια
3105 3913 3303 3975 αὐτῶν,
3342 3914 3435 3966 καὶ
3468 3913 3695 3982 καθαροὶ

2121 4002 2356 4055 ἔσονται.
2401 4020 2419 4052 ι
2460 3997 2590 4053 Εἶτα
2617 4002 2768 4052 ποῖον
2797 4002 2916 4054 ἐστὶ
2933 4001 2992 4053 τὸ
3023 4001 3164 4070 ὕδωρ
3196 4002 3290 4052 τοῦ
3325 4002 3587 4069 ἁγνισμοῦ
3618 4002 3695 4055 δι-

2121 4093 2269 4157 δάξει
2299 4091 2469 4160 λέγων
2501 4093 2530 4143 6
2563 4089 2871 4159 σοφώτατος
2901 4090 3133 4152 Παῦλοςο
3173 4109 3192 4142 ι
3239 4091 3299 4143 El
3329 4092 3436 4160 γὰρ
3462 4091 3522 4143 τὸ
3553 4085 3693 4160 αἷμα

2120 4182 2337 4254 τράγων
2361 4181 2453 4234 καὶ
2484 4181 2718 4251 μόσχων,
2738 4181 2831 4233 καὶ
2853 4179 3046 4242 σποδὸς
3070 4179 3351 4249 δαμάλεως
3374 4181 3694 4248 ῥαντίζουσα

2121 4274 2247 4336 τοὺς
2297 4273 2725 4342 κεκοινωμένους
2773 4269 2986 4339 ἁγιάζει
3029 4271 3168 4342 πρὸς
3200 4272 3298 4341 τὴν
3352 4271 3451 4339 τῆς
3495 4271 3695 4342 σαρκὸς

448 4372 719 4426 dationem
746 4387 840 4439 per
866 4386 1062 4440 aquam
1090 4369 1488 4439 puriﬁcatiouis
1513 4367 1693 4424 eﬁ‘ecit
1723 4386 1738 4423 :
1772 4368 2019 4424 Christus

2124 4366 2489 4437 καθαρότητα,
2520 4365 2671 4435 πόσῳ
2707 4363 2904 4434 μᾶλλον
2945 4363 3006 4416 τὸ
3029 4359 3168 4434 αἷμα
3200 4363 3468 4435 Χριστοῦ;
3498 4381 3516 4415 ι
3552 4363 3694 4418 Οὐκο

449 4472 629 4516 autem
668 4477 762 4531 per
802 4463 1126 4531 baptismum
1165 4475 1358 4515 omnes
1403 4461 1592 4514 sordes
1632 4461 1799 4514 animi
1839 4461 2020 4514 deler—
2053 4461 2074 4536 ί

450 4553 547 4622 git.
581 4551 840 4617 Baptizati
879 4551 1022 4604 enim
1062 4565 1248 4604 sumus
1297 4551 1502 4619 Spiritu
1547 4561 1736 4604 sancto
1778 4559 1833 4604 et
1874 4549 2020 4618 igne.

454 4644 546 4710 qui
578 4642 832 4709 exmqnit
862 4656 1023 4696 omne
1058 4643 1168 4696 vitii
1197 4658 1364 4712 genus
1399 4643 1449 4695 in
1499 4644 1652 4696 nobis
1686 4652 1741 4696 et
1769 4643 2015 4712 collique-

451 4733 580 4787 I'acit
605 4735 1022 4801 quodammodo,
1057 4743 1113 4786 et
1156 4746 1212 4787 ut
1239 4733 1486 4787 inutilem
1519 4734 2023 4803 materiam,quasi-

452 4838 554 4893 que
581 4824 902 4892 quisquilias
947 4825 1204 4876 absumit.
1259 4822 1393 4878 Nam
1428 4824 1529 4877 hoc
1579 4825 1718 4887 ignis
1766 4840 1904 4894 opus
1941 4832 2024 4878 est.

448 4922 505 4967 et
539 4915 832 4982 proprium.
872 4911 1097 4967 Planum
1127 4912 1256 4967 facit
1285 4913 1386 4966 hoc
1427 4912 1487 4969 Β.
1517 4913 1737 4981 Paulus,
1784 4916 1970 4970 dicens
2005 4932 2018 4969 :

457 5022 477 5056 ι
514 5003 619 5058 Per
651 5004 807 5058 ﬁdem
831 5005 1094 5059 divinitus
1129 5005 1442 5059 admonitus
1473 5005 1584 5059 Noe
1614 5005 1820 5072 aptavit
1841 5021 2022 5058 arcam

452 5095 507 5150 in
526 5096 751 5150 salutem
771 5096 961 5150 domus
983 5111 1096 5150 suae
1119 5095 1185 5160 ",
1218 5113 1237 5148 ι
1276 5096 1325 5149 in
1347 5112 1448 5164 qua
1469 5111 1649 5164 paucze
1679 5097 1779 5150 hoc
1795 5106 1898 5159 cst,
1922 5097 2027 5168 ιε

452 5195 577 5242 octo
601 5188 793 5242 animae
823 5199 1157 5244 conservata:
1185 5196 1312 5242 sunt
1340 5188 1392 5241 in
1419 5203 1555 5256 aqua
1585 5204 1599 5242 :
1631 5204 1649 5237 ι
1679 5185 1835 5256 cujus
1856 5187 2024 5256 ﬁgura

453 5277 775 5344 baptismus,
805 5295 946 5334 nunc
981 5289 1162 5335 servat
1181 5295 1298 5346 nos,
1324 5281 1413 5349 qui
1451 5293 1558 5334 non
1585 5288 1670 5334 est
1697 5280 1876 5333 carnis
1905 5293 2024 5332 sor-

453 5365 602 5419 dium
635 5370 926 5438 depositio,
965 5370 1057 5424 sed
1090 5371 1435 5426 conscientia:
1485 5371 1636 5423 bona:
1675 5369 2024 5440 interrogatio

455 5453 509 5511 lu
545 5457 708 5512 Deum
738 5459 803 5513 ⁸⁷.
838 5479 856 5512 ι
890 5460 1042 5529 Quod
1076 5459 1364 5516 Iudaicum
1409 5459 1661 5528 populum
1707 5461 1886 5515 facere
1921 5477 2029 5515 mo-

455 5553 589 5612 net,
655 5549 878 5606 dicens:
919 5569 937 5602 ι
977 5551 1197 5616 Lavate,
1249 5551 1431 5605 nmudi
1476 5560 1691 5604 estote:
1731 5568 1749 5602 ι
1789 5550 1892 5604 hoc
1919 5562 2023 5615 est,

526 5726 573 5760 ⁸⁸
600 5727 742 5784 Ρσιιι.
779 5742 897 5789 vtn,
933 5727 986 5780 3.
1061 5728 1107 5758 “
1134 5727 1293 5783 Num.
1332 5744 1448 5790 \‘lll,
1481 5728 1511 5780 7
1534 5744 1648 5799 seq.

1754 5730 1798 5761 "
1831 5728 1994 5784 Hebr.
2027 5744 2102 5797 IX,
2135 5729 2218 5798 13,
2257 5728 2344 5782 ii.
2424 5729 2467 5758 "
2503 5726 2664 5789 Hebr.
2709 5739 2782 5787 xi,
2817 5723 2865 5775 7.

2123 4457 2218 4510 οῦν
2259 4455 2527 4526 σαρκικὴν
2559 4454 2658 4524 μὲν
2685 4454 2713 4505 6
2741 4454 2901 4523 νόμος
2930 4454 3164 4507 ἐποιεῖτο
3185 4453 3283 4524 τὴν
3311 4451 3574 4524 κάθαρσιν
3606 4454 3696 4508 διὰ

2123 4548 2218 4604 τοῦ
2246 4547 2433 4611 ὓδατος
2452 4546 2546 4601 τοῦ
2581 4545 2868 4614 ἁγνισμοῦ.
2894 4546 3193 4616 Διασμήχει
3216 4545 3271 4597 δὲ
3297 4549 3325 4600 ὁ
3353 4545 3582 4617 Χριστὸς
3608 4544 3698 4598 διὰ

2123 4641 2218 4694 τοῦ
2247 4642 2401 4709 ἁγίου
2438 4639 2812 4710 βαπτίσματος
2869 4639 3045 4690 πάντα
3073 4637 3242 4708 ῥύπον
3269 4638 3298 4707 ἡ
3309 4637 3423 4707 μῶν
3448 4636 3694 4706 ψυχικόν.

2125 4731 2548 4799 Βεϐαπτίσμεθα
2579 4730 2688 4798 γὰρ
2717 4732 2773 4780 ἐν
2801 4729 3074 4798 Πνεύματι
3103 4729 3240 4797 ἁγίῳ
3276 4730 3366 4781 καὶ
3407 4729 3560 4799 πυρὶ,
3592 4729 3698 4780 πᾶν

2126 4819 2266 4885 εἶδος
2295 4823 2392 4891 τῆς
2419 4823 2474 4872 ἐν
2499 4822 2630 4891 ἡμῖν
2652 4817 2981 4886 φαυλότητος
3012 4819 3292 4886 μονονουχὶ
3325 4820 3696 4888 συντήκοντος,

2131 4915 2225 4968 καὶ
2265 4914 2341 4977 ὡς
2395 4915 2664 4982 ἄχρηστον
2702 4909 3047 4970 δαπανῶντὸς
3079 4926 3200 4960 τινα
3241 4909 3505 4978 συρφετὸν
3547 4908 3694 4974 ῦλην·

2130 5005 2291 5076 ἔργον
2335 5004 2444 5074 γὰρ
2476 5003 2630 5055 τοῦτο
2675 5000 2861 5071 πυρός.
2905 4999 3074 5051 Τοῦτό
3117 5016 3196 5052 τοι
3233 4993 3336 5054 και
3369 5003 3396 5053 6
3430 4999 3696 5067 μακάριος

2132 5097 2344 5160 Παῦλος
2373 5097 2643 5161 διασαφεῖ.
2674 5093 2864 5160 λέγων’
2897 5109 2915 5142 ι
2951 5092 3134 5144 Πίστει
3159 5090 3546 5161 χρηματισθεὶς
3571 5084 3693 5137 Νῶε

2132 5184 2502 5241 κατεσκεύασε
2553 5181 2782 5234 κιϐωτὸν
2835 5181 2914 5243 είς
2960 5179 3231 5250 σωτηρίαν
3276 5177 3367 5230 τοῦ
3403 5175 3550 5226 οίκου
3595 5173 3694 5224 αύ-

2129 5277 2245 5338 τοῦ,
2291 5296 2309 5328 ι
2345 5277 2423 5337 είς
2447 5275 2514 5345 ῆν
2545 5273 2744 5341 ὀλίγαι,
2777 5271 2920 5324 τοῦτ’
2952 5271 3117 5334 ἐστιν,
3144 5267 3284 5320 ὀκτὼ
3312 5264 3481 5335 ψυχαὶ
3510 5261 3701 5317 διεσώυ

2133 5368 2303 5437 θησαν
2328 5365 2392 5419 δι’
2416 5364 2624 5429 ὓδατος.
2661 5380 2680 5415 ι
2717 5365 2782 5416 Ὃ
2806 5363 2899 5414 καὶ
2926 5362 3073 5431 ἡμᾶς
3103 5359 3388 5413 ἀντίτυπον
3417 5352 3514 5407 νῦν
3540 5352 3700 5417 σώζει

2137 5459 2441 5529 βάπτισμα,
2474 5460 2534 5511 οὐ
2564 5457 2764 5528 σαρκὸς
2793 5453 3047 5516 ἀπόθεσις
3071 5452 3263 5523 ῥύπου,
3300 5448 3435 5501 ἀλλὰ
3466 5445 3706 5512 συνειδή-

2137 5567 2274 5612 σεως
2303 5549 2512 5619 ἀγαθῆς
2553 5548 2881 5619 ἐπερώτημα
2907 5547 2983 5607 είς
3004 5543 3153 5595 Θεόν.
3187 5561 3205 5594 ι
3240 5543 3303 5594 Ὂ
3331 5541 3392 5611 δὴ
3417 5541 3506 5592 καὶ
3522 5537 3701 5602 αὐτοῖς

2921 5718 3155 5778 8’lPetr.
3187 5734 3268 5784 ιιι,
3293 5716 3383 5773 ει.
