4012 6216
1088 288 1117 307 κ.

253 448 312 503 ιι
1417 434 1487 489 1N
1527 433 1758 492 lSAlAM
1799 437 1825 491 ι

1969 438 2009 494 ι.
2051 436 2259 494 οιιΑτ.
2299 437 2342 492 ι.
2986 396 2993 411 ’
3422 438 3496 495 ts

251 560 463 618 ἑλέσθαι
489 559 627 631 δρᾷν
652 558 765 621 τοῖς
797 534 1065 608 Ἰουδαίων
1094 552 1283 624 δήμοις
1332 554 1707 625 συμϐουλεύει,
1739 557 1825 610 λέο

1935 558 2137 613 abluite
2185 557 2471 621 maculam,
2520 554 2853 626 justillcante
2878 568 2974 610 vos
3014 567 3082 611 ex
3129 551 3414 609 clementia
3442 563 3499 611 et

251 670 377 723 γων·
425 671 446 704 ι
493 647 800 710 Λούσασθε,
851 644 1083 715 καθαροὶ
1130 644 1371 712 γένεσθε*
1410 663 1428 697 ι
1470 645 1614 700 τοῦτ’
1654 646 1823 711 ἐστιν,

249 738 586 810 ἀπονίψασθε
614 736 714 808 τὴν
745 734 956 805 κηλῖδα,
996 732 1329 796 δικαιοῦντος
1354 736 1504 805 ἡμᾶς
1536 734 1594 802 ἐξ
1622 737 1826 807 ἡμερό.

247 849 406 903 τητος
440 829 534 884 καὶ
565 826 979 897 φιλανθρωπίας
1014 823 1107 877 τοῦ
1136 826 1264 895 παρ’
1295 825 1448 895 ὑμῶν
1473 825 1821 898 ὑϐρισμένου.

246 923 591 994 Εὐρίσκομεν
616 919 673 972 δὲ
702 919 798 972 καὶ
824 917 916 970 τὸν
938 914 1223 970 θεσπέσιον
1240 915 1445 988 Πέτρον
1471 916 1826 990 ἐπιπλήττον-

246 1034 313 1069 τα
336 1015 442 1087 μὲν
472 1014 659 1076 αὐτοῖς
683 1011 759 1075 ῶς
790 1008 1116 1064 ἀπεκτονόσι
1148 1008 1240 1061 τδν
1270 1008 1371 1080 τῆς
1395 1008 1541 1079 ζωῆς
1559 1009 1821 1082 ἀρχηγὸν,

244 1108 341 1163 καὶ
370 1107 660 1176 αἰτήσασιν
692 1101 861 1174 ἄνδρα
890 1099 1053 1169 φονέα
1081 1099 1406 1171 χαρισθῆναι
1443 1102 1645 1169 αὐτοῖς,
1678 1102 1821 1156 τοῦτ’

1932 651 2284 719 benignitate,
2324 663 2411 714 eo,
2436 648 2527 719 qui
2575 648 2714 718 apud
2754 662 2848 703 vos
2884 645 3229 704 contumeliis
3271 644 3499 702 allectus

1931 749 2037 800 est.
2088 741 2345 799 Videmus
2385 743 2841 799 etiam‘divinum
2909 742 3128 798 Petrum
3172 758 3269 800 eos
3318 743 3499 799 incre-

1932 845 2081 901 pare,
2109 832 2253 902 quod
2301 833 2424 888 vitae
2474 834 2774 905 principem
2826 834 3217 901 interfecerint,
3262 846 3317 892 et
3353 835 3500 905 quod

1936 920 2295 985 homicidam,
2353 921 2563 978 scilicet
2616 921 2953 1003 Barabbam,
3000 923 3102 979 sibi
3158 923 3347 980 donari
3404 938 3500 992 po-

1933 1010 2273 1069 stulaverint.
2314 1012 2365 1068 is
2409 1022 2587 1070 tamen
2642 1015 2806 1070 etiam
2856 1015 3058 1071 excitat
3105 1012 3172 1069 ad
3229 1015 3501 1085 poeniten-

1931 1102 2103 1171 tiam;
2166 1104 2240 1159 ait
2300 1106 2443 1160 enim
2485 1120 2502 1159 :
2545 1122 2566 1159 ι
2609 1106 2677 1162 Ει
2726 1121 2906 1172 nunc,
2955 1107 3177 1171 fratres,
3233 1105 3348 1161 scio
3401 1119 3501 1161 vos

246 1198 362 1252 ’ἐστι
388 1198 481 1252 τὸν
500 1194 793 1267 Βαραόἀμ.
826 1192 975 1263 Πλὴν
1000 1192 1365 1246 διανίστανται
1392 1191 1527 1263 πρὸς
1550 1192 1825 1264 μετάγνω-

1928 1210 2020 1266 per
2049 1196 2404 1267 ignorantiam
2453 1196 2665 1265 fecisse,
2707 1199 2848 1254 sicut
2890 1206 2946 1254 et
2985 1197 3256 1268 principes
3303 1196 3497 1254 vestri.

249 1306 371 1344 σιν⁸
401 1289 507 1360 ἔφη
563 1287 675 1358 γάρ
701 1301 714 1315 ·
757 1304 776 1338 ι
808 1285 919 1339 Καὶ
958 1282 1073 1350 νῦν,
1110 1283 1349 1353 ἀδελφοὶ,
1389 1279 1505 1339 οἶδα
1554 1286 1636 1339 ὅτι
1688 1285 1825 1340 κατά

1929 1286 2253 1357 Resipiscite
2300 1288 2485 1361 igitur,
2538 1299 2595 1345 et
2647 1289 2952 1361 baptizetur
2998 1290 3367 1359 unusquisque
3406 1302 3503 1344 ve-

249 1382 470 1450 ἀγνοιαν
532 1377 809 1447 ἐπράξατε
862 1375 1052 1446 ὥσπερ
1097 1376 1193 1429 καὶ
1247 1377 1295 1429 οἱ
1332 1376 1592 1446 ἄρχοντες
1648 1376 1826 1447 ὑμῶν.

250 1474 637 1542 Μετανοήσατε
665 1464 759 1522 οὖν
790 1466 884 1521 καὶ
914 1465 1264 1537 βαπτισθήτω
1288 1466 1520 1531 ἕκαστος
1550 1466 1706 1538 ὑμῶν
1736 1468 1830 1523 ἐπὶ

1926 1384 2098 1431 strum
2133 1379 2185 1433 in
2217 1382 2435 1436 nomine
2478 1380 2692 1435 Domini
2721 1382 2889 1436 nostri
2912 1379 3038 1436 Jesu
3070 1380 3295 1447 Christi,
3320 1388 3376 1435 et
3404 1394 3501 1435 ac-

1925 1469 2141 1540 cipietis
2187 1472 2387 1527 donum
2441 1473 2677 1543 Spiritus
2733 1474 2930 1529 sancti.
2960 1472 3130 1529 Vobis
3173 1472 3317 1528 enim
3373 1480 3500 1526 sunt

251 1566 325 1636 τῷ
364 1565 588 1635 ὀνόματι
634 1560 729 1615 τοῦ
777 1560 985 1633 Κυρίου
1028 1559 1183 1631 ἡμῶν
1232 1559 1404 1631 Ἰησοῦ
1443 1559 1701 1632 Χριστοῦ,
1736 1561 1825 1615 καὶ

1939 1564 2327 1632 promissioues
2346 1574 2401 1623 et
2429 1567 2555 1623 filiis
2587 1567 2780 1623 vestris
2809 1567 2874 1622 ³⁸.
2915 1584 2937 1620 ι

251 1656 482 1729 λήψεσθε
540 1654 637 1724 τὴν
658 1651 869 1724 δωρεὰν
896 1650 988 1705 τοῦ
1045 1651 1200 1719 ἁγίου
1230 1648 1562 1721 Πνεῦματος.
1598 1650 1756 1722 ’Υμῖν
1780 1653 1888 1722 γάρ
1914 1653 2052 1707 είσιν
2075 1644 2131 1708 ai
2158 1656 2479 1725 ἐπαγγελίαι
2499 1658 2600 1711 καὶ
2627 1659 2740 1721 τοῖς
2764 1657 2974 1721 τέκνοις
3003 1656 3177 1727 ὑμῶν.
3216 1676 3236 1711 ι

337 1747 603 1818 Ἀφέλετε
644 1745 754 1812 τὰς
795 1744 1087 1812 πονηρίας
1120 1741 1238 1797 ἀπὸ
1271 1742 1388 1797 τῶν
1411 1743 1630 1813 ψυχῶν
1660 1742 1822 1813 ὑμῶν

1996 1745 2160 1801 Vens.
2202 1746 2290 1803 l6.
2318 1748 2538 1818 Auferte
2578 1749 2720 1803 mala
2752 1764 2818 1804 ea:
2856 1750 3133 1804 animabus
3181 1749 3390 1816 reatris,
3430 1749 3498 1803 ab

264 1838 535 1892 ἀπέναντι
562 1836 681 1891 τῶν
710 1833 1035 1905 ὀφθαλμῶν
1060 1849 1200 1903 μου·
1229 1835 1546 1889 παύσασθε
1569 1835 1686 1890 ἀπὸ
1706 1834 1827 1890 τῶν

258 1926 546 1995 πονηριῶν
576 1923 764 1995 ὑμῶν.

329 2018 571 2088 Ἀπόχρη
605 2016 702 2087 μὲν
724 2013 856 2086 πρὸς
888 2013 1146 2083 ἀπόνιψιν
1176 2011 1448 2085 ἁμαρτίας
1477 2011 1538 2067 τδ
1561 2013 1825 2086 σωτήριον

245 2109 344 2164 καὶ
374 2108 534 2176 ἆγιον
566 2107 861 2176 βάπτισμα,
887 2105 981 2157 καὶ
1008 2103 1107 2174 τὴν
1142 2102 1249 2156 τῶν
1286 2103 1387 2175 ἤδη
1423 2104 1828 2176 προεπταισμέ-

248 2215 363 2254 νων
417 2199 710 2267 διασμήχει
760 2194 959 2265 κηλῖδα.
996 2192 1210 2264 Χρῆναι
1255 2191 1313 2245 δέ
1353 2210 1494 2264 φημι
1519 2195 1645 2257 τοὺς
1677 2195 1827 2260 ἅπαξ

251 2289 653 2362 ἡγιασμένους,
688 2285 921 2355 καθαρὰς
968 2286 1062 2339 καὶ
1101 2282 1387 2356 ἀμώμους,
1426 2285 1502 2348 ὡς
1534 2285 1600 2339 ἂν
1628 2280 1729 2339 οἷοί
1765 2303 1823 2339 τε

251 2378 388 2447 εἷεν,
422 2380 523 2442 τὰς
545 2376 749 2431 ἑαυτῶν
773 2375 1048 2447 φυλάττειν
1085 2373 1265 2445 ψυχὰς
1304 2374 1398 2429 καὶ
1425 2374 1851 2446 διαμεμνῆσθαι,

250 2474 352 2544 μὲν
397 2470 495 2524 τοῦ
534 2469 803 2538 λέγοντος·
837 2486 855 2519 ι
894 2468 1048 2540 Πάσῃ
1087 2467 1301 2538 φυλακῇ
1346 2467 1502 2538 τήρει
1552 2467 1650 2539 σὴν
1692 2485 1828 2540 καρ-

247 2566 382 2619 δίαν.
416 2583 437 2617 ι
465 2564 576 2617 Καὶ
610 2562 793 2616 πάλιν
840 2580 859 2612 ι
899 2562 1023 2615 Ἐὰν
1046 2559 1263 2630 πνεῦμα
1294 2558 1387 2612 τοῦ
1419 2558 1826 2626 ἐξουσιάζοντος

251 2656 421 2728 ἀναϐῇ
453 2655 548 2708 ἐπὶ
577 2652 660 2719 σὲ,
688 2653 853 2706 τόπον
882 2669 976 2705 σου
1002 2652 1074 2723 (1)
1108 2651 1182 2723 μὴ
1210 2651 1375 2721 ἀφῇς,
1396 2650 1476 2704 ὅτι
1500 2649 1636 2721 ίαμα
1658 2666 1826 2704 κατα-

251 2748 447 2802 παύσει
473 2746 751 2817 ἁμαρτίας
781 2743 1045 2815 μεγάλας.
1087 2761 1105 2794 ι
1130 2742 1385 2795 Πλεῖσται
1414 2740 1512 2811 μὲν
1538 2741 1662 2795 ὅσαι
1690 2739 1828 2812 πρὸς

250 2842 317 2895 τὰ
336 2839 537 2909 αἰσχίω
563 2837 852 2908 βλέπουσαι
880 2834 979 2906 τὴν
1009 2833 1102 2887 τοῦ
1131 2832 1417 2903 ἀνθρώπου
1444 2831 1618 2903 ψυχὴν
1652 2847 1826 2886 κατα-

252 2931 489 2985 σείουσιν
537 2929 755 3001 ἡδοναὶ,
791 2926 889 2980 καὶ
935 2925 1039 2997 πρό
1071 2942 1135 2994 γε
1172 2924 1280 2978 τῶν
1324 2922 1519 2991 ἄλλων,
1563 2925 1592 2978 ὁ
1628 2924 1685 2979 ὲν
1713 2925 1827 2989 τοῖς

256 3022 443 3094 μέλεσι
478 3022 576 3092 τῆς
602 3018 804 3092 σαρκὸς
836 3016 1076 3090 ἑμςρυτός
1103 3033 1162 3071 τε
1192 3017 1285 3072 καὶ
1318 3016 1614 3088 ἀγριαίνων
1641 3016 1821 3087 νόμος·

1930 1834 2095 1890 oculis
2127 1839 2296 1905 meis;
2330 1840 2578 1909 quiescits
2607 1855 2639 1894 a
2667 1841 2882 1895 malitiis
2907 1841 3114 1896 vestris.

1998 2013 2078 2068 Ad
2111 2014 2320 2083 peccati
2358 2027 2591 2083 namque
2643 2012 2975 2069 ablutionem
3013 2010 3212 2067 sufficit
3253 2010 3496 2066 salutare

1927 2115 1983 2162 et
2020 2121 2236 2162 sacrum
2271 2106 2568 2171 lavacrum,
2613 2104 2982 2173 abstergitque
3028 2102 3368 2172 superiorum
3402 2104 3498 2157 de-

1927 2197 2176 2253 lictorum
2208 2196 2493 2253 maculam.
2518 2196 2620 2264 Qui
2643 2209 2773 2252 vero
2794 2194 2963 2251 semel
2991 2194 3314 2250 sanetillcati
3343 2204 3493 2260 sunt,

1926 2288 2135 2344 animas
2172 2303 2299 2344 suas
2330 2290 2507 2360 quoad
2554 2287 2669 2357 ejus
2698 2286 2811 2342 fieri
2850 2292 3054 2357 potest,
3091 2300 3257 2354 puras
3297 2294 3354 2341 et
3384 2285 3494 2340 illi—

1924 2378 2079 2434 batas
2112 2392 2332 2435 servare
2376 2385 2626 2448 oportere
2674 2378 2774 2444 ait,
2811 2388 2869 2433 et
2914 2391 3183 2433 memores
3211 2390 3333 2431 esse
3374 2374 3492 2444 ejus

1926 2471 2015 2541 qui
2049 2471 2180 2527 dicit
2209 2486 2224 2525 :
2257 2488 2277 2523 ι
2318 2468 2477 2525 Omni
2507 2469 2751 2527 custodia
2782 2468 2941 2525 serva
2968 2483 3062 2526 cor
3090 2477 3240 2524 tuum
3265 2468 3334 2525 ".
3373 2485 3395 2523 ι
3432 2469 3497 2523 Et

1925 2575 2116 2617 rursus
2145 2577 2160 2616 :
2207 2578 2226 2612 ι
2277 2559 2336 2616 Si
2379 2560 2606 2631 spiritus
2639 2559 2971 2621 dominantis
3001 2560 3306 2617 ascenderit
3329 2560 3385 2614 in
3418 2569 3492 2624 te,

1925 2668 2020 2710 cor
2056 2662 2202 2708 tuum
2246 2667 2313 2709 ne
2351 2652 2615 2720 dimittas,
2650 2652 2778 2724 quia
2821 2652 3031 2708 medela
3076 2653 3337 2723 reprimet
3365 2667 3496 2722 pec-

1926 2755 2047 2801 cata
2092 2745 2257 2800 multa
2285 2745 2351 2802 ⁸⁰.
2384 2762 2405 2798 ι
2434 2738 2696 2815 Voluptas
2744 2746 2887 2800 enim
2930 2758 3120 2816 magna
3165 2760 3286 2817 quas
3330 2746 3495 2801 etiam

1926 2851 2050 2893 cum
2099 2838 2434 2909 turpitudine
2481 2838 2771 2910 conjuncta
2816 2847 2923 2904 est,
2968 2837 3207 2894 hominis
3256 2837 3495 2892 animam

1928 2927 2240 2994 labefactat,
2276 2928 2648 3000 imprimisque
2690 2942 2801 2999 prae
2849 2926 2969 2983 aliis
3011 2927 3095 2983 lex
3135 2928 3188 2983 in
3232 2929 3496 2984 membris

1929 3023 2112 3077 carnis
2159 3023 2321 3077 insita
2359 3031 2411 3075 et
2453 3019 2712 3087 eﬂ‘erata;
2760 3020 2826 3075 ad
2880 3020 3013 3087 haec,
3063 3034 3243 3090 pravae
3287 3020 3495 3092 cogita.

250 3084 368 3168 εἶτα
395 3084 542 3185 acpbe
556 3084 769 3174 τούτοις
792 3084 1132 3180 διαλογισμὼ¹
1163 3084 1411 3181 πονηροί,
1440 3106 1576 3180 πρὸς
1608 3084 1717 3159 πᾶν
1750 3101 1825 3158 εἳ-

1933 3115 2109 3171 tiones
2156 3115 2209 3172 iu
2251 3128 2412 3169 omne
2460 3114 2713 3168 vitiorum
2748 3127 2920 3183 genus
2963 3123 3200 3168 mentem
3252 3121 3494 3169 nostram

248 3206 337 3270 δος
369 3204 700 3275 φαυλότητος
728 3202 831 3256 οὐκ
856 3200 1097 3271 ἀγεννῶς
1124 3197 1640 3272 καταδροχιζόμενοι
1660 3198 1751 3252 τδν
1771 3200 1830 3252 ὲν

248 3300 382 3370 ἡμῖν
403 3298 530 3352 ὄντα
556 3295 702 3350 νοῦν.
725 3297 818 3348 Δεῖ
841 3293 906 3365 δὴ
926 3288 1018 3347 οὖν
1038 3292 1145 3346 τῶν
1166 3291 1421 3347 τοιούτων
1448 3291 1704 3345 ἁπάντων
1730 3291 1831 3345 ἀπ-

250 3392 466 3464 έχεσθαι
485 3389 671 3444 κακῶν
685 3389 811 3451 τοὺς
836 3385 1321 3459 βεδαπτισμένους,
1341 3384 1549 3453 καὶτὰς
1565 3383 1830 3456 πονηρίας

248 3483 470 3552 ἀφελεῖν
498 3481 607 3534 ἀπὸ
626 3482 726 3551 τῆς
753 3479 889 3541 ἰδίας
905 3476 1102 3548 ψυχῆς
1131 3476 1225 3530 καὶ
1240 3475 1356 3532 οῦτι
1383 3475 1542 3546 μόνον
1558 3477 1617 3529 ὲν
1631 3474 1829 3545 ὀφθαλ-

252 3577 373 3645 μοῖς
401 3572 724 3643 ἀνθρώπων,
755 3569 893 3623 ἀλλὰ
922 3569 1015 3622 καὶ⁴
1043 3569 1101 3621 ὲν
1129 3566 1697 3647 ὁφθαλμοῖςῖμάλιστα
1732 3564 1826 3618 τοῦ

250 3666 433 3719 πάντα
451 3662 648 3723 εἰδότος
664 3677 726 3713 τε
745 3660 839 3713 καὶ
853 3658 1157 3730 ἐφορῶντος
1177 3656 1332 3712 Θεοῦ.
1367 3656 1826 3712 ’Υποπλάττονται

258 3754 365 3824 μὲν
376 3753 487 3822 γὰρ
497 3753 606 3805 ἔσθ’
617 3754 700 3804 ὅτε
713 3752 769 3805 τὸ
780 3748 918 3805 εἶναι
932 3750 1179 3822 χρηστοὶ,
1194 3750 1288 3802 καὶ
1302 3748 1401 3820 τὴν
1415 3748 1513 3818 τῆς
1529 3746 1827 3812 ἐπιεικείας

249 3845 482 3914 δόκησιν
506 3843 982 3914 παρακλέπτοντες,
1009 3840 1209 3895 ἔσωθεν
1236 3840 1293 3892 δέ
1320 3841 1456 3893 είσιν
1482 3838 1637 3892 λύκοι
1658 3839 1827 3909 ἅρπα-

246 3953 373 4006 γες,
412 3934 555 3988 κατά
584 3933 644 3986 τὸ
677 3934 1070 4005 γεγραμμένον.
1100 3932 1210 3985 Καὶ
1243 3933 1373 4003 περὶ
1401 3932 1621 3998 παντὸς,
1652 3928 1824 4002 οἶμαι,

243 4026 494 4080 τοιούτου
516 4025 606 4079 τὸν
625 4025 732 4078 τῶν
751 4025 886 4078 ὅλων
906 4024 1059 4089 Θεὸν,
1084 4023 1171 4076 διὰ
1192 4023 1375 4093 φωνῆς
1401 4022 1665 4095 Ἱερεμίου
1693 4038 1833 4092 προ-

246 4119 421 4189 φήτου
443 4118 644 4186 λέγειν’
678 4136 696 4168 ι
722 4102 827 4187 Τῶ
838 4116 1064 4186 στόματι
1085 4114 1249 4169 αὐτοῦ
1270 4113 1421 4167 λαλεῖ
1440 4112 1710 4186 εἰρηνικὰ,
1732 4112 1829 4168 καὶ

245 4211 302 4262 ὲν
332 4209 512 4285 ἐαυτῷ
544 4207 655 4278 ἔχει
678 4206 777 4279 τὴν
808 4207 1026 4278 ἔχθραν.
1056 4226 1073 4258 ι
1126 4206 1235 4259 Καὶ
1271 4206 1376 4275 μὴν
1405 4205 1499 4257 καὶ
1526 4204 1707 4274 φωνῆς
1728 4201 1824 4256 τοῦ

245 4303 409 4357 Δαδίδ
430 4318 443 4331 ·
507 4320 526 4352 ι
561 4300 977 4369 Ἦπαλύνθησαν
1001 4299 1050 4352 οἱ
1073 4298 1218 4367 λόγοι
1243 4298 1422 4352 αὐτῶν
1448 4298 1585 4366 ὑπὲρ
1625 4296 1824 4361 ἔλαιον,

247 4393 338 4445 καὶ
364 4392 521 4446 αὐτοί
546 4392 652 4444 εἰσι
683 4390 908 4460 βολίδες.
931 4407 949 4441 ι
1004 4389 1140 4442 Ἀλλ’
1170 4391 1218 4441 εί
1247 4388 1343 4442 καὶ
1372 4389 1554 4442 πᾶσαν
1590 4390 1826 4441 ποιοῖντο

247 4485 482 4555 σπουδὴν
512 4484 594 4547 εἷς
628 4501 692 4551 γε
720 4482 784 4535 τὸ
818 4484 928 4536 δεῖν
958 4481 1215 4535 δύνασθαι
1248 4479 1452 4543 λαθεῖν,
1484 4480 1513 4531 ὁ
1554 4479 1819 4533 κατοικῶν

244 4582 300 4631 ὲν
336 4578 590 4650 οὐρανοῖς
639 4574 996 4645 ὲκγελάσεται
1045 4574 1262 4637 αὐτοὺς,
1310 4572 1405 4626 καί¹
1429 4574 1457 4625 ὁ
1486 4570 1688 4642 Κύριος
1726 4572 1820 4623 ὲκ-

243 4671 540 4740 μυκτηριεῖ
565 4669 781 4730 αὐτούς.
819 4662 969 4721 Οἶδεν
997 4665 1126 4736 γὰρ,
1164 4659 1304 4718 οἶδεν
1353 4663 1581 4735 καρδίαν
1610 4665 1703 4717 καὶ
1730 4680 1820 4717 νε-

242 4760 434 4830 φρούς.
464 4761 525 4813 Ὀ
545 4761 601 4813 δὲ
632 4758 849 4828 ἀληθῶς
876 4756 1075 4824 ἀγαθὸς
1095 4756 1332 4819 τοιοῦτος
1358 4755 1508 4808 ἔσται
1534 4756 1669 4825 μετά
1687 4753 1821 4807 Θεοῦ

239 4851 337 4902 καὶ
365 4848 692 4919 ἀνθρώπων,
717 4848 792 4910 ὡς
814 4846 922 4917 γὰρ
948 4847 976 4900 δ
997 4846 1205 4908 Παῦλος
1227 4845 1388 4917 φησίν
1403 4862 1417 4875 ·
1451 4863 1469 4896 ι
1492 4843 1825 4917 Προνοούμε-

236 4958 321 4992 νοι
348 4941 491 4994 καλά
531 4940 761 4994 ἐνώπιον
793 4939 1018 5011 Κυρίου,
1068 4938 1201 4992 ἀλλά
1238 4943 1331 4992 καὶ
1353 4937 1581 4991 ὲνώπιον
1609 4935 1822 5008 ἀνθρώ-

235 5050 382 5086 πων.
406 5051 425 5083 ι
462 5033 624 5100 Μέγα
651 5032 832 5086 τοίνυν
853 5033 914 5084 τὸ
939 5030 1131 5103 ἐξᾶραι
1157 5031 1256 5095 τὰς
1276 5029 1537 5101 πονηρίας
1566 5029 1823 5083 ἀπέναντι

234 5127 348 5179 τῶν
381 5124 676 5194 ὀφθαλμῶν
708 5124 803 5179 τοῦ
846 5123 1001 5177 Θεοῦ.
1039 5124 1147 5177 Καὶ
1171 5124 1311 5193 τάχα
1350 5139 1453 5175 που
1478 5119 1714 5183 τοιοῦτός
1741 5136 1824 5183 τις

231 5210 307 5284 ἦν
360 5219 389 5269 δ
432 5216 744 5289 Ναθαναὴλ,
806 5216 934 5287 περὶ
981 5208 1042 5269 οὗ
1084 5233 1247 5286 φησιν
1289 5217 1317 5267 ὀ
1362 5214 1627 5287 Χριστός·
1670 5230 1690 5264 ι
1718 5212 1823 5266 Ἴδε

233 5304 832 5381 ἀληθῶςἸσραηλίτης,
858 5308 915 5360 ἐν
931 5299 977 5375 ᾧ
1000 5306 1147 5371 δόλος
1161 5307 1262 5358 οὐκ
1281 5305 1446 5360 ἐστιν.
1474 5325 1493 5358 ι
1518 5305 1827 5372 Παύσασθε,

232 5396 440 5466 φησὶν,
493 5399 597 5452 ἀπὸ
639 5401 749 5453 τῶν
783 5398 1059 5470 πονηριῶν
1089 5397 1267 5470 ὑμῶν,
1310 5397 1455 5452 τοῦτ’
1482 5398 1616 5464 ἐστι,
1656 5417 1829 5453 κατα·

233 5489 468 5542 λείπετε
498 5490 594 5559 τῆς
615 5492 911 5564 συντρόφου
941 5510 1001 5546 τε
1026 5492 1157 5563 ὑμῖν
1183 5492 1277 5546 καὶ¹
1302 5491 1581 5561 ὲντριὸοῦς
1608 5493 1831 5562 δυστρο-

214 5583 398 5661 πίας,
433 5587 805 5657 μεταστήσατε
839 5587 976 5657 πρὸς
1002 5585 1072 5639 τὰ
1092 5584 1300 5656 ἀμείνω
1328 5572 1427 5656 τὴν
1460 5583 1666 5637 ἑαυτῶν
1698 5584 1826 5637 δυσ-

309 5703 507 5774 {'Act.
555 5722 639 5771 ut,
682 5708 786 5770 l7;
822 5724 885 5770 ιι,
929 5708 1041 5774 ~58,
1075 5708 1164 5762 '59.
1275 5707 1321 5739 ”
1358 5705 1518 5761 Prov.
1548 5720 1631 5769 tv,
1677 5704 1769 5757 25.

210 5755 282 5827 i"
316 5755 741 5839 Ρεᾶιῖιιῖξὶὲξ
770 5755 1041 5834 "Lnga:
1071 5755 1168 5843 ἱῖι,
1209 5780 1296 5834 17.
1359 5755 1630 5830 161.55.;
1658 5755 1817 5839 1,17.

304 5865 397 5938 (1)
422 5865 750 5924 llumfrcdus
779 5868 907 5941 legit
943 5870 1170 5941 καρδίαν
1201 5888 1317 5928 σου.

599 5967 879 6025 Panos.
929 5967 1045 6027 (in.
1094 5967 1292 6028 LXX.

1867 5703 1922 5736 ⁴⁰
1957 5706 2106 5763 Eccl.
2140 5722 2192 5775 ιι,
2223 5707 2276 5763 4.

1927 3208 2086 3278 plane
2116 3209 2510 3279 demergentes.
2561 3206 2868 3276 Baptizatos
2900 3205 3061 3275 igitur
3085 3212 3298 3275 oportet
3328 3205 3398 3260 ab
3426 3204 3494 3262 il-

1928 3298 2180 3355 liusmodi
2228 3299 2523 3355 sceleribus
2582 3298 2832 3354 omnibus
2881 3297 3144 3354 desistere
3182 3313 3195 3353 :
3254 3312 3354 3354 nec
3400 3312 3494 3353 so-

1927 3390 2040 3445 lum
2071 3390 2139 3446 ab
2162 3390 2246 3447 bis
2270 3391 2514 3460 partibus
2540 3403 2660 3459 qua:
2681 3396 2900 3445 exstant
2925 3397 2981 3446 et
3006 3389 3058 3444 in
3080 3397 3372 3461 conspectu
3399 3404 3497 3460 po—

1929 3482 2048 3538 sitae
2094 3490 2243 3547 sunt,
2286 3482 2381 3538 sed
2420 3489 2475 3537 et
2515 3481 2585 3537 ab
2615 3480 2795 3536 anima
2835 3494 2930 3536 sua
2975 3479 3273 3551 nequitiam
3312 3494 3494 3535 remo-

1927 3587 2053 3628 vere
2088 3586 2103 3626 :
2140 3572 2373 3629 maxime
2402 3587 2526 3628 cum
2562 3572 2739 3628 videat
2764 3571 2905 3628 Deus
2930 3579 2986 3627 et
3009 3571 3262 3643 inspiciat
3286 3572 3493 3627 omnia.

1928 3661 2198 3726 Simulant
2224 3665 2424 3720 etenim
2464 3678 2852 3734 nonnunquam
2883 3661 3079 3726 bonos,
3114 3670 3171 3718 et
3206 3662 3495 3733 probitatis

1927 3757 2236 3824 opinionem
2269 3764 2608 3825 aucupantur
2654 3753 2896 3823 ctquasi
2944 3751 3299 3819 sull‘urantur,
3342 3752 3492 3807 intus

1927 3858 2049 3898 cum
2076 3843 2186 3897 sint
2212 3843 2320 3913 lupi
2352 3857 2596 3911 rapaces,
2630 3842 2925 3896 secundum
2952 3841 3007 3894 id
3050 3839 3191 3909 quod
3225 3839 3489 3910 scriptum

1927 3942 2012 3988 est
2062 3932 2130 3987 ⁸¹.
2182 3932 2257 3987 De
2305 3931 2499 4002 quibus
2548 3930 2799 3986 omnibus
2847 3930 3082 3985 arbitror
3122 3930 3494 3987 universitatis

1927 4025 2094 4081 Deum
2123 4040 2257 4080 voce
2288 4024 2536 4081 Jeremiae
2570 4023 2748 4079 dicere
2776 4040 2789 4076 :
2830 4042 2848 4075 ι
2878 4022 2983 4078 Ore
3007 4037 3106 4078 suo
3136 4022 3372 4093 loquitur
3399 4038 3495 4093 pa-

1928 4115 2103 4182 ciﬁca,
2142 4126 2197 4171 et
2228 4115 2335 4186 19
2367 4117 2505 4186 apud
2544 4128 2665 4170 sese
2701 4113 2865 4169 habet
2891 4114 3075 4169 odium
3100 4115 3169 4171 ⁸¹.
3214 4133 3235 4168 ι
3267 4113 3408 4182 Quin
3439 4125 3496 4172 et

1923 4223 2058 4263 voce
2114 4207 2331 4263 Davidis
2386 4221 2404 4261 :
2466 4224 2485 4258 ι
2532 4205 2718 4261 Molliti
2778 4216 2905 4262 sunt
2966 4220 3246 4262 sermones
3301 4220 3493 4262 eorum

1927 4314 2091 4370 super
2113 4300 2385 4365 oleum,et
2411 4298 2512 4368 ipsi
2552 4307 2679 4354 sunt
2700 4296 2876 4366 iacula
2904 4296 2971 4351 ⁸³.
3003 4314 3024 4349 ι
3061 4295 3173 4352 lmo
3202 4306 3495 4367 quantum-

1926 4393 2009 4446 vis
2056 4391 2225 4446 latere
2274 4391 2513 4461 cupiant,
2555 4389 2644 4458 qui
2684 4388 2893 4443 habitat
2948 4387 3003 4443 in
3047 4385 3203 4443 cmlis
3247 4386 3497 4441 irridebit

1928 4496 2025 4538 eos
2081 4494 2137 4537 et
2193 4481 2452 4537 Dominus
2509 4479 2861 4537 subsannabit
2929 4493 3043 4534 eos.
3108 4476 3270 4533 Novit
3348 4477 3497 4533 enim
3575 4538 3579 4542 ,

1929 4573 2039 4638 ille,
2084 4571 2233 4626 novit
2289 4572 2451 4627 corda
2508 4580 2564 4627 et
2628 4585 2805 4626 renes.
2869 4569 2940 4625 At
2994 4570 3085 4640 qui
3135 4583 3264 4625 vere
3320 4568 3500 4625 bonus

1927 4673 2029 4730 est,
2088 4665 2162 4719 ita
2202 4665 2308 4720 erit
2346 4672 2400 4720 et
2452 4666 2592 4737 apud
2648 4652 2812 4720 Deum
2855 4673 2913 4720 et
2955 4664 3095 4735 apud
3137 4662 3405 4729 homines,
3440 4674 3500 4718 ut

1928 4767 1982 4813 et
2015 4758 2149 4813 dicit
2194 4758 2395 4813 Paulus
2441 4774 2455 4812 :
2512 4776 2531 4810 ι
2572 4757 2921 4813 Providentes
2968 4756 3108 4811 bona
3157 4770 3264 4810 non
3322 4754 3497 4810 solum

1929 4865 2112 4906 coram
2147 4850 2398 4915 Domino,
2442 4850 2536 4906 sed
2565 4859 2619 4905 et
2666 4864 2850 4905 coram
2890 4848 3198 4904 hominibus
3230 4845 3298 4903 ⁸⁸.
3325 4865 3346 4899 ι
3382 4845 3499 4900 Ma-

1929 4956 2093 5012 gnum
2144 4940 2326 5009 itaque
2385 4941 2489 4996 hoc
2534 4949 2636 5006 est,
2688 4940 3004 5011 iniquitates
3043 4941 3111 4994 ab
3162 4938 3337 4994 oculis
3403 4936 3498 4990 Dci

1930 5026 2270 5090 submoverel
2298 5032 2484 5101 Qualis
2507 5042 2626 5089 erat
2645 5032 2967 5099 Nathanael,
2992 5032 3059 5089 de
3079 5048 3187 5103 quo
3206 5032 3454 5087 Christus
3480 5045 3496 5081 :

1936 5143 1954 5178 ι
1995 5125 2137 5180 Ecce
2178 5139 2308 5180 vere
2350 5124 2618 5191 Israelita,
2664 5125 2716 5180 in
2757 5139 2865 5195 quo
2912 5124 3070 5179 dolus
3113 5135 3218 5178 non
3251 5128 3334 5175 est
3359 5117 3429 5172 ⁸⁵.
3471 5138 3491 5168 s

1935 5217 2191 5273 Desistite
2224 5217 2411 5288 igitur,
2442 5218 2639 5288 inquit,
2666 5218 2740 5274 ab
2775 5217 3145 5289 iniquitatibus
3177 5212 3372 5267 vestris
3398 5228 3411 5265 :
3441 5206 3495 5266 id

1931 5319 2036 5377 est,
2066 5310 2300 5368 desinite
2339 5312 2683 5368 committere
2728 5320 3011 5382 peccatum
3045 5306 3187 5377 quod
3214 5303 3497 5359 nobiscum

1929 5417 2033 5457 una
2082 5404 2341 5460 coalescit
2386 5413 2442 5459 et
2483 5404 2825 5469 inhaerescit;
2880 5403 2947 5457 ad
2997 5399 3219 5478 meliora
3261 5411 3360 5455 cor
3407 5412 3500 5452 vc-

1928 5502 2101 5548 strum
2152 5496 2472 5553 convertite.
2504 5495 2658 5564 Quod
2701 5495 2744 5548 si
2788 5494 2904 5549 haec
2946 5491 3194 5549 Christus
3235 5488 3494 5561 loquitur,

1925 5584 2143 5641 Judtcos
2194 5587 2425 5641 crimine
2483 5601 2794 5653 arcessens,
2846 5585 3020 5657 cogita
3096 5598 3218 5655 quae
3264 5578 3499 5637 iecerint

2378 5707 2421 5739 ⁸¹
2457 5705 2648 5763 Matth.
2678 5723 2784 5775 vu,
2822 5706 2908 5763 15.
2940 5741 2945 5747 ~
3014 5707 3062 5738 "
3089 5704 3288 5762 Jeretu.
3319 5718 3363 5756 Ix
3392 5742 3408 5765 ,
3440 5704 3494 5760 8.

3064 5962 3104 6019 2
