4032 6214
508 379 578 437 ,δ
680 378 686 384 σ
1451 362 1459 369 ‘
1500 368 1585 423 es.
1628 363 1902 423 CYRlLLl
1938 356 2409 419 ALEXANDRINI
2449 355 2768 414 ARCHIEP.
3018 322 3025 343 ’
3686 371 3752 428 ιι

507 503 631 544 cum
663 485 1127 543 debaccharentur
1163 480 1217 536 in
1251 492 1395 546 eum,
1437 480 1660 550 laqueos
1685 487 1969 548 ponerent,
1998 476 2053 531 l‘o

2182 473 2430 544 τροπίαν.
2465 474 2529 526 Ei
2568 472 2624 525 δὲ
2669 472 2731 543 δὴ
2777 471 2943 527 ταῦτα
2976 472 3121 542 λέγοι
3155 476 3408 546 Χριστὸς,
3444 438 3755 535 καὶθκαται-

504 595 633 636 veas
665 578 929 642 foderent,
971 588 1205 643 cumque
1244 572 1419 628 modis
1450 569 1705 626 omnibus
1743 582 1807 622 ac
1838 566 1965 622 totis
1993 566 2069 619 vi-

505 673 661 728 ribus
683 683 846 725 omne
867 681 1039 738 genus
1064 664 1420 721 immanitatis
1450 663 1505 717 in
1536 676 1659 717 eum
1689 658 2071 714 machinaren-

505 775 612 819 tur.
640 761 795 816 Nunc
826 757 1028 814 etenim
1063 756 1330 828 quosdam
1365 768 1396 809 e
1430 753 1542 809 suis
1573 749 1850 821 discipulis
1884 747 2074 804 subor-

502 860 635 908 nant
672 866 796 908 cum
824 848 914 905 bis
955 848 1047 919 qui
1083 856 1348 903 vocantur
1381 843 1698 910 Herodiani,
1744 849 1806 897 ut
1849 840 2081 895 interro-

507 951 700 1015 garent
729 952 787 997 et
815 942 1059 997 dicerent
1082 955 1095 990 :
1120 958 1141 990 ι
1167 937 1389 994 Licetne
1414 936 1543 992 dare
1570 934 1827 989 tributum
1854 927 2077 991 Caesari,

503 1050 571 1090 an
617 1048 724 1088 non
747 1032 838 1087 “1
866 1050 885 1084 ι
929 1030 1084 1085 Nune
1126 1029 1293 1085 etiam
1326 1028 1524 1084 iterum
1573 1023 1839 1081 accedunt
1883 1027 1940 1075 et
1990 1020 2078 1073 in-

428 1136 463 1161 ἰ
501 1125 697 1196 quiunt
743 1143 757 1179 :
816 1141 836 1176 ι
869 1121 951 1177 An
983 1122 1108 1177 licet
1134 1134 1336 1177 curare
1374 1116 1649 1174 Sahbato?
1675 1124 1730 1169 ut
1758 1118 2077 1168 accusarent

499 1230 623 1271 eum
667 1214 737 1267 ⁸⁷.
770 1232 790 1265 ι
835 1212 1073 1266 Audiant
1119 1210 1349 1280 proinde
1397 1209 1660 1265 dicentem
1697 1223 1712 1259 :
1761 1223 1780 1257 ι
1813 1203 2074 1257 Amovete

503 1305 706 1362 scelera
742 1303 1042 1358 animarum
1074 1310 1373 1357 vestrarum
1406 1299 1474 1355 ab
1505 1298 1676 1355 oculis
1718 1296 1873 1359 meis,
1924 1291 2066 1347 desi-

498 1398 621 1452 stite
650 1396 718 1450 ab
743 1393 1117 1464 iniquitatibus
1147 1391 1361 1447 vestris.
1399 1409 1419 1443 ι

2168 563 2332 635 τιῷτο
2383 563 2510 628 τοὺς
2556 564 2863 629 Ἰουδαίους,
2921 566 3193 638 ἐννοήσεις
3253 567 3353 619 ὅσα
3415 570 3756 642 πεπράκασιν

2172 655 2634 727 ἐμπαροινοῦντες
2686 654 2854 726 αὐτῷ,
2913 656 3009 710 καὶ
3071 657 3273 726 παγίδα
3339 660 3602 727 ἱστάντες,
3662 665 3755 717 καὶ

2174 747 2540 820 διορύττοντες
2590 747 2834 820 βόθρους.
2889 748 3000 803 Καὶ
3044 749 3104 804 τό
3143 767 3207 820 γε
3245 745 3381 823 ἧκον
3426 754 3506 816 είς
3535 755 3754 822 αὐτοὺς,

2178 839 2272 892 καὶ
2303 841 2383 903 είς
2408 838 2636 910 δύναμιν
2660 839 3105 910 ἐπιχειρημάτων
3139 844 3246 894 πᾶν
3274 836 3413 906 εἶδος
3440 844 3758 916 σκαιότητος

2180 928 2473 1000 ἀρτύοντες
2501 930 2587 982 ἐπ’
2617 929 2788 1000 αὐτῷ.
2822 930 2959 984 Ποτέ
2995 932 3093 1002 μὲν
3133 931 3242 1003 γάρ
3268 933 3640 989 ἀπεστάλκασί
3676 954 3758 989 τιο

2177 1037 2272 1083 νας
2298 1019 2405 1074 τῶν
2438 1021 2581 1075 ίδίων
2614 1020 2889 1093 μαθητῶν,
2912 1024 3050 1093 μετά
3074 1024 3182 1078 τῶν
3211 1024 3558 1095 καλουμένων
3584 1027 3759 1099 Ἥρω-

2176 1108 2392 1177 διανῶν,
2425 1112 2713 1182 ἐρομένους
2747 1129 2807 1165 τε
2836 1113 2927 1168 καὶ
2951 1113 3207 1183 λέγοντας
3228 1132 3241 1148 ο
3276 1135 3296 1168 ι
3319 1115 3535 1182 Ἔξεστι
3571 1118 3758 1174 δοῦναι

2175 1199 2375 1271 φόρους
2417 1203 2738 1275 Καίσαρι,ἢ
2786 1202 2845 1257 οῦ
2872 1221 2887 1271 ;
2913 1223 2932 1256 ι
2980 1204 3117 1258 Ποτέ
3159 1205 3216 1259 δὲ
3255 1205 3416 1262 πάλιν
3464 1199 3793 1279 προσίεσαν

2171 1287 2441 1357 λέγοντες,
2477 1293 2582 1347 «Et
2611 1292 2788 1360 ἔξεστι
2825 1294 2905 1367 τῷ
2938 1295 3201 1369 Σαϐϐάτῳ
3234 1284 3606 1369 θεραπεῦσαι;
3640 1302 3762 1358 Ἵνα

2164 1384 2616 1454 κατηγορήσωσιν
2636 1383 2822 1439 αὐτοῦ.
2845 1404 2863 1436 ι
2885 1387 3257 1442 Ἀκουέτωσαν
3281 1388 3460 1444 τοίνυν
3478 1391 3757 1463 λέγοντος,

503 1506 522 1539 ι
546 1487 834 1556 Ἀφέλεσθε
849 1486 947 1549 τὰς
964 1484 1224 1555 πονηρίας
1239 1484 1346 1538 ἀπὸ
1356 1483 1463 1537 τῶν
1483 1482 1671 1554 ψυχῶν
1693 1480 1846 1553 ὑμῶν
1859 1477 2120 1533 ἀπέναντι
2139 1472 2247 1526 τῶν
2263 1476 2556 1548 ὀφθαλμῶν
2570 1480 2985 1550 μου.ῐΙαύσασθε
3002 1483 3111 1537 ἀπὸ
3125 1482 3234 1539 τῶν
3249 1485 3521 1556 πονηριῶν
3541 1487 3720 1559 ὑμῶν.
3735 1509 3753 1542 ι

569 1583 732 1638 νειιε.
766 1581 970 1649 17,18.
1001 1580 1200 1635 Discite
1231 1579 1401 1650 facere
1433 1580 1644 1645 bonum,
1671 1577 1890 1648 quaerite
1920 1572 2070 1643 judi-

2247 1569 2473 1625 Μάθετε
2510 1574 2702 1628 καλὸν
2732 1575 2944 1641 ποιεῖν,
2999 1576 3363 1646 ἐκζητήσατε
3391 1582 3616 1650 κρίσιν,
3647 1585 3762 1651 ῥύ-

497 1678 632 1730 cium
659 1715 673 1737 ,
707 1690 1005 1743 oppressum
1035 1673 1274 1737 liberale,
1308 1672 1550 1742 judicate
1582 1669 1806 1739 pupillos
1842 1677 1888 1721 et
1908 1664 2058 1736 justi-

2177 1663 2371 1714 σασθε
2402 1661 2815 1733 ἀδικούμενον,
2846 1666 3084 1733 κρίνατε
3111 1666 3368 1737 ὀρφανῷ,
3391 1670 3489 1723 καὶ
3516 1670 3758 1726 δικαιώ-

495 1766 648 1832 ﬁcate
680 1764 978 1828 viduam,et
1005 1763 1192 1827 venite,
1217 1771 1264 1816 et
1295 1777 1605 1831 arguantur,
1630 1758 1755 1811 dicit
1786 1756 2066 1811 Dominus.

495 1852 565 1907 Et
591 1855 635 1907 si
659 1854 763 1907 sint
800 1860 1011 1921 peccata
1052 1860 1219 1907 vestra
1245 1851 1394 1923 quasi
1444 1851 1786 1920 plzmniceum,
1810 1850 1943 1903 sicut
1983 1849 2067 1901 ni-

494 1959 605 1996 vem
636 1940 911 1996 dealbabo.
956 1941 1027 1994 Et
1073 1942 1117 1995 si
1161 1941 1263 1994 sint
1302 1949 1358 1994 ut
1388 1940 1672 2004 coccinum,
1709 1937 1844 1992 velut
1888 1937 2068 1991 lanam

492 2033 767 2087 dealbabo.

562 2123 995 2179 lmbecillitatem
1030 2123 1206 2178 cultus
1236 2122 1422 2191 legalis
1456 2122 1722 2187 deﬁnivit,
1766 2135 1890 2176 ctnn
1935 2119 2011 2173 ait
2048 2136 2063 2171 :

499 2232 519 2267 ι
555 2213 826 2280 Quorsum
850 2213 981 2268 mihi
1010 2213 1297 2268 multitudo
1323 2212 1715 2269 sacriﬁciorum
1738 2220 2063 2275 vestrorum,

494 2305 626 2361 dicit
662 2304 959 2359 Dominus?
1009 2303 1171 2359 Satur
1228 2319 1366 2360 sum.
1402 2323 1421 2355 ι
1459 2305 1526 2359 Ει
1575 2304 1665 2359 ubi
1717 2302 2006 2358 subintulit
2049 2319 2063 2355 :

501 2418 518 2451 ι
551 2397 684 2464 Quis
709 2397 851 2452 enim
880 2395 1062 2467 exegit
1088 2398 1200 2451 haec
1227 2396 1293 2451 de
1321 2396 1572 2450 manibus
1598 2394 1830 2450 vestris?
1859 2413 1878 2447 ι
1906 2394 2068 2450 Com—

494 2491 654 2545 mode
682 2488 793 2559 jam
836 2489 1013 2543 denuo
1053 2487 1378 2556 evangelicae
1424 2487 1861 2542 conversationis
1889 2486 2066 2556 digni-

496 2590 683 2647 tatem,
723 2590 777 2635 et
823 2580 988 2650 quasi
1015 2579 1336 2650 elegantiam
1366 2579 1608 2648 exponit,
1633 2588 1687 2635 et
1722 2587 1921 2634 sancta:
1947 2579 2068 2634 vitae

498 2671 636 2725 viam
666 2671 908 2728 ostendit
935 2684 1081 2736 vere,
1116 2685 1235 2741 quae
1285 2685 1392 2725 non
1431 2670 1485 2725 iu
1526 2670 1666 2742 typis
1692 2685 1853 2740 porro
1890 2671 2066 2725 autin

495 2764 727 2828 umbris,
755 2763 849 2818 sed
878 2777 945 2817 ex
977 2762 1138 2817 rebus
1181 2761 1313 2832 ipsis
1347 2760 1785 2829 ornamentisque
1812 2762 2065 2815 virtutum

495 2855 706 2909 laudent
733 2855 893 2909 habet
910 2862 964 2908 et
985 2852 1449 2924 approbationem.
1486 2851 1625 2920 Quid
1642 2853 1782 2908 enim
1806 2853 1915 2907 ait:
1946 2851 2066 2906 «Di-

495 2947 633 3003 scite
662 2946 798 3001 bene
827 2945 1042 3000 facere?
1065 2963 1084 2997 ι
1116 2945 1199 2999 An
1234 2945 1416 3014 igitur,
1461 2960 1664 3015 quaeso,
1685 2945 1881 3000 dixerit
1912 2944 2063 3012 quis-

493 3038 671 3108 piam,
715 3037 906 3092 eximit
933 3035 1152 3091 omnino
1174 3036 1282 3105 20
1310 3051 1340 3089 a
1382 3035 1513 3105 legis
1545 3046 1841 3107 praecepto,
1886 3050 2059 3104 neque

493 3128 620 3182 sinit
650 3127 873 3182 omnino
922 3128 987 3180 ad
1034 3126 1125 3179 illa
1172 3140 1271 3195 per
1321 3124 1504 3181 Mosen
1546 3125 1806 3181 divinitus
1860 3126 2055 3180 tradita

491 3227 760 3287 praecepta
824 3216 1140 3286 respicere?
1197 3214 1265 3270 At
1313 3217 1403 3285 qui
1456 3216 1516 3271 tit
1569 3226 1630 3271 ut
1678 3225 1865 3285 postea
1913 3216 2059 3270 dicat

490 3311 742 3367 Christus
776 3327 790 3364 :
820 3328 840 3362 ι
875 3309 1053 3366 Nolite
1085 3317 1273 3379 putare
1298 3296 1553 3378 quoniam
1588 3309 1707 3363 veni
1742 3308 1953 3362 solvere
1981 3306 2057 3361 le-

490 3419 609 3473 gem
643 3414 736 3457 aut
780 3402 1105 3473 prophetas;
1157 3384 1265 3457 non
1313 3402 1434 3455 veni
1480 3399 1712 3464 solvere,
1748 3401 1841 3456 sed
1887 3400 2058 3453 adim-

488 3493 641 3562 plere
668 3491 735 3546 ⁸⁸.
771 3508 791 3543 ι
828 3490 898 3546 Ει
930 3491 1204 3561 quomodo
1231 3490 1395 3545 etiam
1436 3490 1511 3544 ait
1556 3488 1752 3544 Paulus
1781 3507 1794 3543 :
1828 3507 1847 3541 ι
1881 3488 2056 3556 Quare

486 3582 571 3638 lex
599 3582 818 3653 quidem
867 3590 1081 3646 sancta,
1115 3591 1171 3637 et
1201 3589 1527 3651 praeceptum
1562 3590 1831 3647 sanctum,
1867 3592 1919 3634 ct
1940 3583 2057 3648 jus-

486 3685 621 3739 tum,
650 3683 705 3730 et
735 3674 933 3728 bonum
975 3672 1063 3726 “1’
1092 3691 1111 3724 ι
1146 3673 1225 3727 Ad
1255 3687 1374 3742 quae
1407 3688 1506 3728 nos
1538 3687 1749 3728 rursum
1787 3672 2052 3737 dicemus,

481 3767 678 3822 bonam
715 3765 929 3835 quidem
968 3778 1088 3820 esse
1145 3763 1338 3833 legem,
1385 3764 1430 3819 si
1474 3764 1690 3833 quidem
1727 3762 2053 3832 intelligatur

483 3855 855 3926 spiritualiter,
888 3870 1062 3925 neque
1089 3854 1282 3908 eximit
1311 3869 1410 3909 nos
1438 3856 1665 3910 omnino
1688 3868 1718 3909 a
1749 3854 1864 3925 lege
1896 3854 2054 3910 Chri-

483 3959 620 4012 stus,
658 3946 767 4000 imo
826 3944 996 4014 magis
1041 3944 1257 4000 deducit
1300 3942 1366 3997 ad
1418 3943 1469 3997 id
1509 3946 1653 4012 quod
1695 3944 2054 4000 excellentius

482 4059 568 4103 est
594 4055 649 4103 et
676 4044 1019 4116 prmstantius
1057 4061 1070 4097 :
1100 4059 1222 4098 cum
1249 4042 1614 4113 paedagogiam
1648 4041 1780 4110 legis
1802 4055 1899 4096 ceu
1934 4038 2054 4091 lun-

480 4141 796 4194 damentum
836 4135 888 4189 in
942 4134 1099 4190 nobis
1145 4132 1536 4204 praestruxerit,
1586 4140 1642 4187 et
1685 4130 1905 4186 umbras
1934 4129 2052 4184 illas

480 4232 633 4303 quasi
673 4241 850 4302 typos,
890 4230 1002 4284 veri
1036 4226 1215 4284 cultus
1249 4233 1509 4294 tanquam
1538 4235 1954 4294 progymnasma
1986 4234 2049 4275 ac

2171 1764 2321 1804 σατε
2356 1753 2572 1822 χήραν,
2610 1756 2708 1808 καὶ
2741 1756 2935 1823 δεῦτε,
2968 1757 3069 1811 καὶ
3102 1755 3555 1830 διελεγχθῶμεν,
3588 1763 3759 1833 ,λέγει

2170 1844 2404 1911 Κύριος.
2430 1846 2541 1899 Καὶ
2563 1845 2671 1900 ἐὰν
2699 1842 2852 1902 ὦσιν
2879 1850 2940 1901 at
2967 1848 3241 1918 ἁμαρτίαι
3273 1850 3440 1919 ὑμῶν
3459 1854 3539 1917 ὠς
3560 1872 3761 1923 φοινι-

2169 1935 2338 1999 κοῦν,
2369 1937 2450 2001 ὡς
2477 1940 2656 2007 χιόνα
2679 1937 2975 1994 ,ὶευκανᾱκ
3026 1939 3159 1993 Ἐὰν
3198 1939 3266 1993 δὲ
3292 1935 3445 1996 ὦσιν
3479 1943 3561 2009 ὡς
3602 1948 3755 2001 κόκ-

2169 2041 2359 2092 κινον,
2387 2028 2531 2083 ὡσεί
2559 2028 2723 2099 ἔριον
2746 2030 3041 2086 λευκανῶ.

2241 2116 2350 2187 Τῆς
2380 2119 2438 2171 ἐν
2459 2118 2606 2190 νόμῳ
2637 2120 2895 2191 λατρείας
2920 2121 2983 2174 τὸ
3006 2121 3229 2193 ἀδρανὲς
3254 2124 3572 2197 καθαρίσας,
3588 2126 3681 2182 διά
3692 2147 3755 2182 τε

2166 2207 2260 2262 τοῦ
2290 2209 2475 2278 φάναι,
2528 2230 2547 2263 ι
2566 2211 2631 2265 Τί
2669 2214 2759 2284 μοὶ
2798 2213 2999 2284 πλῆθος
3025 2216 3133 2270 τῶν
3159 2216 3360 2272 θυσιῶν
3397 2218 3571 2290 ὑμῶν,
3600 2219 3754 2285 λέγει

2167 2300 2399 2371 Κύριος;
2427 2303 2646 2374 Πλήρης
2675 2304 2814 2375 είμί.
2841 2325 2859 2360 ι
2886 2307 2995 2359 Καὶ
3022 2306 3229 2373 τούτοις
3259 2310 3588 2378 ἐπενεγκὼν,
3611 2330 3630 2363 ι
3650 2313 3755 2376 Τίς

2168 2391 2274 2462 γάρ
2325 2392 2615 2465 ἐξεζήτησε
2640 2395 2810 2451 ταῦτα
2845 2397 2909 2450 ἐκ
2950 2398 3059 2452 τῶν
3107 2400 3303 2470 χειρῶν
3336 2401 3488 2472 ὑμῶν
3511 2418 3527 2467 ;
3552 2420 3572 2455 ι
3621 2402 3757 2457 Ἐπὶ

2169 2484 2360 2553 καιροῦ
2405 2484 2566 2539 πάλιν
2607 2486 2705 2557 τῆς
2752 2488 3111 2561 εὐαγγελικῆς
3163 2489 3434 2555 πολιτείας
3461 2493 3754 2564 ἐξηγεῖται

2166 2573 2263 2645 τὴν
2294 2575 2634 2648 ἀστειότητα,
2685 2579 2780 2633 καὶ
2814 2579 2913 2651 τῆς
2947 2581 3162 2653 ἀληθῶς
3204 2584 3362 2652 ἁγίας
3385 2582 3530 2655 ζωῆς
3567 2603 3751 2640 καταο

2165 2666 2404 2721 δείκνυσι
2430 2668 2527 2739 τὴν
2558 2669 2695 2734 ὁδὸν,
2732 2671 2831 2725 ούκ
2856 2675 2912 2727 ἐν
2939 2673 3129 2737 τύποις
3163 2674 3243 2729 ἔτι
3272 2676 3363 2729 καὶ
3395 2679 3594 2746 σκιαῖς,
3625 2678 3750 2733 ἀλλ’

2169 2759 2226 2812 ἐν
2254 2758 2439 2822 αὐτοῖς
2466 2760 2776 2832 πράγμασι,
2811 2764 3036 2829 καὶτοῖς
3064 2765 3183 2820 κατ’
3209 2766 3410 2839 ἀρετὴν
3432 2784 3552 2823 νοου
3561 2769 3748 2840 μένοις

2168 2849 2479 2921 αὐχήμασιν
2512 2852 2691 2923 ἔχουσι
2722 2854 2784 2907 τὸ
2816 2855 3118 2928 εὐδόκιμον.
3160 2858 3224 2912 Τί
3253 2860 3360 2933 γάρ
3387 2878 3540 2933 φησι,
3579 2880 3599 2913 ι
3621 2862 3745 2916 Μά-

2158 2938 2290 2994 ’θετε
2323 2943 2485 2998 καλὸν
2514 2948 2723 3013 ποιεῖν;
2752 2965 2769 2998 ι
2797 2943 2922 3019 τΑρ’
2942 2944 3055 3014 οὖν,
3083 2950 3202 3004 είπέ
3231 2969 3341 3022 μοι,
3371 2953 3501 3024 φαίη
3534 2971 3618 3017 τις
3648 2955 3743 3019 ἂν,

2165 3032 2407 3104 ἐξίστησι
2435 3034 2713 3100 παντελῶς
2742 3038 2841 3109 τῆς
2866 3038 3097 3110 νομικῆς
3128 3041 3375 3112 ἐντολῆς;
3404 3043 3503 3097 ούκ
3529 3045 3592 3115 ἐᾷ
3625 3048 3746 3108 τοῖς

2157 3123 2244 3177 διά
2276 3122 2520 3205 Μωσέως
2558 3127 3004 3200 τεθεσπισμένοις
3040 3132 3363 3196 ἐνατενίζειν
3400 3134 3574 3198 ὄλωςς
3605 3133 3744 3191 Εἶτα

2157 3214 2276 3279 πῶς
2307 3215 2511 3284 ἔφασκε
2541 3218 2795 3289 Χριστός
2835 3239 2853 3272 ι
2877 3221 2969 3292 Μὴ
2994 3222 3247 3293 νομίσητε
3286 3224 3365 3278 ὅτι
3385 3220 3547 3296 ἦλθον
3576 3244 3744 3281 κατα-

2157 3304 2314 3360 λῦσαι
2334 3306 2424 3360 τὸν
2459 3308 2620 3379 νόμον
2645 3308 2676 3381 ἢ
2703 3312 2830 3373 τοὺς
2858 3313 3159 3384 προφήτας·
3182 3313 3280 3367 οὐκ
3307 3310 3470 3386 ἦλθον
3500 3316 3744 3371 καταλῦ-

2159 3412 2268 3462 σαι,
2294 3398 2426 3452 ἀλλά
2449 3399 2754 3472 πληρῶσαι.
2789 3421 2808 3453 ι
2842 3402 2966 3466 Πῶς
2990 3404 3045 3457 δὲ
3065 3406 3159 3457 καὶ
3183 3408 3211 3458 6
3231 3406 3439 3470 Παῦλος
3458 3407 3695 3477 ἔφασκεν
3721 3427 3737 3441 ·

2163 3505 2182 3539 ι
2206 3487 2366 3540 ’Ὥστε
2401 3491 2431 3542 6
2465 3490 2561 3558 μὲν
2592 3491 2752 3561 νόμος
2794 3491 2965 3559 ἅγιος,
2999 3494 3092 3545 καὶ
3140 3495 3172 3564 ή
3217 3493 3401 3565 ἐντολὴ
3441 3496 3595 3564 ἁγία,
3639 3500 3738 3553 καὶ

2156 3577 2358 3643 δικαία,
2381 3582 2473 3634 καὶ
2490 3582 2666 3653 ἀγαθή
2686 3600 2700 3649 ;
2724 3600 2742 3632 ι
2768 3582 2909 3654 Πρὸς
2927 3582 3080 3654 δὴτά
3101 3585 3273 3639 τοιάδε
3294 3585 3453 3640 πάλιν
3474 3588 3733 3660 ἐροῦμεν,

2156 3667 2236 3721 ὅτι
2268 3669 2429 3734 καλὸς
2472 3673 2500 3724 6
2536 3671 2718 3742 νόμος,
2767 3673 2814 3726 εἰ
2852 3672 2917 3744 δὴ
2952 3676 3123 3727 νοοῖτο
3171 3676 3577 3745 πνευματικῶς,
3629 3677 3736 3732 οὐκ

2156 3759 2432 3833 ἐξίστησιν
2461 3764 2609 3833 ἡμᾶς
2652 3764 2957 3835 ὀλοτρόπως
2984 3764 3078 3819 τοῦ
3110 3767 3273 3837 νόμου
3305 3768 3573 3839 Χριστός;
3600 3768 3737 3822 ἀνα-

2157 3852 2368 3916 ϐιϐάζει
2405 3853 2461 3906 δὲ
2498 3853 2698 3923 μᾶλλον
2730 3856 2821 3908 ἐπὶ
2852 3856 2914 3908 τὸ
2946 3857 3177 3929 προῦχον
3199 3858 3292 3912 καὶ
3329 3857 3568 3929 ἄμεινον,
3593 3860 3731 3913 61:0-

2124 3944 2361 4016 ,ϐάθραν
2408 3944 2597 4016 ὥσπερ
2647 3946 2771 3999 τινά
2804 3950 3164 4019 προκαταθεὶς
3220 3952 3277 4003 ἐν
3322 3952 3454 4021 ἡμῖν
3503 3951 3599 4022 τὴν
3639 3949 3735 4005 διὰ

2155 4036 2318 4107 νόμου
2357 4037 2749 4106 παιδαγωγίαν,
2786 4039 2880 4092 καὶ
2908 4040 3004 4111 τῆς
3029 4040 3257 4111 ἀληθοῦς
3283 4040 3534 4111 λατρείας
3563 4042 3735 4095 οἱονεὶ

2156 4128 2558 4201 προγύμνασμα
2586 4130 2973 4201 προαναδείξας
3014 4135 3127 4195 τοῖς
3156 4133 3525 4204 ἀρχαιοτέροις
3554 4134 3622 4186 τὰ
3650 4131 3734 4196 ὡς

2154 4219 2211 4271 ἐν
2262 4222 2440 4284 σκιαῖς
2494 4220 2589 4274 καὶ
2619 4220 2829 4283 τύποις.
2879 4221 3089 4285 Ἀλλως
3148 4239 3207 4275 τε
3257 4221 3476 4275 κάκεῖνο
3519 4219 3734 4286 τούτοις

483 4321 809 4392 tyrocinium
838 4318 1111 4374 veteribus
1132 4314 1649 4388 praemonstraverit.
1680 4311 1815 4371 illud
1838 4312 1902 4366 ad
1934 4311 2048 4365 haec

2163 4310 2467 4380 ἀναγκαίως
2497 4311 2606 4365 ἔστ’
2641 4313 2815 4366 εἰπεῖν
2833 4327 2848 4342 '
2893 4311 2951 4364 '0
2981 4313 3078 4380 μὲν
3107 4312 3269 4381 νόμος
3298 4313 3327 4363 6
3350 4312 3436 4364 διὰ
3461 4311 3730 4379 Μωσέως,

486 4409 689 4478 alioqui
721 4408 1009 4464 dicendum
1038 4415 1120 4463 est
1154 4423 1169 4461 :
1201 4406 1313 4461 Lex
1339 4404 1567 4460 Mosaica
1590 4403 1749 4458 docet
1771 4416 1801 4455 a
1828 4400 1957 4456 vitio
1986 4413 2049 4454 ac

479 4509 707 4568 peccato
747 4498 1044 4561 abstinere,
1079 4506 1134 4551 et
1166 4494 1647 4554 commonstratrix
1691 4501 1777 4549 est
1816 4492 2047 4561 turpitu-

480 4590 643 4644 dinis.
688 4587 888 4642 Paulus
926 4589 1107 4656 itaque
1139 4587 1218 4642 ait
1252 4605 1266 4641 :
1304 4604 1324 4639 ι
1362 4586 1652 4642 Peccatum
1694 4599 1797 4640 non
1820 4584 2045 4654 cognovi

480 4677 584 4733 nisi
638 4693 736 4749 per
777 4677 945 4749 legem
997 4677 1066 4734 ‘°.
1099 4696 1118 4730 ι
1154 4676 1354 4733 Verum
1405 4676 1719 4747 praedicatio
1769 4674 2046 4745 Evangelii

481 4770 658 4825 reddit
686 4784 784 4825 nos
815 4770 997 4825 omnis
1019 4770 1239 4825 virtutis
1271 4769 1566 4825 studiosos.
1588 4766 1815 4822 'ldcirco
1854 4766 2046 4822 merito

480 4871 535 4918 et
567 4862 804 4933 proprie,
837 4871 892 4917 et
920 4876 1045 4917 vere
1085 4862 1282 4917 bonum
1331 4860 1509 4931 reipsa
1538 4859 1644 4915 dici
1675 4868 1871 4929 potest.
1908 4857 2043 4913 Nam

477 4953 639 5022 illud,
657 4972 677 5006 ι
698 4950 815 5007 Non
833 4954 1070 5019 occides,
1092 4951 1206 5008 Non
1234 4952 1584 5019 adulterabis,
1605 4969 1624 5003 ι
1658 4950 1901 5006 initiatos
1925 4951 2045 5020 qui-

480 5046 601 5102 dem
640 5045 949 5101 deterrebat
978 5061 1007 5098 a
1031 5054 1276 5114 peccato,
1312 5059 1418 5101 non
1445 5053 1622 5099 tamen
1651 5042 1781 5112 quid
1811 5041 2048 5112 perfecte

477 5147 679 5189 nonum
733 5134 806 5190 sit
848 5134 1200 5201 ostendebat,
1254 5134 1508 5190 nimirum
1565 5132 1719 5187 fratri
1780 5147 1886 5198 non
1927 5147 2049 5189 esse

476 5220 847 5290 irascendum.
882 5243 989 5283 non
1019 5228 1531 5299 concupiscendum,
1574 5241 1675 5283 nec
1725 5226 1792 5281 ad
1829 5226 2044 5282 virtutis

477 5315 683 5384 apicem
706 5327 760 5373 et
778 5328 1158 5375 ornamentum
1182 5318 1531 5389 perducebat.
1552 5317 1822 5374 Eximinm
1846 5320 2044 5389 quippe

477 5416 566 5463 est
610 5405 747 5461 iram
798 5409 1014 5467 vincere
1051 5430 1064 5466 :
1110 5409 1425 5466 admirabile
1464 5419 1547 5465 est
1580 5424 1738 5478 posse
1785 5412 2045 5468 revellere

478 5495 606 5550 mall
645 5494 985 5564 cupiditates,
1030 5513 1129 5555 nec
1170 5499 1484 5569 permittere
1528 5508 1761 5556 mentem
1796 5502 1865 5556 ad
1894 5512 2043 5558 tetras

478 5594 533 5641 et
579 5585 1037 5642 exsecratissimae
1100 5588 1415 5655 cupiditatis
1478 5590 1743 5661 principia
1803 5594 2039 5663 evagari.

519 5748 562 5780 “
609 5754 903 5827 mrem,
949 5759 1036 5817 14.
1115 5761 1159 5792 ⁸⁷
1200 5759 1387 5816 Matth.
1432 5779 1534 5832 xu,
1573 5765 1658 5820 10.
1736 5766 1779 5798 ⁸⁸
1820 5765 2013 5824 Matth.
2046 5786 2096 5839 ι’,
2135 5771 2197 5824 17

2157 4401 2489 4473 φαυλότητός
2538 4419 2597 4456 τε
2640 4404 2734 4456 καὶ
2765 4402 3038 4473 ἁμαρτίας
3084 4400 3417 4469 ἀποσχέσθαι
3463 4401 3727 4467 διδάσκει,

2155 4492 2250 4546 καὶ
2291 4493 2397 4547 τῶν
2427 4495 2711 4564 αἰσχιόνων
2758 4493 2873 4546 ἐστὶ
2921 4490 3357 4562 παραδεικτικός.
3436 4490 3546 4543 Καὶ
3592 4491 3730 4560 γοῦν

2153 4584 2183 4636 ὁ
2204 4586 2414 4650 Παῡλός
2445 4603 2609 4657 φησι·
2651 4604 2669 4637 ι
2700 4586 2811 4656 Τὴν
2840 4584 2895 4636 δὲ
2926 4583 3196 4654 ἁμαρτίαν
3223 4581 3322 4635 οὐκ
3354 4581 3524 4651 ἔγνων
3566 4584 3616 4638 εί
3647 4585 3729 4657 μὴ

2154 4678 2241 4731 διὰ
2259 4676 2350 4730 τοῦ
2380 4677 2564 4745 νόμου.
2590 4695 2608 4728 ι
2641 4676 2714 4730 Τό
2754 4676 2811 4729 δὲ
2841 4677 3099 4746 κήρυγμα
3126 4674 3187 4727 τὸ
3221 4674 3574 4744 εύαγγελικὸν
3598 4679 3730 4749 ἀρε-

2154 4770 2253 4840 τῆς
2285 4770 2501 4841 ἀπάσης
2538 4770 2683 4840 ἡμᾶς
2726 4768 3057 4839 ἐπιμελητὰς
3083 4767 3396 4837 ἀποφαίνει.
3433 4768 3616 4841 Ταύτῃ
3642 4786 3724 4822 τοι

2154 4861 2247 4915 καὶ
2293 4859 2608 4930 ὀνομάζοιτο
2652 4858 2718 4912 ἂν
2758 4858 3003 4923 είκότως,
3052 4858 3258 4927 κυρίως
3288 4875 3349 4912 τε
3377 4858 3469 4912 καὶ
3507 4856 3722 4928 ἀληθῶς

2154 4952 2285 5006 αὐτὸ
2316 4952 2501 5021 χρῆμα
2532 4950 2592 5004 τὸ
2639 4950 2820 5002 καλόν.
2867 4949 2940 5002 Τὸ
2977 4949 3106 5021 γὰρ,
3160 4949 3269 5003 «Οὐ
3325 4950 3620 5020 φονεύσεις,
3652 4947 3714 5000 οὐ

2163 5042 2485 5115 μοιχεύσεις,
2511 5060 2530 5093 ι
2584 5039 2802 5111 ἐξιστᾷν
2826 5036 2895 5113 ἦν
2927 5040 3198 5113 ἁμαρτίας
3228 5041 3352 5105 τοὺς
3401 5039 3716 5110 παιδευομέο

2154 5152 2296 5199 νους,
2327 5132 2478 5187 οὔπω
2505 5149 2568 5200 γε
2598 5132 2703 5203 μὴν
2725 5133 2752 5186 ὅ
2771 5131 2823 5185 τί
2844 5131 2973 5185 ποτέ
3000 5128 3184 5186 ἔστιτὸ
3209 5131 3367 5184 καλὸν
3388 5129 3602 5193 τελείως
3632 5132 3720 5184 ἐκ·

2158 5226 2457 5296 φαίνοντος.
2491 5225 2564 5278 Τὸ
2593 5224 2651 5278 δὲ
2669 5223 2778 5277 δεῖν
2797 5224 2931 5288 ὅλως
2965 5220 3430 5295 μήτεοργίζεσθαι
3456 5219 3534 5292 τῷ
3559 5221 3719 5275 ἀδελ-

2142 5318 2247 5390 φῷ,
2279 5319 2415 5390 μήτε
2454 5319 2562 5390 μὴν
2583 5318 2889 5389 ἐπιθυμεῖν,
2918 5320 3029 5380 τοῖς
3059 5316 3156 5387 τῆς
3182 5313 3378 5387 ἀρετῆς
3406 5314 3720 5386 αὐχήμασιν

2140 5411 2541 5483 ἐμϐιϐάζοντος.
2603 5410 2909 5482 Ἐξαίρετον
2959 5408 3068 5480 γὰρ
3111 5408 3170 5460 τὸ
3214 5404 3499 5460 καταθλεῖν
3528 5405 3717 5478 ὀργῆς,

2139 5504 2465 5573 ἁξιάγαστον
2504 5503 2561 5556 δὲ
2593 5502 2730 5574 πρὸς
2757 5500 2914 5553 τοῦτο
2954 5499 3016 5551 τὸ
3040 5496 3422 5570 ἀνασειράζειν
3462 5496 3722 5551 δύνασθαι

2139 5595 2236 5659 τὰς
2277 5596 2354 5657 είς
2402 5595 2462 5647 τὸ
2505 5590 2708 5661 φαῦλον
2756 5587 3073 5669 ἐπιθυμίας,
3124 5589 3220 5643 καὶ
3278 5588 3355 5660 μὴ
3404 5586 3724 5659 ἐπιτρέπειν

2299 5773 2340 5803 ⁵9
2383 5770 2536 5823 Rom.
2566 5783 2660 5833 vn,
2689 5765 2774 5819 12.
2853 5764 2898 5799 ⁵⁸
2934 5766 3063 5820 ibid.
3103 5767 3153 5818 7.
