4012 6216
388 395 519 459 45,

1546 385 1613 443 IN
1651 384 1883 444 ISAIAM
1920 385 2048 442 LIB.
2088 383 2129 439 l.
2172 383 2381 442 ORAT.
2421 385 2463 441 l.

3579 382 3653 439 ιο

386 507 485 561 τὸν
509 504 657 569 νοῦν,
695 505 801 559 κᾶν
831 502 962 573 γοῦν
1012 504 1090 567 εἰς
1119 490 1293 574 ἀρχὰς
1335 501 1469 557 ίέναι
1497 505 1596 574 τῆς
1624 502 1853 556 ὲκτόπου
1882 502 1972 555 καὶ

2084 501 2316 557 Proinde
2341 514 2472 555 vere
2492 498 2629 554 bona
2663 505 2749 554 est
2777 496 3059 569 disciplina
3087 497 3386 567 Evangelii,
3413 506 3469 555 et
3492 497 3651 557 Chri-

388 597 809 669 βδελυρωτάτης
858 594 1173 666 ἐπιθυμίας.
1220 594 1425 649 Οὐκοῦν
1457 596 1519 649 τὸ
1563 596 1725 650 καλὸν
1760 595 1972 667 ἀληθῶς

2078 590 2269 645 ειίιιηιο
2304 589 2661 645 institutionis
2694 590 2867 645 virtus
2914 600 3078 662 atque
3105 590 3362 646 eﬂicacia.
3394 589 3648 649 Clamau-

385 684 480 754 εἴη
502 683 568 737 ἄν
587 683 650 736 τὸ
682 683 916 753 μάθημα
938 682 1000 735 τὸ
1024 682 1395 751 εὐαγγελικὸν,
1427 687 1521 738 καὶ
1542 685 1644 754 τῆς
1669 687 1727 738 ὲν
1756 684 1976 755 Χριστῷ

386 774 671 838 πολιτείας
697 777 731 846 ή
762 774 1012 844 δύναμις.
1081 773 1478 846 Ἐπιφωνητέον
1506 774 1570 846 δὴ
1605 771 1700 829 οῦν
1734 778 1848 839 τοῖς
1879 775 1973 829 τοῦ

386 864 722 936 γράμματος
748 865 956 934 φίλοις,
994 883 1013 916 ι
1040 864 1255 918 Μάθετε
1292 864 1456 918 καλὸν
1497 867 1703 930 ποιεῖν,
1740 862 1974 936 ἐκζητή-

391 973 527 1013 σατε
558 956 807 1027 κρίσιν,ι
866 955 1010 1009 τοῦτ’
1056 955 1192 1022 ἔστι,
1248 956 1310 1009 τὸ
1354 956 1558 1027 κρίνειν
1601 955 1797 1027 ὀρθῶς.
1826 955 1973 1027 Πρὸς

387 1045 506 1116 γὰρ
525 1048 638 1109 τοῖς
662 1045 843 1109 ἄλλοις
865 1045 1214 1117 ἀτοπήμασιν
1248 1045 1469 1112 ἅπασιν,
1514 1046 1834 1118 νενοσήκασι
1881 1046 1976 1099 καὶ

385 1137 555 1192 τοῦτο
603 1138 704 1207 τῆς
733 1138 999 1191 Ἰουδαίων
1045 1138 1368 1208 συναγωγῆς
1409 1139 1456 1191 οῖ
1498 1137 1851 1209 καθηγεῖσθαι
1879 1136 1975 1190 λα-

388 1230 605 1300 χόντες,
637 1229 699 1282 τὸ
730 1231 805 1302 μὴ
852 1230 1041 1302 ὀρθὰς,
1088 1230 1253 1301 φημὶ,
1299 1229 1568 1284 ποιεῖσθαι
1601 1230 1698 1293 τὰς
1736 1230 1820 1299 ἐφ’
1852 1229 1976 1283 ἐκά-

391 1337 511 1391 στῳ
547 1320 835 1390 πράγματι
867 1321 1110 1392 κρίσεις’
1155 1319 1487 1391 ψηφοφορεῖν
1527 1320 1584 1373 δὲ
1620 1320 1818 1390 μᾶλλον
1855 1316 1971 1371 ἀδί-

390 1430 530 1477 κως,
561 1412 657 1466 καὶ
684 1410 873 1483 δώρων
898 1413 1161 1483 ἡττᾶσθαι
1190 1414 1282 1465 καὶ
1304 1412 1604 1482 χρημάτων
1634 1410 1847 1480 ἡδονῆς,
1881 1409 1975 1463 καὶ

388 1507 510 1568 τοῖς
536 1502 744 1556 ἀδικεῖν
772 1501 1020 1555 ἐθέλουσι
1044 1502 1389 1557 καταπωλείν
1411 1503 1508 1572 τῆς
1528 1499 1734 1555 ἑαυτῶν
1759 1499 1972 1554 ἀνοσίου

396 1594 597 1665 βουλῆς
639 1590 740 1663 τὴν
798 1591 1034 1646 σύνεσιν.
1078 1575 1166 1655 Ὧς
1220 1592 1327 1664 γάρ
1365 1609 1528 1663 φησιν
1571 1594 1599 1645 ὀ
1650 1592 1971 1662 προφήτης,

402 1704 424 1738 ι
447 1687 513 1740 Οἱ
562 1682 856 1754 ἡγούμενοι
898 1683 1069 1752 αὐτῆς
1096 1682 1232 1753 μετά
1253 1681 1439 1753 δώρων
1471 1685 1701 1755 ἔκρινον.
1725 1699 1743 1731 ι
1782 1681 1975 1749 Ἀναγ-

398 1777 535 1830 καία
588 1773 875 1846 τοιγαροῦν
933 1775 969 1843 ἡ
1030 1773 1253 1844 ἐντολὴ,
1303 1775 1399 1827 καὶ
1446 1776 1558 1837 τοῖς
1602 1770 1974 1842 εὐαγγελικῶς

2079 680 2205 735 dum
2233 688 2319 735 est
2361 681 2525 752 igitur
2552 681 2744 737 litteras
2772 682 3108 738 amatoribus
3137 701 3151 737 :
3194 701 3215 735 ι
3241 682 3448 740 Discite
3479 683 3649 741 bene-

2079 772 2282 838 facere,
2311 772 2579 843 exquirite
2603 772 2889 843 judicium,
2929 792 2949 826 ι
2980 773 3211 840 scilicet,
3237 784 3297 831 ut
3327 785 3474 831 recte
3502 774 3649 844 judi-
3675 766 3682 774 ’

2077 862 2231 917 cetis.
2258 862 2395 917 Nam
2423 871 2619 933 praster
2644 863 2780 919 alias
2813 863 3091 921 fmditates
3113 879 3321 932 omnes,
3347 866 3455 921 hoc
3485 866 3652 923 etiam

2076 955 2268 1009 morbo
2315 953 2639 1009 laborabant
2679 952 2915 1011 Judaica:
2944 956 3244 1028 Synagoga:
3273 958 3416 1013 nacti
3448 958 3653 1028 princi—
3719 1012 3724 1018 .

2076 1050 2286 1109 patum,
2332 1043 2475 1111 quod
2502 1054 2649 1097 recte
2680 1042 2888 1099 scilicet
2922 1046 3530 1117 nusquamjudicarent,
3552 1048 3649 1104 sed

2078 1128 2280 1198 injuste
2309 1129 2489 1200 potius
2521 1128 2731 1186 ferrent
2763 1131 3027 1199 calculos,
3072 1142 3128 1190 et
3159 1149 3446 1191 munerum
3483 1143 3648 1205 atque

2077 1218 2343 1273 donorum
2399 1219 2655 1275 illecebra
2694 1234 3206 1295 corrumperentur,
3237 1225 3653 1298 volenti'busque

2079 1309 2284 1366 inferre
2307 1309 2585 1380 iniuriam,
2616 1314 2781 1385 impio
2809 1329 2910 1371 suo
2936 1316 3161 1372 consilio
3195 1317 3646 1389 suﬂragarentur.

2080 1400 2148 1457 Ut
2196 1402 2339 1457 enim
2371 1406 2631 1474 propheta
2685 1407 2862 1475 inquit
2912 1423 2928 1462 :
2970 1426 2990 1461 ι
3050 1408 3228 1467 Duces
3267 1410 3385 1481 ejus
3429 1422 3650 1483 propter

2078 1510 2301 1552 munera
2327 1497 2648 1566 judicabant
2687 1499 2756 1555 ⁸³.
2805 1518 2826 1553 ι
2866 1499 3183 1557 Necessaria
3234 1504 3396 1574 igitur
3441 1521 3648 1574 praece-

2076 1587 2191 1658 ptio
2235 1596 2339 1653 est,
2374 1590 2536 1645 etiam
2582 1591 2685 1657 his,
2719 1593 2808 1662 qui
2835 1593 3148 1664 evangelice
3190 1595 3414 1666 cupiunt
3449 1590 3651 1664 vivere,

2076 1689 2179 1730 nec
2215 1676 2282 1731 ad
2305 1676 2572 1747 justitiam
2602 1680 2833 1747 inutilis,
2869 1692 3019 1738 recte
3039 1682 3308 1753 judicare,
3343 1702 3447 1742 non
3481 1688 3533 1743 in
3555 1704 3654 1744 ex-

2077 1768 2249 1824 ternis
2288 1767 2461 1824 solum
2495 1770 2676 1838 rebus,
2719 1772 2823 1843 21
2866 1774 2962 1829 sed
2991 1774 3044 1829 in
3075 1774 3199 1832 aliis
3234 1778 3400 1833 etiam
3441 1793 3559 1849 qua:
3582 1779 3653 1836 ad

397 1867 641 1921 ἐθέλουσι
673 1866 774 1939 ζῇν
811 1867 913 1920 οὐκ
944 1865 1239 1937 ἀσυντελὴς
1273 1866 1351 1928 είς
1377 1864 1720 1936 δικαιοσύνην
1766 1865 1826 1918 τὸ
1855 1862 1972 1935 κρί-

2078 1859 2318 1914 animum
2339 1870 2395 1917 et
2426 1862 2493 1918 ad
2518 1877 2615 1918 cor
2645 1871 2895 1933 spectant
2931 1881 2947 1919 :
2983 1876 3134 1935 puta,
3158 1883 3280 1923 cum
3298 1868 3439 1926 Deus
3461 1870 3652 1926 vitium

394 1978 512 2016 νειν
556 1943 754 2032 ὀρθῶς,
781 1959 886 2013 οὐκ
937 1957 994 2012 εν
1043 1975 1107 2027 γε
1155 1958 1312 2029 μόνον
1356 1960 1466 2022 τοῖς
1497 1956 1601 2021 ἔξω
1633 1956 1973 2028 πράγμασιν,

393 2053 536 2108 ἀλλά
556 2054 653 2108 καὶ
678 2055 790 2117 τοῖς
820 2054 900 2116 είς
924 2051 1049 2106 νοῦν
1072 2053 1166 2105 καὶ
1194 2052 1445 2123 καρδίαν.
1479 2045 1602 2106 Οἷον
1626 2052 1689 2122 δή
1715 2051 1768 2104 τί
1795 2069 1938 2124 φημι
1957 2067 1973 2083 ο

394 2141 535 2196 Θεοῦ
564 2141 663 2213 τὴν
684 2142 990 2212 φαυλότητα
1029 2141 1449 2212 καταψέγοντος,
1479 2142 1688 2195 ἐπαινεί
1715 2141 1918 2211 ταύτην
1947 2144 1976 2196 ὀ

399 2233 675 2295 Σατανᾶς.
719 2233 833 2286 Καὶ
871 2233 901 2286 ὀ
940 2232 1033 2303 μὲν
1078 2233 1172 2286 τοῦ
1221 2233 1473 2304 Σωτῆρος
1499 2236 1647 2305 ἡμᾶς
1695 2234 1976 2288 ἀναπείθει

403 2322 600 2393 νόμος,
621 2321 933 2394 ἀξιέραστον
950 2321 1214 2375 ποιεῖσθαι
1238 2321 1297 2375 τὸ
1318 2322 1521 2391 ἀγαθόν
1537 2339 1549 2351 °
1570 2321 1816 2376 ἀνθέλκει
1841 2322 1976 2395 πρὸς

401 2415 469 2469 τὸ
497 2413 735 2468 ἐναντίον
776 2415 998 2479 ἐκεῖνος.
1030 2414 1164 2467 Τότε
1206 2413 1269 2485 δὴ
1295 2416 1413 2468 τότε
1444 2414 1638 2486 κριτὴς
1669 2412 1858 2483 ῶσπερ
1890 2414 1975 2478 τίς

393 2506 518 2558 ἐστι
553 2504 647 2558 καὶ
670 2503 924 2577 δικαστὴς
949 2505 1008 2559 ἐν
1034 2507 1165 2576 ἡμῖν
1191 2507 1219 2558 ὀ
1245 2504 1369 2569 νοῦς
1389 2520 1401 2534 ·
1434 2506 1529 2558 καὶ
1561 2504 1849 2569 ἐπαινέσας
1876 2504 1975 2576 μὲν

392 2593 459 2648 τό
485 2594 709 2663 ἀγαθὸν,
754 2594 850 2648 καὶ
887 2594 1021 2648 αὐτό
1065 2594 1126 2648 τὸ
1167 2595 1362 2666 χρῆναι
1401 2597 1621 2667 κρατεῖν
1661 2595 1972 2673 ἀπονέμων,

395 2685 692 2761 ἑξεζήτησε
720 2685 924 2757 κρίσιν.
961 2685 1206 2750 Ἐπιδούς
1232 2702 1296 2755 γε
1337 2686 1443 2757 μὴν
1472 2686 1768 2756 φαυλότητι
1808 2686 1869 2740 τὸ
1898 2703 1976 2740 νι-

396 2779 527 2849 κᾷν,
557 2776 661 2841 ἔξω
686 2776 879 2845 γέγονε
921 2774 1016 2829 τοῦ
1067 2776 1271 2848 κρίνειν
1308 2775 1502 2847 ὀρθῶς,
1556 2775 1646 2829 καὶ
1683 2774 1974 2829 ἀκούσεται

398 2869 623 2934 δικαίως
642 2885 659 2901 ⁸
692 2886 712 2927 ι
733 2869 872 2923 Οὐαὶ
893 2869 945 2922 οἱ
964 2869 1212 2938 λέγοντες
1239 2869 1298 2921 τὸ
1328 2868 1563 2940 πονηρὸν
1590 2868 1774 2934 καλὸν,
1804 2866 1976 2922 καὶτὸ

405 2959 565 3016 καλὸν
599 2964 836 3033 πονηρόν
858 2977 876 2994 ο
914 2961 1040 3015 οὐαὶ
1068 2962 1116 3015 oi
1146 2961 1395 3030 λέγοντες
1440 2962 1502 3015 τὸ
1549 2963 1745 3033 πικρὸν
1777 2961 1972 3031 γλυκὺ,

404 3054 497 3107 καὶ
525 3052 587 3107 τδ
604 3052 781 3123 γλυκὺ
817 3053 1049 3124 πικρόνο
1086 3055 1134 3107 οῖ
1158 3053 1399 3117 τιθέντες
1428 3054 1488 3107 τὸ
1509 3054 1698 3117 σκότος
1727 3056 1807 3117 είς
1838 3052 1972 3123 φῶς,

399 3145 497 3198 καὶ
521 3144 583 3199 τὸ
612 3145 730 3214 φῶς
750 3145 832 3221 είς
863 3146 1071 3210 σκότος.
1096 3165 1116 3199 ι
1156 3145 1393 3217 Αὔχημα
1415 3146 1592 3199 τοίνυν
1625 3143 1974 3214 εὐαγγελικὸν

398 3236 463 3290 τὺ
482 3236 685 3309 κρίνειν
705 3236 905 3308 ὀρθῶς,
938 3239 1033 3292 καὶ
1060 3239 1358 3309 ἐπαμύνειν
1385 3237 1778 3310 ἀδικουμένοις.
1802 3233 1973 3289 Τοῦτο

399 3328 534 3400 γὰρ,
554 3324 728 3401 οἶμαι,
746 3324 885 3395 ἐστὶ,
905 3329 983 3396 τὸ,
1004 3348 1023 3382 ι
1045 3330 1305 3383 Ῥύσασθε
1332 3329 1699 3399 ἀδικούμενον.
1715 3347 1734 3380 ι
1754 3328 1973 3397 Ἐπιτη-

398 3417 576 3473 δεύειν
600 3418 657 3473 δὲ
676 3419 783 3490 χρὴ
808 3419 944 3491 πρὸς
959 3420 1132 3490 τούτῳ
1148 3419 1207 3472 τὸ
1231 3418 1533 3490 συμπαθὲς,
1564 3419 1656 3472 καὶ
1679 3418 1738 3471 τὸ
1767 3418 1971 3487 ἀπροσ-

402 3510 775 3582 ωπόληπτον.ι
793 3512 1030 3583 Κρίνατε
1041 3512 1278 3583 ὀρφανῷ,
1292 3532 1311 3564 ι
1334 3513 1515 3583 φησὶ,ι
1539 3512 1630 3565 καὶ
1650 3508 1971 3563 δικαιώσατε

403 3601 578 3673 χήραν
598 3616 613 3630 ⁸
639 3601 732 3657 καὶ
749 3602 923 3670 δεῦτε,
961 3603 1054 3656 καὶ
1078 3603 1494 3675 διελεγχθῶμεν,
1522 3600 1668 3670 λέγει
1692 3600 1898 3669 Κύριος
1920 3618 1965 3653 ο)

404 3691 510 3762 οὐχ
523 3692 598 3756 ὡς
616 3692 921 3763 κρινόμενοι
941 3692 1018 3763 τῷ
1036 3692 1280 3763 Δεσπότῃ
1305 3709 1318 3756 ;
1354 3709 1369 3742 ι
1394 3689 1817 3761 Δικαιωθήσεται
1839 3694 1968 3761 γὰρ,
1998 3698 2001 3701 ’

414 3783 573 3854 φησὶ,
599 3785 807 3849 παντως
827 3787 885 3840 έν
914 3788 1027 3849 τοῖς
1053 3786 1231 3854 λόγοις
1257 3783 1442 3847 αὑτοῦ,
1479 3784 1571 3837 καὶ
1596 3784 1810 3853 νικήσει
1848 3798 1971 3853 κρι-

411 3873 699 3944 νόμενος.»
738 3874 920 3929 Ἔσται
953 3877 1060 3946 γὰρ
1111 3875 1285 3937 οὐδεὶς
1334 3875 1441 3928 ἀπὸ
1485 3874 1657 3947 ῥύπου
1708 3874 1967 3945 καθαρὸς,

404 3965 531 4019 ἀλλ’
554 3964 672 4018 οὐδὲ
713 3966 1038 4040 καυχήσεται
1078 3983 1160 4030 τις
1205 3966 1372 4037 ἁγνὴν
1407 3965 1547 4037 ἔχειν
1576 3966 1675 4037 τὴν
1721 3966 1969 4036 καρδίαν,

396 4056 795 4129 διελεγχόμενοι
851 4059 909 4112 δὲ
962 4059 1180 4130 μᾶλλον,
1229 4059 1321 4111 καὶ
1370 4058 1532 4111 οἱονεὶ
1582 4056 1702 4110 καθ’
1746 4057 1972 4120 ἑαυτοὺς

395 4148 803 4221 δοκιμάζοντες,
846 4151 897 4205 εί
946 4151 1021 4223 μὴ
1068 4153 1166 4221 τῆς
1209 4150 1356 4214 θείας
1392 4149 1698 4220 φιλοτιμίας
1743 4149 1970 4221 μέγεθος

396 4243 537 4297 πολύ
575 4242 637 4297 τέ
686 4243 803 4297 ἔστι
843 4243 938 4296 καὶ
966 4241 1308 4312 ἀξιόληπτον.
1343 4242 1438 4304 ’Ὡς
1476 4258 1537 4310 γε
1582 4243 1610 4294 ὁ
1649 4240 1809 4310 σοφὸς
1836 4243 1969 4312 ἡμῖν

396 4335 603 4408 γράφει
644 4334 893 4398 Παῦλος·
939 4354 958 4388 ι
990 4335 1102 4387 Οὐκ
1150 4333 1274 4397 ἄξια
1323 4332 1391 4386 τὰ
1421 4334 1720 4405 παθήματα
1742 4334 1834 4387 τοῦ
1876 4333 1971 4386 νῦν

395 4424 594 4497 καιροῦ
612 4423 750 4497 πρὸς
776 4431 876 4495 τὴν
905 4423 1208 4497 μέλλουσαν
1231 4422 1386 4488 δόξαν
1412 4413 1864 4494 ἀποκαλυφθῆναι
1890 4426 1971 4487 είς

2078 1949 2323 2020 damnat,
2352 1950 2583 2009 Satanas
2613 1954 2833 2023 laudat;
2885 1971 3009 2012 cum
3048 1957 3135 2014 lex
3177 1958 3484 2018 Servatoris
3519 1976 3651 2017 sua-

2077 2042 2169 2097 det
2201 2043 2399 2099 bonum
2459 2060 2582 2102 esse
2611 2047 2861 2113 amabile,
2893 2048 2983 2103 ille
3014 2030 3180 2104 trahit
3205 2052 3270 2106 ad
3294 2053 3652 2111 contrarium.

2079 2131 2230 2189 Tunc
2259 2135 2313 2189 in
2355 2135 2510 2191 nobis
2535 2152 2689 2192 mens
2710 2139 2874 2194 veluti
2903 2138 3072 2209 judex
3111 2151 3194 2197 est
3235 2151 3291 2197 et
3320 2144 3545 2199 arbiter.
3588 2146 3647 2200 Si

2078 2227 2221 2294 quod
2252 2227 2453 2280 bonum
2478 2235 2561 2283 est
2592 2229 2873 2298 probarit,
2917 2231 3077 2301 eique
3129 2233 3436 2302 superiores
3466 2246 3649 2306 partes

2080 2314 2302 2384 tribuat,
2329 2316 2442 2385 jam
2471 2320 2765 2388 exquisivit
2802 2319 3086 2389 judicium.
3126 2324 3221 2380 Sin
3267 2325 3399 2382 vitio
3435 2327 3651 2398 adjudi-

2077 2416 2164 2462 cet
2196 2408 2505 2476 victoriam,
2542 2411 2772 2466 discedit
2822 2421 2933 2467 tum
2985 2429 3015 2468 a
3065 2425 3215 2472 recte
3239 2415 3552 2488 iudicando,
3595 2431 3653 2477 et

2077 2498 2271 2553 merito
2298 2500 2486 2555 audiet
2518 2519 2533 2557 :
2565 2519 2584 2553 ι
2620 2498 2714 2558 τω
2744 2502 2830 2559 his
2858 2505 2950 2574 qui
2987 2506 3172 2562 dicunt
3198 2510 3397 2565 malum
3425 2511 3648 2581 bonum,

2076 2597 2131 2644 et
2179 2589 2379 2645 bonum
2432 2591 2633 2647 malum
2680 2610 2697 2650 :
2740 2595 2832 2664 qui
2867 2597 3053 2654 dicunt
3100 2614 3348 2656 amarum
3380 2603 3557 2671 dulce,
3597 2616 3655 2662 et

2077 2682 2230 2737 dulce
2259 2697 2505 2739 amarum
2541 2702 2554 2739 :
2589 2685 2681 2755 qui
2716 2695 2935 2743 vertunt
2974 2691 3226 2748 tenebras
3262 2692 3315 2748 in
3363 2693 3560 2762 lucem,
3594 2705 3651 2751 et

2076 2771 2253 2828 lucem
2279 2771 2333 2827 in
2366 2775 2618 2830 tenebras
2657 2775 2724 2830 ".
2761 2794 2781 2828 ι
2818 2776 3002 2835 Gloria
3035 2780 3204 2850 igitur
3231 2792 3287 2836 et
3320 2780 3438 2838 laus
3470 2783 3649 2840 Evan-

2076 2862 2203 2932 gelii
2245 2872 2353 2930 est,
2402 2876 2550 2921 recte
2592 2866 2860 2936 judicare,
2908 2878 2964 2923 et
2995 2884 3288 2939 oppressos
3339 2872 3648 2935 defendere.

2076 2952 2192 3007 Hoc
2246 2954 2429 3021 enim,
2471 2957 2686 3024 opinor,
2734 2963 2851 3024 est,
2894 2975 2913 3010 ι
2948 2956 3199 3017 Liberale
3257 2977 3593 3033 oppressum.
3625 2986 3646 3020 ι

2079 3044 2397 3102 Exercenda
2426 3055 2505 3102 est
2542 3056 2804 3118 praetcrea
2832 3052 3231 3108 commiseratio
3258 3058 3522 3124 quaedam,
3551 3074 3651 3114 nec

2079 3154 2438 3208 personarum
2465 3150 2746 3210 respectus
2770 3141 3069 3199 habendus.
3097 3142 3542 3219 Patrociuamini,
3568 3151 3651 3206 iu-

2080 3232 2218 3302 quit,
2249 3233 2472 3303 pupillo,
2514 3242 2569 3289 et
2593 3235 2768 3289 vidua:
2804 3246 3025 3291 causam
3067 3240 3230 3308 agite,
3265 3246 3320 3295 et
3354 3239 3563 3309 adeste,
3594 3251 3651 3300 et

2080 3324 2438 3397 disputemus,
2470 3326 2607 3381 dicit
2648 3326 2933 3393 Dominus,
2979 3344 3086 3384 non
3137 3332 3291 3400 quasi
3314 3332 3518 3404 judicio
3552 3328 3651 3391 de;

2080 3426 2352 3473 certantes
2386 3432 2508 3472 cum
2554 3417 2782 3475 Domino
2810 3437 2825 3476 :
2877 3439 2896 3473 ι
2927 3419 3322 3485 ludiﬁcabitur
3357 3425 3501 3480 enim
3530 3444 3648 3481 υηι-

2079 3511 2211 3565 ηἰηο
2260 3510 2315 3564 in
2361 3511 2701 3567 sermonibus
2749 3514 2885 3578 suis,
2917 3521 2973 3570 et
3007 3515 3188 3571 vincet
3233 3531 3356 3572 cum
3382 3518 3652 3589 judicabi-

2083 3611 2168 3658 tur
2199 3601 2268 3656 ⁵³.
2305 3622 2324 3655 ι
2364 3602 2534 3659 Nemo
2565 3605 2766 3676 quippe
2801 3608 2909 3662 erit
2937 3608 3147 3679 integer
3175 3610 3527 3681 sordiumque
3550 3627 3651 3682 pu-
3720 3664 3722 3668 ,

2078 3707 2195 3757 rus,
2226 3694 2322 3748 sed
2374 3707 2549 3764 neque
2594 3694 2911 3765 gloriabitur
2951 3698 3234 3766 quisquam
3281 3692 3640 3756 mundum’se

2080 3782 2282 3838 habere
2339 3798 2485 3839 cor:
2542 3794 2597 3837 at
2634 3784 2812 3854 potius
2869 3798 3158 3853 arguentes
3205 3797 3258 3841 et
3308 3787 3456 3842 velut
3507 3794 3648 3860 apud

2079 3877 2285 3945 seipsos
2317 3875 2629 3945 probantes,
2664 3876 2805 3929 sitne
2858 3876 3167 3947 magnitudo
3202 3878 3395 3934 divinae
3437 3883 3649 3953 magni-

2081 3967 2313 4024 ﬁcentiae
2341 3966 2532 4033 multa,
2565 3975 2620 4021 et
2642 3966 3037 4037 amplectenda.
3080 3966 3231 4024 Sicut
3273 3979 3329 4025 et
3358 3972 3512 4029 nobis
3554 3989 3649 4030 sa-

2080 4061 2233 4130 piens
2267 4057 2464 4114 Paulus
2493 4058 2684 4114 scribit
2714 4076 2728 4114 :
2763 4077 2781 4110 ι
2816 4058 2930 4114 Non
2962 4071 3089 4116 sunt
3119 4063 3404 4135 condigna!
3437 4068 3646 4136 passio-

2082 4168 2177 4208 nes
2199 4151 2357 4221 hujus
2392 4151 2648 4218 temporis
2678 4153 2742 4205 ad
2780 4152 3017 4213 futuram
3046 4153 3269 4226 gloriam
3300 4171 3419 4224 qua:
3444 4158 3652 4213 revela-

2080 4246 2227 4299 bitur
2253 4246 2305 4297 in
2337 4243 2491 4297 nobis
2523 4240 2590 4295 ⁸³.
2623 4259 2642 4293 ›
2677 4240 2780 4308 Qui
2809 4257 2937 4312 ergo
2978 4257 3009 4296 a
3053 4243 3187 4312 legis
3224 4244 3564 4301 institutione
3593 4259 3650 4303 et

2079 4335 2495 4392 conversatione
2541 4332 2608 4387 ad
2659 4334 2978 4389 Christianae
3018 4334 3140 4390 vitae
3187 4334 3509 4407 elegantiam
3551 4354 3650 4409 per

2081 4410 2237 4484 tidem
2267 4427 2666 4496 quodammodo
2708 4424 3081 4492 traducuntur,
3132 4424 3217 4480 his
3253 4426 3523 4496 promittit
3558 4444 3646 4483 re-

395 4519 567 4591 ἡμᾶς.
590 4536 611 4569 ι
682 4516 1050 4589 ’Υπισχνεῖται
1105 4518 1391 4590 τοιγαροῦν
1445 4520 1557 4581 τοῖς
1612 4518 1678 4571 ὲκ
1741 4518 1970 4589 νομικῆς

2080 4520 2492 4590 promissionem
2528 4532 2737 4583 eorum,
2775 4518 2827 4572 in
2860 4518 3054 4587 quibus
3083 4518 3196 4589 jam
3241 4527 3370 4574 ante
3399 4518 3648 4577 offende--

394 4609 622 4682 ἀγωγῆς
670 4609 1153 4683 μεθορμιζομένοις
1198 4613 1398 4682 τρόπον
1448 4609 1569 4665 τινὰ
1602 4607 1692 4663 διὰ
1731 4609 1833 4679 τῆς
1877 4609 1970 4662 πί-

396 4720 570 4768 στεως
596 4706 677 4769 είς
698 4704 1022 4776 ἀστειότητα
1054 4705 1169 4775 βίου
1195 4705 1287 4758 τοῦ
1319 4704 1461 4758 κατά
1487 4704 1743 4775 Χριστὸν,
1780 4703 1973 4771 ἄφεσιν

391 4795 508 4851 τῶν
563 4797 665 4871 ἠδη
719 4799 1222 4871 προεπταισμένων.
1257 4798 1401 4869 Αὕτη
1446 4798 1554 4867 γὰρ
1602 4796 1828 4869 ἤμῶνή
1875 4794 1975 4865 τῆς

388 4886 614 4951 ὔλπίδος
638 4887 882 4958 ιίσὸολὴ,
921 4888 1014 4942 καὶ
1037 4890 1135 4959 τῆς
1165 4888 1312 4951 θείας
1344 4891 1422 4950 είς
1455 4888 1601 4957 ἡμᾶς
1639 4887 1976 4956 ἡμερότητος

387 4966 642 5051 ἀπαρχὴ,
689 4979 829 5052 θύρα
874 4997 935 5034 τε
967 4980 1155 5051 ὥσπερ
1185 4981 1277 5033 καὶ
1326 4979 1463 5042 ὁδός.
1504 4979 1627 5031 Ὅτι
1656 4978 1710 5030 δὲ
1738 4978 1830 5030 καὶ
1858 4979 1970 5040 τοῖς

387 5071 627 5140 είοάγαν
673 5071 1134 5144 μεμολυσμένοις,
1192 5070 1367 5124 καίτοι
1414 5071 1500 5123 ἐπ’
1545 5068 1766 5123 ἔλαττον
1812 5069 1970 5123 τοῦτο

386 5161 763 5234 νενικηκόσιν,
811 5162 1039 5234 ἀρκέσει
1072 5162 1207 5232 πρὸς
1238 5161 1614 5233 ἀποκάθαρσιν
1664 5162 1697 5231 ἡ
1742 5159 1831 5213 διὰ
1877 5160 1966 5213 πίε

386 5270 569 5327 “sui;
593 5255 776 5326 χάρις,
804 5252 1087 5309 ἀναπείθει
1111 5252 1284 5321 λέγων
1304 5270 1317 5284 ·
1350 5270 1368 5304 ι
1400 5253 1526 5307 Ἐὰν
1558 5247 1689 5307 ὦσιν
1709 5254 1764 5305 αί
1798 5253 1974 5323 ἀμαρ-

379 5350 506 5405 τίαι
530 5346 689 5420 ὑμῶν
717 5348 793 5413 ὠς
820 5345 1118 5420 φοινικοῦν,
1160 5346 1233 5410 ὡς
1282 5346 1436 5416 χιόνα
1460 5346 1704 5400 λευκανῶ
1723 5364 1737 5375 ·
1771 5346 1865 5401 ὲάν
1913 5347 1972 5401 δὲ

377 5435 527 5497 ὦσιν
554 5441 634 5505 ὡς
660 5441 933 5505 κόκκινον,
951 5441 1027 5505 ὡς
1048 5440 1192 5511 ἔριον
1217 5426 1482 5493 λευκανῶ.
1520 5459 1539 5490 ι
1588 5441 1968 5495 Δυσέκπλυτον

376 5533 497 5605 γὰρ
549 5532 707 5587 οὐδὲν
744 5533 879 5588 Θεοῦ
924 5528 1342 5604 διασμήχοντος.
1401 5532 1487 5594 Ὦς
1535 5531 1643 5602 γὰρ
1690 5534 1719 5585 ὁ
1759 5533 1969 5597 Παῦλος

375 5624 579 5697 φησιν,
623 5644 641 5676 ι
663 5615 738 5678 Οὗ
773 5623 830 5678 δὲ
867 5610 1193 5679 ἐπλεόνασεν
1230 5625 1263 5693 ἡ
1305 5621 1568 5694 ἁμαρτία,
1603 5620 1967 5694 ὑπερεπερίσ-

2077 4619 2218 4666 runt.
2258 4610 2349 4665 llla
2380 4610 2523 4664 enim
2551 4618 2635 4665 est
2670 4618 2867 4665 nostra:
2900 4609 3014 4680 spei
3059 4611 3334 4679 introitus,
3370 4622 3425 4667 et
3452 4612 3647 4669 divina:

2073 4720 2198 4773 erga
2232 4718 2329 4758 nos
2350 4702 2651 4758 clementiae
2683 4702 2951 4772 primitiae,
2984 4709 3041 4757 et
3065 4701 3229 4757 veluti
3252 4701 3418 4772 janua
3448 4718 3513 4760 ac
3534 4704 3643 4760 via.

2073 4795 2223 4852 Fidei
2256 4803 2435 4850 autem
2480 4794 2707 4865 gratiam
2755 4809 2878 4849 cum
2910 4794 2992 4848 his
3027 4794 3119 4864 qui
3174 4795 3332 4852 valde
3374 4796 3647 4867 inquinati

2074 4894 2219 4952 sunt,
2255 4895 2368 4941 tum
2421 4886 2585 4940 etiam
2630 4884 2848 4955 paulum
2892 4885 3083 4941 morbo
3121 4882 3349 4952 allectis,
3402 4888 3536 4943 satis
3574 4889 3643 4941 ad

3680 4949 3694 4981 0

2075 4980 2514 5038 emundationem
2544 4978 2830 5034 valituram
2858 4994 3002 5043 esse,
3038 4980 3196 5035 tidem
3233 4979 3382 5048 facit,
3407 4981 3594 5035 dicens
3624 4999 3639 5036 :

2081 5090 2099 5123 ι
2140 5072 2197 5128 Si
2232 5072 2342 5127 sint
2391 5080 2611 5142 peccata
2643 5079 2824 5126 vestra
2863 5079 2923 5125 ut
2972 5086 3231 5142 purpura,
3266 5070 3412 5126 velut
3465 5070 3645 5126 nivem

2076 5162 2330 5220 iualbabo
2364 5181 2380 5217 :
2408 5174 2463 5219 et
2483 5163 2529 5218 si
2555 5163 2665 5218 sint
2697 5172 2755 5217 ut
2778 5163 3085 5231 coccinum,
3117 5162 3270 5232 quasi
3306 5161 3487 5216 lanam
3510 5160 3649 5216 inal-

2076 5255 2234 5310 babo.
2273 5274 2293 5306 ι
2344 5254 2488 5309 Nihil
2547 5255 2691 5310 enim
2730 5253 3018 5310 diiIiculter
3061 5254 3282 5318 eluitur,
3318 5251 3429 5308 Deo
3461 5251 3648 5309 deter-

2078 5356 2257 5418 gente.
2290 5345 2752 5413 Quemadmodum
2798 5354 2853 5401 et
2887 5344 3085 5399 Paulus
3119 5345 3195 5399 ait
3230 5361 3245 5397 :
3293 5342 3429 5400 «Ubi
3468 5344 3646 5405 abun-

2077 5438 2227 5494 davit
2265 5434 2572 5508 peccatum,
2621 5434 3080 5508 superabundavit
3121 5442 3178 5489 et
3205 5435 3376 5504 gratia
3404 5437 3474 5492 ".
3519 5454 3542 5492 ι
3583 5435 3649 5491 Et

2078 5547 2322 5588 rursus:
2366 5548 2385 5582 ι
2417 5531 2549 5597 Quis
2600 5528 2878 5584 accusabit
2933 5526 3197 5584 adversus
3255 5530 3461 5586 electos
3513 5529 3646 5585 Dei?

2077 5626 2217 5680 Deus
2240 5625 2329 5693 qui
2357 5622 2639 5692 justiticat,
2663 5621 2787 5691 quis
2817 5629 2900 5675 est
2931 5620 3021 5691 qui
3059 5621 3384 5677 condemnet
3408 5621 3491 5674 "‘i
3519 5640 3538 5674 ι

378 5736 587 5778 σευσεν
618 5721 654 5791 ἡ
687 5719 864 5792 χάρις.
914 5722 1026 5776 Καὶ
1064 5719 1258 5776 πάλιν⁵
1304 5738 1322 5771 ι
1346 5718 1441 5782 Τίς
1472 5718 1755 5787 ἐγκαλέσει
1807 5720 1945 5791 μετά
1983 5720 2251 5777 ἐκλεκτῶν
2280 5716 2416 5772 Θεοῦ
2439 5735 2453 5785 ;
2479 5716 2610 5781 Θεὸς
2637 5718 2667 5770 ὁ
2692 5715 2939 5784 δικαιῶν,
2976 5714 3061 5779 τίς
3090 5716 3120 5769 ὀ
3156 5712 3498 5786 κατακρίνων
3520 5730 3570 5780 ς»

459 5836 509 5867 ⁸³
552 5834 739 5907 lsa.v,
767 5836 857 5891 ‘23.
933 5837 978 5869 "
1007 5838 1107 5895 lsa.
1150 5853 1204 5903 v,
1235 5834 1328 5890 20.
1404 5836 1449 5868 ⁸³
1484 5834 1626 5891 Psal.
1673 5852 1723 5901 ι,
1770 5836 1819 5889 6.
1900 5836 1943 5869 ’³

2077 5854 2140 5895 m.
2178 5852 2304 5906 rm,
2342 5836 2427 5891 18.
2503 5837 2548 5868 ⁸⁸
2583 5836 2737 5893 Rom.
2782 5851 2833 5904 v,
2874 5833 2964 5889 20.
3006 5835 3053 5868 ⁸⁸
3084 5831 3242 5890 Rom.
3283 5844 3400 5896 νηί,
3435 5828 3526 5894 33,
3554 5827 3646 5883 δι.
3674 5826 3696 5863 ¹
