4012 6216
372 379 436 433 ιτ
1384 364 1439 420 S.
1483 360 1759 419 CYBILLI
1801 356 2275 415 ALEXANDRINI
2314 356 2632 413 ARCiilEl‘.
3561 356 3631 411 48

436 497 597 552 Vnus.
646 497 735 560 19,
766 494 854 549 ΞΟ.
911 491 975 545 Et
1027 492 1071 545 si
1117 487 1405 553 volueritis,
1445 498 1491 540 et
1539 486 1585 539 si
1646 483 1946 549 audieritis,

2125 478 2232 535 Kal
2256 480 2365 533 ἐὰν
2384 478 2614 546 θέλητε,
2640 476 2734 531 καὶ
2760 473 3158 541 είσακούσητέ
3178 489 3322 541 μου,
3345 471 3417 524 τὰ
3438 441 3629 540 ἀγαθὰ

361 586 499 643 bona
537 586 643 657 22
686 595 836 641 terra:
864 582 1162 637 comedetis.
1190 579 1251 636 Si
1283 595 1397 634 vero
1430 576 1723 641 nolueritis,
1757 583 1806 629 et
1844 590 1946 630 non

339 680 675 738 .audiveritis
719 692 818 740 me,
855 675 1066 745 gladius
1094 690 1185 729 uos
1224 670 1514 727 devorabit.
1557 667 1630 724 οε
1672 667 1809 722 enim
1840 667 1949 723 Do-

335 781 347 853 “;
367 766 497 821 mini
531 766 764 821 locutum
796 772 869 818 est
899 763 1031 817 hwc.

436 896 644 952 Aﬂ‘atus
672 903 756 950 est
792 891 1067 948 Israelitas
1110 890 1482 946 universitatis
1526 888 1690 951 Deus,
1731 902 1827 957 per
1860 901 1947 942 sa-

369 987 760 1057 pientissimum
783 983 1039 1055 Moysen:
1065 1000 1083 1035 ι
1110 981 1247 1038 Ecce
1274 995 1374 1052 ego
1397 980 1552 1051 posui
1583 979 1633 1033 in
1655 987 1947 1050 eonsqectu

376 1088 470 1134 tuo
502 1077 642 1132 viam
677 1076 799 1131 vitze
827 1084 881 1130 et
921 1074 1062 1129 viam
1097 1073 1291 1129 mortis
1316 1071 1385 1125 ".
1415 1089 1434 1123 ι
1469 1070 1648 1126 Posita
1689 1069 1833 1126 enim
1862 1078 1947 1124 est

369 1171 525 1226 nobis
570 1169 638 1224 ad
680 1177 970 1238 utrumque
1001 1166 1217 1234 semita,
1268 1172 1322 1220 et
1369 1163 1577 1219 fructus
1607 1161 1945 1218 voluntatum

371 1262 633 1332 cujusque
675 1275 775 1316 ceu
811 1258 1161 1316 ﬂosculorum
1196 1266 1281 1313 est
1310 1255 1570 1325 praeclare
1598 1262 1654 1310 et
1684 1252 1942 1325 legitime.

371 1364 464 1410 aut
487 1362 677 1409 contra
714 1350 927 1421 culpate
960 1349 1164 1406 vivere.
1206 1346 1315 1403 Sed
1345 1361 1446 1402 nec
1470 1359 1591 1402 esse
1624 1352 1801 1415 potest
1827 1342 1945 1398 cui-

371 1459 531 1513 quam
581 1442 829 1507 dubium,
870 1441 1004 1511 quin
1050 1438 1106 1494 hi
1154 1438 1245 1509 qui
1278 1436 1499 1507 probam
1531 1446 1587 1491 et
1628 1433 1943 1505 praeclaram

373 1537 587 1604 Dcoque
608 1530 1041 1601 acceptissimam
1060 1528 1247 1582 vivunt
1262 1528 1448 1592 vitam,
1472 1540 1686 1596 semper
1700 1524 1768 1580 ad
1782 1523 1944 1578 vitam

371 1624 785 1681 subvehantur:
822 1620 914 1691 qui
965 1628 1145 1674 autem
1184 1615 1555 1686 voluptatibus
1594 1613 1751 1669 malis
1778 1612 1945 1667 dediti

371 1724 497 1771 sunt
516 1724 571 1769 et
593 1710 818 1776 addicti,
845 1709 1049 1765 exitum
1081 1707 1281 1762 habent
1306 1705 1614 1761 tendentem
1638 1703 1694 1757 in
1718 1702 1942 1758 exitium

374 1818 429 1862 et
467 1804 769 1861 interitum.
804 1800 990 1871 Itaque
1034 1798 1243 1853 fructus
1285 1795 1608 1851 obedientim
1639 1793 1767 1858 erit,
1802 1792 1943 1848 bona

2047 570 2158 640 τῆς
2184 570 2297 641 γῆς
2317 570 2603 639 φάγεσθε.
2646 568 2786 623 Ἐὰν
2817 566 2886 620 δὲ
2923 564 3002 636 μὴ
3038 565 3275 632 θέλητε,
3302 563 3460 633 μηδὲ
3498 565 3628 617 εἱσ-

2048 661 2352 729 ακούσητέ
2396 678 2537 730 μου,
2585 659 2850 730 μάχαιρα
2877 655 3032 727 ὑμᾶς
3062 654 3388 710 κατέδεται.
3422 654 3492 708 Τὸ
3519 657 3629 725 γὰρ

2049 754 2244 822 στόμα
2278 750 2500 821 Κυρίου
2524 749 2791 818 “cunas
2826 748 3031 802 ταῦτα.

2118 885 2557 958 Προσπεφώνηκέ
2603 900 2706 937 που
2751 885 2861 946 τοῖς
2909 882 2969 949 ἐξ
3006 881 3224 953 Ἰσραὴλ
3268 881 3298 934 6
3326 881 3436 934 τῶν
3491 880 3630 935 ὅλων

2044 977 2177 1042 Θεὸς
2215 977 2302 1031 διὰ
2333 976 2426 1031 τοῦ
2460 975 2732 1045 πανσόφου
2758 972 3020 1037 Μωσέως³
3061 989 3080 1024 t
3124 972 3254 1025 Ἰδοὺ
3281 971 3490 1026 δέδωκα
3522 972 3629 1044 πρὸ

2046 1065 2338 1138 προσώπου
2375 1083 2468 1119 σου
2496 1065 2595 1137 τὴν
2623 1063 2740 1118 ὁδὸν
2770 1064 2871 1135 τῆς
2908 1062 3075 1134 ζωῆς,
3117 1062 3212 1116 καὶ
3236 1062 3335 1133 τὴν
3364 1061 3484 1116 ὁδὸν
3532 1052 3627 1116 τοῦ

2046 1157 2298 1213 θανάτου.
2321 1177 2340 1212 s
2370 1156 2620 1212 Τέθειται
2660 1155 2770 1229 γὰρ
2798 1156 2855 1209 ἐν
2886 1155 3017 1225 ἡμῖν
3056 1155 3091 1226 ἡ
3121 1154 3207 1207 ἐπ’
3230 1154 3397 1225 ἄμφω
3418 1153 3624 1226 τρίϐος,

2044 1248 2141 1302 καὶ
2182 1248 2291 1301 τῶν
2332 1248 2564 1303 ἑκάστου
2612 1245 2991 1317 διανευμάτων
3014 1284 3029 1310 ,
3087 1246 3258 1318 ἤγουν
3304 1246 3624 1317 θελημάτων

2045 1338 2259 1407 καρπὸς
2285 1338 2351 1392 ἂν
2382 1338 2591 1409 γένοιτο
2619 1338 2680 1391 τὸ
2722 1336 3005 1391 διαϐιῶναι
3048 1337 3321 1409 λαμπρῶς
3350 1338 3445 1392 καὶ
3480 1337 3627 1392 ἐννό-

2049 1446 2183 1501 μως,
2221 1430 2389 1501 ἤγουν
2436 1430 2686 1500 ἐτεροίως
2724 1429 3172 1500 κατεψεγμένως.
3227 1428 3370 1483 Ἀλλ’
3415 1414 3516 1483 οὐκ
3558 1428 3625 1483 ἂν

2044 1520 2335 1574 ἐνδοιάσειέ
2358 1536 2462 1586 τις,
2501 1520 2577 1584 ὡς
2612 1521 2662 1574 oi
2699 1521 2796 1592 μὲν
2835 1520 2927 1574 τὸν
2958 1519 3158 1590 ἀγαθὸν
3192 1521 3285 1574 καὶ
3318 1519 3618 1574 ἀπόλεκτον

2045 1612 2140 1666 καὶ
2162 1609 2281 1682 Θεῷ
2302 1610 2616 1680 φιλαίτατον
2642 1610 2884 1681 βιοῦντες
2911 1610 3043 1681 βίον,
3082 1609 3257 1677 πάντη
3281 1627 3340 1663 τε
3362 1611 3457 1664 καὶ
3484 1610 3623 1664 πάν-

2044 1719 2153 1767 τως
2180 1701 2533 1773 καταίρουσιν
2558 1703 2638 1766 εἰς
2667 1702 2834 1774 ζωήν.
2861 1701 2989 1771 Οἶγε
3019 1701 3124 1773 μὴν
3148 1703 3270 1765 ταῖς
3297 1701 3378 1765 εἰς
3404 1701 3466 1754 τὸ
3494 1700 3639 1771 φαῦ-

2044 1794 2135 1848 λον
2163 1792 2375 1865 ἡδοναῖς
2404 1792 2726 1865 ἡττώμενοι,
2753 1793 2812 1847 τὸ
2857 1792 3009 1857 τέλος
3036 1793 3247 1863 ἔχουσιν
3276 1791 3357 1855 εἰς
3402 1790 3621 1862 δλεθρον

375 1908 533 1952 terra:
566 1892 874 1956 comedere,
902 1869 1023 1960 quas
1070 1886 1271 1943 sanctis
1311 1892 1613 1955 praeparata
1663 1890 1772 1948 est;
1797 1878 1946 1949 cujus

2051 1885 2147 1940 uel
2173 1884 2470 1941 ἀπώλειαν.
2496 1884 2820 1950 Εὐπειθείας
2845 1880 2939 1940 οῦν
2961 1882 3070 1956 ἄρα
3094 1882 3306 1956 καρπὸς
3325 1883 3386 1937 τὸ
3426 1885 3621 1952 φαγεῖν

373 1983 622 2042 meminit
647 1981 811 2037 etiam
841 1978 960 2049 ipse
981 1976 1245 2032 Dominus
1279 1983 1464 2030 uoster
1489 1972 1649 2030 Jestis
1674 1972 1943 2036 Christus,

372 2080 427 2134 in
459 2077 601 2132 hanc
630 2072 954 2129 sententiam
993 2086 1007 2123 :
1047 2085 1067 2121 ι
1094 2067 1247 2124 Beati
1280 2068 1458 2133 mites,
1483 2066 1606 2135 quia
1638 2064 1740 2136 ipsi
1773 2064 1945 2119 haere-

381 2166 629 2224 ditabunt
654 2176 853 2221 terram
880 2160 947 2217 ⁸⁸.
983 2178 1002 2212 s
1033 2158 1271 2217 Fructus
1301 2166 1480 2214 autem
1510 2156 1729 2212 malitiae
1754 2165 1807 2211 et
1824 2154 1947 2209 vitae

370 2260 673 2332 ﬂagitiosae,
713 2264 797 2313 est
837 2254 1045 2310 inutilis
1083 2251 1423 2324 poenitentia,
1460 2258 1516 2306 et
1545 2261 1615 2305 ex
1644 2249 1827 2304 divina
1869 2246 1948 2301 ira

373 2352 584 2425 gladius
614 2356 668 2404 et
702 2346 969 2410 interitus,
1000 2353 1060 2398 ut
1101 2344 1303 2399 dictum
1337 2346 1439 2408 est,
1479 2349 1534 2397 et
1571 2339 1697 2409 quid
1732 2353 1837 2392 non
1867 2337 1945 2392 is-

338 2469 347 2479 -
376 2438 629 2497 tiusmodi
678 2434 981 2492 malorum?
1008 2431 1320 2489 Orationem
1356 2443 1483 2485 vero
1527 2442 1679 2483 suam
1721 2427 1827 2481 ﬁde
1856 2425 1943 2480 di-

373 2547 532 2604 gnam
563 2543 684 2586 esse
711 2528 1047 2583 demonstrat
1096 2521 1380 2591 pr0pheta,
1424 2534 1546 2574 cum
1578 2532 1701 2579 mox
1734 2515 1896 2571 infert
1930 2534 1942 2570 :

382 2644 398 2677 ι
432 2621 507 2679 Os
545 2619 758 2678 Domini
813 2618 1057 2673 locutum
1104 2620 1187 2670 est
1234 2611 1371 2667 haec.
1410 2628 1429 2662 ι
1473 2609 1607 2665 Cum
1661 2607 1803 2664 enim
1831 2607 1947 2662 ﬁeri

376 2732 482 2771 non
510 2711 685 2784 possit
719 2719 781 2765 ut
824 2708 967 2765 Deus
993 2705 1309 2771 mentiatur,
1343 2709 1527 2757 manet
1555 2700 1698 2756 enim
1737 2713 1951 2769 semper

376 2809 516 2861 idem
550 2802 696 2873 quod
731 2809 834 2865 est,
880 2812 1072 2867 nempe
1112 2794 1359 2851 veritas:
1404 2805 1583 2847 annon
1635 2797 1720 2847 est
1762 2803 1952 2845 neces-

376 2898 519 2953 sario
556 2892 957 2963 intelligendum
991 2903 1056 2945 ea
1091 2901 1211 2959 qua:
1242 2882 1599 2957 praenuntiata
1631 2890 1778 2950 sunt,
1827 2895 1947 2937 cer-

377 2988 584 3044 tissime
615 2986 681 3040 ad
711 2985 871 3039 tinem
901 2995 1023 3037 esse
1057 2976 1425 3050 perventura?
1452 2973 1663 3032 Etenim
1692 2972 1822 3027 illud
1852 2987 1949 3027 ne—

375 3093 589 3136 cessum
660 3082 745 3132 est
806 3071 1179 3137 considerare,
1263 3068 1492 3123 miriﬁce
1554 3074 1611 3121 et
1670 3064 1951 3135 insigniter

376 3170 632 3241 prodesse
696 3177 1001 3221 sermonem
1075 3159 1491 3231 propheticum,
1565 3171 1688 3211 cum
1752 3153 1950 3210 animis

376 3259 740 3331 perfectorum
806 3260 861 3309 et
923 3260 1296 3313 maturorum,
1357 3255 1469 3301 tum
1527 3259 1716 3301 eorum
1782 3243 1947 3300 etiam

376 3348 469 3420 qui
539 3345 771 3417 genuina
834 3354 1201 3415 germanaque
1270 3338 1376 3393 iide
1443 3335 1677 3392 nondum
1752 3335 1949 3391 contir-

377 3450 614 3495 mantur.
676 3436 809 3492 Cum
874 3434 1040 3489 enim’
1088 3429 1327 3501 posuerit
1372 3426 1743 3484 universitatis
1802 3427 1947 3483 Deus

378 3533 436 3587 in
498 3527 857 3601 propensione
904 3539 1113 3591 eorum,
1170 3523 1262 3594 qui
1315 3521 1648 3585 erudiantur,
1690 3534 1813 3576 cum
1853 3521 1950 3576 bo-

377 3638 506 3697 num
541 3620 758 3692 eligere,
796 3627 908 3674 tum
947 3631 977 3672 a
1013 3615 1168 3671 malis
1202 3614 1479 3681 recedere,
1516 3613 1724 3682 liquido
1756 3612 1950 3683 probat

379 3726 563 3768 rerum
593 3709 964 3767 faciendarum
995 3713 1051 3762 et
1080 3704 1452 3778 fugiendarum
1484 3702 1724 3758 habenas
1753 3703 1949 3772 cuique

378 3803 687 3859 mortalium
717 3802 953 3865 dedisse,
994 3806 1055 3853 ut
1082 3798 1150 3852 ad
1186 3799 1239 3853 id
1278 3796 1421 3867 quod
1455 3794 1680 3867 elegerit
1713 3795 1856 3865 quis,
1885 3794 1949 3849 ii—

377 3895 506 3950 bere
538 3895 618 3949 ire
648 3899 853 3963 posset.
883 3891 1018 3945 Cum
1052 3890 1154 3944 hoc
1193 3902 1377 3943 verum
1411 3886 1501 3952 sit,
1530 3900 1665 3941 vana
1693 3886 1947 3941 nimirum

377 3993 433 4039 et
462 3983 658 4052 frigida
683 3981 855 4037 sutela
880 3989 982 4045 est,
1015 3979 1347 4034 contendere
1374 3992 1439 4033 ac
1467 3978 1670 4045 dicere,
1703 3975 1950 4032 naturale

377 4090 495 4131 esse
543 4076 597 4129 in
646 4072 867 4130 homine
902 4070 1126 4135 malum,
1161 4070 1247 4124 vel
1280 4067 1551 4124 fortunam
1606 4079 1699 4123 aut
1750 4067 1945 4134 fatum,

378 4180 472 4224 aut
498 4167 837 4224 nativitatem
869 4163 1082 4220 clavum
1117 4175 1298 4216 rerum
1345 4160 1709 4215 humanarum
1751 4160 1949 4229 guber-

378 4276 543 4327 nare,
577 4266 631 4313 et
674 4257 742 4312 ad
791 4255 933 4327 quod
970 4254 1165 4322 cuique
1199 4265 1387 4307 eorum
1426 4249 1640 4321 placet,
1676 4249 1947 4319 quoslibet

378 4367 476 4423 pro
510 4366 607 4408 suo
643 4348 908 4405 arbitratu
932 4345 1176 4416 adigere,
1224 4353 1283 4398 ut
1313 4341 1528 4408 vitium,
1569 4352 1662 4396 aut
1693 4342 1947 4396 virtutem

377 4443 581 4507 colant,
611 4455 717 4495 non
753 4440 821 4494 ad
859 4438 913 4493 id
947 4436 1251 4491 voluntario
1279 4435 1534 4504 impulsu,
1567 4434 1664 4491 sed
1692 4443 1946 4505 tanquam

2046 1977 2199 2033 ἔσται
2223 1977 2291 2033 τά
2319 1977 2498 2049 ἀγαθά
2539 1978 2639 2050 τῆς
2689 1977 2793 2049 γῆς
2841 1978 2941 2049 τῆς
2981 1980 3095 2041 τοῖς
3139 1976 3314 2047 ἁγίοις
3355 1976 3621 2048 ηὐτρεπι-

2050 2070 2274 2142 σμένης,
2319 2065 2388 2142 ἦς
2429 2070 2525 2124 καὶ
2554 2069 2716 2133 αὐτὸς
2740 2069 3103 2142 διαμέμνηται
3142 2068 3315 2138 λέγων
3359 2071 3387 2122 6
3417 2068 3621 2141 Κύριος

2048 2162 2204 2234 ἡμῶν
2232 2160 2438 2231 Ἰησοῦς
2459 2160 2692 2231 Χριστός
2709 2176 2724 2194 ο
2756 2178 2775 2211 ι
2797 2159 3068 2229 Μακάριοι
3097 2159 3146 2212 οἱ
3173 2161 3388 2230 πραεῖς,
3413 2158 3495 2213 ὅτι
3523 2160 3624 2214 αύ-
3676 2202 3679 2207 ,

2047 2253 2129 2305 τοὶ
2176 2251 2641 2325 κληρονομήσουσι
2686 2251 2785 2322 τὴν
2832 2252 2956 2323 γῆν.
2982 2269 3003 2303 s
3051 2250 3376 2321 Σκαιότητος
3422 2250 3480 2305 δὲ
3526 2250 3620 2305 καὶ

2051 2342 2169 2413 βίου
2202 2344 2683 2415 φιλαμαρτήμονος
2724 2344 2757 2413 ἠ
2795 2343 3050 2413 ἀνόνητος
3093 2343 3496 2414 ύστεροῦουλία,
3526 2344 3621 2398 καὶ

2048 2430 2116 2485 τὰ
2146 2432 2210 2484 ἐκ
2240 2430 2389 2495 θείας
2411 2432 2599 2502 ὀργῆς,
2629 2430 2874 2503 μάχαιρά
2898 2449 2957 2485 τε
2979 2432 3073 2485 καὶ
3098 2432 3338 2504 ὄλεθρος,
3362 2433 3437 2496 ὠς
3462 2433 3617 2504 ἔφην,

2051 2523 2146 2577 καὶ
2174 2522 2228 2576 τί
2257 2524 2365 2594 γὰρ
2389 2523 2509 2595 οὐχὶ
2532 2523 2787 2578 τοιούτων
2828 2523 3047 2591 κακῶν;
3084 2522 3415 2590 ’Δξιύπιστον
3447 2524 3503 2577 δέ
3527 2525 3621 2579 τὸν

2051 2611 2244 2666 ἐαυτοῦ
2292 2612 2451 2681 λόγον
2497 2614 2526 2666 6
2577 2612 2861 2683 προφήτης
2902 2611 3211 2680 ἀποφαίνει,
3260 2611 3621 2681 προσεπάγων

2052 2704 2232 2769 εὐθὺς,
2298 2704 2378 2757 ὅτι
2436 2722 2455 2755 ι
2499 2703 2574 2757 T6
2624 2703 2803 2774 στόμα
2854 2703 3057 2774 Κυρίου
3101 2702 3326 2773 ἐλάλησε
3379 2701 3616 2756 ταῦτα.»

2064 2794 2281 2865 Ἐπειδὴ
2325 2793 2381 2847 δὲ
2417 2794 2699 2865 ἀμήχανον
2740 2793 2801 2847 τὸ
2823 2791 3123 2862 ψεύσασθαι
3148 2793 3240 2845 τὸν
3275 2793 3408 2846 Θεὸν
3448 2793 3622 2864 (μένει

2052 2885 2160 2957 γάρ
2189 2886 2278 2939 ἀεὶ
2313 2883 2463 2939 τοῦθ’
2483 2885 2618 2957 ὅπερ
2648 2884 2812 2949 ἐστὶν,
2841 2880 3067 2955 ἀλήθεια
3103 2882 3160 2936 δὲ
3188 2882 3476 2955 δηλονότι),
3507 2883 3624 2948 πῶς

2050 2977 2151 3030 οὐκ
2181 2976 2392 3048 ἀνάγκη
2420 2978 2560 3032 νοεῖν
2584 2976 2665 3029 ὅτι
2693 2974 2867 3046 πάντη
2891 2991 2952 3028 τε
2983 2974 3079 3027 καὶ
3105 2972 3322 3038 πάντως
3348 2975 3427 3039 είς
3449 2973 3625 3044 πέρας

2052 3067 2425 3140 ἐκϐήσεταιτά
2445 3067 2861 3141 προηγγελμένα
2884 3085 2899 3135 ;
2921 3068 3068 3140 Πλὴν
3100 3070 3277 3123 ἐκεῖνο
3308 3066 3624 3141 περιαθρεῖν

2052 3162 2369 3231 ἀναγκαῖον,
2399 3161 2474 3225 ὡς
2492 3140 2708 3231 ὀνίνησι
2728 3161 2998 3225 πλουσίως
3028 3163 3057 3215 6
3082 3160 3417 3233 προφητικὸς
3443 3140 3619 3229 λόγος,

2049 3254 2147 3318 τάς
2168 3270 2227 3307 τε
2257 3253 2366 3309 τῶν
2394 3252 2798 3325 ἀκεραιοτέρων
2826 3252 2906 3307 ἔτι
2925 3252 3123 3323 ψυχάς,
3152 3252 3247 3306 καὶ
3270 3251 3377 3324 μὴν
3406 3252 3503 3306 καὶ
3523 3250 3621 3315 τὰς

2048 3345 2156 3398 τῶν
2187 3345 2289 3417 ἤδη
2316 3344 2553 3416 γνησίων
2582 3344 2678 3399 καὶ
2718 3344 3017 3416 ἱδρυμένων
3067 3344 3126 3397 ἐν
3153 3342 3357 3400 πίστει.
3400 3341 3619 3413 Ἐπειδὴ

2048 3434 2156 3506 γὰρ
2180 3434 2423 3488 τέθεικεν
2452 3436 2481 3487 6
2507 3433 2617 3487 τῶν
2645 3434 2783 3487 ὅλων
2816 3433 2947 3497 Θεὸς
2976 3435 3035 3486 ἐν
3064 3434 3184 3496 ταῖς
3214 3430 3321 3486 τῶν
3349 3430 3621 3499 παιδαγω-

2049 3521 2327 3591 γουμένων
2364 3524 2557 3594 ῥοπαῖς
2576 3522 2637 3577 τὺ
2664 3521 2881 3577 ἑλέσθαι
2917 3522 3017 3593 μὲν
3040 3522 3101 3575 τὸ
3129 3521 3354 3591 ἀγαθὸν,
3394 3522 3620 3590 ἀποφοι-

2049 3615 2148 3685 τᾷν
2192 3613 2249 3666 δὲ
2299 3613 2407 3668 τῶν
2442 3613 2681 3683 φαύλων,
2739 3614 3223 3685 πεπληροφόρηκεν
3266 3614 3347 3667 δτι
3380 3612 3479 3676 τὰς
3508 3610 3619 3667 τῶν

2051 3706 2339 3777 πρακτέων
2366 3706 2400 3775 ἢ
2436 3706 2511 3779 μὴ
2535 3707 2765 3761 δέδωκεν
2795 3706 3009 3778 ἑκάστῳ
3040 3705 3147 3760 τῶν
3191 3704 3284 3757 ἐπὶ
3306 3705 3411 3776 γῆς
3441 3705 3616 3777 ἡνίας,

2050 3800 2145 3853 καὶ
2186 3800 2270 3868 ἐφ’
2301 3801 2439 3869 ὅπερ
2488 3800 2554 3853 ἂν
2609 3799 2781 3854 ἐλοιτό
2821 3817 2926 3866 τις,
2977 3799 3158 3853 ἐλάσει
3207 3800 3325 3871 μετ’
3354 3798 3618 3865 ἐξουσίας.

2062 3890 2279 3961 Ἐπειδὴ
2307 3890 2363 3945 δὲ
2385 3889 2543 3944 τοῦτό
2584 3893 2732 3945 ἐστιν
2773 3891 2990 3960 ἀληθὲς,
3031 3891 3237 3943 εἰκαῖον
3266 3890 3368 3962 ήδη
3394 3891 3486 3944 καὶ
3517 3889 3622 3961 ψυ-

2049 3982 2199 4053 χρὸν,
2231 3983 2326 4035 καὶ
2365 3982 2671 4054 ραψῲδημα
2700 3982 2759 4036 τὸ
2805 3980 3167 4035 διατείνεσθαι
3210 3998 3271 4034 τε
3297 3984 3391 4033 καὶ
3418 3982 3619 4049 λέγειν,

2057 4074 2137 4126 ὅτι
2180 4075 2406 4142 φυσικὸν
2430 4076 2486 4128 ἐν
2514 4073 2783 4145 ἀνθρώπῳ
2810 4073 2871 4127 τὸ
2902 4071 3069 4126 κακόν
3091 4088 3105 4102 ·
3154 4073 3319 4144 ἤγουν
3360 4071 3443 4124 ὅτι
3482 4070 3617 4140 τύχη

2008 4187 2019 4192 ·
2050 4182 2110 4217 τε
2139 4165 2230 4217 καὶ
2249 4165 2578 4238 εἱμαρμένη,
2613 4165 2708 4221 καὶ
2736 4167 2952 4234 γένεσις
2982 4152 3402 4235 πηδαλιουχοῦσι
3430 4160 3498 4213 τά
3527 4161 3621 4214 άν-

2060 4257 2342 4330 Ορὼπινα,
2394 4259 2486 4312 καὶ
2531 4259 2665 4331 πρός
2694 4274 2757 4327 γε
2808 4259 2868 4311 τὸ
2923 4258 3126 4327 ἑκάστῃ
3159 4253 3366 4320 δοκοῦν,
3420 4252 3511 4315 οὒς
3553 4250 3619 4304 ἂν

2050 4351 2254 4404 ἕλοιντο
2306 4351 2776 4421 κατασφίγγουσαι
2822 4348 3151 4421 φαυλότητός
3188 4364 3247 4400 τε
3292 4344 3384 4399 καὶ
3419 4342 3619 4415 ἀρετῆς

2050 4440 2400 4499 ἀποτελοῦσιν
2432 4443 2686 4515 ἐργάτας,
2727 4443 2827 4497 οὐκ
2864 4441 3183 4502 ἐθελουσίοις
3224 4440 3414 4509 ῥοπαῖς
3444 4438 3621 4499 ἰόντας

378 4533 678 4592 inevitabili
720 4531 874 4587 nutui
928 4529 1195 4601 subjugati
1243 4537 1300 4584 et
1345 4527 1569 4591 subditi,
1619 4527 1945 4583 necessitate

2050 4536 2131 4598 εἰς
2151 4535 2327 4601 τοῦτο,
2355 4535 2824 4604 κατεζευγμένους
2866 4534 2923 4587 δέ
2969 4532 3158 4603 ὥσπερ
3193 4528 3459 4599 ἀφύκτοις
3496 4526 3621 4581 νεύ-

376 4623 771 4684 dominantium
804 4635 948 4691 aegre
977 4635 1041 4675 ac
1076 4618 1361 4675 diﬂiculter
1384 4617 1623 4687 impulsi.
1656 4618 1868 4673 Etenim
1899 4617 1945 4672 si

376 4717 577 4774 malum
617 4725 809 4770 natura
844 4724 948 4779 est,
996 4712 1101 4782 23
1146 4728 1210 4767 ac
1254 4712 1309 4767 in
1349 4710 1653 4767 substantia
1697 4710 1946 4776 inhaeret,

376 4820 434 4864 ut
470 4808 560 4863 isti
610 4817 900 4878 nugantur,
936 4806 1203 4875 quomodo
1241 4817 1339 4873 pro
1380 4803 1797 4872 uniuscujusque
1854 4817 1951 4858 vo-

377 4905 600 4963 luntate,
648 4899 731 4955 vel
756 4897 1059 4964 invalescit,
1091 4896 1175 4952 vel
1211 4894 1562 4951 debilitatur?
1588 4894 1645 4949 Si
1668 4895 1814 4949 enim
1839 4893 1953 4949 vel-

377 4993 477 5046 lem
514 4991 688 5046 bonus
721 5002 860 5055 esse,
896 4987 1028 5042 nihil
1079 4985 1261 5042 obstat
1313 4985 1602 5054 quominus
1645 4984 1768 5040 talis
1811 4999 1949 5055 quo-

376 5099 479 5152 que
506 5083 708 5136 videar.
759 5079 814 5134 Si
879 5079 1006 5133 item
1064 5076 1261 5142 malus,
1312 5075 1446 5130 nihil
1495 5076 1657 5131 etiam
1696 5076 1952 5146 impediet

374 5171 664 5242 quominus
720 5170 786 5224 ad
827 5169 880 5224 id
922 5169 1086 5225 etiam
1127 5166 1366 5221 delabar.
1407 5164 1503 5221 Ubi
1560 5166 1772 5221 tandem
1837 5167 1949 5222 for-

374 5268 524 5314 tuna:
581 5269 636 5315 et
697 5260 795 5314 fati
854 5257 1065 5314 virtus?
1095 5256 1162 5311 Et
1215 5270 1334 5325 qua:
1389 5265 1475 5309 est
1523 5254 1610 5309 illa
1669 5256 1944 5323 nativitas,

376 5365 497 5423 quae
551 5350 646 5406 ulli
701 5351 980 5408 hominum
1037 5347 1378 5403 necessitatis
1428 5346 1617 5418 jugum
1672 5348 1942 5418 imponit,

377 5440 422 5496 si
475 5441 633 5497 modo
677 5443 776 5497 hoc
832 5441 1098 5510 cujusque
1165 5437 1490 5493 voluntatem
1547 5448 1827 5508 sequatur,
1887 5447 1946 5493 ut

376 5542 691 5607 praestantes
740 5531 1137 5598 obedientiam,
1205 5531 1345 5585 bona
1386 5539 1545 5587 terra:
1605 5531 1947 5588 comedam?

454 5743 497 5775 ⁸⁷
524 5752 680 5808 Deut.
707 5765 838 5815 xxx,
864 5751 951 5804 i3.
1030 5750 1075 5780 ⁵⁸
1130 5747 1315 5801 Matth.
1350 5764 1401 5811 ν,
1429 5748 1484 5801 4.

2050 4638 2205 4691 μασι,
2240 4623 2335 4675 καὶ
2373 4623 2725 4693 δυσφορήτως
2754 4623 2976 4693 ἔχοντας
3013 4623 3079 4691 τῇ
3123 4620 3232 4673 τῶν
3275 4617 3624 4691 κρατούντων

2046 4714 2279 4784 ἀνάγκῃ.
2333 4715 2396 4785 Ei
2423 4713 2532 4785 γὰρ
2580 4713 2739 4783 φύσει
2771 4715 2833 4767 τὺ
2878 4712 3067 4778 κακὸν,
3120 4712 3215 4765 καὶ
3258 4709 3624 4765 ὲνυπόστατόν

2047 4802 2216 4867 ἐστιν,
2268 4802 2342 4867 ὡς
2380 4783 2511 4871 γοῦν
2557 4804 2750 4855 ἐκεῖνοι
2796 4801 3087 4873 ληροῦντές
3134 4816 3301 4870 φασι·
3349 4800 3467 4864 πῶς
3513 4800 3625 4862 τοῖς

2048 4894 2280 4949 ἑκάστου
2311 4895 2577 4967 θελήμασι
2606 4890 2930 4966 κρατύνεταὶ
2956 4911 3017 4948 τε
3039 4895 3134 4948 καὶ
3164 4894 3411 4959 ἀσθενεῖ;
3446 4894 3493 4945 εί
3516 4893 3626 4961 γάρ

2050 4987 2272 5057 ἑλοίμην
2324 4984 2464 5040 εἶναι
2509 4986 2761 5057 χρηστὸς,
2830 4987 2892 5040 τὸ
2937 4986 3149 5042 κωλύον
3198 4988 3350 5041 οὐδὲν
3398 4983 3624 5057 ὁρᾶσθαι

2048 5076 2307 5131 τοιοῦτον.
2340 5079 2403 5131 El
2443 5078 2501 5131 δὲ
2533 5078 2596 5149 δὴ
2626 5078 2721 5131 καὶ
2748 5079 3002 5151 πονηρὸς,
3039 5079 3350 5151 ἀπείρξειεν
3385 5078 3452 5131 ἂν
3474 5075 3625 5129 οὐδὲν

2050 5170 2146 5223 καὶ
2168 5170 2305 5241 πρός
2340 5186 2403 5238 γε
2444 5168 2601 5223 τοῦτο
2625 5169 2983 5228 κατολισθεῖν.
3013 5171 3124 5227 Ποῦ
3167 5172 3224 5225 δέ
3248 5171 3311 5240 δὴ
3337 5166 3503 5235 τύχης
3532 5163 3623 5216 καὶ

2048 5260 2388 5331 εἱμαρμένης
2415 5260 2448 5331 ἡ
2490 5258 2716 5331 δύναμις
2739 5276 2754 5327 ;
2790 5261 2824 5334 ἢ
2852 5261 2980 5315 ποία
3005 5277 3091 5323 τις
3117 5258 3328 5325 γένεσις
3371 5253 3624 5319 ἐπιφέρει

2046 5350 2157 5404 τισὶ
2183 5350 2273 5403 τὸν
2305 5349 2365 5415 ἐξ
2388 5351 2633 5423 ἀνάγκης
2655 5354 2839 5422 ζυγὸν,
2866 5355 2916 5406 ει
2938 5354 3049 5413 τοῖς
3071 5347 3300 5401 ἑκάστου
3325 5339 3626 5412 θελήμασιν

2051 5443 2353 5510 ἀκολουθεῖ,
2381 5445 2477 5498 καὶ
2500 5446 2562 5500 τὸ
2589 5448 2784 5516 φαγεῖν
2814 5445 2882 5498 τά
2911 5442 3089 5510 ἀγαθὰ
3120 5438 3219 5507 τῆς
3245 5438 3349 5507 γῆς
3381 5429 3627 5506 πληροῦν

2054 5533 2342 5606 ἑλομένους
2369 5534 2467 5607 τὴν
2498 5536 2763 5607 ὑπακοὴν,
2799 5534 2892 5589 καὶ
2915 5530 3022 5602 μὴν
3066 5526 3160 5583 καὶ
3191 5526 3251 5581 τὸ
3281 5525 3444 5599 ἔργον
3471 5520 3622 5593 γενέ·
