4012 6216
330 338 473 423 \ta

1575 332 1641 389 IN
1682 329 1913 388 [SAIAM
1953 328 1988 384 L

2123 328 2167 389 Ι.
2207 328 2418 385 ORAT.
2456 327 2497 383 Ι.
3590 325 3658 383 89

342 436 350 451 ”
400 452 532 506 σθαι
574 451 673 521 τῆς
725 449 999 524 μαχαίρας
1046 447 1152 519 (1),
1200 451 1249 503 εἰ
1287 452 1396 514 τοῖς
1434 449 1597 513 θείοις
1639 447 1981 519 ἀντεξάγοιεν

2090 443 2325 514 adeoque
2352 441 2529 512 gladio
2558 445 2803 511 pereant,
2848 439 2893 495 si
2934 452 3031 510 per
3079 435 3499 494 inobedientiam
3528 451 3653 507 per-

391 542 592 612 νόμοις
624 541 685 595 τὸ
715 540 938 606 ἀπειθὲς
967 539 1062 595 καὶ
1088 540 1384 612 δυσήκοον;

478 632 614 698 Πῶς
646 632 886 702 ἐγένετο
910 632 1102 700 πόρνη
1132 634 1311 697 πόλις
1339 632 1525 701 πιστὴ
1554 631 1727 697 Σιὼν,
1747 631 1985 702 πλήρης

402 724 668 792 κρίσεως
685 740 707 788 ;
736 724 882 792 πρὶν
914 724 953 792 ἠ
982 723 1334 791 δικαιοσύνη
1379 722 1663 792 ἐκοιμήθη
1693 724 1763 777 ἐν
1785 722 1941 793 αὐτῇ
1965 764 1981 789 ,

405 815 528 867 νῦν
559 813 629 867 δὲ
655 814 963 882 φονευται.

480 901 914 973 Καταθαυμάζει
962 901 1163 974 τρόπον
1212 901 1335 956 τινὰ
1384 902 1488 973 τῆς
1540 903 1811 958 Ἰουδαίων
1860 919 1984 958 συν-

406 992 638 1063 αγωγῆς
666 991 763 1063 τὴν
781 990 925 1045 οὕτω
958 991 1183 1063 σαθρὰν,
1209 992 1301 1046 καὶ
1329 992 1430 1046 οὐκ
1462 995 1780 1064 εὐάφορμον
1815 1011 1983 1064 μετα-

404 1072 599 1154 ϐολὴν,
627 1082 728 1152 τῆς
761 1082 845 1147 είς
879 1101 943 1152 γε
974 1082 1042 1137 τὰ
1076 1083 1262 1156 χείρω,
1295 1086 1470 1158 φημὶ,
1511 1087 1606 1142 καὶ
1633 1086 1733 1157 τὴν
1780 1088 1846 1141 ὲκ
1875 1087 1985 1141 τῶν

407 1172 718 1243 ἀμεινόνων
745 1174 824 1236 είς
844 1176 911 1228 τὰ
945 1174 1141 1245 αίσχίω
1177 1176 1531 1246 μετάστασιν.
1559 1178 1730 1250 Νόμῳ
1755 1178 1855 1250 μὲν
1874 1180 1983 1253 γὰρ

408 1264 494 1335 τῷ
523 1264 614 1318 διὰ
646 1265 892 1328 Μωσέως
934 1266 1034 1336 τὴν
1066 1265 1160 1320 τοῦ
1197 1269 1565 1341 συμφέροντος
1595 1270 1797 1339 γνῶσιν
1838 1274 1987 1326 ὲπαι-

407 1355 602 1409 δεύετο
622 1356 773 1420 ,”καὶ
801 1358 879 1419 είς
912 1357 1118 1411 ἕκαστα
1156 1359 1264 1412 τῶν
1312 1361 1602 1432 πρακτέων
1630 1362 1987 1435 διακομιστὴν

410 1445 647 1515 ἔχουσαν
678 1445 769 1499 τὸν
796 1445 890 1499 τοῦ
917 1446 1051 1500 Θεοῦ
1082 1446 1261 1516 λόγον,
1303 1449 1533 1522 λαμπρὰ
1564 1453 1657 1506 καὶ
1684 1453 1984 1523 εὐδοκιμω-

411 1537 551 1605 τάτη
577 1575 592 1597 ,
622 1536 718 1590 καὶ
759 1536 1085 1606 ἀξιάγαστος
1112 1534 1181 1611 ἦν
1201 1540 1527 1609 ,πλείστοις
1571 1543 1717 1607 ὅσοις
1760 1544 1986 1617 ἀνδράσι

412 1624 754 1696 διαπρεπὴς,
785 1624 867 1691 οἷς
895 1630 923 1681 ὁ
952 1629 1049 1700 τῆς
1080 1630 1429 1702 δικαιοσύνης
1457 1634 1669 1704 καρπὸς
1711 1636 1985 1707 ὲπήνθησε

419 1715 715 1779 πλουσίως,
755 1718 848 1770 καὶ
884 1717 1211 1790 ἁξιόληπτος
1255 1714 1323 1792 ἦν
1357 1720 1435 1792 τῷ
1477 1722 1616 1793 Θεῷ.
1648 1718 1830 1777 Ἦσαν
1876 1725 1975 1796 μὲν

417 1806 526 1877 γὰρ
569 1807 629 1858 ὲν
663 1807 799 1877 αὐτῇ
832 1788 1111 1891 προφῆται
1160 1826 1219 1862 τε
1270 1788 1363 1863 καὶ
1395 1788 1581 1883 ἱερεῖς,
1624 1814 1855 1868 καὶτῶν
1876 1788 1985 1886 ’τῆς
2016 1788 2058 1843 Β

412 1894 762 1966 δικαιοσύνης
801 1895 979 1967 ἔργων
1011 1897 1336 1969 μελεδωνοὶ,
1380 1902 1471 1957 καὶ
1519 1903 1663 1958 λαῶν
1692 1904 1984 1976 ἡγούμενοι

414 1986 775 2054 φυλάττοντες
800 1986 1001 2056 κρίσιν,
1027 1990 1121 2042 καὶ
1150 1990 1312 2071 νόμον
1343 1991 1560 2063 ἔχοντες
1587 1994 1680 2049 ἐπὶ
1712 1994 1983 2067 γλώττης,

414 2076 514 2129 καὶ
556 2075 742 2146 τρόπῳ
783 2076 947 2130 παντὶ
982 2078 1201 2150 χρηστῷ
1232 2096 1292 2133 τε
1339 2082 1434 2137 καὶ
1464 2082 1655 2154 ἀγαθῷ
1689 2085 1984 2155 κατηγλαῖ·

422 2163 639 2234 σμένοι.
684 2160 819 2219 Εἶτα
863 2166 972 2220 τῶν
1019 2168 1276 2224 τοιούτων
1316 2171 1575 2226 ἁπάντων
1623 2174 1985 2246 ἑστερημένη,

430 2254 635 2326 μᾶλλον
670 2256 769 2326 τῆς
797 2257 1018 2328 ἀρχαίας
1050 2260 1267 2330 ἐκείνης
1298 2261 1601 2328 ἐπιεικείας
1631 2264 1844 2335 ἀλογεῖν
1870 2267 1987 2321 ἐλο-

426 2345 591 2418 μένη,
623 2347 715 2400 καὶ
753 2347 943 2421 θεμένη
981 2353 1111 2423 παρ’
1146 2352 1298 2406 οὐδὲν
1319 2352 1421 2424 τὴν
1453 2355 1533 2417 είς
1556 2353 1690 2410 Θεὸν
1715 2357 1871 2423 αίδῶ,
1891 2359 1987 2412 καὶ

415 2438 699 2510 ἀγάπησιν
724 2440 828 2511 πρὸ
855 2441 956 2512 μὲν
971 2443 1068 2514 τῆς
1091 2443 1185 2496 τοῦ
1215 2443 1475 2516 Σωτῆρος
1499 2447 1533 2516 ή
1543 2445 1659 2516 μῶν
1688 2447 1987 2520 ἐπιδημίας

413 2532 830 2604 προσκεκύνηκε
868 2537 980 2598 τοῖς
1021 2534 1095 2606 μὴ
1135 2534 1293 2605 φύσει
1330 2536 1491 2602 θεοῖς,
1526 2537 1619 2592 τὸν
1660 2538 1757 2592 ἕνα
1802 2557 1863 2593 τε
1893 2540 1989 2595 καί

411 2621 635 2695 ἀληθῶς
669 2624 947 2696 Δεσπότην
972 2627 1090 2688 ταῖς
1137 2626 1218 2689 είς
1241 2625 1400 2680 τοῦτο
1435 2627 1715 2697 πορνείαις
1740 2628 1989 2694 ἐκτόπως

411 2713 864 2787 περιυϐρίζουσα.
894 2717 1006 2771 Καὶ
1032 2712 1122 2771 οἷά
1159 2734 1244 2782 τις
1268 2716 1587 2783 πολύκοινος
1629 2720 1723 2774 καὶ
1759 2719 1988 2792 σεσοϐη-

420 2804 556 2875 μένη
587 2805 725 2876 γυνὴ
756 2805 897 2861 κατὰ
946 2806 1172 2870 πολλοὺς
1200 2806 1436 2880 ἠσέϐησε
1471 2811 1726 2881 τρόπους.
1766 2810 1989 2864 Ἀλλοτε

419 2891 598 2957 ἄλλοις
638 2894 1010 2967 προσκειμένη
1050 2898 1421 2969 καθηγηταῖς,
1474 2899 1612 2970 πρὸς
1660 2902 1769 2955 πᾶν
1811 2900 1990 2954 ὁτιοῦν

418 2983 526 3037 τῶν
573 2985 978 3058 ἀπηχθημένων
1026 2989 1175 3060 παρὰ
1217 2988 1351 3043 Θεοῦ
1394 2990 1731 3063 διακομίζειν
1769 2992 1987 3048 εἰδόσιν.

2087 536 2460 605 vicaciamque
2491 532 2689 589 divinis
2720 532 2932 601 legibus
2956 529 3347 586 adversentur?

2158 624 2322 681 Vsus.
2362 624 2454 683 21.
2491 623 2763 690 Quomodo
2804 621 2950 690 facta
2982 630 3059 680 est
3105 622 3352 678 meretrix
3395 618 3544 688 Sion,
3585 624 3659 673 ri-

2086 715 2216 770 uilas
2242 713 2436 784 ﬁdelis,
2471 714 2623 783 plena
2642 712 2876 781 judicii?
2905 711 2972 767 In
3007 728 3111 781 qua
3148 712 3361 782 iustitia
3393 711 3654 773 dormivit,

2084 807 2142 859 in
2164 822 2225 860 ea
2255 821 2391 859 nunc
2425 804 2722 859 homicidia.

2154 895 2467 951 Admiratur
2489 894 2886 966 quodammodo
2919 892 3156 949 Judaicre
3185 892 3483 965 Synagngze
3526 892 3660 946 adeo

2084 987 2364 1042 ﬂaccidam
2428 994 2484 1042 et
2541 985 2802 1041 lubricam
2859 985 3233 1050 mutationem,
3295 986 3657 1038 mutationem

2087 1079 2209 1135 dico
2234 1087 2291 1134 et
2324 1079 2607 1134 transitum
2642 1079 2695 1133 in
2734 1077 3027 1146 deteriora,
3059 1088 3111 1133 et
3159 1092 3224 1132 ex
3263 1075 3574 1131 melioribus
3604 1074 3658 1130 in

2088 1172 2356 1245 turpiora.
2397 1171 2475 1228 Ex
2547 1169 2711 1229 Musis
2754 1170 3020 1241 siquidem
3070 1169 3205 1241 lege,
3248 1167 3492 1224 notitiam
3541 1164 3657 1234 ejus

2085 1268 2226 1335 quod
2257 1264 2387 1321 utile
2424 1272 2528 1331 est,
2568 1263 2863 1319 docebatur
2903 1279 2917 1315 :
2964 1271 3169 1317 etcum
3212 1260 3305 1316 Dei
3352 1272 3658 1316 sermonem

2087 1356 2241 1427 quasi
2275 1354 2667 1411 internuntium
2701 1365 2756 1409 et
2785 1351 3125 1408 tabellarium
3157 1350 3401 1415 haberet,
3435 1350 3528 1419 qui
3549 1348 3664 1403 sino

2086 1452 2210 1522 gula
2247 1464 2367 1520 quae
2396 1449 2603 1521 agenda
2635 1455 2761 1505 sunt
2806 1445 3036 1503 referret
3080 1456 3136 1501 et
3179 1446 3509 1515 deportaret,
3552 1441 3667 1495 iliu-

2087 1541 2215 1597 stris
2245 1556 2309 1597 ac
2360 1539 2774 1610 spectatissima,
2829 1546 2884 1593 et
2929 1536 3289 1592 admiratione
3327 1534 3491 1603 digna
3544 1532 3662 1593 fuit.

2045 1649 2150 1688 -ac
2204 1631 2531 1704 percelebris
2596 1630 2735 1701 apud
2784 1627 3209 1699 quantplurimos
3269 1626 3553 1692 homines,
3612 1624 3664 1677 in

2086 1724 2281 1795 quibus
2323 1722 2545 1792 iustitiae
2599 1721 2808 1777 fructus
2851 1718 3130 1790 opulenter
3178 1726 3233 1773 et
3282 1716 3484 1771 affatim
3521 1715 3667 1769 rmo-

2089 1816 2218 1883 ruit,
2249 1823 2472 1885 eratque
2505 1813 2616 1869 Deo
2649 1820 2890 1881 accepta.
2927 1810 3267 1865 Exstitcrunt
3320 1810 3465 1864 enim
3502 1807 3556 1862 in
3602 1821 3667 1860 ca

2092 1906 2370 1977 prophetae
2395 1920 2459 1960 ac
2482 1905 2811 1970 sacerdotes,
2844 1911 2899 1958 et
2934 1903 3025 1973 qui
3069 1900 3295 1973 justitiac
3350 1898 3667 1954 muneribus

2087 1998 2484 2068 fungebantur:
2513 1994 2875 2050 multitudinis
2920 2006 3134 2063 quoque
3174 1989 3432 2061 praefecti,
3479 1989 3666 2056 iudicii

2090 2098 2305 2145 tenaces
2357 2097 2412 2144 et
2472 2087 2723 2145 custodes
2783 2084 3021 2153 fuerunt,
3074 2085 3353 2153 legemque
3388 2084 3441 2136 in
3484 2082 3664 2151 lingua

2088 2180 2411 2244 habuerunt,
2457 2180 2613 2236 bonis
2663 2177 3073 2247 commodisque
3131 2173 3372 2229 moribus
3412 2172 3666 2227 omnibus

2090 2269 2363 2326 honestati
2389 2280 2444 2326 et
2488 2269 2753 2326 exornati.
2795 2268 2878 2323 Ad
2917 2276 3221 2323 extremum
3276 2279 3405 2319 vero
3449 2263 3537 2318 his
3584 2272 3666 2317 tot.

2089 2375 2155 2418 ac
2187 2362 2351 2419 tantis
2409 2360 2598 2426 bouis,
2653 2370 2709 2416 et
2762 2360 2983 2429 antiqua
3043 2358 3177 2415 adeo
3231 2356 3316 2411 illa
3370 2356 3662 2427 probitate,

2089 2452 2242 2523 quasi
2277 2452 2492 2514 orbata,
2527 2451 2938 2532 inconsiderate.
2967 2449 3160 2505 maluit
3207 2462 3387 2520 agere,
3438 2456 3494 2502 et
3540 2446 3669 2502 reli-

2089 2545 2301 2616 gionem
2331 2559 2394 2601 ac
2422 2544 2776 2600 reverentiam
2804 2558 2933 2614 erga
2962 2542 3128 2599 Deum
3172 2554 3523 2612 amoremque
3568 2556 3666 2610 pro

2092 2636 2260 2692 nihilo
2282 2636 2430 2691 duxit
2458 2645 2624 2707 atque
2664 2635 3010 2707 contempsit.
3058 2633 3334 2705 Siquidem
3373 2642 3499 2688 ante
3542 2632 3646 2688 Ser

2089 2726 2296 2782 vatoris
2358 2725 2528 2782 nostri
2586 2725 2901 2789 adventum,
2951 2724 3196 2781 adoravit
3259 2725 3400 2780 haud
3473 2732 3670 2778 natum

2091 2817 2220 2873 deos
2248 2834 2263 2872 :
2298 2831 2463 2872 unum
2498 2826 2678 2872 autem
2713 2827 2769 2873 et
2799 2831 2929 2873 vere
2965 2817 3255 2893 Dominum
3287 2816 3667 2872 fornicationi.

2092 2909 2192 2965 bus
2224 2910 2278 2964 in
2310 2908 2411 2965 hoc
2439 2909 2672 2980 repertis
2705 2909 2867 2978 impie
2901 2909 3125 2974 laedens,
3160 2916 3213 2964 et
3242 2917 3499 2979 tanquam
3543 2923 3670 2978 pro-

2091 3000 2277 3081 stituta
2324 3002 2588 3069 quaepiam
2652 3014 2717 3054 ac
2766 3001 2966 3055 lasciva
3011 3000 3204 3054 mulier
3257 3000 3440 3056 multis
3475 3000 3669 3057 variis-

415 3076 666 3175 Δίτιᾶται
697 3075 830 3145 γοῦν
882 3076 1052 3148 αὐτὴν
1086 3078 1174 3133 διὰ
1217 3081 1400 3150 φωνῆς
1440 3082 1702 3154 Ἰερεμίου
1750 3083 1924 3153 λέγων
1960 3085 1988 3136 ὀ

2093 3104 2199 3160 que
2228 3076 2409 3147 modis
2444 3091 2607 3163 impia
2646 3092 2764 3157 l‘uir,
2807 3092 2941 3148 alias
2979 3093 3100 3147 aliis
3146 3093 3520 3149 adhaerescens
3572 3093 3672 3148 do-

412 3163 527 3216 τῶν
549 3163 686 3218 ὅλων
708 3164 841 3229 Θεός
860 3180 875 3195 ’
906 3183 928 3220 ι
966 3166 1071 3219 Ἴδε
1106 3166 1142 3221 ἃ
1169 3168 1391 3240 ἐποίησέ
1423 3187 1514 3240 μοι
1543 3173 1577 3243 ή
1617 3174 1869 3227 κατοικία
1892 3172 1987 3227 τοῦ

2094 3179 2359 3248 ctoribus,
2380 3182 2475 3251 qui
2500 3181 2567 3238 ad
2605 3183 2822 3253 quidvis
2879 3184 2987 3240 lico
3034 3184 3263 3248 invisum
3311 3182 3678 3254 infestumque

430 3257 670 3331 Ἰσραὴλ,
722 3259 1063 3332 ὲπεπορεύθη
1114 3262 1207 3316 ἐπὶ
1271 3265 1380 3318 πᾶν
1432 3265 1556 3338 ὅρος
1610 3267 1835 3340 ὑψηλὸν,
1894 3271 1991 3325 καὶ

417 3349 679 3405 ὑποκάτω
723 3351 925 3416 παντὸς
966 3352 1124 3420 ξύλου
1172 3354 1467 3423 ἀλσώδους,
1516 3360 1609 3413 καὶ
1664 3362 1991 3434 ἔπόρνευσεν

419 3443 556 3495 ἐκεῖ.
590 3461 611 3494 ι
644 3443 757 3497 Καὶ
792 3444 957 3499 πάλιν
1000 3444 1077 3509 ὡς
1122 3446 1257 3518 πρὸς
1301 3448 1509 3522 αὐτήν*
1555 3470 1575 3505 ι
1620 3452 1747 3507 Ἐὰν
1794 3453 1990 3520 ἐξαπο-

422 3531 618 3606 στέλλῃ
649 3533 786 3606 ἀνὴρ
813 3533 912 3607 τὴν
939 3539 1170 3605 γυναῖκα
1198 3540 1387 3607 αὐτοῦ,
1417 3542 1511 3596 καὶ
1552 3542 1860 3599 ἀπελθοῦσα
1889 3546 1984 3600 ἀπ’

422 3624 589 3678 αὑτοῦ
615 3625 840 3698 γένηται
865 3627 1018 3699 ἀνδρὶ
1049 3629 1239 3702 ἑτέρῳ,
1266 3631 1339 3703 μὴ
1374 3633 1829 3692 ἀνακαλύπτουσα
1855 3639 1987 3693 ἀνα-

428 3712 660 3783 καλύψει
684 3715 816 3786 πρὸς
852 3716 1016 3771 αὐτὸν
1046 3718 1155 3785 Eri;
1189 3720 1251 3773 οὐ
1297 3724 1595 3797 μαινομένη
1634 3727 1989 3799 μιανθήσεται

434 3804 574 3877 γυνὴ
607 3806 821 3878 ἐκείνῃ
858 3808 951 3863 καὶ
978 3810 1042 3864 σὺ
1073 3811 1469 3885 ὲξεπύρνευσας
1501 3818 1560 3870 ὲν
1598 3819 1821 3888 ποιμέσι
1861 3821 1986 3875 πολ-

429 3899 564 3967 λοῖς,
585 3900 678 3953 καὶ
705 3900 1070 3966 ἀνεκάλυπτες
1099 3903 1235 3975 πρός
1275 3922 1364 3976 με,
1392 3907 1540 3977 λέγει
1573 3910 1801 3983 Κύριος.
1820 3907 1887 3967 Ἀ
1898 3931 1989 3986 ρον

420 3992 555 4055 τοὺς
581 3991 885 4066 ὀφθαλμούς
923 4013 1015 4050 σου
1054 3999 1138 4071 είς
1179 3999 1418 4066 εὐθεῖαν,
1469 4003 1565 4057 καὶ
1608 4003 1705 4069 ῐδε,
1747 4002 1851 4059 ποῦ
1889 4007 1989 4061 οὐκ

419 4082 746 4157 ἑξεφύρθης,
774 4087 869 4141 ἐπὶ
895 4089 1016 4152 ταῖς
1043 4089 1183 4154 ὁδοῖς
1210 4091 1469 4159 ὲκάθισας
1500 4095 1704 4162 αὐτοῖς,
1736 4096 1868 4150 ὡσεὶ
1896 4115 1987 4151 κο-

417 4171 569 4245 ρώνη
596 4176 657 4230 ιν
679 4177 873 4249 ἐρήμῳ
904 4180 1058 4252 μόνῃ.
1096 4182 1205 4236 Καὶ
1241 4183 1471 4254 έμίανας
1507 4186 1604 4258 τὴν
1641 4190 1748 4259 γῆν
1778 4191 1837 4245 ὲν
1867 4193 1988 4256 ταῖς

415 4267 701 4336 πορνείαις
728 4285 842 4336 σου,
870 4270 965 4325 καὶ
1002 4275 1059 4327 έν
1105 4276 1227 4339 ταῖς
1258 4277 1476 4343 κακίαις
1524 4297 1639 4348 σου,
1686 4281 1782 4336 καὶ
1832 4282 1989 4355 ἔσχες

364 4363 371 4370 ’
416 4356 683 4427 ποιμένας
715 4359 944 4425 πολλοὺς
970 4363 1050 4427 εἰς
1071 4362 1401 4436 πρόσκομμα
1426 4371 1822 4441 σεαυτῇ.”οψις
1854 4374 1988 4445 πόρ-

2094 3271 2357 3328 adducere
2380 3283 2669 3329 noverant.
2713 3274 2948 3330 Accusat
2984 3274 3165 3345 itaque
3212 3274 3358 3330 illam
3408 3275 3677 3330 universi-

2094 3361 2220 3417 tatis
2269 3361 2409 3417 Deus
2450 3375 2582 3418 voce
2612 3360 2863 3419 Jeremize
2904 3381 2917 3419 :
2960 3383 2979 3417 ι
3010 3363 3130 3420 Scis
3189 3378 3309 3434 quas
3369 3361 3497 3419 fecit
3541 3361 3675 3419 mihi

2092 3451 2282 3508 domus
2304 3452 2469 3509 Israel
2502 3470 2515 3510 :
2539 3454 2791 3521 abierunt
2817 3457 2883 3512 ad
2904 3470 3116 3512 onmem
3142 3465 3378 3513 montem
3401 3455 3673 3511 excelsum

2091 3552 2144 3598 et
2177 3544 2278 3601 sub
2312 3545 2460 3601 omni
2499 3544 2645 3616 ligno
2688 3544 2948 3603 frondoso
2993 3548 3218 3604 scortati
3268 3558 3396 3602 sunt
3430 3549 3497 3606 ".
3544 3566 3563 3600 ι
3606 3547 3672 3602 Ει

2094 3650 2279 3693 rursus
2310 3638 2462 3708 quasi
2490 3639 2558 3695 ad
2590 3639 2776 3695 illam:
2818 3659 2836 3693 ι
2874 3639 2935 3695 Si
2968 3640 3233 3697 dimiserit
3279 3641 3402 3711 quis
3446 3654 3669 3695 uxorem

2093 3741 2265 3792 suam,
2283 3741 2455 3799 eaque
2478 3731 2739 3787 recedens
2764 3731 2966 3797 abillo,
2986 3733 3154 3786 nubat
3177 3732 3292 3785 viro
3313 3730 3489 3795 alteri,
3518 3746 3673 3786 num-

2091 3817 2218 3885 quid
2249 3828 2530 3874 revertens
2570 3830 2875 3876 revertetur
2907 3819 3016 3892 24
3051 3822 3118 3876 ad
3155 3821 3312 3876 cum?
3353 3834 3532 3877 nonne
3558 3821 3672 3890 pol-

2092 3908 2202 3962 luta
2229 3907 2498 3977 polluetur
2525 3923 2663 3965 uxor
2691 3908 2814 3965 illa?
2852 3910 2919 3965 Et
2963 3921 3017 3966 tu
3054 3911 3317 3968 fornicata
3368 3928 3428 3968 es
3478 3912 3531 3967 in
3578 3927 3673 3981 pa-

2092 3998 2334 4055 storibus
2364 3999 2567 4068 multis,
2600 4006 2654 4058 et
2684 4002 3047 4059 revertebaris
3076 4004 3142 4059 ad
3173 4018 3277 4069 me,
3317 4004 3449 4060 dicit
3479 4004 3667 4059 Domi.
3762 4001 3774 4012 “

2093 4103 2217 4149 nus.
2245 4088 2445 4146 Attolle
2473 4090 2662 4149 oculos
2708 4101 2830 4150 tuos
2877 4093 2934 4149 in
2985 4105 3217 4163 rectum,
3277 4104 3332 4151 et
3376 4096 3517 4161 vide,
3581 4094 3669 4151 ubi

2093 4196 2202 4238 non
2229 4192 2586 4253 conspurcata
2609 4185 2706 4241 sis.
2736 4185 2794 4240 ln
2818 4186 2919 4242 viis
2951 4188 3177 4243 sedebas
3208 4187 3309 4255 eis,
3351 4187 3505 4256 quasi
3550 4201 3672 4242 cor-

2089 4272 2182 4327 nix
2235 4272 2517 4344 solitaria;
2574 4276 2812 4346 polluisti
2888 4287 3087 4333 terram
3137 4279 3191 4334 in
3252 4277 3672 4335 scortationibus

2091 4365 2220 4431 tuis,
2245 4377 2300 4421 et
2339 4366 2392 4421 in
2421 4367 2621 4425 malitia
2657 4364 2821 4424 tua.‘i
2881 4369 3124 4426 Habuisti
3169 4378 3417 4441 pastores
3476 4370 3672 4427 multos

414 4462 517 4516 νης
559 4447 775 4518 ἐγένετό
809 4467 923 4518 σοι,
966 4454 1511 4530 ἀπηνῃσχύνῐτ]ησας
1558 4462 1697 4533 πρὸς
1730 4465 1988 4529 πάντας.»

2099 4458 2151 4514 in
2182 4458 2534 4517 oli‘ensionem
2556 4462 2650 4519 tibi
2681 4462 2806 4533 ipsi.
2835 4459 3029 4518 Facies
3061 4462 3365 4519 meretricis
3401 4462 3543 4518 facta
3589 4473 3673 4517 est

416 4539 896 4615 Καταφρονήσασα
937 4545 1067 4616 γὰρ,
1112 4547 1188 4612 ὠς
1230 4547 1387 4620 ἔφην,
1431 4551 1532 4621 τῆς
1580 4554 1684 4608 ὑπὸ
1720 4555 1839 4628 Θεῷ
1870 4558 1992 4613 δου-

413 4628 589 4696 λείας,
617 4632 888 4704 ἐτράπετο
917 4635 1051 4706 πρὸς
1080 4637 1378 4694 ἀπόστασιν
1397 4642 1624 4708 καὶτοῖς
1652 4646 1990 4721 ἀκαθάρτοις

413 4722 715 4795 πνεύμασι,
739 4725 832 4779 καὶ
856 4730 969 4791 τοῖς
991 4730 1098 4784 τῶν
1118 4731 1353 4786 είδώλων
1380 4734 1765 4806 θεραπευταῖς,
1786 4741 1985 4811 ἐχρῆτο

414 4815 645 4886 ποιμέσι
679 4817 775 4871 καὶ
805 4819 1164 4887 διδασκάλοις.
1199 4824 1309 4879 Καὶ
1341 4827 1502 4881 ταυτί
1544 4828 1643 4899 μὲν
1663 4869 1677 4895 ,
1711 4831 1787 4895 ὡς
1828 4831 1986 4904 ἔφην,

414 4906 529 4975 πρὸ
580 4904 681 4976 τῆς
726 4907 824 4962 τοῦ
865 4909 1122 4983 Σωτῆρος
1173 4913 1330 4984 ἡμῶν
1385 4915 1680 4987 ἐπιδημίας
1731 4920 1829 4990 τῆς
1882 4921 1988 4975 τῶν

304 5044 323 5053 κ
426 4993 699 5051 Ἰουδαίων
722 4998 1053 5071 Συναγωγῆς
1073 5000 1142 5055 τὰ
1167 5004 1331 5075 ὲγκλή
1340 5022 1505 5075 ματα.
1543 5007 1763 5081 Ἐπειδὴ
1793 5010 1850 5064 δὲ
1878 5012 1989 5075 τοῖς

409 5085 511 5139 ἐπὶ
561 5085 664 5158 τῆς
699 5088 801 5160 γῆς
853 5090 1170 5162 ἐπέλαμψεν
1217 5094 1246 5146 ὁ
1294 5095 1530 5165 Χριστὸς
1582 5096 1839 5167 (ὲπέφανε
1880 5098 1990 5172 γὰρ

330 5222 345 5229 -
406 5178 572 5247 ἡμῖν,
605 5179 748 5261 κατὰ
769 5180 831 5234 τὸ
853 5182 1257 5254 γεγραμμένον,
1278 5184 1408 5249 Θεὸς
1437 5186 1687 5258 Κύριος),
1717 5189 1816 5242 οὐκ
1841 5189 1990 5261 αύτῷ

414 5258 624 5339 μᾶλλον
653 5271 853 5347 εχρῆτο
885 5275 1148 5349 παιδευτῇ
1171 5294 1185 5310 ·
1214 5279 1478 5350 τετίμηκε
1522 5279 1577 5333 δὲ
1621 5258 1988 5350 διδασκαλίας,

410 5361 727 5434 ἐντάλματα
774 5364 1111 5437 ἀνθρώπων
1149 5371 1243 5424 καὶ
1288 5370 1379 5425 τὸν
1411 5371 1575 5426 καλὸν
1619 5374 1817 5441 ἀφεῖσα
1873 5391 1993 5428 ποι-

480 5542 529 5573 ⁶⁹
562 5539 762 5598 Jerem.
805 5559 890 5603 ιιι.
915 5543 966 5600 6.
1046 5546 1090 5581 ⁶⁰
1114 5546 1242 5601 ibid.
1284 5547 1332 5609 ί,
1359 5547 1412 5613 2,
1448 5545 1500 5599 5.

484 5679 567 5745 (Ι)
599 5677 905 5752 ίιυῐηῐῐοιίη
932 5683 1153 5736 materia
1173 5690 1221 5736 el
1252 5698 1377 5746 opus
1409 5682 1538 5750 ﬁant
1565 5682 1750 5752 gladii.
1774 5682 1979 5737 Tritum

406 5752 557 5816 apud
590 5746 809 5808 Grmcos
853 5750 1099 5821 loquendi
1152 5769 1338 5821 genus.
1384 5746 1589 5808 llcliml'.
1630 5754 1720 5808 lib.
1755 5768 1792 5820 ι,
1823 5752 1983 5822 ἔργον

2044 4613 2050 4619 ,
2094 4551 2210 4618 tibi,
2244 4553 2362 4609 sine
2390 4552 2586 4609 rubore
2639 4552 2780 4609 facta
2823 4569 2884 4610 es
2914 4553 2980 4608 ad
3014 4568 3203 4611 omnes
3245 4553 3314 4610 ‘°.
3366 4572 3386 4605 ι
3429 4554 3665 4617 Etenim,

2095 4643 2170 4699 uti
2201 4643 2467 4712 dixeram,
2507 4645 2711 4700 cultum
2765 4644 3007 4700 divinum
3062 4654 3369 4715 aspernata,
3419 4644 3472 4700 in
3539 4659 3669 4713 apn-
3746 4664 3756 4671 ·

2095 4735 2323 4791 stasiam
2350 4749 2612 4791 conversa
2637 4743 2720 4790 est
2767 4751 2782 4788 :
2814 4748 2877 4791 ac
2910 4734 3219 4806 pastoribus
3253 4734 3672 4802 doctoribusqnc
3750 4764 3753 4765 ν

2098 4841 2195 4882 usa
2222 4836 2327 4893 est,
2362 4826 2590 4896 impuris
2638 4825 2919 4897 spiritibus
2953 4834 3008 4884 et
3049 4825 3315 4883 idolorum
3355 4824 3670 4881 cultoribus.

2097 4918 2241 4982 llaec.
2276 4919 2347 4973 ita
2367 4927 2425 4974 ιιι
2447 4917 2579 4983 dixi,
2604 4916 2973 4974 fueruntante
3021 4918 3331 4975 Scrvatoris
3376 4916 3666 4971 adventrum

2096 5009 2662 5081 Judaicae-Synagogte
2693 5010 2922 5066 scelera.
2951 5009 3241 5078 Postquam
3272 5021 3400 5063 vero
3422 5007 3474 5059 in
3511 5005 3672 5061 terris

2097 5102 2345 5157 Christus
2365 5099 2580 5168 cﬂ'nlsit,
2606 5102 2854 5173 apparuit
2880 5101 3022 5157 enim
3051 5099 3205 5155 nobis
3222 5098 3360 5152 Deus
3381 5095 3669 5163 Dominus,

2100 5204 2158 5250 ut
2192 5194 2453 5264 scriptum
2488 5203 2590 5260 est,
2633 5210 2739 5248 non
2784 5190 2935 5249 iﬂum
2969 5191 3212 5247 adtribuit
3258 5199 3667 5259 pra'ceptorent,

2100 5282 2193 5337 sed
2221 5281 2588 5351 coluitpotius
2623 5282 2918 5345 doctrinas,
2958 5281 3205 5335 mandata
3251 5278 3564 5346 hominum;
3610 5295 3675 5335 ac

2098 5375 2237 5429 bono
2263 5384 2478 5444 pastore
2507 5375 2808 5444 repudiato,
2842 5373 2931 5443 qui
2958 5372 3022 5425 ad
3047 5370 3225 5425 omnia
3260 5372 3674 5441 praeclarissima

2092 5682 2343 5751 γενέσθαι
2374 5681 2629 5752 πολέμου*
2665 5680 2881 5753 Syncs.,
2921 5682 3079 5756 ἔργον
3111 5686 3359 5755 γενέσθαι
3406 5686 3675 5753 συκοφάν-

2093 5769 2208 5809 του.
