  <div class='ocr_page' id='page_1' title='image "/cluster/home/n/w/nwhite01/storage/ocr_20150623/70/hvd.32044073501991/031.png"; bbox 0 0 4012 6216; ppageno 0'>
   <div class='ocr_carea' id='block_1_1' title="bbox 385 281 3644 354">
    <p class='ocr_par' dir='ltr' id='par_1_1' title="bbox 385 281 3644 354">
     <span class='ocr_line' id='line_1_1' title="bbox 385 281 3644 354; baseline 0.005 -16"><span class='ocrx_word' id='word_1_1' title='bbox 385 281 451 338; x_wconf 71' lang='grc'><strong>51</strong></span> <span class='ocrx_word' id='word_1_2' title='bbox 1411 286 1470 342; x_wconf 89' lang='lat' dir='ltr'><strong>S.</strong></span> <span class='ocrx_word' id='word_1_3' title='bbox 1512 287 1784 345; x_wconf 78' lang='lat' dir='ltr'><strong>CYRILLI</strong></span> <span class='ocrx_word' id='word_1_4' title='bbox 1824 291 2292 349; x_wconf 74' lang='lat' dir='ltr'><strong>ALEXANDRINI</strong></span> <span class='ocrx_word' id='word_1_5' title='bbox 2329 295 2648 351; x_wconf 74' lang='lat' dir='ltr'><strong>ARCHIEP.</strong></span> <span class='ocrx_word' id='word_1_6' title='bbox 3572 299 3644 354; x_wconf 77' lang='lat'><strong>52</strong></span> 
     </span>
    </p>
   </div>
   <div class='ocr_carea' id='block_1_2' title="bbox 388 377 1943 483">
    <p class='ocr_par' dir='ltr' id='par_1_2' title="bbox 388 377 1943 465">
     <span class='ocr_line' id='line_1_2' title="bbox 388 377 1943 465; baseline 0.009 -15"><span class='ocrx_word' id='word_1_7' title='bbox 388 394 638 451; x_wconf 89' lang='lat' dir='ltr'><strong>instituta</strong></span> <span class='ocrx_word' id='word_1_8' title='bbox 688 397 985 465; x_wconf 75' lang='lat' dir='ltr'><strong>perducere</strong></span> <span class='ocrx_word' id='word_1_9' title='bbox 1035 407 1279 465; x_wconf 79' lang='lat' dir='ltr'><strong>noverat,</strong></span> <span class='ocrx_word' id='word_1_10' title='bbox 1328 401 1534 460; x_wconf 86' lang='lat' dir='ltr'><strong>Scribis</strong></span> <span class='ocrx_word' id='word_1_11' title='bbox 1576 417 1631 461; x_wconf 90' lang='lat' dir='ltr'><strong>et</strong></span> <span class='ocrx_word' id='word_1_12' title='bbox 1668 377 1943 465; x_wconf 65' lang='lat' dir='ltr'><strong>Pharisati:</strong></span> 
     </span>
    </p>
   </div>
   <div class='ocr_carea' id='block_1_3' title="bbox 2045 377 3643 483">
    <p class='ocr_par' dir='ltr' id='par_1_3' title="bbox 2063 410 3643 483">
     <span class='ocr_line' id='line_1_3' title="bbox 2063 410 3643 483; baseline -0.001 -16"><span class='ocrx_word' id='word_1_13' title='bbox 2063 412 2223 483; x_wconf 87' lang='grc' dir='ltr'>μένα,</span> <span class='ocrx_word' id='word_1_14' title='bbox 2258 413 2349 468; x_wconf 81' lang='grc' dir='ltr'>τὸν</span> <span class='ocrx_word' id='word_1_15' title='bbox 2379 414 2462 479; x_wconf 86' lang='grc' dir='ltr'><strong>είς</strong></span> <span class='ocrx_word' id='word_1_16' title='bbox 2506 415 2616 468; x_wconf 83' lang='grc' dir='ltr'><strong>πᾶν</strong></span> <span class='ocrx_word' id='word_1_17' title='bbox 2646 410 2823 467; x_wconf 79' lang='grc' dir='ltr'><strong>ὁτιοῦν</strong></span> <span class='ocrx_word' id='word_1_18' title='bbox 2858 410 2969 465; x_wconf 89' lang='grc' dir='ltr'><strong>τῶν</strong></span> <span class='ocrx_word' id='word_1_19' title='bbox 3002 413 3239 478; x_wconf 85' lang='grc' dir='ltr'>ἀρίστων</span> <span class='ocrx_word' id='word_1_20' title='bbox 3282 411 3643 483; x_wconf 76' lang='grc' dir='ltr'><strong>ἀποκομίζειν</strong></span> 
     </span>
    </p>
   </div>
   <div class='ocr_carea' id='block_1_4' title="bbox 385 483 1961 563">
    <p class='ocr_par' dir='ltr' id='par_1_4' title="bbox 385 483 1961 563">
     <span class='ocr_line' id='line_1_4' title="bbox 385 483 1961 563; baseline 0.01 -25"><span class='ocrx_word' id='word_1_21' title='bbox 385 483 723 556; x_wconf 85' lang='lat' dir='ltr'><strong>agglutinata</strong></span> <span class='ocrx_word' id='word_1_22' title='bbox 755 496 860 552; x_wconf 87' lang='lat' dir='ltr'><strong>est,</strong></span> <span class='ocrx_word' id='word_1_23' title='bbox 892 497 947 544; x_wconf 87' lang='lat' dir='ltr'><strong>et</strong></span> <span class='ocrx_word' id='word_1_24' title='bbox 973 486 1218 563; x_wconf 55' lang='lat' dir='ltr'><strong>,addicta.</strong></span> <span class='ocrx_word' id='word_1_25' title='bbox 1263 489 1420 547; x_wconf 87' lang='lat' dir='ltr'><strong>Hunc</strong></span> <span class='ocrx_word' id='word_1_26' title='bbox 1450 495 1517 548; x_wconf 91' lang='lat' dir='ltr'><strong>ad</strong></span> <span class='ocrx_word' id='word_1_27' title='bbox 1558 497 1773 552; x_wconf 87' lang='lat' dir='ltr'><strong>modum</strong></span> <span class='ocrx_word' id='word_1_28' title='bbox 1810 514 1961 554; x_wconf 90' lang='lat' dir='ltr'><strong>scor-</strong></span> 
     </span>
    </p>
   </div>
   <div class='ocr_carea' id='block_1_5' title="bbox 386 577 1960 656">
    <p class='ocr_par' dir='ltr' id='par_1_5' title="bbox 386 577 1960 656">
     <span class='ocr_line' id='line_1_5' title="bbox 386 577 1960 656; baseline 0.01 -28"><span class='ocrx_word' id='word_1_29' title='bbox 386 583 496 630; x_wconf 84' lang='lat' dir='ltr'><strong>tata</strong></span> <span class='ocrx_word' id='word_1_30' title='bbox 521 584 624 642; x_wconf 85' lang='lat' dir='ltr'><strong>est,</strong></span> <span class='ocrx_word' id='word_1_31' title='bbox 651 577 865 632; x_wconf 88' lang='lat' dir='ltr'><strong>etiamsi</strong></span> <span class='ocrx_word' id='word_1_32' title='bbox 896 577 978 631; x_wconf 80' lang='lat' dir='ltr'><strong>lex</strong></span> <span class='ocrx_word' id='word_1_33' title='bbox 1018 586 1073 634; x_wconf 88' lang='lat' dir='ltr'><strong>et</strong></span> <span class='ocrx_word' id='word_1_34' title='bbox 1097 580 1376 649; x_wconf 73' lang='lat' dir='ltr'><strong>propheta:</strong></span> <span class='ocrx_word' id='word_1_35' title='bbox 1404 582 1605 640; x_wconf 90' lang='lat' dir='ltr'><strong>Christi</strong></span> <span class='ocrx_word' id='word_1_36' title='bbox 1646 589 1960 656; x_wconf 82' lang='lat' dir='ltr'><strong>mysterium</strong></span> 
     </span>
    </p>
   </div>
   <div class='ocr_carea' id='block_1_6' title="bbox 382 663 1959 748">
    <p class='ocr_par' dir='ltr' id='par_1_6' title="bbox 382 663 1959 748">
     <span class='ocr_line' id='line_1_6' title="bbox 382 663 1959 748; baseline 0.011 -32"><span class='ocrx_word' id='word_1_37' title='bbox 382 663 432 717; x_wconf 89' lang='lat' dir='ltr'><strong>ei</strong></span> <span class='ocrx_word' id='word_1_38' title='bbox 460 664 837 734; x_wconf 86' lang='lat' dir='ltr'><strong>praedicerent,</strong></span> <span class='ocrx_word' id='word_1_39' title='bbox 866 675 922 720; x_wconf 89' lang='lat' dir='ltr'><strong>et</strong></span> <span class='ocrx_word' id='word_1_40' title='bbox 944 665 1120 736; x_wconf 84' lang='lat' dir='ltr'><strong>ipsum</strong></span> <span class='ocrx_word' id='word_1_41' title='bbox 1149 667 1460 726; x_wconf 79' lang='lat' dir='ltr'><strong>adfuturum</strong></span> <span class='ocrx_word' id='word_1_42' title='bbox 1492 675 1779 744; x_wconf 82' lang='lat' dir='ltr'><strong>aliquando</strong></span> <span class='ocrx_word' id='word_1_43' title='bbox 1819 692 1959 748; x_wconf 78' lang='lat' dir='ltr'><strong>pra:-</strong></span> 
     </span>
    </p>
   </div>
   <div class='ocr_carea' id='block_1_7' title="bbox 383 753 1961 831">
    <p class='ocr_par' dir='ltr' id='par_1_7' title="bbox 383 753 1961 831">
     <span class='ocr_line' id='line_1_7' title="bbox 383 753 1961 831; baseline 0.01 -24"><span class='ocrx_word' id='word_1_44' title='bbox 383 755 721 809; x_wconf 88' lang='lat' dir='ltr'><strong>nuntiarent.</strong></span> <span class='ocrx_word' id='word_1_45' title='bbox 753 772 773 805; x_wconf 77' lang='grc' dir='ltr'><strong>ι</strong></span> <span class='ocrx_word' id='word_1_46' title='bbox 807 753 1086 820; x_wconf 82' lang='lat' dir='ltr'><strong>Quomodo</strong></span> <span class='ocrx_word' id='word_1_47' title='bbox 1109 757 1290 828; x_wconf 90' lang='lat' dir='ltr'><strong>igitur,</strong></span> <span class='ocrx_word' id='word_1_48' title='bbox 1328 778 1347 811; x_wconf 72' lang='grc' dir='ltr'><strong>ι</strong></span> <span class='ocrx_word' id='word_1_49' title='bbox 1388 760 1584 831; x_wconf 91' lang='lat' dir='ltr'><strong>inquit,</strong></span> <span class='ocrx_word' id='word_1_50' title='bbox 1618 781 1637 815; x_wconf 78' lang='grc' dir='ltr'><strong>ι</strong></span> <span class='ocrx_word' id='word_1_51' title='bbox 1687 764 1828 819; x_wconf 80' lang='lat' dir='ltr'><strong>facta</strong></span> <span class='ocrx_word' id='word_1_52' title='bbox 1876 775 1961 822; x_wconf 86' lang='lat' dir='ltr'><strong>est</strong></span> 
     </span>
    </p>
   </div>
   <div class='ocr_carea' id='block_1_8' title="bbox 380 844 1954 922">
    <p class='ocr_par' dir='ltr' id='par_1_8' title="bbox 380 844 1954 922">
     <span class='ocr_line' id='line_1_8' title="bbox 380 844 1954 922; baseline 0.007 -21"><span class='ocrx_word' id='word_1_53' title='bbox 380 846 646 901; x_wconf 81' lang='lat' dir='ltr'><strong>meretrix</strong></span> <span class='ocrx_word' id='word_1_54' title='bbox 680 844 874 901; x_wconf 79' lang='lat' dir='ltr'><strong>civitas</strong></span> <span class='ocrx_word' id='word_1_55' title='bbox 907 845 1080 902; x_wconf 89' lang='lat' dir='ltr'><strong>ﬁdelis</strong></span> <span class='ocrx_word' id='word_1_56' title='bbox 1111 846 1262 916; x_wconf 88' lang='lat' dir='ltr'><strong>Sion,</strong></span> <span class='ocrx_word' id='word_1_57' title='bbox 1295 851 1449 919; x_wconf 89' lang='lat' dir='ltr'><strong>plena</strong></span> <span class='ocrx_word' id='word_1_58' title='bbox 1489 852 1731 922; x_wconf 86' lang='lat' dir='ltr'><strong>judicio?</strong></span> <span class='ocrx_word' id='word_1_59' title='bbox 1769 874 1788 908; x_wconf 76' lang='grc' dir='ltr'><strong>ι</strong></span> <span class='ocrx_word' id='word_1_60' title='bbox 1822 856 1954 912; x_wconf 83' lang='lat' dir='ltr'><strong>Per-</strong></span> 
     </span>
    </p>
   </div>
   <div class='ocr_carea' id='block_1_9' title="bbox 380 931 1954 1018">
    <p class='ocr_par' dir='ltr' id='par_1_9' title="bbox 380 931 1954 1018">
     <span class='ocr_line' id='line_1_9' title="bbox 380 931 1954 1018; baseline 0.011 -33"><span class='ocrx_word' id='word_1_61' title='bbox 380 931 509 987; x_wconf 85' lang='lat' dir='ltr'><strong>inde</strong></span> <span class='ocrx_word' id='word_1_62' title='bbox 551 942 636 989; x_wconf 88' lang='lat' dir='ltr'><strong>est</strong></span> <span class='ocrx_word' id='word_1_63' title='bbox 661 948 726 989; x_wconf 91' lang='lat' dir='ltr'><strong>ac</strong></span> <span class='ocrx_word' id='word_1_64' title='bbox 751 936 797 990; x_wconf 88' lang='lat' dir='ltr'><strong>si</strong></span> <span class='ocrx_word' id='word_1_65' title='bbox 833 936 1037 992; x_wconf 88' lang='lat' dir='ltr'><strong>diceret</strong></span> <span class='ocrx_word' id='word_1_66' title='bbox 1070 957 1084 994; x_wconf 91' lang='lat'><strong>:</strong></span> <span class='ocrx_word' id='word_1_67' title='bbox 1123 938 1252 1005; x_wconf 72' lang='lat' dir='ltr'><strong>Quae</strong></span> <span class='ocrx_word' id='word_1_68' title='bbox 1308 949 1390 997; x_wconf 91' lang='lat' dir='ltr'><strong>tot</strong></span> <span class='ocrx_word' id='word_1_69' title='bbox 1430 944 1497 997; x_wconf 88' lang='lat' dir='ltr'><strong>ad</strong></span> <span class='ocrx_word' id='word_1_70' title='bbox 1546 945 1954 1018; x_wconf 88' lang='lat' dir='ltr'><strong>intelligendum</strong></span> 
     </span>
    </p>
   </div>
   <div class='ocr_carea' id='block_1_10' title="bbox 383 1024 1958 1107">
    <p class='ocr_par' dir='ltr' id='par_1_10' title="bbox 383 1024 1958 1107">
     <span class='ocr_line' id='line_1_10' title="bbox 383 1024 1958 1107; baseline 0.012 -30"><span class='ocrx_word' id='word_1_71' title='bbox 383 1024 703 1080; x_wconf 87' lang='lat' dir='ltr'><strong>occasiones</strong></span> <span class='ocrx_word' id='word_1_72' title='bbox 762 1027 995 1098; x_wconf 88' lang='lat' dir='ltr'><strong>accepit,</strong></span> <span class='ocrx_word' id='word_1_73' title='bbox 1058 1028 1168 1084; x_wconf 90' lang='lat' dir='ltr'><strong>imo</strong></span> <span class='ocrx_word' id='word_1_74' title='bbox 1222 1045 1353 1088; x_wconf 92' lang='lat' dir='ltr'><strong>vero</strong></span> <span class='ocrx_word' id='word_1_75' title='bbox 1413 1049 1531 1103; x_wconf 65' lang='lat' dir='ltr'><strong>quae</strong></span> <span class='ocrx_word' id='word_1_76' title='bbox 1586 1036 1958 1107; x_wconf 85' lang='lat' dir='ltr'><strong>spiritualibus</strong></span> 
     </span>
    </p>
   </div>
   <div class='ocr_carea' id='block_1_11' title="bbox 377 1112 1957 1201">
    <p class='ocr_par' dir='ltr' id='par_1_11' title="bbox 377 1112 1957 1201">
     <span class='ocr_line' id='line_1_11' title="bbox 377 1112 1957 1201; baseline 0.012 -32"><span class='ocrx_word' id='word_1_77' title='bbox 377 1112 704 1183; x_wconf 70' lang='lat' dir='ltr'><strong>adiumentis</strong></span> <span class='ocrx_word' id='word_1_78' title='bbox 762 1117 1088 1185; x_wconf 85' lang='lat' dir='ltr'><strong>abundavit,</strong></span> <span class='ocrx_word' id='word_1_79' title='bbox 1131 1122 1186 1179; x_wconf 91' lang='lat' dir='ltr'><strong>in</strong></span> <span class='ocrx_word' id='word_1_80' title='bbox 1223 1124 1582 1183; x_wconf 77' lang='lat' dir='ltr'><strong>defectionem</strong></span> <span class='ocrx_word' id='word_1_81' title='bbox 1636 1139 1692 1186; x_wconf 92' lang='lat' dir='ltr'><strong>et</strong></span> <span class='ocrx_word' id='word_1_82' title='bbox 1739 1141 1957 1201; x_wconf 83' lang='lat' dir='ltr'><strong>aposta-</strong></span> 
     </span>
    </p>
   </div>
   <div class='ocr_carea' id='block_1_12' title="bbox 379 1205 1954 1290">
    <p class='ocr_par' dir='ltr' id='par_1_12' title="bbox 379 1205 1954 1290">
     <span class='ocr_line' id='line_1_12' title="bbox 379 1205 1954 1290; baseline 0.013 -30"><span class='ocrx_word' id='word_1_83' title='bbox 379 1205 515 1261; x_wconf 86' lang='lat' dir='ltr'><strong>siam</strong></span> <span class='ocrx_word' id='word_1_84' title='bbox 544 1207 789 1276; x_wconf 81' lang='lat' dir='ltr'><strong>deﬂuxit,</strong></span> <span class='ocrx_word' id='word_1_85' title='bbox 808 1210 934 1267; x_wconf 90' lang='lat' dir='ltr'><strong>olim</strong></span> <span class='ocrx_word' id='word_1_86' title='bbox 972 1212 1146 1271; x_wconf 89' lang='lat' dir='ltr'><strong>ﬁdelis</strong></span> <span class='ocrx_word' id='word_1_87' title='bbox 1182 1225 1239 1272; x_wconf 89' lang='lat' dir='ltr'><strong>et</strong></span> <span class='ocrx_word' id='word_1_88' title='bbox 1280 1216 1504 1288; x_wconf 62' lang='lat' dir='ltr'><strong>justitiam.</strong></span> <span class='ocrx_word' id='word_1_89' title='bbox 1536 1222 1851 1290; x_wconf 80' lang='lat' dir='ltr'><strong>operatrix?</strong></span> <span class='ocrx_word' id='word_1_90' title='bbox 1875 1224 1954 1281; x_wconf 38' lang='lat' dir='ltr'><strong>&#39;ln</strong></span> 
     </span>
    </p>
   </div>
   <div class='ocr_carea' id='block_1_13' title="bbox 379 1298 1954 1386">
    <p class='ocr_par' dir='ltr' id='par_1_13' title="bbox 379 1298 1954 1386">
     <span class='ocr_line' id='line_1_13' title="bbox 379 1298 1954 1386; baseline 0.014 -36"><span class='ocrx_word' id='word_1_91' title='bbox 379 1312 489 1386; x_wconf 78' lang='lat' dir='ltr'><strong>qua</strong></span> <span class='ocrx_word' id='word_1_92' title='bbox 535 1298 747 1368; x_wconf 74' lang='lat' dir='ltr'><strong>iustitia</strong></span> <span class='ocrx_word' id='word_1_93' title='bbox 782 1301 1070 1370; x_wconf 82' lang='lat' dir='ltr'><strong>habitavit,</strong></span> <span class='ocrx_word' id='word_1_94' title='bbox 1098 1307 1202 1364; x_wconf 91' lang='lat' dir='ltr'><strong>hoc</strong></span> <span class='ocrx_word' id='word_1_95' title='bbox 1234 1318 1336 1374; x_wconf 88' lang='lat' dir='ltr'><strong>est,</strong></span> <span class='ocrx_word' id='word_1_96' title='bbox 1372 1310 1455 1364; x_wconf 82' lang='lat' dir='ltr'><strong>lex</strong></span> <span class='ocrx_word' id='word_1_97' title='bbox 1487 1313 1794 1382; x_wconf 81' lang='lat' dir='ltr'><strong>conquievit</strong></span> <span class='ocrx_word' id='word_1_98' title='bbox 1831 1315 1954 1386; x_wconf 91' lang='lat' dir='ltr'><strong>(do-</strong></span> 
     </span>
    </p>
   </div>
   <div class='ocr_carea' id='block_1_14' title="bbox 381 1378 1954 1469">
    <p class='ocr_par' dir='ltr' id='par_1_14' title="bbox 381 1378 1954 1469">
     <span class='ocr_line' id='line_1_14' title="bbox 381 1378 1954 1469; baseline 0.013 -27"><span class='ocrx_word' id='word_1_99' title='bbox 381 1378 644 1446; x_wconf 83' lang='lat' dir='ltr'><strong>micilium</strong></span> <span class='ocrx_word' id='word_1_100' title='bbox 691 1392 835 1447; x_wconf 88' lang='lat' dir='ltr'><strong>enim</strong></span> <span class='ocrx_word' id='word_1_101' title='bbox 895 1396 1163 1464; x_wconf 88' lang='lat' dir='ltr'><strong>quoddam</strong></span> <span class='ocrx_word' id='word_1_102' title='bbox 1215 1399 1333 1469; x_wconf 82' lang='lat' dir='ltr'><strong>ejus</strong></span> <span class='ocrx_word' id='word_1_103' title='bbox 1380 1400 1501 1467; x_wconf 77' lang='lat' dir='ltr'><strong>fuit,</strong></span> <span class='ocrx_word' id='word_1_104' title='bbox 1554 1378 1639 1459; x_wconf 82' lang='lat' dir='ltr'><strong>his</strong></span> <span class='ocrx_word' id='word_1_105' title='bbox 1674 1378 1954 1463; x_wconf 80' lang='lat' dir='ltr'><strong>elementis</strong></span> 
     </span>
    </p>
   </div>
   <div class='ocr_carea' id='block_1_15' title="bbox 380 1478 1953 1558">
    <p class='ocr_par' dir='ltr' id='par_1_15' title="bbox 380 1478 1953 1558">
     <span class='ocr_line' id='line_1_15' title="bbox 380 1478 1953 1558; baseline 0.013 -26"><span class='ocrx_word' id='word_1_106' title='bbox 380 1478 571 1546; x_wconf 86' lang='lat' dir='ltr'><strong>primis</strong></span> <span class='ocrx_word' id='word_1_107' title='bbox 611 1484 821 1539; x_wconf 90' lang='lat' dir='ltr'><strong>erudita</strong></span> <span class='ocrx_word' id='word_1_108' title='bbox 862 1485 1198 1558; x_wconf 87' lang='lat' dir='ltr'><strong>multitudo),</strong></span> <span class='ocrx_word' id='word_1_109' title='bbox 1238 1505 1384 1548; x_wconf 91' lang='lat' dir='ltr'><strong>nunc</strong></span> <span class='ocrx_word' id='word_1_110' title='bbox 1409 1490 1465 1547; x_wconf 88' lang='lat' dir='ltr'><strong>in</strong></span> <span class='ocrx_word' id='word_1_111' title='bbox 1502 1507 1565 1549; x_wconf 87' lang='lat' dir='ltr'><strong>ea</strong></span> <span class='ocrx_word' id='word_1_112' title='bbox 1609 1494 1953 1552; x_wconf 89' lang='lat' dir='ltr'><strong>diversantur</strong></span> 
     </span>
    </p>
   </div>
   <div class='ocr_carea' id='block_1_16' title="bbox 379 1569 1951 1658">
    <p class='ocr_par' dir='ltr' id='par_1_16' title="bbox 379 1569 1951 1658">
     <span class='ocr_line' id='line_1_16' title="bbox 379 1569 1951 1658; baseline 0.013 -34"><span class='ocrx_word' id='word_1_113' title='bbox 379 1569 701 1629; x_wconf 65' lang='lat' dir='ltr'><strong>homicidae?</strong></span> <span class='ocrx_word' id='word_1_114' title='bbox 735 1576 979 1633; x_wconf 81' lang='lat' dir='ltr'><strong>Audisne</strong></span> <span class='ocrx_word' id='word_1_115' title='bbox 1010 1594 1154 1643; x_wconf 88' lang='lat' dir='ltr'><strong>eum,</strong></span> <span class='ocrx_word' id='word_1_116' title='bbox 1182 1580 1403 1652; x_wconf 82' lang='lat' dir='ltr'><strong>reliquis</strong></span> <span class='ocrx_word' id='word_1_117' title='bbox 1435 1585 1687 1641; x_wconf 84' lang='lat' dir='ltr'><strong>omnibus</strong></span> <span class='ocrx_word' id='word_1_118' title='bbox 1725 1597 1951 1658; x_wconf 71' lang='lat' dir='ltr'><strong>praster-</strong></span> 
     </span>
    </p>
   </div>
   <div class='ocr_carea' id='block_1_17' title="bbox 377 1662 1949 1737">
    <p class='ocr_par' dir='ltr' id='par_1_17' title="bbox 377 1662 1949 1737">
     <span class='ocr_line' id='line_1_17' title="bbox 377 1662 1949 1737; baseline 0.013 -20"><span class='ocrx_word' id='word_1_119' title='bbox 377 1662 582 1732; x_wconf 90' lang='lat' dir='ltr'><strong>missis,</strong></span> <span class='ocrx_word' id='word_1_120' title='bbox 612 1666 884 1723; x_wconf 88' lang='lat' dir='ltr'><strong>actionem</strong></span> <span class='ocrx_word' id='word_1_121' title='bbox 915 1670 1076 1727; x_wconf 67' lang='lat' dir='ltr'><strong>caedis</strong></span> <span class='ocrx_word' id='word_1_122' title='bbox 1114 1671 1221 1727; x_wconf 87' lang='lat' dir='ltr'><strong>illis</strong></span> <span class='ocrx_word' id='word_1_123' title='bbox 1253 1673 1558 1731; x_wconf 85' lang='lat' dir='ltr'><strong>intentare?</strong></span> <span class='ocrx_word' id='word_1_124' title='bbox 1594 1678 1949 1737; x_wconf 80' lang='lat' dir='ltr'><strong>Attrsxcrunt</strong></span> 
     </span>
    </p>
   </div>
   <div class='ocr_carea' id='block_1_18' title="bbox 374 1751 2024 1843">
    <p class='ocr_par' dir='ltr' id='par_1_18' title="bbox 374 1751 2024 1843">
     <span class='ocr_line' id='line_1_18' title="bbox 374 1751 2024 1843; baseline 0.015 -38"><span class='ocrx_word' id='word_1_125' title='bbox 374 1767 612 1824; x_wconf 82' lang='lat' dir='ltr'><strong>namque</strong></span> <span class='ocrx_word' id='word_1_126' title='bbox 642 1756 695 1811; x_wconf 90' lang='lat' dir='ltr'><strong>in</strong></span> <span class='ocrx_word' id='word_1_127' title='bbox 747 1769 909 1828; x_wconf 90' lang='lat' dir='ltr'><strong>caput</strong></span> <span class='ocrx_word' id='word_1_128' title='bbox 942 1776 1097 1816; x_wconf 89' lang='lat' dir='ltr'><strong>suum</strong></span> <span class='ocrx_word' id='word_1_129' title='bbox 1148 1766 1444 1833; x_wconf 90' lang='lat' dir='ltr'><strong>pretiosum</strong></span> <span class='ocrx_word' id='word_1_130' title='bbox 1486 1766 1688 1824; x_wconf 87' lang='lat' dir='ltr'><strong>Christi</strong></span> <span class='ocrx_word' id='word_1_131' title='bbox 1731 1774 1948 1843; x_wconf 86' lang='lat' dir='ltr'><strong>sangui-</strong></span> <span class='ocrx_word' id='word_1_132' title='bbox 1978 1751 2024 1812; x_wconf 73' lang='grc' dir='ltr'><strong>Β</strong></span> 
     </span>
    </p>
   </div>
   <div class='ocr_carea' id='block_1_19' title="bbox 376 1844 1948 1933">
    <p class='ocr_par' dir='ltr' id='par_1_19' title="bbox 376 1844 1948 1933">
     <span class='ocr_line' id='line_1_19' title="bbox 376 1844 1948 1933; baseline 0.015 -38"><span class='ocrx_word' id='word_1_133' title='bbox 376 1855 531 1909; x_wconf 88' lang='lat' dir='ltr'><strong>nem,</strong></span> <span class='ocrx_word' id='word_1_134' title='bbox 562 1858 683 1900; x_wconf 91' lang='lat' dir='ltr'><strong>cum</strong></span> <span class='ocrx_word' id='word_1_135' title='bbox 715 1844 891 1903; x_wconf 84' lang='lat' dir='ltr'><strong>Pilato</strong></span> <span class='ocrx_word' id='word_1_136' title='bbox 934 1849 1219 1907; x_wconf 84' lang='lat' dir='ltr'><strong>dicerent:</strong></span> <span class='ocrx_word' id='word_1_137' title='bbox 1270 1872 1289 1906; x_wconf 78' lang='grc' dir='ltr'><strong>ι</strong></span> <span class='ocrx_word' id='word_1_138' title='bbox 1350 1853 1579 1927; x_wconf 77' lang='lat' dir='ltr'><strong>Sanguis</strong></span> <span class='ocrx_word' id='word_1_139' title='bbox 1627 1860 1746 1930; x_wconf 85' lang='lat' dir='ltr'><strong>ejus</strong></span> <span class='ocrx_word' id='word_1_140' title='bbox 1786 1877 1948 1933; x_wconf 86' lang='lat' dir='ltr'><strong>super</strong></span> 
     </span>
    </p>
   </div>
   <div class='ocr_carea' id='block_1_20' title="bbox 254 1940 1946 2017">
    <p class='ocr_par' dir='ltr' id='par_1_20' title="bbox 254 1940 1946 2017">
     <span class='ocr_line' id='line_1_20' title="bbox 254 1940 1946 2017; baseline 0.015 -30"><span class='ocrx_word' id='word_1_141' title='bbox 254 1954 265 1961; x_wconf 86' lang='lat'><strong>-</strong></span> <span class='ocrx_word' id='word_1_142' title='bbox 374 1951 476 1992; x_wconf 88' lang='lat' dir='ltr'><strong>nos</strong></span> <span class='ocrx_word' id='word_1_143' title='bbox 536 1946 587 1993; x_wconf 89' lang='lat' dir='ltr'><strong>et</strong></span> <span class='ocrx_word' id='word_1_144' title='bbox 628 1953 792 2008; x_wconf 84' lang='lat' dir='ltr'><strong>super</strong></span> <span class='ocrx_word' id='word_1_145' title='bbox 826 1940 968 1998; x_wconf 89' lang='lat' dir='ltr'><strong>ﬁlios</strong></span> <span class='ocrx_word' id='word_1_146' title='bbox 1005 1953 1221 2000; x_wconf 88' lang='lat' dir='ltr'><strong>nostros</strong></span> <span class='ocrx_word' id='word_1_147' title='bbox 1271 1947 1336 2004; x_wconf 73' lang='grc' dir='ltr'><strong>σί.</strong></span> <span class='ocrx_word' id='word_1_148' title='bbox 1382 1967 1402 2001; x_wconf 76' lang='grc' dir='ltr'><strong>ι</strong></span> <span class='ocrx_word' id='word_1_149' title='bbox 1443 1950 1581 2017; x_wconf 85' lang='lat' dir='ltr'><strong>Quin</strong></span> <span class='ocrx_word' id='word_1_150' title='bbox 1628 1964 1682 2008; x_wconf 91' lang='lat' dir='ltr'><strong>et</strong></span> <span class='ocrx_word' id='word_1_151' title='bbox 1728 1965 1946 2014; x_wconf 88' lang='lat' dir='ltr'><strong>sanctos</strong></span> 
     </span>
    </p>
   </div>
   <div class='ocr_carea' id='block_1_21' title="bbox 372 2031 1948 2118">
    <p class='ocr_par' dir='ltr' id='par_1_21' title="bbox 372 2031 1948 2118">
     <span class='ocr_line' id='line_1_21' title="bbox 372 2031 1948 2118; baseline 0.013 -35"><span class='ocrx_word' id='word_1_152' title='bbox 372 2031 665 2100; x_wconf 86' lang='lat' dir='ltr'><strong>prophetas</strong></span> <span class='ocrx_word' id='word_1_153' title='bbox 684 2033 1055 2104; x_wconf 89' lang='lat' dir='ltr'><strong>sustulerunt;</strong></span> <span class='ocrx_word' id='word_1_154' title='bbox 1090 2038 1140 2091; x_wconf 88' lang='lat' dir='ltr'><strong>id</strong></span> <span class='ocrx_word' id='word_1_155' title='bbox 1163 2041 1306 2108; x_wconf 90' lang='lat' dir='ltr'><strong>quod</strong></span> <span class='ocrx_word' id='word_1_156' title='bbox 1346 2041 1455 2098; x_wconf 87' lang='lat' dir='ltr'><strong>illis</strong></span> <span class='ocrx_word' id='word_1_157' title='bbox 1491 2043 1679 2102; x_wconf 89' lang='lat' dir='ltr'><strong>beatus</strong></span> <span class='ocrx_word' id='word_1_158' title='bbox 1720 2047 1948 2118; x_wconf 89' lang='lat' dir='ltr'><strong>Stepha-</strong></span> 
     </span>
    </p>
   </div>
   <div class='ocr_carea' id='block_1_22' title="bbox 371 2119 1944 2206">
    <p class='ocr_par' dir='ltr' id='par_1_22' title="bbox 371 2119 1944 2206">
     <span class='ocr_line' id='line_1_22' title="bbox 371 2119 1944 2206; baseline 0.017 -35"><span class='ocrx_word' id='word_1_159' title='bbox 371 2133 476 2175; x_wconf 87' lang='lat' dir='ltr'><strong>nus</strong></span> <span class='ocrx_word' id='word_1_160' title='bbox 510 2119 705 2191; x_wconf 87' lang='lat' dir='ltr'><strong>objecit</strong></span> <span class='ocrx_word' id='word_1_161' title='bbox 741 2142 754 2179; x_wconf 91' lang='lat'><strong>:</strong></span> <span class='ocrx_word' id='word_1_162' title='bbox 795 2142 814 2175; x_wconf 75' lang='grc' dir='ltr'><strong>ι</strong></span> <span class='ocrx_word' id='word_1_163' title='bbox 859 2124 998 2180; x_wconf 88' lang='lat' dir='ltr'><strong>Dura</strong></span> <span class='ocrx_word' id='word_1_164' title='bbox 1033 2129 1247 2185; x_wconf 82' lang='lat' dir='ltr'><strong>cervice</strong></span> <span class='ocrx_word' id='word_1_165' title='bbox 1276 2141 1329 2186; x_wconf 90' lang='lat' dir='ltr'><strong>et</strong></span> <span class='ocrx_word' id='word_1_166' title='bbox 1353 2133 1615 2190; x_wconf 74' lang='lat' dir='ltr'><strong>increduli</strong></span> <span class='ocrx_word' id='word_1_167' title='bbox 1647 2141 1827 2206; x_wconf 89' lang='lat' dir='ltr'><strong>corde,</strong></span> <span class='ocrx_word' id='word_1_168' title='bbox 1849 2155 1944 2197; x_wconf 86' lang='lat' dir='ltr'><strong>vos</strong></span> 
     </span>
    </p>
   </div>
   <div class='ocr_carea' id='block_1_23' title="bbox 369 2213 1943 2302">
    <p class='ocr_par' dir='ltr' id='par_1_23' title="bbox 369 2213 1943 2302">
     <span class='ocr_line' id='line_1_23' title="bbox 369 2213 1943 2302; baseline 0.017 -38"><span class='ocrx_word' id='word_1_169' title='bbox 369 2225 584 2282; x_wconf 81' lang='lat' dir='ltr'><strong>semper</strong></span> <span class='ocrx_word' id='word_1_170' title='bbox 615 2213 839 2286; x_wconf 84' lang='lat' dir='ltr'><strong>Spiritui</strong></span> <span class='ocrx_word' id='word_1_171' title='bbox 875 2228 1067 2275; x_wconf 85' lang='lat' dir='ltr'><strong>sancto</strong></span> <span class='ocrx_word' id='word_1_172' title='bbox 1096 2221 1368 2280; x_wconf 88' lang='lat' dir='ltr'><strong>resistitis.</strong></span> <span class='ocrx_word' id='word_1_173' title='bbox 1399 2225 1568 2292; x_wconf 85' lang='lat' dir='ltr'><strong>Quem</strong></span> <span class='ocrx_word' id='word_1_174' title='bbox 1601 2242 1632 2285; x_wconf 91' lang='lat' dir='ltr'><strong>e</strong></span> <span class='ocrx_word' id='word_1_175' title='bbox 1668 2234 1943 2302; x_wconf 87' lang='lat' dir='ltr'><strong>prophetis</strong></span> 
     </span>
    </p>
   </div>
   <div class='ocr_carea' id='block_1_24' title="bbox 371 2304 1941 2392">
    <p class='ocr_par' dir='ltr' id='par_1_24' title="bbox 371 2304 1941 2392">
     <span class='ocr_line' id='line_1_24' title="bbox 371 2304 1941 2392; baseline 0.018 -38"><span class='ocrx_word' id='word_1_176' title='bbox 371 2317 476 2356; x_wconf 88' lang='lat' dir='ltr'><strong>non</strong></span> <span class='ocrx_word' id='word_1_177' title='bbox 511 2304 896 2364; x_wconf 81' lang='lat' dir='ltr'><strong>interfecerunt</strong></span> <span class='ocrx_word' id='word_1_178' title='bbox 919 2321 1096 2380; x_wconf 85' lang='lat' dir='ltr'><strong>patres</strong></span> <span class='ocrx_word' id='word_1_179' title='bbox 1127 2316 1326 2370; x_wconf 83' lang='lat' dir='ltr'><strong>vestri?</strong></span> <span class='ocrx_word' id='word_1_180' title='bbox 1352 2316 1417 2373; x_wconf 88' lang='lat' dir='ltr'><strong>Ut</strong></span> <span class='ocrx_word' id='word_1_181' title='bbox 1440 2329 1619 2389; x_wconf 89' lang='lat' dir='ltr'><strong>patres</strong></span> <span class='ocrx_word' id='word_1_182' title='bbox 1652 2325 1836 2392; x_wconf 87' lang='lat' dir='ltr'><strong>vestri,</strong></span> <span class='ocrx_word' id='word_1_183' title='bbox 1870 2328 1941 2382; x_wconf 90' lang='lat' dir='ltr'><strong>ita</strong></span> 
     </span>
    </p>
   </div>
   <div class='ocr_carea' id='block_1_25' title="bbox 369 2393 709 2453">
    <p class='ocr_par' dir='ltr' id='par_1_25' title="bbox 369 2393 709 2453">
     <span class='ocr_line' id='line_1_25' title="bbox 369 2393 709 2453; baseline 0.018 -9"><span class='ocrx_word' id='word_1_184' title='bbox 369 2403 426 2445; x_wconf 85' lang='lat' dir='ltr'><strong>et</strong></span> <span class='ocrx_word' id='word_1_185' title='bbox 454 2408 547 2450; x_wconf 89' lang='lat' dir='ltr'><strong>vos</strong></span> <span class='ocrx_word' id='word_1_186' title='bbox 576 2393 643 2453; x_wconf 69' lang='grc' dir='ltr'><strong>θ’.</strong></span> <span class='ocrx_word' id='word_1_187' title='bbox 687 2414 709 2450; x_wconf 73' lang='grc' dir='ltr'><strong>ι</strong></span> 
     </span>
    </p>
   </div>
   <div class='ocr_carea' id='block_1_26' title="bbox 440 2568 1941 2655">
    <p class='ocr_par' dir='ltr' id='par_1_26' title="bbox 440 2568 1941 2655">
     <span class='ocr_line' id='line_1_26' title="bbox 440 2568 1941 2655; baseline 0.016 -29"><span class='ocrx_word' id='word_1_188' title='bbox 440 2568 609 2628; x_wconf 72' lang='lat' dir='ltr'><strong>Vens.</strong></span> <span class='ocrx_word' id='word_1_189' title='bbox 631 2572 726 2641; x_wconf 72' lang='lat'><strong>22,</strong></span> <span class='ocrx_word' id='word_1_190' title='bbox 758 2573 849 2631; x_wconf 81' lang='lat'><strong>25.</strong></span> <span class='ocrx_word' id='word_1_191' title='bbox 887 2576 1171 2649; x_wconf 75' lang='lat' dir='ltr'><strong>Argentum</strong></span> <span class='ocrx_word' id='word_1_192' title='bbox 1197 2593 1420 2639; x_wconf 80' lang='lat' dir='ltr'><strong>vestrum</strong></span> <span class='ocrx_word' id='word_1_193' title='bbox 1449 2589 1746 2655; x_wconf 79' lang='lat' dir='ltr'><strong>reprobum.</strong></span> <span class='ocrx_word' id='word_1_194' title='bbox 1796 2591 1941 2649; x_wconf 83' lang='lat' dir='ltr'><strong>Can-</strong></span> 
     </span>
    </p>
   </div>
   <div class='ocr_carea' id='block_1_27' title="bbox 364 2664 1941 2749">
    <p class='ocr_par' dir='ltr' id='par_1_27' title="bbox 364 2664 1941 2749">
     <span class='ocr_line' id='line_1_27' title="bbox 364 2664 1941 2749; baseline 0.015 -33"><span class='ocrx_word' id='word_1_195' title='bbox 364 2678 527 2730; x_wconf 81' lang='lat' dir='ltr'><strong>pones</strong></span> <span class='ocrx_word' id='word_1_196' title='bbox 553 2664 630 2718; x_wconf 86' lang='lat' dir='ltr'><strong>tui</strong></span> <span class='ocrx_word' id='word_1_197' title='bbox 662 2666 877 2722; x_wconf 78' lang='lat' dir='ltr'><strong>miscent</strong></span> <span class='ocrx_word' id='word_1_198' title='bbox 907 2671 1081 2749; x_wconf 79' lang='lat' dir='ltr'><strong>vinum</strong></span> <span class='ocrx_word' id='word_1_199' title='bbox 1116 2689 1279 2744; x_wconf 84' lang='lat' dir='ltr'><strong>aqua,</strong></span> <span class='ocrx_word' id='word_1_200' title='bbox 1324 2678 1587 2747; x_wconf 80' lang='lat' dir='ltr'><strong>principes</strong></span> <span class='ocrx_word' id='word_1_201' title='bbox 1639 2682 1717 2736; x_wconf 84' lang='lat' dir='ltr'><strong>tui</strong></span> <span class='ocrx_word' id='word_1_202' title='bbox 1765 2684 1941 2739; x_wconf 82' lang='lat' dir='ltr'><strong>inobe-</strong></span> 
     </span>
    </p>
   </div>
   <div class='ocr_carea' id='block_1_28' title="bbox 371 2755 1938 2843">
    <p class='ocr_par' dir='ltr' id='par_1_28' title="bbox 371 2755 1938 2843">
     <span class='ocr_line' id='line_1_28' title="bbox 371 2755 1938 2843; baseline 0.016 -36"><span class='ocrx_word' id='word_1_203' title='bbox 371 2755 573 2810; x_wconf 84' lang='lat' dir='ltr'><strong>dientes</strong></span> <span class='ocrx_word' id='word_1_204' title='bbox 597 2765 738 2825; x_wconf 83' lang='lat' dir='ltr'><strong>sunt,</strong></span> <span class='ocrx_word' id='word_1_205' title='bbox 772 2762 904 2816; x_wconf 87' lang='lat' dir='ltr'><strong>socii</strong></span> <span class='ocrx_word' id='word_1_206' title='bbox 936 2762 1137 2833; x_wconf 72' lang='lat' dir='ltr'><strong>furum,</strong></span> <span class='ocrx_word' id='word_1_207' title='bbox 1166 2766 1272 2837; x_wconf 76' lang='lat'><strong>25</strong></span> <span class='ocrx_word' id='word_1_208' title='bbox 1303 2768 1574 2840; x_wconf 81' lang='lat' dir='ltr'><strong>diligentes</strong></span> <span class='ocrx_word' id='word_1_209' title='bbox 1595 2789 1832 2843; x_wconf 85' lang='lat' dir='ltr'><strong>munera,</strong></span> <span class='ocrx_word' id='word_1_210' title='bbox 1854 2792 1938 2832; x_wconf 89' lang='lat' dir='ltr'><strong>se-</strong></span> 
     </span>
    </p>
   </div>
   <div class='ocr_carea' id='block_1_29' title="bbox 365 2849 1939 2933">
    <p class='ocr_par' dir='ltr' id='par_1_29' title="bbox 365 2849 1939 2933">
     <span class='ocr_line' id='line_1_29' title="bbox 365 2849 1939 2933; baseline 0.018 -37"><span class='ocrx_word' id='word_1_211' title='bbox 365 2852 579 2912; x_wconf 81' lang='lat' dir='ltr'><strong>quentes</strong></span> <span class='ocrx_word' id='word_1_212' title='bbox 630 2849 1057 2918; x_wconf 74' lang='lat' dir='ltr'><strong>retributionem,</strong></span> <span class='ocrx_word' id='word_1_213' title='bbox 1107 2857 1322 2927; x_wconf 84' lang='lat' dir='ltr'><strong>pupillis</strong></span> <span class='ocrx_word' id='word_1_214' title='bbox 1369 2876 1472 2915; x_wconf 85' lang='lat' dir='ltr'><strong>non</strong></span> <span class='ocrx_word' id='word_1_215' title='bbox 1516 2862 1840 2933; x_wconf 81' lang='lat' dir='ltr'><strong>judicantes,</strong></span> <span class='ocrx_word' id='word_1_216' title='bbox 1889 2878 1939 2924; x_wconf 90' lang='lat' dir='ltr'><strong>et</strong></span> 
     </span>
    </p>
   </div>
   <div class='ocr_carea' id='block_1_30' title="bbox 358 2935 1617 3005">
    <p class='ocr_par' dir='ltr' id='par_1_30' title="bbox 358 2935 1617 3005">
     <span class='ocr_line' id='line_1_30' title="bbox 358 2935 1617 3005; baseline 0.017 -18"><span class='ocrx_word' id='word_1_217' title='bbox 358 2935 565 3005; x_wconf 84' lang='lat' dir='ltr'><strong>judicio</strong></span> <span class='ocrx_word' id='word_1_218' title='bbox 600 2938 771 2994; x_wconf 77' lang='lat' dir='ltr'><strong>vidua:</strong></span> <span class='ocrx_word' id='word_1_219' title='bbox 797 2957 899 2996; x_wconf 86' lang='lat' dir='ltr'><strong>non</strong></span> <span class='ocrx_word' id='word_1_220' title='bbox 930 2946 1273 3003; x_wconf 83' lang='lat' dir='ltr'><strong>attendentes.</strong></span> <span class='ocrx_word' id='word_1_221' title='bbox 1611 2964 1617 2970; x_wconf 83' lang='lat'><strong><em>&#39;</em></strong></span> 
     </span>
    </p>
   </div>
   <div class='ocr_carea' id='block_1_31' title="bbox 2063 498 3644 574">
    <p class='ocr_par' dir='ltr' id='par_1_31' title="bbox 2063 498 3644 574">
     <span class='ocr_line' id='line_1_31' title="bbox 2063 498 3644 574; baseline 0.001 -19"><span class='ocrx_word' id='word_1_222' title='bbox 2063 502 2260 571; x_wconf 74' lang='grc' dir='ltr'>εἰδότα,</span> <span class='ocrx_word' id='word_1_223' title='bbox 2298 500 2703 574; x_wconf 86' lang='grc' dir='ltr'>προσεκολλήθη</span> <span class='ocrx_word' id='word_1_224' title='bbox 2733 502 2845 565; x_wconf 85' lang='grc' dir='ltr'>τοῖς</span> <span class='ocrx_word' id='word_1_225' title='bbox 2881 498 3202 571; x_wconf 81' lang='grc' dir='ltr'><strong>ἀρχιερεῦσι</strong></span> <span class='ocrx_word' id='word_1_226' title='bbox 3243 499 3338 552; x_wconf 78' lang='grc' dir='ltr'>καὶ</span> <span class='ocrx_word' id='word_1_227' title='bbox 3379 500 3644 573; x_wconf 83' lang='grc' dir='ltr'>Γραμμα-</span> 
     </span>
    </p>
   </div>
   <div class='ocr_carea' id='block_1_32' title="bbox 2062 590 3641 664">
    <p class='ocr_par' dir='ltr' id='par_1_32' title="bbox 2062 590 3641 664">
     <span class='ocr_line' id='line_1_32' title="bbox 2062 590 3641 664; baseline 0.001 -18"><span class='ocrx_word' id='word_1_228' title='bbox 2062 593 2258 657; x_wconf 84' lang='grc' dir='ltr'>ταίοις,</span> <span class='ocrx_word' id='word_1_229' title='bbox 2288 594 2383 646; x_wconf 74' lang='grc' dir='ltr'>καὶ</span> <span class='ocrx_word' id='word_1_230' title='bbox 2414 592 2521 664; x_wconf 74' lang='grc' dir='ltr'>μὴν</span> <span class='ocrx_word' id='word_1_231' title='bbox 2546 592 2602 646; x_wconf 79' lang='grc' dir='ltr'>δὲ</span> <span class='ocrx_word' id='word_1_232' title='bbox 2634 593 2730 646; x_wconf 72' lang='grc' dir='ltr'>καὶ</span> <span class='ocrx_word' id='word_1_233' title='bbox 2754 590 3090 662; x_wconf 81' lang='grc' dir='ltr'><strong>Φαρισαίοις.</strong></span> <span class='ocrx_word' id='word_1_234' title='bbox 3109 591 3552 661; x_wconf 83' lang='grc' dir='ltr'>Ἐκπεπόρνευκε</span> <span class='ocrx_word' id='word_1_235' title='bbox 3584 594 3641 647; x_wconf 79' lang='grc' dir='ltr'>δὲ</span> 
     </span>
    </p>
   </div>
   <div class='ocr_carea' id='block_1_33' title="bbox 2063 679 3634 753">
    <p class='ocr_par' dir='ltr' id='par_1_33' title="bbox 2063 679 3634 753">
     <span class='ocr_line' id='line_1_33' title="bbox 2063 679 3634 753; baseline -0.002 -18"><span class='ocrx_word' id='word_1_236' title='bbox 2063 682 2204 736; x_wconf 88' lang='grc' dir='ltr'><strong>κατά</strong></span> <span class='ocrx_word' id='word_1_237' title='bbox 2232 682 2419 737; x_wconf 90' lang='grc' dir='ltr'>τοῦτον</span> <span class='ocrx_word' id='word_1_238' title='bbox 2452 683 2543 735; x_wconf 85' lang='grc' dir='ltr'>τὸν</span> <span class='ocrx_word' id='word_1_239' title='bbox 2569 681 2792 753; x_wconf 86' lang='grc' dir='ltr'><strong>τρόπον.</strong></span> <span class='ocrx_word' id='word_1_240' title='bbox 2826 679 3017 733; x_wconf 78' lang='grc' dir='ltr'><strong>Καίτοι</strong></span> <span class='ocrx_word' id='word_1_241' title='bbox 3050 680 3144 733; x_wconf 75' lang='grc' dir='ltr'>καὶ</span> <span class='ocrx_word' id='word_1_242' title='bbox 3177 680 3341 749; x_wconf 86' lang='grc' dir='ltr'>νόμον</span> <span class='ocrx_word' id='word_1_243' title='bbox 3371 680 3464 733; x_wconf 67' lang='grc' dir='ltr'><strong>καὶ¹</strong></span> <span class='ocrx_word' id='word_1_244' title='bbox 3498 699 3634 751; x_wconf 81' lang='grc' dir='ltr'>προ-</span> 
     </span>
    </p>
   </div>
   <div class='ocr_carea' id='block_1_34' title="bbox 2063 770 3631 845">
    <p class='ocr_par' dir='ltr' id='par_1_34' title="bbox 2063 770 3631 845">
     <span class='ocr_line' id='line_1_34' title="bbox 2063 770 3631 845; baseline -0.001 -19"><span class='ocrx_word' id='word_1_245' title='bbox 2063 774 2247 845; x_wconf 90' lang='grc' dir='ltr'>φητῶν</span> <span class='ocrx_word' id='word_1_246' title='bbox 2279 773 2844 844; x_wconf 82' lang='grc' dir='ltr'>προανακεκραγότων</span> <span class='ocrx_word' id='word_1_247' title='bbox 2874 772 3011 841; x_wconf 81' lang='grc' dir='ltr'>αὐτῇ</span> <span class='ocrx_word' id='word_1_248' title='bbox 3050 771 3113 824; x_wconf 85' lang='grc' dir='ltr'>τὸ</span> <span class='ocrx_word' id='word_1_249' title='bbox 3152 770 3389 842; x_wconf 78' lang='grc' dir='ltr'>Χριστοῦ</span> <span class='ocrx_word' id='word_1_250' title='bbox 3423 773 3631 843; x_wconf 71' lang='grc' dir='ltr'>μυστήι</span> 
     </span>
    </p>
   </div>
   <div class='ocr_carea' id='block_1_35' title="bbox 2061 863 3636 937">
    <p class='ocr_par' dir='ltr' id='par_1_35' title="bbox 2061 863 3636 937">
     <span class='ocr_line' id='line_1_35' title="bbox 2061 863 3636 937; baseline -0.002 -17"><span class='ocrx_word' id='word_1_251' title='bbox 2061 884 2199 937; x_wconf 85' lang='grc' dir='ltr'>ριον,</span> <span class='ocrx_word' id='word_1_252' title='bbox 2234 866 2329 921; x_wconf 77' lang='grc' dir='ltr'>καὶ</span> <span class='ocrx_word' id='word_1_253' title='bbox 2360 866 2442 919; x_wconf 83' lang='grc' dir='ltr'>ὅτι</span> <span class='ocrx_word' id='word_1_254' title='bbox 2475 865 2748 937; x_wconf 84' lang='grc' dir='ltr'>παρέσται</span> <span class='ocrx_word' id='word_1_255' title='bbox 2792 863 2934 919; x_wconf 88' lang='grc' dir='ltr'>κατὰ</span> <span class='ocrx_word' id='word_1_256' title='bbox 2980 864 3205 934; x_wconf 72' lang='grc' dir='ltr'>καιροὺς</span> <span class='ocrx_word' id='word_1_257' title='bbox 3253 865 3636 935; x_wconf 87' lang='grc' dir='ltr'>προαπηγγελ-</span> 
     </span>
    </p>
   </div>
   <div class='ocr_carea' id='block_1_36' title="bbox 2059 953 3633 1028">
    <p class='ocr_par' dir='ltr' id='par_1_36' title="bbox 2059 953 3633 1028">
     <span class='ocr_line' id='line_1_36' title="bbox 2059 953 3633 1028; baseline -0.001 -17"><span class='ocrx_word' id='word_1_258' title='bbox 2059 957 2255 1011; x_wconf 86' lang='grc' dir='ltr'>κότων.</span> <span class='ocrx_word' id='word_1_259' title='bbox 2290 976 2309 1009; x_wconf 79' lang='grc' dir='ltr'><strong>ι</strong></span> <span class='ocrx_word' id='word_1_260' title='bbox 2342 958 2470 1021; x_wconf 89' lang='grc' dir='ltr'>Πῶς</span> <span class='ocrx_word' id='word_1_261' title='bbox 2489 953 2582 1011; x_wconf 82' lang='grc' dir='ltr'><strong>οῦν</strong></span> <span class='ocrx_word' id='word_1_262' title='bbox 2616 958 2853 1025; x_wconf 78' lang='grc' dir='ltr'>ἐγένετο,</span> <span class='ocrx_word' id='word_1_263' title='bbox 2876 956 3032 1026; x_wconf 75' lang='grc' dir='ltr'>φησὶ,</span> <span class='ocrx_word' id='word_1_264' title='bbox 3067 956 3241 1027; x_wconf 84' lang='grc' dir='ltr'>πόρνη</span> <span class='ocrx_word' id='word_1_265' title='bbox 3277 956 3433 1020; x_wconf 85' lang='grc' dir='ltr'>πόλις</span> <span class='ocrx_word' id='word_1_266' title='bbox 3467 956 3633 1028; x_wconf 84' lang='grc' dir='ltr'>πιστὴ</span> 
     </span>
    </p>
   </div>
   <div class='ocr_carea' id='block_1_37' title="bbox 2059 1044 3634 1120">
    <p class='ocr_par' dir='ltr' id='par_1_37' title="bbox 2059 1044 3634 1120">
     <span class='ocr_line' id='line_1_37' title="bbox 2059 1044 3634 1120; baseline 0.001 -21"><span class='ocrx_word' id='word_1_267' title='bbox 2059 1044 2199 1101; x_wconf 84' lang='grc' dir='ltr'>Σιὼν</span> <span class='ocrx_word' id='word_1_268' title='bbox 2230 1048 2443 1119; x_wconf 84' lang='grc' dir='ltr'><strong>πλήρης</strong></span> <span class='ocrx_word' id='word_1_269' title='bbox 2484 1049 2754 1120; x_wconf 85' lang='grc' dir='ltr'>κρίσεως;</span> <span class='ocrx_word' id='word_1_270' title='bbox 2789 1067 2807 1100; x_wconf 75' lang='grc' dir='ltr'><strong>ι</strong></span> <span class='ocrx_word' id='word_1_271' title='bbox 2849 1050 3075 1119; x_wconf 82' lang='grc' dir='ltr'>Ὅμοιον</span> <span class='ocrx_word' id='word_1_272' title='bbox 3100 1047 3233 1101; x_wconf 78' lang='grc' dir='ltr'>ὡσεὶ</span> <span class='ocrx_word' id='word_1_273' title='bbox 3257 1047 3433 1116; x_wconf 84' lang='grc' dir='ltr'>λέγοι·</span> <span class='ocrx_word' id='word_1_274' title='bbox 3468 1048 3634 1112; x_wconf 87' lang='grc' dir='ltr'>Ποίας</span> 
     </span>
    </p>
   </div>
   <div class='ocr_carea' id='block_1_38' title="bbox 2057 1138 3633 1210">
    <p class='ocr_par' dir='ltr' id='par_1_38' title="bbox 2057 1138 3633 1210">
     <span class='ocr_line' id='line_1_38' title="bbox 2057 1138 3633 1210; baseline -0.001 -18"><span class='ocrx_word' id='word_1_275' title='bbox 2057 1139 2297 1193; x_wconf 76' lang='grc' dir='ltr'>λαϐοῦσα</span> <span class='ocrx_word' id='word_1_276' title='bbox 2346 1141 2446 1205; x_wconf 87' lang='grc' dir='ltr'><strong>τάς</strong></span> <span class='ocrx_word' id='word_1_277' title='bbox 2494 1141 2589 1194; x_wconf 89' lang='grc' dir='ltr'><strong>τοῦ</strong></span> <span class='ocrx_word' id='word_1_278' title='bbox 2636 1143 2812 1196; x_wconf 86' lang='grc' dir='ltr'>νοσεῖν</span> <span class='ocrx_word' id='word_1_279' title='bbox 2859 1138 3151 1210; x_wconf 84' lang='grc' dir='ltr'>ἀφορμὰς,</span> <span class='ocrx_word' id='word_1_280' title='bbox 3202 1139 3401 1209; x_wconf 80' lang='grc' dir='ltr'>μᾶλλον</span> <span class='ocrx_word' id='word_1_281' title='bbox 3427 1138 3485 1192; x_wconf 82' lang='grc' dir='ltr'>δὲ</span> <span class='ocrx_word' id='word_1_282' title='bbox 3515 1139 3633 1203; x_wconf 89' lang='grc' dir='ltr'><strong>πῶς</strong></span> 
     </span>
    </p>
   </div>
   <div class='ocr_carea' id='block_1_39' title="bbox 2057 1226 3631 1301">
    <p class='ocr_par' dir='ltr' id='par_1_39' title="bbox 2057 1226 3631 1301">
     <span class='ocr_line' id='line_1_39' title="bbox 2057 1226 3631 1301; baseline -0.001 -18"><span class='ocrx_word' id='word_1_283' title='bbox 2057 1230 2364 1299; x_wconf 82' lang='grc' dir='ltr'>ἀνάμεστος</span> <span class='ocrx_word' id='word_1_284' title='bbox 2389 1226 2523 1284; x_wconf 83' lang='grc' dir='ltr'>οὖσα</span> <span class='ocrx_word' id='word_1_285' title='bbox 2564 1229 2954 1301; x_wconf 80' lang='grc' dir='ltr'>πνευματικῶν</span> <span class='ocrx_word' id='word_1_286' title='bbox 2992 1230 3457 1301; x_wconf 79' lang='grc' dir='ltr'>ἐπικουρημόιτων</span> <span class='ocrx_word' id='word_1_287' title='bbox 3495 1246 3631 1284; x_wconf 87' lang='grc' dir='ltr'>κατ-</span> 
     </span>
    </p>
   </div>
   <div class='ocr_carea' id='block_1_40' title="bbox 2055 1318 3629 1391">
    <p class='ocr_par' dir='ltr' id='par_1_40' title="bbox 2055 1318 3629 1391">
     <span class='ocr_line' id='line_1_40' title="bbox 2055 1318 3629 1391; baseline -0.002 -18"><span class='ocrx_word' id='word_1_288' title='bbox 2055 1318 2283 1374; x_wconf 83' lang='grc' dir='ltr'>ώλισθεν</span> <span class='ocrx_word' id='word_1_289' title='bbox 2322 1322 2402 1383; x_wconf 77' lang='grc' dir='ltr'>εἰς</span> <span class='ocrx_word' id='word_1_290' title='bbox 2433 1320 2734 1374; x_wconf 86' lang='grc' dir='ltr'>ἀπόστασιν</span> <span class='ocrx_word' id='word_1_291' title='bbox 2766 1321 2800 1391; x_wconf 87' lang='grc' dir='ltr'><strong>ἡ</strong></span> <span class='ocrx_word' id='word_1_292' title='bbox 2825 1319 2992 1372; x_wconf 88' lang='grc' dir='ltr'>πάλαι</span> <span class='ocrx_word' id='word_1_293' title='bbox 3023 1318 3189 1390; x_wconf 84' lang='grc' dir='ltr'>πιστὴ</span> <span class='ocrx_word' id='word_1_294' title='bbox 3220 1319 3316 1379; x_wconf 77' lang='grc' dir='ltr'>καὶ</span> <span class='ocrx_word' id='word_1_295' title='bbox 3351 1318 3629 1372; x_wconf 81' lang='grc' dir='ltr'>δικαιοσύ-</span> 
     </span>
    </p>
   </div>
   <div class='ocr_carea' id='block_1_41' title="bbox 2053 1405 3628 1485">
    <p class='ocr_par' dir='ltr' id='par_1_41' title="bbox 2053 1405 3628 1485">
     <span class='ocr_line' id='line_1_41' title="bbox 2053 1405 3628 1485; baseline -0.003 -19"><span class='ocrx_word' id='word_1_296' title='bbox 2053 1428 2153 1481; x_wconf 88' lang='grc' dir='ltr'><strong>νης</strong></span> <span class='ocrx_word' id='word_1_297' title='bbox 2182 1410 2440 1483; x_wconf 75' lang='grc' dir='ltr'>ἐργάτις,</span> <span class='ocrx_word' id='word_1_298' title='bbox 2488 1405 2610 1485; x_wconf 79' lang='grc' dir='ltr'>ὲνῇ</span> <span class='ocrx_word' id='word_1_299' title='bbox 2659 1411 2955 1465; x_wconf 81' lang='grc' dir='ltr'>κατέλυσεν</span> <span class='ocrx_word' id='word_1_300' title='bbox 2997 1412 3031 1480; x_wconf 83' lang='grc' dir='ltr'><strong>ή</strong></span> <span class='ocrx_word' id='word_1_301' title='bbox 3082 1409 3428 1481; x_wconf 79' lang='grc' dir='ltr'>δικαιοσύνη,</span> <span class='ocrx_word' id='word_1_302' title='bbox 3478 1408 3628 1462; x_wconf 85' lang='grc' dir='ltr'>τοῦτ’</span> 
     </span>
    </p>
   </div>
   <div class='ocr_carea' id='block_1_42' title="bbox 2052 1499 3626 1573">
    <p class='ocr_par' dir='ltr' id='par_1_42' title="bbox 2052 1499 3626 1573">
     <span class='ocr_line' id='line_1_42' title="bbox 2052 1499 3626 1573; baseline -0.001 -18"><span class='ocrx_word' id='word_1_303' title='bbox 2052 1502 2221 1568; x_wconf 74' lang='grc' dir='ltr'>ἔστιν,</span> <span class='ocrx_word' id='word_1_304' title='bbox 2263 1502 2612 1556; x_wconf 84' lang='grc' dir='ltr'>ἀνεπαύσατο</span> <span class='ocrx_word' id='word_1_305' title='bbox 2653 1502 2848 1573; x_wconf 89' lang='grc' dir='ltr'>νόμος;</span> <span class='ocrx_word' id='word_1_306' title='bbox 2885 1499 3032 1563; x_wconf 77' lang='grc' dir='ltr'>οἷκος</span> <span class='ocrx_word' id='word_1_307' title='bbox 3060 1501 3169 1571; x_wconf 83' lang='grc' dir='ltr'>γὰρ</span> <span class='ocrx_word' id='word_1_308' title='bbox 3200 1500 3389 1572; x_wconf 86' lang='grc' dir='ltr'>ῶσπερ</span> <span class='ocrx_word' id='word_1_309' title='bbox 3414 1518 3499 1564; x_wconf 90' lang='grc' dir='ltr'><strong>τις</strong></span> <span class='ocrx_word' id='word_1_310' title='bbox 3524 1501 3626 1555; x_wconf 81' lang='grc' dir='ltr'><strong>αὒ-</strong></span> 
     </span>
    </p>
   </div>
   <div class='ocr_carea' id='block_1_43' title="bbox 2051 1590 3623 1662">
    <p class='ocr_par' dir='ltr' id='par_1_43' title="bbox 2051 1590 3623 1662">
     <span class='ocr_line' id='line_1_43' title="bbox 2051 1590 3623 1662; baseline -0.001 -15"><span class='ocrx_word' id='word_1_311' title='bbox 2051 1591 2145 1647; x_wconf 90' lang='grc' dir='ltr'><strong>τοῦ</strong></span> <span class='ocrx_word' id='word_1_312' title='bbox 2176 1593 2400 1662; x_wconf 89' lang='grc' dir='ltr'>γέγονεν</span> <span class='ocrx_word' id='word_1_313' title='bbox 2438 1594 2471 1661; x_wconf 83' lang='grc' dir='ltr'><strong>ἠ</strong></span> <span class='ocrx_word' id='word_1_314' title='bbox 2507 1592 2618 1646; x_wconf 90' lang='grc' dir='ltr'><strong>τῶν</strong></span> <span class='ocrx_word' id='word_1_315' title='bbox 2665 1591 3202 1661; x_wconf 80' lang='grc' dir='ltr'>παιδαγωγουμένων</span> <span class='ocrx_word' id='word_1_316' title='bbox 3240 1591 3483 1662; x_wconf 85' lang='grc' dir='ltr'>πληθὺς,</span> <span class='ocrx_word' id='word_1_317' title='bbox 3529 1590 3623 1646; x_wconf 87' lang='grc' dir='ltr'><strong>νῦν</strong></span> 
     </span>
    </p>
   </div>
   <div class='ocr_carea' id='block_1_44' title="bbox 2050 1680 3624 1753">
    <p class='ocr_par' dir='ltr' id='par_1_44' title="bbox 2050 1680 3624 1753">
     <span class='ocr_line' id='line_1_44' title="bbox 2050 1680 3624 1753; baseline -0.003 -15"><span class='ocrx_word' id='word_1_318' title='bbox 2050 1683 2110 1738; x_wconf 82' lang='grc' dir='ltr'>δὲ</span> <span class='ocrx_word' id='word_1_319' title='bbox 2138 1683 2539 1739; x_wconf 80' lang='grc' dir='ltr'>καταλελύκασι</span> <span class='ocrx_word' id='word_1_320' title='bbox 2575 1681 2852 1751; x_wconf 85' lang='grc' dir='ltr'>φονευταί.</span> <span class='ocrx_word' id='word_1_321' title='bbox 2898 1680 3142 1746; x_wconf 85' lang='grc' dir='ltr'>Ἀκούεις</span> <span class='ocrx_word' id='word_1_322' title='bbox 3166 1682 3249 1736; x_wconf 79' lang='grc' dir='ltr'>ὅτι</span> <span class='ocrx_word' id='word_1_323' title='bbox 3282 1681 3461 1736; x_wconf 85' lang='grc' dir='ltr'>πάντα</span> <span class='ocrx_word' id='word_1_324' title='bbox 3482 1698 3624 1753; x_wconf 85' lang='grc' dir='ltr'>παρ-</span> 
     </span>
    </p>
   </div>
   <div class='ocr_carea' id='block_1_45' title="bbox 2049 1768 3620 1846">
    <p class='ocr_par' dir='ltr' id='par_1_45' title="bbox 2049 1768 3620 1846">
     <span class='ocr_line' id='line_1_45' title="bbox 2049 1768 3620 1846; baseline -0.001 -18"><span class='ocrx_word' id='word_1_325' title='bbox 2049 1775 2133 1838; x_wconf 76' lang='grc' dir='ltr'><strong>εὶς</strong></span> <span class='ocrx_word' id='word_1_326' title='bbox 2155 1774 2224 1829; x_wconf 83' lang='grc' dir='ltr'>τὰ</span> <span class='ocrx_word' id='word_1_327' title='bbox 2245 1774 2410 1846; x_wconf 71' lang='grc' dir='ltr'>ἕτερα</span> <span class='ocrx_word' id='word_1_328' title='bbox 2434 1776 2534 1845; x_wconf 82' lang='grc' dir='ltr'>τὴν</span> <span class='ocrx_word' id='word_1_329' title='bbox 2575 1773 2884 1845; x_wconf 83' lang='grc' dir='ltr'>μιαιφονίαν</span> <span class='ocrx_word' id='word_1_330' title='bbox 2915 1773 3098 1837; x_wconf 82' lang='grc' dir='ltr'>αὐτοῖς</span> <span class='ocrx_word' id='word_1_331' title='bbox 3118 1768 3373 1842; x_wconf 62' lang='grc' dir='ltr'>ἐγκαλεῖς</span> <span class='ocrx_word' id='word_1_332' title='bbox 3403 1775 3620 1844; x_wconf 87' lang='grc' dir='ltr'>Κατην-</span> 
     </span>
    </p>
   </div>
   <div class='ocr_carea' id='block_1_46' title="bbox 2047 1859 3620 1940">
    <p class='ocr_par' dir='ltr' id='par_1_46' title="bbox 2047 1859 3620 1940">
     <span class='ocr_line' id='line_1_46' title="bbox 2047 1859 3620 1940; baseline -0.002 -18"><span class='ocrx_word' id='word_1_333' title='bbox 2047 1867 2281 1940; x_wconf 85' lang='grc' dir='ltr'>τλήκασι</span> <span class='ocrx_word' id='word_1_334' title='bbox 2326 1867 2435 1938; x_wconf 80' lang='grc' dir='ltr'>γὰρ</span> <span class='ocrx_word' id='word_1_335' title='bbox 2480 1867 2581 1937; x_wconf 81' lang='grc' dir='ltr'>τῆς</span> <span class='ocrx_word' id='word_1_336' title='bbox 2630 1866 2839 1921; x_wconf 79' lang='grc' dir='ltr'>ἑαυτῶν</span> <span class='ocrx_word' id='word_1_337' title='bbox 2871 1865 3113 1936; x_wconf 83' lang='grc' dir='ltr'>κεφαλῆς</span> <span class='ocrx_word' id='word_1_338' title='bbox 3152 1865 3213 1918; x_wconf 80' lang='grc' dir='ltr'>τὸ</span> <span class='ocrx_word' id='word_1_339' title='bbox 3253 1865 3431 1936; x_wconf 89' lang='grc' dir='ltr'>τίμιον</span> <span class='ocrx_word' id='word_1_340' title='bbox 3479 1859 3620 1936; x_wconf 75' lang='grc' dir='ltr'>αἷμα</span> 
     </span>
    </p>
   </div>
   <div class='ocr_carea' id='block_1_47' title="bbox 2047 1950 3615 2031">
    <p class='ocr_par' dir='ltr' id='par_1_47' title="bbox 2047 1950 3615 2031">
     <span class='ocr_line' id='line_1_47' title="bbox 2047 1950 3615 2031; baseline -0.003 -18"><span class='ocrx_word' id='word_1_341' title='bbox 2047 1958 2319 2031; x_wconf 85' lang='grc' dir='ltr'>Χριστοῦ,</span> <span class='ocrx_word' id='word_1_342' title='bbox 2372 1958 2589 2029; x_wconf 84' lang='grc' dir='ltr'>Πιλάτῳ</span> <span class='ocrx_word' id='word_1_343' title='bbox 2642 1958 2921 2026; x_wconf 79' lang='grc' dir='ltr'>λέγοντεςο</span> <span class='ocrx_word' id='word_1_344' title='bbox 2961 1975 2980 2009; x_wconf 79' lang='grc' dir='ltr'><strong>ι</strong></span> <span class='ocrx_word' id='word_1_345' title='bbox 3014 1956 3087 2010; x_wconf 86' lang='grc' dir='ltr'><strong>Τὸ</strong></span> <span class='ocrx_word' id='word_1_346' title='bbox 3133 1950 3275 2027; x_wconf 78' lang='grc' dir='ltr'>αἷμα</span> <span class='ocrx_word' id='word_1_347' title='bbox 3321 1955 3485 2010; x_wconf 85' lang='grc' dir='ltr'>αὐτοῦ</span> <span class='ocrx_word' id='word_1_348' title='bbox 3531 1956 3615 2025; x_wconf 75' lang='grc' dir='ltr'><strong>ἐφ’</strong></span> 
     </span>
    </p>
   </div>
   <div class='ocr_carea' id='block_1_48' title="bbox 2046 2046 3619 2123">
    <p class='ocr_par' dir='ltr' id='par_1_48' title="bbox 2046 2046 3619 2123">
     <span class='ocr_line' id='line_1_48' title="bbox 2046 2046 3619 2123; baseline -0.003 -18"><span class='ocrx_word' id='word_1_349' title='bbox 2046 2053 2198 2123; x_wconf 81' lang='grc' dir='ltr'>ἡμᾶς</span> <span class='ocrx_word' id='word_1_350' title='bbox 2240 2051 2335 2105; x_wconf 79' lang='grc' dir='ltr'>καὶ</span> <span class='ocrx_word' id='word_1_351' title='bbox 2376 2050 2468 2104; x_wconf 75' lang='grc' dir='ltr'><strong>ἐπὶ</strong></span> <span class='ocrx_word' id='word_1_352' title='bbox 2492 2049 2563 2103; x_wconf 81' lang='grc' dir='ltr'><strong>τὰ</strong></span> <span class='ocrx_word' id='word_1_353' title='bbox 2600 2048 2768 2111; x_wconf 87' lang='grc' dir='ltr'>τέκνα</span> <span class='ocrx_word' id='word_1_354' title='bbox 2794 2047 2973 2119; x_wconf 84' lang='grc' dir='ltr'>ἡμῶν.</span> <span class='ocrx_word' id='word_1_355' title='bbox 3011 2066 3030 2099; x_wconf 76' lang='grc' dir='ltr'><strong>ι</strong></span> <span class='ocrx_word' id='word_1_356' title='bbox 3075 2047 3409 2119; x_wconf 85' lang='grc' dir='ltr'>Ἀνῃρήκασι</span> <span class='ocrx_word' id='word_1_357' title='bbox 3433 2046 3491 2100; x_wconf 84' lang='grc' dir='ltr'>δὲ</span> <span class='ocrx_word' id='word_1_358' title='bbox 3523 2047 3619 2100; x_wconf 78' lang='grc' dir='ltr'>καὶ</span> 
     </span>
    </p>
   </div>
   <div class='ocr_carea' id='block_1_49' title="bbox 2047 2136 3617 2214">
    <p class='ocr_par' dir='ltr' id='par_1_49' title="bbox 2047 2136 3617 2214">
     <span class='ocr_line' id='line_1_49' title="bbox 2047 2136 3617 2214; baseline -0.004 -18"><span class='ocrx_word' id='word_1_359' title='bbox 2047 2143 2331 2214; x_wconf 77' lang='grc' dir='ltr'>προφήτας</span> <span class='ocrx_word' id='word_1_360' title='bbox 2362 2141 2548 2209; x_wconf 86' lang='grc' dir='ltr'>ἁγίους</span> <span class='ocrx_word' id='word_1_361' title='bbox 2567 2155 2581 2169; x_wconf 88' lang='grc'><strong>·</strong></span> <span class='ocrx_word' id='word_1_362' title='bbox 2615 2138 2891 2193; x_wconf 71' lang='grc' dir='ltr'>καὶτοῦτο</span> <span class='ocrx_word' id='word_1_363' title='bbox 2916 2138 3101 2201; x_wconf 81' lang='grc' dir='ltr'>αὐτοῖς</span> <span class='ocrx_word' id='word_1_364' title='bbox 3132 2140 3160 2191; x_wconf 87' lang='grc' dir='ltr'><strong>ὁ</strong></span> <span class='ocrx_word' id='word_1_365' title='bbox 3188 2137 3455 2210; x_wconf 83' lang='grc' dir='ltr'>μακάριος</span> <span class='ocrx_word' id='word_1_366' title='bbox 3489 2136 3617 2190; x_wconf 83' lang='grc' dir='ltr'>Στέ-</span> 
     </span>
    </p>
   </div>
   <div class='ocr_carea' id='block_1_50' title="bbox 2046 2229 3617 2304">
    <p class='ocr_par' dir='ltr' id='par_1_50' title="bbox 2046 2229 3617 2304">
     <span class='ocr_line' id='line_1_50' title="bbox 2046 2229 3617 2304; baseline -0.005 -15"><span class='ocrx_word' id='word_1_367' title='bbox 2046 2252 2213 2304; x_wconf 86' lang='grc' dir='ltr'>φανος</span> <span class='ocrx_word' id='word_1_368' title='bbox 2252 2233 2519 2298; x_wconf 86' lang='grc' dir='ltr'>ὠνείδισε,</span> <span class='ocrx_word' id='word_1_369' title='bbox 2546 2232 2722 2300; x_wconf 86' lang='grc' dir='ltr'>λέγων</span> <span class='ocrx_word' id='word_1_370' title='bbox 2741 2248 2757 2263; x_wconf 85' lang='grc'><strong>·</strong></span> <span class='ocrx_word' id='word_1_371' title='bbox 2788 2248 2807 2282; x_wconf 83' lang='grc' dir='ltr'><strong>ι</strong></span> <span class='ocrx_word' id='word_1_372' title='bbox 2831 2229 3307 2301; x_wconf 84' lang='grc' dir='ltr'>Σκληροτράχηλοι</span> <span class='ocrx_word' id='word_1_373' title='bbox 3334 2230 3430 2282; x_wconf 74' lang='grc' dir='ltr'>καὶ</span> <span class='ocrx_word' id='word_1_374' title='bbox 3460 2229 3617 2282; x_wconf 80' lang='grc' dir='ltr'>ἀπει-</span> 
     </span>
    </p>
   </div>
   <div class='ocr_carea' id='block_1_51' title="bbox 2046 2316 3617 2397">
    <p class='ocr_par' dir='ltr' id='par_1_51' title="bbox 2046 2316 3617 2397">
     <span class='ocr_line' id='line_1_51' title="bbox 2046 2316 3617 2397; baseline -0.007 -17"><span class='ocrx_word' id='word_1_375' title='bbox 2046 2326 2156 2386; x_wconf 82' lang='grc' dir='ltr'>θεῖς</span> <span class='ocrx_word' id='word_1_376' title='bbox 2191 2327 2257 2397; x_wconf 78' lang='grc' dir='ltr'>τῇ</span> <span class='ocrx_word' id='word_1_377' title='bbox 2304 2324 2535 2396; x_wconf 74' lang='grc' dir='ltr'>καρδίᾳ,</span> <span class='ocrx_word' id='word_1_378' title='bbox 2587 2324 2747 2394; x_wconf 84' lang='grc' dir='ltr'>ὑμεῖς</span> <span class='ocrx_word' id='word_1_379' title='bbox 2779 2322 2865 2376; x_wconf 56' lang='grc' dir='ltr'><strong>ἀεὶ¹</strong></span> <span class='ocrx_word' id='word_1_380' title='bbox 2921 2320 3001 2391; x_wconf 82' lang='grc' dir='ltr'><strong>τῷ</strong></span> <span class='ocrx_word' id='word_1_381' title='bbox 3046 2319 3327 2391; x_wconf 86' lang='grc' dir='ltr'>Πνεύματι</span> <span class='ocrx_word' id='word_1_382' title='bbox 3363 2317 3442 2389; x_wconf 82' lang='grc' dir='ltr'>τῷ</span> <span class='ocrx_word' id='word_1_383' title='bbox 3473 2316 3617 2388; x_wconf 84' lang='grc' dir='ltr'>ἀγίῳ</span> 
     </span>
    </p>
   </div>
   <div class='ocr_carea' id='block_1_52' title="bbox 2043 2409 3612 2484">
    <p class='ocr_par' dir='ltr' id='par_1_52' title="bbox 2043 2409 3612 2484">
     <span class='ocr_line' id='line_1_52' title="bbox 2043 2409 3612 2484; baseline -0.008 -13"><span class='ocrx_word' id='word_1_384' title='bbox 2043 2416 2420 2471; x_wconf 85' lang='grc' dir='ltr'>ἀντιπίπτετε.</span> <span class='ocrx_word' id='word_1_385' title='bbox 2453 2413 2587 2469; x_wconf 87' lang='grc' dir='ltr'>Τίνα</span> <span class='ocrx_word' id='word_1_386' title='bbox 2616 2412 2723 2466; x_wconf 88' lang='grc' dir='ltr'><strong>τῶν</strong></span> <span class='ocrx_word' id='word_1_387' title='bbox 2750 2411 3041 2484; x_wconf 80' lang='grc' dir='ltr'>προφητῶν</span> <span class='ocrx_word' id='word_1_388' title='bbox 3065 2411 3165 2464; x_wconf 83' lang='grc' dir='ltr'>οὐκ</span> <span class='ocrx_word' id='word_1_389' title='bbox 3201 2409 3528 2463; x_wconf 86' lang='grc' dir='ltr'>ἀπέκτειναν</span> <span class='ocrx_word' id='word_1_390' title='bbox 3561 2409 3612 2460; x_wconf 78' lang='lat' dir='ltr'><strong>oi</strong></span> 
     </span>
    </p>
   </div>
   <div class='ocr_carea' id='block_1_53' title="bbox 2043 2503 3539 2577">
    <p class='ocr_par' dir='ltr' id='par_1_53' title="bbox 2043 2503 3539 2577">
     <span class='ocr_line' id='line_1_53' title="bbox 2043 2503 3539 2577; baseline -0.005 -16"><span class='ocrx_word' id='word_1_391' title='bbox 2043 2508 2281 2576; x_wconf 83' lang='grc' dir='ltr'>πατέρες</span> <span class='ocrx_word' id='word_1_392' title='bbox 2312 2506 2496 2577; x_wconf 75' lang='grc' dir='ltr'>ὑμῶνς</span> <span class='ocrx_word' id='word_1_393' title='bbox 2538 2506 2628 2568; x_wconf 83' lang='grc' dir='ltr'>Ὠς</span> <span class='ocrx_word' id='word_1_394' title='bbox 2661 2504 2712 2558; x_wconf 81' lang='grc' dir='ltr'>οἱ</span> <span class='ocrx_word' id='word_1_395' title='bbox 2740 2505 2976 2577; x_wconf 86' lang='grc' dir='ltr'>πατέρες</span> <span class='ocrx_word' id='word_1_396' title='bbox 3004 2503 3155 2574; x_wconf 85' lang='grc' dir='ltr'>ὑμῶν</span> <span class='ocrx_word' id='word_1_397' title='bbox 3181 2503 3274 2561; x_wconf 71' lang='grc' dir='ltr'>καὶ</span> <span class='ocrx_word' id='word_1_398' title='bbox 3304 2503 3481 2574; x_wconf 79' lang='grc' dir='ltr'>ὑμεῖς.</span> <span class='ocrx_word' id='word_1_399' title='bbox 3520 2520 3539 2553; x_wconf 84' lang='lat' dir='ltr'><strong>s</strong></span> 
     </span>
    </p>
   </div>
   <div class='ocr_carea' id='block_1_54' title="bbox 2120 2591 3611 2668">
    <p class='ocr_par' dir='ltr' id='par_1_54' title="bbox 2120 2591 3611 2668">
     <span class='ocr_line' id='line_1_54' title="bbox 2120 2591 3611 2668; baseline -0.005 -15"><span class='ocrx_word' id='word_1_400' title='bbox 2120 2598 2192 2654; x_wconf 83' lang='grc' dir='ltr'><strong>Τὸ</strong></span> <span class='ocrx_word' id='word_1_401' title='bbox 2226 2600 2510 2668; x_wconf 79' lang='grc' dir='ltr'>ἀργύριον</span> <span class='ocrx_word' id='word_1_402' title='bbox 2534 2594 2702 2666; x_wconf 84' lang='grc' dir='ltr'>ὑμῶν</span> <span class='ocrx_word' id='word_1_403' title='bbox 2746 2593 3052 2665; x_wconf 84' lang='grc' dir='ltr'>ἀδόκιμον.</span> <span class='ocrx_word' id='word_1_404' title='bbox 3099 2595 3163 2646; x_wconf 80' lang='grc' dir='ltr'><strong>Οἱ</strong></span> <span class='ocrx_word' id='word_1_405' title='bbox 3195 2591 3458 2660; x_wconf 75' lang='grc' dir='ltr'>κάπηλοι</span> <span class='ocrx_word' id='word_1_406' title='bbox 3494 2606 3611 2645; x_wconf 85' lang='grc' dir='ltr'><strong>σου</strong></span> 
     </span>
    </p>
   </div>
   <div class='ocr_carea' id='block_1_55' title="bbox 2037 2683 3607 2763">
    <p class='ocr_par' dir='ltr' id='par_1_55' title="bbox 2037 2683 3607 2763">
     <span class='ocr_line' id='line_1_55' title="bbox 2037 2683 3607 2763; baseline -0.007 -16"><span class='ocrx_word' id='word_1_407' title='bbox 2037 2694 2332 2763; x_wconf 77' lang='grc' dir='ltr'>μίσγουσι</span> <span class='ocrx_word' id='word_1_408' title='bbox 2397 2689 2507 2744; x_wconf 85' lang='grc' dir='ltr'>τὸν</span> <span class='ocrx_word' id='word_1_409' title='bbox 2555 2684 2723 2742; x_wconf 75' lang='grc' dir='ltr'>οἶνον</span> <span class='ocrx_word' id='word_1_410' title='bbox 2764 2686 2975 2752; x_wconf 80' lang='grc' dir='ltr'>ὕδατι,</span> <span class='ocrx_word' id='word_1_411' title='bbox 3036 2688 3091 2740; x_wconf 84' lang='grc' dir='ltr'>οὶ</span> <span class='ocrx_word' id='word_1_412' title='bbox 3142 2683 3430 2753; x_wconf 80' lang='grc' dir='ltr'>ἄρχοντές</span> <span class='ocrx_word' id='word_1_413' title='bbox 3490 2699 3607 2737; x_wconf 82' lang='grc' dir='ltr'><strong>σου</strong></span> 
     </span>
    </p>
   </div>
   <div class='ocr_carea' id='block_1_56' title="bbox 2042 2773 3610 2848">
    <p class='ocr_par' dir='ltr' id='par_1_56' title="bbox 2042 2773 3610 2848">
     <span class='ocr_line' id='line_1_56' title="bbox 2042 2773 3610 2848; baseline -0.007 -10"><span class='ocrx_word' id='word_1_414' title='bbox 2042 2782 2378 2848; x_wconf 77' lang='grc' dir='ltr'>ἀπειθοῦσι,</span> <span class='ocrx_word' id='word_1_415' title='bbox 2418 2779 2692 2835; x_wconf 80' lang='grc' dir='ltr'>κοινωνοὶ</span> <span class='ocrx_word' id='word_1_416' title='bbox 2723 2774 3018 2843; x_wconf 78' lang='grc' dir='ltr'>κλεπτῶν,</span> <span class='ocrx_word' id='word_1_417' title='bbox 3042 2775 3388 2847; x_wconf 72' lang='grc' dir='ltr'>ἀγαπῶντες</span> <span class='ocrx_word' id='word_1_418' title='bbox 3423 2773 3610 2842; x_wconf 85' lang='grc' dir='ltr'>δῶρα,</span> 
     </span>
    </p>
   </div>
   <div class='ocr_carea' id='block_1_57' title="bbox 2041 2867 3610 2942">
    <p class='ocr_par' dir='ltr' id='par_1_57' title="bbox 2041 2867 3610 2942">
     <span class='ocr_line' id='line_1_57' title="bbox 2041 2867 3610 2942; baseline -0.008 -12"><span class='ocrx_word' id='word_1_419' title='bbox 2041 2875 2357 2941; x_wconf 82' lang='grc' dir='ltr'>διώκοντες</span> <span class='ocrx_word' id='word_1_420' title='bbox 2383 2871 2771 2942; x_wconf 79' lang='grc' dir='ltr'>ἀνταπόδομα</span> <span class='ocrx_word' id='word_1_421' title='bbox 2794 2910 2810 2936; x_wconf 97' lang='grc'><strong>,</strong></span> <span class='ocrx_word' id='word_1_422' title='bbox 2843 2868 3127 2939; x_wconf 65' lang='grc' dir='ltr'>ὀρφανοῖς</span> <span class='ocrx_word' id='word_1_423' title='bbox 3169 2870 3241 2922; x_wconf 87' lang='grc' dir='ltr'>οὐ</span> <span class='ocrx_word' id='word_1_424' title='bbox 3282 2867 3610 2937; x_wconf 80' lang='grc' dir='ltr'>κρίνοντες,</span> 
     </span>
    </p>
   </div>
   <div class='ocr_carea' id='block_1_58' title="bbox 2042 2961 3146 3035">
    <p class='ocr_par' dir='ltr' id='par_1_58' title="bbox 2042 2961 3146 3035">
     <span class='ocr_line' id='line_1_58' title="bbox 2042 2961 3146 3035; baseline -0.005 -15"><span class='ocrx_word' id='word_1_425' title='bbox 2042 2965 2140 3021; x_wconf 79' lang='grc' dir='ltr'>καὶ</span> <span class='ocrx_word' id='word_1_426' title='bbox 2168 2967 2364 3035; x_wconf 79' lang='grc' dir='ltr'>κρίσει</span> <span class='ocrx_word' id='word_1_427' title='bbox 2398 2963 2591 3034; x_wconf 84' lang='grc' dir='ltr'>χήρας</span> <span class='ocrx_word' id='word_1_428' title='bbox 2616 2965 2688 3018; x_wconf 86' lang='grc' dir='ltr'>οὐ</span> <span class='ocrx_word' id='word_1_429' title='bbox 2717 2961 3146 3031; x_wconf 80' lang='grc' dir='ltr'>προσέχοντες.</span> 
     </span>
    </p>
   </div>
   <div class='ocr_carea' id='block_1_59' title="bbox 436 3028 1943 3149">
    <p class='ocr_par' dir='ltr' id='par_1_59' title="bbox 436 3028 1934 3149">
     <span class='ocr_line' id='line_1_59' title="bbox 436 3028 1934 3112; baseline 0.015 -28"><span class='ocrx_word' id='word_1_430' title='bbox 436 3028 644 3087; x_wconf 87' lang='lat' dir='ltr'><strong>Causas</strong></span> <span class='ocrx_word' id='word_1_431' title='bbox 668 3034 982 3091; x_wconf 88' lang='lat' dir='ltr'><strong>mutationis</strong></span> <span class='ocrx_word' id='word_1_432' title='bbox 1006 3037 1057 3092; x_wconf 93' lang='lat' dir='ltr'><strong>in</strong></span> <span class='ocrx_word' id='word_1_433' title='bbox 1082 3039 1320 3097; x_wconf 90' lang='lat' dir='ltr'><strong>deterius</strong></span> <span class='ocrx_word' id='word_1_434' title='bbox 1354 3042 1514 3112; x_wconf 87' lang='lat' dir='ltr'><strong>plane</strong></span> <span class='ocrx_word' id='word_1_435' title='bbox 1556 3059 1839 3104; x_wconf 88' lang='lat' dir='ltr'><strong>enumerat</strong></span> <span class='ocrx_word' id='word_1_436' title='bbox 1869 3066 1934 3106; x_wconf 92' lang='lat' dir='ltr'><strong>ac</strong></span> 
     </span>
     <span class='ocr_line' id='line_1_60' title="bbox 437 3120 1835 3149; baseline 0 0"><span class='ocrx_word' id='word_1_437' title='bbox 437 3120 645 3149; x_wconf 59' lang='grc' dir='ltr'><strong>ωηιξη-η.</strong></span> <span class='ocrx_word' id='word_1_438' title='bbox 679 3140 693 3149; x_wconf 87' lang='grc'><strong>.</strong></span> <span class='ocrx_word' id='word_1_439' title='bbox 737 3132 786 3149; x_wconf 69' lang='grc' dir='ltr'><strong>Α.</strong></span> <span class='ocrx_word' id='word_1_440' title='bbox 832 3128 1184 3149; x_wconf 61' lang='lat' dir='ltr'><strong>.-......--,s_.-4</strong></span> <span class='ocrx_word' id='word_1_441' title='bbox 1210 3145 1271 3149; x_wconf 32' lang='grc' dir='ltr'>η.-</span> <span class='ocrx_word' id='word_1_442' title='bbox 1342 3148 1363 3149; x_wconf 49' lang='grc' dir='ltr'><em>η</em></span> <span class='ocrx_word' id='word_1_443' title='bbox 1388 3148 1395 3149; x_wconf 60' lang='lat'><strong><em>,</em></strong></span> <span class='ocrx_word' id='word_1_444' title='bbox 1415 3134 1449 3149; x_wconf 83' lang='lat'><strong>.-</strong></span> <span class='ocrx_word' id='word_1_445' title='bbox 1514 3135 1526 3148; x_wconf 79' lang='grc' dir='ltr'>ι</span> <span class='ocrx_word' id='word_1_446' title='bbox 1803 3141 1835 3149; x_wconf 90' lang='grc'><strong>..</strong></span> 
     </span>
    </p>
   </div>
   <div class='ocr_carea' id='block_1_60' title="bbox 2045 3028 3613 3149">
    <p class='ocr_par' dir='ltr' id='par_1_60' title="bbox 2113 3028 3613 3149">
     <span class='ocr_line' id='line_1_61' title="bbox 2113 3028 3613 3149; baseline -0.007 -36"><span class='ocrx_word' id='word_1_447' title='bbox 2113 3028 2227 3130; x_wconf 71' lang='grc' dir='ltr'><strong>Τῆς</strong></span> <span class='ocrx_word' id='word_1_448' title='bbox 2259 3058 2351 3113; x_wconf 76' lang='grc' dir='ltr'><strong>ἐπὶ</strong></span> <span class='ocrx_word' id='word_1_449' title='bbox 2394 3028 2491 3112; x_wconf 32' lang='grc' dir='ltr'>τνάή</span> <span class='ocrx_word' id='word_1_450' title='bbox 2509 3028 2677 3129; x_wconf 79' lang='grc' dir='ltr'>χείρω</span> <span class='ocrx_word' id='word_1_451' title='bbox 2719 3028 3023 3127; x_wconf 79' lang='grc' dir='ltr'>μεταϐολῆς</span> <span class='ocrx_word' id='word_1_452' title='bbox 3056 3053 3155 3149; x_wconf 66' lang='grc' dir='ltr'><strong>τάς</strong></span> <span class='ocrx_word' id='word_1_453' title='bbox 3201 3054 3381 3149; x_wconf 80' lang='grc' dir='ltr'>αἰτίας</span> <span class='ocrx_word' id='word_1_454' title='bbox 3422 3053 3613 3149; x_wconf 75' lang='grc' dir='ltr'>ἀπαρι-</span> 
     </span>
    </p>
   </div>
   <div class='ocr_carea' id='block_1_61' title="bbox 364 3120 1943 3222">
    <p class='ocr_par' dir='ltr' id='par_1_61' title="bbox 364 3120 1937 3202">
     <span class='ocr_line' id='line_1_62' title="bbox 364 3120 1937 3202; baseline 0.017 -29"><span class='ocrx_word' id='word_1_455' title='bbox 364 3120 694 3191; x_wconf 82' lang='lat' dir='ltr'><strong>perspicue:</strong></span> <span class='ocrx_word' id='word_1_456' title='bbox 735 3132 791 3179; x_wconf 88' lang='lat' dir='ltr'><strong>et</strong></span> <span class='ocrx_word' id='word_1_457' title='bbox 828 3128 1280 3196; x_wconf 88' lang='lat' dir='ltr'><strong>quemadmodmn</strong></span> <span class='ocrx_word' id='word_1_458' title='bbox 1339 3134 1653 3202; x_wconf 91' lang='lat' dir='ltr'><strong>potissimus</strong></span> <span class='ocrx_word' id='word_1_459' title='bbox 1695 3141 1937 3199; x_wconf 87' lang='lat' dir='ltr'><strong>medicus</strong></span> 
     </span>
    </p>
   </div>
   <div class='ocr_carea' id='block_1_62' title="bbox 2045 3120 3611 3222">
    <p class='ocr_par' dir='ltr' id='par_1_62' title="bbox 2045 3120 3611 3222">
     <span class='ocr_line' id='line_1_63' title="bbox 2045 3120 3611 3222; baseline -0.007 -17"><span class='ocrx_word' id='word_1_460' title='bbox 2045 3120 2263 3222; x_wconf 74' lang='grc' dir='ltr'>θμεῖται</span> <span class='ocrx_word' id='word_1_461' title='bbox 2293 3146 2503 3217; x_wconf 84' lang='grc' dir='ltr'>σαφῶς.</span> <span class='ocrx_word' id='word_1_462' title='bbox 2534 3146 2647 3201; x_wconf 71' lang='grc' dir='ltr'><strong>Καὶ</strong></span> <span class='ocrx_word' id='word_1_463' title='bbox 2684 3145 2873 3217; x_wconf 84' lang='grc' dir='ltr'>ὥσπερ</span> <span class='ocrx_word' id='word_1_464' title='bbox 2916 3163 3000 3208; x_wconf 90' lang='grc' dir='ltr'><strong>τις</strong></span> <span class='ocrx_word' id='word_1_465' title='bbox 3041 3144 3151 3198; x_wconf 89' lang='grc' dir='ltr'><strong>τῶν</strong></span> <span class='ocrx_word' id='word_1_466' title='bbox 3182 3143 3611 3214; x_wconf 83' lang='grc' dir='ltr'>εὐτεχνεστάτων</span> 
     </span>
    </p>
   </div>
   <div class='ocr_carea' id='block_1_63' title="bbox 368 3213 1942 3299">
    <p class='ocr_par' dir='ltr' id='par_1_63' title="bbox 368 3213 1942 3299">
     <span class='ocr_line' id='line_1_64' title="bbox 368 3213 1942 3299; baseline 0.016 -34"><span class='ocrx_word' id='word_1_467' title='bbox 368 3213 635 3284; x_wconf 77' lang='lat' dir='ltr'><strong>quispiam</strong></span> <span class='ocrx_word' id='word_1_468' title='bbox 686 3217 906 3288; x_wconf 78' lang='lat' dir='ltr'><strong>aegrotis</strong></span> <span class='ocrx_word' id='word_1_469' title='bbox 945 3214 1119 3275; x_wconf 82' lang='lat' dir='ltr'><strong>morbi</strong></span> <span class='ocrx_word' id='word_1_470' title='bbox 1159 3224 1475 3282; x_wconf 87' lang='lat' dir='ltr'><strong>occasiones</strong></span> <span class='ocrx_word' id='word_1_471' title='bbox 1520 3229 1716 3299; x_wconf 86' lang='lat' dir='ltr'><strong>aperit,</strong></span> <span class='ocrx_word' id='word_1_472' title='bbox 1767 3233 1845 3288; x_wconf 89' lang='lat' dir='ltr'><strong>sic</strong></span> <span class='ocrx_word' id='word_1_473' title='bbox 1887 3244 1942 3290; x_wconf 90' lang='lat' dir='ltr'><strong>et</strong></span> 
     </span>
    </p>
   </div>
   <div class='ocr_carea' id='block_1_64' title="bbox 365 3304 1940 3392">
    <p class='ocr_par' dir='ltr' id='par_1_64' title="bbox 365 3304 1940 3392">
     <span class='ocr_line' id='line_1_65' title="bbox 365 3304 1940 3392; baseline 0.012 -31"><span class='ocrx_word' id='word_1_474' title='bbox 365 3304 458 3363; x_wconf 85' lang='lat' dir='ltr'><strong>ille</strong></span> <span class='ocrx_word' id='word_1_475' title='bbox 480 3307 703 3378; x_wconf 88' lang='lat' dir='ltr'><strong>cupiens</strong></span> <span class='ocrx_word' id='word_1_476' title='bbox 736 3324 983 3387; x_wconf 68' lang='lat' dir='ltr'><strong>(omnes</strong></span> <span class='ocrx_word' id='word_1_477' title='bbox 1023 3313 1271 3371; x_wconf 85' lang='lat' dir='ltr'><strong>homines</strong></span> <span class='ocrx_word' id='word_1_478' title='bbox 1300 3317 1480 3373; x_wconf 87' lang='lat' dir='ltr'><strong>salvos</strong></span> <span class='ocrx_word' id='word_1_479' title='bbox 1509 3317 1649 3387; x_wconf 88' lang='lat' dir='ltr'><strong>ﬁeri,</strong></span> <span class='ocrx_word' id='word_1_480' title='bbox 1677 3331 1841 3392; x_wconf 91' lang='lat' dir='ltr'><strong>atque</strong></span> <span class='ocrx_word' id='word_1_481' title='bbox 1870 3325 1940 3379; x_wconf 90' lang='lat' dir='ltr'><strong>ad</strong></span> 
     </span>
    </p>
   </div>
   <div class='ocr_carea' id='block_1_65' title="bbox 365 3398 1939 3483">
    <p class='ocr_par' dir='ltr' id='par_1_65' title="bbox 365 3398 1939 3483">
     <span class='ocr_line' id='line_1_66' title="bbox 365 3398 1939 3483; baseline 0.013 -32"><span class='ocrx_word' id='word_1_482' title='bbox 365 3398 697 3470; x_wconf 81' lang='lat' dir='ltr'><strong>agnitionem</strong></span> <span class='ocrx_word' id='word_1_483' title='bbox 728 3401 976 3458; x_wconf 79' lang='lat' dir='ltr'><strong>veritatis</strong></span> <span class='ocrx_word' id='word_1_484' title='bbox 1005 3406 1290 3474; x_wconf 88' lang='lat' dir='ltr'><strong>pervenire</strong></span> <span class='ocrx_word' id='word_1_485' title='bbox 1315 3408 1380 3473; x_wconf 80' lang='grc'><strong>⁸³,</strong></span> <span class='ocrx_word' id='word_1_486' title='bbox 1416 3428 1436 3462; x_wconf 76' lang='grc' dir='ltr'><strong>ι</strong></span> <span class='ocrx_word' id='word_1_487' title='bbox 1471 3409 1556 3467; x_wconf 85' lang='lat' dir='ltr'><strong>his</strong></span> <span class='ocrx_word' id='word_1_488' title='bbox 1588 3412 1680 3483; x_wconf 93' lang='lat' dir='ltr'><strong>qni</strong></span> <span class='ocrx_word' id='word_1_489' title='bbox 1719 3428 1787 3469; x_wconf 85' lang='lat' dir='ltr'><strong>ex</strong></span> <span class='ocrx_word' id='word_1_490' title='bbox 1833 3415 1939 3470; x_wconf 90' lang='lat' dir='ltr'><strong>im-</strong></span> 
     </span>
    </p>
   </div>
   <div class='ocr_carea' id='block_1_66' title="bbox 363 3491 1940 3572">
    <p class='ocr_par' dir='ltr' id='par_1_66' title="bbox 363 3491 1940 3572">
     <span class='ocr_line' id='line_1_67' title="bbox 363 3491 1940 3572; baseline 0.013 -29"><span class='ocrx_word' id='word_1_491' title='bbox 363 3491 560 3560; x_wconf 85' lang='lat' dir='ltr'><strong>peritia</strong></span> <span class='ocrx_word' id='word_1_492' title='bbox 608 3491 677 3547; x_wconf 88' lang='lat' dir='ltr'><strong>ab</strong></span> <span class='ocrx_word' id='word_1_493' title='bbox 714 3492 943 3572; x_wconf 81' lang='lat' dir='ltr'><strong>honesto</strong></span> <span class='ocrx_word' id='word_1_494' title='bbox 988 3497 1293 3569; x_wconf 84' lang='lat' dir='ltr'><strong>decoroque</strong></span> <span class='ocrx_word' id='word_1_495' title='bbox 1340 3499 1697 3572; x_wconf 83' lang='lat' dir='ltr'><strong>deﬁexerunt,</strong></span> <span class='ocrx_word' id='word_1_496' title='bbox 1746 3522 1940 3563; x_wconf 88' lang='lat' dir='ltr'><strong>causas</strong></span> 
     </span>
    </p>
   </div>
   <div class='ocr_carea' id='block_1_67' title="bbox 365 3564 1933 3666">
    <p class='ocr_par' dir='ltr' id='par_1_67' title="bbox 365 3564 1933 3666">
     <span class='ocr_line' id='line_1_68' title="bbox 365 3564 1933 3666; baseline 0.011 -31"><span class='ocrx_word' id='word_1_497' title='bbox 365 3579 713 3638; x_wconf 76' lang='lat' dir='ltr'><strong>aﬂlictionum</strong></span> <span class='ocrx_word' id='word_1_498' title='bbox 759 3593 815 3641; x_wconf 87' lang='lat' dir='ltr'><strong>et</strong></span> <span class='ocrx_word' id='word_1_499' title='bbox 850 3564 1168 3643; x_wconf 75' lang='lat' dir='ltr'><strong>delictorum</strong></span> <span class='ocrx_word' id='word_1_500' title='bbox 1203 3564 1451 3661; x_wconf 77' lang='lat' dir='ltr'><strong>exponit.</strong></span> <span class='ocrx_word' id='word_1_501' title='bbox 1511 3612 1530 3647; x_wconf 81' lang='grc' dir='ltr'><strong>ι</strong></span> <span class='ocrx_word' id='word_1_502' title='bbox 1567 3564 1876 3666; x_wconf 78' lang='lat' dir='ltr'><strong>Reprobum</strong></span> <span class='ocrx_word' id='word_1_503' title='bbox 1914 3618 1933 3652; x_wconf 83' lang='lat' dir='ltr'><strong>s</strong></span> 
     </span>
    </p>
   </div>
   <div class='ocr_carea' id='block_1_68' title="bbox 364 3674 1938 3761">
    <p class='ocr_par' dir='ltr' id='par_1_68' title="bbox 364 3674 1938 3761">
     <span class='ocr_line' id='line_1_69' title="bbox 364 3674 1938 3761; baseline 0.011 -32"><span class='ocrx_word' id='word_1_504' title='bbox 364 3674 535 3741; x_wconf 91' lang='lat' dir='ltr'><strong>enim,</strong></span> <span class='ocrx_word' id='word_1_505' title='bbox 578 3676 771 3748; x_wconf 88' lang='lat' dir='ltr'><strong>inquit,</strong></span> <span class='ocrx_word' id='word_1_506' title='bbox 811 3688 894 3735; x_wconf 89' lang='lat' dir='ltr'><strong>est</strong></span> <span class='ocrx_word' id='word_1_507' title='bbox 929 3699 950 3733; x_wconf 73' lang='grc' dir='ltr'><strong>ι</strong></span> <span class='ocrx_word' id='word_1_508' title='bbox 983 3694 1265 3753; x_wconf 78' lang='lat' dir='ltr'><strong>argentum</strong></span> <span class='ocrx_word' id='word_1_509' title='bbox 1298 3694 1563 3742; x_wconf 86' lang='lat' dir='ltr'><strong>vestrum.</strong></span> <span class='ocrx_word' id='word_1_510' title='bbox 1594 3707 1614 3742; x_wconf 74' lang='grc' dir='ltr'><strong>ι</strong></span> <span class='ocrx_word' id='word_1_511' title='bbox 1641 3689 1938 3761; x_wconf 79' lang='lat' dir='ltr'><strong>Argentum</strong></span> 
     </span>
    </p>
   </div>
   <div class='ocr_carea' id='block_1_69' title="bbox 362 3772 1941 3851">
    <p class='ocr_par' dir='ltr' id='par_1_69' title="bbox 362 3772 1941 3851">
     <span class='ocr_line' id='line_1_70' title="bbox 362 3772 1941 3851; baseline 0.011 -28"><span class='ocrx_word' id='word_1_512' title='bbox 362 3776 524 3824; x_wconf 83' lang='lat' dir='ltr'><strong>vocat</strong></span> <span class='ocrx_word' id='word_1_513' title='bbox 548 3772 858 3838; x_wconf 88' lang='lat' dir='ltr'><strong>reprobum,</strong></span> <span class='ocrx_word' id='word_1_514' title='bbox 890 3785 1182 3843; x_wconf 64' lang='lat' dir='ltr'><strong>prmeepta,</strong></span> <span class='ocrx_word' id='word_1_515' title='bbox 1213 3792 1333 3846; x_wconf 66' lang='lat' dir='ltr'><strong>qua:</strong></span> <span class='ocrx_word' id='word_1_516' title='bbox 1366 3778 1507 3849; x_wconf 87' lang='lat' dir='ltr'><strong>apud</strong></span> <span class='ocrx_word' id='word_1_517' title='bbox 1536 3781 1683 3851; x_wconf 89' lang='lat' dir='ltr'><strong>ipsos</strong></span> <span class='ocrx_word' id='word_1_518' title='bbox 1711 3783 1941 3841; x_wconf 85' lang='lat' dir='ltr'><strong>inoleve-</strong></span> 
     </span>
    </p>
   </div>
   <div class='ocr_carea' id='block_1_70' title="bbox 363 3863 1939 3947">
    <p class='ocr_par' dir='ltr' id='par_1_70' title="bbox 363 3863 1939 3947">
     <span class='ocr_line' id='line_1_71' title="bbox 363 3863 1939 3947; baseline 0.012 -31"><span class='ocrx_word' id='word_1_519' title='bbox 363 3872 512 3937; x_wconf 74' lang='lat' dir='ltr'><strong>runt,</strong></span> <span class='ocrx_word' id='word_1_520' title='bbox 538 3877 644 3918; x_wconf 94' lang='lat' dir='ltr'><strong>non</strong></span> <span class='ocrx_word' id='word_1_521' title='bbox 674 3863 905 3934; x_wconf 81' lang='lat' dir='ltr'><strong>ingenua</strong></span> <span class='ocrx_word' id='word_1_522' title='bbox 951 3876 1045 3923; x_wconf 88' lang='lat' dir='ltr'><strong>aut</strong></span> <span class='ocrx_word' id='word_1_523' title='bbox 1091 3869 1354 3938; x_wconf 85' lang='lat' dir='ltr'><strong>liberalia,</strong></span> <span class='ocrx_word' id='word_1_524' title='bbox 1409 3872 1504 3929; x_wconf 90' lang='lat' dir='ltr'><strong>sed</strong></span> <span class='ocrx_word' id='word_1_525' title='bbox 1556 3875 1703 3931; x_wconf 89' lang='lat' dir='ltr'><strong>omni</strong></span> <span class='ocrx_word' id='word_1_526' title='bbox 1759 3878 1939 3947; x_wconf 88' lang='lat' dir='ltr'><strong>potius</strong></span> 
     </span>
    </p>
   </div>
   <div class='ocr_carea' id='block_1_71' title="bbox 364 3951 1938 4037">
    <p class='ocr_par' dir='ltr' id='par_1_71' title="bbox 364 3951 1938 4037">
     <span class='ocr_line' id='line_1_72' title="bbox 364 3951 1938 4037; baseline 0.012 -31"><span class='ocrx_word' id='word_1_527' title='bbox 364 3951 724 4009; x_wconf 86' lang='lat' dir='ltr'><strong>detestatione</strong></span> <span class='ocrx_word' id='word_1_528' title='bbox 768 3955 989 4021; x_wconf 80' lang='lat' dir='ltr'><strong>referta,</strong></span> <span class='ocrx_word' id='word_1_529' title='bbox 1028 3973 1093 4014; x_wconf 89' lang='lat' dir='ltr'><strong>ac</strong></span> <span class='ocrx_word' id='word_1_530' title='bbox 1136 3974 1257 4028; x_wconf 71' lang='lat' dir='ltr'><strong>qua:</strong></span> <span class='ocrx_word' id='word_1_531' title='bbox 1279 3964 1488 4031; x_wconf 89' lang='lat' dir='ltr'><strong>obesse,</strong></span> <span class='ocrx_word' id='word_1_532' title='bbox 1524 3980 1630 4021; x_wconf 91' lang='lat' dir='ltr'><strong>non</strong></span> <span class='ocrx_word' id='word_1_533' title='bbox 1680 3969 1938 4037; x_wconf 88' lang='lat' dir='ltr'><strong>prodesse</strong></span> 
     </span>
    </p>
   </div>
   <div class='ocr_carea' id='block_1_72' title="bbox 361 4041 1939 4126">
    <p class='ocr_par' dir='ltr' id='par_1_72' title="bbox 361 4041 1939 4126">
     <span class='ocr_line' id='line_1_73' title="bbox 361 4041 1939 4126; baseline 0.011 -30"><span class='ocrx_word' id='word_1_534' title='bbox 361 4041 701 4100; x_wconf 87' lang='lat' dir='ltr'><strong>auditoribus</strong></span> <span class='ocrx_word' id='word_1_535' title='bbox 744 4055 1014 4114; x_wconf 84' lang='lat' dir='ltr'><strong>poterant.</strong></span> <span class='ocrx_word' id='word_1_536' title='bbox 1058 4047 1208 4105; x_wconf 86' lang='lat' dir='ltr'><strong>Solet</strong></span> <span class='ocrx_word' id='word_1_537' title='bbox 1248 4050 1504 4107; x_wconf 86' lang='lat' dir='ltr'><strong>nimirum</strong></span> <span class='ocrx_word' id='word_1_538' title='bbox 1544 4054 1823 4126; x_wconf 88' lang='lat' dir='ltr'><strong>Scriptura</strong></span> <span class='ocrx_word' id='word_1_539' title='bbox 1855 4059 1939 4114; x_wconf 90' lang='lat' dir='ltr'><strong>di-</strong></span> 
     </span>
    </p>
   </div>
   <div class='ocr_carea' id='block_1_73' title="bbox 361 4133 1933 4219">
    <p class='ocr_par' dir='ltr' id='par_1_73' title="bbox 361 4133 1933 4219">
     <span class='ocr_line' id='line_1_74' title="bbox 361 4133 1933 4219; baseline 0.01 -32"><span class='ocrx_word' id='word_1_540' title='bbox 361 4133 567 4190; x_wconf 89' lang='lat' dir='ltr'><strong>vinitus</strong></span> <span class='ocrx_word' id='word_1_541' title='bbox 603 4136 866 4206; x_wconf 85' lang='lat' dir='ltr'><strong>aspirata,</strong></span> <span class='ocrx_word' id='word_1_542' title='bbox 913 4139 1263 4197; x_wconf 87' lang='lat' dir='ltr'><strong>catecheseos</strong></span> <span class='ocrx_word' id='word_1_543' title='bbox 1303 4157 1604 4211; x_wconf 89' lang='lat' dir='ltr'><strong>sermones,</strong></span> <span class='ocrx_word' id='word_1_544' title='bbox 1649 4148 1740 4217; x_wconf 93' lang='lat' dir='ltr'><strong>qui</strong></span> <span class='ocrx_word' id='word_1_545' title='bbox 1794 4151 1933 4219; x_wconf 88' lang='lat' dir='ltr'><strong>apud</strong></span> 
     </span>
    </p>
   </div>
   <div class='ocr_carea' id='block_1_74' title="bbox 359 4227 1931 4310">
    <p class='ocr_par' dir='ltr' id='par_1_74' title="bbox 359 4227 1931 4310">
     <span class='ocr_line' id='line_1_75' title="bbox 359 4227 1931 4310; baseline 0.011 -30"><span class='ocrx_word' id='word_1_546' title='bbox 359 4227 615 4297; x_wconf 90' lang='lat' dir='ltr'><strong>populum</strong></span> <span class='ocrx_word' id='word_1_547' title='bbox 664 4229 936 4285; x_wconf 90' lang='lat' dir='ltr'><strong>subditum</strong></span> <span class='ocrx_word' id='word_1_548' title='bbox 967 4231 1259 4298; x_wconf 86' lang='lat' dir='ltr'><strong>habentur.</strong></span> <span class='ocrx_word' id='word_1_549' title='bbox 1305 4246 1585 4307; x_wconf 87' lang='lat' dir='ltr'><strong>argentum</strong></span> <span class='ocrx_word' id='word_1_550' title='bbox 1635 4241 1931 4310; x_wconf 86' lang='lat' dir='ltr'><strong>appellare.</strong></span> 
     </span>
    </p>
   </div>
   <div class='ocr_carea' id='block_1_75' title="bbox 358 4320 1933 4388">
    <p class='ocr_par' dir='ltr' id='par_1_75' title="bbox 358 4320 1933 4388">
     <span class='ocr_line' id='line_1_76' title="bbox 358 4320 1933 4388; baseline 0.009 -14"><span class='ocrx_word' id='word_1_551' title='bbox 358 4320 431 4375; x_wconf 85' lang='lat' dir='ltr'><strong>Et</strong></span> <span class='ocrx_word' id='word_1_552' title='bbox 453 4336 582 4377; x_wconf 89' lang='lat' dir='ltr'><strong>sane</strong></span> <span class='ocrx_word' id='word_1_553' title='bbox 612 4322 873 4379; x_wconf 88' lang='lat' dir='ltr'><strong>Dominus</strong></span> <span class='ocrx_word' id='word_1_554' title='bbox 903 4333 1087 4381; x_wconf 89' lang='lat' dir='ltr'><strong>noster</strong></span> <span class='ocrx_word' id='word_1_555' title='bbox 1117 4322 1272 4382; x_wconf 89' lang='lat' dir='ltr'><strong>Jesus</strong></span> <span class='ocrx_word' id='word_1_556' title='bbox 1301 4328 1551 4384; x_wconf 87' lang='lat' dir='ltr'><strong>Christus</strong></span> <span class='ocrx_word' id='word_1_557' title='bbox 1604 4331 1783 4387; x_wconf 91' lang='lat' dir='ltr'><strong>simile</strong></span> <span class='ocrx_word' id='word_1_558' title='bbox 1814 4347 1933 4388; x_wconf 91' lang='lat' dir='ltr'><strong>esse</strong></span> 
     </span>
    </p>
   </div>
   <div class='ocr_carea' id='block_1_76' title="bbox 2045 3233 3614 3313">
    <p class='ocr_par' dir='ltr' id='par_1_76' title="bbox 2045 3233 3614 3313">
     <span class='ocr_line' id='line_1_77' title="bbox 2045 3233 3614 3313; baseline -0.007 -17"><span class='ocrx_word' id='word_1_559' title='bbox 2045 3241 2245 3313; x_wconf 77' lang='grc' dir='ltr'>ἰατρῶν</span> <span class='ocrx_word' id='word_1_560' title='bbox 2295 3241 2413 3303; x_wconf 87' lang='grc' dir='ltr'>τοῖς</span> <span class='ocrx_word' id='word_1_561' title='bbox 2470 3236 2855 3309; x_wconf 74' lang='grc' dir='ltr'>ὴρῤωστηκόσι</span> <span class='ocrx_word' id='word_1_562' title='bbox 2915 3236 3064 3305; x_wconf 90' lang='grc' dir='ltr'>λέγει</span> <span class='ocrx_word' id='word_1_563' title='bbox 3121 3236 3221 3299; x_wconf 80' lang='grc' dir='ltr'><strong>τὰς</strong></span> <span class='ocrx_word' id='word_1_564' title='bbox 3289 3233 3384 3288; x_wconf 87' lang='grc' dir='ltr'><strong>τοῦ</strong></span> <span class='ocrx_word' id='word_1_565' title='bbox 3440 3234 3614 3288; x_wconf 86' lang='grc' dir='ltr'>νοσεῖν</span> 
     </span>
    </p>
   </div>
   <div class='ocr_carea' id='block_1_77' title="bbox 2041 3324 3612 3408">
    <p class='ocr_par' dir='ltr' id='par_1_77' title="bbox 2041 3324 3612 3408">
     <span class='ocr_line' id='line_1_78' title="bbox 2041 3324 3612 3408; baseline -0.008 -18"><span class='ocrx_word' id='word_1_566' title='bbox 2041 3333 2320 3408; x_wconf 82' lang='grc' dir='ltr'>ἀφορμὰς,</span> <span class='ocrx_word' id='word_1_567' title='bbox 2367 3331 2510 3386; x_wconf 81' lang='grc' dir='ltr'>οὕτω</span> <span class='ocrx_word' id='word_1_568' title='bbox 2544 3331 2641 3385; x_wconf 72' lang='grc' dir='ltr'>καὶ</span> <span class='ocrx_word' id='word_1_569' title='bbox 2668 3331 2832 3395; x_wconf 81' lang='grc' dir='ltr'>αὐτὸς</span> <span class='ocrx_word' id='word_1_570' title='bbox 2875 3332 2903 3384; x_wconf 89' lang='grc' dir='ltr'>ὁ</span> <span class='ocrx_word' id='word_1_571' title='bbox 2944 3331 3152 3393; x_wconf 80' lang='grc' dir='ltr'>πάντας</span> <span class='ocrx_word' id='word_1_572' title='bbox 3178 3325 3494 3399; x_wconf 85' lang='grc' dir='ltr'>ἀνθρώπους</span> <span class='ocrx_word' id='word_1_573' title='bbox 3525 3324 3612 3377; x_wconf 85' lang='grc' dir='ltr'>θέ-</span> 
     </span>
    </p>
   </div>
   <div class='ocr_carea' id='block_1_78' title="bbox 2039 3414 3609 3496">
    <p class='ocr_par' dir='ltr' id='par_1_78' title="bbox 2039 3414 3609 3496">
     <span class='ocr_line' id='line_1_79' title="bbox 2039 3414 3609 3496; baseline -0.01 -16"><span class='ocrx_word' id='word_1_574' title='bbox 2039 3427 2146 3481; x_wconf 88' lang='grc' dir='ltr'>λων</span> <span class='ocrx_word' id='word_1_575' title='bbox 2197 3424 2470 3496; x_wconf 85' lang='grc' dir='ltr'>σωθῆναι,</span> <span class='ocrx_word' id='word_1_576' title='bbox 2519 3421 2612 3475; x_wconf 79' lang='grc' dir='ltr'>καὶ</span> <span class='ocrx_word' id='word_1_577' title='bbox 2642 3423 2721 3486; x_wconf 83' lang='grc' dir='ltr'><strong>είς</strong></span> <span class='ocrx_word' id='word_1_578' title='bbox 2768 3421 3064 3490; x_wconf 81' lang='grc' dir='ltr'>ἐπίγνωσιν</span> <span class='ocrx_word' id='word_1_579' title='bbox 3111 3417 3367 3488; x_wconf 78' lang='grc' dir='ltr'>ἀληθείας</span> <span class='ocrx_word' id='word_1_580' title='bbox 3412 3414 3609 3478; x_wconf 77' lang='grc' dir='ltr'>ἐλθεῖν,</span> 
     </span>
    </p>
   </div>
   <div class='ocr_carea' id='block_1_79' title="bbox 2038 3505 3613 3588">
    <p class='ocr_par' dir='ltr' id='par_1_79' title="bbox 2038 3505 3613 3588">
     <span class='ocr_line' id='line_1_80' title="bbox 2038 3505 3613 3588; baseline -0.01 -15"><span class='ocrx_word' id='word_1_581' title='bbox 2038 3522 2153 3582; x_wconf 85' lang='grc' dir='ltr'>τοῖς</span> <span class='ocrx_word' id='word_1_582' title='bbox 2190 3517 2248 3585; x_wconf 81' lang='grc' dir='ltr'><strong>ἐξ</strong></span> <span class='ocrx_word' id='word_1_583' title='bbox 2290 3515 2531 3588; x_wconf 81' lang='grc' dir='ltr'>ἀμαθίας</span> <span class='ocrx_word' id='word_1_584' title='bbox 2576 3512 2959 3586; x_wconf 76' lang='grc' dir='ltr'>ὴρρωστηκόσι</span> <span class='ocrx_word' id='word_1_585' title='bbox 3005 3509 3099 3564; x_wconf 89' lang='grc' dir='ltr'><strong>τοῦ</strong></span> <span class='ocrx_word' id='word_1_586' title='bbox 3151 3508 3453 3582; x_wconf 83' lang='grc' dir='ltr'>πρέποντος</span> <span class='ocrx_word' id='word_1_587' title='bbox 3499 3505 3613 3558; x_wconf 87' lang='grc' dir='ltr'>δια-</span> 
     </span>
    </p>
   </div>
   <div class='ocr_carea' id='block_1_80' title="bbox 2038 3597 3611 3700">
    <p class='ocr_par' dir='ltr' id='par_1_80' title="bbox 2038 3597 3611 3700">
     <span class='ocr_line' id='line_1_81' title="bbox 2038 3597 3611 3700; baseline -0.011 -35"><span class='ocrx_word' id='word_1_588' title='bbox 2038 3612 2227 3683; x_wconf 83' lang='grc' dir='ltr'>τρανοῖ</span> <span class='ocrx_word' id='word_1_589' title='bbox 2256 3609 2355 3671; x_wconf 80' lang='grc' dir='ltr'><strong>τὰς</strong></span> <span class='ocrx_word' id='word_1_590' title='bbox 2405 3607 2583 3671; x_wconf 83' lang='grc' dir='ltr'>αἰτίας</span> <span class='ocrx_word' id='word_1_591' title='bbox 2614 3607 2723 3659; x_wconf 86' lang='grc' dir='ltr'><strong>τῶν</strong></span> <span class='ocrx_word' id='word_1_592' title='bbox 2756 3607 2814 3660; x_wconf 81' lang='grc' dir='ltr'>ὲν</span> <span class='ocrx_word' id='word_1_593' title='bbox 2845 3605 3027 3667; x_wconf 76' lang='grc' dir='ltr'>αὐτοῖς</span> <span class='ocrx_word' id='word_1_594' title='bbox 3078 3601 3266 3700; x_wconf 80' lang='grc' dir='ltr'>παθῶν</span> <span class='ocrx_word' id='word_1_595' title='bbox 3295 3599 3392 3700; x_wconf 46' lang='grc' dir='ltr'>καὶ,</span> <span class='ocrx_word' id='word_1_596' title='bbox 3427 3597 3611 3700; x_wconf 62' lang='grc' dir='ltr'>πλημ-</span> 
     </span>
    </p>
   </div>
   <div class='ocr_carea' id='block_1_81' title="bbox 2043 3689 3604 3791">
    <p class='ocr_par' dir='ltr' id='par_1_81' title="bbox 2043 3689 3604 3791">
     <span class='ocr_line' id='line_1_82' title="bbox 2043 3689 3604 3791; baseline -0.012 -36"><span class='ocrx_word' id='word_1_597' title='bbox 2043 3700 2390 3775; x_wconf 85' lang='grc' dir='ltr'>μελημάτων.</span> <span class='ocrx_word' id='word_1_598' title='bbox 2433 3717 2452 3750; x_wconf 80' lang='grc' dir='ltr'><strong>ι</strong></span> <span class='ocrx_word' id='word_1_599' title='bbox 2504 3698 2786 3769; x_wconf 84' lang='grc' dir='ltr'>Ἀδόκιμον</span> <span class='ocrx_word' id='word_1_600' title='bbox 2827 3696 2935 3767; x_wconf 78' lang='grc' dir='ltr'><strong>γὰρ</strong></span> <span class='ocrx_word' id='word_1_601' title='bbox 2978 3695 3039 3748; x_wconf 68' lang='grc' dir='ltr'>τὸ</span> <span class='ocrx_word' id='word_1_602' title='bbox 3067 3689 3604 3791; x_wconf 26' lang='grc' dir='ltr'>ἀργύᾼριον-ιὲμῶνζ»</span> 
     </span>
    </p>
   </div>
   <div class='ocr_carea' id='block_1_82' title="bbox 2041 3780 3611 3865">
    <p class='ocr_par' dir='ltr' id='par_1_82' title="bbox 2041 3780 3611 3865">
     <span class='ocr_line' id='line_1_83' title="bbox 2041 3780 3611 3865; baseline -0.011 -18"><span class='ocrx_word' id='word_1_603' title='bbox 2041 3792 2195 3865; x_wconf 88' lang='grc' dir='ltr'>φησί.</span> <span class='ocrx_word' id='word_1_604' title='bbox 2250 3792 2363 3845; x_wconf 75' lang='grc' dir='ltr'><strong>Καὶ</strong></span> <span class='ocrx_word' id='word_1_605' title='bbox 2419 3789 2682 3862; x_wconf 90' lang='grc' dir='ltr'>ἀργύριον</span> <span class='ocrx_word' id='word_1_606' title='bbox 2736 3788 2834 3859; x_wconf 81' lang='grc' dir='ltr'>μὲν</span> <span class='ocrx_word' id='word_1_607' title='bbox 2878 3788 3137 3857; x_wconf 84' lang='grc' dir='ltr'>ἀδόκιμον</span> <span class='ocrx_word' id='word_1_608' title='bbox 3193 3780 3451 3855; x_wconf 77' lang='grc' dir='ltr'>ὀνομάζει</span> <span class='ocrx_word' id='word_1_609' title='bbox 3501 3780 3611 3832; x_wconf 85' lang='grc' dir='ltr'><strong>τῶν</strong></span> 
     </span>
    </p>
   </div>
   <div class='ocr_carea' id='block_1_83' title="bbox 2040 3869 3610 3973">
    <p class='ocr_par' dir='ltr' id='par_1_83' title="bbox 2040 3869 3610 3973">
     <span class='ocr_line' id='line_1_84' title="bbox 2040 3869 3610 3973; baseline -0.01 -35"><span class='ocrx_word' id='word_1_610' title='bbox 2040 3883 2172 3956; x_wconf 87' lang='grc' dir='ltr'>παρ’</span> <span class='ocrx_word' id='word_1_611' title='bbox 2214 3884 2395 3946; x_wconf 82' lang='grc' dir='ltr'>αὐτοῖς</span> <span class='ocrx_word' id='word_1_612' title='bbox 2428 3880 2767 3936; x_wconf 86' lang='grc' dir='ltr'>διδασκάλων</span> <span class='ocrx_word' id='word_1_613' title='bbox 2802 3881 2894 3933; x_wconf 80' lang='grc' dir='ltr'>τὸν</span> <span class='ocrx_word' id='word_1_614' title='bbox 2923 3878 3023 3931; x_wconf 76' lang='grc' dir='ltr'>οὐκ</span> <span class='ocrx_word' id='word_1_615' title='bbox 3060 3878 3258 3944; x_wconf 78' lang='grc' dir='ltr'>εὐφυᾶ,</span> <span class='ocrx_word' id='word_1_616' title='bbox 3309 3873 3509 3973; x_wconf 53' lang='grc' dir='ltr'>μάλλον</span> <span class='ocrx_word' id='word_1_617' title='bbox 3553 3869 3610 3973; x_wconf 73' lang='grc' dir='ltr'>δὲ</span> 
     </span>
    </p>
   </div>
   <div class='ocr_carea' id='block_1_84' title="bbox 2040 3963 3612 4049">
    <p class='ocr_par' dir='ltr' id='par_1_84' title="bbox 2040 3963 3612 4049">
     <span class='ocr_line' id='line_1_85' title="bbox 2040 3963 3612 4049; baseline -0.011 -19"><span class='ocrx_word' id='word_1_618' title='bbox 2040 3977 2133 4030; x_wconf 75' lang='grc' dir='ltr'><strong>καὶ</strong></span> <span class='ocrx_word' id='word_1_619' title='bbox 2160 3974 2441 4047; x_wconf 84' lang='grc' dir='ltr'>βδελυρίας</span> <span class='ocrx_word' id='word_1_620' title='bbox 2484 3972 2702 4042; x_wconf 87' lang='grc' dir='ltr'>ἀπάσης</span> <span class='ocrx_word' id='word_1_621' title='bbox 2745 3969 3038 4049; x_wconf 85' lang='grc' dir='ltr'>ὲπίμεστον</span> <span class='ocrx_word' id='word_1_622' title='bbox 3069 3967 3226 4034; x_wconf 88' lang='grc' dir='ltr'>λόγον</span> <span class='ocrx_word' id='word_1_623' title='bbox 3246 3984 3259 3998; x_wconf 76' lang='grc' dir='ltr'><strong>ο</strong></span> <span class='ocrx_word' id='word_1_624' title='bbox 3292 3965 3386 4016; x_wconf 73' lang='grc' dir='ltr'><strong>καὶ</strong></span> <span class='ocrx_word' id='word_1_625' title='bbox 3430 3963 3612 4028; x_wconf 81' lang='grc' dir='ltr'>ἀδικῆ-</span> 
     </span>
    </p>
   </div>
   <div class='ocr_carea' id='block_1_85' title="bbox 2041 4052 3609 4154">
    <p class='ocr_par' dir='ltr' id='par_1_85' title="bbox 2041 4052 3609 4154">
     <span class='ocr_line' id='line_1_86' title="bbox 2041 4052 3609 4154; baseline -0.013 -31"><span class='ocrx_word' id='word_1_626' title='bbox 2041 4086 2132 4122; x_wconf 90' lang='grc' dir='ltr'><strong>σαι</strong></span> <span class='ocrx_word' id='word_1_627' title='bbox 2176 4066 2374 4139; x_wconf 84' lang='grc' dir='ltr'>μᾶλλον</span> <span class='ocrx_word' id='word_1_628' title='bbox 2417 4065 2561 4136; x_wconf 78' lang='grc' dir='ltr'>ἥπερ</span> <span class='ocrx_word' id='word_1_629' title='bbox 2600 4061 2792 4132; x_wconf 82' lang='grc' dir='ltr'>ὀνῆσαι</span> <span class='ocrx_word' id='word_1_630' title='bbox 2839 4054 3131 4129; x_wconf 82' lang='grc' dir='ltr'>δυνάμενον</span> <span class='ocrx_word' id='word_1_631' title='bbox 3171 4058 3298 4154; x_wconf 64' lang='grc' dir='ltr'>τοὺς</span> <span class='ocrx_word' id='word_1_632' title='bbox 3330 4052 3609 4154; x_wconf 64' lang='grc' dir='ltr'>ἀκροωμέ-</span> 
     </span>
    </p>
   </div>
   <div class='ocr_carea' id='block_1_86' title="bbox 2039 4142 3612 4230">
    <p class='ocr_par' dir='ltr' id='par_1_86' title="bbox 2039 4142 3612 4224">
     <span class='ocr_line' id='line_1_87' title="bbox 2039 4142 3612 4224; baseline -0.014 -10"><span class='ocrx_word' id='word_1_633' title='bbox 2039 4156 2544 4224; x_wconf 84' lang='grc' dir='ltr'>νους.Κατείθισται</span> <span class='ocrx_word' id='word_1_634' title='bbox 2572 4153 2629 4207; x_wconf 80' lang='grc' dir='ltr'><strong>δέ</strong></span> <span class='ocrx_word' id='word_1_635' title='bbox 2658 4169 2775 4216; x_wconf 89' lang='grc' dir='ltr'><strong>πως</strong></span> <span class='ocrx_word' id='word_1_636' title='bbox 2804 4153 2837 4223; x_wconf 89' lang='grc' dir='ltr'><strong>ή</strong></span> <span class='ocrx_word' id='word_1_637' title='bbox 2868 4149 3227 4211; x_wconf 87' lang='grc' dir='ltr'>θεόπνευστος</span> <span class='ocrx_word' id='word_1_638' title='bbox 3257 4142 3450 4216; x_wconf 79' lang='grc' dir='ltr'>Γραφὴ</span> <span class='ocrx_word' id='word_1_639' title='bbox 3478 4142 3612 4202; x_wconf 84' lang='grc' dir='ltr'>τοὺς</span> 
     </span>
    </p>
   </div>
   <div class='ocr_carea' id='block_1_87' title="bbox 2038 4235 3607 4333">
    <p class='ocr_par' dir='ltr' id='par_1_87' title="bbox 2038 4235 3607 4333">
     <span class='ocr_line' id='line_1_88' title="bbox 2038 4235 3607 4333; baseline -0.014 -27"><span class='ocrx_word' id='word_1_640' title='bbox 2038 4252 2138 4323; x_wconf 78' lang='grc' dir='ltr'>τῆς</span> <span class='ocrx_word' id='word_1_641' title='bbox 2164 4249 2517 4321; x_wconf 78' lang='grc' dir='ltr'>κατηχήσεως</span> <span class='ocrx_word' id='word_1_642' title='bbox 2548 4245 2759 4314; x_wconf 84' lang='grc' dir='ltr'>λόγους,</span> <span class='ocrx_word' id='word_1_643' title='bbox 2803 4242 2895 4308; x_wconf 76' lang='grc' dir='ltr'>οὓς</span> <span class='ocrx_word' id='word_1_644' title='bbox 2940 4242 3005 4297; x_wconf 84' lang='grc' dir='ltr'>ἂν</span> <span class='ocrx_word' id='word_1_645' title='bbox 3047 4237 3301 4333; x_wconf 43' lang='grc' dir='ltr'>ποιοῖντό-</span> <span class='ocrx_word' id='word_1_646' title='bbox 3324 4250 3468 4333; x_wconf 77' lang='grc' dir='ltr'>τινες</span> <span class='ocrx_word' id='word_1_647' title='bbox 3480 4235 3607 4333; x_wconf 37' lang='grc' dir='ltr'>,τοῖς</span> 
     </span>
    </p>
   </div>
   <div class='ocr_carea' id='block_1_88' title="bbox 2037 4324 3608 4413">
    <p class='ocr_par' dir='ltr' id='par_1_88' title="bbox 2037 4324 3608 4413">
     <span class='ocr_line' id='line_1_89' title="bbox 2037 4324 3608 4413; baseline -0.015 -16"><span class='ocrx_word' id='word_1_648' title='bbox 2037 4343 2143 4397; x_wconf 72' lang='grc' dir='ltr'>ὑπὸ</span> <span class='ocrx_word' id='word_1_649' title='bbox 2176 4344 2333 4413; x_wconf 86' lang='grc' dir='ltr'>χεῖρα</span> <span class='ocrx_word' id='word_1_650' title='bbox 2380 4339 2532 4402; x_wconf 87' lang='grc' dir='ltr'>λαοῖς</span> <span class='ocrx_word' id='word_1_651' title='bbox 2577 4335 2841 4407; x_wconf 85' lang='grc' dir='ltr'>ἀργύριον</span> <span class='ocrx_word' id='word_1_652' title='bbox 2891 4330 3205 4387; x_wconf 86' lang='grc' dir='ltr'>ἀποκαλεῖν.</span> <span class='ocrx_word' id='word_1_653' title='bbox 3256 4326 3367 4381; x_wconf 80' lang='grc' dir='ltr'><strong>Καὶ</strong></span> <span class='ocrx_word' id='word_1_654' title='bbox 3409 4324 3608 4413; x_wconf 32' lang='grc' dir='ltr'>γοῦν-δ</span> 
     </span>
    </p>
   </div>
   <div class='ocr_carea' id='block_1_89' title="bbox 360 4409 1943 4504">
    <p class='ocr_par' dir='ltr' id='par_1_89' title="bbox 360 4412 1932 4495">
     <span class='ocr_line' id='line_1_90' title="bbox 360 4412 1932 4495; baseline 0.009 -29"><span class='ocrx_word' id='word_1_655' title='bbox 360 4412 495 4467; x_wconf 87' lang='lat' dir='ltr'><strong>dicit</strong></span> <span class='ocrx_word' id='word_1_656' title='bbox 516 4413 563 4445; x_wconf 80' lang='lat'><strong>“</strong></span> <span class='ocrx_word' id='word_1_657' title='bbox 597 4428 825 4485; x_wconf 85' lang='lat' dir='ltr'><strong>regnum</strong></span> <span class='ocrx_word' id='word_1_658' title='bbox 871 4417 1130 4473; x_wconf 70' lang='lat' dir='ltr'><strong>cmlorum</strong></span> <span class='ocrx_word' id='word_1_659' title='bbox 1179 4419 1379 4474; x_wconf 87' lang='lat' dir='ltr'><strong>homini</strong></span> <span class='ocrx_word' id='word_1_660' title='bbox 1413 4422 1808 4490; x_wconf 79' lang='lat' dir='ltr'><strong>patrifamilias,</strong></span> <span class='ocrx_word' id='word_1_661' title='bbox 1841 4425 1932 4495; x_wconf 88' lang='lat' dir='ltr'><strong>qui</strong></span> 
     </span>
    </p>
   </div>
   <div class='ocr_carea' id='block_1_90' title="bbox 2045 4409 3607 4504">
    <p class='ocr_par' dir='ltr' id='par_1_90' title="bbox 2045 4409 3607 4504">
     <span class='ocr_line' id='line_1_91' title="bbox 2045 4409 3607 4504; baseline -0.015 -19"><span class='ocrx_word' id='word_1_662' title='bbox 2045 4409 2245 4504; x_wconf 74' lang='grc' dir='ltr'>Κύριος</span> <span class='ocrx_word' id='word_1_663' title='bbox 2264 4409 2432 4500; x_wconf 40' lang='grc' dir='ltr'>-ἡμῶν</span> <span class='ocrx_word' id='word_1_664' title='bbox 2468 4425 2675 4497; x_wconf 86' lang='grc' dir='ltr'>Ἰησοῦς</span> <span class='ocrx_word' id='word_1_665' title='bbox 2702 4426 2729 4477; x_wconf 86' lang='grc' dir='ltr'>ὁ</span> <span class='ocrx_word' id='word_1_666' title='bbox 2758 4421 2988 4494; x_wconf 81' lang='grc' dir='ltr'>Χριστὸς</span> <span class='ocrx_word' id='word_1_667' title='bbox 3020 4415 3335 4491; x_wconf 82' lang='grc' dir='ltr'>ὁμοιοῦσθαί</span> <span class='ocrx_word' id='word_1_668' title='bbox 3357 4429 3490 4483; x_wconf 85' lang='grc' dir='ltr'>φησι</span> <span class='ocrx_word' id='word_1_669' title='bbox 3508 4409 3607 4504; x_wconf 70' lang='grc' dir='ltr'><strong>την</strong></span> 
     </span>
    </p>
   </div>
   <div class='ocr_carea' id='block_1_91' title="bbox 357 4501 1943 4595">
    <p class='ocr_par' dir='ltr' id='par_1_91' title="bbox 357 4504 1939 4580">
     <span class='ocr_line' id='line_1_92' title="bbox 357 4504 1939 4580; baseline 0.009 -22"><span class='ocrx_word' id='word_1_670' title='bbox 357 4504 702 4574; x_wconf 75' lang='lat' dir='ltr'><strong>proiecturus</strong></span> <span class='ocrx_word' id='word_1_671' title='bbox 743 4522 970 4580; x_wconf 89' lang='lat' dir='ltr'><strong>peregre</strong></span> <span class='ocrx_word' id='word_1_672' title='bbox 1017 4513 1233 4568; x_wconf 87' lang='lat' dir='ltr'><strong>vocavit</strong></span> <span class='ocrx_word' id='word_1_673' title='bbox 1275 4528 1466 4569; x_wconf 87' lang='lat' dir='ltr'><strong>servos</strong></span> <span class='ocrx_word' id='word_1_674' title='bbox 1505 4529 1632 4570; x_wconf 86' lang='lat' dir='ltr'><strong>suos</strong></span> <span class='ocrx_word' id='word_1_675' title='bbox 1682 4526 1777 4572; x_wconf 87' lang='lat' dir='ltr'><strong>:et</strong></span> <span class='ocrx_word' id='word_1_676' title='bbox 1812 4517 1939 4573; x_wconf 87' lang='lat' dir='ltr'><strong>huic</strong></span> 
     </span>
    </p>
   </div>
   <div class='ocr_carea' id='block_1_92' title="bbox 2045 4501 3608 4595">
    <p class='ocr_par' dir='ltr' id='par_1_92' title="bbox 2045 4501 3608 4595">
     <span class='ocr_line' id='line_1_93' title="bbox 2045 4501 3608 4595; baseline -0.015 -18"><span class='ocrx_word' id='word_1_677' title='bbox 2045 4501 2316 4595; x_wconf 83' lang='grc' dir='ltr'>βασιλείαν</span> <span class='ocrx_word' id='word_1_678' title='bbox 2367 4518 2477 4571; x_wconf 87' lang='grc' dir='ltr'><strong>τῶν</strong></span> <span class='ocrx_word' id='word_1_679' title='bbox 2525 4515 2767 4585; x_wconf 76' lang='grc' dir='ltr'>οὐρανῶν</span> <span class='ocrx_word' id='word_1_680' title='bbox 2808 4510 3078 4582; x_wconf 87' lang='grc' dir='ltr'>ἀνθρώπῳ</span> <span class='ocrx_word' id='word_1_681' title='bbox 3116 4506 3501 4575; x_wconf 74' lang='grc' dir='ltr'>οἰκοδεσπότῃ,</span> <span class='ocrx_word' id='word_1_682' title='bbox 3549 4501 3608 4564; x_wconf 84' lang='grc' dir='ltr'>ὃς</span> 
     </span>
    </p>
   </div>
   <div class='ocr_carea' id='block_1_93' title="bbox 359 4594 1934 4671">
    <p class='ocr_par' dir='ltr' id='par_1_93' title="bbox 359 4594 1934 4671">
     <span class='ocr_line' id='line_1_94' title="bbox 359 4594 1934 4671; baseline 0.011 -24"><span class='ocrx_word' id='word_1_683' title='bbox 359 4594 577 4664; x_wconf 87' lang='lat' dir='ltr'><strong>quidem</strong></span> <span class='ocrx_word' id='word_1_684' title='bbox 608 4597 1015 4671; x_wconf 88' lang='lat' dir='ltr'><strong>deditquinque</strong></span> <span class='ocrx_word' id='word_1_685' title='bbox 1053 4602 1275 4668; x_wconf 88' lang='lat' dir='ltr'><strong>talenta,</strong></span> <span class='ocrx_word' id='word_1_686' title='bbox 1311 4604 1387 4661; x_wconf 89' lang='lat' dir='ltr'><strong>illi</strong></span> <span class='ocrx_word' id='word_1_687' title='bbox 1426 4621 1554 4661; x_wconf 91' lang='lat' dir='ltr'><strong>vero</strong></span> <span class='ocrx_word' id='word_1_688' title='bbox 1600 4607 1722 4671; x_wconf 85' lang='lat' dir='ltr'><strong>duo,</strong></span> <span class='ocrx_word' id='word_1_689' title='bbox 1772 4623 1934 4664; x_wconf 91' lang='lat' dir='ltr'><strong>unum</strong></span> 
     </span>
    </p>
   </div>
   <div class='ocr_carea' id='block_1_94' title="bbox 357 4685 1938 4770">
    <p class='ocr_par' dir='ltr' id='par_1_94' title="bbox 357 4685 1938 4770">
     <span class='ocr_line' id='line_1_95' title="bbox 357 4685 1938 4770; baseline 0.011 -31"><span class='ocrx_word' id='word_1_690' title='bbox 357 4685 538 4754; x_wconf 89' lang='lat' dir='ltr'><strong>alteri,</strong></span> <span class='ocrx_word' id='word_1_691' title='bbox 589 4689 787 4759; x_wconf 65' lang='lat' dir='ltr'><strong>quibus</strong></span> <span class='ocrx_word' id='word_1_692' title='bbox 829 4689 1013 4748; x_wconf 89' lang='lat' dir='ltr'><strong>labore</strong></span> <span class='ocrx_word' id='word_1_693' title='bbox 1049 4706 1148 4749; x_wconf 88' lang='lat' dir='ltr'><strong>suo</strong></span> <span class='ocrx_word' id='word_1_694' title='bbox 1188 4695 1475 4762; x_wconf 80' lang='lat' dir='ltr'><strong>defunctis,</strong></span> <span class='ocrx_word' id='word_1_695' title='bbox 1524 4698 1713 4770; x_wconf 81' lang='lat' dir='ltr'><strong>dignas</strong></span> <span class='ocrx_word' id='word_1_696' title='bbox 1751 4699 1938 4757; x_wconf 89' lang='lat' dir='ltr'><strong>laudes</strong></span> 
     </span>
    </p>
   </div>
   <div class='ocr_carea' id='block_1_95' title="bbox 358 4778 1930 4856">
    <p class='ocr_par' dir='ltr' id='par_1_95' title="bbox 358 4778 1930 4856">
     <span class='ocr_line' id='line_1_96' title="bbox 358 4778 1930 4856; baseline 0.008 -24"><span class='ocrx_word' id='word_1_697' title='bbox 358 4778 639 4836; x_wconf 89' lang='lat' dir='ltr'><strong>reddens:</strong></span> <span class='ocrx_word' id='word_1_698' title='bbox 676 4800 695 4834; x_wconf 78' lang='grc' dir='ltr'><strong>ι</strong></span> <span class='ocrx_word' id='word_1_699' title='bbox 737 4781 904 4852; x_wconf 86' lang='lat' dir='ltr'><strong>Euge,</strong></span> <span class='ocrx_word' id='word_1_700' title='bbox 949 4785 1144 4856; x_wconf 91' lang='lat' dir='ltr'><strong>inquit,</strong></span> <span class='ocrx_word' id='word_1_701' title='bbox 1190 4802 1346 4844; x_wconf 87' lang='lat' dir='ltr'><strong>serve</strong></span> <span class='ocrx_word' id='word_1_702' title='bbox 1395 4790 1537 4845; x_wconf 90' lang='lat' dir='ltr'><strong>bone</strong></span> <span class='ocrx_word' id='word_1_703' title='bbox 1567 4801 1621 4846; x_wconf 90' lang='lat' dir='ltr'><strong>et</strong></span> <span class='ocrx_word' id='word_1_704' title='bbox 1672 4790 1864 4847; x_wconf 88' lang='lat' dir='ltr'><strong>ﬁdelis.</strong></span> <span class='ocrx_word' id='word_1_705' title='bbox 1910 4812 1930 4844; x_wconf 74' lang='grc' dir='ltr'><strong>ι</strong></span> 
     </span>
    </p>
   </div>
   <div class='ocr_carea' id='block_1_96' title="bbox 358 4863 1930 4951">
    <p class='ocr_par' dir='ltr' id='par_1_96' title="bbox 358 4863 1930 4951">
     <span class='ocr_line' id='line_1_97' title="bbox 358 4863 1930 4951; baseline 0.008 -28"><span class='ocrx_word' id='word_1_706' title='bbox 358 4868 422 4924; x_wconf 88' lang='lat' dir='ltr'><strong>Ei</strong></span> <span class='ocrx_word' id='word_1_707' title='bbox 449 4879 633 4927; x_wconf 89' lang='lat' dir='ltr'><strong>autem</strong></span> <span class='ocrx_word' id='word_1_708' title='bbox 671 4873 761 4943; x_wconf 91' lang='lat' dir='ltr'><strong>qui</strong></span> <span class='ocrx_word' id='word_1_709' title='bbox 791 4873 1075 4931; x_wconf 84' lang='lat' dir='ltr'><strong>abscondit</strong></span> <span class='ocrx_word' id='word_1_710' title='bbox 1105 4863 1388 4947; x_wconf 86' lang='lat' dir='ltr'><strong>talentum,</strong></span> <span class='ocrx_word' id='word_1_711' title='bbox 1422 4879 1664 4951; x_wconf 86' lang='lat' dir='ltr'><strong>nihilque</strong></span> <span class='ocrx_word' id='word_1_712' title='bbox 1708 4882 1930 4937; x_wconf 92' lang='lat' dir='ltr'><strong>omnino</strong></span> 
     </span>
    </p>
   </div>
   <div class='ocr_carea' id='block_1_97' title="bbox 355 4962 1931 5044">
    <p class='ocr_par' dir='ltr' id='par_1_97' title="bbox 355 4962 1931 5044">
     <span class='ocr_line' id='line_1_98' title="bbox 355 4962 1931 5044; baseline 0.008 -28"><span class='ocrx_word' id='word_1_713' title='bbox 355 4962 544 5020; x_wconf 86' lang='lat' dir='ltr'><strong>labore</strong></span> <span class='ocrx_word' id='word_1_714' title='bbox 571 4964 890 5037; x_wconf 88' lang='lat' dir='ltr'><strong>acquisivit:</strong></span> <span class='ocrx_word' id='word_1_715' title='bbox 922 4985 941 5020; x_wconf 79' lang='grc' dir='ltr'><strong>ι</strong></span> <span class='ocrx_word' id='word_1_716' title='bbox 977 4966 1164 5036; x_wconf 87' lang='lat' dir='ltr'><strong>Serve,</strong></span> <span class='ocrx_word' id='word_1_717' title='bbox 1201 4988 1222 5024; x_wconf 71' lang='grc' dir='ltr'><strong>ι</strong></span> <span class='ocrx_word' id='word_1_718' title='bbox 1259 4971 1354 5037; x_wconf 90' lang='lat' dir='ltr'><strong>ait,</strong></span> <span class='ocrx_word' id='word_1_719' title='bbox 1384 4989 1403 5023; x_wconf 76' lang='grc' dir='ltr'><strong>ι</strong></span> <span class='ocrx_word' id='word_1_720' title='bbox 1435 4986 1665 5043; x_wconf 88' lang='lat' dir='ltr'><strong>nequam</strong></span> <span class='ocrx_word' id='word_1_721' title='bbox 1686 4982 1739 5028; x_wconf 88' lang='lat' dir='ltr'><strong>et</strong></span> <span class='ocrx_word' id='word_1_722' title='bbox 1759 4972 1931 5044; x_wconf 77' lang='lat' dir='ltr'><strong>piger,</strong></span> 
     </span>
    </p>
   </div>
   <div class='ocr_carea' id='block_1_98' title="bbox 352 5056 1928 5132">
    <p class='ocr_par' dir='ltr' id='par_1_98' title="bbox 352 5056 1928 5132">
     <span class='ocr_line' id='line_1_99' title="bbox 352 5056 1928 5132; baseline 0.007 -25"><span class='ocrx_word' id='word_1_723' title='bbox 352 5056 641 5122; x_wconf 80' lang='lat' dir='ltr'><strong>oportebat</strong></span> <span class='ocrx_word' id='word_1_724' title='bbox 672 5065 723 5112; x_wconf 91' lang='lat' dir='ltr'><strong>te</strong></span> <span class='ocrx_word' id='word_1_725' title='bbox 749 5057 964 5114; x_wconf 89' lang='lat' dir='ltr'><strong>mittere</strong></span> <span class='ocrx_word' id='word_1_726' title='bbox 996 5068 1279 5128; x_wconf 84' lang='lat' dir='ltr'><strong>argentum</strong></span> <span class='ocrx_word' id='word_1_727' title='bbox 1312 5077 1490 5117; x_wconf 87' lang='lat' dir='ltr'><strong>meum</strong></span> <span class='ocrx_word' id='word_1_728' title='bbox 1528 5063 1928 5132; x_wconf 87' lang='lat' dir='ltr'><strong>nummulariis,</strong></span> 
     </span>
    </p>
   </div>
   <div class='ocr_carea' id='block_1_99' title="bbox 354 5152 1922 5224">
    <p class='ocr_par' dir='ltr' id='par_1_99' title="bbox 354 5152 1922 5224">
     <span class='ocr_line' id='line_1_100' title="bbox 354 5152 1922 5224; baseline 0.006 -26"><span class='ocrx_word' id='word_1_729' title='bbox 354 5156 414 5199; x_wconf 85' lang='lat' dir='ltr'><strong>et</strong></span> <span class='ocrx_word' id='word_1_730' title='bbox 446 5160 545 5215; x_wconf 82' lang='lat' dir='ltr'><strong>ego</strong></span> <span class='ocrx_word' id='word_1_731' title='bbox 579 5162 831 5204; x_wconf 87' lang='lat' dir='ltr'><strong>reversus</strong></span> <span class='ocrx_word' id='word_1_732' title='bbox 886 5165 1065 5206; x_wconf 91' lang='lat' dir='ltr'><strong>meum</strong></span> <span class='ocrx_word' id='word_1_733' title='bbox 1114 5166 1235 5207; x_wconf 76' lang='lat' dir='ltr'><strong>cum</strong></span> <span class='ocrx_word' id='word_1_734' title='bbox 1276 5152 1466 5209; x_wconf 76' lang='lat' dir='ltr'><strong>fenore</strong></span> <span class='ocrx_word' id='word_1_735' title='bbox 1518 5154 1863 5224; x_wconf 88' lang='lat' dir='ltr'><strong>recepissem.</strong></span> <span class='ocrx_word' id='word_1_736' title='bbox 1903 5173 1922 5207; x_wconf 70' lang='grc' dir='ltr'><strong>ι</strong></span> 
     </span>
    </p>
   </div>
   <div class='ocr_carea' id='block_1_100' title="bbox 353 5236 1931 5314">
    <p class='ocr_par' dir='ltr' id='par_1_100' title="bbox 353 5236 1931 5314">
     <span class='ocr_line' id='line_1_101' title="bbox 353 5236 1931 5314; baseline 0.008 -25"><span class='ocrx_word' id='word_1_737' title='bbox 353 5236 515 5291; x_wconf 85' lang='lat' dir='ltr'><strong>Canit</strong></span> <span class='ocrx_word' id='word_1_738' title='bbox 543 5239 707 5294; x_wconf 90' lang='lat' dir='ltr'><strong>etiam</strong></span> <span class='ocrx_word' id='word_1_739' title='bbox 750 5240 940 5298; x_wconf 87' lang='lat' dir='ltr'><strong>beatus</strong></span> <span class='ocrx_word' id='word_1_740' title='bbox 976 5242 1145 5298; x_wconf 89' lang='lat' dir='ltr'><strong>David</strong></span> <span class='ocrx_word' id='word_1_741' title='bbox 1177 5262 1191 5299; x_wconf 92' lang='lat'><strong>:</strong></span> <span class='ocrx_word' id='word_1_742' title='bbox 1235 5262 1254 5294; x_wconf 78' lang='grc' dir='ltr'><strong>ι</strong></span> <span class='ocrx_word' id='word_1_743' title='bbox 1293 5243 1516 5314; x_wconf 84' lang='lat' dir='ltr'><strong>Eloquia</strong></span> <span class='ocrx_word' id='word_1_744' title='bbox 1553 5245 1786 5312; x_wconf 87' lang='lat' dir='ltr'><strong>Domini,</strong></span> <span class='ocrx_word' id='word_1_745' title='bbox 1818 5246 1931 5302; x_wconf 84' lang='lat' dir='ltr'><strong>elo-</strong></span> 
     </span>
    </p>
   </div>
   <div class='ocr_carea' id='block_1_101' title="bbox 354 5328 1924 5407">
    <p class='ocr_par' dir='ltr' id='par_1_101' title="bbox 354 5328 1924 5407">
     <span class='ocr_line' id='line_1_102' title="bbox 354 5328 1924 5407; baseline 0.006 -26"><span class='ocrx_word' id='word_1_746' title='bbox 354 5328 480 5395; x_wconf 82' lang='lat' dir='ltr'><strong>quia</strong></span> <span class='ocrx_word' id='word_1_747' title='bbox 526 5346 683 5400; x_wconf 87' lang='lat' dir='ltr'><strong>pura,</strong></span> <span class='ocrx_word' id='word_1_748' title='bbox 730 5344 1012 5404; x_wconf 87' lang='lat' dir='ltr'><strong>argentum</strong></span> <span class='ocrx_word' id='word_1_749' title='bbox 1048 5336 1170 5406; x_wconf 89' lang='lat' dir='ltr'><strong>igne</strong></span> <span class='ocrx_word' id='word_1_750' title='bbox 1214 5338 1602 5404; x_wconf 77' lang='lat' dir='ltr'><strong>examinatum,</strong></span> <span class='ocrx_word' id='word_1_751' title='bbox 1644 5340 1924 5407; x_wconf 88' lang='lat' dir='ltr'><strong>probatum</strong></span> 
     </span>
    </p>
   </div>
   <div class='ocr_carea' id='block_1_102' title="bbox 354 5421 1925 5500">
    <p class='ocr_par' dir='ltr' id='par_1_102' title="bbox 354 5421 1925 5500">
     <span class='ocr_line' id='line_1_103' title="bbox 354 5421 1925 5500; baseline 0.008 -26"><span class='ocrx_word' id='word_1_752' title='bbox 354 5430 516 5474; x_wconf 72' lang='lat' dir='ltr'><strong>terra:</strong></span> <span class='ocrx_word' id='word_1_753' title='bbox 543 5421 614 5478; x_wconf 83' lang='lat'><strong>“.</strong></span> <span class='ocrx_word' id='word_1_754' title='bbox 654 5442 672 5475; x_wconf 77' lang='grc' dir='ltr'><strong>ι</strong></span> <span class='ocrx_word' id='word_1_755' title='bbox 707 5426 1083 5484; x_wconf 88' lang='lat' dir='ltr'><strong>Adulterinum</strong></span> <span class='ocrx_word' id='word_1_756' title='bbox 1131 5430 1312 5500; x_wconf 85' lang='lat' dir='ltr'><strong>itaque</strong></span> <span class='ocrx_word' id='word_1_757' title='bbox 1366 5439 1422 5484; x_wconf 88' lang='lat' dir='ltr'><strong>et</strong></span> <span class='ocrx_word' id='word_1_758' title='bbox 1480 5446 1583 5484; x_wconf 89' lang='lat' dir='ltr'><strong>non</strong></span> <span class='ocrx_word' id='word_1_759' title='bbox 1645 5433 1925 5498; x_wconf 78' lang='lat' dir='ltr'><strong>probatum</strong></span> 
     </span>
    </p>
   </div>
   <div class='ocr_carea' id='block_1_103' title="bbox 354 5515 1928 5595">
    <p class='ocr_par' dir='ltr' id='par_1_103' title="bbox 354 5515 1928 5595">
     <span class='ocr_line' id='line_1_104' title="bbox 354 5515 1928 5595; baseline 0.01 -29"><span class='ocrx_word' id='word_1_760' title='bbox 354 5523 638 5581; x_wconf 89' lang='lat' dir='ltr'><strong>argentum</strong></span> <span class='ocrx_word' id='word_1_761' title='bbox 664 5515 784 5586; x_wconf 82' lang='lat' dir='ltr'><strong>iuit,</strong></span> <span class='ocrx_word' id='word_1_762' title='bbox 815 5522 959 5591; x_wconf 91' lang='lat' dir='ltr'><strong>quod</strong></span> <span class='ocrx_word' id='word_1_763' title='bbox 1002 5523 1141 5591; x_wconf 82' lang='lat' dir='ltr'><strong>apud</strong></span> <span class='ocrx_word' id='word_1_764' title='bbox 1177 5521 1390 5581; x_wconf 72' lang='lat' dir='ltr'><strong>Judazos</strong></span> <span class='ocrx_word' id='word_1_765' title='bbox 1420 5535 1557 5590; x_wconf 88' lang='lat' dir='ltr'><strong>erat,</strong></span> <span class='ocrx_word' id='word_1_766' title='bbox 1593 5524 1643 5579; x_wconf 89' lang='lat' dir='ltr'><strong>id</strong></span> <span class='ocrx_word' id='word_1_767' title='bbox 1670 5533 1773 5590; x_wconf 88' lang='lat' dir='ltr'><strong>est,</strong></span> <span class='ocrx_word' id='word_1_768' title='bbox 1809 5541 1928 5595; x_wconf 69' lang='lat' dir='ltr'><strong>qua)</strong></span> 
     </span>
    </p>
   </div>
   <div class='ocr_carea' id='block_1_104' title="bbox 2042 4595 3610 4685">
    <p class='ocr_par' dir='ltr' id='par_1_104' title="bbox 2042 4595 3610 4685">
     <span class='ocr_line' id='line_1_105' title="bbox 2042 4595 3610 4685; baseline -0.012 -19"><span class='ocrx_word' id='word_1_769' title='bbox 2042 4613 2254 4685; x_wconf 81' lang='grc' dir='ltr'>μέλλων</span> <span class='ocrx_word' id='word_1_770' title='bbox 2280 4608 2585 4679; x_wconf 86' lang='grc' dir='ltr'>ἀποδημεῖν</span> <span class='ocrx_word' id='word_1_771' title='bbox 2613 4606 2839 4659; x_wconf 80' lang='grc' dir='ltr'>ἐκάλεσε</span> <span class='ocrx_word' id='word_1_772' title='bbox 2865 4606 2988 4667; x_wconf 79' lang='grc' dir='ltr'>τοὺς</span> <span class='ocrx_word' id='word_1_773' title='bbox 3020 4598 3214 4654; x_wconf 79' lang='grc' dir='ltr'>ἑαυτοῦ</span> <span class='ocrx_word' id='word_1_774' title='bbox 3251 4598 3492 4661; x_wconf 64' lang='grc' dir='ltr'>δούλους</span> <span class='ocrx_word' id='word_1_775' title='bbox 3516 4595 3610 4649; x_wconf 68' lang='grc' dir='ltr'><strong>κα)⁸</strong></span> 
     </span>
    </p>
   </div>
   <div class='ocr_carea' id='block_1_105' title="bbox 2035 4690 3613 4779">
    <p class='ocr_par' dir='ltr' id='par_1_105' title="bbox 2035 4690 3613 4779">
     <span class='ocr_line' id='line_1_106' title="bbox 2035 4690 3613 4779; baseline -0.012 -19"><span class='ocrx_word' id='word_1_776' title='bbox 2035 4705 2080 4776; x_wconf 79' lang='grc' dir='ltr'>ᾧ</span> <span class='ocrx_word' id='word_1_777' title='bbox 2110 4707 2207 4779; x_wconf 84' lang='grc' dir='ltr'>μὲν</span> <span class='ocrx_word' id='word_1_778' title='bbox 2251 4702 2418 4756; x_wconf 79' lang='grc' dir='ltr'>ἔδωκε</span> <span class='ocrx_word' id='word_1_779' title='bbox 2450 4702 2613 4754; x_wconf 82' lang='grc' dir='ltr'>πέντε</span> <span class='ocrx_word' id='word_1_780' title='bbox 2642 4699 2902 4761; x_wconf 86' lang='grc' dir='ltr'>τάλαντα,</span> <span class='ocrx_word' id='word_1_781' title='bbox 2935 4691 2979 4765; x_wconf 83' lang='grc' dir='ltr'>ᾧ</span> <span class='ocrx_word' id='word_1_782' title='bbox 3003 4695 3060 4748; x_wconf 81' lang='grc' dir='ltr'>δὲ</span> <span class='ocrx_word' id='word_1_783' title='bbox 3089 4693 3169 4760; x_wconf 82' lang='grc' dir='ltr'>ἓν,</span> <span class='ocrx_word' id='word_1_784' title='bbox 3203 4692 3297 4747; x_wconf 73' lang='grc' dir='ltr'>καὶ</span> <span class='ocrx_word' id='word_1_785' title='bbox 3324 4690 3613 4760; x_wconf 77' lang='grc' dir='ltr'>ἀπεδήμη-</span> 
     </span>
    </p>
   </div>
   <div class='ocr_carea' id='block_1_106' title="bbox 2038 4781 3609 4863">
    <p class='ocr_par' dir='ltr' id='par_1_106' title="bbox 2038 4781 3609 4863">
     <span class='ocr_line' id='line_1_107' title="bbox 2038 4781 3609 4863; baseline -0.014 -11"><span class='ocrx_word' id='word_1_786' title='bbox 2038 4815 2155 4852; x_wconf 68' lang='grc' dir='ltr'>σεν*</span> <span class='ocrx_word' id='word_1_787' title='bbox 2191 4791 2523 4863; x_wconf 80' lang='grc' dir='ltr'>πεπονηκόσι</span> <span class='ocrx_word' id='word_1_788' title='bbox 2551 4790 2607 4844; x_wconf 81' lang='grc' dir='ltr'>δὲ</span> <span class='ocrx_word' id='word_1_789' title='bbox 2642 4791 2826 4852; x_wconf 79' lang='grc' dir='ltr'>αὐτοῖς</span> <span class='ocrx_word' id='word_1_790' title='bbox 2853 4803 2978 4858; x_wconf 87' lang='grc' dir='ltr'>περ.</span> <span class='ocrx_word' id='word_1_791' title='bbox 3022 4824 3036 4838; x_wconf 93' lang='grc'><strong>.</strong></span> <span class='ocrx_word' id='word_1_792' title='bbox 3082 4825 3094 4838; x_wconf 95' lang='grc'><strong>.</strong></span> <span class='ocrx_word' id='word_1_793' title='bbox 3140 4825 3153 4840; x_wconf 93' lang='grc'><strong>.</strong></span> <span class='ocrx_word' id='word_1_794' title='bbox 3194 4784 3322 4845; x_wconf 77' lang='grc' dir='ltr'>τοὺς</span> <span class='ocrx_word' id='word_1_795' title='bbox 3355 4781 3609 4842; x_wconf 70' lang='grc' dir='ltr'>ἐπαίνους</span> 
     </span>
    </p>
   </div>
   <div class='ocr_carea' id='block_1_107' title="bbox 2039 4869 3611 4946">
    <p class='ocr_par' dir='ltr' id='par_1_107' title="bbox 2039 4869 3611 4946">
     <span class='ocr_line' id='line_1_108' title="bbox 2039 4869 3611 4946; baseline -0.012 -8"><span class='ocrx_word' id='word_1_796' title='bbox 2039 4882 2348 4946; x_wconf 83' lang='grc' dir='ltr'>ἀποδιδοὺς,</span> <span class='ocrx_word' id='word_1_797' title='bbox 2385 4899 2403 4932; x_wconf 81' lang='grc' dir='ltr'><strong>ι</strong></span> <span class='ocrx_word' id='word_1_798' title='bbox 2436 4874 2532 4944; x_wconf 81' lang='grc' dir='ltr'>Εὖ,</span> <span class='ocrx_word' id='word_1_799' title='bbox 2562 4877 2711 4931; x_wconf 89' lang='grc' dir='ltr'>δοῦλε</span> <span class='ocrx_word' id='word_1_800' title='bbox 2735 4875 2927 4945; x_wconf 82' lang='grc' dir='ltr'>ἀγαθὲ,</span> <span class='ocrx_word' id='word_1_801' title='bbox 2965 4875 3060 4929; x_wconf 74' lang='grc' dir='ltr'>καὶ</span> <span class='ocrx_word' id='word_1_802' title='bbox 3093 4874 3306 4937; x_wconf 64' lang='lat' dir='ltr'><strong>more,»</strong></span> <span class='ocrx_word' id='word_1_803' title='bbox 3338 4869 3490 4940; x_wconf 85' lang='grc' dir='ltr'>φησί.</span> <span class='ocrx_word' id='word_1_804' title='bbox 3520 4869 3611 4938; x_wconf 81' lang='grc' dir='ltr'><strong>Τῷ</strong></span> 
     </span>
    </p>
   </div>
   <div class='ocr_carea' id='block_1_108' title="bbox 2038 4961 3612 5047">
    <p class='ocr_par' dir='ltr' id='par_1_108' title="bbox 2038 4961 3612 5047">
     <span class='ocr_line' id='line_1_109' title="bbox 2038 4961 3612 5047; baseline -0.011 -17"><span class='ocrx_word' id='word_1_805' title='bbox 2038 4993 2101 5046; x_wconf 87' lang='grc' dir='ltr'><strong>γε</strong></span> <span class='ocrx_word' id='word_1_806' title='bbox 2147 4974 2251 5047; x_wconf 84' lang='grc' dir='ltr'>μὴν</span> <span class='ocrx_word' id='word_1_807' title='bbox 2298 4970 2676 5043; x_wconf 70' lang='grc' dir='ltr'>ἀποκρύψαντι</span> <span class='ocrx_word' id='word_1_808' title='bbox 2702 4969 2765 5021; x_wconf 81' lang='grc' dir='ltr'>τὸ</span> <span class='ocrx_word' id='word_1_809' title='bbox 2793 4968 3076 5033; x_wconf 88' lang='grc' dir='ltr'>τάλαντον,</span> <span class='ocrx_word' id='word_1_810' title='bbox 3123 4961 3612 5037; x_wconf 82' lang='grc' dir='ltr'>προσειργασμένῳ</span> 
     </span>
    </p>
   </div>
   <div class='ocr_carea' id='block_1_109' title="bbox 2036 5052 3611 5132">
    <p class='ocr_par' dir='ltr' id='par_1_109' title="bbox 2036 5052 3611 5132">
     <span class='ocr_line' id='line_1_110' title="bbox 2036 5052 3611 5132; baseline -0.012 -10"><span class='ocrx_word' id='word_1_811' title='bbox 2036 5067 2094 5122; x_wconf 84' lang='grc' dir='ltr'>δὲ</span> <span class='ocrx_word' id='word_1_812' title='bbox 2135 5064 2416 5127; x_wconf 86' lang='grc' dir='ltr'>παντελῶς</span> <span class='ocrx_word' id='word_1_813' title='bbox 2445 5062 2618 5127; x_wconf 83' lang='grc' dir='ltr'>οὐδὲν,</span> <span class='ocrx_word' id='word_1_814' title='bbox 2654 5080 2673 5113; x_wconf 81' lang='grc' dir='ltr'><strong>ι</strong></span> <span class='ocrx_word' id='word_1_815' title='bbox 2715 5061 2937 5132; x_wconf 77' lang='grc' dir='ltr'>Πονηρὲ</span> <span class='ocrx_word' id='word_1_816' title='bbox 2994 5058 3173 5123; x_wconf 87' lang='grc' dir='ltr'>δοῦλε,</span> <span class='ocrx_word' id='word_1_817' title='bbox 3209 5078 3228 5111; x_wconf 76' lang='grc' dir='ltr'><strong>ι</strong></span> <span class='ocrx_word' id='word_1_818' title='bbox 3261 5056 3417 5128; x_wconf 74' lang='grc' dir='ltr'>φησὶ,</span> <span class='ocrx_word' id='word_1_819' title='bbox 3460 5073 3478 5105; x_wconf 74' lang='grc' dir='ltr'><strong>ι</strong></span> <span class='ocrx_word' id='word_1_820' title='bbox 3518 5052 3611 5106; x_wconf 76' lang='grc' dir='ltr'>καὶ</span> 
     </span>
    </p>
   </div>
   <div class='ocr_carea' id='block_1_110' title="bbox 2036 5150 3608 5247">
    <p class='ocr_par' dir='ltr' id='par_1_110' title="bbox 2036 5150 3608 5247">
     <span class='ocr_line' id='line_1_111' title="bbox 2036 5150 3608 5247; baseline -0.013 -33"><span class='ocrx_word' id='word_1_821' title='bbox 2036 5158 2259 5230; x_wconf 85' lang='grc' dir='ltr'>ὀκνηρὲ,</span> <span class='ocrx_word' id='word_1_822' title='bbox 2288 5155 2393 5209; x_wconf 75' lang='grc' dir='ltr'>ἔδει</span> <span class='ocrx_word' id='word_1_823' title='bbox 2437 5172 2497 5208; x_wconf 89' lang='grc' dir='ltr'><strong>σε</strong></span> <span class='ocrx_word' id='word_1_824' title='bbox 2542 5154 2725 5224; x_wconf 84' lang='grc' dir='ltr'>βαλεῖν</span> <span class='ocrx_word' id='word_1_825' title='bbox 2757 5153 2819 5207; x_wconf 79' lang='grc' dir='ltr'>τὸ</span> <span class='ocrx_word' id='word_1_826' title='bbox 2850 5150 3380 5247; x_wconf 29' lang='grc' dir='ltr'>ἀργύριόνᾼμουτοῖς</span> <span class='ocrx_word' id='word_1_827' title='bbox 3405 5158 3608 5247; x_wconf 70' lang='grc' dir='ltr'>τραπε-</span> 
     </span>
    </p>
   </div>
   <div class='ocr_carea' id='block_1_111' title="bbox 2039 5234 3607 5316">
    <p class='ocr_par' dir='ltr' id='par_1_111' title="bbox 2039 5234 3607 5316">
     <span class='ocr_line' id='line_1_112' title="bbox 2039 5234 3607 5316; baseline -0.013 -12"><span class='ocrx_word' id='word_1_828' title='bbox 2039 5249 2249 5315; x_wconf 77' lang='grc' dir='ltr'>ζίταις,</span> <span class='ocrx_word' id='word_1_829' title='bbox 2300 5246 2455 5316; x_wconf 86' lang='grc' dir='ltr'>κάγὼ</span> <span class='ocrx_word' id='word_1_830' title='bbox 2506 5245 2677 5300; x_wconf 76' lang='grc' dir='ltr'>ἐλθὼν</span> <span class='ocrx_word' id='word_1_831' title='bbox 2715 5244 3060 5316; x_wconf 74' lang='grc' dir='ltr'>ἐκομισάμην</span> <span class='ocrx_word' id='word_1_832' title='bbox 3108 5241 3174 5295; x_wconf 81' lang='grc' dir='ltr'>ἂν</span> <span class='ocrx_word' id='word_1_833' title='bbox 3224 5238 3285 5291; x_wconf 84' lang='grc' dir='ltr'><strong>τδ</strong></span> <span class='ocrx_word' id='word_1_834' title='bbox 3332 5234 3464 5305; x_wconf 81' lang='grc' dir='ltr'>ἐμὸν</span> <span class='ocrx_word' id='word_1_835' title='bbox 3510 5234 3607 5284; x_wconf 81' lang='grc' dir='ltr'>σὺν</span> 
     </span>
    </p>
   </div>
   <div class='ocr_carea' id='block_1_112' title="bbox 2034 5323 3609 5412">
    <p class='ocr_par' dir='ltr' id='par_1_112' title="bbox 2034 5323 3609 5412">
     <span class='ocr_line' id='line_1_113' title="bbox 2034 5323 3609 5412; baseline -0.013 -17"><span class='ocrx_word' id='word_1_836' title='bbox 2034 5342 2200 5412; x_wconf 85' lang='grc' dir='ltr'>τόκῳ.</span> <span class='ocrx_word' id='word_1_837' title='bbox 2239 5361 2257 5394; x_wconf 73' lang='grc' dir='ltr'><strong>ι</strong></span> <span class='ocrx_word' id='word_1_838' title='bbox 2299 5339 2509 5394; x_wconf 81' lang='grc' dir='ltr'>Ψάλλει</span> <span class='ocrx_word' id='word_1_839' title='bbox 2545 5339 2603 5393; x_wconf 88' lang='grc' dir='ltr'><strong>δέ</strong></span> <span class='ocrx_word' id='word_1_840' title='bbox 2638 5355 2739 5392; x_wconf 89' lang='grc' dir='ltr'><strong>που</strong></span> <span class='ocrx_word' id='word_1_841' title='bbox 2771 5338 2866 5391; x_wconf 78' lang='grc' dir='ltr'>καὶ</span> <span class='ocrx_word' id='word_1_842' title='bbox 2888 5339 2917 5389; x_wconf 87' lang='grc' dir='ltr'><strong>ό</strong></span> <span class='ocrx_word' id='word_1_843' title='bbox 2942 5332 3227 5393; x_wconf 83' lang='grc' dir='ltr'>θεσπέσιος</span> <span class='ocrx_word' id='word_1_844' title='bbox 3253 5324 3446 5381; x_wconf 79' lang='grc' dir='ltr'>Δαϐίδ·</span> <span class='ocrx_word' id='word_1_845' title='bbox 3475 5342 3495 5376; x_wconf 80' lang='lat' dir='ltr'><strong>s</strong></span> <span class='ocrx_word' id='word_1_846' title='bbox 3523 5323 3609 5377; x_wconf 74' lang='grc' dir='ltr'><strong>Τὰ</strong></span> 
     </span>
    </p>
   </div>
   <div class='ocr_carea' id='block_1_113' title="bbox 2034 5416 3607 5505">
    <p class='ocr_par' dir='ltr' id='par_1_113' title="bbox 2034 5416 3607 5505">
     <span class='ocr_line' id='line_1_114' title="bbox 2034 5416 3607 5505; baseline -0.013 -18"><span class='ocrx_word' id='word_1_847' title='bbox 2034 5433 2190 5503; x_wconf 88' lang='grc' dir='ltr'>λόγια</span> <span class='ocrx_word' id='word_1_848' title='bbox 2235 5433 2460 5505; x_wconf 82' lang='grc' dir='ltr'>Κυρίου,</span> <span class='ocrx_word' id='word_1_849' title='bbox 2509 5432 2665 5500; x_wconf 84' lang='grc' dir='ltr'>λόγια</span> <span class='ocrx_word' id='word_1_850' title='bbox 2708 5428 2870 5497; x_wconf 82' lang='grc' dir='ltr'>ἁγνὰ,</span> <span class='ocrx_word' id='word_1_851' title='bbox 2916 5424 3177 5495; x_wconf 85' lang='grc' dir='ltr'>ἀργύριον</span> <span class='ocrx_word' id='word_1_852' title='bbox 3216 5416 3607 5487; x_wconf 80' lang='grc' dir='ltr'>πεπυρωμένον</span> 
     </span>
    </p>
   </div>
   <div class='ocr_carea' id='block_1_114' title="bbox 2034 5512 3605 5597">
    <p class='ocr_par' dir='ltr' id='par_1_114' title="bbox 2034 5512 3605 5597">
     <span class='ocr_line' id='line_1_115' title="bbox 2034 5512 3605 5597; baseline -0.013 -17"><span class='ocrx_word' id='word_1_853' title='bbox 2034 5526 2257 5596; x_wconf 86' lang='grc' dir='ltr'>δόκιμον</span> <span class='ocrx_word' id='word_1_854' title='bbox 2287 5529 2351 5597; x_wconf 78' lang='grc' dir='ltr'>τῇ</span> <span class='ocrx_word' id='word_1_855' title='bbox 2380 5527 2470 5597; x_wconf 74' lang='grc' dir='ltr'><strong>γῇ.</strong></span> <span class='ocrx_word' id='word_1_856' title='bbox 2498 5522 2767 5593; x_wconf 78' lang='grc' dir='ltr'>Κίὸδηλον</span> <span class='ocrx_word' id='word_1_857' title='bbox 2795 5514 2887 5572; x_wconf 81' lang='grc' dir='ltr'>οὖν</span> <span class='ocrx_word' id='word_1_858' title='bbox 2913 5516 3021 5586; x_wconf 78' lang='grc' dir='ltr'>ἄρα</span> <span class='ocrx_word' id='word_1_859' title='bbox 3051 5513 3145 5567; x_wconf 77' lang='grc' dir='ltr'>καὶ</span> <span class='ocrx_word' id='word_1_860' title='bbox 3175 5512 3436 5579; x_wconf 87' lang='grc' dir='ltr'>ἀδόκιμον</span> <span class='ocrx_word' id='word_1_861' title='bbox 3468 5523 3605 5562; x_wconf 83' lang='grc' dir='ltr'>παν-</span> 
     </span>
    </p>
   </div>
   <div class='ocr_carea' id='block_1_115' title="bbox 431 5690 1943 5774">
    <p class='ocr_par' dir='ltr' id='par_1_115' title="bbox 431 5696 1938 5774">
     <span class='ocr_line' id='line_1_116' title="bbox 431 5696 1938 5774; baseline 0.003 -17"><span class='ocrx_word' id='word_1_862' title='bbox 431 5696 475 5732; x_wconf 81' lang='grc'>⁸¹</span> <span class='ocrx_word' id='word_1_863' title='bbox 511 5698 697 5757; x_wconf 76' lang='lat' dir='ltr'><strong>Matth.</strong></span> <span class='ocrx_word' id='word_1_864' title='bbox 746 5715 917 5770; x_wconf 80' lang='lat' dir='ltr'><strong>xxvn,</strong></span> <span class='ocrx_word' id='word_1_865' title='bbox 950 5701 1041 5757; x_wconf 74' lang='lat'><strong>‘25.</strong></span> <span class='ocrx_word' id='word_1_866' title='bbox 1116 5706 1159 5735; x_wconf 67' lang='grc' dir='ltr'><strong>θ’</strong></span> <span class='ocrx_word' id='word_1_867' title='bbox 1184 5704 1306 5760; x_wconf 82' lang='lat' dir='ltr'><strong>Act.</strong></span> <span class='ocrx_word' id='word_1_868' title='bbox 1350 5698 1446 5774; x_wconf 75' lang='lat' dir='ltr'><strong>vn,</strong></span> <span class='ocrx_word' id='word_1_869' title='bbox 1488 5706 1577 5773; x_wconf 81' lang='grc'><strong>51,</strong></span> <span class='ocrx_word' id='word_1_870' title='bbox 1606 5706 1696 5762; x_wconf 73' lang='lat'><strong>52.</strong></span> <span class='ocrx_word' id='word_1_871' title='bbox 1774 5705 1865 5760; x_wconf 79' lang='lat' dir='ltr'><strong>&quot;l</strong></span> <span class='ocrx_word' id='word_1_872' title='bbox 1898 5706 1938 5761; x_wconf 86' lang='grc' dir='ltr'>Τ</span> 
     </span>
    </p>
   </div>
   <div class='ocr_carea' id='block_1_116' title="bbox 2045 5690 3533 5774">
    <p class='ocr_par' dir='ltr' id='par_1_116' title="bbox 2045 5690 3533 5773">
     <span class='ocr_line' id='line_1_117' title="bbox 2045 5690 3533 5773; baseline -0.011 -11"><span class='ocrx_word' id='word_1_873' title='bbox 2045 5707 2134 5762; x_wconf 69' lang='grc' dir='ltr'>ιιι).</span> <span class='ocrx_word' id='word_1_874' title='bbox 2181 5724 2236 5773; x_wconf 88' lang='lat' dir='ltr'><strong>ll,</strong></span> <span class='ocrx_word' id='word_1_875' title='bbox 2275 5709 2325 5761; x_wconf 74' lang='grc'>4.</span> <span class='ocrx_word' id='word_1_876' title='bbox 2406 5707 2448 5738; x_wconf 59' lang='grc' dir='ltr'>εδ</span> <span class='ocrx_word' id='word_1_877' title='bbox 2478 5705 2666 5762; x_wconf 78' lang='lat' dir='ltr'><strong>Matth.</strong></span> <span class='ocrx_word' id='word_1_878' title='bbox 2695 5716 2821 5767; x_wconf 75' lang='lat' dir='ltr'><strong>xxv,</strong></span> <span class='ocrx_word' id='word_1_879' title='bbox 2860 5698 3042 5755; x_wconf 66' lang='grc' dir='ltr'>ιιι-29.</span> <span class='ocrx_word' id='word_1_880' title='bbox 3123 5698 3161 5730; x_wconf 75' lang='grc'><strong>⁵³</strong></span> <span class='ocrx_word' id='word_1_881' title='bbox 3189 5697 3332 5754; x_wconf 73' lang='lat' dir='ltr'><strong>Psal.</strong></span> <span class='ocrx_word' id='word_1_882' title='bbox 3376 5710 3450 5762; x_wconf 82' lang='lat' dir='ltr'><strong>xl,</strong></span> <span class='ocrx_word' id='word_1_883' title='bbox 3482 5690 3533 5745; x_wconf 91' lang='lat'><strong>7.</strong></span> 
     </span>
    </p>
   </div>
  </div>
