4012 6216
355 396 537 461 τελῶς
566 396 831 467 ἀργύριον
860 389 923 446 τὸ
948 386 1098 461 παρὰ
1126 387 1239 451 τοῖς

357 494 394 544 ὁ
422 488 580 563 παρά
752 481 1131 557 Γραμματὲων
1165 479 1260 533 καὶ
1285 474 1595 548 Φαρισαίων
1632 471 1790 539 λόγος
1811 507 1826 529 ,
1855 460 1944 520 οἶα

362 584 433 652 δὴ
462 557 560 634 καὶ
588 576 858 647 καπήλοις
880 571 1263 647 προσεοικότες
1284 567 1437 622 ὕδατι
1453 564 1544 619 τὸν
1562 557 1705 616 οἶνον
1735 559 1949 631 μίσγειν

367 673 598 744 ἤθελονθ
646 668 796 723 τοῦτ’
840 667 979 728 ἐστι,
1025 659 1440 732 νενοθευμένην,
1475 658 1569 713 καὶ
1595 656 1695 709 οὐκ
1732 650 1951 721 ἀκαπή-

369 764 566 815 λευτον
615 758 901 812 ἐποιοῦντο
946 754 1043 809 τοῦ
1088 754 1258 825 νόμου
1288 750 1387 822 τὴν
1430 748 1726 820 ἐξήγησιν·
1778 759 1955 813 παρα-

372 851 672 913 πλέκοντες
719 866 774 901 τι
798 848 895 901 καὶ
931 846 1077 899 ίδίων
1128 844 1313 905 αὐτοῖς
1341 840 1682 912 θελημόιτων,
1729 835 1823 889 καὶ
1851 833 1955 904 ψυ-

375 941 531 1013 χρῶν
554 941 652 994 καὶ
680 937 1058 1008 ὑδαρεστέρων
1098 932 1317 988 ἐννοιῶν
1360 929 1834 1003 παρεισκρίνοντες
1858 925 1958 978 οὐκ

377 1034 576 1103 ἀμιγεῖ
602 1029 699 1083 τοῦ
734 1028 1009 1099 χείρονος,
1040 1025 1158 1078 οὐδὲ
1189 1025 1267 1087 ὡς
1296 1023 1362 1077 ἂν
1409 1022 1549 1075 εῐποι
1597 1037 1681 1083 τις
1722 1019 1958 1087 ἄκρατον

380 1124 673 1179 ἐποιοῦντο
716 1122 817 1191 τῆς
861 1117 956 1171 τοῦ
988 1114 1276 1187 νομοθέτου
1312 1112 1505 1183 βουλῆς
1546 1109 1643 1181 τήν
1683 1106 1955 1161 ἀπόδοσιν.

381 1216 501 1269 Καὶ
556 1213 689 1281 γοῦν
719 1210 1016 1283 προσίεσαν
1051 1206 1148 1277 μὲν
1176 1207 1225 1258 οί
1253 1203 1606 1275 Γραμματεῖς
1649 1199 1743 1252 καὶ
1768 1199 1815 1251 oi
1854 1196 1962 1248 Φα-

388 1305 593 1374 ρισαῖοι
634 1301 713 1373 τῷ
741 1299 959 1370 Σωτῆρι
1004 1295 1253 1365 λέγοντές
1288 1311 1420 1348 ποτε
1444 1310 1461 1326 ·
1500 1312 1519 1344 r
1561 1291 1659 1345 Διὰ
1684 1289 1737 1344 τί
1773 1289 1821 1341 οἱ
1859 1303 1964 1357 μα-

388 1395 553 1466 θηταί
591 1411 684 1448 σου
714 1390 1110 1463 παραϐαίνουσι
1138 1390 1237 1458 τὴν
1259 1385 1557 1458 παράδοσιν
1587 1383 1695 1436 τῶν
1724 1378 1965 1451 πρεσευο

390 1489 603 1559 τέρων;
636 1486 699 1539 ού
734 1484 845 1555 γὰρ
889 1482 1168 1536 νίπτονται
1219 1480 1322 1544 τὰς
1363 1480 1552 1550 χεῖρας
1599 1473 1800 1539 αὐτῶν,
1840 1473 1967 1524 ὅταν

391 1579 488 1632 τὸν
515 1577 678 1644 ἄρτον
709 1575 1002 1629 ἐσθίουσιν.
1044 1572 1101 1625 '0
1143 1570 1201 1624 δὲ
1230 1570 1367 1642 πρὸς
1405 1568 1603 1630 αὐτούς
1629 1585 1641 1599 ο
1670 1566 1768 1618 Διά
1794 1563 1848 1617 τί
1876 1563 1970 1615 καὶ¹

397 1672 557 1741 ὑμεῖς
602 1666 966 1739 παραϐαίνετε
1005 1663 1104 1734 τὴν
1148 1661 1368 1733 ἐντολὴν
1401 1660 1496 1714 τοῦ
1538 1658 1710 1719 Θεοῦ,
1744 1654 1831 1708 διὰ
1874 1653 1970 1723 τὴν

402 1762 696 1834 παράδοσιν
717 1761 747 1813 ὑ
756 1760 870 1831 μῶν
890 1777 905 1827 ;
930 1759 988 1810 '0
1007 1757 1117 1828 γὰρ
1137 1755 1270 1820 Θεὸς
1288 1750 1458 1813 εἶπεν.
1480 1753 1627 1823 Τίμα
1647 1751 1736 1805 τδν
1758 1747 1972 1818 πατέρα

400 1852 499 1904 καὶ
530 1851 630 1922 τήν
665 1848 898 1921 μητέρα,
947 1847 1059 1911 καὶ,
1111 1847 1139 1898 ό
1187 1841 1500 1911 κακολογῶν
1536 1840 1748 1911 πατέρα
1786 1837 1819 1909 ἢ
1873 1854 1975 1907 μη-

398 1943 556 2013 τέρα,
591 1940 804 2010 θανάτῳ
859 1937 1200 1992 τελευτάτω’
1231 1934 1388 2005 ὑμεῖς
1432 1932 1490 1985 δὲ
1532 1930 1740 1999 λέγετε,
1773 1929 1870 1992 Ὃς
1909 1926 1975 1980 ἂν

399 2034 535 2105 εἴπῃ
556 2032 635 2104 τῷ
649 2029 848 2102 ’πατέρι
873 2030 906 2099 ἢ
936 2028 1154 2099 μητέρι,
1169 2025 1369 2095 Δῶρον,
1384 2023 1412 2077 ὃ
1437 2024 1502 2078 ἂν
1523 2021 1583 2087 ἐξ
1609 2019 1744 2088 ἐμοῦ
1768 2017 1978 2087 ὠφελη-

402 2125 532 2194 θῇς,
554 2124 614 2176 οὐ
644 2122 718 2193 μὴ
746 2122 960 2192 τιμήσει
987 2120 1079 2172 τὸν
1104 2118 1313 2188 πατέρα
1345 2116 1509 2169 αὐτοῦ
1535 2114 1568 2185 ἦ
1604 2112 1701 2184 τὴν
1730 2111 1941 2183 μητέρα
1961 2116 1974 2129 ⁸

407 2214 514 2266 καὶ
536 2211 858 2283 ήκυρὼσατε
884 2210 976 2281 τὴν
1008 2207 1226 2279 ἐντολὴν
1252 2206 1347 2260 τοῦ
1386 2205 1520 2259 Θεοῦ
1561 2204 1651 2258 διὰ
1677 2204 1777 2273 τὴν
1803 2200 1978 2272 παρά-

411 2304 584 2357 ϐασιν
632 2301 802 2373 ὑμῶν.
833 2320 852 2353 ι
914 2301 1074 2372 Ὁρᾷς
1133 2302 1191 2352 ὲν
1253 2298 1467 2360 τούτοις
1525 2298 1621 2367 τῆς
1684 2293 1978 2365 Ἰουδαϊκῆς

411 2393 723 2463 καπηλείας
754 2391 893 2462 σαφῆ
942 2390 1011 2445 τὰ
1056 2390 1412 2462 ἐγκλήματα;
1463 2389 1583 2451 ταῖς
1613 2386 1721 2456 γὰρ
1753 2386 1980 2447 οἰκείαις

401 2483 772 2554 παραδόσεσιν
800 2480 1028 2535 ἕπεσθαι
1076 2481 1184 2534 δεῖν
1229 2479 1523 2543 ἐθέλοντες,
1562 2475 1800 2547 ἀκύρους
1844 2473 1981 2528 ἀπέ-

404 2592 600 2646 φαινον
621 2575 747 2638 τοὺς
777 2572 871 2627 τοῦ
919 2571 1057 2626 Θεοῦ
1089 2571 1309 2642 νόμους.
1354 2568 1849 2637 ’Υποπλαττόμενοι
1883 2566 1983 2637 μὲν

405 2664 725 2736 ἐξηγεῖσθαι
755 2662 849 2717 καὶ
876 2663 1109 2726 αὐτοὺς,
1157 2660 1602 2732 συνεισφέροντες
1638 2658 1696 2711 δὲ
1747 2656 1983 2727 παραδὸ-

408 2775 525 2821 σεις
552 2756 753 2819 ἑώλους
775 2755 872 2809 καὶ
902 2753 1135 2826 ψυχρὰς.
1177 2754 1426 2808 Αίτιᾶται
1454 2752 1511 2805 δὲ
1545 2752 1671 2814 τοὺς
1695 2749 1981 2821 ἄρχοντας,

412 2851 490 2912 ὡς
524 2848 654 2902 πολὺ
703 2845 996 2910 νοσοῦντας
1043 2846 1104 2899 τὸ
1150 2844 1381 2915 ὲξήνιον,
1430 2842 1526 2897 καὶ¹
1559 2841 1763 2913 γαῦρον
1794 2839 1984 2910 ὥσπερ

412 2938 787 3000 ἀνατείνοντας
826 2935 919 2989 τὸν
948 2933 1170 3004 αὐχένα,
1211 2934 1305 2986 καὶ
1354 2931 1600 2986 ἀπειθεῖν
1652 2930 1980 3003 ᾑρημένους.

412 3032 490 3086 Οὐ
513 3031 620 3102 γὰρ
647 3029 841 3101 ήθελον
874 3025 1199 3099 προσίεσθαι
1250 3024 1350 3095 τὴν
1402 3025 1584 3077 πίστιν
1616 3022 1714 3094 τὴν
1754 3024 1833 3086 είς
1862 3023 1988 3093 Χρι-
2016 3041 2059 3100 c

415 3121 542 3174 στὸν
590 3120 860 3190 δηλονότι,
893 3119 1070 3172 καίτοι
1102 3116 1202 3170 τοῦ
1233 3116 1398 3187 νόμου
1421 3114 1847 3186 διακεκραγότος
1893 3115 1990 3166 αύ-

414 3215 529 3276 τοῖς
558 3213 670 3265 ἀνω
694 3228 755 3264 τε
786 3210 880 3263 καὶ
906 3209 1077 3271 κάτω,
1123 3207 1186 3260 τὸ
1225 3208 1312 3260 ἐπ’
1355 3205 1502 3277 αὐτῷ
1551 3206 1867 3277 μυστήριον,
1897 3205 1992 3258 καὶ

416 3304 564 3359 κατά
595 3303 821 3375 μυρίους
863 3303 1019 3365 ὅσους
1052 3301 1183 3354 αὐτὸ
1222 3299 1557 3363 δεικνύοντος
1589 3298 1844 3370 τρόπους.
1885 3297 1994 3350 Καὶ

417 3393 553 3462 γοῦν
579 3392 683 3464 ἔφη
714 3392 850 3463 πρὸς
884 3391 1083 3454 αὐτοὺς
1113 3391 1141 3443 ὁ
1170 3388 1374 3459 Κύριος
1425 3389 1580 3460 ήμῶν
1624 3388 1827 3458 Ἰησοῦς
1861 3388 1995 3458 Χρι-

420 3485 580 3549 στός·
613 3502 632 3536 r
670 3484 739 3536 Ἦ
770 3483 977 3536 δοκεῖτε
1028 3482 1110 3535 ὅτι
1140 3479 1251 3548 ἐγὼ
1284 3480 1648 3549 κατηγορήσω
1680 3476 1833 3547 ὑμῶν
1859 3476 1994 3546 πρὸς

419 3577 518 3631 τον
544 3572 798 3644 Πατέρας
827 3573 1019 3627 Ἔστιν
1046 3572 1074 3624 ό
1100 3569 1422 3641 κατηγορῶν
1451 3568 1624 3640 ὑμῶν,
1653 3568 1878 3637 Μωσῆς,
1913 3568 1995 3630 εἰς

426 3669 489 3722 ὃν
522 3668 678 3736 ὑμεῖς
703 3664 988 3735 ἠλπίσατε.
1024 3663 1087 3714 Εἰ
1115 3661 1222 3733 γὰρ
1255 3647 1570 3713 ἐπιστεύετε
1615 3659 1787 3727 Μωσῇ
1812 3696 1827 3721 ,
1876 3658 1997 3709 ὲπι-

438 3759 661 3814 στεύετε
693 3757 756 3811 ἂν
786 3757 926 3827 ἐμοὶ,
960 3752 1220 3825 περὶγὰρ
1261 3750 1397 3823 ἐμοῦ
1446 3752 1650 3813 ἐκεῖνος
1676 3748 1931 3819 ἔγραψεν.
1973 3765 1991 3798 ι

449 3851 722 3914 Ἀπειθεῖς
764 3845 851 3903 οὖν
885 3848 1018 3920 ἄρα,
1070 3848 1207 3918 μήτε
1246 3844 1345 3916 τὴν
1390 3841 1483 3897 τοῦ
1529 3841 1693 3912 νόμου
1750 3840 1999 3910 βούλησιν

432 3946 679 4017 ἄκρατον
708 3941 890 4013 ὥσπερ
926 3940 1023 3993 καὶ
1058 3937 1347 3992 ἀνόθευτον
1397 3931 1771 4005 διερμηνεύειν
1799 3930 2001 3983 ἐθέλον-

429 4055 523 4101 τες
567 4036 680 4098 τοῖς
719 4032 915 4094 ἄλλοις,
971 4030 1107 4101 μήτε
1160 4028 1265 4097 μὴν
1318 4025 1416 4096 τὴν
1459 4023 1547 4077 διὰ
1600 4021 1844 4083 Μωσέως
1907 4018 2000 4071 καὶ

429 4125 727 4200 προφητῶν
751 4125 846 4178 καὶ
874 4122 1044 4191 ἁγίων
1088 4115 1622 4191 προκεκηρυγμένην
1664 4114 2000 4184 τιμήσαντες

426 4219 636 4273 πίστιν.
668 4216 742 4269 Ού
786 4214 896 4284 γὰρ
928 4211 1118 4283 ήθελον
1164 4209 1471 4265 ὑπακοῦσαι
1504 4208 1715 4277 λέγοντι
1762 4203 1840 4275 τῷ
1869 4204 2002 4273 Χρι-

430 4310 546 4382 στῷ
567 4326 583 4342 ·
616 4328 635 4362 ι
655 4307 820 4361 Δεῦτε
852 4305 985 4377 πρός
1014 4322 1101 4376 με,
1148 4302 1349 4364 πάντες
1370 4302 1418 4355 oi
1447 4299 1744 4361 κοπιῶντες
1777 4298 1871 4350 καὶ
1901 4312 2001 4348 πε-

431 4399 821 4475 φορτισμένοι,
850 4396 1006 4465 κάγὼ
1028 4394 1325 4449 ἀναπαύσω
1373 4393 1537 4464 ὑμᾶς.
1572 4391 1775 4459 Ἀρατε
1806 4387 1897 4441 τὸν
1921 4387 2007 4451 ζυ-

432 4497 533 4564 γόν
561 4511 662 4564 μου
687 4490 772 4560 ἐφ’
815 4490 978 4560 ὑμᾶς.
1018 4508 1037 4541 ι
1083 4487 1194 4541 Καὶ
1239 4484 1374 4557 πρός
1404 4500 1469 4553 γε
1495 4482 1573 4555 τῷ
1603 4478 1743 4536 εῖναι
1775 4477 2007 4550 σκληροί

431 4604 496 4640 τε
526 4585 620 4639 καὶ
655 4581 922 4646 ἀπειθεῖς,
952 4578 1198 4633 κοινωνοὶ
1232 4577 1488 4646 γεγόνασι
1517 4572 1763 4629 κλεπτῶν
1788 4589 1801 4603 ο
1844 4571 2005 4624 τοῦτο

437 4680 541 4752 μὲν
568 4679 680 4740 τοῖς
708 4671 1066 4747 δωροδοκοῦσι
1093 4668 1523 4739 συνκαστάμενοι
1569 4664 1725 4737 (Sic),
1765 4661 1923 4717 τοῦτο
1953 4660 2011 4714 δὲ

436 4751 947 4839 συνδεδραμηκότες
974 4764 1094 4825 ταῖς
1126 4759 1361 4822 ἀνοσίοις
1382 4756 1595 4829 βουλαῖς
1614 4753 1708 4807 τοῦ
1728 4751 2015 4833 προδόντος

438 4835 746 4922 αὐτοῖς-τὸν
774 4835 979 4925 Κύριον
1005 4850 1163 4924 ἡμῶν
1203 4846 1409 4921 Ἰησοῦν
1444 4847 1535 4900 τὸν
1563 4843 1824 4915 Χριστὸν,
1854 4844 1913 4904 ὅς
1942 4835 2011 4911 ἦν

436 4949 676 5020 πονηρός
705 4964 766 5001 τε
792 4946 908 5016 ἅμα
934 4943 1029 4998 καὶ
1063 4940 1449 5002 κλεπτίστατος
1489 4934 1755 5007 μαθητής.
1796 4932 2013 5002 Ἐρασι-

436 5019 713 5113 χρήειατοι
743 5038 802 5093 δὲ
831 5038 925 5091 καὶ
955 5035 1154 5107 ἑτέρως
1183 5032 1233 5085 οι
1261 5030 1368 5084 τῶν
1383 5026 1650 5083 Ἰουδαίων
1678 5019 2009 5093 καθηγηταί,

434 5134 502 5186 τὸ
531 5130 760 5201 κύμινόν
794 5147 853 5183 τε
881 5129 977 5182 καὶ
1006 5126 1066 5180 τὸ
1090 5124 1287 5195 ἄνηθον
1310 5165 1324 5188 ,
1357 5123 1452 5176 καὶ
1482 5121 1589 5173 πᾶν
1617 5116 1851 5187 λάχανον
1884 5114 2013 5167 ἀπο·

434 5224 818 5288 δεκατοῦντες,
854 5222 948 5277 καὶ
985 5218 1236 5289 ἀφιέντες
1276 5215 1344 5269 τά
1393 5212 1667 5285 βαρύτερα
1697 5207 1794 5261 τοῦ
1825 5205 2013 5276 νόμου,

438 5317 543 5388 τὴν
584 5314 788 5388 κρίσιν,
835 5313 931 5367 καὶ
975 5311 1036 5364 τὸ
1083 5308 1250 5370 ἔλεος,
1295 5303 1391 5358 καὶ
1417 5302 1516 5373 τὴν
1549 5300 1751 5354 πίστιν.
1801 5295 1876 5348 Οὐ
1909 5293 2017 5363 γάρ

440 5385 663 5479 ἔκρινον
701 5405 957 5476 ὀρφανοῖς
989 5399 1083 5453 καὶ
1113 5398 1329 5468 χήραις.
1374 5389 1672 5463 Ζητοῦντες
1714 5387 1771 5441 δὲ
1819 5385 2019 5457 μᾶλλον

442 5498 603 5570 παρά
636 5496 743 5551 τῶν
774 5492 1156 5566 προσαγόντων
1200 5487 1381 5548 αὐτοῖς
1415 5481 1783 5550 ἀνταπόδομα,
1806 5474 2019 5531 κατεδί-

1519 263 1587 320 IN
1623 255 1866 319 [SAIAM
1898 252 2031 309 LIB.
2070 250 2114 305 Ι.
2153 241 2365 304 ORAT.
2401 240 2445 296 l.

1280 382 1575 446 Ἰουδαίοις,
1601 377 1745 434 τοῦτ’
1770 376 1938 436 ἐστιν.
1969 379 1987 431 Α

2101 361 2308 421 Scribis
2346 372 2412 413 ac
2450 350 2741 411 Pharisaeis
2780 343 3225 419 proﬁciscebatur
3268 334 3476 401 oratio;
3525 330 3620 401 qui

2048 451 2383 523 cauponibus
2417 442 2701 509 assimiles,
2758 452 2896 509 aqua
2935 435 3122 490 vinum
3166 426 3620 501 permiscuerunt,

2004 1710 2044 1763 Β
2076 1728 2360 1784 moriatur.

3551 210 3620 267 δι

2050 549 2103 603 id
2130 512 2240 609 e-st,
2269 540 2405 612 legis
2449 530 2957 603 interpretationem
2999 522 3239 595 spuriam
3274 527 3330 575 et
3369 512 3625 573 adulteri-

2052 651 2174 692 nam
2204 605 2523 688 adiuuerunt
2553 643 2569 682 :
2612 632 2666 680 et
2684 624 2986 678 intexentes
3015 630 3111 672 sua
3137 611 3379 684 quaedam
3407 605 3623 678 placita,

2055 743 2121 785 ac
2179 724 2402 797 frigidos
2443 720 2746 786 dilutosque
2805 724 2996 768 sensus
3043 708 3465 775 interponentes,
3516 710 3625 753 non

2057 787 2284 882 meram:
2321 823 2379 869 ut
2417 813 2489 867 ita
2539 806 2790 872 dixerim,
2834 800 3133 870 simplicem
3183 809 3246 851 ac
3274 805 3490 864 puram,
3534 787 3628 843 sed

2058 925 2177 968 cum
2201 879 2473 964 deteriore
2502 901 2716 958 mistam
2740 891 3063 966 legislatoris
3083 885 3373 945 voluntatis
3390 879 3633 952 explica-

2059 1003 2260 1057 tionem
2284 993 2656 1052 reddideruut.
2691 985 2953 1042 Adierunt
2976 980 3230 1036 nimirum
3283 975 3631 1031 Servatorem

2063 1092 2265 1147 Scribae
2322 1102 2385 1143 ac
2466 1080 2727 1139 Pharisrei
2800 1072 3091 1145 aliquando
3124 1111 3138 1136 ,
3198 1082 3261 1123 ac
3319 1065 3573 1120 dixerunt
3617 1074 3655 1110 :r

2068 1202 2087 1235 ι
2129 1184 2308 1250 Quare
2346 1173 2598 1245 discipuli
2642 1170 2715 1226 tui
2770 1162 3242 1233 transgrediuntur
3292 1153 3634 1210 traditionem

2066 1270 2373 1333 seniorum?
2400 1266 2515 1322 Non
2540 1264 2683 1320 enim
2714 1260 2758 1313 la
2770 1264 2896 1313 vant
2923 1266 3112 1309 manus
3134 1262 3289 1314 suas,
3310 1260 3428 1301 cum
3447 1256 3637 1312 panem

2066 1364 2264 1422 edunt?
2296 1381 2315 1414 ι
2345 1359 2551 1428 Quibus
2573 1353 2661 1408 ille
2692 1370 2705 1406 :
2736 1368 2756 1401 ι
2796 1350 2976 1416 Quare
3000 1353 3054 1398 et
3086 1356 3203 1405 vos,
3236 1336 3428 1406 inquit,
3465 1342 3638 1388 trans-

2069 1452 2351 1528 gredimini
2387 1453 2709 1519 praeceptum
2748 1440 2837 1494 Dei
2881 1443 3101 1506 propter
3152 1428 3494 1485 traditionem
3547 1436 3643 1476 ve-

2074 1522 2279 1598 stram?
2306 1538 2438 1593 Nam
2491 1536 2634 1589 Deus
2694 1529 2829 1587 dixit
2867 1549 2879 1583 :
2914 1526 3130 1580 Honora
3180 1528 3387 1590 patrem
3439 1522 3493 1570 et
3533 1528 3645 1568 ma-

2076 1650 2243 1701 trem;
2278 1635 2386 1705 26
2413 1642 2466 1687 et
2491 1648 2504 1685 :
2529 1612 2629 1695 Qui
2668 1620 2939 1679 maledicit
2969 1618 3106 1688 patri
3138 1622 3231 1668 aut
3262 1610 3444 1675 matri,
3472 1614 3648 1664 morte

2074 1816 2487 1886 matri,Muuus,
2511 1814 2872 1882 quodcunque
2906 1812 2989 1858 est
3018 1816 3085 1856 ex
3119 1814 3227 1864 me,
3257 1798 3353 1854 tibi
3382 1793 3646 1866 proderit,

2074 1928 2179 1968 non
2211 1903 2591 1966 honoriﬁcabit
2615 1907 2823 1971 patrem
2855 1908 3015 1949 suum
3052 1890 3135 1945 vel
3185 1896 3414 1943 matrem
3461 1898 3648 1949 suam;

2074 2015 2129 2060 et
2154 2002 2364 2058 irritum
2399 1995 2602 2052 fecistis
2643 1996 2971 2059 praeceptum
3022 1983 3112 2037 Dei
3147 1988 3366 2049 prepter
3405 1975 3651 2031 traditio-

2079 2108 2197 2148 nem
2226 2100 2457 2146 vcstram
2486 2086 2551 2138 “.
2592 2102 2609 2134 ι
2642 2082 2875 2136 Videsne
2904 2079 2956 2131 in
2988 2075 3071 2129 his
3096 2072 3271 2127 verbis
3306 2066 3659 2123 manifestum

2078 2185 2282 2241 crimen
2328 2178 2561 2236 Judaicm
2602 2170 2860 2228 fallaciae?
2902 2169 3036 2222 Dum
3075 2164 3217 2219 enim
3258 2176 3383 2215 suas
3426 2173 3489 2214 ac
3528 2171 3654 2227 pro-

2077 2275 2225 2347 prias
2254 2270 2575 2327 traditiones
2603 2262 2901 2321 consectari
2931 2258 3137 2323 volunt,
3164 2254 3346 2309 irritas
3368 2250 3465 2305 Dei
3499 2249 3643 2318 leges

2085 2341 2332 2423 iecerunt
2364 2379 2378 2416 :
2419 2360 2682 2430 ﬁngentes
2717 2354 2929 2423 quidem
2964 2365 3059 2406 eas
3091 2362 3150 2403 se
3192 2343 3505 2415 exposuisse
3534 2359 3548 2396 :
3575 2341 3659 2394 in-

2080 2458 2320 2514 ferentes
2348 2464 2526 2509 tamen
2574 2446 2894 2504 traditiones
2930 2441 3117 2497 futiles
3151 2453 3216 2494 ac
3254 2435 3493 2506 frigidas.
3521 2430 3657 2486 lusi-

2081 2549 2430 2612 mulatporro
2458 2540 2731 2613 principes
2765 2542 2824 2591 ut
2860 2534 2950 2603 qui
2991 2530 3181 2588 eilreni
3233 2527 3464 2598 quodam
3520 2522 3666 2579 fastu

2081 2640 2411 2702 laborarent,
2437 2644 2491 2690 et
2520 2632 2729 2688 sublata
2754 2626 2909 2700 quasi
2954 2624 3164 2681 cervice
3195 2619 3415 2676 obedire
3439 2614 3657 2673 nollent.

2083 2730 2200 2787 Non
2225 2730 2367 2785 enim
2403 2728 2561 2783 ﬁdem
2595 2722 2793 2779 Christi
2825 2718 3115 2774 admittere
3139 2713 3446 2776 voluerunt,
3486 2720 3663 2777 quan-

2087 2821 2284 2877 tumvis
2320 2820 2403 2874 lex
2457 2815 2658 2887 passim
2698 2827 2859 2882 supra
2892 2817 2947 2866 et
2976 2806 3139 2871 infra,
3186 2803 3304 2873 ejus
3348 2798 3663 2873 mysterium

2094 2914 2417 2975 clamitaret,
2459 2910 2621 2979 idque
2654 2902 2954 2961 innumeris
2986 2899 3163 2955 modis
3211 2895 3542 2952 ostenderet.
3580 2889 3667 2945 Si-

2098 3006 2312 3077 quidem
2340 3011 2395 3058 et
2418 3001 2680 3056 Dominus
2708 3004 2890 3051 noster
2909 2991 3067 3048 Iesus
3089 2988 3337 3046 Christus
3365 2985 3472 3041 illis
3494 2983 3663 3041 dixit:

2100 3072 2131 3148 ι.
2184 3093 2460 3149 Putatisne
2511 3103 2595 3144 me
2644 3092 3021 3141 accusaturum
3069 3094 3165 3135 vos
3209 3076 3349 3147 apud
3406 3072 3663 3130 Patrem?

2095 3190 2190 3243 Est
2220 3186 2311 3257 qui
2344 3189 2559 3240 accuset
2588 3194 2710 3245 vos,
2761 3176 2956 3238 Moses,
2999 3175 3052 3229 in
3110 3185 3217 3239 quo
3264 3182 3365 3224 vos
3414 3164 3667 3221 ﬁduciam

2095 3254 2425 3341 collocastis.
2459 3275 2517 3331 Si
2548 3273 2692 3329 enim
2729 3264 3098 3326 credidissetis
3125 3254 3671 3326 Most,credidissctis

2098 3382 2147 3429 et
2174 3350 2304 3427 mihi
2347 3367 2460 3423 :de
2506 3379 2592 3421 ine
2635 3362 2779 3420 enim
2822 3359 2912 3414 ille
2963 3355 3181 3424 scripsit
3229 3351 3295 3405 ⁸⁷.
3340 3368 3359 3401 ι
3398 3343 3671 3401 Praeiracti

2096 3466 2278 3533 itaque
2304 3468 2482 3522 erant,
2531 3468 2706 3525 neque
2735 3452 2870 3521 legis
2911 3447 3244 3503 voluntatem
3295 3453 3508 3511 puram,
3543 3434 3674 3490 sim-

2097 3524 2288 3624 plicem
2344 3549 2741 3620 genuinamque
2777 3535 3129 3611 interpretari
3166 3532 3419 3589 volebant
3454 3524 3671 3598 populo,

2097 3661 2274 3717 neque
2306 3644 2464 3699 ﬁdem
2510 3654 2604 3710 per
2639 3637 2839 3692 Mosem
2881 3640 2936 3688 et
2962 3628 3251 3701 prophetas
3275 3632 3491 3679 sanctos
3525 3631 3663 3689 pra:-

2099 3707 2326 3794 dicatam
2348 3707 2546 3797 colere,
2571 3742 2745 3798 neque
2771 3726 3145 3791 obtemperare
3166 3714 3390 3772 Christo
3415 3707 3612 3766 dicenti
3647 3724 3662 3762 :

2107 3847 2125 3881 ι
2151 3826 2345 3881 Venite
2374 3824 2439 3878 ad
2463 3836 2569 3888 me,
2600 3832 2789 3874 omnes
2817 3815 2907 3882 qui
2932 3808 3190 3865 laboratis
3213 3801 3486 3859 etonerati
3507 3799 3662 3864 estis,

2099 3926 2155 3974 et
2212 3929 2311 3984 ego
2369 3909 2606 3966 reﬁciam
2652 3919 2768 3960 vos.
2815 3899 3078 3970 imponite
3125 3896 3315 3965 iugum
3357 3904 3535 3945 memn
3582 3902 3678 3943 vo-

2099 4008 2183 4064 bis
2212 3981 2279 4060 “v.
2317 4022 2336 4056 ι
2370 4000 2584 4056 Etenim
2625 3995 2879 4067 quoniam
2922 3990 3042 4047 duri
3077 3998 3130 4044 et
3157 3983 3529 4043 inobedieutes
3556 3981 3674 4036 fue-

2106 4108 2252 4163 runt,
2282 4103 2564 4154 consortes
2595 4090 2777 4145 furum
2810 4086 3131 4143 exstiterunt
3169 4101 3182 4134 :
3213 4081 3408 4151 partim
3450 4075 3682 4146 largien-

2105 4193 2245 4249 tibus
2294 4201 2518 4245 munera
2567 4178 2975 4242 consentiendo,
3033 4175 3229 4246 partim
3281 4186 3402 4228 cum
3458 4166 3681 4223 nefariis

2104 4282 2345 4341 consiliis
2405 4276 2602 4348 perditi
2643 4274 2799 4330 simul
2835 4279 2889 4325 et
2916 4263 3243 4322 iuracissimi
3274 4258 3543 4330 discipuli,
3579 4257 3683 4311 Do-

2041 4378 2085 4433 D
2113 4378 2316 4432 minum
2356 4346 2601 4427 nostrum
2627 4363 2808 4420 Jesum
2836 4358 3112 4416 Christum
3146 4351 3441 4423 prodeatis,
3469 4346 3681 4416 conspi-

2112 4468 2303 4525 rando.
2343 4463 2480 4531 Quin
2518 4468 2571 4515 et
2605 4454 2805 4525 alioqui
2835 4448 3029 4506 attenti
3074 4449 3294 4501 luerunt
3326 4442 3393 4497 ad
3436 4455 3548 4497 rem
3585 4437 3682 4496 Ju-

2114 4562 2349 4615 dasorum
2410 4549 2675 4625 praefecti,
2733 4544 3044 4608 cuminum,
3089 4537 3368 4600 anethum,
3417 4542 3474 4590 et
3525 4544 3686 4587 omne

2115 4650 2235 4705 olus
2261 4622 2637 4705 decumantes;
2676 4637 2927 4710 graviora
2958 4641 3137 4689 autem
3182 4627 3316 4697 legis
3354 4625 3553 4695 capita,
3595 4622 3685 4692 ju-

2117 4742 2338 4805 dicium,
2377 4732 2825 4794 misericordiam,
2855 4727 3011 4782 ﬁdem
3041 4719 3538 4795 pratermittentes.
3574 4711 3687 4771 Nec

2115 4833 2261 4889 enim
2287 4822 2900 4899 orphanisjudicabant,
2930 4831 3106 4887 neque
3134 4810 3337 4875 viduis,
3368 4807 3462 4864 sed
3502 4816 3688 4875 peten-

2118 4935 2201 4979 tes
2231 4894 2407 4992 potius
2435 4919 2504 4973 ab
2543 4915 2627 4971 his
2668 4913 2761 4984 qui
2803 4910 3078 4975 offerrent,
3138 4901 3465 4966 mercedem,
3519 4894 3685 4966 impie

2117 4986 2437 5086 quandoque
2488 5003 2920 5064 condemnabant
2971 5000 3170 5070 injuste
3227 5004 3534 5063 oppressos,
3582 4986 3685 5040 ini-

2117 5080 2437 5175 quissimum
2470 5100 2523 5155 in
2546 5113 2641 5155 eos
2675 5093 2941 5151 calculum
2979 5105 3041 5146 ac
3062 5085 3384 5145 sententiam
3429 5080 3684 5134 ferentes.

2120 5170 2195 5252 lix
2224 5210 2287 5250 eo
2327 5200 2505 5247 autem
2545 5188 2686 5259 quod
2734 5186 2935 5256 injuste
2974 5180 3301 5252 iudicarent,
3352 5178 3412 5226 et
3455 5170 3688 5238 turpiter

2121 5285 2436 5343 muneribus
2457 5281 2745 5345 servirent,
2775 5277 2935 5333 etiam
2967 5274 3022 5329 in
3055 5273 3226 5342 ipsum
3259 5263 3533 5320 Christum
3563 5269 3690 5317 sunt

2123 5380 2323 5434 furiose
2352 5372 2689 5433 debacchati.
2725 5367 2797 5423 Ut
2824 5366 2969 5423 enim
3006 5379 3036 5416 a
3079 5357 3287 5431 populis
3324 5367 3552 5410 munera
3587 5352 3690 5407 hs-

2124 5472 2336 5536 berent,
2366 5469 2534 5523 vineae
2573 5462 2849 5519 dominum
2903 5470 3007 5510 non
3068 5457 3407 5521 receperunt,
3456 5461 3577 5502 eam
3633 5442 3686 5497 in

522 5644 1058 5734 “Mattlu.xv,l-6.
1136 5655 1680 5727 "Joan.v,ts,ts.
1759 5653 1801 5685 οι
1833 5650 1987 5708 Matth

2088 5664 2122 5716 l,
2146 5646 2237 5714 ss,
2269 5646 2360 5700 ει).

2397 1723 2466 1777 At
2497 1735 2590 1775 vos
2618 1715 2801 1772 dicitis
2832 1729 2846 1766 :
2884 1710 2943 1767 Si
2974 1709 3094 1778 quis
3139 1704 3339 1760 dixerit
3380 1700 3519 1771 patri
3563 1698 3648 1753 vel
3748 1765 3753 1769 _
