4012 6216
352 154 429 218 55
1375 168 1431 224 s.
1472 167 1747 226 CYRILLI
1788 172 2256 229 ALEXANDRINI
2290 157 2605 230 AllClllEP'.
3534 148 3603 229 si;

356 294 509 335 suam
551 283 767 351 proprie
802 284 909 355 27
945 296 1145 342 sortem
1173 300 1509 358 sevocantes,
1555 306 1676 361 quae
1730 292 1831 362 ipsi
1874 302 1923 348 et

2030 292 2196 358 καζον
2230 295 2461 358 ἀνοσίως
2496 295 2605 348 τῶν
2636 290 3004 361 ἀδικουμένων
3031 288 3141 343 ἐσθ’
3167 285 3275 352 ὅτε,
3303 284 3485 356 ψῆφον
3509 285 3596 343 ἐπ’

352 374 569 442 quidem
599 377 699 431 soli
730 378 1044 436 debebatur.
1076 381 1337 446 Quamvis
1369 384 1512 440 enim
1542 383 1623 441 lex
1663 386 1867 441 diceret
1902 405 1914 442 :

355 480 377 514 ι
409 462 751 523 [innocentem
780 483 841 524 ac
865 468 1068 539 justum
1096 487 1201 527 non
1231 473 1446 529 occides
1476 474 1543 539 ⁸³,
1593 492 1611 525 ι
1663 489 1785 531 eum
1836 485 1919 529 ta-

349 567 475 609 men
509 553 775 612 insontem
799 557 1111 630 justumque
1137 561 1550 619 interfecerunt.

2025 385 2209 449 αὐτοῖς
2256 384 2354 456 τὴν
2395 382 2784 455 ὲκνομωτάτην
2831 380 3171 451 ἐκφέροντες.
3221 376 3354 431 ’Λπδ
3398 375 3463 447 δὴ
3501 376 3593 430 τοῦ

2026 476 2232 547 κρίνειν
2276 477 2478 540 ἀδίκως
2527 476 2621 531 καὶ
2666 471 2906 544 αἰσχρῶς
2950 469 3213 542 ἡττᾶσθαι
3267 465 3594 536 λημμάτων,

2023 568 2118 621 xui
2141 570 2222 632 εἰς
2250 568 2424 622 αὐτὸν
2469 566 2905 638 πεπαρῳνήκασι
2932 563 3022 615 τὸν
3050 560 3303 632 Χριστόν.
3332 560 3449 611 Ἵνα
3488 559 3596 628 γὰρ

348 641 522 714 ἔχοιεν
565 647 666 711 τὰς
731 649 883 720 παρά
940 652 1048 706 τῶν
1107 652 1251 708 λαῶν
1315 655 1649 728 δωροφορίας
1670 697 1686 722 ,
1730 657 1792 711 οὐ
1855 659 2200 730 προσήκαντο
2247 661 2338 715 τὸν
2380 663 2474 715 τοῦ
2530 658 2850 732 ἀμπελῶνος
2909 655 3191 725 δεσπότην,
3240 653 3370 706 ἴδιον
3408 650 3596 702 ποιού-

351 756 503 809 μενοι
541 741 739 814 κλῆρον
768 744 862 799 τὸν
903 745 1052 818 αὐτῷ
1118 750 1211 803 xui
1263 750 1409 822 μόνῳ
1464 752 1748 824 πρέποντά
1793 744 1855 807 ’ἦ
1891 753 1985 809 xui
2023 754 2387 827 ὀφειλόμενον.
2432 752 2790 809 ’Δπεκτόνασι
2834 749 2943 821 γὰρ
2980 747 3157 803 ἀθῶον
3207 745 3336 799 δντα
3380 743 3474 799 xui.
3519 741 3596 794 δί-

348 848 520 898 καιον,
569 833 747 889 καίτοι
798 836 891 891 τοῦ
936 838 1102 909 νόμου
1155 839 1438 910 λέγοντος’
1494 863 1515 897 ι
1567 844 1766 900 Ἀθῶον
1820 846 1915 899 xui.
1945 845 2155 901 δίκαιον
2180 848 2280 902 οὐκ
2306 849 2641 910 ἀποκτενεῖς.
2681 864 2700 897 ›

423 925 585 982 Vens.
615 926 707 982 24.
748 927 959 986 Idcirco
1011 934 1123 988 Imzc
1151 934 1277 989 dicit
1308 937 1613 992 dominator
1650 939 1908 996 Dominus

2088 940 2193 996 Διά
2236 943 2411 997 τοῦτο
2445 941 2585 996 τάδε
2621 939 2781 1009 λέγει
2835 940 2869 991 ό
2909 934 3211 999 δεσπότης
3242 929 3456 999 Κύριος
3490 931 3596 981 Σα-

347 1013 575 1071 Sabaoth
599 1033 619 1073 :
654 1016 741 1075 νω
769 1020 930 1088 forte:
952 1022 1121 1079 Israel
1145 1041 1164 1080 :
1200 1042 1302 1082 non
1335 1030 1556 1083 cenabit
1592 1031 1730 1086 enim
1762 1031 1912 1101 furor

2025 1033 2172 1089 σαώθ
2191 1050 2205 1064 ·
2245 1034 2386 1088 0ὺαί
2430 1035 2484 1088 oi
2513 1032 2828 1100 ἰσχύοντες
2877 1025 3123 1097 Ἰσραήλ
3146 1040 3158 1052 ·
3199 1024 3271 1077 οὐ
3298 1022 3592 1075 παύσεται

349 1122 492 1161 meus
563 1120 746 1166 contra
789 1115 1142 1183 aduersarios,
1176 1129 1224 1173 et
1254 1117 1521 1189 judicium
1561 1122 1626 1177 de
1684 1123 1913 1178 inimicis

2025 1124 2131 1195 γάρ
2162 1143 2276 1192 μου
2312 1128 2344 1180 ό
2375 1124 2559 1194 θυμὸς
2583 1125 2653 1179 ἐν
2681 1122 2806 1190 τοῖς
2834 1118 3231 1182 ὑπεναντίοις,
3255 1113 3355 1168 καί
3392 1112 3595 1181 κρίσιν

346 1198 473 1250 meis
510 1196 726 1263 faciam.

2025 1216 2087 1271 ἐκ
2116 1217 2235 1271 τῶν
2258 1216 2487 1286 ἐχθρῶν
2506 1234 2625 1286 μου
2653 1214 2902 1281 ποιήσω.
3564 1232 3567 1233 ν

415 1288 621 1345 Causas
655 1308 752 1348 cur
792 1296 1012 1362 perierit
1043 1297 1340 1354 Jerusalem
1376 1300 1542 1357 refert
1588 1303 1640 1356 in
1685 1318 1776 1358 eos
1822 1303 1920 1371 qui

2091 1309 2198 1363 Τοῦ
2233 1308 2604 1381 κατεφθάρθαι
2637 1308 2737 1377 τὴν
2785 1300 3136 1376 Ἰερουσαλὴμ
3173 1296 3457 1368 ἀνατίθησι
3493 1295 3593 1360 τάς

345 1380 707 1450 principatum
745 1386 1080 1455 obtinebant,
1138 1399 1194 1444 et
1221 1405 1352 1447 sane
1407 1393 1623 1449 merito.
1661 1392 1914 1462 Sequitur

2025 1401 2198 1464 αἰτίας
2229 1402 2340 1464 τοῖς
2365 1380 2720 1469 καθηγεῖσθαι
2744 1394 2987 1467 λαχοῦσι,
3037 1392 3131 1447 καὶ
3170 1389 3313 1461 μάλα
3347 1388 3590 1449 εἰκότως.

346 1473 492 1526 enim
538 1472 657 1530 illos
698 1486 757 1531 ut
795 1478 1084 1546 plurimum
1121 1482 1308 1555 vulgus
1338 1485 1480 1554 quod
1526 1485 1657 1554 ipsis
1690 1487 1910 1541 subest:

2025 1489 2253 1543 Ἐπεται
2302 1488 2410 1559 γάρ
2449 1486 2542 1540 ἐπὶ
2582 1487 2688 1539 πᾶν
2721 1484 2901 1545 αὐτοῖς
2943 1481 3004 1534 τὸ
3041 1480 3300 1550 ὑπήκοον·
3344 1474 3594 1545 καθάπερ

347 1564 799 1633 quemadmodum
829 1579 978 1627 certe
1014 1582 1070 1627 et
1107 1583 1374 1643 pastores,
1407 1576 1608 1646 quibus
1645 1575 1920 1646 subjectus

2025 1580 2215 1649 ἀμέλει
2245 1580 2338 1632 xui
2360 1581 2473 1642 τοῖς
2502 1576 2722 1647 ποιμέσι
2756 1573 2826 1627 τά
2859 1572 2963 1626 ὑπὸ
2996 1573 3151 1643 χεῖρα
3185 1568 3497 1640 θρέμματα.
3530 1565 3594 1616 Εἰ

348 1662 455 1720 est,
485 1669 637 1725 grex.
661 1654 717 1712 Si
739 1658 882 1713 enim
911 1661 976 1716 ad
1008 1662 1221 1731 pinguia
1248 1662 1366 1720 illos
1389 1672 1439 1719 et
1476 1665 1690 1734 copiosa
1721 1665 1917 1734 praedia

2025 1673 2126 1742 γὰρ
2164 1670 2549 1742 ἀποκομίζοιεν
2593 1671 2673 1732 εἰς
2717 1666 2879 1721 πίονά
2917 1683 2975 1720 τε
3009 1662 3151 1719 αὑτά
3179 1662 3275 1715 xui
3306 1657 3593 1742 ἀμφιλαφῆ

348 1748 635 1813 deducant,
664 1749 958 1821 habiliores
1005 1755 1238 1816 evadent
1281 1755 1356 1811 illi
1382 1765 1438 1812 et
1478 1757 1616 1811 bene
1655 1755 1918 1826 saginati;

349 1838 433 1892 sin
482 1839 535 1894 in
586 1850 782 1897 terram
836 1842 1038 1899 salsam
1090 1852 1146 1899 et
1202 1846 1478 1914 spinarum
1532 1845 1800 1911 altricem,
1838 1845 1921 1899 ina

347 1928 467 1983 edia
507 1930 626 1986 illos
665 1933 893 2002 perdent
937 1948 1002 1988 ac
1045 1935 1333 2004 periment.
1379 1936 1522 1991 Idem
1556 1944 1611 1991 et
1649 1936 1701 1990 in
1762 1934 1918 1990 nobis

347 2020 481 2090 ipsis
514 2035 699 2077 verum
721 2036 842 2078 esse
874 2024 1228 2080 inveniemus.
1267 2025 1401 2082 Nam
1453 2024 1918 2095 interpretationi—

347 2113 450 2168 bus
481 2113 606 2184 illis,
643 2129 765 2184 qum
805 2116 873 2170 ad
922 2116 1326 2183 rectitudinem,
1376 2116 1657 2191 virtutem,
1714 2116 1918 2185 Deique

352 2205 598 2259 notitiam
633 2205 962 2276 inculpatam
1018 2208 1313 2273 adducunt,
1373 2222 1525 2264 mens
1578 2221 1766 2263 eorum
1823 2206 1913 2276 qui

349 2291 634 2349 initiantur
664 2302 719 2349 et
745 2294 1132 2362 informantur,
1159 2295 1484 2353 fecundatur
1513 2297 1669 2365 quasi
1705 2304 1760 2351 et
1793 2295 1941 2365 pin—r

350 2384 601 2450 guescit:
635 2385 877 2440 consiliis
907 2400 1037 2443 vero
1067 2387 1133 2442 ad
1174 2387 1504 2455 impietatem
1548 2387 1914 2456 vergentibus,

351 2474 418 2528 ad
472 2487 653 2529 rermn
720 2474 1024 2543 turpiorum
1100 2476 1425 2533 desiderium
1499 2476 1917 2545 aviditatemque

350 2579 511 2634 quam
539 2564 794 2623 facillime
814 2565 1105 2624 delabitur.
1131 2565 1264 2624 Tale
1285 2568 1539 2638 quiddam
1566 2569 1710 2639 passi
1742 2567 1915 2624 Israe-

2019 1741 2210 1832 νομὴν,
2237 1741 2486 1831 εὕρωστά
2518 1774 2580 1812 τε
2613 1753 2723 1810 εἷεν
2765 1754 2831 1809 ἀν
2858 1753 2951 1808 xui
2986 1748 3232 1820 εὐτραφῆ
3268 1745 3407 1798 λίαν·
3450 1744 3498 1795 εἰ
3537 1741 3595 1795 δὲ

2020 1854 2100 1916 εἰς
2125 1852 2230 1921 γῆν
2268 1850 2482 1923 ἁλμάδα
2510 1849 2603 1904 καὶ
2630 1845 2880 1902 ἀκανθῶν
2920 1841 3151 1915 μητέρα,
3191 1832 3595 1905 καταφθεροῦσι

2020 1941 2240 2006 πάντως
2289 1939 2430 1995 αὑτά
2486 1942 2604 2002 ταῖς
2658 1932 3097 2007 κακοσιτ[ε]ίαις.
3147 1926 3396 1983 Τοιοῦτόν
3426 1941 3478 1977 τι
3508 1923 3593 1991 ἐφ’

2019 2031 2174 2104 ἡμῶν
2204 2031 2382 2086 αὐτῶν
2416 2029 2611 2100 ἀληθὲς
2650 2027 2709 2081 ὃν
2756 2026 3080 2098 εὑρήσομεν.
3122 2018 3453 2090 Εἰσηγήσεσι
3494 2015 3594 2085 μὲν

2017 2124 2125 2195 γάρ
2147 2126 2266 2187 ταῖς
2299 2123 2381 2185 εἰς
2406 2119 2672 2192 ὀρθότητά
2695 2135 2755 2171 τε
2784 2116 2882 2171 xui.
2912 2113 3114 2187 ἀρετὴν
3142 2113 3237 2166 xui
3262 2106 3593 2177 θεογνωσίαν

2018 2214 2316 2287 ἀμώμητον
2374 2215 2403 2265 ὁ
2442 2211 2550 2265 τῶν
2607 2204 3138 2277 παιδαγωγουμένων
3177 2199 3593 2256 καταπιαίνεται

2016 2304 2159 2368 νοῦς.
2188 2304 2321 2366 Ταῖς
2345 2320 2407 2372 γε
2430 2301 2535 2373 μὴν
2561 2302 2640 2364 εἰς
2665 2298 2986 2368 ἀνοσιότητα
3005 2292 3357 2365 συμϐουλίαις
3383 2290 3593 2359 ἑτοιμό-

2014 2413 2153 2450 τατα
2176 2375 2445 2466 καταρῤἐῖ
2476 2393 2613 2464 πρδς
2634 2392 2731 2464 τήν
2753 2388 2862 2443 τῶν
2891 2386 3177 2458 αἰσχιόνων
3208 2381 3389 2453 ἐφεσίν
3416 2396 3477 2433 τε
3500 2379 3593 2433 xui

2017 2485 2344 2557 προθυμίαν.
2397 2482 2648 2538 Τοιοῦτόν
2701 2499 2754 2535 τι
2798 2477 3126 2540 πεπονθότες
3173 2476 3223 2528 οἰ
3274 2472 3334 2537 ἐξ
3377 2470 3593 2543 Ἰσραὴλ

2014 2582 2135 2643 ταῖς
2175 2577 2284 2632 τῶν
2336 2575 2714 2649 Γραμματέων
2765 2574 2858 2629 xui
2911 2570 3218 2644 Φαρισαίων
3261 2564 3594 2638 παραδόσεσι

351 2656 459 2713 lita:
513 2655 826 2714 Scribarum
859 2673 924 2715 ac
978 2657 1372 2716 Pharisaeorum
1416 2659 1792 2716 traditionibus
1828 2667 1914 2713 at-

2025 2670 2109 2724 καὶ
2128 2667 2500 2732 διδασκαλίαις
2528 2668 2579 2721 οἰ
2611 2665 2838 2730 τάλανες
2860 2663 3193 2719 διολώλασιν.
3227 2661 3302 2715 Οὐ
3331 2658 3442 2730 γὰρ
3469 2656 3593 2710 είων

349 2764 460 2819 que
485 2748 771 2813 doctrinis,
810 2749 995 2807 miseri
1023 2750 1409 2821 disperierunt.
1437 2749 1554 2806 Non
1588 2750 1732 2805 enim
1769 2749 1914 2806 sine-

2025 2761 2213 2824 ιύτοὺς
2258 2758 2354 2830 τὴν
2402 2758 2576 2829 ἀληθῆ
2624 2757 2720 2811 xui.
2767 2757 3029 2828 σωτήριον
3072 2754 3207 2807 ἰέναι
3251 2751 3460 2823 τρίϐον,
3495 2747 3595 2818 τὴν

345 2838 479 2895 bant
502 2854 595 2896 eos
622 2854 805 2897 veram
826 2850 882 2895 et
908 2842 1256 2898 servatricem
1278 2841 1418 2896 viam
1441 2841 1711 2906 insistere,
1737 2840 1903 2908 viam,

2025 2847 2101 2901 5ιά
2134 2846 2369 2909 πίστεως
2393 2845 2557 2915 λέγω,
2578 2844 2680 2914 τῆς
2717 2846 2798 2907 εἰς
2834 2844 2923 2898 τὸν
2956 2842 3158 2914 Κύριον
3191 2839 3349 2912 ήμῶν
3388 2836 3595 2909 Ἰησοῦν

352 2931 602 3001 inquam,
634 2946 732 3002 per
763 2932 946 2993 ﬁdem.
991 2948 1111 3003 quae
1143 2941 1228 2989 est
1262 2934 1315 2989 in
1358 2933 1642 2989 Dominum
1670 2904 1914 2989 nostrum

2025 2936 2274 3008 Χριστόν.
2292 2904 2404 2991 Kui
2430 2904 2561 3004 γοῦν
2595 2904 2962 3004 τεθεράπευκε
2998 2904 3095 3003 μέν
3116 2904 3300 2985 τὺνέκ
3333 2904 3594 2997 γεννετῆς

350 3020 533 3078 Jesum
561 3021 860 3080 Christum.
895 3023 1171 3095 Siquidem
1199 3034 1390 3080 curato
1417 3039 1505 3089 eo,
1536 3025 1628 3094 qui
1669 3023 1739 3079 ab
1791 3031 1915 3079 ortu

2025 3028 2241 3098 τυφλὸν,
2289 3027 2385 3081 xui
2422 3025 2801 3097 τεθαυμάκασι
2849 3024 2948 3093 μὲν
2995 3026 3043 3076 οἰ
3079 3021 3221 3077 κατά
3269 3021 3447 3074 πᾶσαν
3498 3017 3595 3088 τὴν

350 3128 526 3170 caecus
550 3124 688 3182 erat,
709 3130 833 3171 cum
856 3131 951 3185 per
972 3124 1138 3172 totam
1158 3115 1459 3172 Jerusalem
1480 3116 1648 3173 divini
1671 3117 1915 3173 miraculi

2034 3118 2391 3191 Ἰερουσαλὴμ
2413 3118 2512 3189 τῆς
2546 3116 2868 3187 θεοσημείας
2905 3115 2966 3167 τὸ
2993 3113 3241 3184 μέγεθος,
3271 3109 3595 3181 κηρύττοντι

356 3205 780 3274 magnitudinem
804 3207 1222 3275 admirarentur,
1237 3224 1469 3279 cumque
1494 3209 1538 3264 is
1558 3209 1651 3278 qui
1678 3223 1709 3264 a
1730 3209 1919 3265 morbo

2025 3211 2079 3265 δὲ
2100 3210 2191 3264 τὸν
2222 3209 2402 3280 ἰατρὸν
2428 3208 2508 3280 τῷ
2530 3208 2623 3262 τοῦ
2652 3206 2857 3269 πάθους
2881 3203 3284 3275 ἀπηλλαγμένῳ
3303 3200 3596 3272 διαρρήδην

351 3296 614 3352 liberatus
643 3306 750 3363 est,
779 3298 1048 3353 medicum
1076 3298 1416 3369 praedicaret,
1465 3299 1671 3356 diserte
1714 3299 1917 3354 clama-

2025 3301 2260 3371 ἔφασκον
2314 3301 2364 3353 ol
2426 3299 2793 3369 παιδαγωγεῖν
2850 3297 3155 3366 ὀφείλοντες
3204 3295 3280 3358 εἰς
3318 3292 3574 3363 ἀλήθειαν

354 3397 483 3460 runt
500 3387 822 3457 lii,quorum
852 3404 1049 3446 munus
1074 3401 1193 3445 erat
1220 3391 1286 3447 ad
1317 3392 1592 3447 veritatem
1613 3391 1913 3448 instruere:

2031 3411 2049 3445 ι
2080 3392 2179 3456 Δὸς
2207 3391 2362 3456 δόξαν
2399 3389 2475 3459 τῷ
2504 3389 2644 3460 Θεῷ,
2675 3390 2833 3460 ἡμεῖς
2872 3388 3093 3459 οἴδαμεν
3141 3388 3221 3440 ὅτι
3251 3380 3405 3448 οὗτος
3444 3385 3472 3437 ὁ
3502 3382 3596 3436 ἇν-

358 3497 380 3532 ι
410 3456 484 3535 US
512 3479 736 3547 gloriam
764 3480 893 3545 Deo,
929 3495 1025 3536 nos
1077 3481 1281 3536 scimus
1312 3482 1453 3538 hunc
1491 3483 1760 3539 hominem
1795 3496 1921 3552 pec-

2025 3482 2241 3555 θρωπος
2257 3456 2580 3554 ἁμαρτωλός
2594 3456 2769 3533 ’ἐστ-ιν.
2784 3498 2802 3531 ι
2823 3456 3286 3549 Ἐπιμαρτύρεται
3305 3476 3362 3529 δέ
3383 3491 3467 3537 τις
3488 3472 3597 3524 τῶν

353 3576 594 3623 calorem
623 3567 743 3623 esse
758 3568 826 3624 ⁷⁸.
863 3587 884 3621 ι
920 3568 1176 3625 Testatur
1205 3579 1466 3641 praeterea
1497 3572 1712 3641 quidam
1741 3587 1771 3628 e
1796 3587 1921 3627 san-

2025 3572 2197 3643 ἁγίων
2234 3571 2665 3642 εὐαγγελιστῶν,
2697 3571 2779 3625 ὅτι
2813 3571 2914 3642 ήδη
2948 3569 3312 3623 συνετέθειντο
3337 3567 3388 3620 οἰ
3421 3567 3603 3638 Γραμ-

352 3658 460 3714 etis
488 3658 837 3730 evangelistis
876 3659 989 3728 jam
1030 3663 1350 3718 convenisse
1395 3661 1614 3718 Scribas
1646 3672 1702 3718 et
1730 3660 1920 3718 Phari-

2028 3668 2216 3737 ματεῖς
2242 3664 2335 3718 xui
2360 3666 2408 3717 οἰ
2429 3664 2732 3734 Φαρισαῖοι,
2763 3661 2851 3716 ἵνα
2871 3661 2966 3715 ὲάν
2993 3677 3076 3723 τις
3102 3658 3263 3726 αὑτὸν
3290 3658 3601 3730 ὁμολογήσῃ

347 3760 510 3816 sees,
564 3759 624 3804 ut
675 3750 765 3819 qui
805 3750 953 3805 illum
1005 3750 1357 3809 conﬁteretur
1399 3767 1521 3811 esse
1576 3754 1852 3810 Christum
1888 3771 1919 3813 a

2025 3757 2277 3829 Χριστὸν,
2311 3755 2736 3822 ἀποσυνάγωγος
2769 3753 3013 3823 γένηται.
3046 3750 3230 3821 Ταύτῃ
3263 3766 3343 3801 τοι
3378 3749 3473 3801 xui
3501 3746 3599 3819 τὴν

350 3842 732 3898 communione
757 3842 1016 3899 Ecclesia:
1057 3851 1454 3916 segregaretur.
1508 3846 1740 3914 Idcirco,
1790 3847 1918 3903 dum

2025 3849 2103 3912 εἰς
2131 3847 2390 3919 ἀλλήλους
2417 3844 2547 3900 αἰδῶ
2581 3844 2683 3914 τῆς
2722 3843 2930 3897 ἑαυτῶν
2962 3842 3233 3911 σωτηρίας
3266 3838 3599 3893 ἀϐουλότατα

352 3933 613 4001 pudorem
647 3948 711 3988 ac
733 3937 1116 4001 reverentiam,
1140 3951 1302 4004 quam
1335 3952 1462 4008 erga
1492 3954 1551 3996 se
1580 3938 1682 4009 ipsi
1712 3940 1916 3995 habue-

2026 3938 2510 4012 προτετιμηκότες,
2548 3935 2803 4007 ἀμέτοχοι
2838 3933 3119 3995 παντελῶς
3147 3931 3245 4002 τῆς
3278 3929 3429 3999 παρά
3459 3927 3594 3980 Θεοῦ

353 4018 522 4089 runt,
575 4022 737 4080 saluti
801 4038 913 4081 sua:
972 4025 1469 4094 imprudentissime
1538 4032 1917 4099 anteferrent;

2030 4033 2367 4105 μεμενήκασι
2393 4028 2570 4098 δόξης.
2603 4028 2715 4083 Καὶ
2742 4025 2900 4081 τοῦτο
2923 4025 3108 4087 αὐτοῖς
3136 4022 3373 4091 ἔφασκεν
3415 4020 3445 4071 ό
3483 4018 3596 4069 Σω-

350 4115 575 4172 omnino
606 4114 791 4186 gloriae
837 4130 957 4186 quae
988 4130 1017 4170 a
1049 4115 1159 4173 Deo
1206 4125 1293 4172 est
1338 4116 1526 4174 inanes
1565 4131 1923 4192 expertesque

2025 4126 2148 4197 τήρ⁸
2190 4141 2210 4175 ι
2250 4122 2375 4187 Πῶς
2401 4120 2629 4177 δύνασθε
2665 4117 2938 4174 πιστεύειν
2979 4115 3136 4180 δόξαν
3183 4111 3313 4183 παρ’
3351 4109 3595 4197 ἀλλήλων

353 4209 703 4266 exstiterunt.
730 4206 884 4277 Quod
912 4207 1020 4265 illis
1040 4208 1378 4264 denuntiavit
1405 4209 1695 4269 Servator:
1731 4230 1750 4266 ι
1776 4212 1922 4280 ρυοο

2026 4193 2412 4284 λαμϐάνοντες,
2440 4210 2536 4265 xui
2560 4210 2659 4282 τὴν
2680 4209 2835 4275 δόξαν
2862 4206 2960 4276 τὴν
2985 4205 3132 4277 ποιρά
3155 4202 3247 4256 τοῦ
3277 4200 3435 4308 μόνου
3459 4193 3594 4308 θεοῦ

358 4302 518 4358 modo
563 4303 792 4371 potestis
830 4303 1071 4366 credere,
1123 4300 1353 4373 gloriam
1403 4318 1435 4358 a
1473 4305 1627 4361 vobis
1688 4306 1919 4365 invicem

2026 4308 2087 4362 ού
2118 4309 2364 4378 Curetes;
2402 4324 2421 4357 ι
2463 4305 2578 4358 Καὶ
2634 4301 2740 4374 μὴν
2794 4298 2888 4354 xui.
2933 4295 3193 4371 ἑτέρωθι·
3232 4311 3252 4346 ι
3281 4290 3417 4345 Οὐαὶ
3468 4290 3595 4359 ὑμῖν

355 4393 743 4463 percipientes,
774 4400 829 4447 et
856 4393 1109 4463 gloriam,
1149 4408 1270 4463 qua:
1298 4408 1327 4447 a
1355 4392 1469 4449 solo
1501 4392 1610 4451 Deo
1654 4406 1759 4462 est,
1814 4413 1920 4454 non

2027 4401 2380 4471 Γραμματεῖς
2400 4398 2494 4452 xui
2521 4397 2799 4469 Φαρισαῖοι
2823 4388 3133 4462 ὑποκριταὶ,
3154 4388 3234 4441 ὅτι
3266 4383 3474 4439 κλείετε
3495 4381 3595 4452 τὴν

354 4484 719 4555 quaerentes“
742 4483 766 4538 i
788 4502 809 4536 ι
840 4484 906 4538 Ει
933 4484 1096 4541 etiam
1126 4484 1323 4541 alicubi
1350 4504 1363 4539 :
1401 4504 1420 4538 ι
1444 4487 1537 4543 Vae
1567 4489 1739 4554 vobis,
1769 4492 1920 4546 Seri-

2030 4489 2305 4563 βασιλείαν
2342 4488 2450 4542 τῶν
2478 4486 2772 4559 οὐρανῶν.»
2810 4481 3107 4538 Σκάνδαλον
3135 4478 3312 4532 τοίνυν
3341 4474 3595 4545 γεγόνασι

357 4578 440 4632 ba:
468 4586 524 4632 et
553 4574 806 4631 Phariszei
851 4576 1184 4646 hypocrita,
1220 4578 1476 4647 quoniam
1529 4580 1776 4635 clauditis
1839 4597 1922 4637 re-

355 4683 520 4737 gnum
562 4667 910 4724 etelorum".
947 4686 967 4721 ι
1021 4666 1344 4724 Scandalum
1398 4670 1560 4741 igitur
1616 4670 1745 4726 facti
1795 4682 1922 4728 sunt

355 4754 572 4825 populo,
606 4765 663 4811 et
708 4765 896 4811 contra
938 4755 1275 4826 maiestatem
1302 4758 1505 4815 Christi
1535 4761 1798 4817 continue
1827 4777 1924 4831 pu—

354 4834 540 4915 gnant.
569 4846 682 4917 28
709 4845 846 4903 Hinc
880 4849 1061 4919 itaque
1092 4848 1225 4905 dicit
1253 4850 1320 4906 de
1351 4851 1458 4907 illis
1484 4868 1498 4906 :
1550 4871 1568 4904 ι
1608 4851 1697 4908 Vae
1739 4863 1924 4923 poten-

355 4937 521 4993 tibus.
540 4936 657 4993 Non
691 4939 926 4995 cessabit
955 4940 1100 4995 enim
1130 4941 1284 4996 furor
1314 4956 1467 4997 meus
1501 4953 1689 4998 contra
1721 4944 1922 5010 hostes,

353 5039 408 5083 et
445 5028 712 5098 judicium
750 5031 817 5087 de
858 5031 1091 5088 inimicis
1130 5032 1265 5087 meis
1293 5033 1578 5088 exercebo.
1635 5053 1653 5086 ι
1690 5033 1925 5091 Videsne

354 5134 462 5188 quo
494 5130 651 5191 pacto
677 5124 1020 5180 adversarios
1056 5122 1198 5189 illos,
1228 5131 1285 5178 et
1322 5123 1542 5193 quidem
1590 5124 1775 5181 hostes
1822 5141 1919 5195 ap-

353 5211 558 5278 pellet?
586 5212 652 5267 Et
684 5214 737 5269 in
772 5216 893 5273 illos
935 5215 1172 5271 maxime
1207 5215 1445 5270 divinam
1495 5215 1630 5269 iram
1672 5217 1919 5272 incursu-

356 5316 473 5356 ram
514 5319 577 5358 ac
608 5307 915 5361 saeviturum
941 5309 1039 5362 ait.
1077 5308 1183 5362 Par
1209 5305 1355 5361 enim
1388 5304 1506 5371 fuit,
1546 5320 1644 5374 par
1684 5306 1786 5361 fuit
1815 5309 1923 5377 plo-

356 5394 426 5447 eti
479 5395 696 5463 gravius
726 5412 838 5460 eos.
881 5408 937 5453 et
975 5397 1243 5466 iudicanti
1296 5396 1535 5452 rationes
1585 5396 1811 5452 reddere
1837 5399 1922 5453 ~de

427 5546 471 5579 ‘9
503 5548 670 5604 Exod.
698 5564 851 5621 χχιιι,
889 5549 942 5603 ἴ.
1013 5549 1060 5589 1°
1096 5548 1253 5605 Joan.
1283 5566 1360 5619 Ili,
1392 5550 1479 5605 44.
1557 5552 1597 5582 ⁷¹
1626 5549 1780 5608 Joan.
1812 5568 1864 5619 ν,
1914 5550 2002 5605 Η.

2026 4584 2138 4645 τοῖς
2169 4579 2338 4643 λαοῖς,
2364 4579 2458 4633 xui
2489 4579 2554 4648 τῇ
2583 4576 2706 4647 δόξῃ
2736 4571 2970 4645 Χριστοῦ
3006 4568 3366 4641 πολεμοῦντες
3393 4566 3455 4618 ού
3484 4565 3596 4617 δια-

2028 4670 2408 4743 λιμπάνουσιν.
2438 4667 2621 4738 Ταύτῃ
2648 4655 2731 4719 τοι
2761 4664 2886 4735 περί
2907 4660 3085 4716 αὐτῶν
3113 4673 3308 4731 φησιν·
3345 4675 3363 4707 ι
3388 4655 3524 4709 Οὐαὶ
3547 4656 3596 4707 οἰ

2026 4760 2318 4833 ἰσχύοντες.
2343 4758 2419 4811 Οὐ
2442 4755 2710 4810 παύσεται
2738 4755 2845 4823 γάρ
2882 4768 2982 4823 μου
3013 4753 3041 4804 ὁ
3066 4749 3236 4821 θυμὸς
3268 4749 3334 4801 ὲκ
3359 4744 3467 4799 τῶν
3498 4744 3596 4797 ὑπ-

2022 4850 2299 4914 εναντίων,
2336 4848 2432 4902 xui
2465 4845 2643 4916 κρίσιν
2679 4845 2743 4897 ὲκ
2771 4842 2877 4896 τῶν
2910 4840 3122 4912 ἐχθρῶν
3168 4856 3269 4909 μου
3304 4837 3533 4905 ποιήσω.
3574 4851 3592 4884 ι

2034 4946 2196 5017 Ὁρᾷς
2218 4943 2365 5004 ὅπως
2389 4938 2665 5000 ἐναντίους
2688 4953 2745 4989 τε
2774 4935 2970 4998 αὐτοὺς
2998 4933 3093 4986 xui
3118 4931 3223 5004 μὴν
3247 4928 3340 4984 xui
3372 4925 3596 4999 ἐχθροὺς

2021 5034 2312 5106 όνομάζει;
2363 5030 2473 5086 Καὶ
2509 5029 2595 5082 ἐπ’
2637 5027 2833 5091 αὐτοὺς
2886 5024 2950 5096 δὴ
3008 5024 3242 5095 μάλιστα
3291 5020 3359 5074 τά
3399 5022 3463 5071 ὲκ

2033 5103 2180 5186 θείας
2203 5121 2372 5193 ὀργῆς
2395 5116 2719 5189 δραμεῖσθαί
2749 5114 3090 5186 φησιν.Ἕδει
3121 5110 3248 5182 γὰρ,
3282 5108 3387 5161 ἔδει
3416 5103 3596 5175 μειζό-

2032 5233 2134 5277 νως
2169 5210 2520 5277 κολάζεσθαι,
2567 5209 2660 5263 xui
2694 5210 2821 5272 τοὺς
2848 5207 2987 5276 ὑπὲρ
3022 5204 3122 5273 τῆς
3146 5201 3252 5253 τῶν
3280 5196 3453 5253 ἄλλων
3487 5196 3593 5248 ἀπ-

2029 5305 2223 5367 ωλείας
2262 5304 2516 5374 ὑποσχεῖν
2560 5302 2638 5373 τῷ
2671 5301 2906 5372 κρίνοντι
2949 5296 3157 5364 λόγους.
3193 5290 3298 5354 Οὓς
3342 5284 3410 5359 ἦν
3450 5287 3596 5350 εἰκὸς

2030 5397 2282 5452 δύνασθαι
2308 5398 2401 5452 xui
2426 5393 2709 5460 διασώζειν
2742 5393 2955 5453 αὐτοὺς,
2987 5389 3142 5456 εἴπερ
3172 5383 3361 5457 ήθελον
3383 5382 3519 5455 ὀρθά
3536 5398 3593 5435 τε

2086 5555 2122 5583 "
2155 5551 2347 5607 Matth.
2378 5567 2533 5618 XXIII,
2570 5550 2651 5603 l5.
