4032 6214
266 260 336 313 5⁸1
1440 268 1508 325 IN
1546 271 1779 329 ISAIAM
1818 273 1825 328 l

1933 315 1948 332 .
1990 275 2033 335 Ι.
2074 278 2282 337 ORAT.
2321 280 2365 338 1.
3456 282 3523 339 58

268 382 493 452 φρονεῖν
541 380 713 449 αὐτοὶ,
751 385 848 438 καὶ
877 386 991 449 τοῖς
1019 385 1200 453 ἀλλοις
1229 388 1438 445 ἅπασιν
1468 393 1569 465 τὴν
1600 396 1680 460 είς
1702 395 1825 450 τοῦτ

1929 434 1935 456 ι
1962 398 2191 456 aliorum
2219 400 2462 464 interitu,
2493 413 2655 469 quam
2680 398 2965 469 prohibere
2992 393 3065 452 ac
3084 396 3402 468 propulsare
3426 414 3527 469 po-

269 474 691 544 διακομὲζουσαν
732 475 1047 543 καταδεῖξαι
1084 480 1291 551 τρίϐον.
1336 484 1637 554 Ἐπεφώνει
1684 489 1780 541 καὶ

1956 489 2124 545 tuisse
2155 490 2321 559 ipsos,
2355 488 2648 545 verisimile
2681 496 2764 544 est
2784 526 2800 553 ,
2831 488 2877 543 si
2907 496 2963 543 et
2996 486 3096 555 ipsi
3132 495 3280 543 recte
3306 501 3523 556 sapere,

270 562 560 627 θεσπέσιος
592 564 850 638 Ἰωάννης
874 566 1061 632 αὐτοῖς
1089 569 1184 623 ἐπὶ
1200 569 1262 624 τὸ
1281 570 1385 642 τῆς
1404 574 1693 643 μετανοίας
1716 575 1825 631 ίοῦα

1952 587 2008 634 et
2047 580 2257 636 caeteris
2302 580 2552 636 omnibus
2611 578 2800 635 callem
2832 593 2898 634 eo
2937 578 3324 647 perducentem
3367 595 3524 634 mon—

268 654 574 725 βάπτισμαυ
611 676 630 710 ι
666 658 986 731 Γεννήματα
1010 662 1256 732 ἐχιδνῶν,
1290 663 1374 729 τίς
1402 666 1680 733 ὑπέδειξεν
1702 670 1825 739 ὑμῖν

1950 678 2131 725 strare
2156 669 2476 726 voluissent.
2503 668 2840 726 Occlamavit
2868 677 2923 723 et
2948 668 3166 724 divinus
3196 667 3432 724 Joannes
3457 670 3524 723 ad

266 746 464 814 φυγεῖν
509 748 620 802 ἀπὸ
664 750 765 821 τῆς
785 752 1083 826 μελλούσης
1128 756 1338 826 ὁργῆς;
1374 776 1393 811 s
1436 760 1631 827 Γέγονε
1671 762 1825 816 τοίνυε

1950 761 2285 830 paenitentiae
2353 761 2621 831 baptisma
2680 761 3060 816 accedentibus
3102 777 3118 815 :
3174 777 3193 811 t
3234 760 3525 828 Progenies

267 835 551 905 ἐκδίκησις
578 839 731 909 παρά
759 839 893 894 Θεοῦ
928 843 1070 897 κατά
1103 845 1213 899 τῶν
1250 847 1561 918 ἰσχυόντων·
1595 851 1849 921 μάλιστα,

267 926 417 979 τοῦτ’
452 927 566 980 ἔστι
589 968 604 990 ,
630 928 740 982 τῶν
769 933 898 1003 παρ’
921 933 1107 998 αὐτοῖς
1132 935 1395 1005 δυνατῶν,
1426 938 1592 1011 ἤγουν
1613 943 1851 1014 ἡγουμέ-

268 1036 392 1082 νων,
428 1021 877 1094 καταδῃωοείσης
910 1024 1094 1079 αὐτῶν
1125 1028 1223 1098 τῆς
1274 1029 1459 1101 χώρας
1488 1033 1583 1087 καὶ
1607 1034 1848 1104 παραδο-

264 1110 453 1181 θείσης
504 1115 623 1177 τοῖς
666 1115 954 1185 Ῥωμαίων
1002 1111 1406 1187 γενναιοτάτοις
1454 1125 1843 1197 στρατεύμασι.

261 1201 370 1254 Καὶ
408 1202 573 1257 τοῦτο
618 1205 801 1269 αὐτοῖς
844 1210 1268 1281 προμεμήνυκεν
1312 1212 1342 1265 ὸ
1377 1213 1589 1286 Σωτήρ⁸
1623 1236 1642 1268 ι
1681 1218 1846 1272 Ὅταν

261 1292 402 1345 ἴδετε
452 1294 832 1368 κυκλουμένην
878 1298 982 1352 ὑπὸ
1026 1302 1404 1369 στρατοπέδων
1438 1304 1538 1372 τὴν
1579 1307 1847 1378 Ἰερουσα-

259 1382 389 1453 λὴμ,
407 1384 534 1436 τότε
564 1386 740 1456 ἐρεῖτε
768 1389 880 1451 τοῖς
907 1389 1078 1461 ὄρεσι,
1100 1391 1386 1461 Καλύψατε
1413 1396 1561 1467 ἡμᾶς
1578 1412 1592 1428 ⁸
1616 1398 1709 1451 καὶ
1732 1401 1845 1463 τοῖς

260 1475 491 1541 βουνοῖς,
524 1478 731 1532 Πέσατε
758 1480 843 1546 ἐφ’
878 1481 1045 1551 ἡμᾶς.
1074 1502 1094 1535 ›
1130 1484 1363 1556 Φοόερὸν
1392 1483 1487 1541 οὖν
1515 1488 1626 1559 ἀρα
1649 1490 1711 1544 τὸ
1740 1492 1840 1563 ἐμ-

260 1569 449 1619 πεσεῖν
475 1569 557 1631 εἰς
588 1570 779 1641 χεῖρας
813 1572 967 1645 Θεοῦ
993 1574 1213 1641 ζῶντος
1240 1578 1335 1647 οὐχ
1370 1580 1451 1633 ὅτι
1488 1581 1721 1655 σκληρὸς
1750 1587 1841 1640 καὶ

257 1658 605 1727 ἀμείλικτος’
646 1664 886 1732 χρηστὸς
914 1667 1024 1736 γὰρ
1069 1668 1267 1738 μᾶλλον
1312 1669 1405 1723 καὶ
1430 1672 1631 1739 ἀγαθός
1666 1676 1834 1730 ἐστιν’

1947 853 2285 921 viperarum,
2326 854 2448 922 quis
2496 852 2820 909 monstravit
2874 851 3031 907 vobis
3092 859 3153 904 ut
3200 848 3461 919 fugeretis
3490 864 3520 904 a

1947 941 2127 999 futura
2159 944 2238 1000 ira
2260 944 2347 999 7'?
2374 963 2393 998 ι
2424 943 2649 1013 Sumpta
2683 953 2767 998 est
2793 958 2924 1014 ergo
2958 943 3092 998 ultio
3120 959 3147 997 a
3184 942 3294 997 Deo
3328 943 3395 997 de
3428 957 3524 1010 po-

1950 1034 2184 1090 tentibus
2214 1035 2450 1089 maxime
2486 1034 2827 1104 praesidibus,
2859 1035 2909 1088 id
2947 1042 3052 1098 est,
3087 1032 3180 1103 qui
3227 1033 3367 1102 apud
3399 1032 3523 1088 illos

1945 1135 2103 1182 erant
2149 1135 2529 1197 praepotentes,
2588 1124 2839 1181 videlicet
2869 1125 3188 1195 principes;
3230 1123 3410 1178 deleta
3442 1122 3521 1188 ip-

1945 1231 2127 1273 sorum
2153 1219 2392 1287 regione,
2416 1226 2469 1273 el
2496 1216 2932 1288 generosissimis
2952 1214 3323 1271 Romanorum
3351 1214 3522 1284 copiis

1943 1309 2213 1379 exposita.
2251 1308 2697 1379 Prtesigniﬁcavit
2736 1309 2867 1362 item
2918 1308 3029 1362 illis
3076 1307 3180 1361 hoc
3214 1306 3517 1362 Servatur:

1947 1420 1966 1455 ι
1994 1402 2129 1459 Cum
2149 1403 2394 1457 videritis
2409 1400 2707 1457 Jerusalem
2736 1399 2801 1453 ab
2818 1398 3061 1453 exercitu
3081 1396 3518 1461 circumsessam,

1942 1504 2072 1552 tunc
2123 1495 2317 1552 dicetis
2349 1493 2622 1549 montibus
2655 1507 2670 1547 :
2705 1492 2927 1562 Operite
2957 1507 3090 1557 nos;
3143 1500 3199 1547 et
3235 1491 3465 1547 collibus
3499 1506 3516 1545 ι

1939 1592 2188 1648 Corruite
2211 1593 2264 1645 in
2295 1605 2393 1645 nos
2411 1591 2511 1645 τι.»
2543 1588 2880 1646 Horrendum
2908 1597 2992 1644 est
3021 1588 3185 1658 igitur
3204 1590 3441 1645 incidere
3465 1590 3516 1643 in

1941 1697 2157 1741 manum
2190 1682 2285 1737 Dei
2332 1681 2560 1737 viventis
2586 1680 2693 1750 7“;
2725 1696 2832 1735 non
2860 1680 2986 1750 quia
3012 1681 3179 1735 durus
3213 1690 3297 1735 est
3324 1692 3380 1737 et
3417 1681 3519 1735 im—
3597 1706 3601 1711 α

255 1745 375 1798 ἀλλ’
409 1748 493 1801 ὅτι
549 1748 800 1806 λυπεῖται
849 1755 1380 1829 καταφρονούμενος,
1435 1761 1564 1815 ὅταν
1611 1765 1825 1830 ἑαυτοὺς

1941 1772 2222 1843 placabilis
2250 1786 2267 1827 :
2304 1772 2571 1843 benignus
2594 1745 2846 1828 estenim
2878 1745 3059 1842 potius
3087 1780 3142 1826 et
3176 1772 3350 1828 bonus
3377 1791 3390 1826 :
3421 1775 3516 1827 sed

260 1837 497 1904 μάλιστα
536 1843 646 1895 τῶν
683 1845 815 1915 παρ’
833 1848 998 1903 αὐτοῦ
1034 1852 1388 1921 χαρισμάτων
1424 1854 1839 1929 ἀποστεροῦμεν

254 1929 440 1997 ἡμεῖς,
472 1932 648 1987 καίτοι
676 1935 851 2005 παρὸν
878 1937 1015 1992 ἑλεῖν
1041 1956 1100 1992 τε
1125 1942 1415 2007 πλουσίως·
1444 1946 1539 1999 καὶ
1565 1948 1837 2021 ὲντρυφᾷν

252 2020 439 2086 αὐτοτς
460 2024 734 2095 ἑλομένοις
759 2029 927 2083 εἴκειν
950 2033 1063 2095 τοῖς
1091 2035 1223 2104 παρ’
1240 2036 1405 2090 αὐτοῦ
1429 2038 1633 2108 νόμοις.
1677 2020 1836 2096 Ἀπο-

248 2111 559 2205 σειομένοις
588 2134 650 2170 τε
677 2120 801 2183 τοὺς
827 2123 1094 2193 πονηροὺς
1122 2127 1215 2179 καὶ
1238 2128 1486 2195 ἀνοσίους
1508 2131 1618 2186 τῶν
1644 2135 1701 2186 ἐν
1729 2134 1836 2205 τῷ·

242 2200 298 2253 δε
332 2203 424 2273 τῷ
456 2205 562 2275 βιῳ
587 2206 947 2276 διδασκάλους·
982 2215 1032 2268 οἳ
1056 2217 1150 2269 καὶ
1176 2218 1276 2289 τῆς
1299 2219 1536 2286 πίστεως
1555 2223 1656 2295 τὴν
1682 2200 1834 2297 690d-

244 2311 401 2363 τητα
432 2300 552 2361 τοῖς
583 2299 787 2355 ἑαυτῶν
813 2305 1014 2375 ῥήμασι
1053 2311 1354 2380 παραλύειν
1376 2314 1705 2384 ἐπείγονται,
1738 2320 1832 2372 καὶ

242 2390 375 2483 ταῖς
415 2389 529 2483 τῶν
555 2392 947 2483 ἀκερσιοτέρων
986 2400 1188 2472 ψυχαῖς
1229 2403 1333 2476 τῆς
1361 2408 1573 2464 ἑαυτῶν
1604 2410 1829 2483 δυστρο-

248 2477 377 2568 πίας
420 2482 515 2534 τὸν
546 2482 625 2537 ίὸν
656 2485 954 2556 ἐκχέοντες,
989 2494 1434 2566 παρατρέπουσιν
1462 2502 1633 2567 αὑτὰς
1658 2477 1830 2568 είς-τὺ

242 2566 354 2621 δεῖν
378 2571 604 2628 ἑλέσθαι
623 2576 694 2629 τά
717 2580 944 2653 πονηρά.

308 2745 427 2840 Kal
454 2747 657 2815 ἐπάξω
690 2752 808 2822 τὴν
832 2755 1003 2827 χεῖρά
1027 2777 1149 2828 μου
1174 2760 1272 2817 ἐπὶ
1307 2764 1404 2832 σὲ,
1435 2768 1533 2823 καὶ
1570 2773 1825 2840 πυρώσω

238 2851 339 2931 σεΔ
355 2839 452 2903 εις
477 2842 756 2911 καθαρόν,
788 2846 933 2913 τοὺς
979 2848 1048 2902 δὲ
1084 2850 1481 2923 ἀπειθοῦντας
1519 2839 1821 2931 ἀπολέσω,

240 2928 347 2982 καὶ
393 2931 620 2999 πάντας
671 2938 1101 3008 ὑπερηφάνους
1145 2946 1510 3001 ταπεινώσω·
1551 2951 1651 3005 καὶ
1698 2928 1823 3009 em;

238 3020 454 3086 στήσω
504 3025 649 3091 τοὺς
702 3028 909 3096 κριτάς
954 3044 1090 3100 σου,
1131 3035 1212 3101 ὡς
1248 3038 1315 3091 τὸ
1362 3040 1672 3109 πρότερον,
1721 3045 1818 3099 καί

241 3113 380 3180 τοὺς
418 3118 807 3186 συμϐούλους
832 3137 953 3177 σου
989 3124 1071 3190 ὡς
1106 3126 1173 3179 td
1199 3128 1499 3201 ἀπαρχῆς.
1536 3134 1645 3188 Καὶ
1673 3138 1822 3205 μετὰ

239 3205 427 3260 ταῦτα
464 3210 755 3283 κληθήσῃ
795 3216 975 3282 πόλις
1014 3217 1424 3291 δικαιοσύνης,
1453 3228 1823 3294 μητρόπολις

241 3297 427 3388 πιστὴ
462 3298 637 3356 Σιών.
688 3303 853 3358 Μετὰ
901 3307 1012 3374 γὰρ
1060 3310 1344 3378 κρίματος
1392 3316 1730 3383 σωθήσεται
1782 3322 1820 3388 ἠ

238 3386 621 3453 αἰχμαλωσία
662 3392 878 3463 αὐτῆς,
911 3396 1010 3450 καὶ
1041 3401 1191 3467 μετὰ
1233 3402 1672 3475 ἑλεημοσύνης.
1707 3386 1820 3467 Kal

238 3479 747 3570 συντρισήσονται
770 3487 828 3539 οἱ
865 3485 1076 3556 ἄνομοι
1114 3492 1211 3546 καὶ
1239 3495 1293 3547 οἱ
1313 3494 1648 3566 ἁμαρτωλοὶ
1677 3498 1817 3570 ἅμα,

240 3565 344 3618 καὶ
387 3570 441 3622 οἱ
472 3569 1007 3646 ἐγκαταλείποντες
1035 3580 1144 3636 τὸν
1169 3565 1820 3660 Κύριονσυντελεσὸήέ

239 3670 484 3713 σον-ται.

332 3746 565 3838 Ἱξπάγει
586 3751 700 3838 τὴν
743 3756 894 3824 χεῖρα
941 3758 1107 3813 αὑτοῦ
1145 3761 1296 3828 Θεὸς,
1345 3764 1420 3828 ὡς
1457 3766 1817 3838 πλήττουσανο

237 3832 505 3888 τοιοῦτον
526 3836 633 3906 γάρ
658 3857 770 3904 πως
794 3843 876 3897 ἀεὶ
903 3846 1012 3900 τῶν
1033 3851 1345 3908 τυπτόντων
1373 3855 1434 3907 τὸ
1460 3832 1564 3926 σχῆ
1572 3874 1668 3928 μα.
1696 3859 1819 3914 Ὅτι

239 3927 345 3980 οὐκ
365 3927 626 4021 ἀνόνητος
646 3930 791 3986 ἔσται
813 3937 1091 4004 παντελῶς
1116 3942 1301 4008 αὐτοῖς
1324 3946 1357 4014 ἡ
1382 3947 1481 4018 τῆς
1513 3927 1691 4021 χειρὸς
1717 3952 1817 4003 ὲπ-

237 4019 454 4091 αγωγή,
481 4020 624 4076 τοῦτ’
654 4025 822 4093 ἐστιν,
857 4031 890 4100 ἠ
919 4030 1027 4083 τῶν
1054 4032 1244 4088 δεινῶν
1270 4035 1459 4106 εφοδός
1491 4057 1549 4093 τε
1578 4019 1672 4096 καὶ
1696 4046 1815 4097 πεῖ-

241 4127 328 4181 ρα,
355 4111 479 4166 οὔτε
509 4113 614 4186 μὴν
633 4117 967 4193 ἀδιακρίτως
994 4124 1166 4180 ἀπασι
1203 4128 1270 4183 τὰ
1308 4130 1368 4197 ἐξ
1401 4132 1568 4203 ὀργῆς
1609 4136 1818 4208 συμϐή-

238 4220 409 4269 σεται,
463 4212 747 4281 φροντίδος
785 4214 843 4268 δὲ
893 4218 990 4272 καὶ
1033 4220 1247 4288 φειδοῦς
1296 4222 1519 4289 ἀξιώσει
1564 4228 1690 4292 τοὺς
1728 4247 1818 4283 πε-

242 4300 616 4391 πιστευκότας,
644 4306 742 4357 καὶ
765 4308 881 4370 τοῖς
907 4309 1147 4378 γνησίοις
1173 4313 1465 4384 άπονεμεϊν
1497 4316 1595 4388 τὴν
1619 4319 1711 4372 ἐπὶ
1740 4319 1817 4391 τῷ

1939 1864 2066 1931 quia
2111 1862 2414 1933 despicatui
2475 1876 2538 1917 ac
2584 1862 2918 1931 contemptui
2979 1861 3226 1925 habitus,
3291 1862 3518 1917 moleste

1936 1953 2064 2021 fert,
2099 1955 2336 2008 maxime
2398 1952 2617 2024 quando
2649 1952 2750 2022 ipsi
2785 1968 2883 2007 nos
2907 1953 3158 2022 gratuitis
3194 1953 3312 2022 ejus
3359 1954 3516 2009 donis

1936 2045 2211 2113 privantus
2245 2060 2261 2099 :
2293 2044 2459 2098 etiam
2517 2057 2640 2098 cum
2670 2042 2830 2097 liceat
2893 2042 3000 2097 illis
3051 2042 3256 2095 alfatim
3309 2042 3435 2108 frui,
3462 2052 3517 2097 et

1934 2133 2343 2201 circumﬂuere,
2406 2131 2568 2187 modo
2602 2131 2811 2201 legibus
2861 2133 2929 2185 ab
2964 2130 3082 2201 ipso
3137 2130 3261 2185 latis
3301 2146 3510 2200 parcre,

1936 2224 2213 2293 intprobos
2261 2238 2326 2278 ac
2356 2222 2551 2292 impios
2584 2235 2767 2277 rerum
2811 2222 2880 2277 ad
2929 2222 3094 2276 vitam
3126 2223 3512 2291 pertinentium

1935 2327 2293 2386 praeceptores
2372 2329 2559 2371 arcere
2626 2314 2681 2370 in
2756 2316 2995 2370 animum
3074 2315 3509 2383 induceremus;

1931 2405 2024 2476 qui
2060 2415 2171 2459 tum
2220 2405 2341 2461 ﬁdei
2393 2405 2765 2461 sinceritatem
2827 2407 2940 2461 suis
3002 2406 3182 2460 verbis
3224 2420 3509 2468 enervare,

1930 2493 2196 2563 quasique
2226 2494 2416 2551 luxere
2475 2496 2762 2550 nituntur:
2806 2504 2915 2549 tum
2975 2493 3367 2565 simpliciorum
3395 2495 3513 2548 ani-

1930 2584 2033 2639 mis
2058 2598 2170 2640 sute
2225 2586 2600 2656 perversitatis
2632 2590 2783 2644 virus
2843 2590 3193 2647 infundentes
3228 2590 3285 2646 in
3320 2590 3507 2660 gravia

1927 2675 2070 2730 mala
2106 2677 2432 2748 detorquent
2460 2688 2517 2735 et
2542 2687 2816 2735 avertunt.

1996 2767 2162 2825 Vnus.
2223 2768 2408 2825 25-28.
2449 2768 2523 2823 Et
2564 2769 2817 2850 inducam
2864 2786 3079 2825 manum
3133 2786 3303 2824 meam
3353 2787 3510 2841 super

1924 2869 1991 2925 te,
2027 2868 2074 2913 et
2115 2876 2403 2930 excoquant
2434 2870 2484 2914 te
2515 2861 2586 2914 ad
2624 2876 2815 2929 purum
2862 2876 2882 2915 :
2933 2861 3287 2916 inobedientes
3334 2872 3506 2916 autem

1922 2949 2163 3018 perdam,
2210 2960 2258 3005 et
2283 2965 2461 3004 omnes
2512 2950 2758 3018 superbos
2800 2950 3115 3017 deprimant.
3145 2954 3213 3004 Et
3242 2950 3506 3019 imponam

1916 3043 2124 3111 judices
2155 3050 2272 3096 tuos
2296 3050 2351 3094 ut
2371 3040 2543 3109 prius,
2566 3050 2613 3095 et
2638 3041 3106 3095 consiliariostuos
3140 3050 3196 3093 nt
3225 3040 3288 3093 ab
3315 3040 3493 3096 initio.

1925 3131 1994 3185 Et
2039 3140 2151 3200 post
2205 3134 2315 3184 haec
2343 3129 2606 3183 vocaberis
2663 3129 2844 3184 civitas
2882 3129 3141 3199 justitiw,
3192 3129 3495 3198 "tetrapolis

1922 3226 2095 3294 ﬁdelis
2125 3222 2279 3278 Sion.
2332 3222 2467 3276 Cum
2490 3221 2698 3290 judicio
2743 3223 2882 3275 enim
2907 3221 3202 3275 servabitur
3227 3222 3502 3291 captivitas
3534 3242 3543 3247 -

1923 3319 2108 3388 ipsius,
2132 3324 2182 3371 et
2208 3332 2324 3369 cum
2342 3313 2727 3371 misericordia.
2754 3312 2820 3368 Et
2844 3323 3209 3369 convertentur
3237 3315 3406 3384 iniqui
3439 3331 3502 3369 ac

1921 3417 2213 3476 peccatores
2280 3404 2478 3471 simul,
2529 3412 2576 3459 et
2616 3404 2707 3474 qui
2769 3403 3156 3475 dereliqtterunt
3213 3403 3496 3460 Dominum

1922 3506 2318 3554 consumetttur.
3484 3494 3540 3546 ο

1990 3778 2199 3834 lnducit
2229 3790 2447 3833 manum
2504 3792 2656 3833 suam
2689 3779 2851 3844 Deus,
2885 3784 3073 3844 utpote
3115 3775 3421 3830 ferientem.
3450 3776 3498 3831 ls

1919 3871 2064 3927 enim
2088 3884 2306 3939 semper
2351 3878 2434 3923 est
2483 3877 2665 3938 gestus
2706 3867 2816 3937 29
2865 3867 3308 3937 percutientium.
3344 3867 3498 3935 Quod

1920 3972 2100 4018 autem
2133 3975 2356 4030 prorsus
2384 3973 2492 4014 non
2528 3958 2632 4013 erit
2666 3959 2786 4015 sine
2817 3959 2997 4013 fructu
3038 3957 3158 4014 lta:c
3208 3973 3401 4014 manus
3443 3960 3496 4014 iu

1919 4069 2013 4110 eos
2043 4053 2304 4117 inductio,
2337 4053 2440 4107 hoc
2471 4061 2554 4107 est
2575 4090 2590 4117 ,
2654 4066 2835 4107 rerum
2870 4052 3224 4108 adversarum
3256 4053 3498 4110 incursio

1929 4150 1984 4199 et
2036 4143 2282 4206 tentatio,
2318 4155 2417 4196 nec
2468 4142 2779 4211 promiscue
2804 4141 3057 4196 omnibus
3091 4142 3206 4196 haec
3232 4142 3496 4211 supplicia

1920 4234 2187 4297 accident,
2220 4232 2314 4287 sed
2358 4232 2501 4300 quod
2537 4230 2820 4287 credentes
2846 4245 2977 4287 cura
3025 4240 3082 4285 et
3120 4232 3494 4285 misericordia

1919 4325 2192 4395 dignetur,
2234 4331 2289 4379 et
2315 4323 2564 4393 genuinis
2618 4322 2743 4377 ﬁliis
2776 4320 3128 4376 servatricem
3164 4321 3390 4390 gratiam
3423 4321 3498 4376 sit

236 4405 298 4486 γε
348 4390 458 4486 δεῖν
496 4393 868 4486 Δδιασῴζεσθαι
908 4400 1068 4471 χάριν
1112 4403 1351 4461 διδάσκει
1400 4410 1604 4477 σαφῶς.
1641 4390 1816 4467 Πάλαι

1929 4390 2234 4486 largiturus,
2271 4390 2418 4470 clare
2448 4416 2622 4470 docet.
2657 4414 2867 4469 Etenim
2887 4411 3192 4468 Jerusalem
3217 4413 3341 4467 olim
3380 4414 3489 4467 Deo

236 4478 331 4546 μὲν
351 4480 464 4553 γὰρ
483 4483 517 4553 ή
548 4486 817 4556 Θεομάχος
850 4488 1199 4565 Ἰερουσαλὴμ
1226 4497 1628 4571 ὲκπεπόρνευκε
1652 4502 1814 4557 πολυ-

466 4574 557 4630 διά
575 4578 671 4631 τοῦ
701 4578 992 4652 λατρεῦσαι
1020 4584 1161 4651 θεοῖς
1189 4584 1417 4659 ἑτέροις,
1447 4594 1727 4666 ἐπήγαγεν
1755 4597 1813 4652 δὲ

227 4662 363 4755 αὐτῇ
400 4663 504 4734 τὴν
533 4668 694 4736 χεῖρα
731 4668 883 4734 Θεὸς,
914 4674 1008 4726 καὶ
1042 4674 1230 4748 ῶσπερ
1264 4681 1371 4734 τινὶ
1416 4662 1550 4755 πυρί
1571 4662 1709 4749 ταῖς
1747 4688 1811 4740 ἐκ

224 4752 313 4805 τοῦ
362 4755 612 4825 πολέμου
648 4762 939 4830 παρεδίδου
981 4771 1304 4839 συμφοραῖς.
1360 4752 1575 4847 Ἐπειδὴ
1617 4776 1673 4831 δὲ
1713 4780 1811 4832 πέ-

221 4863 449 4916 πομφεν
500 4849 560 4914 ἐξ
592 4851 836 4924 ούρανοῦ
876 4856 967 4910 τὸν
1014 4858 1139 4914 Υἱὸν
1177 4862 1205 4912 ὁ
1241 4863 1426 4935 Πατὴρ
1456 4866 1686 4938 Σωτῆρα
1717 4869 1812 4922 καὶ

214 4942 552 5011 Λυτρωτὴν,
598 4939 717 4999 εἶτα
753 4951 1154 5022 πεπαρῴνηκεν
1190 4955 1272 5017 είς
1302 4956 1485 5025 αὐτὸν,
1525 4959 1619 5013 καὶ
1657 4959 1724 5014 τά
1750 4959 1811 5026 ἐξ

215 5030 473 5100 ἀκράτου
520 5033 799 5107 πέπρακεν
832 5042 1110 5107 ἀπονοίας.
1147 5046 1223 5099 Οὑ
1267 5046 1568 5103 διαλέλοιπέ
1598 5068 1658 5104 τε
1689 5057 1810 5118 ταῖς

214 5122 536 5188 ἀπειθείαις
570 5127 779 5197 ἀγρίως
823 5134 1265 5205 περιυϐρίζουσα,
1299 5138 1472 5194 καίτοι
1499 5141 1807 5199 δικαιοῦντα
1852 5132 1853 5135 η

212 5213 304 5266 τὸν
336 5215 549 5287 ἀσεῦῆ,
583 5220 676 5272 καὶ
713 5222 823 5275 τῶν
852 5223 1095 5296 ἀρχαίων
1123 5228 1607 5302 πλημμελημάτων
1634 5235 1808 5292 ἀπαλ-

210 5304 492 5360 ὶηίττοντσ.
541 5309 629 5364 διὰ
678 5316 778 5384 τῆς
824 5317 1076 5382 πίστεως.
1117 5321 1393 5392 Ἐπήγαγε
1432 5323 1489 5377 δὲ
1527 5327 1661 5398 αὐτῇ
1707 5328 1806 5399 τὴν

210 5401 377 5469 χεῖρα
408 5400 592 5466 πάλιν,
629 5408 725 5460 καὶ
750 5402 861 5461 οἷόν
884 5427 966 5475 τις
988 5412 1239 5483 τεχνίτης
1267 5414 1533 5486 διέκρινεν
1557 5419 1615 5472 ἐν
1652 5421 1805 5490 πυρὶ,

208 5492 300 5543 ναὶ
334 5490 506 5547 ἅπαν
541 5496 640 5566 μὲν
683 5499 808 5553 ὅσον
851 5497 917 5573 ἦν
963 5504 1021 5557 ὲν
1049 5504 1184 5576 αὐτῇ
1222 5505 1589 5579 δοκιμώτατον
1626 5529 1684 5565 τε
1716 5514 1809 5566 καὶ

1919 4521 2249 4576 repugnans,
2288 4521 2409 4561 cum
2439 4506 2646 4560 alienos
2671 4504 2800 4559 deos
2857 4504 3084 4560 colendo
3122 4505 3494 4574 multipliciter

1919 4607 2155 4655 scortata
2192 4599 2403 4664 fuisset,
2436 4613 2654 4652 manum
2693 4596 2743 4652 ei
2775 4598 2914 4652 Deus
2946 4597 3177 4663 induxit,
3207 4609 3263 4653 et
3297 4598 3491 4653 inbelli

1914 4691 2259 4746 calamitates
2299 4700 2552 4759 tanquam
2608 4689 2659 4742 itt
2700 4689 2877 4758 ignem
2911 4690 3195 4758 quemdam
3237 4691 3490 4759 conjeciL

1917 4782 2162 4851 Cumque
2185 4780 2378 4836 deinde
2414 4779 2573 4834 Pater
2601 4778 2794 4833 Filium
2819 4794 2850 4834 e
2875 4779 3013 4833 caelo
3044 4780 3202 4834 nobis
3232 4781 3489 4846 misisset,

1916 4874 2263 4927 Servatorem
2332 4885 2397 4925 ac
2480 4870 2924 4940 Redemptorem,
2972 4878 3194 4941 tumque
3249 4872 3305 4925 in
3364 4886 3489 4926 eum

1917 4964 2175 5020 bacchata
2209 4971 2354 5018 esset
2394 4961 2623 5029 furiose,
2660 4977 2836 5031 eaque
2876 4976 2941 5016 ex
2974 4962 3259 5034 impotenti
3303 4973 3487 5034 patra-

1917 5064 1999 5109 ret
2030 5055 2288 5119 amentia,
2342 5069 2440 5110 nec
2494 5054 2771 5109 desineret
2801 5067 2895 5122 per
2928 5053 3348 5115 inobedientiam
3403 5055 3485 5108 itt-

1911 5146 2048 5215 signi
2072 5146 2395 5201 contumelia
2423 5146 2642 5202 afﬁcere
2666 5164 2812 5213 eum,
2837 5148 2928 5218 qui
2961 5148 3178 5217 impium
3197 5144 3479 5217 justiﬁcat,

1913 5246 1966 5289 et
1998 5250 2030 5289 a
2064 5236 2342 5291 veteribus
2388 5235 2609 5306 ﬂagitiis
2668 5253 2765 5307 per
2798 5239 2955 5293 ﬁdem
2989 5238 3216 5302 liberat;
3270 5234 3483 5291 induxit

1912 5325 1961 5379 ei
2001 5340 2218 5379 manum
2276 5328 2342 5382 de
2391 5329 2617 5398 integro,
2672 5340 2726 5383 et
2784 5329 2933 5383 velut
2975 5326 3169 5381 artifex
3213 5325 3482 5395 quispiam

1916 5423 2038 5492 igne
2090 5423 2348 5477 discrevit
2410 5441 2423 5476 :
2485 5434 2539 5478 et
2597 5422 3037 5490 probatissimum
3096 5434 3160 5475 ac
3224 5420 3481 5477 selectum

1916 5528 2083 5583 genus
2130 5515 2464 5572 credentium
2517 5514 2618 5569 sibi
2674 5513 2971 5569 reservavit
3035 5529 3048 5566 :
3118 5512 3482 5569 adulterinum

275 5672 327 5706 7’
359 5670 565 5728 Matth.
611 5691 693 5740 III,
726 5677 775 5729 7.
848 5678 894 5710 ’δ
941 5678 1073 5736 Luc.
1109 5699 1221 5754 xxi,
1272 5685 1537 5754 20;xxnt,
1570 5688 1655 5743 50.
1736 5691 1800 5721 7“

1929 5706 1990 5744 ll‘.
2023 5709 2075 5758 χ,
2112 5694 2200 5747 51.
