4012 6216
502 271 572 328 ω
1534 272 1592 328 S.
1634 268 1913 330 CYRILLl
1950 265 2419 325 ALEXANDRINI
2454 263 2775 323 ARCHIEP.
3697 270 3766 325 σο

504 406 634 446 vero
665 399 722 447 et
759 390 1086 463 rejectitium
1121 391 1287 448 exitio
1346 392 1495 451 dedit
1531 408 1597 450 ac
1629 393 1848 450 delevit.
1881 392 2079 461 Quem-

2195 391 2482 445 ίιπόλεκτον
2504 389 2662 457 γένος
2694 384 2805 440 τῶν
2827 385 3271 440 πεπιστευκότων
3290 383 3449 439 τοῦτο
3469 386 3766 459 τετήρηκεν

505 483 801 539 admodum
858 484 1023 555 igitur
1083 485 1174 553 qui
1229 484 1365 556 igni,
1409 484 1495 542 vel
1525 499 1624 550 aes,
1673 484 1760 540 vel
1792 493 2079 556 argentum

504 575 747 644 liquant,
795 585 1106 645 excoquunt
1147 578 1443 645 materias;
1491 578 1566 633 ita
1605 584 1662 633 et
1704 591 1826 648 ego,
1882 576 2079 644 inquit,

505 681 728 721 exuram
756 677 807 722 te
828 666 895 721 ad
927 681 1143 735 purum.
1178 667 1453 737 Scriptum
1480 678 1567 724 est
1602 678 1782 724 autem
1814 686 1830 723 :
1874 686 1893 720 ι
1922 668 2082 723 Eluet

506 756 769 811 Dominus
806 756 997 813 sordes
1026 757 1260 812 ﬁliorum
1287 766 1342 813 et
1394 757 1629 813 filiarum
1686 758 1837 823 Sion,
1867 766 1923 813 et
1958 774 2081 813 san-

506 850 720 919 guinem
746 862 777 903 e
810 848 988 904 medio
1022 864 1208 905 eorum
1235 850 1576 920 expurgahit,
1609 849 1799 918 spiritu
1821 847 2007 917 judicii
2030 856 2086 904 et

507 939 719 994 ardoris
746 940 813 995 ".
834 958 854 993 ι
905 940 1122 996 Dictum
1159 951 1245 996 est
1301 940 1466 995 etiam
1497 956 1525 995 a
1553 940 1786 1011 quodam
1825 955 1857 997 e
1884 942 2087 996 sanctis

508 1032 833 1101 prophetis:
870 1050 889 1084 ι
926 1031 1116 1111 διιρὶιο
1161 1031 1345 1087 veniet
1368 1032 1422 1086 in
1471 1032 1732 1101 templum
1780 1046 1938 1086 suum
1981 1031 2087 1087 Do-

508 1120 710 1186 minus,
744 1134 904 1189 quem
955 1135 1051 1175 vos
1079 1121 1343 1191 quaeritis,
1374 1130 1430 1176 et
1482 1120 1718 1191 Angelus
1772 1122 2085 1176 testamenti

508 1225 670 1280 quem
710 1226 805 1266 vos
844 1211 1028 1267 vultis.
1068 1212 1210 1269 Ecce
1265 1212 1436 1278 venit,
1484 1212 1616 1268 dicit
1665 1212 1969 1268 Dominus:
2000 1227 2089 1268 ec-

510 1300 632 1369 quis
662 1299 951 1355 sustinebit
999 1301 1144 1357 diem
1173 1302 1436 1356 adventus
1465 1302 1623 1372 ejus?
1671 1301 1762 1357 Vel
1786 1303 1908 1372 quis
1956 1304 2087 1358 sub-

510 1389 668 1444 sistet
700 1389 753 1444 in
784 1401 1077 1461 conspectu
1124 1391 1282 1460 ejus?
1310 1390 1445 1458 Quia
1490 1391 1605 1460 ipse
1654 1394 1801 1448 venit
1831 1403 2085 1463 tanquam

511 1479 654 1549 ignis
685 1481 944 1549 fornacis,
973 1491 1028 1537 et
1054 1489 1317 1551 tanquam
1357 1482 1525 1536 herba
1569 1481 1892 1551 lavantium,
1922 1493 1977 1539 et
2000 1498 2087 1540 se-

442 1560 453 1563 '
513 1571 664 1627 debit
708 1573 969 1639 conflans,
998 1575 1148 1629 velut
1169 1585 1449 1646 argentum
1473 1589 1529 1632 et
1551 1592 1741 1631 aurum
1764 1578 1831 1632 ⁷⁸.
1867 1595 1887 1629 ι
1917 1576 2093 1633 Aliter

514 1662 677 1717 etiam
735 1664 892 1718 nobis
945 1665 1238 1735 explicabit
1276 1667 1379 1723 hoc
1402 1669 1619 1738 sapiens
1660 1668 1968 1730 Matthaeus,
2007 1665 2089 1720 lo-

2184 484 2243 537 έν
2271 481 2469 553 ἑαυτῷ,
2483 481 2546 535 τό
2568 498 2630 550 γε
2649 478 2754 551 μὴν
2782 477 3033 549 κίϐδηλον
3060 478 3156 532 καλ⁸
3174 478 3433 551 ἀδόκιμον
3458 482 3767 552 παραδέδωο

2183 592 2279 629 κεν
2307 577 2384 638 εἰς
2424 574 2643 643 ὄλεθρον
2688 571 2783 625 καὶ
2811 571 3138 641 ἀφανισμόν.
3176 570 3392 642 Ὥσπερ
3429 567 3522 625 οὖν
3554 574 3604 625 οἱ
3637 575 3767 645 πυρλ⁸

2184 666 2603 735 κατατήκοντες,
2650 664 2683 735 ἥ
2717 662 2937 734 χαλκὸν,
2964 663 2999 733 ἢ
3049 662 3311 734 ἄργυρον,
3356 663 3766 735 διακαθαίρουσι

2182 757 2281 821 τὰς
2319 755 2483 819 ὔλας·
2512 754 2654 808 οὕτω
2692 753 2869 820 κάγὼ,
2901 752 3057 825 φησὶ,
3092 752 3335 822 πυρώσω
3386 754 3469 816 είς
3486 753 3768 825 εκαθαρόν.

2184 849 2498 919 Γέγραπται
2518 846 2596 911 δὲ,
2625 846 2707 898 ὅτι
2738 863 2757 896 ι
2796 844 3081 898 Ἐκπλυνεῖ
3113 843 3318 914 Κύριος
3344 844 3435 899 τὸν
3468 845 3638 915 ῥύπον
3666 846 3770 898 τῶν

2186 934 2322 989 υἱῶν
2352 934 2446 987 καὶ
2471 933 2579 987 τῶν
2609 931 2926 1004 θυγατέρων
2964 928 3122 997 Σιὼν,
3153 933 3248 986 καὶ
3281 932 3343 985 τὸ
3367 927 3507 1003 αἷμα
3534 932 3769 987 ἐκκαθα-

2188 1030 2295 1100 ριεῖ
2350 1028 2416 1080 ἐκ
2459 1026 2625 1097 μέσου
2658 1024 2856 1089 αὑτῶν,
2904 1025 2962 1076 ἐν
3004 1024 3276 1091 πνεύματι
3309 1023 3546 1095 κρίσεως
3584 1025 3680 1077 καὶ
3716 1026 3772 1077 ὲν

2187 1119 2457 1189 πνεύματι
2496 1116 2763 1180 καύσεως.
2808 1134 2826 1167 ι
2863 1116 3091 1186 Εἴρηται
3119 1114 3178 1166 δὲ
3206 1114 3301 1167 καὶ
3321 1113 3412 1167 διὰ
3441 1114 3625 1185 φωνῆς
3654 1115 3772 1176 ἑνὸς

2186 1212 2295 1264 τῶν
2334 1210 2504 1279 ἁγίων
2563 1208 2878 1281 προφητῶν,
2917 1209 2999 1261 ὃτι
3036 1225 3054 1258 ι
3099 1205 3385 1276 Ἐξαίφνης
3416 1205 3536 1277 ἥξει
3575 1207 3653 1269 είς
3682 1206 3773 1259 τὸν

2188 1304 2313 1355 ναὸν
2345 1301 2508 1355 αὑτοῦ
2534 1300 2761 1371 Κύριος,
2805 1301 2864 1353 ὃν
2909 1301 3065 1370 ὑμεῖς
3106 1298 3341 1369 ζητεῖτε,
3369 1298 3464 1352 καὶ
3489 1300 3518 1351 6
3545 1297 3775 1367 ἄγγελος

2188 1395 2287 1465 τῆς
2329 1393 2613 1464 διαθήκης,
2656 1392 2714 1445 ὃν
2759 1392 2916 1462 ὑμεῖς
2960 1390 3162 1444 Θέλετε.
3196 1390 3327 1443 ’ἰδοὺ
3355 1389 3595 1460 ἔρχεται,
3624 1389 3774 1460 λέγει

2191 1482 2414 1556 Κύριος,
2457 1481 2554 1536 καὶ
2587 1482 2671 1545 τίς
2709 1482 2974 1551 ὑπομενεῖ
3010 1479 3223 1551 ἡμέραν
3266 1479 3474 1532 εἰσόδου
3509 1479 3706 1544 αὐτοῦς
3737 1481 3770 1550 ἢ

2188 1575 2274 1638 τίς
2296 1574 2658 1643 ὑποστήσεται
2683 1574 2741 1626 ὲν
2768 1574 2835 1643 τῇ
2866 1572 3103 1642 ὀπτασίᾳ
3142 1569 3306 1624 αὑτοῦ
3324 1609 3338 1634 ,
3369 1571 3451 1623 ὅτι
3477 1570 3639 1633 αὑτὸς
3664 1571 3776 1622 εἰσ-

2192 1665 2525 1735 πεπόρευται
2559 1664 2635 1725 ὡς
2658 1662 2769 1733 πῦρ
2792 1661 3181 1733 χωνευτηρίου,
3210 1662 3304 1715 καὶ
3323 1662 3400 1725 ὡς
3426 1661 3532 1715 πόα
3553 1662 3778 1715 πλυνόν-

525 1765 698 1820 quens
722 1753 788 1807 de
820 1750 1038 1809 Christo
1064 1772 1078 1808 :
1113 1771 1132 1806 ι
1159 1755 1269 1825 Ego
1295 1755 1512 1824 baptizo
1531 1772 1625 1811 vos
1648 1756 1699 1810 in
1729 1770 1865 1825 aqua
1885 1755 1950 1811 ad
1976 1768 2091 1825 pte-

2195 1774 2323 1820 των,
2359 1757 2451 1809 καὶ
2482 1755 2751 1809 καθιεῖται
2797 1754 3071 1824 χωνεύων,
3108 1752 3182 1815 ὡς
3209 1750 3271 1805 τὺ
3296 1751 3559 1823 ἀργύριον
3593 1752 3689 1806 καὶ
3718 1752 3779 1805 τὸ

518 1844 801 1898 nitentiam
836 1862 851 1898 :
886 1854 942 1899 at
980 1847 1070 1914 qui
1114 1862 1199 1901 me
1253 1848 1530 1917 sequitur,
1571 1847 1765 1903 fortior
1826 1862 1913 1905 me
1965 1855 2081 1910 est,

515 1934 673 2002 cujus
723 1933 938 1990 calceos
983 1950 1087 1990 non
1135 1952 1254 1990 sum
1316 1937 1511 2008 dignus
1545 1946 1781 2006 portare.
1829 1937 1947 2006 [pse
1996 1951 2090 1991 vos

515 2022 809 2091 baptizabit
839 2025 889 2078 in
937 2024 1141 2094 Spiritu
1168 2037 1353 2082 sancto
1375 2038 1430 2082 et
1468 2028 1628 2099 igne;
1676 2028 1832 2096 cujus
1867 2028 2085 2083 ventila-

518 2115 675 2169 brum
732 2116 785 2171 in
840 2132 1003 2172 manu
1052 2117 1192 2186 ejus,
1242 2129 1294 2174 et
1324 2122 1649 2190 expurgabit
1692 2136 1875 2179 arcam
1916 2135 2088 2182 suam,

515 2207 973 2279 congregabitque
1017 2209 1256 2265 triticum
1279 2226 1434 2265 suum
1471 2212 1525 2266 in
1555 2213 1833 2275 horreum,
1882 2210 2090 2279 paleam

517 2308 700 2352 autem
724 2298 1002 2353 comburet
1043 2300 1165 2370 igne
1219 2301 1548 2357 inexstincto
1577 2304 1646 2357 ⁷⁷.
1674 2321 1692 2353 ι
1726 2302 1910 2372 Itaque
1962 2301 2095 2355 triti-

518 2403 646 2441 cum
673 2389 728 2442 in
788 2388 1047 2444 horreum
1094 2390 1407 2460 colligitur:
1449 2390 1826 2459 infrugifernm
1853 2405 2005 2454 vero,
2042 2391 2093 2446 id

516 2489 603 2534 est
651 2478 898 2547 paleam,
957 2480 1096 2549 ignis
1152 2481 1269 2537 fore
1325 2497 1504 2537 escam
1539 2481 1651 2552 30
1684 2482 1832 2536 dicit.
1880 2481 2092 2535 Modum

518 2579 699 2624 autem
729 2572 772 2625 si
795 2572 915 2640 quis
952 2574 1095 2628 scire
1111 2576 1312 2643 cupiat,
1346 2574 1513 2630 verba
1537 2574 1816 2644 proposita
1852 2572 2095 2628 declara-

519 2663 670 2715 bunt.
724 2659 843 2717 Mox
884 2661 1027 2717 enim
1084 2664 1293 2734 inquit:
1333 2682 1353 2716 ι
1404 2663 1786 2719 lnobedientes
1849 2662 2092 2733 perdam,

516 2759 575 2805 et
617 2754 838 2821 perdam
890 2768 1080 2811 omnes
1128 2752 1354 2822 injustos
1381 2772 1411 2811 a
1448 2764 1521 2823 te,
1556 2770 1858 2824 omnesque
1905 2769 2095 2823 super-

519 2841 618 2896 bos
660 2841 982 2911 deprimam.
1027 2863 1045 2896 ι
1094 2844 1547 2915 Pcriitsiquidem
1588 2845 1956 2901 lsraelitarum
1999 2859 2098 2898 an-

2196 1847 2438 1918 χρυσίον.
2486 1866 2504 1898 ι
2551 1845 2954 1916 Ἐτεροτρόπως
2978 1843 3035 1897 δὲ
3065 1841 3223 1897 τοῦτο
3264 1841 3359 1895 καὶ
3398 1845 3426 1894 6
3456 1841 3617 1911 σοφὸς
3644 1844 3778 1912 ἡμῖν

2195 1939 2475 2001 Ματθαῖος
2508 1938 2764 2005 διασαφεῖ
2794 1935 2967 2003 λέγων
3000 1935 3129 2006 περὶ
3153 1933 3411 2004 Χριστοῦ·
3447 1952 3466 1985 ι
3503 1933 3644 2001 Ἐγὼ
3677 1932 3779 2003 μὲν

2192 2030 2302 2101 γὰρ
2331 2030 2475 2099 ὑμᾶς
2506 2028 2752 2098 βαπτίζω
2790 2028 2847 2079 ὲν
2878 2026 3032 2079 ὕδατι
3064 2027 3143 2089 είς
3176 2024 3486 2095 μετάνοιαν·
3523 2024 3552 2075 6
3576 2023 3632 2076 δὲ
3655 2023 3782 2077 όπί-

2195 2140 2273 2175 σω
2327 2140 2425 2191 μου
2476 2120 2789 2190 ἐρχόμενος,
2834 2117 3180 2189 ἰσχυρότερός
3228 2134 3328 2186 μου
3368 2114 3537 2179 ἐστὶν,
3572 2108 3632 2168 οῦ
3676 2116 3781 2168 οὑκ

2192 2213 2310 2284 είμλ.
2336 2211 2518 2274 ἱκανὸς
2549 2211 2616 2265 τά
2648 2209 2973 2279 ὑποδήματα
3004 2208 3289 2278 βαστάσαι,
3315 2206 3478 2270 αὐτὸς
3499 2207 3646 2277 ὑμᾶς
3682 2206 3782 2275 βα-

2194 2304 2374 2358 πτίσει
2401 2305 2458 2356 ὲν
2483 2303 2762 2372 Πνεύματι
2792 2302 2930 2370 ἁγίῳ
2956 2302 3051 2354 καὶ
3079 2300 3230 2371 πυρί.
3257 2292 3331 2351 Ob
3353 2299 3414 2352 τὸ
3441 2298 3607 2352 πτύον
3628 2300 3685 2351 ὲν
3714 2301 3780 2368 τῆ

2194 2396 2337 2466 χειρὶ
2378 2394 2565 2461 αὑτοῦ,
2610 2394 2704 2447 καὶ
2736 2392 3079 2463 διακαθαριεῖ
3112 2392 3211 2461 τὴν
3251 2391 3435 2445 ἀλωνα
3457 2390 3645 2451 αὑτοῦ,
3683 2393 3784 2443 καὶ

2196 2484 2413 2551 συνάξει
2437 2486 2529 2537 τὸν
2563 2486 2705 2537 σῖτον
2731 2483 2897 2536 αὑτοῦ
2919 2484 2999 2547 είς
3023 2482 3119 2552 τὴν
3149 2482 3451 2552 ἀποθήκην,
3478 2480 3538 2534 τὸ
3567 2480 3624 2534 δὲ
3647 2482 3787 2551 ἄχυ-

2198 2593 2288 2647 ρον
2317 2574 2648 2629 κατακαύσει
2686 2574 2820 2645 πυρὶ
2847 2573 3116 2643 ἀσϐέστῳ.
3155 2592 3172 2625 ι
3205 2570 3411 2625 Οὐκοῦν
3459 2570 3784 2639 συλλέγεται

2194 2668 2223 2719 6
2281 2666 2379 2737 μὲν
2439 2669 2583 2730 σῖτος
2632 2667 2712 2730 είς
2766 2666 3073 2735 ἀποθήκην,
3105 2664 3167 2716 τὸ
3210 2663 3265 2716 δὲ
3305 2663 3577 2736 ἄχρηστον
3610 2662 3783 2730 ἀπαν,

2193 2757 2339 2811 τοῦτ’
2373 2758 2508 2824 ἔστι,
2530 2760 2592 2812 τὸ
2619 2758 2821 2829 ἄχυρον
2861 2756 3030 2827 πυρὸς
3059 2754 3278 2826 εἴρηκεν
3308 2754 3525 2809 ἔσεσθαι
3549 2755 3782 2825 τροφήν.

2195 2852 2306 2905 Καὶ
2341 2850 2481 2915 πῶς,
2525 2849 2578 2903 εἴ
2614 2868 2697 2913 τις
2744 2850 2920 2903 ἕλοιτο
2955 2848 3167 2920 μαθεῖν,
3194 2851 3227 2918 ή
3260 2848 3368 2901 τῶν
3406 2846 3785 2917 προκειμένων

522 2933 668 3001 tiqua
689 2932 999 3001 multitudo,
1025 2951 1146 3006 qua:
1168 2936 1222 2991 in
1249 2937 1527 2993 Christum
1554 2937 1776 2994 admisit
1801 2935 2092 3008 piaculum,

2197 2943 2450 3012 σαφηνιεί
2475 2939 2721 3010 δύναμις.
2756 2940 2899 3009 Ἔφη
2939 2938 3048 3009 γὰρ
3078 2936 3238 3001 εὐθύς
3267 2953 3281 2968 ·
3311 2954 3329 2988 ι
3367 2937 3505 2998 Τοὺς
3537 2936 3593 2988 δὲ
3626 2936 3786 2989 ἀπει-

518 3032 572 3077 et
606 3022 1021 3094 Redemptorem
1063 3028 1297 3098 negavit.
1332 3028 1693 3084 Exterminati
1743 3027 1940 3098 quippe
1970 3034 2093 3080 sunt

2202 3033 2426 3098 θοῦντας
2460 3032 2731 3097 ἀπολέσω,
2778 3032 2871 3085 καὶ
2918 3030 3103 3100 ἀφελῶ
3146 3029 3355 3092 πάντας
3398 3026 3632 3099 ἀνόμους
3675 3025 3786 3079 ἀπὸ

517 3128 705 3170 omnes
746 3117 999 3186 superbi,
1029 3127 1084 3172 et
1121 3119 1210 3186 qui
1248 3118 1431 3188 inique
1482 3120 1687 3185 vivunt,
1718 3119 1958 3175 Iudaica:
1992 3120 2093 3173 sci-

2205 3124 2318 3189 σοῦ,
2351 3126 2443 3177 καὶ
2470 3124 2675 3186 πάντας
2701 3122 3084 3192 ὑπερηφάνους
3113 3118 3454 3174 ταπεινώσω.
3500 3137 3518 3169 ι
3554 3116 3786 3170 Atti).sz

520 3204 646 3260 licet
689 3206 988 3279 Synagogm
1041 3208 1297 3277 praefecti,
1328 3218 1384 3265 et
1432 3211 1710 3281 principes
1754 3209 2093 3265 sacerdotum

2203 3217 2300 3286 μὲν
2351 3215 2461 3287 γάρ
2508 3215 2616 3267 τῶν
2657 3214 2715 3281 ἐξ
2768 3213 2985 3285 Ἰσραὴλ
3033 3215 3067 3283 ή
3120 3212 3286 3265 πάλαι
3315 3209 3543 3281 πληθὺς,
3581 3207 3675 3262 καὶ
3704 3207 3787 3270 είς

519 3305 575 3350 et
593 3295 873 3351 Pharisaei.
897 3296 1000 3363 Qui
1029 3298 1172 3351 enim
1224 3298 1414 3369 injusti
1454 3314 1560 3353 non
1603 3308 1729 3355 sunt
1764 3308 1819 3355 et
1840 3316 2093 3369 arrogan-

2199 3306 2434 3376 Χριστὸν
2473 3305 2787 3376 ἀσεϐήσασα
2826 3306 2919 3358 καὶ
2951 3302 3307 3377 ἀρνησαμένη
3344 3302 3433 3354 τὸν
3476 3299 3785 3370 λυτρωτὴν·

525 3396 630 3451 tes,
662 3387 754 3456 qui
799 3386 934 3453 legis
967 3389 1324 3444 reverentiam
1352 3406 1419 3445 ne
1444 3392 1728 3446 minimum
1765 3392 1981 3462 quidem
2011 3407 2093 3447 cu-

2197 3398 2489 3470 ὲξῄρηνται
2522 3398 2578 3451 δὲ
2608 3398 2804 3460 πάντες
2830 3398 2879 3451 οἱ
2904 3397 3243 3468 ὑπερήφανοι
3290 3393 3381 3448 καὶ
3429 3392 3627 3458 ζῶντες
3659 3388 3790 3443 ἀνό-

480 3484 665 3541 cant,
716 3491 887 3531 cormt
931 3485 1110 3532 autem
1174 3478 1226 3533 in
1291 3480 1528 3536 sublime
1578 3481 1788 3548 tollunt,
1819 3490 1872 3536 et
1909 3491 2093 3536 contra

2203 3508 2339 3563 μως,
2376 3489 2518 3543 τοῦτ’
2547 3490 2713 3554 ἐστιν,
2749 3491 2797 3542 οἱ
2846 3489 2946 3561 τῆς
2990 3487 3259 3542 Ἰουδαίων
3297 3482 3625 3553 Συναγωγῆς
3654 3482 3789 3550 ήγε-

523 3566 688 3622 Dcum
709 3566 1025 3637 injustitiam
1048 3570 1375 3641 loquuntur?
1393 3572 1808 3627 Dixeruntenim
1836 3592 1849 3627 :
1880 3591 1898 3624 ι
1924 3573 2093 3637 Tolle,

2205 3581 2448 3652 μονεύειν
2488 3576 2763 3651 λαχόντες,
2803 3581 2852 3633 οἱ
2885 3579 3160 3652 ἀρχιερεῖς
3185 3578 3278 3632 καὶ
3312 3576 3615 3646 Φαρισαῖοι.
3658 3570 3790 3632 Πῶς

525 3658 671 3725 tolle,
728 3661 875 3715 cruci
909 3660 1071 3733 affige
1112 3660 1261 3716 illum
1288 3661 1354 3716 ⁷³.
1392 3681 1411 3713 ι
1468 3660 1722 3717 Sublatus
1782 3672 1866 3717 est
1917 3671 2093 3717 autem

2202 3672 2309 3741 γὰρ
2335 3672 2435 3725 οὑκ
2465 3671 2530 3725 ἂν
2559 3670 2747 3740 ἀνομοί
2776 3685 2833 3722 τε
2872 3670 2966 3721 καὶ
3004 3666 3283 3734 ἀλαζόνες,
3323 3667 3370 3719 οἱ
3408 3665 3543 3734 μήτε
3577 3661 3675 3732 τὴν
3705 3662 3790 3723 είς

521 3750 603 3805 cis
650 3751 969 3821 populorum
1042 3754 1401 3824 principatus,
1448 3754 1751 3824 designatis
1800 3754 1850 3808 in
1906 3768 2093 3809 eorum

2200 3762 2291 3815 τὸν
2325 3761 2488 3832 νόμον
2511 3760 2643 3814 αἰδῶ
2664 3759 2766 3814 κᾶν
2785 3758 2916 3827 γοῦν
2939 3759 3096 3827 ὀλίγα
3123 3775 3182 3811 τε
3213 3754 3653 3827 πεφροντικότες,
3687 3751 3789 3802 ὲπ-

523 3842 696 3897 locunt
727 3844 927 3898 sanctis
960 3845 1241 3913 apostolis,
1277 3846 1344 3901 de
1374 3846 1572 3916 quibus
1615 3846 1746 3900 dicit
1777 3864 1789 3899 :
1829 3865 1847 3898 ι
1884 3846 2093 3900 (ἶοιιειί⁴

2202 3854 2448 3924 αἰροντες
2497 3851 2553 3905 δὲ
2612 3851 2706 3903 καὶ
2759 3851 2822 3903 τὸ
2868 3850 3037 3920 κέρας
3078 3850 3159 3912 είς
3193 3846 3346 3917 ὕψος,
3381 3847 3473 3899 καὶ
3504 3841 3793 3906 λαλοῦντες

524 3943 668 3986 tuam
694 3931 905 4000 iudices
938 3942 1057 3990 tuos
1100 3945 1158 3991 ut
1192 3937 1361 4005 prius,
1402 3947 1456 3992 et
1496 3938 1843 3993 consiliarios
1894 3948 2013 3992 tuos
2044 3944 2093 3990 ul

2202 3946 2345 4000 κατά
2378 3943 2472 3997 τοῦ
2496 3940 2631 3995 Θεοῦ
2663 3941 2910 4004 ἀδικίαν;
2940 3940 3207 4009 Είρήκασι
3231 3937 3359 4007 γάρ,
3399 3955 3421 3989 ι
3455 3932 3606 4005 Αἶρε,
3639 3928 3791 4003 αἶρε,

523 4024 593 4078 ab
641 4024 846 4079 initio.»
878 4024 1058 4081 Nihilo
1097 4035 1277 4081 autem
1318 4027 1601 4083 inferiores
1660 4028 1876 4083 fuerunt
1907 4029 2093 4099 priscis

2204 4033 2516 4105 σταύρωσον
2553 4030 2735 4085 αὑτόν.
2770 4049 2788 4082 ι
2838 4028 3157 4100 Ἐξῄρηνται
3202 4028 3258 4080 δὲ
3292 4024 3385 4078 τοῦ
3427 4024 3793 4094 καθηγεῖσθαι

523 4116 631 4172 illis
656 4117 862 4173 sanctis
917 4116 1083 4171 divini
1123 4117 1394 4185 discipuli,
1428 4133 1564 4187 quos
1594 4118 1880 4186 etjudices
1920 4120 2103 4190 appel-

523 4205 620 4271 lat,
654 4216 709 4261 et
749 4206 1088 4262 consiliarios
1127 4208 1390 4263 nominat.
1435 4208 1741 4278 Utrumque
1791 4210 1935 4264 enim
1972 4226 2103 4280 pra:-

523 4299 802 4366 stiterunt,
837 4300 965 4353 dum
1008 4308 1262 4370 tanquam
1300 4300 1510 4367 judices
1545 4303 1936 4369 redarguerem
1974 4316 2100 4370 pec-

522 4395 770 4458 catores,
823 4391 1064 4445 infirmos
1134 4402 1313 4447 autem
1392 4394 1807 4449 cohortarentur
1861 4410 1983 4463 qua:
2034 4396 2099 4450 ad

525 4481 690 4534 robur
721 4482 1006 4549 spirituale
1032 4482 1140 4539 illis
1192 4484 1311 4538 usui
1340 4482 1537 4541 forent.
1586 4484 1853 4540 Nimirum
1884 4487 2103 4556 sapien-

527 4569 771 4623 tissimus
811 4568 1010 4625 Paulus
1034 4585 1155 4625 eum
1187 4572 1278 4642 qui
1313 4573 1457 4629 inter
1486 4573 1809 4630 Corinthios
1831 4585 2105 4631 scortatus

524 4669 631 4724 est,
671 4659 889 4715 tradidit
922 4661 1137 4730 quidem
1169 4662 1405 4730 Satanae,
1451 4666 1518 4720 ad
1583 4667 1861 4723 interitum
1897 4668 2103 4734 carnis,

527 4763 585 4806 ut
618 4751 843 4821 spiritus
892 4751 1076 4808 salvus
1126 4755 1283 4810 fieret
1319 4774 1333 4811 :
1369 4757 1657 4812 consilium
1686 4773 1818 4814 vero
1871 4759 1964 4814 dat
2009 4760 2106 4815 bo-

525 4859 678 4909 num,
702 4853 758 4899 et
779 4842 951 4914 inquit
979 4863 992 4899 :
1023 4862 1042 4897 ι
1073 4846 1129 4902 Si
1158 4848 1282 4917 quis
1306 4847 1475 4904 frater
1498 4849 1825 4916 nominatus,
1854 4850 1936 4907 vel
1957 4866 2104 4907 scor-

527 4941 690 5000 tator,
728 4933 809 4990 vel
841 4950 1058 5005 avarus,
1120 4939 1202 4992 vel
1248 4940 1561 5008 idololatra,
1588 4940 1675 4996 vel
1705 4942 2095 5008 subsannator,

527 5028 612 5084 vel
642 5027 915 5093 ebriosus,
941 5030 1025 5085 vel
1054 5045 1243 5100 rapax,
1294 5047 1414 5087 cum
1447 5024 1758 5102 hujustnodi
1788 5050 1892 5089 non
1922 5050 2106 5091 come-

527 5120 763 5176 dendum
784 5120 849 5173 ⁷⁸.
865 5138 884 5173 ι
914 5120 991 5175 De
1007 5121 1278 5191 judicibus
1308 5134 1363 5181 et
1388 5127 1455 5182 de
1474 5127 1873 5183 consultoribus
1896 5129 1987 5198 qui
2016 5127 2107 5183 hic

530 5210 804 5278 dicuntur,
840 5213 1030 5270 beatus
1060 5213 1224 5269 David
1258 5215 1325 5271 ad
1360 5218 1530 5286 ipsam
1563 5215 1858 5297 Jerusalem
1895 5223 1949 5275 in
1980 5220 2105 5289 Spi-

536 5302 640 5355 ritu
665 5312 854 5360 sancto
890 5306 1063 5362 dixit:
1098 5325 1118 5361 ι
1146 5306 1250 5362 Pro
1289 5308 1531 5377 patribus
1564 5312 1668 5367 tuis
1711 5313 1821 5367 nati
1861 5322 1988 5369 sunt
2018 5313 2109 5367 filii

537 5392 633 5446 tibi
658 5393 749 5462 ⁷⁸⁸,
780 5414 799 5448 ι
835 5399 936 5452 hoc
962 5409 1064 5462 est,
1093 5398 1210 5455 loco
1240 5408 1450 5470 patrum
1475 5401 1638 5470 geniti
1660 5412 1785 5457 sunt
1805 5404 1898 5458 tibi
1917 5404 2068 5459 liberi
2092 5422 2104 5457 :

533 5484 730 5553 Quippe
771 5489 863 5559 qui
902 5489 1071 5546 Judaei
1101 5499 1277 5559 erant,
1306 5500 1362 5546 et
1395 5506 1458 5546 ex
1488 5491 1709 5557 Iudicis,
1737 5502 1792 5548 et
1834 5493 1927 5550 lilii
1963 5499 2101 5569 ejus,

599 5622 660 5695 ’ζ
686 5621 789 5695 lsa.
821 5640 893 5688 ιν,
931 5626 984 5678 4.
1089 5625 1134 5658 ⁷⁸
1164 5626 1391 5683 Malacn.
1426 5639 1507 5695 ιιι,
1543 5628 1592 5695 1,
1639 5628 1692 5681 2.

533 5691 599 5724 "'
632 5691 775 5750 Psal.
810 5710 952 5758 xuv,
982 5695 1068 5750 l7.

1798 5624 1843 5661 τ’
1882 5626 2065 5681 Matth.
2104 5642 2187 5691 ιιι,
2230 5628 2313 5692 Η,
2373 5626 2452 5685 12.

2202 4126 2363 4186 λαῶν,
2413 4122 2874 4192 ἀναδεδειγμένων
2912 4120 3021 4172 τῶν
3069 4117 3237 4187 ἀγίων
3285 4115 3621 4178 ἀποστόλων,
3657 4118 3795 4186 περὶ

2203 4210 2278 4271 ὧν
2309 4234 2493 4286 φησιν,
2527 4235 2545 4266 ι
2569 4213 2877 4284 Ἑπιστήσω
2908 4212 3035 4273 τοὺς
3064 4209 3254 4280 κριτάς
3282 4224 3373 4261 σου
3403 4207 3478 4270 ὼς
3502 4206 3561 4259 τὸ
3588 4205 3794 4277 πρότε-

2208 4322 2318 4378 ρον,
2346 4304 2586 4368 καὶτοὺς
2612 4301 2946 4373 συμϐούλους
2976 4316 3068 4353 σου
3092 4299 3167 4362 ὡς
3192 4298 3253 4351 τὸ
3281 4297 3590 4368 ἀπαρχῆς.»
3622 4296 3795 4364 Γεγό-

2134 4434 2179 4487 D
2204 4414 2326 4451 νασι
2357 4396 2414 4449 δὲ
2459 4397 2579 4449 κατ’
2607 4395 2757 4448 οὐδὲν
2786 4391 3042 4487 ἐλάττους
3068 4390 3177 4487 τῶν
3209 4387 3588 4487 ἀρχαιοτέρων
3614 4386 3793 4487 ἁγίων

2202 4491 2254 4541 οἱ
2286 4489 2560 4541 θεσπέσιοι
2593 4486 2854 4557 μαθηταὶ,
2896 4483 2987 4547 οὓς
3025 4482 3119 4537 καὶ
3154 4484 3349 4554 κριτὰς
3385 4465 3660 4551 ὀνομάζει,
3693 4482 3795 4535 καὶ

2206 4578 2539 4650 συμϐούλους
2571 4577 2852 4631 ἀποκαλεῖ.
2875 4574 3175 4645 Δεδράκασι
3205 4574 3314 4644 γὰρ
3342 4573 3649 4643 ἀμφότερα,
3674 4575 3794 4636 τοῖς

2205 4671 2610 4743 ἁμαρτάνουσιν
2668 4667 3091 4737 ἐπιπλήττοντες
3144 4666 3220 4730 ὡς
3276 4665 3481 4737 κριταὶ,
3555 4663 3796 4733 συμϐου-

2203 4761 2450 4825 λεύοντες
2472 4761 2529 4814 δὲ
2554 4762 2666 4823 τοῖς
2685 4758 3013 4830 ὴσθενηκόσι
3037 4758 3107 4813 τά
3131 4758 3268 4830 πρὸς
3287 4756 3588 4829 εὐρωστίαν
3608 4755 3794 4819 αὑτοῖς

2210 4853 2456 4923 χρήσιμα
2507 4851 2607 4922 τήν
2651 4849 3049 4919 πνευματικήν.
3090 4848 3203 4903 Καὶ
3248 4846 3378 4917 γοῦν
3414 4850 3443 4900 6
3484 4845 3795 4916 σοφώτατος

2209 4943 2421 5007 Παῦλος
2446 4943 2536 4996 τὸν
2566 4943 2621 4993 ὲν
2654 4940 2902 5011 Κορίνθῳ
2931 4941 3343 5013 πεπορνευκότα
3375 4937 3659 5011 παρεδίδου
3694 4937 3796 5006 μὲν
3825 4966 3833 5015 ε

2209 5036 2287 5105 τῷ
2329 5036 2542 5103 Σατανᾷ
2585 5035 2663 5096 είς
2697 5032 2917 5103 ὖλεθρον
2955 5034 3053 5104 τῆς
3086 5033 3310 5106 σαρκὸς,
3353 5032 3441 5087 ἵνα
3471 5030 3533 5084 τὸ
3569 5028 3800 5097 Πνεῦμα
3829 5023 3837 5089 ἶ

2213 5125 2380 5197 σωθῇ·
2407 5124 2599 5196 βουλὰς
2621 5125 2677 5179 δὲ
2705 5124 2920 5179 δίδωσιν
2946 5126 3179 5194 ἀγαθὰς,
3206 5126 3299 5180 καί
3328 5141 3490 5194 φησιν
3510 5139 3523 5153 ·
3548 5141 3567 5173 ι
3592 5119 3719 5174 Ἐὰν
3740 5119 3801 5172 δέ

2213 5234 2294 5281 τις
2319 5215 2542 5285 ἀδελφὸς
2567 5214 2986 5286 ὀνομαζόμενος,
3016 5217 3049 5288 ἢ
3073 5216 3286 5286 πόρνος,
3312 5214 3345 5285 ἢ
3377 5212 3726 5279 πλεονέκτης,
3761 5209 3797 5279 ἢ

2219 5308 2631 5380 εἰδωλολάτρης,
2668 5307 2989 5381 ἧλοίδορος,
3032 5308 3065 5378 ἢ
3110 5306 3359 5377 μέθυσος,
3405 5306 3438 5377 ἢ
3478 5307 3681 5377 ἅρπαξ,
3715 5308 3798 5379 τῷ

2210 5398 2435 5471 τοιούτῳ
2455 5402 2590 5471 μηδὲ
2609 5401 2959 5455 συνεσθίειν.»
2987 5400 3123 5471 Περὶ
3147 5398 3256 5452 τῶν
3280 5399 3464 5452 ἐνθάδε
3485 5399 3796 5471 λεγομένων

2210 5492 2410 5563 κριτῶν
2461 5494 2578 5563 ἦτοι
2619 5492 2939 5562 συμϐούλων
2986 5490 3079 5544 καὶ
3128 5492 3156 5543 6
3205 5490 3473 5562 μακάριος
3521 5489 3683 5552 Δαϐὶδ
3734 5492 3795 5542 ὲν

2564 5629 2607 5661 ⁷⁸
2638 5624 2792 5684 Joan.
2824 5638 2922 5679 xm
2947 5665 2960 5692 ,
3022 5621 3106 5677 15.
3211 5623 3255 5655 ⁷⁹
3288 5624 3306 5678 l
3346 5625 3469 5681 Cor.
3508 5640 3559 5691 ν,
3615 5624 3667 5687 5,
3700 5588 3790 5676 ll.
