4032 6214
221 302 282 356 6|
1401 296 1468 351 IN
1510 297 1744 354 ISAIAM
1781 296 1910 354 LIB.
1953 297 1994 355 l.
2036 299 2242 357 ORAT.
2278 299 2318 355 Ι.

3407 276 3498 348 σε·

222 419 507 491 Πνεύματι
550 418 694 488 ἁγίῳ
738 416 876 485 πρὸς
922 414 1091 486 αὐτὴν
1140 413 1242 485 ἔφη
1298 414 1397 486 τὴν
1437 415 1811 488 Ἰερουσαλὴμ,

1917 432 2039 487 qua!
2092 426 2206 473 tum
2270 417 2393 483 fuit,
2444 416 2763 488 Synagogae,
2807 411 2973 467 divini
3008 408 3274 479 discipuli.
3322 407 3476 475 Quod

234 535 254 566 ι
278 514 429 568 Ἀντὶ
451 512 561 565 τῶν
598 509 856 579 πατέρων
885 523 980 559 σου
1030 505 1368 578 ἐγενήθησαν
1400 508 1447 560 οἱ
1492 507 1596 561 υἱοί
1638 525 1752 575 σου,
1785 527 1805 560 ι

225 606 374 660 τοῦτ’
391 601 667 665 έστιν,Ἐν
687 598 841 664 τάξει
863 597 1117 669 πατέρων
1140 597 1393 665 γεγόνασί
1419 615 1503 652 σοι
1527 599 1597 653 τὰ
1614 599 1810 655 τέκναο

224 698 320 752 καὶ
344 695 459 767 γὰρ
484 690 627 765 ἦσαν
653 691 917 754 Ἰουδαῖοι,
946 691 1043 744 καὶ
1062 690 1170 743 υἱοὶ
1194 689 1293 761 τῆς
1316 689 1377 743 τὸ
1400 691 1655 761 τηνικάδε
1677 692 1812 745 Συν-

221 790 453 859 ἀγωγῆς
474 789 524 841 οἱ
557 785 835 839 θεσπέσιοι
861 782 1121 854 μαθηταί.
1159 782 1279 836 Ὀτι
1306 782 1363 836 δὲ
1385 783 1621 856 πατέρες
1652 785 1815 854 γεγό-

222 899 347 935 νασι
392 879 507 933 τῶν
554 876 1019 939 πεπιστευκότων,
1068 873 1231 929 ἄκουε
1283 872 1500 928 Παύλου
1538 875 1810 944 λέγοντος,

229 994 249 1025 ι
270 975 362 1028 Ὲν
375 972 489 1044 γὰρ
508 969 733 1041 Χριστῷ
761 967 936 1038 Ἰησοῦ
959 965 1049 1020 διὰ
1070 966 1163 1019 τοῦ
1182 967 1514 1036 Εὐαγγελίου
1534 966 1643 1036 ἐγὼ
1667 969 1811 1039 ὑμᾶς

224 1066 554 1133 ὲγὲννησα.»
580 1061 694 1115 Καὶ
727 1059 910 1115 πάλινο
949 1077 968 1110 ι
996 1058 1196 1112 Τεκνία
1226 1075 1350 1128 μου,
1380 1058 1475 1123 οὓς
1502 1058 1664 1113 πάλιν
1690 1059 1815 1114 ὠδί-

224 1175 319 1219 νω,
350 1156 522 1226 ἄχρις
544 1146 607 1207 οῦ
639 1150 903 1224 μορφωθῇ
932 1150 1167 1222 Χριστὸς
1184 1151 1242 1204 ὲν
1264 1151 1411 1221 ὑμῖν.
1444 1168 1464 1201 ι
1497 1152 1812 1223 Διαμέμνη-

223 1264 314 1300 ται
350 1245 411 1298 δὲ
452 1246 548 1297 καὶ
574 1244 760 1313 ἕτερος
788 1244 923 1312 ἡμῖν
945 1242 1055 1294 τῶν
1088 1240 1258 1310 ἁγίων
1291 1241 1586 1312 προφητῶν
1621 1242 1810 1307 αὐτοῦ,

223 1337 359 1407 περὶ
398 1335 497 1389 τοῦ
541 1335 762 1388 πάντων
805 1332 969 1405 ἡμῶν
1002 1332 1254 1403 Σωτῆρος
1291 1330 1550 1402 Χριστοῦ,
1581 1331 1676 1385 καὶ
1713 1332 1815 1403 τῆς

224 1426 553 1490 ἀναδείξεως
583 1425 692 1478 τῶν
722 1423 894 1494 ἁγίων
940 1421 1101 1477 αὐτοῦ
1162 1421 1439 1493 μαθητῶν,
1491 1422 1585 1476 καί
1626 1440 1810 1494 φησιν’

232 1538 253 1571 ι
288 1519 423 1571 Ἰδοὺ
450 1516 515 1587 δὴ
544 1514 797 1587 βασιλεὺς
827 1513 1034 1575 δίκαιος
1066 1511 1393 1583 βασιλεύσει,
1433 1513 1528 1565 καὶ
1555 1513 1814 1583 ἄρχοντες

230 1609 370 1678 μετά
411 1608 647 1678 κρίσεως
674 1602 988 1676 ἄρξουσιν.»
1020 1600 1083 1656 Οἱ
1123 1600 1223 1670 μὲν
1259 1600 1371 1670 γὰρ
1405 1601 1505 1672 τῆς
1545 1601 1811 1656 Ἰουδαίων

227 1699 561 1769 Συναγωγῆς
586 1694 901 1767 ἡγούμενοι,
928 1693 1021 1746 καὶ
1045 1692 1188 1761 ζωῆς
1214 1692 1423 1762 εἴχοντο
1445 1692 1544 1764 τῆς
1568 1692 1812 1765 ἐκνομω-

225 1793 418 1860 τάτης,
455 1790 546 1843 καὶ
572 1788 635 1841 τὸ
665 1786 806 1857 μετὰ
843 1784 1100 1855 κρίσεως,
1126 1783 1268 1837 τοῦτ’
1298 1783 1434 1847 ἐστι,
1463 1784 1809 1856 δικαιοσύνης

225 1885 420 1955 ἄρχειν
468 1882 568 1935 οὐκ
606 1881 827 1951 ᾔδεσαν.
874 1877 1302 1943 Βασιλεύσαντος
1346 1879 1403 1932 δὲ
1433 1880 1670 1951 Χριστοῦ
1709 1884 1809 1953 τῆς

225 1978 321 2028 ὑπ’
342 1974 591 2045 οὐρανὸν,
615 1971 814 2025 δίκαιοί
837 1989 901 2024 τε
928 1971 1025 2025 καὶ
1053 1971 1265 2039 ἀγαθοὶ,
1298 1972 1391 2025 καλ⁸
1414 1975 1554 2042 μετὰ
1576 1974 1811 2046 κρίσεως

223 2068 512 2136 ἄρχοντες,
546 2065 596 2115 οἱ
628 2062 902 2115 θεσπέσιοι
930 2060 1184 2129 γεγόνασι
1219 2059 1475 2131 μαθηταί·
1514 2054 1589 2115 ὧν
1618 2062 1807 2117 ἀναδε-

220 2153 557 2224 δειγμὲνων,
598 2149 856 2221 κέκληται
910 2147 1070 2202 πάλιν
1108 2147 1263 2211 πόλις
1297 2147 1664 2220 δικαιοσύνης,
1715 2151 1811 2204 καὶ

221 2241 576 2314 μητρόπολις
620 2238 787 2310 πιστὴ
829 2237 980 2303 Σιὼν,
1025 2237 1173 2317 τοῦτ’
1213 2237 1381 2303 ἔστιν,
1426 2241 1458 2309 ή
1492 2241 1807 2313 Ἐκκλησία.

217 2336 359 2388 Ὅτι
395 2333 459 2387 δὲ
494 2333 595 2386 οὐκ
625 2330 962 2401 ἀδιακρίτως,
994 2331 1069 2395 ὡς
1102 2331 1259 2402 ἔφην,
1304 2331 1417 2385 ἀλλ’
1464 2335 1524 2385 ὲν
1570 2334 1811 2405 φροντίδι

216 2427 323 2480 καὶ
349 2423 500 2494 λόγῳ
530 2422 605 2494 τῷ
635 2423 773 2493 μετά
798 2420 1140 2491 δικαιοσύνης
1188 2423 1221 2492 ἡ
1260 2421 1413 2492 παρὰ
1448 2422 1584 2477 Θεοῦ
1618 2424 1809 2493 γέγονε

221 2514 493 2586 πύρωσις,
524 2513 642 2583 ἦτοι
671 2511 983 2582 δοκιμασία,
1015 2511 1245 2582 φανερὸν
1286 2511 1576 2583 καθίστησι
1612 2513 1674 2567 τὸ
1716 2516 1809 2568 εὐ-

222 2603 526 2674 δοκιμῆσαν
552 2600 710 2669 γένος
732 2600 819 2654 διὰ
845 2601 945 2671 τῆς
971 2598 1227 2663 πίστεως·
1257 2603 1593 2671 προσεπάγει
1614 2602 1807 2672 λέγων,

234 2695 385 2748 «Ὅτι
415 2693 554 2764 μετά
580 2692 849 2763 κρίματος
882 2690 1184 2763 σωθήσεται
1209 2695 1243 2763 ἡ
1273 2693 1615 2764 αίχμαλωσία
1639 2696 1808 2766 αὐτῆς

226 2787 321 2840 καὶ
361 2784 506 2857 μετά
524 2783 909 2855 ἐλεημοσύνης,
937 2784 1033 2836 καὶ
1068 2784 1511 2855 συντριϐήσονται
1536 2787 1585 2839 oi
1618 2787 1808 2857 ἄνομοι

224 2880 326 2934 καὶ
379 2881 431 2932 οἱ
461 2876 768 2948 ἁμαρτωλοὶ
815 2876 952 2946 ἀμα,
1002 2876 1097 2929 καὶ
1126 2877 1177 2929 οἱ
1214 2878 1670 2946 ἐγκαταλιπόντες
1702 2880 1809 2934 κτὸν

225 2969 438 3041 Κύριον
466 2965 1028 3039 συντελεσθῆσονται.»
1064 2966 1507 3038 Διακεκριμένων
1562 2968 1671 3039 γὰρ
1708 2970 1808 3042 ήδη

1913 519 2093 564 autem
2162 510 2362 565 fuerint
2411 519 2594 579 patres
2654 506 2914 570 ﬁdelium,
2963 501 3186 557 Paulqu
3237 498 3361 554 audi
3405 496 3482 552 lo-

1913 612 2165 671 quentem
2185 622 2198 657 :
2222 621 2241 654 ‹
2265 603 2320 657 In
2348 602 2561 657 Christo
2587 599 2727 654 enim
2747 596 2875 652 Jesu
2895 610 2990 665 per
3012 591 3352 661 Evangelium
3376 601 3478 657 ego

1912 710 2008 751 vos
2039 692 2313 764 genui“.i
2339 691 2405 746 Et
2435 692 2664 747 iterum:
2693 706 2711 740 ι
2736 685 2930 750 Filioli,
2955 698 3090 752 quos
3131 683 3323 735 iterum
3359 692 3478 747 par-

1914 784 2054 838 turio
2082 784 2250 839 donec
2271 780 2531 835 formetur
2553 777 2797 833 Christus
2829 775 2880 828 iu
2918 770 3181 827 vobis'°'.
3210 787 3230 820 ι
3267 766 3396 820 Dein
3423 772 3478 819 et

1913 875 2054 930 alius
2084 888 2116 929 e
2137 872 2339 929 sanctis
2362 868 2659 941 prophetis,
2691 867 2757 922 de
2776 865 3065 921 Servatore
3092 859 3331 916 omnium
3381 872 3477 910 no-

1913 975 2084 1021 strum
2131 962 2373 1027 Christo,
2421 969 2475 1016 et
2508 967 2820 1014 sanctorum
2872 954 3041 1023 ipsius
3089 946 3472 1019 discipulorum

1913 1055 2367 1116 manifestatioue,
2401 1050 2554 1106 nobis
2605 1050 2678 1103 ita
2712 1051 3121 1107 commemorat,
3168 1048 3222 1096 et
3253 1038 3429 1107 inquit
3459 1056 3473 1090 :

1919 1166 1938 1199 ι
1971 1147 2110 1203 Ecce
2140 1162 2234 1201 rex
2256 1145 2433 1214 iustus
2463 1139 2727 1211 regnabit,
2759 1148 2811 1191 et
2839 1136 3111 1206 principes
3130 1146 3251 1186 cum
3273 1127 3478 1199 judicio

1912 1247 2182 1312 praeerunt
2219 1237 2288 1292 ⁸³.
2326 1251 2349 1286 ι
2402 1232 2537 1288 Nam
2622 1230 2858 1285 Judaica:
2931 1227 3233 1298 Syuagogae
3289 1233 3477 1291 proce-

1912 1346 2020 1395 res,
2050 1340 2102 1386 et
2128 1331 2291 1383 vitam
2316 1327 2601 1382 coluerunt
2632 1338 2661 1376 a
2694 1322 2809 1390 lege
2848 1320 2950 1389 31
2984 1316 3390 1375 alienissimam,
3423 1319 3479 1365 et

1911 1438 2033 1479 cum
2076 1421 2298 1492 judicio,
2345 1419 2398 1474 id
2427 1426 2508 1472 est
2547 1413 2777 1484 justitia,
2803 1422 2986 1480 regere
3021 1405 3161 1461 haud
3191 1409 3474 1458 noverunt.

1912 1516 2175 1571 Caeterum
2213 1518 2473 1580 regnante
2524 1506 2578 1560 in
2640 1503 2800 1558 terris
2841 1499 3079 1563 Christo,
3137 1504 3193 1551 et
3240 1492 3371 1563 justi
3424 1501 3479 1546 et

1911 1606 2038 1661 boni
2066 1604 2283 1658 fuerunt
2314 1600 2479 1654 divini
2523 1594 2790 1666 discipuli,
2844 1606 3075 1661 cumque
3113 1588 3317 1660 judicio
3342 1597 3479 1654 pra:-

1913 1700 2200 1754 sederunt:
2234 1692 2425 1763 quibus
2483 1687 2837 1759 inauguratis,
2871 1698 3055 1739 rursus
3097 1681 3287 1735 civitas
3317 1679 3480 1749 justi-

1911 1790 2018 1855 tiic,
2043 1794 2099 1841 et
2126 1783 2438 1854 metrOpolis
2474 1781 2664 1846 fidelis,
2695 1778 2849 1841 Sion,
2880 1777 2931 1830 id
2990 1782 3073 1830 est
3104 1770 3366 1835 Ecclesia,
3396 1777 3479 1823 est

1912 1878 2198 1950 appellata.
2237 1874 2501 1942 Quoniam
2557 1881 2735 1925 autem
2772 1884 2879 1923 non
2923 1868 3057 1922 citra
3094 1864 3381 1927 delectum,
3422 1869 3480 1914 ut

1912 1972 2046 2039 dixi,
2082 1970 2176 2026 sed
2235 1982 2356 2023 cum
2391 1962 2777 2024 sollicitudine,
2816 1968 2869 2015 et
2905 1958 3135 2020 ratione,
3177 1952 3475 2023 etjustitia,

1911 2063 2005 2119 Dei
2050 2061 2296 2117 excoctio
2345 2059 2459 2113 sive
2507 2052 2804 2124 exploratio
2861 2050 3112 2110 habetur,
3158 2060 3278 2115 quae
3311 2056 3478 2112 genus

1910 2168 2008 2222 per
2040 2152 2197 2206 fidem
2233 2147 2587 2219 approbatum
2639 2139 2898 2198 discernit
2948 2137 3209 2207 planeque
3248 2130 3473 2200 detegit,

1911 2220 2074 2313 porro
2117 2240 2284 2304 addit,
2320 2247 2374 2292 et
2413 2236 2544 2291 dicit
2576 2252 2590 2289 ε
2638 2252 2656 2285 ι
2682 2231 2819 2297 Quia
2855 2244 2975 2285 cum
3002 2225 3205 2296 judicio
3244 2220 3480 2278 servahi-

1913 2342 1999 2389 tur
2024 2330 2309 2401 captivitas
2332 2327 2469 2395 ejus,
2504 2337 2557 2379 et
2587 2338 2709 2377 cum
2738 2317 3130 2380 misericordia,
3161 2325 3216 2369 et
3244 2321 3478 2367 atteren-

1910 2435 1998 2480 tur
2025 2422 2192 2492 iniqui
2238 2430 2293 2474 et
2350 2424 2661 2489 peccatores
2711 2413 2891 2478 simul,
2941 2425 3004 2464 ac
3043 2406 3478 2473 derelinquentes

1909 2515 2192 2571 Dominum
2221 2510 2587 2566 delebuutur.»
2629 2502 2882 2558 Discretis
2911 2501 3052 2556 enim
3082 2496 3391 2569 generibus,
3422 2505 3476 2548 ut

1910 2606 2181 2668 dicebam,
2233 2611 2289 2656 et
2336 2615 2400 2656 eo
2433 2598 2522 2669 qui
2575 2594 2804 2651 credidit
2845 2591 3160 2662 approbato,
3187 2588 3357 2643 altero
3380 2602 3480 2639 au-

1910 2705 2016 2753 tem
2043 2695 2280 2766 graviter
2300 2692 2631 2763 impingente
2658 2704 2673 2742 :
2699 2686 2928 2742 electum
2962 2683 3179 2752 quidem
3207 2687 3478 2735 servatum

1908 2798 2021 2856 est;
2081 2787 2175 2843 sed
2223 2785 2381 2856 periit
2440 2780 2698 2853 quidquid
2758 2776 3048 2833 nefandum
3122 2787 3186 2827 ac
3232 2771 3477 2827 odiosum

1911 2880 2036 2944 fuit,
2088 2888 2143 2934 et
2201 2878 2323 2931 vita:
2391 2869 2721 2929 dissolutiori
2806 2867 3163 2928 innutritum,
3218 2859 3478 2932 quidquid

1910 2972 2073 3041 impie
2105 2969 2263 3031 vixit,
2299 2975 2354 3021 et
2383 2964 2655 3020 Christum
2704 2959 2857 3013 nihili
2915 2958 3061 3021 fecit,
3119 2954 3213 3023 qui
3271 2952 3478 3007 salvum

224 3066 337 3118 τῶν
374 3064 578 3134 γενῶν,
621 3061 835 3117 καὶτοῦ
867 3063 968 3133 μὲν
1010 3061 1437 3125 πεπιστευκότος
1469 3038 1811 3133 εὐδοκιμοῦνλ

1919 3038 2097 3117 facere
2134 3058 2315 3122 novit,
2364 3062 2418 3111 et
2456 3060 2675 3124 peccata
2707 3047 2953 3110 remittit,
2985 3059 3047 3099 ac
3071 3043 3241 3113 gratia
3276 3038 3480 3107 justum

221 3174 336 3223 τος,
370 3156 448 3220 ὡς
487 3157 645 3227 ἔφην,
707 3155 936 3225 θατέρου
969 3171 1033 3223 γε
1083 3153 1190 3225 μὴν
1240 3155 1300 3207 οὐ
1350 3155 1589 3225 μετρίως
1646 3173 1815 3227 προσ·
1919 3154 2101 3208 eflicit.

227 3246 611 3317 κεκρουκότος,
645 3216 914 3298 σέσωσται
961 3216 1061 3314 ιιὲν
1084 3216 1160 3296 ’τό
1193 3216 1514 3309 ἀπόλεκτον,
1546 3216 1848 3318 ῶλόθρευτο
1900 3246 1957 3299 δὲ
2016 3245 2125 3296 πᾶν
2179 3241 2299 3293 ὅσον
2357 3228 2426 3307 ἦν
2478 3236 2536 3288 ὲν
2579 3234 2761 3295 αὐτοῖς
2807 3226 3056 3301 βδελυρδν
3105 3224 3199 3277 καὶ
3239 3216 3485 3288 ἀπηχθη-

232 3336 407 3407 Mm,
460 3338 556 3391 καὶ
595 3336 855 3399 ἀπονοίας
906 3306 1225 3406 σύντροφον,
1269 3336 1364 3389 καὶ
1440 3306 1702 3405 βεδιωκδς
1743 3338 1995 3400 ἀνοσίως,
2060 3332 2154 3388 καὶ
2183 3326 2419 3402 Χριστοῦ
2460 3325 2535 3397 μὴ
2593 3320 2951 3395 πεφροντικὸς
2999 3314 3095 3371 τοῦ
3128 3312 3318 3376 σώζειν
3347 3306 3485 3362 εἰδό-

228 3447 337 3492 τος,
386 3430 485 3483 καὶ
544 3427 787 3487 ἀνιέντος
836 3426 1160 3498 ἐγκλήματα
1204 3428 1299 3481 καὶ¹
1346 3426 1680 3491 δικαιοῦντος
1741 3431 1807 3500 τῇ
1842 3430 2047 3501 χάριτι.

297 3523 457 3575 Aufr:
526 3490 1163 3589 καταισχυνθήσονται
1213 3519 1314 3573 ἐπὶ
1370 3520 1498 3585 τοῖς
1542 3490 1808 3584 ειδώλοις

1918 3490 1929 3501 ⁸
1990 3523 2151 3575 Vens.
2180 3518 2273 3581 29,
2306 3516 2394 3571 50.
2431 3513 2764 3582 Quapropter
2794 3500 3181 3571 confundantur
3223 3497 3274 3549 in
3328 3490 3486 3546 idolis

229 3613 458 3676 αὐτῶν,
485 3611 525 3668 ἆ
555 3612 723 3667 αὐτοὶ
747 3582 1129 3679 ὀἶϐούξὶοντᾳ
1176 3612 1275 3665 καὶ
1325 3582 1810 3680 ἐπῃσχύνθησαῆ

1915 3614 2046 3678 suis,
2076 3628 2191 3681 quae
2224 3609 2323 3677 ipsi
2363 3604 2640 3660 nolebant:
2676 3609 2724 3653 et
2761 3594 2969 3663 confusi
2989 3599 3104 3645 sunt
3128 3601 3281 3654 super
3316 3582 3485 3636 hortis

230 3706 333 3759 ἐπὶ
364 3704 492 3769 τοῖς
518 3704 733 3771 κήποις
752 3676 966 3769 οὔτῶν,
991 3702 1032 3757 d
1074 3676 1810 3773 ἐπεθύμησάιθ.ΠἜσοα-ται

1916 3708 2047 3771 suis,
2083 3721 2210 3776 quos
2249 3699 2671 3769 concupiverunt.
2720 3691 2888 3744 Erunt
2928 3684 3114 3738 etenim
3148 3676 3301 3732 veluti
3353 3685 3488 3727 tere-

231 3798 351 3866 γὰρ
380 3798 468 3863 ὡς
489 3795 828 3863 τερέϐινθος,
854 3793 1299 3862 ἀποϐεϐληκυῖα
1336 3793 1409 3848 τὰ
1454 3795 1680 3863 φύλλα,
1712 3795 1811 3849 καὶ

1920 3798 2126 3852 bim/ms
2169 3809 2283 3865 quai
2343 3790 2530 3858 abjecit
2556 3785 2707 3854 folia,
2745 3789 2794 3834 et
2834 3788 2887 3830 ut
2930 3776 3111 3827 hortus
3147 3781 3338 3837 aquam
3384 3778 3487 3817 non

230 3889 315 3953 ὡς
334 3886 705 3954 παράδεισος
730 3886 874 3956 ὕδωρ
897 3886 983 3955 μὴ
1009 3885 1188 3954 ἔχων.

1921 3889 2136 3942 habens.

304 3980 492 4049 Ἐφην
523 3978 603 4032 ὅτι
631 3942 809 4050 διττὴν
832 3942 1121 4041 Eunomo-ec
1146 3979 1176 4031 ὁ
1202 3975 1296 4030 τοῦ
1340 3979 1617 4049 προφήτου
1655 3977 1811 4047 λόγος

1993 3977 2112 4032 Dixi
2168 3970 2542 4044 propheticum
2593 3972 2897 4018 sermonem
2959 3951 3245 4026 genuinam
3292 3946 3345 4001 iu
3401 3942 3486 3998 his

232 4073 470 4123 ποιεῖται
520 4070 630 4155 τὴν
674 4070 946 4141 πρόφασιν
1006 4069 1106 4140 τῆς
1179 4036 1473 4122 Ἰουδαίων·
1509 4036 1807 4139 ἀποϐολῖηςῐ

1917 4069 2102 4125 verbis
2127 4078 2346 4120 causam
2404 4057 2599 4113 afferre
2630 4053 2936 4108 Judazorum
2978 4042 3347 4100 iucusatiouis.
3387 4036 3489 4092 Ce-

2435 4150 2452 4155 “
2490 4151 2500 4155 ⁴
2702 4152 2705 4155 ·
2915 4141 2925 4153 ⁸
3046 4149 3050 4152 -
3151 4134 3279 4155 λῖ-Αω
3364 4131 3486 4155 ηιξ...

231 4161 392 4214 Διττά
410 4131 731 4231 γάᾇαύτῶν
753 4131 823 4213 τά
843 4131 1187 4231 ἐγκλήματα.
1206 4159 1380 4213 Πάλαι
1414 4160 1511 4230 μὲν
1541 4160 1649 4233 γὰρ
1674 4131 1809 4214 Θεδν

1921 4163 2147 4217 nuinum
2217 4156 2360 4212 enim
2428 4150 2530 4205 fuit
2590 4152 2775 4201 eorum
2849 4141 3077 4197 crimen.
3151 4134 3283 4188 Nam
3360 4131 3488 4184 olim

232 4221 606 4320 dpé‘n£-;,-rbv
658 4252 756 4304 ἕνα
809 4221 907 4304 καλ
946 4221 1129 4320 φύσει,
1183 4252 1274 4304 καὶ
1301 4221 1600 4323 λυτρωτὴν,
1619 4221 1631 4233 1
1655 4251 1811 4305 λελα-

1916 4255 2109 4310 relicto
2162 4263 2270 4304 uno
2324 4255 2376 4299 et
2412 4239 2646 4297 naturali
2687 4237 2795 4290 Deo
2844 4248 2907 4286 ac
2943 4228 3327 4295 Redemptore,
3348 4221 3487 4274 idola

234 4342 523 4413 τρεύκασιν
552 4339 814 4406 εἰδώλοις,
845 4343 941 4398 καὶ
966 4340 1228 4397 τεθύκασι
1255 4317 1445 4405 θυσίας
1471 4317 1546 4412 τῇ,
1584 4344 1811 4414 στρατιᾷ

1916 4348 2218 4406 coluerunt,
2274 4335 2542 4394 sacriﬁcia
2597 4328 2803 4385 militia:
2861 4322 2981 4379 cwli
3018 4317 3486 4375 sacrificaverunt,

230 4433 319 4487 τοῦ
348 4434 605 4505 ούρανοῦ,
636 4434 735 4487 καλ⁵
776 4436 893 4497 τοῖς
934 4432 1117 4502 ἔργοις
1168 4433 1277 4487 τῶν
1318 4434 1464 4487 ἰδίων
1513 4408 1717 4506 ήγειρῶν
1758 4408 1811 4487 ob

1913 4451 1966 4493 et
1990 4436 2245 4507 operibus
2271 4444 2525 4487 manuum
2554 4435 2773 4479 suarum
2795 4416 2997 4472 cultum
3033 4408 3358 4469 defcreutes,
3384 4418 3486 4456 non

232 4526 396 4588 σέϐας
415 4498 429 4505 ’
460 4498 795 4588 ἀνάπτοντες
819 4566 834 4589 ,
907 4498 1366 4595 δεδύσσεϐήκασιν
1436 4524 1497 4577 οὑ
1521 4498 1811 4595 Πμέτρίως.

1915 4527 2175 4587 mediocri
2220 4523 2497 4592 impietate
2541 4530 2599 4570 se
2620 4510 3053 4568 obstrinxerunt.
3100 4501 3271 4555 Porro
3301 4498 3487 4560 etiam,

240 4614 462 4685 Ἐπειδὴ
497 4615 553 4667 δὲ
582 4614 717 4677 Θεὸς
762 4613 968 4685 Κύριος
1008 4589 1279 4682 ἐπέφανεν
1339 4614 1491 4684 ἡμῖν,
1547 4589 1691 4666 κατά
1717 4613 1811 4676 τὰς

1915 4634 2034 4674 cum
2112 4617 2255 4670 Deus
2299 4589 2592 4665 —Domiuus
2659 4599 3001 4668 apparuisset
3064 4589 3242 4661 nobis,
3302 4596 3360 4640 ut
3409 4592 3494 4639 est

226 4705 474 4776 l‘paqig,
504 4708 815 4777 ἠρνήσαντο
851 4707 948 4759 καὶ
1000 4706 1184 4771 αὐτὸν,
1213 4707 1309 4758 καὶ
1347 4707 1817 4777 πεπαρῳνήκασιν

224 4796 283 4848 οὐ
305 4797 548 4866 μετρίως
574 4796 656 4859 εἰς
675 4796 767 4849 τὸν
792 4796 893 4866 τῆς
915 4797 1061 4867 ζωῆς
1085 4797 1350 4867 ἀρχηγόν.
1374 4796 1584 4851 Οὐκοῦν
1608 4797 1812 4865 ἀδελφά

220 4888 289 4941 τά
349 4888 709 4956 ἐγκλήματα,
759 4888 855 4940 καὶ
911 4888 1009 4958 τῆς
1061 4889 1324 4951 ἀπονοίας
1385 4890 1414 4941 ό
1462 4888 1664 4959 τρόπος
1714 4888 1814 4941 οὐκ

219 4978 504 5040 ἀπεοικὼς
530 4979 604 5048 τῷ
632 4980 850 5049 πρώτῳ,
872 4979 1071 5049 μᾶλλον
1088 4980 1145 5033 δὲ
1166 4981 1264 5033 καὶ
1286 4982 1344 5033 ὲν
1376 4979 1526 5051 αἰτία
1557 4980 1814 5042 ἀπονοίας

220 5071 461 5138 μείζονι.
499 5069 609 5122 Καὶ
652 5068 976 5133 ἐκολάζοντο
1009 5069 1110 5140 μὲν
1140 5071 1283 5124 κατά
1319 5086 1383 5137 γε
1430 5071 1556 5134 τοὺς
1583 5070 1689 5142 πρὸ
1710 5071 1813 5140 τῆς

216 5162 525 5232 ἐπιδημίας
545 5164 771 5234 καιροὺς
790 5164 912 5225 ταῖς
935 5163 1044 5215 τῶν
1063 5162 1337 5234 πολεμίων
1353 5162 1587 5232 ἐφόδοις,
1605 5161 1812 5216 πόλεων

215 5253 604 5321 έιιπρησμοίς,
631 5255 798 5307 οἴκων
822 5255 1157 5325 ἀνατροπαίς
1232 5290 1242 5297 —
1328 5297 1343 5311 .
1423 5294 1437 5309 .
1516 5293 1532 5308 .
1609 5293 1622 5307 .
1700 5292 1714 5308 .
1795 5291 1808 5305 .

212 5341 422 5396 Ταῦτα
458 5344 563 5413 γὰρ
617 5345 789 5416 ἔδρων
843 5345 1089 5414 ἐφιέντος
1131 5345 1299 5411 Θεοῦ,
1352 5348 1558 5421 Πέρσαι
1614 5362 1673 5398 τε
1719 5345 1812 5397 καὶ

216 5433 428 5504 Μῆδοι,
457 5433 760 5501 Μωαϐῖται,
786 5438 880 5490 καὶ
898 5438 1204 5508 Ἰδουμαῖοι,
1229 5437 1321 5491 καὶ
1341 5436 1410 5491 τὰ
1430 5454 1495 5489 πε
1508 5436 1685 5509 ρίοικα
1703 5434 1810 5488 τῶν

218 5524 422 5580 ﬂii/(Tw.
464 5526 680 5601 Ἐπειδὴ
697 5529 775 5593 δὲ,
795 5529 871 5594 ὠς
902 5530 1068 5601 ἔφην,
1102 5531 1198 5583 καὶ
1225 5530 1306 5592 είς
1343 5526 1502 5582 αὐτὸν
1536 5527 1812 5597 ἠσέϐησαν

218 5621 314 5676 τὸν
335 5622 588 5692 Χριστὸν
613 5664 628 5688 ,
647 5622 749 5675 οὐκ
781 5624 841 5676 ὲν
888 5623 1067 5692 μείοσι
1091 5621 1200 5675 τῶν
1242 5619 1612 5691 ἀρχαιοτέρων
1639 5619 1800 5688 γεγό-

292 5735 344 5766 ⁶⁹
382 5732 566 5789 lCor.
603 5750 672 5797 ιν,
708 5734 794 5789 15.
869 5734 935 5766 ⁸⁰⁶
969 5733 1145 5789 Calat.
1183 5749 1259 5800 iv,
1304 5732 1386 5787 19.
1462 5732 1501 5763 ⁸³
1540 5729 1640 5786 Isa.
1674 5730 1763 5798 32,
1810 5731 1853 5784 i.

1918 4709 1971 4761 in
2050 4702 2371 4773 Scripturis,
2433 4699 2698 4764 negarunt
2749 4696 2801 4742 et
2830 4686 3113 4755 ipsum,ac
3158 4678 3361 4733 nefarie
3436 4675 3489 4728 in

1919 4771 2217 4866 principem
2273 4791 2397 4843 vitre
2449 4778 2770 4841 debacchati
2818 4782 2963 4831 sunt.
3022 4771 3210 4838 Itaque
3263 4773 3495 4835 cognata

1918 4861 2150 4957 ct'quasi
2191 4894 2446 4953 germana
2496 4874 2715 4929 fuerunt
2739 4866 3078 4930 crimina;et
3110 4861 3269 4930 hujus
3305 4870 3493 4912 amen-

1920 4949 2244 5036 tiie'modu's
2299 4970 2465 5043 priori
2512 4968 2614 5023 fuit
2654 4981 2758 5020 non
2799 4958 3063 5018 absimilis
3097 4975 3112 5013 :
3152 4955 3262 5009 imo
3315 4949 3494 5019 potius

1921 5071 2091 5141 major
2116 5083 2180 5123 ac
2214 5038 2432 5137 gravior
2458 5069 2542 5117 est
2576 5055 2867 5114 dementia.
2913 5052 2976 5107 Et
2999 5049 3211 5120 quidem
3239 5038 3494 5110 tempori-

1919 5166 2019 5219 bus
2060 5175 2181 5231 quae
2246 5159 2535 5213 adventum
2606 5150 3031 5221 praecesserunt,
3077 5137 3312 5193 hostium
3352 5132 3494 5185 irru-

1919 5225 2215 5322 ptiouihus,
2278 5245 2558 5300 civitatum
2615 5230 3150 5304 conflagrationibus,
3208 5225 3492 5276 domorum

1917 5339 2311 5402 eversionibus,
2338 5333 2656 5390 crudelitate
2684 5326 2867 5398 gladii,
2897 5330 3183 5392 puerorum
3204 5307 3495 5367 occisioni-

1919 5435 2041 5499 bus,
2087 5440 2141 5486 et
2194 5430 2515 5483 feminarum
2555 5417 2959 5491 captivitatibus
3001 5405 3209 5464 multati
3258 5410 3385 5459 sunt
3438 5410 3496 5456 et

1919 5525 2111 5596 puniti.
2172 5523 2282 5576 Deo
2343 5530 2574 5587 namque
2643 5509 2983 5569 immittente,
3046 5499 3249 5560 Persae,
3331 5494 3492 5559 Medi,

1916 5589 2180 5682 hioabitw,
2205 5610 2420 5669 Idumaei
2453 5618 2507 5663 et
2534 5604 2733 5662 accola:
2781 5609 2969 5671 gentes
3007 5596 3106 5651 ista
3153 5589 3491 5646 factitarunt.

3547 5775 3561 5804 ἃ
