4012 6216
555 277 627 333 65
1581 289 1638 345 S.
1680 290 1954 347 CYRILLI
1996 293 2462 352 ALEXANDRINI
2500 298 2821 356 ARCHIEP.
3732 312 3800 369 θι

562 397 825 452 Cmterum
873 400 984 466 ubi,
1045 403 1491 470 quemadmodum
1532 406 1666 475 dixi,
1713 409 1877 465 etiam
1902 410 2010 481 32
2075 412 2105 467 il

2232 429 2354 467 νασι
2412 415 2618 471 κακῶν.
2675 415 3138 491 Περιπεπτώκασι
3183 417 3292 490 γὰρ
3338 421 3459 484 ταῖς
3519 422 3799 495 Ῥωμαίων

563 491 736 557 ipsum
763 487 1033 545 Christum
1059 491 1205 561 impii
1231 490 1473 559 fuerunt,
1528 497 1583 550 in
1637 498 1794 555 malis
1829 502 2124 557 versaban-

563 587 668 643 tur,
720 594 826 634 non
868 581 1165 637 minoribus
1189 593 1282 638 aut
1334 584 1622 643 levioribus
1663 588 1788 654 illis.
1828 606 1947 661 qua:
1990 608 2127 662 pra:-

561 677 868 724 cesserunt.
918 669 1226 726 inciderunt
1261 675 1404 730 enim
1436 676 1489 730 in
1529 676 1802 736 Romanos
1832 683 2122 750 exercitus,

560 758 650 826 qui
702 761 1007 816 universam
1051 760 1288 818 Judzeam
1342 764 1584 823 funditus
1614 768 1950 839 deleverunt,
2000 788 2123 829 cum

562 865 742 917 nemo,
778 852 870 923 qui
920 852 1133 921 quidem
1181 865 1364 924 posset
1409 856 1638 924 eripere,
1673 870 1727 916 et
1758 861 1825 916 ab
1874 862 1963 918 illa
2015 873 2124 919 tam

557 940 752 996 acerba
810 941 1117 999 calamitate
1198 944 1463 1015 liberare,
1535 949 1864 1008 subveniret.
1918 950 2123 1008 Idcirco

558 1031 727 1084 dicit:
781 1050 801 1083 ι
842 1030 1062 1090 Robore
1110 1033 1483 1092 suﬂ’undentur
1537 1039 1590 1093 in
1634 1041 1787 1097 idolis
1829 1042 1961 1109 suis,
2005 1059 2123 1114 qua:

557 1118 658 1186 ipsi
685 1122 1005 1180 noluerunt:
1033 1134 1089 1180 et
1113 1127 1445 1182 erubuerunt
1486 1128 1538 1182 in
1571 1130 1744 1187 hortis
1790 1134 1923 1200 suis,
1986 1148 2122 1203 quos

558 1212 965 1280 concupierunt.
1004 1232 1025 1267 ι
1088 1214 1317 1271 Nemora
1372 1219 1634 1288 siquidem
1695 1233 2021 1293 occupantes
2067 1236 2122 1283 et

556 1299 762 1366 colles,
815 1303 1008 1357 deinde
1070 1304 1208 1360 idola
1259 1306 1412 1376 juxta
1476 1312 1817 1379 proceriores
1885 1316 2117 1374 arbores

554 1399 877 1458 statuentes,
898 1403 1061 1464 atque
1089 1409 1213 1451 aras
1241 1398 1531 1468 erigentes,
1565 1402 1699 1457 l'also
1715 1407 2119 1474 cognominatos

555 1482 714 1548 deos,
764 1493 1069 1539 servatores
1097 1485 1457 1554 appellabant,
1489 1498 1544 1544 et
1602 1491 1656 1545 in
1701 1493 1834 1563 ipsis
1861 1511 2117 1553 manuum

553 1586 783 1626 suarum.
821 1575 1074 1643 operibus
1122 1590 1270 1645 spem
1316 1594 1529 1634 omnem
1585 1580 1882 1651 locabant;
1933 1600 2114 1654 posse,

554 1664 748 1732 inquit,
782 1681 842 1721 se
875 1667 1106 1723 inimicis
1148 1669 1457 1739 superiores
1485 1686 1605 1728 esse
1637 1684 1691 1728 et
1749 1676 2106 1734 adversantes

552 1754 709 1811 facile
749 1773 1079 1827 expugnare.
1119 1758 1250 1814 Cum
1295 1771 1472 1815 autem
1512 1764 1859 1823 advenissent
1905 1770 2113 1839 hostes,

549 1859 603 1901 et
634 1849 842 1904 hostilia
873 1849 1148 1916 fecissent,
1176 1859 1229 1906 et
1254 1852 1540 1912 destitutus
1560 1871 1589 1911 a
1611 1858 1716 1913 diis
1746 1861 1861 1915 suis
1878 1861 2116 1918 exstitis-

548 1948 631 1994 set
658 1940 842 2005 Israel,
873 1941 926 1995 in
966 1942 1124 1998 idolis
1161 1945 1273 1999 suis
1305 1947 1573 2016 pudefacti
1626 1959 1777 2006 sunt.
1808 1951 1931 2008 Illos
1967 1968 2115 2009 nam-

545 2047 653 2102 que
700 2040 826 2087 ante
872 2032 1009 2088 alios
1056 2050 1159 2089 una
1222 2050 1347 2091 cum
1421 2038 1592 2096 hortis
1642 2043 1882 2113 lucisque
1921 2058 2114 2105 exutos

545 2132 964 2194 conspexerunt,
998 2133 1050 2179 el
1081 2141 1200 2180 cum
1259 2127 1499 2187 delubris
1557 2133 1689 2202 ipsis
1720 2142 1776 2189 et
1830 2137 2109 2197 altaribus.

547 2214 873 2271 Exciderunt
912 2216 1075 2288 igitur
1112 2234 1227 2287 spe,
1271 2223 1483 2289 «ιιιςιιιιίο
1511 2224 1638 2280 deos
1674 2240 1801 2282 suos
1847 2231 1956 2298 pati
1983 2247 2112 2288 con-

542 2309 902 2375 spicarentnr,
963 2318 1073 2362 tum
1130 2311 1363 2380 denique
1417 2312 1505 2368 vix
1564 2315 1924 2388 intelligentes
1982 2322 2112 2380 illud

543 2412 675 2452 voce
703 2399 971 2467 pr0pheta:
993 2399 1193 2453 dictum
1219 2416 1247 2455 a
1289 2401 1397 2457 Deo
1427 2420 1441 2458 :
1479 2423 1498 2456 ι
1529 2405 1592 2460 Εί
1626 2408 1714 2461 ubi
1744 2420 1871 2465 sunt
1902 2413 1972 2468 dii
2010 2418 2107 2485 tui,

541 2505 680 2560 quos
705 2493 817 2559 ipse
848 2492 938 2546 tibi
958 2491 1162 2547 fecisti?
1190 2509 1316 2548 num
1339 2508 1559 2567 surgent
1582 2510 1635 2554 et
1665 2505 1955 2561 servabunt
1978 2516 2029 2564 te
2056 2509 2107 2565 in

543 2593 783 2650 tempore
811 2580 1111 2638 amictienis
1143 2594 1246 2639 tua:
1261 2584 1365 2640 “‘1’
1392 2606 1412 2639 ι
1432 2586 1619 2645 Affecti
1644 2608 1770 2662 ergo
1794 2593 2107 2668 ignominia,

544 2675 597 2726 in
622 2672 729 2728 diis
762 2673 878 2739 suis
913 2688 1050 2743 quos
1077 2676 1472 2747 expetiverunt,
1505 2689 1560 2754 et
1615 2682 1668 2737 in
1701 2685 1896 2754 hortis,
1947 2701 2109 2748 erunt

539 2771 797 2833 tanquam
837 2764 1171 2822 terebinthus
1227 2767 1453 2836 abjectis
1509 2751 1674 2839 foliis,
1712 2784 1765 2830 et
1804 2751 1889 2833 uti
1922 2781 2109 2840 hortus

539 2868 736 2924 aquam
790 2869 895 2909 non
926 2854 1134 2912 habens
1169 2873 1186 2912 :
1224 2857 1276 2912 id
1311 2868 1393 2913 est
1426 2862 1552 2917 nudi
1595 2873 1649 2919 et
1692 2866 2104 2940 despectissimi,

536 2953 594 2999 et
619 2945 845 3001 multum
876 2945 1185 3002 laborantes
1229 2948 1536 3018 sterilitate,
1578 2954 1808 3022 spiritali
1856 2959 2107 3018 videlicet

2229 510 2529 578 στρατιαῖς,
2553 509 2603 562 οἳ
2625 509 2718 564 καὶ
2738 511 2918 563 πᾶσαν
2945 509 3114 581 ἄρδην
3139 510 3484 584 ὠλόθρευσαν
3516 516 3795 588 Ἰουδαίαν,

2226 596 2597 668 ἐπαμύνοντος
2629 600 2876 667 οὐδενὸς,
2917 602 3087 671 ῆγουν
3141 602 3419 668 ἐξελέσθαι
3474 605 3795 679 δυναμένου,

2225 688 2321 742 καὶ
2343 690 2443 760 τῆς
2470 690 2610 745 οὕτω
2642 693 2842 764 πικρᾶς
2862 692 3137 756 ἐξελέσθαι
3166 698 3469 765 συμφορᾶς.
3496 699 3678 773 Ταύτῃ
3716 703 3799 764 τοί

2224 795 2413 851 φησιν,
2446 781 2529 835 ὃτι
2553 800 2571 833 ι
2599 780 3171 856 Καταισχυνθήσονται
3208 788 3268 840 ἐν
3294 790 3406 850 τοῖς
3430 789 3667 857 εἰδώλοις
3703 796 3802 848 αὑ-

2223 870 2353 937 τῶν,
2387 872 2423 925 ἃ.
2449 873 2604 929 αὐτοὶ
2649 873 2958 943 ἠϐούλοντο,
3007 876 3103 929 καί
3132 876 3554 951 ἐπῃσχύνθησαν
3597 884 3655 937 ἐν
3686 890 3801 949 τοῖς

2223 962 2420 1034 κήποις
2445 964 2645 1028 αὐτῶν,
2677 964 2713 1019 ἃ
2750 965 3117 1039 ἐπεθύμησαν.
3150 986 3170 1021 ι
3212 970 3384 1041 Ἀλση
3424 971 3522 1042 μὲν
3567 973 3676 1044 γὰρ
3702 976 3800 1029 καὶ

2224 1053 2463 1125 δρυμοὺς
2504 1056 3033 1127 καταλαμϐάνοντες,
3076 1054 3194 1114 εἶτα
3234 1062 3347 1124 τοῖς
3375 1062 3803 1136 εὐμηκεστέροις

2220 1145 2328 1199 τῶν
2380 1146 2561 1214 φυτῶν
2611 1148 2804 1202 εἴδωλα
2861 1149 3338 1220 περιιδρύσαντες,
3394 1153 3698 1225 ἐγείροντες
3735 1175 3800 1210 τε

2223 1236 2469 1308 βωμοὺς,
2527 1239 2778 1311 σωτῆρας
2854 1241 3187 1308 ἐπεκάλουν,
3238 1244 3365 1306 τοὺς
3414 1244 3802 1315 ψευδωνύμους

2224 1326 2402 1391 θεοὺς,
2442 1328 2537 1382 καί¹
2564 1330 2651 1381 ἐπ’
2688 1330 2872 1394 αὐτοῖς
2922 1332 3033 1394 τοῖς
3072 1330 3252 1404 ἔργοις
3282 1333 3391 1387 τῶν
3424 1334 3569 1389 ἰδίων
3600 1338 3800 1410 χειρῶν

2220 1419 2401 1472 πᾶσαν
2434 1418 2617 1473 ἔθεντο
2638 1420 2737 1490 τὴν
2766 1420 2976 1489 ἐλπίδα,
3000 1422 3096 1493 τὴν
3115 1422 3211 1476 τοῦ
3231 1421 3490 1478 δύνασθαι
3524 1444 3801 1499 κατευμε-

2219 1508 2400 1579 γεθεῖν
2447 1510 2695 1583 ἐχθρῶν,
2743 1512 2838 1566 καὶ
2899 1512 3367 1583 καταγωνίζεσθαι
3418 1518 3615 1589 ῥᾳδίως
3668 1521 3799 1582 τοὺς

2220 1602 2644 1673 ἀνθεστηκότας.
2682 1603 2896 1675 Ἐπειδὴ
2932 1604 2990 1658 δὲ
3021 1606 3069 1658 οἰ
3106 1604 3205 1675 μὲν
3243 1606 3491 1677 πολέμιοι
3520 1608 3796 1679 παρῆσαν,

2217 1692 2312 1745 καὶ¹
2339 1691 2628 1763 δεδράκασι
2652 1692 2723 1747 τὰ
2751 1692 2982 1764 ἐχθρῶν,
3020 1695 3407 1766 ἀπμεμὲνηκε
3428 1695 3484 1749 δὲ
3507 1698 3655 1767 παρά
3683 1699 3798 1753 τῶν

2223 1781 2368 1836 ἰδίων
2405 1779 2542 1835 θεῶν
2579 1783 3004 1855 ἀνεπικούρητος
3052 1784 3285 1856 Ἰσραὴλ,
3346 1787 3799 1860 κατῃσχύνθησαν

2218 1873 2311 1928 ἐπὶ
2343 1875 2458 1938 τοῖς
2481 1872 2723 1938 εἰδώλοις
2752 1874 2951 1929 αὐτῶν.
3003 1875 3297 1931 Τεθέανται
3345 1877 3454 1949 γὰρ
3475 1880 3669 1944 αὐτοὺς
3697 1882 3800 1938 καὶ

2216 1967 2325 2039 πρό
2351 1982 2415 2035 γε
2445 1966 2555 2045 τῶν
2583 1966 2759 2022 ἄλλων
2783 1968 3231 2039 ἐμπιπραμένους
3254 1970 3387 2040 ὁμοῦ
3418 1974 3527 2034 τοῖς
3558 1972 3756 2042 κήποις
3778 2011 3796 2037 ,

2215 2058 2384 2130 ἦγουν
2414 2060 2527 2122 τοῖς
2562 2058 2768 2126 ἄλσεσι,
2827 2060 2920 2113 καὶ
2948 2061 3128 2123 αὐτοῖς
3155 2060 3406 2131 τεμένεσι
3438 2064 3532 2115 καί
3564 2061 3794 2133 βωμοῖς.

2216 2149 2426 2204 Οὐκοῦν
2474 2149 2884 2223 διημαρτήκασι
2954 2154 3052 2219 τῆς
3098 2150 3344 2218 ἐλπίδος,
3386 2153 3475 2206 ὅτε
3519 2152 3799 2218 παθόντας

2213 2238 2497 2293 τεθέανται
2536 2240 2662 2303 τοὺς
2698 2240 2906 2294 ἐαυτῶν
2959 2240 3137 2307 θεοὺς,
3167 2241 3291 2295 τότε
3347 2241 3591 2305 συνέντες
3636 2243 3798 2312 μόλις

2212 2328 2275 2383 τὸ
2292 2329 2382 2383 διὰ
2408 2331 2507 2400 τῆς
2526 2330 2620 2384 τοῦ
2652 2331 2930 2402 προφήτου
2952 2333 3134 2402 φωνῆς
3162 2332 3447 2403 εἰρημένον
3465 2334 3613 2404 παρὰ
3627 2332 3793 2387 8506-

2218 2436 2239 2471 ι
2264 2419 2372 2473 Καὶ
2397 2417 2502 2473 ποῦ
2535 2421 2672 2474 εἰσιν
2697 2422 2745 2474 οἰ
2774 2421 2885 2474 θεοί
2914 2438 3028 2487 σου,
3057 2421 3150 2485 οὒς
3178 2422 3436 2493 ἐποίησας
3468 2423 3707 2493 σεαυτῷς
3737 2426 3797 2478 εἰ

2211 2509 2603 2582 ἀναστήσονται
2633 2512 2727 2566 καὶ
2759 2512 2991 2566 σώσουσί
3020 2529 3078 2566 σε
3096 2513 3154 2567 ἐν
3172 2512 3346 2585 καιρῷ
3364 2513 3463 2582 τῆς
3490 2513 3797 2579 κακώσεως

2212 2619 2304 2657 σου
2328 2620 2343 2669 ;
2374 2622 2393 2657 ι
2417 2603 2685 2668 Παθόντες
2713 2604 2891 2659 τοίνυν
2919 2604 3016 2675 τὴν
3045 2606 3309 2677 ἐντροπὴν
3336 2604 3435 2676 τὴν
3460 2605 3551 2658 ἐπί
3581 2622 3644 2674 γε
3673 2608 3797 2670 τοῖς

2212 2694 2360 2758 ἰδίοις
2396 2694 2557 2758 θεοῖς,
2591 2695 2683 2760 οὒς
2712 2695 3060 2767 ἐπεθύμησαν
3088 2698 3262 2761 αὐτοὶ,
3306 2698 3399 2751 καὶ
3459 2698 3641 2768 μέντοι
3669 2699 3801 2763 τοῖς

2208 2786 2434 2856 κήποις,
2468 2787 2681 2841 ἔσονται
2716 2788 2792 2851 ὡς
2828 2787 3135 2858 τερέϐινθος
3171 2787 3575 2859 ἀποϐεϐληκυῖα
3613 2789 3797 2859 αὐτῆς

2205 2878 2274 2932 τὰ
2301 2878 2496 2948 φύλλα,
2530 2877 2623 2932 καί
2655 2877 2731 2941 ὡς
2762 2880 3089 2950 παράδεισος
3141 2878 3284 2950 ὕδωρ
3320 2880 3393 2951 μὴ
3440 2879 3601 2951 ἐχων-
3634 2879 3793 2933 τοῦτ’

2206 2967 2344 3032 ἔστι,
2372 2969 2569 3041 γυμνοί
2623 2986 2681 3021 τε
2714 2969 2807 3023 καί
2830 2970 3167 3039 ἀτιμότατοι,
3201 2972 3296 3025 καί
3328 2971 3461 3024 πολὺ
3499 2970 3793 3037 νοσοῦντες

534 3035 798 3091 bonarum
870 3038 1162 3093 actionum.
1239 3039 1601 3099 Terebintbus
1671 3047 1813 3101 enim
1886 3059 1945 3103 et
2002 3053 2105 3109 alia

2209 3058 2307 3128 τὴν
2333 3035 2635 3129 ἀκαρπίαν,
2661 3057 2821 3128 δῆλον
2851 3057 2911 3111 δέ
2927 3035 3017 3111 -ὅτι
3035 3057 3132 3128 τὴν
3151 3035 3351 3128 νοητὴν
3380 3057 3478 3128 τὴν
3503 3058 3561 3111 ἐν
3589 3035 3793 3129 πράξεζ

534 3129 742 3193 species
766 3142 1101 3197 quaecunque
1146 3129 1422 3199 arborum,
1456 3135 1691 3203 quandiu
1730 3139 1843 3195 suis
1881 3140 2104 3201 tioribus

534 3216 699 3270 densa
736 3202 904 3272 estet
921 3228 1134 3283 ornata,
1166 3220 1269 3275 sibi
1303 3202 1557 3278 decoram
1597 3224 1825 3294 gloriam
1860 3231 2057 3287 retinet
2086 3248 2100 3286 :

533 3307 748 3362 amissis
779 3317 958 3363 autem
988 3307 1153 3375 foliis,
1188 3310 1291 3366 erit
1325 3312 1475 3368 arida
1516 3331 1581 3370 ac
1616 3333 1806 3387 parum
1844 3320 2103 3391 formosa,

532 3413 597 3454 ac
627 3400 778 3455 velut
843 3400 1181 3456 inhonorata.
1226 3402 1425 3459 Hortus
1447 3405 1594 3472 item,
1614 3407 1657 3462 si
1687 3407 1864 3467 fontes
1886 3415 2102 3482 habeat,

531 3491 730 3547 densus
758 3490 863 3546 erit
899 3490 1182 3548 arboribus
1210 3492 1587 3567 fructuumque
1632 3499 1875 3559 ubertate
1921 3507 2103 3563 multi-

531 3580 722 3636 fariam
774 3582 1051 3638 luxuriat:
1101 3584 1280 3640 siccus
1328 3601 1458 3643 vero
1506 3598 1561 3644 et
1604 3592 1829 3649 humore
1889 3611 2099 3664 carens,

528 3674 751 3729 omnino
779 3676 1078 3731 sterilcscet
1112 3675 1382 3733 fructuum
1416 3680 1618 3750 inopia,
1642 3684 1749 3740 imo
1777 3695 1832 3740 et
1867 3687 2099 3758 ipsarum

527 3779 742 3835 quoque
777 3767 1052 3823 arborum.
1107 3768 1463 3827 lnhonoratus
1502 3772 1666 3844 igitur
1699 3784 1753 3830 et
1790 3776 2097 3837 infructuo-

528 3870 622 3910 sus
647 3857 841 3910 mansit
869 3857 1055 3913 Israel.
1086 3858 1218 3926 Quis
1243 3859 1385 3916 enim
1425 3870 1506 3916 est
1543 3864 1760 3921 virtutis
1794 3867 2001 3926 fructus
2042 3871 2097 3925 in

526 3943 794 3998 idolorum
848 3948 1184 4004 cultoribus?
1230 3953 1339 4005 Aut
1381 3952 1565 4022 quidni
1598 3955 1668 4010 sit
1710 3958 1899 4027 plenus
1948 3963 2097 4017 omni

408 4042 419 4057 ‘
526 4034 790 4090 dedecore
816 4045 871 4091 et
893 4040 1309 4108 contemptione,
1332 4042 1423 4111 qui
1452 4044 1659 4101 deserit
1681 4065 1844 4105 unum
1866 4061 1918 4107 et
1939 4063 2098 4108 natu-

526 4140 585 4179 ra
618 4126 817 4181 Deum?
866 4146 885 4180 ι
928 4128 1019 4198 qui
1055 4129 1186 4185 dicit
1237 4130 1380 4201 ligno
1412 4152 1425 4189 :
1480 4136 1642 4192 Pater
1670 4154 1820 4194 meus
1849 4156 1907 4198 es
1939 4152 2018 4211 tu,
2041 4156 2095 4200 et

524 4216 721 4285 lapidi:
754 4217 835 4273 Tu
875 4232 961 4275 me
996 4222 1331 4292 genuisﬁ“!
1363 4242 1383 4277 ι
1420 4226 1534 4283 Erit
1563 4241 1740 4285 autem
1767 4232 1873 4304 33
1907 4245 1961 4290 et
1988 4237 2095 4293 alio

524 4306 684 4360 nidulo
751 4305 912 4362 Israel
1004 4310 1151 4365 velut
1219 4313 1555 4372 terebinthus
1626 4318 1852 4387 abiectis
1929 4324 2090 4381 foliis.

2212 3166 2295 3205 σιν
2322 3150 2574 3219 ἀγαθαῖς.
2617 3150 2684 3204 Ἦ
2725 3150 2825 3220 μὲν
2872 3153 2981 3221 γὰρ
3023 3148 3361 3221 τερέϐινθος,
3394 3150 3561 3220 ῆγουν
3597 3148 3790 3220 ἕτερόν

2208 3256 2262 3294 τι
2288 3240 2398 3293 τῶν
2432 3239 2635 3310 φυτῶν,
2679 3239 2785 3304 ἕως
2833 3240 2932 3310 μὲν
2977 3243 3097 3304 ταῖς
3144 3239 3301 3304 ἰδίαις
3348 3239 3535 3303 ἀνθαις
3587 3240 3787 3309 ὁρᾶται

2209 3331 2543 3402 κατάκομον,
2596 3330 2696 3401 τὴν
2747 3331 2898 3403 αὐτῷ
2945 3332 3260 3403 πρέπουσαν
3297 3329 3567 3395 ἀποσώζει
3598 3329 3782 3395 δόξαν*

2209 3421 2580 3494 ἀποϐεϐληκὺς
2601 3422 2659 3476 δέ
2685 3423 2753 3476 τὰ
2774 3421 2969 3491 φύλλα,
3005 3421 3170 3493 ξηρὸν
3198 3421 3352 3476 ἔσται
3375 3423 3467 3476 καὶ
3510 3422 3748 3489 ἀκαλλὲς
3767 3466 3781 3490 ,

2208 3515 2301 3570 καὶ
2325 3511 2435 3568 οἷον
2478 3515 2871 3585 ἠτιμασμένον.
2912 3513 3323 3585 Παράδεισοςδὲ
3359 3513 3538 3576 πάλιν.
3583 3514 3632 3566 εἰ
3681 3515 3784 3583 μὲν

2207 3602 2320 3673 ἔχοι
2355 3604 2559 3675 πηγὰς,
2593 3603 2999 3675 εὐδενδρότατος
3054 3603 3206 3656 ἔσται
3252 3620 3356 3669 τις,
3402 3604 3494 3657 καὶ
3526 3604 3644 3667 ταῖς
3669 3605 3783 3659 τῶν

2207 3695 2433 3764 καρπῶν
2463 3695 2743 3765 ἀφθονίαις
2780 3694 3075 3760 πολυειδῶς
3107 3694 3481 3766 ἐναϐρύνεται.
3516 3695 3691 3768 Ξηρὸς
3718 3696 3778 3750 δὲ

2206 3788 2300 3841 καὶ
2316 3786 2540 3858 ἄνυδρος
2556 3786 2652 3853 ὢν,
2679 3787 2830 3841 ἔσται
2858 3804 2960 3841 που
2978 3787 3191 3850 πάντως
3213 3788 3271 3841 ἐν
3290 3787 3554 3859 ἀκαρπίᾳ.
3577 3787 3779 3858 μᾶλλον

2203 3875 2259 3928 δὲ
2306 3876 2400 3928 καί
2443 3876 2625 3929 αὐτῶν
2657 3878 2871 3947 νοσήσει
2900 3877 3000 3946 τὴν
3042 3877 3293 3947 ἐρημίαν.
3339 3877 3560 3947 Ἄτιμος
3593 3877 3779 3931 τοίνυν

2203 3967 2298 4020 καί⁸
2333 3967 2578 4039 ἄκαρπος
2620 3966 3038 4037 ἀπομεμένηκεν
3095 3968 3125 4019 ὁ
3168 3967 3398 4037 Ἰσραήλ.
3452 3969 3609 4030 Ποῖος
3660 3969 3779 4041 γάρ

2203 4058 2317 4110 ἐστι
2338 4056 2546 4129 καρπὸς
2568 4056 2767 4126 ἀρετῆς
2783 4058 2840 4110 ἐν
2859 4058 2970 4120 τοῖς
2989 4055 3097 4111 τῶν
3122 4056 3352 4109 εἰδώλων
3375 4055 3741 4126 θεραπευταῖς
3762 4076 3780 4124 ς

2207 4150 2276 4202 Ἥ
2304 4147 2422 4212 πῶς
2449 4149 2546 4218 οὐχ
2578 4149 2796 4219 ἁπάσης
2829 4147 3048 4219 ἀτιμίας
3078 4147 3349 4218 ἔμπλεως.
3386 4148 3415 4200 ὁ
3452 4145 3583 4199 Θεὸν
3614 4146 3782 4217 ἀφεὶς

2199 4239 2290 4293 τὸν
2318 4238 2414 4292 ἕνα
2436 4241 2531 4293 καὶ
2553 4238 2730 4309 φύσει,
2766 4256 2785 4290 ι
2824 4240 2916 4292 καὶ
2945 4239 3116 4307 λέγων
3144 4237 3220 4309 τῷ
3247 4236 3409 4309 ξύλῳ,
3438 4238 3629 4308 Πατήρ
3666 4256 3773 4310 μου

2201 4325 2253 4384 εἰ
2291 4330 2354 4384 σύ
2381 4349 2395 4363 ·
2429 4331 2523 4386 καί
2559 4331 2636 4402 τῷ
2662 4329 2814 4400 λίθῳ,
2849 4332 2921 4384 Σὺ
2970 4328 3262 4400 ἐγένησάς
3302 4346 3406 4401 με;
3441 4349 3459 4382 ι
3489 4331 3685 4385 Ἔσται
3716 4332 3778 4386 δὲ

523 4393 657 4447 Nam
693 4406 818 4451 ante
839 4397 1144 4455 Servatoris
1171 4402 1481 4468 adventum,
1512 4405 1637 4462 dum
1684 4409 1816 4479 legis
1838 4414 2084 4471 umbram

2209 4423 2285 4478 ιαί
2320 4423 2521 4496 ἑτέρως
2552 4393 2775 4495 Ἰσραὴλ.
2801 4393 2875 4487 ῶς
2901 4393 3669 4495 τερέϐινθος,ἀποϐεϐληκυῖα
3704 4426 3778 4480 τά

522 4488 838 4555 retinerent,
889 4490 1065 4546 instar
1104 4495 1356 4551 arborum
1422 4510 1599 4565 erant,
1664 4516 1784 4571 quae
1850 4504 2089 4562 fructum

521 4592 629 4632 non
673 4579 891 4645 habent,
938 4581 1083 4639 foliis
1140 4594 1316 4664 tamen
1368 4588 1625 4659 proiectis
1678 4602 1734 4648 et
1781 4601 2090 4668 propagatis

522 4667 735 4737 egregie
814 4667 1169 4728 elllorescunt.
1256 4677 1390 4732 Cum
1467 4680 1661 4739 deinde
1736 4667 2090 4744 oll'endissent

520 4756 818 4825 Christum,
900 4761 1070 4829 ipsam
1148 4765 1311 4821 etiam
1395 4770 1597 4827 umbrae
1655 4774 2089 4835 observationem

520 4849 889 4917 perdiderunt.
923 4853 1033 4909 Nec
1060 4857 1202 4911 enim
1239 4860 1376 4914 ultra
1400 4863 1691 4921 observant
1736 4868 1873 4940 legis
1921 4874 2090 4929 sacri-

521 4939 666 5006 ﬁcia,
709 4956 807 4997 nec
836 4958 969 5000 sane
1007 4946 1270 5017 legalibus
1316 4957 1652 5013 ornamentis
1685 4939 2087 5031 insigniuntur:

442 5061 448 5067 ο
518 5032 612 5087 sed
640 5047 812 5102 pauca
870 5036 1158 5094 admodum
1198 5041 1391 5111 prisca:
1455 5048 1631 5116 gentis
1682 5048 1929 5107 instituta
1969 5057 2094 5111 reti-

521 5132 710 5181 nentes
769 5126 823 5180 in
883 5128 1127 5197 urbibus,
1189 5131 1491 5204 infrugiferi
1548 5148 1694 5207 sunt,
1757 5144 2086 5215 spoliatique

520 5213 835 5285 honoribus,
863 5228 917 5274 et
938 5219 1063 5291 jure
1105 5222 1321 5292 quidem
1375 5227 1598 5295 optimo.
1639 5247 1658 5282 ι
1700 5213 2092 5292 [interfecerunt

520 5306 660 5359 enim
691 5309 987 5381 principem
1041 5311 1182 5379 vita),
1220 5329 1376 5384 quem
1406 5317 1565 5384 Deus,
1589 5320 1777 5378 solutis
1817 5324 2090 5384 doloribus

521 5398 712 5452 mortis
769 5402 1117 5469 gravissimis,
1186 5406 1444 5463 excitavit
1515 5425 1545 5464 e
1612 5414 1860 5477 mortuis,
1926 5433 2088 5485 quan-

522 5486 815 5554 doquidem
864 5495 1120 5562 possibile
1192 5513 1296 5554 non
1366 5509 1482 5555 erat
1543 5502 1692 5557 illum
1756 5507 1822 5560 ab
1877 5524 1941 5564 ea
2009 5520 2084 5566 tc-

522 5581 636 5633 neri
666 5582 753 5634 "‘2
789 5601 806 5633 I

593 5695 654 5726 ⁸¹¹
680 5694 787 5749 Jur.
819 5712 876 5760 ιι,
910 5698 998 5753 28.
1075 5705 1118 5736 ⁸³
1145 5706 1271 5761 ibid.
1303 5706 1392 5760 27.
1471 5710 1538 5741 ⁶²⁴
1571 5710 1691 5765 Act.
1722 5725 1805 5775 ιιι,
1829 5712 1914 5767 15.

2197 4513 2391 4583 φύλλα.
2425 4515 2539 4586 Πρὸ
2579 4516 2678 4584 μὲν
2730 4514 2839 4585 γὰρ
2865 4514 2961 4586 τῆς
2987 4514 3082 4569 τοῦ
3119 4515 3369 4584 Σωτῆρος
3400 4515 3556 4585 ἡμῶν
3585 4516 3777 4585 ἐπιδη-

2199 4606 2349 4676 μίας,
2388 4604 2485 4676 τὴν
2517 4605 2610 4658 τοῦ
2642 4605 2808 4676 νόμου
2834 4604 3127 4677 τηροῦντες
3166 4606 3343 4670 σκιὰν,
3370 4606 3779 4676 προσεοίκεσαν

2197 4696 2418 4764 φυτοῖς,
2467 4695 2681 4766 καρπὸν
2741 4696 2840 4766 μὲν
2896 4695 2995 4751 οὐκ
3053 4694 3256 4765 ἔχουσι,
3314 4694 3453 4765 πλὴν
3515 4688 3575 4748 εὖ
3624 4693 3774 4765 μάλα

2195 4786 2669 4857 περιηνθισμένοις
2701 4790 2821 4851 ταῖς
2851 4788 2958 4841 τῶν
3005 4786 3217 4855 φύλλων
3252 4786 3521 4850 ἐκϐολαῖς.
3544 4785 3773 4857 Ἐπειδὴ

2193 4878 2252 4932 δὲ
2285 4877 2759 4949 προσκεκρούκασι
2789 4877 2868 4948 τῷ
2895 4878 3135 4949 Χριστῷ,
3161 4877 3257 4930 καί¹
3283 4877 3449 4948 αὐτὴν
3471 4875 3811 4959 ἀποϐεϐλὴοε

2193 4986 2321 5024 κασι
2344 4968 2442 5040 τὴν
2471 4969 2567 5039 τῆς
2594 4969 2749 5032 σκιᾶς
2770 4969 3019 5040 τήρησιν.
3060 4968 3137 5024 Οὐ
3165 4967 3273 5039 γὰρ
3305 4968 3385 5021 ἐτι
3414 4966 3639 5039 τηροῦσι
3670 4966 3771 5029 τὰς
3806 4962 3811 4969 “

2191 5059 2331 5114 κατὰ
2356 5060 2517 5129 νόμον
2545 5058 2753 5122 θυσίας.
2782 5057 2906 5112 οὔτε
2936 5059 3045 5130 μὴν
3080 5062 3196 5124 τοῖς
3227 5060 3471 5129 νομικοῖς
3507 5057 3769 5127 αὐχήμα-

2194 5168 2278 5205 σιν
2304 5150 2751 5220 ἐπισεμνύνονταί
2792 5150 2973 5204 ποθενο
3011 5150 3255 5219 ὀλίγιστα
3308 5149 3367 5201 δὲ
3404 5146 3545 5201 κατά
3583 5146 3773 5210 πόλεις

2189 5243 2299 5297 τῶν
2329 5242 2571 5313 ἀρχαίων
2621 5242 2914 5313 τηροῦντες
2961 5242 3151 5305 ἐθνῶν,
3194 5237 3432 5309 ἄκαρποι
3485 5238 3621 5290 εἰσιν
3674 5239 3776 5291 καὶ

2188 5333 2545 5404 ἠτιμωμένοι·
2572 5336 2666 5388 καὶ
2690 5334 2833 5404 μάλα
2871 5335 3114 5395 εἰκότως.
3148 5330 3503 5384 Ἀπεκτόνασι
3530 5330 3640 5398 γὰρ
3674 5329 3769 5382 τὸν

2187 5424 2428 5494 ἀρχηγὸν
2465 5428 2564 5493 τῆς
2610 5424 2788 5494 ζωῆς,
2831 5424 2891 5476 ὃν
2932 5425 2961 5474 δ
3001 5423 3134 5485 Θεὸς
3174 5422 3391 5491 ἤγειρεν
3438 5420 3502 5473 ἐκ
3555 5417 3767 5481 νεκρῶν

2187 5515 2355 5578 λύσας
2392 5518 2490 5579 τὰς
2528 5516 2722 5579 ὠδῖνας
2760 5515 2852 5568 τοῦ
2877 5514 3126 5576 θανάτου,
3162 5512 3284 5566 καθ’
3322 5514 3403 5568 ὅτι
3450 5512 3547 5565 οὐκ
3578 5506 3644 5581 ἦν
3670 5508 3767 5561 δυ-

2193 5607 2350 5659 νατὸν
2376 5607 2689 5676 κρατεῖσθαι
2718 5606 2879 5660 αὑτὸν
2913 5605 3003 5658 ὑπ’
3037 5605 3217 5659 αὐτοῦ.
