4032 6214
207 327 277 380 05
940 377 969 394 l
1378 318 1449 374 1N
1490 319 1721 375 ISAIAM
1763 320 1889 377 LIB.
1929 323 1976 377 1.
2016 323 2222 381 ORAT.
2267 326 2329 380 ll.
3403 338 3474 394 εδ

940 377 969 396 Ι

283 440 400 498 Kal
431 439 589 493 ἔσται
610 436 646 503 ἠ
675 438 855 506 ἰσχὺς
880 435 1079 490 αὐτῶν
1098 436 1178 502 ὠς
1198 436 1436 506 καλάμη
1470 438 1793 504 στιππύου,

1978 440 2139 497 Vens.
2170 441 2261 496 5i.
2323 442 2384 496 Et
2431 444 2529 498 erit
2557 445 2819 514 fortitudo
2862 464 3038 505 eorum
3086 452 3225 507 velut
3279 456 3474 524 stipula

211 531 317 586 καί
353 532 394 598 ἡ
426 528 668 598 spinula
696 526 899 580 αὐτῶν
929 527 1010 591 ὡς
1057 525 1390 595 σπινθῆρες
1432 528 1647 596 πυρὸς,
1700 529 1801 582 καὶ

213 620 776 685 κατακαιιθιὶσονται
820 621 876 672 οἱ
949 616 1160 687 ἄνομοι
1226 617 1324 671 καὶ
1368 621 1422 672 οι
1469 618 1803 688 ἁμαρτωλοὶ

209 716 348 784 ἅμα,
381 713 486 769 καὶ
512 714 625 767 οὐκ
643 713 816 766 ἔσται
847 713 880 764 ὁ
915 710 1175 764 σόἐσων.

290 808 353 863 ὐ
415 809 587 877 σοφὸς
668 805 893 877 εἴρηκεν
952 804 1222 876 Σολομὼν,
1289 803 1370 857 ὅτι
1430 804 1644 875 Σειραῖς
1692 803 1802 857 τῶν

207 900 405 957 ἑαυτοῦ
438 899 724 973 ἁμαρτιῶν
766 900 998 959 ἕκαστος
1052 896 1367 966 σφίγγεται*
1396 897 1491 950 καὶ
1529 895 1736 968 ἀληθὴς
1772 897 1802 948 ὁ

208 996 385 1064 λόγος.
427 992 681 1062 Ἐκάστῳ
717 990 826 1063 γὰρ
884 989 1039 1061 ἡμῶν
1065 988 1136 1043 τὰ
1192 989 1299 1042 ῐδια
1354 988 1801 1059 πλημμελήματα

210 1088 465 1161 προξενεί
490 1086 585 1139 τὸν
608 1083 850 1155 ὀλεθρον,
868 1083 962 1136 καὶ
985 1080 1083 1143 τὰς
1109 1081 1173 1134 ἐκ
1192 1080 1341 1145 θείας
1361 1083 1532 1152 ὀργῆς
1549 1080 1801 1150 ἐπιφέρει

207 1181 382 1245 δίκας.
427 1177 646 1234 ὀποῖόν
671 1195 723 1232 τι
752 1174 1085 1229 πεπόνθασιν
1114 1174 1164 1225 οί
1210 1173 1273 1238 ἐξ
1332 1173 1564 1244 Ἰσραήλ.
1599 1172 1801 1244 Είργά-

212 1288 373 1327 σαν-ω
409 1270 512 1340 μὲν
545 1268 656 1340 γὰρ
684 1268 894 1329 ἑαυτοῖς
916 1266 1042 1328 τοὺς
1080 1263 1464 1333 ψευδωνύμως
1499 1264 1671 1328 θεοὺς.
1704 1268 1799 1320 καὶ

210 1363 296 1415 ἐπ’
323 1361 516 1423 αὐτοῖς
539 1357 810 1428 ἐσχήκασι
838 1354 936 1427 τὴν
966 1356 1179 1419 ἐλπίδα,
1212 1353 1304 1408 τοῦ
1344 1354 1600 1408 δύνασθαι
1631 1373 1799 1408 κατα-

208 1454 435 1524 κρατεῖν
463 1448 701 1522 ἐχθρῶν.
743 1447 885 1501 Ἀλλ’
919 1446 1052 1500 αὐτὸ
1073 1446 1137 1518 δὴ
1164 1446 1321 1500 τοῦτο
1348 1448 1573 1516 γέγονεν
1619 1448 1798 1511 αὐτοῖς

211 1543 499 1617 μονονουχὶ
533 1540 647 1612 πῦρ
684 1557 747 1594 τε
803 1540 897 1594 καὶ
942 1540 1093 1604 ξύλα.
1150 1538 1250 1592 Διὰ
1292 1539 1402 1610 γὰρ
1451 1539 1655 1610 ταύτην
1700 1540 1797 1611 τὴν

212 1632 603 1707 πλημμέλειαν
649 1631 893 1686 δέδονται
949 1630 1109 1700 πυρὶ,
1161 1629 1252 1683 καὶ
1306 1629 1463 1682 τοῦτο
1504 1629 1793 1699 ἀσϐέστῳ,

208 1727 357 1783 τοῦτ’
387 1726 525 1789 ἔστι,
549 1724 749 1786 δειναῖς
775 1738 838 1776 τε
894 1720 987 1776 καὶ
1026 1720 1419 1791 ἁκαταλήκτοις
1466 1723 1790 1792 συμφοραῖς,

210 1817 587 1889 ἐπαμύνοντος
636 1814 873 1878 οὐδενός.
916 1814 1025 1868 Καὶ
1074 1812 1232 1866 τοῦτο
1269 1814 1401 1883 ἡμῖν
1446 1812 1615 1882 σαφὲς
1662 1814 1793 1867 καθ-

214 1913 419 1980 ίστησι,
445 1910 643 1980 λέγων·
668 1910 782 1964 Καὶ
805 1908 958 1963 ἔσται
1002 1910 1035 1979 ή
1070 1909 1220 1979 ἰσχὺς
1259 1909 1439 1962 αὐτῶν
1470 1910 1546 1973 ὡς
1575 1910 1794 1981 καλάμη

212 1985 511 2063 στιπττύου,
548 2001 643 2054 καὶ
670 2002 707 2071 ἡ
725 2000 959 2072 ἐργασία
984 2000 1162 2054 αὐτῶν
1185 2002 1260 2063 ὡς
1285 2001 1579 2073 σπινθῆρες
1604 2020 1675 2054 πυ
1685 2002 1794 2070 ρός.

225 2093 292 2145 Ἦ
317 2089 781 2163 “gemeam,
824 2089 1012 2159 φησιν,
1058 2087 1276 2143 ἔσεσθαι
1316 2088 1545 2160 δύναμις
1575 2091 1758 2153 αὐτοῖς
1781 2129 1795 2155 θ

209 2184 370 2238 ἔσται
407 2182 492 2246 ὡς
519 2180 743 2251 καλάμη
768 2179 1049 2247 στιππύου,
1092 2179 1239 2233 τοῦτ’
1266 2180 1403 2245 ἐστι,
1430 2182 1604 2253 τροφὴ
1628 2181 1798 2249 πυρὸς

210 2277 311 2331 καὶ
355 2273 726 2344 ὑπέκκαυμα,
753 2273 846 2328 καὶ
872 2274 935 2327 τὰ
965 2274 1105 2345 ἔργα
1128 2272 1237 2326 τῶν
1270 2272 1467 2343 χειρῶν
1490 2273 1690 2335 αὐτῶν,
1725 2272 1799 2335 ὡς

211 2368 402 2438 πυρὸς
427 2365 723 2437 σπινθῆρες
745 2365 1138 2437 ἀκοντιζόμενοι
1190 2366 1308 2418 κατ’
1349 2363 1546 2418 αὐτῶν.
1578 2363 1797 2433 Κανθή-

216 2474 408 2512 amat
460 2450 558 2510 οὖν
606 2456 657 2508 οἱ
698 2455 889 2526 ἄνομοι
935 2455 1031 2509 καὶ
1078 2457 1126 2509 οἱ
1178 2453 1489 2526 ἁμαρτωλοί⁸
1521 2453 1654 2524 ἅμα.
1688 2456 1798 2506 Ila-

225 2550 517 2622 ραιιιητέον
548 2548 728 2603 τοίνυν
760 2548 822 2602 τὺ
868 2534 1233 2619 προσκρούειν
1271 2545 1409 2617 Θεῷ,
1447 2548 1540 2600 καὶ
1560 2546 1621 2598 τὸ
1669 2545 1800 2616 δρᾷν

226 2771 246 2786 .
320 2769 336 2785 .
419 2769 439 2785 .
516 2769 534 2785 .
610 2768 627 2783 .
703 2767 721 2784 .
801 2769 817 2784 .
895 2766 910 2781 .
985 2728 1126 2782 αὐτὰ
1183 2728 1291 2799 γὰρ
1332 2728 1489 2799 ἡμῶν
1524 2727 1589 2780 τὰ
1625 2726 1798 2796 ἔργα,

222 2821 317 2873 καὶ
368 2819 492 2890 πῦρ
533 2819 662 2890 ἡμῖν
704 2817 859 2872 ἕσται
914 2819 1012 2871 καὶ
1072 2818 1247 2890 τροφὴ
1298 2818 1502 2890 πυρός,
1552 2818 1801 2887 καθάπερ

219 2912 425 2982 ἀμέλει
463 2910 553 2964 καὶ
593 2908 661 2963 τὰ
700 2910 768 2963 ἐκ
812 2908 1066 2980 πράξεων
1090 2909 1308 2978 ἀγαθῶν
1343 2909 1653 2979 αὐχήματα,
1706 2909 1802 2961 καὶ

222 3004 376 3071 ζωῆς
418 3002 511 3057 καὶ
554 3001 716 3074 δόξης
772 3000 1107 3073 ὲμποιητικὰ
1152 3004 1264 3067 τοῖς
1317 3000 1673 3073 κατορθοῦσιν
1715 3000 1803 3053 εύ-

222 3095 489 3165 ρίσκεται.

852 3208 1071 3263 ΛΟΓΟΣ
1100 3209 1175 3262 B’.

301 3340 356 3393 ὀ
392 3344 576 3413 λόγος
654 3347 691 3398 ό
758 3345 1085 3413 γενόμενος
1149 3343 1309 3412 παρὰ
1361 3343 1582 3410 Κυρίου
1645 3343 1795 3410 πρὸς

228 3432 501 3497 Ἡσαΐαν,
534 3436 672 3490 υἱὸν
712 3436 1070 3507 Ἀμὼς,περί
1092 3437 1202 3517 εῆς
1233 3430 1517 3506 Ἰουδαίας
1538 3438 1633 3493 καί
1661 3436 1795 3505 περὶ

225 3526 639 3599 Ἰερουσαλήμ.

286 3636 538 3705 Συγγενῆ
566 3638 677 3699 τοῖς
708 3636 944 3706 σθάσασι
968 3636 1038 3691 τὰ
1064 3638 1422 3709 προκείμενα,
1454 3638 1548 3692 καὶ
1569 3639 1657 3694 διὰ
1680 3640 1791 3694 τῶν

216 3725 359 3777 ἴσων
389 3727 610 3779 ἐννοιῶν
635 3729 901 3797 ἐρχόμενα
934 3727 1141 3782 κατίδοι
1172 3746 1258 3789 τις
1283 3730 1349 3783 ἂν
1393 3729 1555 3795 αὐτὰ,
1595 3729 1791 3784 λεπτὸν

211 3816 528 3888 ἐπιστήσας
578 3820 689 3879 τοῖς
733 3819 1039 3892 θεωρήμασι
1094 3819 1194 3891 τῆς
1239 3820 1478 3884 διανοίας
1524 3821 1615 3875 τὸν
1645 3822 1787 3876 νοῦν.

211 3906 486 3975 Γεγόνασι
530 3907 639 3977 γὰρ
686 3909 733 3961 οί
780 3910 938 3964 πάλαι
971 3910 1126 3983 παρὰ
1160 3911 1293 3965 Θεοῦ
1344 3912 1490 3982 λόγοι
1517 3913 1653 3984 πρὸς
1699 3913 1790 3967 τὸν

213 3997 509 4051 θεσπέσιον
539 4002 821 4072 προφήτην
845 4002 975 4074 περὶ
1008 4005 1106 4074 τῆς
1139 4003 1397 4069 Ἰουδαίας
1421 4005 1516 4058 καὶ
1542 4005 1788 4076 περὶτῆς

225 4086 599 4160 Ἰερουσαλήμ.
628 4091 786 4143 Δοκεί
798 4090 855 4144 δέ
875 4109 1013 4156 πως,
1040 4092 1211 4164 μέσην
1233 4093 1356 4147 τινὰ
1384 4095 1479 4147 καὶ
1499 4094 1560 4146 ού
1586 4094 1788 4163 σφόδρα

213 4181 360 4251 σαφῆ
407 4182 509 4252 τῆς
559 4182 806 4252 ὁράσεως
857 4183 957 4254 τὴν
992 4184 1245 4241 ἀπόδοσιν
1295 4185 1439 4256 ἔχειν
1486 4184 1580 4238 τοῦ
1622 4187 1787 4254 φάναι

214 4272 465 4343 περὶτῆς
512 4273 773 4338 Ἰουδαίας
808 4277 903 4329 καὶ
949 4276 1081 4348 περὶ
1114 4278 1489 4349 Ἰερουσαλήμ.
1521 4277 1667 4349 Πλὴν
1711 4277 1786 4341 ὡς

211 4360 287 4412 ἔνι
340 4363 715 4434 σαφηνιοῦμεν
752 4365 923 4443 αύρτὴν
979 4366 1076 4437 τὴν
1105 4368 1202 4439 τῆς
1252 4367 1493 4441 ὁράσεως
1535 4368 1782 4439 δύναμιν,

1904 540 2130 599 stuppaz,
2156 543 2202 586 et
2233 551 2360 603 opus
2401 551 2579 590 eorum
2608 537 2742 591 velut
2770 540 3014 595 sciutillw
3053 544 3223 612 ignis:
3244 556 3293 599 et
3335 562 3477 599 eom~

1905 623 2160 677 burentur
2213 626 2397 695 iniqui,
2434 637 2481 681 et
2529 637 2828 693 peccatores
2873 631 3050 697 simul,
3093 649 3185 687 nec
3234 636 3334 688 erit
3386 636 3476 705 qui

1901 715 2214 784 exstinguat.

1974 799 2259 869 Sapienter
2299 803 2441 859 dixit
2477 805 2728 862 Salomon
2774 824 2788 863 :
2828 809 3072 881 Quisque
3128 821 3474 882 peccatorum

1902 905 2127 946 suorum
2183 896 2535 964 compedibus
2591 899 2919 970 stringitur;
2969 911 3020 957 et
3059 904 3276 972 quidem
3343 919 3472 958 vera

1902 984 2125 1038 estha‘c
2164 986 2361 1042 oratio.
2411 985 2517 1041 Sua
2551 989 2693 1043 enim
2740 992 2936 1060 cuique
2992 1004 3235 1049 nostrum
3278 995 3475 1050 delicta

1902 1074 2194 1142 perniciem
2218 1084 2429 1143 creant,
2454 1087 2507 1134 et
2532 1094 2594 1134 ex
2622 1080 2700 1134 ira
2715 1081 2895 1137 divina
2920 1099 3112 1154 pmnas
3144 1084 3473 1142 conﬂabunt.

1901 1164 2052 1235 Quod
2087 1168 2304 1237 quidem
2364 1172 2509 1240 passi
2552 1179 2680 1227 sunt
2735 1171 3014 1230 lsraeliue.
3058 1176 3476 1233 Commentitios

1901 1259 2123 1316 enimet
2155 1261 2292 1318 falso
2321 1276 2663 1336 nuncupatos
2716 1268 2845 1323 deos
2894 1268 2996 1322 sibi
3042 1268 3472 1337 fabricaverunt,

1899 1360 2064 1418 atque
2119 1353 2172 1408 in
2223 1355 2327 1411 illis
2391 1368 2680 1426 sperarunt
2750 1374 2810 1413 se
2866 1359 3050 1413 hostes
3098 1368 3473 1429 superaturos.

1898 1442 2163 1498 Caeterum
2181 1445 2284 1500 hoc
2306 1446 2477 1516 ipsum
2507 1450 2709 1504 factum
2731 1456 2814 1505 est
2839 1448 2949 1505 illis
2975 1457 3182 1504 tantum
3213 1467 3316 1505 non
3335 1452 3475 1521 ignis

1897 1543 1951 1617 et
1982 1535 2144 1605 ligna.
2172 1535 2399 1608 Propter
2429 1541 2566 1595 hanc
2595 1541 2740 1595 enim
2776 1543 3120 1610 pravitatem,
3164 1541 3271 1612 igni
3294 1542 3476 1598 traditi

1897 1638 2042 1694 sunt,
2075 1637 2129 1682 et
2156 1628 2370 1697 quidem
2405 1631 2515 1702 igni
2560 1618 3011 1703 incx‘stinguibili,
3049 1633 3302 1704 gravibus
3333 1635 3479 1690 scili-

1898 1727 1987 1773 cet
2024 1729 2080 1775 et
2100 1720 2376 1776 continuis
2399 1720 2829 1789 calamitatibus,
2862 1723 3009 1778 nullo
3042 1722 3250 1780 ferente
3281 1716 3474 1795 suppe-

1902 1810 2022 1864 tias.
2072 1810 2129 1866 ld
2184 1813 2329 1882 quod
2379 1812 2535 1868 nobis
2580 1814 2921 1884 perspicuum
2972 1814 3132 1881 facit,
3174 1816 3473 1886 inquiens:

1899 1899 1963 1954 Et
1988 1902 2093 1956 erit
2140 1902 2398 1960 fortitudo
2441 1919 2648 1971 eorum,
2684 1915 2945 1975 tanquam
2984 1906 3196 1963 culmus
3247 1917 3472 1977 stuppae,

1900 2002 1958 2051 et
1982 2010 2168 2050 eorum
2187 2009 2348 2065 opera
2366 1994 2774 2050 velutscintillae
2805 1995 2972 2064 ignis.
3000 1996 3154 2063 Quod
3184 2004 3476 2066 sperabant

1899 2088 2001 2143 sibi
2031 2086 2147 2142 fore
2197 2086 2505 2155 prtesidium
2536 2095 2592 2140 et
2646 2086 3069 2151 ﬁrmamentum,
3128 2088 3322 2157 inquit,
3370 2088 3477 2142 erit

1900 2186 2156 2246 tanquam
2205 2175 2454 2231 cumulus
2496 2184 2727 2246 stuppm,
2772 2176 2821 2230 id
2850 2185 2951 2244 est,
2988 2176 3304 2231 alimentum
3335 2176 3476 2247 ignis

1900 2277 1954 2323 ct
1976 2267 2146 2323 fomes
2204 2264 2471 2320 incendii:
2511 2277 2675 2336 atque
2696 2281 2860 2337 Opera
2907 2282 3162 2321 manuum
3227 2281 3470 2333 suarum,

1900 2359 2053 2429 quasi
2083 2357 2226 2427 ignis
2250 2356 2499 2411 scintillae
2546 2356 2603 2411 in
2633 2358 2777 2425 ipsos
2799 2357 3077 2425 conjecta}.
3134 2358 3477 2428 Quapropter

1902 2451 2070 2520 iniqui
2106 2450 2512 2514 comburentur,
2550 2458 2604 2503 et
2632 2459 2946 2519 peccatores
2985 2450 3208 2517 pariter.
3245 2448 3476 2520 Ideoque

1900 2542 2346 2597 connnillcndum
2379 2555 2483 2595 non
2515 2549 2619 2606 est,
2663 2549 2722 2594 ut
2743 2539 2906 2595 Deum
2946 2542 3171 2613 posthac
3231 2540 3475 2598 offenda~

1901 2648 2044 2698 mus,
2065 2647 2198 2687 eave
2233 2632 2580 2702 designemus
2607 2631 2998 2701 imprudenter,
3030 2649 3148 2703 quae
3197 2650 3477 2706 prapemo-

1901 2724 2027 2779 dum
2085 2724 2313 2778 invitum
2367 2723 2665 2778 accendent
2707 2725 2759 2779 in
2796 2737 2894 2778 nos
2953 2739 3096 2789 eum,
3154 2727 3243 2795 qui
3298 2734 3477 2797 potest

1901 2817 2103 2872 omnia.
2163 2815 2288 2871 Haec
2310 2818 2510 2871 etenim
2569 2831 2731 2886 opera
2791 2828 2998 2884 nostra,
3050 2828 3100 2873 et
3139 2818 3277 2888 ignis
3314 2827 3478 2873 erunt

1902 2909 2079 2974 nobis,
2110 2919 2163 2964 et
2193 2907 2485 2963 follieulum
2512 2909 2650 2979 ignis
2678 2927 2691 2963 :
2727 2910 3179 2980 quemadmodum
3230 2909 3476 2979 profecto

1903 3011 2051 3056 recte
2080 3015 2142 3054 ac
2164 2997 2418 3068 praeclare
2459 2997 2621 3064 facta,
2653 2997 2889 3065 laudem,
2931 2998 3097 3053 vitum
3131 3009 3188 3055 et
3222 3000 3473 3071 gloriam,

1828 3109 1870 3166 ρ
1906 3102 2049 3148 recte
2072 3090 2375 3146 viventibus
2404 3089 2695 3147 conciliare
2718 3090 2981 3146 videmus.

2448 3202 2558 3277 34.
2591 3203 2849 3262 ORATIO
2873 3203 2939 3261 ll.

1970 3336 2099 3391 Car.
2138 3335 2199 3391 ll.
2237 3335 2400 3394 Vens.
2452 3338 2505 3392 1.
2569 3336 2789 3392 Verbum
2832 3354 2865 3392 a
2899 3337 3121 3394 Domino
3167 3339 3365 3408 factum
3405 3339 3476 3394 ad

1903 3426 2126 3493 Isaiam,
2151 3426 2320 3495 ﬁlium
2359 3429 2541 3494 Amos,
2583 3432 2646 3482 de
2668 3428 2860 3484 Iudaea
2889 3439 2937 3484 et
2962 3430 3026 3485 de
3045 3429 3362 3486 Jerusalem.

1972 3629 2187 3685 Similia
2227 3630 2603 3699 superioribus
2629 3638 2757 3686 sunt
2783 3631 3045 3721 hacexquze
3078 3647 3471 3702 proponuntur,

1897 3728 1952 3776 el
1978 3721 2093 3790 pari
2128 3721 2526 3790 quodammodo
2550 3722 2941 3775 sententiarum
2968 3731 3156 3775 tenore
3174 3722 3470 3790 procedere

1897 3813 2127 3879 videbit,
2191 3814 2435 3882 quisquis
2505 3812 2571 3865 ad
2624 3813 2761 3865 hanc
2815 3827 2927 3866 rem
2981 3812 3380 3881 intelligendam
3420 3823 3477 3869 et

1896 3905 2344 3959 considerandam
2393 3902 2664 3970 paululum
2723 3901 2883 3957 modo
2909 3901 3147 3956 animum
3207 3913 3473 3958 mentem-

1896 4009 2002 4065 que
2062 3995 2336 4050 adhibeat.
2364 3992 2532 4047 Facta
2563 4000 2692 4047 sunt
2715 3992 2859 4046 enim
2920 3991 3047 4047 olim
3087 4007 3116 4047 a
3163 3993 3271 4047 Deo
3302 3995 3471 4049 verba

1894 4089 1960 4140 ad
1992 4086 2231 4141 divinum
2289 4084 2601 4156 pr0phetam
2634 4083 2702 4139 de
2738 4082 2920 4139 Judaza
2952 4093 3006 4139 et
3033 4084 3100 4140 de
3147 4083 3469 4140 Jerusalem.

1896 4180 2120 4234 Videtur
2183 4189 2362 4234 autem
2406 4180 2637 4235 mediam
2698 4179 2986 4248 quamdam
3020 4194 3121 4233 nec
3182 4180 3468 4233 admodum

1895 4268 2185 4325 dilucidam
2260 4271 2486 4325 visionis
2577 4269 2993 4339 explicationem
3052 4270 3251 4324 habere
3327 4269 3471 4338 quod

1896 4365 2106 4419 dicatur
2159 4365 2223 4417 de
2270 4362 2468 4419 Judtea'
2534 4373 2588 4419 et
2631 4365 2698 4417 de
2762 4361 3084 4417 Jerusalem.
3140 4359 3248 4417 Nos
3313 4377 3468 4430 vero,

212 4451 371 4504 οξονεί
404 4470 523 4516 πως
540 4454 600 4507 ὲν
627 4453 823 4524 βραχεί
849 4458 1264 4525 συνενεγκόντες
1291 4460 1371 4523 είς
1396 4458 1539 4512 νοῦν.
1572 4457 1790 4531 Ἐπειδὴ

1896 4457 2070 4526 quoad
2099 4458 2213 4524 ejus
2242 4457 2351 4509 lieri
2394 4466 2587 4525 potest,
2630 4455 2800 4526 ipsam
2835 4454 3058 4509 visionis
3086 4454 3193 4508 vim
3225 4454 3464 4510 breviter

206 4543 313 4612 γὰρ
334 4543 436 4613 τῆς
472 4544 573 4615 μὲν
601 4546 868 4617 αἰσθητῆς
898 4548 1156 4612 Ἰουδαίας
1187 4551 1282 4621 καὶ
1312 4553 1410 4621 τῆς
1439 4550 1790 4623 Ἰερουσαλὴμ

204 4634 299 4701 τὴν
323 4631 527 4703 δῄωσιν
554 4638 814 4708 πειρᾶται
860 4637 1063 4706 λέγειν,
1097 4641 1195 4711 τῆς
1224 4657 1286 4709 γε
1327 4642 1431 4712 μὴν
1460 4642 1519 4695 ὲν
1567 4644 1790 4715 Χριστῷ

204 4725 294 4777 καὶ
327 4726 535 4796 νοητῆς
560 4726 660 4799 τὴν
684 4728 1087 4795 ἀνάδειξιν,καὶ
1116 4733 1216 4802 τὴν
1240 4735 1297 4786 ὲν
1322 4732 1456 4803 τῷδε
1481 4733 1560 4803 τῷ
1598 4737 1789 4807 κόσμῳ

202 4817 548 4886 φανέρωσινο
588 4818 796 4890 ταύτης
847 4821 1010 4875 ἕνεκα
1038 4823 1134 4893 τῆς
1170 4823 1384 4888 αἰτίας,
1416 4824 1514 4895 οὐχ
1543 4824 1684 4895 ὑπέρ
1724 4841 1786 4892 γε

198 4905 293 4974 τῆς
342 4907 633 4973 Ἰουδαίας,
659 4910 785 4964 οὔτε
822 4913 930 4985 μὴν
974 4914 1114 4968 κατὰ
1141 4915 1239 4985 τῆς
1283 4914 1656 4988 Ἰερουσαλὴμ,
1691 4916 1790 4971 ἀλ-

195 4993 261 5049 λὰ
278 4998 430 5067 περὶ
452 5000 550 5067 τῆς
583 5001 857 5065 Ἰουδαίας,
886 5004 982 5057 καὶ
1017 5005 1146 5076 περὶ
1177 5004 1277 5074 τῆς
1313 5005 1667 5079 Ἰερουσαλὴμ
1700 5025 1790 5060 τε-

197 5084 439 5143 βεᾱσθαί
485 5108 621 5163 φησι
662 5095 762 5164 τὴν
809 5096 1021 5166 ὅρασιν.
1060 5096 1334 5170 Αίσθητὴν
1372 5098 1430 5152 δέ
1476 5117 1656 5170 φαμεν
1687 5101 1787 5171 τὴν

205 5180 496 5247 Ἰουδαίαν,
525 5184 623 5238 καὶ
678 5188 861 5257 μέντοι
909 5189 1005 5243 καὶ
1061 5189 1434 5262 Ἰερουσαλὴμ,
1478 5191 1647 5262 αὐτὴν
1691 5191 1790 5261 μὲν

190 5271 294 5341 τὴν
322 5270 518 5343 χώραν
568 5277 627 5329 ὲν
736 5280 1059 5351 κατῴκηκεν
1089 5283 1118 5334 ὁ
1154 5282 1397 5354 Ἰσραὴλ,
1442 5284 1538 5336 καὶ
1570 5284 1704 5338 αὐτὸ
1729 5283 1791 5336 τὸ

194 5362 475 5432 σύστημα
502 5366 599 5435 τῆς
635 5369 907 5424 Ἰουδαίων
939 5374 1281 5445 συναγωγῆς.
1306 5374 1524 5447 Νοητὴν
1543 5374 1601 5428 δὲ
1624 5375 1788 5430 πάλιν

202 5452 602 5526 Ἰερουσαλὴμ,
621 5460 787 5530 ἡγουν
819 5462 1102 5526 Ἰουδαίαν,
1157 5464 1256 5535 τὴν
1296 5466 1625 5539 Ἐκκλησίαν
1650 5463 1788 5521 εἶναι

194 5546 525 5618 νομιοῦμεν,
562 5549 679 5620 ἦτοι
708 5552 809 5624 τὴν
838 5554 896 5607 ὲν
938 5553 1211 5627 πνεύματι
1266 5560 1597 5631 περιτομὴν,
1640 5558 1788 5613 τοῦτ’

197 5637 331 5705 ἐστι,
374 5641 507 5706 τοὺς
531 5644 590 5695 ὲν
620 5645 980 5718 Χριστῷτὴν
1032 5650 1442 5722 ἀχειροποίητον
1488 5653 1789 5722 περιτομὴν

199 5732 276 5797 εἰς
307 5732 442 5788 νοῦν
465 5734 695 5804 ἔχοντας
743 5740 838 5793 καὶ
866 5740 1116 5811 καρδίαν.
1173 5741 1283 5796 Καὶ
1321 5739 1452 5811 γοῦν
1515 5742 1789 5808 Ἰουδαίοις

1890 4549 2072 4603 animo
2159 4550 2627 4620 comprehensam
2688 4546 3099 4617 explicabimus.
3197 4547 3465 4612 Quoniam

1889 4640 2031 4694 enim
2081 4641 2351 4696 sensibilis
2404 4638 2606 4694 Judteaa
2661 4647 2716 4693 et
2755 4637 3056 4695 Jerusalem
3104 4642 3465 4694 vastationem

1891 4729 2071 4785 dicere
2093 4740 2340 4795 conatur,
2370 4732 2488 4802 ejus
2519 4748 2638 4802 qua:
2660 4732 2710 4790 in
2743 4730 2962 4787 Christo
3019 4742 3103 4785 est
3127 4740 3183 4785 et
3210 4731 3467 4800 intelligi-

1887 4823 2015 4880 hilis
2068 4824 2582 4879 demonstrationem
2647 4834 2701 4879 et
2769 4825 3188 4894 patefactionem
3244 4824 3298 4879 in
3362 4824 3467 4879 hoc

1890 4917 2124 4971 mundo:
2159 4917 2261 4971 hac
2278 4917 2343 4971 de
2367 4932 2551 4982 causa,
2587 4931 2691 4972 non
2715 4931 2880 4987 super
2902 4916 3108 4982 Judaea,
3145 4930 3245 4972 nec
3278 4926 3467 4971 contra

1888 5006 2209 5072 Jerusalem,
2233 5008 2326 5061 sed
2345 5008 2410 5062 de
2445 5005 2651 5074 Judaea,
2685 5016 2739 5062 et
2762 5009 2827 5062 de
2848 5006 3148 5064 Jerusalem
3175 5022 3237 5063 se
3261 5007 3465 5062 vidisse

1891 5100 2021 5156 dicit
2055 5099 2338 5154 visionem.
2364 5099 2691 5156 Sensibilem
2749 5116 2876 5156 vero
2899 5100 3141 5157 Judwam
3169 5107 3223 5155 et
3244 5098 3464 5155 Jerusa-

1890 5191 1995 5247 lem
2049 5192 2301 5258 dicimus,
2358 5194 2633 5263 regionem
2682 5194 2851 5263 ipsam
2907 5194 2960 5248 in
3031 5208 3139 5263 qua
3200 5191 3466 5247 habitavit

1890 5284 2078 5350 lsrael,
2140 5293 2194 5339 et
2242 5285 2413 5355 ipsum
2483 5285 2720 5341 Judaica:
2783 5285 3079 5357 Synagoga:
3122 5298 3461 5342 consessum.

1890 5362 2285 5446 lnlelligiliilem
2330 5392 2521 5432 rursus
2566 5375 2865 5432 Jerusalem
2908 5376 3022 5431 sive
3067 5373 3467 5440 Judaeam,sta-

1892 5478 2105 5526 luemus
2132 5485 2252 5526 esse
2288 5470 2614 5536 Ecclesiam,
2636 5484 2731 5524 seu
2766 5482 2885 5522 eam
2912 5482 3032 5536 qua:
3078 5467 3130 5521 in
3159 5466 3352 5535 spiritu
3375 5478 3463 5525 est

1891 5562 2379 5629 circumcisionem,
2428 5562 2480 5617 id
2518 5570 2621 5627 est,
2654 5575 2750 5617 eos
2791 5560 2880 5631 qui
2947 5562 3002 5615 in
3068 5559 3286 5617 Christo
3348 5577 3463 5618 non

1892 5656 2143 5712 manibus
2171 5655 2394 5719 factam,
2421 5653 2516 5709 sed
2539 5654 2703 5708 animi
2755 5667 2819 5709 ac
2864 5653 3046 5709 cordis
3094 5653 3465 5710 circumcisio-

1893 5760 2015 5802 nem
2070 5746 2288 5803 habent.
2335 5744 2547 5816 Quippe
2601 5744 2818 5820 ‘Judaeis
2867 5744 3123 5803 clamavit
3168 5760 3201 5804 ο
3258 5743 3463 5805 sanctis
