4032 6214
549 284 618 341 67
1574 278 1633 333 S.
1672 274 1949 331 CYRILLI
1988 268 2456 328 ALEXANDRINI
2494 272 2808 329 ARClliEP.
3731 274 3810 329 68

559 405 838 474 prophetis
866 416 1039 459 unus:
1073 398 1550 458 Circumcidamini
1580 397 1705 461 Deo,
1733 404 1789 451 et
1838 392 2119 451 circumch

2225 392 2543 465 ἐπεφώνησέ
2590 412 2675 457 τις
2709 392 2817 446 τῶν
2855 391 3026 460 ἁγίων
3058 390 3381 464 προφητῶνο
3413 390 3808 464 Περιτμήθητε

555 496 693 550 detis
720 494 899 549 cordis
913 492 1078 549 vestri
1102 490 1545 554 obstinationem,
1564 488 1664 542 viri
1686 484 1854 540 Judaei
1882 492 1938 540 et
1968 484 2122 539 habi-

553 593 729 639 tantes
781 582 1098 638 Jerusalem.
1123 581 1352 653 Agnovit
1378 580 1536 635 etiam
1578 579 1640 633 D.
1659 575 1856 631 Paulus
1879 574 2122 628 Judaeum

558 677 808 737 alterum,
891 687 997 727 non
1063 688 1127 727 ex
1178 687 1363 738 carne,
1415 669 1509 726 sed
1580 670 1756 739 potius
1804 667 1858 721 iu
1906 665 2119 736 spiritu.

555 765 648 817 Sic
696 765 837 820 enim
884 764 1124 820 scribit:
1159 783 1179 816 ι
1216 762 1334 818 Νοη
1395 761 1538 816 enim
1589 759 1681 830 qui
1734 758 1788 813 in
1840 756 2123 812 manifesto

555 853 773 910 Judaeus
833 866 937 920 est,
971 871 1146 926 neque
1194 869 1315 925 quae
1377 853 1431 908 in
1485 851 1789 917 manifesto,
1821 853 1874 905 in
1934 863 2121 913 carne,

552 948 897 1001 circumcisio
937 955 1054 1002 est:
1098 947 1191 1002 sed
1231 938 1320 1015 qui
1352 946 1404 1000 in
1432 943 1643 998 occulto
1672 941 1888 996 Judaeus
1921 948 2021 1005 est,
2067 949 2125 994 et

553 1035 896 1090 circumcisio
961 1036 1141 1090 cordis
1214 1035 1269 1089 in
1325 1034 1551 1104 spiritu,
1616 1047 1719 1087 non
1772 1032 1826 1086 in
1890 1030 2119 1085 littera:

555 1124 707 1192 cujus
742 1126 859 1179 laus
891 1141 996 1180 non
1046 1140 1114 1180 ex
1149 1125 1473 1188 hominibus,
1513 1124 1607 1179 sed
1643 1138 1710 1176 ex
1756 1123 1864 1176 Deo
1888 1120 2058 1175 est”.
2096 1137 2116 1171 ι

552 1216 846 1285 Diligenter
900 1217 1084 1283 itaque
1124 1215 1515 1269 observandum
1576 1222 1678 1277 est,
1724 1214 1940 1281 quando
1994 1224 2121 1279 pro-

550 1306 711 1373 pheta
775 1313 963 1359 contra
1029 1302 1335 1357 sensibilem
1379 1301 1699 1363 Jerusalem,
1748 1300 1830 1355 vel
1883 1299 2121 1354 Judaeum

554 1397 716 1449 verba
769 1393 932 1461 facit;
981 1392 1192 1461 quando
1245 1391 1371 1445 item
1422 1393 1489 1444 de
1535 1406 1599 1444 ea
1650 1405 1771 1458 quae
1817 1390 1868 1443 in
1908 1388 2123 1444 Christo

554 1491 639 1536 est
702 1491 756 1535 ct
814 1480 1155 1551 itttclligibili,
1219 1495 1337 1548 qua:
1370 1479 1530 1533 etiam
1566 1476 1673 1548 35
1708 1492 1833 1532 vere
1882 1477 2123 1545 perfecta

552 1581 635 1628 est
665 1581 720 1625 et
780 1571 1117 1624 intaminata.
1147 1569 1265 1625 Jam
1322 1583 1452 1623 vero
1516 1569 1645 1638 quid
1679 1568 1847 1621 dicit?

626 1665 788 1718 Vens.
821 1663 877 1727 2,
930 1664 982 1718 3.
1050 1662 1187 1727 Quia
1210 1662 1304 1715 erit
1338 1662 1392 1713 in
1430 1661 1719 1714 novissimis
1747 1658 1929 1712 diebus
1950 1656 2123 1709 mani-

2228 484 2307 555 τῷ
2338 484 2478 555 Θεῷ,
2507 487 2599 539 καὶ
2622 483 3001 555 περιτεμεὼθε
3031 482 3129 554 τὴν
3161 483 3596 556 σκληροκαρδίαν
3618 484 3651 552 ή
3661 482 3804 554 μῶν,

2229 575 2421 646 ἄνδρες
2448 577 2712 639 Ἰουδαῖοι,
2760 576 2853 628 καὶ
2909 575 2959 627 oi
3008 572 3389 645 κατοικοῦντες
3421 574 3805 646 Ἰερουσαλήμ.

2230 663 2385 720 Οἶδεν
2425 666 2480 719 δὲ
2506 668 2534 719 6
2559 665 2843 728 Θεσπέσιος
2873 664 3085 728 Παῦλος
3104 664 3357 718 Ἰουδαῖον
3384 664 3591 735 ἕτερον,
3623 664 3685 725 οὐ
3708 664 3808 718 τὸν

2229 755 2372 810 κατὰ
2397 756 2577 827 σάρκα
2607 754 2829 826 μᾶλλον,
2884 754 3020 809 ἀλλὰ
3051 754 3142 808 τὸν
3174 757 3231 809 ὲν
3263 754 3556 826 πνεύματι.
3592 756 3809 827 Γράφει

2228 847 2337 918 γὰρ
2364 846 2565 910 οὕτως’
2599 865 2619 899 ι
2644 846 2717 901 Ού
2747 846 2855 918 γὰρ
2880 848 2908 899 6
2930 847 2987 900 ὲν
3010 845 3089 917 τῷ
3114 846 3332 918 φανερῷ
3356 845 3606 910 Ἰουδαῖός
3629 849 3806 909 ἐστιν,

2229 938 2350 991 οὐδὲ
2384 938 2417 1007 ἡ
2447 939 2507 991 ὲν
2534 937 2613 1008 τῷ
2659 937 2879 1009 φανερῷ
2932 938 2990 991 ὲν
3031 938 3193 1009 σαρκὶ
3226 936 3518 1009 περιτομὴ,
3552 936 3666 990 ἀλλ’
3691 938 3721 990 6
3743 937 3809 989 ὲν

2227 1028 2307 1099 τῷ
2327 1028 2557 1100 κρυπτῷ
2617 1028 2887 1094 Ἰουδαῖος,
2944 1029 3039 1083 καὶ
3099 1029 3370 1100 περιτομὴ
3436 1030 3680 1098 καρδίας,
3741 1028 3807 1081 ὲν

2229 1119 2517 1190 πνεύματι,
2540 1119 2601 1174 οὐ
2629 1119 2936 1191 γράμματι,
2967 1111 3029 1172 οὗ
3071 1121 3099 1172 6
3138 1119 3355 1182 ἔπαινος
3378 1119 3477 1173 οὐκ
3506 1119 3564 1185 ὲξ
3586 1117 3806 1189 ἀνθρώ-

2229 1229 2367 1273 πων,
2388 1209 2503 1264 ἀλλ’
2520 1211 2585 1263 ὲκ
2611 1209 2703 1263 τοῦ
2729 1209 2884 1265 Θεοῦ.
2898 1228 2917 1261 ›
2939 1208 3059 1281 Χρὴ
3078 1208 3367 1280 τοιγαροῦν
3388 1209 3660 1278 νηφαλίως
3680 1211 3806 1262 ἐπι-

2227 1304 2435 1373 τηρεῖν,
2457 1301 2662 1372 πηνίκα
2699 1300 2844 1370 μὲνὸ
2873 1301 3156 1371 προφήτης
3194 1302 3337 1354 κατὰ
3387 1300 3486 1370 τῆς
3531 1299 3806 1368 Ἰερουσαο

2228 1393 2360 1464 λὴμ,
2397 1394 2565 1463 ἤγουν
2626 1392 2920 1457 Ἰουδαίας,
2971 1394 3205 1444 ποιεῖται
3250 1389 3461 1459 λόγους,
3508 1390 3710 1459 πηνίκα
3742 1389 3803 1443 δὲ

2228 1487 2357 1557 περὶ
2384 1485 2484 1555 τῆς
2513 1487 2570 1539 ὲν
2601 1485 2820 1556 Χριστῷ
2844 1486 2938 1538 καὶ
2970 1486 3186 1555 νοητῆς,
3226 1484 3260 1556 ἢ
3289 1484 3385 1537 καὶ
3432 1483 3647 1555 ἀληθῶς
3680 1484 3803 1536 ἐστι
3880 1530 3887 1535 ,

2227 1573 2407 1628 τελεία
2440 1578 2535 1627 καὶ¹
2560 1574 2808 1645 ἄμωμος.
2844 1575 2911 1627 Τί
2938 1575 3116 1628 τοίνυν
3146 1574 3340 1645 φησίν;

2301 1662 2429 1715 Ὀτι
2476 1662 2646 1717 ἐσται
2673 1662 2743 1714 ἐν
2770 1662 2894 1727 ταῖς
2927 1662 3212 1731 ἐσχάταις
3240 1661 3488 1730 ἡμέραις
3534 1661 3804 1731 ἐμφανὲς

551 1755 714 1825 festus
762 1770 908 1807 mons
954 1752 1186 1817 Domini,
1246 1760 1295 1805 et
1348 1751 1532 1804 domus
1578 1749 1674 1803 Dei
1716 1750 1773 1802 in
1843 1747 2116 1803 verticibus

2220 1751 2283 1806 τὸ
2316 1752 2452 1820 ὄρος
2488 1754 2729 1820 Κυρίου,
2760 1753 2857 1806 καί
2887 1756 2920 1807 d
2946 1749 3109 1819 οἶκος
3141 1752 3247 1806 τοῦ
3289 1752 3438 1806 Θεοῦ
3466 1752 3561 1806 ἐπ’
3589 1750 3803 1818 ἄκρων

550 1848 826 1909 montium,
854 1856 900 1897 et
926 1844 1204 1899 extolletur
1249 1858 1409 1910 supra
1456 1840 1650 1904 ‘colles,
1705 1847 1755 1894 et
1806 1840 2003 1894 venient
2047 1839 2117 1891 ad

550 1936 701 1989 illum
735 1950 910 1987 omnes
936 1942 1131 2002 gentes.
1168 1929 1236 1983 Et
1266 1931 1408 1983 ibunt
1444 1940 1616 1999 gentes
1642 1927 1822 1980 multa,
1848 1934 1897 1980 et
1922 1928 2116 1979 dicent:

556 2025 762 2090 Venite,
787 2024 1131 2078 ascendamus
1150 2025 1204 2076 in
1230 2032 1450 2075 montem
1481 2019 1717 2081 Domini,
1746 2026 1796 2071 et
1819 2018 1874 2071 in
1906 2018 2117 2070 domum

549 2117 647 2171 Dei
710 2115 895 2181 Iacob,
943 2125 992 2167 et
1049 2112 1380 2167 annuntiabit
1442 2111 1587 2164 nobis
1654 2110 1789 2163 viam
1836 2124 2006 2172 suam,
2066 2119 2115 2161 et

548 2206 926 2260 ambulabimus
964 2207 1017 2257 in
1043 2220 1126 2258 ea.
1181 2201 1265 2256 Ea:
1299 2201 1427 2256 Sion
1454 2202 1590 2255 enim
1656 2199 1952 2271 egredietur
2008 2201 2111 2264 lex,

547 2307 598 2353 et
639 2299 847 2353 verbum
888 2296 1100 2349 Domini
1137 2296 1201 2348 de
1228 2292 1543 2350 Jerusalem.

616 2450 927 2506 Terminata
948 2456 1032 2504 est
1047 2447 1308 2517 siquidem
1334 2454 1389 2503 et
1408 2446 1648 2502 absoluta
1664 2447 1799 2502 visio
1822 2445 2114 2517 prophetae.

548 2542 617 2598 Et
643 2540 999 2612 praecedentis
1045 2538 1409 2610 praedictionis
1449 2538 1640 2592 ultima
1669 2538 1909 2593 clausula
1975 2548 2113 2593 erat.

548 2635 893 2705 QuaprOpter
928 2633 1135 2702 pudore
1182 2629 1492 2686 afﬁcientur
1539 2645 1702 2701 super
1758 2628 1936 2697 idolis,
1996 2645 2118 2699 qua:

546 2725 652 2795 ipsi
704 2723 1030 2779 voluerunt:
1070 2731 1126 2777 et
1155 2721 1486 2778 erubuerunt
1520 2737 1682 2792 super
1733 2722 1907 2777 hortis
1976 2723 2112 2786 suis,

547 2830 682 2885 quos
694 2804 1090 2885 appetiverunt.
1110 2812 1566 2879 Quemadmodum
1580 2827 1709 2867 vero
1724 2814 1926 2883 pudore
1939 2810 2116 2868 atiecti

547 2905 749 2963 fuerint
819 2905 1071 2961 lsraelitae
1118 2906 1172 2960 in
1218 2904 1373 2959 idolis
1413 2904 1549 2969 suis,
1598 2905 1807 2960 abunde
1860 2905 2117 2965 diximus.

546 2994 681 3049 Cum
734 3004 911 3050 autent
953 2996 1248 3065 prophetiae
1275 2996 1340 3051 de
1381 2994 1484 3049 illis
1530 2995 1732 3048 mentio
1799 2992 1945 3049 facta
2012 2996 2102 3062 sit,

549 3084 812 3154 incipiens
861 3086 1120 3154 pr0pheta
1173 3085 1407 3139 vicinam
1455 3085 1646 3140 ordine
1682 3093 1737 3138 et
1804 3084 2100 3140 secundam
2138 3071 2181 3131 α

546 3175 832 3241 visionem,
882 3185 1093 3245 tempus
1146 3175 1414 3246 designat,
1468 3189 1596 3245 quo,
1650 3189 1756 3229 non
1810 3175 1863 3229 in
1936 3176 2115 3244 aliqua

547 3276 702 3338 parte
740 3268 891 3323 orbis
913 3276 1201 3332 terrarum,
1253 3284 1361 3323 non
1409 3269 1462 3322 in
1495 3282 1598 3321 una
1654 3269 1875 3338 regione
1940 3278 1996 3322 et
2040 3268 2121 3323 ci-

549 3358 737 3424 vitate,
816 3358 1015 3414 diaboli
1120 3359 1402 3426 imperium
1482 3360 1746 3425 concidet,
1806 3360 1858 3413 in
1938 3366 2107 3414 totum

548 3449 745 3504 evulso
790 3450 934 3503 cultu
993 3459 1047 3503 et
1088 3451 1315 3518 profano
1359 3459 1618 3519 apparatu
1667 3449 1928 3505 idolorum
1976 3468 1988 3503 :
2024 3449 2117 3504 sed

546 3555 614 3596 ex
652 3543 804 3596 omni
850 3540 967 3596 loco
1019 3543 1117 3596 sub
1143 3542 1280 3596 crelo
1303 3541 1391 3595 ille
1444 3541 1662 3596 morbus
1705 3551 1760 3595 et
1814 3542 2117 3595 immundo-

550 3648 669 3687 rum
709 3614 1030 3688 daemonum‘
1078 3634 1327 3704 tyrannis
1378 3632 1763 3690 eliminabitur.
1806 3633 2113 3689 Perfectum

547 3722 688 3776 istud
741 3734 870 3775 vero
922 3730 1006 3775 est
1048 3721 1364 3776 mortalibus
1457 3722 1508 3775 in
1560 3723 1819 3778 extremis
1886 3723 2115 3785 diebus,

548 3811 601 3866 id
642 3820 727 3867 est
775 3812 978 3866 ultimis
1040 3813 1197 3881 hujus
1263 3812 1444 3868 saeculi
1498 3814 1851 3883 temporibus,
1921 3816 2117 3883 quibus

546 3900 880 3967 unigenitum
935 3901 1025 3955 Dei
1067 3899 1304 3955 Verbum
1346 3901 1547 3956 factum
1597 3918 1748 3968 caro,
1806 3914 1989 3959 uatum
2048 3919 2115 3958 ex

547 3990 795 4053 muliere,
828 3992 1109 4059 apparuit:
1151 4006 1273 4045 cum
1306 3993 1694 4063 intelligibilem
1738 3993 1979 4050 Judaeum
2028 3995 2116 4049 vel

544 4081 869 4148 Jerusalem,
930 4083 1030 4136 hoc
1085 4091 1167 4136 est
1211 4083 1542 4151 Ecclesiam,
1597 4085 1697 4139 sibi
1746 4086 1859 4155 ipse
1916 4103 2117 4157 reprae-

546 4180 784 4227 sentaret
811 4170 1161 4234 acsisteret,
1204 4168 1471 4240 virginem‘
1515 4181 1739 4241 castam,
1772 4190 1879 4230 non
1921 4192 2107 4246 rugam

546 4272 640 4317 aut
705 4262 971 4332 ejusmodi
1041 4261 1316 4331 quidpiam
1404 4264 1715 4329 habentem,
1775 4268 1871 4322 sed
1938 4268 2117 4336 potius

2218 1837 2338 1892 τῶν
2381 1839 2583 1906 ὀρέων.
2618 1838 2728 1894 Καὶ
2756 1840 3141 1910 ὑψωθήσεται
3170 1840 3444 1907 ὑπεράνω
3485 1838 3606 1892 τῶν
3642 1840 3806 1903 ,ϐου-

2218 1927 2360 1992 νῶν,
2394 1927 2492 1981 καί
2528 1928 2789 1996 ἥξουσιν
2830 1930 2923 1983 ἐπ’
2960 1931 3105 1984 αὐτὸ
3138 1928 3337 1983 πάντα
3369 1928 3441 1982 τὰ
3470 1929 3634 1996 ἔθνη.
3683 1927 3802 1981 Kal

2218 2021 2619 2087 πορεύσονται
2639 2019 2784 2088 ἔθνη
2805 2020 3026 2085 πολλὰ,
3043 2019 3140 2074 καί
3164 2018 3410 2089 ἐροῦσιν
3425 2036 3439 2050 ο
3462 2019 3639 2072 Δεῦτε
3651 2018 3803 2073 ἀνα-

2220 2107 2410 2176 δῶμεν
2428 2111 2513 2175 εις
2532 2109 2595 2161 τὸ
2619 2109 2755 2176 ὄρος
2772 2109 2880 2163 τοῦ
2895 2110 3134 2178 Κυρίου,
3154 2110 3252 2164 καί
3266 2111 3354 2175 είς
3369 2109 3475 2162 τόν
3497 2105 3665 2163 οἷκον
3684 2109 3799 2164 τοῦ

2220 2198 2367 2253 Θεοῦ
2396 2200 2619 2260 Ἰακὼϐ.
2636 2199 2742 2255 καί
2784 2200 3104 2269 ἀναγγελεῖ
3121 2201 3263 2270 ἡμῖν
3281 2201 3395 2270 τὴν
3415 2201 3559 2256 ὁδὸν
3582 2203 3795 2268 αὑτοῦ,

2218 2291 2315 2344 καί
2357 2291 2769 2360 πορευσόμεθα
2801 2291 2869 2344 ἐν
2894 2290 3070 2360 αὐτῇ.
3110 2293 3209 2346 Ἐκ
3233 2292 3343 2362 γὰρ
3372 2293 3525 2346 Σιὼν
3551 2293 3799 2358 ἐξελεύσ-

2218 2395 2388 2433 σεται
2428 2380 2632 2447 νόμος,
2668 2379 2769 2433 καί
2798 2378 2979 2450 λόγος
3015 2382 3234 2450 Κυρίου
3262 2381 3331 2445 ἐξ
3374 2381 3794 2452 Ἰερουσαλήμ.

2288 2469 2569 2537 Κατέληξε
2621 2470 2719 2540 μὲν
2764 2469 2934 2542 γὰρή
2973 2472 3161 2543 ὅρασις
3191 2470 3360 2542 αὐτῷ.
3407 2473 3517 2526 Καὶ
3560 2472 3658 2543 τῆς
3689 2474 3798 2544 ήδη

2220 2559 2506 2632 φθασάσης
2539 2561 2991 2632 προαγορεύσεως
3016 2562 3079 2615 τὸ
3118 2562 3269 2626 τέλος
3295 2558 3384 2634 ἦν.
3429 2564 3571 2617 Διότι
3601 2581 3798 2618 καται-

2222 2651 2608 2722 σχυνθήσονται
2676 2652 2770 2706 ἐπὶ
2829 2655 2943 2716 τοῖς
3002 2642 3242 2717 εἰδώλοις
3296 2655 3474 2708 αὐτῶν
3534 2654 3571 2709 ὃ.
3636 2656 3799 2710 αὐτοὶ

2221 2742 2536 2812 ἠϐούλοντο,
2577 2745 2671 2797 καὶ
2714 2742 3128 2815 ἐπῃσχύνθησαν
3158 2744 3250 2799 ἐπὶ
3294 2749 3407 2809 τοῖς
3451 2748 3649 2818 κήποις
3678 2748 3800 2801 αὐ-

2217 2832 2347 2899 τῶν,
2398 2826 2475 2887 ὧν
2520 2834 2673 2886 αὐτοὶ
2716 2832 3088 2903 ἐπεθύμησαν.
3140 2835 3253 2888 Καὶ
3287 2835 3407 2887 τίνα
3456 2836 3554 2905 μὲν
3594 2836 3796 2906 τρόπον

2218 2924 2671 2996 κατῃσχύνθησαν
2714 2925 2765 2977 οί
2813 2923 2873 2988 ἐξ
2915 2923 3130 2995 Ἰσραὴλ
3162 2924 3255 2976 ἐπὶ
3284 2927 3396 2987 τοῖς
3426 2924 3661 2988 εἰδώλοις
3693 2925 3793 2978 αὒ-

2217 3017 2347 3081 τῶν,
2381 3016 2619 3088 διαρκῶς
2662 3017 2981 3087 εἰρήκαμεν.
3013 3016 3227 3088 Ἐπειδὴ
3271 3016 3327 3069 δὲ
3362 3018 3549 3087 μνήμη
3598 3016 3796 3091 γέγονε

2217 3110 2316 3180 τῆς
2350 3108 2438 3160 ἐπ’
2469 3109 2652 3171 αὐτοῖς
2699 3108 3066 3178 προφητείας,
3101 3107 3401 3180 ἀρχόμενος
3427 3111 3455 3162 6
3505 3109 3796 3180 προφήτης

2219 3200 2461 3269 γείτονος
2517 3199 2713 3269 ἐφεξῆς
2772 3198 2864 3252 καὶ
2920 3197 3177 3269 δευτέρας
3221 3199 3496 3270 ὁράσεως,
3551 3215 3791 3269 καταση-

2221 3291 2397 3361 μαίνει
2443 3289 2535 3342 τὸν
2581 3289 2792 3360 χρόνον,
2844 3287 2964 3341 καθ’
3003 3288 3063 3341 ὃν
3107 3288 3207 3341 ούκ
3256 3290 3335 3351 εἰς
3376 3288 3539 3360 μέρος
3589 3305 3641 3341 τι
3689 3288 3793 3358 τῆς

2216 3384 2352 3453 γῆς,
2398 3382 2519 3435 οὐδὲ
2561 3384 2619 3436 ἐν
2670 3382 2769 3452 μιᾷ
2814 3382 2968 3453 χώρᾳ
2997 3398 3055 3434 τε
3107 3382 3200 3435 καὶ
3257 3382 3409 3435 πόλει
3434 3381 3497 3434 τὸ
3533 3379 3624 3434 τοῦ
3670 3380 3790 3434 δια-

2217 3473 2374 3526 δόλου
2449 3474 2695 3525 πεσεῖται
2762 3474 3000 3542 κράτος,
3062 3471 3450 3542 καθῃρημένης
3509 3473 3590 3534 εἰς
3643 3470 3791 3526 ἅπαν

2216 3560 2316 3628 τῆς
2344 3558 2451 3612 τῶν
2480 3558 2714 3612 εἰδώλων
2738 3558 2993 3631 λατρείας
3040 3560 3133 3613 καὶ
3164 3559 3391 3629 βεϐήλου
3422 3559 3786 3629 κατασκευῆς,

2216 3650 2329 3702 ἀλλ’
2378 3650 2436 3716 ἐξ
2486 3650 2703 3719 ἁπάσης
2753 3648 3089 3722 ληφθήσεται
3143 3653 3244 3721 τῆς
3307 3650 3399 3704 ὑπ’
3457 3650 3683 3721 οὐρανὸν
3754 3653 3791 3722 ή

2214 3741 2391 3794 τοιάδε
2439 3741 2616 3804 νόσος,
2663 3741 2757 3794 καὶ
2792 3742 2901 3794 τῶν
2931 3742 3254 3811 ἀκαθάρτων
3284 3741 3574 3811 δαιμονίων
3619 3743 3652 3812 ή
3694 3758 3796 3793 τυ.

2219 3832 2421 3899 ραννίς.
2453 3832 2824 3902 Κατώρθωται
2857 3832 2914 3884 δὲ
2946 3832 3039 3884 καὶ
3079 3832 3238 3884 τοῦτο
3269 3834 3382 3895 τοῖς
3425 3834 3520 3885 ἐπὶ
3561 3833 3660 3903 τῆς
3684 3833 3797 3902 γῆς

2217 3926 2275 3976 ὲν
2300 3922 2553 3992 ἐσχάταις
2592 3919 2844 3990 ἡμέραις,
2875 3919 3018 3973 τοῦτ’
3048 3919 3215 3982 ἐστιν,
3242 3920 3300 3972 ἐν
3333 3920 3661 3982 τελευταίοις
3691 3922 3796 3974 τοῦ

2218 4015 2480 4086 παρόντος
2526 4011 2717 4074 αἰῶνος
2748 4014 2976 4081 καιροῖς,
3009 4010 3132 4063 καθ’
3166 4009 3258 4071 οὓς
3284 4008 3594 4078 ἐπέλαμψεν
3629 4010 3658 4061 6
3691 4025 3799 4079 με·-

2217 4106 2440 4174 νογενὴς
2475 4102 2568 4157 τοῦ
2611 4102 2746 4156 Θεοῦ
2790 4103 2993 4171 Λόγος,
3048 4102 3336 4170 γενόμενος
3403 4104 3469 4155 ὲκ
3509 4101 3791 4169 γυναικός.

2220 4198 2349 4250 Ὅτε
2382 4195 2475 4249 καὶ
2499 4194 2660 4258 αὐτὸς
2712 4192 2890 4264 ἑαυτῷ
2923 4192 3232 4264 παρέστησε
3275 4192 3376 4263 τὴν
3415 4191 3613 4262 νοητὴν
3653 4190 3793 4243 Ἰουι

2216 4286 2394 4350 δαίαν,
2429 4286 2597 4356 ήγουν
2639 4283 3012 4355 Ἰερουσαλὴμ,
3042 4283 3184 4336 τοῦτ’
3226 4282 3391 4347 ἐστιν,
3420 4282 3519 4351 τὴν
3560 4279 3794 4350 Ἐκκλη-

545 4362 787 4408 sanctam
828 4361 883 4407 et
914 4354 1335 4420 immaculatam,
1373 4355 1449 4408 uti
1504 4356 1764 4425 scriptum
1786 4366 1890 4412 est.
1932 4359 2008 4414 De
2049 4375 2109 4413 ea

2220 4377 2339 4429 σίαν
2385 4354 2651 4446 παρθένον
2682 4354 2873 4446 ἁγνὴν,
2913 4375 2986 4445 μὴ
3022 4374 3248 4444 ἔχουσαν
3278 4374 3484 4436 σπῖλον,
3513 4371 3546 4443 ἢ
3578 4369 3791 4440 ῥυτίδα,

544 4457 678 4498 vero
707 4445 858 4510 dicit,
892 4461 913 4496 ι
946 4445 1079 4511 Quia
1112 4448 1277 4507 eritiu
1305 4450 1765 4504 extremisdiebus
1796 4453 2112 4521 spectabilis

547 4549 701 4589 mons
765 4537 995 4605 Domini,
1032 4547 1086 4591 et
1120 4538 1311 4593 domus
1355 4540 1443 4594 Dei
1483 4539 1651 4596 Jacob
1728 4557 1891 4612 super
1951 4545 2113 4599 editis

548 4626 847 4682 montibus.
888 4645 907 4678 ι
952 4627 1171 4697 Legitur
1196 4631 1409 4697 quidem
1474 4631 1605 4686 Sion
1673 4632 1761 4687 illa
1806 4633 2114 4693 Iudaeorum

549 4715 602 4769 in
627 4725 808 4769 monte
829 4717 933 4771 sita
957 4727 1012 4771 et
1038 4717 1329 4785 aediﬁcata;
1361 4720 1584 4788 intelligi
1620 4732 1796 4777 tamen
1827 4732 2005 4792 potest
2026 4724 2115 4780 hic

549 4818 655 4859 non
688 4820 873 4860 crasse
899 4814 996 4860 aut
1014 4807 1435 4875 sensibiliter,at
1468 4811 1821 4879 spiritualiter
1851 4813 2111 4880 Ecclesia,

546 4910 668 4965 quae
705 4898 866 4952 etiam
916 4897 1086 4952 monti
1128 4910 1490 4968 comparatur.
1545 4901 1757 4957 Etenim
1775 4918 1902 4957 vere
1921 4914 2113 4960 estex-

545 4989 691 5043 celsa
715 4997 770 5043 et
793 4983 1036 5054 illustris,
1062 5000 1115 5044 et
1132 4992 1381 5046 omnibus
1400 4992 1596 5062 ubique
1625 4994 1926 5051 notissima.
1944 4995 2116 5050 Aliter
2166 4986 2177 4997 ’

544 5078 710 5133 etiam
751 5080 962 5134 excelsa
991 5089 1095 5146 est,
1123 5083 1382 5149 quoniam
1433 5083 1635 5138 terreni
1688 5083 1821 5138 nihil
1849 5086 2011 5154 sapit,
2061 5095 2117 5139 at

544 5183 707 5237 supra
746 5185 834 5226 res
864 5183 1107 5226 terrenas
1150 5184 1252 5235 est,
1289 5182 1344 5226 et
1384 5173 1610 5243 gloriam
1667 5175 1784 5243 Dei,
1848 5188 2114 5246 quatenus

542 5257 690 5322 licet,
738 5263 902 5315 animi
952 5263 1124 5318 oculis
1174 5263 1428 5329 intuetur,
1462 5273 1516 5318 et
1560 5266 1907 5325 sublimibus.
1936 5270 2117 5324 admo-

545 5350 671 5403 dum
707 5351 773 5406 de
803 5353 914 5408 Deo
941 5356 1286 5424 Opinionibus
1311 5356 1590 5426 gloriatur.
1639 5357 1947 5415 Graecorum
1966 5362 2111 5416 enim

544 5439 762 5505 eruditi,
792 5441 901 5512 36
938 5446 1147 5501 etiamsi
1176 5447 1455 5517 sapientia:
1489 5448 1708 5504 nomine
1742 5450 1897 5504 valde
1916 5467 2109 5521 super-

544 5529 728 5584 cilium
783 5533 1036 5587 tollerent
1091 5555 1108 5593 :
1174 5552 1438 5594 creatum
1513 5549 1690 5597 tamen
1774 5542 2108 5598 divinitatem

550 5618 833 5688 attingunt,
869 5625 1161 5695 mundique
1200 5628 1480 5688 elementis
1512 5633 1916 5689 venerationem
1942 5635 2105 5690 attri-
2139 5700 2161 5717 _

623 5730 670 5764 ³³
699 5732 859 5792 ltom.
890 5750 927 5790 ιι
947 5773 964 5803 ,
997 5735 1090 5805 28,
1120 5736 1213 5792 29.

2217 4467 2253 4536 ή
2286 4483 2338 4518 τι
2368 4466 2476 4518 τῶν
2500 4465 2779 4529 τοιούτων,
2825 4463 2966 4518 κατὰ
2995 4464 3056 4516 τὸ
3093 4463 3504 4534 γεγραμμένον
3538 4460 3696 4530 ἁγίαν
3727 4459 3790 4513 δὲ

2219 4557 2417 4628 μᾶλλον
2466 4556 2559 4609 καὶ
2603 4556 2852 4626 ἄμωμον.
2904 4556 3016 4610 Καὶ
3069 4554 3195 4624 περὶ
3247 4553 3417 4623 αὐτῆς
3460 4569 3659 4623 φησιν,
3704 4551 3791 4605 ὃτι

2216 4649 2367 4701 ἔσται
2396 4650 2453 4700 ὲν
2481 4650 2601 4710 ταῖς
2631 4647 2885 4716 ἐσχάταις
2906 4646 3139 4717 ἡμέραις
3164 4645 3407 4715 ἐμφανὲς
3427 4646 3489 4698 τὸ
3513 4644 3639 4715 ὅρος
3670 4645 3793 4697 Ku-

2219 4740 2356 4811 ρίου,
2398 4740 2492 4793 καὶ
2526 4740 2554 4789 6
2594 4734 2741 4800 οἶκος
2775 4738 2870 4791 τοῦ
2921 4736 3056 4790 Θεοῦ
3104 4735 3299 4791 Ἰακὼϐ
3332 4735 3420 4788 ἐπ’
3453 4736 3636 4806 ἄκρων
3677 4733 3791 4789 τῶν

2216 4832 2405 4903 ὀρέων.
2439 4829 2549 4882 Καὶ
2581 4831 2710 4899 ήμῖν
2742 4828 2840 4898 μὲν
2880 4827 3018 4883 Σιὼν
3051 4830 3085 4897 ὴ
3112 4828 3257 4882 κατά
3285 4844 3351 4896 γε
3378 4826 3476 4896 τὴν
3510 4826 3787 4890 Ἰουδαίαν,

2218 4922 2277 4973 ὲν
2305 4920 2421 4992 δρει
2453 4920 2661 4972 κεῖσθαί
2691 4936 2747 4971 τε
2788 4919 2882 4971 καὶ
2922 4918 3323 4990 οἰκοδομεῖσθαι
3369 4917 3611 4985 λέγεται.
3645 4915 3791 4983 Νοη-
3842 4920 3850 4936 ³

2218 5010 2334 5081 θείη
2361 5010 2405 5062 δ’
2442 5010 2509 5063 ἂν
2540 5010 2640 5063 οὑκ
2667 5008 2937 5080 αἰσθητῶς
2966 5009 3188 5080 μᾶλλον,
3229 5008 3366 5063 ἀλλὰ
3403 5004 3790 5074 πνευματικῶς

2218 5104 2276 5156 ὲν
2308 5101 2518 5166 τούτοις
2561 5103 2595 5173 ἡ
2642 5100 2956 5172 Ἐκκλησία,
3003 5101 3039 5172 ἡ
3090 5102 3185 5155 καὶ
3223 5101 3340 5171 δρει
3370 5095 3786 5168 παρεικάςεται.

2216 5192 2327 5246 Ka‘t
2368 5191 2477 5262 γὰρ
2525 5190 2671 5243 ἔστιν
2699 5190 2915 5261 άληθῶς
2961 5191 3135 5262 ὑψηλὴ
3189 5190 3283 5242 καὶ
3329 5187 3643 5257 περίοπτος,
3691 5187 3786 5242 καὶ

2217 5283 2612 5355 γνωριμωτάτη
2657 5285 2769 5346 τοῖς
2813 5280 3144 5350 ἁπανταχοῦ.
3190 5278 3398 5348 ’Υψηλὴ
3418 5326 3431 5343 ,
3448 5277 3508 5330 δὲ
3551 5278 3646 5332 καὶ
3674 5278 3784 5331 ἑτέ-

2220 5389 2365 5445 ρως·
2404 5374 2617 5443 φρονεῖν
2642 5374 2771 5445 γὰρ
2818 5372 2924 5425 τῶν
2970 5368 3226 5435 ἐπιγείων
3274 5367 3427 5420 οὐδὲν
3462 5367 3600 5433 ἀλλ’,
3646 5365 3781 5435 ὑψοῦ

2216 5463 2322 5516 τῶν
2355 5463 2611 5530 ἐπιγείων
2642 5444 2813 5527 ἔστιν,
2848 5460 2942 5513 καὶ
2977 5458 3072 5529 τὴν
3094 5456 3187 5510 τοῦ
3210 5456 3346 5510 Θεοῦ
3374 5458 3551 5525 δόξαν,
3583 5456 3658 5519 ὡς
3678 5455 3780 5519 ἔνι,

2216 5552 2503 5624 περιαθρεῖ
2547 5554 2660 5616 τοῖς
2706 5551 2803 5621 τῆς
2845 5548 3082 5610 διανοίας
3121 5547 3371 5617 ὄμμασι,
3414 5547 3509 5601 καὶ
3557 5543 3781 5615 ὑψηλοῖς

2216 5645 2356 5712 ἄγαν
2400 5645 2511 5708 τοῖς
2553 5643 2682 5711 περὶ
2720 5641 2885 5697 αὐτοῦ
2915 5640 3181 5711 δόγμασιν
3219 5640 3468 5709 ὲπαυχεῖ.
3513 5633 3780 5719 Ἑλλήνων
