4012 6216
291 315 370 370 69
1310 372 1317 379 .
1477 316 1546 372 ΙΝ
1583 316 1817 374 ISAIAM
1854 317 1888 373 L

2024 318 2062 372 Ι.
2105 315 2310 372 ORAT.
2354 317 2420 371 ll.
3488 329 3556 385 ἰο

298 435 544 507 μὲνγὰρ
575 435 625 487 oi
658 434 906 503 λογάδες,
952 436 1127 491 καίτοι
1174 439 1416 510 μεγάλην
1454 438 1547 492 ἐπὶ
1584 439 1743 510 σοφίᾳ
1784 440 1885 512 τὴν

1991 438 2179 494 buunt.
2243 440 2539 495 Terrenam
2590 441 2855 511 siquidem
2919 444 3120 501 habent
3176 461 3439 515 mentum,
3501 457 3559 503 et

295 525 479 595 ὀφρὺν
510 525 887 590 ἀνασπῶντες,
923 526 1227 581 θεοποιοῦσι
1262 528 1360 600 τὴν
1385 531 1579 595 κτίσιν,
1628 532 1723 586 καὶ
1770 535 1884 596 τοῖς

296 615 401 669 τοῦ
427 615 632 686 κόσμου
657 618 943 687 στοιχείοις
972 618 1034 671 τὸ
1063 619 1226 685 σέϐας
1249 621 1566 678 ἀνάπτουσι.
1591 624 1884 696 Χθαμαλδν

294 707 416 778 γὰρ
441 706 627 777 ἔχουσι
655 707 749 762 τὸν
778 708 926 776 νοῦν,
954 710 1049 763 καὶ
1077 714 1387 785 χαμαιριφῆ
1432 715 1501 768 τὰ
1530 714 1881 786 θεωρήματα,

465 798 563 866 τὴν
629 798 860 868 καρδίαν
912 799 1335 873 ὲσκοτισμένην·
1393 804 1690 873 φάσκοντες
1745 802 1885 860 εἶναι

298 887 465 956 σοφοὶ
488 888 908 959 ἐμωράνθησαν,
936 890 1077 944 κατά
1116 892 1177 944 τὸ
1202 895 1605 964 γεγραμμένον.
1646 896 1710 948 Ἡ
1736 895 1803 959 δέ
1820 913 1884 964 γε

297 978 476 1048 νοητὴ
526 977 687 1043 Σιὼν,
741 979 889 1033 τοῦτ’
923 980 1091 1046 ἔστιν,
1126 984 1160 1053 η
1220 984 1535 1056 Ἐκκλησία,
1568 989 1746 1041 πᾶσαν
1787 989 1884 1058 μὲν

298 1069 679 1140 ὑπερίπταται
696 1072 875 1128 κτίσιν
899 1074 1101 1145 ὁρατήν
1123 1091 1184 1127 τε
1206 1077 1297 1129 καὶ
1313 1077 1562 1148 ἀόρατον,
1579 1080 1884 1148 ἀφικνεῖται

297 1157 365 1210 δὲ
410 1162 548 1233 πρὸς
586 1160 756 1231 αὐτὴν
789 1160 890 1232 τὴν
913 1163 1019 1215 τῶν
1043 1162 1180 1217 ὅλων
1207 1165 1462 1220 ἐπέκεινα
1496 1167 1676 1236 φύσιν.
1704 1168 1885 1232 Φωτὸς

304 1256 425 1327 γὰρ
446 1253 542 1308 τοῦ
568 1253 713 1306 θείου
737 1253 1107 1323 μμέστωται,
1141 1256 1236 1309 καὶ
1260 1256 1426 1329 αὐτὴν
1452 1258 1885 1327 ὲπιγινώσκουσα

304 1350 408 1402 καὶ
460 1346 788 1417 δημιουργὸν
838 1345 934 1398 καὶ
976 1346 1229 1418 τεχνίτην
1287 1349 1397 1403 τῶν
1452 1351 1590 1404 ὅλων
1636 1353 1773 1423 αὐτῇ
1824 1368 1883 1404 τε

302 1441 406 1493 καὶ
438 1439 571 1508 μόνῃ
604 1437 665 1489 τὸ
696 1436 839 1489 κατά
871 1437 1087 1490 πάντων
1116 1440 1377 1511 ἀπονέμει
1401 1444 1617 1513 κράτος.
1664 1444 1772 1495 Καὶ
1815 1445 1882 1514 τῇ

303 1530 490 1600 τοιᾷδε
520 1526 643 1596 δόξῃ
683 1529 941 1596 στεφανοῖ
964 1528 1055 1581 τὸν
1084 1529 1191 1581 τῶν
1221 1531 1357 1585 ὅλων
1401 1532 1748 1603 παμϐασιλέα
1789 1534 1885 1586 καὶ

302 1624 443 1676 Θεὸν
490 1622 584 1674 καὶ
624 1618 849 1691 Κύριον.
907 1621 1070 1690 Ὄρος
1120 1622 1409 1692 τοιγαροῦν
1456 1625 1646 1693 νοητὸν
1681 1624 1710 1676 ὀ
1738 1619 1885 1688 οἶκος

299 1716 403 1769 τοῦ
431 1713 565 1769 Θεοῦ
589 1714 812 1775 δικαίως
842 1711 909 1765 ἂν
934 1710 1162 1779 λέγοιτο.
1196 1714 1303 1766 Καὶ
1337 1714 1450 1768 ἔστι
1490 1715 1773 1787 διαφανὴς,
1808 1716 1885 1780 ὡς

1989 531 2219 586 humiles
2244 533 2620 602 cogitationes,
2666 541 2723 589 et
2749 548 2845 589 cur
2902 536 3316 593 obtenebratum
3367 556 3381 593 :
3430 555 3553 595 cum

1985 633 2044 674 se
2094 620 2339 677 dicerent
2366 638 2490 678 esse
2527 623 2826 694 sapientes,
2887 627 3133 684 infamati
3200 640 3347 698 sunt,
3398 632 3560 687 sicuti

1985 708 2248 778 scriptum
2306 720 2390 767 est
2438 712 2506 768 ⁸³.
2559 714 2631 767 At
2688 713 2820 769 Sion
2873 714 3262 787 intelligibilis,
3317 720 3560 776 Ecclesia

1984 800 2213 866 scilicet,
2247 815 2410 871 supra
2458 818 2672 860 omnem
2720 816 3025 863 creaturam
3068 817 3123 864 et
3172 812 3557 880 aspectabilem

1984 901 2038 944 et
2128 892 2570 961 inaspectabilem
2622 896 2820 963 evolat,
2874 908 2931 954 et
2988 900 3126 955 ultra
3175 900 3348 971 ipsam
3424 905 3559 960 adeo

1984 981 2355 1039 universitatis
2425 996 2679 1041 naturam
2707 990 2982 1061 pertingit,
3051 990 3332 1048 lucéenim
3378 992 3559 1050 divina

1984 1072 2138 1142 plena
2166 1083 2270 1141 est,
2313 1075 2567 1148 illamque
2612 1082 2857 1149 agnoscit
2905 1080 3151 1151 Opiﬁcem
3186 1083 3560 1153 artiﬁcemque

1985 1164 2385 1232 universorum,
2413 1167 2487 1222 illi
2551 1178 2713 1239 atque
2789 1173 2923 1227 adeo
2966 1172 3065 1227 soli
3134 1175 3428 1244 potentiam
3501 1175 3558 1229 in

1984 1256 2163 1309 omnia
2221 1256 2440 1323 tribuit,
2529 1268 2584 1314 et
2636 1261 2902 1329 ejusmodi
2957 1263 3126 1331 gloria
3181 1265 3557 1320 universorum

1986 1346 2185 1417 Regem
2214 1359 2601 1418 praepotentem
2637 1366 2700 1406 ac
2758 1351 3043 1406 Dominum
3091 1362 3340 1409 coronat.
3415 1356 3558 1411 Hinc

1985 1438 2147 1507 igitur
2177 1453 2330 1492 mons
2373 1439 2728 1510 intelligibilis
2774 1443 2965 1499 domus
2996 1443 3086 1498 Dei
3118 1442 3242 1510 jure
3269 1444 3375 1500 dici
3433 1460 3559 1514 pos-

1985 1529 2078 1583 sit.
2117 1526 2185 1580 Et
2222 1536 2304 1582 cst
2336 1527 2578 1594 illustris,
2610 1538 2795 1605 utpote
2829 1546 2991 1599 supra
3023 1531 3186 1588 colles
3221 1532 3451 1588 elevata.
3481 1534 3557 1587 De

1984 1618 2072 1672 illa
2117 1632 2245 1672 vero
2279 1618 2420 1673 istud
2474 1620 2663 1674 merito
2706 1622 2827 1690 quis
2889 1622 3107 1688 dixerit,
3141 1624 3283 1692 quod
3333 1625 3558 1681 illustris

1985 1708 2215 1777 exempli
2248 1707 2366 1763 loco
2423 1706 2729 1767 Servatoris
2782 1727 2914 1768 voce
2961 1714 3160 1769 dictum
3231 1725 3360 1772 est:
3403 1716 3555 1772 «Non

301 1807 403 1860 ἐπὶ
449 1806 648 1877 βουνῶν
690 1806 953 1877 ἠρμένος.
991 1804 1127 1875 Φαίη
1163 1804 1206 1857 δ’
1240 1805 1304 1858 ἄν
1347 1823 1431 1869 τις
1463 1806 1548 1859 ἐπ’
1573 1786 1736 1862 αὐτοῦ
1786 1805 1888 1862 καῖ

1989 1806 2161 1867 potest
2184 1798 2376 1854 civitas
2415 1801 2669 1855 abscondi
2699 1787 2861 1872 supra
2927 1814 3161 1860 montem
3209 1808 3384 1875 posita
3417 1808 3484 1863 ".
3529 1827 3549 1861 ι

307 1898 460 1969 μάλα
483 1898 707 1960 εἰκότως
733 1895 795 1949 τδ
822 1895 910 1949 διά
948 1895 1047 1965 τῆς
1076 1894 1170 1947 τοῦ
1205 1896 1459 1966 Σωτῆρος
1488 1898 1690 1967 φωνῆς,
1717 1901 1791 1962 ὡς
1817 1898 1883 1951 ὲκ

303 1989 751 2059 παραδείγματος
778 1984 1044 2056 ἐναργοῦς
1099 1986 1420 2056 εἰρημένον·
1479 2005 1497 2038 ι
1547 1987 1621 2041 Οὐ
1663 1987 1882 2041 δύναται

303 2079 469 2142 πόλις
494 2078 763 2149 κρυϐῆναι
787 2077 967 2131 ὲπάνω
995 2077 1155 2147 ὅρους
1178 2077 1424 2147 κειμένη.
1466 2097 1485 2129 ι
1521 2077 1631 2130 Καὶ
1658 2077 1884 2130 πλεῖστα

306 2168 419 2239 μὲν
464 2167 529 2220 ἀν
573 2183 660 2228 τις
701 2164 1021 2232 συλλέξαιτο,
1054 2167 1149 2217 καὶ
1181 2165 1324 2235 μάλα
1365 2165 1560 2236 ῥᾳδίως
1607 2166 1675 2220 τὰ
1714 2167 1779 2219 δι’
1808 2160 1883 2220 ὧν

307 2258 473 2311 ἔστιν
503 2256 632 2309 ίδεῖν
663 2255 809 2318 παρὰ
828 2256 941 2318 ταίς
969 2255 1344 2318 θεοπνεύστοις
1388 2257 1655 2326 Γραφαῖς,
1677 2258 1758 2309 ὄτι
1790 2258 1884 2311 καὶ

305 2348 549 2417 βουνοῖς,
585 2345 680 2398 καὶ
720 2345 867 2416 ὄρεσι
896 2345 1287 2416 παρεικάζεται
1315 2346 1417 2417 τῆς
1449 2348 1645 2419 νοητῆς
1689 2348 1885 2420 Ἰερου-

304 2440 491 2511 σαλὴμ
548 2439 611 2492 τὸ
668 2438 979 2509 ἀνάστημα,
1030 2438 1174 2491 τοῦτ’
1228 2438 1363 2503 ἔστι,
1397 2440 1498 2509 τῆς
1559 2440 1885 2511 Ἐκκλησίας

304 2531 369 2583 τὸ
407 2529 560 2599 ὕψος.
596 2527 939 2598 Βαδιούμεθα
976 2528 1032 2580 δὲ
1066 2528 1202 2599 πρὸς
1231 2528 1299 2582 τὰ
1346 2528 1430 2599 ἐφ’
1462 2528 1610 2601 ἑξῆς,
1642 2532 1754 2591 τοῖς
1791 2547 1884 2599 φι-

307 2621 597 2692 λομαθέσιν
619 2622 851 2690 ἀφέντες
881 2620 951 2681 τά
975 2620 1151 2674 τοιάδε
1183 2621 1476 2691 συλλέγειν,
1502 2623 1658 2694 εἴπερ
1683 2622 1885 2677 ἕλοιντο

306 2713 469 2766 τοῦτο
498 2712 649 2782 δρᾷν.
691 2711 917 2781 Ἴδωμεν
950 2712 1007 2764 δὲ
1044 2711 1098 2764 τί
1129 2712 1189 2764 τὸ
1221 2711 1408 2766 τελοῦν
1437 2715 1516 2776 εἰς
1545 2712 1728 2783 ὄνησιν
1774 2715 1885 2777 τοῖς

303 2805 404 2856 ἐπὶ
434 2803 534 2872 τῆς
562 2804 681 2874 γῆς.
729 2802 864 2855 Ἀπό
894 2820 961 2870 γε
994 2802 1088 2856 τοῦ
1124 2804 1215 2856 τὸν
1238 2799 1384 2858 οἷκον
1411 2804 1506 2857 τοῦ
1539 2805 1673 2858 Θεοῦ
1701 2804 1886 2876 περίο-

306 2909 453 2946 πτον
489 2891 627 2945 οὕτω
651 2891 908 2961 γενέσθαι
937 2895 1050 2956 τοῖς
1094 2893 1430 2963 ἁπανταχοῦ,
1470 2894 1544 2956 ὼς
1575 2895 1751 2948 δοκεῖν
1783 2896 1884 2967 ήδη

306 2999 431 3046 πως
467 2982 732 3052 ὑψοῦσθαί
760 2999 820 3035 τε
864 2983 956 3034 ἐπὶ
1005 2982 1247 3051 βουνοὺς,
1287 2983 1382 3036 καὶ
1423 2985 1509 3036 ἐπ’
1547 2985 1730 3056 ἄκρων
1774 2989 1887 3039 κεῖ-

309 3075 432 3128 σθαι
461 3074 569 3127 τῶν
616 3074 807 3146 ὀρέων.
849 3072 1059 3127 οὐκοῦν
1092 3075 1493 3146 πληροφορήσει
1528 3075 1700 3144 λέγων
1725 3077 1886 3141 εὐθὺς
1913 3120 1955 3178 C

304 3164 336 3216 ὁ
366 3165 672 3234 προφήτης.
716 3183 735 3215 ι
773 3164 882 3216 Καὶ
912 3163 1130 3234 ἥξουσιν
1154 3164 1239 3217 ἐπ’
1267 3164 1398 3217 αὐτὸ
1426 3165 1604 3219 πάντα
1634 3165 1701 3219 τά
1720 3167 1847 3238 ἔθνη
1869 3183 1882 3197 ⁸

306 3257 403 3310 καὶ
456 3256 815 3324 πορεύσονται
870 3254 998 3327 ἔθνη
1040 3256 1211 3310 πολλὰ
1251 3258 1345 3311 καὶ
1396 3257 1643 3329 ἐροῦσιν
1698 3258 1884 3323 Δεῦτε,

308 3344 604 3414 ἀναδῶμεν
630 3345 709 3407 εἰς
734 3345 795 3397 τὸ
823 3345 949 3415 ὄρος
980 3345 1075 3399 τοῦ
1108 3346 1335 3416 Κυρίου,
1366 3348 1461 3400 καί
1490 3349 1569 3411 είς
1608 3346 1700 3402 τὸν
1738 3344 1886 3401 οἷκον

306 3436 404 3490 τοῦ
437 3436 575 3488 θεοῦ
620 3435 833 3490 Ἰακώϐ.
872 3437 982 3490 Καὶ
1018 3438 1309 3505 ἀναγγελεῖ
1336 3440 1468 3509 ἡμῖν
1498 3440 1595 3510 τὴν
1639 3440 1756 3492 ὁδὸν
1787 3439 1887 3493 αὐ-

306 3530 430 3596 τοῦ,
461 3530 557 3583 καὶ
587 3530 968 3601 πορευσόμεθα
1012 3533 1069 3583 ὲν
1097 3531 1254 3602 αὐτῇ.
1289 3550 1307 3583 ι
1336 3533 1459 3585 Ὅτι
1511 3532 1607 3602 μὲν
1631 3530 1723 3586 οῦν
1764 3550 1887 3585 συν⁸

304 3621 584 3692 ηθροίσθη
610 3621 864 3695 πάντατὰ
888 3620 1036 3692 ἔθνη,
1055 3623 1146 3675 καὶ
1179 3623 1644 3694 συνδεδραμήκασι
1671 3624 1759 3678 διὰ
1788 3624 1886 3694 τῆς

314 3712 562 3774 πίστεως
590 3714 669 3775 είς
696 3713 791 3784 τὴν
836 3714 1183 3785 Ἐκκλησίαν,
1216 3715 1275 3767 οὐ
1302 3714 1529 3785 μακρῶν
1550 3718 1681 3785 ἡμῖν
1706 3715 1887 3786 δεήσει

315 3803 465 3878 πρὸς
495 3801 764 3868 ἀπόδειξιν
792 3803 978 3874 λόγων.
1028 3805 1174 3876 Αὐτὴ
1226 3805 1283 3858 δὲ
1329 3804 1436 3858 τῶν
1484 3805 1886 3877 πραγμάτωνή

312 3891 551 3955 ἔκϐασις
580 3892 916 3965 αὐτόμαρτυς
965 3893 1116 3948 ἔσται
1151 3896 1246 3949 καὶ
1275 3895 1502 3967 ἀληθής.
1537 3896 1682 3968 Πλὴν
1713 3897 1889 3950 έκεῖνο

308 3980 762 4051 καταθαυμάζειν
807 3982 977 4048 ἄξιον.
1027 3981 1307 4052 Κέκληται
1355 3984 1461 4054 γὰρ
1490 3983 1596 4036 τῶν
1639 3983 1808 4038 ἐθνῶν
1853 3986 1886 4055 ἡ

310 4072 546 4142 πληθὺς,
576 4072 638 4125 οὐ
675 4071 763 4124 διὰ
788 4071 892 4142 τῆς
935 4072 1027 4125 τοῦ
1060 4074 1224 4143 νόμου
1259 4073 1664 4142 παιδαγωγίας,
1695 4076 1756 4128 οὐ
1799 4074 1889 4129 διὰ

311 4162 609 4233 προφητῶν
663 4163 867 4232 ἁγίωνο
899 4163 1111 4234 ἀγείρει
1142 4163 1197 4217 δὲ
1230 4163 1430 4235 μᾶλλον
1471 4164 1609 4220 αὑτά
1641 4163 1759 4217 θεία
1802 4182 1890 4229 τις

310 4256 405 4307 καὶ
434 4256 748 4327 ἀπόρρητος
796 4255 957 4326 χάρις
999 4255 1204 4325 νοητῶς
1244 4256 1612 4326 ἐλλάμπουσα,
1661 4256 1755 4309 καὶ
1789 4256 1890 4325 τῆς

308 4346 400 4399 διὰ
451 4346 689 4417 Χριστοῦ
739 4347 1013 4418 σωτηρίας
1056 4348 1327 4401 έντιθεῖσα
1372 4348 1471 4418 τὴν
1528 4347 1732 4416 ἔφεσιν.
1780 4347 1889 4401 Θέα

1986 1888 2122 1943 Sunt
2168 1904 2296 1945 vero
2321 1891 2470 1960 plura
2506 1892 2608 1946 alia
2636 1910 2757 1963 qua:
2800 1893 3061 1951 facillime
3085 1897 3263 1966 colligi
3308 1912 3547 1969 possent,

1985 1983 2125 2038 unde
2169 1981 2356 2038 videre
2386 1992 2467 2037 est
2498 1985 2550 2037 in
2599 1984 2894 2053 Scripturis
2954 1987 3209 2042 divinitus
3253 1989 3553 2057 inspiratis,

1982 2069 2279 2125 Jerusalem
2331 2071 2684 2141 intelligibilis
2766 2074 2998 2141 apicem,
3053 2076 3102 2129 id
3152 2084 3254 2139 est,
3303 2076 3557 2135 Ecclesiae

1985 2161 2380 2230 celsitudinem,
2405 2163 2630 2219 collibus
2667 2175 2721 2219 et
2744 2166 3016 2220 montibus
3044 2169 3368 2237 comparari.
3433 2170 3553 2226 (2:1:-

1988 2260 2159 2307 terum
2187 2254 2252 2307 ad
2279 2255 2558 2323 sequentia
2592 2256 2888 2320 veniemus,
2921 2256 3037 2311 haec
3063 2258 3316 2314 studiosis
3336 2258 3559 2317 coacer-

1985 2343 2158 2397 vanda
2196 2342 2582 2413 relinquentes,
2618 2346 2663 2399 si
2698 2347 2911 2414 quidem
2948 2348 3000 2401 id
3034 2346 3211 2403 facere
3241 2350 3553 2408 voluerint:

1988 2434 2264 2487 videamus
2292 2448 2423 2488 vero
2488 2436 2616 2504 quid
2671 2436 2918 2492 utilitatis
2966 2439 3284 2496 mortalibus
3343 2442 3554 2510 alferat,

1987 2525 2203 2579 domum
2234 2524 2326 2579 Dei
2357 2526 2496 2581 hanc
2526 2528 2879 2596 conspicuam
2922 2544 3045 2586 esse
3080 2545 3145 2584 ac
3207 2534 3556 2601 spectabilem

1988 2614 2208 2670 ubilibet
2233 2616 2503 2683 omnibus,
2570 2617 2643 2670 ita
2672 2628 2728 2671 ut
2753 2617 2866 2685 jam
2918 2620 3312 2688 quodammodo
3373 2635 3559 2679 erceta

1988 2715 2149 2770 supra
2189 2700 2403 2767 collem,
2450 2711 2502 2756 ct
2530 2703 2583 2757 in
2633 2705 2795 2759 editis
2844 2708 3119 2764 montibus
3178 2709 3441 2767 collocata
3486 2714 3577 2767 vi-’

1988 2792 2198 2846 deatur.
2250 2792 2305 2847 Id
2344 2808 2470 2848 vero
2495 2809 2618 2849 mox
2662 2796 2922 2865 propheta
2967 2800 3181 2855 abunde
3241 2802 3556 2869 declarabit,

1988 2883 2212 2938 dicens:
2249 2901 2268 2935 ι
2304 2884 2370 2938 Ει
2392 2885 2607 2940 venient
2632 2887 2697 2940 ad
2727 2901 2850 2941 eum
2892 2903 3080 2945 omnes
3111 2900 3318 2959 gentes,
3344 2903 3400 2949 et
3441 2909 3559 2949 am-

1989 2973 2247 3028 bulabunt
2272 2984 2459 3044 gentes
2489 2975 2689 3039 multae,
2739 2991 2802 3031 ac
2827 2978 3008 3033 dicent
3038 2997 3052 3034 :
3079 2981 3298 3048 Adeste,
3361 3000 3555 3040 ascen-

1990 3066 2179 3120 damus
2211 3066 2262 3119 in
2293 3074 2527 3120 montem
2582 3065 2792 3121 Domini
2824 3076 2877 3122 et
2904 3067 2956 3121 in
2982 3069 3197 3123 domum
3238 3070 3333 3126 Dei
3363 3070 3554 3129 Jacob.

1990 3153 2054 3207 Et
2086 3154 2429 3208 annuutiabit
2464 3153 2623 3208 nobis
2653 3152 2794 3206 viam
2822 3168 2997 3220 suam,
3051 3163 3106 3211 et
3168 3157 3561 3213 ambulabimus

1988 3246 2040 3298 in
2080 3260 2163 3300 ea.
2198 3264 2218 3296 ι
2263 3244 2427 3314 Atqui
2456 3258 2644 3298 omnes
2673 3253 2861 3313 gentes
2909 3254 3127 3302 coactas
3158 3245 3350 3312 fuisse,
3378 3255 3431 3302 et
3461 3262 3562 3318 per

1989 3337 2143 3391 (idem
2187 3337 2243 3390 in
2278 3336 2576 3392 Eeclesiam
2621 3335 2969 3405 conﬂuxisse,
3008 3337 3241 3408 longiori
3272 3339 3559 3394 verborum

1987 3429 2213 3485 circuitu
2262 3429 2313 3482 id
2339 3430 2715 3482 demonstrare
2744 3443 2847 3482 non
2902 3428 3007 3485 erit
3042 3443 3179 3497 opus
3211 3448 3226 3485 :
3269 3430 3398 3499 quin
3450 3431 3564 3498 ipse

1986 3536 2165 3575 rerum
2198 3530 2422 3576 eventus
2452 3520 2756 3589 ipsissimus
2781 3521 2885 3575 erit
2929 3535 2993 3576 ac
3036 3537 3199 3578 verus
3225 3524 3399 3578 testis.
3427 3522 3562 3578 Illud

1988 3620 2167 3664 autem
2200 3611 2457 3664 admirari
2508 3624 2686 3679 operae
2726 3611 2957 3680 pretium
3010 3610 3193 3667 fuerit.
3243 3610 3447 3667 Vocula
3479 3622 3564 3668 est

1986 3702 2129 3755 enim
2185 3703 2423 3771 gentium
2469 3701 2788 3764 multitudo,
2820 3716 2927 3753 non
2978 3716 3073 3768 per
3119 3701 3251 3772 legis
3308 3703 3561 3773 paedago-

1989 3791 2154 3861 gium,
2186 3805 2289 3843 non
2317 3804 2412 3858 per
2436 3798 2655 3842 sanctos
2684 3789 3009 3857 prophetas;
3039 3788 3134 3843 sed
3172 3790 3352 3844 divina
3383 3791 3561 3861 potius

1988 3891 2043 3936 et
2072 3895 2265 3934 arcana
2302 3879 2545 3948 quaedam
2594 3879 2791 3946 gratia,
2847 3879 3211 3944 intellimnter
3266 3882 3558 3953 irradiaus,

1989 3978 2042 4024 et
2071 3968 2258 4023 salutis
2288 3982 2386 4036 per
2429 3966 2705 4022 Christum
2741 3968 3066 4023 desiderium
3122 3971 3409 4038 instillans,
3462 3986 3560 4030 eas

1988 4059 2357 4129 congregavit.
2385 4056 2578 4128 Specta
2600 4058 2742 4114 enim
2765 4062 3035 4128 quomodo
3066 4061 3212 4117 nullo
3236 4065 3564 4132 prmdieante

1989 4153 2092 4208 sibi
2120 4152 2350 4207 invicem
2399 4150 2699 4205 acclamant
2728 4169 2743 4206 :
2773 4169 2792 4202 ι
2825 4152 3026 4207 Adeste
3049 4161 3103 4207 et
3127 4156 3484 4212 ascendamus
3507 4158 3562 4212 in

1988 4244 2095 4315 37
2138 4251 2371 4297 montem
2412 4241 2645 4308 Domini,
2680 4250 2735 4296 et
2785 4243 2855 4295 in.
2879 4244 3095 4297 domum
3131 4244 3224 4298 Dei
3272 4244 3459 4301 Jacob.
3494 4247 3565 4303 Et

1990 4334 2335 4391 annuntiabit
2389 4333 2547 4388 nobis
2576 4333 2719 4387 viam
2769 4347 2948 4399 suam,
2982 4342 3037 4389 et
3085 4335 3478 4394 ambulabimus
3504 4339 3560 4395 in

311 4434 421 4503 γὰρ
472 4435 620 4498 ὅπως
674 4434 1103 4505 διακηρύξαντος
1148 4437 1331 4499 αὐτοῖς
1376 4436 1588 4499 οὐδενὸς
1641 4436 1887 4506 ἀλλήλοις

1990 4442 2073 4481 ea.
2099 4446 2118 4479 ι
2154 4426 2390 4482 Primum
2437 4426 2755 4490 ascendunt,
2784 4424 2906 4480 dein
2952 4426 3032 4481 sie
3059 4438 3325 4497 quaerunt,
3355 4439 3413 4485 ut
3444 4446 3564 4488 ver-

311 4527 616 4595 lmzpwvsi'
671 4545 689 4577 ι
730 4525 891 4578 Δεῦτε
937 4528 1031 4579 καὶ
1076 4528 1366 4598 ἀναδῶμεν
1412 4529 1493 4592 είς
1534 4528 1596 4580 τὸ
1628 4527 1753 4598 ὅρος
1794 4529 1889 4581 τοῦ

311 4616 545 4686 Κυρίου,
598 4616 696 4669 καὶ
742 4618 823 4679 είς
869 4617 961 4669 τὸν
1011 4611 1157 4671 οἶκον
1212 4617 1307 4671 τοῦ
1355 4617 1489 4671 Θεοῦ
1553 4617 1764 4682 Ἰακὼϐ,
1797 4618 1892 4671 καὶ

313 4707 609 4774 ἀναγγελεῖ
631 4709 768 4776 ἡμῖν
805 4706 904 4777 τὴν
931 4707 1048 4761 ὁδὸν
1074 4707 1261 4772 αὑτοῦ,
1292 4709 1386 4762 καὶ
1415 4707 1793 4780 πορευσόμεθα
1835 4709 1892 4760 ὲν

316 4796 476 4866 αὐτῇ.
535 4816 554 4848 ι
610 4795 838 4865 Πρῶτον
887 4796 1286 4863 ἀναϐαίνουσιν,
1319 4792 1417 4849 εἷθ’
1449 4795 1592 4849 οὕτω
1640 4793 1894 4865 ζητοῦσιν

316 4885 746 4953 ὲπαγγέλλεσθαί
789 4902 850 4938 τε
883 4885 973 4938 τὸν
998 4884 1093 4937 τοῦ
1135 4886 1268 4939 Θεοῦ
1312 4886 1468 4953 λόγον
1504 4884 1705 4946 αὐτοῖς.
1761 4883 1896 4937 ’Υπ-

315 4975 627 5047 ισχνοῦνται
666 4976 724 5031 δὲ
754 4977 847 5029 καὶ
882 4976 1118 5046 βαδίζειν
1152 4976 1249 5048 τὴν
1278 4975 1393 5030 ὁδὸν
1431 4974 1525 5029 τοῦ
1552 4974 1776 5047 Κυρίου,
1803 4973 1895 5045 δῆ-

312 5071 408 5123 λον
458 5069 515 5123 δὲ
557 5071 640 5123 ὅτι
677 5070 779 5141 τὴν
831 5069 1213 5139 εὐαγγελικὴν,
1265 5067 1620 5139 προεισϐολὴν
1667 5068 1896 5138 ἔχουσαν

314 5160 418 5231 τὴν
469 5160 556 5218 διὰ
615 5162 854 5225 πίστεως
900 5159 1186 5230 κάθαρσιν.
1261 5158 1496 5212 Ἐοίκασι
1537 5158 1594 5211 δὲ
1633 5158 1731 5229 τὴν
1778 5158 1896 5213 ὁδὸν

319 5252 531 5321 Κυρίου
562 5251 851 5324 ζητοῦντες
899 5250 1107 5323 μαθεῖν,
1138 5251 1236 5321 τῆς
1266 5250 1499 5320 ἀρχαίας
1538 5248 1756 5319 ἐκείνης
1802 5250 1897 5303 καὶ¹

314 5339 559 5410 βεϐήλου
608 5343 815 5414 πλάνης
876 5340 1324 5414 προεισδέξασθαι
1378 5340 1477 5410 τὴν
1531 5342 1892 5409 κατάγνωσιν.

320 5432 526 5484 ’Ἔσται
563 5432 667 5504 γὰρ
694 5434 818 5504 οὐχὶ
858 5434 1062 5505 ἑτέρως
1113 5434 1171 5486 ὲν
1214 5432 1348 5503 ἡμῖν
1374 5429 1482 5483 τῶν
1527 5429 1808 5500 βελτιόνων
1860 5433 1893 5503 ἡ

318 5520 533 5592 ἐφεσις,
567 5523 644 5595 μὴ
681 5524 804 5595 οὐχὶ
844 5524 909 5596 δὴ
960 5523 1178 5596 πρῶτον
1223 5523 1757 5593 προκατεγνωκότων
1789 5524 1897 5580 τῶν

392 5699 441 5731 ⁸³
481 5698 642 5756 Rom.
681 5716 723 5767 I,
752 5699 841 5754 ‘22.
917 5701 964 5733 ⁸⁸
998 5699 1190 5757 Matth.
1218 5716 1276 5768 ι,
1305 5699 1393 5756 14.

1992 4517 2119 4571 bum
2160 4516 2369 4571 Domini
2408 4515 2510 4569 sibi
2551 4516 2922 4582 annuntietur,
2968 4528 3020 4573 et
3067 4520 3334 4589 recipiunt
3371 4536 3429 4578 se
3462 4524 3566 4578 itu-

1991 4623 2079 4662 ros
2112 4608 2250 4661 viam
2280 4605 2520 4672 Domini,
2573 4606 2824 4660 nimirum
2858 4608 3247 4679 evangelicam,
3292 4611 3443 4680 cujus
3471 4614 3569 4668 ad-

1993 4698 2098 4751 itus
2123 4708 2206 4751 est
2232 4695 2479 4765 purgatio
2510 4710 2606 4764 per
2630 4696 2810 4750 ﬁdem.
2839 4697 2943 4764 Qui
2972 4708 3152 4755 autem
3185 4702 3322 4755 viam
3355 4702 3567 4759 Domini

1994 4790 2213 4859 cupiunt
2249 4789 2479 4853 discere,
2517 4787 2801 4841 inveterati
2837 4788 2981 4845 illius
3018 4800 3073 4845 et
3114 4791 3325 4862 profani
3365 4797 3570 4851 erroris

2001 4879 2501 4936 condemnationem
2543 4878 2794 4933 videntur
2838 4890 2964 4935 ante
3004 4885 3302 4953 suscipere.
3357 4885 3571 4954 Alioqui

2005 4986 2107 5025 non
2155 4970 2261 5025 erit
2320 4970 2373 5024 in
2430 4968 2589 5025 nobis
2641 4968 2729 5023 illa
2790 4971 3073 5026 meliorum
3126 4975 3403 5044 expetitio,
3462 4975 3570 5029 nisi

2003 5064 2151 5133 prius
2174 5072 2355 5118 vetera
2381 5063 2553 5133 prima
2587 5062 2990 5117 damnantibus.
3015 5064 3147 5131 Quis
3169 5078 3298 5135 ergo
3324 5065 3428 5120 illis
3454 5073 3572 5121 erat

2004 5152 2388 5227 niystagogus?
2425 5153 2558 5221 Quis
2593 5154 2815 5210 deduxit
2844 5157 2908 5209 ad
2936 5157 3266 5225 agnitionem
3300 5156 3570 5227 veritatis,

2004 5256 2059 5302 et
2103 5244 2368 5315 persuasit
2414 5245 2514 5311 eis,
2566 5253 2625 5299 ut
2671 5245 2846 5314 prima
2892 5247 3272 5301 existimarent
3319 5247 3568 5319 ridicula,

2003 5349 2058 5395 et
2077 5339 2143 5393 ad
2160 5336 2463 5408 posteriora
2490 5337 2878 5392 accurrerent?
2897 5338 3088 5392 Annon
3128 5338 3374 5395 videlicet
3398 5340 3574 5397 Deus?

2005 5431 2119 5500 qui,
2149 5440 2207 5484 ut
2240 5429 2370 5497 dixi,
2402 5428 2614 5484 illorum
2641 5428 2909 5486 mentibus
2943 5440 2999 5485 et
3044 5434 3197 5488 cordi
3247 5434 3441 5503 illuxit,
3473 5439 3572 5494 ad-

2005 5523 2264 5595 duxitque
2281 5517 2349 5580 ‘ut
2377 5522 2620 5580 dicerent
2651 5522 2812 5580 simul
2839 5533 2891 5581 et
2917 5526 3185 5586 sentirent
3215 5547 3228 5585 :
3269 5546 3289 5582 ι
3329 5529 3406 5584 Ex
3440 5528 3574 5587 Sion
