4032 6214
544 348 605 407 Ti
969 424 978 431 ν
1566 347 1624 403 S.
1664 346 1940 403 CYRILLI
1976 346 2443 405 ALEXANDRINI
2484 347 2802 405 ARCHIEP.

3718 349 3810 402 7‘2

544 469 853 538 egredietur
885 469 993 533 lex,
1028 475 1082 523 et
1124 467 1346 521 verbum
1380 464 1593 520 Domini
1623 464 1690 519 de
1735 463 2060 519 Jerusalem.
2082 485 2100 515 ς

2227 467 2414 521 πάλαι.
2453 468 2548 531 Τίς
2579 465 2672 521 οῦν
2714 466 2822 536 ἄρα
2863 464 3081 534 γέγονεν
3114 463 3295 528 αὐτοῖς
3328 465 3357 518 6
3398 465 3755 534 μυσταγωγός
3782 482 3805 533 ;

590 564 696 619 uod
742 561 1011 631 geminant
1051 571 1269 613 sensum
1312 556 1494 610 habet.
1536 555 1646 609 Aut
1686 555 1831 610 enim
1865 556 1994 610 illud
2031 558 2120 611 di-

541 668 695 721 cunt,
721 654 832 711 Nos
854 654 1077 709 verbum
1125 667 1155 707 a
1182 651 1345 708 domo
1379 650 1476 707 Dei
1515 651 1875 722 accipiemus;
1907 662 1963 708 et
1996 669 2119 709 cum

537 748 611 803 ibi
655 747 918 802 fuerimus
955 746 1177 800 verbum
1221 744 1314 799 Dei
1364 757 1773 814 cognoscemus.
1820 745 1930 800 Aut
1973 748 2117 817 quod

536 838 626 892 lex
668 836 885 905 reliquit
911 836 1077 901 Sion,
1120 846 1177 891 et
1221 851 1287 891 ex
1320 850 1384 891 ea
1438 834 1600 889 veluti
1650 836 1930 904 migravit,
1963 847 2019 893 et
2051 840 2118 897 ab

533 926 836 983 Jerusalem
867 927 961 982 Dei
995 927 1231 983 Verbum
1261 927 1515 983 excessit.
1559 925 1856 997 Postquam
1882 930 2024 984 enim
2063 931 2117 986 in

535 1018 809 1074 Christum
830 1019 1146 1075 debacchati
1175 1029 1322 1087 sunt,
1350 1030 1406 1076 et
1431 1033 1661 1090 regnum
1686 1020 1804 1090 ejus
1832 1030 2115 1093 negarunt,

533 1126 630 1167 eos
657 1113 877 1182 reliquit
921 1100 1193 1184 orphanos
1220 1124 1275 1168 et
1302 1116 1497 1182 orbos;
1529 1111 1772 1183 illudque
1804 1114 2004 1171 dictum
2033 1127 2118 1172 est

533 1218 630 1272 per
662 1205 976 1274 prophetam
1012 1227 1026 1261 :
1066 1225 1086 1258 ι
1121 1206 1187 1259 Ει
1221 1206 1333 1261 dixi
1366 1225 1381 1261 :
1412 1204 1529 1261 Non
1578 1221 1796 1277 pascam
1834 1222 1954 1274 vos,
2001 1224 2119 1264 mn-

534 1294 681 1348 riens
710 1299 991 1360 moriatur,
1019 1306 1076 1351 et
1107 1297 1367 1354 deficiens
1390 1300 1623 1365 deliciat,
1655 1311 1710 1355 et
1738 1301 1966 1370 posthac
1991 1300 2117 1356 edat

531 1386 760 1455 quisque
788 1388 1024 1456 proximi
1076 1390 1157 1442 sui
1190 1403 1385 1445 carnes
1414 1391 1482 1446 ⁸⁸.
1521 1410 1539 1443 ι
1562 1391 1859 1463 ltaquelex
1900 1405 2117 1461 egressa

528 1485 613 1531 est
641 1494 705 1532 ex
757 1479 910 1546 Sion,
942 1487 997 1534 et
1027 1481 1247 1535 verbum
1285 1481 1496 1536 Domini
1532 1483 1601 1538 de
1632 1481 1957 1539 Jerusalem.
1988 1482 2117 1538 Post

531 1568 839 1625 Servatoris
875 1570 1019 1624 enim
1054 1585 1269 1626 crucem
1313 1573 1595 1643 obsignata
1624 1582 1710 1629 est
1740 1574 1878 1629 visio
1905 1582 1961 1630 et
1992 1588 2117 1643 pro—

528 1664 750 1730 phetia:
789 1678 890 1719 nec
916 1663 1146 1733 amplius
1172 1664 1311 1733 apud
1344 1664 1493 1732 ipsos
1534 1663 1625 1719 Dei
1664 1664 1751 1720 lex
1795 1674 1851 1720 et
1889 1667 2114 1720 verbum

530 1752 653 1806 fuit.
686 1751 918 1822 Ideoque
946 1753 1163 1820 divinus
1190 1752 1390 1808 Paulus
1422 1763 1628 1808 tantum
1653 1769 1761 1810 non
1790 1755 2111 1826 desperans,

2221 557 2319 620 Τίς
2348 559 2377 610 6
2426 557 2713 627 ἀναφέρων
2751 557 2830 617 είς
2873 553 3166 620 ὲπίγνωσιν
3211 550 3491 622 ἀληθείας,
3526 550 3809 623 καὶ,ἀνα.-

2220 647 2422 703 πείθων
2443 647 2640 710 αὐτοὺς
2670 645 3049 713 καταγέλαστα
3081 644 3180 713 μὲν
3207 643 3458 716 ἡγεῖσθαι
3482 643 3551 696 τὰ
3576 643 3803 714 πρῶτα,

2219 740 2574 811 προστρέχειν
2600 739 2656 792 δὲ
2700 741 2813 801 τοῖς
2842 737 3149 808 δευτέροις;
3182 736 3216 808 ἢ
3258 735 3501 806 δηλονότι
3551 735 3717 801 Θεός;
3767 739 3809 791 ὁ

2219 832 2314 884 καὶ
2334 830 2611 901 ὲλλάμψας
2639 832 2841 894 αὐτοῖς,
2865 828 2940 894 ὡς
2971 828 3125 899 ἔφην,
3153 828 3233 891 εἰς
3264 827 3388 881 νοῦν
3422 827 3514 881 καὶ
3540 827 3804 901 καρδίαν,

2219 923 2312 976 καὶ
2349 923 2650 985 ἀναπείσας
2686 923 2861 975 εἰπεῖν
2885 937 2946 973 τε
2973 918 3090 990 ἅμα
3124 919 3218 972 καὶ
3246 921 3485 991 φρονεῖν,
3511 919 3593 973 ὅτι
3632 937 3651 971 t
3688 919 3802 972 Ἐκ

2219 1014 2359 1068 Σιὼν
2387 1014 2723 1082 ἐξελεύσεται
2753 1013 2936 1084 νόμος,
2964 1013 3058 1066 καὶ
3082 1010 3238 1080 λόγος
3264 1010 3468 1081 Κυρίου
3493 1011 3551 1077 ἐξ
3588 1011 3807 1083 Ἰερου-

2220 1107 2421 1179 σαλήμ.
2459 1125 2480 1158 ι
2526 1105 2717 1160 Ὠδίνει
2742 1105 2800 1159 δὲ
2826 1104 2986 1158 τοῦτο
3020 1102 3213 1175 διπλῆν
3238 1102 3323 1172 ἐφ’
3364 1101 3542 1172 ἑαυτῷ
3571 1102 3670 1172 τὴν
3698 1101 3803 1156 εν-

2216 1216 2387 1253 νοιαν.
2423 1200 2494 1252 Ἢ
2535 1198 2644 1270 γὰρ
2675 1198 2849 1252 ἐκεῖνό
2877 1213 3060 1266 φασιν,
3088 1196 3171 1247 ὅτι
3210 1192 3509 1264 Ληψόμεθα
3536 1193 3694 1261 λόγον
3725 1195 3805 1248 ἐκ

2214 1294 2310 1347 τοῦ
2339 1292 2488 1346 οίκου
2515 1291 2609 1344 τοῦ
2640 1289 2797 1355 Θεοῦ,
2830 1290 2925 1344 καὶ
2951 1289 3040 1343 τὸν
3062 1287 3154 1342 τοῦ
3185 1285 3320 1339 Θεοῦ
3363 1285 3519 1354 λόγον
3546 1285 3665 1338 ἐκεῖ
3697 1302 3804 1354 γε-

2218 1385 2435 1452 γονότες
2461 1382 2750 1452 εἰσόμεθα’
2783 1382 2816 1453 ἢ
2848 1382 2930 1437 ὃτι
2983 1378 3336 1434 καταλέλοιπε
3363 1379 3462 1447 τὴν
3505 1376 3665 1441 Σιὼν,
3696 1379 3805 1431 καὶ

2214 1472 2328 1529 οἷον
2359 1473 2659 1545 ἐκϐέϐηκεν
2691 1473 2786 1526 ἀπ’
2813 1471 2983 1541 αὐτῆς
3009 1472 3038 1523 ό
3064 1469 3248 1540 νόμος,
3282 1467 3373 1522 καὶ
3403 1467 3513 1520 ἀπὸ
3550 1467 3650 1537 τῆς
3692 1467 3800 1520 Ἰε-

2217 1568 2501 1642 ρουσαλὴμ
2529 1567 2966 1637 ἀποπεφοίτηκεν
2991 1565 3020 1617 6
3040 1561 3133 1616 τοῦ
3155 1560 3291 1615 Θεοῦ
3327 1561 3519 1630 Λόγος.
3570 1560 3799 1632 Ἐπειδὴ

2213 1661 2322 1731 γὰρ
2348 1660 2810 1730 πεπαρῳνήκασιν
2854 1658 2932 1719 είς
2973 1653 3228 1725 Χριστὸν,
3258 1653 3569 1725 ἡρνήσαντό
3600 1669 3658 1707 τε
3687 1653 3798 1724 τὴν

2217 1747 2491 1818 βασιλείαν
2537 1747 2725 1815 αὑτοῦ,
2764 1744 3154 1801 καταλέλοιπεν
3194 1744 3408 1810 αὐτοὺς,
3439 1744 3534 1797 καὶ
3572 1743 3797 1813 ἀφῆκεν

528 1850 583 1896 et
619 1844 1069 1899 inemendabilem
1117 1842 1424 1899 Iudaeorum
1459 1846 1667 1900 turbam
1712 1847 2058 1916 conspicatus
2089 1862 2100 1901 :

2210 1839 2501 1912 ὀρφανούς.
2549 1840 2659 1894 Καὶ
2698 1839 2857 1893 τοῦτο
2882 1834 2949 1909 ἦν
2977 1838 3037 1892 τὸ
3064 1837 3153 1891 διὰ
3185 1836 3281 1889 τοῦ
3315 1837 3594 1907 προφήτου
3628 1834 3798 1902 λεγό-

532 1950 552 1984 ι
607 1935 800 2000 Vobis,
853 1953 874 1988 ι
932 1936 1124 2005 inquit,
1176 1953 1196 1987 ι
1252 1951 1476 1992 necesse
1526 1947 1644 1992 erat
1695 1938 1840 2007 loqui
1881 1941 2105 1994 verbum

526 2025 741 2079 Domini
774 2043 787 2079 :
817 2035 1103 2095 postquam
1138 2035 1314 2082 autem
1365 2028 1635 2098 repulistis
1681 2028 1836 2092 illud,
1874 2040 1931 2084 et
1964 2030 2121 2084 indi-'

524 2130 658 2185 gnos
690 2130 785 2170 vos
829 2116 1006 2171 facitis
1044 2127 1246 2185 aeterna
1279 2118 1421 2186 vita,
1467 2133 1594 2174 ecce
1630 2120 1998 2175 convertimur
2037 2119 2106 2174 ad

526 2218 734 2276 gentes.
793 2207 886 2263 Sie
943 2209 1088 2264 enim
1145 2210 1400 2279 prmcepit
1455 2211 1614 2265 nobis
1671 2210 1928 2266 Dominus
1964 2211 2035 2265 ⁸⁸.
2078 2228 2099 2263 s

526 2298 684 2354 Disce
712 2299 871 2369 igitur
925 2311 1224 2371 quo‘pacto
1254 2303 1305 2356 in
1340 2304 1511 2373 gratia
1547 2303 1643 2359 Dei
1669 2302 1939 2359 exsultent
1974 2317 2104 2374 gen-

528 2398 630 2443 tes.
660 2386 794 2442 Nam
826 2404 892 2443 ex
929 2390 1058 2445 Sion
1110 2402 1164 2446 et
1210 2390 1512 2448 Jerusalem
1548 2394 1715 2463 legem
1769 2403 1826 2448 et
1878 2394 2102 2448 verbum

525 2478 739 2534 Domini
783 2483 1073 2538 recessisse
1098 2484 1303 2548 dicunt,
1355 2484 1684 2553 omninoque
1733 2486 1798 2537 ad
1831 2500 1889 2538 se
1927 2484 2100 2538 demi-

524 2586 732 2640 grasse.
804 2572 1040 2627 Transiit
1093 2575 1235 2628 enim
1291 2575 1461 2643 gratia
1508 2577 1575 2631 ab
1624 2576 1736 2639 his,
1790 2576 1880 2645 qui
1940 2575 2099 2630 [idem

525 2665 809 2719 voluerunt
857 2666 1123 2734 rejicerc,
1173 2665 1241 2720 ad
1293 2681 1389 2721 eos
1435 2668 1525 2737 qui
1575 2682 1673 2737 per
1719 2666 1877 2722 ﬁdem
1927 2666 2100 2722 vocati

522 2765 670 2809 sunt.

2215 1950 2376 2004 μενον
2397 1951 2413 1966 ο
2447 1951 2468 1984 ‹
2501 1932 2613 1986 Καὶ
2640 1927 2792 1998 εἶπα,
2818 1931 2877 1984 οὐ
2922 1929 2997 2002 μὴ
3041 1927 3290 1996 ποιμανῶ
3320 1928 3462 1997 ὑμᾶς
3483 1944 3497 1958 ⁸
3539 1925 3602 1979 τὸ
3644 1926 3797 1979 ἀπο-

2210 2024 2443 2095 θνῆσκον
2484 2023 2894 2094 ἀποθνησκέτω,
2934 2022 3030 2075 καὶ
3070 2020 3131 2074 τὸ
3159 2019 3408 2073 ἐκλεῖπον
3456 2016 3791 2081 ὲκλειπέτω,

2208 2117 2305 2170 καὶ
2339 2117 2408 2170 τά
2456 2116 2760 2170 κατάλοιπα
2814 2114 3041 2168 ἐσθιέτω
3074 2112 3356 2184 ἄνθρωπος
3403 2110 3634 2173 ἕκαστος
3676 2110 3792 2173 τὰς

2210 2211 2419 2283 σάρκας
2445 2208 2541 2263 τοῦ
2570 2208 2796 2279 πλησίον
2822 2206 3007 2262 αὑτοῦ.
3048 2226 3067 2258 ι
3112 2204 3367 2275 Ἐξῆλθεν
3407 2203 3585 2258 τοίνυν
3617 2203 3793 2275 νόμος

2210 2302 2275 2353 ἐκ
2334 2303 2433 2371 τῆς
2476 2299 2635 2363 Σιὼν,
2688 2298 2784 2351 καὶ
2828 2296 2986 2365 λόγος
3041 2295 3247 2368 Κυρίου
3300 2293 3362 2359 ἐξ
3400 2292 3780 2364 Ἰερουσαλήμ.

2222 2389 2593 2462 Ἐσφραγίσθη
2632 2389 2741 2460 γὰρ
2781 2390 2970 2460 ὅρασις
3015 2387 3110 2441 καὶ
3157 2386 3461 2458 προφητεία
3493 2383 3631 2455 μετά
3676 2381 3788 2436 τδν

2207 2482 2301 2537 τοῦ
2336 2482 2586 2553 Σωτῆρος
2618 2481 2870 2552 σταυρόν.
2898 2482 3009 2534 Καὶ
3045 2478 3226 2532 οὐκέτι
3253 2478 3382 2550 παρ’
3409 2478 3593 2540 αὐτοῖς
3627 2476 3656 2529 6
3679 2474 3783 2529 τοῦ

2208 2574 2343 2629 Θεοῦ
2370 2575 2531 2647 νόμος
2556 2591 2615 2627 τε
2647 2574 2739 2627 καὶ
2767 2573 2941 2641 λόγος.
2977 2573 3085 2627 Καὶ
3106 2571 3233 2641 γοῦν
3259 2574 3288 2625 6
3314 2569 3600 2633 θεσπέσιος
3627 2568 3786 2623 Παῦ-

2207 2665 2299 2729 λος
2326 2665 2609 2737 μονονουχὶ
2634 2665 2729 2718 καὶ
2756 2662 3090 2735 ἀπειρηκὼς,
3137 2663 3230 2717 καὶ
3258 2661 3612 2732 ἀνουθέτητον
3655 2660 3783 2731 βλέ-

2199 2775 2315 2812 πων
2339 2758 2440 2829 τὴν
2465 2756 2574 2810 τῶν
2614 2755 2880 2810 Ἰουδαίων
2901 2754 3129 2825 πληθὺν,
3164 2771 3182 2804 ι
3206 2754 3387 2824 Ὑμῖν,
3411 2774 3429 2805 ι
3456 2754 3671 2824 φησὶν,›
3704 2746 3781 2823 ἦν

521 2849 818 2917 ἀναγκαῖον
866 2847 1160 2919 λαληθῆναι
1186 2850 1277 2904 τὸν
1326 2849 1482 2919 λόγον
1528 2851 1624 2905 τοῦ
1655 2852 1862 2926 Κυρίου
1885 2869 1898 2884 ·
1927 2852 2115 2924 ἐπειδὴ
2152 2850 2208 2905 δὲ
2244 2833 2549 2904 ἀπωθεῖσθε
2589 2848 2772 2914 αὑτὸν,
2833 2846 2927 2900 καὶ
2952 2846 3053 2899 οὐκ
3091 2844 3271 2910 ἀξίους
3301 2846 3516 2915 κρίνετε
3549 2846 3781 2911 ἑαυτοὺς

518 2940 620 3010 τῆς
660 2941 878 2994 αἰωνίου
929 2942 1094 3013 ζωῆς,
1147 2943 1256 2998 ἰδοὺ
1301 2946 1647 3018 στρεφόμεθα
1685 2950 1765 3011 εἰς
1814 2948 1885 3002 τὰ
1934 2948 2096 3019 ἔθνη·
2173 2946 2316 3002 οὕτω
2387 2946 2496 3017 γὰρ
2542 2943 2857 3000 ὲντέταλκεν
2907 2943 3038 3013 ἡμῖν
3078 2941 3107 2994 6
3150 2939 3373 3011 Κύριος.
3425 2958 3446 2992 ι
3487 2940 3651 3003 Σύνες
3678 2936 3778 2994 οὖν

517 3034 664 3098 ὅπως
716 3035 809 3089 ἐπὶ
849 3038 918 3109 τῇ
963 3036 1058 3089 τοῦ
1112 3036 1348 3107 Χριστοῦ
1405 3038 1588 3111 χάριτι
1630 3041 2095 3112 μεγαλαυχοῦνται
2169 3041 2236 3095 τὰ
2282 3038 2431 3110 ἔθνη.
2488 3036 2620 3092 Ἀπὸ
2652 3036 2762 3106 γάρ
2814 3034 2912 3105 τῆς
2979 3033 3116 3088 Σιὼν
3155 3036 3249 3087 καὶ
3283 3037 3382 3106 τῆς
3422 3034 3781 3106 Ἰερουσαλὴμ

517 3130 876 3202 ὲκὸεόηκέναι
922 3131 1055 3201 φασὶ
1093 3132 1255 3203 νόμον
1287 3151 1348 3187 τε
1393 3136 1488 3189 καὶ
1517 3135 1672 3205 λόγον
1702 3136 1795 3191 τοῦ
1841 3140 2048 3210 Κυρίου
2073 3180 2089 3207 ,
2143 3137 2539 3209 μεταφοιτῆσαι
2575 3137 2632 3190 δὲ
2697 3134 2913 3197 πάντως
2945 3134 3026 3198 είς
3079 3132 3238 3189 αὑτά.
3266 3132 3625 3203 Μεταόέόηκε
3662 3132 3781 3205 γὰρ

516 3226 551 3294 ἡ
576 3226 735 3294 χάρις
756 3226 820 3278 ὲκ
842 3224 952 3279 τῶν
989 3226 1234 3281 ἀπειθεῖν
1260 3228 1529 3299 ἑλομένων
1565 3233 1644 3296 είς
1690 3233 1818 3296 τοὺς
1845 3232 1934 3286 διὰ
1974 3234 2073 3303 τῆς
2100 3233 2337 3296 πίστεως
2369 3231 2763 3302 κεκλημένους.

587 3319 700 3391 38
737 3319 905 3376 Vens.
934 3322 990 3376 4.
1033 3321 1100 3376 Et
1130 3323 1391 3392 judicabit
1422 3327 1559 3381 inter
1595 3336 1791 3397 gentes,
1821 3337 1870 3383 et
1909 3339 2090 3400 arguet

2264 3327 2376 3383 Kal
2422 3326 2616 3397 κρινεῖ
2652 3324 2964 3394 ἁναμέσον
3001 3322 3120 3378 τῶν
3151 3322 3363 3389 ἐθνῶν,
3412 3321 3511 3376 καὶ
3536 3320 3775 3392 ἐλέγξει

514 3414 760 3479 papulum
789 3414 1032 3481 multum,
1067 3424 1116 3469 et
1152 3419 1469 3473 contunderit
1499 3419 1704 3489 gladios
1727 3437 1848 3476 suos
1873 3423 1929 3476 in
1968 3439 2097 3476 ara-

514 3512 619 3569 (ra,
660 3515 707 3556 et
745 3504 954 3557 lanceas
989 3523 1111 3560 suas
1152 3509 1206 3561 in
1245 3508 1429 3578 falces,
1460 3520 1507 3564 et
1538 3528 1643 3565 non
1671 3523 1838 3568 sumet
1880 3531 2003 3584 gens
2042 3517 2097 3570 in

513 3604 716 3663 gentem
746 3594 1014 3664 gladium,
1072 3614 1233 3668 neque
1278 3599 1477 3654 discent
1511 3601 1735 3671 amplius
1782 3602 1974 3658 bellum
2005 3620 2095 3676 ge-

514 3702 569 3740 re
576 3703 628 3740 Υϐ
634 3726 648 3739 .

583 3776 715 3831 Cum
746 3778 1056 3848 praedixerit
1088 3781 1387 3850 potentiam
1435 3781 1633 3838 diaboli
1663 3799 1911 3841 casuram
1953 3793 2009 3841 et
2040 3786 2094 3841 in

513 3868 737 3923 nihilum
788 3871 1093 3937 abituram,
1144 3873 1519 3946 idolorumque
1569 3876 1837 3932 ﬁctionem
1886 3879 2093 3932 irritam

512 3974 837 4027 cassamque
874 3963 1135 4026 futuram,
1168 3965 1549 4023 exhortatione
1576 3977 1759 4023 mutua
1787 3969 1890 4024 sibi
1920 3970 2095 4024 accla-

510 4050 786 4105 mantibus
823 4053 1090 4120 'gentibus
1132 4071 1144 4107 :
1187 4071 1206 4104 ι
1257 4055 1459 4111 Adeste
1513 4066 1569 4112 et
1619 4060 1979 4116 ascendamus
2037 4062 2095 4117 in

511 4151 753 4193 montem
796 4140 1045 4206 Domini,
1079 4152 1133 4196 et
1178 4144 1232 4199 in
1283 4147 1502 4202 domum
1553 4148 1646 4203 Dei
1678 4147 1866 4215 Jacoh,
1912 4161 1967 4206 et
1996 4166 2094 4207 an-

510 4234 783 4288 nuntiahit
811 4235 966 4290 nobis
994 4238 1135 4291 viam
1161 4249 1411 4305 suam,et
1448 4242 1842 4300 ambulahimus
1869 4244 1921 4299 in
1955 4261 2040 4312 ea,
2066 4264 2088 4298 ι

507 4325 724 4390 tempus
750 4324 817 4377 ob
845 4325 1034 4381 oculos
1063 4329 1366 4385 auditorum
1398 4333 1674 4386 constituit
1699 4353 1712 4388 :
1744 4349 1851 4404 quo
1878 4351 1939 4390 ea
1971 4352 2094 4406 qua:

509 4425 932 4468 commemorata
989 4425 1113 4471 ante
1177 4428 1306 4473 sunt
1346 4421 1412 4474 ad
1448 4422 1608 4475 linem
1650 4406 1997 4493 pervenient,
2038 4432 2093 4480 et

506 4513 577 4554 ex
608 4502 722 4570 ipsa
755 4519 934 4564 rerum
958 4510 1268 4566 conditione
1308 4512 1439 4567 facit
1469 4514 1852 4571 clarissimum.
1879 4518 2091 4573 Etenim

2196 3419 2350 3474 λαὸν
2380 3420 2580 3473 πολύν
2604 3437 2617 3449 ·
2651 3418 2749 3472 καὶ
2786 3418 3173 3487 συγκόψουσι
3209 3416 3316 3483 τὰς
3337 3415 3633 3485 μαχαίρας
3658 3416 3774 3468 αὐ-

2197 3511 2315 3565 τῶν
2356 3514 2442 3577 εις
2492 3511 2729 3579 ἄροτρα,
2772 3510 2870 3564 καὶ
2910 3509 3017 3575 τὰς
3062 3508 3297 3572 ἂϐὐνας
3332 3508 3530 3562 αὐτῶν
3565 3507 3650 3571 είς
3694 3506 3773 3560 τὰ

2196 3604 2480 3672 δρέπανα.
2521 3604 2630 3659 Kal
2669 3606 2741 3657 οὺ
2782 3599 3040 3672 λήψεται
3087 3602 3263 3668 ἔθνος
3305 3602 3404 3655 ἐπὶ
3456 3602 3628 3666 ἔθνος
3661 3601 3775 3670 μά-

2196 3712 2432 3766 χαιραν,
2468 3695 2566 3750 καί
2597 3697 2669 3749 οὐ
2698 3697 2783 3765 μὴ
2812 3692 3086 3764 μάθωσιν
3127 3695 3215 3749 ἔτι
3245 3693 3550 3763 πολεμεῖν.

2266 3789 2617 3861 Προειρηκὼς
2640 3790 2721 3842 ὅτι
2754 3789 3003 3843 πεσεῖταί
3029 3805 3086 3841 τε
3113 3789 3208 3843 καὶ⁵
3236 3789 3515 3860 οἰχήσεται
3545 3785 3677 3857 πρὸς
3703 3785 3771 3839 τὸ

2197 3881 2366 3952 μηδὲν
2393 3882 2454 3934 τὸ
2480 3881 2574 3934 τοῦ
2595 3880 2841 3934 διαϐόλου
2872 3882 3071 3951 κράτος
3089 3897 3103 3911 ο
3133 3881 3361 3950 ἀργήσει
3390 3880 3447 3933 δὲ
3473 3879 3566 3932 καὶ
3590 3881 3622 3948 ἠ
3656 3877 3770 3934 τῶν

2196 3969 2429 4024 εἰδώλων
2447 3970 2662 4040 ποίησις
2685 3971 3065 4042 προτροπάδην
3085 3968 3327 4040 ἀλλήλων
3346 3966 3770 4035 ὲπιφωνούντων

2195 4061 2385 4115 ἐθνῶψ
2413 4079 2431 4112 ι
2454 4059 2638 4125 Δεῦτε,
2661 4060 2949 4131 ἀναδῶμεν
2971 4062 3048 4124 είς
3075 4059 3135 4112 τὸ
3163 4059 3285 4129 ὅρος
3300 4056 3393 4110 τοῦ
3418 4056 3642 4126 Κυρίου,
3664 4057 3767 4112 καὶ

2193 4153 2274 4213 είς
2297 4152 2387 4206 τὸν
2407 4146 2555 4204 οἷκον
2580 4149 2675 4204 τοῦ
2703 4149 2847 4204 Θεοῦ
2866 4149 3078 4214 Ἰακὼ6,
3095 4149 3189 4203 καὶ
3209 4146 3494 4216 ἀναγγελεῖ
3514 4147 3645 4217 ἡμῖν
3662 4147 3765 4218 τὴν

2192 4244 2311 4298 ὁδὸν
2326 4242 2514 4308 αὑτοῦ,
2533 4244 2626 4297 καὶ
2642 4242 3019 4313 πορευσόμεθα
3040 4244 3096 4298 ὲν
3120 4242 3277 4313 αὑτῇο
3307 4260 3325 4293 ι
3345 4240 3633 4311 καθίστησι
3650 4244 3762 4304 τοῖς

2194 4334 2562 4406 ἀκροωμένοις
2589 4335 2792 4407 ἐναργῆ
2808 4334 2897 4387 τὸν
2915 4334 3124 4404 καιρὸν,
3151 4333 3271 4387 καθ’
3284 4334 3342 4387 ὃν
3359 4335 3437 4398 είς
3457 4336 3625 4404 πέρας
3640 4332 3762 4402 ἥξει

2190 4428 2261 4481 τὰ
2303 4429 2679 4499 προειρημένα
2697 4468 2712 4491 ,
2750 4428 2843 4482 καὶ
2868 4427 2928 4493 ἐξ
2953 4428 3120 4497 αὐτῆς
3148 4429 3247 4498 τῆς
3284 4427 3393 4480 τῶν
3421 4426 3761 4498 πραγμάτων

2193 4521 2577 4581 καταστάσεως
2598 4523 2827 4572 ποιεῖται
2852 4516 3291 4589 γνωριμώτατον.
3314 4517 3488 4570 Πάλαι
3511 4517 3609 4587 μὲν
3625 4517 3756 4587 γὰρ,

506 4591 635 4646 olim
668 4610 792 4648 cum
828 4606 969 4651 terra
998 4615 1105 4654 non
1137 4611 1282 4659 esset
1315 4607 1405 4660 uni
1432 4607 1564 4678 jugo
1592 4608 1828 4676 subdita,
1860 4612 1952 4667 sed
1992 4627 2089 4682 per

2201 4610 2291 4663 οὐκ
2317 4608 2485 4680 οὔσης
2510 4611 2609 4681 τῆς
2641 4610 2745 4679 γῆς
2788 4610 2894 4664 ὑπὸ
2935 4608 3096 4677 ζυγὸν
3129 4608 3246 4671 ἕνα,
3295 4608 3662 4681 διωρισμένων
3704 4608 3761 4662 δὲ

507 4683 753 4740 civitates
813 4696 869 4742 et
929 4691 1175 4760 regidnes
1236 4677 1694 4767 distinguerentur
1741 4677 2084 4773 gentes,'et

2201 4686 2333 4758 κατά
2370 4677 2662 4774 τεχώρας
2686 4677 2780 4757 καὶ
2820 4703 3002 4765 πόλεις
3043 4701 3153 4755 τῶν
3196 4677 3407 4766 ἐθνῶν,
3443 4677 3537 4757 καὶ
3576 4702 3759 4765 ίδικῶς

505 4790 735 4846 quaeque
768 4778 1042 4847 sigillatim
1074 4800 1231 4839 suum
1264 4787 1491 4844 haberet
1519 4792 1708 4847 ducem
1735 4834 1751 4859 ,
1799 4795 2080 4850 dissidium

504 4874 643 4929 erat,
678 4875 735 4920 et
771 4867 914 4922 nulla
950 4872 1226 4927 hominum
1273 4878 1554 4944 permistio
1597 4888 1691 4935 aut
1724 4884 2078 4950 consociatio,

503 4957 598 5012 sed
630 4973 820 5029 pugna:
846 4971 901 5014 et
928 4962 1065 5015 bella
1092 4964 1265 5020 ubivis
1296 4968 1535 5035 gentium
1572 4973 1924 5041 perdentibus
1957 4992 2081 5043 sese

502 5057 691 5103 mutuo
730 5058 886 5103 terra:
938 5050 1359 5120 habitatoribus,
1398 5066 1451 5112 et
1499 5073 1716 5132 seraper
1752 5062 1958 5119 alienas
1993 5080 2081 5121 res

502 5137 895 5205 diripientibus,
922 5152 970 5195 et
1014 5143 1264 5212 rapinam
1295 5163 1359 5201 ac
1387 5147 1677 5217 feritatem,
1711 5164 1898 5209 contra
1933 5165 2087 5224 quos‘
2126 5162 2131 5170 '

502 5228 734 5299 quisque
769 5241 1002 5302 poterat,
1035 5235 1260 5305 gloriam
1297 5254 1562 5296 summam
1606 5257 1727 5299 esse
1750 5245 2070 5301 existiman-

500 5318 666 5376 tlbus.
726 5322 835 5380 Nec
892 5327 1054 5397 igitur
1091 5336 1261 5386 tutam
1302 5333 1689 5393 habitationem
1746 5338 2070 5408 habuerunt,

500 5423 714 5477 semper
757 5421 1051 5487 migrantes
1080 5422 1146 5477 ad
1177 5424 1427 5491 alteram,
1458 5434 1513 5479 et
1540 5425 1606 5481 ab
1632 5442 1693 5482 ea
1723 5442 1889 5496 quam
1910 5444 2074 5483 occu-

498 5511 694 5570 parant
745 5504 1011 5564 deturbati
1065 5528 1096 5566 a
1152 5517 1569 5583 potentioribus.
1628 5517 1893 5575 Caeterum
1946 5535 2068 5573 cum

500 5591 874 5648 universorum
953 5600 1093 5655 Deus
1156 5604 1523 5662 Romanorum
1589 5610 1817 5680 sceptris
1881 5609 2067 5665 orbem

470 5863 483 5868 _
568 5778 613 5812 ³⁵
640 5777 801 5835 Zach.
838 5795 914 5849 xt,
948 5781 1001 5838 9.
1076 5782 1122 5814 ”
1151 5784 1273 5839 Act.
1307 5803 1426 5854 xm,
1462 5789 1549 5843 46.

2188 4796 2428 4868 ἑκάστης
2476 4796 2708 4867 ἐχούσης
2750 4796 2840 4850 τὸν
2884 4794 3202 4865 ἡγούμενον,
3235 4795 3429 4866 ἀμιξία
3468 4811 3527 4847 τε
3556 4790 3624 4864 ἦν
3663 4793 3757 4846 καὶ

2190 4888 2360 4959 μάχαι
2389 4889 2482 4942 καὶ
2515 4889 2762 4959 πόλεμοι,
2797 4889 3046 4958 πανταχῆ
3074 4887 3486 4959 καταδῃούντων
3515 4886 3757 4955 ἀλλήλων

2185 4979 2293 5033 τῶν
2322 4980 2416 5034 ἐπὶ
2455 4980 2555 5050 τῆς
2582 4981 2707 5050 γῆς,
2730 4982 2823 5034 καὶ¹
2866 4980 3272 5053 διαρπαζόντων
3305 4981 3392 5037 ἀεὶ
3428 4981 3496 5035 τὰ
3530 4979 3753 5048 ἑτέρων,

2186 5068 2280 5124 καὶ
2310 5055 2408 5140 τὴν
2454 5069 2576 5124 καθ’
2623 5065 2698 5125 ὧν
2739 5070 2807 5124 ἃν
2849 5069 3096 5127 δύναιντο
3165 5072 3386 5126 ἕκαστοι
3443 5066 3753 5129 πλεονεξίαν

2177 5160 2273 5213 καὶ
2339 5159 2676 5231 ἀγριότητα,
2728 5160 2884 5226 δόξαν
2944 5162 3237 5234 ἡγούμενοι
3314 5159 3411 5228 τὴν
3467 5152 3749 5208 ἀνωτάτω.

2174 5250 2380 5304 Οὐκοῦν
2409 5250 2529 5304 οὐδὲ
2554 5252 2771 5323 ἀσφαλῆ
2804 5255 2903 5325 τὴν
2935 5253 3147 5324 οἴκησιν
3183 5247 3345 5321 εἶχον,
3372 5248 3458 5300 ἀεὶ
3493 5245 3750 5315 μεθιστά-

2173 5356 2325 5409 μενοι
2367 5341 2502 5412 πρὸς
2539 5344 2754 5415 ἑτέραν,
2790 5348 2886 5399 καὶ
2923 5346 3028 5399 ὑπὸ
3073 5344 3179 5398 τῶν
3225 5338 3612 5410 δυνατωτέρων
3650 5337 3751 5408 τῆς

2175 5432 2511 5505 εἰλημμένης
2551 5433 2929 5506 ἐξωθούμενοι.
2990 5432 3208 5502 Ἐπειδὴ
3253 5432 3312 5484 δὲ
3369 5430 3397 5483 6
3449 5430 3557 5484 τῶν
3612 5429 3749 5482 ὅλων

2175 5523 2307 5588 Θεὸς
2352 5528 2465 5590 τοῖς
2533 5527 2822 5598 Ῥωμαίων
2862 5526 3161 5595 σκήπτροις
3202 5523 3457 5594 ὑπήγαγε
3506 5521 3604 5592 τὴν
3656 5521 3750 5572 ὑπ’

2175 5613 2424 5683 οὐρανὸν,
2457 5616 2554 5687 μία
2595 5634 2655 5670 τε
2694 5615 2877 5670 λοιπὸν
2915 5617 2947 5685 ἡ
2994 5608 3136 5667 κατά
3183 5612 3422 5683 πάντων,
3461 5610 3750 5667 ἐκτέταται
