4032 6214
318 298 392 354 73
970 332 976 339 ι
1481 295 1561 353 ‘IN
1598 297 1830 354 ISAIAM
1872 299 1886 353 Ι

1989 298 2081 355 .l.
2121 297 2329 357 ORAT.
2370 298 2436 354 ιι.
3520 296 3585 364 τι

314 413 589 485 βασιλεία,
635 411 938 484 κατέληξαν
992 415 1093 483 μὲν
1140 415 1190 467 ot
1231 415 1482 486 πόλεμοι,
1521 416 1795 472 πέπαυται
1840 418 1886 471 δὲ

2004 430 2269 477 terrarum
2302 419 2673 488 submisisset,
2708 428 2763 476 et
2795 434 2964 476 unum
3000 418 3255 487 deinceps
3288 416 3488 486 ubique
3512 431 3587 471 re-

312 506 465 577 μάχη
513 506 611 560 καὶ
654 504 926 575 διχόνοια,
980 505 1078 574 καὶ
1125 506 1528 578 κεκράτηκενή
1560 507 1897 580 δικαιοσύνη,

309 597 408 650 καὶ
437 597 541 667 τῆς
585 596 848 667 εὐνομίας
874 596 939 650 τὸ
971 597 1236 667 ἀσφαλὲς,
1277 598 1491 664 οὐδενὸς
1516 599 1861 671 ,ἁρπάζοντος
1882 617 1897 632 ο

307 691 370 746 οὐ
410 690 817 763 καταδῃοῦντος
862 690 944 745 ἔτι
965 732 981 757 ,
1023 692 1116 746 καὶ
1171 693 1379 748 πόλεων
1425 694 1459 767 ἢ
1494 695 1690 767 χωρῶν
1736 713 1900 751 κατα-

305 783 624 855 τρέχοντος⁹
651 781 753 836 οὐκ
784 782 1187 855 ἀνεπίπληκτον
1211 784 1427 855 ἔχοντος
1446 785 1506 848 τὸ
1531 786 1896 849 πλεονεκτεῖν.

305 871 420 925 Καὶ
453 872 578 943 οὐχὶ
618 872 781 927 τοῦτο
825 868 1025 943 μόνον,
1052 873 1189 928 ἀλλά
1232 875 1290 938 δὲ
1326 876 1528 935 δίδοται
1579 877 1679 949 μὲν
1721 879 1755 950 ᾑ
1790 877 1897 930 τῶν

303 959 489 1014 ὅπλων
538 962 700 1033 χρεία
759 963 944 1034 μόνοις
1003 966 1115 1028 τοῖς
1161 967 1595 1037 μαχιμωτάτοις,
1645 967 1741 1021 καὶ
1796 969 1896 1040 τὴν

307 1052 710 1124 στρατεύσιμον
759 1053 943 1126 ἔχουσι
996 1056 1172 1123 τάξιν,
1210 1056 1315 1110 ὐπὸ
1349 1059 1506 1128 χεῖρά
1536 1075 1596 1111 τε
1636 1054 1756 1120 οὖσι
1795 1060 1895 1131 τὴν

305 1142 601 1212 βασιλέως.
648 1144 1023 1216 meum”
1056 1146 1113 1199 δὲ
1135 1147 1236 1206 και
1263 1147 1463 1220 ἀσθενῆ
1493 1148 1562 1205 τὰ
1585 1148 1755 1210 πολλά
1775 1130 1894 1213 ’τῶν

302 1234 497 1300 ἐθνῶν,
536 1237 638 1290 δσα
678 1238 779 1308 τῆς
820 1238 1109 1310 Ῥωμαίων
1143 1240 1320 1312 ἀρχῆς
1360 1241 1773 1314 ἀποσεισάμενα
1799 1243 1892 1300 τὸν

298 1324 493 1397 ζυγὸν,
524 1330 717 1383 πόλεσί
752 1347 813 1383 τε
842 1331 936 1393 καὶ
981 1329 1188 1403 χώραις
1233 1333 1441 1403 ἀγρίως
1487 1336 1764 1407 ἐπιφοιτᾷ.
1813 1335 1890 1391 Οὐ

298 1420 413 1491 γὰρ
451 1419 603 1474 ἔστιν
653 1422 840 1485 αὐτοῖς
882 1422 1202 1495 ἐλευθέροις,
1241 1425 1317 1489 ὡς
1348 1426 1416 1481 ἂν
1457 1426 1750 1497 βούλοιντο,
1793 1447 1892 1483 κα-

300 1511 611 1582 τατρέχειν.
658 1512 1099 1574 ’Δντανίστανται
1142 1516 1252 1587 γὰρ
1292 1516 1363 1571 τὰ
1399 1518 1683 1589 Ῥωμαίων
1726 1520 1884 1587 ὅπλα,

296 1602 399 1656 καὶ
424 1604 661 1673 ἠρεμεῖν
691 1604 1083 1672 ἀναγκάζουσι,
1119 1607 1214 1663 καὶ
1240 1609 1643 1665 καταπτοοῦσιν
1674 1610 1760 1674 ,ὼς
1800 1610 1891 1682 θῇ-

302 1712 440 1767 ρας,
486 1697 582 1749 καὶ
635 1699 759 1759 ταῖς
814 1697 969 1768 παρά
1004 1698 1155 1768 σφῶν
1206 1700 1544 1766 εὐσθενείαις
1593 1703 1888 1777 ἀνάνδρους

2004 526 2171 580 gnum
2218 510 2569 566 constitutum
2602 518 2779 576 esset,
2814 509 2952 564 bella
2986 516 3294 571 cessarunt,
3323 519 3504 576 pugna
3534 512 3587 561 et

2001 601 2267 657 dissensio
2284 602 2731 671 conquieverunt,
2745 599 2958 671 justitia
2973 598 3222 662 obtinuit,
3241 608 3404 679 atque
3422 595 3587 668 tequi-

2003 692 2129 747 tatis
2157 691 2456 749 securitas:
2480 708 2601 747 cum
2628 704 2785 746 nemo
2805 699 3040 766 raperet,
3061 685 3337 756 nemo‘jam
3364 683 3587 757 popula-

2001 794 2171 850 retur;
2194 799 2316 839 cum
2346 799 2451 839 non
2483 784 2537 839 in
2569 784 2816 848 civitates
2840 792 2934 838 aut
2958 781 3212 852 regiones
3250 778 3587 834 incursiones

1999 870 2258 941 facerent,
2293 888 2394 929 nec
2427 872 2750 937 inﬂammari
2788 872 3083 943 cupiditate
3106 870 3412 934 divitiarum
3445 881 3585 949 prat-

1997 962 2200 1017 clarum
2233 963 2515 1021 ducerent.
2548 962 2661 1018 Nec
2701 964 2753 1018 id
2807 964 2988 1031 modo,
3028 962 3127 1023 sed
3176 971 3231 1023 et
3286 973 3417 1015 usus
3448 960 3586 1014 adeo

1997 1070 2272 1110 armorum
2299 1057 2527 1112 traditus
2556 1065 2644 1111 est
2679 1054 2812 1110 solis
2832 1054 3193 1110 bellatoribus
3230 1051 3500 1115 maximis,
3530 1058 3599 1124 et.

1997 1145 2289 1201 militarem
2315 1147 2562 1210 ordinem
2597 1148 2928 1213 tenentibus,
2966 1160 3030 1201 ac
3051 1146 3195 1221 regis
3218 1142 3369 1221 quasi
3397 1139 3582 1196 manui

1994 1246 2157 1308 atque
2203 1239 2457 1308 potestati
2498 1238 2785 1308 subjectis.
2842 1238 3249 1310 Deprehensum
3287 1242 3374 1290 est
3417 1233 3581 1287 etiam

1994 1330 2191 1386 multas
2233 1340 2420 1401 gentes
2467 1331 2711 1385 inﬁrmas
2755 1344 2906 1401 esse,
2970 1342 3305 1405 quaecunque
3347 1324 3581 1380 Romani

1994 1422 2201 1492 imperii
2217 1422 2351 1493 jugo
2373 1436 2623 1489 excusso,
2643 1423 2894 1483 civitates
2929 1431 2983 1483 et
3014 1421 3262 1493 regiones
3289 1417 3583 1474 crudeliter

1990 1514 2275 1573 invadunt.
2354 1513 2473 1569 Non
2541 1515 2688 1569 enim
2765 1514 2891 1575 licet
2968 1513 3076 1569 illis
3150 1526 3249 1583 pro
3314 1510 3581 1568 arbitratu

1990 1606 2161 1662 libere
2240 1605 2477 1676 grassari
2548 1623 2563 1665 :
2637 1604 2912 1667 obsistunt
2983 1604 3128 1659 enim
3208 1601 3578 1657 Romanorum

1990 1712 2164 1761 arma,
2203 1706 2257 1755 et
2296 1697 2577 1767 quiescere
2615 1705 2816 1767 cogunt
2842 1711 2907 1751 ac
2941 1695 3110 1753 instar
3128 1694 3377 1749 ferarum
3411 1702 3582 1747 terre—

298 1788 465 1853 ὄντας
503 1788 846 1859 ἐλέγχουσιν.
896 1791 1165 1862 Ὀρίζεται
1212 1793 1395 1848 τοίνυν
1428 1794 1520 1848 τὸν
1559 1800 1772 1865 καιρὸν,
1813 1796 1886 1860 ὡς

1993 1787 2230 1853 faciunt,
2271 1798 2323 1842 et
2360 1789 2477 1849 suis
2516 1787 2720 1843 viribus
2782 1787 2999 1844 illorum
3060 1786 3429 1842 inﬁrmitatem
3483 1796 3579 1837 ar-

300 1877 460 1951 ἔφην.
503 1882 533 1934 ὁ
576 1881 849 1951 μακάριος
896 1883 1185 1954 προφήτης
1232 1884 1334 1955 τῆς
1371 1885 1479 1939 τῶν
1533 1885 1704 1942 ἐθνῶν
1759 1891 1891 1963 κλή-

298 1989 437 2036 σεως
476 1974 571 2027 καὶ
596 1974 958 2047 ἐπιστροφῆς.
1000 1977 1110 2032 Καὶ
1144 1977 1295 2042 ποῖός
1335 1980 1479 2039 ἐστιν
1508 1972 1698 2049 οὖτος;
1740 1981 1891 2048 Ὅτε,

294 2065 489 2133 φησιν,
538 2067 568 2118 ὁ
620 2067 729 2119 τῶν
774 2066 914 2120 ὅλων
962 2066 1116 2134 Θεὸς,
1176 2068 1274 2126 καὶ
1328 2070 1733 2141 παμϐασιλεὺς,
1797 2074 1894 2126 καὶ

295 2155 513 2225 Κύριος
546 2160 720 2227 κρινεῖ
758 2159 857 2213 ὼδά
893 2158 1062 2229 μέσον
1087 2160 1197 2213 τῶν
1236 2159 1431 2228 ἐθνῶν,
1473 2161 1782 2227 τοῦτ’νέστι,
1821 2163 1894 2217 δι-

304 2245 612 2318 καιοσύνην
654 2250 747 2303 καὶ
780 2250 951 2321 κρίσιν
1001 2253 1082 2316 είς
1126 2252 1305 2307 πάντα
1340 2256 1574 2309 ποιεῖται
1619 2256 1690 2315 τὰ
1737 2256 1889 2330 ἔθνη.

315 2338 651 2409 Κεκράτηκε
683 2341 782 2411 μὲν
802 2342 907 2412 γάρ
927 2343 963 2411 ἡ
988 2342 1191 2409 ἀδικία,
1226 2344 1478 2416 καθάπερ
1506 2346 1643 2418 ἔφην
1664 2347 1889 2419 ἀρτίως,

291 2429 718 2500 διαρπαζόντων
747 2433 954 2504 ἄλληλα
980 2435 1088 2489 τῶν
1130 2435 1324 2503 ἐθνῶν,
1351 2439 1445 2491 καὶ
1486 2439 1664 2494 πάντα
1689 2441 1891 2512 τρόπον

291 2518 674 2591 ὲπιφερόντων
712 2523 1040 2596 ἀγριότητος
1072 2527 1167 2580 καὶ
1207 2526 1540 2595 πλεονεξίας.
1586 2531 1804 2602 Ἐπειδὴ
1827 2532 1890 2594 δὲ

293 2609 469 2663 ταῦτα
528 2611 752 2680 γέγονεν
803 2615 871 2668 ἐκ
940 2616 1131 2686 μέσον,
1194 2616 1509 2689 δικαιοσύνη
1556 2620 1653 2674 καὶ
1680 2621 1889 2692 ’κρίσις

290 2698 505 2754 δέδοται
542 2703 697 2775 παρά
741 2704 902 2772 Θεοῦ,
930 2707 1026 2761 καὶ
1061 2706 1429 2779 ἠλέγχθησαν,
1458 2709 1534 2773 ὡς
1548 2709 1718 2783 ἔφην,
1758 2711 1888 2786 ἔθνη

292 2792 479 2845 πολλά
539 2796 650 2859 τοῖς
697 2796 990 2873 Ῥωμαίων
1057 2798 1244 2864 ὅπλοις
1310 2802 1664 2873 νενικημένα,
1724 2804 1889 2863 ’Ὥστε

294 2882 432 2945 τοὺς
475 2881 577 2938 ὑπὸ
622 2887 783 2957 χεῖρα
822 2887 923 2958 τὴν
974 2887 1243 2958 βασιλέως
1296 2888 1528 2950 δεδιέναι
1566 2893 1667 2963 μὲν
1698 2893 1889 2949 οὐκέτι

295 2975 401 3038 τάς
440 2992 600 3031 τινων
637 2979 890 3048 ἐφόδους,
926 2982 1006 3045 είς
1050 2980 1207 3036 τοῦτο
1244 2981 1302 3038 δὲ
1336 2982 1437 3055 ἤδη
1494 2986 1776 3055 προελθεῖν
1818 2988 1888 3042 τά

294 3069 601 3140 πράγματα
646 3073 830 3138 αὐτοῖς
876 3077 1101 3146 εἰρήνης
1137 3093 1199 3130 τε
1245 3077 1382 3148 ὁμοῦ
1423 3079 1516 3133 καὶ
1558 3081 1883 3153 εὐημερίας,

291 3159 373 3223 ὡς
410 3162 610 3232 μηκέτι
659 3164 870 3219 δεῖσθαι
910 3166 1010 3237 τῆς
1057 3168 1115 3221 ὲν
1155 3166 1233 3238 τῷ
1265 3169 1520 3241 πολεμεῖν
1567 3174 1880 3245 ἐμπειρίας,
1913 3154 1957 3213 C

288 3252 615 3310 ἀνθελέσθαι
660 3257 719 3312 δὲ
757 3260 957 3330 μᾶλλον
987 3262 1081 3315 καὶ
1124 3262 1244 3318 λίαν
1287 3264 1539 3336 ἀσμένως
1566 3269 1679 3329 τοῖς
1726 3266 1882 3338 εἰρή-

296 3363 393 3417 νης
440 3348 625 3419 ἔργοις
665 3351 897 3422 ὁμιλεῖν,
946 3355 1040 3408 καὶ
1076 3355 1186 3410 τῶν
1220 3357 1322 3429 τῆς
1360 3358 1667 3427 γεωπονίας
1718 3376 1884 3430 μετα-

294 3440 569 3495 ποιεῖσθαι
596 3443 797 3510 πόνων,
817 3445 912 3499 καὶ
940 3448 1199 3518 φροντίδα
1216 3449 1465 3504 τίθεσθαι
1492 3452 1561 3506 τὰ
1582 3455 1640 3506 ὲν
1670 3454 1879 3525 ἀγροῖς

292 3532 735 3600 μταπλάττουσι
765 3536 875 3608 γάρ
902 3540 990 3601 είς
1017 3538 1175 3593 τοῦτο
1197 3540 1293 3594 τοῦ
1326 3542 1563 3611 πολέμου
1589 3543 1658 3598 τὰ
1686 3543 1879 3616 σκεύη,

289 3623 436 3678 ὥστε
480 3627 575 3680 καὶ
606 3628 884 3699 ρομςςαίαν
911 3633 992 3695 ei;
1021 3633 1254 3705 ἀρότρου
1282 3633 1473 3706 χρείαν
1508 3635 1879 3707 ἐπιλαμϐάνε-

298 3715 451 3770 σθαιο
491 3719 586 3770 ιιαλ⁵
618 3721 727 3790 μὴν
761 3721 857 3776 καὶ
898 3721 1127 3795 ζιὸύνην
1166 3726 1546 3783 ἀποτελεῖσθαι
1574 3727 1876 3800 δρεπάνην,

296 3805 613 3877 ἀπομαθεῖν
637 3810 694 3863 δὲ
734 3812 1006 3878 παντελῶς
1034 3813 1129 3870 τὸν
1170 3816 1430 3888 πόλεμον,
1475 3820 1572 3873 καὶ
1602 3819 1702 3893 τὴν
1741 3819 1880 3892 πρὸς

291 3898 507 3971 ἄλληλα
550 3904 921 3974 παραιτεῖσθαι
973 3907 1180 3980 μάχην.
1240 3910 1457 3983 Ἐπειδὴ
1489 3912 1599 3985 γὰρ
1648 3912 1875 3984 βεϐασί-

291 3992 455 4045 λευκε
480 3992 590 4048 τῶν
608 3995 783 4052 ἐθνῶν
814 4001 843 4052 ὁ
862 3999 1121 4071 Χριστὸς,
1148 4002 1207 4066 ὃς
1238 4003 1387 4056 ἐστιν
1408 4004 1619 4076 εἰρήνη,
1652 4005 1878 4074 γέγονεν

289 4085 355 4136 ὲκ
389 4084 555 4156 μέσον
582 4089 739 4144 πᾶσά
763 4107 823 4144 τε
847 4091 1100 4163 ιδιχόνοια
1125 4093 1223 4149 καὶ
1253 4093 1392 4167 ἔρις,
1422 4097 1519 4151 καὶ
1559 4097 1753 4168 μάχαι,
1780 4097 1878 4151 καὶ

288 4175 398 4228 πᾶν
447 4173 589 4243 εἶδος
631 4180 970 4247 πλεονεξίαςο
1017 4183 1284 4257 ἐξῄρηται
1330 4184 1387 4239 δὲ
1428 4187 1524 4240 καὶ
1570 4186 1640 4242 τὰ
1677 4189 1744 4242 ἐκ
1778 4186 1873 4242 τοῦ

1993 1889 2181 1950 guunt.
2242 1879 2486 1936 Praelinit
2547 1881 2732 1950 itaque
2806 1892 3047 1951 tempus,
3103 1880 3178 1935 ιιιὶ
3204 1878 3346 1942 dixi,
3385 1877 3580 1933 beatus

1994 1975 2293 2042 propheta,
2356 1979 2596 2042 gentium
2676 1970 2979 2026 vocationis
3052 1979 3107 2025 et
3183 1967 3573 2024 conversionis.

1992 2064 2242 2131 Quando,
2286 2063 2484 2134 inquit,
2521 2062 2896 2117 universitatis
2938 2063 3079 2116 Deus
3119 2067 3175 2115 et
3227 2065 3486 2130 regnator
3512 2070 3578 2111 ac

1993 2156 2253 2211 Dominus
2294 2156 2434 2211 inter
2482 2163 2669 2226 gentes
2698 2153 2996 2223 iudicabit,
3037 2153 3142 2207 hoc
3190 2160 3276 2206 est
3296 2149 3575 2223 justitiam

1991 2249 2103 2321 39
2124 2264 2189 2304 ac
2202 2248 2464 2318 judicium
2477 2262 2603 2322 erga
2623 2261 2814 2303 omnes
2827 2255 3017 2325 gentes
3034 2243 3327 2309 exercebit.
3357 2241 3575 2296 Prmva-

1990 2341 2092 2396 luit
2115 2340 2282 2407 enim,
2338 2348 2398 2395 ut
2415 2338 2530 2410 jam
2554 2339 2688 2406 dixi,
2720 2334 3283 2409 injustitia,,gentibus
3301 2348 3368 2390 se
3390 2341 3576 2389 mutuo

1991 2431 2389 2502 diripientibus,
2442 2440 2497 2485 et
2538 2444 2700 2485 omne
2733 2443 2907 2500 genus
2964 2426 3318 2484 immanitatis
3366 2424 3572 2482 etlibi-

1990 2523 2135 2581 diuis
2159 2524 2555 2578 inveltentibus.
2592 2522 2688 2577 llis
2723 2536 2852 2577 vero
2904 2535 2936 2576 e
2980 2519 3156 2576 medio
3184 2518 3433 2583 sublatis,
3454 2515 3574 2587 jus-

1992 2616 2110 2672 titia
2160 2626 2213 2672 et
2237 2615 2500 2685 judicium
2524 2630 2555 2669 a
2586 2614 2696 2670 Deo
2720 2623 2848 2669 sunt
2880 2612 3008 2669 data
3040 2630 3054 2667 :
3087 2622 3143 2667 et
3171 2611 3565 2689 arguebantur,

1989 2718 2050 2766 ut
2076 2709 2425 2781 dixi,,gentes
2444 2707 2627 2763 multa:
2662 2704 2926 2763 Romanis
2949 2705 3117 2763 armis
3141 2704 3365 2772 devictae
3390 2721 3412 2761 ι
3438 2703 3574 2757 adeo

1988 2810 2051 2857 ut
2085 2798 2398 2871 imperatori
2427 2796 2657 2853 subdita:
2676 2796 2854 2852 nullos
2876 2794 3111 2866 amplius
3138 2795 3372 2864 'unpetus
3397 2791 3574 2857 rel'or-

1989 2893 2280 2949 midarent.
2342 2891 2420 2947 Eo
2461 2890 2694 2963 denique
2734 2886 3143 2960 tranquillitatis
3185 2895 3240 2944 et
3263 2884 3431 2952 simul
3453 2884 3573 2940 feli-

1988 2988 2168 3044 citatis
2221 3001 2311 3042 res
2360 2999 2548 3043 eorum
2601 2992 2894 3051 venerunt,
2934 2993 3128 3045 utnon
3178 2979 3299 3053 jam
3341 2979 3573 3056 amplius

1993 3081 2201 3138 bellica:
2233 3077 2329 3135 -rei
2375 3078 2640 3135 facultate
2692 3087 2749 3133 et
2808 3074 3202 3132 exercitatione
3240 3073 3570 3144 indigerent,

1988 3173 2084 3228 sed
2124 3172 2306 3227 munia
2363 3172 2514 3242 pacis
2569 3170 2727 3244 longe
2783 3169 3058 3226 lubentius
3088 3167 3570 3245 amplecterentur,

1988 3272 2045 3320 et
2083 3263 2295 3319 labores
2314 3262 2547 3318 rusticos
2578 3262 2842 3326 colerent,
2883 3262 3075 3331 reique
3115 3261 3347 3335 agraria:
3381 3276 3569 3318 ituram

1987 3356 2347 3423 susciperent.
2376 3353 2434 3408 In
2454 3354 2568 3408 boc
2596 3355 2751 3408 enim
2768 3353 2901 3409 belli
2932 3363 3149 3411 mutant
3185 3353 3570 3417 instrumenta,

1988 3458 2045 3503 ut
2078 3446 2289 3518 gladius
2318 3450 2386 3501 ad
2412 3445 2583 3501 aratri
2608 3459 2765 3500 usum
2798 3456 3133 3511 assumatur,
3153 3444 3348 3500 lancea
3375 3445 3573 3500 cilicia.

1987 3550 2076 3595 tur
2123 3538 2257 3603 falx,
2289 3538 2621 3604 omninoque
2648 3535 2847 3594 bellum
2881 3537 3185 3601 dediscant,
3224 3549 3281 3592 et
3321 3536 3566 3606 prteliari

1981 3632 2124 3688 inter
2168 3646 2229 3687 se
2283 3632 2697 3701 supersedeant.
2764 3627 3035 3686 Gentibus
3073 3628 3217 3684 enim
3262 3631 3569 3698 imperante

1982 3722 2219 3789 Christo,
2278 3724 2372 3794 qui
2413 3732 2499 3779 est
2531 3737 2657 3792 pax,
2690 3737 2722 3778 e
2749 3723 2932 3779 medio
2987 3722 3238 3777 submota
3266 3730 3354 3777 est
3390 3721 3570 3775 omnis

1982 3816 2274 3880 dissensio,
2296 3815 2672 3880 etcontentio,
2700 3825 2758 3867 et
2788 3827 3001 3884 pugnat,
3024 3821 3079 3867 et
3097 3827 3259 3873 omne
3281 3828 3454 3885 genus
3474 3829 3569 3873 cu-

1980 3907 2266 3981 piditatis:
2316 3917 2377 3962 et
2424 3905 2642 3963 sublata
2684 3913 2815 3961 sunt
2872 3918 2997 3975 quas
3039 3919 3108 3971 ex
3138 3905 3280 3967 bello
3316 3906 3567 3971 oriuntur

1984 3999 2351 4066 incommoda,
2392 4006 2667 4064 ctmetus,
2715 3998 2815 4067 qui
2849 3998 2977 4059 inde
3020 3998 3299 4068 nascitur;
3330 3999 3568 4066 obtinuit

1982 4103 2164 4148 autem
2218 4093 2336 4162 ejus
2388 4089 2662 4156 voluntas,
2728 4090 2820 4160 qui
2883 4091 3044 4148 nobis
3093 4091 3280 4155 dicit;
3311 4109 3330 4142 ι
3364 4090 3563 4157 Pacem

1982 4199 2158 4241 meam
2190 4184 2262 4239 do
2315 4182 2491 4248 vobis,
2547 4197 2736 4254 pacem
2764 4198 2941 4238 meam
2976 4183 3222 4252 relinquo
3251 4184 3402 4239 vobis
3430 4183 3498 4236 ⁸τ.
3540 4200 3560 4240 ι

288 4269 554 4341 πολέμους
616 4272 814 4346 βλάὁη,
865 4277 963 4329 καὶ
1033 4276 1105 4331 τὰ
1151 4278 1402 4333 ἐντεῦθεν
1471 4278 1741 4351 δείματα*
1784 4278 2099 4349 κεκράτηκε
2148 4274 2207 4328 δὲ
2247 4273 2309 4339 τὸ
2353 4272 2519 4331 αὐτοῦ
2593 4272 2804 4346 θέλημα
2847 4271 3098 4341 λέγοντος
3148 4271 3287 4343 πρὸς
3330 4271 3560 4340 αὐτούς’
3630 4309 3634 4312 ‹

294 4381 316 4415 ⁸
358 4364 600 4438 Εἰρήνην
632 4367 732 4438 τὴν
758 4369 916 4440 ἐμὴν,
937 4369 1130 4442 δίδωμι
1172 4373 1323 4443 ὑμῖν,
1345 4373 1569 4445 εἰρήνην
1595 4374 1695 4445 τὴν
1732 4373 1873 4446 ὲμὴν
1911 4372 2116 4442 ἀφίημι
2152 4369 2302 4440 ὐμῖν.
2338 4386 2358 4421 ι

354 4464 466 4518 Kal
502 4463 643 4530 νῦν,
675 4466 710 4518 ό
733 4461 901 4532 οἶκος
921 4467 1029 4522 τοῦ
1070 4468 1296 4534 Ἰακὼϐ,
1326 4469 1521 4532 δεῦτε,
1552 4470 1652 4523 καὶ
1674 4485 1858 4538 πορευ

2055 4464 2223 4531 Vsus.
2258 4465 2314 4531 5,
2344 4464 2398 4520 6.
2426 4463 2493 4518 Et
2521 4479 2680 4531 nunc,
2702 4463 2890 4519 damus
2918 4460 3108 4525 Iacob,
3128 4458 3322 4527 venite,
3352 4472 3404 4521 et
3439 4478 3564 4516 ant-

291 4549 481 4623 οῶμεν
520 4552 603 4619 τῷ
630 4555 779 4623 φωτί
818 4557 1064 4635 μυρίον.
1115 4558 1369 4629 Ἀνῆκεν
1409 4562 1523 4631 γὰρ
1569 4560 1678 4614 τὸν
1723 4562 1878 4616 λαόν

288 4643 477 4698 αὑτοῦ
518 4646 629 4698 τὸν
653 4642 823 4700 οἶκον
840 4649 950 4703 τοῦ
991 4649 1258 4719 Ἰσραήλ.

356 4736 770 4809 Καταπτοήσας
795 4739 1110 4813 ἀρκούντως
1129 4745 1256 4815 ταῖς
1288 4745 1734 4817 προωαρῤήσεσι
1763 4746 1876 4801 τῶν

286 4828 500 4895 δεινῶν,
559 4831 662 4883 οὐκ
714 4832 781 4904 ἐᾷ
828 4835 950 4897 ταῖς
986 4832 1363 4903 ἀπογνώσεσιν
1403 4836 1702 4892 ἀπολέσθαι
1747 4837 1875 4902 τούς

289 4923 807 4994 προσκεκρουκότας
831 4939 849 4955 ο
912 4926 1246 4997 ὐπεμφαίνει
1324 4926 1380 4982 δὲ
1452 4928 1538 4982 ὃτι
1592 4931 1876 4998 μετανοεῖν

289 5010 571 5080 ἑλομένοις
602 5012 762 5078 ῖλεως
804 5014 960 5070 ἔσται
1021 5016 1173 5080 Θεός*
1221 5017 1316 5071 καὶ
1364 5018 1700 5091 μεταμαθεῖν
1759 5019 1876 5074 eos-

287 5102 442 5155 λουσι
497 5103 565 5158 τά
624 5106 843 5176 αἰσχίω,
909 5109 1162 5162 καὶτῶν
1235 5110 1538 5179 ἀμεινόνων
1600 5110 1869 5180 ἐφίεσθαι,

287 5200 616 5268 κατευρυνεῖ
690 5200 853 5254 πάλιν
904 5201 1006 5272 τῆς
1075 5203 1349 5274 σωτηρίας
1399 5202 1500 5275 τὴν
1546 5202 1699 5268 ὁδὸν,
1775 5204 1873 5257 καὶ

291 5288 685 5357 ἀμνησικακως
732 5291 1106 5364 προσδέξεται,
1163 5296 1359 5365 καίτοιῖ
1393 5296 1625 5350 πλεῖστά
1669 5312 1730 5349 τε
1774 5297 1876 5351 ὅσα

291 5378 395 5431 καὶ
425 5378 523 5431 οὐκ
557 5383 710 5439 οἰστά
732 5383 1292 5457 πεπλημμεληκότας.
1340 5387 1527 5461 Ταύτῃ
1550 5403 1654 5452 τοι,
1684 5389 1872 5460 φησὶν,

286 5467 618 5525 ἀναπλέκων
633 5474 899 5545 εὐτέχνως
936 5477 1047 5539 τοῖς
1068 5476 1313 5548 ἐλέγχοις
1337 5478 1427 5533 τὸν
1450 5478 1873 5551 παρακαλοῦντα

286 5559 476 5630 λόγον’
533 5577 554 5612 ι
609 5562 718 5617 Καὶ
772 5563 895 5633 νῦν,
930 5567 960 5620 ὁ
990 5561 1136 5633 οἶκος
1159 5567 1256 5623 τοῦ
1307 5569 1523 5639 Ἰακὼϐ,
1552 5569 1735 5636 δεῦτε,
1774 5570 1870 5625 καὶ

358 5716 407 5752 ⁸⁷
426 5717 591 5778 Joau.
618 5737 735 5788 xw,
762 5722 853 5780 9-7.

571 5835 850 5906 ΡΑτιιοι.
888 5838 1005 5900 (in.
1054 5839 1246 5911 LXX.

1983 4559 2221 4615 buleutas
2267 4559 2325 4612 in
2364 4557 2487 4611 luce
2543 4552 2783 4612 Domini.
2843 4554 3061 4618 Dimisit
3122 4554 3261 4618 enim
3310 4555 3560 4627 pupulum

1979 4665 2135 4704 suum
2156 4650 2371 4704 domum
2408 4645 2602 4702 Israel.

2046 4740 2374 4797 Graviorum
2430 4738 2695 4793 inalorum
2765 4737 3036 4794 vatician
3085 4736 3303 4799 abunde
3354 4748 3560 4809 perter-

1979 4832 2241 4899 refactos,
2266 4847 2374 4887 non
2402 4831 2532 4887 sinit
2562 4830 2941 4900 desperatione
2966 4845 3065 4885 eos
3093 4830 3185 4900 qui
3216 4827 3554 4896 offenderunt

1987 4923 2622 4994 perire;atvolentibns
2672 4922 3005 4993 resipiscere
3057 4923 3337 4982 snbinnuit
3389 4922 3558 4986 Deum

1979 5016 2097 5073 fore
2147 5017 2477 5088 propitium;
2522 5029 2586 5071 et
2622 5017 2714 5086 qui
2736 5017 2864 5073 vitia
2898 5019 3167 5087 deponere
3189 5025 3246 5079 et
3269 5016 3336 5075 ad
3367 5014 3556 5077 melio-

1978 5123 2091 5164 rem
2133 5108 2343 5178 l’rngem
2398 5109 2578 5165 redire
2616 5109 2928 5175 voluerint,
2972 5123 3165 5171 rursus
3196 5107 3387 5167 salutis
3419 5107 3557 5167 viam

1979 5199 2373 5269 patefacturum
2398 5217 2415 5267 ;
2466 5215 2568 5255 nec
2595 5201 2736 5256 mala
2766 5216 2826 5255 se
2860 5201 3263 5267 t'el‘ricaturtttn,
3293 5197 3388 5252 sed
3415 5197 3559 5270 ipsos

1982 5303 2325 5361 recepturum
2356 5293 2422 5346 ad
2455 5308 2536 5359 se,
2580 5292 2797 5347 etiamsi
2828 5292 3063 5362 plurima
3107 5298 3163 5344 et
3195 5305 3304 5348 non
3334 5289 3556 5350 ferenda

1981 5381 2373 5439 commiserint.
2412 5383 2631 5438 Alfabre
2676 5383 2820 5436 enim
2858 5378 3374 5450 reprehensionibus
3406 5380 3560 5436 inne-

1979 5486 2133 5531 ctens
2152 5475 2599 5538 consolationem,
2620 5472 2755 5527 dicit
2777 5494 2789 5527 :
2812 5490 2831 5521 ι
2866 5471 2929 5526 Ει
2962 5486 3128 5536 nunc,
3157 5470 3350 5529 domus
3368 5469 3555 5537 Jacob,

1980 5569 2181 5635 venite,
2213 5578 2268 5624 et
2293 5565 2635 5633 ambulemus
2664 5564 2721 5623 in
2741 5562 2950 5623 lumine
2978 5564 3216 5625 Domini.
3248 5586 3269 5623 ι
3310 5567 3560 5627 Arbitror

3248 5838 3285 5902 3
