4012 6216
433 351 501 405 75
1457 334 1513 390 S.
1556 327 1832 388 CYlilLLl
1871 323 2022 383 ALE}

2124 319 2334 376 N'DRINI
2379 318 2688 375 ARCHIEI’.
3614 300 3680 353 76

435 478 561 520 vero
594 460 910 532 prophetam
951 457 1007 513 in
1041 457 1139 512 hac
1163 452 1529 510 exhortatoria
1555 450 1800 506 oratione
1833 459 1994 515 quam

2124 439 2454 512 τορευθῶμεν
2481 436 2558 508 τῷ
2582 435 2723 506 φωτὶ
2754 433 2977 504 Κυρίου.
3015 451 3031 481 ι
3070 428 3309 498 Πρέπειν
3334 423 3391 476 δέ
3424 415 3578 490 οἶμαι
3597 415 3679 486 τῷ

437 549 925 617 adhibet,'hortari
965 547 1258 612 lsraelitas,
1296 555 1352 599 ut
1397 541 1595 598 dicenti
1653 538 1870 594 Christo
1905 551 1999 589 au-

438 644 715 703 scultem:
754 660 772 694 ι
805 638 1055 707 Quandiu
1108 636 1280 692 lucem
1333 633 1562 698 habetis,
1621 629 1894 684 ambulate
1948 626 2000 680 in

439 737 578 802 luce,
617 749 684 790 ne
725 733 960 788 tenebrat:
1004 743 1099 784 vos
1141 723 1600 796 comprehendant
1635 721 1702 774 ⁸⁸.
1729 739 1748 772 ι
1780 719 1900 790 ipse
1932 719 2000 774 si-

441 827 655 896 quidem
699 832 782 879 est
813 821 923 875 lux.
944 817 1106 889 quue
1131 819 1264 874 dixit
1300 823 1523 886 aperte:
1570 832 1589 866 ι
1611 812 1722 884 Ego
1756 825 1876 866 sum
1913 809 2002 864 lux

440 917 644 973 mundi.
695 912 756 981 ρ·
753 914 806 968 υἱ
837 913 1081 982 sequitur
1105 925 1212 976 me,
1232 923 1337 963 non
1356 905 1722 962 ambulabitin
1747 903 2003 968 tenebris,

441 1009 533 1065 sed
550 1001 894 1076 habebit“
913 1001 1083 1056 lucem
1104 1001 1225 1054 vit-.e
1253 999 1317 1052 ⁸⁸.
1344 1017 1362 1048 ι
1380 996 1493 1051 Lux
1509 1006 1686 1051 autem
1710 993 2007 1057 Domini,et

438 1102 554 1167 iure
584 1099 899 1168 optimodiei
923 1105 1098 1166 potest
1117 1095 1283 1165 ipsius
1316 1091 1710 1162 prtedicatio,id
1726 1098 2006 1157 est,evan-

440 1191 630 1260 geliea.
658 1187 889 1244 Perinde
910 1195 992 1240 est
1023 1199 1088 1240 ac
1115 1184 1158 1238 si
1184 1181 1349 1246 dicat,
1367 1179 1624 1235 Vivamus
1653 1180 1757 1249 pie,
1781 1190 2009 1247 evange-

442 1279 558 1332 licae
573 1277 694 1332 vitae
708 1274 1042 1345 splendorem
1056 1270 1319 1332 colamus,
1335 1269 1494 1321 tinem
1520 1265 1713 1336 typicis
1734 1263 1893 1318 rebus
1916 1262 2011 1314 im-

443 1381 728 1439 ponamus,
752 1364 998 1420 umb'ram
1024 1361 1414 1430 relinquamus,
1439 1357 1698 1411 Mosaieas
1720 1355 1927 1408 litteras
1944 1351 2009 1406 ad

445 1462 723 1516 veritatem
743 1453 1156 1516 transferamus,
1173 1451 1462 1506 salutarem
1478 1447 1648 1500 lucem
1664 1443 2008 1513 recipiamus.

442 1554 511 1608 At
537 1566 656 1606 cum
671 1547 841 1604 1ο(ιωί
858 1544 1102 1614 patribus
1117 1539 1427 1598 carnalibus
1445 1537 1758 1606 gloriantes,
1778 1531 2012 1602 superci-

435 1641 573 1696 lium
594 1640 888 1710 erigerent,
910 1643 1163 1703 tanquam
1180 1637 1396 1700 prepter
1413 1627 1558 1697 ipsos
1573 1624 1776 1690 dilecti,
1791 1632 1846 1676 et
1864 1636 2010 1691 pars.

442 1745 498 1791 et
524 1748 645 1790 sors
667 1733 757 1786 Dei
780 1729 930 1795 dicti,
956 1737 1010 1782 et
1035 1723 1260 1796 populus
1283 1729 1499 1775 sanctus
1521 1726 1568 1773 et
1594 1716 1862 1780 selectus;
1889 1712 2012 1768 dein

2107 510 2360 607 προφήτῃ
2421 531 2655 602 μάλιστα
2701 527 2790 582 τὸν
2835 526 2927 578 ἐπὶ
2968 522 3101 594 abde
3145 520 3303 587 λόγον
3350 510 3678 585 προτρέπειν

2107 599 2239 691 τοὺς,
2412 599 2628 694 ’.Ισραὴλ
2671 616 2964 672 ὑπακούειν
3026 613 3238 681 λέγοντι
3293 605 3371 677 τῷ
3415 599 3638 673 Χριστῷ
3663 616 3676 628 ·

2115 739 2132 770 ι
2173 718 2317 780 Ἕως
2344 715 2405 768 τὸ
2431 693 2544 783 φῶς
2566 711 2737 781 ἔχετε,
2771 707 3124 779 περιπατεῖτε
3179 704 3236 755 ἐν
3277 698 3356 769 τῷ
3399 694 3561 766 φωτὶ,
3594 693 3685 748 ἵνα

2113 809 2186 881 μὴ
2214 810 2248 878 ἡ
2295 805 2481 860 σκοτία
2530 803 2672 873 ὑμᾶς
2723 798 3025 868 καταλάϐῃ.
3062 813 3080 847 ι
3130 793 3301 855 Αὐτὸς
3343 789 3400 842 δέ
3458 788 3576 839 ἐστι
3623 784 3687 838 τὸ

2277 897 2390 952 Καὶ
2418 895 2551 964 γοῦν
2589 894 2825 964 ἔφασκεν
2878 885 3154 960 ἐναργῶς·
3200 904 3220 936 ι
3265 879 3407 950 Ἐγώ
3459 878 3578 948 εἰμι
3621 877 3685 928 τὸ

2113 968 2344 1062 ᾡῶςτοῦ
2379 988 2608 1058 κόσμου.
2657 985 2718 1037 ’0
2769 979 3079 1038 ἀκολουθῶν
3121 975 3266 1048 ἐμοὶ,
3303 973 3366 1027 οὺ
3414 970 3490 1042 μὴ
3528 968 3690 1042 μείνῃ

2112 1058 2169 1136 ἐν
2197 1084 2263 1153 τῇ
2302 1079 2512 1151 σκοτία,
2562 1076 2675 1132 ἀλλ’
2726 1074 2837 1140 ἔξει
2876 1073 2938 1126 τδ
2984 1069 3099 1140 φῶς
3143 1067 3245 1136 τῆς
3288 1063 3456 1134 ζωῆς.
3504 1079 3524 1113 ι
3567 1058 3688 1119 Φῶς

2111 1175 2156 1229 δ’
2200 1147 2266 1227 ἂν
2299 1147 2508 1240 λέγοιτο
2563 1169 2789 1240 Κυρίου,
2823 1164 2918 1220 καὶ
2954 1161 3099 1232 μάλα
3145 1157 3370 1219 εἰκότως
3406 1154 3468 1206 τὸ
3520 1147 3688 1240 αὐτοῦ

2113 1237 2394 1338 κήρυγμα,
2437 1261 2584 1317 τοῦτ’
2627 1237 2765 1324 ἐστι,
2805 1259 2864 1312 τὸ
2905 1252 3278 1324 εὐαγγελικόν.
3318 1248 3545 1318 Ὅμοιον
3595 1237 3690 1295 οὖν

2115 1332 2464 1423 ὡσεὶ-λέγοι,
2514 1353 2868 1423 Διαξήσωμεν
2917 1343 3176 1408 εὐσεϐῶς,
3226 1340 3546 1410 τιμήσωμεν
3587 1332 3689 1403 τῆς

2116 1449 2477 1518 εὐαγγελικῆς
2519 1445 2796 1507 πολιτείας
2855 1441 2918 1494 τὸ
2983 1433 3302 1510 περιφανὲς,
3349 1425 3691 1498 παυσώμεθα

2116 1542 2225 1596 τῶν
2257 1543 2313 1596 ἐν
2344 1539 2554 1603 τύποις,
2583 1533 2974 1604 καταλήξωμεν
3019 1529 3119 1599 τῆς
3155 1525 3334 1586 σκιᾶς.
3366 1518 3692 1577 Μεταπλάτ-

2118 1649 2299 1705 τωμεν
2327 1631 2398 1685 τὰ
2425 1629 2669 1691 Μωσέως
2689 1626 2993 1696 γράμματα
3030 1618 3167 1688 πρὸς
3211 1612 3491 1684 ἀλήθειαν,
3523 1607 3664 1660 εἰσδε

2122 1700 2339 1798 ξώμεθα
2390 1725 2450 1777 τὺ
2506 1721 2774 1792 σωτήριον
2830 1715 2966 1786 φῶς.
3010 1707 3226 1778 Ἐπειδὴ
3286 1705 3342 1760 δὲ
3386 1705 3498 1765 τοῖς
3552 1700 3694 1798 κατά

443 1831 774 1896 nugarentur
791 1835 854 1875 ac
879 1831 1100 1888 prorsus
1117 1813 1438 1884 penitusque
1457 1823 1514 1865 se
1544 1805 1722 1863 curari
1743 1819 1806 1860 ae
1821 1803 1966 1875 diligi
1987 1817 2016 1857 a

2126 1789 2305 1890 σάρκα
2325 1813 2595 1887 πατράσιν
2637 1789 3001 1879 ἐ-παυχοῦντες
3037 1800 3300 1861 Ἰουδαῖοι,
3339 1792 3578 1865 μεγάλην
3608 1789 3694 1842 ἀεὶ

446 1895 555 1972 Deo
587 1914 891 1976 crederent,
929 1905 1275 1978 quantumvis
1300 1899 1557 1957 multailii
1595 1897 1768 1953 invisa
1813 1895 2025 1951 factita-

446 2015 588 2073 rent,
631 1999 978 2073 quantumvis
1001 1995 1152 2050 nihili
1190 1991 1656 2064 putarentlegem,
1681 1985 2025 2058 quantumvis

445 2099 607 2155 etiam
630 2107 748 2151 eam
775 2089 1024 2148 dedecori
1056 2085 1498 2155 contemptuique
1523 2081 1800 2145 haberent,
1825 2087 1877 2134 et
1901 2077 2027 2133 Ser-

448 2190 651 2248 vatoris
667 2188 978 2247 adventum,
998 2178 1227 2251 gratiam
1249 2175 1458 2231 scilicet
1478 2173 1740 2228 adventus
1759 2172 1811 2224 in
1837 2184 2024 2231 carne,

453 2298 562 2339 non
591 2279 899 2348 reciperent
937 2291 951 2327 :
1007 2269 1315 2326 necessario
1333 2264 1591 2337 propheta
1613 2263 1835 2318 minime
1849 2261 1926 2317 sic
1951 2261 2028 2314 al-

450 2373 646 2429 i'ectum
665 2381 786 2423 esse
803 2365 1176 2420 universorum
1198 2360 1365 2412 Deum
1387 2358 1737 2420 demonstrat,
1753 2353 2025 2422 inquiens:

454 2486 472 2518 ι
497 2461 713 2519 Dimisit
747 2457 890 2514 enim
923 2453 1174 2526 pepulum
1198 2463 1379 2513 suum,
1401 2450 1617 2504 domum
1643 2445 1824 2500 Israel.
1848 2463 1865 2495 ι
1901 2443 2029 2498 Tale

449 2555 576 2626 quid
605 2568 698 2624 per
729 2550 958 2606 alterum
989 2558 1204 2614 quoque
1225 2541 1545 2612 prephetam
1583 2537 1713 2591 dicit
1743 2535 2026 2590 universo-

451 2662 569 2702 rum
589 2647 747 2710 Deus,
765 2640 1067 2700 Judmorum
1087 2632 1430 2704 supercilium
1452 2628 1774 2700 deprimens,
1793 2635 1845 2682 et
1865 2626 2031 2681 insul-

451 2752 543 2794 sos
564 2734 683 2791 illos
725 2746 843 2791 esse
883 2741 1214 2798 coarguens.
1244 2725 1479 2789 Etenim,
1519 2723 1714 2792 inquit,
1742 2721 2029 2788 concupie-

453 2837 580 2885 runt
607 2839 790 2898 agros,
822 2832 875 2878 et
905 2827 1198 2890 rapuerunt
1228 2815 1479 2887 pupillos,
1508 2821 1561 2870 et
1583 2814 1769 2868 domos
1797 2811 1846 2866 vi
1877 2824 2032 2866 occu-

453 2930 664 2991 parunt,
711 2927 765 2972 et
802 2917 856 2970 in
891 2912 1178 2968 Dominum
1223 2923 1281 2964 se
1355 2904 1686 2971 extulerunt,
1747 2903 2024 2958 dicentes:

457 3031 477 3066 ι
516 3011 704 3066 Nonne
732 3006 995 3063 Dominus
1024 3004 1076 3058 in
1117 2999 1272 3057 nobis
1317 2997 1441 3054 est?
1493 3010 1598 3050 non
1632 2995 1884 3050 invadent
1929 3006 2028 3047 nos

453 3100 615 3156 maia.
669 3097 897 3161 ideirco,
925 3101 1145 3164 propter
1179 3106 1299 3158 nos,
1349 3087 1478 3142 Sion
1519 3094 1577 3141 ut
1609 3100 1738 3156 ager
1760 3083 2018 3147 arabitur,

452 3200 506 3246 et
553 3187 855 3244 Jerusalem
885 3193 943 3239 ut
978 3196 1260 3252 pomorum
1313 3177 1558 3233 custodia
1593 3179 1716 3239 erit,
1762 3183 1815 3229 et
1853 3189 2023 3242 mons

455 3278 639 3350 templi
684 3286 940 3346 tanquam
977 3272 1144 3327 saltus
1171 3270 1317 3326 silva:
1345 3268 1412 3322 π.
1443 3286 1460 3318 ι
1500 3267 1554 3322 Si
1592 3281 1696 3320 non
1733 3266 1915 3335 igitur,
1945 3267 2024 3320 in-

453 3371 612 3442 quit,
677 3383 783 3422 una
843 3366 1122 3420 nobiscum
1174 3359 1493 3418 desideratis
1548 3359 1599 3413 in
1651 3357 1770 3412 luce
1815 3356 2024 3412 Domini

453 3459 755 3524 ambulare,
811 3459 866 3513 id
928 3466 1033 3522 est,
1073 3454 1117 3510 si
1155 3468 1250 3525 per
1273 3451 1546 3508 Christum
1584 3449 2022 3520 praedicationem

457 3551 700 3623 rejicitis,
740 3558 798 3605 et
833 3546 1246 3602 illustrationem
1275 3543 1446 3613 ipsius
1477 3539 1802 3596 aversamini
1829 3558 1842 3592 :
1873 3554 2022 3608 pror-

454 3659 548 3698 sus
577 3640 896 3713 penitusque
939 3646 994 3692 et
1017 3637 1134 3708 ipse
1171 3650 1327 3690 suum
1378 3631 1637 3703 populum
1676 3630 1928 3687 dimittet.
1960 3629 2026 3683 Et

455 3735 559 3790 hoc
607 3740 692 3788 est
735 3731 935 3787 diserte
993 3727 1136 3798 quod
1196 3725 1330 3781 dixit
1392 3725 1496 3779 illis
1525 3723 1784 3778 Dominus
1843 3731 2025 3777 noster

453 3827 612 3883 Iesus
634 3825 883 3881 Christus
919 3839 933 3876 :
973 3839 992 3874 ι
1027 3819 1350 3882 Jerusalem,
1395 3814 1716 3881 Jerusalem,
1765 3829 1884 3884 quae
1935 3831 2024 3870 oc-

455 3921 592 3977 cidis
623 3917 934 3989 prophetas,
983 3923 1038 3969 et
1086 3913 1292 3981 lepidas
1342 3911 1537 3965 missos
1577 3907 1645 3962 ad
1685 3913 1774 3974 te;
1817 3907 2027 3976 quoties

454 4011 600 4068 volui
630 4020 962 4077 congregare
992 4003 1134 4060 ﬁlios
1168 4013 1308 4066 tuos,
1354 3999 1808 4070 quemadmodum
1837 3999 2032 4068 gallina

459 4111 752 4174 congregat
811 4098 984 4170 pullos
1031 4109 1158 4150 suos
1197 4093 1329 4148 sub
1368 4091 1468 4146 alis
1494 4092 1625 4156 suis,
1653 4100 1708 4146 et
1743 4091 2031 4150 noluistisl

459 4198 596 4253 Ecce
629 4193 958 4262 relinquitur
1013 4185 1164 4243 vobis
1205 4186 1396 4240 domus
1427 4190 1605 4238 vestra
1654 4183 1866 4239 deserta
1912 4185 1980 4240 ³⁸.
2008 4203 2028 4238 ι

457 4290 598 4357 Quin
641 4298 696 4343 et
748 4283 994 4340 Jeremia:
1030 4292 1162 4335 voce
1207 4276 1402 4346 inquit,
1451 4292 1468 4326 ι
1509 4273 1779 4344 Dereliqui
1813 4275 2032 4332 domum

459 4394 656 4444 meam,
697 4375 875 4432 dimisi
909 4372 1275 4428 lnereditatem
1306 4381 1479 4420 meam
1511 4367 1577 4419 ".
1605 4384 1623 4418 ι

2124 1883 2223 1982 τὴν
2268 1883 2453 1980 ὀφρὺν*
2485 1903 2734 1974 ἀνασπᾷν
2774 1897 3066 1971 ἐμελέτων,
3106 1892 3180 1954 ὡς
3237 1889 3300 1946 δι’
3325 1885 3522 1982 αυτοὺς
3559 1883 3696 1976 ὀιγαί

2127 1968 2390 2070 πιίιμενοί,
2439 1994 2598 2068 μερίς
2624 1968 2692 2046 τέ
2725 1968 2820 2044 καί
2873 1986 3073 2056 κλῆρος
3122 1973 3549 2070 χρηματίζοντες
3600 1968 3693 2067 τοῦ

2127 2056 2283 2159 Θεοῦ,
2314 2056 2410 2143 καὶ
2439 2056 2589 2149 ’λαδς
2621 2085 2776 2152 ἅγιος
2829 2079 2925 2134 καὶ
2959 2074 3274 2132 ἁπόλεκτος·
3310 2062 3428 2120 εἶτα
3469 2056 3696 2159 λτίροῦνζ-

2127 2201 2216 2248 τες
2265 2147 2432 2252 ξιοντο
2487 2147 2681 2244 πάντη-
2705 2188 2767 2226 τε
2825 2170 2919 2223 καὶ
2965 2167 3182 2226 πάντως
3225 2163 3281 2212 ἐν
3327 2151 3566 2226 φροντίδι
3600 2147 3697 2252 καὶ

2128 2241 2316 2347 ἀγάπξθι
2345 2269 2558 2326 κεῖσθαι
2602 2241 2670 2337 τῇ
2710 2260 2862 2334 παρὰ
2897 2258 3044 2330 Θεῷο
3083 2256 3186 2309 κᾶν
3225 2253 3272 2306 εί
3315 2246 3484 2303 πολλὰ
3527 2241 3699 2347 δρῷεν

2128 2332 2198 2420 τά
2248 2332 2613 2432 ἀπηχθημένα
2645 2332 2805 2424 ἀὐτῷ
2825 2369 2839 2384 ’
2895 2351 3000 2404 κᾶν
3052 2350 3099 2404 εί
3142 2344 3307 2417 μηδὲν
3351 2340 3565 2410 ἡγοῖντο
3607 2332 3700 2386 τὸν

2129 2451 2322 2520 νόμον
2362 2448 2465 2500 κᾶν
2506 2447 2554 2498 εἰ
2593 2443 2762 2511 αὐτὴν
2798 2437 3114 2510 ἀτιμάζοειν
3179 2433 3273 2488 καὶ
3324 2427 3698 2499 ἀπαράδεκτον

2131 2515 2364 2596 ποιοῖντο
2409 2537 2506 2608 τὴν
2545 2535 2639 2589 τοῦ
2701 2533 2950 2603 Σωτῆρος
3013 2526 3331 2598 ἐπιδημίαν,
3381 2523 3545 2593 ἤγουν
3596 2515 3696 2585 τῆς

2132 2633 2270 2705 μετὰ
2320 2629 2521 2701 σαρκὸς
2575 2626 2887 2695 οἰκονομίας
2947 2621 3044 2694 τὴν
3092 2620 3270 2690 χάριν·
3325 2610 3638 2681 ἀναγκαίως
3670 2608 3701 2663 6.

2129 2703 2413 2794 προφήτης
2450 2720 2548 2790 οὐχ
2591 2713 2694 2773 ὦδε
2725 2717 2918 2787 ἔχοντα
2948 2714 3038 2770 τὸν
3067 2711 3171 2764 τῶν
3204 2708 3338 2761 ὅλων
3373 2703 3502 2759 Θεὸν
3531 2717 3700 2755 καταοο

2127 2791 2379 2879 δεικνύει,
2411 2813 2618 2882 λέγων’
2656 2827 2676 2862 ι
2726 2807 2923 2877 Ἀνῆκε
2964 2804 3072 2875 γὰρ
3104 2801 3193 2854 τὸν
3227 2798 3352 2854 λαὸν
3393 2793 3580 2858 αὑτοῦ,
3610 2791 3699 2846 τὸν

2127 2902 2273 2960 οἷκον
2304 2903 2399 2958 τοῦ
2443 2901 2680 2976 Ἰσραήλ.
2729 2919 2747 2951 ι
2798 2896 3049 2950 Τοιοῦτόν
3069 2911 3122 2947 τι
3144 2893 3238 2946 καὶ
3257 2892 3324 2945 δι’
3363 2888 3550 2959 ἐτέρου
3575 2901 3700 2955 προν

2129 2997 2300 3066 φήτου
2358 2993 2522 3063 φησὶν
2551 2993 2581 3044 6
2624 2989 2731 3043 τῶν
2777 2987 2912 3040 ὅλων
2946 2982 3096 3049 Θεὸς,
3130 2981 3229 3052 τὴν
3278 2978 3386 3032 τῶν
3431 2975 3701 3030 Ἰουδαίων

2129 3088 2298 3160 ὀφρὺν
2346 3083 2756 3152 καταστρέφων,
2787 3078 2880 3132 καὶ
2934 3075 3224 3138 ἀσυνέτους
3261 3071 3422 3132 ὄντας
3463 3066 3700 3136 ἐλέγχων

2125 3180 2336 3243 αὐτούς.
2397 3179 2506 3234 Καὶ
2564 3174 2872 3245 ἐπεθύμουν
2910 3173 3040 3242 γὰρ,
3090 3167 3274 3240 φησιν,
3325 3164 3552 3235 ἀγροὺς,
3607 3163 3700 3215 καὶ

2118 3271 2411 3343 διήρπαζον
2440 3268 2735 3338 ὀρφανοὺς,
2763 3265 2860 3335 καὶ,
2877 3265 3057 3326 οἴκους
3095 3258 3574 3317 κατεδυνάστευον,
3607 3254 3700 3308 καὶ

2118 3364 2211 3420 ἐπὶ
2244 3363 2334 3416 τὸν
2370 3360 2571 3431 Κύριον
2606 3356 3023 3428 ἐμεγαλύνοντο,
3055 3352 3309 3420 λέγοντες
3333 3366 3347 3380 °
3382 3367 3400 3400 ι
3429 3346 3564 3419 Οὐχὶ
3588 3343 3700 3397 K6-

2123 3471 2232 3526 ριος
2267 3455 2324 3505 ἐν
2380 3453 2510 3522 ἡμῖν
2543 3454 2726 3514 ὲστιν;
2768 3449 2828 3501 οὐ
2869 3447 2947 3518 μὴ
2999 3443 3199 3515 ἐπέλθῃ
3223 3443 3310 3510 ἐφ’
3344 3441 3490 3512 ἡμᾶς
3530 3436 3694 3492 κακά.

2129 3545 2226 3598 Διὰ
2249 3543 2424 3606 τοῦτο,
2451 3542 2516 3595 δι’
2535 3543 2704 3613 ἡμᾶς,
2727 3540 2865 3593 Σιὼν
2901 3537 2975 3601 ὡς
3016 3535 3182 3608 ἀγρὸς
3212 3531 3698 3604 ἀροτριωθήσεται,

2129 3637 2221 3690 καὶ
2254 3633 2607 3705 Ἰερουσαλὴμ
2633 3631 2708 3696 ὡς
2745 3628 3188 3705 ὁπωροφυλάκιον
3217 3625 3396 3690 ἔσται,
3436 3622 3531 3676 καὶ
3575 3621 3698 3691 ὄρος

2127 3726 2221 3781 τοῦ
2255 3703 2427 3788 οἴκου,
2455 3724 2529 3788 ὡς
2551 3703 2726 3788 ήᾶλσος
2745 3703 2973 3795 δεῗυμοῦ.
3007 3740 3026 3774 ι
3062 3719 3126 3773 Εἰ
3153 3719 3226 3790 μὴ
3262 3717 3438 3770 τοίνυν
3469 3714 3697 3778 ἕλοισθε,

2131 3819 2284 3890 φησὶ,
2321 3815 2648 3889 πορεύεσθαι
2694 3817 2812 3886 μεθ’
2832 3813 2990 3886 ἡμῶν
3015 3811 3092 3884 τῷ
3115 3810 3253 3878 φωτὶ
3283 3809 3510 3879 Κυρίου,
3555 3803 3699 3862 τοῦτ’

2131 3889 2296 3975 ἔστιν,
2327 3912 2374 3962 εί
2411 3908 2783 3978 ἀπαράδεκτον
2834 3889 3075 3959 ποιεῖσθε
3118 3904 3177 3957 τὸ
3215 3903 3474 3971 κήρυγμα
3513 3898 3574 3952 τὸ
3617 3897 3704 3957 διὰ

2131 3999 2387 4074 Χριστοῦ,
2433 3999 2528 4052 καὶ
2569 3997 2659 4052 τὸν
2691 3998 2821 4068 παρ’
2849 3997 3013 4050 αὑτοῦ
3047 3992 3324 4064 φωτισμὸν
3369 3989 3700 4060 ἀποστρέφε-

2133 4094 2246 4156 σθε,
2273 4091 2452 4162 πάντη
2473 4107 2535 4143 τε
2558 4089 2654 4143 καὶ
2673 4088 2890 4152 πάντως
2919 4089 3108 4158 ἀνήσει
3138 4084 3234 4143 καὶ
3264 4082 3426 4146 αὐτὸς
3453 4081 3542 4136 τὸν
3577 4081 3701 4133 ἐαυφ

2130 4182 2223 4241 τοῦ
2250 4183 2405 4237 λαόν.
2437 4181 2544 4237 Καὶ
2581 4179 2740 4237 τοῦτό
2767 4182 2915 4236 ἐστιν
2941 4177 3189 4252 ἐναργῶς
3216 4178 3355 4246 ὅπερ
3400 4173 3505 4246 ἔφη
3563 4172 3701 4244 πρὸς

2129 4275 2327 4338 αὐτοὺς
2350 4275 2378 4328 6
2423 4272 2626 4343 Κύριος
2650 4271 2806 4343 ἡμῶν
2847 4270 3050 4342 Ἰησοῦς
3078 4273 3106 4324 6
3129 4266 3386 4340 Χριστόςο
3427 4285 3446 4318 ι
3503 4264 3702 4336 Ἰερου-

2132 4364 2330 4437 σαλὴμ,
2369 4363 2752 4435 Ἰερουσαλὴμ,
2779 4363 2813 4434 ἡ
2843 4359 3222 4417 ἀποκτενοῦσα
3246 4359 3372 4421 τοὺς
3397 4357 3702 4428 προφήτας,

458 4477 553 4529 καὶ
587 4471 936 4525 λιθοϐολοῦσα
969 4468 1096 4531 τοὺς
1132 4461 1574 4534 ἀπεσταλμένους
1600 4459 1735 4533 πρὸς
1765 4461 1954 4534 αὐτὴν,
1996 4463 2227 4525 ποσάκις
2251 4459 2494 4530 ἠθέλησα
2537 4459 2956 4528 ἐπισυναγαγεῖν
3001 4454 3072 4510 τὰ
3092 4454 3258 4510 τέκνα
3286 4451 3474 4516 σου,ὃν
3505 4450 3703 4521 τρόπον

459 4573 604 4641 ῖρνις
628 4561 946 4628 ἐπισυνάγει
974 4558 1044 4612 τὰ
1072 4555 1262 4613 νοσσία
1282 4555 1450 4624 αὐτῆς
1471 4552 1575 4606 ὑπὸ
1591 4552 1687 4616 τὰς
1723 4553 2019 4624 πτέρυγας,
2051 4552 2144 4606 καὶ
2165 4551 2264 4604 οὐκ
2299 4548 2632 4621 ὴθελήσατεί
2679 4548 2808 4601 Ἰδοὺ
2834 4545 3050 4616 ἀφίεται
3079 4545 3206 4615 ὑμῖν
3230 4544 3258 4596 6
3287 4537 3432 4604 οἶκος
3464 4541 3638 4614 ὑμῶν.
3678 4560 3698 4593 ι

463 4636 573 4720 Καὶ
606 4658 709 4730 ιιὴν
737 4655 831 4708 καὶ
849 4652 936 4706 διὰ
959 4652 1054 4722 τῆς
1090 4648 1352 4720 Ἱερεμίου
1377 4645 1579 4716 φωνῆς,
1615 4665 1634 4698 ι
1674 4644 2137 4713 Ἐγκαταλέλοιπα
2167 4643 2256 4696 τὸν
2281 4637 2428 4695 οἶκόν
2450 4656 2572 4710 μου,
2597 4637 2785 4709 ἀφῆκα
2804 4637 2902 4709 τὴν
2930 4636 3292 4709 κληρονομίαν
3320 4653 3441 4706 μου,
3463 4657 3483 4691 ι
3516 4641 3700 4711 φησίν.

533 4753 664 4812 ibid.
701 4748 962 4817 Quoniam
997 4743 1192 4813 repleta
1229 4751 1382 4797 estut
1434 4739 1499 4793 ab
1555 4739 1706 4793 inm'o
1740 4738 1878 4807 regio
1909 4737 2028 4790 illo-
2061 4743 2102 4796 [ι

463 4868 580 4907 rum
627 4843 885 4915 auguriis,
919 4849 973 4893 ut
1011 4849 1150 4893 terra
1178 4835 1616 4906 alienigenarum,
1651 4841 1699 4886 et
1722 4831 1822 4900 ﬁlii
1849 4831 2031 4885 alieni-

460 4957 603 5014 gena'
615 4937 744 5009 [acti
762 4942 882 4989 sunt
909 4933 1040 4985 inter
1077 4929 1236 4997 ipsos.

530 5031 632 5105 αι
669 5023 981 5099 Apologiam
1025 5019 1428 5092 quodammodo
1469 5028 1526 5073 et
1578 5031 1720 5072 nunc
1770 5015 2028 5087 propheta

461 5128 527 5179 de
557 5123 648 5178 Dei
681 5118 899 5191 iudiciis
953 5113 1210 5178 instituit,
1272 5125 1572 5180 causasque
1629 5109 1803 5164 reddit
1869 5122 1967 5162 cur
1998 5121 2028 5162 τι

463 5216 572 5269 Deo
617 5213 806 5268 domus
849 5205 1044 5274 lsrael,
1104 5205 1219 5260 sive
1249 5202 1471 5274 populus
1525 5202 1696 5271 ipsius
1724 5200 1857 5255 adeo
1883 5199 2027 5270 juste

462 5303 769 5356 deseratur:
795 5309 850 5356 et
874 5297 1187 5354 delictorum
1213 5292 1428 5348 lsraelis
1457 5300 1565 5345 tam
1591 5301 1832 5346 veterum
1862 5301 2022 5357 quam

466 5394 782 5458 recentium,
814 5401 872 5445 ut
899 5390 1030 5454 dixi,
1077 5385 1341 5450 meminit,
1389 5397 1588 5452 eosque
1631 5382 1880 5436 inimicos
1928 5378 2023 5434 Dei

463 5496 583 5538 esse
609 5483 865 5546 ostendit,
905 5489 960 5534 et
993 5478 1149 5535 valde
1174 5477 1416 5533 crudeles
1441 5485 1495 5530 et
1517 5474 1755 5530 immites
1796 5485 1937 5537 esse,
1972 5481 2028 5528 et

462 5571 724 5629 effrenato
764 5569 965 5637 impetu
996 5569 1213 5624 tendere
1251 5569 1318 5622 ad
1363 5567 1542 5622 omnia
1593 5576 1927 5636 quaecunque
1970 5562 2024 5618 in

2203 4735 2333 4787 "Ou
2373 4731 2722 4799 ἐνεπλήσθη
2749 4731 2828 4796 ὠς
2853 4730 2918 4783 τὸ
2944 4727 3224 4802 ἀπαρχῆς
3251 4730 3292 4800 ’ἠ
3315 4729 3477 4800 χώρα
3507 4731 3706 4787 αὐτῶν

2130 4823 2575 4893 κληδονισμῶν,
2597 4821 2680 4886 ὡς
2702 4822 2738 4889 ή
2783 4819 2903 4876 τῶν
2937 4820 3328 4890 ἀλλοφύλων,
3377 4823 3475 4878 καί
3526 4822 3706 4884 τέκνα

2126 4917 2449 4984 ἀλλόφυλα
2477 4913 2858 4983 ἐγενήθησαν
2874 4912 2942 4970 ἐν
2967 4913 3192 4980 αὐτοῖς.

2208 5006 2576 5075 ’Λπολογεῖται
2594 5005 2791 5081 τρόπον
2816 5004 2938 5059 τινὰ
2969 5005 3062 5058 καὶ
3085 5005 3179 5060 νῦν
3205 5008 3234 5060 6
3260 5006 3542 5078 προφήτης
3565 5005 3706 5078 ὑπὲρ

2125 5099 2232 5155 τῶν
2270 5097 2368 5152 τοῦ
2399 5098 2534 5152 Θεοῦ
2565 5098 2874 5168 χριμάτων,
2906 5098 3002 5153 καὶ
3044 5099 3337 5154 ἀποδίδωσι
3381 5100 3480 5162 τὰς
3525 5098 3706 5163 αἰτίας

2130 5191 2224 5247 τοῦ
2252 5191 2344 5244 καὶ
2369 5191 2576 5262 σφόδρα
2595 5191 2817 5255 δικαίως
2837 5191 3076 5246 ἀνεῖσθαι
3109 5192 3259 5263 παρὰ
3285 5189 3419 5250 Θεοῦ
3438 5190 3526 5243 τὸν
3557 5185 3706 5247 οἷκον

2131 5284 2223 5340 τοῦ
2264 5283 2498 5356 Ἰσραὴλ,
2529 5285 2648 5355 ἦτοι
2694 5283 2787 5344 τὸν
2829 5285 2957 5342 λαὸν
3011 5283 3194 5346 αὐτοῦ.
3229 5280 3702 5352 Διαμέμνηταιδὲ,

2133 5377 2208 5440 ὡς
2240 5377 2394 5449 ἔφην,
2426 5376 2667 5432 παλαιῶν
2704 5394 2762 5430 τε
2787 5379 2881 5430 καὶ
2919 5377 3052 5432 νέων
3087 5374 3574 5446 πλημμελημάτων
3610 5377 3706 5432 τοῦ

2147 5469 2379 5540 Ἰσραὴλ,
2412 5468 2726 5539 ἁφιλοθέους
2777 5469 2938 5531 ὄντας
2981 5467 3238 5538 ἐλέγχων,
3289 5468 3383 5522 καὶ
3414 5467 3550 5522 πολὺ
3591 5467 3707 5538 βλέο

2134 5577 2332 5627 ποντας
2379 5563 2458 5627 είς
2499 5561 2558 5616 τὸ
2584 5561 2818 5632 ἀπηνὲς,
2865 5561 2960 5615 καὶ
3004 5560 3270 5631 άχαλίνως
3324 5561 3500 5625 ἰόντας
3568 5559 3707 5632 πρὸς
3747 5549 3749 5551 ’

536 5724 582 5764 ιο
647 5721 797 5778 Joan.
835 5733 930 5785 χιι,
968 5719 1056 5775 ‘55.
1133 5719 1492 5787 ⁸’.Ιοιιιι.νιιι,
1532 5719 1618 5775 l2.
1647 5721 1737 5794 ,_’°
1763 5719 1919 5775 Mich.
1947 5733 2022 5786 ιιιι

2133 5717 2254 5787 ,t2.
2327 5719 2372 5752 ἰ
2407 5717 2595 5776 Matth.
2629 5733 2784 5784 χχιιι,
2812 5717 2903 5786 57,
2928 5717 3016 5774 58.
3095 5717 3139 5749 θ’
3171 5717 3377 5781 .ierem.
3406 5733 3510 5786 xu,
3539 5715 3593 5772 7.
