4012 6216
265 319 336 372 77
1451 309 1513 363 IN
1559 306 1787 363 rsum
1833 305 1962 361 LIB.
2007 306 2044 360 ι.
2089 305 2299 361 οιιιιτ.
2343 307 2404 359 ιι.
2457 248 2485 352 ⁵.
3311 323 3318 329 -
3475 297 3542 370 7a

268 436 383 490 πᾶν
411 431 593 490 ὁτιοῦν
623 429 736 485 τῶν
782 429 1228 500 κατεψεγμένων,
1275 429 1369 483 καὶ
1397 429 1598 500 πολλὴν
1643 430 1866 500 ἔχοντας
1895 444 1912 492 λ

2016 429 2101 482 itio
2134 437 2282 496 sunt,
2313 438 2366 483 et
2393 429 2619 482 multum
2654 439 2717 480 ex
2751 425 2867 494 lege
2898 423 3070 494 argui.
3097 410 3383 499 Nautiantc
3415 417 3545 479 Serv

271 527 343 578 ὲκ
379 523 550 595 νόμου
580 521 683 592 τὴν
715 519 1015 590 καταϐοήν.
1048 518 1162 590 Πρὸ
1203 518 1303 589 μὲν
1341 518 1449 589 γὰρ
1470 519 1568 590 τῆς
1630 519 1724 574 τοῦ
1757 521 1869 574 Σω-

270 617 441 688 τῆρος
479 611 642 684 ἡμῶν
665 610 964 681 ἐπιδημίας
1005 609 1162 678 ὀλίγα
1208 609 1628 682 πεφροντικότες
1657 610 1756 680 τῆς
1790 611 1870 673 εἰς

275 709 409 762 Θεὸν
447 703 654 768 αἰδοῦς,
689 704 785 758 καί
838 702 936 773 τῆς
993 701 1238 771 δοθείσης
1276 701 1461 765 αὐτοῖς
1507 701 1593 758 διὰ
1629 702 1873 766 Μωσέως

277 799 503 870 ἐντολῆς
527 797 899 867 ἀλογήσαντες
915 834 929 858 ,
962 793 1320 864 πολυτρόπως
1345 793 1630 866 ἡλίσκοντο
1647 812 1661 827 ·
1687 795 1877 867 δεδρά-

278 909 411 948 κασι
453 891 511 946 δὲ
547 889 620 944 τὰ
644 889 864 945 πάντων
908 889 1159 960 χείριστα
1195 887 1289 942 καὶ
1329 888 1410 952 εἰς
1455 887 1616 942 αὑτὸν
1647 887 1738 942 τὸν
1765 889 1876 942 τῶν

281 987 425 1039 ὅλων
470 981 704 1052 Σωτῆρα
744 980 1001 1052 Χριστόν.
1056 981 1364 1052 Ἐξηγεῖται
1419 979 1708 1051 τοιγαροῦν
1747 983 1878 1036 ποτὲ

287 1077 390 1147 μὲν
427 1075 529 1144 τῆς
558 1075 641 1142 εἰς
670 1074 762 1140 τὸν
802 1073 965 1143 νόμον
1024 1072 1285 1136 ἀπονοίας
1339 1071 1521 1128 αὐτῶν
1563 1073 1633 1127 τὰ
1675 1074 1876 1146 ἀγκλή-

289 1184 462 1239 ματα,
514 1166 610 1220 καὶ
655 1165 756 1229 τὰς
789 1165 883 1218 ἐπὶ
926 1163 1103 1234 τούτῳ
1156 1163 1330 1231 δίκας,
1377 1163 1446 1228 ἃς
1481 1163 1767 1237 ὲξῄτηνται
1803 1165 1882 1220 δι-

286 1261 484 1325 καίως,
517 1257 903 1328 πολεμούντων
934 1257 1119 1324 αὐτοῖς
1145 1255 1206 1308 τὸ
1241 1255 1496 1326 τηνικάδε
1531 1257 1755 1327 Περσῶν
1787 1256 1882 1311 καὶ

289 1349 676 1413 Βαϐυλωνίων,
740 1347 1073 1418 Ἰδουμαίων,
1149 1347 1452 1418 Ἐλαμιτῶν
1475 1390 1489 1412 ,
1541 1348 1636 1416 καὶ
1681 1347 1884 1419 ἐτέρων

293 1428 484 1499 ὲθνῶψ
545 1441 677 1496 ποτὲ
714 1439 772 1494 δὲ
809 1443 910 1512 τῆς
942 1437 1084 1494 κατὰ
1127 1438 1367 1510 Χριστοῦ
1420 1439 1620 1511 μανίας
1663 1438 1887 1510 ἐγκαλεῖ

292 1540 420 1609 τοὺς
451 1537 716 1607 τρόπους,
747 1533 843 1588 καὶ
871 1535 975 1605 ὅσα
997 1531 1313 1604 συμϐέϐηκε
1345 1531 1550 1603 ταύτης
1589 1531 1750 1585 ἕνεκα
1784 1531 1886 1602 τῆς

296 1627 474 1688 αἰτίας
512 1622 708 1677 παθεῖν
747 1621 967 1691 αὐτοὺς,
1021 1620 1574 1690 καταστρατευόντων
1617 1619 1719 1689 τῆς
1765 1620 1888 1672 ’ἰουο

1975 522 2180 575 vatoris
2220 520 2390 575 nostri
2453 519 2766 585 adventum,
2818 514 3141 572 verecundia
3201 503 3342 586 erga’
3372 513 3545 585 Deum

1973 612 2204 681 abiecta,
2241 621 2294 667 et
2322 612 2556 668 mandati
2589 624 2684 682 per
2715 609 2931 684 Moysen
2963 608 3067 664 illis
3094 606 3204 662 dati
3260 605 3402 660 nulla
3454 617 3548 667 ra:

1977 705 2123 761 tione
2156 705 2359 780 habita,
2413 706 2598 762 multis
2648 704 2954 761 nominibus
3000 702 3077 758 rei
3126 699 3546 779 peragebantur,

1979 808 2142 868 atque
2169 798 2222 856 in
2255 798 2631 864 universorum
2667 797 3014 853 Servatorem
3061 794 3334 850 Christum
3376 793 3551 866 ipsum

1977 890 2210 960 pessima
2243 903 2470 960 quaeque
2513 889 2778 944 fecerunt.
2819 885 3218 954 Nonnunquam
3259 883 3422 955 igitur
3457 895 3554 944 eo:

1981 995 2098 1035 rum
2131 994 2256 1054 erga
2292 979 2463 1051 legem
2498 977 2725 1050 ﬂagitia,
2754 985 2807 1032 et
2835 977 2903 1032 ob
2941 975 2994 1032 id
3022 973 3308 1044 supplicia,
3345 986 3463 1042 quae
3487 971 3554 1030 de

1983 1070 2090 1139 illis
2113 1069 2236 1139 jure
2262 1078 2472 1142 sumpta
2527 1077 2674 1136 sunt,
2710 1067 2932 1139 exponit
2978 1087 2992 1124 :
3055 1067 3256 1122 bellum
3303 1063 3558 1132 eumillls

1985 1172 2114 1219 tunc
2145 1165 2458 1234 gerentibus
2479 1163 2682 1228 Persis,
2701 1171 2758 1218 et
2785 1160 3114 1233 Babyloniis,
3137 1158 3408 1223 ldumtcis,
3433 1157 3561 1224 Eia:

1984 1254 2133 1311 mitis
2155 1254 2382 1325 aliisque
2413 1255 2688 1326 gentibus.
2725 1253 2873 1308 Alias
2913 1267 3046 1308 vero
3083 1251 3323 1307 furorem
3371 1259 3561 1322 contra

1986 1348 2259 1406 Christum
2317 1347 2542 1418 objicit,
2575 1355 2631 1400 et
2678 1359 3014 1415 quaecunque
3049 1358 3168 1399 eam
3223 1343 3292 1398 ob
3344 1357 3562 1402 causam

1987 1439 2097 1510 pati
2133 1453 2228 1495 eos
2260 1440 2582 1508 contigerat,
2615 1437 2950 1507 Vespasiano
2982 1444 3038 1492 et
3077 1433 3200 1492 Tito
3254 1434 3564 1496 universam

1985 1531 2228 1588 Iudaeam
2263 1530 2694 1602 subjugantibus.
2737 1529 2969 1584 Proinde
3006 1528 3060 1582 in
3091 1527 3384 1598 praesentia
3415 1542 3571 1590 com-g

1990 1632 2256 1678 memorat
2288 1621 2447 1683 nobis
2477 1623 2562 1677 hic
2590 1636 2769 1677 sermo
2797 1636 2916 1692 qua:
2958 1621 3174 1675 fuerunt
3204 1631 3329 1676 ante
3369 1621 3569 1694 Christi

299 1716 456 1780 δαίας
487 1714 709 1784 ἁπάσης
736 1713 839 1782 τὴν
869 1711 975 1764 ὑπὸ
1009 1713 1168 1781 χεῖρα
1220 1710 1430 1780 πληθὺν
1479 1707 1886 1764 Οὐεσπασιανοῦ

2016 1715 2281 1782 ιςίνειιιιιιιι
2311 1713 2551 1770 Iudaica:
2572 1712 2868 1786 Synagoga:
2890 1711 3107 1780 delicta,
3126 1726 3300 1782 caque
3325 1712 3394 1768 de
3411 1728 3574 1786 causa

302 1823 364 1874 τε
419 1804 519 1858 καὶ
552 1803 737 1860 Τίτου.
781 1800 1088 1870 Ἐξηγεῖται
1135 1798 1316 1854 τοίνυν
1353 1799 1414 1853 τὸ
1455 1799 1628 1871 παρὸν
1665 1801 1693 1852 ὁ
1734 1800 1890 1868 λόγος

2016 1808 2238 1869 'elictam
2270 1807 2423 1872 dicit,
2457 1807 2509 1862 id
2539 1816 2656 1874 est,
2689 1822 2714 1859 a
2752 1805 2860 1860 Deo
2891 1803 3148 1876 p0pulum
3201 1822 3358 1862 suum
3399 1805 3573 1862 hosti-

307 1898 437 1967 ἡμῖν
472 1894 545 1948 τὰ
573 1893 682 1965 πρὸ
713 1895 816 1966 τῆς
849 1890 1145 1961 ἐπιδημίας
1193 1893 1294 1962 τῆς
1331 1891 1599 1944 Ἰουδαίων
1639 1891 1894 1960 Συναγωτ

306 1972 408 2058 τῆς
438 1969 922 2059 πλημμελήματα’
963 1982 1170 2054 ταύτης
1212 1982 1376 2039 ἕνεκα
1410 1983 1511 2055 τῆς
1542 1982 1720 2048 αἰτίας
1748 1983 1895 2036 ἀνεῖ-

310 2065 434 2134 σθαί
463 2095 624 2149 φησι,
644 2075 790 2130 τοῦτ’
808 2074 944 2141 ἐστι,
974 2073 1221 2145 δεδόσθαι
1239 2075 1352 2139 τοῖς
1369 2073 1582 2144 ἐχθροῖς
1597 2073 1748 2143 παρὰ
1762 2071 1897 2126 Θεοῦ

306 2174 401 2226 τὸν
433 2171 568 2224 λαὸν
603 2167 790 2235 αὐτοῦ,
817 2167 905 2222 διά
920 2184 1002 2221 τοι
1021 2167 1083 2220 τὸ
1109 2167 1273 2230 πάλιν
1302 2159 1518 2222 ἑλέσθαι
1543 2168 1718 2220 νοσεῖν
1752 2165 1820 2218 τὰ
1843 2165 1901 2233 ὲν

304 2265 541 2336 ἀρχαῖς,
565 2261 663 2315 καὶ
677 2261 1100 2332 παλινδρομήσαι
1125 2260 1261 2332 πρὸς
1283 2259 1608 2336 ἀνοσιότητα
1635 2258 1734 2328 τὴν
1757 2255 1904 2329 πρώρ

306 2373 435 2428 την.
479 2352 883 2425 Λελατρεύκασι
925 2353 1023 2423 μὲν
1047 2352 1158 2426 γὰρ
1186 2354 1244 2405 ὲν
1261 2349 1528 2422 Αἰγύπτῳ
1558 2352 1670 2414 τοῖς
1702 2352 1904 2421 ὲπιχωρ

315 2447 454 2516 ρίοις
493 2445 638 2508 θεοῖς
666 2445 784 2515 ἤτοι
803 2443 1055 2514 δαίμοσιν
1076 2460 1089 2472 ·
1122 2436 1245 2496 εἶτα
1290 2433 1655 2514 λελύτρωνται
1676 2441 1764 2496 διὰ
1779 2442 1908 2494 Mm-

317 2539 453 2608 σέως
507 2535 646 2591 Θεοῦ
684 2536 1171 2608 κατοικτείροντος,
1231 2533 1636 2606 ἀπηλλάττοντό
1672 2550 1732 2585 τε.
1771 2531 1906 2604 ὁμοῦ

319 2632 552 2704 ψυχικῆς
578 2647 640 2684 τε
664 2631 780 2702 ἅμα
810 2632 907 2685 καὶ
938 2629 1208 2700 σαρκικῆς
1243 2628 1510 2701 δουλείας.
1555 2628 1767 2696 Ὥσπερ
1801 2617 1910 2704 γὰρ

322 2723 684 2786 ἁπεσείσαντο
714 2721 816 2790 τῆς
854 2719 1170 2791 Αἰγυπτίων
1213 2719 1531 2786 πλεονεξίας
1559 2720 1652 2775 τὸν
1701 2720 1864 2790 ζυγόν
1882 2703 1907 2749 ’⁸

321 2815 468 2870 οὕτω
505 2814 602 2867 καὶ
641 2813 738 2884 τῆς
793 2813 905 2865 τῶν
953 2809 1226 2881 δαιμόνων
1267 2809 1590 2881 σκαιότὴτος
1635 2810 1913 2882 ἀπηλλάτ-

324 2919 505 2972 τοντο,
554 2901 911 2972 λατρεύοντες
979 2899 1077 2968 μὲν
1125 2897 1310 2952 οὐκέτι
1362 2901 1475 2962 τοῖς
1541 2899 1914 2973 ψευδωνύμοις

327 2999 491 3060 θεοῖς,
527 2995 676 3066 νόμῳ
710 2993 768 3046 δὲ
801 2991 1002 3064 μᾶλλον
1029 2991 1108 3060 τῷ
1127 2991 1215 3044 διὰ
1248 2991 1492 3056 Μωσέως
1533 2993 1914 3064 παιδαγωγού..

334 3107 480 3161 μενοι
513 3088 652 3159 πρὸς
683 3086 743 3139 τὸ
770 3084 988 3154 ἀληθὲς,
1022 3083 1118 3136 ἕνα
1144 3099 1204 3135 τε
1246 3083 1338 3136 καὶ
1379 3083 1538 3154 φύσει
1575 3083 1669 3136 καὶ
1700 3083 1917 3156 ἀληθῶς

328 3181 792 3253 ἐπιγινώσκοντες
825 3177 980 3231 Θεόν.
1021 3178 1257 3240 Ἤκουον
1282 3176 1391 3248 γὰρ
1421 3175 1838 3248 νομοθετοῦντός
1856 3194 1915 3230 τε
1945 3175 1952 3200 ³

330 3279 423 3331 καὶ
463 3275 722 3341 λέγοντος
757 3271 814 3323 ἐν
847 3268 1074 3340 Χωρήὸ·
1112 3286 1131 3319 ι
1161 3267 1238 3323 Οὐ
1271 3269 1517 3341 ποιήσεις
1552 3268 1736 3340 σαυτῷ
1764 3270 1918 3324 εἴδω-

330 3370 441 3430 λον,
468 3366 593 3420 οὐδὲ
620 3362 828 3436 παντὸς
865 3361 1140 3432 ὁμοίωμα,
1176 3361 1278 3414 ὅσα
1311 3362 1369 3414 ὲν
1401 3361 1481 3432 τῷ
1511 3361 1728 3434 οὐρανῷ
1784 3361 1918 3429 ἄνω,

333 3460 428 3514 καὶ
452 3459 558 3513 ὅσα
588 3457 648 3510 ἐν
671 3457 740 3526 τῇ
768 3455 842 3525 γῇ
877 3451 1050 3516 κάτω,
1080 3453 1174 3507 καὶ
1199 3452 1299 3505 ὅσα
1331 3453 1390 3505 ἐν
1419 3455 1531 3524 τοῖς
1565 3451 1754 3507 ὕδασιν
1786 3453 1920 3507 ὑπομ-

333 3552 486 3605 κάτω
517 3551 620 3620 τῆς
657 3551 780 3620 τῆς.
830 3546 906 3600 οὐ
954 3545 1356 3615 προσκυνήσεις
1388 3545 1572 3608 αὐτοῖς
1596 3563 1610 3578 ο
1648 3544 1760 3613 ἐγὼ
1813 3545 1923 3617 γάρ

333 3646 455 3714 εἰμι
505 3633 768 3710 Κύριοςὸ
792 3637 929 3701 Θιὸς
960 3653 1075 3693 σου.
1111 3656 1129 3687 ι
1164 3636 1478 3708 Γέγραπται
1523 3636 1580 3689 δὲ
1621 3637 1715 3690 καὶ
1757 3638 1816 3691 ἐν
1845 3637 1926 3709 τῷ

336 3732 788 3807 ῥευτερονομίῳο
824 3750 844 3790 ι
885 3729 1011 3784 Ἐὰν
1052 3729 1110 3790 δὲ
1165 3723 1412 3802 εἰσέλθῃς
1435 3731 1516 3793 είς
1541 3729 1640 3801 τὴν
1686 3730 1809 3801 γῆν,
1859 3730 1926 3803 ἦν

337 3827 558 3898 Κύριος
587 3827 616 3877 ό
637 3818 770 3885 Θεός
798 3838 886 3876 σου
903 3823 1085 3876 δίδωσί
1111 3839 1212 3887 σοι,
1243 3822 1304 3874 οὐ
1337 3820 1556 3894 μαθήσῃ
1580 3825 1753 3875 ποιεῖν
1785 3824 1928 3876 κατὰ

335 3920 408 3974 τὰ
435 3915 785 3989 βδελύγματα
809 3913 915 3978 τῶν
951 3913 1120 3968 ἐθνῶν
1146 3911 1390 3967 ἐκείνων.
1425 3913 1538 3984 Οὐχ
1569 3913 1928 3986 εὑρεθήσεται

340 4013 398 4078 ἐν
425 4009 512 4063 σοὶ
539 4005 948 4079 περικαθαίρων
979 4003 1071 4074 τὸν
1100 4003 1214 4074 υἱὸν
1236 4003 1422 4070 αὑτοῦ,
1459 3993 1626 4076 ἢτὴν
1651 4005 1928 4078 θυγατέρα

342 4101 508 4175 αὑτοῦ
544 4102 603 4154 ἐν
654 4099 809 4172 πυρί.
847 4096 1263 4168 Μαντευόμενος
1297 4093 1574 4166 μαντείαν,
1605 4098 1701 4152 καὶ
1731 4088 1928 4169 ’κληδο-

345 4188 648 4258 νιζόμενος,
696 4184 794 4238 καὶ
837 4182 1238 4253 οἰωνιζόμενος,
1299 4181 1609 4252 φαρμακὸς,
1659 4181 1928 4252 ὲπαοιδὸς,

345 4276 810 4351 ἐγγαστρίμυθος,
863 4275 957 4329 καὶ
999 4262 1443 4343 τερατοσκόπος,
1501 4275 1597 4328 καὶ
1637 4271 1931 4344 ἐπερωτῶν

345 4373 471 4441 τοὺς
496 4368 744 4440 νεκρούς.
786 4367 944 4419 Ἔστι
989 4364 1096 4436 γὰρ
1147 4364 1426 4437 βδέλυγμα
1467 4361 1660 4433 Κυρίῳ
1703 4355 1782 4432 τῷ
1812 4361 1932 4432 Θεῷ

1995 1901 2096 1956 bus
2126 1901 2408 1964 traditum,
2438 1907 2722 1971 propterea
2747 1897 2890 1966 quod
2917 1896 3192 1967 prioribus
3219 1897 3366 1955 vitiis
3395 1897 3573 1952 denuo

2005 1992 2258 2047 laborare
2291 1991 2580 2059 maluerat,
2606 1997 2660 2043 et
2693 1987 2870 2042 denuo
2893 1988 2960 2040 ad
2986 1986 3214 2055 primam
3245 1987 3575 2056 impietatem

2001 2096 2304 2140 recurrere.
2341 2082 2552 2138 Etenim
2589 2081 2642 2136 in
2664 2080 2903 2152 IEgypto
2935 2077 3202 2148 indigenis
3226 2087 3279 2133 et
3301 2079 3580 2153 gentilitiis

2003 2175 2106 2230 diis
2153 2189 2249 2233 seu
2284 2173 2618 2229 daemonibus
2665 2172 2991 2237 servierunt,
3044 2171 3168 2228 dein
3215 2185 3313 2239 per
3361 2169 3580 2243 Moysen

2004 2267 2115 2323 Deo
2141 2265 2562 2322 commiscrante
2589 2263 2851 2332 redempti
2881 2271 3028 2339 sunt,
3057 2271 3112 2317 et
3133 2261 3301 2318 animi
3331 2260 3483 2332 juxta
3519 2278 3584 2321 ac

2006 2359 2189 2422 carnis
2217 2357 2480 2414 servitute
2530 2354 2767 2424 liberati.
2811 2353 3276 2421 Quemadmodum
3316 2354 3461 2410 enim
3491 2370 3588 2421 ex:

2007 2458 2296 2513 eusserant
2343 2447 2688 2520 Egyptiacae
2737 2445 3042 2516 tyrannidis
3074 2446 3294 2518 jugum,
3347 2446 3426 2501 sic
3473 2457 3528 2503 et
3556 2463 3585 2518 ιι

2016 2543 2321 2602 daemonum
2359 2539 2522 2608 impia
2563 2537 2772 2593 savitia
2808 2537 3331 2602 eximebanturmec
3358 2537 3590 2610 amplius

2014 2633 2152 2689 falso
2186 2631 2478 2688 nominatis
2502 2630 2606 2686 diis
2638 2629 2965 2702 servierunt,
2999 2629 3095 2684 sed
3142 2628 3258 2701 lege
3287 2629 3466 2700 potius
3493 2646 3591 2702 per

2015 2726 2233 2798 Moysen
2273 2724 2338 2779 ad
2388 2723 2671 2778 veritatem
2720 2722 2984 2786 instituti,
3017 2736 3181 2777 unum
3211 2729 3266 2778 et
3313 2734 3508 2792 natura
3537 2733 3594 2796 et

2016 2829 2144 2872 vere
2172 2815 2340 2870 Deum
2374 2823 2732 2885 agnoverunt.
2779 2810 3046 2892 Quoniam
3075 2812 3398 2874 audiverunt
3443 2830 3590 2894 eum,

2017 2918 2071 2963 et
2099 2907 2268 2978 legem
2301 2905 2558 2960 ferentem
2590 2913 2645 2959 et
2688 2903 2958 2958 dicentem
2989 2903 3041 2958 in
3073 2903 3287 2965 Choreb
3334 2919 3350 2958 :
3398 2925 3416 2958 ι
3472 2904 3591 2974 Non

2022 2977 2190 3054 facies
2227 2999 2320 3056 tibi
2354 2998 2577 3062 idolum,
2611 3011 2712 3051 nec
2749 2995 2990 3058 omnium
3025 2995 3436 3058 similitudinem
3476 2977 3596 3069 qua:

2022 3093 2075 3147 in
2107 3092 2242 3148 cwlo
2263 3104 2500 3156 sursum,
2535 3098 2590 3144 et
2623 3103 2746 3159 quae
2799 3087 2852 3142 in
2896 3097 3037 3143 terra
3078 3088 3354 3160 deorsum,
3386 3100 3442 3146 et
3478 3106 3598 3160 quae

2021 3186 2072 3240 in
2105 3183 2259 3254 aquis
2285 3182 2387 3249 sub
2417 3189 2561 3237 terra
2590 3199 2604 3236 :
2646 3195 2751 3236 non
2783 3171 3038 3236 adorabis
3055 3195 3117 3235 ea
3157 3199 3170 3234 :
3230 3197 3334 3254 ego
3364 3198 3599 3256 namque

2021 3292 2140 3339 sum
2174 3275 2430 3329 Dominus
2456 3274 2598 3328 Deus
2632 3281 2755 3327 tuus
2783 3271 2850 3327 ”.
2892 3290 2910 3325 ι
2941 3271 3081 3340 Quin
3135 3282 3191 3328 et
3218 3274 3480 3345 scriptum
3516 3285 3601 3332 est

2028 3371 2080 3423 in
2137 3367 2606 3422 DeuteronOmio:
2651 3385 2669 3418 ι
2705 3364 2762 3420 Si
2798 3379 2926 3421 vero
2981 3365 3270 3422 intraveris
3296 3368 3350 3426 in
3399 3376 3604 3436 terram

2023 3474 2186 3529 quam
2215 3457 2474 3514 Dominus
2507 3456 2652 3512 Deus
2681 3456 2772 3512 dat
2809 3457 2925 3522 tibi,
2945 3455 3057 3538 42
3081 3471 3185 3512 non
3205 3457 3381 3518 disces
3412 3459 3596 3519 facere

2023 3550 2176 3628 juxta
2208 3549 2641 3605 abominationes
2672 3549 2911 3620 gentium
2943 3550 3178 3620 illarum,
3207 3565 3312 3615 non
3367 3554 3604 3624 reperie-

2029 3642 2187 3698 turin
2216 3650 2268 3697 te
2292 3640 2458 3704 ﬁlium
2498 3655 2654 3695 suum
2687 3647 2778 3693 aut
2805 3640 2968 3694 ﬁliam
3000 3655 3152 3702 suam
3183 3639 3418 3708 lustrans
3461 3643 3605 3712 igne.

2028 3733 2329 3788 vaticinans
2365 3729 2640 3802 vaticinia,
2675 3739 2731 3784 et
2759 3730 3028 3802 divinans,
3071 3740 3124 3786 et
3158 3745 3385 3801 auspex,
3425 3744 3482 3790 et
3508 3749 3602 3790 ve.

2031 3827 2260 3891 neﬁcus,
2291 3812 2700 3889 etincantator,
2725 3823 3120 3899 ventriloquus,
3137 3834 3193 3892 et
3221 3828 3604 3901 prestigiator,

2031 3929 2086 3975 et
2115 3918 2693 3975 sciscitans'mortuos.
2714 3915 2812 3970 Est
2839 3915 2982 3984 enim
3017 3917 3347 3975 abominatio
3380 3921 3609 3977 Domino

2034 4011 2144 4067 Deo
2161 4019 2251 4065 tuo
2273 4007 2519 4084 quisquis
2536 4006 2697 4063 faciet
2717 4007 2848 4062 haec.
2872 4007 3150 4077 Perfectus
3168 4011 3278 4067 eris
3309 4028 3489 4069 coram
3510 4017 3611 4074 Do-_

2035 4101 2181 4156 mino
2195 4099 2306 4166 Deo
2325 4108 2436 4153 tuo.
2455 4097 2658 4160 Gentes
2681 4100 2825 4153 enim
2842 4099 2968 4164 illa‘,
2983 4115 3214 4170 quarum
3237 4101 3607 4160 haereditatem

2035 4193 2291 4261 accipies,
2318 4189 2680 4244 divinationes
2705 4200 2760 4243 et
2791 4190 3205 4245 vaticinationes
3222 4192 3467 4249 audient.
3488 4191 3610 4264 Tibi

2035 4292 2214 4352 autem
2242 4297 2350 4340 non
2370 4281 2452 4343 sic
2477 4280 2626 4352 dedit
2641 4280 2908 4340 Dominus
2926 4282 3066 4351 Deus
3088 4281 3285 4337 tuus“.
3301 4301 3319 4334 ι
3345 4281 3470 4339 llazc
3489 4285 3609 4355 qui—

2037 4376 2155 4430 dem
2176 4373 2283 4446 lex.
2299 4374 2432 4440 Quia
2452 4389 2577 4428 vero
2596 4371 2668 4426 illi
2685 4373 2829 4428 leves
2851 4383 2903 4426 et
2925 4373 3153 4431 mobiles
3178 4383 3356 4441 erant,
3381 4386 3436 4431 et
3461 4376 3614 4432 valde

350 4478 442 4524 σου
471 4462 580 4525 πᾶς
615 4459 786 4512 ποιῶν
823 4456 1014 4530 ταῦτα.
1045 4455 1262 4518 Τέλειος
1304 4446 1403 4526 ἔσῃ
1447 4451 1687 4512 ἐναντίον
1724 4443 1912 4524 Κυρίοι

2039 4468 2103 4521 ad
2123 4443 2500 4531 defectionem,
2519 4465 2727 4522 scilicet
2758 4481 2786 4518 ιι
2812 4468 2944 4528 Deo,
2968 4466 3260 4537 proclives,
3283 4467 3425 4522 aliud
3453 4484 3616 4540 porro

350 4573 466 4611 σου.
495 4557 580 4611 Τὰ
621 4555 731 4626 γὰρ
765 4553 894 4624 ἔθνη
941 4552 1132 4616 ταῦτα,
1183 4549 1276 4615 οὒς
1324 4551 1388 4611 σὺ
1430 4551 1932 4622 κατακληρονομείς

347 4650 568 4720 αὐτοὺς,
591 4643 739 4702 οὗτοι
759 4644 1130 4718 κληδονισμῶν
1160 4643 1253 4700 καὶ
1293 4642 1560 4712 μαντειῶν
1588 4627 1930 4696 ἀκούσονται.

349 4741 462 4796 Καὶ
488 4741 573 4794 σοὶ
593 4740 694 4810 οὑχ
723 4737 898 4808 οὕτως
937 4736 1104 4796 ἔδωκε
1137 4734 1338 4806 Κύριος
1367 4736 1396 4787 ὁ
1438 4734 1570 4798 Θεός
1619 4750 1733 4789 σου.
1774 4752 1793 4786 ι
1826 4734 1936 4787 Καὶ

347 4832 526 4902 ταῦτα
568 4833 668 4902 μὲν
706 4832 736 4883 δ
759 4829 942 4899 νόμος·
973 4828 1158 4900 ἐπειδὴ
1194 4829 1251 4882 δὲ
1279 4824 1422 4899 ἦσαν
1468 4827 1937 4898 εὐπαρακόμιστοι

349 4925 448 4990 καί
488 4923 623 4976 πολὺ
656 4921 720 4994 δὴ
748 4921 867 4983 λίαν
896 4921 1105 4990 ἕτοιμοι
1140 4919 1276 4992 πρὸς
1329 4918 1650 4991 ἀπόστασιν,
1684 4916 1842 4985 δῆλον
1884 4916 1941 4969 δὲ

349 5018 435 5072 ὅτι
468 5017 570 5087 τὴν
602 5012 712 5069 ἀπὸ
734 5012 892 5087 Θεοῦ,
917 5005 1365 5082 προσενομοθέτει
1396 5010 1571 5079 λέγων
1595 5027 1608 5040 ·
1654 5029 1672 5061 ι
1725 5009 1850 5063 Ἐὰν
1881 5009 1940 5079 δὲ

352 5110 629 5185 εἰσαγάγῃ
659 5127 720 5164 σε
759 5109 789 5162 ὁ
830 5107 1033 5180 Κύριος
1064 5110 1091 5160 ὁ
1118 5107 1248 5169 Θεὸς
1290 5107 1370 5168 εἰς
1419 5107 1517 5175 τὴν
1571 5104 1696 5188 γῆν,
1753 5106 1834 5166 εἰς
1872 5104 1939 5174 ἦν

353 5205 617 5277 πορεύσῃ
643 5204 764 5256 ἐκεῖ
805 5201 1232 5274 κληρονομῆσαι,
1271 5198 1364 5251 καὶ
1402 5197 1613 5268 ὲξαρεῖς
1660 5195 1788 5266 ἔθνη
1843 5211 1939 5266 με-

349 5297 523 5367 γάλα,
565 5295 662 5348 καὶ
705 5293 876 5348 πολλὰ
935 5293 1030 5347 καὶ
1083 5291 1279 5364 ἰσχυρὰ
1330 5289 1436 5360 πρὸ
1487 5287 1780 5358 προσώπου
1844 5303 1937 5340 σου

353 5389 469 5459 (τὸν
498 5388 654 5442 δεῖνα
682 5388 836 5457 φησὶ,
865 5386 959 5441 καὶ
995 5384 1088 5439 τὸν
1129 5384 1320 5452 δεῖνα),
1366 5382 1460 5436 καί
1486 5379 1715 5451 παραδῷ
1747 5381 1940 5451 αὐτοὺς

355 5481 564 5554 Κύριος
592 5483 622 5535 ὁ
644 5480 778 5545 Θεός
809 5497 904 5534 σου
941 5481 1022 5543 εἰς
1049 5479 1238 5550 χεῖρας
1271 5493 1384 5539 σου,
1422 5475 1517 5527 καὶ
1561 5472 1820 5538 ’κατάξεις
1849 5473 1944 5527 αὐ-

357 5573 504 5642 τούς.
548 5572 872 5644 ’Δφανισμῷ
913 5573 1161 5643 ἀφανιεῖς
1190 5570 1408 5634 αὐτοὺς,
1450 5568 1510 5620 οὐ
1558 5566 1790 5639 διαϐήσῃ
1847 5567 1944 5620 αὑ-

2040 4561 2303 4630 praacipit,
2347 4561 2622 4623 dicensu
2667 4557 2722 4613 Si
2752 4574 2879 4613 vero
2923 4559 3228 4614 introducat
3263 4570 3314 4615 te
3359 4561 3616 4618 Dominus

2043 4657 2184 4710 Deus
2215 4654 2268 4707 in
2310 4660 2538 4716 terram,
2561 4653 2626 4706 ad
2654 4667 2815 4721 quam
2850 4652 3239 4722 proﬁcisceris,
3292 4663 3348 4706 ut
3395 4655 3469 4709 ibi
3503 4669 3618 4710 sor-

2044 4755 2150 4801 tem
2182 4744 2442 4815 accipias,
2465 4753 2521 4798 et
2555 4744 2784 4814 eieceris
2810 4729 3001 4814 gentes
3031 4759 3255 4814 magnas
3281 4755 3336 4812 et
3369 4748 3618 4806 robustas

2045 4844 2172 4891 ante
2209 4834 2404 4900 faciem
2443 4843 2588 4902 tuam
2627 4834 2828 4907 (alieni
2887 4845 3053 4904 atque
3101 4835 3261 4888 aliam
3303 4836 3551 4895 nominat
3574 4841 3617 4905 ),

2043 4936 2097 4982 et
2144 4926 2432 4993 tradiderit
2483 4940 2577 4980 eas
2643 4925 2903 4979 Dominus
2956 4924 3097 4979 Deus
3151 4935 3273 4980 tuus
3316 4925 3370 4979 in
3427 4940 3619 4979 manus

2048 5029 2192 5084 tuas,
2225 5032 2432 5087 easque
2459 5017 2796 5086 percusseris
2823 5034 2839 5092 ς
2877 5017 3102 5071 delendo
3126 5015 3330 5072 delebis
3359 5030 3475 5081 eas,
3509 5027 3618 5070 non

2046 5110 2210 5165 feries
2243 5124 2365 5163 cum
2420 5109 2502 5163 eis
2539 5107 2740 5178 ftedus,
2798 5123 2972 5178 neque
3013 5107 3360 5172 misereberis
3407 5121 3618 5172 earum,

2045 5216 2220 5272 neque
2244 5199 2561 5263 afﬁnitatem
2591 5201 2883 5257 contrahes
2911 5216 3030 5254 cum
3063 5200 3167 5255 illis
3194 5215 3210 5272 ;
3256 5199 3421 5253 ﬁliam
3473 5208 3620 5254 tuam

2049 5309 2156 5349 non
2189 5294 2346 5349 dabis
2378 5293 2488 5347 ﬁlio
2522 5291 2662 5364 ejus,
2694 5309 2794 5350 nec.
2824 5294 2988 5348 ﬁliam
3017 5294 3131 5361 ejus
3155 5291 3339 5360 capies
3364 5291 3474 5348 ﬁlio
3497 5301 3620 5350 tuo:

2049 5393 2260 5440 avertet
2292 5385 2436 5440 enim
2475 5384 2647 5440 ﬁlium
2682 5393 2832 5439 tuum
2861 5399 2890 5437 a
2916 5397 3019 5446 me,
3041 5392 3095 5437 ct
3124 5383 3326 5440 serviet
3363 5385 3467 5442 diis
3495 5385 3628 5442 alie~

2049 5479 2154 5560 nis,
2187 5489 2243 5533 et
2273 5479 2540 5534 irascetur
2585 5476 2770 5531 furore
2802 5473 3062 5531 Dominus
3091 5475 3146 5532 in
3190 5491 3310 5545 vos,
3343 5493 3408 5534 ac
3438 5479 3631 5555 perdet

2051 5577 2102 5623 te
2130 5568 2238 5624 cito
2265 5567 2332 5623 ".
2372 5586 2391 5620 ι
2441 5564 2708 5622 Omnibus
2744 5565 2890 5621 enim
2923 5565 3096 5642 modis
3142 5565 3248 5641 illis
3285 5569 3431 5642 eavit
3463 5567 3624 5653 ρευῆ

433 5729 480 5780 ιι
505 5729 658 5798 Deut.
714 5746 770 5806 v,
808 5730 863 5794 8,
891 5727 945 5784 9.
1023 5727 1244 5785 ",Deut.
1271 5739 1422 5794 xvm,
1465 5722 1606 5779 9-13.
1686 5723 1732 5754 "‘
1764 5722 1919 5796 Deut.
1956 5740 2052 5798 vn,
2100 5724 2211 5798 l-ﬁ,
