4012 6216
510 371 575 424 79
1528 360 1586 414 S.
1628 356 1902 414 CYRILLI
1945 353 2413 411 ALEXANDRINI
2453 351 2754 408 ARCIIIEI’
3689 349 3757 406 80

513 498 601 549 ac,
638 492 696 535 ιιι
721 495 876 536 sacra
911 479 1187 547 Scriptura
1215 476 1410 545 inquit,
1453 477 1646 547 Legem
1679 478 1745 531 ad
1774 474 2074 531 subsidium
2106 532 2107 537 η

2213 478 2292 539 οἷς
2351 473 2638 544 διαθήκην,
2694 470 2820 525 οὔτε
2876 473 2951 541 μὴ
2991 467 3230 539 ἐλεήσεις
3283 465 3499 530 αὐτοὺς,
3549 465 3656 520 οὐδ’
3698 469 3756 522 οὐ

510 575 676 628 dedit.
730 573 805 626 llli
849 585 976 625 vero
1006 570 1423 639 praeceptionnm
1473 572 1607 622 adeo
1638 566 2069 630 venerandarum

2285 565 2704 638 γαμὸρεύσηται
2737 561 2876 634 πρὸς
2924 559 3150 623 αὐτούς·
3203 557 3300 629 τὴν
3341 557 3613 628 Θυγατέρα
3653 575 3761 612 ’σου

512 682 640 718 cura
673 663 903 728 ahjecta,
938 661 1341 714 inconsiderate
1370 659 1618 714 conversi
1643 666 1768 712 sunt
1797 657 1862 711 ad
1892 655 2072 711 omnia

2213 659 2236 710 ύ
2262 656 2454 719 δώσεις
2483 655 2560 726 τῷ
2595 653 2694 724 υίῷ
2728 651 2914 716 αὑτοῦ,
2953 649 3044 703 καὶ
3071 649 3170 718 τὴν
3197 647 3477 716 Θυγατέρα
3502 644 3667 698 αὑτοῦ
3700 647 3765 699 ού

514 754 795 825 prmceptis
819 752 1124 806 contraria.
1159 751 1521 821 Applicabant
1567 749 1712 804 enim
1762 763 1821 804 se
1863 747 2074 801 divina-

2213 749 2320 821 ήψῃ
2355 748 2432 819 τῷ
2473 746 2573 817 υἱῷ
2615 763 2707 798 σου
2729 761 2744 776 ·
2801 741 3102 811 ἀποστήσει
3145 739 3253 811 γάρ
3285 737 3377 792 τὸν
3407 736 3522 790 υῑόν
3543 752 3637 789 σου
3668 734 3765 790 ἀπ’

517 843 751 898 tionibus
775 851 826 896 et
859 840 1006 895 lalsis
1037 841 1328 905 vaticiniis,
1361 847 1416 894 et
1443 839 1509 894 ab
1545 838 1628 893 his
1659 837 1751 908 qui
1782 835 1939 892 idolis
1981 835 2077 888 ad-

2215 841 2340 913 μού,
2367 839 2462 893 καὶ
2487 837 2773 908 λατρεύσει
2795 834 2936 896 θεοῖς
2969 832 3176 901 ἑτέροις
3195 847 3208 860 ·
3245 828 3339 882 καὶ
3375 825 3765 898 όργισθήσεται

514 934 639 988 dicti
665 941 819 987 erant
854 947 919 987 ac
959 932 1172 998 devoti,
1221 929 1523 986 futurorum
1580 929 1824 983 notitiam
1864 941 2078 996 (μικτο-

2216 931 2338 1004 υμῷ
2371 929 2573 1000 Κύριος
2606 929 2686 991 είς
2723 926 2890 997 ὑμᾶς,
2934 923 3028 976 καὶ
3063 919 3432 991 ἐξολοθρεύσει
3471 934 3531 970 σε
3569 915 3632 969 τὺ
3667 916 3767 971 τά-

521 1028 649 1080 bant
685 1043 697 1078 :
734 1033 788 1078 et
837 1037 968 1077 sane
1001 1021 1296 1092 prophetas
1345 1028 1565 1074 sanctos
1617 1017 1992 1088 increpabant,
2021 1029 2083 1069 ac

2213 1040 2296 1093 ;ο;.
2336 1042 2354 1076 ι
2394 1021 2578 1076 Πάντα
2601 1017 2710 1089 γὰρ
2747 1016 2948 1086 τρόπον
2982 1011 3282 1083 ἀσφαλείας
3325 1011 3512 1072 αὐτοῖς
3553 1009 3769 1063 ἐπενόει

515 1114 766 1168 dicebant
812 1130 826 1167 :
879 1131 897 1164 ι
942 1111 1062 1166 Alia
1123 1111 1280 1166 nobis
1337 1108 1619 1180 loquimini
1666 1117 1722 1163 et
1768 1105 2085 1160 annuntiate

2213 1113 2336 1177 νεὸς,
2364 1112 2459 1167 καὶ
2491 1110 2636 1166 καθά
2663 1125 2796 1180 φησι
2835 1106 2898 1160 τδ
2925 1103 3167 1176 Γράμμα
3197 1103 3257 1157 τὸ
3291 1101 3454 1172 ἱερὸν,
3476 1098 3656 1170 Νόμον
3684 1100 3773 1164 εις

517 1204 672 1258 nobis
731 1203 891 1258 alium
940 1216 1179 1258 errorem
1208 1202 1328 1274 ".t
1374 1199 1500 1256 Fuit
1538 1213 1753 1270 quoque
1797 1199 1902 1253 illis
1960 1213 2084 1252 cum

2213 1205 2442 1278 ιοήθειαν
2482 1203 2702 1258 ἔδωκεν.
2732 1201 2796 1253 Οί
2823 1199 2881 1253 δὲ
2902 1197 3012 1252 τῶν
3037 1195 3181 1249 οὕτω
3236 1192 3450 1247 σεπτῶν
3494 1190 3770 1262 ἐνταλμά-

517 1293 730 1350 filiabus
767 1293 1071 1347 vicinarum
1115 1293 1358 1360 gentium
1408 1291 1818 1355 commercium,
1867 1287 2082 1344 etiamsi

2213 1314 2294 1352 ;ων
2325 1293 2702 1367 ὴφειδηκότες,
2729 1291 3026 1364 ἐτράποντο
3055 1285 3375 1357 παραλόγως
3403 1284 3483 1348 εἰς
3526 1284 3635 1337 πᾶν
3661 1282 3774 1339 τῶν

520 1389 600 1441 lex
633 1388 733 1441 hoc
771 1383 1166 1445 interdixisset,
1193 1391 1394 1438 etcum
1426 1380 1742 1436 mulieribus
1776 1379 1932 1434 malis
1952 1392 2090 1448 quas

2213 1388 2591 1461 ,ντεταλμένων
2619 1386 2682 1441 τδ
2713 1383 2973 1440 ἐναντίον.
3003 1380 3365 1453 Προσέκειντο
3389 1377 3498 1448 γάρ
3523 1376 3773 1447 κληδονι-

527 1481 664 1532 Deus
695 1477 819 1530 odio
847 1475 1055 1540 habuit,
1085 1483 1142 1528 et
1167 1488 1289 1543 qua:
1319 1471 1668 1527 idololatricis
1709 1470 1904 1526 ritibus
1934 1471 2091 1523 innu-

2213 1485 2372 1555 πμοῖς,
2404 1482 2500 1536 καὶ
2521 1473 3096 1551 ψευδομαντείαις,καὶ
3131 1470 3283 1542 παρά
3325 1471 3440 1532 τοῖς
3469 1469 3576 1522 τῶν
3614 1468 3774 1522 εἰδώ-

540 1570 680 1622 tritae
710 1573 885 1631 erant,
916 1575 1113 1638 praeter
1141 1565 1314 1636 legem
1359 1562 1763 1627 cohabitarunt,
1798 1561 2088 1617 liberorum

2213 1593 2300 1630 κων
2335 1569 2747 1648 προσιζηκότων
2786 1567 2971 1638 ζητεῖν
2997 1559 3324 1625 ἐσπούδαζον
3346 1559 3455 1648 τῶν
3498 1559 3776 1648 ἐσομένῳ)

524 1662 829 1714 alienorum
869 1659 1200 1714 exstiterunt
1233 1657 1432 1733 patres,
1459 1654 1550 1726 qui
1596 1663 1829 1708 matrum
1877 1665 2093 1722 quoque

2213 1664 2294 1735 τὴν
2335 1645 2557 1732 γνῶσιν,
2606 1657 2787 1712 καίτοι
2833 1653 3142 1726 προφήταις
3190 1645 3779 1735 ἀγίοιςέπιτιμῶντές

527 1766 676 1808 more
705 1751 1058 1820 institutoque
1081 1748 1320 1815 educati,
1352 1747 1520 1819 legem
1546 1744 1840 1802 Mosaicam
1862 1785 1876 1813 ,
1909 1755 1966 1799 ut
2015 1746 2090 1799 ita

2213 1734 2260 1807 ιε
2290 1753 2386 1806 καὶ
2405 1751 2654 1820 λέγοντες
2678 1763 2692 1778 '
2731 1764 2750 1798 ι
2787 1744 2955 1800 Ἀλλά
2975 1743 3107 1812 ἡμῖν
3131 1739 3363 1802 λαλεῖτε,
3387 1736 3482 1791 καὶ
3512 1734 3780 1804 ἀναγγέλ-

523 1845 717 1907 dicam,
745 1857 812 1897 ne
840 1841 982 1896 scire
1034 1840 1251 1910 quidem
1293 1839 1470 1893 videri
1534 1837 1838 1892 voluerunt.
1910 1833 2094 1903 Itaque

2213 1859 2318 1898 ιετε
2352 1845 2484 1914 ἡμῖν
2517 1841 2712 1911 ἑτέραν
2747 1835 3032 1905 πλάνησιν.
3091 1849 3109 1884 ι
3162 1831 3410 1900 Συνῆσαν
3439 1828 3498 1881 δὲ
3538 1828 3632 1881 καὶ
3660 1828 3783 1922 ταῖς

527 1934 739 2001 impleta
767 1939 872 1996 est,
905 1929 1100 1998 inquit,
1135 1937 1194 1982 ut
1231 1928 1297 1982 ab
1331 1927 1511 1990 initio,
1540 1927 1691 1996 regio
1733 1941 1921 1981 eorum
1955 1922 2092 1979 divi-

2213 1937 2302 1993 ςῶν
2327 1935 2542 2008 ὁμόρων
2566 1929 2733 1987 ἐθνῶν
2759 1925 3118 1999 θυγατράσιν,
3151 1921 3518 1994 ἀπειρηκότος
3555 1918 3648 1973 τοῦ
3686 1917 3780 2008 vd-

527 2023 838 2076 nationibus
866 2029 924 2074 ut
964 2031 1107 2075 terra
1145 2018 1596 2088 alienigenarum,
1628 2026 1683 2073 et
1716 2016 1810 2070 lilii
1838 2015 2091 2084 alienige-

2213 2046 2300 2082 1.00
2331 2027 2392 2080 τὸ
2434 2007 2640 2096 χρῆμα.
2668 2019 2875 2075 Γύναιά
2906 2036 2966 2072 τε
3009 2014 3223 2087 πονηρὰ
3255 2014 3358 2067 καὶ
3404 2010 3650 2082 θεομισῆ,
3685 2007 3783 2065 καὶ

527 2127 607 2164 na:
640 2109 752 2164 nali
803 2116 929 2162 sunt
968 2106 1094 2162 illis.
1140 2106 1269 2161 Erat
1306 2113 1485 2160 autem
1540 2105 1986 2161 absurdissimum
2043 2110 2097 2157 et

2213 2123 2308 2181 τοῖς
2336 2118 2433 2190 τῆς
2456 2113 2904 2184 εἰδωλολατρείας
2938 2109 3116 2163 ἔθεσιν
3164 2105 3574 2177 ἐντεθραμμένα
3597 2119 3768 2173 παραυ

528 2203 919 2271 lurpiosimum,
1066 2213 1131 2254 ex
1155 2198 1470 2269 alienigenis
1487 2198 1745 2254 uxoribus
1763 2207 1914 2253 natos
1935 2195 2093 2260 lilios,

534 2295 624 2362 qui
676 2303 916 2346 sanctam
970 2293 1243 2346 civitatem
1302 2291 1695 2357 inhabilarant,
1745 2291 1798 2345 in
1857 2289 2094 2361 gentium

530 2384 767 2439 moribus
816 2382 1022 2437 versari
1058 2397 1121 2436 ac
1175 2386 1358 2437 vivere
1408 2392 1565 2438 extra
1612 2381 1806 2450 legem.
1853 2379 1922 2435 Et
1974 2395 2096 2435 cum

531 2470 904 2543 Deusjnberet
954 2485 1170 2525 omnem
1213 2471 1513 2525 masculum
1565 2479 1690 2525 octo
1723 2470 1934 2524 dierum
1983 2469 2096 2523 cir-

528 2560 960 2623 cumcidendum,
978 2567 1030 2612 et
1045 2567 1230 2629 aperto
1247 2558 1486 2613 diceret:
1508 2557 1734 2613 «Tribus
1749 2556 1828 2629 [et
1842 2553 2096 2628 quatuor]

535 2652 866 2722 temporibus
897 2651 1025 2706 anni
1059 2650 1344 2722 apparebit
1377 2664 1539 2708 omne
1577 2649 1876 2705 masculum
1915 2662 2098 2704 coram

531 2758 615 2798 me
637 2743 729 2810 W;
774 2761 792 2794 ι
831 2742 903 2796 illi
935 2752 1111 2795 tamen
1139 2741 1275 2798 istuc
1295 2755 1404 2800 non
1431 2740 1723 2807 faciebant,
1755 2741 1849 2797 sed
1883 2754 1978 2796 eos
2006 2741 2098 2810 qui

535 2837 646 2891 nati
676 2845 803 2891 sunt
833 2834 1135 2890 olferebant
1165 2834 1520 2902 daemonibus,
1567 2845 1621 2892 et
1653 2835 1708 2890 in
1746 2835 1889 2892 lanis
1936 2835 2102 2891 idolo-

534 2945 652 2981 rum
685 2929 898 2982 illorum
928 2945 1092 2984 causa
1121 2928 1527 2985 sacriﬁcabant.
1552 2928 1714 2984 Vides
1751 2942 1846 2985 eos
1878 2929 2100 2984 omnino

533 3021 702 3090 legem
735 3021 1104 3084 conculcasse.
1136 3030 1207 3079 At
1233 3025 1321 3095 qui
1351 3031 1768 3080 consentaneum
1801 3031 1938 3093 erat,
1980 3036 2098 3086 eos,

531 3114 623 3188 qui
651 3135 716 3174 eo
746 3121 1039 3190 Impietatis
1065 3128 1453 3191 pervenerant,
1483 3125 1541 3170 ut
1575 3131 1642 3170 ne
1684 3113 2100 3184 Redemptoretn

2195 2209 2378 2280 νόμως
2421 2205 2874 2275 εἰσοικισάμενοι,
2922 2199 3128 2254 παίδων
3157 2196 3476 2268 ἀλλοτρίων
3519 2194 3781 2264 γεγόνασι

2200 2301 2458 2372 πατέρες,
2505 2299 2570 2377 ,οἳ
2631 2297 2726 2350 καὶ
2774 2291 3134 2365 ἀνετρέφοντο
3192 2291 3304 2352 τοῖς
3364 2285 3473 2341 τῶν
3529 2286 3784 2358 μητέρων

2197 2392 2366 2459 ἔθεσι,
2395 2389 2487 2445 τὸν
2513 2388 2602 2442 διὰ
2633 2387 2880 2448 Μωσέως
2919 2384 3105 2454 νόμον,
3137 2380 3246 2436 οὐδ’
3275 2381 3399 2434 ὅσον
3426 2379 3620 2442 εἰπεῖν,
3645 2377 3786 2431 είδέ·

2197 2500 2286 2539 ναι
2311 2477 2790 2554 προσποιούμενοι.
2817 2474 3000 2545 Ταύτῃ
3028 2473 3111 2527 τοί
3138 2488 3326 2543 φησιν,
3360 2471 3441 2524 ὅτι
3474 2468 3784 2540 ἐνεπλήσθη

2197 2571 2274 2635 ὼς
2297 2570 2356 2624 τὸ
2379 2567 2634 2640 ἀπαρχῆς
2659 2569 2692 2636 ἡ
2727 2565 2880 2637 χώρα
2914 2561 3094 2618 αὐτῶν
3121 2559 3494 2632 κληδονισμῶν
3516 2557 3644 2612 ὡσεὶ
3672 2558 3788 2610 τῶν

2198 2658 2534 2730 ἀλλοφύλων,
2557 2658 2650 2712 καὶ
2676 2656 2840 2709 τέκνα
2867 2652 3142 2723 ἀλλόφυλα
3162 2649 3548 2723 ἐγε[ν]ήθησαν
3575 2650 3782 2714 αὐτοῖς.

2198 2745 2309 2803 *Ην
2338 2749 2394 2803 δὲ
2426 2748 2630 2820 σφόδρα
2653 2746 2762 2800 τῶν
2787 2745 3023 2812 ἀτόπων,
3049 2743 3145 2799 καὶ
3176 2743 3511 2814 πάναισχρον
3543 2739 3785 2811 ἀληθῶἶν

2199 2841 2300 2913 τὴν
2330 2840 2492 2910 ἁγίαν
2541 2839 2695 2893 πόλιν
2743 2839 3154 2909 κατῳκηκότας,
3202 2835 3328 2896 τοὺς
3374 2833 3434 2898 ἐξ
3467 2832 3786 2903 ἀλλοφύλων

2200 2932 2478 3003 γυναικῶν
2501 2929 2791 3000 γεγονότας
2825 2931 3008 2992 αὐτοῖς
3052 2929 3207 2994 υίεῖς,
3236 2927 3413 2980 ἓοεσιν
3453 2925 3790 2996 Ἑλληνικοῖς

2203 3019 2580 3078 πολὶτεύεσθαι
2634 3022 2728 3079 καὶ
2789 3021 2890 3091 ζῇν
2941 3019 3048 3087 ἔξω
3102 3018 3291 3090 νόμου.
3348 3017 3457 3071 Καὶ
3505 3015 3600 3071 τοῦ
3649 3015 3786 3069 Θεοῦ

2204 3116 2632 3188 προστάττοντος
2667 3115 2774 3168 πᾶν
2811 3113 3022 3169 παιδίον
3047 3113 3212 3184 ἄρσεν
3242 3113 3581 3184 όκταήμερον
3625 3126 3789 3182 περι.

534 3212 748 3279 quidem
797 3224 1130 3282 cognoscere
1168 3211 1392 3276 vellent,
1445 3208 1612 3278 ipsius
1645 3206 1825 3277 populi
1883 3208 2101 3262 nomine

2213 3207 2518 3279 τέμνεσθαι,
2556 3205 2809 3275 λέγοντός
2849 3222 2910 3260 τε
2948 3205 3160 3274 σαφῶς·
3190 3223 3212 3257 ι
3244 3206 3406 3274 Τρεῖς
3435 3203 3659 3276 καιροὺς
3692 3202 3789 3257 τοῦ

533 3303 745 3358 censeri
768 3303 791 3357 ἲ
816 3302 1074 3359 Sanctum
1109 3312 1197 3359 est
1244 3304 1410 3373 igitur
1446 3302 1499 3356 in
1538 3315 1631 3356 eos
1664 3302 1768 3355 hoc
1811 3299 2098 3369 judicium,

534 3404 588 3450 et
618 3395 916 3450 aversionis
939 3411 1041 3450 non
1064 3395 1279 3450 inﬁrma
1304 3396 1458 3450 ratio.
1491 3413 1508 3446 ι
1537 3391 1653 3448 Νοιι
1677 3393 1818 3448 enim
1847 3407 2103 3464 persona-

538 3503 652 3540 rum
684 3495 994 3558 acceptator
1022 3497 1104 3542 est
1130 3487 1506 3541 universorum
1529 3486 1696 3557 judex
1716 3485 1782 3538 ".
1824 3503 1842 3537 ι

2205 3299 2454 3354 ἐνιαιῖτοῦ
2477 3296 2774 3370 ὀφθήσεται
2796 3297 2903 3354 πᾶν
2926 3296 3214 3372 ἀρσενικόν
3242 3313 3333 3352 σου
3359 3294 3585 3351 ἐνώπιόν
3613 3311 3737 3368 μου·
3764 3315 3784 3348 ι

2208 3394 2258 3446 οἱ
2290 3392 2347 3446 δέ
2373 3390 2532 3445 τοῦτο
2562 3391 2660 3464 μὲν
2694 3392 2794 3446 οὐκ
2823 3391 3012 3464 ἔδρων,
3043 3390 3442 3461 ἀπεκομίζοντο
3461 3389 3524 3442 δὲ
3541 3391 3649 3453 τοῖς
3672 3388 3791 3443 δαίο

2216 3501 2344 3556 μοσι
2371 3483 2437 3538 τά
2469 3482 2806 3554 γεννώμενα,
2837 3485 2933 3538 καὶ
2966 3485 3023 3538 ἐν
3047 3486 3160 3546 τοῖς
3202 3484 3310 3536 τῶν
3345 3482 3576 3542 εἰδώλων
3625 3484 3790 3554 τεμέο

533 3593 647 3636 νεσι
673 3577 769 3645 τὰς
793 3576 879 3629 ἐπ’
915 3575 1098 3640 αὐτοῖς
1129 3575 1340 3630 ἐτέλουν
1379 3575 1591 3640 θυσίας.
1639 3575 1798 3646 ’0ρῷ³
1858 3575 2104 3646 πανταχῆ
2151 3574 2540 3646 πεπατηκότας
2570 3575 2664 3629 τὸν
2719 3575 2902 3646 νόμον.
2939 3572 3075 3630 Εἶτα
3103 3573 3221 3640 πῶς
3255 3569 3324 3648 ἦν
3353 3575 3641 3630 ἀκόλουθον
3665 3575 3794 3640 τοὺς

537 3677 614 3744 είς
643 3672 799 3729 τοῦτο
823 3671 1006 3726 λοιπὸν
1033 3673 1265 3743 ᾕκοντας
1303 3672 1578 3738 ἀσεϐείας,
1619 3672 1693 3736 ὡς
1743 3673 1880 3744 μήτε
1915 3672 2111 3726 εἰδέναι
2147 3673 2434 3743 βούλεσθαι
2499 3676 2590 3727 τὸν
2658 3673 2963 3745 λυτρωτὴν,
3009 3672 3172 3726 αὑτοῦ
3216 3673 3343 3726 λαὸν
3392 3671 3793 3745 ὁνομάζεσθαιι

539 3764 744 3823 Οὐκοῦν
797 3763 918 3818 ὁσία
966 3761 1144 3834 ψῆφος
1184 3765 1217 3834 ή
1265 3763 1351 3818 ἐπ’
1391 3765 1595 3832 αὐτοῖς,
1645 3763 1740 3826 καὶ
1804 3765 1903 3835 τῆς
1951 3766 2300 3838 ἀποστροφῆς
2345 3766 2445 3820 οὐκ
2491 3765 2722 3838 ἀγεννὴς
2777 3768 2810 3837 ἡ
2857 3766 3146 3837 πρότασις.
3194 3785 3213 3819 ι
3266 3766 3794 3838 ’Δπροσωπόλητιτος

537 3859 644 3935 γὰρ
665 3859 692 3913 ὁ
715 3857 822 3912 τῶν
847 3858 984 3912 ὅλων
1013 3859 1226 3930 κριτής.
1274 3877 1294 3912 ι

617 3950 782 4004 Vrsas:
807 3950 859 4014 7,
889 3949 943 4003 8.
971 3948 1297 4018 Impleta‘est
1331 3953 1466 4005 enim
1506 3952 1645 4022 regio
1686 3967 1862 4006 eorum
1889 3963 2108 4023 argento

541 4052 587 4092 et
617 4056 769 4105 auro,
809 4055 900 4093 nec
930 4050 1040 4093 erat
1073 4056 1320 4094 numerus
1353 4045 1716 4096 thesaurorum
1755 4043 2022 4112 ipsorum:
2063 4055 2111 4097 et

546 4127 736 4196 repleta
766 4136 844 4183 est
872 4139 1011 4181 terra
1035 4128 1202 4198 equis,
1235 4137 1282 4183 et
1325 4144 1426 4184 non
1447 4139 1556 4184 erat
1603 4146 1848 4187 numerus
1890 4132 2112 4203 quadri-

546 4236 734 4290 garum
761 4219 1014 4288 ipsorum.
1144 4267 1146 4269 .
1331 4269 1334 4272 .

627 4309 739 4364 Duo
765 4311 966 4365 iterum
997 4310 1123 4384 vitia
1153 4309 1448 4368 fmdissima
1479 4313 1586 4368 illis
1617 4313 1792 4371 inesse
1813 4315 1907 4383 ait,
1937 4317 2114 4372 avari-

547 4405 671 4456 tiam
689 4413 742 4456 ct
761 4403 1089 4473 superbiam.
1114 4404 1415 4458 Avaritiam
1433 4401 1672 4461 omnium
1693 4407 1954 4465 malorum
1975 4407 2117 4462 radi-

548 4509 662 4546 rem
681 4507 798 4546 esse
821 4495 1248 4563 sapientissimus
1276 4493 1474 4551 Paulus
1491 4505 1721 4551 testatur
1751 4498 2112 4567 perspicue“.

548 4585 922 4653 Arrogantiam
939 4595 1114 4640 autem
1135 4601 1244 4640 rem
1264 4585 1369 4642 Deo
1385 4585 1628 4642 odiosam
1645 4599 1698 4642 et
1727 4589 1978 4643 infestam
2002 4605 2123 4646 esse

549 4681 760 4728 constat
782 4674 1048 4729 omnibus.
1092 4677 1360 4745 Scriptum
1387 4688 1468 4732 est
1487 4679 1631 4734 enim
1662 4697 1677 4734 :
1707 4697 1727 4732 ι
1754 4681 2011 4737 Dominus
2031 4697 2124 4736 su-

553 4767 731 4837 perbis
752 4765 975 4830 resistit,
995 4767 1286 4824 humilibus
1306 4785 1433 4824 vero
1454 4772 1548 4825 dat
1567 4772 1795 4840 gratiam
1811 4772 1880 4826 9°.
1908 4791 1926 4823 ι
1959 4770 2069 4828 lmo
2091 4790 2120 4826 ιι

2297 3949 2670 4018 Ἐνεπλήσθη
2707 3947 2817 4017 γὰρ
2862 3949 2899 4016 ἡ
2942 3947 3102 4017 χώρα
3140 3945 3336 4001 αὐτῶν
3366 3949 3650 4018 ἁργιφιόυ
3697 3948 3798 4003 καί

2214 4041 2468 4112 χρυσοῦ,
2513 4039 2611 4094 καί
2639 4041 2750 4094 οὐκ
2783 4035 2863 4110 ἦν
2902 4037 3146 4108 ἀριθμὸς
3183 4035 3302 4091 τῶν
3327 4038 3655 4106 θησαυρῶν,
3683 4043 3793 4094 αὐ-

2206 4132 2368 4187 τῶνθ
2405 4130 2500 4185 καὶ
2557 4129 2904 4197 ἐνεπλήσθη
2948 4128 2987 4196 ἠ
3040 4126 3114 4198 τῆ
3167 4127 3384 4195 ἳππων,
3437 4127 3538 4181 καί
3565 4129 3678 4183 οὐκ
3717 4126 3801 4200 ἦν
3845 4159 3862 4166 ο

2210 4224 2461 4295 ,ἀριθμὸς
2487 4221 2606 4277 τῶν
2641 4221 2916 4292 ἁρμάτων
2939 4219 3157 4275 αὐτῶν.

2288 4317 2393 4371 Δύο
2448 4317 2512 4388 δὴ
2567 4317 2731 4372 πάλιν
2780 4318 2963 4381 αὐτοῖς
3016 4317 3082 4372 τὰ
3141 4317 3359 4372 πάντων
3403 4319 3638 4390 μάλιστα
3689 4319 3799 4374 τῶν

2220 4410 2406 4474 κακῶν
2433 4408 2680 4480 αἰσχίονα
2713 4409 2991 4482 προσεῖναί
3020 4426 3173 4480 φησι,
3197 4410 3557 4482 φιλαργυρίαν
3585 4428 3643 4463 τε
3663 4411 3800 4482 ὁμοῦ

2222 4502 2317 4556 καὶ
2343 4503 2665 4572 ὑπεροψίαν.
2701 4504 2813 4557 Καὶ
2849 4503 2973 4574 ῥίζα
3022 4504 3119 4574 μέν
3153 4504 3237 4556 ὅτι
3284 4505 3500 4558 πάντων
3534 4504 3650 4557 ἐστὶ
3691 4504 3800 4557 τῶν

2222 4589 2406 4645 κακῶν
2437 4591 2470 4659 ή
2521 4590 2876 4662 φιλαργυρία,
2927 4591 3348 4663 μεμαρτύρηκεν
3377 4591 3623 4664 ἐναργῶς
3651 4595 3678 4646 ὁ
3709 4609 3799 4646 σο-

2224 4681 2469 4751 φώτατος
2482 4681 2712 4747 Παῦλος.
2732 4681 2975 4753 Ἀπηχθη
2983 4683 3143 4754 μένον
3156 4683 3306 4746 δὲξὸτι
3320 4684 3417 4758 τῆς
3434 4683 3802 4756 ἀλαζον[ε]ίας

2223 4777 2285 4827 τδ
2313 4773 2502 4844 χρῆμα
2538 4774 2688 4844 παρά
2735 4774 2876 4845 Θεῷ,
2919 4775 3081 4828 παντί
3127 4793 3210 4847 τῳ
3257 4776 3446 4845 σαφές.
3485 4777 3803 4847 Γέγραπται

557 4872 658 4927 quo
702 4857 916 4910 tandem
954 4859 1208 4927 nequitiae
1255 4875 1454 4928 genere
1499 4875 1617 4929 eos,
1663 4863 1754 4931 qui
1807 4862 2114 4917 divitiarum

555 4948 726 5000 studio
775 4957 1044 5011 tenentur,
1100 4950 1289 5004 abesse
1341 4953 1561 5007 videas?
1613 4951 1920 5009 Corradunt
1973 4953 2119 5008 enim

556 5039 856 5118 hujusmodi
892 5039 1139 5104 IIOmines
1186 5052 1479 5110 quaestum,
1515 5055 1908 5114 corrogantque
1959 5060 2125 5116 pecu-

556 5131 689 5195 nias,
734 5145 796 5184 ex
815 5127 995 5185 usuris
1019 5129 1386 5197 etfenorihus,
1437 5148 1506 5188 ex
1555 5135 1846 5202 cupiditate
1891 5145 1945 5190 et
1991 5135 2127 5205 inju-

2224 4864 2354 4936 γὰρ,
2382 4865 2462 4918 ὅτι
2491 4884 2509 4917 ι
2542 4864 2745 4936 Κύριος
2781 4866 3149 4937 ὑπερηφάνοις
3182 4868 3581 4932 ἀντιτάσσεται,
3610 4883 3800 4920 ταπει-
3827 4881 3836 4948 ι

2227 4959 2337 5020 νοῖς
2364 4956 2420 5009 δὲ
2449 4957 2629 5018 δίδωσι
2652 4959 2829 5029 χάριν.
2858 4978 2876 5009 ι
2904 4959 3238 5030 Φαυλότητος
3255 4960 3377 5015 τίνα
3401 4961 3600 5031 τρόπον
3615 4959 3716 5012 οὐκ
3738 4959 3805 5014 ἀν
3827 4955 3830 4960 λ

2230 5061 2312 5108 τις
2335 5046 2522 5099 ἐνόντα
2572 5047 2758 5116 βλέποι
2793 5050 2946 5119 παρά
2973 5067 3036 5118 γε
3079 5055 3192 5114 τοῖς
3220 5051 3465 5104 ἐθέλουσι
3511 5050 3805 5114 πλουτεῖν;

2234 5137 2472 5188 ποιοῖντο
2504 5136 2612 5207 γὰρ
2656 5138 2706 5189 oi.
2755 5139 2946 5193 τοιοίδε
2973 5139 3074 5209 τὴν
3123 5139 3231 5193 τῶν
3277 5138 3572 5210 χρημάτων
3606 5153 3806 5206 (myxo-

557 5223 721 5286 Slilia,
751 5238 816 5277 ex
849 5223 1032 5291 rapina
1064 5233 1117 5278 et
1159 5224 1450 5280 calumnia.
1491 5225 1656 5280 Adest
1697 5238 1752 5281 et
1796 5228 1997 5283 divitiis
2044 5230 2107 5283 int

2237 5226 2394 5297 μιδὴν
2435 5227 2500 5280 ἐκ
2545 5245 2606 5280 τε
2651 5228 2824 5282 τόκων
2858 5232 2949 5284 καὶ
2990 5230 3362 5300 πλεονασμῶν,
3389 5231 3453 5280 ἐκ
3496 5227 3808 5293 πλεονεξίας

560 5311 807 5384 solentia,
848 5322 902 5373 et
949 5315 1015 5368 ad
1047 5326 1342 5385 proventus
1397 5315 1728 5373 nefariarum
1778 5328 1834 5373 et
1883 5333 2105 5374 exsecra

2234 5320 2326 5372 καὶ
2357 5319 2590 5385 ἀδικίας,
2620 5320 2680 5385 ἐξ
2721 5323 2975 5392 ἁρπαγῆς
3011 5322 3103 5375 καὶ
3128 5322 3507 5389 συκοφαντίας.
3537 5321 3808 5391 Πρόσεστι

561 5402 892 5488 tissimarum
920 5406 1253 5476 voluptatum
1285 5423 1480 5483 magna
1515 5409 1848 5476 proclivitas.
1877 5407 2010 5463 Nam
2038 5411 2106 5464 ub

2229 5413 2287 5465 δὲ
2311 5413 2388 5483 τῷ
2418 5413 2632 5483 πλούτῳ
2663 5416 2756 5467 καὶ
2785 5415 2847 5466 τὸ
2887 5415 3183 5483 ἀγέρωχον,
3221 5413 3314 5466 καὶ
3341 5414 3401 5466 τὸ
3439 5412 3560 5466 λίαν
3587 5413 3806 5482 ἕτοιμον

560 5492 784 5555 deliciae,
820 5497 930 5551 illic
974 5499 1196 5553 omnino
1229 5499 1650 5574 comessationes
1697 5509 1844 5566 sunt,
1893 5501 2107 5558 ebrieta-

2229 5506 2309 5569 εὶς
2341 5507 2623 5577 ἀποφορὰν
2657 5508 2767 5562 τῶν
2795 5507 3039 5560 ἐκτόπων
3071 5506 3163 5558 καὶ
3213 5505 3626 5578 βδελυρωτάτων
3666 5503 3796 5575 ἠδο-

563 5591 667 5646 tes,
701 5582 900 5652 lustra,
937 5586 1216 5659 libidines,
1263 5607 1530 5661 omneque
1558 5608 1726 5662 genus
1757 5593 2107 5662 intemperan-

2228 5595 2355 5650 νῶν.
2384 5598 2558 5658 Ὅπου
2587 5598 2696 5671 γᾲρ
2721 5600 2780 5653 τὸ
2807 5602 3038 5672 τρυφᾷν,
3067 5603 3184 5654 ἐκεῖ
3235 5617 3336 5654 που
3367 5599 3581 5660 πάντως
3618 5595 3800 5664 κῶμοι

564 5701 972 5835 πὶοᾶὲειίινχᾶι,
1008 5699 1093 5753 10.
1169 5701 1236 5732 ⁸⁸·
1277 5702 1447 5761 Exod.
1484 5719 1641 5773 mu,
1679 5705 1766 5774 17,
1806 5719 1997 5774 xxxnv,
2039 5705 2107 5761 25

2213 5706 2360 5764 Deut.
2393 5725 2503 5772 xvi.
2540 5710 2625 5767 16.
2704 5712 2747 5744 ⁸⁷
2773 5711 2933 5773 Rom.
2967 5728 3028 5780 ιι,
3066 5714 3156 5772 ll.
3233 5712 3580 5771 "lTimoth.
3619 5725 3694 5773 vi,
3721 5711 3810 5770 10.
