4032 6214
537 263 612 338 εδ
1564 283 1621 340 s.
1663 265 1940 341 annm
1976 263 2445 336 ALEXANDRINI
2485 264 2807 340 ABCHIEP.
3723 269 3790 344 ιι

540 404 760 476 ptilibus
781 404 823 471 ⁸,
855 420 941 474 ac,
961 407 1020 466 u‘t
1039 405 1349 476 prOpbetica
1387 376 1548 461 habet
1588 407 1782 475 oratio,
1813 407 2102 462 «adorave-

2207 403 2533 474 λελάτρευκε
2580 405 2688 476 γὰρ
2719 406 2832 469 τοῖς
2871 403 3148 474 γλυπτοῖςο
3192 404 3314 467 καί,
3353 403 3428 469 ὡς
3460 407 3790 477 προφητικδς

540 491 668 552 i'unt
707 511 767 553 ea
791 511 912 566 qua:
944 495 1188 552 fecerUnt
1209 494 1358 564 digiti
1386 495 1679 566 ipsuruum
1708 495 2108 554 Etincurvatus

538 588 624 656 est
656 587 835 652 homo,
867 595 923 640 et
958 585 1276 640 humiliatus
1313 595 1396 640 est
1431 585 1534 640 vir;
1570 585 1700 652 Quae
1745 585 1940 656 injuria
1968 597 2021 642 et
2055 587 2108 641 in

540 651 705 730 boum
730 651 903 744 ipsum
929 671 1214 742 redundat,
1247 685 1301 732 et
1331 676 1382 730 in
1408 651 1645 731 hominis
1671 651 1938 734 naturam.
1974 677 2106 731 Cum

541 767 684 822 cnim
710 782 772 820 ex
801 767 1204 836 pulchritudine
1227 778 1599 822 creaturarum
1625 782 1813 823 earum
1846 768 2107 824 artiﬁcem

541 857 882 928 proportione
903 856 1128 927 quadam
1146 857 1452 927 perspicere
1470 858 1801 928 potuissent:
1832 876 1848 909 ι
1869 857 2112 914 invisibi-

541 949 608 1027 lia
628 950 769 1005 enim
795 946 909 1018 ejus
927 965 954 1003 a
978 949 1252 1004 creatione
1270 949 1478 1015 mundi,
1495 965 1588 1020 per
1607 965 1668 1005 ea
1692 964 1810 1020 quae
1829 950 1968 1004 facta
1986 957 2110 1004 sunt

540 1035 810 1094 intellecta
882 1041 1296 1110 petSpiciuntur,
1342 1048 1538 1094 aeterna
1587 1057 1605 1092 ι
1673 1039 1878 1096 scilicet
1934 1056 1953 1091 ι
1995 1038 2110 1108 ejus

541 1130 773 1199 “potentia
797 1139 850 1186 et
871 1130 1122 1185 divinitas
1144 1132 1186 1196 ⁵;
1211 1150 1227 1181 ι
1255 1130 1393 1185 istuc
1411 1131 1551 1184 haud
1575 1131 1837 1194 fecerunt,
1861 1130 1952 1184 sed
1972 1129 2108 1198 lapi-

545 1219 704 1276 dibus
722 1210 922 1276 cultum
941 1219 1268 1288 deterentes,
1295 1231 1348 1276 et
1367 1221 1569 1291 lignum
1589 1223 1878 1276 adorantes
1898 1220 2104 1286 miseri,

545 1307 830 1368 Dominum
881 1329 946 1369 ac
1003 1315 1172 1369 Deum
1221 1322 1434 1376 natura,
1499 1329 1680 1368 rerum
1731 1314 2106 1369 universarum

538 1404 894 1460 architectum
929 1399 1289 1472 olTenderunt,
1323 1419 1422 1460 nec
1455 1404 1837 1460 intellexerunt
1867 1419 1925 1461 se
1956 1419 2106 1459 suam

535 1493 752 1566 imoque
794 1507 1066 1562 naturam,
1114 1507 1171 1550 ut
1215 1497 1448 1562 videtur,
1491 1496 1685 1567 injuria
1729 1495 1993 1552 afﬁcere:
2033 1496 2108 1552 si-

537 1587 754 1655 quidem
786 1588 948 1642 homo
983 1599 1066 1643 est
1110 1587 1268 1660 lignis
1320 1604 1384 1644 ac
1429 1589 1697 1658 lapidibus
1736 1590 2103 1658 praestantior.

538 1662 672 1730 lliuc
705 1675 898 1731 merito
931 1676 1239 1747 indignatus
1259 1679 1498 1734 omnium
1529 1676 1716 1748 Opifex
1743 1680 1852 1733 ait:
1877 1693 1894 1730 ι
1924 1677 2107 1734 Incur-

516 1764 691 1845 p‘vatus
724 1779 808 1824 est
855 1744 1128 1834 homo,‘et
1167 1769 1504 1826 humilitatus
1539 1744 1620 1828 est
1645 1773 1746 1834 vir,-
1795 1780 1848 1825 et
1900 1784 2109 1840 nequa-
2137 1744 2183 1801 Β

533 1863 695 1930 quam
729 1863 846 1919 illos
879 1863 1167 1920 dimittam.
1196 1880 1215 1918 ι
1260 1863 1408 1920 Unde
1459 1865 1955 1920 immutabilitatem
2015 1865 2108 1918 ira:

533 1955 791 2018 'osteudit,
835 1964 890 2010 et
914 1954 1119 2025 duplici
1158 1956 1262 2012 hoc
1293 1957 1539 2024 nomine,
1586 1960 1661 2012 ita
1717 1958 1794 2012 uti
1843 1960 1945 2027 par
2008 1956 2109 2012 fuit

533 2035 867 2099 contraillos
900 2035 981 2099 ira
1007 2054 1311 2102 commotus
1355 2055 1482 2102 est:
1522 2059 1633 2102 tum
1676 2048 1820 2118 quod
1869 2048 2106 2103 divinam

532 2133 876 2203 majestatem
924 2134 1275 2204 oﬁ‘enderint,
1325 2148 1438 2192 tum
1488 2139 1632 2208 quod
1683 2153 1840 2193 suam
1892 2150 2108 2208 quoque

532 2235 783 2284 naturam
824 2228 1141 2284 vilissimum
1177 2229 1533 2286 reddiderint.
1565 2229 1782 2301 impleri
1807 2229 1942 2286 dicit
1972 2228 2106 2284 abo-

533 2319 922 2376 minationibus
973 2329 1175 2377 terram
1229 2321 1544 2393 ipsorum;
1597 2324 1936 2377 subinnuens
2001 2336 2104 2376 non

535 2410 736 2479 paucos
769 2422 911 2477 esse,
935 2409 1028 2464 sed
1049 2410 1494 2476 innumerabiles,
1548 2413 1638 2480 qui
1669 2412 1796 2466 huic
1822 2410 2105 2482 apostasia:

531 2500 664 2556 vitio
692 2498 907 2555 fuerant
929 2501 1148 2556 obnoxii
1183 2518 1196 2555 :
1227 2513 1326 2556 nec
1358 2501 1557 2556 cultum
1577 2518 1758 2557 eorum
1795 2497 2101 2558 uuiusmodi

535 2589 723 2659 fuisse,
763 2601 819 2648 at
851 2608 881 2647 a
915 2592 1147 2665 singulis
1171 2609 1268 2664 pro
1296 2609 1393 2649 suo
1427 2593 1688 2665 cujusque
1727 2595 1924 2668 placito
1965 2597 2100 2652 ado-

535 2683 668 2748 rari,
701 2692 754 2738 et
786 2683 951 2738 multa
984 2684 1248 2741 idolorum
1282 2687 1536 2742 eiramina
1561 2697 1731 2743 totam
1764 2705 1951 2744 eorum
1991 2701 2094 2746 ter-

537 2790 649 2830 ram
678 2773 1050 2845 complevisse.
1086 2776 1301 2832 Dictum
1331 2786 1412 2834 cst
1439 2778 1603 2850 igitur
1635 2795 1763 2836 voce
1807 2778 2054 2838 Jeremize
2082 2802 2094 2837 :

539 2876 556 2917 ι
602 2861 909 2923 Secundum
933 2882 1219 2924 numerum
1257 2869 1534 2926 civitatum
1578 2881 1791 2928 tuarum
1823 2884 1978 2930 erant
2027 2874 2101 2930 dii

536 2956 633 3020 tui,
663 2966 718 3013 et
747 2961 1041 3015 secundum
1091 2974 1396 3017 numerum-
1433 2963 1755 3018 transituum
1800 2962 2102 3022 Jerusalem

2211 496 2312 569 ἔφη
2348 497 2524 566 λόγος.
2561 517 2578 549 ι
2606 497 3024 570 Προσεκύνησαν
3061 492 3142 560 οἷς
3179 499 3440 568 ἐποίησαν
3462 500 3512 552 οἱ
3541 499 3789 555 δάκτυλοι

2209 587 2557 643 αύτῶν.)Κα“ι
2587 588 2785 658 ἔκυψεν
2805 588 3110 660 ἄνθρωπος.
3142 590 3235 642 καί
3262 587 3600 660 ἐταπεινώθη
3629 591 3784 662 ἀνήρ.

2213 677 2409 750 ’Ύϐρις
2434 679 2490 732 δὲ
2519 679 2674 733 τοῦτο
2720 681 2813 733 καὶ
2847 680 2927 743 εἰς
2959 678 3091 732 Θεὸν
3117 678 3297 741 αὑτὸν,
3334 679 3428 730 καὶ
3459 679 3539 741 είς
3565 677 3662 750 τὴν
3697 680 3784 733 ἀν-

2211 773 2429 843 θρώπου
2463 772 2642 842 φύσιν.
2674 773 2866 826 Καίτοι
2899 773 3008 842 γὰρ
3042 771 3160 824 ὲνδν
3194 771 3301 824 ἀπὸ
3363 771 3625 842 καλλονῆς
3669 789 3788 826 κτι-

2213 867 2434 936 σμάτων
2457 865 2734 933 ἀναλόγως
2760 864 2888 918 ἰδεῖν
2913 863 3002 917 τὸν
3028 863 3230 917 τούτων
3258 863 3652 935 τεχνίτηνῚΤά
3682 864 3791 936 γὰρ

2211 956 2418 1026 ἀόρατα
2455 955 2621 1009 αὑτοῦ
2671 954 2779 1009 ἀπὸ
2821 954 3048 1016 κτίσεως
3091 954 3301 1023 κόσμου
3353 956 3465 1016 τοῖς
3520 954 3789 1024 ποιήμασι

2210 1048 2473 1118 νοούμενα
2514 1047 2844 1119 καθορᾶται,
2871 1044 2962 1118 νῆ
2997 1064 3057 1100 τε
3096 1061 3115 1098 ι
3153 1049 3323 1110 ἀΐδιος
3359 1046 3524 1101 αὑτοῦ
3561 1046 3787 1117 δύναμις

2210 1141 2305 1195 καὶ
2341 1139 2570 1210 θειότης·
2601 1157 2621 1191 ι
2660 1138 2818 1192 τοῦτο
2850 1138 2950 1210 μὲν
2992 1133 3087 1191 οὖν
3127 1138 3186 1190 οὐ
3225 1138 3570 1208 πεπράχασιν
3601 1152 3615 1166 ’
3650 1137 3787 1189 ἀπο-

2210 1232 2462 1304 νέμοντες
2505 1232 2561 1284 δὲ
2593 1234 2704 1294 τοῖς
2748 1229 2915 1294 λίθοις
2941 1230 3000 1283 τὸ
3031 1229 3215 1294 σέϐας,
3243 1229 3337 1282 καὶ
3364 1227 3440 1298 τῷ
3465 1227 3595 1297 λίθῳ
3619 1238 3792 1297 προσο’

2209 1325 2498 1389 κυνοῦντες
2536 1325 2586 1378 oi
2621 1323 2861 1389 δείλαιοι,
2905 1320 3380 1394 προσκεκρούκασι
3405 1320 3502 1390 μὲν
3530 1318 3607 1388 τῷ
3628 1319 3789 1388 φύσει
3819 1379 3822 1382 ,

2210 1419 2456 1492 Δεσπότῃ
2481 1418 2575 1470 καὶ
2595 1416 2712 1486 Θεῷ
2741 1417 2833 1470 καὶ
2859 1414 2967 1468 τῶν
2989 1414 3124 1469 ὅλων
3151 1412 3488 1484 δημιουργῷ,
3531 1409 3790 1479 λελήθασι

2209 1511 2288 1572 δὲ,
2308 1511 2449 1565 κατά
2474 1510 2534 1564 τὸ
2561 1509 2728 1572 εἰκὸς,
2757 1507 2851 1561 καὶ
2875 1509 2974 1579 τὴν
2999 1506 3138 1561 ἰδίαν
3165 1506 3320 1559 αὐτοὶ
3344 1501 3790 1576 περιυϐρίζοντες

2211 1604 2389 1673 φύσιν,
2427 1603 2585 1671 εἶ’περ
2613 1601 2727 1654 ἐστί
2762 1599 2933 1666 ξύλων
2960 1616 3018 1652 τε
3047 1600 3140 1652 καὶ
3172 1597 3335 1651 λίθων
3369 1596 3608 1667 ἀμείνων
3635 1592 3664 1647 6
3694 1594 3784 1648 ἀν-

2211 1697 2445 1768 θρωπος.
2473 1694 2658 1764 Ταύτῃ
2674 1710 2754 1746 τοι
2780 1691 3001 1754 δικαίως
3026 1689 3349 1759 ἀγανακτῶν
3377 1690 3405 1741 ὁ
3436 1688 3652 1742 πάντων
3689 1687 3786 1758 δη-

2213 1784 2468 1857 μιουργός
2504 1799 2685 1854 φησιν·
2717 1803 2734 1835 ι
2751 1782 2986 1852 Ἔκυψεν
3012 1778 3316 1849 ἄνθρωπος,
3339 1779 3434 1832 καὶ
3449 1776 3786 1850 ἐταπεινώθη

2211 1876 2370 1946 ἀνὴρ,
2422 1875 2517 1928 καὶ
2545 1875 2606 1927 οὐ
2641 1873 2715 1943 μὴ
2758 1873 2946 1942 ἀνήσω
2987 1869 3201 1933 αύτούς.
3239 1884 3257 1922 t
3305 1868 3591 1939 Ἐμφαίνει
3615 1867 3671 1920 δὲ
3697 1866 3788 1920 διὰ

2210 1965 2396 2018 τούτου
2423 1963 2483 2018 τὺ
2510 1962 2930 2035 ἀπαράτρεπτον
2959 1960 3060 2029 τῆς
3084 1958 3277 2029 ὀργῆς,
3304 1959 3351 2010 εἰ
3379 1958 3472 2034 καὶ
3499 1957 3564 2010 δι’
3593 1957 3786 2026 ἄμφω,

2209 2054 2350 2110 κατὰ
2373 2054 2434 2107 τὸ
2465 2053 2630 2120 εἰκὸς,
2672 2051 2992 2106 σεσάλευται
3022 2050 3141 2103 κατ’
3174 2047 3373 2102 αὐτῶνθ
3442 2039 3524 2100 δτι
3555 2047 3648 2099 καὶ
3679 2046 3786 2118 τὴν

2209 2149 2359 2202 θείαν
2405 2146 2745 2216 λελυπήκασι
2792 2144 2971 2208 δόξαν,
3016 2141 3351 2213 ἀτιμοτάτην
3389 2139 3444 2192 δὲ
3489 2139 3580 2192 καὶ
3612 2139 3787 2209 αὐτὴν

2207 2238 2305 2307 τὴν
2339 2237 2474 2292 ἰδίαν
2503 2236 2786 2304 ἀπέφηναν
2818 2233 2998 2303 φύσιν.
3045 2229 3457 2301 Ἐμπεπλῆσθαι
3486 2228 3542 2282 δὲ
3570 2227 3788 2299 βδελυγο

2207 2331 2393 2401 μάτὼν
2423 2329 2521 2399 τὴν
2550 2328 2652 2399 γῆν
2680 2327 2876 2391 αὐτῶν,
2922 2326 3022 2378 ούκ
3054 2324 3264 2394 ὀλίγους
3306 2322 3484 2386 ὄντας,
3515 2320 3637 2376 οὔτε
3676 2321 3785 2392 μὴν

2205 2423 2607 2495 εὐαριθμήτους
2651 2421 2964 2490 ἀποφαίνων
3001 2420 3128 2483 τοὺς
3168 2420 3281 2482 τοῖς
3321 2417 3419 2488 τῆς
3447 2415 3785 2479 ἀποστασίας

2205 2515 2492 2581 ἐναλόντας
2510 2516 2838 2587 ἐγκλήμασι,
2868 2515 2959 2568 καὶ
2983 2515 3063 2567 ὅτι
3081 2514 3148 2566 εδ
3173 2512 3337 2576 σέϐας
3362 2511 3542 2573 αὐτοῖς
3563 2510 3662 2580 οὐχ
3692 2508 3783 2574 ἓν,

2205 2610 2648 2680 προσκεκύνηται
2679 2607 2736 2660 δὲ
2759 2607 2888 2678 παρ’
2925 2593 3156 2660 ἑκάστου
3189 2604 3249 2657 τὸ
3273 2603 3421 2674 αὐτῷ
3443 2601 3650 2667 δοκοῦν,
3685 2602 3781 2654 καὶ

2213 2701 2495 2772 πολυειδὴς
2530 2700 2760 2754 εἰδώλων
2800 2699 2968 2769 ἑσμὸς
3001 2697 3128 2769 ὃλην
3157 2695 3340 2751 αὐτῶν
3373 2695 3636 2776 ἐνέπλησε
3680 2693 3783 2764 τὴν

2202 2796 2324 2867 γῆν.
2391 2794 2497 2848 Καὶ
2551 2793 2683 2862 γοῦν
2737 2792 2952 2865 εἴρηται
2992 2790 3082 2845 διά
3139 2789 3322 2860 φωνῆς
3359 2786 3641 2858 Ἱερεμίου,
3695 2785 3776 2838 ὅτι

2208 2899 2226 2942 ‘r
2249 2889 2404 2942 Κατά
2429 2886 2656 2960 ἀριθμὸν
2691 2883 2892 2940 πόλεών
2907 2901 2998 2938 σου
3013 2875 3154 2955 ἦσαν
3180 2881 3292 2935 θεοί
3319 2893 3435 2945 σου,
3453 2880 3639 2933 Ἰούδα.
3669 2880 3780 2951 Καὶ

2202 2980 2344 3034 κατά
2371 2979 2604 3052 ἀριθμὸν
2633 2977 2819 3032 διόδων
2861 2977 2959 3046 τῆς
3001 2972 3352 3046 Ἰερουσαλὴμ
3393 2972 3618 3036 ἐτάξατε
3669 2971 3772 3042 pw-

533 3050 896 3106 eonstituiSIis
923 3052 1114 3108 altaria
1153 3053 1217 3110 ad
1245 3054 1664 3110 sacriﬁcandum
1701 3055 1832 3111 Baal
1862 3057 1903 3111 ⁸.
1952 3074 1973 3110 ι
2004 3057 2100 3112 Est

2207 3071 2361 3142 μους,
2383 3050 2478 3124 τοῦ
2509 3050 2724 3141 θυμιᾷν
2765 3069 2844 3140 τῷ
2874 3067 3041 3122 Βαάλ.
3069 3086 3088 3120 ι
3123 3067 3373 3138 Πονηρῦν-
3409 3060 3500 3119 οὖν
3530 3065 3638 3135 ἄρα
3685 3064 3778 3116 καὶ

534 3138 698 3208 igitur
739 3137 1063 3210 ﬂagitiosnm
1123 3151 1178 3198 et
1223 3143 1333 3200 Deo
1382 3143 1783 3201 intolerandum
1834 3145 2099 3202 idolorum

2205 3137 2480 3218 δύσοιστον
2503 3137 2732 3234 taceo;
2761 3137 2868 3217 τῶν
2901 3159 3132 3214 εἰδώλων
3161 3160 3195 3231 ἡ
3224 3137 3465 3229 ποίησις,
3506 3155 3777 3225 αἰσθητῶν

535 3231 869 3302 ﬁgmentum,
897 3248 1108 3303 eorum,
1162 3237 1405 3308 inquam,
1463 3255 1582 3309 qua:
1618 3241 1868 3296 sensibus
1896 3249 2104 3311 patent,

532 3327 588 3374 et
614 3319 828 3376 illorum
861 3323 1022 3378 etiam
1061 3340 1178 3394 qua:
1213 3327 1266 3381 in
1315 3334 1551 3384 mentem
1578 3345 1642 3386 ac
1695 3330 2101 3402 intelligentiam

531 3412 756 3468 cadunt.
801 3415 1152 3485 Depraedatur
1181 3420 1379 3474 etenim
1422 3419 1652 3478 Satanas
1677 3422 1954 3478 hominum
1987 3424 2106 3478 ani-

533 3504 674 3571 mas,
697 3507 938 3575 graviter
962 3524 1025 3564 ac
1056 3509 1448 3581 multipliciter,
1482 3513 1826 3585 imaginibus,
1868 3531 2006 3586 quas
2041 3518 2094 3572 in

533 3592 778 3654 animum
817 3608 872 3654 et
896 3615 991 3658 cor
1031 3602 1300 3669 immittit,
1323 3603 1610 3674 aliquando
1635 3606 1798 3662 etiam
1836 3609 2100 3666 idolorum

528 3678 804 3757 ﬁgmentis
838 3691 890 3745 in
929 3700 1152 3758 peccata
1186 3693 1495 3764 impellens,
1538 3704 1701 3767 atque
1745 3698 1800 3755 in
1831 3699 2005 3758 foedas
2036 3716 2102 3757 ac

528 3780 867 3851 prodigiosas
902 3783 1201 3854 voluptates
1230 3787 1512 3847 inducens.

600 3867 766 3930 Vsus.
807 3875 893 3944 10,
931 3878 1018 3933 Η.
1053 3878 1120 3934 Et
1151 3897 1288 3938 nunc
1327 3884 1520 3939 intrate
1549 3884 1602 3938 in'
1627 3894 1820 3955 petras,-
1873 3895 1919 3941 et
1950 3873 2102 3942 abdi;

530 3969 661 4024 mini
698 3966 752 4020 iu
775 3976 968 4022 terram
1001 3986 1033 4024 a
1085 3971 1223 4040 facie
1249 3974 1452 4030 timoris
1483 3975 1721 4043 Domini,
1767 3985 1817 4032 et
1857 3995 1888 4032 a
1927 3980 2100 4049 gloria

531 4057 858 4125 fortitudinis
883 4060 1020 4130 ejus,
1048 4064 1260 4132 quando
1299 4073 1585 4122 surrexerit
1616 4070 1686 4123 ad
1737 4073 2095 4138 quassandam

529 4158 744 4207 terram.
779 4151 934 4209 Oculi
973 4156 1112 4210 enim
1166 4155 1378 4214 Domini
1414 4157 1686 4228 sublimes,
1729 4163 1882 4218 homo
1922 4175 2097 4218 autent

529 4243 762 4299 humilis.
796 4244 864 4300 Et
919 4249 1286 4305 Itumiliabitur
1335 4251 1561 4307 altitudo
1583 4254 1848 4311 hominum
1871 4296 1887 4324 ,
1915 4256 2026 4329 46
2048 4268 2095 4312 et

530 4333 808 4391 extolletur
838 4338 1091 4396 Dominus
1131 4343 1274 4398 solus
1305 4344 1389 4398 die
1415 4343 1533 4401 illa;

589 4513 913 4570 Idololatriz‘e
929 4517 1104 4573 dedita
1125 4511 1449 4588 Jerusalem,
1467 4524 1572 4579 imo
1590 4513 1895 4582 totaJudzea
1908 4542 2095 4585 errore

530 4604 774 4672 seducta,
806 4615 861 4660 et
892 4608 945 4662 in
979 4623 1043 4664 ea
1071 4613 1248 4664 omnia
1291 4628 1409 4682 qua:
1447 4613 1578 4681 Deo,
1611 4615 1830 4674 virttttis
1858 4622 2088 4690 amanti,

531 4696 706 4754 invisa
767 4708 937 4767 sunt,
983 4700 1244 4759 effrenate
1299 4705 1633 4774 prolabente,
1681 4708 2097 4783 Babyloniorum

529 4788 726 4844 bellum
757 4790 1064 4848 universam
1093 4797 1492 4865 quodammodo
1515 4796 1756 4858 Judeam
1781 4807 2094 4875 occupavit;

527 4882 618 4952 qui
653 4896 776 4938 cum
815 4895 934 4938 eam
961 4892 1127 4940 totam
1162 4889 1452 4958 depraedati
1485 4902 1708 4962 essent,
1747 4907 1934 4967 captos
1982 4908 2097 4954 tru-

523 4973 1162 5046 icidarunt,mulierculas
1202 4987 1257 5034 et
1286 4980 1482 5039 liberos
1521 4984 1576 5039 in
1608 4995 1762 5042 suam
1818 4991 2094 5059 regionem

522 5063 892 5138 abduxerunt,
953 5068 1072 5125 loco
1109 5071 1444 5141 captivorum
1494 5077 1655 5148 longo
1709 5086 1950 5151 tempore
1995 5084 2098 5139 ha-

523 5157 780 5217 buerunt.
810 5161 1162 5233 Expeditione
1178 5176 1367 5220 autem
1406 5169 1507 5223 hac
1542 5171 1878 5242 denuntiata,
1935 5186 2095 5232 'cum-

521 5258 634 5320 ’que
653 5253 767 5322 ja‘m
799 5254 1134 5329 immineret,
1177 5266 1360 5314 tantus
1389 5259 1605 5319 Judteos
1643 5263 1844 5321 invasit
1893 5276 2094 5331 metus.

519 5351 580 5395 et
617 5359 681 5398 eo
725 5350 1180 5406 consternationis
1217 5363 1501 5421 venerunt,
1537 5363 1595 5410 ut
1633 5356 1686 5411 in
1725 5358 1999 5428 speluncis
2039 5373 2092 5415 et

522 5436 1016 5498 inontiumﬁssuris
1053 5443 1533 5513 abscondercntur,
1571 5447 1824 5517 locosque
1856 5452 2096 5508 ina’c‘ces-

521 5527 619 5581 Ios
667 5540 1038 5599 capesserent;
1095 5535 1292 5606 quippe
1318 5554 1440 5593 cum
1477 5540 1654 5594 omnis
1684 5555 1870 5597 eorum
1907 5559 2096 5605 manus

590 5685 615 5723 δ
646 5688 790 5745 Psul.
819 5706 898 5755 cr,
926 5691 1012 5748 56.
1092 5695 1110 5726 ⁸
1143 5696 1294 5751 ﬂetu.
1320 5714 1354 5761 ι,
1377 5697 1462 5751 ‘20.
1540 5700 1558 5726 ‘
1579 5697 1780 5755 Jcrcm.
1807 5718 1879 5771 st,
1907 5706 1986 5759 15.

2204 3256 2263 3310 τέ
2303 3273 2445 3326 φημι
2490 3255 2585 3308 καὶ
2629 3253 2738 3308 τῶν
2767 3252 2911 3308 κατά
2956 3251 3102 3308 νοῦν.
3154 3249 3560 3321 Καταληῖζεται
3603 3247 3715 3321 γὰρ
3747 3249 3778 3300 δ

2205 3348 2449 3411 Σατανᾶς
2495 3347 2594 3408 τὰς
2628 3344 2737 3398 τῶν
2783 3344 3087 3416 ἀνθρώπων
3123 3343 3320 3416 ψυχὰς,
3367 3341 3556 3401 δεινῶς
3586 3358 3644 3394 τε
3684 3340 3777 3395 καὶ

2206 3440 2578 3512 πολυτρόπως,
2623 3441 2741 3503 ταῖς
2778 3439 2857 3503 εἰς
2889 3437 3013 3492 νοῦν
3051 3437 3145 3491 καὶ
3176 3436 3402 3508 καρδίαν
3429 3433 3772 3504 φαντασίαις,

2203 3529 2315 3583 ἐσθ’
2343 3530 2432 3582 ὅτε
2461 3528 2553 3582 καὶ
2582 3527 2813 3582 εἰδώλων
2853 3527 3235 3598 ἀναπλασμοῖς
3269 3524 3651 3596 κατακομίζων
3694 3525 3774 3586 εἰς

2205 3621 2499 3693 ἁμαρτίας,
2534 3622 2628 3674 καὶ
2657 3621 2739 3684 εἰς
2785 3620 3017 3691 αίσχράς
3060 3621 3154 3675 καί
3196 3620 3456 3682 ἐκτύπους
3485 3617 3775 3688 ἀποφέρων

2203 3715 2417 3786 ἡδονάς.

2274 3882 2383 3947 Καὶ
2435 3893 2552 3949 νῦν
2578 3882 2878 3948 aloe/were
2908 3894 2995 3959 είς
3037 3893 3142 3959 τὰς
3178 3893 3417 3960 πέτρας,
3475 3890 3575 3944 καί
3630 3888 3774 3955 κρύδ

2201 3981 2420 4037 ain-mas
2467 3984 2556 4049 εἰς
2605 3982 2722 4052 τὴν
2749 3983 2867 4054 γῆν
2909 3981 3028 4039 ἀπὸ
3078 3980 3403 4050 προσώπου
3433 3979 3539 4033 τοῦ
3580 3979 3776 4046 φόϐου

2199 4073 2422 4142 Κυρίου
2451 4091 2464 4104 ·
2498 4075 2598 4150 καὶ
2628 4074 2747 4130 ἀπὸ
2797 4074 2908 4144 τῆς
2940 4073 3126 4144 δόξης
3172 4071 3284 4141 τῆς
3319 4071 3533 4140 ἰσχύος
3559 4067 3776 4150 αὐτοῦ,

2199 4165 2346 4218 ὅταν
2365 4148 2604 4235 ἀναστῇ
2635 4166 2891 4235 θραῦσαι
2924 4165 3040 4234 τὴν
3066 4164 3202 4237 γῆν.
3232 4165 3296 4218 Ol
3321 4161 3432 4232 γὰρ
3477 4148 3780 4230 ὀφθαλμοί

2197 4256 2420 4325 Κυρίου
2454 4257 2698 4327 ὑψηλοί,
2729 4260 2761 4312 ό
2790 4259 2858 4312 δὲ
2879 4258 3191 4327 ἄνθρωπος
3220 4256 3519 4320 ταπεινὸς,
3553 4253 3652 4307 καὶ
3673 4269 3780 4309 ινα⁹

2199 4351 2632 4418 «circumferetur.
2656 4351 2724 4407 τὸ
2751 4351 2910 4422 ὕψος
2938 4352 3056 4406 τῶν
3088 4352 3435 4420 ἀνθρώπων,
3487 4349 3584 4404 καὶ
3611 4350 3779 4418 ὑψω-

2130 4423 2176 4487 D
2203 4442 2449 4510 θήσεται
2477 4445 2691 4513 Κύριος
2713 4447 2900 4514 μόνος
2925 4445 2996 4497 ἐν
3024 4443 3097 4513 τῇ
3128 4444 3318 4514 ἡμέρᾳ
3345 4440 3571 4514 ὲκείνῇ.

2273 4536 2776 4608 Εἰδωλολατρούσης
2826 4537 2925 4606 τῆς
2991 4536 3364 4611 Ἰερουσαλὴμ,
3443 4541 3644 4612 μᾶλλον
3715 4526 3777 4594 δὲ

2200 4631 2419 4703 ἀπάσης
2449 4629 2867 4702 πεπλανημένης
2886 4632 2985 4702 τῆς
3025 4630 3308 4697 Ἰουδαίας,
3353 4634 3449 4688 καὶ
3478 4635 3777 4690 ἀπονευού-

2199 4739 2302 4794 σης
2334 4720 2606 4793 ἀχαλίνως
2642 4721 2778 4792 πρὸς
2824 4721 2932 4774 πᾶν
2980 4720 3159 4774 ὁτιοῦν
3215 4721 3325 4776 τῶν
3370 4726 3777 4797 ἀπηχθημένων

2197 4814 2276 4886 τῷ
2299 4813 2572 4886 φιλαρέτῳ
2598 4811 2738 4883 Θεῷ·
2791 4813 3070 4882 κατεχεῖτο
3092 4813 3294 4885 τρόπον
3335 4816 3456 4870 τινὰ
3502 4819 3600 4888 τῆς
3640 4820 3776 4871 Ἴου-μ

2196 4906 2352 4970 δαίας
2373 4906 2587 4977 ἀπάσης
2618 4905 2646 4958 ὁ
2669 4901 3026 4957 Βαϐυλωνίων
3067 4904 3324 4976 πόλεμος,
3365 4907 3414 4960 οἳ
3445 4909 3624 4962 πᾶσαν
3669 4926 3773 4964 κα-

2197 4995 2591 5068 ταδῃώσαντες,
2624 4994 2953 5048 ἀπεκτόνασι
2988 4997 3086 5068 μὲν
3108 4997 3236 5060 τοὺς
3279 4998 3772 5070 κατειλημμένους,

2199 5089 2392 5158 γύναια
2414 5088 2470 5140 δὲ
2494 5088 2589 5142 καὶ
2620 5087 2814 5152 παῖδας
2837 5088 3180 5160 ἀπεκόμισαν
3202 5091 3280 5154 είς
3297 5089 3393 5162 τὴν
3419 5090 3644 5142 ἑαυτῶνο
3676 5091 3778 5144 καὶ

2199 5181 2258 5232 ὲν
2301 5181 2368 5250 τῇ
2411 5177 2519 5232 τῶν
2550 5179 2896 5251 δορυκτήτων
2927 5183 3077 5246 ὄντες
3110 5181 3283 5248 τάξει,
3327 5179 3567 5250 μακροὺς
3595 5180 3776 5234 διατε-

2201 5269 2453 5324 τελέκασι
2477 5271 2721 5342 χρόνους.
2755 5271 2902 5342 Πλὴν
2935 5273 3033 5342 τῆς
3077 5271 3264 5339 ἐφόδου
3311 5259 3775 5341 προαπηγγελμᾼ

2198 5380 2314 5433 νης,
2348 5363 2440 5417 καὶ
2469 5363 2765 5436 μελλούσης
2796 5365 3032 5429 ἔσεσθαι,
3063 5362 3314 5417 τοσοῦτον
3335 5364 3448 5423 τοῖς
3499 5362 3774 5427 Ἰουδαίοις

2201 5451 2389 5521 γέγονε
2423 5453 2604 5522 δεῖμα,
2637 5454 2729 5507 καὶ
2751 5453 2985 5521 ἀγωνίας
3015 5452 3094 5515 εἰς
3122 5451 3277 5505 τοῦτο
3298 5451 3666 5515 πεπτώκασιν,
3692 5449 3773 5515 ὡς

2206 5553 2261 5607 ἔν
2292 5571 2350 5605 τε
2398 5553 2682 5624 σπηλαίοις
2727 5553 2816 5606 καί
2847 5554 2958 5616 τοῖς
2985 5551 3093 5606 τῶν
3135 5551 3277 5624 ὀρῶν
3329 5555 3566 5626 ῥωγμοϊς
3598 5549 3772 5606 itam-
