4012 6216
381 309 457 365 85
1546 304 1610 359 ΙΝ
1646 304 1881 360 ISAIAM
1922 304 1951 358 L

2087 305 2124 359 Ι.
2165 306 2371 362 ()RAT.
2409 306 2469 363 ΙΙ.
3556 314 3626 364 Μ

384 416 747 491 κρύπτεσθαι,
801 422 895 474 καὶ
936 420 1136 483 τόπους
1203 419 1434 482 ἁὸάτους
1504 419 1951 489 καταλαμϐάνειν,

2064 421 2442 488 propulsandis
2461 421 2545 478 bis
2566 421 2658 492 qui
2677 421 3025 494 irruptionem
3047 421 3284 480 fecerant
3305 438 3402 494 par
3423 440 3526 482 non
3547 443 3625 482 es.

385 513 605 581 ἁπάσης
636 511 815 565 αὐτῶν
841 511 1134 580 ἀτονούσης
1166 511 1346 580 χειρὸς
1376 510 1510 580 πρὸς
1534 513 1631 580 τὴν
1650 510 1760 565 τῶν
1784 512 1960 565 ἐπιόν-

379 620 489 654 των
515 603 849 654 ἀντίστασιν.
888 601 1098 653 Οὐκοῦν
1130 601 1205 664 ὠς
1247 601 1369 652 ὅσον
1410 600 1621 654 οὐδέπω
1651 601 1959 673 παρεσομέ-

381 710 489 745 νων
519 691 731 754 δεινῶν,
785 690 986 759 μᾶλλον
1028 689 1082 742 δὲ
1117 690 1220 759 ἤδη
1251 687 1430 760 θυρῶν
1463 706 1522 742 τε
1567 690 1698 743 εἴσω
1733 707 1960 760 γεγενη-

381 781 583 851 μένων,
616 781 712 833 ua).
736 781 823 832 ἐπ’
848 780 1015 848 αὐτῆς
1053 779 1221 832 ὄντων
1261 779 1359 848 τῆς
1390 777 1590 848 χώρας,
1624 777 1958 848 κρύπτεσθαι

382 870 617 930 κελεύει,
649 871 744 923 καὶ
773 869 1054 939 μονονουχὶ
1103 867 1526 938 κατορύττεσθαι
1556 870 1622 938 τῇ
1651 871 1720 938 γῇ
1752 868 1958 933 ζῶντας

377 961 482 1023 ἐτι,
510 959 622 1014 ἀπὸ
650 959 742 1012 τοῦ
775 959 941 1028 φόϐου
962 956 1185 1028 Κυρίου,
1208 957 1300 1010 καὶ
1324 957 1431 1012 ἀπὺ
1456 958 1552 1026 τῆς
1581 957 1740 1028 δόξης
1777 959 1958 1029 ἰσχύος

378 1052 567 1115 αὑτοῦ,
620 1052 750 1105 ὅταν
802 1051 1008 1121 ἀναστῇ
1062 1050 1293 1120 θραῦσαι
1345 1049 1441 1120 τήν
1473 1051 1598 1120 γῆν,
1647 1051 1790 1104 τοῦτ’
1819 1052 1954 1119 ἐστι,

381 1139 671 1210 συντρίψαι
695 1139 797 1208 τὴν
827 1139 949 1208 γῆν.
996 1139 1114 1191 Ὅτι
1141 1137 1199 1192 δὲ
1225 1137 1424 1210 ὑψηλαὶ
1465 1141 1560 1193 καὶ
1587 1139 1726 1208 ὑπὲρ
1754 1141 1958 1205 πάντας

380 1231 702 1303 ἀνθρώπους
725 1232 780 1283 αἰ
813 1230 950 1283 θεῖαι
972 1229 1156 1299 βουλαί
1180 1247 1239 1284 τε
1263 1233 1358 1285 καὶ
1387 1231 1624 1302 σκέψεις,
1653 1233 1752 1288 οὐκ
1780 1235 1843 1288 ἄν
1874 1252 1958 1298 τις

378 1325 572 1385 αὑταῖς
618 1323 1046 1392 ἀντιμαχήσεται
1071 1321 1178 1376 τῶν
1209 1322 1302 1375 ἐπὶ
1329 1326 1428 1396 τῆς
1471 1325 1595 1396 γῆς,
1626 1326 1793 1394 σαφὲς
1820 1325 1955 1380 καθ-

384 1417 560 1486 ίστησι
611 1415 807 1484 λέγων’
850 1433 868 1465 ι
907 1413 969 1468 Ol
1009 1413 1116 1484 γὰρ
1147 1413 1412 1485 ὀφθαλμοὶ
1446 1416 1647 1486 Κυρίου
1682 1417 1896 1490 ὑψηλοί.
1931 1437 1949 1470 i

397 1507 734 1577 Ὀφθαλμοῦς
767 1507 872 1575 γὰρ
903 1505 1108 1576 Κυρίου
1136 1507 1195 1558 ἐν
1225 1506 1432 1570 τούτοις
1465 1511 1647 1576 φησιν,
1676 1510 1773 1572 τὰς
1797 1511 1956 1562 οἱονεὶ

384 1597 813 1669 πρωναόλέψεις
867 1613 924 1649 τε
973 1597 1064 1650 καὶ
1125 1597 1319 1667 βουλάς
1361 1599 1544 1667 αὐτοῦ,
1597 1602 1688 1654 καὶ
1734 1602 1830 1663 τὰς
1863 1603 1948 1670 ἐφ’

380 1689 595 1761 ἑκάστῳ
644 1689 933 1758 πράγματι
975 1688 1201 1759 κρίσεις.
1243 1689 1550 1763 ’Ἄνθρωποι
1582 1693 1680 1763 μὲν
1708 1692 1816 1764 γάρ
1863 1711 1950 1763 μι-

383 1781 501 1850 κροὶ
535 1759 674 1851 μετὰ
700 1779 800 1851 τὴν
844 1781 1004 1849 φύσιν
1033 1781 1184 1844 ὀντες
1212 1784 1303 1835 καὶ
1330 1759 1422 1836 τον
1462 1759 1604 1851 νοῦν,
1647 1759 1819 1856 μικρά
1857 1759 1952 1840 καὶ
1984 1759 2023 1818 Β

381 1871 748 1941 βουλεύονται,
792 1872 886 1925 καὶ
945 1871 1246 1940 λογίζονται
1298 1875 1546 1930 ταπεινά.
1595 1876 1827 1947 ’Υψηλὸς
1894 1880 1952 1932 δὲ

383 1964 641 2036 ὑπάρχων
668 1966 698 2018 ὁ
729 1963 838 2017 τῶν
870 1963 1006 2018 ὅλων
1035 1965 1185 2030 Θεὸς,
1215 1967 1309 2018 καὶ
1345 1967 1403 2020 ἐν
1428 1967 1760 2039 ἀπορρήτοις
1789 1970 1950 2040 ὑπερ-

378 2059 530 2126 οχαῖς
554 2059 676 2122 ταῖς
710 2056 850 2110 κατά
884 2057 1100 2112 πάντων
1128 2059 1434 2127 νοούμενος,
1470 2060 1680 2130 ἄμαχον
1708 2060 1821 2131 ἔχει
1855 2061 1952 2133 τὴν

381 2148 600 2217 σκέψιν.
629 2149 702 2202 Οὐ
726 2148 834 2220 γάρ
865 2149 930 2203 ἂν
961 2149 1176 2202 δύναιτό
1200 2167 1284 2213 τις
1306 2149 1744 2218 ἁνθυπενεγκεῖν,
1769 2152 1801 2220 ἢ
1833 2151 1952 2222 βου-

385 2236 509 2306 λὴν,
537 2236 572 2307 ἢ
601 2237 914 2308 ἐπικουρίαν
965 2238 1442 2292 ἀποσκευάσασθαι
1496 2237 1799 2308 δυναμένην
1852 2238 1951 2303 τὰς

383 2326 454 2378 ἐκ
481 2326 590 2379 τῶν
617 2326 770 2381 θείων
795 2328 1132 2398 σκεμμάτων
1164 2328 1479 2397 ἐπαγωγὰς.
1508 2327 1864 2399 Μαθήσεσθαι
1895 2330 1951 2383 δὲ

381 2416 538 2472 τοῦτό
557 2434 708 2489 φησι,
742 2420 914 2472 καίτοι
947 2419 1113 2473 πάλαι
1135 2418 1209 2490 μὴ
1240 2419 1446 2480 εἰδότας
1473 2419 1599 2482 τοὺς
1642 2419 1946 2484 Ἰουδαίους,

375 2512 504 2566 ὅταν
532 2510 712 2565 αὐτῶν
754 2513 784 2564 ὀ
818 2512 988 2575 δεινὸς
1029 2510 1354 2582 κατασκήψῃ
1383 2510 1637 2580 πόλεμος,
1687 2511 1778 2564 καὶ
1805 2513 1950 2564 πᾶσα

379 2601 478 2672 μὲν
504 2603 538 2673 ὴ
573 2601 932 2672 ἐπαμύνουσα
962 2603 1079 2672 χεὶρ
1110 2603 1366 2675 ἀτονήσῃ,
1399 2603 1726 2674 άπρακτήσῃ
1755 2602 1811 2656 δέ
1857 2604 1950 2657 καὶ

378 2693 590 2762 σκέψις,
633 2693 729 2746 καὶ
778 2692 1122 2763 ἀνθρωπίνης
1173 2693 1370 2763 βουλῆς
1415 2694 1723 2764 εὑρήματα,
1785 2694 1851 2747 δι’
1876 2687 1950 2748 ὧν

381 2784 634 2854 ἐνόμισαν
670 2785 811 2855 τάχα
857 2801 959 2837 που
1000 2785 1092 2838 καὶ
1117 2785 1429 2854 διαφεύγειν
1468 2785 1726 2840 δύνασθαι
1761 2787 1855 2850 τὰς
1885 2787 1950 2840 ἐκ

382 2874 474 2928 τοῦ
525 2875 761 2947 πολέμου
818 2877 1119 2947 συμφοράς.
1187 2876 1394 2930 Οὐκοῦν
1447 2879 1478 2947 ἠ
1531 2880 1694 2948 πεῖρα
1745 2877 1942 2944 δείξει,

383 2965 561 3036 φησιν,
588 2967 672 3020 ὅτι
696 2967 950 3030 ταπεινὸς
978 2969 1006 3019 ὁ
1032 2967 1333 3039 ἄνθρωπος,
1367 2969 1458 3022 καὶ
1482 2970 1947 3040 ταπεινωθήσεται

2061 520 2163 567 set.
2186 511 2438 580 Proinde,
2471 529 2576 569 non
2604 516 2764 585 quasi
2785 513 3130 579 instantibus,
3156 515 3248 570 sed
3281 515 3458 586 potius
3483 518 3624 573 velut

2059 607 2415 675 praesentibus
2447 607 2624 673 malis,
2659 616 2715 663 et
2742 606 2848 676 iam
2891 607 3032 661 intra
3069 616 3251 676 portas
3297 616 3352 663 et
3403 609 3456 663 in
3506 609 3620 679 ipsa

2061 697 2280 767 regione
2327 700 2706 765 versantibus,
2749 699 3007 754 abscondi
3053 699 3226 768 jubet,
3281 713 3482 770 eosque
3529 703 3620 770 qui

2058 789 2232 845 adhuc
2254 790 2497 846 viverent
2527 800 2732 846 tantum
2755 805 2860 845 non
2887 790 3010 846 abdi
3044 791 3098 844 in
3136 799 3360 858 terram,
3383 806 3412 845 a
3430 792 3620 847 timore

2059 880 2269 937 Domini
2326 893 2431 940 eta
2471 884 2640 953 gloria
2689 884 3023 939 fortitudinis
3073 882 3190 953 ejus
3241 884 3506 952 :quando
3555 885 3619 939 ad

2060 983 2257 1028 terram
2299 975 2705 1043 percutiendum
2745 1015 2760 1042 ,
2817 976 2978 1029 idest
3016 1013 3031 1038 ,
3084 974 3466 1030 conterendam
3495 990 3614 1029 sur-

2056 1067 2275 1121 rexerit.
2301 1067 2460 1135 Atqui
2492 1066 2704 1123 excelsa
2738 1082 2879 1133 esse,
2915 1077 2971 1124 et
2998 1068 3162 1138 supra
3193 1080 3382 1121 omnes
3443 1065 3618 1120 horni-

2055 1172 2154 1212 nes
2183 1159 2426 1214 eminene
2449 1158 2638 1213 divina
2657 1160 2881 1214 consilia
2918 1167 2972 1214 et
3005 1159 3268 1228 cogitata,
3327 1157 3620 1211 neminem-

2055 1262 2160 1316 que
2184 1249 2490 1304 mortalium
2521 1249 2628 1306 illis
2668 1251 2924 1307 resistere
2951 1265 3132 1320 posse,
3169 1251 3388 1321 planum
3446 1259 3610 1319 atque

2053 1339 2393 1410 perspicuum
2421 1341 2566 1406 facit,
2602 1355 2724 1397 cum
2748 1342 2824 1397 ait
2855 1359 2869 1396 :
2904 1360 2924 1394 ι
2951 1341 3104 1402 Oculi
3129 1341 3276 1395 enim
3321 1341 3416 1395 Dei
3445 1339 3615 1395 subli-

2055 1445 2197 1485 mes:
2233 1449 2254 1482 ι
2297 1430 2481 1486 oculos
2525 1432 2669 1486 enim
2703 1432 2910 1487 Domini
2941 1433 3090 1488 hisce
3117 1431 3292 1485 verbis
3316 1439 3469 1486 vocat
3500 1431 3618 1500 ejus

2057 1521 2196 1574 velut
2217 1522 2621 1591 prospicientias
2644 1531 2699 1576 et
2727 1523 2973 1586 consilia,
3003 1531 3057 1578 et
3086 1524 3137 1577 in
3163 1538 3376 1592 quaque
3397 1537 3455 1577 re
3475 1520 3617 1590 judi-

2051 1611 2154 1666 cia.
2181 1609 2434 1667 Homines
2449 1611 2654 1667 scilicet
2672 1612 2846 1682 pusilli
2869 1622 3058 1667 natura
3080 1621 3132 1667 et
3148 1625 3326 1668 mente
3344 1627 3464 1666 cum
3485 1613 3613 1678 sint,

2051 1703 2242 1771 pusilla
2274 1704 2620 1770 consultant,
2660 1714 2716 1761 et
2763 1706 2981 1760 humilia
3009 1707 3270 1777 cogitant.
3327 1705 3434 1762 Sed
3475 1707 3617 1761 altus

2057 1804 2246 1850 natura
2298 1795 2440 1853 Deus
2479 1799 2873 1861 universorum,
2926 1805 2980 1852 et
3013 1799 3063 1850 in
3101 1799 3247 1853 omni
3300 1812 3356 1853 re
3413 1813 3614 1853 arcana

2051 1887 2282 1954 quadam
2307 1886 2617 1956 praestantia
2662 1888 2884 1942 elucens
2916 1898 2970 1943 et
2994 1903 3283 1956 apparens,
3320 1889 3613 1943 consilium

2055 1976 2216 2031 habet
2249 1977 2685 2048 inexpugnabile.
2747 1977 2863 2032 Non
2903 1979 3049 2032 enim
3100 1978 3385 2047 quisquam
3435 1979 3617 2032 censi-

2055 2066 2179 2121 lium
2205 2067 2400 2124 aﬂ'erre
2429 2077 2608 2138 posset
2637 2068 2717 2124 vel
2743 2069 3050 2125 subsidium
3090 2069 3226 2124 satis
3258 2071 3498 2134 lirmum,
3549 2071 3616 2124 ad

2051 2159 2355 2215 divinorum
2377 2154 2721 2216 consiliorum
2745 2159 3024 2215 machinas
3047 2159 3459 2216 subvertendas.
3496 2159 3609 2216 Hoc

2051 2252 2364 2320 cngnituros
2407 2254 2480 2306 ait
2509 2249 2743 2316 Iudaeos,
2795 2251 2899 2307 etsi
2930 2251 3058 2306 olim
3104 2267 3210 2306 non
3265 2253 3612 2322 agnoverint,

2049 2339 2264 2409 quando
2289 2355 2448 2410 grave
2501 2339 2916 2409 Babyloniorum
2980 2340 3180 2395 bellum
3215 2355 3308 2397 eos
3363 2341 3612 2414 impetel,

2049 2435 2266 2502 quando
2292 2432 2472 2486 omnis
2495 2447 2686 2487 manus
2724 2433 3048 2488 subsidiaria
3100 2433 3387 2491 imbecillis
3426 2437 3532 2491 erit
3562 2446 3616 2491 et

2051 2522 2302 2587 imbellis,
2343 2538 2463 2576 cum
2509 2523 2834 2579 consultatio
2881 2524 3213 2595 hutiranique
3261 2526 3475 2580 consilii
3533 2526 3614 2580 in-

2049 2626 2206 2670 venta
2247 2615 2377 2671 nihil
2429 2615 2713 2686 proﬁcient
2754 2632 2770 2670 :
2804 2618 2998 2686 quibus
3049 2619 3124 2672 illi
3152 2617 3292 2674 forte
3341 2621 3442 2673 rati
3487 2628 3613 2674 sunt

2050 2708 2388 2765 calamitates
2422 2710 2642 2766 bellicas
2671 2724 2830 2779 posse
2855 2710 3113 2778 effugere.
3153 2712 3337 2782 itaque
3375 2713 3613 2779 docebit,

2050 2798 2243 2868 inquit,
2270 2801 2623 2870 experientia,
2649 2801 2905 2857 humilem
2930 2817 3049 2857 esse
3081 2803 3353 2860 hominem
3406 2815 3462 2860 et
3519 2805 3616 2862 de-

2043 2891 2246 2960 jectum
2298 2913 2308 2946 :
2358 2900 2413 2944 et
2471 2894 2781 2963 depressum
2824 2895 2888 2949 iri
2948 2896 3249 2950 celsitatem
3314 2895 3612 2962 hominum,

2048 2981 2410 3036 extollendum
2443 2998 2574 3040 vero
2606 2983 2888 3040 Dominum
2915 2986 3084 3041 solum
3119 2987 3171 3040 in
3207 2987 3291 3043 die
3322 2987 3432 3043 illa.
3458 2987 3614 3054 Nam,

378 3058 437 3113 τὸ
458 3058 592 3129 ὕψος
615 3059 726 3114 τῶν
754 3058 1073 3130 ἀνθρώπων,
1107 3060 1447 3130 ὑψωθήσεται
1479 3063 1536 3116 δὲ
1558 3063 1759 3136 Κύριος
1774 3065 1948 3132 ,μόνος

2053 3081 2110 3126 ut
2144 3072 2303 3128 modo
2349 3073 2480 3139 dixi,
2525 3090 2648 3130 cum
2688 3090 2873 3129 eorum
2906 3075 3068 3132 robur
3122 3091 3280 3133 omne
3325 3078 3468 3133 velut
3515 3079 3614 3134 im-

376 3148 434 3202 ἐν
465 3152 532 3221 τῇ
556 3149 743 3221 ἡμέρᾳ
773 3149 973 3221 ἐκείνῃ.
1003 3150 1213 3222 Ὥσπερ
1242 3151 1378 3221 ἔφην
1401 3152 1623 3222 ἀρτίως,
1658 3153 1949 3223 ἐλεγχομέ-

375 3249 473 3310 νης
518 3240 700 3297 αὐτῶν
753 3241 934 3312 ἰσχύος
964 3241 1181 3312 ἀπάσης
1228 3244 1303 3306 ὡς
1335 3243 1623 3315 ἀδρανοῦς,
1654 3243 1753 3312 τῆς
1801 3245 1951 3308 θείας

375 3332 662 3403 δυνάμεως
698 3335 732 3405 ἠ
767 3334 1008 3406 ὑπεροχὴ
1059 3335 1454 3407 γνωριμωτάτη
1509 3338 1619 3400 τοῖς
1671 3336 1949 3390 πεποιθόσι

375 3425 688 3496 γενήσεται.
736 3425 1019 3480 Πάνδεινον
1057 3421 1149 3480 οὖν
1195 3427 1301 3495 ἄρα
1331 3427 1390 3480 τὸ
1417 3426 1774 3500 προσκρούειν
1807 3426 1944 3497 Θεῷ,

384 3519 478 3571 καὶ
524 3517 744 3589 ἁπάσης
794 3519 925 3588 ἡμῖν
993 3518 1279 3589 παραίτιον
1333 3519 1616 3588 συμφορᾶς
1665 3517 1726 3570 τὸ
1761 3518 1950 3589 χρῆμα

382 3609 615 3676 γίνεται.
640 3612 732 3663 Δεῖ
752 3611 808 3664 δὲ
831 3611 978 3680 ἡμᾶς
1007 3610 1083 3680 μὴ
1105 3610 1398 3681 δυνάμεσιν
1426 3609 1580 3673 ίδίαις
1611 3608 1948 3681 ἐπιθαρσεῖν,

393 3701 684 3770 ἀπονέμειν
736 3700 792 3754 δὲ
843 3701 1044 3772 μᾶλλον
1070 3702 1131 3755 τὸ
1159 3702 1334 3756 πάντα
1361 3699 1619 3754 δύνασθαι
1671 3700 1810 3771 Θεῷ,
1858 3702 1952 3754 καὶ

389 3790 553 3844 αὑτὸν
593 3789 867 3863 ἐπίκουρον
910 3791 1178 3846 ποιεῖσθαι
1223 3793 1416 3862 φιλεῖν,
1452 3792 1578 3847 ὅταν
1615 3809 1667 3844 τι
1708 3791 1813 3845 τῶν
1839 3792 1950 3845 δει-

387 3880 496 3936 νῶν
516 3882 837 3955 ἐπιφέρηται
865 3885 1332 3955 προσκεκρουκόσι
1353 3884 1420 3938 δι’
1445 3885 1738 3957 ἁμαρτίας.

468 3971 671 4041 Ἡμέρα
691 3973 799 4042 γὰρ
819 3975 1039 4043 Κυρίου
1057 3975 1297 4029 Σαϐαὼθ
1307 3973 1406 4030 ἐπί
1438 3974 1645 4047 “circa;
1660 3977 1951 4046 ὑϐριστὴν

379 4064 477 4117 καί
531 4063 958 4134 ὑπερήφανον,
1004 4065 1103 4118 καὶ
1158 4066 1256 4119 ἐπὶ
1309 4065 1506 4120 πάντα
1546 4068 1793 4136 ὑψηλὸν
1849 4068 1949 4122 καί

372 4153 689 4224 μετέωρον·
729 4156 827 4209 καί
873 4156 1434 4225 ταπεινωθήσονται.
1467 4156 1577 4213 Καὶ
1615 4157 1712 4212 ἐπὶ
1741 4158 1950 4214 πᾶσαν

379 4248 594 4326 κέδρον
626 4248 736 4304 τοῦ
756 4249 1033 4313 Λιϐάνου,
1064 4249 1181 4303 τῶν
1215 4249 1471 4319 ὑψηλῶν
1498 4251 1596 4305 καὶ
1615 4253 1946 4322 μετεώρων,

380 4341 474 4394 καί
502 4340 603 4395 ἐπί
656 4335 782 4394 πᾶν
825 4339 1073 4408 δένδρον
1104 4341 1385 4404 ,βαλάνου
1429 4341 1635 4396 Βασὰν
1661 4360 1674 4373 ·
1716 4344 1811 4397 καί
1851 4345 1950 4398 ἐπὶ

2051 3163 2302 3219 becillum
2335 3165 2666 3236 apparuerit,
2692 3167 2883 3222 divina:
2907 3167 3015 3240 47
3037 3169 3290 3237 potentiae
3339 3172 3613 3226 excellen-

2052 3256 2124 3310 tia
2166 3265 2221 3310 et
2249 3255 2501 3327 splendor
2545 3258 2596 3312 in
2647 3259 2752 3314 illis
2785 3261 2874 3329 qui
2935 3263 3075 3330 passi
3125 3270 3252 3318 sunt
3309 3272 3364 3318 et
3407 3262 3612 3329 afflicti,

2057 3349 2290 3404 maxime
2323 3349 2664 3406 inclarescet.
2697 3351 3086 3408 Gravissimum
3123 3354 3302 3424 itaque
3335 3365 3418 3412 est
3449 3356 3612 3411 Deum

2049 3439 2339 3508 oﬁ‘endere,
2365 3453 2420 3499 et
2445 3458 2612 3500 causa
2634 3446 2872 3500 omnium
2913 3447 3278 3502 calamitatum
3310 3463 3431 3518 quae
3459 3448 3615 3504 nobis

2050 3535 2301 3590 accidunt
2336 3534 2474 3592 istud
2520 3545 2622 3592 est.
2651 3534 2762 3591 Nec
2809 3552 2934 3593 vero
2976 3538 3177 3594 nostris
3212 3539 3417 3594 viribus
3440 3539 3615 3594 niten-

2051 3627 2176 3681 dum
2203 3636 2304 3695 est,
2333 3627 2427 3682 sed
2464 3628 2854 3697 omnipotentia
2886 3631 2996 3685 Deo
3024 3630 3304 3684 tribuenda
3339 3647 3353 3683 :
3391 3639 3446 3685 et
3474 3630 3614 3685 illius

2051 3719 2205 3775 nobis
2230 3719 2486 3775 auxilium
2512 3721 2807 3776 conciliare
2829 3721 3106 3787 debemus,
3146 3721 3361 3789 quando
3397 3721 3614 3790 aliquod

2050 3823 2213 3880 grave
2239 3809 2438 3865 malum
2467 3809 2622 3866 nobis
2662 3825 2758 3879 per
2794 3819 3074 3879 peccatum
3103 3809 3496 3866 offendentibus
3530 3813 3614 3868 in-

2053 3899 2242 3955 fertur.

2131 3991 2294 4046 Vens.
2321 3989 2502 4046 {2-17.
2540 3989 2662 4046 Dies
2712 3991 2849 4046 enim
2917 3991 3127 4046 Domini
3184 3991 3419 4048 Sabaoth
3463 4008 3617 4061 super

2052 4095 2249 4134 onmem
2277 4080 2726 4146 contumeliosum,
2792 4089 2838 4135 et
2869 4079 3166 4148 superbum,
3193 4089 3242 4134 et
3303 4097 3456 4148 super
3504 4097 3619 4154 om»

2052 4188 2164 4225 nem
2202 4172 2415 4237 elatum,
2439 4181 2488 4226 et
2528 4174 2824 4235 tumidum;
2855 4171 3354 4225 ethumiliabuntur.
3382 4157 3617 4239 Etsuper

2051 4279 2249 4317 onmem
2277 4267 2485 4317 cedrum
2514 4261 2694 4317 Libani
2720 4261 2996 4331 prwaltam
3021 4273 3068 4315 et
3095 4272 3340 4325 erectam,
3375 4272 3425 4317 et
3461 4279 3618 4331 super

2052 4369 2253 4407 onmem
2298 4353 2533 4408 arborem
2591 4353 2795 4423 glandis
2851 4351 3032 4406 Basan
3067 4361 3156 4406 :et
3209 4366 3365 4421 super
3411 4368 3614 4407 omnem

378 4431 499 4488 πᾶν
529 4432 672 4502 ὄρος
690 4433 954 4503 ὑψηλὸν,
981 4433 1078 4487 καί
1108 4433 1203 4486 ἐπὶ
1222 4432 1418 4486 πάντα
1431 4433 1668 4499 βουνὸν
1683 4437 1944 4505 ὑψηλὸν,

2054 4454 2278 4501 montem
2308 4447 2526 4510 editum,
2568 4456 2614 4499 et
2642 4461 2796 4514 super
2834 4461 3037 4499 onmem
3072 4443 3257 4499 collem
3315 4443 3533 4511 celsum,
3565 4453 3613 4499 et

379 4524 475 4578 καί
515 4525 616 4580 ἐπὶ
670 4524 867 4580 πάντα
913 4525 1143 4593 πύργον
1186 4527 1452 4594 ὑψηλὸν,
1506 4526 1604 4581 καί
1665 4527 1764 4582 ἐπὶ
1823 4527 1948 4584 πᾶν

381 4617 574 4686 τεῖχος
618 4617 885 4686 ὑψηλὸν,
919 4619 1018 4671 καὶ
1060 4618 1158 4670 ἐπὶ
1193 4617 1316 4674 πᾶν
1355 4618 1572 4673 πλοῖον
1602 4619 1944 4690 θαλάσσης,

377 4708 474 4761 καί
515 4708 612 4761 ἐπὶ
661 4707 869 4763 πᾶσαν
909 4708 1053 4765 θέαν
1084 4710 1311 4764 πλοίων
1361 4708 1665 4778 κάλλουςο
1708 4714 1806 4766 καὶ
1853 4730 1948 4767 τα-

377 4801 827 4868 πεινωθήσεται,
847 4802 944 4855 καί
985 4801 1251 4857 πεσεῖται
1285 4802 1351 4856 τὸ
1380 4803 1536 4872 ὕψος
1572 4803 1690 4857 τῶν
1717 4805 1939 4873 ἀνθρώ-

377 4906 525 4956 πων,
551 4889 652 4944 καί
683 4891 1067 4962 ὑψωθήσεται
1094 4894 1306 4962 Κύριος
1325 4895 1514 4963 μόνος
1549 4895 1619 4948 ἐν
1650 4893 1723 4964 τῇ
1754 4896 1944 4966 ἡμέρᾳ

371 4982 596 5052 ἐκείνῃ.

447 5075 548 5128 Τὸν
577 5073 672 5128 τοῦ
699 5075 934 5146 πολέμου
963 5075 1177 5146 καιρὸν,
1203 5078 1295 5130 καὶ
1321 5076 1420 5149 τῆς
1445 5078 1532 5130 ἐπ’
1560 5078 1740 5141 αὐτοῖς
1770 5079 1937 5150 ὀργῆς

374 5166 472 5238 τὴν
505 5167 856 5238 ἐκπλήρωσιν
881 5167 1092 5237 ἡμέραν
1111 5167 1362 5238 ὀνομάζει
1390 5170 1617 5241 Κυρίου.
1637 5168 1808 5223 Τοῦτο
1831 5169 1940 5240 γὰρ

376 5255 496 5319 ἔθος
527 5259 592 5328 τῇ
623 5257 967 5329 θεοπνεύστῳ
1000 5260 1210 5331 Γραφῇ.
1247 5261 1355 5313 Καὶ
1379 5261 1508 5329 γοῦν
1541 5261 1634 5315 καὶ
1664 5261 1822 5315 αὑτὸν
1843 5262 1942 5330 τῆς

378 5346 472 5399 τοῦ
510 5349 761 5421 Σωτῆρος
804 5349 963 5422 ἡμῶν
1013 5351 1303 5423 ἐπιδημίας
1349 5351 1438 5405 τὸν
1499 5354 1686 5424 καιρὸν
1725 5354 1801 5426 τῷ
1845 5355 1945 5424 τῆς

376 5438 589 5509 ἡμέρας
616 5440 840 5510 ὀνόματι
891 5445 1288 5514 κατεσήμαινεν
1315 5443 1344 5494 ὁ
1375 5442 1535 5497 Δαὸὶδ
1566 5444 1706 5497 οὕτω
1733 5445 1907 5514 λέγων
1928 5464 1940 5478 ·

382 5549 401 5582 ι
433 5530 579 5604 Δῦτη
603 5535 637 5603 ἡ
660 5534 844 5604 ἡμέρα
870 5535 934 5606 ἢν
972 5537 1192 5608 ἐποίησε
1224 5535 1423 5605 Κύριος
1446 5576 1458 5599 ,
1487 5536 1939 5607 ἀγαλλιασὼμεθα

451 5689 470 5720 '
504 5690 645 5745 Psal.
679 5706 842 5757 cxvii,
881 5694 968 5748 2i.

2051 4555 2208 4608 super
2250 4554 2451 4592 onmem
2505 4538 2693 4590 turrim
2761 4536 3038 4600 excelsam,
3092 4546 3141 4590 et
3183 4552 3338 4605 super
3413 4553 3615 4591 omnem

2053 4644 2261 4682 murum
2298 4628 2623 4696 prtecelsum,
2663 4635 2708 4680 et
2736 4641 2891 4694 super
2939 4641 3140 4680 onmem
3199 4627 3369 4679 navim
3433 4626 3612 4688 maris,

2053 4728 2100 4773 et
2141 4733 2295 4788 super
2323 4733 2524 4771 omnem
2583 4715 2857 4785 pulchrum
2927 4716 3255 4786 navigiorum
3317 4725 3612 4785 aspectum;

2048 4820 2097 4863 et
2133 4808 2519 4872 humiliabitur,
2565 4817 2612 4861 et
2641 4809 2788 4861 cadet
2831 4807 3057 4861 altitudo
3084 4808 3377 4871 hominum,
3426 4817 3472 4859 et
3493 4821 3609 4860 eve-

2049 4902 2200 4956 ltetur
2229 4899 2481 4954 Dominus
2519 4899 2660 4952 solus
2708 4899 2763 4952 in
2795 4897 2875 4951 die
2918 4897 3032 4952 illa.

2128 5075 2259 5131 Belli
2302 5075 2473 5146 ipsum
2509 5084 2734 5144 tempus,
2767 5083 2819 5128 et
2858 5074 2951 5127 irae
2980 5070 3332 5141 expletionem
3365 5067 3416 5120 in
3475 5066 3612 5132 illos,

2063 5173 2204 5230 diem
2254 5165 2483 5236 appellat
2511 5163 2752 5229 Domini;
2785 5171 2867 5217 est
2899 5162 3039 5215 enim
3070 5160 3171 5214 hoc
3199 5157 3437 5213 solemne
3479 5156 3618 5211 divi-

2053 5258 2490 5329 nitusinspiratze
2529 5255 2839 5324 Scriptum.
2890 5252 3094 5320 Quippe
3141 5257 3197 5304 et
3257 5248 3428 5317 ipsum
3490 5248 3619 5304 Ser.

2052 5354 2256 5410 vatoris
2313 5354 2480 5406 nostri
2523 5349 2783 5402 adventus
2835 5355 3076 5410 tempus,
3131 5339 3232 5394 diei
3267 5339 3622 5409 appellatione

2053 5449 2300 5519 designat
2331 5442 2518 5509 David,
2545 5443 2727 5495 dicens
2761 5453 2773 5488 :
2818 5453 2835 5485 t
2875 5431 2996 5486 Πεηο
3025 5434 3140 5488 dies
3162 5447 3320 5502 quam
3348 5432 3494 5519 fecit,
3527 5430 3625 5488 Do-

2051 5517 2246 5602 minus,
2293 5533 2621 5592 exsultemus
2668 5535 2723 5584 et
2789 5525 3031 5580 la'tcmur
3108 5525 3161 5581 in
3223 5541 3284 5582 ea
3320 5525 3360 5578 ⁷.
3403 5543 3423 5577 ι
3478 5517 3623 5578 Fore
