4012 6216
152 4752 398 4865 ,λ

408 314 479 381 87
1442 304 1503 360 s.
1543 297 1821 377 crtum
1857 295 1992 350 ALE

2098 294 2333 352 NDRINI‘
2364 293 2683 352 ARCHIEP.

3594 284 3698 347 88’

409 438 531 494 ideo
553 432 687 490 dicit
723 440 935 503 tempus
981 428 1074 484 irze
1112 431 1304 482 contra
1353 436 1577 478 omnem
1630 414 1989 475 contumelio-

2098 415 2185 468 καὶ
2228 414 2620 488 εὐφρανθῶμεν
2662 411 2731 466 ἐν-
2761 410 2921 480 αὐτῇ.
2956 426 2982 460 ι’
3013 404 3272 461 Ἔσεσθαι
3304 405 3483 461 τοίνυν
3529 408 3669 480 φησί

407 539 527 581 sum
554 532 604 580 et
629 520 942 591 superbum.
977 516 1043 571 Et
1065 511 1493 571 contumeliosos
1529 507 1749 578 quidem
1771 504 1985 557 videtur

408 618 612 679 dicere,
659 614 757 684 qui
798 611 1037 667 divinam
1103 604 1446 675 maiestatem
1500 600 1874 660 dedecorant,
1920 608 1986 649 eo

409 709 553 780 quod
589 722 695 762 non
757 703 1064 760 sustineant
1095 715 1215 755 eam
1244 699 1496 759 adorare,
1526 691 1634 749 sed)
1665 690 1770 745 illis
1798 688 1980 759 potius

406 802 511 858 diis
534 800 842 870 alligantur,
886 809 1022 866 quos
1066 792 1168 864 ipsi
1198 786 1500 846 commenti-
1526 791 1656 842 sunt
1686 802 1700 838 :
1726 780 1988 851 superbos

405 902 555 959 vero,
574 891 665 961 qni
679 889 913 943 divinam
937 884 1503 956 legemfcontemnnnt,
1516 886 1571 933 et
1593 890 1713 947 qua:
1731 874 1895 931 divini
1904 883 1989 927 tus

405 981 579 1037 edicta
610 985 736 1033 sunt
765 990 865 1047 pro
902 974 1071 1030 nihilo
1110 974 1350 1037 ducunt;
1405 967 1671 1039 siquidem
1703 973 1760 1021 et
1800 964 1988 1019 beatus

410 1071 575 1127 David
604 1071 677 1125 ait
704 1086 720 1126 :
755 1085 775 1120 ι
824 1066 1062 1138 Superbi
1084 1066 1257 1136 legem
1293 1059 1633 1134 pravaricati
1665 1067 1791 1114 sunt
1820 1055 1985 1111 vehe-

408 1174 616 1221 ntenter
640 1163 685 1218 ³.
735 1180 764 1216 ι
803 1159 1067 1229 Quoniam
1107 1169 1287 1212 autem
1334 1152 1644 1224 complures
1676 1156 1863 1207 essent
1892 1162 1989 1218 per

405 1256 644 1317 Judmam
705 1263 761 1311 et
816 1251 1143 1309 Jerusalem
1178 1247 1383 1304 divitiis
1451 1243 1709 1302 cumulati
1759 1241 1984 1308 aii‘atim,

405 1356 461 1406 ct
488 1360 649 1419 opum
677 1346 830 1415 copia
861 1343 1015 1400 haud
1040 1340 1387 1398 mediocriter
1404 1334 1859 1399 circumﬂuerent,
1885 1347 1989 1387 ca:-

409 1439 540 1495 teris
567 1435 957 1509 praecellerent,
991 1443 1045 1489 et
1090 1430 1337 1501 potentia
1368 1427 1503 1497 septi
1567 1439 1631 1480 ac
1662 1423 1858 1480 muniti
1903 1436 1991 1476 es-

406 1539 546 1599 sent,
595 1530 793 1598 illaque
829 1540 941 1583 sua:
971 1522 1271 1580 nobilitatis
1321 1520 1473 1576 haud
1518 1518 1711 1589 exigua
1768 1528 1989 1570 mensu-

407 1635 467 1681 ra
522 1623 882 1686 exsultarent,
925 1616 1235 1687 sublatique
1263 1614 1319 1671 in
1375 1613 1567 1675 altum,
1610 1609 1776 1665 veluti
1847 1608 1992 1663 intu-

407 1724 732 1780 mescerent,
809 1713 939 1768 ideo
978 1711 1033 1767 in
1095 1723 1190 1766 eos
1256 1705 1492 1764 maxime
1542 1703 1683 1759 hanc
1750 1700 1988 1758 divinam

408 1810 545 1866 iram
572 1808 703 1863 dicit
768 1806 1159 1868 incursnram;
1244 1808 1445 1855 statum
1514 1794 1780 1867 cujusque
1827 1802 1991 1863 atque

409 1903 635 1974 gradum
685 1895 1024 1968 :enigmatice
1055 1892 1461 1949 subinsinuans.
1514 1889 1742 1945 Confert
1787 1886 1988 1943 etenim

411 1993 532 2048 illos
562 2001 618 2046 et
644 2004 768 2045 cum
806 1986 999 2042 Libani
1041 1984 1260 2049 cedria:
1318 2000 1341 2036 ι
1376 1980 1502 2037 Vidi
1533 1979 1704 2047 enim,
1738 1998 1759 2033 ι
1790 1978 1987 2049 inquit,

414 2099 439 2137 ι
463 2083 687 2156 impium
716 2088 957 2138 erectum
976 2086 1031 2134 et
1064 2076 1265 2131 elatum
1298 2073 1443 2131 velut
1469 2073 1663 2129 cedros
1686 2071 1875 2129 Libani
1900 2074 1977 2139 9;»

410 2177 538 2248 quin
591 2184 646 2231 et
680 2184 805 2229 cum
846 2170 1137 2227 arboribus
1173 2167 1291 2241 48
1332 2179 1565 2238 quercus
1592 2162 1788 2228 Basan,
1824 2162 1887 2217 id
1909 2169 1992 2217 est

409 2265 717 2340 quercubus
772 2277 894 2335 qua:
935 2271 1060 2319 sunt
1089 2261 1143 2317 in
1180 2258 1494 2316 Basanitide
1542 2266 1683 2312 terra
1723 2273 1740 2311 :
1781 2264 1864 2310 est
1891 2269 1990 2309 an-

412 2370 517 2416 tem
556 2358 602 2413 is
626 2356 781 2412 locus
809 2356 861 2409 in
898 2352 1108 2418 Iudaea,
1134 2350 1228 2420 qui
1268 2364 1412 2404 nunc
1448 2346 1702 2402 Basamna
1731 2356 1985 2411 vocatur,

412 2451 721 2522 plantarum
781 2446 967 2501 nutrix
994 2442 1221 2513 Optima,
1245 2440 1447 2511 spissas
1489 2447 1546 2494 et
1569 2439 1705 2494 bene
1734 2450 1990 2507 proceras

415 2543 622 2599 habens
668 2539 882 2596 cedros.
908 2533 1133 2590 Confert
1182 2532 1346 2588 etiam
1395 2544 1491 2586 eos
1558 2528 1814 2584 similiter
1865 2540 1987 2581 cum

414 2630 640 2687 collibus
691 2639 745 2686 et
792 2626 1090 2689 montibus,
1128 2634 1182 2678 et
1240 2637 1361 2677 cum
1416 2620 1671 2676 turribus
1702 2628 1757 2674 et
1820 2618 1991 2673 muris

413 2722 665 2795 prmaltis.
733 2720 899 2776 Addit
966 2716 1160 2772 deinde
1188 2728 1280 2770 eos
1323 2710 1769 2768 cumulandarum
1826 2723 1989 2779 opum

412 2817 729 2874 becasiones
782 2814 834 2866 in
891 2810 1167 2880 regionem
1211 2804 1609 2873 importavisse,
1657 2816 1779 2858 cum
1820 2800 1987 2857 dicit:

418 2926 441 2965 ι
472 2911 539 2968 Ει
566 2924 729 2979 super
756 2919 972 2962 omnem
1001 2902 1177 2958 navim
1255 2899 1444 2964 maris,
1494 2906 1550 2953 et
1585 2910 1750 2966 super
1772 2907 1986 2949 omnem

414 3011 686 3074 aspectum
736 2998 1032 3071 pulchrum
1071 2992 1432 3065 navigiorum.
1481 3008 1514 3043 ν
1568 2987 1865 3057 Dupliciter
1902 3001 1993 3041 an-

416 3104 523 3156 tem
546 3097 647 3153 ltoc
672 3092 1007 3160 intelligitur.
1039 3087 1171 3144 Cum
1205 3085 1365 3140 enim
1393 3082 1810 3137 denuntiaretur
1834 3079 1992 3134 undi-
2023 3123 2066 3181 Ο

416 3203 522 3259 que
580 3185 804 3252 bellum,
856 3192 911 3238 et
962 3177 1288 3251 Babylonios
1353 3175 1647 3229 adventare
1697 3173 1997 3238 diceretur,

417 3295 569 3355 Spem
598 3283 652 3339 in
694 3281 861 3336 Deum
902 3276 1067 3344 ﬁgere
1083 3267 1702 3335 destiteruntl'sraelitte,
1736 3275 1790 3322 et
1831 3264 1998 3337 Egy-

419 3379 562 3450 ptios
612 3375 667 3430 in
716 3362 1026 3445 praisidium
1097 3365 1428 3429 asciverunt,
1475 3359 1640 3432 Tyro,
1692 3367 1748 3414 et
1798 3357 1998 3413 accolis

418 3448 668 3541 gentibus
726 3462 978 3522 mercede
1039 3457 1342 3516 conductis.
1391 3454 1598 3510 Omnes
1652 3452 1797 3507 enim
1849 3448 1995 3521 Tyrii

420 3559 685 3618 maritimi
716 3564 891 3621 erant,
923 3563 976 3609 et
1020 3551 1096 3609 rei
1139 3548 1477 3607 mercatoria:
1528 3545 1707 3615 periti,
1742 3552 1795 3599 et
1835 3556 2000 3598 naves

422 3651 698 3709 habebant
741 3644 1029 3717 magnifice
1080 3649 1410 3698 exstructas:
1466 3635 1761 3707 Postquam
1817 3642 1997 3688 autem

421 3743 644 3799 advenit
681 3736 1028 3810 Babylonius,
1083 3744 1376 3803 antequam
1431 3740 1633 3787 terram
1690 3725 1998 3783 Judaaormn

422 3843 680 3900 vastaret,
711 3830 1050 3902 depraedatus
1075 3836 1158 3885 est
1181 3825 1396 3897 Tyrios.-
1429 3821 1599 3894 lgitur
1628 3821 1781 3877 hisce
1813 3818 1998 3874 verbis

423 3929 505 3984 vel
539 3928 642 3983 hoc
691 3925 821 3980 dicit
853 3920 1200 3993 prepheticus
1233 3918 1391 3973 nobis
1451 3929 1678 3982 sermo;
1733 3911 1817 3967 vel
1870 3909 2000 3967 illud

428 4018 720 4075 fortassis:
780 4013 1003 4070 Plurimi
1038 4026 1193 4080 reges
1241 4008 1409 4065 lsraei
1463 4020 1636 4062 causa
1685 4002 1998 4075 negotiandi

426 4126 592 4169 naves
651 4105 956 4173 habebant,
996 4120 1115 4177 qua:
1152 4116 1218 4160 ex
1276 4100 1583 4157 Iudaeorum
1642 4098 1867 4168 regione
1937 4109 2002 4151 ac

427 4217 571 4259 terra
622 4215 833 4256 merces
871 4202 1247 4267 exportarent,
1284 4192 1393 4247 illis
1449 4204 1637 4246 rursus
1679 4204 1747 4245 ex
1813 4186 2003 4242 alienis

427 4294 734 4367 regionibus
789 4307 855 4348 ac
888 4288 1200 4347 civitatibus
1239 4284 1594 4349 adveherent;
1648 4296 1710 4336 ex
1770 4294 1878 4351 quo
1926 4279 2004 4334 fa-

427 4397 571 4442 ctum
595 4394 678 4441 est
705 4395 762 4438 ut
795 4384 1039 4454 ingentes
1081 4394 1212 4450 opes
1234 4377 1338 4433 illis
1363 4373 1720 4440 arcreverint;
1751 4371 2003 4427 elatiores

2086 509 2187 578 τῆς
2232 507 2402 579 ὀργῆς
2449 507 2541 561 τὸν
2584 504 2775 575 καιρὸν
2817 502 2959 556 κατά
3009 500 3211 563 παντὸς
3252 498 3513 571 ὑϐριστοῦ
3565 501 3668 555 καὶ

2087 598 2459 671 ὑπερηφάνου.
2518 598 2629 651 Καὶ
2672 594 2934 668 ὑϐριστάς
2988 592 3098 664 μὲν
3141 591 3318 645 ἔοικεν
3377 590 3669 646 ἀνακαλεῖν

2086 692 2215 756 τοὺς
2235 732 2249 756 ,
2285 691 2403 760 οίγε
2429 689 2529 760 τὴν
2562 687 2713 743 θείαν
2765 685 3090 757 ἀτιμάζουσι
3121 683 3303 749 δόξανι.
3333 683 3425 737 διὰ
3460 682 3557 736 τοῦ
3593 684 3670 755 μὴ

2036 776 2051 787 ’
2088 784 2383 856 ἀνέχεσθαι
2409 785 2736 856 προσκυνεῖν
2752 781 2922 852 αὐτῇ,
2970 776 3335 851 προσκεῖσθαι
3353 777 3412 831 δὲ
3444 778 3670 849 μᾶλλον,

2087 872 2170 942 οἷς
2208 877 2276 932 ἂν
2318 876 2473 930 αὐτοὶ
2502 876 2940 945 διατεκτήναιντο
2987 872 3164 936 θεοῖςν
3188 871 3572 943 ὑπερηφάνους
3614 871 3674 925 δὲ

2088 969 2217 1032 τοὺς
2247 967 2358 1021 τῶν
2384 965 2543 1020 θείων
2573 964 2961 1036 ὑπερορῶντας
2992 963 3190 1033 νόμων,
3220 964 3317 1017 καί
3353 964 3486 1036 παρ’
3518 961 3677 1016 οὐδὲν

2088 1058 2359 1114 ποιεῖσθαι
2388 1056 2829 1130 μεμελετηκότας
2854 1053 2925 1109 τά
2947 1054 3372 1125 τεθεσπισμένα.
3408 1054 3519 1108 Καὶ
3540 1053 3675 1123 γοῦν

2086 1153 2116 1206 ὁ
2149 1152 2417 1224 μακάριος
2454 1150 2560 1220 ἔφη
2602 1149 2798 1203 Δαϐίδο
2846 1166 2866 1200 ι
2911 1147 3281 1218 ’Υπερήφανοι
3327 1146 3677 1218 παρενόμουν

2101 1243 2208 1308 ἐως
2240 1244 2466 1315 σφόδρα.
2508 1260 2526 1293 ι
2567 1241 2787 1312 Ἐπειδὴ
2822 1239 2879 1295 δὲ
2920 1238 3159 1294 πλεῖστοί
3189 1255 3336 1302 τινες
3360 1234 3501 1309 ἦσαν
3528 1238 3679 1292 κατά

2087 1336 2187 1408 τὴν
2229 1335 2489 1390 Ἰουδαίαν
2520 1336 2619 1389 καῖ
2650 1334 2834 1405 μέντοι
2878 1333 2977 1406 τὴν
3014 1331 3371 1405 Ἰερουσαλὴμ
3393 1373 3407 1397 ,
3453 1331 3678 1402 πλοῦτῳ

2089 1446 2150 1483 τε
2197 1429 2480 1500 κομῶντες
2523 1425 2874 1499 ἀμφιλαφῶς,
2913 1426 3009 1480 καὶ
3045 1428 3167 1490 ταῖς
3208 1425 3317 1478 τῶν
3367 1425 3677 1496 χρημάτων

2092 1523 2438 1593 περιουσίαις
2473 1522 2535 1575 οὗ
2587 1519 2825 1593 μετρίως
2877 1516 3283 1590 περιεχόμενοι,
3341 1516 3712 1589 προῦχοντές·

2093 1623 2154 1670 τε
2184 1616 2295 1669 τῶν
2331 1613 2509 1668 ἄλλων
2546 1613 2643 1667 καὶ
2667 1612 3015 1674 δυναστείαις
3038 1609 3413 1682 ὡχυρωμένοι,
3454 1610 3546 1663 καὶ
3573 1611 3679 1680 τῆς

2092 1711 2223 1780 παρ’
2241 1708 2427 1772 αὐτοῖς
2455 1704 2707 1769 εὐκλείας
2730 1705 2831 1759 οὐκ
2852 1706 2933 1768 είς
2963 1703 3135 1776 βραχὺ
3166 1701 3366 1775 μέτρον
3394 1701 3679 1775 ἀναπηδή-

2100 1812 2314 1861 σαντες.
2354 1796 2581 1870 ἠρμένοι
2607 1810 2668 1849 τε
2702 1792 2862 1864 ὑψοῦ,
2895 1795 2991 1848 καὶ
3021 1793 3303 1856 οἱονείπως
3343 1790 3678 1862 ἓξογκούμε-

2097 1903 2210 1946 νοιν
2232 1889 2408 1962 ταύτῃ
2436 1905 2518 1943 τοι
2566 1887 2686 1942 κατ’
2717 1886 2896 1940 αὐτῶν
2939 1885 3022 1938 ὅτι
3073 1884 3309 1956 μάλιστα
3347 1882 3416 1937 τὰ
3464 1883 3528 1935 ἐκ
3573 1881 3679 1954 τῆς

2100 1980 2253 2044 θείας
2277 1981 2447 2052 ὀργῆς
2471 1976 2796 2050 δραμεῖσθαί
2817 1974 3084 2047 φησι,τὴν
3108 1975 3335 2029 ἑκάστου
3357 1972 3531 2037 τάξιν,
3555 1973 3679 2043 ἦτοι

2101 2073 2299 2144 μέτρον
2342 2069 2760 2140 αἰνιγματωδῶς
2789 2066 3168 2138 ὑπεμφαίνιον.
3203 2064 3538 2138 Παρεικάζει
3565 2064 3680 2136 γάρ

2098 2164 2297 2227 αὐτοὺς
2343 2163 2440 2217 καὶ
2470 2164 2594 2225 ταῖς
2637 2160 2733 2214 τοῦ
2778 2160 3011 2215 Λιϐάνου
3044 2157 3257 2229 κέδροις
3279 2174 3291 2187 ·
3332 2176 3361 2208 r
3398 2155 3536 2210 ἰδον
3563 2155 3678 2226 γάρ

2098 2254 2303 2327 ἀσεϐῆ,
2344 2273 2364 2307 ι
2401 2253 2586 2325 φησὶν,
2633 2270 2651 2304 ι
2685 2251 3151 2325 ὑπερυψούμενον,
3180 2251 3274 2304 καὶ
3303 2248 3676 2319 ἐπαιρόμενον

2097 2349 2173 2412 ὡς
2221 2349 2322 2411 τὰς
2371 2348 2598 2419 κέδρους
2627 2344 2723 2400 τοῦ
2758 2344 2992 2399 Λιϐάνου
3016 2360 3031 2375 ’
3064 2361 3082 2395 ι
3128 2342 3222 2396 καὶ
3275 2341 3382 2414 μὴν
3422 2341 3513 2395 καὶ
3562 2341 3679 2403 τοῖς

2096 2441 2340 2514 δένδρεσι
2370 2439 2470 2512 τῆς
2497 2438 2729 2510 βαλάνου
2769 2437 2970 2502 Βασάν,
3007 2435 3149 2489 τοῦτ’
3181 2434 3299 2488 ἔστι
3322 2477 3336 2502 ,
3366 2432 3525 2506 δρυσλ⁸
3553 2433 3677 2496 ταῖς

2097 2534 2155 2588 ἐν
2177 2536 2243 2605 τῇ
2274 2531 2584 2585 Βασανίτιδι
2604 2545 2618 2562 ·
2644 2528 2796 2601 χώρα
2826 2528 2883 2582 δὲ
2915 2527 3050 2600 αὕτη
3086 2525 3229 2581 κατά
3253 2526 3354 2598 τὴν
3392 2522 3676 2586 Ἰουδαίαν,

2096 2626 2130 2699 ἦ
2174 2626 2269 2680 νῦν
2312 2622 2554 2678 καλεῖται
2610 2621 2910 2684 Βασαναία,
2962 2619 3145 2690 φυτῶν
3196 2618 3395 2690 ἀρίστη
3453 2615 3674 2688 τροφὸς,

2099 2719 2333 2791 παχείας
2386 2733 2444 2770 τε
2479 2716 2573 2769 καὶ⁵
2616 2712 3033 2785 εὐμηκεστάτας
3060 2710 3259 2782 ἔχουσα
3289 2710 3390 2775 τὰς
3421 2709 3671 2781 κέδρους.

2099 2809 2430 2881 Παρεικάξει
2462 2807 2517 2861 δὲ
2548 2806 2747 2870 αὐτοὺς
2776 2806 2980 2876 ὁμοίως
3006 2804 3214 2875 βουνοῖς
3242 2805 3337 2859 καὶ
3368 2802 3520 2875 ὄρεσι
3538 2844 3553 2869 ,
3579 2802 3679 2857 καὶ

2099 2901 2321 2976 προσέτι
2369 2900 2599 2972 πύργοις
2645 2898 2739 2952 καὶ
2777 2898 3013 2969 τείχεσιν
3046 2888 3293 2967 δψηλοῖς.
3337 2897 3460 2949 ’Ότι
3493 2895 3550 2949 δὲ
3580 2895 3680 2948 καὶ

2098 2996 2197 3060 τὰς
2225 2995 2319 3049 τοῦ
2353 2994 2601 3048 πλουτεῖν
2630 2990 2888 3064 ἀφορμὰς
2928 2988 3373 3045 συναποϐαλοῦστ
3403 2989 3471 3059 τῇ
3499 2988 3676 3059 χώρᾳ,

2099 3084 2462 3158 προσεπάγει,
2493 3082 2666 3151 λέγων
2689 3099 2701 3112 ’
2724 3101 2742 3133 ι
2762 3081 2872 3134 Καὶ
2902 3080 2995 3134 ἐπὶ
3024 3080 3132 3133 πᾶν
3160 3079 3345 3132 πλοῖον
3373 3076 3675 3146 θαλάσσης,

2075 3168 2195 3235 ’καὶ
2225 3179 2317 3230 ἐπὶ
2339 3177 2521 3229 πᾶσαν
2547 3175 2675 3229 θέαν
2705 3173 2906 3227 πλοίων
2931 3173 3181 3238 κάλλους.
3225 3191 3243 3224 ι
3277 3171 3408 3243 Διχῆ
3441 3171 3497 3224 δὲ
3520 3169 3680 3223 τοῦτο

2098 3275 2314 3326 νοεῖται.
2348 3267 2847 3340 Περιαγγελθέντος
2878 3266 2987 3338 γὰρ
3032 3265 3131 3339 ἤδη
3166 3264 3261 3319 τοῦ
3292 3254 3554 3335 πολέμου,
3582 3261 3681 3316 καὶ

2100 3362 2565 3439 προσδοκωμένων
2613 3358 2948 3432 παρέσεσθαι
2992 3343 3102 3412 τῶν
3152 3354 3531 3421 Βαϐυλωνίων,
3578 3352 3679 3425 τῆς

2100 3457 2181 3523 εἶς
2211 3457 2344 3511 Θεὸν
2374 3454 2589 3517 ἐλπίδος
2626 3451 2727 3524 τὴν
2770 3450 3013 3517 διάνοιαν
3061 3449 3477 3520 ἀποστήσαντες
3517 3447 3565 3500 οί
3618 3444 3678 3511 ἐξ

2113 3549 2351 3623 Ἰσραὴλ,
2375 3546 2704 3619 Αἰγυπτίους
2728 3543 2954 3599 ἐκάλουν
2975 3543 3055 3606 είς
3077 3538 3420 3613 ἐπικουρίαν,
3447 3554 3677 3607 κατεμι-

2102 3639 2323 3695 σθοῦντό
2348 3654 2408 3693 τε
2437 3630 2538 3709 τὴν
2566 3636 2763 3709 Τύρον,
2794 3633 2890 3687 καὶ
2941 3631 3010 3685 τὰ
3055 3629 3311 3702 περίοικα
3348 3628 3456 3683 τῶν
3484 3625 3673 3681 ἐθνῶν.

2101 3729 2513 3805 Θαλασσουργοὶ
2543 3729 2601 3782 δὲ
2629 3728 2830 3791 πάντες
2876 3724 2929 3779 οί
2970 3722 3181 3797 Τύριοι,
3216 3723 3309 3777 καὶ
3358 3719 3679 3793 ἐμπορικῶν

2102 3823 2549 3897 ἐπιτηδευμάτων
2569 3820 2952 3890 ἐπιστήμονες,
2977 3816 3074 3870 καὶ
3106 3812 3405 3886 φιλοτίμως
3425 3812 3524 3876 τάς
3546 3811 3679 3874 ναῦς

2101 3912 2620 3985 κατεσκευασμένοι.
2686 3908 2906 3979 Ἐπειδὴ
2948 3908 3005 3961 δὲ
3057 3901 3193 3978 ἧκεν
3236 3907 3265 3958 ὁ
3312 3904 3680 3968 Βαϐυλώνιος,

2103 4009 2209 4081 πρὸ
2247 4009 2347 4079 τῆς
2401 4004 2674 4058 Ἰουδαίων
2721 4002 2845 4073 γῆς,
2894 3997 2995 4070 τὴν
3040 3996 3255 4068 Τυρίων
3301 3993 3675 4066 κατεληῖζετο.

2104 4098 2312 4155 Οὐκοῦν
2347 4096 2379 4171 ἢ
2406 4095 2562 4151 τοῦτό
2587 4111 2751 4168 φησιν
2776 4095 2804 4147 ὁ
2834 4089 3173 4163 προφητικδς
3197 4089 3231 4159 ἠ
3241 4090 3332 4161 μίν
3363 4088 3422 4142 ὲν
3459 4085 3673 4151 τούτοις

2102 4188 2280 4262 λόγος,
2310 4190 2344 4263 ἢ
2377 4187 2551 4243 ἐκεῖνό
2586 4204 2688 4241 που
2715 4186 2874 4256 τάχα⁶
2923 4183 3175 4237 Πλεῖστοι
3221 4181 3329 4253 γὰρ
3355 4178 3465 4234 τῶν
3512 4179 3681 4251 βεϐα-

2106 4282 2427 4339 σιλευκότων
2462 4279 2555 4333 τοῦ
2592 4276 2827 4349 Ἰσραὴλ,
2845 4274 2977 4340 ναῦς
3004 4270 3150 4347 εἶχον
3180 4272 3508 4345 ἐμπορικὰς,
3531 4268 3678 4344 τῆς]

2105 4376 2169 4432 ὲκ
2203 4367 2301 4449 τῆς
2330 4374 2502 4430 Ἰνδῶν
2528 4372 2711 4444 χώρας
2735 4386 2793 4423 τε
2824 4368 2919 4423 καὶ
2943 4365 3048 4439 γῆς
3068 4365 3449 4440 ἀποφερούσας
3472 4365 3678 4428 αὐτοῖς,

430 4480 553 4535 facti
592 4487 718 4534 sunt
743 4477 942 4543 eedris,
971 4472 1297 4547 quercubus,
1340 4468 1615 4526 montibus
1670 4474 1727 4523 et
1756 4464 1995 4521 turribus

2104 4470 2197 4525 καὶ
2229 4464 2375 4541 τάξς]
2401 4465 2459 4533 ἐξ
2490 4456 2691 4536 ἐτέρων
2722 4456 2917 4534 χωρῶν
2946 4461 3042 4514 καὶ
3070 4458 3276 4513 πόλεων
3295 4474 3309 4488 ⁸
3344 4456 3467 4511 ὅθεν
3500 4455 3682 4518 αὐτοῖς

430 4586 534 4626 non
564 4569 877 4626 dissimiles.
906 4566 1058 4635 Quod
1091 4579 1220 4621 vero
1250 4560 1657 4619 conﬂandarunt
1695 4573 1855 4628 opum
1906 4571 2001 4611 oc-

429 4660 601 4727 casio,
639 4659 816 4726 idest,
850 4658 994 4712 lucra
1033 4671 1153 4728 qua:
1212 4669 1276 4709 ex
1303 4652 1669 4725 negotiatione
1724 4661 1780 4705 et
1846 4663 2003 4705 com-

431 4754 729 4810 mutatione
769 4749 1016 4816 inﬂuunt,
1093 4747 1254 4803 simul
1315 4762 1437 4801 cum
1469 4744 1716 4815 superbis
1765 4742 2002 4813 peritura

416 4846 562 4914 sint,
585 4844 884 4900 luculenter
900 4844 1137 4898 denotat.
1162 4838 1315 4908 Quod
1339 4840 1504 4894 etiam
1522 4835 1781 4892 lsraelitte
1806 4833 2005 4889 multos

434 4941 485 4992 in
517 4936 817 4993 subsidium
868 4933 1256 4997 conducerent,
1281 4946 1386 4985 non
1417 4930 1705 4985 obscurum
1739 4936 1846 4992 est,
1877 4940 1999 4981 cum

435 5028 575 5089 Dens
600 5030 668 5103 de
699 5028 805 5083 illis
844 5041 940 5097 per
987 5025 1216 5080 alterunt
1273 5024 1584 5094 prophetam
1647 5021 1835 5076 dicat:
1871 5038 1890 5072 ι
1939 5018 2007 5074 Et

431 5130 551 5179 erat
591 5112 847 5190 Ephyraim
890 5103 1139 5171 columba
1206 5124 1413 5175 amens,
1469 5126 1574 5166 non
1625 5110 1832 5165 habens
1887 5122 2002 5173 cor,

436 5199 727 5283 JEgyptum
786 5206 1075 5275 invocavit,
1127 5213 1180 5259 et
1227 5206 1294 5259 ad
1320 5202 1571 5273 Assyrios
1606 5199 1755 5255 abiit.
1787 5197 1851 5252 Et
1880 5212 2003 5252 cum

435 5303 687 5368 abierint,
733 5296 991 5372 injiciamt
1040 5295 1147 5352 illis
1199 5303 1310 5350 rete
1384 5307 1583 5354 meum,
1656 5288 1819 5343 veluti
1880 5286 2003 5343 εωιί

437 5393 681 5450 volucres
723 5385 983 5461 deducam
1017 5382 1159 5453 'aos,
1224 5397 1444 5443 rumore
1529 5378 1837 5435 alllictionis
1895 5394 2008 5435 sua:

398 5538 401 5541 .
433 5483 679 5543 erudiam
710 5495 804 5536 eos
832 5481 898 5555 ‘f.
934 5500 953 5532 ›
988 5476 1301 5551 lnevitabile
1322 5483 1407 5532 est
1443 5474 1603 5545 igitur
1632 5472 1722 5526 Dei
1745 5472 2006 5543 judicium

434 5583 624 5634 contra
656 5571 896 5644 quos’lit:
924 5571 1111 5626 Nonne
1141 5580 1269 5624 vero
1292 5567 1457 5637 impia
1482 5574 1565 5620 est
1595 5562 1884 5633 imperitia,
1915 5577 2008 5631 spe

2109 4558 2202 4614 καὶ
2240 4560 2269 4612 ὁ
2303 4538 2472 4618 ista;
2508 4552 2885 4622 συναγήγερτο
2932 4545 3193 4610 πλοῦτος·
3230 4543 3291 4610 ἐξ
3329 4538 3389 4598 οὗ
3425 4541 3683 4612 γεγόνασι

2109 4649 2323 4722 ὑψηλοὶ,
2370 4645 2581 4717 κέδροις
2613 4649 2671 4718 τε
2703 4641 2797 4695 καῖ
2834 4639 3021 4712 δρυσὶν
3063 4640 3122 4691 ἐν
3156 4638 3277 4707 ίσῳ,
3312 4633 3464 4707 δρεσί
3499 4650 3557 4687 τε
3591 4632 3684 4686 καὶ

2116 4721 2367 4813 πύργοις.
2392 4734 2601 4790 Οὔκοῦν
2627 4735 2708 4811 ὅτι
2731 4731 2827 4784 καὶ
2858 4726 3240 4783 συναπολεῖται
3263 4726 3376 4789 τοῖς
3398 4721 3686 4794 ὕπερηφά-

2106 4852 2219 4898 νοις
2242 4832 2336 4887 καὶ
2386 4828 2419 4901 ἡ
2460 4825 2554 4880 τοῦ
2597 4815 2827 4878 πλούτου
2868 4820 3113 4893 ἀφορμὴ,
3145 4818 3291 4873 τοῦτ’
3321 4818 3459 4882 ἐστι,
3504 4815 3574 4870 τά
3619 4816 3684 4868 ἐκ

2104 4926 2211 4995 τῆς
2251 4916 2524 4993 ἐμπορίας
2580 4916 2676 4968 καὶ
2730 4910 3031 4985 μεταϐολῆς
3080 4911 3160 4974 είς
3203 4908 3468 4982 τρέχοντα
3512 4904 3678 4978 κέρδη

2108 5012 2509 5084 κατασημαίνει
2571 5006 2858 5080 λαμπρῶς.
2930 5005 3055 5057 Ὅτι
3128 5001 3188 5055 δέ
3258 4999 3687 5071 κατεμισθοῦντο

2109 5082 2338 5171 πολλοὺς
2386 5104 2519 5175 πρὸς
2554 5097 2873 5171 ἐπικουρίαν
2916 5097 2965 5150 οἱ
3098 5090 3315 5166 Ἰσραῆλ
3366 5092 3467 5146 οὐκ
3511 5092 3689 5162 ἀσυμ-

2114 5194 2300 5266 φανές,
2332 5174 2437 5248 καί
2454 5192 2525 5245 δι’
2554 5190 2741 5261 ἑτέρου
2781 5174 3079 5263 προφήτρυί
3102 5183 3368 5252 ’λέγοντος
3392 5180 3527 5235 Θεοῦ
3561 5181 3692 5252 περὶ

2114 5288 2329 5345 αὐτῶνθ
2382 5304 2403 5337 ι
2436 5284 2546 5339 Καὶ
2599 5278 2667 5354 ἦν
2709 5270 2948 5355 Ἐφράζῂ
2992 5272 3297 5347 περιστερὰ
3340 5273 3536 5337 ἄνους,
3588 5272 3689 5325 οὐκ

2115 5382 2312 5453 ἔχουσα
2379 5376 2649 5446 καρδίαν,
2716 5362 2991 5442 Αἴγυπτον
3041 5366 3399 5433 ἐπεκαλεῖτο,
3462 5366 3558 5419 καὶ
3607 5364 3688 5427 εἰς

2126 5471 2447 5541 Ἀσσυρίους
2481 5465 2791 5538 ἐπορεύετο.
2824 5460 3022 5524 Καθὼς
3051 5458 3407 5530 πορεύονται,
3443 5453 3689 5510 ἐπιϐαλῶ

2116 5565 2207 5616 ἐπ’
2251 5561 2449 5624 αὐτοὺς
2486 5558 2547 5612 τὸ
2576 5555 2792 5611 δίκτυόν
2824 5570 2945 5625 μου,
3000 5546 3181 5613 καθὼς
3226 5550 3295 5603 τά
3333 5548 3556 5605 πετεινά
3594 5543 3691 5599 τοῦ

499 5735 517 5759 '
546 5734 682 5791 [δεδι.
710 5748 898 5799 cxvrn,
927 5729 1013 5785 5|.
1082 5728 1101 5760 θ
1127 5708 1269 5781 l‘sal.
1294 5722 1600 5790 xxxvnﬁs.
1681 5721 1722 5751 ‘°
1755 5720 1892 5776 Osee
1932 5734 2028 5782 vn,
2056 5717 2141 5781 il,
2179 5715 2259 5769 l2.

1890 6036 1989 6173 \
