4012 6216
470 311 536 369 9|
1483 308 1565 377 ~S.
1603 304 1882 365 CYRILLI
1921 298 2390 360 ALEXANDRlNI
2431 304 2748 361 ARClIIEP.
3514 378 3517 381 _
3651 306 3724 362 92

476 427 745 485 tiliones.»
800 425 1071 483 Collocata
1140 422 1284 479 enim
1347 423 1400 478 in
1467 422 1645 494 adytis
1696 420 2045 485 manufacta,

2162 421 2333 473 ιιυνεῖν
2373 421 2558 485 αὐτοῖς
2606 421 2701 475 καὶ
2744 423 2865 487 ταῖς
2908 423 3237 495 νυκτερίσιν.
3277 420 3318 488 »ξ
3353 420 3723 493 ’ἰδρυσάμενοι

475 522 831 577 adoraverunt
848 518 1043 591 impie:
1066 515 1465 572 arbitrabantur
1484 514 1740 570 nimirum
1762 527 1883 570 esse
1900 513 2050 567 deos.

475 613 770 683 Postquam
802 624 930 667 vero
968 608 1256 665 imminere
1287 608 1480 663 bellum
1507 607 1794 671 viderunt,
1824 604 2054 660 nullam-

476 720 581 776 que
607 703 794 759 auxilii
829 701 1191 771 consequendi
1230 701 1494 755 rationem
1538 698 1640 755 sibi
1666 712 1889 770 prorsus
1910 709 2053 766 esse,

475 803 533 850 et
561 794 763 863 lapides
796 807 860 849 ac
892 791 1033 864 ligna
1055 806 1174 848 esse
1203 791 1692 860 deprehenderunt,
1736 797 1793 845 et
1830 789 2055 844 materia

474 900 642 943 aurea
671 892 727 941 et
756 894 1033 957 argentea,
1065 898 1203 955 quos
1248 883 1603 953 sospitatores
1645 891 1701 939 et
1736 881 2078 947 liberatores,

477 977 598 1034 fore
628 977 992 1045 crediderunt,
1026 992 1058 1032 e
1080 975 1291 1047 templis
1320 976 1615 1045 eiecerunt,
1654 983 1709 1032 et
1734 975 1788 1029 in
1810 972 2057 1030 cavernis

481 1070 819 1138 abdiderunt,
851 1069 1020 1140 magis
1049 1077 1106 1123 ut
1131 1076 1419 1138 parcerent
1449 1070 1705 1130 materiae,
1731 1083 1892 1139 quam
1913 1068 2055 1139 quod

481 1158 602 1215 illos
628 1160 857 1229 amplius
880 1174 979 1216 ceu
1002 1160 1130 1216 deos
1157 1157 1414 1215 colerent.
1463 1159 1847 1215 Frustraneum
1876 1170 2055 1215 autem

478 1260 535 1305 ‘et
558 1251 800 1305 inutilem
833 1250 939 1306 illis
970 1250 1206 1307 laborem
1235 1265 1355 1307 esse
1380 1251 1436 1307 in
1468 1252 1731 1308 idolorum
1761 1251 2053 1319 effletione,

480 1341 718 1396 ostendit
746 1342 958 1397 dicens:
999 1359 1018 1393 ι
1058 1339 1250 1412 Ejiciet
1276 1341 1441 1399 homo
1469 1344 1896 1400 abominationes
1921 1359 2057 1414 quas

484 1432 630 1498 fecit,
669 1442 730 1488 ut
777 1431 898 1489 illas
936 1441 991 1490 et
1025 1433 1439 1503 vcspertiliones
1493 1433 1797 1491 adoraret.»
1836 1431 2052 1491 Etenim

482 1536 703 1579 suorum
738 1523 957 1580 deorum
991 1525 1315 1580 exstiterunt
1336 1524 1576 1596 opifices,
1616 1534 1673 1581 et
1701 1525 1938 1582 artiﬁces
1962 1541 2057 1582 eo-

486 1630 603 1669 rum
634 1631 753 1685 qua:
794 1612 1182 1671 aderabantur.
1219 1614 1351 1686 Opis
1377 1628 1507 1670 vero
1535 1615 1672 1670 nihil
1701 1615 1770 1671 ab
1799 1615 1865 1670 iis
1897 1630 2056 1672 acce-

2153 509 2265 582 γόιρ
2308 512 2369 564 ἐν
2415 514 2602 585 σηκοῖς
2660 512 2747 597 τὰ⁸
2787 514 3144 586 χειροποίητα
3208 513 3723 584 προσκεκυνήκασιν

2152 602 2381 668 ἀνοσίως
2402 622 2417 637 ’
2439 604 2607 675 ᾤοντο
2635 606 2741 680 γὰρ
2760 602 2899 660 εἶναι
2928 606 3102 669 θεούς.
3136 606 3359 676 Ἐπειδὴ
3391 605 3449 659 δέ
3484 604 3729 679 παρόντα

2156 694 2436 749 τεθὲανται
2468 697 2558 750 τὸν
2592 698 2686 753 τοῦ
2710 699 2953 771 πολέμου.
2984 699 3194 769 καιρὸν,
3239 691 3360 750 εἶτα
3385 696 3485 767 τῆς
3506 698 3730 751 ἐπικου-

2157 786 2279 859 ρίας
2302 788 2478 854 οὐδεὶς
2503 784 2572 862 ἦν
2595 790 2732 855 ὅλως
2756 790 2941 856 αὐτοῖς
2985 794 3013 846 6
3053 791 3255 862 τρόπος
3277 832 3291 855 ,
3321 790 3460 843 λίθοι
3485 789 3541 844 δέ
3573 791 3729 855 ὄντες

2155 878 2247 932 καὶ
2272 877 2406 945 ξύλα
2444 880 2819 951 πεφώρανται,
2851 878 2949 953 ὖλη
2986 899 3047 934 τε
3093 882 3272 953 χρυσῆ
3305 881 3400 935 καὶ
3423 879 3730 952 περιάργυ-

2158 986 2270 1042 ρος,
2304 970 2397 1034 οὓς
2436 970 2693 1041 ἐνόμισαν
2740 972 2953 1027 ἔσεσθαι
2993 973 3250 1044 σωτῆρας
3301 972 3396 1025 καῖ
3423 969 3732 1043 λυτρωτὰς.

2157 1061 2441 1125 ἐξέϐαλλον
2470 1063 2578 1117 τῶν
2604 1062 2769 1130 ναῶν,
2794 1065 2890 1119 καί¹
2921 1064 3299 1137 κατέκρυπτον
3327 1064 3387 1116 ἐν
3418 1060 3728 1133 σπηλαίοις,

2158 1153 2458 1226 φειδόμενοι
2512 1155 2711 1226 μᾶλλον
2768 1152 2870 1228 τῆς
2925 1152 3091 1227 ὕλης,
3153 1153 3249 1208 καὶ
3296 1154 3398 1225 οὐχ
3447 1152 3523 1217 ὡς
3574 1152 3735 1217 Θεοὺς

2154 1243 2425 1315 τιμῶντες
2466 1244 2573 1301 ἔτι.
2607 1244 2828 1311 Είκαῖος
2868 1245 2927 1300 δὲ
2954 1248 3037 1302 ὅτι
3084 1246 3180 1300 καὶ
3208 1245 3466 1316 ἀνόνητος
3507 1244 3536 1298 6
3570 1243 3734 1307 πόνος

2156 1333 2338 1399 αὐτοῖς
2387 1337 2416 1390 6
2459 1338 2587 1408 περὶ
2626 1336 2724 1410 τήν
2774 1336 2885 1391 τῶν
2929 1335 3160 1391 εἰδώλων
3204 1337 3446 1406 ποίησιν,
3474 1334 3735 1401 διέδειξεν

2156 1423 2356 1480 εἰπών’
2400 1444 2420 1479 ι
2469 1425 2722 1483 Ἐκόαλεῖ
2749 1426 3035 1500 ἄνθρωπος
3065 1427 3138 1482 τὰ
3174 1426 3526 1499 βδελύγματα
3565 1424 3735 1479 αὐτού

2156 1517 2193 1573 ἃ
2215 1518 2793 1591 ἐποίησε·προσκυνεῖν
2821 1521 3004 1585 αὐτοῖς
3045 1521 3139 1574 καὶ⁵
3181 1521 3304 1582 ταῖς
3330 1517 3664 1589 νυκτερίσιν.
3712 1534 3731 1566 ι

2156 1610 2413 1679 Γεγόνασι
2439 1611 2538 1682 μὲν
2561 1611 2672 1684 γὰρ
2706 1611 2860 1667 αὐτοὶ
2893 1610 3218 1685 δημιουργοὶ
3245 1611 3353 1664 τῶν
3383 1609 3530 1664 ίδίων
3567 1606 3734 1669 θεῶν.

484 1718 699 1778 perunt,
733 1723 796 1764 ac
849 1707 1096 1764 fortassis
1153 1705 1625 1777 vespertilionibus
1672 1707 1802 1763 solis
1860 1708 2055 1778 templa

2162 1703 2254 1757 καὶ
2301 1704 2540 1773 τεχνῖται
2591 1701 2701 1759 τῶν
2760 1702 3249 1776 προσκυνουμένων
3272 1744 3286 1765 ,
3340 1701 3607 1772 ἐσχήκασι
3678 1699 3740 1754 δέ

484 1800 839 1855 :rdiliearunt.
873 1799 1098 1869 Semper
1157 1800 1300 1853 enim
1358 1798 1622 1871 ejusmodi
1668 1799 1905 1855 volatilia
1942 1801 2057 1857 sive

485 1891 803 1946 animalcula
836 1891 888 1946 in
935 1891 1095 1947 caecis
1119 1890 1251 1946 locis
1281 1887 1513 1946 libenter
1537 1891 1803 1957 habitant,
1842 1901 1895 1948 et
1922 1894 2056 1949 hor-

487 1996 609 2037 rore
632 1989 685 2036 et
714 1981 959 2038 fceditate
985 1980 1191 2052 replent
1219 1982 1426 2037 omnia.
1450 1978 1645 2052 Ejiciet
1678 1985 1860 2054 itaque
1894 1985 2058 2043 homo

487 2073 916 2130 abominationes
949 2087 1084 2144 quas
1114 2073 1261 2130 fecit.
1292 2073 1485 2145 Ejiciet
1516 2090 1641 2132 vero
1666 2081 1724 2131 ut
1746 2076 2058 2149 ingredian-

486 2170 575 2220 tur
607 2166 659 2221 in
695 2163 958 2222 foramina
983 2166 1135 2222 durae
1177 2175 1362 2236 petrae,
1396 2174 1453 2223 et
1485 2166 1537 2222 in
1572 2169 1841 2225 scissuras
1873 2180 2056 2240 petra-

486 2272 603 2313 rum
643 2272 672 2312 a
705 2257 844 2312 facie
879 2257 1087 2313 timoris
1129 2257 1362 2313 Domini.
1416 2254 1551 2314 Vide
1583 2257 1746 2330 igitur
1771 2274 1878 2330 quo
1902 2272 2060 2331 pacto

482 2362 545 2403 se
569 2361 672 2402 una
706 2361 826 2403 cum
859 2347 971 2401 suis
1003 2346 1105 2401 diis
1128 2347 1305 2402 conati
1334 2345 1534 2402 fuerint
1567 2348 1799 2417 sepelire
1844 2349 2057 2405 miseri.

481 2436 773 2519 Caeterum.
815 2436 1190 2490 universorum
1222 2435 1390 2489 Deum
1439 2450 1547 2492 non
1587 2437 1836 2492 viderunt
1899 2438 2058 2494 talem

482 2543 628 2585 esse.
687 2527 799 2583 Non
853 2527 1000 2582 enim
1054 2525 1231 2594 latuit,
1276 2541 1399 2583 cum
1439 2542 1507 2583 ex
1551 2535 1692 2583 terra
1737 2528 2058 2602 Egyptiaca

482 2620 757 2688 fugerent,
783 2628 838 2675 et
868 2618 1247 2689 insequeretur
1279 2617 1490 2675 Pharao
1536 2634 1894 2691 prosequens.
1932 2622 2060 2679 Per-

490 2712 635 2783 rupit
677 2712 822 2767 enim
860 2727 1034 2778 mare,
1070 2721 1126 2768 et
1155 2712 1342 2767 eduxit
1383 2712 1731 2770 inenarrabili
1755 2729 1848 2771 eos
1878 2728 2062 2788 poten-

486 2804 558 2858 tia
595 2812 805 2859 etnutu
857 2802 1246 2872 inexplicabili,
1301 2804 1458 2860 etilli
1504 2805 1721 2875 quidem
1756 2811 2060 2865 conservati

485 2905 630 2961 sunt,
657 2895 881 2964 perinde
907 2894 1063 2965 quasi
1085 2894 1289 2950 aridant
1322 2896 1649 2954 transirent:
1675 2898 1763 2954 hic
1789 2913 1914 2954 vero
1942 2909 2058 2955 stu-

480 2987 642 3058 pidus
686 2985 899 3043 Pharao
955 2985 1281 3057 pracfocatos
1327 2996 1410 3044 est
1452 3003 1574 3044 cum
1622 2996 1739 3045 toto
1791 2993 2056 3047 exercitu.

2163 1799 2291 1871 παρ’
2325 1798 2505 1854 αὐτῶν
2537 1799 2617 1863 είς
2658 1798 2846 1870 ὄνησιν
2879 1796 3053 1852 οὐδέν.
3081 1796 3235 1867 Τάχα
3279 1793 3338 1849 δέ
3386 1812 3489 1849 που
3546 1793 3739 1865 μόναις

2161 1892 2281 1954 ταῖς
2328 1890 2639 1963 νυκτερίσιν
2688 1889 3041 1961 ἀνεδείμαντο
3078 1886 3207 1951 τοὺς
3251 1884 3435 1949 ναούς.
3478 1887 3592 1938 Ἀεὶ
3624 1886 3740 1956 γάρ

2164 1994 2282 2048 πως
2334 1983 2403 2037 τὰ
2459 1983 2639 2037 τοιάδε
2690 1981 2801 2037 τῶν
2853 1979 3073 2051 πτηνῶν
3125 1979 3246 2051 ήτοι
3308 1976 3565 2048 ζωῦφίων
3622 1980 3741 2042 τοῖς

2164 2075 2427 2146 ἀφεγγέσι
2470 2075 2580 2129 τῶν
2617 2074 2797 2130 τόπων
2834 2070 3324 2146 ἐμφιλοχωροῦσιν,
3358 2068 3577 2138 καὶτῆς
3603 2064 3741 2139 παρ’

2165 2168 2374 2223 ἑαυτῶν
2413 2166 2694 2239 βδελυρίας
2734 2166 2826 2223 καὶ
2879 2165 3186 2236 κακοσμίας
3237 2159 3623 2233 ἀναπιμπλᾶσι
3668 2159 3743 2214 τὰ

2165 2259 2225 2314 ὲν
2273 2259 2477 2323 αὐτοῖς.
2548 2257 2800 2312 Ἐκϐαλεῖ
2851 2257 3031 2311 τοίνυν
3080 2256 3371 2329 ἄνθρωπος
3425 2252 3463 2307 ἃ.
3512 2250 3741 2322 ἐποίησε

2164 2348 2531 2421 βδελύγματα,
2564 2348 2784 2402 ἐκϐαλεῖ
2817 2347 2874 2401 δὲ
2904 2342 3048 2415 ὅποι,
3092 2344 3185 2400 τοῦ
3214 2343 3499 2408 εἰσελθεῖν,
3545 2340 3739 2414 φησὶν,

2165 2442 2246 2506 είς
2289 2440 2390 2504 τὰς
2436 2439 2688 2510 τρώγλας
2714 2438 2813 2510 τῆς
2842 2438 3067 2510 στερεᾶς
3095 2435 3338 2509 πέτρας,
3375 2433 3470 2489 καὶ
3511 2433 3593 2496 είς
3637 2429 3744 2494 τὰς

2168 2531 2403 2602 extend;
2464 2530 2574 2584 τῶν
2634 2529 2850 2600 πετρῶν
2902 2527 3010 2607 ἀπὸ
3072 2527 3367 2601 προσώπου
3414 2523 3509 2579 τοῦ
3567 2521 3744 2593 φόϐου

2165 2619 2595 2696 Κυρίου.⁹Αθρει
2623 2621 2687 2694 δὴ
2710 2618 2804 2676 οὖν
2824 2623 2972 2685 ὅπως
3000 2621 3114 2685 τοῖς
3155 2619 3305 2684 ίδίοις
3333 2617 3476 2681 θεοῖς
3509 2616 3745 2680 ἑαυτοὺς

2166 2712 2504 2779 ἐσπούδαζον
2560 2712 3022 2786 συγκατορύττειν
3072 2712 3123 2767 οί
3171 2711 3420 2776 τάλανες.
3479 2708 3619 2763 Ἀλλ’
3674 2707 3743 2761 ού

2166 2806 2403 2864 τοιοῦτον
2444 2806 2728 2861 τεθὲανται
2771 2805 2863 2859 τὸν
2902 2805 3009 2859 τῶν
3037 2803 3175 2859 ὅλων
3205 2803 3359 2859 Θεόν.
3404 2801 3744 2874 Ἐκρύπτετο

2165 2901 2274 2973 γὰρ
2321 2898 2607 2971 οὐδαμῶς,
2653 2899 2741 2953 ὅτε
2790 2899 2888 2971 τῆς
2943 2896 3259 2968 Αἰγυπτίων
3292 2895 3744 2968 ἐκδεδραμήκασι

2166 2994 2290 3067 γῆς,
2319 2995 2504 3049 εἵπετο
2528 2992 2586 3048 δὲ
2628 2991 2840 3048 διώκων
2877 2991 2906 3045 ὁ
2947 2989 3165 3063 Φαραώ.
3200 2988 3466 3062 Διέρῤηξε
3494 2987 3604 3059 γὰρ
3641 2987 3745 3059 τὴν

480 3075 638 3141 item,
678 3090 801 3131 cum
835 3074 1108 3133 Rabsaces
1157 3075 1577 3148 Babyloniorum
1603 3080 1710 3135 dux
1763 3080 2059 3139 Jerusalem

2171 3087 2467 3151 θάλασσαν,
2495 3086 2592 3141 καὶ
2642 3085 2907 3157 διήγαγεν
2957 3082 3174 3148 αὐτοὺς,
3226 3081 3452 3153 ἀρρήτῳ
3487 3079 3741 3147 δυνάμει,

482 3168 765 3225 obsidione
807 3169 1045 3239 undique
1094 3180 1385 3238 premeret,
1431 3185 1495 3225 ac
1523 3180 1710 3226 contra
1760 3172 1930 3228 Deum
1968 3175 2064 3232 de—

486 3259 799 3324 blateraret,
833 3259 1146 3331 diceretque
1168 3275 1229 3316 se
1263 3272 1430 3318 totam
1459 3262 1698 3319 Judteam
1735 3266 1892 3321 facile
1923 3269 2068 3324 devi-

484 3358 697 3406 cturum
738 3335 892 3406 :non
940 3351 1150 3407 delituit
1194 3352 1365 3418 Deus,
1411 3368 1510 3409 nec
1566 3364 1840 3425 petrarum
1896 3359 2062 3417 rimas

483 3442 749 3511 qumsivit,
810 3458 908 3500 nec
946 3451 1196 3515 rupturas
1224 3445 1489 3501 montium
1533 3465 1547 3502 :
1581 3447 1673 3502 sed
1704 3459 1956 3519 precatus
1983 3460 2067 3509 est

485 3531 744 3589 Ezechias
767 3534 985 3589 dicens:
1011 3535 1270 3601 «Exaudi,
1306 3535 1551 3602 Domine,
1586 3541 1788 3610 aspice,
1819 3540 2064 3610 Domine,

484 3624 605 3680 vide
630 3639 908 3682 sermones
951 3623 1240 3693 Rabsacis,
1279 3642 1439 3698 quem
1470 3644 1563 3685 rex
1594 3631 1939 3703 Assyriorum
1964 3635 2065 3690 nti-

482 3715 575 3783 sit,
598 3721 655 3770 ut
678 3716 728 3771 in
757 3717 924 3771 Deum
956 3717 1223 3773 viventem
1257 3716 1452 3788 probra
1477 3719 1682 3789 iaceret
1704 3720 1803 3777 “.i
1839 3721 2063 3780 Statim-

476 3822 587 3878 que
606 3806 773 3862 Deutn
800 3806 1004 3863 audivit
1026 3807 1335 3878 loquentem
1356 3826 1370 3864 :
1389 3808 1776 3882 rPropuguabo
1790 3813 2064 3871 civitatem

484 3900 626 3955 hanc
647 3909 869 3970 propter
901 3916 985 3954 me
1010 3911 1065 3954 et
1084 3911 1300 3969 propter
1325 3902 1490 3958 David
1515 3917 1732 3959 servum
1764 3920 1941 3961 meum
1963 3907 2060 3964 ³⁸.»

485 3990 550 4044 Ει
581 4006 825 4058 quaenam
858 3999 968 4045 tum
1015 3990 1115 4046 fuit
1155 3992 1583 4060 periclitantibus
1610 3995 1959 4052 subveniendi
1985 4013 2068 4053 ra-

480 4083 600 4138 tio?
640 4082 743 4154 51
780 4082 1120 4138 Incredibilis
1151 4096 1282 4138 sane
1331 4090 1386 4139 et
1410 4083 1519 4139 Deo
1547 4085 1730 4155 digna.
1774 4087 2068 4159 «Egressus

476 4177 626 4231 enim
656 4186 740 4233 est
780 4175 1000 4246 angelus
1027 4174 1261 4242 Domini,
1292 4182 1347 4231 et
1391 4190 1461 4231 ex
1491 4180 1690 4235 castris
1713 4181 2065 4256 Assyriorum

477 4278 699 4325 centum
721 4268 992 4340 octoginta
1008 4267 1252 4340 quinque
1267 4268 1433 4324 millia
1458 4269 1732 4328 interemit
1753 4274 1816 4329 ".
1830 4294 1851 4328 ι
1888 4276 2067 4344 Quare

476 4364 689 4433 pudore
718 4361 1092 4419 suifundantur
1122 4362 1211 4433 qui
1240 4362 1470 4419 adorant
1490 4363 1782 4433 sculptilis,
1807 4367 1920 4437 qui,
1944 4384 2059 4425 om-

481 4457 763 4525 nipotente
794 4455 903 4511 Deo
954 4454 1165 4521 relicto,
1196 4454 1299 4510 diis
1347 4455 1613 4521 serviunt,
1667 4472 1803 4527 quos
1825 4433 1980 4515 tante
2000 4475 2060 4517 se
2092 4433 2136 4488 θ

486 4545 804 4611 recondunt,
829 4560 898 4600 ne
925 4553 1050 4613 ante
1082 4545 1226 4615 ipsos
1254 4555 1496 4615 pereant,
1530 4547 1619 4601 ubi
1650 4548 1931 4618 cupiditati
1962 4551 2060 4606 hos-
2121 4556 2124 4560 λ

476 4636 643 4689 stium
684 4634 1033 4703 avaritiaeque
1081 4634 1282 4690 fuerint
1335 4637 1587 4708 expositi.
1625 4638 1877 4696 Dicamus
1930 4658 2060 4716 ergo

477 4732 774 4784 secundant
809 4730 1081 4799 propheta:
1105 4722 1353 4788 Ieremia:
1398 4744 1620 4789 vocem:
1657 4753 1676 4786 ι
1711 4732 1917 4790 Solium
1948 4734 2063 4805 glo-

479 4819 578 4873 rite
633 4819 951 4885 exaltatum,
988 4823 1348 4877 sanctiﬁcatio
1384 4834 1587 4891 vestra,
1621 4828 1956 4894 exspectatio
1986 4825 2062 4883 ls-

478 4907 615 4976 rael,
655 4907 1127 4972 Domine;omnes
1160 4910 1249 4978 qui
1271 4911 1647 4983 derelinquunt
1675 4922 1745 4980 te,
1766 4914 2062 4981 pudeliant.

478 4996 803 5055 Deﬁcientes
842 4997 895 5052 in
934 5006 1079 5052 terra
1111 4999 1456 5067 scribantur,
1488 5003 1621 5073 quia
1649 5003 2066 5074 tdereliquerunt

475 5086 684 5145 fontem
699 5091 821 5147 vita:
840 5088 1123 5145 Dominum
1142 5083 1210 5145 η.
1237 5109 1256 5144 ι
1281 5091 1307 5146 ι
1315 5107 1399 5146 am
1420 5104 1549 5148 Vero
1566 5095 1608 5150 si
1622 5091 1708 5151 fas
1723 5096 1793 5152 sit
1811 5096 2067 5168 spiritua-

476 5179 621 5237 libus
672 5183 874 5254 aliquid
930 5183 1094 5239 etiam
1142 5183 1421 5252 spirituale
1471 5186 1698 5242 dicere:
1749 5190 2057 5260 quicunque

476 5273 619 5327 idola
659 5276 855 5332 mentis
887 5276 1189 5348 patiuntur,
1224 5285 1279 5331 et
1324 5290 1608 5347 pravarum
1657 5279 1949 5350 imaginum
1972 5298 2059 5338 co-

478 5362 769 5431 gitationes
802 5368 1111 5432 admittunt,
1148 5367 1324 5424 sciant
1356 5366 1473 5424 fore
1522 5384 1581 5425 se
1610 5371 1763 5426 nidos
1797 5373 2057 5441 vesperti-

475 5455 702 5524 iionum,
749 5462 851 5516 hoc
902 5472 1005 5520 est.
1060 5465 1346 5534 spirituum
1373 5466 1791 5523 immundormn.
1841 5468 2053 5525 «Unus-

474 5546 708 5617 quisque
740 5549 883 5603 enim
916 5561 1173 5620 tentatur,
1206 5574 1224 5607 ι
1254 5556 1449 5625 inquit,
1490 5572 1548 5611 ra
1586 5558 1821 5628 propriis
1850 5561 2057 5630 cupidi-

2167 3182 2262 3236 καὶ
2291 3180 2593 3252 ἀφράστοις
2620 3180 2869 3249 νεύμασι.
2919 3178 3031 3232 Καὶ
3072 3179 3120 3231 οἱ
3158 3177 3258 3248 μὲν
3297 3166 3563 3241 ἐσώζοντο
3592 3173 3744 3245 βαδί-

2167 3271 2351 3337 ζοντες
2383 3270 2460 3335 ὡς
2496 3270 2589 3324 ἐπὶ
2614 3269 2815 3341 ξηρᾶς·
2851 3267 2880 3324 6
2910 3268 2968 3323 δέ
3000 3268 3349 3340 ἀπόπληκτος
3373 3266 3571 3338 Φαραὼ
3603 3283 3745 3319 παν-

2168 3362 2398 3436 στρατιᾷ
2455 3361 2834 3430 κατεπνίγετο.
2899 3359 3011 3416 Καὶ
3070 3360 3176 3433 μὴν
3227 3362 3316 3415 ὅτε
3375 3358 3657 3431 Ῥαψάκης
3713 3363 3749 3414 6

2165 3452 2521 3509 Βαϐυλωνίων
2554 3452 2880 3526 στρατηγὸς,
2908 3453 3095 3525 κύκλῳ
3118 3452 3397 3526 περισχὼν
3421 3452 3521 3522 τὴν
3536 3452 3744 3524 Ἰερου-

2168 3543 2371 3616 σαλὴμ,
2391 3543 2745 3617 πεφλυάρηκε
2765 3544 2906 3599 κατὰ
2933 3530 3093 3611 Θεοῦ,
3133 3546 3229 3599 καὶ
3252 3544 3380 3614 ὅλης
3409 3543 3513 3614 ἔφη
3540 3543 3743 3616 ῥᾳδίως

2165 3638 2603 3709 κατακρατήσειν
2651 3636 2751 3708 τῆς
2792 3635 3067 3702 Ἰουδαίαςο
3095 3636 3196 3691 οὐκ
3234 3636 3537 3708 ἐκρύπτετο
3583 3636 3743 3702 Θεὸς,

2166 3727 2288 3782 ούδέ
2326 3728 2541 3802 πετρῶν
2570 3729 2800 3801 ἐζήτησε
2834 3728 3073 3801 σχισμὰς
3099 3769 3114 3797 ,
3141 3727 3267 3783 οὔτε
3297 3728 3405 3801 μὴν
3433 3727 3743 3798 διασφαγὰς

2162 3818 2328 3893 ὁρῶν,
2372 3818 2488 3874 ἀλλ’
2525 3818 2722 3890 ηὔχετο
2762 3820 2863 3891 μὲν
2906 3819 3153 3891 Ἐζεκίας
3181 3818 3386 3888 λέγων’
3421 3838 3440 3872 ι
3474 3819 3746 3872 Είσάκου-

2167 3928 2279 3977 σον,
2329 3908 2521 3981 Κύριε,
2554 3908 2862 3979 είσϐλεψον,
2895 3908 3090 3981 Κύριε,
3148 3912 3245 3964 καὶ
3280 3910 3356 3963 ίδε
3389 3911 3517 3973 τοὺς
3549 3910 3746 3980 λόγους

2179 4000 2452 4071 Ῥαψόικου
2477 4039 2492 4065 ,
2566 3999 2625 4053 ὃν
2683 4000 3032 4067 ἐξαπέστειλε
3099 3999 3356 4069 βασιλεὺς
3436 4000 3748 4070 ’Δσσυρίων

2167 4090 2443 4156 ὀνειδίζειν
2492 4089 2625 4145 Θεὸν
2670 4089 2868 4156 ζῶντα.
2906 4109 2926 4142 ι
2976 4090 3324 4162 Παραχρῆμα
3369 4088 3427 4144 δὲ
3460 4089 3596 4144 Θεοῦ
3650 4091 3767 4145 λέ-.

2166 4202 2352 4255 γοντος
2410 4185 2596 4258 ἤκουε·
2653 4205 2673 4238 ι
2723 4182 3083 4257 ’Υπερασπιῶ
3149 4182 3293 4257 ὑπὲρ
3349 4184 3449 4255 τῆς
3530 4183 3745 4249 πόλεως

2166 4276 2406 4351 ταύτης,
2444 4277 2510 4332 δι’
2543 4277 2663 4348 ἐμὲ,
2709 4277 2804 4331 καὶ
2850 4277 2940 4332 διὰ
2983 4275 3149 4331 Δαϐὶδ
3190 4275 3282 4330 τὸν
3326 4274 3510 4330 δοῦλόν
3546 4293 3671 4347 μου.
3719 4297 3738 4329 ι

2168 4373 2278 4426 Καὶ
2306 4370 2389 4437 τίς
2415 4370 2476 4426 τὸ
2503 4370 2758 4443 τηνικάδε
2806 4368 3209 4424 κινδυνεύουσιν
3232 4370 3260 4423 6
3285 4369 3383 4440 τῆς
3412 4368 3742 4439 ἐπικουρίας

2164 4463 2384 4533 ἐγένετο
2435 4462 2666 4535 τρόπος;
2709 4460 3020 4533 Παράδοξος
3050 4459 3145 4513 καὶ
3188 4460 3528 4531 θεοπρεπὴς·
3568 4477 3587 4511 ι
3630 4461 3743 4526 Ἐξ-

2165 4552 2297 4627 ’ήλθε
2336 4553 2446 4626 γὰρ
2479 4553 2709 4623 ἄγγελος
2742 4551 2970 4624 Κυρίου,
3011 4551 3106 4605 καὶ
3134 4551 3345 4604 ἀνεῖλεν
3370 4551 3436 4605 ἐκ
3468 4551 3565 4622 τῆς
3597 4567 3740 4621 παρ-

2166 4647 2404 4720 εμϐολῆς
2451 4646 2559 4699 τῶν
2612 4643 2912 4716 Ἀσσυρίων
2956 4637 3151 4698 ἑκατὸν
3203 4641 3536 4712 ὀγδοήκοντα
3576 4642 3741 4696 πέντε

2166 4735 2428 4812 χιλιάδας.
2463 4755 2482 4788 ι
2517 4734 2973 4807 Αίσχυνθήτωὰαν
3012 4726 3191 4787 τοίνυν
3223 4733 3273 4788 οἱ
3305 4731 3739 4804 προσκυνοῦντες

2165 4834 2279 4897 τοῖς
2311 4829 2604 4899 γλυπτοῖς,
2649 4829 2701 4880 οἱ
2729 4826 2819 4880 τὸν
2852 4826 3031 4881 πάντα
3060 4824 3314 4896 ίσχύοντα
3338 4823 3472 4878 Θεὸν
3504 4824 3740 4878 καταλε-

2166 4920 2432 4984 λοιπότες,
2483 4919 2576 4972 καὶ
2623 4914 2973 4987 λατρεύοντες
3023 4913 3184 4980 θεοῖς,
3231 4910 3325 4978 οὒς
3376 4914 3482 4987 πρὸ
3529 4913 3743 4968 ἑαυτῶν

2165 5014 2663 5084 κατακρύπτουσιν,
2691 5010 2779 5065 ἴνα
2812 5009 2887 5081 μὴ
2915 5007 3021 5081 πρὸ
3056 5006 3237 5062 αὐτῶν
3279 5007 3584 5073 ἀπόλοιντο,
3619 5008 3741 5070 ταῖς

2164 5108 2273 5162 τῶν
2306 5105 2682 5187 πολεμούντων
2710 5100 3099 5173 περιπεσόντες
3128 5098 3511 5171 φιλοκερδίαις.
3549 5097 3738 5166 Λέγω-

2164 5218 2266 5273 μεν
2291 5201 2469 5254 τοίνυν
2495 5196 2637 5251 κατὰ
2673 5195 2772 5265 τὴν
2803 5195 2897 5247 τοῦ
2926 5194 3204 5265 προφήτου
3234 5189 3417 5260 φωνὴν
3448 5188 3736 5260 Ἱερεμίουο

2168 5311 2188 5347 ι
2221 5293 2420 5365 Θρόνος
2450 5290 2607 5362 δόξης
2634 5287 2918 5359 ὑψωμένος
2940 5326 2955 5349 ,
2988 5284 3234 5353 ἁγίασμα
3270 5276 3445 5350 ἡμῶν,
3489 5280 3737 5351 ὑπομονὴ

2139 5379 2411 5453 Ἰσραὴλ,
2457 5376 2648 5450 Κύριε
2687 5374 2887 5437 πάντες
2933 5372 2983 5424 οἱ
3026 5365 3416 5429 καταλιπόντες
3448 5380 3509 5418 σε
3544 5380 3739 5419 καται-

2163 5471 2567 5544 σχυνθήτωσαν.
2631 5462 3027 5535 Ἀφεστηκότες
3084 5459 3177 5512 ἐπὶ
3220 5460 3320 5529 τῆς
3348 5456 3454 5527 γῆς
3519 5456 3739 5544 γραφήέ

2160 5540 2363 5621 edam;
2391 5557 2472 5610 ὅτι
2506 5553 2862 5623 ἐγκατέλιπον
2900 5548 3078 5619 πηγὴν
3108 5547 3249 5617 ζωῆς
3279 5547 3367 5600 τὸν
3385 5545 3609 5618 Κύριον.
3629 5562 3649 5598 r
3674 5540 3738 5597 Et

550 5696 941 5769 "lsa.xxxvu,
984 5704 1042 5759 lC
1072 5721 1216 5775 seqq.
1289 5709 1329 5738 ‘“
1365 5709 1488 5764 ibid.
1514 5713 1599 5767 ὃὸ.
1682 5716 1720 5746 ⁸⁷
1756 5714 1883 5768 ibid.
1925 5716 2010 5769 36.
2091 5715 2131 5745 ⁸⁸
2162 5714 2356 5770 Jcrcm.
2395 5727 2526 5776 xvn,
2577 5710 2658 5773 ιε,
2701 5710 2781 5763 ιδ.
