4012 6216
377 255 448 313 95
1395 253 1453 308 S.
1494 247 1767 307 ογιιιιιι
1805 240 2275 305 ALEXANDNNI
2310 238 2629 302 ARGHIEP.

3552 229 3635 286 96·

381 372 457 426 ait
492 388 505 427 :
546 388 565 421 ι
607 368 806 425 Panem
865 366 989 423 cmli
1038 366 1184 423 dedit
1224 366 1362 434 illis,
1397 380 1590 437 panem
1635 364 1948 434 angelorum

2064 362 2255 434 ίρήσει
2285 360 2437 431 κοινῇ
2459 375 2474 390 ⁸
2517 352 2822 412 ἐκείνουνδὲ
2873 350 3073 423 μᾶλλον
3120 350 3249 419 περὶ
3287 340 3349 403 οὗ
3384 360 3551 416 φησιν
3586 345 3622 437 ό

383 461 737 516 manducavit
761 460 921 513 homo
945 458 1011 508 ":
1045 476 1063 509 ι
1101 458 1282 525 Aquas
1321 459 1448 513 item
1484 471 1791 513 memorare
1818 472 1943 512 eum

381 549 635 614 dicimus,
664 562 784 617 qua:
814 547 1007 601 mentis
1035 555 1161 600 sunt
1203 560 1252 602 et
1293 547 1684 617 intelligentiae,
1714 561 1945 617 quarum

384 641 900 711 ipsemetpmpheta
955 638 1120 695 Isaias
1166 640 1410 695 meminit
1478 657 1541 693 ει
1588 640 1651 695 Et
1686 641 1949 696 haurietis

383 744 578 800 aquam
611 743 735 783 cum
772 728 966 797 gaudio
997 728 1064 785 de
1107 729 1348 785 fontibus
1386 729 1685 785 Salvatoris
1718 732 1783 784 “.
1817 750 1837 783 ι
1882 732 1951 788 Ει

385 835 548 891 porro
594 818 710 886 ipse
754 817 1015 873 Servatur
1047 837 1062 874 :
1099 836 1116 870 t
1149 818 1339 877 Omnis
1378 821 1468 889 qui
1516 821 1651 876 bibit
1694 836 1760 876 ex
1813 836 1950 892 aqua

386 910 512 978 hac,
539 909 687 965 sitiet
718 909 912 965 iterum
941 926 955 964 :
986 911 1287 980 qui'autem
1317 912 1515 968 biberit
1535 927 1602 968 ex
1626 927 1764 982 aqua
1789 928 1949 982 quam

386 1013 487 1069 ego
526 999 664 1054 dabo
710 998 816 1063 illi,
857 999 964 1054 erit
1011 1001 1065 1054 in
1111 1000 1204 1055 illo
1248 999 1369 1057 fons
1415 1017 1566 1073 aqua:
1607 1004 1853 1059 salientis
1900 1005 1951 1059 in

387 1087 555 1142 vitam
607 1098 868 1144 :eternam
895 1090 963 1143 “.
1014 1109 1035 1143 ι
1082 1090 1348 1147 Caeterum
1396 1093 1693 1164 diligenter
1726 1094 1953 1149 observa

390 1179 570 1236 verba
591 1182 885 1250 prophetae.
903 1228 908 1233 .
929 1181 1222 1237 Nomenim
1250 1183 1390 1239 dixit
1418 1184 1740 1255 simpliciter
1771 1184 1954 1240 subla-

391 1280 506 1326 tum
537 1272 600 1326 iri
632 1287 661 1324 a
691 1269 894 1327 Iudaeis
935 1286 1128 1343 panem
1153 1283 1207 1328 et
1232 1287 1453 1343 aquam,
1487 1277 1581 1331 sed
1612 1276 1776 1331 robur
1803 1276 1959 1346 panis

391 1372 447 1420 et
474 1364 639 1418 robur
663 1379 840 1434 aquae.
864 1363 1143 1435 Siquidem
1176 1377 1276 1420 nos
1309 1366 1414 1421 hoc
1439 1367 1637 1422 docere
1666 1367 1799 1421 vult.
1821 1366 1956 1421 Nam

392 1454 483 1524 qui
515 1468 702 1511 sacros
728 1469 1006 1511 sermones
1035 1464 1092 1510 et
1123 1455 1333 1512 divinas
1364 1456 1676 1527 Scripturas
1709 1458 1959 1530 legimus,

393 1559 595 1614 easque
633 1546 1003 1617 intelligimus,
1035 1547 1201 1604 robur
1237 1548 1415 1617 panis,
1460 1549 1725 1619 spiritalis
1753 1550 1959 1620 accipi~

395 1649 539 1690 mus.
578 1652 604 1687 ο
651 1633 767 1690 Νοη
816 1636 984 1702 enim,
1019 1654 1039 1689 ι
1088 1637 1284 1707 inquit,
1321 1656 1343 1690 ι
1378 1638 1434 1693 in
1471 1637 1586 1694 solo
1627 1652 1766 1708 pane
1817 1640 1961 1695 vivet

2046 453 2241 507 Δαϐίδ·
2282 470 2302 506 t
2328 452 2526 523 ’Δρτον
2553 446 2784 520 οὐρανοῦ
2816 445 3014 500 ἔδωκεν
3036 442 3238 504 αὑτοΐς·
3267 439 3431 509 ἄρτον
3459 436 3623 509 ἀγγέ-

2044 543 2153 598 λων
2191 543 2392 612 ἔφαγεν
2419 539 2726 613 ἄνθρωπος.
2760 556 2780 590 ι
2817 533 3055 589 Ὑδάτων
3095 532 3153 585 δὲ
3183 526 3489 601 μεμνῆσθαί
3518 543 3624 596 φα-

2051 648 2150 704 μεν
2175 631 2336 686 αὑτὸν
2381 630 2491 683 τῶν
2523 626 2751 699 νοητῶν,
2781 616 3015 696 περιών
3048 619 3212 683 αὐτός
3259 616 3360 670 πού
3395 631 3559 686 φησιν
3597 616 3626 668 ό

2048 723 2333 794 προφήτης
2364 720 2628 783 Ἡσαΐαςο
2666 736 2685 769 ι
2721 718 2832 771 Ka‘t
2873 715 3162 785 ἀντλήσετε
3206 710 3352 780 ὕδωρ
3384 709 3501 779 μετ’
3533 707 3626 760 εὑ-

2049 812 2324 887 φροσύνης
2348 811 2427 865 hic
2441 809 2551 864 τῶν
2576 806 2767 879 πηγῶν
2795 804 2888 860 τοῦ
2916 798 3184 875 Σωτῆρος.
3221 797 3513 870 »Καὶ-μὴν
3534 797 3630 851 καὶ

2044 904 2213 968 αὐτὸς
2237 904 2266 956 ὁ
2292 902 2484 972 Σωτήρ
2503 916 2517 932 ο
2554 917 2573 951 t
2613 900 2725 963 Πᾶς
2756 898 2784 950 ὁ
2811 897 2978 951 πίνων
3013 897 3079 948 ὲκ
3098 892 3193 946 τοῦ
3216 891 3406 954 ὓδατος
3435 889 3631 943 τούτου

2050 996 2267 1068 διψήσει
2315 992 2495 1047 πάλιν·
2535 990 2564 1045 ὃ
2591 993 2636 1045 δ’
2669 991 2736 1046 ἂν
2784 989 2883 1063 πίῃ
2917 988 2982 1041 ὲκ
3023 985 3116 1040 τοῦ
3163 983 3374 1048 ὕδατος,
3407 977 3472 1037 οὗ
3518 980 3633 1050 ἐγὼ

2052 1086 2208 1141 δώσω
2238 1084 2410 1157 αὐτῷ,
2460 1083 2749 1156 γενήσεται
2782 1081 2840 1135 ἑν
2872 1078 3022 1149 αὐτῷ
3064 1076 3218 1149 πηγὴ
3247 1075 3437 1138 ὕδατος
3472 1071 3632 1127 ἁλλο-

2058 1178 2220 1252 μένου
2239 1179 2320 1242 είς
2346 1177 2491 1248 ζωὴν
2514 1174 2748 1230 αἰώνιον.
2783 1190 2803 1225 ι
2828 1170 2993 1235 Σύνες
3025 1170 3084 1225 δὲ
3118 1167 3362 1240 ἀκριϐῶς
3389 1166 3490 1229 τὰς
3533 1162 3631 1218 τοῦ

2056 1270 2334 1342 προφήτου
2368 1267 2568 1338 φωνάς.
2623 1266 2711 1320 Οὐκ
2727 1262 3089 1336 γὰρεεῖρηκεν
3129 1258 3316 1322 ἁπλῶς
3350 1257 3460 1311 τῶν
3499 1258 3635 1310 Ἰου-

2055 1362 2220 1417 δαίων
2250 1357 2899 1431 άφαιρεθήσεσθαιάρτσν
2918 1371 2981 1409 τε
3025 1353 3120 1408 καὶ
3145 1353 3309 1424 ὕδωρ,
3334 1349 3449 1404 ἀλλ’
3480 1348 3641 1419 ἰσχὺν

2058 1455 2223 1528 ἄρτου
2247 1453 2340 1508 καὶ
2364 1453 2515 1522 ἰσχὺν
2540 1450 2751 1514 ὕδατος.
2780 1450 2891 1504 Καὶ
2905 1447 3042 1519 δεῐνή
3052 1446 3158 1517 μᾶς
3175 1440 3417 1498 τοιοῦτόν
3442 1459 3493 1496 τι
3518 1439 3637 1512 βούι-

2058 1543 2247 1599 λεσθαι
2282 1542 2555 1597 διδάσκειν
2600 1539 2784 1595 αὐτόν.
2819 1539 3010 1610 Ἡμεῖς
3041 1536 3140 1607 μὲν
3168 1534 3277 1607 γὰρ
3324 1535 3439 1596 τοῖς
3470 1532 3636 1603 ἱεροῖς

2061 1628 2771 1703 περιτυγχάνοντεςλόγοις,
2803 1627 2898 1682 καὶ
2923 1627 3021 1690 τὰς
3050 1625 3203 1690 θείας
3239 1621 3638 1693 ἀναγινώσκονν

395 1723 578 1792 homo,
603 1724 697 1781 sed
725 1726 779 1782 in
802 1729 947 1781 omni
971 1730 1136 1785 verbo
1157 1730 1300 1797 quod
1320 1730 1497 1799 prodit
1522 1745 1590 1786 ex
1610 1747 1706 1787 ore
1728 1731 1821 1788 Dei
1842 1732 1908 1788 “.
1935 1751 1955 1787 ι

2064 1739 2151 1787 τες
2188 1720 2447 1794 Γραφὰς,
2498 1717 2617 1774 εἶτα
2679 1718 2952 1799 συνιέντες
3006 1716 3198 1783 αὑτὰς,
3260 1717 3413 1787 ἰσχὺν
3468 1715 3637 1785 άρτου

396 1814 707 1888 Eodemque
735 1817 840 1890 53
881 1818 1039 1874 modo
1084 1807 1345 1893 intelliges
1391 1824 1459 1879 de
1496 1823 1649 1894 aquis
1678 1840 1798 1894 qua:
1835 1826 1963 1881 sub-

392 1906 559 1976 jectae
604 1919 730 1964 sunt
780 1909 1101 1964 intellectui.
1159 1908 1325 1966 Judaei
1390 1911 1608 1981 quidem
1666 1928 1857 1984 panem
1909 1923 1965 1972 et

397 2012 594 2068 aquam
632 1998 925 2053 etiamnum
959 1999 1178 2056 habent.
1204 1999 1426 2057 Multum
1457 2003 1601 2059 enim
1628 2014 1966 2075 occupantur

397 2088 451 2144 in
504 2088 697 2145 litteris
723 2089 990 2158 Mosaicis,
1033 2100 1088 2145 et
1130 2090 1315 2162 legunt
1362 2094 1554 2165 legem.
1602 2093 1737 2151 Cum
1785 2105 1962 2153 autem

396 2178 533 2233 nihil
576 2179 781 2244 sciant,
819 2196 1158 2252 nequaquam
1199 2183 1399 2239 habent
1440 2184 1610 2242 robur
1640 2186 1826 2256 panis,
1866 2201 1966 2244 nec

396 2270 559 2325 etiam
606 2271 771 2326 robur
808 2286 979 2342 aqum.
1027 2271 1180 2329 Nuda
1213 2275 1355 2329 enim
1389 2286 1441 2330 et
1485 2276 1609 2331 sole
1640 2268 1819 2333 littera
1861 2278 1966 2334 illis

398 2362 521 2417 data
534 2371 650 2430 test,
683 2378 811 2434 qua:r
830 2365 984 2433 panis
1009 2366 1226 2434 quidem
1257 2375 1312 2422 et
1341 2381 1499 2437 aqua)
1523 2370 1753 2439 speciem
1780 2369 1962 2435 habet,

399 2454 621 2507 minime
649 2463 826 2510 tamen
847 2469 943 2510 eos
967 2456 1076 2510 ullo
1103 2456 1261 2512 modo
1279 2458 1483 2512 enutrit
1509 2459 1575 2513 ad
1599 2458 1963 2516 habitudinem

399 2560 466 2602 ac
522 2547 913 2617 vegetationem
964 2547 1315 2618 spiritualem.
1380 2548 1777 2620 Astipulabitur
1842 2550 1967 2606 huic

399 2638 632 2703 Paulus,
683 2638 929 2695 scribens
966 2658 980 2694 :
1024 2657 1043 2692 ι
1085 2639 1268 2709 Usque
1318 2640 1385 2696 ad
1434 2640 1752 2697 hodiernum
1799 2641 1963 2707 diem,

397 2731 613 2800 quando
644 2730 840 2803 legitur
868 2729 1100 2804 Moyses,
1135 2732 1309 2788 velum
1338 2733 1485 2788 cordi
1511 2747 1697 2790 eorum
1730 2734 1964 2804 imponi-

401 2833 511 2888 tur,
558 2836 670 2877 non
716 2830 1016 2887 retectum,
1057 2824 1184 2895 quia
1230 2824 1283 2878 in
1329 2823 1547 2880 Christo
1591 2824 1795 2880 tollitur
1835 2825 1903 2879 ³⁷.
1939 2844 1958 2879 ι

399 2913 571 2967 Aliter
611 2913 760 2967 items
794 2913 1125 2968 submoveri
1150 2912 1378 2970 dicimus
1426 2929 1505 2970 exi
1543 2913 1823 2986 Synagoga
1867 2913 1964 2971 Ju-

400 3003 639 3057 dmornm
675 3003 840 3059 robur
864 3004 1019 3074 panis
1046 3012 1102 3059 et
1138 3005 1304 3058 robur
1337 3019 1509 3074 aquae.
1558 3006 1622 3060 Et
1664 3020 1845 3060 sermo
1884 3015 1967 3061 est

2063 1811 2254 1885 νοητοῦ
2287 1810 2572 1883 δεχόμεθα.
2612 1829 2632 1863 ι
2666 1811 2741 1866 Οὐ
2773 1798 2882 1881 γὰρ
2911 1809 2997 1863 ἐπ’
3029 1808 3183 1880 ἄρτῳ
3226 1805 3395 1879 μόνῳ,
3429 1822 3448 1857 ι
3481 1803 3637 1873 φησὶ,

2068 1920 2095 1955 ε
2129 1901 2353 1974 ζήσεται
2394 1899 2705 1971 ἄνθρωπος,
2731 1899 2846 1953 ἀλλ’
2889 1899 2983 1953 ἐπὶ
3015 1898 3181 1953 παντὶ
3227 1897 3429 1970 ῥήματι
3473 1895 3642 1947 ὲκπο·

2067 1993 2345 2066 ρευομένῳ
2361 1993 2448 2048 διὰ
2487 1992 2753 2065 στόματος
2779 1989 2874 2045 τοῦ
2907 1990 3065 2045 Θεοῦ.
3097 2009 3116 2043 ι
3162 1988 3394 2062 Ὁμοίως
3425 1987 3642 2058 νοήσεις

2063 2086 2159 2140 καὶ
2182 2086 2268 2154 ἐφ’
2306 2084 2512 2139 ὑδάτων
2537 2083 2763 2154 νοητῶν.
2804 2081 3050 2137 Ἰουδαῖοί
3089 2098 3156 2152 γε
3194 2081 3301 2154 μὴν
3333 2079 3515 2151 ἔχουσι
3540 2078 3641 2149 μὲν

2062 2175 2155 2230 τὸν
2176 2176 2339 2247 ἄρτον
2370 2174 2466 2229 καὶ
2493 2174 2552 2229 τὸ
2586 2173 2733 2247 ὕδωρ
2764 2172 2867 2230 ἔτι.
2902 2170 3431 2245 Πολυπραγμονοῦσι
3446 2170 3556 2242 γὰρ
3573 2170 3645 2223 τὰ

2063 2267 2308 2332 Μωσέως
2348 2268 2673 2339 γράμματα,
2721 2267 2816 2321 καὶ
2855 2265 3285 2336 ἀναγινώσκουσι
3329 2262 3421 2318 τὸν
3454 2262 3638 2332 νόμονι

2076 2352 2292 2424 Ἐπειδὴ
2328 2353 2385 2407 δὲ
2420 2353 2780 2422 γινώσκουσιν
2804 2354 2978 2421 οὐδὲν,
3010 2353 3110 2407 οὐκ
3137 2352 3321 2425 ἔχουσι
3346 2352 3445 2423 τὴν
3487 2352 3644 2422 ἰσχὺν

2063 2442 2157 2496 τοῦ
2187 2443 2371 2513 ἄρτου,
2398 2442 2522 2498 οὔτε
2546 2443 2653 2516 μὴν
2674 2445 2773 2517 τήν
2800 2445 2952 2515 ίσχὺν
2982 2442 3077 2498 τοῦ
3105 2442 3314 2507 ὕδατος.
3343 2438 3513 2495 Ψιλὸν
3532 2439 3655 2510 γὰρ»

2064 2534 2250 2598 αὐτοῖς
2277 2535 2371 2589 καὶ
2402 2536 2564 2608 μόνον
2593 2535 2656 2591 τὸ
2693 2538 2927 2610 γράμμα
2955 2536 3181 2600 δέδοται,
3206 2536 3372 2607 ἂρτου
3403 2534 3501 2605 μὲν
3547 2532 3643 2587 καὶ

2066 2624 2254 2691 ὓδατος
2291 2626 2558 2699 ὑπόληψιν
2582 2627 2726 2699 ἕχον,
2754 2627 2952 2701 τρέφον
2978 2627 3035 2682 δὲ
3072 2628 3268 2692 αὐτοὺς
3297 2627 3416 2681 κατ’
3448 2624 3657 2680 οὐδένα·

2064 2716 2263 2787 τρόπον
2294 2717 2375 2781 είς
2405 2717 2618 2783 εὐεξίαν
2640 2717 2740 2788 τὴν
2765 2718 2983 2790 νοητήν.
3011 2717 3120 2771 Καὶ
3147 2716 3486 2789 μαρτυρήσει
3508 2713 3643 2785 γράι

2066 2824 2181 2877 cpta-1
2202 2810 2242 2862 -ὁ
2267 2808 2505 2876 Παῦλοςο
2546 2828 2565 2864 t
2597 2811 2763 2882 Ἄχρι
2793 2810 2902 2883 γὰρ
2928 2811 3189 2883 σήμερον,
3219 2808 3381 2881 ἡνίκα
3419 2807 3641 2861 ἄνοάναι

2065 2897 2396 2966 γινώσκεται
2432 2901 2637 2972 Μωσῆς
2662 2900 2927 2973 κάλυμμα
2963 2901 3058 2954 ἐπὶ
3075 2899 3186 2972 ςτὴν
3212 2898 3442 2971 καρδίαν
3463 2895 3659 2951 αὐτῶν.

2067 2993 2265 3053 κεῖται,
2296 2991 2370 3064 μὴ
2398 2992 2931 3065 ἀνακαλυπτόμενον,
2973 2993 3056 3048 ὅτι
3087 2992 3147 3048 ἓν
3171 2991 3395 3065 Χριστῷ
3438 3006 3642 3059 καταρ-

399 3094 684 3165 mysticus.
726 3093 942 3149 Etenim
979 3108 1077 3149 nos
1098 3094 1189 3163 qui
1223 3108 1319 3163 per
1349 3095 1505 3149 iidem
1548 3096 1615 3150 ad
1657 3096 1961 3151 sanctiﬁca~

2067 3086 2262 3153 γεῖται.
2313 3085 2479 3139 ιηΚαὶ
2534 3085 2665 3139 καθ*
2711 3085 2898 3159 ἕτερον
2942 3085 3001 3140 δὲ
3054 3084 3273 3158 τρόπον,
3329 3080 3644 3152 ἀφῃρῆσθαί

403 3188 601 3240 tionem
643 3186 814 3240 vocati
843 3199 1052 3252 sumus,
1085 3200 1277 3255 panem
1314 3185 1595 3251 habemus,
1624 3200 1837 3256 panem,
1881 3187 1967 3243 in-

401 3290 587 3343 quam,
623 3275 690 3328 de
715 3273 875 3339 cmlo,
915 3275 1017 3328 hoc
1044 3285 1146 3339 est,
1180 3275 1453 3331 Christum
1481 3289 1574 3330 seu
1610 3290 1804 3347 corpus
1826 3278 1963 3349 ejus.

402 3366 458 3420 Si
507 3380 634 3419 vero
673 3366 796 3434 quis
843 3366 1163 3436 interroget,
1208 3366 1506 3435 cujusmodi
1562 3367 1775 3423 tandem
1826 3369 1968 3425 illius

406 3456 571 3509 robur
595 3471 659 3510 ac
687 3455 767 3510 vis
807 3456 898 3522 sit,
930 3456 1200 3511 vivilicum
1238 3470 1359 3512 esse
1394 3457 1623 3514 dicimus
1654 3475 1669 3513 :
1704 3458 1793 3514 dat
1821 3460 1966 3515 enim

403 3548 604 3602 mundo
634 3547 818 3601 vitam.
852 3546 1116 3602 Similiter
1147 3547 1311 3603 etiam
1344 3547 1636 3618 recipimus
1666 3564 1762 3619 per
1792 3551 1966 3621 Spiri-

403 3649 516 3693 tum
547 3649 795 3693 sauctum
831 3639 1075 3708 baptismi
1106 3638 1356 3709 gratiam,
1379 3640 1471 3709 qui
1500 3642 1805 3696 sanctiﬁcat
1835 3659 1964 3699 nos:

401 3734 620 3803 vimque
654 3745 811 3801 aquae
840 3731 1073 3786 dicimus
1089 3745 1209 3786 esse
1235 3740 1576 3802 peccatorum
1600 3732 1965 3800 abolitionem,

404 3825 868 3892 regenerationem
898 3822 1256 3891 spiritualem,
1282 3832 1341 3878 ut
1371 3824 1469 3894 ipsi
1501 3824 1721 3882 Christo
1750 3827 1967 3883 confor-

404 3931 517 3971 tues
547 3917 737 3981 simus;
776 3922 1039 3985 prteterea
1076 3914 1270 3980 etiam,
1299 3914 1535 3969 liberum-
1570 3915 1870 3986 ingressum
1913 3918 1965 3972 in

401 4010 565 4072 viam,
595 4022 714 4077 qum
747 4006 813 4060 ad
846 4020 1064 4076 regnum
1103 4004 1361 4059 caelorum
1393 4007 1560 4061 ducit.
1609 4025 1631 4058 ι
1674 4006 1791 4064 Nisi
1823 4010 1965 4065 enim

401 4101 545 4172 quis,
579 4117 599 4152 ν
634 4098 827 4168 inquit,
864 4114 885 4149 ι
921 4104 1081 4150 natus
1125 4096 1194 4149 sit
1223 4110 1289 4150 ex
1333 4111 1476 4165 aqua
1505 4106 1559 4152 et
1591 4100 1812 4168 spiritu,
1862 4117 1965 4157 non

403 4204 578 4267 potest
616 4191 819 4262 ingredi
866 4203 1087 4260 regnum
1116 4188 1207 4244 Dei
1238 4189 1335 4244 ".t
1375 4188 1577 4247 Privati
1620 4202 1748 4248 sunt
1788 4194 1968 4263 itaque

401 4287 566 4343 Jmltei
597 4282 859 4355 ejusmodi
894 4283 1050 4337 bonis
1082 4299 1094 4336 :
1129 4281 1381 4350 quoniam
1419 4284 1557 4352 apud
1596 4298 1689 4339 eos
1730 4299 1837 4339 non
1883 4294 1968 4341 est

402 4372 556 4443 panis
589 4369 772 4435 robur,
804 4368 855 4423 id
881 4377 987 4435 est,
1022 4369 1137 4434 illa,
1164 4384 1285 4439 quae
1316 4380 1400 4425 est
1434 4370 1490 4425 in
1520 4370 1756 4438 Christo,
1792 4373 1967 4428 viviti-

402 4462 565 4517 catio.
599 4461 782 4528 Neque
810 4475 963 4531 aqum
996 4460 1102 4514 vim
1134 4460 1352 4528 habent,
1384 4463 1506 4531 quia
1535 4474 1714 4520 manet
1743 4465 1796 4521 in
1833 4464 1967 4536 ipsis

402 4552 657 4621 iniquitas
684 4551 829 4606 illota
866 4572 878 4606 :
906 4566 1081 4622 neque
1110 4567 1328 4623 regnum
1357 4554 1630 4611 cmlorum-
1662 4557 1962 4624 intrabunt,

401 4644 525 4716 quia
544 4642 815 4698 Christum
841 4643 928 4709 qui
954 4643 1262 4711 introducit,
1286 4648 1472 4703 honori
1501 4664 1606 4704 non
1634 4650 1957 4718 habuerunt;

402 4752 507 4793 non
535 4737 677 4791 enim
710 4734 1053 4789 crediderunt
1076 4734 1272 4790 dicenti
1308 4754 1322 4791 :
1354 4755 1373 4790 ι
1415 4738 1525 4807 Ego
1544 4754 1661 4793 sum
1684 4741 1805 4808 via;
1835 4758 1855 4793 ι
1888 4749 1964 4808 et,

405 4849 425 4884 ι
454 4829 566 4901 Ego
595 4843 711 4884 sum
729 4828 1004 4883 ostium”.
1041 4846 1062 4881 ι
1091 4826 1310 4884 Auferet
1340 4831 1588 4886 similiter
1611 4840 1661 4887 et
1694 4832 1964 4903 gigantem

400 4932 456 4979 et
494 4929 899 4994 praepotentem.
942 4920 1200 4988 Quisnam
1247 4921 1462 4977 demum
1507 4935 1588 4980 est
1647 4923 1735 4977 ille
1783 4924 1969 4994 gigas?

403 5016 524 5085 quis
570 5015 660 5070 ille
709 5012 1053 5084 praepotens?
1103 5012 1362 5082 Equidem
1407 5013 1659 5068 existimo
1697 5013 1965 5084 gigantem

403 5108 583 5163 dicere
615 5121 762 5166 cum.
796 5105 889 5175 qui
917 5108 982 5160 ad
1015 5105 1302 5159 termiumn
1343 5116 1647 5175 metamque
1671 5106 1968 5175 spiritualis

403 5197 735 5252 fortitudinis
764 5198 1028 5265 Pervenit,
1064 5205 1448 5266 praepotentem
1480 5207 1658 5250 autem
1703 5196 1965 5252 minorem

404 5285 562 5357 paulo
588 5301 651 5340 ac
681 5287 1045 5358 dejectiorcm,
1070 5296 1124 5341 et
1158 5287 1259 5342 hac
1288 5301 1407 5357 qua:
1436 5286 1486 5341 in
1524 5285 1614 5341 illo
1658 5287 1971 5356 intelligitur

402 5380 712 5450 praestantia
770 5380 1100 5434 inferiorem.
1164 5378 1464 5449 Unicuique
1519 5378 1661 5433 enim
1726 5388 1966 5434 nostrum

476 5555 522 5587 ’³
552 5553 694 5609 Ps-tl.
719 5569 921 5615 mxvn,
940 5554 1029 5615 24,
1053 5556 1141 5609 25.

409 5638 491 5683 ιιι.
526 5626 577 5678 fi.
654 5625 698 5656 ²⁹
726 5623 880 5677 Joan.
912 5639 964 5685 κ,
1009 5623 1063 5689 9;
1099 5638 1208 5688 xiv,
1240 5624 1293 5677 6.

1220 5557 1264 5586 “
1300 5554 1397 5610 lsa.
1435 5571 1529 5623 xu,
1566 5556 1617 5609 5.
1697 5556 1738 5587 ³⁵
1774 5552 1930 5610 Joan.
1970 5569 2044 5607 tv.

2068 3191 2247 3246 φαμεν
2277 3177 2342 3230 ἐκ
2364 3176 2464 3249 τῆς
2501 3176 2769 3232 Ἰουδαίων
2804 3177 3146 3249 συναγωγῆς,
3182 3177 3337 3248 ἰσχὺν
3361 3174 3528 3246 ἄρτου
3548 3173 3645 3227 καὶ

2070 3264 2224 3335 ἰσχὺν
2253 3266 2462 3331 ὓδατος.
2493 3268 2604 3322 Καὶ
2627 3268 2657 3321 ό
2679 3266 2836 3337 λόγος
2858 3269 2975 3323 ἐστὶ
3008 3267 3289 3340 μυστικὸς.
3324 3265 3515 3337 Ἡμεῖς
3545 3266 3647 3336 μὲν

2067 3356 2175 3427 γὰρ
2210 3359 2261 3410 οί
2291 3356 2379 3411 διὰ
2420 3358 2657 3423 πίστεως
2688 3359 3014 3431 κεκλημένοι
3057 3360 3192 3433 πρὸς
3219 3358 3507 3430 άγιασμὺν,
3551 3356 3645 3411 τὸν

2068 3445 2232 3518 αρτον
2277 3447 2473 3521 ἔχομεν
2504 3449 2595 3505 τὸν
2621 3448 2681 3516 ἐξ
2721 3451 2975 3523 οὐρανοῦ,
3010 3450 3157 3505 τοῦτ’
3205 3450 3343 3512 ἔστι,
3386 3448 3641 3520 Χριστὸν,

2066 3540 2185 3613 ήτοι
2224 3541 2285 3596 τὸ
2333 3542 2493 3614 σῶμα
2519 3543 2707 3598 αὑτοῦ.
2747 3544 2811 3598 El
2842 3545 2901 3600 δὲ
2945 3544 3008 3615 δή
3033 3561 3117 3608 τις
3164 3543 3359 3615 ἔροιτο,
3400 3542 3645 3606 ποίατὶς

2069 3637 2220 3690 ἐστιν
2256 3638 2291 3706 ή
2331 3635 2488 3707 ἰσχὺς
2531 3636 2719 3701 αὐτοῦ,
2768 3637 2949 3709 φαμὲν
2986 3638 3070 3692 ὅτι
3116 3635 3409 3701 ζωοποιός.
3454 3634 3644 3688 Δίδωσι

2067 3727 2176 3801 γὰρ
2209 3728 2287 3800 τῷ
2314 3729 2506 3802 κόσμῳ
2535 3729 2700 3801 ζωήν.
2736 3731 3011 3802 Πρόσιμεν
3040 3728 3096 3782 δὲ
3124 3728 3325 3799 ὁμοίιος
3343 3728 3437 3781 καὶ
3458 3729 3526 3799 τῇ
3556 3725 3644 3779 διὰ

2067 3818 2175 3874 τοῦ
2195 3821 2352 3889 ἁγίου
2377 3819 2753 3893 βαπτίσματος
2779 3821 2982 3891 χάριτι,
3008 3820 3102 3873 τοῦ
3130 3820 3448 3888 ἁγιάζοντος
3475 3821 3644 3892 ἡμᾶς,

2068 3909 2258 3975 ὓδατος
2285 3911 2384 3983 τὴν
2406 3912 2567 3983 -ισχὺν
2594 3907 2734 3968 εἶναι
2761 3913 3009 3985 λέγοντες
3037 3911 3322 3989 ἁμαρτιῶν
3356 3912 3638 3971 ἀπόθεσιν,

2067 4005 2421 4076 ἀναγέννησιν
2452 4004 2550 4078 τὴν
2598 4006 2993 4080 πνευματικὴν,
3028 4012 3108 4074 είς
3150 4011 3501 4083 συμμορφίαν
3544 4006 3643 4083 τὴν

2068 4096 2205 4167 πρὸς
2230 4095 2391 4150 αὑτὸν
2424 4095 2516 4151 τὸν
2543 4099 2793 4170 Χριστόν.
2831 4100 2939 4155 Καὶ
2976 4100 3198 4172 προσέτι
3231 4102 3463 4168 τούτοις,
3498 4106 3642 4175 τταρ-

2071 4188 2262 4261 ῥησίας
2287 4187 2486 4244 εἴσοδον
2510 4191 2589 4253 είς
2610 4190 2708 4263 τὴν
2728 4191 2835 4247 τῶν
2855 4192 3102 4264 οὐρανῶν
3131 4193 3433 4264 βασιλείαψ
3463 4214 3482 4247 t
3516 4196 3644 4250 Ἐάν

2067 4281 2179 4355 γὰρ
2207 4283 2281 4354 μή
2319 4300 2423 4348 τις,
2460 4302 2479 4337 ι
2517 4284 2670 4356 φησι,
2702 4304 2721 4337 ι
2756 4287 2991 4358 γεννηθῇ
3029 4285 3091 4352 ἐξ
3125 4286 3315 4351 ὓδατος
3359 4287 3452 4341 καὶ
3483 4288 3645 4342 πνεῦ-

2072 4392 2259 4446 ματος,
2290 4376 2354 4429 οὔ
2397 4375 2620 4431 δύναται
2657 4377 2919 4432 εἰσελθεῖν
2974 4380 3057 4443 είς
3088 4380 3201 4450 τὴν·
3234 4378 3508 4450 βασιλείαν
3547 4380 3642 4434 τοῦ

2068 4462 2226 4518 Θεοῦ.
2263 4481 2297 4516 t-
2338 4463 2691 4535 Ἐστέρηνται
2718 4465 2981 4521 τοίνυνκοί
3027 4467 3272 4521 Ἰουδαῖοι
3311 4468 3421 4522 τῶν
3468 4470 3642 4523 τοιού-

2065 4572 2174 4609 των
2202 4555 2442 4624 ἀγαθῶν.
2471 4557 2551 4609 os
2575 4557 2683 4627 γὰρ
2711 4555 2825 4610 ἔστι
2862 4559 2994 4629 παρ’
3036 4560 3222 4622 αὐτοῖς
3251 4561 3405 4630 ἰσχὺς
3451 4560 3640 4632 ἄρτου,

2064 4647 2209 4701 τοῦτ’
2236 4647 2406 4713 ἔστιν,
2436 4649 2469 4719 ή
2495 4649 2551 4702 ὲν
2585 4647 2815 4719 Χριστῷ
2832 4648 3174 4721 ζωοποεησις.
3200 4651 3315 4704 Οὐκ
3339 4649 3521 4722 ἔχουσι
3544 4652 3645 4723 τὴν

2067 4737 2260 4803 ὕδατος
2318 4737 2490 4809 ἰσχύνο
2541 4739 2933 4812 άπομεμένηκε
2971 4739 3080 4812 γὰρ
3118 4743 3251 4812 παρ’
3291 4741 3475 4807 αὐτοῖς
3513 4744 3644 4797 ἀνα-

2068 4830 2326 4894 πόνιπτος
2349 4830 2613 4902 ἁμαρτία.
2636 4832 2751 4885 Οὐκ
2777 4830 3146 4887 είσελάσουσιν
3166 4833 3248 4897 είς
3268 4832 3367 4906 τὴν
3399 4832 3644 4905 οὐρανῶν

2076 4924 2365 4996 βασιλείαν,
2412 4923 2507 4977 τὸν
2549 4922 2928 4992 εἰσκομίζοντα
2962 4923 3195 4996 Χριστὸν
3245 4926 3639 4996 ἀτιμάσαντες·

2071 5014 2133 5068 οὐ
2165 5013 2274 5085 γὰρ
2321 5012 2600 5066 ἐπίστευον
2625 5010 2858 5080 λέγοντν
2892 5031 2912 5065 ι
2960 5012 3104 5083 Ἐγώ
3150 5014 3266 5085 εἰμι
3311 5015 3343 5084 ή
3383 5014 3519 5078 ὁδὸς,
3547 5013 3645 5068 καὶ

2074 5105 2184 5174 ἐγώ
2209 5107 2325 5175 είμι
2363 5105 2396 5175 ή
2433 5103 2589 5178 θύρα.
2625 5123 2644 5156 ι
2689 5104 2907 5175 Ἀφελεῖ
2949 5104 3007 5158 δὲ
3045 5106 3248 5176 ὁμοίως
3285 5105 3515 5173 γίγαντα
3548 5104 3642 5158 καὶ

2079 5198 2347 5267 ἰσχύοντα.
2378 5193 2511 5251 Εἶτα
2533 5196 2617 5261 τίς
2652 5196 2682 5250 ὁ
2709 5196 2902 5266 γίγας;
2926 5195 3009 5260 τίς
3039 5196 3096 5250 δὲ
3129 5196 3225 5249 καὶ
3246 5195 3277 5249 ό
3304 5195 3520 5265 ἓτερος;
3547 5191 3643 5250 οξ.

2077 5306 2176 5358 μαι
2199 5287 2261 5359 δὴ
2300 5284 2392 5342 οὖν
2415 5289 2588 5359 ἔγωγε
2629 5289 2861 5359 γίγαντα
2911 5288 3011 5360 μὲν
3029 5287 3311 5358 ὀνομάζειν
3329 5287 3422 5340 τὸν
3443 5289 3523 5351 εἰς
3551 5287 3646 5359 λῆ-

2078 5376 2156 5442 ξιν
2188 5378 2369 5449 ίσχύος
2396 5379 2598 5451 ἥκοντα
2632 5379 2732 5449 τῆς
2758 5377 3154 5449 πνευματικῆς,
3183 5376 3433 5449 ίσχύοντα
3468 5378 3524 5432 δὲ
3555 5378 3644 5431 τὸν

2076 5554 2269 5611 15.Η.
2347 5552 2794 5619 ²⁶Μειιι1ι.ιν,ιί.
2872 5552 2981 5608 "ll
3008 5552 3134 5609 Cor.
3161 5552 3349 5619 112,14.
3427 5550 3648 5608 "Joau.
