4012 6216
376 276 445 332 97
1528 284 1607 339 'lN
1647 281 1879 340 ISAIAM
1917 280 2045 338 L‘IB.
2076 284 2130 337 Ἰ.
2171 283 2382 340 (lliA'l‘.
2422 286 2488 342 ﬂ.
3547 301 3613 355 ου

376 396 758 469 ὑποὸεὸηκότα
806 397 998 469 βραχὺ,
1036 402 1128 453 καὶ
1167 401 1264 472 τῆς
1309 403 1368 454 ἐν
1413 402 1608 470 ἐκείνῳ
1659 401 1935 473 νοουμένης

2058 416 2307 458 mensura
2343 405 2526 473 gratia:
2558 422 2588 459 a
2626 406 2731 462 Dco
2756 408 2878 464 data
2911 419 3010 465 est.
3043 410 3219 481 Atque
3248 414 3362 469 'hoc
3388 418 3610 487 perspi-

376 488 654 561 ὒπεροχῆς
706 488 1049 558 ἡττώμενον.
1105 490 1353 561 Ἐκάστῳ
1394 491 1503 563 γὰρ
1548 490 1705 564 ἡμῶν
1747 492 1935 545 δέδοταη

2053 508 2214 548 cuum
2264 496 2421 551 nobis
2456 498 2630 553 reddit
2658 501 3087 568 sapientissimus
3114 503 3345 572 Paulus,
3384 509 3609 566 dicens:

378 577 699 651 παρὰ-Θεοῦ
748 580 974 651 χάριτος
1012 581 1230 652 μέτρον.
1268 580 1439 636 Τοῦτο
1483 584 1614 654 ἡμῖν
1655 583 1884 654 ἐναργὲς
1923 586 1935 636 t'

2058 601 2076 634 ι
2109 582 2245 639 Volo
2265 594 2442 640 autem
2468 601 2657 642 omnes
2683 589 2930 644 homines
2956 606 3077 647 esse
3104 594 3246 649 sicut
3263 605 3319 649 et
3341 612 3442 674 ego
3454 612 3613 665 sum;

375 673 685 742 σοφώτατος
697 671 908 735 Παῦλος
924 673 1231 745 καθίστησι,
1248 675 1439 742 λέγων’
1463 693 1482 728 ι
1504 675 1725 728 eamea
1745 676 1935 739 πάντας

2054 687 2243 728 verum
2277 670 2649 747 unusquisque
2672 690 2911 735 nostrum
2939 683 3210 751 peculiare
3233 670 3615 746 habet-donum

372 763 694 835 ἀνθρώπους
713 759 854 817 εἶναι
880 763 956 828 ὡς
980 766 1074 818 καὶ
1107 766 1341 835 ἐμαυτόν
1356 782 1375 801 ο
1405 765 1520 821 ἀλλ’
1535 766 1760 830 ἕκαστος
1778 766 1935 837 ιήμῶπ

2049 776 2079 814 a
2111 761 2243 830 Deo,
2277 762 2364 820 hic
2381 766 2597 834 quidem
2629 769 2729 837 sic,
2753 769 2890 827 alius
2910 787 3038 829 vero
3067 775 3147 830 sic
3169 777 3257 835 "‘.
3274 795 3303 830 -ι
3328 778 3421 834 Est
3447 780 3613 836 etiam

374 854 504 910 ἴδιον
524 855 639 925 ἔχει
662 855 908 928 χάρισμα
926 855 1035 909 ἀπὸ
1047 855 1202 921 Θεοῦ,
1221 858 1250 910 δ
1270 859 1369 928 μὲν
1382 856 1575 922 οὕτως,
1593 859 1622 911 6
1639 856 1900 921 δὲτοῦτως.
1917 876 1935 910 ,ι

2048 851 2318 910 familiare
2379 856 2674 927 Scriptura:
2716 861 2974 920 divinitus
3017 866 3322 937 inspirata,
3364 872 3614 942 gigantes

375 945 537 1009 Ἕθος
564 946 624 1000 δὲ
672 945 768 998 καὶ
815 944 1016 1014 ἑτέρως
1060 949 1127 1017 τῇ
1183 946 1525 1020 θεοπνεύστῳ
1575 949 1789 1021 Γραφῇ,
1820 949 1935 1012 τοὺς

2050 944 2250 1015 alioqui
2288 948 2690 1017 appellareeos
2719 952 2810 1022 qui
2840 964 2965 1008 sunt
3002 957 3388 1015 robustissimi.
3426 961 3613 1032 Siqui-

370 1035 511 1103 ἄγαν
550 1034 1006 1098 εὐσθενεστάτους
1036 1035 1299 1104 γίγαντας
1333 1037 1649 1093 ἀποκαλεῖν.
1678 1038 1787 1094 Kal
1813 1036 1935 1106 γοῦν

2045 1036 2165 1092 dem
2190 1036 2327 1093 dixit
2348 1040 2414 1093 de
2441 1040 2525 1096 bis
2542 1040 2857 1113 Babyloniis
2876 1044 2984 1119 54
2998 1048 3087 1116 qui
3108 1046 3414 1106 Iudaeorum
3436 1053 3614 1124 regio-

370 1128 473 1197 εαρη
501 1142 605 1180 που
643 1125 774 1188 Θεὸς
801 1127 929 1197 περὶ
953 1125 1063 1180 τῶν
1096 1129 1161 1181 ἐκ
1189 1128 1507 1193 Βαϐυλῶνος
1545 1146 1935 1200 καταστρατευ‹

2045 1140 2165 1181 nem
2195 1141 2587 1201 expugnarant,
2624 1151 2643 1184 ι
2665 1132 2924 1205 Gigantes
2954 1140 3255 1197 veniuntad
3285 1143 3610 1212 explendum

371 1218 580 1272 σάντων
590 1215 690 1286 τῆς
712 1214 977 1271 Ἰουδαίων
1001 1216 1202 1289 χώραςσ
1216 1235 1243 1269 ‹
1254 1216 1519 1287 Γίγαντες
1534 1217 1782 1289 ἔρχονται
1808 1215 1935 1287 πλη-

2042 1214 2282 1272 l’urorem
2301 1234 2500 1287 meum,
2521 1224 2816 1292 gaudentes
2844 1228 3002 1283 simul
3031 1240 3087 1285 et
3124 1233 3511 1291 insultantes.»
3530 1235 3611 1293 Et

371 1309 544 1379 ρῶσαι
564 1308 659 1363 τὸν
671 1307 841 1378 θυμόν
864 1325 985 1377 μου,
1006 1309 1289 1379 χαίροντες
1315 1308 1433 1380 ἅμα
1460 1309 1552 1362 καὶ
1569 1306 1900 1380 ὑϐρίζοντες.
1916 1325 1935 1359 ι

2042 1303 2518 1376 Psalmigraphus:
2551 1327 2569 1360 ι
2593 1312 2898 1369 Exsultabit
2921 1326 2976 1369 (ιι
3002 1318 3154 1386 gigas
3183 1320 3250 1375 ad
3279 1322 3607 1379 currendum

372 1400 481 1453 Kal
517 1399 625 1470 μὴν
657 1401 752 1455 καὶ
787 1397 1124 1481 δΨαλμῳδός
1142 1416 1155 1430 ·
1180 1418 1200 1452 ι
1241 1399 1651 1471 ’Δγαλλιάσεται
1671 1399 1743 1464 ὡς
1778 1400 1935 1469 γίγας

2043 1395 2183 1448 viam
2206 1412 2358 1449 suam
2378 1398 2446 1452 ³⁸.
2469 1417 2488 1450 ι
2511 1398 2624 1455 Nec
2646 1411 2767 1457 erat
2790 1405 2927 1473 apud
2946 1403 3162 1464 Judacos
3182 1409 3408 1465 bellator
3423 1413 3503 1467 vel
3524 1413 3608 1481 juo

367 1492 595 1562 δραμεῖν
621 1492 753 1545 δδδνι
780 1477 967 1545 αὑτοῦ.
1000 1510 1020 1542 ι
1052 1490 1166 1544 Οὐκ
1205 1492 1358 1544 ἔσται
1386 1490 1441 1544 δὲ
1476 1490 1626 1562 παρὰ
1653 1492 1765 1554 τοῖς
1805 1491 1935 1543 ἰου-

2039 1482 2291 1540 den-Nos
2310 1485 2450 1540 enim
2479 1488 2570 1559 qui
2596 1489 2699 1543 lide
2720 1487 3005 1546 Dominum
3034 1494 3295 1549 virtutum
3322 1477 3605 1567 coluimus4

367 1584 537 1647 δαίοις
561 1584 629 1637 οὐ
662 1582 1012 1654 πολεμιστὴς,
1043 1583 1105 1636 οὐ
1138 1581 1422 1653 δικαστής.
1464 1583 1655 1653 Ἡμεῖς
1698 1581 1801 1653 μὲν
1827 1581 1935 1655 γάρ

2037 1575 2107 1630 ab
2130 1590 2195 1631 eo
2219 1578 2433 1634 nervosi
2458 1581 2731 1639 reddimur
2754 1599 2768 1635 :
2791 1592 2843 1636 et
2866 1582 3044 1638 idonei
3062 1582 3325 1641 elﬁcimur
3350 1588 3416 1642 ad
3437 1602 3606 1660 ορριμ

367 1676 416 1727 el
442 1677 508 1744 τῇ
526 1673 717 1727 πίστει
745 1674 1099 1744 τετιμηκότες
1134 1672 1225 1728 τὸν
1250 1672 1360 1727 τῶν
1387 1672 1668 1744 δυνάμεων
1706 1674 1932 1746 Κύριον,

2037 1670 2310 1737 gnandum
2345 1685 2540 1740 pravas
2578 1672 2926 1743 impurasque
2967 1684 3281 1745 potestates.
3325 1697 3345 1732 ι
3376 1674 3490 1737 Nec
3521 1689 3607 1737 est

370 1736 705 1838 νευρούμεθα
749 1736 880 1837 «ap;
911 1736 1097 1828 άΰτοῦ,
1129 1765 1224 1819 καὶ
1261 1765 1433 1819 ἱκανοὶ
1462 1736 1599 1835 πρὸς
1622 1736 1934 1822 ἀντίστασιν

2035 1753 2177 1812 enim
2209 1757 2371 1814 nobis
2407 1759 2550 1816 lucta
2592 1763 2853 1818 adversus
2902 1766 3217 1835 sanguinem
3264 1777 3321 1824 et
3361 1784 3602 1837 carnem,

367 1852 800 1925 ἀποτελούμεοα,
822 1855 922 1924 τὴν
949 1854 1085 1926 πρός
1104 1871 1169 1923 γε
1196 1854 1292 1918 τὰς
1316 1854 1559 1925 πονηράς
1578 1855 1671 1908 καὶ⁵
1692 1855 1935 1927 ἀκαθάρ-

365 1961 492 2008 τους
537 1944 815 2014 δυνάμεις.
852 1963 871 1995 ι
912 1943 987 1997 Οὐ
1028 1943 1137 2015 γάρ
1187 1944 1336 1997 ἐστιν
1376 1945 1509 2015 ἡμῖν
1534 1946 1568 2016 ἡ
1601 1944 1748 2015 πάλη
1797 1945 1933 2017 πρὸς

366 2029 507 2106 αἷμα
546 2035 652 2089 καὶ
700 2034 899 2106 σάρκα,
934 2033 1069 2089 ἀλλὰ
1112 2034 1247 2106 πρὸς
1292 2034 1392 2099 τὰς
1431 2035 1622 2107 ἀρχὰς,
1655 2036 1789 2107 πρὸς
1833 2038 1934 2101 τάς

366 2125 639 2193 ἐξουσίας,
656 2123 789 2196 πρὸς
806 2124 932 2188 τοὺς
949 2125 1392 2197 κοσμοκράτορας
1405 2124 1498 2181 τοῦ
1520 2126 1743 2190 σκότους
1759 2143 1772 2157 ·
1798 2126 1934 2198 πρὸς

368 2216 441 2272 τὰ
466 2214 809 2286 πνευματικὰ
834 2216 939 2287 τῆς
980 2216 1243 2287 πονηρίας
1268 2219 1326 2270 ἐν
1360 2219 1473 2279 τοῖς
1511 2216 1869 2288 ἐπουρανίοις.
1905 2234 1925 2270 ι

371 2303 469 2371 Οἷς
492 2304 857 2376 ἀνθιστάμεθα
881 2303 1085 2376 νοητῶς
1114 2308 1225 2368 τοῖς
1252 2306 1355 2375 τῆς
1377 2303 1721 2368 δικαιοσύνης
1747 2303 1933 2367 ὅπλοις

364 2399 783 2472 ἐνηρμοσμένοι,
815 2397 911 2452 καὶ
949 2397 1276 2467 παντευχίαν
1313 2396 1525 2468 ἔχοντες
1561 2396 1661 2467 τὴν
1683 2412 1931 2466 πνευμαι-

366 2491 543 2563 τικήν.
569 2486 673 2545 ’Ὧν
710 2490 825 2544 .καὶ
866 2491 895 2546 ὁ
917 2488 1201 2553 θεσπέσιος
1248 2488 1459 2553 Παῦλος
1494 2487 1930 2561 διαμνημονεύει

366 2581 563 2651 λέγων·
591 2600 612 2634 ι
633 2579 805 2650 Στῆτε
831 2575 1366 2651 οῦνπεριεζωσμένοι
1386 2580 1483 2650 τὴν
1500 2581 1668 2648 ὀσφὺν
1694 2580 1847 2651 ὑμῶν
1868 2583 1930 2639 ἐν

366 2671 608 2745 ἀληθείᾳ.
644 2690 665 2724 s
698 2671 808 2724 Kal
832 2672 902 2725 τά
925 2670 1050 2740 ἑξῆς
1070 2689 1081 2702 ·
1107 2689 1126 2722 ι
1146 2671 1228 2724 Τά
1246 2670 1354 2742 γὰρ
1373 2671 1510 2725 ὅπλα
1532 2673 1689 2743 ἡμῶν
1713 2673 1774 2728 οὐ
1806 2690 1933 2744 σαρ-

367 2764 519 2826 κικὰ,
556 2762 692 2817 ἀλλὰ
717 2761 919 2815 δυνατὰ
963 2761 1042 2832 τῷ
1072 2761 1221 2831 Θεῷέ
1273 2763 1366 2817 καὶ
1395 2765 1453 2816 ἐν
1486 2764 1649 2834 σαρκὶ
1696 2781 1931 2835 περιπα-

370 2854 602 2919 τοῦντες,
625 2854 689 2907 οὐ
711 2853 853 2907 κατὰ
883 2852 1059 2924 σάρκα
1085 2853 1511 2925 στρατευόμεθα.
1543 2873 1562 2907 ι
1589 2854 1745 2927 Παρὰ
1781 2856 1839 2909 δέ
1867 2874 1932 2925 γε

369 2947 475 3008 soi;
520 2943 815 3009 Ἰουδαίοις,
865 2943 1040 3006 οὐδεὶς
1085 2944 1324 3007 τοιοῦτός
1382 2945 1575 3001 ποθεν·
1620 2945 1823 3017 ἀμαχεὶ
1873 2946 1932 3000 δὲ

2034 1848 2128 1904 sed
2157 1850 2416 1907 adversus
2449 1852 2804 1923 principatus,
2835 1864 2893 1910 et
2922 1857 3186 1914 adversus
3226 1862 3601 1927 auctoritates,

2034 1939 2290 1997 adversus
2325 1942 2513 1999 mundi
2545 1945 2812 2013 dominos,
2840 1950 3472 2023 rectoresdeaebrarunr,
3505 1953 3604 2011 ad-

2032 2047 2221 2089 versus
2242 2033 2545 2101 spisitualia
2570 2035 2825 2105 nequitiae
2846 2035 2899 2090 in
2924 2037 3238 2093 caelestibus
3258 2039 3325 2094 ³¹.
3352 2058 3373 2093 ι
3394 2039 3602 2105 Quibus

2028 2122 2250 2194 iustitiae
2278 2124 2449 2180 armis
2464 2126 2746 2191 instructi,
2780 2134 2835 2181 et
2859 2137 3137 2182 armatura
3167 2126 3432 2197 spirituali
3462 2145 3597 2200 prae-

2033 2212 2153 2277 diti,
2189 2211 2598 2283 intelligibiliter
2628 2214 2949 2271 resistimus.
2985 2215 3224 2283 Quorum
3259 2219 3424 2276 etiam
3457 2221 3601 2278 divi-

2032 2318 2133 2357 nus
2165 2301 2366 2359 Paulus
2393 2304 2727 2360 mentionem
2754 2305 2907 2372 fecit,
2940 2306 3124 2363 dicens
3155 2326 3170 2365 :
3206 2327 3226 2361 ι
3258 2307 3411 2367 State
3436 2312 3599 2383 igitur

2031 2391 2193 2447 cincti
2239 2393 2438 2449 lumbis
2474 2394 2671 2450 vestris
2709 2395 2763 2450 in
2801 2395 3030 2450 veritate
3052 2397 3118 2451 “.
3158 2415 3179 2449 ι
3216 2398 3284 2453 Et
3316 2414 3435 2469 quae
3472 2412 3600 2460 sunt

2030 2483 2330 2554 deinceps:
2360 2502 2380 2536 ι
2418 2492 2583 2539 Arma
2623 2486 2767 2541 enim
2816 2496 2999 2543 nostra
3045 2503 3153 2544 non
3188 2491 3464 2559 carnalia,
3502 2495 3597 2552 sed

2033 2577 2271 2645 potentia
2323 2576 2452 2643 Dei;
2488 2586 2542 2632 et
2576 2578 2628 2631 in
2671 2593 2835 2635 carne
2882 2579 3249 2648 ambulantes,
3299 2597 3404 2638 non
3442 2584 3596 2653 juxta

2031 2681 2247 2722 carnem
2300 2668 2595 2724 militamus
2618 2669 2684 2724 ³³.
2728 2687 2750 2721 ι
2787 2669 2938 2739 Apud
2978 2668 3202 2728 Judaeos
3244 2688 3395 2743 vero,
3438 2691 3601 2734 nemo

2031 2757 2296 2828 ejusmodi
2343 2774 2576 2829 unquam
2620 2759 2756 2825 fuit,
2803 2762 2898 2817 sed
2942 2763 3079 2817 citra
3123 2779 3357 2836 pugnam
3399 2769 3599 2824 cedunt

2033 2849 2311 2905 victoriam
2340 2851 2485 2909 omni
2518 2850 2827 2921 ingruenti,
2870 2853 3095 2921 suisque
3139 2854 3277 2911 adeo
3317 2855 3595 2913 indomitis

2036 2940 2889 3014 voluptatibus.Neequemquam
2918 2958 3135 3014 norunt,
3158 2949 3249 3016 qui
3276 2959 3424 3006 recte
3448 2953 3599 3008 novit

364 3036 551 3108 ῶσπερ
593 3034 1017 3107 παραχωροῦσιν
1044 3036 1135 3092 ἀεὶ
1174 3035 1239 3089 τὸ
1275 3037 1430 3107 νικᾷν
1459 3036 1620 3091 παντὶ
1654 3036 1732 3107 τῷ
1768 3055 1931 3111 προσ-

2032 3031 2301 3102 judicare,
2343 3033 2425 3088 vel
2474 3034 2526 3087 in
2561 3036 2721 3090 rebus
2757 3036 2809 3090 iu
2852 3038 3033 3091 animo
3058 3040 3276 3109 positis,
3306 3040 3389 3096 vel
3432 3042 3596 3097 etiam

364 3127 631 3192 δάλλονιτι,
662 3128 759 3181 καὶ
786 3129 906 3191 ταῖς
950 3126 1100 3197 σφῶν
1146 3127 1323 3181 αὐτῶν
1359 3127 1671 3191 ἁτιθάσσοις
1697 3129 1928 3199 ἡδοναῖς.

367 3217 482 3274 οὐδ’
518 3216 588 3273 ἂν
622 3215 776 3288 εὕροι
819 3232 908 3281 τις
959 3217 1090 3288 παρ’
1120 3216 1304 3281 αὐτοῖς
1338 3217 1429 3272 τὸν
1477 3217 1654 3272 εἰδότα
1689 3216 1931 3281 δικάζειν

366 3309 555 3383 ὀρθῶς,
584 3308 621 3380 ἢ
642 3310 763 3372 ,τοῖς
786 3308 875 3371 είς
898 3306 1024 3362 νοῦν
1057 3307 1349 3379 κειμένοις,
1384 3309 1551 3380 ῆγουν
1580 3312 1692 3373 τοῖς
1737 3308 1932 3375 ἔξωθεν

368 3400 457 3453 καὶ
483 3400 762 3471 βιωτικοῖς
787 3397 1126 3469 πράγμασιν.
1175 3398 1526 3470 Είστρέχουσι
1574 3398 1674 3469 μὲν
1704 3397 1812 3469 γὰρ
1841 3398 1932 3452 τὸν

361 3488 700 3563 ἀνθρώπινον
750 3488 875 3545 νοῦν
902 3489 1128 3544 κεκτοποί
1168 3507 1228 3557 τε
1277 3490 1372 3545 καὶ
1424 3491 1649 3561 πονηροὶ
1702 3489 1932 3559 διαλογι-

370 3583 518 3653 σμοὶ,
548 3583 645 3636 καὶ
681 3580 854 3645 δεινὸς
883 3581 1208 3653 ἀκαθάρτων
1257 3578 1561 3653 ἐπιθυμιῶν
1582 3581 1813 3653 διακυκλᾷ
1845 3581 1931 3634 06-

375 3671 555 3744 ρνὸοςο
585 3670 719 3733 ἀλλὰ
746 3671 843 3732 τοῦ
873 3674 972 3745 μὲν
1024 3673 1192 3744 σοφοῦ
1244 3674 1339 3736 καὶ
1380 3673 1656 3740 ἐπιεικοῦς
1705 3673 1932 3745 ἔστηκεν

369 3763 402 3821 ὁ
430 3762 577 3829 νοῦς,
605 3760 697 3820 οἶά
722 3780 802 3829 τις
822 3764 1028 3837 ικριτὴς
1054 3748 1361 3837 δοκιμάζων
1399 3766 1622 3831 ἕκαστα,
1662 3766 1756 3819 καὶ
1789 3782 1931 3837 παρ-

368 3853 688 3924 αιτούμενος
734 3855 833 3932 μὲν
874 3858 936 3912 τὸ
986 3857 1187 3927 φαῦλον
1212 3897 1229 3923 ,
1284 3858 1510 3930 ἀρρήτῳ
1554 3857 1610 3911 δὲ
1646 3857 1812 3930 ψήφῳ
1871 3857 1931 3911 τὸ

366 3949 635 4021 χρήσιμον
674 3948 973 4019 στεφανῶν.
1024 3949 1463 4019 ’Δνεπιτήδευτον
1506 3948 1784 4013 παντελῶς
1836 3951 1931 4004 καὶ

362 4038 517 4093 τοῦτό
538 4041 659 4093 ἐστι
709 4039 862 4112 παρά
891 4056 960 4108 ,γε
999 4042 1110 4104 τοῖς
1149 4038 1414 4099 Ἰουδαίων
1455 4039 1666 4113 δήμοις.
1695 4039 1773 4095 οὐ
1820 4039 1930 4111 γάρ

361 4133 476 4186 ἐστι
511 4131 632 4203 μετ’
665 4129 845 4185 αὐτῶν
868 4132 898 4185 ὀ
933 4132 1026 4185 καὶ
1064 4131 1197 4203 πρὸς
1227 4130 1387 4185 τοῦτο
1412 4133 1561 4202 ἡμᾶς
1602 4131 1924 4186 ἀπευθύνων

360 4223 512 4287 Θεὸς,
542 4222 662 4277 ἀλλ’
702 4221 817 4278 οὐδ’
859 4222 926 4277 ἂν
953 4224 1003 4276 εί
1037 4222 1129 4277 καί
1173 4222 1354 4277 τιτῶν
1402 4222 1599 4288 ἔξωθεν
1632 4223 1931 4295 διαγυμνάο-

362 4314 507 4379 ζοιτὸ
531 4331 671 4377 πως.
705 4313 1022 4385 δοκιμάζειν
1052 4314 1197 4369 ῐσασι
1224 4315 1285 4368 τὺ
1327 4316 1643 4388 ἀμωμήτως
1673 4315 1796 4388 ἔχον
1833 4316 1930 4371 καὶ

2033 3124 2293 3189 extentis,
2323 3132 2376 3177 et
2402 3124 2468 3178 ad
2502 3124 2665 3179 vitam
2693 3124 3107 3194 pertinentibus.
3138 3125 3422 3185 lncursaut
3452 3135 3596 3189 enim

2032 3216 2326 3273 humanam
2369 3223 2604 3270 mentem
2647 3216 2855 3271 vitiosa:
2888 3228 2941 3273 et
2976 3218 3278 3288 depravata:
3318 3222 3597 3290 cogitatio~

2033 3323 2153 3376 nes,
2184 3318 2238 3363 et
2273 3307 2453 3378 gravis
2487 3306 2884 3362 immundarum
2917 3310 3271 3379 cupiditatum
3303 3311 3596 3368 tumultua-

2036 3400 2111 3455 tio
2146 3398 2455 3476 coufundit,
2499 3399 2613 3454 imo
2655 3412 2686 3453 a
2735 3399 3019 3468 prudentia
3054 3410 3109 3457 et
3147 3401 3407 3458 modestia
3445 3418 3597 3460 mens

2031 3495 2252 3560 excidit,
2285 3509 2404 3564 quae
2426 3496 2576 3551 velut
2601 3492 2766 3563 judex
2796 3493 3061 3563 quaepiam
3089 3496 3338 3566 explorat
3364 3495 3597 3567 singula.

2033 3586 2234 3644 malum
2275 3586 2596 3655 repudians,
2634 3586 2839 3655 optimo
2880 3584 3086 3640 calculo
3121 3585 3265 3641 .utile
3311 3601 3596 3643 coronans.

2033 3674 2147 3730 Hoc
2180 3686 2357 3729 tamen
2388 3690 2416 3728 a
2449 3674 2673 3731 Judaico
2698 3674 2891 3743 popqu
2916 3674 3136 3731 omnino
3164 3674 3466 3745 neglectum
3488 3688 3593 3735 est.

2029 3763 2148 3820 Non
2193 3766 2336 3820 enim
2384 3775 2469 3821 est
2518 3781 2640 3819 cum
2690 3765 2829 3829 illis,
2859 3764 2950 3835 qui
2998 3765 3063 3819 ad
3100 3765 3204 3821 hoc
3241 3780 3340 3822 nos
3383 3765 3595 3839 dirigit,

2029 3855 2198 3913 Deus.
2228 3854 2335 3910 Sed
2359 3870 2458 3910 nec
2489 3855 2534 3911 si
2558 3854 2687 3928 quid
2715 3869 2893 3910 rerum
2906 3865 3258 3911 externarum
3285 3867 3593 3927 exercetur,

2030 3947 2259 4019 probare
2282 3946 2461 4002 sciunt
2496 3945 2624 4016 quid
2652 3945 3163 4016 irreprehensibile,
3197 3949 3327 4019 quid
3356 3948 3468 4006 Deo
3503 3965 3595 4006 ac-

2030 4046 2247 4109 ceptum
2287 4035 2378 4091 sil.
2404 4035 2504 4102 Qui
2533 4035 2677 4091 enim
2723 4035 2924 4090 scirent
2956 4050 3143 4091 verum
3191 4036 3326 4107 legis
3369 4051 3593 4106 scopum

2032 4130 2110 4197 lii,
2135 4130 2226 4199 qui
2275 4127 2634 4198 legislatorem
2672 4126 3310 4197 oﬂenderutit2Eamque
3347 4128 3416 4182 ob
3457 4143 3593 4200 rem,

2031 4222 2177 4277 omni
2235 4217 2618 4288 intelligentia,
2660 4230 2938 4271 sacrarum
2981 4216 3197 4286 inquam
3238 4215 3594 4284 Litterarum,

2032 4313 2227 4385 privati
2256 4319 2380 4367 sunt
2413 4309 2555 4364 haud
2585 4309 2877 4363 immerito.

359 4410 594 4482 ἀρέσκον
640 4409 761 4480 Θεῷ
781 4425 797 4442 ⁶
845 4410 963 4474 πῶς
994 4410 1101 4483 γὰρ
1130 4409 1317 4463 εἰδεῖεν
1363 4410 1454 4464 τὸν
1483 4410 1682 4483 ἀκριϐῆ
1714 4410 1806 4466 τοῦ
1834 4413 1997 4485 νόμου
2038 4409 2261 4473 σκοπὸν,
2289 4407 2337 4461 οἱ
2384 4403 2462 4476 τῷ
2514 4402 2777 4475 νομοθέτῃ
2820 4400 3322 4474 προσκεκρουκότες
3341 4441 3358 4467 ,
3393 4401 3595 4475 ταύτης

359 4521 418 4560 τε
453 4506 617 4561 ἕνεκα
664 4506 765 4577 τῆς
797 4506 975 4571 αἰτίας
1026 4506 1289 4570 συνέσεως
1331 4505 1568 4578 ἁπάσης,
1611 4510 1712 4578 τῆς
1764 4507 1859 4562 ἐπί
1891 4506 1957 4577 γέ
1990 4523 2135 4578 φημι
2171 4505 2284 4567 τοῖς
2318 4502 2481 4569 ἱεροῖς
2508 4496 2827 4571 Γράμμασι,
2861 4495 3084 4560 δικαίως
3111 4495 3501 4569 ἐστερημένοις

445 4688 684 4759 Ἀφελεῖ
708 4688 777 4749 δὲ
804 4690 1036 4758 ὁμοίως,
1087 4690 1241 4758 φησὶ,
1297 4690 1443 4755 πρὸς
1484 4692 1671 4753 τούτῳ
1706 4686 1935 4757 προφή-

2108 4684 2273 4740 Vens.
2313 4680 2430 4735 2-4.
2481 4678 2695 4747 Auferet
2739 4676 2896 4730 etiam
2938 4683 3208 4744 pransum,
3252 4673 3447 4743 inquit,
3477 4689 3592 4743 pra-

362 4794 495 4845 την,
535 4780 634 4831 καὶ
663 4775 1036 4846 στοχαστὴν,
1069 4776 1167 4829 καὶ
1205 4777 1628 4844 πρεσϐύτερον,
1658 4774 1760 4829 καὶ
1802 4787 1937 4829 ater-

2032 4775 2241 4843 phetam
2282 4780 2332 4826 et
2376 4771 2740 4837 conjectorem,
2784 4778 2833 4821 et
2879 4766 3155 4832 seniorem,
3198 4772 3249 4818 et
3293 4764 3599 4835 prafeetum

363 4869 805 4937 τηκόνταρχον,
866 4867 968 4920 καὶ
1008 4868 1359 4936 θαυμαστὸν
1400 4866 1780 4935 σύμϐουλον,
1837 4865 1935 4920 καὶ

2034 4864 2572 4937 quinquagenarium,
2619 4872 2666 4917 et
2721 4860 3084 4921 admirabilem
3122 4860 3508 4925 consiliarium,
3549 4868 3599 4915 et

361 4959 560 5026 σορὸν
603 4956 1012 5025 ἀρχιτέκτονα,
1061 4957 1157 5010 καί
1190 4956 1453 5012 συνετὸν
1485 4955 1805 5031 ἀκροατήν·
1836 4955 1935 5011 καί

2034 4955 2329 5022 sapientem
2378 4952 2746 5015 architectum,
2786 4962 2834 5007 et
2883 4966 3105 5021 gnarum
3153 4950 3445 5003 auditorem
3488 4960 3508 4999 :
3548 4956 3599 5005 el

355 5044 670 5113 ἐπιστήσω
706 5046 1067 5111 νεανίσκους
1111 5044 1406 5112 ἄρχοντας
1433 5040 1651 5107 αὐτῶν,
1697 5042 1796 5098 καὶ
1834 5042 1936 5112 ἐμ-

358 5138 601 5194 παῖκται
628 5138 1060 5205 κυριεύσουσιν
1081 5136 1297 5193 αὐτῶν.

436 5230 552 5284 Ὅτι
594 5231 692 5301 μὲν
729 5225 822 5283 οὖν
862 5229 1119 5300 ἐξῄρηται
1162 5226 1463 5299 προφητεία
1514 5226 1612 5297 τῆς
1663 5225 1929 5281 Ἰουδαίων

360 5320 711 5392 Συναγωγῆς,
745 5320 847 5375 οὑκ
876 5319 942 5372 ἂν
971 5317 1259 5373 ἐνδοιάσειέ
1295 5334 1398 5381 τις,
1432 5316 1594 5371 αὐτοῦ
1635 5315 1929 5387 διακεκρα-

2034 5046 2348 5100 constituam
2373 5043 2783 5103 adolescentulos
2813 5041 3071 5118 principes
3100 5055 3300 5105 eorum,
3334 5047 3380 5090 et
3413 5034 3602 5090 illuso.

2037 5153 2116 5191 res
2150 5133 2560 5189 dominabuntur
2590 5135 2716 5194 illis.

2107 5224 2418 5295 55ltaque
2437 5223 2768 5293 prophetiam
2795 5236 2861 5279 ex
2895 5218 3112 5273 Judaica
3149 5217 3428 5291 Synagnga
3463 5216 3597 5275 sub.

2037 5315 2201 5370 latam
2225 5330 2366 5379 esse,
2396 5330 2502 5369 non
2542 5326 2625 5369 est
2657 5329 2752 5371 cur
2780 5314 2985 5369 dubitet
3014 5311 3157 5379 quis,
3211 5325 3332 5365 cum
3369 5324 3454 5365 res
3483 5310 3600 5379 ipsa

356 5408 519 5478 γότος
540 5410 634 5467 τοῦ
664 5411 1008 5483 πράγματος.
1029 5410 1091 5464 Οί
1115 5408 1214 5480 μὲν
1238 5408 1347 5482 γὰρ
1369 5408 1627 5478 μακάριοι
1657 5410 1930 5478 προφῆται

2037 5408 2296 5462 οιοηιίιοι.
2334 5405 2482 5467 Beati
2525 5420 2756 5471 namque
2798 5403 3071 5472 propheta:
3097 5401 3224 5455 olim
3253 5398 3435 5457 Jcsum
3464 5414 3591 5470 pra.

358 5500 508 5561 κατὰ
540 5501 763 5572 καιροὺς
794 5501 1078 5572 γεγονότες
1122 5501 1524 5570 προεκήρυττον
1566 5498 1657 5557 τὸν
1695 5496 1931 5569 Χριστὸν

2040 5497 2378 5553 dicaverunt.
2405 5494 2698 5564 Postquam
2728 5505 2907 5550 autem
2936 5491 3258 5562 completum
3288 5500 3432 5547 esset
3458 5485 3601 5559 quod

432 5664 501 5695 ²⁹⁹
528 5663 547 5718 l
578 5660 705 5719 Cor.
737 5677 834 5724 vn,
868 5661 919 5715 ‘l.
994 5661 1040 5693 ”
1062 5658 1207 5717 Psal.
1235 5672 1387 5725 xvm,
1417 5657 1470 5714 6.
1546 5656 1588 5688 "
1630 5656 1830 5729 Epheso
1869 5672 1945 5727 Vl,
1981 5656 2069 5712 ηε

2172 5656 2219 5689 ³³
2252 5655 2384 5711 ibid.
2418 5652 2506 5708 Η.
2587 5651 2633 5685 ⁸³
2662 5651 2704 5708 ll
2730 5651 2855 5709 Cor.
2888 5667 2942 5718 x,
2977 5651 3029 5716 l,
3056 5650 3093 5705 2
3147 5650 3203 5713 ὅ.

3809 1014 3839 1039 0
