4032 6214
405 318 475 375 99

1437 315 1494 372 S.
1539 314 1819 370 CYRILLI
1859 310 2331 368 ALEXANDRlNl
2373 309 2692 365 ARCHIEP.

3564 308 3668 365 100

403 425 986 497 cratpraenuntiatum,
1008 428 1246 483 venisset
1274 427 1437 483 etiam
1462 428 1596 499 legis
1635 443 1698 484 ae
1739 428 1973 499 prophe-

2089 421 2315 493 Ἰησοῦν.
2377 421 2594 502 Ἐπειδὴ
2642 419 2698 472 δὲ
2737 417 3046 483 τετέλεσται
3087 417 3146 471 τὸ
3195 417 3667 493 προηγγελμένον,

405 530 583 575 tarum
616 519 737 572 ﬂuis
785 535 798 572 :
831 518 976 575 Deus
1006 520 1152 574 enim
1184 519 1462 585 Dominus,
1491 521 1790 590 secundum
1832 521 1981 578 Scri-

412 606 822 679 pturas,.nobis
845 609 1098 678 apparuit
1133 626 1148 662 :
1186 609 1380 664 deinde
1418 610 1508 664 ubi
1537 610 1590 664 in
1625 623 1749 664 eum
1780 610 1974 666 debac-

404 701 550 757 chati
585 708 729 765 sunt,
771 701 1010 755 cessavit
1044 702 1183 768 apud
1207 715 1301 756 eos
1321 702 1615 772 prophetia:
1635 702 1834 771 gratia.
1862 701 1978 757 Non

403 791 678 846 eratenim
709 801 1172 859 consentaneum,
1207 802 1309 859 ιιι,
1358 794 1448 863 qui
1486 809 1606 848 cum
1644 793 1751 849 Deo
1782 793 1980 850 bellum

403 892 690 955 gererent,
728 893 784 939 et
811 885 1155 940 dominicidm
1182 895 1386 952 essent,
1436 901 1736 956 manusque
1763 886 1982 957 sangui-

405 976 562 1030 nibtts
590 975 778 1046 plenas
811 977 1074 1032 haberent
1102 1020 1116 1042 ,
1172 978 1474 1049 prophetia
1519 978 1714 1049 spiritu
1744 979 1982 1037 honora-

402 1075 612 1122 rentur.
642 1067 1009 1123 Attestabitur
1059 1083 1188 1124 vero
1236 1069 1320 1124 his
1355 1070 1517 1125 etiam
1552 1070 1745 1127 beatus
1774 1072 1979 1142 Daniel,

403 1159 676 1226 obsignari
723 1159 912 1215 dicens
967 1159 1234 1216 visionem
1264 1174 1329 1216 ac
1385 1163 1727 1232 prophetam.
1773 1163 1982 1234 Expers

403 1250 589 1319 itaque
641 1249 744 1305 l‘uit
778 1251 944 1306 Israel
987 1253 1123 1306 adeo
1169 1251 1397 1308 illustris
1423 1263 1477 1307 et
1505 1253 1718 1325 inclyta:
1748 1255 1933 1324 gratiae
1963 1293 1980 1319 ,

403 1343 646 1412 adeoque
668 1343 816 1397 rudis
850 1341 1199 1397 l‘uitetbonte
1217 1343 1417 1405 mentis
1449 1344 1628 1414 inops,
1659 1354 1717 1400 ut
1747 1361 1815 1402 ne
1841 1347 1982 1410 ullus

402 1433 621 1502 quidem
646 1434 785 1503 apud
818 1447 913 1488 eos
936 1432 1216 1503 coniector
1249 1434 1568 1490 exsisteret.
1600 1436 1978 1506 Conjectorem

403 1539 524 1578 eum
557 1538 678 1579 esse
705 1523 956 1589 dicimus,
983 1524 1073 1593 qui
1102 1525 1316 1595 singula
1343 1536 1492 1583 recte
1522 1527 1688 1583 veluti
1718 1529 1984 1600 conjecta-

401 1616 524 1680 ret,
579 1611 982 1684 exploratisque
1027 1615 1244 1671 indiciis
1308 1617 1734 1685 demonstraret,
1770 1628 1825 1675 et
1875 1635 2001 1690 quo

401 1703 638 1774 quidque
663 1713 948 1760 venturum
973 1716 1137 1771 esset,
1167 1707 1289 1762 etin
1315 1723 1475 1778 quem
1502 1708 1791 1788 aliquando
1818 1711 1980 1767 ﬁnem

2087 515 2182 570 καὶ
2223 513 2287 567 τὸ
2312 513 2408 568 τοῦ
2448 513 2616 586 νόμου
2655 513 2750 567 καὶ
2779 511 2888 569 τῶν
2915 511 3208 586 προφητῶν
3251 512 3477 588 ἀφῖκται
3515 511 3668 581 τέλος

2084 604 2354 674 (ἐπεφάνη
2407 606 2516 676 γὰρ
2564 607 2695 675 ἡμῖν
2740 606 2769 658 ό
2812 603 2944 668 Θεὸς
2993 605 3090 656 καὶ
3129 603 3354 676 Κύριος,
3387 603 3529 673 κατά
3569 604 3670 670 τὰς

2084 695 2348 765 Γραφάς),
2387 690 2507 748 εἶτα
2556 695 3017 766 πεπαρῳνήκασιν
3054 694 3134 758 είς
3166 694 3351 746 αὐτόν·
3392 694 3669 749 πέπαυται

2084 789 2215 858 παρ’
2245 789 2429 852 αὐτοῖς
2457 787 2558 858 τῆς
2581 788 2916 858 προφητείας
2939 788 2971 856 ἡ
2999 787 3178 856 χάρις.
3208 786 3282 840 Οὐ
3314 786 3418 860 γὰρ
3449 782 3518 861 ἦν
3543 786 3672 841 ἀκό-

2083 878 2270 932 λουθον
2304 878 2604 949 θεομάχους
2637 879 2798 942 ὄντας
2841 879 2934 931 καὶ
2970 877 3253 948 ὑϐριστάς,
3285 879 3578 946 γεγονότας
3611 879 3671 949 δὲ

2084 969 2178 1023 καὶ
2204 969 2627 1040 κυριοκτόνους,
2673 969 2768 1022 καὶ
2809 968 2911 1032 τὰς
2947 972 3134 1040 χεῖρας
3164 970 3410 1039 αἱμάτων
3445 968 3668 1040 ἔχοντας

2084 1059 2331 1132 πλήρεις,
2385 1059 2465 1131 τῷ
2509 1061 2610 1131 τῆς
2657 1061 2997 1132 προφητείας
3056 1059 3318 1131 τιμᾶσθαι
3371 1061 3668 1132 πνεύματι.

2096 1113 2661 1232 ἐτὲὶμαῖῥτυρήσεῖδι
2698 1113 2909 1216 τοῦτοις
2946 1113 3042 1221 καὶ
3069 1113 3126 1205 ό.
3137 1152 3408 1232 μακάριος
3448 1113 3667 1225 Δανιὴλ,

2084 1225 2453 1314 ὲσφραγίσθάι
2509 1244 2684 1312 λέγων
2727 1245 2916 1316 ὅρασιν
2972 1245 3064 1309 καὶ
3110 1229 3416 1316 προφήτην.
3458 1246 3670 1312 Οὐκοῦν

2083 1335 2351 1405 ἀμέτοχος
2375 1335 2472 1405 τῆς
2498 1333 2641 1389 οὕτω
2667 1321 2929 1406 λαμπρᾶς
2957 1335 3050 1389 καὶ
3087 1334 3486 1407 εὐκλεεστάτης
3511 1337 3672 1409 χάρι-

2082 1444 2174 1491 τος
2215 1428 2443 1502 γέγονεν
2488 1430 2516 1482 ό
2558 1429 2797 1501 Ἰσραήλ·
2826 1428 3044 1502 ἀμαθὴς
3073 1428 3128 1492 δὲ
3159 1427 3302 1487 οὕτω
3345 1429 3440 1482 καὶ
3475 1428 3670 1501 φρενὸς

2083 1518 2290 1590 ἕρημος
2324 1520 2556 1592 ἀγαθῆς,
2584 1521 2660 1584 ὡς
2689 1522 2762 1592 μὴ
2801 1517 2939 1575 εἶναι
2965 1521 3096 1591 παρ’
3131 1520 3315 1584 αὐτοῖς
3347 1521 3550 1593 μηδένα
3579 1520 3672 1583 τὸν

2084 1614 2402 1684 στοχαστήν.
2435 1614 2745 1686 Στοχαστὴν
2768 1614 2825 1668 δὲ
2855 1609 2996 1668 εἶναί
3021 1631 3203 1683 φαμεν
3222 1613 3314 1668 τὸν
3339 1615 3504 1668 οἱονεὶ
3532 1632 3671 1685 συμ-

2085 1703 2345 1758 ϐάλλοντα
2385 1705 2480 1758 καὶ
2527 1706 3052 1777 διατεκμαιρόμενον
3093 1705 3269 1777 ὀρθῶς
3311 1705 3519 1772 ἕκαστα
3561 1707 3669 1767 τῶν

400 1773 739 1863 recasurum,
771 1797 939 1864 probe
967 1797 1330 1866 dignosceret.
1367 1799 1468 1866 Qui
1503 1801 1648 1855 enim
1673 1783 1976 1859 inconside-

2085 1795 2446 1866 πραγμάτων,
2478 1796 2573 1860 καὶ
2599 1796 2720 1859 ὅποι
2766 1796 2899 1849 ποτὲ
2925 1794 3066 1874 ἥξει,
3095 1795 3191 1849 καὶ
3234 1797 3314 1864 είς
3345 1797 3497 1847 ποῖον
3533 1811 3668 1850 κατ’

400 1889 518 1939 rate
561 1890 615 1936 et
653 1882 757 1938 levi
787 1883 996 1952 judicio
1037 1889 1106 1942 ad
1157 1901 1247 1942 res
1282 1889 1517 1956 agendas
1575 1894 1878 1960 accedunt,
1913 1895 1981 1949 ab

401 1968 518 2023 utili
541 1970 800 2038 .deviant,
840 1981 894 2028 et
921 1973 1068 2028 velut
1113 1974 1170 2030 in
1211 1978 1448 2032 tenebris
1483 1989 1790 2056 versantur,
1825 1999 1889 2039 ac
1927 1984 1981 2052 in

399 2074 530 2116 saxa
555 2062 880 2134 impingunt.
909 2067 981 2120 At
1006 2067 1098 2137 qui
1131 2070 1403 2138 exquisita
1433 2073 1748 2144 cognitione
1770 2079 1981 2146 praediti

398 2159 548 2220 sunt,
577 2163 736 2210 acuto
759 2157 917 2211 oculo
948 2171 1136 2214 rerum
1160 2171 1387 2218 eventus
1421 2164 1702 2221 intuentur
1730 2184 1746 2222 :
1771 2178 1826 2224 et
1853 2185 1981 2239 pro-

399 2250 582 2314 pterea
615 2261 719 2300 non
751 2250 870 2303 sine
894 2250 1278 2317 admiratione,
1305 2255 1489 2309 omnia
1522 2258 1768 2326 apposite
1805 2261 1982 2318 admi-

398 2335 655 2390 nistrant.
707 2336 802 2392 Est
831 2347 1011 2394 autem
1061 2341 1151 2396 hic
1196 2343 1355 2398 bona:
1407 2347 1607 2401 mentis
1660 2347 1982 2418 fructus,et

397 2439 526 2480 vere
563 2425 774 2482 lucrum
805 2443 868 2484 ac
891 2429 1049 2485 fenus
1083 2431 1274 2500 optimi
1302 2435 1538 2491 consilii.
1577 2423 1867 2495 Seniorem.
1889 2458 1984 2498 au-

400 2526 508 2574 tem
550 2533 828 2589 vocamus,
879 2535 985 2576 non
1024 2531 1268 2594 tempore
1294 2525 1535 2596 (plurimi
1559 2530 1704 2586 enim
1730 2535 1872 2603 apud
1889 2534 1984 2593 .lu-

400 2612 547 2668 daeos
573 2612 868 2667 etiamnum
905 2623 1052 2684 sunt,
1081 2616 1170 2684 qui
1200 2617 1267 2672 ad
1303 2619 1492 2675 senilis
1510 2622 1684 2677 aetatls
1709 2639 1978 2681 summum

397 2704 764 2776 perveniunt),
815 2713 871 2760 at
906 2707 1261 2778 intelligentia
1312 2720 1367 2766 et
1407 2715 1752 2784 cognitione,
1793 2728 1849 2773 et
1887 2720 1976 2789 qui

397 2797 543 2852 velut
571 2797 731 2853 ﬁnem
779 2813 841 2854 ac
873 2797 1150 2870 fastigium
1198 2805 1501 2872 prudentia:
1545 2807 1727 2878 attigit
1763 2811 1890 2865 :cui
1926 2822 1981 2873 et

397 2887 592 2943 beatus
633 2886 873 2944 Joannes
915 2893 1181 2962 praecipit,
1222 2894 1406 2951 dicens
1440 2916 1452 2951 :
1493 2916 1511 2949 ι
1547 2897 1740 2956 Scribo
1785 2903 1937 2958 vobis
1963 2945 1977 2970 ,

398 2987 609 3048 patres,
642 2981 770 3050 quia
811 2985 1145 3054 cognovistis
1191 3002 1312 3041 eum
1365 2989 1434 3045 ab
1463 2991 1615 3046 initio
1645 2993 1710 3047 “.
1749 3012 1772 3048 ι
1811 2995 1978 3053 Senes

397 3084 528 3138 ergo
555 3072 904 3146 intelligimus
936 3091 1050 3142 eos,
1089 3079 1178 3147 qui
1215 3091 1453 3136 mentem
1483 3083 1974 3158 habentsedatam,
2005 3113 2050 3173 ε

399 3161 490 3231 qui
529 3173 844 3220 constantes
880 3182 942 3220 ac
972 3169 1092 3221 cani
1129 3179 1258 3222 sunt
1308 3172 1492 3228 animo
1534 3184 1590 3229 et
1642 3187 1822 3233 mente
1855 3195 1978 3249 pro-

397 3254 638 3308 vectiore
670 3265 724 3309 et
769 3257 1057 3313 adultiore.
1107 3258 1646 3332 Quinquagenarium
1698 3270 1977 3340 appellat,

399 3359 506 3400 non
547 3346 789 3401 absolute
824 3349 1216 3422 quinquaginta
1272 3354 1582 3412 hominibus
1629 3360 1976 3430 praelectum,

397 3434 492 3489 sed
522 3435 682 3489 veluti
716 3451 782 3496 ex
813 3452 918 3491 una
947 3439 1048 3493 hac
1072 3441 1402 3514 re‘quisquis
1421 3444 1743 3515 simpliciter
1769 3465 1834 3506 ac
1849 3467 1979 3507 .om-

397 3525 527 3579 nino
571 3527 862 3596 przel‘ectus
900 3541 1004 3596 est,
1037 3539 1091 3586 et
1117 3535 1271 3603 quasi
1299 3537 1602 3606 composite
1645 3549 1698 3594 et
1725 3543 1977 3600 ordinate

396 3616 603 3669 versari
632 3631 694 3670 ac
730 3618 909 3674 vivere
949 3623 1238 3689 persuadet
1269 3637 1396 3679 suos
1435 3626 1705 3684 subditos.
1735 3629 1976 3688 Labora-

396 3704 476 3758 vit
505 3715 682 3760 autem
701 3721 821 3762 cum
861 3710 1083 3781 reliquis
1123 3713 1286 3771 rebus
1306 3722 1420 3768 tum
1445 3722 1500 3772 et
1526 3717 1640 3773 haec
1664 3715 1974 3784 Iudaeorum

399 3794 705 3869 Synagoga.
737 3801 929 3856 Adhuc
951 3803 1094 3857 enim
1131 3806 1368 3873 quandiu
1401 3822 1522 3862 cum
1554 3809 1662 3865 illis
1685 3821 1828 3868 esset
1859 3829 1976 3868 om-

398 3885 544 3940 nium
575 3899 821 3944 nostrum
854 3891 1116 3947 Servator
1146 3894 1431 3964 Christus,
1468 3908 1522 3954 et
1550 3915 1648 3972 per
1702 3903 1859 3958 ﬁdem
1907 3907 1974 3961 ad

395 3977 564 4033 vitam
596 3991 889 4048 aeternam,
925 3992 979 4038 et
1006 3986 1074 4038 ad
1096 3987 1534 4054 conjunctionem
1575 4009 1696 4048 cum
1730 3995 1840 4068 56
1863 3997 1974 4054 Deo

397 4079 653 4140 vocaret;
702 4071 1102 4129 fueruntetiam
1157 4087 1268 4131 tum
1320 4083 1460 4150 apud
1507 4099 1599 4139 eos
1628 4092 1969 4147 sacerdotum

397 4160 692 4230 principes,
722 4164 990 4235 praefecti,
1025 4167 1234 4224 Scribae
1254 4180 1310 4226 et
1335 4171 1593 4229 Pharisaei
1616 4194 1629 4232 :
1655 4188 1705 4232 at
1734 4180 1822 4234 ubi
1847 4195 1970 4236 eum

396 4253 830 4324 interfecissent,
892 4259 1109 4322 miselli,
1169 4262 1222 4317 in
1264 4279 1458 4326 omnes
1513 4279 1707 4326 ventos
1736 4271 1968 4343 dispersi

395 4353 542 4408 sunt,
575 4355 630 4400 et
664 4347 908 4418 hospites
940 4350 1067 4406 facti
1108 4363 1256 4422 sunt,
1290 4366 1450 4430 atque
1482 4374 1739 4429 errones,
1763 4374 1817 4419 et
1850 4367 1971 4422 ubi-

2083 1889 2378 1956 αντήσουσι
2406 1887 2580 1952 τέλος,
2608 1884 2665 1948 εὖ
2698 1888 2842 1958 μάλα
2863 1887 3311 1956 διαγινώσκοντα.
3345 1889 3407 1940 Οἱ
3438 1888 3534 1957 μὲν
3560 1887 3670 1958 γὰρ

2081 1979 2502 2050 ἀπερισκέπτως
2551 1981 2648 2045 καὶ
2695 1979 2756 2047 ἐξ
2789 1980 3042 2052 ἐλαφρῶν
3099 1980 3319 2035 ἐννοιῶν
3365 1980 3671 2052 χωροῦντες

2082 2071 2161 2135 είς
2203 2070 2273 2124 τὰ
2317 2072 2590 2143 πρακτέα,
2621 2073 3047 2144 διαμαρτάνουσι
3085 2074 3195 2129 τῶν
3231 2074 3537 2146 χρησίμων,
3574 2074 3670 2128 καὶ

2082 2163 2157 2226 ὡς
2187 2163 2279 2215 ἐπὶ
2309 2163 2483 2234 σκότῳ
2511 2163 2836 2234 βαδίζοντες,
2865 2164 3113 2237 ἔρχονται
3161 2166 3303 2224 κατὰ
3343 2167 3576 2237 πετρῶν.
3602 2167 3669 2234 Ol

2081 2253 2138 2319 δὲ
2161 2253 2408 2324 ἀκριϐεῖς
2437 2256 2518 2318 είς
2554 2254 2787 2323 σύνεσιν,
2823 2258 2935 2323 ὀξεῖ
2968 2256 3255 2327 βλέπουσιν
3283 2256 3548 2328 ὀφθαλμῷ
3571 2256 3670 2330 τὰς

2082 2345 2192 2400 τῶν
2220 2347 2559 2418 πραγμάτων
2583 2348 2858 2412 ἐκϐάσεις.
2884 2350 2994 2416 Καὶ
3018 2350 3156 2403 εἰσὶν
3180 2350 3280 2403 οὐκ
3301 2351 3668 2426 ἀθαύμαστοι,

2081 2438 2169 2493 διὰ
2187 2439 2347 2492 τοῦτο
2370 2440 2546 2492 πάντα
2565 2439 2799 2511 δρῶντες
2821 2442 3200 2512 οἰκονομικῶς.
3218 2443 3418 2515 Φρενὸς
3434 2444 3492 2498 δὲ
3509 2445 3672 2512 τοῦτο

2082 2530 2293 2601 καρπὸς
2321 2529 2555 2601 ἀγαθῆς,
2593 2530 2688 2598 καὶ
2730 2531 2960 2605 ἀρίστης
2989 2533 3158 2597 ὅντως
3195 2535 3504 2607 ἐπίτευγμα
3536 2537 3665 2608 βου-

2081 2620 2198 2692 λῆς.
2251 2623 2628 2694 Πρεσϐύτερον
2693 2624 2752 2677 δέ
2798 2642 2978 2696 φαμεν
3034 2628 3096 2696 οῦ
3149 2628 3239 2681 τὸν
3287 2630 3429 2684 κατά
3474 2631 3666 2702 χρόνον

2084 2714 2342 2784 (πλεῖστοι
2378 2717 2485 2787 γάρ
2527 2719 2640 2770 ὅσοι
2687 2718 2838 2788 παρά
2876 2723 2988 2783 τοῖς
3041 2721 3314 2786 Ἰουδαίοις
3367 2724 3533 2777 εἰσέτι
3569 2725 3665 2794 καὶ

2082 2804 2196 2871 νῦν,
2233 2807 2282 2860 οἳ
2318 2808 2414 2861 καὶ
2453 2809 2533 2871 εἰς
2562 2809 2732 2881 ἀκρον
2767 2811 2961 2881 ἥκουσι
2987 2812 3356 2884 πρεσϐυτικῆς
3395 2815 3660 2888 ἡλικίας),

2081 2898 2219 2963 ἀλλά
2245 2899 2338 2952 τὸν
2363 2900 2505 2953 κατὰ
2533 2900 2767 2968 σύνεσιν,
2791 2904 2884 2973 καὶ
2906 2904 2980 2966 ὡς
3002 2906 3058 2957 ὲν
3081 2906 3380 2980 τελειότητι
3405 2911 3665 2979 γεγονότα

2083 2990 2314 3060 φρενῶν.
2349 2986 2443 3056 Οἷς
2495 2993 2590 3046 καὶ
2634 2995 2663 3046 ό
2717 2995 2986 3066 μακάριος
3039 2997 3292 3070 Ἰωάννης
3337 3003 3661 3077 ἐπιστέλλει,

2081 3080 2275 3149 λέγων’
2312 3101 2330 3133 ι
2371 3083 2574 3154 Γράφω
2620 3084 2773 3155 ὑμῖν,
2809 3086 3076 3158 Πατέρες,
3126 3089 3208 3142 ὄτί
3258 3091 3531 3160 ἐγνώκατε
3573 3094 3664 3161 τὸν

2081 3174 2358 3244 ἀπαρχῆς.
2398 3194 2416 3225 ι
2455 3177 2776 3249 Πρεσϐύτας
2815 3175 2907 3232 οὖν
2952 3180 3061 3250 ἄρα
3089 3183 3373 3254 νοήσωμεν
3413 3185 3540 3250 τοὺς
3571 3187 3662 3240 τὸν

2079 3265 2205 3318 νοῦν
2245 3266 2468 3337 ἔχοντας
2516 3270 2783 3340 ἠρεμαῖον
2822 3269 2945 3344 ῆδη,
2973 3271 3066 3324 καὶ
3104 3273 3532 3345 καθεστηκότας,
3567 3277 3662 3330 καὶ

2080 3357 2296 3422 πολιοὺς
2326 3359 2422 3431 τὴν
2450 3349 2639 3432 φρένα,
2671 3363 2764 3415 καὶ
2784 3362 2861 3434 τῷ
2893 3363 3146 3434 βεϐηκότι
3175 3367 3411 3438 χρῆσθαι
3433 3369 3660 3439 μεμελε·

2078 3450 2331 3519 τηκότας.
2369 3454 2847 3527 Πεντηκόνταρχον
2878 3457 2934 3510 δέ
2971 3476 3153 3530 φησιν,
3177 3459 3296 3530 οὐχὶ
3325 3461 3544 3525 πάντως
3569 3462 3659 3526 τὸν

2078 3542 2286 3614 ἀνδρῶν
2326 3545 2666 3614 πεντήκοντα
2703 3551 3166 3620 προτεταγμένον,
3199 3552 3316 3605 ἀλλ’
3349 3552 3424 3617 ὡς
3454 3554 3512 3622 ἐξ
3541 3555 3657 3623 ἑνὸς

2076 3633 2140 3705 δὴ
2193 3633 2383 3688 τούτου
2437 3636 2761 3709 πράγματος
2801 3640 3138 3708 ἁπαξαπλῶς
3191 3642 3284 3704 τὸν
3331 3644 3656 3721 ἡγούμενον,

2077 3726 2188 3791 Καὶ
2217 3726 2292 3790 ὡς
2321 3729 2380 3780 ὲν
2409 3728 2600 3801 κόσμῳ
2641 3732 2734 3785 καὶ
2774 3731 2927 3800 τάξει
2957 3734 3333 3790 πολιτεύεσθαί
3368 3755 3429 3790 τε
3466 3738 3658 3811 διαζῆν

2076 3817 2438 3887 ἀναπείθοντα
2467 3823 2596 3886 τοὺς
2625 3823 3084 3896 ὐπεζευγμένους.
3125 3846 3144 3878 ι
3173 3827 3450 3900 Νενόσηκε
3473 3831 3529 3884 δὲ
3564 3832 3658 3900 καὶ

2075 3909 2237 3973 τοῦτο
2281 3912 2421 3982 μετά
2459 3913 2569 3966 τῶν
2612 3914 2790 3968 ἄλλων
2829 3918 2861 3988 ἡ
2901 3918 3010 3972 τῶν
3038 3919 3306 3974 Ἰουδαίων
3329 3923 3651 3995 Συναγωγή,

2079 4004 2200 4056 Ἔτι
2225 4005 2323 4074 μὲν
2351 4004 2461 4076 γὰρ
2490 4008 2742 4072 συνόντος
2771 4010 2955 4075 αὐτοῖς
2986 4011 3079 4081 τοῦ
3110 4013 3325 4066 πάντων
3354 4015 3385 4084 ἡ
3394 4014 3510 4084 μῶν
3539 4017 3655 4074 Σωτ-

2073 4094 2238 4164 τῆρος
2277 4094 2538 4165 Χριστοῦ,
2582 4098 2675 4150 καὶ
2715 4099 3008 4166 καλοῦντος
3044 4101 3131 4156 διὰ
3167 4101 3268 4172 τῆς
3305 4102 3540 4169 πίστεως
3573 4106 3655 4170 είς

2074 4183 2220 4256 ζωὴν
2249 4185 2486 4254 αἰώνιον,
2517 4189 2595 4253 είς
2620 4189 2864 4262 οὐρανῶν
2895 4192 3191 4262 βασιλείαν,
3229 4196 3310 4259 εἰς
3346 4197 3655 4270 οἰκειότητα

2070 4274 2168 4347 τὴν
2207 4276 2283 4340 ὡς
2333 4279 2470 4350 πρὸς
2499 4279 2649 4334 Θεόνο
2689 4276 2828 4353 ἦσαν
2868 4283 2947 4337 ἔτι
2988 4287 3120 4357 παρ’
3149 4288 3331 4350 αὐτοῖς
3375 4291 3654 4360 ἀρχιερεῖς

2073 4368 2165 4422 καὶ
2188 4369 2500 4442 ἡγούμενοι,
2528 4374 2881 4446 Γραμματετς
2900 4393 2958 4430 τε
2985 4379 3081 4432 καὶ
3099 4381 3398 4451 Φαρισαῖοι.
3435 4382 3651 4454 Ἐπειδὴ

395 4435 476 4492 vis
517 4437 756 4504 gentium
797 4443 1108 4512 peregrini;
1141 4461 1246 4501 non
1283 4451 1470 4519 duces,
1505 4467 1612 4508 non
1651 4456 1964 4531 praefectos,

2077 4457 2127 4510 δὲ
2174 4435 2537 4516 ἀπεκτόνασιν
2572 4435 2752 4518 ἀῦτδν
2795 4467 2842 4518 oi
2860 4435 3120 4538 δείλαιοι,
3155 4435 3525 4542 διεσπάρησαν
3571 4435 3652 4540 είς

394 4533 453 4589 ut
480 4525 608 4580 olim
627 4529 748 4598 (sed
774 4541 929 4585 erant
963 4534 1134 4590 instar
1163 4539 1344 4610 gregis
1373 4543 1466 4611 qui
1499 4553 1717 4613 pastore
1741 4525 1966 4605 destitu;

392 4625 480 4678 tus
513 4626 627 4684 est,
670 4634 776 4675 non
814 4621 1019 4679 habens
1059 4628 1152 4696 qui
1188 4624 1448 4708 praesint)
1473 4650 1594 4702 nec,
1629 4639 1771 4708 quod
1799 4642 1961 4697 etiam

390 4707 609 4776 gravius
667 4720 790 4778 est,
854 4716 1195 4775 consultores
1246 4707 1594 4782 admirabiles
1649 4707 1959 4789 habebant:

388 4800 577 4870 quales
608 4811 763 4858 erant
796 4805 922 4859 olim
978 4810 1291 4879 propheta,
1346 4816 1436 4885 qui
1479 4818 1547 4872 ad
1587 4819 1810 4876 salutem
1858 4823 1964 4879 illis

389 4892 746 4952 conducibilia
837 4896 1051 4969 docent,
1072 4899 1418 4961 refractarios
1489 4917 1545 4964 et
1585 4911 1817 4970 ell‘renes
1846 4930 1962 4971 mo-

388 4993 537 5048 nent,
574 4992 628 5039 et
650 4986 716 5039 ad
737 4990 920 5042 omnia
952 4994 1270 5048 necessaria
1293 5000 1358 5052 ad
1397 5015 1548 5055 usum
1575 5019 1639 5058 ac
1671 5006 1958 5062 utilitatem

384 5072 624 5130 scienter
662 5079 1052 5138 manuducunt.
1085 5083 1370 5144 Minitatur
1399 5106 1564 5162 porro
1603 5095 1959 5153 abducturum

385 5175 446 5216 se
486 5164 554 5219 ab
591 5166 698 5224 illis
751 5178 806 5224 et
857 5171 1157 5241 sapientem
1210 5178 1608 5250 architectum,
1643 5195 1699 5239 et
1728 5201 1958 5255 gnarum

386 5251 708 5312 auditorem.
765 5256 896 5326 Quae
943 5262 1080 5317 dona
1134 5266 1442 5335 spiritualia
1489 5283 1655 5340 sunt,
1699 5251 1755 5328 et
1787 5290 1816 5328 a
1850 5273 1962 5330 Deo

385 5339 531 5405 data,
566 5352 622 5397 et
657 5361 870 5406 summo
906 5351 957 5406 in
999 5353 1206 5411 honore
1237 5359 1487 5420 habenda
1523 5379 1586 5417 ac
1629 5365 1823 5433 pretio.
1861 5365 1962 5419 Sa-

383 5429 620 5527 pientem
668 5439 864 5507 quippe
891 5457 1012 5500 esse
1053 5447 1283 5504 dicimus
1322 5429 1676 5509 architectum
1703 5495 1718 5520 ,
1749 5458 1840 5527 qui
1876 5460 1961 5513 in-

383 5520 687 5594 telligenter
715 5529 987 5595 aediﬁcare
1039 5538 1190 5594 novit
1231 5538 1556 5618 Ecclesiae),
1588 5520 1840 5604 rectisct
1873 5549 1957 5604 in-

417 5680 465 5717 “
493 5683 513 5740 Ι
543 5681 701 5743 Joan.
728 5701 790 5757 ll,
816 5687 901 5755 l3.

2084 4549 2263 4620 πάντα
2287 4553 2507 4624 ἄνεμον,
2538 4553 2780 4624 μέτοικοί
2802 4573 2861 4608 τε
2886 4557 2978 4609 καὶ
3001 4557 3195 4628 ἀλῆται
3221 4561 3528 4628 γεγόνασιν,
3556 4561 3650 4614 καὶ

2073 4641 2212 4707 ξένοι
2249 4645 2516 4716 πανταχῆ,
2550 4646 2648 4716 οὐχ
2689 4649 3022 4718 ἡγουμένους
3050 4650 3264 4721 ἔχοντες
3291 4652 3371 4706 ἔτι
3405 4655 3498 4707 καὶ
3521 4671 3651 4724 προ-

2071 4735 2393 4805 εστηκότας,
2444 4734 2589 4788 καθά
2631 4738 2727 4790 καὶ
2779 4738 2967 4790 πάλαιο
3034 4739 3149 4792 ἀλλ’
3201 4737 3293 4794 οἶά
3347 4759 3431 4804 τις
3479 4741 3646 4811 ἀγέλη

2071 4827 2342 4896 ποιμένων
2371 4827 2574 4898 ἐρήμη,
2611 4828 2700 4897 καὶ
2731 4828 2856 4894 τοὺς
2891 4830 3258 4900 ἐφεστηκότας
3291 4833 3392 4884 οὐκ
3425 4831 3644 4906 ἔχουσα,

2069 4917 2162 4984 καὶ
2204 4915 2265 4968 τὸ
2309 4915 2390 4968 ἔτι
2443 4917 2864 4990 φορτικώτερον,
2905 4917 3027 4987 οὔτε
3073 4920 3408 4990 συμϐούλους
3449 4922 3647 4992 ἔχουσα.

2068 5007 2432 5078 θαυμαστοὺς,
2482 5010 2653 5062 ὁποῖοί
2703 5027 2848 5075 τινες
2883 5009 3020 5092 ἦσαν
3055 5015 3104 5066 οἱ
3143 5014 3311 5066 πάλαι
3347 5015 3643 5085 προφῆται,
3681 5043 3688 5082 ς

2065 5100 2136 5154 τά
2159 5102 2240 5162 εἰς
2274 5099 2548 5171 σωτηρίαν
2582 5102 2766 5165 αὐτοῖς
2797 5105 3198 5176 εἰσηγούμενοι,
3233 5107 3327 5160 καὶ
3369 5106 3645 5175 ἀφηνιῶσι
3674 5107 3686 5176 l

2071 5187 2550 5258 συμϐουλεύοντες,
2576 5194 2668 5245 καὶ
2697 5193 2831 5264 πρὸς
2859 5196 2968 5248 πᾶν
2998 5195 3176 5252 ὁτιοῦν
3201 5194 3310 5246 τῶν
3331 5192 3644 5262 ἀναγκαίων

2058 5280 2140 5342 εἰς
2189 5278 2376 5350 ὄνησιν
2428 5285 2897 5354 χειραγωγοῦντες
2942 5287 3229 5356 εὐτέχνως.
3284 5283 3528 5338 Ἀπειλεῖ
3585 5285 3642 5344 δὲ

2059 5371 2390 5441 ἀποστήσειν
2414 5374 2592 5428 αὐτῶν
2615 5377 2708 5430 καὶ
2728 5379 2890 5446 σοφὸν
2911 5377 3283 5447 ἀρχιτέκτονα,
3305 5376 3399 5430 καὶ
3420 5375 3641 5435 συνετὸν

2058 5460 2351 5533 ἀκροατὴν,
2385 5464 2701 5537 χαρίσματα
2733 5465 2790 5520 δὲ
2827 5467 2921 5520 καὶ
2963 5467 3134 5519 ταῦτα
3167 5468 3515 5538 πνευματικά
3546 5467 3640 5523 καὶ

2060 5550 2345 5617 θεόσδοτα,
2399 5557 2492 5609 καὶ
2539 5557 2632 5610 τοῦ
2677 5558 2878 5626 παντὸς
2925 5557 3050 5623 ἄξια
3102 5557 3281 5628 λόγου.
3329 5559 3501 5647 Σοφὸν
3531 5557 3640 5637 γὰρ
