4012 6216
510 320 611 373 ius

1515 307 1573 362 S.
1616 300 1895 360 CYRlLLl
1933 292 2397 354 ALEXANDHINI
2443 293 2758 353 A‘liClilEl’.

3644 294 3751 352 108

506 435 725 504 phetam
772 436 828 486 et
877 429 1257 490 divinatorern,
1305 439 1512 490 senem,
1546 420 2071 490 'ctrquinqnagena—

2186 415 2285 485 μὴν
2315 414 2408 467 καὶ
2437 414 2722 484 προφήτης
2758 416 2852 466 καὶ
2885 411 3204 484 στοχαστὴς,
3230 411 3323 464 καὶ
3355 409 3753 482 πρεσσύτερος,

508 524 649 578 rium
717 521 941 584 ducem,
992 526 1048 573 et
1108 513 1509 585 suspiciendum
1565 509 1961 576 consiliarium,
2018 516 2074 563 et

509 615 671 669 etiam
704 611 1003 681 sapientem
1050 607 1430 667 architectum,
1468 612 1523 659 et
1557 601 1943 670 intelligentem
1973 613 2074 653 an-

514 704 766 761 ditorem.
819 698 1082 770 Deinceps
1127 713 1233 769 quo
1283 695 1497 750 tandem
1555 708 1642 748 res
1682 691 1892 754 evadet,
1929 697 1984 745 et
2021 689 2075 744 in

509 804 772 864 quantum
831 790 1214 846 detrimentum
1270 786 1402 857 ipsis
1452 792 1721 854 erumpet,
1791 780 2077 836 manifeste

509 884 700 954 aperit,
724 897 845 937 cum
876 896 1001 937 mox
1031 879 1253 935 subdit:
1291 894 1310 929 ι
1338 876 1605 933 Concidet
1636 874 1884 946 populus,
1913 872 2076 928 homo

508 977 577 1033 ad
602 971 899 1040 hominem,
925 989 946 1024 ι
984 970 1037 1026 id
1061 978 1165 1033 est,
1196 968 1252 1025 in
1281 968 1545 1025 seditione
1576 976 1754 1033 erunt,
1789 974 1844 1021 et
1874 965 1928 1019 in
1963 977 2078 1018 me-

510 1064 616 1121 diis
654 1063 972 1119 tumultibus
1007 1062 1189 1121 vivent
1239 1062 1424 1127 vitam,
1473 1058 1763 1128 juvenibus
1813 1069 2078 1111 veneran-

513 1155 635 1209 dam
666 1155 927 1209 canitiem
949 1152 1097 1209 senis
1121 1166 1227 1213 non
1253 1148 1625 1207 reverentibus
1647 1188 1663 1214 ,
1694 1144 1951 1203 inferiore
1977 1144 2078 1199 ho—

514 1260 701 1301 norem
744 1244 1007 1315 superiori
1048 1251 1343 1312 negante:
1384 1239 1484 1296 sed
1542 1254 1664 1301 cum
1714 1236 2078 1308 reprehendat

512 1352 691 1405 nemo,
711 1349 811 1393 nec
838 1334 908 1389 ad
945 1333 996 1388 id
1022 1334 1169 1404 quod
1193 1346 1463 1403 quemque
1493 1334 1671 1396 decet,
1694 1330 1913 1397 dirigat,
1949 1329 2079 1382 sub-

511 1429 621 1484 lato
679 1428 828 1483 omni
857 1423 1049 1481 ordine
1073 1433 1128 1479 et
1154 1423 1402 1487 scientia,
1442 1421 1676 1475 maxima
1717 1421 1959 1476 omnium
1996 1435 2081 1474 re-

513 1535 632 1573 rum
659 1517 797 1588 apud
844 1529 941 1572 eos
970 1514 1308 1586 perturbatio
1343 1512 1568 1569 exsistet
1596 1521 1650 1567 et
1679 1509 1946 1566 confusio.
1981 1508 2080 1565 Ubi

513 1606 659 1658 enim
686 1604 866 1659 divina
891 1620 995 1660 non
1030 1612 1225 1674 praeest
1254 1602 1341 1656 lex
1370 1616 1549 1655 rerum
1579 1601 1909 1671 agendarum
1936 1600 2083 1654 arbi-

2173 505 2268 558 καὶ
2297 505 2788 576 πεντηκόνταρχος,
2825 503 2922 558 καὶ
2950 503 3262 574 θαυμαστὸς
3296 501 3618 572 σῦμεουλος·
3655 505 3758 558 καὶ

2176 592 2283 664 μὴν
2324 592 2419 646 καὶ
2458 592 2623 662 σοφὸς
2665 591 3024 665 ἀρχιτέκτων,
3069 592 3163 647 καὶ
3206 589 3422 654 συνετὸς
3456 591 3753 663 ἀκροατής.

2174 680 2306 737 Εἶτα
2336 684 2460 736 ὅποι
2483 682 2612 736 ποτὲ
2635 681 2697 736 τὸ
2730 683 2925 755 χρῆμα
2956 684 3138 747 αὐτοῖς
3179 681 3496 752 ἐκϐήσεται,
3529 682 3626 736 καὶ
3670 683 3758 745 είς

2172 767 2285 828 οἷον
2309 773 2490 837 αὐτοῖς
2524 773 2899 843 ἐκτελευτήσει
2924 772 3140 845 βλάϐος,
3174 771 3495 843 καθίστησιν
3523 771 3757 850 ἐναργὲς

2174 864 2538 936 προσεπάγων
2573 863 2754 931 εὐθὺς,
2778 864 2859 917 ὅτι
2879 882 2900 917 ι
2927 864 3297 939 Συμπεσεῖται
3317 864 3346 916 ό
3365 863 3514 928 λαὸς.
3536 861 3760 933 ἄνθρω-

2175 969 2276 1021 πος
2308 951 2443 1023 πρὸς
2461 948 2767 1023 ἄνθρωπον·
2795 970 2815 1004 ι
2846 951 2991 1005 τοῦτ’
3010 952 3259 1018 ἔστιννὲν
3284 951 3480 1024 ἀταξία
3506 969 3566 1005 τε
3593 953 3749 1007 ἔσον-

2177 1057 2285 1107 ται,
2312 1042 2406 1095 καὶ
2428 1040 2656 1114 ϐορύϐου
2687 1040 2883 1113 μεστὸν
2911 1042 3254 1114 διαζήσονται
3277 1041 3411 1112 βίον.
3444 1042 3517 1096 Οὐ
3539 1042 3639 1113 τὴν
3662 1060 3760 1097 σεφ

2178 1131 2317 1202 πτὴν
2345 1131 2437 1186 τοῦ
2470 1131 2776 1204 πρεσϐύτου
2816 1131 3009 1185 πολιὰν
3063 1132 3474 1203 αἰσχυνομένων
3499 1132 3656 1185 νέωψ
3688 1132 3760 1188 οὐ

2176 1223 2268 1277 τὸν
2299 1222 2604 1294 προῦχοντα
2641 1225 2807 1293 τιμᾷν
2841 1223 3120 1288 ἀξιοῦντος
3160 1222 3240 1276 ἔτι
3285 1222 3379 1275 τοῦ
3417 1224 3515 1295 τὴν
3545 1223 3764 1278 ἐλάττω

2177 1313 2430 1383 λαχόντος
2460 1314 2636 1381 τάξιν·
2663 1314 2776 1369 ἀλλ’
2796 1314 3156 1386 ἐπιτιμῶντος
3181 1314 3416 1378 οὐδενὸς,
3445 1315 3613 1386 ἤγουν
3643 1317 3760 1369 ἀπ-

2179 1403 2491 1466 ευθύνοντος
2510 1404 2591 1466 είς
2606 1403 2669 1456 τὸ
2692 1404 2906 1475 ἑκάστῳ
2929 1402 3157 1477 πρέπον,
3183 1406 3360 1458 πάντα
3377 1405 3585 1476 φύρδην
3600 1405 3762 1461 ἔσται

2180 1495 2308 1564 παρ’
2332 1494 2518 1557 αὐτοῖς
2550 1492 2804 1559 εὐταξίας
2840 1494 3058 1566 ἁπάσης
3091 1495 3183 1548 καὶ
3214 1497 3527 1568 ἐπιστήμης
3555 1496 3764 1569 ἐξῃρη-

2182 1583 2371 1655 μένης.
2412 1583 2586 1638 Ὅπου
2615 1583 2735 1655 γὰρ
2783 1583 2925 1649 θεῖος
2968 1584 3070 1638 οὐκ
3106 1584 3375 1656 ἐφέστηκε
3420 1585 3603 1656 νόμος,
3642 1586 3764 1640 τῶν

516 1706 622 1759 ter,
680 1686 951 1765 quomodo
987 1673 1081 1748 aut
1128 1692 1267 1747 unde
1309 1691 1506 1760 poterit
1538 1690 1824 1760 quisquam
1860 1689 2081 1744 honeste

2186 1673 2470 1745 πρακτέων
2497 1675 2526 1727 6
2558 1674 2880 1747 βραϐευτὴς,
2905 1676 3027 1740 πῶς
3057 1676 3091 1747 ἢ
3121 1675 3286 1730 πόθεν
3313 1676 3381 1731 ἂν
3405 1676 3617 1746 γένοιτό
3643 1695 3762 1732 τισι

516 1794 611 1840 aut
633 1761 827 1839 decore
862 1782 1088 1837 vivere?
1116 1779 1307 1835 Simile
1340 1779 1484 1834 enim
1510 1787 1614 1847 est,
1645 1792 1710 1833 ac
1738 1778 1784 1832 si
1813 1776 1934 1847 quis
1958 1775 2081 1832 velit

2186 1767 2243 1821 τὸ
2274 1768 2332 1819 ὲν
2356 1767 2549 1839 κόσμῳ
2587 1768 2846 1823 δύνασθαι
2879 1767 3149 1834 διαὸιοῦνς
3176 1769 3400 1839 Ὅμοιον
3439 1767 3548 1840 γὰρ
3594 1769 3671 1834 ὡς
3708 1771 3762 1823 εί

517 1877 696 1932 navim
749 1874 918 1930 clavis
980 1885 1035 1929 et
1091 1865 1454 1942 gubernatore
1504 1879 1790 1929 carentem
1842 1877 1990 1926 recto
2029 1858 2086 1925 et

515 1965 782 2021 inoﬂ‘enso
814 1978 973 2022 cursu
996 1962 1151 2021 ferri.

583 2140 694 2212 58
716 2138 878 2195 Vens.
897 2139 953 2205 ϐ,
975 2138 1027 2194 7.
1049 2136 1194 2204 Quia
1214 2134 1561 2207 apprehendat
1576 2135 1656 2190 vir
1667 2133 1885 2202 fratrem
1903 2148 2079 2198 surint,

511 2230 591 2285 vel
634 2228 976 2283 domesticum
1018 2226 1189 2295 patris
1226 2227 1330 2290 sui,
1374 2225 1555 2279 dicens
1589 2238 1610 2278 :
1652 2222 1856 2278 Vestem
1901 2222 2079 2288 habes,

513 2320 751 2389 princeps
794 2324 968 2369 noster
991 2327 1122 2378 esto,
1156 2325 1208 2368 et
1247 2318 1390 2368 cibus
1426 2330 1569 2368 meus
1591 2330 1744 2383 penes
1774 2322 1823 2368 te
1862 2313 1952 2367 sit.
1980 2310 2084 2366 Re-

512 2409 775 2478 spondent
809 2416 982 2461 autem
1008 2406 1152 2471 dicet
1204 2406 1259 2458 in
1288 2404 1373 2457 die
1415 2402 1545 2457 illa:
1576 2402 1699 2456 Non
1730 2418 1818 2457 ero
1842 2402 2082 2471 princeps

517 2505 660 2561 tuus,
692 2510 793 2548 non
821 2493 960 2547 enim
985 2500 1065 2547 est
1097 2492 1164 2544 in
1193 2490 1347 2545 domo
1378 2503 1495 2543 mea
1525 2488 1700 2555 uariis,
1720 2487 2079 2559 neque'vestis,

516 2601 619 2641 non
640 2600 729 2640 ero
756 2584 996 2656 princeps
1025 2580 1205 2653 populi
1231 2580 1413 2651 hujus.

584 2763 888 2820 Judzeorum
918 2775 1149 2815 miserta:
1177 2767 1231 2815 et
1255 2773 1481 2815 summat
1511 2757 1839 2818 calamitatis
1869 2759 2079 2831 magni-

517 2854 760 2909 tudinem
791 2851 1103 2921 prophetica
1132 2851 1286 2905 nobis
1322 2849 1594 2922 significat
1632 2850 1831 2906 oratio.
1868 2849 2081 2919 Regna-

520 2952 649 2998 runt
676 2943 821 2997 enim
864 2941 1021 2996 statis
1052 2938 1390 3007 temporibus
1433 2938 1488 2995 in
1522 2935 1851 3001 Jerusalem,
1892 2936 1983 3005 qui
2013 2949 2082 2989 ex

519 3034 658 3090 tribu
679 3033 829 3088 Judze
861 3040 1017 3087 erant
1047 3050 1061 3085 :
1088 3041 1153 3086 et
1192 3029 1458 3101 splendidi
1488 3029 1728 3093 fuerunt,
1750 3026 1995 3083 celebres
2026 3036 2082 3081 et

520 3126 724 3181 divitiis
758 3124 963 3188 ornati,
996 3132 1051 3176 et
1076 3122 1371 3176 nobilitatis
1398 3129 1548 3176 sorte
1569 3134 1701 3175 sane
1725 3134 1888 3189 quam
1921 3132 2077 3190 egre-

521 3218 608 3288 gie
658 3214 934 3270 coronati.
979 3211 1357 3268 Praesedcrunt
1386 3212 1510 3266 item
1550 3210 1656 3266 alio
1696 3211 1877 3274 modo,
1915 3210 2008 3281 qui
2051 3226 2083 3266 e

524 3309 665 3362 tribu
707 3305 923 3360 fuerunt
966 3303 1119 3368 Levi,
1164 3318 1230 3358 ex
1281 3302 1514 3359 Aaronis
1554 3304 1766 3359 ordine.
1815 3304 1952 3359 Cum
2006 3303 2080 3358 ita

522 3413 764 3456 summus
791 3398 1044 3452 sacerdos
1073 3407 1350 3466 praeesset,
1388 3394 1632 3451 seniores
1660 3405 1717 3451 et
1746 3395 1948 3450 Levita:
1966 3396 2082 3452 obi-

524 3499 650 3547 rent
676 3488 1004 3552 ministeria,
1026 3487 1359 3556 suscipiendi
1380 3494 1539 3543 erant
1565 3486 1619 3541 bi
1638 3500 1745 3557 .per
1772 3486 2079 3541 universam

522 3583 794 3651 regionem
847 3575 1172 3633 Iudaeorum.
1217 3578 1288 3630 At
1356 3576 1447 3631 ubi
1486 3591 1614 3647 quae
1668 3576 1749 3631 fas
1790 3591 1898 3632 non
1964 3586 2081 3632 erat

521 3672 965 3735 commisissent,
1011 3669 1321 3740 nullumque
1366 3683 1473 3725 non
1494 3668 1787 3739 impietatis
1818 3684 1988 3741 genus
2014 3668 2080 3725 in

521 3765 795 3822 Christum
830 3763 1236 3828 exercuissent,
1281 3761 1347 3817 de
1399 3760 1631 3831 pristina
1678 3761 1967 3832 dignitate,
2017 3776 2083 3815 ac

521 3855 839 3912 celebritate
877 3853 1190 3909 divitiarum
1224 3861 1281 3908 et
1314 3852 1564 3908 claritate
1596 3852 1796 3922 delapsi
1830 3862 1995 3916 sunt;
2028 3852 2081 3906 in

520 3962 747 4017 eamque
772 3944 1150 4002 confusionem
1196 3953 1254 3999 et
1280 3945 1540 4000 vilitatem
1582 3959 1669 3999 res
1698 3958 1883 3999 eorum
1918 3944 2083 3999 devov-

523 4045 740 4102 nerunt,
772 4046 833 4089 ut
860 4033 1065 4089 nullum
1102 4033 1330 4089 omnino
1360 4040 1583 4102 possent
1631 4032 1773 4087 inter
1798 4046 1861 4087 se
1892 4032 2080 4087 ducent

521 4127 723 4182 habere
751 4125 976 4196 antiqua
1012 4123 1336 4180 excellentia
1363 4122 1589 4186 clarum,
1619 4136 1718 4177 nec
1740 4121 1951 4191 opibus,
1985 4137 2085 4176 nec

524 4224 808 4289 petestate,
852 4231 953 4272 nec
994 4215 1132 4287 legis
1180 4214 1369 4270 notitia
1428 4213 1734 4283 praeditum.
1764 4212 1877 4268 Hoc
1909 4213 2080 4282 ipsum

524 4313 702 4374 docet,
732 4324 854 4365 cum
892 4307 969 4363 ait
999 4325 1015 4364 :
1052 4325 1074 4360 ι
1118 4306 1497 4377 Apprehendet
1521 4305 1603 4359 vir
1632 4305 1857 4360 fratrem
1902 4320 2080 4371 suum,

522 4399 605 4455 vel
643 4399 958 4454 familiarem
994 4398 1163 4468 patris
1200 4399 1314 4463 sui,
1344 4395 1531 4453 dicens
1571 4414 1586 4452 :
1629 4394 1844 4453 Vestem
1885 4398 2082 4464 habes,

525 4493 771 4562 princeps
787 4490 1090 4552 nobisesto,
1106 4500 1158 4544 et
1176 4491 1330 4545 cibus
1348 4504 1497 4545 meus
1510 4490 1610 4544 sub
1628 4498 1679 4543 te
1694 4490 1783 4544 sit.
1795 4508 1816 4543 ι
1837 4476 2088 4546 Confusis

523 4582 721 4635 etenim
758 4583 917 4640 rebus
935 4589 990 4640 et
1013 4580 1238 4638 multum
1269 4582 1617 4652 perturbatis,
1644 4581 1721 4635 ita
1746 4592 1804 4636 ut
1830 4593 2088 4639 corruant

527 4682 653 4750 ipsi,
687 4678 823 4733 alius
858 4678 909 4731 in
945 4675 1458 4745 aliumpnullusque
1491 4675 1563 4729 sit
1593 4676 1765 4730 honor
1795 4683 1888 4729 aut
1918 4677 2088 4746 pudor

523 4772 604 4827 vel
630 4770 914 4842 juvenibus
942 4768 1112 4829 senis,
1142 4768 1226 4823 vel
1259 4769 1500 4841 ingloriis
1529 4771 1747 4842 gloriosi
1778 4772 2081 4842 :quisque,

525 4863 722 4931 inquit,
752 4862 851 4917 sibi
878 4869 1082 4927 qureret
1108 4860 1325 4925 ducem,
1352 4876 1582 4930 eumque
1604 4862 1784 4934 eliget,
1813 4862 1903 4919 vix
1925 4864 2085 4918 etiam

527 4955 929 5027 propinquitate
972 4952 1190 5024 generis
1234 4968 1613 5019 commovens,
1653 4964 1709 5010 et
1754 4957 1973 5010 trahens
2021 4956 2087 5009 ad

2182 1855 2275 1909 καί
2301 1872 2386 1919 τις
2416 1855 2654 1926 βούλοιτο
2677 1856 2807 1911 ναῦν
2828 1857 3109 1927 πηδαλίων
3144 1874 3205 1911 τε
3231 1859 3365 1927 ὅμου
3405 1858 3500 1912 καὶ
3527 1858 3623 1913 τοῦ
3654 1877 3762 1914 κυ-

2181 1945 2477 2017 ϐερνῶντος
2512 1948 2746 2021 ἐρήμην,
2785 1948 2932 2007 εὐθεῖ
2973 1949 3065 2009 καὶ
3110 1948 3455 2021 ἁδιαστρόφῳ
3491 1950 3763 2023 φέρεσθαι

2180 2035 2385 2109 δρόμῳ.
3216 2047 3221 2053 ’

2251 2127 2374 2181 Ὅτι
2399 2127 2761 2198 ἐπιλήψεται
2784 2129 3092 2199 ἅνθρωπος
3120 2130 3228 2187 τοῦ
3254 2130 3521 2201 ἀδελφοῦ
3542 2132 3763 2199 αὑτοῦ,

2180 2218 2220 2289 ἢ
2240 2219 2346 2274 τοῦ
2368 2220 2589 2275 οἰκείου
2609 2221 2714 2276 τοῦ
2741 2222 2965 2291 πατρὸς
2992 2223 3202 2287 αὐτοῦ,
3240 2222 3455 2294 λέγων’
3486 2222 3769 2293 Ἶμάτιον

2180 2312 2361 2379 ἔχεις,
2406 2311 2669 2383 ἀρχηγός
2713 2311 2881 2383 ήμῶν
2920 2313 3119 2384 γενοῦ,
3164 2314 3265 2369 καὶ
3311 2315 3378 2370 τό
3422 2313 3633 2385 ,βρῶμα
3689 2317 3766 2370 τὸ

2180 2402 2328 2471 ἐμὸν
2377 2403 2494 2458 ὑπὸ
2544 2402 2620 2457 σὲ
2663 2402 2839 2459 ἔστω.
2886 2406 2993 2459 Kal
3038 2407 3383 2477 ἀποκριθεὶς
3418 2407 3541 2477 ἐρεῖ
3579 2408 3652 2462 ἐν
3682 2405 3767 2478 τῇ

2181 2491 2370 2562 ἡμέρᾳ
2410 2492 2634 2564 ἐκείνῃ·
2663 2496 2787 2549 Οὐκ
2827 2495 3045 2567 ἔσομαι
3082 2514 3201 2553 σου
3225 2500 3506 2570 ἀρχηγός,
3540 2501 3613 2555 οὐ
3646 2501 3766 2571 γὰρ

2180 2582 2352 2638 ἐστιν
2390 2582 2461 2637 ἐν
2498 2582 2576 2650 τῷ
2617 2584 2760 2648 οἴκῳ
2788 2603 2909 2654 μου
2945 2585 3144 2656 ἄρτος,
3182 2589 3325 2644 οὐδὲ
3354 2589 3615 2660 ἱμάτιον,
3641 2592 3767 2646 οὐκ

2186 2672 2400 2743 ἑσομαι
2427 2660 2693 2745 ἀρχηγὸς
2717 2676 2826 2731 τοῦ
2845 2677 2997 2733 λαοῦ
3026 2679 3259 2736 τούτου.
3370 2670 3379 2677 ”
3730 2705 3737 2711 ε

2250 2765 2364 2834 Τῆς
2427 2766 2692 2820 Ἰουδαίων
2745 2767 3060 2841 ἀθλιότητος
3135 2771 3228 2824 καὶ
3294 2770 3396 2842 τῆς
3453 2773 3536 2836 είς
3589 2771 3769 2847 ἄκρον

2180 2853 2555 2926 ταλαιπωρίας
2583 2856 2645 2911 τὸ
2671 2857 2898 2928 μέγεθος
2927 2862 2956 2914 ό
2986 2860 3322 2933 προφητικδς
3360 2863 3492 2934 ημῖν
3517 2879 3766 2934 κατασης

2184 2946 2366 3017 μαίνει
2395 2947 2573 3017 λόγος.
2616 2949 2958 3007 Ἐϐασίλευον
2992 2954 3090 3024 μὲν
3119 2954 3228 3027 γὰρ
3262 2953 3403 3008 κατὰ
3442 2954 3669 3024 καιροὺς
3702 2956 3767 3008 ὲν

2182 3039 2294 3101 τοῖς
2329 3038 2725 3111 Ἰεροσολύμοις
2765 3041 2799 3112 ή
2845 3042 2910 3095 ἐκ
2961 3042 3135 3113 φυλῆς
3174 3043 3368 3109 Ἰούδα,
3413 3043 3657 3115 λαμπροί
3699 3059 3767 3099 τε

2186 3122 2324 3199 ἦσαν
2353 3129 2447 3182 καὶ
2483 3128 2781 3199 διαφανεῖς,
2815 3133 2909 3195 καὶ
2936 3132 3150 3204 πλούτῳ
3176 3133 3474 3206 κομῶντες,
3509 3133 3605 3188 καὶ
3634 3136 3768 3199 ταῖς

2187 3220 2268 3284 εις
2312 3219 2465 3290 λῆξιν
2507 3222 2775 3287 εὐκλείαις
2819 3219 2880 3279 εὖ
2924 3224 3069 3295 μάλα
3124 3226 3572 3298 κατεστεμμένοι.
3607 3227 3768 3282 Kno-

2186 3309 2417 3380 ηγοῢντο
2450 3311 2508 3365 δὲ
2544 3314 2639 3367 καὶ
2666 3314 2887 3387 ἑτέρως,
2922 3318 2973 3370 oi
3010 3318 3076 3371 ὲκ
3105 3317 3278 3389 φυλῆς
3314 3318 3453 3378 Astii
3489 3317 3630 3374 κατὰ
3661 3317 3770 3391 τὴν

2186 3400 2338 3466 τάξιν
2366 3400 2464 3471 τὴν
2500 3401 2731 3475 'Aapo'uv.
2777 3404 3114 3477 Προΰχοντος
3160 3408 3264 3479 μὲν
3304 3408 3396 3464 τοῦ
3437 3408 3765 3481 ἀρχιερέως,

2187 3489 2640 3563 λειτουργούντων
2665 3493 2722 3546 δὲ
2757 3496 3140 3569 πρεσϐυτέρων
3163 3500 3264 3552 καὶ
3284 3498 3544 3564 Λευῖτῶν,
3573 3498 3769 3551 eam!

2185 3579 2243 3634 δὲ
2261 3574 2401 3651 ἦσαν
2429 3582 2524 3635 καὶ
2555 3582 2606 3634 oi
2632 3582 2846 3642 τοιοίδε.
2867 3587 2979 3647 τοῖς
3006 3585 3110 3639 ἀνὰ
3137 3588 3316 3640 πᾶσαν
3340 3585 3449 3640 τῶν
3490 3585 3769 3640 Ἰουδαίων

2186 3668 2285 3741 τὴν
2310 3671 2514 3743 χώραν.
2568 3673 2785 3745 Ἐπειδὴ
2819 3673 2876 3727 δὲ
2905 3676 3253 3747 πεπράκασιν
3284 3677 3321 3733 ἃ
3357 3676 3431 3748 μὴ
3456 3676 3636 3749 θέμις.
3664 3678 3770 3731 καὶ

2186 3761 2286 3830 τῆς
2312 3763 2391 3826 είς
2414 3762 2648 3834 Χριστὸν
2671 3763 2982 3830 δυσσεϐείας
3008 3766 3183 3831 οὐδεὶς
3205 3763 3272 3839 ἦν
3294 3769 3477 3832 αὐτοῖς
3500 3768 3768 3840 ἀνεπιτή-

2187 3850 2372 3914 δευτος
2406 3851 2627 3921 τρόπος,
2661 3852 2971 3908 ἀπώλισθον
3004 3856 3102 3925 μὲν
3135 3856 3235 3926 τῆς
3278 3856 3511 3928 ἀρχαίας
3543 3857 3769 3929 ἐκείνης

2187 3942 2569 4016 λαμπρότητος
2612 3946 2708 3999 καὶ
2761 3947 3115 4018 περιφανείας
3168 3949 3266 4018 τῆς
3314 3950 3373 4003 ἐν
3409 3948 3625 4019 πλούτῳ
3663 3952 3770 4004 καὶ

2187 4034 2336 4108 δόξῃ,
2369 4034 2654 4091 καθίκοντο
2689 4035 2747 4090 δὲ
2785 4036 3131 4108 χυδαιότητός
3167 4054 3226 4090 τε
3254 4038 3348 4092 καὶ⁸
3376 4037 3651 4103 εὐτελείας
3681 4043 3770 4105 είς

2187 4124 2348 4181 τοῦτο
2376 4124 2446 4180 τὰ
2477 4125 2776 4198 πράγματα
2808 4127 3007 4191 αὐτοῖς,
3033 4125 3110 4190 ὠς
3138 4126 3341 4197 μηδένα
3367 4126 3647 4192 παντελῶς
3669 4129 3769 4183 τὸν

2187 4216 2492 4288 ἡγούμενον
2540 4215 2683 4287 ἔχειν
2729 4217 2817 4287 ἐφ’
2857 4218 3069 4281 ἑαυτοῖς
3104 4216 3365 4272 δόνασθαι
3397 4217 3649 4290 λαμπρὸν
3700 4220 3767 4273 ἐν

2191 4308 2431 4381 ὑπεροχῇ
2482 4311 2548 4381 τῇ
2589 4309 2776 4372 πάλαι,
2834 4309 2972 4380 μήτε
3017 4309 3123 4380 μὴν
3160 4308 3388 4365 πλοῦτον
3427 4310 3620 4381 ἔχοντα
3666 4313 3766 4366 καὶ

2190 4399 2524 4465 δυναστείαν,
2565 4401 2598 4471 ἦ
2629 4402 2830 4470 γνῶσιν
2857 4400 2950 4454 τοῦ
2976 4401 3163 4472 νόμου.
3198 4402 3308 4454 Καὶ
3338 4400 3494 4455 τοῦτο
3520 4402 3653 4455 αὐτὸ
3670 4402 3765 4456 δι-

2191 4491 2377 4547 δάσκει
2401 4532 2417 4557 ,
2469 4492 2664 4560 λέγων,
2727 4494 2808 4546 ὅτι
2864 4511 2883 4544 ι
2921 4492 3270 4564 Ἐπιλήψεται
3320 4493 3602 4564 ἄνθρωπος
3664 4495 3764 4549 τοῦ

2191 4580 2420 4650 ἀδελφοῦ
2447 4581 2635 4645 αὑτοῦ,
2671 4582 2706 4651 ἢ
2754 4582 2848 4635 τοῦ
2884 4582 3088 4637 οίκείου
3130 4582 3333 4654 πατρὸς
3369 4583 3535 4638 αὑτοῦ
3562 4582 3789 4654 iterur-

2203 4671 2439 4747 Ἱμάτιον
2468 4672 2633 4743 ἔχεις,
2672 4673 2913 4744 ἀρχηγὸς
2949 4674 3105 4744 ἡμῶν
3135 4674 3316 4743 γενοῦ,
3349 4674 3445 4727 καὶ
3475 4673 3672 4745 βρῶμα
3699 4677 3765 4730 τὸ

2193 4762 2324 4826 ὲμὸν
2355 4762 2459 4816 ὑπὸ
2494 4763 2554 4815 σὲ
2592 4762 2750 4821 ἔστω.
2785 4781 2808 4815 ι
2848 4763 3272 4835 Συγκεχυμένων
3312 4763 3421 4836 γὰρ
3452 4763 3561 4818 τῶν
3585 4781 3767 4837 πραγ-

2194 4852 2400 4924 μάτων,
2448 4855 2542 4907 καὶ
2575 4854 2708 4908 πολὺ
2738 4853 3019 4908 παθόντων
3051 4855 3112 4908 τὸ
3164 4854 3415 4919 ἄτακτον,
3445 4856 3521 4919 ὡς
3559 4857 3765 4928 συμπίο-

2191 4961 2347 5003 πτειν
2380 4945 2575 5008 αὐτοὺς
2605 4945 2880 5018 ἀλλήλοις,
2921 4948 3018 5001 καὶ
3061 4948 3329 5020 μηδεμίαν
3358 4943 3497 5004 εἶναι
3520 4949 3684 5021 τιμὴν
3725 4950 3763 5018 ἢ

523 5045 978 5110 misericordiam,
1012 5053 1066 5099 et
1097 5043 1289 5115 eliget,
1316 5045 1522 5114 inquit,
1554 5060 1658 5100 non
1689 5046 1853 5101 veluti
1887 5046 2081 5102 divitiis

2194 5037 2347 5105 αἰδῶ,
2378 5038 2740 5110 πρεσὸύτουῆ
2785 5038 2949 5106 νέοις,
2997 5040 3164 5112 ἤγουν
3197 5042 3414 5113 ἀτίμοις
3449 5041 3483 5112 ἢ
3513 5041 3761 5107 ἐνδόξων·

518 5137 795 5193 ﬂorentem
816 5177 831 5202 ,
861 5137 954 5192 sed
980 5136 1378 5206 quodammodo
1406 5137 1626 5201 nudum,
1655 5138 1962 5207 amabitqne
1983 5138 2085 5194 sub

521 5241 586 5282 eo
613 5227 704 5292 ali,
726 5236 781 5282 et
810 5226 1056 5279 mendico
1081 5225 1306 5287 servire,
1325 5232 1379 5276 et
1405 5224 1494 5292 qui
1523 5225 1610 5277 vix
1637 5234 1836 5280 vestem
1870 5226 2081 5282 habeat.

2194 5128 2421 5194 ἕκαστος
2442 5132 2526 5200 ἐφ’
2548 5130 2747 5202 ἐαυτῷ,
2767 5133 2921 5201 φησὶ,
2951 5131 3173 5205 ζητήσει
3193 5132 3509 5206 ἡγούμενον,
3532 5135 3627 5187 καὶ
3639 5134 3766 5189 τοῦ-

2189 5237 2279 5274 τον
2308 5221 2580 5287 ὲκλέξεται
2622 5224 2687 5294 τῇ
2724 5222 2864 5277 κατὰ
2895 5226 3049 5294 γένος
3086 5224 3368 5296 ἀγχιστεία
3396 5222 3548 5294 μόλις
3571 5223 3764 5279 ἐκδυσσ

522 5317 995 5373 Verumenimvero
1055 5314 1306 5384 quamvis
1368 5314 1489 5369 talis
1544 5314 1642 5378 sit,
1692 5331 1797 5371 non
1862 5317 2081 5387 accipiel

2188 5311 2352 5371 ωπῶν
2376 5314 2469 5365 καὶ
2487 5313 2670 5372 καλῶν
2695 5317 2777 5380 εἰς
2801 5315 2970 5370 ἔλεον.
3010 5314 3313 5378 Ἐκλέξεται
3338 5313 3416 5382 δὲ,
3447 5316 3632 5385 φησιν,
3663 5316 3763 5385 οὐχ

520 5415 700 5462 tamen
732 5410 1045 5478 imperium,
1073 5406 1286 5463 etiamsi
1330 5407 1399 5462 ab
1442 5406 1526 5461 bis
1559 5407 1648 5477 qui
1681 5407 1837 5463 subdi
1870 5407 2080 5476 volunt,

523 5497 656 5554 nihil
686 5507 915 5568 petatur.
945 5500 1201 5564 Qua-runt
1231 5498 1372 5553 cnint
1403 5512 1594 5567 panem
1626 5483 1683 5555 ut
1706 5498 2080 5565 subjiciuntur,

521 5600 577 5643 ct
620 5602 715 5657 pro
763 5586 1018 5643 alimento
1065 5588 1378 5643 tenuissimo
1416 5600 1493 5651 ,se
1544 5585 1619 5642 illi
1665 5586 1719 5640 in
1768 5584 2081 5641 servitutem

522 5679 793 5739 addicunt.
848 5679 911 5733 Et
941 5693 1061 5745 quze
1094 5677 1209 5741 lucc
1245 5678 1619 5750 tergiversatio
1656 5691 1722 5758 ac
1752 5675 2083 5747 repudiatio?

2187 5402 2262 5466 ὡς
2291 5403 2482 5475 ἔχοντα
2510 5405 2759 5471 πλοῦτον,
2783 5407 2898 5461 ἀλλ’
2918 5406 2994 5468 ὡς
3013 5406 3111 5459 οὐκ
3140 5406 3267 5460 ὄντα
3292 5405 3517 5476 γυμνὸν,
3546 5407 3764 5476 ἀγαπήφ

2190 5510 2273 5546 σει
2314 5512 2373 5548 τε
2419 5497 2512 5551 ὑπ’
2550 5496 2715 5554 αὑτοῦ
2761 5497 3055 5568 τρέφεσθαι
3094 5497 3187 5553 καὶ
3220 5495 3495 5552 δουλεύειν
3539 5498 3759 5572 πτωχῷ.

2186 5583 2334 5656 Πλὴν
2370 5587 2419 5639 εί
2449 5589 2544 5641 καὶ
2571 5591 2600 5642 ό
2623 5588 2862 5653 τοιοῦτος
2899 5589 2998 5660 οὐχ
3031 5589 3268 5659 ἁρπάσει
3302 5590 3400 5664 τὴν
3441 5591 3756 5663 ἠγεμονίαν,

2187 5675 2362 5732 καίτοι
2389 5676 2553 5750 μηδὲν
2573 5679 2895 5753 αίτούμενος
2920 5680 3070 5752 παρὰ
3091 5681 3200 5739 τῶν
3225 5681 3544 5739 ὑποκεῖσθαι
3572 5680 3760 5754 βεδουπ
