4012 6216
473 304 570 358 ΗΠ

1492 306 1550 363 8.
1593 304 1872 361 CYRILLI
1913 305 2381 377 ALEXANDRINI
2423 315 2744 373 ARCHIEP.

3614 324 3714 381 108

469 424 671 479 suclere
700 429 754 476 et
787 419 1101 492 iniquitate,
1124 420 1179 475 in
1215 420 1491 477 Christum
1523 423 1688 495 impia
1722 425 1850 492 fuit,
1879 440 2027 481 omne

2140 435 2172 505 ἡ
2228 436 2448 506 γλῶσσα
2502 434 2682 489 αὐτῶν
2735 432 2871 506 μιτὰ
2924 434 3154 504 ἀνομίας
3197 432 3588 507 δεδυσσέὄηκεν
3638 439 3719 504 είς

470 530 576 569 mm
624 512 947 568 calamitatis
983 526 1153 581 genus
1190 511 1296 567 illis
1333 512 1502 569 fuisse
1536 513 1866 585 irrogatum,
1898 526 1953 572 et
1985 518 2041 571 in

470 609 602 663 hanc
631 606 979 675 ignominiam
1013 619 1109 661 eos
1139 605 1418 661 incidisse.
1451 605 1612 675 Atqui
1645 608 1915 676 quomodo
1939 608 2044 663 lin-

462 715 562 771 gua
596 701 832 768 ipsorum
863 698 1254 753 contumaciter
1284 698 1445 767 impia
1481 697 1622 754 fuit?
1653 698 1879 756 Caeteris
1907 716 2043 772 prm-

463 790 752 854 termissis,
787 788 902 859 ipse
932 787 1093 842 nobis
1125 789 1384 857 propheta
1417 789 1678 859 explicat,
1713 791 1883 845 solam
1919 792 2044 848 ulti-

460 897 603 936 mam
650 894 838 936 eorum
883 879 1276 951 blasphemiam
1319 882 2042 939 commemorans.Fuerunt

460 978 606 1030 enim
640 987 852 1044 semper
882 973 1103 1029 Christo
1134 973 1347 1028 adversi
1380 981 1436 1028 et
1457 972 1674 1042 infesti,
1703 974 2039 1031 invidentia:—

456 1085 561 1137 que
609 1066 727 1123 telis
770 1066 991 1137 perciti,
1029 1079 1093 1121 ac
1133 1066 1286 1135 quasi
1333 1065 1602 1134 sauciati,
1638 1066 1820 1122 multis
1867 1067 2042 1124 modis

458 1161 682 1216 insidias
698 1159 1050 1216 collocarunt.
1070 1158 1400 1228 Demumque
1419 1173 1572 1214 suum
1591 1159 1770 1215 scelus
1786 1159 2038 1225 maxime,

457 1264 715 1322 tanquam
754 1249 1114 1306 Sodomorum
1148 1250 1575 1315 annuntiamnt,
1605 1258 1658 1305 et
1693 1249 2037 1308 manifestum

458 1358 816 1414 testatumqne
863 1342 1239 1406 reddiderunt,
1269 1354 1393 1396 cum
1441 1356 1565 1396 eum
1614 1340 1787 1397 Pilato
1827 1342 2039 1398 obtule-

455 1450 598 1494 runt.
635 1438 767 1493 Nam
811 1434 1262 1507 quemadmodum
1303 1428 1639 1488 habitatores
1680 1434 2036 1490 Sodomorum

455 1529 869 1601 intemperantia
903 1543 967 1584 ac
998 1527 1448 1583 immoderatione
1482 1526 1840 1597 cupiditatum
1874 1524 2034 1583 etfre-

455 1629 581 1677 nate
624 1616 1477 1686 laborarunt,voluptatibusque
1520 1631 1550 1671 a
1599 1626 1791 1671 natura
1840 1618 2035 1672 abhor-

2143 528 2397 600 Χριστὸν,
2454 528 2573 581 τότε
2624 527 2719 581 καὶ
2766 528 2876 581 πᾶν
2933 520 3072 589 εἶδος
3128 526 3312 590 αὐτοῖς
3365 529 3714 599 ἑπενήνεκται

2141 620 2536 692 ταλαιπωρίας,
2567 620 2660 675 καὶ
2680 618 3033 673 πεπτώκασιν
3068 619 3148 683 είς
3181 618 3242 673 τὸ
3273 618 3547 685 δυσκλεές.
3585 621 3715 678 Τίνα

2139 712 2196 766 δὲ
2223 713 2420 785 τρόπον
2462 715 2496 783 ἡ
2525 712 2744 782 γλῶσσα
2782 710 2960 765 αὐτῶν
2991 710 3352 783 δεδυσσέϐηκε
3393 712 3532 783 μετὰ
3561 715 3719 769 ami—

2141 803 2310 884 θείας,
2346 804 2507 869 αὐτὸς
2535 806 2665 875 ἡμῖν
2690 805 2718 858 ό
2750 805 3035 876 προφήτης
3064 804 3359 874 δεατρανοῖ,
3392 806 3586 876 παρεὶς
3619 805 3722 877 μὲν

2138 898 2210 953 τὰ
2242 898 2424 971 ἕτερα,
2454 897 2921 969 διαμνημονεύσας
2969 896 3025 950 δὲ
3071 897 3239 967 μόνης
3277 898 3376 966 τῆς
3407 897 3723 964 τελευταίας

2140 989 2320 1045 αὐτῶν
2358 990 2695 1054 δυσσεϐείας.
2740 985 2922 1043 *Ησαν
2965 989 3062 1060 μὲν
3094 990 3202 1059 γὰρ
3241 989 3328 1041 ἀεὶ
3358 988 3604 1060 διάφοροι
3640 990 3723 1061 τῷ

2139 1080 2380 1152 Χριστῷ,
2411 1080 2505 1134 καὶ
2532 1083 2645 1144 τοῖς
2664 1077 2758 1134 τοῦ
2782 1076 2979 1150 φθόνου
3001 1078 3178 1150 βέλεσι
3201 1079 3555 1150 τετρωμένοι,
3576 1081 3722 1134 κατὰ

2139 1172 2369 1235 πολλοὺς
2425 1171 2775 1226 ἐπεϐούλευον
2817 1171 3070 1243 τρόπους.
3131 1169 3346 1243 Ἐπειδὴ
3397 1170 3454 1224 δὲ
3502 1170 3723 1242 Πιλάτῳ

2140 1265 2510 1335 προσήγαγον,
2551 1263 2669 1316 τότε
2702 1262 2766 1334 δὴ
2803 1261 3036 1334 μάλιστα
3066 1262 3164 1332 τὴν
3195 1260 3401 1316 ἑαυτῶν
3442 1263 3723 1336 ἁμαρτίαν

2137 1355 2213 1420 ὡς
2234 1356 2482 1426 Σοδόμων
2516 1355 2844 1429 ἁνήγγειλαν
2870 1355 2964 1409 καὶ
2995 1354 3337 1425 ἐνεφάνισαν.
3372 1354 3583 1427 Ὠσπερ
3610 1356 3722 1428 γὰρ

2137 1452 2186 1504 oi
2213 1449 2320 1504 τῶν
2352 1448 2600 1522 Σοδόμων
2622 1450 2904 1521 οἰκήτορες
2931 1449 2992 1501 τὸ
3019 1446 3257 1517 ἀκρατὲς
3289 1448 3367 1510 είς
3394 1445 3601 1517 ὀρέξεις
3634 1465 3722 1501 νε-

2137 1546 2427 1617 νοσηκότες
2485 1544 2712 1617 ἀγρίως,
2765 1543 2860 1597 καὶ
2914 1544 3034 1606 ταῖς
3088 1540 3240 1611 παρὰ
3292 1539 3452 1609 φύσιν
3501 1540 3743 1615 ἡδοναῖςι

2137 1637 2432 1710 ἡττημένοι
2458 1638 2861 1706 κατεπεφύοντο
2888 1634 2979 1690 τοῦ
3023 1634 3292 1707 μακαρίου
3323 1633 3468 1697 Λὼτ,
3502 1633 3717 1688 αἰτοῦν-

453 1713 700 1769 rentibus
730 1710 885 1778 victi,
918 1710 970 1764 iu
1007 1709 1221 1763 beatum
1244 1707 1357 1762 ‘Lot
1389 1709 1687 1777 irruerunt,
1722 1709 1847 1779 dum
1883 1710 2027 1764 omni

2134 1707 2228 1795 τες
2266 1707 2391 1795 τοὺς
2430 1729 2625 1802 ἄνδρας
2660 1731 2784 1793 τοὺς
2822 1727 3351 1798 είσπεπορευμένους
3386 1726 3520 1797 πρὸς
3552 1725 3718 1780 αὐτὸν

454 1803 777 1860 verecundia
813 1776 1119 1873 proculcata
1140 1839 1155 1864 ,
1190 1810 1245 1854 et
1279 1810 1554 1871 praerupta
1587 1776 1818 1870 quadam
1855 1802 2027 1873 impu-

2134 1776 2224 1887 εἰς
2246 1776 2811 1893 κατέχρησῖνῖαίδούς
2832 1837 2893 1873 τε
2924 1776 3142 1891 ἀπάσης
3156 1776 3362 1882 Γαὐτοῖς
3397 1776 3718 1889 πεπατημέ-

450 1898 631 1954 dentia
680 1903 1001 1965 superante,
1034 1893 1184 1948 viros
1235 1892 1302 1947 ad
1350 1892 1523 1961 ipsum
1570 1894 1927 1961 divertentes,
1965 1894 2032 1948 ad

449 1990 676 2042 abusum
724 1993 970 2055 peterent
1018 2001 1033 2038 :
1082 1982 1198 2054 peri
1250 1983 1428 2049 modo,
1457 1984 1725 2051 arbitror,
1766 1995 1821 2040 et
1861 1982 2032 2041 Judati

451 2087 639 2136 contra
672 2092 732 2133 se
765 2076 1104 2145 iniquitatem
1156 2086 1309 2130 suam
1343 2075 1696 2130 clamitarunt
1735 2085 1789 2130 et
1822 2090 2034 2131 annun-

452 2172 675 2235 tiarunt,
700 2183 822 2222 cum
852 2166 1024 2220 Pilato
1049 2164 1330 2221 dicuntde
1355 2166 1573 2223 Christo
1599 2185 1613 2222 :
1638 2185 1661 2220 ι
1690 2165 1860 2234 Tolle,
1885 2168 2030 2233 tolle,

448 2260 595 2314 cruci
635 2256 787 2327 alligo
824 2272 946 2312 eum
971 2256 1037 2311 ⁸⁸.
1077 2274 1094 2307 ι
1142 2256 1291 2311 llauc
1337 2257 1575 2328 ipsorum
1612 2257 1722 2315 Deo
1759 2259 2030 2314 inimicam

450 2364 637 2405 vocem
678 2348 950 2403 accusavit
991 2348 1153 2402 etiam
1195 2361 1292 2417 per
1321 2349 1606 2433 quemdam
1647 2350 2029 2420 prophetarum

448 2443 636 2497 dicens
671 2458 685 2496 :
721 2439 994 2508 Dereliqui
1031 2440 1249 2493 domum
1284 2454 1458 2494 meam
1484 2480 1498 2503 ,
1530 2442 1709 2497 dimisi
1744 2442 2031 2498 haeredita-

448 2545 556 2591 tem
581 2547 777 2594 meam,
806 2530 1001 2584 tradidi
1026 2530 1273 2584 dilectam
1298 2531 1537 2586 animam
1566 2547 1740 2587 meam
1766 2535 1818 2588 in
1843 2550 2032 2590 manus

448 2625 786 2680 inimicorum
819 2621 955 2696 ejus.
983 2619 1147 2675 Facta
1182 2634 1265 2675 est
1297 2622 1584 2678 haereditas
1622 2638 1739 2681 mea
1776 2625 1936 2691 mihi,
1974 2637 2032 2681 ut

449 2717 531 2770 leo
570 2714 623 2768 in
664 2713 830 2779 silva,
856 2712 1110 2780 deditque
1142 2721 1326 2766 contra
1359 2728 1447 2768 me
1480 2728 1664 2770 vocem
1699 2730 2032 2788 snam,pro-

446 2803 780 2877 plcrea'odio
796 2811 1125 2872 prosecutus
1159 2816 1277 2856 sum
1308 2817 1451 2859 eam.

516 2893 866 2950 Vuns.'9-ll.
898 2891 997 2947 ιγω
1036 2893 1231 2947 anima:
1266 2908 1479 2959 eorum,
1504 2894 1627 2964 quia
1669 2895 2029 2950 consulturum

444 2985 719 3041 consilium
748 3000 998 3054 magnum
1028 2995 1210 3038 contra
1238 2986 1465 3054 seipsos,
1493 2987 1726 3041 dicentes
1756 3002 1775 3041 .'
1809 2984 2031 3041 Vincia-

2133 1931 2229 1984 νης
2262 1915 2355 1967 καὶ
2389 1912 2695 1984 ἀθραύστου
2738 1912 2924 1966 λοιπὸν
2966 1910 3277 1982 κρατούσης
3310 1911 3713 1982 ἀναισχυντίας.

2131 2002 2223 2056 τὸν
2253 2002 2413 2056 αὑτὸν
2443 1997 2596 2071 οἶμαι
2615 2002 2813 2073 τρόπον
2843 2001 2935 2055 καὶ
2975 2000 3213 2054 Ἰουδαῖοι
3239 2000 3338 2072 τὴν
3360 2001 3590 2071 ἀνομίαν
3618 2000 3713 2054 αύι

2129 2092 2240 2145 τῶν
2270 2092 2599 2164 ἀνήγγειλαν
2639 2091 3117 2163 κατακεκραγότες
3148 2108 3206 2145 τε
3236 2090 3330 2146 καὶ⁸
3359 2090 3610 2161 λέγοντες
3636 2091 3716 2163 τῷ

2134 2182 2350 2254 Πιλάτῳ
2385 2183 2513 2254 περὶ
2550 2181 2806 2256 Χριστοῦο
2838 2200 2856 2233 ι
2894 2175 3047 2253 Αἶρε,
3082 2175 3225 2253 αἶρε,
3265 2181 3578 2253 σταύρωσον
3612 2183 3714 2236 αὖ·

2132 2275 2244 2329 τόν.
2280 2293 2299 2326 ι
2339 2274 2554 2345 Ταύτην
2595 2274 2774 2329 αὐτῶν
2811 2274 3105 2343 κατῃτιᾶτο
3137 2270 3321 2344 φωνὴν
3358 2273 3453 2327 καὶ
3490 2273 3558 2326 δι’
3595 2271 3714 2337 ἑνὸς

2131 2364 2241 2419 τῶν
2295 2366 2609 2437 προφητῶν,
2655 2363 2851 2432 λέγων·
2915 2363 3374 2433 Ἐγκαταλὲλοιπα
3427 2364 3521 2418 τὸν
3565 2360 3716 2419 οἶκόν

2135 2474 2259 2528 μου,
2293 2456 2479 2527 ἀφῆκα
2506 2455 2606 2527 τὴν
2634 2455 2994 2528 κληρονομίαν
3037 2474 3137 2527 μου
3155 2498 3171 2522 ,
3200 2457 3406 2511 δέδωκα
3445 2457 3544 2530 τὴν
3574 2459 3715 2529 ἠγαο

2132 2548 2383 2619 πημένην
2408 2546 2587 2620 ψυχήν
2620 2565 2719 2618 μου
2758 2549 2837 2612 εἰς
2872 2551 3058 2620 χεῖρας
3088 2547 3297 2620 ἐχθρῶν
3330 2548 3516 2621 αὐτῆς.
3558 2551 3712 2619 Ἐγε-

2133 2639 2267 2711 νήθη
2324 2640 2357 2710 ἡ
2396 2638 2729 2712 κληρονομία
2775 2657 2876 2710 μου
2929 2641 3053 2712 ἐμοὶ
3098 2640 3175 2704 ὼς
3222 2640 3359 2694 λέων
3402 2643 3460 2694 ἐν
3495 2641 3713 2715 δρυμῷ,

2132 2731 2328 2784 ἔδωκεν
2381 2732 2467 2784 ἐπ’
2512 2731 2613 2804 ἐμὲ
2667 2732 2849 2806 φωνὴν
2894 2733 3085 2803 αὐτῆς,
3143 2730 3231 2788 διὰ
3271 2731 3429 2787 τοῦτο
3469 2733 3710 2806 ἱμίσησα

2131 2822 2321 2893 αὑτήν.
3736 2826 3745 2837 ³

2199 2914 2345 2969 Οὐαί
2371 2912 2446 2985 τῇ
2467 2914 2640 2985 ψυχῇ
2661 2913 2878 2982 αὐτῶν,
2908 2914 2997 2970 ὅτι
3013 2916 3709 2986 ,βεϐούλευνταιβουλήν

2131 3007 2402 3077 πονηρὰν
2427 3008 2557 3061 καθ’
2585 3006 2834 3071 ἑαυτῶν,
2864 3010 3155 3076 εἰπόντες
3183 3009 3468 3080 Δήσωμεν
3491 3009 3597 3064 τὸν
3621 3011 3712 3065 διε-

443 3095 558 3133 ηιιη
588 3078 830 3149 justum,
857 3080 982 3146 quia
1019 3077 1226 3131 inutilis
1269 3078 1415 3132 nobis
1461 3085 1561 3133 est.
1597 3076 1785 3149 Itaque
1821 3078 2026 3148 fructus

2129 3115 2319 3164 καιον,
2373 3101 2461 3154 ὅτι
2508 3099 2894 3171 δύσχρηστος
2944 3102 3090 3171 ἡμῖν
3124 3102 3315 3158 ἐστιν.
3370 3105 3584 3159 Τοίνυν
3631 3107 3705 3160 τὰ

443 3185 654 3239 operum
680 3186 894 3223 suorum
929 3170 1100 3223 edent.
1129 3166 1227 3223 ’ναξ
1260 3170 1465 3239 iniquo,
1497 3169 1637 3224 mala
1664 3187 1760 3241 pro
1786 3171 2023 3240 operibus

443 3276 694 3315 manuum
717 3260 885 3330 ipsius
908 3261 1139 3314 evenient
1164 3260 1232 3315 ei.

521 3434 795 3506 Propheta
827 3434 992 3489 etiam
1031 3451 1175 3493 nunc
1203 3436 1511 3495 Iudaeorum
1547 3443 1808 3513 populum
1846 3443 2019 3517 luget,

440 3540 496 3586 et
551 3528 907 3599 qumrelarum
973 3543 1170 3585 causas
1232 3531 1364 3602 ipsis
1422 3534 1644 3602 exponit
1693 3552 1708 3590 :
1762 3535 2024 3596 Dixerunt

441 3620 622 3687 enim,
679 3620 891 3690 inquit,
960 3621 1015 3676 in
1079 3622 1275 3692 seipsis
1329 3642 1343 3678 :
1403 3623 1716 3685 Vinciamus
1778 3630 2018 3700 justum,

442 3714 568 3784 quia
632 3711 840 3767 inutilis
901 3714 1058 3769 nobis
1105 3725 1215 3770 est.
1263 3713 1450 3786 Neque
1501 3716 1644 3773 enim
1702 3731 2023 3792 receperunt

442 3816 541 3871 per
610 3801 810 3864 lldcm,
868 3802 1244 3860 universorum
1307 3806 1653 3864 Servatorem
1706 3808 2018 3879 Christum,

442 3892 541 3950 sed
599 3894 925 3948 contumelia
981 3906 1240 3965 perpetuo
1294 3897 1621 3965 all'ecerunt,
1662 3900 1768 3973 οι
1822 3912 1879 3958 et
1928 3919 2019 3960 re-

436 3997 570 4040 vera
628 3982 1008 4038 existimarunt
1079 4000 1201 4039 eum
1257 3987 1401 4043 nullo
1456 3991 1614 4045 modo
1653 3992 1779 4047 vita:
1833 3993 2019 4050 utilem

444 4075 592 4137 fore,
646 4074 743 4143 qui
802 4074 857 4128 in
917 4075 1019 4129 hoc
1069 4077 1213 4130 venit
1262 4086 1322 4131 ut
1371 4081 1550 4135 omnia
1595 4081 1648 4136 in
1707 4083 1853 4154 ipso,
1898 4101 2017 4157 qua:

443 4165 661 4234 quidem
695 4166 853 4221 nobis
890 4167 1241 4233 conveniunt,
1262 4173 1566 4226 communia
1605 4174 1818 4242 tierent,
1850 4188 2018 4250 utque

441 4271 470 4310 a
512 4256 670 4326 legali
711 4257 924 4313 vivendi
955 4257 1164 4313 ratione
1230 4260 1282 4314 in
1333 4262 1669 4331 spiritualem
1723 4283 2017 4327 conversa-

444 4349 642 4402 tionem
677 4364 772 4403 cos
811 4348 901 4418 qui
932 4363 996 4403 ex
1018 4350 1303 4425 sanguine
1337 4350 1552 4407 lsraelis
1586 4357 1691 4411 orti
1739 4368 1882 4425 sunt,
1921 4363 2018 4418 ad-

438 4438 680 4493 duceret.
710 4436 847 4492 Cum
876 4422 1168 4508 ergo'nihil
1225 4441 1520 4511 adjuntenti
1578 4461 1700 4500 eum
1758 4422 2014 4518 putarent
2043 4437 2092 4497 ί)

360 4526 371 4533 ’
441 4528 753 4592 allaturum,
777 4539 953 4584 morte
984 4529 1221 4597 ligarunt
1273 4547 1419 4599 eum,
1478 4549 1739 4606 quantum
1795 4543 2011 4611 quidem

439 4618 495 4672 in
522 4617 653 4685 ipsis
677 4623 1063 4683 erat,~tametsi
1093 4623 1289 4678 revixit
1345 4625 1409 4679 de
1445 4629 1670 4698 integro.
1729 4641 1790 4686 ut
1846 4631 2009 4702 Deus,

439 4707 645 4763 inferos
668 4708 1008 4775 exinaniens,
1036 4722 1091 4766 et
1119 4717 1483 4783 corruptionis
1501 4719 1784 4789 imperium
1814 4723 2010 4781 intrin-

437 4793 717 4866 gensNita
746 4805 831 4851 est
848 4798 994 4853 enim
1020 4810 1077 4856 et
1105 4802 1225 4857 vita:
1250 4817 1458 4861 auctor.
1490 4805 1687 4865 Verum
1710 4823 1897 4869 contra
1918 4831 2012 4872 se-

439 4888 586 4957 ipsos
611 4888 896 4943 consilium
930 4890 1185 4958 inierunt,
1211 4895 1414 4964 justum
1442 4898 1611 4970 ligare
1638 4904 1905 4971 volentes,
1959 4919 2014 4964 et

437 4981 578 5037 l'etus
614 4995 834 5037 suorum
864 4981 1106 5039 laborum
1136 4989 1440 5046 comedent.
1474 4992 1629 5059 Quod
1645 4998 1787 5050 enim
1815 5001 2017 5055 severit

438 5074 581 5143 quis,
615 5074 720 5130 hoc.
762 5082 819 5130 et
867 5084 1053 5132 metet.
1084 5077 1152 5133 Et
1209 5093 1341 5136 sane
1394 5084 1485 5152 qui
1543 5088 1786 5143 moribus
1834 5090 2017 5158 probis

438 5172 584 5230 sunt,
611 5175 667 5221 et
698 5174 810 5222 toto
857 5177 1073 5237 pectore
1145 5171 1237 5227 Dei
1297 5188 1483 5228 amore
1535 5174 1783 5248 ﬂagrant,
1846 5183 2015 5237 borius

439 5251 565 5308 l.inc
596 5254 802 5314 fructus
826 5260 1121 5317 ‘invcnieut
1156 5280 1169 5317 :
1203 5273 1256 5317 at
1286 5267 1375 5334 qui
1402 5268 1667 5334 resiliunt,
1724 5281 1779 5324 et
1838 5274 2009 5342 perti-

441 5359 602 5400 races
633 5362 755 5402 sunt
787 5367 851 5407 ac
895 5354 1190 5424 praefracti,
1235 5369 1287 5411 et
1333 5361 1526 5415 divinus
1566 5363 1831 5431 majestati
1869 5369 2008 5421 relu-

436 5442 860 5527 ‘~“"'i‘-“‘.edcnt
893 5456 1183 5512 proventus
1240 5448 1485 5506 laborum
1542 5468 1784 5521 suorum,
1833 5458 2008 5527 ignem

446 5524 724 5594 nzmirum,
772 5540 826 5585 et
853 5535 1198 5607 supplicium,
1230 5551 1285 5597 et
1319 5556 1556 5613 pmnam,
1591 5555 1645 5600 et
1671 5524 2006 5622 quzccunque

517 5676 561 5711 ”
585 5674 741 5732 Joan.
782 5693 896 5744 ωε.
932 5684 1018 5741 15.

2127 3191 2466 3262 γεννήματα
2503 3191 2622 3247 τῶν
2653 3193 2842 3262 ἔργων
2873 3191 3063 3249 αὐτῶν
3094 3194 3407 3264 φάγονται.
3449 3195 3595 3251 Οὐαὶ
3626 3196 3707 3263 τῷ

2124 3283 2344 3352 ἀνόμῳ,
2377 3283 2609 3352 πονηρὰ
2640 3286 2791 3339 κατὰ
2825 3284 2897 3340 τὰ
2932 3286 3075 3358 ἔργα
3115 3286 3233 3342 τῶν
3262 3287 3482 3358 χειρῶν
3516 3291 3706 3346 αὑτοῦ

2124 3375 2498 3445 συμϐήσεται
2533 3375 2714 3442 αὐτῷ.

2195 3464 2482 3529 Ταλανίζει
2515 3467 2609 3520 καὶ
2631 3464 2726 3520 νῦν
2752 3469 2779 3521 ό
2808 3469 3094 3539 προφήτης
3132 3468 3244 3523 τῶν
3281 3467 3545 3525 Ἰουδαίων
3575 3472 3702 3536 τοὺς

2122 3553 2347 3628 δήμους,
2386 3557 2480 3611 καὶ
2516 3558 2624 3612 τῶν
2663 3558 2751 3612 ἐπ’
2784 3560 2966 3623 αὐτοῖς
2999 3560 3249 3631 ὀδυρμῶν
3275 3562 3566 3617 ἀποδίδωσι
3601 3563 3701 3628 τὰς

2122 3648 2322 3712 αἰτίας.
2360 3642 2528 3703 Εἶπον
2566 3650 2694 3722 γὰρ,
2729 3651 2911 3722 φησὶν,
2953 3651 3012 3704 ὲν
3045 3652 3279 3716 ἑαυτοῖς·
3316 3654 3579 3725 Δήσωμεν
3611 3654 3702 3709 τὸν

2122 3739 2353 3805 δίκαιον,
2383 3743 2466 3796 ὅτι
2495 3741 2831 3813 δύσχρηστος
2861 3745 2994 3815 ἡμῖν
3023 3743 3189 3800 ἐστιν.
3229 3745 3303 3799 Οὐ
3332 3746 3441 3817 γὰρ
3475 3746 3703 3816 παρεδέ-

2122 3849 2278 3903 χοντο
2298 3832 2385 3888 διὰ
2404 3833 2506 3904 τῆς
2529 3834 2763 3899 πίστεως
2784 3834 2875 3889 τὸν
2896 3836 3004 3891 τῶν
3029 3835 3164 3890 ὅλων
3191 3837 3420 3910 Σωτῆρα
3443 3839 3700 3909 Χριστὸν,

2120 3922 2477 3995 ἀτιμάζοντες
2529 3925 2587 3979 δὲ
2631 3924 3084 3994 διατετελέκασιν,
3131 3928 3297 3999 ᾤοντό
3344 3946 3404 3982 τε
3444 3930 3585 3984 κατὰ
3639 3931 3701 3985 τὸ

2120 4013 2339 4087 ἀληθὲς,
2369 4015 2449 4068 ὃτι
2477 4016 2597 4070 κατ’
2622 4017 2813 4072 οὐδένα
2850 4020 3049 4089 τρόπον
3077 4022 3345 4092 χρήσιμον
3375 4020 3597 4076 ἔσεσθαι
3621 4023 3701 4094 τῷ

2121 4105 2220 4178 βίῳ
2244 4105 2334 4162 τδν
2359 4107 2658 4179 ἀφιγμένον
2683 4110 2763 4175 είς
2784 4109 2961 4177 τοῦτο,
2985 4112 3070 4166 ἵνα
3095 4113 3273 4166 πάντα
3292 4115 3350 4167 ἐν
3372 4112 3518 4185 αὐτῷ
3537 4117 3701 4170 καινά

2117 4198 2185 4252 τὰ
2239 4199 2364 4280 καθ’
2391 4201 2539 4272 ἡμᾶς
2576 4201 2823 4275 γένηται,
2881 4204 2977 4257 καὶ
3032 4206 3097 4258 ἐκ
3145 4205 3379 4276 νομικῆς
3424 4206 3700 4274 πολιτείας

2121 4290 2450 4362 μεταστήσει
2472 4290 2552 4355 είς
2574 4293 2951 4364 πνευματικὴν
2971 4294 3095 4358 τοὺς
3116 4295 3176 4363 ἐξ
3198 4296 3429 4367 αἵματος
3458 4298 3696 4370 Ἰσραήλ.

2117 4374 2326 4432 Οὐκοῦν
2382 4378 2500 4433 κατ’
2543 4377 2698 4433 οὐδὲν
2749 4379 2967 4435 ἔσεσθαι
3024 4384 3293 4455 χρήσιμον
3341 4385 3698 4457 ὑπειληφότες

2116 4467 2281 4523 αὐτὸν
2311 4468 2506 4541 ἔδησαν
2537 4470 2614 4541 τῷ
2653 4470 2888 4541 θανάτῳ,
2932 4473 2993 4527 τό
3021 4492 3085 4544 γε
3116 4469 3250 4547 ἦκον
3274 4477 3353 4540 είς
3393 4477 3611 4543 αὐτοὺς,
3647 4481 3698 4532 εί

2116 4562 2208 4617 καὶ
2239 4562 2438 4617 ἀνεϐίω
2467 4564 2628 4618 πάλιν
2656 4564 2732 4628 ὡς
2761 4565 2891 4630 Θεὸς
2921 4566 3165 4633 κενώσας
3204 4570 3297 4624 τὸν
3325 4570 3477 4642 ᾅδην,
3512 4571 3609 4626 καὶ
3634 4573 3698 4626 τὸ

2114 4650 2216 4724 τῆς
2266 4651 2471 4723 φθορᾶς
2522 4652 2834 4716 καταλύσας,
2880 4655 3101 4724 κράτος.
3135 4657 3257 4726 luti;
3296 4657 3406 4729 γάρ
3443 4658 3560 4710 ἐστι
3604 4657 3699 4711 καὶ

2116 4743 2395 4808 ζωοποιός.
2429 4742 2574 4815 Πλὴν
2607 4746 2725 4796 κατ’
2750 4743 2930 4798 αὐτῶν
2959 4745 3304 4802 ἐϐουλεύοντο
3336 4749 3496 4818 δῆσαι
3522 4749 3698 4804 θέλον-

2114 4852 2206 4899 τες
2232 4835 2324 4889 τὸν
2358 4835 2584 4889 δίκαιον·
2624 4835 2890 4906 φάγονται
2925 4836 2983 4890 δὲ
3018 4839 3205 4893 καὶτὰ
3237 4842 3556 4911 γεννήματα
3584 4842 3696 4896 τῶν

2114 4925 2291 4998 ἔργων
2335 4926 2535 4980 αὐτῶν.
2577 4925 2645 4983 Ὀ
2673 4929 2781 5002 γὰρ
2816 4928 2911 4981 ἐὰν
2950 4931 3148 5003 σπείρῃ
3186 4931 3491 5001 ἄνθρωπος,
3536 4934 3695 4987 τοῦτο

2113 5011 2207 5063 καὶ
2241 5010 2463 5080 θερίσει.
2501 5013 2610 5066 Καὶ
2638 5014 2689 5066 οἱ
2723 5014 2822 5085 μὲν
2850 5017 2976 5080 τοὺς
3000 5018 3236 5089 τρόπους
3278 5023 3561 5085 ἐπιεικεῖς,
3598 5020 3695 5076 καὶ

2114 5099 2358 5170 φιλόθεον
2403 5101 2617 5171 ἔχοντες
2666 5102 2912 5176 γνώμην,
2966 5108 3206 5177 ἀγαθοὺς
3248 5110 3496 5164 ἐντεῦθεν
3528 5114 3695 5183 εὑρή-

2118 5207 2269 5243 σουσι
2299 5191 2425 5254 τοὺς
2455 5193 2719 5264 καρπούςθ
2747 5197 2796 5249 oi
2830 5196 2888 5250 δὲ
2914 5198 3270 5264 ἀπονεύοντες
3296 5200 3388 5253 καὶ
3420 5201 3692 5268 ἀπειθεῖς,

2118 5281 2211 5333 καὶ
2233 5283 2298 5351 τῇ
2338 5279 2458 5354 θείᾳ
2482 5282 2607 5356 δόξῃ
2642 5285 2961 5358 μαχόμενοι,
2993 5291 3254 5359 φάγονται
3282 5290 3351 5343 τὰ
3377 5294 3693 5363 γεννήματα

2115 5371 2221 5425 τῶν
2253 5371 2429 5443 ἔργων
2452 5374 2650 5439 αὐτῶν,
2686 5377 2831 5430 τοῦτ’
2853 5379 2991 5445 ἔστι,
3021 5380 3150 5452 πῦρ,
3185 5382 3277 5435 καὶ
3300 5381 3456 5455 δίκην
3482 5386 3576 5440 καὶ
3602 5372 3715 5460 κόοξ

2113 5462 2268 5519 λασιν
2320 5465 2414 5520 καὶ
2465 5467 2534 5520 τὰ
2582 5467 2641 5532 ἐξ
2681 5468 2852 5541 ὀργῆς
2895 5470 3282 5541 συμϐαίνοντα.
3319 5474 3551 5547 Ἔψεται
3583 5478 3693 5549 γὰρ

2113 5556 2331 5621 πάντως
2368 5557 2435 5613 τὰ
2461 5560 2635 5613 τοιάδε
2666 5561 2771 5615 τῶν
2810 5562 2994 5616 κακῶν
3020 5565 3132 5628 τοῖς
3162 5564 3450 5638 θεομαχεῖν
3476 5571 3692 5641 ᾑρημέ-
