4012 6216
618 177 645 195 ο

338 312 439 371 109

1499 310 1568 366 ΙΝ
1609 305 1839 365 ιειιιΑιι
1878 303 2006 361 LIB.
2052 303 2092 361 l.
2134 303 2341 360 ORAT.
2383 304 2468 358 ΙΙΙ.

3502 312 3605 367 ΗΟ

332 445 459 493 νοις.
499 392 731 497 annos;
752 421 847 482 οὖν
878 427 981 492 ὅτι,
1014 426 1138 480 οὐαὶ
1171 426 1249 498 τῷ
1287 428 1495 499 ἀνόμῳ,
1528 427 1736 499 πονηρά
1768 423 1911 482 κατὰ

2021 420 2097 475 ira
2119 420 2257 475 solet
2311 418 2528 476 afferre.
2558 419 2792 475 Οιιιιιίιιο
2826 420 2969 476 enim
3025 420 3152 475 talia
3211 426 3353 477 tnala
3412 438 3605 479 conse-

330 522 396 577 τὰ
422 521 561 593 ἔργα
585 518 698 572 τῶν
723 518 925 591 χειρῶν
957 517 1122 573 αὐτοῦ
1151 519 1487 592 συμϐήσεται
1516 521 1684 592 αὐτῷ’
1729 521 1920 594 ὥσπερ

331 615 435 687 γὰρ
466 613 879 685 προσεκόμισαν
914 612 1132 684 Πιλάτῳ
1159 612 1252 667 τὸν
1280 612 1507 685 Ἰησοῦν,
1531 614 1625 668 καὶ
1654 618 1775 680 ταῖς
1809 615 1920 670 τῶν

330 705 687 776 στρατιωτῶν
740 703 1054 768 ἀτιθάσσοις
1107 706 1334 776 ὀργαῖς,
1388 705 1533 760 οὕτω
1601 708 1697 761 καὶ
1762 708 1919 762 αὐτοὶ

328 797 826 869 παραδοθήσονται,
846 797 1000 869 φησὶ,
1021 798 1143 861 ταῖς
1172 798 1459 869 Ῥωμαίων
1487 800 1787 870 στρατιαῖς.
1809 799 1920 854 Καὶ

328 890 393 963 δὴ
441 890 605 944 τοῦτο
652 890 880 959 λέγοντα
915 890 1101 959 σαφῶς
1149 891 1243 945 καὶ
1282 891 1373 945 διὰ
1418 891 1602 962 φωνῆς
1657 891 1919 963 Ἰεζεχιὴλ

326 984 658 1055 εὑρήσομεν.
687 984 917 1055 Εῖρηται
946 983 1055 1054 γὰρ
1082 983 1220 1054 πρὸς
1239 983 1338 1055 τὴν
1356 983 1577 1038 ἀνοσίαν
1607 983 1702 1038 καὶ
1731 1000 1918 1050 κυριο-

324 1076 518 1130 κτόνον
572 1074 948 1147 Ἰερουσαλήμ·
985 1074 1183 1139 Καθὼς
1217 1075 1500 1147 ἐποίησας,
1552 1075 1724 1140 οὕτως
1764 1074 1918 1129 ἔσται

328 1183 435 1221 σοι.
465 1167 540 1221 Τὸ
558 1165 911 1238 ἀνταπόδομά
938 1182 1032 1219 σου
1056 1166 1552 1239 ἀνταποδοθήσεται
1574 1168 1654 1230 είς
1676 1165 1918 1237 κεφαλήν

328 1274 447 1315 σου.
568 1262 577 1279 ‘

964 1370 1182 1423 ΛΟΓΟΣ
1216 1370 1270 1423 Γ

400 1503 563 1570 Λαός
609 1518 752 1573 μου,
806 1507 861 1558 οι
920 1503 1253 1573 πράκτορες
1308 1504 1475 1574 ὑμῶν
1531 1504 1915 1575 καλαμῶνται

327 1595 504 1667 ὑμᾶς,
537 1596 637 1649 καὶ
664 1600 720 1651 al
751 1596 1148 1665 ἀπαιτοῦντες
1177 1599 1566 1667 κυριεύουσιν
1590 1596 1776 1668 ὑμῶν.

320 1770 331 1779 ί
400 1704 525 1758 Ὀτι
555 1705 759 1769 πανώς
807 1706 1014 1775 ἀγαθοῦ
1061 1709 1281 1780 νοσήσει
1324 1709 1424 1780 τὴν
1474 1710 1709 1781 ἐρημίαν
1740 1712 1773 1781 ἡ
1804 1709 1915 1765 τῶν

2026 520 2262 581 queatur
2292 524 2388 566 eos
2419 510 2510 583 qui
2540 526 2664 566 cum
2711 510 2820 566 Deo
2860 521 3117 582 pugnant.
3166 511 3263 568 Est
3298 513 3462 582 igitur
3517 529 3607 569 ve-

2027 617 2168 667 rum,
2199 602 2386 673 iniquo
2419 603 2523 658 erit
2554 618 2653 669 vte,
2684 612 2738 657 ct
2775 604 2915 658 mala
2947 620 3046 675 pro
3066 606 3322 675 operibus
3345 623 3605 663 manuum

2027 692 2201 763 ipsius
2241 694 2521 765 obtingent
2562 696 2636 749 ei.
2702 693 2836 750 Nam
2872 706 2927 750 ut
2976 694 3160 752 Jesum
3217 695 3391 755 Pilato
3424 710 3480 754 et
3525 700 3609 756 iu-

2025 784 2246 839 domitis
2275 785 2507 840 militum
2565 786 2845 843 furoribus
2878 787 3201 856 objecerunt
3224 828 3239 853 ,
3278 790 3348 844 ita
3386 799 3440 846 et
3477 792 3604 862 ipsi,

2024 874 2219 945 inquit,
2252 874 2512 931 Romanis
2537 878 2708 947 cupiis
2738 879 3042 935 tradentur.
3121 879 3277 947 Quod
3324 893 3512 951 aperte
3552 896 3609 939 et

2024 967 2171 1026 clare
2196 969 2532 1027 Ezeclrielem
2565 972 2902 1028 inveniemus
2945 973 3147 1029 dicere.
3210 972 3344 1028 Nam
3403 975 3607 1032 dictum

2024 1069 2110 1116 est
2155 1062 2221 1116 ad
2253 1060 2475 1133 impiam
2504 1071 2557 1117 et
2579 1062 2790 1117 Domini
2818 1063 3242 1120 interfectricem
3275 1063 3603 1122 Jerusalem:

2025 1149 2489 1218 Quemadmodum
2513 1153 2714 1222 fecisti,
2770 1156 2851 1212 sic
2905 1157 3011 1212 erit
3066 1157 3199 1212 tibi:
3248 1166 3458 1215 merces
3515 1167 3606 1215 tua

2026 1245 2358 1316 rependetur
2392 1246 2445 1302 in
2476 1258 2639 1319 caput
2682 1259 2855 1304 tuum.

2616 1359 2876 1418 ORATIO
2915 1364 3007 1420 Ill.

2092 1494 2233 1550 Car.
2268 1494 2356 1551 ιιι.
2387 1496 2550 1554 Vsus.
2588 1500 2674 1556 12.
2716 1500 2912 1572 Popule
2934 1521 3103 1573 meus,
3127 1518 3397 1564 exactores
3453 1513 3607 1565 vestri

2022 1586 2250 1658 spoliant
2278 1605 2393 1657 vos,
2431 1599 2482 1646 et
2511 1593 2773 1662 exigentes
2801 1598 3171 1654 dominantur.
3194 1602 3354 1657 vobis.

2092 1696 2358 1766 Quattiam
2391 1698 2697 1759 Iudaeorum
2731 1708 3005 1772 regionem
3038 1713 3281 1767 ominum
3337 1714 3605 1771 bonorum
3666 1747 3679 1753 -

340 1795 612 1851 Ἰουδαίων
670 1796 824 1869 χώρα
847 1839 862 1863 ,
915 1798 1322 1870 διαφανέστατα
1375 1802 1471 1856 καὶ
1516 1802 1664 1874 μάλα.
1727 1803 1916 1875 σαφῶς

2021 1790 2246 1858 penuria
2277 1790 2645 1848 laboraturam
2699 1797 2912 1853 abunde
2974 1802 3115 1858 satis
3180 1813 3235 1859 et
3295 1804 3607 1862 clarissime

328 1886 875 1961 προεξηγησάμενος,
933 1892 1028 1945 καὶ
1075 1892 1138 1946 τὸ
1190 1893 1245 1946 τί
1304 1893 1643 1967 συμϐήσεται
1692 1898 1806 1960 τοῖς
1837 1899 1917 1963 είς

329 1978 563 2050 Χριστὸν
591 1984 1053 2054 πεπαρῳνηκόσιν
1080 1983 1323 2051 διειπὼν,
1344 1985 1735 2057 προαναπείθει
1756 1986 1918 2042 πάλιν

324 2069 669 2143 ἀποσχέσθαι
711 2072 820 2127 τῶν
848 2073 1361 2147 πλημμελημάτων,
1416 2076 1510 2131 καὶ
1539 2080 1654 2143 τοῖς
1688 2077 1749 2146 ἐξ
1780 2080 1920 2150 ἡμε-

333 2164 560 2236 ρότητος
603 2164 787 2236 λόγοις
827 2168 1109 2239 μονονουχὶ
1153 2169 1550 2241 καταγοητεύει
1594 2171 1916 2243 χρησίμως,

333 2257 591 2328 μεθιστὰς
615 2260 710 2312 ἐπὶ
741 2258 803 2312 τὸ
827 2258 1074 2330 ἄμεινον,
1124 2261 1219 2314 καὶ
1272 2264 1400 2325 τοὺς
1448 2261 1705 2316 ἁπάντων
1736 2262 1920 2329 αὐτοῖς

326 2349 518 2405 κακῶν
540 2350 835 2419 γεγονότας
871 2351 1080 2415 αἰτίους
1120 2352 1503 2424 παραιτεῖσθαι
1527 2353 1814 2409 διδάσκων.
1843 2356 1916 2410 οὐ

330 2442 435 2515 γὰρ
451 2438 611 2514 οἶμαι
638 2442 748 2497 δεῖν
771 2446 885 2508 τοῖς
908 2443 1268 2516 καθηγεῖσθαι
1304 2445 1559 2516 λαχοῦσιν
1595 2447 1919 2502 ὑποκεῖσθαι

329 2535 523 2604 φιλεῖν,
561 2535 670 2588 κᾶν
704 2536 754 2587 εἰ
791 2536 866 2606 μή
905 2552 958 2588 τι
987 2534 1095 2589 τῶν
1121 2536 1221 2590 ὅσα
1279 2537 1398 2590 ἐστὶ
1451 2538 1752 2593 τελούντων
1780 2540 1918 2612 πρὸς

324 2627 510 2697 ὄνησιν
532 2626 855 2698 ἐπιχειρῶσι
877 2627 1187 2691 διδάσκειν,
1219 2630 1358 2701 μήτε
1391 2629 1496 2702 μὴν
1526 2669 1540 2686 .
1619 2668 1636 2686 .
1716 2671 1729 2684 .
1804 2649 1915 2687 οιεν

326 2718 580 2791 διαϐολῆς
623 2719 812 2787 ἀξιοῦν
851 2720 914 2774 τὸ
957 2722 1016 2775 ἐν
1076 2720 1240 2793 μοίρᾳ
1298 2724 1557 2794 τετάχθαι
1586 2726 1919 2797 φαυλότητος

323 2811 548 2877 δικαίως
607 2813 676 2867 ἂν
721 2808 861 2867 εἶναι
921 2816 1377 2886 πεπιστευμένον.
1427 2816 1620 2890 Ἀρετὴ
1673 2818 1781 2885 γὰρ
1833 2818 1917 2872 δι-

327 2903 596 2958 δασκάλου
630 2905 691 2958 τὸ
717 2904 1077 2976 ἀποκομίζειν
1133 2906 1391 2961 δύνασθαι
1414 2908 1549 2978 πρὸς
1591 2910 1792 2981 ἀκριϐῆ
1821 2908 1916 2963 τοῦ

329 2996 705 3067 συμφέροντος
730 2994 936 3066 εἴδησιν
977 2998 1103 3060 τοὺς
1154 2997 1723 3070 παιδαγωγουμένους,
1749 3018 1919 3055 κατα-

326 3086 668 3157 κιόδηλεύειν
704 3085 763 3139 δὲ
811 3086 873 3140 τὸ
922 3087 1308 3142 κατασίνεσθαι
1342 3090 1607 3175 πεφυκὸς,
1652 3093 1746 3145 καὶ
1773 3108 1917 3164 παρ·
1942 3141 1985 3197 c

335 3195 357 3197 η
392 3182 466 3197 Α.
503 3180 591 3197 ..Α
909 3178 954 3197 _.
1003 3178 1056 3197 ,μ
1146 3182 1167 3196 .
1255 3182 1266 3197 .
1482 3182 1537 3197 ..η
1629 3182 1641 3197 .
1773 3184 1813 3197 -.
1851 3184 1872 3197 .

326 3180 596 3232 αιτεῖσθαι
626 3178 871 3233 κελεύειν
903 3178 964 3232 τὸ
992 3178 1196 3233 ἀδικεῖν
1221 3180 1426 3245 είωθός.
1482 3182 1735 3237 Ἐπαίνου
1769 3184 1813 3238 δ’
1847 3184 1911 3238 ἂν

325 3263 432 3322 εἶεν
470 3270 613 3336 ἄξιοι
645 3269 847 3333 παντὸς
875 3271 970 3324 καὶ
1015 3272 1066 3323 el.
1116 3270 1394 3336 τελοῦντες
1426 3274 1485 3327 ἐν
1542 3274 1832 3345 μαθηταῖς,
1862 3277 1912 3330 εί

327 3361 401 3432 μὴ
450 3364 573 3425 ταῖς
606 3362 789 3427 δόξαις
842 3361 955 3416 τῶν
1009 3362 1366 3418 διδασκόντων
1424 3364 1655 3438 ἐνορῶσι
1703 3367 1909 3435 ἁπλῶς,

322 3454 461 3509 ἀλλά
491 3458 561 3527 τῇ
589 3455 701 3510 τῶν
736 3456 1079 3527 πραγμάτων
1101 3458 1280 3527 φύσει,
1307 3459 1401 3513 καὶ
1438 3458 1776 3532 θαυμάζουσι
1814 3463 1913 3532 μὲν

324 3549 450 3612 τοὺς
478 3548 855 3613 διδάσκοντας,
892 3551 1051 3622 ειπερ
1112 3552 1254 3616 τινὲς
1301 3548 1413 3605 εἷεν
1438 3551 1590 3624 ὀρθοὶ
1656 3554 1753 3607 καὶ
1796 3555 1914 3608 ἐπι-

328 3642 616 3711 στήμονες.
648 3640 877 3695 καὶτῶν
910 3626 1148 3715 ἀρίστων
1204 3645 1516 3714 ελσηγηταὶ,
1565 3645 1914 3715 καταψέγωσι

327 3729 393 3785 ἃ
414 3734 541 3794 τοὺς
563 3726 753 3803 οἷσπερ
784 3732 852 3787 ἂν
906 3735 991 3804 ειη
1029 3734 1106 3806 μὴ
1137 3735 1382 3800 τοιοῦτος
1424 3737 1454 3789 ό
1480 3735 1702 3800 σκοπός.
1733 3738 1914 3791 Karta-

329 3825 566 3893 νέμουσι
598 3823 695 3893 μὲν
718 3825 820 3896 γάρ
850 3842 992 3890 τινες
1021 3830 1078 3880 ἐν
1110 3826 1264 3900 δρεσι
1309 3826 1406 3881 καὶ
1430 3825 1631 3891 νάπαις
1661 3827 1763 3891 τὰς
1786 3828 1914 3883 δίων

327 3914 559 3983 ἀγέλαςο
590 3913 705 3967 ἀλλ’
751 3917 799 3968 εί
850 3916 1184 3986 παρακέοιτο
1233 3920 1345 3980 τοῖς
1374 3917 1653 3988 θρέμμασι
1685 3916 1911 3989 βόθρος,

327 4008 498 4079 ᾕγουν
530 4006 675 4079 ὁρῶν
710 4011 742 4063 ὁ
778 4009 1044 4080 κρημνὸς,
1076 4012 1369 4083 περιφοιτᾷ
1411 4011 1482 4066 τὰ
1515 4011 1784 4083 πρόϐατα,
1820 4013 1915 4067 καὶ

329 4101 391 4153 οὐ
420 4099 676 4172 καθίησιν
708 4102 879 4154 ἐαυτά
903 4101 1040 4174 πρὸς
1070 4100 1318 4156 θάνατον·
1350 4103 1777 4173 παιδαγωγεῖται
1806 4103 1916 4177 γὰρ

324 4190 521 4264 ῶσπερ
556 4191 627 4246 δι’
655 4192 901 4264 ἐμφύτου
931 4193 1119 4264 νόμου,
1154 4194 1290 4265 πρὸς
1324 4194 1386 4248 τὸ
1433 4194 1634 4265 χρῆναι
1659 4195 1758 4266 τῆς
1791 4196 1917 4249 ἐαυ-

335 4283 444 4338 τῶν
472 4284 757 4355 φείδεσθαι
806 4284 974 4355 ζωῆς.
1011 4281 1148 4340 Εἶτα
1193 4284 1311 4350 πῶς
1342 4286 1444 4339 οὐκ
1479 4285 1701 4351 ἄτοπον,
1731 4286 1780 4339 εί
1815 4285 1916 4357 μὲν

330 4378 438 4440 τοῖς
463 4375 686 4444 ἀλόγοις
740 4373 900 4441 ζώοις
938 4375 1096 4429 τοῦτο
1142 4376 1429 4445 φαίνεσθαι
1475 4376 1731 4450 κρατοῦν,
1763 4378 1822 4431 ἐν
1858 4376 1915 4431 δὲ

333 4472 461 4541 ἡμῖν
509 4472 718 4535 αὐτοῖς,
767 4471 947 4525 καίτοι
991 4472 1228 4541 λογικοῖς
1273 4473 1602 4545 ὕπάρχουσι,
1660 4475 1761 4547 τὴν
1821 4472 1915 4529 τοῦ

334 4561 603 4635 χρησίμου
636 4563 732 4617 καὶ
752 4560 1052 4632 ἀναγκαίου
1070 4563 1212 4636 πρὸς
1239 4562 1385 4637 ζωὴν
1405 4566 1506 4619 οὐκ
1531 4561 1669 4620 εἶναι
1689 4564 1912 4634 γνιῖισιν.

336 4654 452 4727 Χρὴ
473 4653 768 4726 τοιγαροῦν
809 4653 916 4708 κᾶν
941 4654 995 4708 εί
1040 4670 1184 4719 τινες
1215 4655 1362 4725 ἡμᾶς
1396 4655 1502 4711 τῶν
1540 4657 1622 4720 εἰς
1658 4655 1916 4710 διδασκά-

334 4747 474 4812 λους,
505 4748 601 4801 καὶ
623 4745 946 4818 καθηγητὰς
976 4748 1328 4817 τεταγμένων
1360 4747 1444 4817 ἐφ’
1470 4748 1506 4802 ἃ
1535 4749 1610 4819 μὴ
1641 4748 1916 4821 προσῆκεν

334 4839 692 4911 ἀποκομίζειν
754 4840 980 4907 ἕλοιντο,
1031 4840 1108 4912 μὴ
1148 4840 1338 4905 ante;
1370 4839 1658 4912 ἀνέχεσθαι
1700 4841 1912 4912 φιλεῖν,

332 4931 468 5002 μηδὲ
521 4933 633 5003 μὴν
676 4931 1112 4997 ἀκατασκέπτως
1145 4932 1375 4987 ἕπεσθαι
1430 4932 1566 5005 πρὸς
1613 4933 1674 4987 τὸ
1728 4933 1916 4999 αὐτοῗς

332 5021 540 5089 δοκοῦν,
597 5022 738 5076 ἀλλά
792 5022 1112 5094 δοκιμάζειν
1168 5025 1374 5079 ἕκαστα
1434 5025 1545 5078 τῶν
1603 5025 1910 5096 πρακτέων.

309 5090 376 5187 ξο
446 5157 463 5173 .
552 5153 570 5170 .
662 5156 677 5171 .
753 5090 953 5187 χωρεῖν
972 5117 1064 5170 ἐπὶ
1094 5116 1156 5170 τὸ
1182 5116 1266 5171 δτι
1299 5116 1533 5186 μάλιστα
1553 5090 1661 5169 τῶν
1683 5115 1912 5186 ὠφελεῖν

311 5172 618 5282 ξείωθότων.
651 5172 1105 5264 ἮσΙανποίνυνοί
1134 5209 1244 5263 τῶν
1275 5172 1544 5263 ’ίουδαίων
1577 5172 1909 5282 καθηγηταὶ,

335 5298 474 5351 τοῦτ’
492 5299 665 5360 ἔστιν,
682 5302 733 5354 oi
761 5301 1116 5373 l‘pappmrsi;
1139 5317 1201 5353 τε
1231 5302 1325 5354 καὶ
1343 5301 1393 5355 oi
1421 5302 1726 5373 Φαρισαῖοι,
1749 5302 1912 5357 δεινοὶ

334 5388 469 5459 πρὸς
517 5390 580 5444 τὸ
630 5390 830 5462 χρῆναι
888 5393 1016 5454 τοὺς
1061 5390 1173 5445 τῶν
1225 5391 1521 5461 χρημάτων
1566 5392 1911 5475 ἐρανίζεσθαι

331 5481 653 5550 πορισμοὺς,
686 5482 783 5534 καὶ
815 5479 909 5543 τὰς
932 5482 1000 5534 ἐκ
1020 5480 1128 5533 τῶν
1157 5479 1302 5533 λαῶν
1347 5482 1697 5552 συγκομίζειν
1740 5482 1905 5553 δωρο-

333 5572 549 5645 φορίας,
589 5571 868 5642 ἀπαρχὰς,
921 5572 1177 5635 δεκάτας,
1236 5572 1334 5626 καὶ
1382 5572 1484 5626 ὅσα
1510 5575 1621 5636 τοῖς
1661 5572 1911 5645 ἱερᾶσθαι

331 5661 587 5733 λαχοῦσιν
614 5664 645 5716 ὀ
683 5663 845 5733 νόμος
892 5665 972 5727 εἰς
1006 5663 1207 5735 κλῆρον
1260 5663 1450 5717 ἐδίδου.
1505 5663 1711 5728 Σκοπὸς
1758 5664 1814 5718 δέ
1842 5660 1910 5736 ἦν

332 5756 534 5820 αὖτοῖέ,
566 5754 663 5809 καὶ
685 5754 772 5808 διὰ
809 5755 988 5827 πάσης
1015 5754 1227 5809 τέθειτο
1248 5754 1482 5825 σπουδῆς
1511 5753 1571 5808 τὸ
1598 5755 1912 5810 ἀναπείθειν

2019 1881 2273 1951 exposuit
2300 1922 2314 1949 ,
2369 1891 2422 1939 et
2450 1900 2572 1956 quae
2606 1887 2712 1944 illis
2746 1889 2837 1960 qui
2871 1890 2924 1944 in
2976 1890 3256 1949 Christum
3287 1897 3607 1953 debacchati

2018 1984 2147 2027 sunt
2198 1983 2456 2029 eventura
2488 1987 2691 2043 essent,
2725 1985 3003 2035 enarravit
3041 2001 3055 2036 ς
3092 1999 3279 2039 rursnts
3305 1989 3599 2056 persuadet

2017 2065 2392 2121 declinandum
2421 2083 2453 2122 ιι
2480 2069 2715 2135 delictis,
2745 2080 2799 2125 et
2833 2071 3044 2129 levibus
3076 2074 3438 2147 mollibusque
3479 2095 3606 2135 ver-

1998 2155 2104 2211 bis
2158 2167 2365 2213 tantmn
2433 2177 2539 2216 non
2600 2162 2841 2217 incantat
2894 2166 3120 2230 utiliter,
3152 2176 3206 2223 et
3259 2171 3326 2224 ad
3380 2171 3605 2228 meliora

2018 2248 2315 2310 convertit,
2346 2250 2613 2321 docetque
2638 2253 2885 2309 vitandos
2911 2268 3004 2310 eos
3030 2257 3120 2327 qui
3185 2260 3429 2315 omnium
3490 2279 3607 2317 ma-

2020 2337 2191 2393 lorum
2238 2352 2494 2397 auctores
2524 2344 2658 2413 ipsis
2717 2354 2777 2400 et
2831 2361 3015 2403 causa:
3087 2352 3437 2408 exstiterunt.
3488 2353 3604 2411 Non

2019 2429 2164 2484 enim
2193 2431 2447 2488 existimo
2470 2434 2667 2490 debere
2699 2450 2798 2491 nos
2826 2436 2913 2492 his
2939 2438 3031 2508 qui
3060 2439 3169 2511 62
3207 2456 3604 2514 przrccptorunt

2021 2517 2198 2574 locum
2224 2531 2540 2593 sortemque
2564 2534 2748 2581 tenent
2800 2529 3017 2599 subjici,
3063 2533 3463 2603 nlsiqnatcnus
3495 2538 3604 2591 uti-

2019 2609 2091 2666 lia
2138 2612 2334 2670 docere
2364 2617 2777 2686 aggrediantur,
2813 2632 2867 2675 et
2900 2622 3000 2676 nisi
3030 2626 3172 2692 quod
3220 2640 3346 2682 vere
3382 2612 3434 2683 in
3478 2630 3607 2684 vitio

2018 2718 2143 2760 esse
2164 2705 2434 2769 creditur,
2489 2707 2657 2763 velint
2689 2714 3035 2783 redarguere.
3087 2715 3183 2771 Est
3214 2719 3359 2774 enim
3431 2721 3607 2777 virtus

2018 2795 2284 2861 doctoris,
2331 2799 2398 2853 ad
2454 2798 2752 2869 perfectura
2827 2817 3248 2878 accnratamque
3297 2809 3417 2880 ejus
3462 2815 3605 2883 quod

2019 2898 2099 2942 est
2134 2888 2263 2944 utile
2296 2892 2543 2946 natitiam
2569 2906 2665 2948 eos
2718 2896 2809 2964 qui
2839 2897 3226 2968 informantur,
3280 2919 3440 2974 posse
3480 2923 3608 2977 pcr-

2020 2979 2266 3036 ducere:
2308 2984 2536 3053 etquod
2583 2985 2892 3040 nociturum
2931 2998 3037 3058 est,
3081 3000 3334 3063 tanquam
3396 2998 3606 3055 adulte-

2022 3071 2531 3140 rinumnolare,et
2594 3075 2785 3145 iubere
2843 3091 2901 3135 ut
2949 3079 3003 3136 id
3072 3096 3393 3143 averscntnr
3463 3093 3606 3161 quod

2019 3165 2161 3222 solet
2205 3182 2420 3223 norerc.
2461 3167 2624 3227 Omni
2656 3176 2818 3227 etiam
2853 3174 3013 3232 laude
3056 3178 3201 3250 digni
3243 3185 3488 3253 suntqui
3548 3185 3604 3242 in

2020 3258 2299 3328 discipulis
2356 3275 2667 3330 censentur,
2719 3266 2897 3323 sinon
2932 3269 3251 3342 simpliciter
3294 3275 3608 3335 intueantur

2021 3350 2222 3421 placita
2248 3354 2561 3422 doctorum,
2589 3358 2683 3411 scd
2711 3373 2890 3413 rerum
2925 3371 3211 3421 naturam:
3245 3374 3298 3421 et
3322 3367 3367 3422 si
3404 3370 3607 3426 miren-

2016 3453 2111 3500 tur
2139 3461 2231 3502 eos
2260 3448 2350 3527 qui
2380 3449 2595 3517 docent,
2626 3450 2894 3523 siquidem
2923 3455 3035 3511 sint
3067 3456 3190 3512 boni
3235 3470 3290 3514 et
3344 3462 3603 3534 scientes,

2022 3554 2315 3612 rerumque
2342 3544 2672 3612 optimarum
2720 3547 3098 3618 interpretes:
3155 3552 3355 3622 quibus
3420 3566 3602 3611 autem

2020 3633 2149 3688 talis
2171 3649 2369 3705 scopus
2411 3638 2854 3709 propositumque
2886 3657 2991 3694 non
3025 3652 3129 3709 est,
3182 3644 3601 3711 reprehendant.

2019 3721 2235 3778 Etenim
2287 3738 2512 3794 pascunt
2536 3729 2751 3796 quidem
2786 3732 2949 3784 etiam
2981 3732 3031 3785 iu
3065 3733 3337 3788 montibus
3364 3747 3420 3791 et
3452 3738 3602 3797 silvis

2022 3817 2204 3871 ovium
2226 3831 2445 3887 greges;
2477 3821 2652 3888 atqui,
2686 3820 2729 3874 si
2759 3835 2878 3889 qua:
2911 3820 3062 3877 fovea
3091 3823 3162 3877 sit
3192 3827 3477 3893 pecoribus
3513 3844 3605 3885 ex-

2023 3909 2223 3980 posita,
2254 3909 2297 3963 si
2325 3909 2682 3980 prmi-ipltinm
2718 3922 3003 3982 appareat,
3038 3916 3383 3974 circumeunt
3447 3935 3603 3989 oves,

2026 4006 2126 4057 nec
2159 4001 2378 4057 sibimet
2405 4013 2636 4055 mortem
2688 4016 3023 4063 accersunt:
3093 4025 3218 4065 nam
3282 4009 3399 4082 lege
3439 4013 3602 4069 veluti

2022 4095 2255 4165 quadam
2279 4108 2310 4148 a
2340 4102 2530 4149 natura
2563 4093 2724 4150 insita
2756 4095 3019 4153 docentur
3054 4100 3176 4157 vita:
3207 4119 3317 4158 sua:
3373 4120 3605 4173 parcen-

2024 4187 2149 4242 dum
2185 4200 2326 4243 esse.
2368 4187 2450 4242 An
2481 4202 2609 4242 vero
2647 4204 2676 4242 a
2715 4189 2923 4245 ratione
2952 4191 3190 4248 alienum
3220 4210 3327 4249 non
3385 4208 3490 4262 est,
3548 4208 3600 4256 ut

2024 4281 2127 4335 hoc
2164 4280 2216 4335 in
2246 4279 2572 4335 animalibus
2603 4281 2815 4337 ratione
2848 4284 3162 4340 carentibus
3193 4290 3373 4343 valere
3417 4290 3601 4346 videas

2026 4379 2149 4440 tur;
2197 4370 2257 4427 in
2319 4373 2474 4429 nobis
2529 4382 2750 4442 autem,
2798 4375 2931 4446 ipsis
2987 4374 3340 4447 quantumvis
3396 4383 3606 4438 ratione

1948 4501 1995 4557 υ
2027 4465 2290 4538 praeditis,
2330 4482 2511 4522 rermn
2556 4469 2623 4521 ad
2655 4468 3097 4525 commoditatem
3130 4480 3184 4527 et
3218 4474 3604 4531 necessitatem

2020 4561 2335 4631 cultumque
2356 4560 2479 4615 vita:
2523 4561 2923 4631 pertinentium.
2983 4577 3089 4621 non
3140 4564 3271 4620 insit
3323 4567 3603 4638 cognitio!

2018 4650 2307 4723 Parigitur
2332 4662 2417 4707 est
2444 4663 2501 4706 nt
2544 4669 2664 4716 nos,
2700 4652 2743 4708 si
2774 4653 2866 4724 qni
2889 4655 3140 4711 doctores
3184 4672 3248 4713 ac
3278 4658 3445 4715 duces
3475 4676 3599 4715 con-

2019 4745 2218 4809 stitnti,
2247 4744 2314 4799 ad
2336 4759 2401 4800 ea
2430 4761 2550 4815 qua:
2583 4745 2760 4799 minus
2792 4749 3016 4803 doceant
3047 4748 3370 4805 abstrahere
3412 4751 3600 4819 velint,

2022 4852 2129 4892 non
2183 4852 2476 4907 sequamur
2513 4836 2856 4906 simpliciter,
2898 4849 3226 4897 nectetncre
3280 4858 3348 4898 ac
3410 4844 3601 4898 incon-

2022 4928 2260 4984 siderate
2283 4929 2350 4984 ad
2377 4943 2441 4984 ea
2480 4944 2600 5000 quae
2655 4928 2788 4998 ipsis
2830 4929 3048 4999 placent
3076 4933 3446 4996 convolcmus,
3503 4934 3600 4988 sed

2021 5023 2087 5076 d‘e
2117 5022 2347 5094 singulis
2377 5024 2538 5083 rebus
2572 5022 2797 5092 agendis
2827 5023 3203 5094 exquiramus,
3228 5034 3283 5080 et
3314 5025 3397 5081 sic
3434 5027 3501 5079 ad
3533 5036 3599 5078 ea

2019 5129 2139 5184 qnzn
2182 5114 2475 5177 maximam
2526 5115 2810 5170 utilitatem
2849 5116 3118 5184 aﬂ‘erunt,
3152 5115 3596 5187 progrediantur.

2020 5203 2189 5259 Erant
2234 5207 2418 5276 itaque
2446 5203 2754 5262 Judatorum
2788 5217 3173 5277 prmceptores,
3201 5207 3252 5261 id
3281 5218 3363 5263 cst
3394 5206 3600 5267 Scriba!

2020 5313 2084 5352 ac
2118 5296 2400 5367 Pharisaei,
2437 5299 2487 5353 ln
2521 5299 2833 5353 divitiarum
2885 5298 3236 5368 proventibus
3296 5315 3599 5371 congeren-

2020 5388 2124 5455 dis,
2161 5398 2216 5443 et
2247 5390 2298 5441 in
2340 5387 2654 5463 colligendis
2685 5387 3073 5455 oblationibus,
3098 5389 3345 5456 decimis,
3410 5390 3601 5461 primi-

2021 5479 2133 5543 tiis,
2172 5493 2325 5533 acres
2349 5489 2403 5532 et
2426 5476 2658 5547 impigri,
2690 5488 2744 5531 et
2769 5477 2823 5533 in
2856 5478 3108 5534 omnibus
3134 5482 3297 5535 etiam
3321 5497 3441 5553 quae
3465 5483 3598 5539 sorti

2019 5572 2362 5627 sacerdotum
2399 5572 2482 5625 lex
2540 5572 2835 5641 deputavit.
2892 5571 3101 5642 Scopns
3165 5584 3344 5628 autem
3410 5590 3597 5630 eorum

2018 5663 2410 5739 consiliumque
2439 5662 2559 5729 fuit,
2595 5663 2648 5718 in
2675 5678 2905 5733 curnque
2921 5680 3080 5721 omne
3102 5668 3336 5721 studium
3365 5665 3597 5735 positum

2022 5764 2157 5823 crat,
2210 5766 2261 5809 ut
2294 5755 2452 5810 ﬁdem
2480 5753 2721 5814 facerent
2752 5755 2893 5827 plebi
2930 5757 3102 5827 legem
3148 5758 3199 5813 in
3232 5756 3378 5810 hisce
3427 5755 3595 5819 petis-
