4012 6216
1425 283 1483 338 S.
1525 280 1799 338 CYRIIJJ
1847 280 2311 338 ALEXANDRINI
2355 280 2672 338 ARCHIEP.

3566 278 3665 333 “2

396 390 1037 475 sitnunt,consErvandam
1078 417 1247 459 esse:
1292 400 1521 456 aliarum
1570 416 1699 454 vero
1773 412 1971 469 praece-

2098 402 2201 465 τοὺς
2224 401 2286 454 το
2318 401 2516 472 χρῆναι
2541 400 2830 471 φυλάττειν
2883 398 2940 452 εν
2969 415 3028 467 γε
3072 398 3136 468 δὴ
3178 395 3387 459 τούτοις
3432 394 3663 467 μάλιστα

344 568 353 573 _
397 500 640 570 ptionum
677 512 783 552 non
817 509 1007 567 magna
1039 493 1181 565 apud
1206 494 1340 548 illos
1391 494 1551 558 ratio,
1590 493 1817 563 ideoque
1864 491 1979 561 ipso

412 593 674 646 Servator
703 586 812 644 illis
840 588 1087 642 dixerat:
1119 604 1138 636 ι
1171 583 1264 663 Viae
1298 584 1475 649 vobis,
1501 581 1717 637 ~Scrihze
1753 590 1806 634 et
1847 581 1981 636 Pha-

397 684 541 740 tisxei
574 680 892 754 hypocritte,
930 679 1184 749 quoniam
1219 677 1504 731 decimatis
1532 675 1812 737 anethum,
1839 689 1984 728 uten-

400 773 548 828 Iham
600 770 1007 835 et’cuminum,
1054 777 1107 824 et
1164 767 1432 822 omisistis
1492 768 1743 837 graviora
1826 765 1981 835 legis,

395 863 682 931 judicium,
710 859 1140 915 misericordiam
1170 868 1225 914 et
1261 859 1419 914 lidem
1443 856 1511 912 ⁸ο.
1549 876 1566 908 ι
1592 857 1778 912 .Erant
1805 857 1985 927 itaque

402 957 553 1009 lucro
584 953 750 1009 dediti
784 961 839 1007 et
867 963 1115 1006 amantes
1153 950 1228 1006 rei
1254 950 1584 1021 pecuniariae
1610 968 1623 1004 :
1653 961 1710 1003 et
1780 950 1822 1004 si
1892 950 1983 1019 qui

401 1046 543 1102 forte
578 1045 936 1111 oﬂ‘enderent,
1001 1060 1156 1100 acres
1194 1044 1277 1099 his
1316 1043 1513 1098 multas
1552 1041 1890 1111 indigebant,
1920 1052 1988 1097 ut

400 1155 517 1202 eos,
574 1138 683 1210 63
740 1151 1061 1208 quocunque
1108 1134 1336 1191 crimine
1394 1134 1726 1203 postulatos,
1770 1135 1987 1189 territa-

403 1241 543 1297 rent,
584 1240 640 1285 et
680 1243 1062 1298 nonnunquam
1115 1228 1279 1281 etiam
1313 1226 1453 1281 ultra
1482 1225 1765 1280 facultates
1792 1224 1988 1282 oﬂ'erre

403 1323 813 1393 persuaderent.
844 1318 982 1375 Hinc
1019 1319 1152 1374 dicit
1196 1319 1280 1373 his
1318 1319 1409 1388 qui
1471 1317 1724 1386 injuriam
1772 1320 1840 1373 ab
1886 1318 1989 1375 illis

404 1414 549 1483 passi
606 1423 734 1468 sunt
770 1431 783 1468 :
834 1432 853 1464 ι
893 1411 1097 1481 Popule
1125 1409 1219 1476 mi,
1251 1410 1579 1478 expilatores
1609 1410 1681 1463 tui
1711 1418 1990 1466 racemant

405 1521 544 1570 vos,
582 1514 638 1565 et
691 1515 975 1560 exactores
1015 1504 1361 1558 dominantur
1414 1503 1587 1557 vobis.
1618 1520 1645 1553 ι
1707 1501 1837 1558 Cutn
1893 1516 1987 1572 po-

405 1597 589 1667 pulum
653 1596 806 1663 dicit,
868 1596 1138 1666 signiﬁcat
1177 1594 1338 1651 etiam
1368 1594 1545 1648 adhuc
1601 1592 1869 1662 Israelem,
1901 1603 1992 1648 ut-

409 1700 533 1759 pote
589 1687 830 1744 lenitatis
869 1696 922 1742 et
962 1685 1318 1742 humanitatis
1353 1683 1614 1740 beneﬁcio
1674 1684 1987 1751 fruiturum,

2083 492 2173 545 τὸν
2197 494 2360 563 νόμον
2390 510 2405 524 ο
2436 493 2545 547 τῶν
2568 509 2630 561 γε
2671 491 2779 563 μὴν
2814 493 3017 561 ἑτέρων
3053 487 3284 543 ἐντολῶν
3311 488 3371 541 οὐ
3404 486 3573 551 πολὺς
3600 483 3669 558 ἦν

2082 584 2222 652 άγαν
2240 585 2368 657 παρ’
2393 584 2576 648 αὐτοῖς
2606 586 2637 638 ὁ
2659 584 2835 652 λόγος.
2866 581 3049 654 Ταύτῃ
3069 597 3153 636 τοι
3179 580 3317 653 πρὸς
3348 580 3551 643 αὐτοὺς
3576 580 3666 636 καὶ

2085 678 2249 743 αὐτὸς
2295 678 2536 749 ἔφασκεν
2569 681 2598 733 ὁ
2636 680 2848 751 Σωτήρ·
2888 699 2906 730 ι
2936 677 3080 732 Οὐαὶ
3125 678 3275 748 ὑμῖν,
3316 678 3668 749 Γραμματεῖς

2086 772 2180 825 καὶ
2211 772 2493 845 Φαρισαῖοι
2513 773 2827 843 ὑποκριταὶ,
2857 771 2939 825 ὅτι
2960 770 3363 826 ἀποδεκατοῦτε
3391 771 3452 825 τὸ
3474 769 3671 842 ἄνηθον

2086 863 2183 914 καὶ
2215 860 2277 914 τὸ
2318 861 2613 933 ἡδύοσμον,
2667 862 2762 915 καὶ
2785 860 2846 915 τὸ
2886 859 3134 932 κύμινον.
3170 860 3565 931 καῖ’ἁφήκατε
3605 860 3672 914 τά

2088 951 2364 1025 βαρύτερα
2417 952 2512 1007 τοῦ
2551 952 2741 1024 νόμου,
2778 952 2879 1024 τὴν
2911 951 3116 1023 κρίσιν,
3146 952 3239 1005 καὶ
3265 951 3328 1006 τὸ
3375 951 3545 1018 ἕλεος,
3578 950 3675 1004 καὶ

2084 1044 2185 1115 τὴν
2212 1045 2412 1100 πίστιν.
2451 1065 2469 1099 ι
2505 1043 2688 1101 Ἦσαν
2726 1042 2818 1100 οῦν
2869 1045 2976 1117 ἄρα
3003 1044 3339 1116 φιλοκερδεῖς
3367 1044 3460 1098 καὶ
3489 1046 3677 1117 ἐρασι-

2089 1139 2379 1217 χρήματοι,
2405 1140 2498 1194 καὶ
2525 1139 2728 1211 πικράς
2756 1138 2870 1192 ἐσθ’
2894 1141 2985 1194 ὅτε
3016 1142 3128 1203 τοῖς
3160 1137 3444 1193 πταίουσιν
3470 1139 3676 1208 ἐπῆγον

2088 1228 2186 1291 τὰς
2222 1227 2397 1295 δίκας,
2424 1229 2511 1281 ἴνα
2536 1227 2981 1300 ἐκδειματοῦντες
3010 1229 3134 1292 τοὺς
3161 1228 3248 1299 ἐφ’
3277 1227 3483 1299 ὁτῳοῦν
3502 1230 3678 1296 ἐγκα-

2088 1320 2382 1391 λουμένους
2430 1321 2728 1393 προσάγειν
2782 1323 2968 1387 αὐτοῖς
3020 1321 3393 1376 ἀναπείθωσιν
3445 1324 3542 1375 καὶ
3604 1323 3676 1377 τὰ

2090 1413 2229 1485 ὑπὲρ
2254 1412 2481 1484 δύναμιν
2498 1413 2731 1471 ἔσθ’ὄτε.
2754 1414 2940 1487 Ταύτῃ
2973 1414 3053 1467 τοί
3079 1432 3212 1487 φησι
3240 1414 3373 1481 πρὸς
3396 1414 3521 1479 τοὺς
3544 1413 3677 1485 παρ’

2090 1502 2270 1557 αὐτῶν
2297 1503 2704 1574 ἀδικουμένους·
2732 1523 2755 1557 ι
2778 1505 2920 1568 Λαός
2951 1522 3075 1574 μου,
3101 1506 3149 1557 ei
3180 1504 3490 1575 πράκτορες
3519 1505 3677 1575 ὑμῶν

2094 1593 2446 1665 καλαμῶνται
2472 1593 2641 1664 ὑμᾶς,
2700 1595 2794 1649 καὶ
2835 1596 2883 1647 oi
2938 1592 3298 1657 ἀπαιτοῦντες
3330 1594 3677 1666 κυριεύουσιν

2093 1684 2270 1755 ὑμῶν.
2295 1705 2313 1737 ι
2350 1686 2461 1739 Καὶ
2485 1684 2574 1740 διὰ
2604 1685 2704 1756 μὲν
2737 1685 2831 1739 τοῦ
2850 1685 2976 1739 λαὸν
3001 1687 3197 1749 εἰπεῖν,
3230 1686 3309 1738 ἔτι
3336 1685 3427 1739 τον
3458 1688 3678 1758 Ἰσραὴλ

410 1796 509 1837 nec
553 1780 769 1850 penitus
806 1779 895 1834 "ab
939 1792 1002 1833 ea
1066 1775 1446 1846 conjunctione
1491 1777 1989 1848 consuetudineque

2098 1774 2270 1829 δίδωσι
2312 1779 2475 1839 νοεῖν,
2531 1775 2606 1839 ὡς
2653 1777 2813 1848 εἴπερ
2864 1777 3073 1831 ἕλοιντο
3115 1778 3450 1848 μεταφοιτᾷν
3486 1755 3579 1832 ἐπὶ
3619 1755 3681 1831 τὸ

408 1887 529 1926 eum
568 1872 686 1941 ipso
707 1868 1088 1926 avellendum:
1126 1865 1425 1949 siquidem
1458 1865 1587 1920 velit
1619 1868 1684 1921 ad
1739 1868 1790 1922 id
1840 1869 1989 1939 quod

406 1963 509 2034 ipsi
537 1962 834 2017 collibitum
862 1969 985 2028 est,
1029 1972 1151 2015 sese
1197 1956 1516 2014 transferre.
1555 1957 1690 2014 Cum
1734 1975 1862 2016 vero
1896 1975 1992 2016 ea-

409 2065 620 2112 actores
653 2066 930 2109 racemare
964 2051 1061 2121 ait,
1102 2052 1378 2108 immensae
1417 2052 1733 2123 cupiditatis
1775 2052 1989 2108 illorum

407 2158 461 2203 et
493 2146 734 2201 avaritiae
762 2143 1187 2215 magnitudinem
1218 2144 1440 2201 iudicat.
1476 2143 1755 2216 Siquidem
1783 2152 1990 2200 meten-

412 2241 543 2295 tium
596 2237 686 2293 alii
738 2236 1038 2293 resecantis
1091 2252 1254 2291 manu
1318 2237 1631 2294 decidentes
1688 2236 1946 2306 colligunt
1976 2276 1991 2303 ,

411 2333 655 2403 nihilque
688 2328 894 2386 faciunt
931 2329 986 2384 iu
1024 2329 1169 2400 agris
1214 2330 1511 2386 residuum.
1548 2328 1804 2401 Idemque
1835 2328 1992 2383 facti-

411 2431 553 2489 tant,
599 2419 691 2491 qui
748 2421 890 2475 vites
936 2416 1296 2473 vindemiant.
1358 2436 1377 2470 ι
1413 2419 1717 2474 Racemant
1756 2418 1937 2488 igitur,
1971 2436 1990 2469 ι

415 2516 606 2585 inquit,
639 2530 662 2566 ι
692 2527 790 2568 vos
820 2518 1103 2566 exactores
1132 2510 1322 2568 vestri.
1363 2528 1383 2563 ι
1414 2510 1643 2567 Perinde
1708 2524 1774 2565 ac
1827 2510 1873 2564 si
1924 2509 2000 2564 di-

414 2616 561 2663 ceret
593 2624 607 2661 :
633 2586 1044 2661 Vindemiarum
1070 2613 1282 2658 vestras
1300 2603 1487 2673 copias
1509 2617 1718 2673 :ueque
1747 2602 1817 2658 ibi
1843 2603 1997 2658 inex-

415 2697 630 2766 plebilis
655 2712 844 2753 eorum
895 2695 1042 2750 sistit
1075 2696 1379 2766 cupiditas,
1429 2697 1523 2751 sed
1591 2694 1704 2763 jam
1755 2709 2000 2750 racemos

412 2792 728 2859 decerpunt,
762 2788 813 2843 id
844 2797 946 2851 est,
986 2802 1174 2842 manus
1216 2788 1267 2842 iu
1306 2802 1369 2842 ea
1419 2801 1539 2856 qua:
1587 2787 1764 2842 adhuc
1812 2786 1995 2840 relicta

412 2891 561 2945 sunt,
600 2879 873 2952 injiciunt.
898 2878 1209 2933 Bellissime
1240 2894 1370 2934 vero
1400 2889 1455 2934 et
1500 2888 1625 2949 apte
1664 2895 1769 2932 non
1803 2892 2001 2947 praece-

414 2984 634 3041 ptorcs,
662 2987 767 3028 non
807 2971 1119 3038 magistros,
1166 2986 1271 3025 non
1311 2971 1513 3041 aliquid
1556 2971 1698 3026 aliud
1734 2972 1999 3042 ejusmodi

2093 1868 2245 1939 αὐτῷ
2260 1867 2478 1933 δοκοῦν,
2513 1869 2621 1922 τῶν
2656 1870 2716 1936 ἐξ
2744 1869 3088 1940 ἡμερότητος
3115 1869 3397 1937 τεύξονται
3430 1872 3523 1926 καὶ
3557 1871 3681 1940 φιλ-

2093 1960 2445 2032 ανθρωπίας,
2511 1961 2608 2015 καὶ⁸
2667 1962 2770 2015 οὐκ
2828 1960 3062 2016 είσάπαν
3113 1962 3518 2016 ἀποπεσοῦνται
3579 1964 3682 2035 τῆς

2095 2050 2231 2120 πρὸς
2281 2050 2444 2105 αὐτὸν
2497 2050 2830 2123 οίκειὰτητος
2867 2052 3145 2122 σχετικῆς.
3208 2051 3575 2124 Καλαμᾶσθαι
3620 2053 3680 2108 δὲ

2095 2142 2265 2196 εἰπὼν
2318 2143 2446 2206 τοὺς
2494 2142 2833 2214 πράκτορας,
2889 2143 2989 2213 τῆς
3034 2142 3261 2215 ἐνούσης
3290 2145 3476 2210 αὐτοῖς
3503 2145 3682 2218 ἀπλη-

2097 2226 2249 2291 στίας
2281 2244 2340 2279 τε
2372 2225 2508 2296 ὁμοῦ
2543 2227 2637 2282 καὶ
2669 2227 3013 2298 φιλοκερδίας
3040 2227 3279 2283 δείκνυσι
3323 2229 3384 2283 τὸ
3420 2230 3674 2301 μέγεθος.

2111 2321 2199 2375 Ἑν
2239 2320 2338 2390 μὲν
2362 2321 2471 2392 γὰρ
2504 2322 2615 2385 τοῖς
2643 2322 2815 2392 ληῖοις
2841 2325 2890 2376 οἱ
2945 2323 3045 2394 μὲν
3087 2325 3437 2395 ἀποκείρουσι
3478 2327 3684 2399 σιδήρῳ

2096 2411 2187 2464 τὸν
2219 2412 2441 2483 στάχυν,
2479 2413 2529 2465 oi
2560 2412 2619 2465 δὲ
2647 2414 2773 2476 τοὺς
2792 2415 3157 2479 ἐκπίπτοντας
3177 2415 3276 2486 τῆς
3294 2416 3388 2470 τοῦ
3409 2418 3684 2490 κείροντος

2098 2501 2280 2574 χειρὸς
2314 2501 2684 2571 συλλέγοντες,
2721 2503 2872 2557 οὐδὲν
2907 2504 3142 2575 ἀφιᾶσιν
3172 2506 3230 2558 ὲν
3261 2506 3475 2577 ἀγροῖς.
3523 2508 3685 2573 "nec;

2098 2593 2156 2648 δὲ
2185 2596 2280 2649 καὶ
2307 2597 2420 2660 τοῖς
2450 2594 2548 2658 τὰς
2572 2595 2852 2667 ἀμπέλους
2887 2596 3134 2669 τρυγῶσι
3160 2595 3321 2651 τοῦτο
3341 2597 3494 2670 δρᾷν.
3527 2619 3547 2653 ι
3570 2602 3687 2655 Κα-

2102 2685 2383 2758 λαμῶνται
2410 2687 2586 2742 τοίνυν
2619 2687 2787 2757 ὑμᾶς,
2815 2688 3001 2758 φησιν,
3031 2689 3079 2741 oi
3115 2689 3426 2761 πράκτορες
3453 2690 3629 2762 ὑμῶν.
3660 2712 3680 2746 ο

2106 2782 2326 2853 Ὅμοιον
2368 2781 2443 2847 ὼς
2490 2784 2538 2836 εί
2592 2781 2773 2851 λέγοι·
2824 2783 3235 2855 Τετρυγηκασιν
3275 2784 3430 2854 ὑμῶν
3455 2784 3556 2850 τάς
3591 2802 3687 2839 πε-

2107 2872 2369 2942 ριουσίας,
2405 2871 2499 2925 καὶ
2543 2870 2603 2924 ού
2653 2871 2816 2942 μέχρι
2878 2871 3067 2925 τούτου
3114 2873 3184 2926 τὰ
3230 2875 3330 2943 τῆς
3378 2873 3686 2944 ἀπληστίας

2104 2963 2307 3025 αὐτοῖς.
2354 2960 2491 3014 Ἀλλ’
2530 2961 2630 3032 ἤδη
2666 2961 2761 3015 καὶ
2811 2959 3194 3031 καλαμῶνται,
3230 2962 3376 3016 τοῦτ’
3413 2962 3551 3028 ἔστι,
3587 2963 3689 3026 τὰς

414 3077 536 3119 esse
567 3062 721 3131 dicit,
753 3062 847 3117 sed
877 3069 1185 3127 exactores,
1214 3060 1308 3115 sed
1336 3068 1697 3116 aeruscatores
1726 3061 1994 3122 nominat,

2104 3056 2290 3125 χεῖρας
2317 3052 2603 3120 ἐπάγουσι,
2625 3051 2720 3105 καὶ
2774 3054 2887 3114 τοῖς
2914 3052 2994 3105 ἔτι
3038 3051 3576 3124 καταλελειμμένοις.
3613 3048 3687 3107 Εὖ

415 3156 684 3226 docetque
712 3168 806 3209 eos
843 3152 1112 3209 dominari
1145 3151 1250 3206 illis
1297 3167 1400 3206 non
1433 3161 1487 3204 ut
1519 3152 1796 3215 doctores,
1831 3150 1989 3205 disci-

413 3248 573 3318 pulos
608 3246 800 3301 leniter
847 3252 1158 3306 tractantes,
1186 3244 1281 3298 sed
1320 3251 1377 3297 ut
1431 3243 1583 3311 rigidi
1617 3258 1680 3297 ac
1711 3243 1836 3298 saevi
1900 3244 1998 3297 do-

419 3335 576 3402 mini,
608 3338 750 3407 quod
799 3334 900 3405 ipsi
930 3335 1097 3390 velint
1147 3333 1350 3389 sentire
1374 3343 1649 3403 cogentes,
1680 3342 1736 3388 et
1757 3335 1823 3388 ad
1841 3332 1998 3403 quid.

418 3431 501 3487 vis
545 3443 934 3499 nonnunquam
960 3426 1330 3497 ‘intpellentes.
1387 3425 1655 3480 Caeterum
1706 3425 1758 3479 hi
1795 3425 1885 3493 qui
1946 3425 1997 3479 in

416 3519 635 3575 Christo
688 3524 834 3581 sunt,
868 3530 989 3571 eum
1050 3530 1274 3584 scopum
1338 3528 1444 3570 non
1502 3514 1602 3568 sibi
1668 3525 1997 3583 proponunt.

420 3610 624 3666 Scribit
651 3609 833 3678 itaque
854 3607 1068 3663 divinus
1117 3604 1310 3660 Petrus
1369 3604 1575 3658 vocatis
1615 3604 1680 3660 ad
1725 3603 2004 3675 episcopa-

419 3714 555 3767 tum,
620 3700 808 3756 ascitis
834 3698 902 3753 ad
942 3696 1274 3753 functionetn
1312 3695 1537 3751 docendi
1594 3709 1724 3752 oves
1797 3694 2003 3749 ratione

421 3792 694 3863 pncditas,
720 3806 824 3845 non
867 3802 923 3844 ut
949 3787 1297 3842 dominentur
1326 3786 1376 3841 in
1407 3785 1570 3851 clero,
1601 3786 1651 3840 id
1673 3794 1777 3848 cst,
1809 3783 2004 3854 pepulo

417 3887 510 3954 qui
575 3899 697 3940 sors
740 3881 949 3937 Domini
1000 3890 1102 3946 est,
1141 3880 1234 3935 sed
1271 3888 1329 3933 ut
1370 3879 1480 3933 sint
1522 3877 1703 3949 gregis
1733 3875 2002 3946 exempla-

419 3962 498 4030 ria
520 3975 659 4028 “"".
681 3972 798 4028 lam
817 3981 871 4028 et
896 3972 1032 4027 alios
1047 3981 1330 4026 exactores
1347 3970 1496 4025 novit
1514 3984 1695 4025 sermo
1718 3970 2000 4038 mysticus:

418 4081 555 4136 quos
580 4066 778 4122 debent
803 4063 878 4130 lti,
923 4063 1014 4135 qui
1046 4072 1189 4117 recte
1219 4062 1410 4116 victuri
1450 4069 1596 4128 sunt,
1626 4060 1829 4131 fugere.
1870 4058 2004 4115 Sam

418 4158 573 4214 malae
597 4167 652 4212 et
693 4154 1015 4211 adversaria:
1063 4162 1356 4224 potestates
1405 4151 1646 4206 omnium
1702 4150 2006 4205 mortalium

418 4251 654 4305 studium
681 4246 975 4303 sollicitant
1006 4246 1073 4301 ad
1102 4244 1340 4316 ,malum,
1399 4250 1728 4314 extorquent
1770 4251 1826 4297 et
1884 4255 2009 4313 pro-

417 4345 703 4413 pemodum
734 4340 978 4410 exigunt,
1009 4348 1064 4394 et
1098 4337 1264 4393 animi
1319 4338 1384 4390 ad
1415 4335 1848 4406 perturbationes
1884 4350 2008 4405 pro-

2099 3144 2157 3198 δὲ
2189 3144 2253 3215 δὴ
2280 3143 2504 3214 σφόδρα,
2529 3143 2622 3197 καὶ
2662 3144 2980 3215 πρεπόντως
3003 3145 3208 3210 αὐτοῖς,
3239 3146 3300 3199 ού
3332 3148 3651 3219 καθηγητὰς
3671 3190 3686 3210 ,
3712 3154 3719 3165 ’

2098 3239 2159 3291 οὐ
2205 3237 2579 3303 διδασκάλους,
2618 3237 2717 3308 οὐχ
2759 3236 2946 3308 ἕτερόν
2984 3255 3037 3291 τι
3083 3237 3194 3291 τῶν
3245 3240 3503 3294 τοιούτων
3543 3237 3689 3295 εἷναί

2101 3346 2287 3399 φησιν,
2311 3328 2630 3401 πράκτορας
2661 3328 2719 3381 δὲ
2751 3327 3037 3400 ὀνομάζει,
3088 3329 3183 3383 καὶ
3231 3330 3559 3401 ἀπαιτητάς.
3599 3334 3689 3386 Δι-

2100 3421 2289 3474 δάσκει
2337 3420 2395 3473 δὲ
2445 3420 2528 3473 ὅτι
2580 3420 3098 3487 κατεξουσιάζουσιν
3131 3420 3344 3487 αὐτῶν,
3375 3423 3473 3493 οὐχ
3506 3424 3583 3487 ὡς
3608 3424 3688 3477 δι·

2101 3512 2358 3568 δάσ,ταλοι
2388 3511 2655 3585 μαθηταῖς
2699 3512 2877 3582 ἠπίως
2930 3514 3388 3585 προσφερόμενοι,
3437 3515 3553 3569 ἀλλ’
3577 3512 3688 3570 οἷον

2105 3606 2335 3677 σκληροὶ
2387 3606 2482 3659 καὶ
2540 3606 2745 3677 ἄγριοι·
2790 3604 3048 3658 δεσπόται
3072 3645 3088 3672 ,
3146 3606 3206 3660 τὸ
3263 3606 3456 3660 δοκοῦν
3505 3611 3690 3674 αὐτοῖς

2104 3700 2319 3769 φρονεῖν
2346 3696 2766 3765 ἀναγκάζοντες,
2817 3695 2910 3750 καὶ
2944 3696 3080 3769 πρὸς
3122 3698 3229 3751 πᾶν
3273 3698 3450 3753 ὁτιοῦν
3483 3700 3690 3770 ἀποφέο

2108 3806 2314 3861 ροντες,
2358 3789 2453 3844 καὶ
2482 3788 2592 3843 τῶν
2622 3787 2772 3860 παρά
2819 3787 3045 3860 γνώμην
3077 3786 3190 3841 ἐσθ’
3240 3790 3351 3843 ὅτε.
3396 3791 3538 3847 Ἀλλ’
3564 3793 3592 3846 ὃ
3622 3810 3686 3861 γι

2104 3879 2214 3932 τῶν
2243 3881 2300 3932 ὲν
2334 3876 2552 3949 Χριστῷ
2576 3876 2777 3940 σκοπὸς
2827 3877 2889 3930 ού
2919 3876 3159 3941 τοιοῦτος
3192 3873 3279 3950 ἦν.
3324 3877 3531 3951 Γράφει
3557 3881 3689 3950 γοῦν

2104 3972 2134 4024 ό
2171 3970 2457 4032 Θεσπέσιος
2497 3968 2700 4041 Πέτρος
2731 3970 2844 4034 τοῖς
2876 3969 3235 4040 κεκλημένοις
3260 3972 3340 4036 είς
3358 3973 3685 4046 ἐπισκοπὴν,

2106 4063 2201 4118 καὶ
2230 4058 2585 4132 καθηγεῖσθαι
2619 4058 2842 4130 λαχοῦσι
2874 4059 2985 4114 τῶν
3017 4060 3247 4122 λογικῶν
3277 4062 3565 4133 ποιμνίων,
3613 4066 3689 4138 μὴ

2105 4154 2179 4219 ὼς
2205 4152 2692 4226 κατακυριεύοντες
2716 4151 2824 4205 τῶν
2850 4152 3090 4225 κλήρων,
3118 4154 3257 4209 ἀλλὰ
3277 4156 3439 4210 τύποι
3461 4158 3693 4230 γενόμε-

2107 4265 2189 4302 νοι
2217 4246 2310 4301 τοῦ
2340 4247 2611 4319 ποιμνίου.
2646 4242 2805 4302 Οἶδεν
2862 4246 2920 4301 δὲ
2956 4248 2986 4300 ὀ
3028 4246 3184 4317 λόγος
3221 4250 3250 4304 ό
3301 4251 3561 4320 μυστικὸς
3596 4254 3692 4307 καὶ

2110 4337 2427 4411 πράκτορας
2462 4338 2724 4409 ἑτέρους,
2758 4335 2853 4401 οὒς
2895 4336 3109 4411 ἀνάγκη
3154 4342 3541 4412 παραιτεῖσθαι
3579 4348 3693 4409 τοῖς

377 4434 711 4494 ,ςιὶνίιοιοιιι
769 4432 1039 4499 tanquam‘
1079 4420 1342 4485 trihutunt
1396 4430 1667 4497 quoddam
1721 4427 1994 4497 colligunt.

2112 4429 2365 4484 ἐθέλουσι
2409 4430 2557 4501 βιοῦν
2592 4429 2792 4501 ὀρθῶς.
2842 4429 2911 4483 Ai
2949 4429 3057 4503 γάρ
3095 4434 3329 4503 πονηραὶ
3389 4435 3487 4488 καὶ
3543 4437 3693 4491 ἀντι-

418 4527 838 4580 Sacrosanctum
871 4523 1015 4575 enim
1063 4521 1286 4576 verbum
1345 4521 1531 4575 beatos
1593 4519 1852 4588 prmdicat
1903 4533 1998 4574 eos

418 4615 506 4684 qui
539 4626 725 4667 vocem
755 4612 1027 4667 exactoris
1055 4614 1164 4667 nd‘n
1213 4612 1556 4666 audiverunt.
1607 4610 1709 4678 Qui
1755 4612 1898 4666 enim
1939 4624 2001 4666 se

419 4723 447 4763 ιι
483 4703 667 4759 carnis
696 4702 1079 4772 cupiditatibus
1109 4711 1401 4766 sevocant,
1440 4717 1505 4755 ac
1530 4699 1753 4768 juvenili
1792 4701 1998 4756 vivida-

417 4812 524 4867 que
556 4795 864 4867 prudentia,
901 4794 1041 4849 mala
1089 4803 1206 4849 orta
1257 4810 1320 4849 ex
1374 4803 1599 4865 peccato
1657 4793 1995 4865 prepulsant,

420 4890 758 4958 principatus
792 4886 1025 4953 caleant,
1097 4895 1151 4941 et
1179 4885 1483 4956 spiritualia
1570 4886 1826 4956 nequitiae
1876 4885 1995 4940 vin-

419 4992 573 5048 cunt,
620 4978 873 5035 fortiores
909 4986 1036 5034 sunt
1066 4993 1228 5049 quam
1286 4985 1343 5031 ut
1374 4993 1502 5033 voce
1534 4978 1809 5033 exactoris
1848 4977 1995 5033 vinci

421 5083 481 5123 se
507 5067 811 5136 patiantur.
838 5066 1070 5121 Proinde
1100 5066 1152 5120 hi
1175 5075 1459 5122 exactores
1489 5065 1689 5121 vitandi
1713 5063 1825 5137 64
1847 5074 1993 5134 sunt,

422 5172 520 5213 nec
550 5158 953 5214 concedendum
991 5166 1048 5213 ut
1080 5158 1312 5212 fructum
1340 5158 1405 5212 ad
1438 5166 1717 5227 peccatmn
1755 5160 1806 5210 in
1847 5157 2001 5212 nobis

422 5260 645 5315 ntetant,
676 5253 785 5306 imo
809 5266 909 5307 nec
942 5259 1239 5306 racement.
1266 5250 1380 5305 Hoc
1410 5259 1588 5303 autem
1608 5252 2003 5319 praestabimus,

421 5339 626 5395 \iiibus
654 5351 709 5397 et
734 5344 888 5411 quasi
949 5344 1131 5398 nervis
1161 5358 1258 5413 per
1314 5340 1591 5396 Christum
1648 5339 2004 5407 conﬁrmatis,

421 5443 471 5485 et
508 5434 690 5500 pravis
718 5442 916 5487 nostra;
953 5436 1153 5491 mentis
1200 5434 1620 5504 cogitationibus
1683 5430 1896 5499 ejectis,
1952 5442 2005 5486 et

423 5524 564 5578 {mla
599 5522 916 5592 cupiditate,
951 5527 1211 5597 omnique
1236 5538 1431 5596 genere
1464 5523 1797 5579 vitiositatis.

526 5682 572 5716 ”
600 5677 787 5735 Matth.
826 5691 978 5745 tum,
1012 5679 1101 5733 23.
1209 5677 1326 5709 δ’δ’
1362 5677 1379 5730 ι
1415 5678 1556 5733 Petr.
1603 5694 1650 5747 ι’,
1681 5678 1732 5745 9.,
1757 5681 1809 5736 ὅ.

2104 4519 2353 4590 κείμεναι
2385 4519 2643 4591 δυνάμεις
2701 4519 2931 4572 ἕκαστον
2976 4520 3085 4575 τῶν
3126 4522 3225 4575 ἐπὶ
3270 4522 3374 4593 γῆς
3412 4526 3696 4595 μονονουχὶ

2102 4611 2198 4665 καὶ
2228 4610 2519 4665 ἀπαιτοῦσι
2539 4611 2637 4682 τὴν
2659 4614 2739 4675 εἰς
2758 4609 2820 4664 τὸ
2841 4611 3042 4683 φαῦλον
3071 4613 3335 4685 σπουδὴν,
3382 4619 3475 4669 καὶ
3505 4617 3697 4690 ὥσπερ

2115 4705 2241 4758 τινὰ
2268 4702 2471 4774 δασμὸν
2502 4702 2632 4774 παρ’
2667 4702 2824 4772 ἡμῶν
2860 4702 3196 4771 συλλέγουσι,
3226 4704 3323 4776 τὴν
3345 4708 3425 4770 είς
3451 4707 3518 4760 τά
3547 4706 3693 4781 πάθη

2100 4795 2203 4865 τῆς
2230 4793 2465 4856 διανοίας
2483 4794 2675 4865 ῥοπήν.
2698 4794 2803 4846 Καὶ
2824 4792 2957 4861 γοῦν
2984 4796 3011 4847 ὁ
3046 4793 3190 4864 ἱερὸς
3221 4796 3513 4868 μακαρίζει
3539 4796 3696 4866 λόγος

2102 4886 2231 4952 τοὺς
2270 4885 2344 4958 μὴ
2400 4884 2744 4948 ἀκούσαντας
2786 4883 2971 4955 φωνὴν
3010 4883 3330 4954 φορολόγοψ
3364 4886 3414 4939 oi
3448 4886 3559 4958 γὰρ
3587 4886 3687 4942 τῶι

2101 4978 2201 5048 τῆς
2231 4975 2432 5048 σαρκὸς
2462 4975 2769 5046 ἐπιθυμιῶν
2789 4975 3332 5047 κατεξανιστάμενοι,
3351 4979 3446 5032 καὶ
3461 4994 3703 5048 verum};

2106 5069 2412 5140 φρονήματι
2436 5067 2504 5122 τὰ
2531 5068 2596 5121 ὲκ
2628 5068 2725 5139 τῆς
2758 5068 3032 5138 ἁμαρτίας
3052 5069 3470 5141 παρωθούμενοι
3501 5065 3698 5141 βλάϐη,

2109 5160 2203 5213 καὶ
2243 5158 2539 5222 πατοῦντες
2579 5159 2791 5231 ἀρχὰς,
2844 5162 2940 5216 καὶ
2983 5161 3244 5226 νικῶντες
3285 5162 3357 5215 τὰ
3409 5160 3702 5230 πνεύματα

2107 5249 2208 5320 τῆς
2243 5251 2529 5322 πονηρίας,
2562 5252 2844 5322 κρείττους
2868 5253 3127 5322 γεγόνασι
3161 5251 3371 5323 τῆςτοῦ
3402 5252 3700 5324 φορολόγου

2109 5343 2314 5414 φωνῆς.
2377 5347 2470 5397 Δεῖ
2535 5346 2711 5398 τοίνυν
2777 5347 2904 5410 τοὺς
2972 5345 3249 5408 τοιούτους
3314 5346 3701 5416 παραιτεῖσθαι

2112 5434 2447 5506 πράκτορας,
2481 5439 2575 5490 καὶ
2613 5438 2748 5508 μήτε
2805 5437 3040 5508 θερίζειν
3073 5439 3132 5491 ὲν
3162 5438 3292 5508 ἡμῖν
3322 5438 3384 5491 τὸ
3405 5440 3486 5503 είς
3520 5440 3701 5510 ἁμαρ·

2106 5526 2225 5578 τίαν
2262 5526 2605 5597 ἀποτέλεσμα
2639 5531 2959 5598 συγχωρεῖν,
2990 5530 3127 5599 μήτε
3172 5528 3278 5600 μὴν
3324 5528 3698 5601 καλαμᾶσθαι.
