4012 6216
323 280 420 342 ΗΞ

1453 283 1535 338 ῐΙΝ
1575 282 1806 341 ιεΑιΑιι
1850 283 1981 339 LIB.
2023 285 2064 342 1.
2101 285 2311 343 ΟῐίΑΤ.
2357 289 2440 345 Ill.

3468 285 3571 341 ιιι

310 402 598 475 Δρᾶσομεν
625 402 681 456 δὲ
709 402 865 456 τοῦτο
888 402 976 456 διὰ
996 402 1233 472 Χριστοῦ
1268 406 1640 475 πυρούμενοι,
1714 405 1810 457 καὶ
1866 405 1964 473 τῆς
2003 405 2211 459 ἑαυτῶν
2261 407 2500 471 διανοεας
2552 406 2924 479 ικπίμποντες
2973 402 3353 474 διαλογισμοὺς
3406 419 3572 470 πονη-

328 499 490 569 ρους,
559 494 858 565 δπιϐυμίας
913 496 1149 566 αἰσχρὰς
1179 537 1193 561 ,
1239 498 1333 549 καὶ
1380 498 1488 550 πᾶν
1531 493 1670 560 εἶδος
1720 495 2076 566 φαυλότητος,

385 588 543 652 Λαός
589 604 736 655 μου,
784 590 839 640 οι
890 573 1317 656 μακαρίζοντες
1366 588 1522 658 ὑμᾶς
1580 589 1895 643 πλανῶσιν

2075 587 2235 644 Vnus.
2274 592 2358 645 Η.
2416 592 2615 661 Popnle
2648 608 2808 656 meus,
2839 592 2928 660 qui
2958 606 3045 645 vos
3076 590 3250 644 beatos
3285 587 3573 658 pradican;

316 679 486 750 ὑμᾶς,
535 679 636 733 καὶ
671 679 789 747 τὴν
833 679 1033 748 τρίϐον
1085 679 1442 734 τῶν-ποδῶν
1467 679 1633 750 ὑμῶν
1679 678 1898 748 ταράσ-

313 788 559 827 c'cvmr.
836 772 841 789 ‘

383 864 478 926 Ei;
501 861 666 933 νῆψιν
695 861 899 934 ἐγείρει
933 864 1113 925 πάλιν,
1144 862 1236 917 καὶ
1265 864 1600 934 δοκιμαστὰς
1626 859 1764 916 εἶναι
1791 863 1898 916 τῶν

264 940 283 952 ’
314 955 662 1024 πραγμάτων
696 954 974 1025 βούλεται,
1009 956 1069 1008 οὐ
1106 956 1522 1026 χρηστολογίαις
1556 955 1743 1018 ἁπλῶς
1768 971 1900 1026 χαυ-

320 1044 540 1099 νοῦσθαι
582 1044 725 1116 πρὸς
767 1044 1059 1116 ρᾳθυμίαν.
1106 1046 1539 1118 Περιφοιτῶντες
1583 1046 1813 1117 μὲνγὰρ
1850 1046 1899 1097 oi

315 1136 599 1206 ⁴Φαρισαῖοι
641 1136 770 1199 τοὺς
826 1136 937 1190 τῶν
1004 1136 1267 1191 Ἰουδαίων
1311 1137 1493 1201 οἴκους
1539 1140 1900 1211 χρηστοεπείν

325 1226 672 1299 ἐπεχείρουν,
717 1227 1092 1299 ηὐλογημένον
1142 1244 1200 1280 τε
1243 1228 1372 1281 λαὸν
1425 1227 1739 1300 ὠνόμαζον,
1806 1228 1901 1282 καὶ

319 1319 518 1389 κλῆρον
538 1316 695 1371 Θεοῦ.
722 1317 832 1371 Καὶ
850 1319 990 1389 τάχα
1017 1335 1118 1371 που
1150 1319 1212 1373 τὸ
1240 1319 1327 1374 διὰ
1358 1324 1540 1391 φωνῆς
1570 1320 1665 1373 τοῦ
1687 1320 1899 1392 Βαροὺχ

317 1407 635 1477 ὶπεφώνουν
675 1410 896 1472 αὐτοῖς’
945 1428 963 1460 ι
988 1409 1264 1481 Μακάριοί
1305 1411 1494 1481 ὲσμεν,
1536 1411 1769 1482 Ἰσραὴλ,
1818 1413 1900 1465 ὅτι

321 1498 386 1551 τὰ
423 1497 736 1568 ἀρέσκοντα
776 1497 896 1566 Θεῷ
935 1498 1154 1566 γνωστὰ
1202 1501 1333 1570 ἡμῖν
1365 1501 1534 1553 ἐστιν.
1566 1524 1584 1550 ρ
1621 1502 1739 1555 Ἵνα
1770 1500 1900 1568 γοῦν

320 1587 726 1657 προσεπάγοιεν
754 1588 871 1651 τάς
919 1605 978 1641 τε
1007 1590 1072 1642 ὲκ
1116 1589 1285 1658 νόμου
1329 1590 1667 1660 τεταγμένας
1719 1592 1902 1657 αὐτοῖς

319 1679 697 1750 ίωροφορίας,
740 1679 835 1732 καὶ
880 1678 985 1750 μὴν
1037 1680 1129 1733 καὶ
1174 1680 1426 1744 δεκάτας,
1455 1681 1623 1751 ήγουν
1646 1682 1900 1755 ἀπαρχάς

320 1770 660 1840 ισκήπτοντο
707 1770 1107 1840 χρηστολογεῖν,
1160 1771 1473 1839 εὐπρόσιτοί
1502 1788 1559 1825 τε
1601 1768 1738 1826 εἶναι
1768 1773 1899 1826 πολ-

320 1860 474 1925 λάκις
511 1860 725 1932 ἢθελον,
748 1861 842 1914 καὶ
869 1860 1299 1933 τδ-ἡμεροφανὲς
1331 1863 1675 1934 ἐπετήδευον·
1693 1864 1900 1935 κερδῶν

1999 673 2257 751 άιτίῇῑιιιιι
2298 700 2402 748 vos,
2440 694 2485 737 et
2517 684 2753 737 semitam
2781 682 2968 752 pedum
3020 690 3303 735 vestrorum
3336 677 3572 732 turbam.

2072 865 2278 920 Rursus
2318 864 2681 936 expergefat-it
2704 863 2768 918 ad
2798 861 3150 934 vigilantiam,
3178 867 3229 916 cl
3253 859 3574 929 prohatores

1999 973 2178 1012 rerum
2215 971 2337 1013 esse
2386 957 2518 1022 vult,
2566 971 2671 1012 non
2716 954 3031 1023 simpliciter
3059 952 3268 1007 blandis
3309 951 3576 1005 sermoni-

1998 1050 2100 1104 bus
2124 1050 2190 1103 ad
2219 1048 2489 1118 pigritiam
2525 1047 2757 1102 inhiare.
2798 1045 3134 1101 Oberrabant
3172 1043 3375 1098 etenim
3438 1041 3576 1094 Pha-

1999 1140 2137 1195 risaei
2171 1154 2265 1210 per
2300 1137 2605 1195 Iudaeorum
2633 1138 2824 1212 domos
2855 1176 2870 1200 ,
2901 1136 3202 1204 blandaque
3237 1134 3397 1187 verba
3434 1132 3575 1186 fere-

2000 1232 2151 1292 bant.
2179 1241 2235 1288 et
2257 1230 2601 1286 benedictum
2637 1229 2891 1298 populum
2934 1225 3309 1289 nominabant,
3339 1234 3394 1277 et
3457 1239 3577 1276 sur-

2001 1332 2104 1376 tem
2134 1320 2222 1376 Dei
2251 1339 2266 1388 ;
2294 1332 2347 1376 et
2370 1320 2613 1375 fortassis
2627 1320 2785 1373 etiam
2808 1317 3013 1371 Barurh
3033 1331 3161 1371 voce
3192 1314 3296 1369 illis
3312 1314 3577 1369 acclama-

2001 1415 2131 1468 hant
2164 1429 2176 1465 :
2216 1431 2234 1463 ι
2283 1412 2429 1467 Beati
2458 1424 2669 1475 sumus,
2696 1409 2882 1475 Israel,
2935 1408 3074 1477 quod
3103 1405 3295 1476 placita
3348 1404 3577 1459 Domino

1999 1505 2215 1576 cognita
2260 1505 2417 1560 nobis
2473 1503 2687 1559 sunt“.
2725 1523 2743 1556 ι
2811 1504 2997 1571 Itaque
3027 1515 3132 1569 quo
3183 1498 3406 1553 donaria
3448 1497 3578 1565 ipsis

2001 1608 2085 1649 ex"
2114 1594 2230 1664 lege
2271 1604 2492 1660 statuta,
2547 1594 2786 1648 decimas
2850 1603 2904 1647 et
2974 1588 3241 1661 primitias
3295 1585 3574 1650 ull‘erreut,

2000 1685 2369 1741 ldandiuscule
2415 1684 2556 1754 loqui
2610 1682 2968 1747 affectabunt;
3010 1681 3212 1734 aditum
3254 1678 3319 1732 ad
3350 1691 3407 1732 se
3442 1675 3577 1730 faci-

2003 1777 2104 1832 lem
2154 1792 2218 1831 ac
2260 1776 2594 1847 frequentem
2652 1775 2871 1838 dahant,
2913 1782 2967 1828 et
3014 1770 3257 1826 comitati
3315 1767 3590 1842 imprimis

2002 1869 2321 1933 studebant,
2341 1877 2688 1935 quatstusqne
2717 1865 2922 1920 etlucri
2949 1864 3140 1934 gratia,
3169 1861 3424 1933 populum
3449 1859 3572 1914 sub-

317 1951 568 2006 δὲένεκα
591 1953 688 2004 καὶ
726 1951 1032 2022 λημμάτων
1076 1953 1172 2006 καὶ
1209 1952 1372 2007 αὐτὸν
1408 1953 1687 2008 ἐδίδασκον
1728 1973 1904 2026 παρα⁹

2008 1959 2177 2013 dituttt
2230 1958 2495 2014 docebant
2529 1956 2701 2026 legem
2758 1956 2983 2011 violare.
3038 1954 3370 2008 lusitnulavit
3417 1953 3578 2023 igitur

319 2042 467 2096 λύειν
494 2043 588 2096 τὸν
624 2043 791 2114 νόμον
820 2044 946 2107 τοὺς
984 2043 1089 2097 ὑπὸ
1125 2049 1284 2117 χεῖρα
1307 2045 1485 2111 λαούς.
1524 2047 1745 2119 ᾘτιᾶτο
1774 2047 1903 2117 γοῦν

320 2134 502 2194 αὐτοῖς
525 2133 557 2185 δ
591 2130 797 2204 Κύριος
842 2131 1000 2203 ἡμῶν
1040 2132 1245 2203 Ἰησοῦς
1283 2136 1313 2188 δ
1360 2132 1617 2206 Χριστὸς,
1649 2136 1725 2200 ὡς
1765 2138 1902 2190 ἀκυ-

324 2223 549 2295 ροῦντας
576 2221 678 2292 τὴν
706 2222 925 2294 ιντολὴν
944 2221 1038 2276 τοῦ
1058 2222 1194 2279 Θεοῦ
1226 2224 1314 2279 διὰ
1337 2226 1437 2298 τὴν
1473 2226 1682 2280 ἑαυτῶν
1726 2228 1904 2299 παρά-

320 2312 483 2365 δοσιν.
509 2309 764 2365 Πλανῶσι
812 2311 990 2366 τοίνυν
1020 2313 1186 2384 ὑμᾶς,
1220 2314 1406 2385 φησιν,
1430 2316 1479 2367 oi
1511 2316 1906 2393 μακαρίζοντες

322 2401 486 2470 ὑμᾶς,
518 2400 613 2454 καὶ
633 2399 732 2472 τὴν
756 2401 942 2472 τρίϐον
973 2403 1082 2459 τῶν
1114 2403 1290 2459 ποδῶν
1338 2403 1493 2475 ὑμῶν
1516 2405 1900 2476 ταράσσουσιν.

323 2491 396 2543 Οὐ
429 2490 541 2559 γὰρ
582 2490 747 2546 ἐῶσιν
782 2492 1113 2564 ὀρθοποδείν.
1171 2493 1582 2566 Παρεξάγοντες
1620 2494 1677 2549 δὲ
1715 2495 1903 2569 ὥσπερ

326 2584 423 2651 τῆς
449 2583 669 2649 εὐθείας
696 2585 816 2639 ὁδοῦ
846 2586 988 2639 κατὰ.
1023 2587 1283 2658 κρημνῶν
1307 2588 1533 2659 φέρουσι
1557 2589 1652 2642 καὶ⁸
1676 2587 1901 2661 βάθρων.

334 2673 481 2739 Ὁδὸς
503 2675 563 2729 δὲ
582 2677 616 2746 ἡ
656 2675 861 2740 εὐθεῖα,
894 2677 989 2731 καὶ
1012 2677 1211 2749 ὁμαλὴ,
1244 2678 1278 2749 ἡ
1324 2680 1405 2742 είς
1435 2678 1669 2751 Χριστὸν
1695 2679 1906 2733 οἰκείω-

324 2782 408 2829 σις
434 2765 524 2820 διὰ
555 2766 809 2831 πίστεως.
857 2768 1075 2839 Ἐπειδὴ
1104 2767 1161 2823 δὲ
1181 2769 1380 2840 ᾔδεσαν
1410 2770 1459 2824 οί
1489 2769 1597 2824 τῶν
1637 2770 1905 2826 Ἰουδαίων

325 2855 655 2929 καθηγηταί,
684 2860 766 2912 ὅτι
797 2860 896 2931 τῆς
922 2859 1012 2913 διὰ
1053 2861 1297 2925 Μωσέως
1330 2860 1780 2940 καταργουμένης
1817 2864 1907 2921 ὲν-

328 2948 505 3019 τολῆς,
534 2949 641 3017 ἐξω
690 2946 963 3010 κείσοντὰι
1004 2952 1213 3030 κερδῶν
1257 2960 1353 3013 καὶ
1392 2959 1456 3031 λη
1467 2960 1716 3031 μμάτων,
1784 2976 1907 3013 συν-

326 3040 622 3112 ετάραττον
648 3041 839 3118 ὥσπερ
881 3047 982 3120 τὴν
1024 3049 1209 3120 τρίϐον
1239 3051 1346 3105 τῶν
1379 3052 1556 3106 ποδῶν
1601 3051 1697 3105 τοῦ
1739 3051 1867 3105 λαοῦ
1888 3092 1909 3117 ,

327 3133 417 3191 τὸν
434 3138 680 3210 Χριστοῦ
716 3139 874 3209 λόγον
928 3142 1497 3215 κατακιΰδηλεύοντες,
1531 3144 1649 3198 καὶ⁴
1668 3146 1788 3209 ταῖς
1811 3143 1905 3197 τοῦ

329 3229 491 3300 νόμου
519 3233 703 3295 σκιαῖς
747 3233 1101 3302 προσκεῖσθαι
1157 3235 1487 3301 κελεύοντες.
1531 3236 1907 3309 Τετολμήκασι

329 3324 436 3396 γὰρ
462 3326 640 3378 εἰπεῖν
683 3325 734 3377 ot
785 3324 1029 3380 δείλαιον
1063 3345 1091 3380 r-
1129 3328 1320 3399 Ἡμεῖς
1347 3329 1569 3401 οἴδαμεν
1605 3330 1688 3383 ὅτι
1734 3330 1906 3402 Mani}

329 3414 628 3487 λελάληκεν
647 3417 681 3470 δ
696 3415 850 3480 Θεός·
876 3417 1064 3471 τοῦτον
1082 3417 1143 3473 δὲ.
1160 3418 1260 3475 οὐκ
1282 3417 1504 3493 οἴδαμεν
1524 3420 1686 3475 πόθεν
1705 3420 1905 3476 ἐστίν’»

330 3507 426 3560 καὶ
452 3505 654 3560 πάλιν·
696 3524 716 3556 ι
738 3504 803 3559 ΕΙ
848 3502 919 3577 ἦν
940 3502 1094 3573 οὗτος
1145 3510 1275 3564 ἀπὸ
1296 3509 1431 3564 Θεοῦ
1469 3509 1778 3581 ἄνθρωπος,
1809 3511 1911 3566 οὐκ

331 3596 400 3650 ἂν
418 3597 544 3651 ἔλυε
570 3596 954 3652 τδΣάῦσατον.
973 3618 991 3652 ι
1018 3600 1128 3653 Καὶ
1146 3599 1533 3654 τὸ-ἔτι-τούτων
1555 3600 1910 3655 δυσσεϐέστε-

343 3705 454 3759 ρον,
478 3692 591 3754 τοῖς
622 3693 730 3765 γὰρ
754 3690 1029 3746 ἐθέλουσιν
1057 3693 1357 3763 ἀκροᾶσθαι
1388 3691 1643 3765 Χριστοῦ,
1668 3693 1763 3747 καὶ
1799 3696 1910 3759 τοῖς

342 3783 472 3851 παρ’
518 3781 678 3836 αὐτοῦ
728 3783 1083 3855 προσκεῖσθαι
1135 3783 1333 3853 λόγοις,
1379 3783 1609 3847 ἀνοσίως
1652 3783 1907 3852 ἔφασκον·

345 3888 364 3922 ι
392 3873 683 3942 Δαιμόνιον
716 3873 828 3943 ἔχει
880 3875 975 3928 καὶ
1008 3874 1278 3945 μαίνεται.
1305 3875 1357 3929 τί
1392 3875 1618 3929 ἀκούετε
1646 3875 1843 3942 αὐτοῦς
1885 3895 1905 3929 ι

333 3966 458 4018 Δεῖν
487 3965 555 4018 δὲ·
659 3966 751 4027 καὶ
773 3967 981 4038 ἑτέρως
1019 3965 1389 4038 ὑπολαμϐάνω
1412 3966 1502 4019 τὸν
1538 3967 1910 4037 πνευματικδν

330 4057 622 4128 ἄνθρωπον
670 4060 763 4112 καὶ
828 4060 921 4113 τὸν
976 4060 1179 4133 ἀρετῆς
1230 4061 1470 4131 ἐργάτην
1527 4056 1909 4131 παραιτεῖσθαι

333 4148 535 4220 σφόδρα
556 4149 684 4213 τοὺς
710 4151 789 4214 είς
810 4148 935 4203 νοῦν
962 4151 1055 4203 καὶ
1075 4150 1303 4221 καρδίαν
1329 4150 1729 4221 μακαρίζοντας
1750 4150 1909 4205 αὑτὸν

329 4239 644 4311 λογισμούς.
699 4241 881 4305 Δεινδς
907 4240 1017 4313 γάρ
1062 4242 1325 4313 ὑπάρχων
1368 4243 1448 4306 είς
1503 4242 1834 4314 κακουργίαν
1880 4243 1909 4294 ὁ

330 4330 594 4395 Σατανᾶς,
624 4332 717 4384 ὅτε
744 4332 872 4395 τοὺς
896 4331 1315 4401 εὐδοκιμοῦντας
1334 4332 1435 4405 τῆς
1456 4333 1637 4396 αὐτοῖς
1666 4333 1911 4402 φιλαιτά-

327 4437 428 4492 της
466 4421 618 4492 ζωῆς
649 4438 708 4474 τε
739 4423 833 4475 καὶ
856 4422 1130 4487 πολιτείας
1155 4420 1542 4491 κατακομίζειν
1573 4420 1634 4475 οὐ
1665 4421 1906 4484 δύναται,

329 4512 463 4582 πρὸς
514 4515 580 4567 τὸ
627 4513 780 4584 αὐτῷ
827 4513 1017 4567 δοκοῦν
1069 4514 1241 4585 ἑτέρῳ
1291 4512 1591 4585 παραλύειν
1653 4516 1908 4586 πειρᾶται

2007 2050 2127 2105 illos
2178 2049 2437 2105 Dominus
2487 2058 2671 2103 noster
2707 2047 2865 2103 Jcsus
2914 2047 3186 2109 Christus,
3234 2047 3375 2114 quod
3426 2060 3579 2097 man-
3678 2098 3685 2103 ,

2005 2140 2187 2193 datunt
2251 2139 2342 2194 Dei
2371 2148 2589 2209 propter
2626 2153 2779 2193 suam
2817 2136 3162 2191 traditionem
3198 2135 3412 2189 irritum
3442 2133 3579 2189 fece-

2008 2231 2135 2284 rint.
2168 2228 2448 2285 Seducunt
2474 2230 2636 2300 igitur
2665 2244 2785 2296 vos,
2846 2228 3040 2297 inquit,
3101 2227 3192 2297 qtti
3258 2241 3349 2281 vos
3391 2229 3578 2281 beatos

2005 2323 2322 2390 pradicant,
2371 2329 2422 2376 et
2452 2323 2701 2377 semitam
2745 2321 2936 2391 pedum
2991 2300 3292 2373 vestrortitn
3355 2326 3581 2383 cuntur:

2006 2412 2167 2468 bant:
2207 2427 2304 2466 nec
2338 2412 2481 2466 enim
2539 2412 2724 2466 sinunt
2794 2421 2942 2464 recto
2973 2410 3107 2479 pede
3161 2408 3433 2473 incedere.
3483 2408 3578 2463 sed

2004 2502 2151 2557 velut
2180 2516 2209 2556 ιι
2242 2512 2386 2557 recta
2417 2503 2498 2555 via
2530 2502 2804 2557 abducunt
2844 2501 3215 2567 transversim,
3246 2513 3310 2554 ac
3363 2500 3417 2553 in
3450 2514 3580 2568 prae«

2004 2592 2187 2664 cipitia
2250 2602 2414 2663 atque
2456 2592 2643 2648 foveas
2712 2591 3005 2662 abripiunt.
3045 2591 3142 2646 Via
3198 2602 3373 2647 autem
3434 2586 3577 2645 r'ecta

2005 2696 2060 2740 et
2082 2685 2236 2756 plana
2271 2693 2411 2752 erat,
2439 2685 2747 2753 coniunctio
2776 2693 2831 2739 et
2864 2685 3193 2739 consociatio
3209 2699 3330 2738 cum
3360 2682 3576 2738 Christe
3640 2670 3663 2685 ’

2003 2790 2105 2846 per
2127 2775 2308 2832 ﬁdem.
2350 2777 2415 2829 At
2475 2776 2597 2847 quia
2629 2784 2820 2829 norant
2854 2773 3165 2829 .ludteornm
3192 2776 3376 2841 duces,
3440 2789 3578 2844 prte-

2008 2872 2178 2941 ceptis
2200 2884 2319 2942 quae
2352 2868 2523 2924 Moses
2548 2869 2765 2923 tradidit
2816 2866 3114 2939 abrogatis,
3161 2882 3220 2922 se
3248 2866 3580 2935 compendiis

2007 2975 2063 3021 ct
2103 2965 2347 3034 ancnpiis
2395 2962 2506 3017 suis
2534 2960 2924 3031 emungendos,
2966 2957 3431 3013 lurbarnntveluti
3457 2956 3579 3011 cal-

2008 3053 2112 3109 lent
2156 3052 2347 3124 pedum
2381 3051 2579 3122 populi,
2638 3051 2764 3105 dum
2828 3048 3029 3103 Christi
3086 3047 3307 3102 verbum
3367 3045 3580 3101 adulte-

2009 3153 2280 3212 raverant,
2315 3157 2368 3199 et
2400 3143 2532 3214 legis
2563 3171 2566 3175 η
2600 3142 2806 3196 umbris
2857 3141 3229 3196 adhmrescere
3279 3139 3579 3210 jusserunt.

2010 3234 2291 3292 Audebant
2319 3237 2461 3291 enim
2486 3235 2667 3290 dicere
2702 3233 2882 3289 miseri
2911 3250 2925 3288 :
2961 3252 2979 3286 ι
3025 3232 3135 3288 Nos
3187 3231 3391 3287 scimus
3436 3231 3579 3300 quod

2014 3330 2149 3385 Mosi
2211 3329 2418 3385 locutus
2449 3337 2531 3385 est
2558 3327 2717 3393 Deus,
2751 3327 2891 3382 hunc
2918 3338 3095 3382 autem
3133 3326 3407 3382 nescimus
3441 3326 3581 3380 unde

2012 3424 2117 3490 sit;
2153 3441 2172 3475 ι
2205 3432 2258 3477 et
2283 3437 2469 3477 rursus
2497 3432 2513 3474 :
2547 3439 2566 3472 ι
2622 3419 2677 3475 Si
2711 3422 2809 3475 iste
2840 3420 2998 3475 homo
3028 3433 3057 3472 a
3093 3419 3199 3474 Deo
3222 3427 3388 3480 esset,
3421 3418 3582 3471 mini-

2012 3530 2098 3571 nte
2125 3515 2372 3569 solvisset
2402 3512 2695 3568 Sabbatttm
2718 3511 2784 3565 “.
2830 3531 2847 3563 ι
2877 3510 2948 3567 Et
2986 3510 3127 3581 quod
3156 3511 3325 3581 magis
3355 3509 3579 3579 itnpium

2012 3618 2115 3673 est,
2151 3604 2452 3661 volentibus
2488 3602 2762 3660 Christum
2792 3602 3000 3669 audire,
3037 3600 3260 3670 ejusque
3283 3600 3568 3654 attendere

2012 3694 2569 3763 sermonibus,,impie
2592 3693 2845 3747 dixerunt
2875 3707 2890 3745 :
2917 3711 2935 3745 ι
2968 3693 3293 3746 Dmmonium
3331 3691 3493 3743 habet
3529 3702 3583 3743 et

2013 3788 2234 3852 insanit,
2295 3786 2421 3855 quid
2444 3784 2590 3839 illum
2640 3783 2837 3837 auditis
2862 3782 2949 3835 “i
2995 3804 3014 3833 ι
3072 3781 3209 3846 Quin
3276 3780 3380 3835 alio
3426 3779 3583 3834 ntudu

2010 3877 2273 3947 spirituali
2336 3875 2537 3930 homini
2608 3874 2926 3943 virtutisque
2976 3872 3169 3928 cultori
3231 3871 3579 3944 cogitandum

2012 3973 2135 4031 est,
2162 3973 2219 4019 nt
2242 4028 2254 4035 ρ
2280 3963 2722 4020 ratiocinationes
2744 3962 2910 4017 animi
2942 3977 3005 4017 ac
3029 3961 3210 4018 cordis
3253 3977 3374 4032 quae
3407 3962 3581 4031 ipsum

2012 4041 2583 4126 beattttn'prmtlicant,
2652 4068 2995 4124 summopere
3053 4053 3241 4127 fugiat.
3324 4054 3418 4110 Est
3471 4053 3581 4125 35

2012 4151 2155 4206 enim
2188 4150 2254 4205 ad
2285 4148 2541 4203 malitiam
2581 4147 2964 4218 vafritiamque
2993 4149 3292 4204 instructus
3330 4146 3577 4203 Satanas:

2013 4260 2135 4299 cum
2165 4240 2313 4297 viros
2340 4242 2408 4296 ob
2434 4240 2596 4302 vitam
2628 4255 2792 4307 quam
2822 4239 3244 4311 amplectuntur,
3279 4248 3334 4294 et
3358 4239 3426 4295 ob
3458 4255 3583 4294 con-

2010 4338 2368 4393 versationem
2422 4341 2699 4405 spectatos
2749 4335 2816 4387 ad
2875 4347 3028 4388 suam
3080 4331 3406 4388 voluntatem
3474 4349 3580 4388 non

2012 4441 2189 4501 potest
2225 4427 2560 4492 traducere,.
2589 4425 2691 4480 alia
2727 4425 3037 4495 aggreditur
3096 4424 3179 4478 via
3209 4424 3578 4495 qnmfraugat,

2012 4539 2074 4579 ac
2110 4522 2485 4578 dissolutiores
2517 4518 2699 4574 faciat.
2750 4516 2883 4571 Nam
2913 4517 3067 4587 quasi
3090 4516 3179 4587 qui
3236 4525 3382 4572 recte
3439 4518 3581 4587 egis-

327 4605 534 4674 sp/nup.
583 4606 833 4659 Ἐπαινεῖ
853 4606 962 4675 γάρ
996 4605 1071 4667 ὡς
1100 4605 1551 4677 κατωρθωκότας,
1587 4606 1904 4677 ἀποδέχεται

2018 4623 2141 4671 sent
2173 4613 2378 4677 laudat,
2411 4610 2564 4681 quasi
2597 4610 2759 4665 etiam
2806 4620 3024 4664 Sanctos
3055 4608 3301 4680 suscipit,
3337 4619 3393 4665 et
3425 4607 3582 4679 quasi
3634 4602 3641 4611 ’

325 4696 381 4751 δὲ
411 4697 490 4761 ὡς
512 4697 703 4768 ἁγίους
730 4699 936 4765 λοιπὸν,
975 4698 1265 4771 μακαρίζει
1293 4699 1350 4752 δὲ
1369 4699 1463 4753 καὶ
1483 4699 1559 4762 ὣς
1592 4699 1777 4769 φίλους
1803 4699 1904 4771 ἤδη

325 4782 621 4863 γεγονότας
648 4792 808 4857 Θεοῦ,
858 4794 951 4847 καὶ
977 4795 1057 4856 είς
1081 4791 1235 4862 λῆξιν
1272 4792 1489 4862 ἁπάσης
1525 4793 1727 4864 ἀρετῆς
1776 4794 1902 4848 άνα-

324 4886 650 4956 ὖεϐηκότας.
690 4880 826 4938 Εἶτα
849 4884 909 4937 τὸ
933 4885 1031 4956 τῆς
1057 4882 1358 4955 ὑπεροψίας
1382 4884 1565 4948 αὐτοῖς
1611 4884 1784 4947 πάθος
1821 4885 1907 4937 ἐν·

322 4977 521 5045 τεκὼν,
558 4978 923 5049 προσκρούειν
968 4975 1378 5050 παρασκευάζει
1405 4978 1482 5050 τῷ
1512 4975 1650 5049 Θεῷ,
1682 4978 1776 5035 καὶ
1803 4996 1905 5032 κα-

322 5070 535 5124 τασείει
573 5069 759 5123 λοιπὸν
791 5069 1042 5141 καθάπερ
1072 5086 1127 5122 τι
1151 5068 1316 5138 φυτὸν
1347 5071 1411 5122 ὲκ
1446 5067 1669 5141 βάθρου.
1695 5071 1769 5124 Οὐ
1800 5071 1908 5144 γὰρ

322 5164 614 5236 ἠγνόηκεν,
649 5164 733 5217 ὅτι
757 5165 1031 5226 ταπεινοῖς
1064 5164 1163 5234 μὲν
1187 5162 1369 5217 δίδωσι
1395 5164 1555 5235 χάριν
1577 5164 1606 5216 ὁ
1633 5163 1742 5217 τῶν
1770 5164 1908 5220 ὅλων

321 5254 479 5316 Θεὸς,
510 5254 896 5309 ἀντιτάσσεται
941 5252 997 5306 δὲ
1033 5256 1148 5317 τοϊς
1200 5254 1589 5326 ὑπερηφάνοις.
1625 5255 1905 5327 Παραιτη-

324 5345 449 5396 vim
468 5345 670 5411 τοίνυν,
710 5345 789 5408 ὡς
823 5342 980 5414 ἔφην,
1013 5344 1138 5408 τοὺς
1166 5344 1247 5409 είς
1266 5342 1392 5398 νοῦν
1430 5344 1536 5398 ἔσω
1558 5344 1651 5399 καί⁵
1679 5346 1907 5416 καρδίαν

324 5434 736 5506 μακαρίζοντας
796 5435 943 5506 ἡμᾶς
986 5433 1301 5506 λογισμούς.
1337 5436 1401 5489 Oi
1430 5435 1539 5507 γάρ
1573 5453 1650 5490 τοι
1688 5435 1785 5507 τὴν
1813 5438 1905 5490 εὐ-

323 5525 475 5579 θεῖαν
502 5526 655 5595 ἡμᾶς
684 5524 785 5577 οὐκ
837 5523 1192 5596 ἐπιτρέπουσι
1225 5523 1462 5577 διάττειν
1487 5524 1625 5591 ὁδὸν,
1656 5524 1725 5579 δι’
1754 5521 1821 5597 ἧς
1846 5529 1911 5582 ἄν

2014 4704 2218 4759 amicos
2264 4701 2374 4772 iam
2411 4702 2501 4756 Dei
2543 4700 2733 4766 factos,
2756 4708 2813 4753 et
2858 4698 2923 4753 ad
2949 4699 3163 4754 culmen
3206 4700 3445 4754 omnium
3477 4700 3583 4754 vir-

2016 4805 2186 4852 tutum
2224 4804 2528 4864 provectos,
2572 4795 2759 4849 beatos
2817 4793 3093 4862 praedicat.
3149 4792 3395 4862 Demum,
3429 4805 3581 4864 post-

2012 4902 2174 4957 quam
2207 4884 2459 4940 atl‘eetum
2491 4882 2754 4952 superbire
2788 4882 2844 4937 in
2895 4882 3003 4937 illis
3062 4883 3277 4947 insevit,
3344 4884 3583 4954 suggerit

2015 4988 2073 5032 ut
2105 4977 2270 5032 Deum
2298 4971 2600 5041 offendant,
2626 4981 2681 5028 et
2719 4973 2785 5028 de
2834 4983 3028 5029 caetero
3071 4983 3327 5044 tanquam
3368 4974 3580 5041 plantu-

2015 5070 2119 5123 lam
2165 5069 2496 5138 quampiam,
2546 5064 2804 5120 radicitus
2845 5076 2900 5119 et
2952 5065 3019 5119 ab
3065 5065 3185 5133 ipsa
3232 5063 3398 5131 stirpe
3452 5076 3585 5119 con-4

2013 5160 2164 5216 vellit
2192 5170 2247 5215 et
2278 5159 2537 5215 concutit.
2579 5156 2694 5214 Non
2745 5158 2888 5212 enim
2945 5157 3156 5226 ignorat
3212 5154 3584 5212 universitatis

2016 5251 2184 5307 Deum
2221 5249 2506 5305 submissis
2546 5248 2674 5304 dare
2699 5248 2946 5319 gratiam,
2978 5244 3226 5314 superbis
3280 5258 3408 5300 vero
3450 5248 3577 5302 resi-

2015 5353 2183 5398 stere.
2234 5340 2418 5406 Proin,
2456 5341 2527 5395 ita
2557 5348 2613 5392 ut
2641 5338 2771 5402 dixi,
2809 5334 3159 5403 cogitationes
3187 5350 3305 5405 quae
3334 5336 3384 5390 in
3407 5348 3584 5396 mente

2017 5446 2070 5489 et
2119 5434 2284 5489 corde
2351 5445 2450 5487 nos
2501 5439 2558 5483 ut
2591 5429 2778 5484 beatos
2812 5425 3062 5492 efferunt,
3095 5426 3373 5496 deprecari
3434 5431 3582 5485 dete-

2018 5526 2261 5596 stariquc
2297 5523 2552 5603 debemus
2580 5541 2593 5578 :
2631 5521 2821 5590 quippe
2848 5535 2908 5575 ea
2934 5531 3140 5579 rectam
3166 5538 3263 5579 nos
3296 5524 3433 5579 viam
3474 5542 3576 5578 non

420 5675 469 5714 δ’
492 5678 729 5736 Baruch.
769 5695 842 5748 tv,
876 5679 929 5734 4.
1007 5679 1053 5712 ⁸⁵
1086 5678 1242 5737 Joan.
1278 5696 1353 5746 ιχ,
1385 5680 1471 5745 te,
1500 5680 1590 5735 :9.
1671 5682 1714 5713 "
1747 5680 1899 5736 .lttan.
1942 5698 1993 5749 κ,
2030 5681 2117 5735 20.
2148 5704 2157 5713 ·
