4032 6214
443 285 549 342 “3

1465 288 1519 342 S.
1563 289 1840 347 CYIHLIJ
1881 289 2350 349 ALEXANDRINI
2396 288 2711 346 AllCiilEP.

3584 295 3682 349 Hii

442 399 622 453 sinunt
647 396 800 461 inire,
833 411 927 464 per
955 411 1114 467 quam
1159 397 1407 453 facillime
1457 401 1578 469 quis
1621 404 1686 452 ad
1744 403 1791 452 id
1867 405 2007 470 quod

2113 417 2198 462 τις
2221 402 2288 455 τοι
2322 402 2416 455 καὶ
2440 399 2584 470 μάλα
2605 401 2800 474 ῥᾳδίως
2833 401 2924 455 ἐπὶ
2951 401 3013 454 τὺ
3037 402 3266 474 ἀρέσκον
3295 401 3431 473 Θεῷ.

446 487 554 541 Deo
584 487 761 555 placet
808 489 1159 555 portittgcrct.

513 580 676 633 Vsus.
704 579 889 632 {3-15.
921 578 1022 632 Sed
1047 597 1182 632 nunc
1221 580 1377 632 stabit
1415 583 1468 634 in
1497 581 1692 642 indicio
1728 583 2002 644 Dominus.

439 683 486 726 et
516 674 567 724 in
594 672 796 739 judicio
828 671 970 724 sistet
992 671 1238 738 populum
1287 689 1461 727 suum.
1513 673 1635 738 Ipse
1667 675 1921 729 Dominus
1952 678 2005 729 in

447 762 692 827 iudicium
732 762 892 814 veniet
937 778 1054 815 cum
1089 764 1383 818 senioribus
1422 766 1599 831 pomi/1'
1638 769 1742 832 sui,
1786 778 1833 821 et
1887 785 2004 822 cum

440 854 757 920 princi,.ibus
787 853 920 921 ejus.
969 853 1064 908 Vos
1109 866 1282 909 autem
1313 859 1438 927 quid
1471 860 1780 914 incendisti:
1804 863 2004 915 vineam

439 947 649 1000 meum?
683 943 745 996 Et
778 946 962 1013 rapina
988 951 1234 1016 pauperis
1271 950 1322 1001 in
1345 953 1585 1004 domibus
1617 955 1796 1007 vestris
1817 954 1844 1006 ?
1866 955 2005 1018 Quid

439 1032 641 1093 iniuria
668 1033 881 1099 (illicitis
911 1037 1157 1103 papnlum
1191 1053 1382 1103 meum,
1425 1051 1469 1091 et
1511 1039 1694 1107 faciem
1720 1058 2005 1109 pauperum

445 1125 768 1190 confunditis
795 1127 817 1176 ?

515 1293 630 1349 Non
669 1312 768 1366 ope
801 1299 1116 1355 destitutum
1145 1302 1208 1356 iri
1247 1304 1375 1358 dicit
1405 1307 1667 1374 praplteta
1711 1323 2002 1377 oppresso-

443 1401 558 1439 rum
595 1387 1018 1454 multitudinem,
1056 1409 1159 1447 non
1184 1396 1326 1448 muni
1352 1409 1479 1448 Cura
1498 1412 1721 1452 vacuam
1740 1415 1802 1452 ac
1819 1401 2000 1453 deser-

443 1485 573 1541 tam,
605 1477 712 1532 imo
728 1495 994 1536 summam
1021 1499 1206 1538 eorum
1241 1502 1423 1539 curam
1447 1489 1686 1543 omnium
1718 1489 2002 1545 Dominum

441 1575 838 1635 sust-epturum,
863 1570 1166 1626 confirmat.
1187 1571 1344 1638 Nam,
1366 1575 1562 1644 inquit,
1579 1592 1798 1632 causam
1815 1595 2003 1635 eorum

440 1665 562 1720 aget
593 1667 782 1712 contra
809 1673 899 1714 eos
917 1661 1006 1729 qui
1045 1672 1285 1727 metunt,
1323 1675 1378 1720 et
1410 1667 1563 1734 quasi
1599 1669 1784 1723 beatus
1820 1673 2002 1725 susci-

2197 579 2381 634 Ἀλλὰ
2430 578 2548 633 νῦν
2585 578 3023 645 καταστήσεται
3075 579 3164 643 εις
3191 578 3397 646 κρίσιν
3449 577 3682 648 Κύριος.

2113 671 2213 727 καὶ
2258 671 2472 738 στήσει
2517 674 2604 737 εις
2647 671 2851 738 κρίσιν
2899 670 3009 724 τόν
3055 671 3211 724 λαὸν
3255 670 3461 724 αὐτοῦ.
3493 672 3684 740 Αὐτὸς

2113 763 2327 830 Κύριος
2356 765 2442 828 εἰς
2496 764 2698 829 κρίσιν
2734 762 2864 828 ἣξει
2907 761 3054 830 μετὰ
3103 760 3221 815 τῶν
3269 763 3686 829 πρεσϐυτέρων

2114 855 2218 908 τοῦ
2247 852 2423 919 λαοῦ,
2459 853 2554 909 καὶ
2577 853 2728 923 μετὰ
2758 852 2876 906 τῶν
2909 854 3217 922 ἀρχόντων
3237 854 3440 908 αὐτοῦ.
3484 854 3685 924 ’Υμεῖς

2112 943 2180 996 δὲ
2205 944 2262 996 τί
2291 943 2684 1011 ἐνεπυρίσατε
2709 943 2816 996 τόν
2839 942 3166 1013 ἀμπελῶνά
3184 958 3339 1012 μου;
3366 943 3474 996 Καὶ
3495 947 3554 1012 “ἡ
3583 947 3686 1011 ἀρ.

2112 1033 2274 1103 πειγὴ
2332 1033 2440 1088 τοῦ
2496 1035 2734 1102 πτωχοῦ
2787 1034 2858 1088 ἐν
2915 1034 3039 1099 τοῖς
3102 1034 3292 1100 οἴκοις
3352 1033 3554 1103 optim;
3625 1039 3686 1088 Τι

2112 1124 2280 1192 ὑμεῖς
2313 1123 2568 1178 ἀδικεῖτε
2609 1123 2717 1177 τὸν
2747 1127 2907 1179 λαόν
2953 1141 3092 1192 μου,
3139 1122 3236 1176 καὶ
3284 1123 3357 1177 τὰ
3393 1125 3684 1191 πρόσωπα

2113 1214 2231 1269 τῶν
2258 1216 2512 1285 πτωχῶν
2549 1216 3018 1283 καταισχύνετε;

2184 1305 2296 1358 Οὐκ
2329 1302 2756 1374 ἀκιεπικοὺρητον
2787 1303 3004 1357 ἔσεσθαί
3029 1321 3191 1374 φησιν
3219 1306 3248 1356 ὁ
3280 1307 3563 1375 προφήτης
3584 1305 3688 1374 τὴν

2113 1394 2483 1464 ἀδικουμένων
2527 1396 2756 1466 πληθὺν,
2801 1394 2923 1449 οὔτε
2980 1397 3086 1467 μὴν
3135 1397 3351 1466 ἀπάσης
3406 1397 3685 1468 φροντίδος

2112 1486 2346 1555 ἐρήμην,
2405 1484 2804 1554 ὑπεραθλήσειν
2851 1484 2908 1537 δὲ
2961 1484 3159 1552 μᾶλλον
3209 1484 3388 1540 αὐτῶν
3433 1485 3523 1539 τὸν
3573 1485 3682 1538 τῶν

2111 1576 2248 1629 ὅλων
2297 1575 2426 1628 Θεὸν
2465 1571 2524 1630 εὖ
2577 1575 2720 1646 μάλα
2769 1575 3177 1648 διῖσχυρίζεται.
3238 1577 3528 1631 Δικάσεται
3572 1577 3682 1647 γὰρ

2115 1666 2253 1738 ὑπὲρ
2285 1666 2483 1731 αὐτῶν,
2515 1667 2670 1738 φησὶ,
2706 1670 2816 1732 τοῖς
2852 1667 3267 1738 καλαμωμένοις
3307 1669 3400 1721 καὶ
3447 1669 3681 1739 μακαρξο

442 1747 593 1816 piunt
615 1763 626 1794 :
650 1757 703 1802 ct
723 1753 970 1805 semitam
995 1753 1186 1820 pedum
1211 1755 1447 1823 ipsorum
1469 1757 2007 1831 turbabit,etjudicio

2112 1758 2292 1824 ζονσιν
2330 1759 2546 1823 αὐτούς.
2581 1759 2819 1831 Ταράξει
2861 1759 2918 1812 δέ
2969 1760 3063 1812 καὶ
3097 1757 3193 1829 τὴν
3227 1757 3410 1828 τρίϐον
3442 1757 3550 1811 τῶν
3579 1774 3679 1810 πο·-

443 1851 800 1906 prosequetur
831 1842 1070 1896 seniores
1108 1845 1306 1913 populi,
1331 1856 1382 1900 et
1407 1847 1675 1918 principes
1697 1852 1778 1905 vel
1817 1854 2007 1922 praefe-

440 1939 580 1982 ctos.
609 1928 852 1985 Redemit
874 1933 1015 1986 enim
1043 1952 1073 1988 e
1090 1936 1245 1989 domo
1262 1939 1539 1994 servitutis
1562 1941 1810 2011 populum
1829 1961 2006 2011 suum,

444 2027 543 2070 eta
565 2018 960 2075 dominatortttn
984 2024 1391 2092 importunitate
1415 2029 2007 2096 liberavit,universatn

443 2108 496 2161 in
531 2123 624 2163 eos
666 2112 909 2166 excitans
940 2126 1270 2170 creaturam.
1323 2119 1389 2173 Et
1419 2135 1551 2176 sane
1589 2138 1758 2191 aquas
1790 2126 1842 2179 in
1883 2143 2008 2183 san-

441 2201 654 2268 guinem
675 2205 917 2270 mutavit,
945 2209 1208 2274 grandine
1237 2209 1624 2281 profundisque
1652 2232 1717 2270 ac
1744 2219 2010 2273 triduanis

445 2291 676 2346 tenebris
697 2332 714 2358 ,
749 2295 974 2363 aliistlue
1003 2299 1286 2366 omnibus,
1329 2313 1412 2357 est
1464 2306 1606 2359 enim
1637 2306 1852 2378 longum
1897 2312 2012 2365 sin-

441 2383 565 2451 guL't
607 2400 1051 2454 conum-morare,
1089 2395 1352 2459 percussit
1392 2412 1405 2448 :
1449 2397 1570 2450 dein
1622 2414 1718 2467 per
1774 2402 2006 2456 medium

441 2491 590 2530 mare
619 2479 875 2543 traduxit,
904 2479 954 2533 in
979 2481 1200 2536 deserto
1244 2487 1410 2553 pavit,
1455 2488 1507 2541 in
1539 2498 1736 2544 terram
1775 2494 2009 2560 promis-

442 2569 618 2623 sionis
670 2569 926 2638 induxit,
985 2582 1176 2640 gentes
1227 2593 1447 2646 magnas
1480 2591 1534 2635 et
1585 2585 2009 2650 pugnacissimas

445 2669 711 2728 tauquam.
734 2660 917 2728 spinas
963 2662 1186 2728 expulit.
1233 2662 1455 2720 Divinus
1481 2682 1702 2738 quoque
1752 2669 1918 2725 David
1955 2672 2008 2726 id

443 2749 774 2816 deriaravit,
809 2754 1050 2807 (ninnium
1107 2765 1437 2811 servatorem
1500 2767 1556 2812 et
1610 2760 2006 2830 redemptorem

441 2842 761 2910 alloquens:
797 2863 815 2894 ι
855 2842 1030 2899 Vitem
1054 2860 1115 2899 ex
1151 2845 1385 2917 Egypto
1414 2832 1734 2904 transtulisti
1758 2889 1773 2912 ,
1800 2851 2006 2918 ejecisti

441 2944 652 2998 gentes,
713 2941 766 2987 et
823 2950 940 2988 eam
983 2937 1256 3004 plantasti.
1309 2925 1449 2991 viam
1491 2940 1852 3009 pratstruxisti
1885 2951 2009 2995 ante

443 3021 586 3073 illum
614 3037 627 3074 :
661 3023 1174 3093 cxtetnlitpalmites
1207 3042 1334 3080 suos
1363 3027 1428 3080 ad
1452 3043 1601 3084 mare
1628 3044 1820 3097 usque,
1851 3039 1907 3084 et
1942 3031 2008 3084 ad

2107 1851 2212 1904 δῶν
2246 1851 2444 1904 αὐτῶν.
2496 1851 2783 1904 Δικάσεται
2835 1849 2892 1903 δὲ
2936 1849 3073 1920 πρὸς
3114 1851 3242 1912 τοὺς
3280 1849 3682 1920 πρεσόυτέρους

2107 1939 2201 1994 τοῦ
2236 1940 2387 2002 λαοῦ,
2421 1941 2515 1994 καὶ
2533 1940 2753 2009 προσέτι
2778 1940 2904 2001 τοὺς
2928 1938 3216 2010 ἄρχοντας,
3245 1939 3364 2008 ἢτοι
3391 1940 3511 2001 τοὺς
3543 1937 3681 1992 καθ-

2107 2031 2465 2100 ηγουμένους.
2531 2029 2903 2101 Ἐλυτρὼσατο
2951 2029 3049 2099 μὲν
3096 2029 3206 2100 γάρ
3257 2028 3316 2092 ἐξ
3362 2031 3510 2082 οἴκου
3560 2029 3682 2082 δου-

2109 2119 2258 2180 λείας
2294 2119 2385 2172 τὸν
2412 2119 2539 2172 λαὸν
2573 2118 2760 2183 αὑτοῦ,
2795 2119 3028 2185 ἐξείλετο
3060 2117 3117 2171 δὲ
3145 2119 3246 2188 τῆς
3283 2118 3391 2172 τῶν
3417 2118 3680 2190 κρατοὺνσ

2108 2226 2216 2262 των
2251 2209 2587 2277 σκαιότητος,
2621 2207 2748 2277 ὃλην
2785 2208 2966 2271 αὐτοῖς
3000 2207 3380 2276 ἐπαναστήσας
3427 2207 3524 2278 τὴν
3563 2207 3681 2260 κτί-

2112 2318 2216 2354 σιν.
2249 2301 2356 2354 Καὶ
2392 2301 2596 2354 ὑδάτων
2632 2300 2731 2370 μὲν
2763 2301 2842 2362 είς
2871 2293 3010 2369 αἷμα
3045 2297 3347 2368 μεταϐολὰς
3372 2299 3685 2369 ἐργασάμεο

2110 2407 2218 2454 νος,
2243 2391 2502 2460 χαλάξαις
2531 2389 2586 2442 δὲ
2617 2389 2958 2455 καταπαίων,
2996 2388 3152 2458 βαθεῖ
3180 2405 3239 2441 τε
3272 2389 3365 2440 καὶ
3402 2389 3686 2459 τριημέρῳ

2114 2482 2312 2552 σκότῳ,
2355 2483 2446 2534 καὶ
2475 2483 2589 2543 τοῖς
2623 2480 2804 2543 ἄλλοις
2837 2481 3029 2535 ἅπασι.
3078 2480 3304 2550 Μακρὸν
3332 2480 3439 2552 γὰρ
3481 2480 3687 2534 ἕκαστα

2114 2573 2362 2626 διειπεῖν.
2402 2568 2533 2625 Εἶτα
2565 2571 2880 2636 διαϐιϐάσας
2902 2571 2990 2625 διὰ
3022 2571 3294 2642 Θαλάσσης
3331 2573 3503 2643 μέσης
3533 2573 3689 2644 ἐθρε-

2109 2664 2208 2734 ψεν
2254 2667 2312 2717 ἐν
2355 2667 2421 2735 τῇ
2461 2665 2673 2736 ἐρήμῳ.
2723 2663 3118 2734 Εἰσκεκόμικεν
3175 2665 3256 2727 είς
3292 2663 3388 2734 τὴν
3429 2663 3530 2734 γῆν
3585 2663 3687 2731 τῆς

2109 2758 2472 2825 ἐπαγγελίας,
2527 2756 2651 2827 ἔθνη
2720 2757 2930 2824 μεγάλα
2983 2757 3078 2809 καὶ
3135 2755 3495 2826 μαχιμώτατα
3547 2757 3685 2808 καθ-

2110 2850 2252 2919 άπερ
2298 2847 2540 2910 ἀκάνθας
2575 2845 2792 2912 ἐξελών.
2825 2847 2932 2898 Καὶ
2960 2845 3116 2899 τοῦτο
3156 2847 3286 2916 ἡμῖν
3323 2848 3352 2899 ό
3398 2845 3686 2909 Θεσπέσιος

2109 2939 2272 2992 Δα6“ιδ
2317 2938 2606 3008 κατεδήλου
2655 2937 2826 3004 λέγων
2866 2937 3000 3008 πρὸς
3035 2936 3126 2990 τὸν
3155 2936 3265 2989 τῶν
3297 2937 3434 2989 ὅλων
3465 2939 3688 3007 σωτῆρα

2109 3030 2202 3082 καὶ
2233 3029 2547 3098 λυτρωτὴν·
2586 3045 2604 3076 ι
2646 3024 2920 3095 ’Ἄμπελον
2969 3025 3028 3090 ἐξ
3075 3024 3348 3092 Αἰγύπτου
3418 3026 3682 3094 μετῆρας,

443 3114 634 3168 ﬂuvios
667 3117 991 3184 prepagines
1019 3133 1144 3171 suas
1166 3118 1228 3170 ⁸⁸.
1275 3137 1294 3170 ι
1327 3119 1438 3189 66
1466 3119 1590 3174 Erat
1625 3122 1790 3187 enim,
1836 3122 2007 3191 inquit

2112 3118 2362 3183 ἐξέϐαλες
2393 3117 2540 3185 ἔθνη,
2571 3118 2665 3171 καὶ
2697 3115 3102 3184 κατεφύτευσας
3128 3115 3316 3184 αὐτὴν,
3349 3114 3689 3183 ὡδοποίησας

444 3206 698 3273 propheta
732 3205 1016 3275 Jeremias,
1066 3210 1192 3263 vitis
1231 3210 1459 3264 fecunda
1508 3213 1772 3282 pampinis
1822 3215 2008 3279 Israel,

444 3311 495 3351 et
536 3299 661 3353 felix
693 3300 903 3355 fructus
927 3301 1065 3371 ejus.
1101 3302 1205 3356 Sed
1235 3319 1355 3356 cum
1377 3303 1700 3359 demandata
1727 3317 1869 3361 esset
1894 3307 2010 3376 ejus

444 3391 685 3445 colenda:
740 3405 868 3445 cura
926 3393 1260 3462 principibus
1326 3395 1549 3464 populi,
1613 3397 1750 3452 adeo
1797 3398 2011 3466 iniustis

445 3483 623 3536 modis
642 3493 1031 3551 oppresserunt
1059 3485 1284 3540 herilem
1305 3487 1536 3551 vineam,
1568 3497 1625 3541 ut
1646 3487 1755 3556 jam
1783 3489 2005 3544 incensa

446 3573 658 3641 penitus
701 3587 826 3628 esse
848 3574 1107 3628 videatur.
1143 3574 1288 3630 Hanc
1321 3577 1482 3647 igitur
1502 3593 1721 3632 causam
1752 3580 2012 3648 impinget

446 3663 575 3728 illis,
635 3664 782 3718 hisce
840 3665 1020 3719 verbis
1077 3683 1091 3719 :
1145 3665 1247 3720 Vos
1287 3682 1383 3720 cur
1439 3668 1754 3723 incendistis
1798 3671 2010 3724 vineam

448 3753 664 3808 meam?
693 3751 825 3806 Nam
855 3768 996 3822 quos
1035 3769 1248 3823 aequum
1288 3768 1402 3809 erat
1431 3757 1576 3810 illam
1609 3758 1768 3812 vitem
1810 3758 2009 3812 intelli-

446 3844 690 3914 gibilem,
725 3844 982 3898 nimirum
1010 3845 1287 3911 lsraelem,
1311 3848 1629 3902 i'ertilioreut
1661 3850 1908 3915 reddere,
1957 3849 2010 3903 bi

447 3938 514 3990 ad
549 3937 857 3989 vastitatem
905 3936 1128 3989 omnino
1169 3937 1542 4003 reduxerunt,
1593 3940 1914 4009 aridamque
1955 3949 2012 3994 et

448 4027 694 4081 inutilem
724 4027 855 4080 hero
886 4026 1202 4080 effecerunt.
1238 4026 1322 4081 Ab
1361 4029 1467 4082 illis
1517 4031 1699 4098 itaque
1745 4045 2007 4085 succensa

445 4125 550 4180 est,
573 4133 600 4170 a
631 4118 828 4186 quibus
862 4117 1070 4184 turgida
1103 4117 1275 4171 [tetris
1304 4119 1418 4172 ﬁeri
1443 4158 1457 4182 ,
1493 4118 1868 4189 fructibusque
1895 4137 2014 4191 gra-

447 4203 592 4267 vida,
637 4214 692 4258 et
727 4203 794 4256 ab
827 4207 971 4256 omni
1010 4205 1336 4259 detrimento
1390 4208 1645 4262 immunis
1698 4213 2010 4266 conservari

445 4294 651 4347 debuit.
685 4293 803 4347 iam
842 4295 1291 4361 quemadmodum
1329 4295 1466 4350 hanc
1493 4300 1706 4351 vineam
1761 4299 2014 4367 intelligi-

445 4382 607 4436 bilem
638 4384 938 4437 incendisse
971 4385 1238 4449 dicantur,
1277 4385 1458 4440 videre
1510 4398 1595 4441 est
1644 4403 1825 4458 opera:
1883 4406 2009 4459 pre-

446 4476 603 4529 tium.
671 4473 963 4543 Oportebat
1023 4478 1166 4530 enim
1222 4493 1315 4532 eos
1371 4478 1462 4548 qui
1509 4481 1737 4535 docendi
1794 4483 2004 4537 muneri

447 4576 735 4634 prateraut,
769 4577 821 4620 et
853 4567 941 4634 qui
974 4567 1143 4637 legem
1191 4571 1258 4622 ad
1290 4574 1470 4623 omnia
1507 4586 1629 4640 qua:
1655 4571 1763 4627 Deo
1793 4573 2009 4643 placent

452 4662 739 4715 ducentem
785 4662 1056 4727 tenebant,
1089 4679 1197 4730 prae
1239 4667 1448 4718 ca'teris
1491 4667 1555 4719 ad
1593 4667 1727 4736 legis
1768 4669 2011 4735 przrset‘i-

449 4758 599 4818 ptum
630 4749 834 4814 vivere,
863 4761 916 4803 et
941 4749 1164 4816 justitize
1202 4751 1371 4820 gloria
1396 4752 1604 4816 ornari,
1637 4753 1706 4804 ita
1737 4763 1793 4805 ut
1822 4767 2008 4806 eorum

448 4843 600 4906 vita,
657 4841 944 4910 singularis
986 4842 1265 4910 cujusdam
1312 4844 1831 4913 perfectissimmqne
1889 4845 2010 4898 vitae

447 4932 725 5001 exemplar
756 4933 1024 5001 quoddam
1052 4941 1107 4986 et
1140 4933 1320 5002 imago
1344 4944 1488 4988 esset
1516 4933 1711 5004 populo
1743 4934 1842 4988 sibi
1884 4935 2013 4988 sub.

447 5021 582 5075 dito.
612 5023 910 5092 Oportebat
963 5032 1224 5091 praeterea
1257 5038 1354 5079 eos
1390 5024 1524 5094 legis
1569 5024 1910 5080 institutione
1945 5027 2012 5082 ad

445 5130 658 5169 otnnem
691 5114 1017 5184 probitatem
1041 5115 1286 5171 subditos
1315 5117 1604 5184 adducere,
1634 5118 2011 5186 delinquentes

449 5220 770 5274 coarguere,
802 5208 980 5276 lapsos
1003 5209 1216 5278 erigere
1237 5247 1253 5270 .
1301 5209 1516 5278 pictatis
1550 5211 1654 5264 iter
1682 5221 2010 5276 monstrare,

397 5291 404 5333 ἱ
448 5306 500 5348 et
529 5299 594 5348 ad
641 5283 1014 5364 praestantiora
1066 5299 1380 5364 informare,
1419 5311 1471 5356 et
1503 5304 1824 5370 persuadere
1867 5316 1924 5357 ιιι
1952 5305 2004 5358 in

450 5388 608 5438 linem
644 5387 797 5454 legis,
827 5393 1126 5456 Christum,
1163 5392 1404 5461 inquam,
1429 5393 1774 5462 reSpicerent.
1814 5413 1832 5446 ι
1856 5395 2006 5450 Finis

393 5515 410 5582 1
447 5476 587 5530 enim
619 5474 748 5544 legis
777 5489 829 5532 et
862 5484 1244 5548 prophetarum
1276 5484 1524 5541 Christus
1559 5485 1621 5540 ".
1656 5505 1674 5538 ι
1701 5486 1773 5540 De
1793 5501 1855 5541 co
1877 5500 2004 5542 vero

516 5633 558 5666 δ’
592 5631 728 5687 Ρε·ιΙ.
770 5647 954 5692 tum.
989 5635 1135 5686 9-122.
1213 5635 1255 5665 "’
1293 5637 1423 5690 Ιὶοιιι
1487 5655 1536 5701 x,
1572 5639 1622 5691 4.

2111 3208 2414 3280 ἔμπροσθεν
2442 3210 2611 3278 αὐτῆς
2636 3225 2649 3238 ο
2681 3205 2951 3272 ἐξέτεινας
2980 3206 3048 3260 τὰ
3073 3207 3326 3277 κλήματα
3373 3206 3542 3276 αὐτῆς
3582 3207 3689 3270 ἓως

2113 3301 2409 3369 θαλάσσης,
2458 3299 2552 3352 καὶ
2585 3299 2689 3362 ἕως
2733 3299 2992 3368 ποταμῶν
3030 3297 3388 3370 παραφυάδας
3425 3298 3613 3366 αὐτῆς.
3661 3317 3682 3349 ι

2112 3393 2305 3460 Γέγονε
2339 3391 2470 3462 γὰρ,
2503 3389 2578 3453 ὡς
2609 3391 2894 3460 προφήτης
2922 3389 3085 3458 φησιν
3127 3389 3414 3460 Ἱερεμίας,
3445 3388 3690 3458 ἄμπελος

2112 3479 2526 3553 εὐκληματοῦσα
2579 3480 2816 3551 Ἰσραὴλ,
2859 3481 2954 3533 καὶ
2985 3483 3013 3534 ὁ
3059 3480 3271 3551 καρπὸς
3317 3480 3559 3551 εὐθηνῶν
3587 3479 3691 3533 αὐ-

2110 3576 2229 3644 τῆς.
2272 3574 2432 3627 Ἀλλά
2464 3572 2719 3643 τετάχασι
2771 3573 2867 3641 μὲν
2915 3573 2994 3636 εἰς
3022 3574 3302 3642 γεωργοὺς
3346 3573 3394 3625 oi
3429 3572 3690 3642 καθηγεῖ-

2115 3666 2236 3718 σθαι
2283 3665 2577 3736 λαχόντες·
2612 3663 2906 3735 ὴδικήκασι
2950 3663 3006 3715 δὲ
3055 3663 3226 3727 οὕτως
3255 3663 3553 3734 ἀμπελῶνα
3593 3664 3688 3718 τὸν

2113 3758 2447 3821 δεσποτικὸν,
2477 3756 2551 3820 ὡς
2567 3758 2645 3819 εἰς
2661 3756 2806 3809 ἆπαν
2826 3754 2924 3826 ἤδη
2950 3755 3042 3808 καὶ
3065 3754 3450 3824 ἐμπεπρῆσθαι
3485 3755 3685 3810 δοκεῖν.

2113 3850 2329 3919 Ταύτην
2357 3843 2449 3902 οὗν
2492 3847 2600 3916 ἄρα
2622 3845 2720 3917 τὴν
2754 3845 2934 3899 αἰτίαν
2960 3846 3119 3907 αὐτὸς
3146 3849 3433 3916 ποιήσεται
3471 3846 3645 3909 λέγων
3666 3863 3681 3877 ·

2125 3939 2312 4008 Ὑμεῖς
2367 3936 2425 3989 δὲ
2465 3935 2516 3987 τί
2564 3935 2918 4004 ἐνεπνρίσατε
2961 3933 3048 3987 τὸν
3078 3934 3374 4005 ἁμπελῶνά
3404 3951 3540 4004 μου;
3575 3934 3686 3999 Οὓς

2112 4030 2220 4099 γὰρ
2248 4024 2316 4098 ἦν
2345 4027 2490 4090 εἰκὸς
2529 4026 2624 4081 καὶ
2667 4025 3050 4097 εὐτελεστέραν
3087 4027 3404 4095 ἀποφαίνειν
3432 4030 3526 4094 τὴν
3555 4043 3684 4096 νοη-

2111 4120 2211 4191 τὴν
2237 4119 2449 4189 ἐκείνην
2479 4118 2572 4170 καὶ
2599 4115 3044 4188 εὐκληματοῦσαν
3073 4117 3333 4186 ἄμπελον,
3364 4116 3506 4170 τοῦτ’
3544 4117 3685 4184 ἐστι,

2111 4209 2202 4262 τον
2243 4208 2475 4280 Ἰσραὴλ,
2503 4201 2647 4261 οὗτοι
2694 4208 3058 4277 κατεκόμισαν
3098 4209 3178 4270 εἰς
3219 4209 3498 4279 ἐρήμωσιν
3547 4224 3686 4260 παν-

2111 4301 2262 4372 τελῆ,
2284 4297 2346 4369 gr,
2357 4301 2453 4371 ράν
2474 4316 2533 4352 τε
2561 4299 2654 4352 καὶ
2672 4297 2942 4369 ἄχρηστον
2964 4297 3296 4350 ἀπετέλεσαν
3323 4298 3400 4367 τῷ
3423 4298 3680 4368 δεσπότῃ.

2125 4393 2559 4465 Ἔμπεπύρισται
2589 4392 2647 4446 δὲ
2676 4391 2853 4446 τοίνυν
2882 4392 3011 4460 παρ’
3038 4384 3112 4444 ὧν
3152 4390 3296 4454 εἰκὸς
3325 4387 3392 4462 ἦν
3420 4389 3685 4461 εὔδοτρυν

2115 4484 2332 4539 ἔσεσθαι
2357 4485 2452 4538 καὶ
2484 4485 2714 4556 καρποῖς
2735 4482 3020 4554 διαϐρυθῆ,
3060 4482 3152 4536 καὶ
3196 4482 3396 4545 παντὸς
3424 4481 3684 4535 ἐπέκεινα

2114 4577 2364 4646 βλάϐους.
2418 4577 2552 4630 Τίνα
2602 4577 2662 4630 δὲ
2702 4576 2904 4647 τρόπον
2947 4575 3250 4646 ἐμπυρίσαι
3299 4573 3552 4642 λέγονται
3589 4574 3683 4627 τον

2111 4667 2299 4738 νοητὸν
2330 4666 2658 4736 ἀμπελῶνα,
2700 4665 2816 4728 πῶς
2847 4666 2948 4718 οὐκ
2977 4664 3127 4730 ἄξιον
3181 4663 3340 4728 ίδείνς
3399 4663 3545 4716 Ἔδει
3581 4663 3682 4732 μὲν

2112 4757 2222 4828 γὰρ
2247 4757 2308 4812 τὸ
2341 4755 2715 4810 διδασκαλικὸν
2745 4756 2964 4827 ἔχοντας
3007 4754 3363 4826 ἐπιτήδευμα,
3399 4756 3492 4808 καὶ
3518 4753 3682 4823 νόμον

2112 4850 2315 4912 εἰδότας
2367 4849 2458 4900 τὸν
2512 4849 2593 4911 είς
2632 4848 2739 4901 πᾶν
2794 4845 2971 4900 ὁτιοῦν
3006 4845 3350 4917 ἀποφέροντα
3392 4828 3507 4899 ’τῶν
3554 4845 3683 4916 ἀρε-

2113 4942 2350 4996 σκόντων
2380 4939 2519 5011 Θεῷ,
2551 4942 2648 4995 καὶ
2691 4939 2796 5012 πρό
2839 4956 2904 5008 γε
2955 4940 3062 4993 τῶν
3112 4939 3288 4994 ἄλλων
3333 4937 3682 5009 ἐννομώτατά

2109 5029 2392 5102 τεηδιαζῇν
2443 5032 2662 5096 αὐτοὺς,
2711 5031 2804 5085 καὶ
2845 5033 2958 5095 τοῖς
2998 5033 3080 5096 εἰς
3126 5031 3468 5100 δικαιοσύνην
3503 5030 3672 5100 αὐχή-

2114 5141 2279 5196 μασιν
2305 5119 2361 5177 εὗ
2399 5122 2544 5194 μάλα
2571 5121 3094 5189 κατακαλλύνεσθαι,
3117 5122 3257 5178 ὥστε
3278 5123 3374 5192 τῆς
3401 5119 3687 5189 ἐξαιρέτου

2113 5213 2258 5284 ζωῆς
2289 5213 2458 5266 τύπον
2487 5213 2676 5285 ὥσπερ
2715 5214 2837 5268 τινὰ
2886 5213 2980 5267 καὶ⁸
3015 5213 3197 5266 εἰκόνα
3226 5211 3335 5264 τῶν
3377 5209 3472 5263 ὑπι
3521 5211 3682 5280 νείρα

2111 5305 2254 5358 λαῶν
2282 5305 2372 5358 τὸν
2403 5305 2580 5360 αὐτῶν
2602 5305 2854 5374 γενέσθαι
2892 5306 3024 5375 βίον.
3063 5301 3193 5357 Εἶτα
3215 5302 3349 5371 πρὸς
3378 5298 3552 5370 τούτῳ
3585 5301 3678 5353 καὶ

2109 5397 2231 5459 ταῖς
2259 5396 2322 5448 ἐκ
2344 5395 2507 5466 νόμου
2538 5396 2934 5464 παιδαγωγίαις
2959 5391 3312 5463 ἀποκομίζειν
3333 5389 3524 5462 ἧθελον
3550 5389 3676 5452 τοὺς

2112 5485 2548 5558 ὑπεζευγμένους
2588 5487 2724 5557 πρὸς
2773 5487 2894 5540 πᾶν,
2927 5484 3102 5538 ὁτιοῦν
3150 5483 3258 5536 τῶν
3305 5480 3545 5551 ἀγαθῶν,
3583 5478 3676 5534 καὶ
