  <div class='ocr_page' id='page_1' title='image "/cluster/home/n/w/nwhite01/storage/ocr_20150623/70/hvd.32044073501991/065.png"; bbox 0 0 4032 6214; ppageno 0'>
   <div class='ocr_carea' id='block_1_1' title="bbox 461 297 556 354">
    <p class='ocr_par' dir='ltr' id='par_1_1' title="bbox 461 297 556 354">
     <span class='ocr_line' id='line_1_1' title="bbox 461 297 556 354; baseline 0.042 -4"><span class='ocrx_word' id='word_1_1' title='bbox 461 297 556 354; x_wconf 79' lang='lat' dir='ltr'><strong>H9</strong></span> 
     </span>
    </p>
   </div>
   <div class='ocr_carea' id='block_1_2' title="bbox 1478 297 2711 378">
    <p class='ocr_par' dir='ltr' id='par_1_2' title="bbox 1478 297 2711 378">
     <span class='ocr_line' id='line_1_2' title="bbox 1478 297 2711 378; baseline 0.01 -14"><span class='ocrx_word' id='word_1_2' title='bbox 1478 310 1534 365; x_wconf 91' lang='lat' dir='ltr'><strong>s.</strong></span> <span class='ocrx_word' id='word_1_3' title='bbox 1580 311 1853 366; x_wconf 59' lang='lat' dir='ltr'><strong>cvnmu</strong></span> <span class='ocrx_word' id='word_1_4' title='bbox 1876 297 2361 373; x_wconf 53' lang='lat' dir='ltr'><strong>Maxumum</strong></span> <span class='ocrx_word' id='word_1_5' title='bbox 2396 320 2711 378; x_wconf 80' lang='lat' dir='ltr'><strong>ARCHIEP.</strong></span> 
     </span>
    </p>
   </div>
   <div class='ocr_carea' id='block_1_3' title="bbox 3595 324 3691 380">
    <p class='ocr_par' dir='ltr' id='par_1_3' title="bbox 3595 324 3691 380">
     <span class='ocr_line' id='line_1_3' title="bbox 3595 324 3691 380; baseline 0 -1"><span class='ocrx_word' id='word_1_6' title='bbox 3595 324 3691 380; x_wconf 70' lang='lat'><strong>120</strong></span> 
     </span>
    </p>
   </div>
   <div class='ocr_carea' id='block_1_4' title="bbox 457 408 2013 508">
    <p class='ocr_par' dir='ltr' id='par_1_4' title="bbox 457 408 2013 493">
     <span class='ocr_line' id='line_1_4' title="bbox 457 408 2013 493; baseline 0.013 -32"><span class='ocrx_word' id='word_1_7' title='bbox 457 408 601 464; x_wconf 74' lang='lat' dir='ltr'><strong>vitiis</strong></span> <span class='ocrx_word' id='word_1_8' title='bbox 624 408 987 478; x_wconf 78' lang='lat' dir='ltr'><strong>luxuriantes,</strong></span> <span class='ocrx_word' id='word_1_9' title='bbox 1017 416 1133 471; x_wconf 85' lang='lat' dir='ltr'><strong>auri</strong></span> <span class='ocrx_word' id='word_1_10' title='bbox 1165 428 1219 473; x_wconf 90' lang='lat' dir='ltr'><strong>et</strong></span> <span class='ocrx_word' id='word_1_11' title='bbox 1243 418 1477 491; x_wconf 76' lang='lat' dir='ltr'><strong>lapidum</strong></span> <span class='ocrx_word' id='word_1_12' title='bbox 1501 424 1789 493; x_wconf 81' lang='lat' dir='ltr'><strong>splendore</strong></span> <span class='ocrx_word' id='word_1_13' title='bbox 1816 426 2013 481; x_wconf 84' lang='lat' dir='ltr'><strong>insole-</strong></span> 
     </span>
    </p>
   </div>
   <div class='ocr_carea' id='block_1_5' title="bbox 2115 408 3694 508">
    <p class='ocr_par' dir='ltr' id='par_1_5' title="bbox 2122 426 3694 508">
     <span class='ocr_line' id='line_1_5' title="bbox 2122 426 3694 508; baseline 0.006 -25"><span class='ocrx_word' id='word_1_14' title='bbox 2122 426 2189 501; x_wconf 82' lang='grc' dir='ltr'>ἦν</span> <span class='ocrx_word' id='word_1_15' title='bbox 2209 432 2438 504; x_wconf 78' lang='grc' dir='ltr'>ἀριθμὸς</span> <span class='ocrx_word' id='word_1_16' title='bbox 2465 435 2572 488; x_wconf 87' lang='grc' dir='ltr'><strong>τῶν</strong></span> <span class='ocrx_word' id='word_1_17' title='bbox 2600 434 2886 508; x_wconf 87' lang='grc' dir='ltr'>θησαυρῶν</span> <span class='ocrx_word' id='word_1_18' title='bbox 2906 436 3106 491; x_wconf 85' lang='grc' dir='ltr'>αὐτῶν.</span> <span class='ocrx_word' id='word_1_19' title='bbox 3133 431 3269 490; x_wconf 78' lang='grc' dir='ltr'>Εἶτα</span> <span class='ocrx_word' id='word_1_20' title='bbox 3297 435 3573 491; x_wconf 75' lang='grc' dir='ltr'>συνέϐαινε</span> <span class='ocrx_word' id='word_1_21' title='bbox 3596 440 3694 503; x_wconf 82' lang='grc' dir='ltr'><strong>τάς</strong></span> 
     </span>
    </p>
   </div>
   <div class='ocr_carea' id='block_1_6' title="bbox 456 507 2018 587">
    <p class='ocr_par' dir='ltr' id='par_1_6' title="bbox 456 507 2018 587">
     <span class='ocr_line' id='line_1_6' title="bbox 456 507 2018 587; baseline 0.012 -33"><span class='ocrx_word' id='word_1_22' title='bbox 456 515 708 568; x_wconf 74' lang='lat' dir='ltr'><strong>scere,ac</strong></span> <span class='ocrx_word' id='word_1_23' title='bbox 740 514 880 576; x_wconf 83' lang='lat' dir='ltr'><strong>toga,</strong></span> <span class='ocrx_word' id='word_1_24' title='bbox 908 507 1152 578; x_wconf 82' lang='lat' dir='ltr'><strong>stolaque</strong></span> <span class='ocrx_word' id='word_1_25' title='bbox 1178 512 1477 582; x_wconf 82' lang='lat' dir='ltr'><strong>variegata,</strong></span> <span class='ocrx_word' id='word_1_26' title='bbox 1505 517 1788 585; x_wconf 87' lang='lat' dir='ltr'><strong>cultusque</strong></span> <span class='ocrx_word' id='word_1_27' title='bbox 1809 518 2018 587; x_wconf 80' lang='lat' dir='ltr'><strong>magni-</strong></span> 
     </span>
    </p>
   </div>
   <div class='ocr_carea' id='block_1_7' title="bbox 457 592 2020 676">
    <p class='ocr_par' dir='ltr' id='par_1_7' title="bbox 457 592 2020 676">
     <span class='ocr_line' id='line_1_7' title="bbox 457 592 2020 676; baseline 0.012 -30"><span class='ocrx_word' id='word_1_28' title='bbox 457 592 672 649; x_wconf 77' lang='lat' dir='ltr'><strong>licentia</strong></span> <span class='ocrx_word' id='word_1_29' title='bbox 693 598 922 651; x_wconf 89' lang='lat' dir='ltr'><strong>multum</strong></span> <span class='ocrx_word' id='word_1_30' title='bbox 939 600 1234 658; x_wconf 81' lang='lat' dir='ltr'><strong>exsultare.</strong></span> <span class='ocrx_word' id='word_1_31' title='bbox 1268 602 1364 657; x_wconf 83' lang='lat' dir='ltr'><strong>Est</strong></span> <span class='ocrx_word' id='word_1_32' title='bbox 1386 606 1529 660; x_wconf 88' lang='lat' dir='ltr'><strong>enim</strong></span> <span class='ocrx_word' id='word_1_33' title='bbox 1555 621 1726 676; x_wconf 86' lang='lat' dir='ltr'><strong>genus</strong></span> <span class='ocrx_word' id='word_1_34' title='bbox 1757 608 2020 665; x_wconf 81' lang='lat' dir='ltr'><strong>muliebre</strong></span> 
     </span>
    </p>
   </div>
   <div class='ocr_carea' id='block_1_8' title="bbox 456 688 2014 771">
    <p class='ocr_par' dir='ltr' id='par_1_8' title="bbox 456 688 2014 771">
     <span class='ocr_line' id='line_1_8' title="bbox 456 688 2014 771; baseline 0.01 -33"><span class='ocrx_word' id='word_1_35' title='bbox 456 688 617 741; x_wconf 89' lang='lat' dir='ltr'><strong>rebus</strong></span> <span class='ocrx_word' id='word_1_36' title='bbox 655 690 932 759; x_wconf 80' lang='lat' dir='ltr'><strong>prosperis</strong></span> <span class='ocrx_word' id='word_1_37' title='bbox 976 701 1028 745; x_wconf 87' lang='lat' dir='ltr'><strong>et</strong></span> <span class='ocrx_word' id='word_1_38' title='bbox 1075 690 1392 750; x_wconf 77' lang='lat' dir='ltr'><strong>ﬂorentibus</strong></span> <span class='ocrx_word' id='word_1_39' title='bbox 1441 698 1841 766; x_wconf 89' lang='lat' dir='ltr'><strong>quodammodo</strong></span> <span class='ocrx_word' id='word_1_40' title='bbox 1898 699 2014 771; x_wconf 85' lang='lat' dir='ltr'><strong>glo-</strong></span> 
     </span>
    </p>
   </div>
   <div class='ocr_carea' id='block_1_9' title="bbox 456 777 2022 859">
    <p class='ocr_par' dir='ltr' id='par_1_9' title="bbox 456 777 2022 859">
     <span class='ocr_line' id='line_1_9' title="bbox 456 777 2022 859; baseline 0.011 -32"><span class='ocrx_word' id='word_1_41' title='bbox 456 777 660 830; x_wconf 90' lang='lat' dir='ltr'><strong>riosum</strong></span> <span class='ocrx_word' id='word_1_42' title='bbox 695 786 751 831; x_wconf 90' lang='lat' dir='ltr'><strong>et</strong></span> <span class='ocrx_word' id='word_1_43' title='bbox 783 781 1268 851; x_wconf 87' lang='lat' dir='ltr'><strong>ostentabundum,</strong></span> <span class='ocrx_word' id='word_1_44' title='bbox 1325 785 1704 859; x_wconf 83' lang='lat' dir='ltr'><strong>imprimisque</strong></span> <span class='ocrx_word' id='word_1_45' title='bbox 1738 789 2022 859; x_wconf 83' lang='lat' dir='ltr'><strong>splendide</strong></span> 
     </span>
    </p>
   </div>
   <div class='ocr_carea' id='block_1_10' title="bbox 454 867 2016 951">
    <p class='ocr_par' dir='ltr' id='par_1_10' title="bbox 454 867 2016 951">
     <span class='ocr_line' id='line_1_10' title="bbox 454 867 2016 951; baseline 0.01 -32"><span class='ocrx_word' id='word_1_46' title='bbox 454 867 638 922; x_wconf 75' lang='lat' dir='ltr'><strong>vestiri</strong></span> <span class='ocrx_word' id='word_1_47' title='bbox 670 871 843 938; x_wconf 88' lang='lat' dir='ltr'><strong>cupit,</strong></span> <span class='ocrx_word' id='word_1_48' title='bbox 884 885 1018 951; x_wconf 85' lang='lat' dir='ltr'><strong>auro</strong></span> <span class='ocrx_word' id='word_1_49' title='bbox 1043 876 1248 941; x_wconf 88' lang='lat' dir='ltr'><strong>ornari,</strong></span> <span class='ocrx_word' id='word_1_50' title='bbox 1285 876 1487 932; x_wconf 88' lang='lat' dir='ltr'><strong>elatum</strong></span> <span class='ocrx_word' id='word_1_51' title='bbox 1518 881 1869 948; x_wconf 81' lang='lat' dir='ltr'><strong>supercilium</strong></span> <span class='ocrx_word' id='word_1_52' title='bbox 1912 881 2016 934; x_wconf 89' lang='lat' dir='ltr'><strong>tol-</strong></span> 
     </span>
    </p>
   </div>
   <div class='ocr_carea' id='block_1_11' title="bbox 454 952 2020 1042">
    <p class='ocr_par' dir='ltr' id='par_1_11' title="bbox 454 952 2020 1042">
     <span class='ocr_line' id='line_1_11' title="bbox 454 952 2020 1042; baseline 0.009 -32"><span class='ocrx_word' id='word_1_53' title='bbox 454 957 585 1023; x_wconf 83' lang='lat' dir='ltr'><strong>lere,</strong></span> <span class='ocrx_word' id='word_1_54' title='bbox 619 962 868 1031; x_wconf 89' lang='lat' dir='ltr'><strong>corporis</strong></span> <span class='ocrx_word' id='word_1_55' title='bbox 898 963 1243 1024; x_wconf 72' lang='lat' dir='ltr'><strong>formositate</strong></span> <span class='ocrx_word' id='word_1_56' title='bbox 1276 969 1523 1039; x_wconf 84' lang='lat' dir='ltr'><strong>gloriari.</strong></span> <span class='ocrx_word' id='word_1_57' title='bbox 1552 971 1708 1042; x_wconf 60' lang='lat' dir='ltr'><strong>Saepe</strong></span> <span class='ocrx_word' id='word_1_58' title='bbox 1753 952 1918 1037; x_wconf 73' lang='lat' dir='ltr'><strong>etiam</strong></span> <span class='ocrx_word' id='word_1_59' title='bbox 1949 971 2020 1025; x_wconf 92' lang='lat' dir='ltr'><strong>ob</strong></span> 
     </span>
    </p>
   </div>
   <div class='ocr_carea' id='block_1_12' title="bbox 453 1050 2014 1132">
    <p class='ocr_par' dir='ltr' id='par_1_12' title="bbox 453 1050 2014 1132">
     <span class='ocr_line' id='line_1_12' title="bbox 453 1050 2014 1132; baseline 0.01 -30"><span class='ocrx_word' id='word_1_60' title='bbox 453 1050 555 1104; x_wconf 89' lang='lat' dir='ltr'><strong>hoc</strong></span> <span class='ocrx_word' id='word_1_61' title='bbox 582 1051 778 1121; x_wconf 87' lang='lat' dir='ltr'><strong>ipsum,</strong></span> <span class='ocrx_word' id='word_1_62' title='bbox 811 1056 1240 1115; x_wconf 74' lang='lat' dir='ltr'><strong>cohabitantium</strong></span> <span class='ocrx_word' id='word_1_63' title='bbox 1272 1062 1384 1132; x_wconf 78' lang='lat'><strong>68</strong></span> <span class='ocrx_word' id='word_1_64' title='bbox 1415 1063 1628 1117; x_wconf 86' lang='lat' dir='ltr'><strong>animus</strong></span> <span class='ocrx_word' id='word_1_65' title='bbox 1667 1064 2014 1129; x_wconf 84' lang='lat' dir='ltr'><strong>intumescit,</strong></span> 
     </span>
    </p>
   </div>
   <div class='ocr_carea' id='block_1_13' title="bbox 453 1143 2017 1211">
    <p class='ocr_par' dir='ltr' id='par_1_13' title="bbox 453 1143 2017 1211">
     <span class='ocr_line' id='line_1_13' title="bbox 453 1143 2017 1211; baseline 0.011 -19"><span class='ocrx_word' id='word_1_66' title='bbox 453 1154 520 1193; x_wconf 82' lang='lat' dir='ltr'><strong>ac</strong></span> <span class='ocrx_word' id='word_1_67' title='bbox 571 1143 792 1211; x_wconf 86' lang='lat' dir='ltr'><strong>quidam</strong></span> <span class='ocrx_word' id='word_1_68' title='bbox 843 1146 945 1202; x_wconf 88' lang='lat' dir='ltr'><strong>sibi</strong></span> <span class='ocrx_word' id='word_1_69' title='bbox 1005 1148 1148 1205; x_wconf 85' lang='lat' dir='ltr'><strong>laudi</strong></span> <span class='ocrx_word' id='word_1_70' title='bbox 1181 1152 1383 1208; x_wconf 90' lang='lat' dir='ltr'><strong>ducunt</strong></span> <span class='ocrx_word' id='word_1_71' title='bbox 1431 1169 1658 1209; x_wconf 81' lang='lat' dir='ltr'><strong>uxorum</strong></span> <span class='ocrx_word' id='word_1_72' title='bbox 1710 1155 2017 1210; x_wconf 84' lang='lat' dir='ltr'><strong>mollitiem.</strong></span> 
     </span>
    </p>
   </div>
   <div class='ocr_carea' id='block_1_14' title="bbox 454 1229 2016 1301">
    <p class='ocr_par' dir='ltr' id='par_1_14' title="bbox 454 1229 2016 1301">
     <span class='ocr_line' id='line_1_14' title="bbox 454 1229 2016 1301; baseline 0.01 -16"><span class='ocrx_word' id='word_1_73' title='bbox 454 1229 569 1287; x_wconf 75' lang='lat' dir='ltr'><strong>[loc</strong></span> <span class='ocrx_word' id='word_1_74' title='bbox 620 1232 872 1291; x_wconf 82' lang='lat' dir='ltr'><strong>fortassis</strong></span> <span class='ocrx_word' id='word_1_75' title='bbox 935 1240 1125 1295; x_wconf 91' lang='lat' dir='ltr'><strong>morbo</strong></span> <span class='ocrx_word' id='word_1_76' title='bbox 1172 1241 1350 1298; x_wconf 85' lang='lat' dir='ltr'><strong>al&#39;l&#39;ecti</strong></span> <span class='ocrx_word' id='word_1_77' title='bbox 1420 1245 1640 1300; x_wconf 82' lang='lat' dir='ltr'><strong>fuerunt</strong></span> <span class='ocrx_word' id='word_1_78' title='bbox 1708 1245 2016 1301; x_wconf 74' lang='lat' dir='ltr'><strong>Judmorum</strong></span> 
     </span>
    </p>
   </div>
   <div class='ocr_carea' id='block_1_15' title="bbox 452 1325 2021 1403">
    <p class='ocr_par' dir='ltr' id='par_1_15' title="bbox 452 1325 2021 1403">
     <span class='ocr_line' id='line_1_15' title="bbox 452 1325 2021 1403; baseline 0.013 -31"><span class='ocrx_word' id='word_1_79' title='bbox 452 1336 727 1390; x_wconf 86' lang='lat' dir='ltr'><strong>proceres,</strong></span> <span class='ocrx_word' id='word_1_80' title='bbox 763 1325 889 1381; x_wconf 89' lang='lat' dir='ltr'><strong>dum</strong></span> <span class='ocrx_word' id='word_1_81' title='bbox 917 1329 1170 1403; x_wconf 80' lang='lat' dir='ltr'><strong>pietatem</strong></span> <span class='ocrx_word' id='word_1_82' title='bbox 1204 1348 1326 1403; x_wconf 67' lang='lat' dir='ltr'><strong>qum</strong></span> <span class='ocrx_word' id='word_1_83' title='bbox 1358 1334 1409 1388; x_wconf 88' lang='lat' dir='ltr'><strong>in</strong></span> <span class='ocrx_word' id='word_1_84' title='bbox 1439 1335 1604 1392; x_wconf 90' lang='lat' dir='ltr'><strong>Deum</strong></span> <span class='ocrx_word' id='word_1_85' title='bbox 1637 1345 1720 1392; x_wconf 88' lang='lat' dir='ltr'><strong>est</strong></span> <span class='ocrx_word' id='word_1_86' title='bbox 1753 1339 2021 1393; x_wconf 88' lang='lat' dir='ltr'><strong>haberent</strong></span> 
     </span>
    </p>
   </div>
   <div class='ocr_carea' id='block_1_16' title="bbox 453 1400 2017 1496">
    <p class='ocr_par' dir='ltr' id='par_1_16' title="bbox 453 1400 2017 1496">
     <span class='ocr_line' id='line_1_16' title="bbox 453 1400 2017 1496; baseline 0.012 -31"><span class='ocrx_word' id='word_1_87' title='bbox 453 1413 775 1483; x_wconf 77' lang='lat' dir='ltr'><strong>despicatui.</strong></span> <span class='ocrx_word' id='word_1_88' title='bbox 828 1419 944 1484; x_wconf 87' lang='lat' dir='ltr'><strong>Quo</strong></span> <span class='ocrx_word' id='word_1_89' title='bbox 982 1400 1139 1475; x_wconf 56' lang='lat' dir='ltr'><strong>enim&#39;</strong></span> <span class='ocrx_word' id='word_1_90' title='bbox 1184 1438 1398 1494; x_wconf 82' lang='lat' dir='ltr'><strong>semper</strong></span> <span class='ocrx_word' id='word_1_91' title='bbox 1453 1441 1587 1496; x_wconf 91' lang='lat' dir='ltr'><strong>opes</strong></span> <span class='ocrx_word' id='word_1_92' title='bbox 1629 1429 2017 1483; x_wconf 83' lang='lat' dir='ltr'><strong>subministra-</strong></span> 
     </span>
    </p>
   </div>
   <div class='ocr_carea' id='block_1_17' title="bbox 453 1511 2016 1586">
    <p class='ocr_par' dir='ltr' id='par_1_17' title="bbox 453 1511 2016 1586">
     <span class='ocr_line' id='line_1_17' title="bbox 453 1511 2016 1586; baseline 0.012 -30"><span class='ocrx_word' id='word_1_93' title='bbox 453 1516 686 1574; x_wconf 88' lang='lat' dir='ltr'><strong>rentur,</strong></span> <span class='ocrx_word' id='word_1_94' title='bbox 740 1511 936 1580; x_wconf 89' lang='lat' dir='ltr'><strong>popqu</strong></span> <span class='ocrx_word' id='word_1_95' title='bbox 980 1527 1048 1567; x_wconf 80' lang='lat' dir='ltr'><strong>ex</strong></span> <span class='ocrx_word' id='word_1_96' title='bbox 1108 1517 1421 1586; x_wconf 82' lang='lat' dir='ltr'><strong>praescripto</strong></span> <span class='ocrx_word' id='word_1_97' title='bbox 1480 1516 1791 1586; x_wconf 69' lang='lat' dir='ltr'><strong>oﬂerente,</strong></span> <span class='ocrx_word' id='word_1_98' title='bbox 1855 1521 2016 1575; x_wconf 82' lang='lat' dir='ltr'><strong>ﬁdem</strong></span> 
     </span>
    </p>
   </div>
   <div class='ocr_carea' id='block_1_18' title="bbox 450 1594 2016 1680">
    <p class='ocr_par' dir='ltr' id='par_1_18' title="bbox 450 1594 2016 1680">
     <span class='ocr_line' id='line_1_18' title="bbox 450 1594 2016 1680; baseline 0.012 -32"><span class='ocrx_word' id='word_1_99' title='bbox 450 1594 817 1653; x_wconf 79' lang='lat' dir='ltr'><strong>Christianam</strong></span> <span class='ocrx_word' id='word_1_100' title='bbox 879 1603 1113 1672; x_wconf 73' lang='lat' dir='ltr'><strong>amplexi</strong></span> <span class='ocrx_word' id='word_1_101' title='bbox 1175 1621 1281 1659; x_wconf 90' lang='lat' dir='ltr'><strong>non</strong></span> <span class='ocrx_word' id='word_1_102' title='bbox 1333 1617 1480 1676; x_wconf 89' lang='lat' dir='ltr'><strong>sunt,</strong></span> <span class='ocrx_word' id='word_1_103' title='bbox 1526 1624 1628 1665; x_wconf 89' lang='lat' dir='ltr'><strong>nec</strong></span> <span class='ocrx_word' id='word_1_104' title='bbox 1680 1612 2016 1680; x_wconf 78' lang='lat' dir='ltr'><strong>persuadere</strong></span> 
     </span>
    </p>
   </div>
   <div class='ocr_carea' id='block_1_19' title="bbox 451 1684 2020 1770">
    <p class='ocr_par' dir='ltr' id='par_1_19' title="bbox 451 1684 2020 1770">
     <span class='ocr_line' id='line_1_19' title="bbox 451 1684 2020 1770; baseline 0.01 -33"><span class='ocrx_word' id='word_1_105' title='bbox 451 1684 576 1740; x_wconf 89' lang='lat' dir='ltr'><strong>aliis</strong></span> <span class='ocrx_word' id='word_1_106' title='bbox 624 1687 933 1756; x_wconf 77' lang='lat' dir='ltr'><strong>voluerunt,</strong></span> <span class='ocrx_word' id='word_1_107' title='bbox 989 1708 1209 1762; x_wconf 78' lang='lat' dir='ltr'><strong>regnum</strong></span> <span class='ocrx_word' id='word_1_108' title='bbox 1263 1693 1359 1749; x_wconf 85' lang='lat' dir='ltr'><strong>Dei</strong></span> <span class='ocrx_word' id='word_1_109' title='bbox 1413 1697 1780 1766; x_wconf 86' lang='lat' dir='ltr'><strong>occludentes,</strong></span> <span class='ocrx_word' id='word_1_110' title='bbox 1831 1714 2020 1770; x_wconf 84' lang='lat' dir='ltr'><strong>quem-</strong></span> 
     </span>
    </p>
   </div>
   <div class='ocr_carea' id='block_1_20' title="bbox 2119 523 3695 599">
    <p class='ocr_par' dir='ltr' id='par_1_20' title="bbox 2119 523 3695 599">
     <span class='ocr_line' id='line_1_20' title="bbox 2119 523 3695 599; baseline 0.004 -24"><span class='ocrx_word' id='word_1_111' title='bbox 2119 523 2228 577; x_wconf 90' lang='grc' dir='ltr'><strong>τῶν</strong></span> <span class='ocrx_word' id='word_1_112' title='bbox 2271 527 2329 578; x_wconf 89' lang='grc' dir='ltr'><strong>ἐν</strong></span> <span class='ocrx_word' id='word_1_113' title='bbox 2367 526 2582 598; x_wconf 86' lang='grc' dir='ltr'>πλούτῳ</span> <span class='ocrx_word' id='word_1_114' title='bbox 2605 531 2899 596; x_wconf 85' lang='grc' dir='ltr'>γυναῖκας,</span> <span class='ocrx_word' id='word_1_115' title='bbox 2935 528 3030 581; x_wconf 82' lang='grc' dir='ltr'><strong>άτε</strong></span> <span class='ocrx_word' id='word_1_116' title='bbox 3058 528 3125 598; x_wconf 86' lang='grc' dir='ltr'>δὴ</span> <span class='ocrx_word' id='word_1_117' title='bbox 3144 527 3432 599; x_wconf 83' lang='grc' dir='ltr'>τρυφώσας</span> <span class='ocrx_word' id='word_1_118' title='bbox 3465 529 3695 599; x_wconf 79' lang='grc' dir='ltr'>ἐναϐρύο</span> 
     </span>
    </p>
   </div>
   <div class='ocr_carea' id='block_1_21' title="bbox 2121 616 3694 692">
    <p class='ocr_par' dir='ltr' id='par_1_21' title="bbox 2121 616 3694 692">
     <span class='ocr_line' id='line_1_21' title="bbox 2121 616 3694 692; baseline 0.004 -25"><span class='ocrx_word' id='word_1_119' title='bbox 2121 616 2311 670; x_wconf 88' lang='grc' dir='ltr'>νεσθαι</span> <span class='ocrx_word' id='word_1_120' title='bbox 2345 616 2548 687; x_wconf 79' lang='grc' dir='ltr'><strong>ζητεῖν,</strong></span> <span class='ocrx_word' id='word_1_121' title='bbox 2585 620 2681 672; x_wconf 78' lang='grc' dir='ltr'>καὶ</span> <span class='ocrx_word' id='word_1_122' title='bbox 2708 624 2821 682; x_wconf 87' lang='grc' dir='ltr'>τοῖς</span> <span class='ocrx_word' id='word_1_123' title='bbox 2852 623 2914 673; x_wconf 82' lang='grc' dir='ltr'><strong>ἐκ</strong></span> <span class='ocrx_word' id='word_1_124' title='bbox 2944 620 3169 692; x_wconf 86' lang='grc' dir='ltr'>χρυσίου</span> <span class='ocrx_word' id='word_1_125' title='bbox 3210 621 3305 674; x_wconf 74' lang='grc' dir='ltr'>καὶ</span> <span class='ocrx_word' id='word_1_126' title='bbox 3337 620 3498 673; x_wconf 88' lang='grc' dir='ltr'>λίθων</span> <span class='ocrx_word' id='word_1_127' title='bbox 3524 619 3694 691; x_wconf 80' lang='grc' dir='ltr'>ὡραῖ-</span> 
     </span>
    </p>
   </div>
   <div class='ocr_carea' id='block_1_22' title="bbox 2123 706 3696 781">
    <p class='ocr_par' dir='ltr' id='par_1_22' title="bbox 2123 706 3696 781">
     <span class='ocr_line' id='line_1_22' title="bbox 2123 706 3696 781; baseline 0.003 -25"><span class='ocrx_word' id='word_1_128' title='bbox 2123 709 2300 775; x_wconf 85' lang='grc' dir='ltr'>σμοῖς,</span> <span class='ocrx_word' id='word_1_129' title='bbox 2333 706 2721 777; x_wconf 71' lang='grc' dir='ltr'>ἐπιγάννυσθαι</span> <span class='ocrx_word' id='word_1_130' title='bbox 2762 710 2817 762; x_wconf 78' lang='grc' dir='ltr'>δὲ</span> <span class='ocrx_word' id='word_1_131' title='bbox 2853 710 2971 764; x_wconf 92' lang='grc' dir='ltr'>λίαν</span> <span class='ocrx_word' id='word_1_132' title='bbox 2999 710 3095 763; x_wconf 79' lang='grc' dir='ltr'>καὶ</span> <span class='ocrx_word' id='word_1_133' title='bbox 3130 709 3288 781; x_wconf 78' lang='grc' dir='ltr'>στολῇ</span> <span class='ocrx_word' id='word_1_134' title='bbox 3324 709 3575 780; x_wconf 79' lang='grc' dir='ltr'>ποικίλῃ,</span> <span class='ocrx_word' id='word_1_135' title='bbox 3606 710 3696 763; x_wconf 76' lang='grc' dir='ltr'><strong>καὶ</strong></span> 
     </span>
    </p>
   </div>
   <div class='ocr_carea' id='block_1_23' title="bbox 2120 795 3699 872">
    <p class='ocr_par' dir='ltr' id='par_1_23' title="bbox 2120 795 3699 872">
     <span class='ocr_line' id='line_1_23' title="bbox 2120 795 3699 872; baseline 0.004 -25"><span class='ocrx_word' id='word_1_136' title='bbox 2120 795 2445 867; x_wconf 80' lang='grc' dir='ltr'><strong>ἐσθημάτων</strong></span> <span class='ocrx_word' id='word_1_137' title='bbox 2480 798 2869 866; x_wconf 73' lang='grc' dir='ltr'>πολυτελείαις.</span> <span class='ocrx_word' id='word_1_138' title='bbox 2915 802 3027 854; x_wconf 76' lang='grc' dir='ltr'>Ἀεὶ</span> <span class='ocrx_word' id='word_1_139' title='bbox 3060 801 3170 872; x_wconf 90' lang='grc' dir='ltr'><strong>γάρ</strong></span> <span class='ocrx_word' id='word_1_140' title='bbox 3203 819 3320 864; x_wconf 86' lang='grc' dir='ltr'><strong>πως</strong></span> <span class='ocrx_word' id='word_1_141' title='bbox 3348 801 3409 855; x_wconf 86' lang='grc' dir='ltr'><strong>τὸ</strong></span> <span class='ocrx_word' id='word_1_142' title='bbox 3452 800 3586 870; x_wconf 83' lang='grc' dir='ltr'>θῆλυ</span> <span class='ocrx_word' id='word_1_143' title='bbox 3613 802 3699 869; x_wconf 76' lang='grc' dir='ltr'><strong>γέ-</strong></span> 
     </span>
    </p>
   </div>
   <div class='ocr_carea' id='block_1_24' title="bbox 2119 890 3698 964">
    <p class='ocr_par' dir='ltr' id='par_1_24' title="bbox 2119 890 3698 964">
     <span class='ocr_line' id='line_1_24' title="bbox 2119 890 3698 964; baseline 0.004 -24"><span class='ocrx_word' id='word_1_144' title='bbox 2119 904 2209 951; x_wconf 93' lang='grc' dir='ltr'><strong>νος</strong></span> <span class='ocrx_word' id='word_1_145' title='bbox 2237 890 2294 944; x_wconf 80' lang='grc' dir='ltr'><strong>ἐν</strong></span> <span class='ocrx_word' id='word_1_146' title='bbox 2342 893 2462 954; x_wconf 89' lang='grc' dir='ltr'>ταῖς</span> <span class='ocrx_word' id='word_1_147' title='bbox 2502 890 2640 960; x_wconf 85' lang='grc' dir='ltr'>ἄγαν</span> <span class='ocrx_word' id='word_1_148' title='bbox 2691 893 3012 964; x_wconf 82' lang='grc' dir='ltr'><strong>εὐημερίαις</strong></span> <span class='ocrx_word' id='word_1_149' title='bbox 3046 892 3319 964; x_wconf 75' lang='grc' dir='ltr'>φιλόδοξόν</span> <span class='ocrx_word' id='word_1_150' title='bbox 3347 892 3405 946; x_wconf 84' lang='grc' dir='ltr'><strong>τέ</strong></span> <span class='ocrx_word' id='word_1_151' title='bbox 3437 896 3550 946; x_wconf 89' lang='grc' dir='ltr'>ἐστι</span> <span class='ocrx_word' id='word_1_152' title='bbox 3598 894 3698 947; x_wconf 83' lang='grc' dir='ltr'>καὶ</span> 
     </span>
    </p>
   </div>
   <div class='ocr_carea' id='block_1_25' title="bbox 2122 980 3699 1055">
    <p class='ocr_par' dir='ltr' id='par_1_25' title="bbox 2122 980 3699 1055">
     <span class='ocr_line' id='line_1_25' title="bbox 2122 980 3699 1055; baseline 0.006 -24"><span class='ocrx_word' id='word_1_153' title='bbox 2122 980 2599 1049; x_wconf 80' lang='grc' dir='ltr'>φιλεπιδεικτικόν.</span> <span class='ocrx_word' id='word_1_154' title='bbox 2634 984 2861 1038; x_wconf 77' lang='grc' dir='ltr'><strong>Ἥδιστα</strong></span> <span class='ocrx_word' id='word_1_155' title='bbox 2891 985 2947 1038; x_wconf 85' lang='grc' dir='ltr'><strong>δέ</strong></span> <span class='ocrx_word' id='word_1_156' title='bbox 2971 984 3090 1037; x_wconf 90' lang='grc' dir='ltr'>λίαν</span> <span class='ocrx_word' id='word_1_157' title='bbox 3121 986 3420 1055; x_wconf 87' lang='grc' dir='ltr'>εὐῖματεῖς,</span> <span class='ocrx_word' id='word_1_158' title='bbox 3450 986 3544 1038; x_wconf 75' lang='grc' dir='ltr'>καὶ</span> <span class='ocrx_word' id='word_1_159' title='bbox 3576 985 3699 1055; x_wconf 81' lang='grc' dir='ltr'>μέν·-</span> 
     </span>
    </p>
   </div>
   <div class='ocr_carea' id='block_1_26' title="bbox 2119 1074 3696 1146">
    <p class='ocr_par' dir='ltr' id='par_1_26' title="bbox 2119 1074 3696 1146">
     <span class='ocr_line' id='line_1_26' title="bbox 2119 1074 3696 1146; baseline 0.003 -22"><span class='ocrx_word' id='word_1_160' title='bbox 2119 1088 2201 1125; x_wconf 87' lang='grc' dir='ltr'><strong>τοι</strong></span> <span class='ocrx_word' id='word_1_161' title='bbox 2272 1074 2365 1126; x_wconf 75' lang='grc' dir='ltr'>καὶ</span> <span class='ocrx_word' id='word_1_162' title='bbox 2430 1075 2802 1144; x_wconf 76' lang='grc' dir='ltr'>χρυσαῖζεται,</span> <span class='ocrx_word' id='word_1_163' title='bbox 2861 1076 2956 1129; x_wconf 72' lang='grc' dir='ltr'>καὶ</span> <span class='ocrx_word' id='word_1_164' title='bbox 3008 1074 3217 1146; x_wconf 74' lang='grc' dir='ltr'>ὑψηλὴν</span> <span class='ocrx_word' id='word_1_165' title='bbox 3278 1074 3535 1129; x_wconf 82' lang='grc' dir='ltr'><strong>ἀνασπῶν</strong></span> <span class='ocrx_word' id='word_1_166' title='bbox 3596 1076 3696 1145; x_wconf 80' lang='grc' dir='ltr'>τὴν</span> 
     </span>
    </p>
   </div>
   <div class='ocr_carea' id='block_1_27' title="bbox 2119 1162 3697 1237">
    <p class='ocr_par' dir='ltr' id='par_1_27' title="bbox 2119 1162 3697 1237">
     <span class='ocr_line' id='line_1_27' title="bbox 2119 1162 3697 1237; baseline 0.001 -22"><span class='ocrx_word' id='word_1_167' title='bbox 2119 1162 2313 1235; x_wconf 82' lang='grc' dir='ltr'>ὀφρὺν,</span> <span class='ocrx_word' id='word_1_168' title='bbox 2353 1165 2583 1236; x_wconf 83' lang='grc' dir='ltr'>ἐπαυχεῖ</span> <span class='ocrx_word' id='word_1_169' title='bbox 2612 1168 2679 1237; x_wconf 77' lang='grc' dir='ltr'>τῇ</span> <span class='ocrx_word' id='word_1_170' title='bbox 2707 1165 2799 1219; x_wconf 75' lang='grc' dir='ltr'>τοῦ</span> <span class='ocrx_word' id='word_1_171' title='bbox 2829 1165 3080 1236; x_wconf 81' lang='grc' dir='ltr'>σώματος</span> <span class='ocrx_word' id='word_1_172' title='bbox 3109 1165 3249 1237; x_wconf 73' lang='grc' dir='ltr'>ὥρᾳ.</span> <span class='ocrx_word' id='word_1_173' title='bbox 3277 1165 3385 1229; x_wconf 82' lang='grc' dir='ltr'><strong>Καὶ</strong></span> <span class='ocrx_word' id='word_1_174' title='bbox 3427 1165 3513 1218; x_wconf 82' lang='grc' dir='ltr'>ἐπ’</span> <span class='ocrx_word' id='word_1_175' title='bbox 3543 1165 3697 1235; x_wconf 83' lang='grc' dir='ltr'><strong>αὐτῷ</strong></span> 
     </span>
    </p>
   </div>
   <div class='ocr_carea' id='block_1_28' title="bbox 2120 1254 3697 1327">
    <p class='ocr_par' dir='ltr' id='par_1_28' title="bbox 2120 1254 3697 1327">
     <span class='ocr_line' id='line_1_28' title="bbox 2120 1254 3697 1327; baseline 0 -19"><span class='ocrx_word' id='word_1_176' title='bbox 2120 1254 2183 1327; x_wconf 79' lang='grc' dir='ltr'>δὴ</span> <span class='ocrx_word' id='word_1_177' title='bbox 2231 1255 2404 1327; x_wconf 79' lang='grc' dir='ltr'>τούτῳ</span> <span class='ocrx_word' id='word_1_178' title='bbox 2454 1257 2772 1321; x_wconf 73' lang='grc' dir='ltr'><strong>πλειστάκις</strong></span> <span class='ocrx_word' id='word_1_179' title='bbox 2818 1260 2877 1309; x_wconf 76' lang='grc' dir='ltr'><strong>τὸ</strong></span> <span class='ocrx_word' id='word_1_180' title='bbox 2913 1257 3022 1310; x_wconf 87' lang='grc' dir='ltr'><strong>τῶν</strong></span> <span class='ocrx_word' id='word_1_181' title='bbox 3062 1257 3452 1310; x_wconf 80' lang='grc' dir='ltr'>συνοικούντων</span> <span class='ocrx_word' id='word_1_182' title='bbox 3503 1257 3697 1319; x_wconf 78' lang='grc' dir='ltr'>αὐταῖς</span> 
     </span>
    </p>
   </div>
   <div class='ocr_carea' id='block_1_29' title="bbox 2120 1345 3690 1419">
    <p class='ocr_par' dir='ltr' id='par_1_29' title="bbox 2120 1345 3690 1419">
     <span class='ocr_line' id='line_1_29' title="bbox 2120 1345 3690 1419; baseline 0.002 -20"><span class='ocrx_word' id='word_1_183' title='bbox 2120 1345 2437 1415; x_wconf 83' lang='grc' dir='ltr'>ἐξογκοῦται</span> <span class='ocrx_word' id='word_1_184' title='bbox 2464 1348 2719 1419; x_wconf 79' lang='grc' dir='ltr'>φρόνημα</span> <span class='ocrx_word' id='word_1_185' title='bbox 2738 1366 2752 1379; x_wconf 76' lang='grc' dir='ltr'><strong>ο</strong></span> <span class='ocrx_word' id='word_1_186' title='bbox 2778 1351 2873 1402; x_wconf 74' lang='grc' dir='ltr'>καὶ</span> <span class='ocrx_word' id='word_1_187' title='bbox 2897 1348 3054 1416; x_wconf 83' lang='grc' dir='ltr'>δόξαν</span> <span class='ocrx_word' id='word_1_188' title='bbox 3078 1350 3214 1403; x_wconf 74' lang='grc' dir='ltr'>ἰδίαν</span> <span class='ocrx_word' id='word_1_189' title='bbox 3245 1350 3524 1404; x_wconf 75' lang='grc' dir='ltr'>ποιοῦνταί</span> <span class='ocrx_word' id='word_1_190' title='bbox 3543 1367 3690 1413; x_wconf 85' lang='grc' dir='ltr'>τινες</span> 
     </span>
    </p>
   </div>
   <div class='ocr_carea' id='block_1_30' title="bbox 2118 1436 3695 1511">
    <p class='ocr_par' dir='ltr' id='par_1_30' title="bbox 2118 1436 3695 1511">
     <span class='ocr_line' id='line_1_30' title="bbox 2118 1436 3695 1511; baseline 0.001 -20"><span class='ocrx_word' id='word_1_191' title='bbox 2118 1436 2218 1508; x_wconf 81' lang='grc' dir='ltr'>τὴν</span> <span class='ocrx_word' id='word_1_192' title='bbox 2239 1438 2347 1491; x_wconf 87' lang='grc' dir='ltr'><strong>τῶν</strong></span> <span class='ocrx_word' id='word_1_193' title='bbox 2375 1438 2649 1507; x_wconf 87' lang='grc' dir='ltr'>γυναικῶν</span> <span class='ocrx_word' id='word_1_194' title='bbox 2671 1438 2964 1509; x_wconf 80' lang='grc' dir='ltr'>ἐξιτηλίαν.</span> <span class='ocrx_word' id='word_1_195' title='bbox 2989 1439 3162 1493; x_wconf 80' lang='grc' dir='ltr'>Τοῦτο</span> <span class='ocrx_word' id='word_1_196' title='bbox 3190 1439 3331 1511; x_wconf 83' lang='grc' dir='ltr'>τάχα</span> <span class='ocrx_word' id='word_1_197' title='bbox 3362 1440 3695 1494; x_wconf 78' lang='grc' dir='ltr'>πεπόνθασιν</span> 
     </span>
    </p>
   </div>
   <div class='ocr_carea' id='block_1_31' title="bbox 2120 1526 3695 1600">
    <p class='ocr_par' dir='ltr' id='par_1_31' title="bbox 2120 1526 3695 1600">
     <span class='ocr_line' id='line_1_31' title="bbox 2120 1526 3695 1600; baseline 0.003 -21"><span class='ocrx_word' id='word_1_198' title='bbox 2120 1527 2170 1579; x_wconf 86' lang='grc' dir='ltr'><strong>οί</strong></span> <span class='ocrx_word' id='word_1_199' title='bbox 2202 1526 2308 1581; x_wconf 90' lang='grc' dir='ltr'><strong>τῶν</strong></span> <span class='ocrx_word' id='word_1_200' title='bbox 2353 1527 2619 1580; x_wconf 73' lang='grc' dir='ltr'>Ἰουδαίων</span> <span class='ocrx_word' id='word_1_201' title='bbox 2667 1528 2934 1600; x_wconf 69' lang='grc' dir='ltr'>λαμπροὶ,</span> <span class='ocrx_word' id='word_1_202' title='bbox 2966 1529 3063 1598; x_wconf 73' lang='grc' dir='ltr'>τῆς</span> <span class='ocrx_word' id='word_1_203' title='bbox 3104 1532 3184 1593; x_wconf 79' lang='grc' dir='ltr'><strong>εἰς</strong></span> <span class='ocrx_word' id='word_1_204' title='bbox 3234 1529 3365 1583; x_wconf 86' lang='grc' dir='ltr'>Θεὸν</span> <span class='ocrx_word' id='word_1_205' title='bbox 3415 1529 3695 1593; x_wconf 74' lang='grc' dir='ltr'>εὐσεϐείας</span> 
     </span>
    </p>
   </div>
   <div class='ocr_carea' id='block_1_32' title="bbox 2121 1618 3693 1691">
    <p class='ocr_par' dir='ltr' id='par_1_32' title="bbox 2121 1618 3693 1691">
     <span class='ocr_line' id='line_1_32' title="bbox 2121 1618 3693 1691; baseline 0.001 -21"><span class='ocrx_word' id='word_1_206' title='bbox 2121 1618 2499 1688; x_wconf 76' lang='grc' dir='ltr'>ὴφειδηκότες.</span> <span class='ocrx_word' id='word_1_207' title='bbox 2537 1621 2655 1673; x_wconf 85' lang='grc' dir='ltr'>Ἵνα.</span> <span class='ocrx_word' id='word_1_208' title='bbox 2685 1619 2792 1691; x_wconf 82' lang='grc' dir='ltr'><strong>γάρ</strong></span> <span class='ocrx_word' id='word_1_209' title='bbox 2827 1619 3000 1691; x_wconf 79' lang='grc' dir='ltr'>ἔχοιεν</span> <span class='ocrx_word' id='word_1_210' title='bbox 3050 1621 3137 1673; x_wconf 75' lang='grc' dir='ltr'><strong>ἀεὶ</strong></span> <span class='ocrx_word' id='word_1_211' title='bbox 3197 1619 3463 1691; x_wconf 77' lang='grc' dir='ltr'>μενούσας</span> <span class='ocrx_word' id='word_1_212' title='bbox 3508 1620 3693 1683; x_wconf 82' lang='grc' dir='ltr'>αὐτοῖς</span> 
     </span>
    </p>
   </div>
   <div class='ocr_carea' id='block_1_33' title="bbox 2120 1710 3692 1785">
    <p class='ocr_par' dir='ltr' id='par_1_33' title="bbox 2120 1710 3692 1785">
     <span class='ocr_line' id='line_1_33' title="bbox 2120 1710 3692 1785; baseline 0.001 -23"><span class='ocrx_word' id='word_1_213' title='bbox 2120 1710 2220 1773; x_wconf 82' lang='grc' dir='ltr'>τὰς</span> <span class='ocrx_word' id='word_1_214' title='bbox 2268 1710 2361 1764; x_wconf 80' lang='grc' dir='ltr'>τοῦ</span> <span class='ocrx_word' id='word_1_215' title='bbox 2420 1712 2667 1766; x_wconf 84' lang='grc' dir='ltr'>πλουτεῖν</span> <span class='ocrx_word' id='word_1_216' title='bbox 2719 1712 3003 1785; x_wconf 80' lang='grc' dir='ltr'>χορηγίας,</span> <span class='ocrx_word' id='word_1_217' title='bbox 3058 1712 3532 1784; x_wconf 78' lang='grc' dir='ltr'>προσκομιζόντων</span> <span class='ocrx_word' id='word_1_218' title='bbox 3581 1710 3692 1765; x_wconf 86' lang='grc' dir='ltr'><strong>τῶν</strong></span> 
     </span>
    </p>
   </div>
   <div class='ocr_carea' id='block_1_34' title="bbox 450 1776 2013 1876">
    <p class='ocr_par' dir='ltr' id='par_1_34' title="bbox 450 1776 2013 1857">
     <span class='ocr_line' id='line_1_34' title="bbox 450 1776 2013 1857; baseline 0.01 -28"><span class='ocrx_word' id='word_1_219' title='bbox 450 1776 740 1833; x_wconf 78' lang='lat' dir='ltr'><strong>admodum</strong></span> <span class='ocrx_word' id='word_1_220' title='bbox 773 1784 1037 1851; x_wconf 83' lang='lat' dir='ltr'><strong>scriptum</strong></span> <span class='ocrx_word' id='word_1_221' title='bbox 1078 1795 1183 1849; x_wconf 87' lang='lat' dir='ltr'><strong>est,</strong></span> <span class='ocrx_word' id='word_1_222' title='bbox 1244 1801 1342 1842; x_wconf 91' lang='lat' dir='ltr'><strong>nec</strong></span> <span class='ocrx_word' id='word_1_223' title='bbox 1402 1786 1503 1857; x_wconf 88' lang='lat' dir='ltr'><strong>ipsi</strong></span> <span class='ocrx_word' id='word_1_224' title='bbox 1559 1791 1859 1854; x_wconf 82' lang='lat' dir='ltr'><strong>intrantes,</strong></span> <span class='ocrx_word' id='word_1_225' title='bbox 1919 1805 2013 1846; x_wconf 91' lang='lat' dir='ltr'><strong>nec</strong></span> 
     </span>
    </p>
   </div>
   <div class='ocr_carea' id='block_1_35' title="bbox 2115 1776 3692 1876">
    <p class='ocr_par' dir='ltr' id='par_1_35' title="bbox 2120 1800 3692 1876">
     <span class='ocr_line' id='line_1_35' title="bbox 2120 1800 3692 1876; baseline 0.001 -22"><span class='ocrx_word' id='word_1_226' title='bbox 2120 1800 2265 1856; x_wconf 84' lang='grc' dir='ltr'>λαῶν</span> <span class='ocrx_word' id='word_1_227' title='bbox 2296 1801 2366 1855; x_wconf 70' lang='grc' dir='ltr'>τὰ</span> <span class='ocrx_word' id='word_1_228' title='bbox 2411 1803 2554 1857; x_wconf 86' lang='grc' dir='ltr'>κατά</span> <span class='ocrx_word' id='word_1_229' title='bbox 2600 1805 2690 1858; x_wconf 87' lang='grc' dir='ltr'><strong>τὸν</strong></span> <span class='ocrx_word' id='word_1_230' title='bbox 2736 1804 2898 1874; x_wconf 83' lang='grc' dir='ltr'>νόμον</span> <span class='ocrx_word' id='word_1_231' title='bbox 2931 1806 2993 1858; x_wconf 87' lang='grc' dir='ltr'><strong>οὐ</strong></span> <span class='ocrx_word' id='word_1_232' title='bbox 3042 1805 3330 1876; x_wconf 81' lang='grc' dir='ltr'>προσίεντο</span> <span class='ocrx_word' id='word_1_233' title='bbox 3362 1803 3461 1875; x_wconf 76' lang='grc' dir='ltr'>τὴν</span> <span class='ocrx_word' id='word_1_234' title='bbox 3507 1801 3692 1856; x_wconf 84' lang='grc' dir='ltr'>πίστιν</span> 
     </span>
    </p>
   </div>
   <div class='ocr_carea' id='block_1_36' title="bbox 450 1869 2018 1948">
    <p class='ocr_par' dir='ltr' id='par_1_36' title="bbox 450 1869 2018 1948">
     <span class='ocr_line' id='line_1_36' title="bbox 450 1869 2018 1948; baseline 0.01 -27"><span class='ocrx_word' id='word_1_235' title='bbox 450 1869 803 1929; x_wconf 84' lang='lat' dir='ltr'><strong>admittentes</strong></span> <span class='ocrx_word' id='word_1_236' title='bbox 834 1889 929 1929; x_wconf 90' lang='lat' dir='ltr'><strong>eos</strong></span> <span class='ocrx_word' id='word_1_237' title='bbox 963 1875 1053 1943; x_wconf 89' lang='lat' dir='ltr'><strong>qui</strong></span> <span class='ocrx_word' id='word_1_238' title='bbox 1105 1877 1295 1931; x_wconf 89' lang='lat' dir='ltr'><strong>volunt</strong></span> <span class='ocrx_word' id='word_1_239' title='bbox 1328 1878 1557 1948; x_wconf 80' lang='lat' dir='ltr'><strong>ingredi.</strong></span> <span class='ocrx_word' id='word_1_240' title='bbox 1598 1878 1737 1935; x_wconf 75' lang='lat' dir='ltr'><strong>liinc</strong></span> <span class='ocrx_word' id='word_1_241' title='bbox 1773 1881 2018 1937; x_wconf 77' lang='lat' dir='ltr'><strong>Ruinano</strong></span> 
     </span>
    </p>
   </div>
   <div class='ocr_carea' id='block_1_37' title="bbox 450 1963 2019 2041">
    <p class='ocr_par' dir='ltr' id='par_1_37' title="bbox 450 1963 2019 2041">
     <span class='ocr_line' id='line_1_37' title="bbox 450 1963 2019 2041; baseline 0.009 -27"><span class='ocrx_word' id='word_1_242' title='bbox 450 1963 714 2016; x_wconf 79' lang='lat' dir='ltr'><strong>exercitui</strong></span> <span class='ocrx_word' id='word_1_243' title='bbox 770 1964 823 2017; x_wconf 87' lang='lat' dir='ltr'><strong>in</strong></span> <span class='ocrx_word' id='word_1_244' title='bbox 873 1968 1233 2023; x_wconf 77' lang='lat' dir='ltr'><strong>vastationem</strong></span> <span class='ocrx_word' id='word_1_245' title='bbox 1280 1984 1343 2023; x_wconf 91' lang='lat' dir='ltr'><strong>ac</strong></span> <span class='ocrx_word' id='word_1_246' title='bbox 1386 1971 1438 2024; x_wconf 89' lang='lat' dir='ltr'><strong>in</strong></span> <span class='ocrx_word' id='word_1_247' title='bbox 1492 1972 1853 2041; x_wconf 86' lang='lat' dir='ltr'><strong>direptionem</strong></span> <span class='ocrx_word' id='word_1_248' title='bbox 1906 1983 2019 2029; x_wconf 86' lang='lat' dir='ltr'><strong>tra-</strong></span> 
     </span>
    </p>
   </div>
   <div class='ocr_carea' id='block_1_38' title="bbox 448 2050 2015 2132">
    <p class='ocr_par' dir='ltr' id='par_1_38' title="bbox 448 2050 2015 2132">
     <span class='ocr_line' id='line_1_38' title="bbox 448 2050 2015 2132; baseline 0.013 -29"><span class='ocrx_word' id='word_1_249' title='bbox 448 2050 546 2105; x_wconf 90' lang='lat' dir='ltr'><strong>diti</strong></span> <span class='ocrx_word' id='word_1_250' title='bbox 578 2061 727 2121; x_wconf 83' lang='lat' dir='ltr'><strong>sunt,</strong></span> <span class='ocrx_word' id='word_1_251' title='bbox 756 2063 811 2109; x_wconf 88' lang='lat' dir='ltr'><strong>et</strong></span> <span class='ocrx_word' id='word_1_252' title='bbox 843 2072 965 2110; x_wconf 90' lang='lat' dir='ltr'><strong>cum</strong></span> <span class='ocrx_word' id='word_1_253' title='bbox 1005 2058 1327 2117; x_wconf 87' lang='lat' dir='ltr'><strong>mulieribus</strong></span> <span class='ocrx_word' id='word_1_254' title='bbox 1357 2063 1516 2117; x_wconf 85' lang='lat' dir='ltr'><strong>simul</strong></span> <span class='ocrx_word' id='word_1_255' title='bbox 1557 2073 1612 2118; x_wconf 90' lang='lat' dir='ltr'><strong>et</strong></span> <span class='ocrx_word' id='word_1_256' title='bbox 1655 2064 2015 2132; x_wconf 84' lang='lat' dir='ltr'><strong>charissiinis,</strong></span> 
     </span>
    </p>
   </div>
   <div class='ocr_carea' id='block_1_39' title="bbox 447 2141 2018 2223">
    <p class='ocr_par' dir='ltr' id='par_1_39' title="bbox 447 2141 2018 2223">
     <span class='ocr_line' id='line_1_39' title="bbox 447 2141 2018 2223; baseline 0.01 -29"><span class='ocrx_word' id='word_1_257' title='bbox 447 2141 654 2196; x_wconf 78' lang='lat' dir='ltr'><strong>aedibus</strong></span> <span class='ocrx_word' id='word_1_258' title='bbox 686 2158 746 2197; x_wconf 87' lang='lat' dir='ltr'><strong>ac</strong></span> <span class='ocrx_word' id='word_1_259' title='bbox 774 2145 969 2215; x_wconf 89' lang='lat' dir='ltr'><strong>opibus</strong></span> <span class='ocrx_word' id='word_1_260' title='bbox 998 2149 1276 2217; x_wconf 88' lang='lat' dir='ltr'><strong>perierunt</strong></span> <span class='ocrx_word' id='word_1_261' title='bbox 1302 2167 1319 2205; x_wconf 88' lang='lat'><strong>:</strong></span> <span class='ocrx_word' id='word_1_262' title='bbox 1351 2151 1690 2222; x_wconf 87' lang='lat' dir='ltr'><strong>aliorumque</strong></span> <span class='ocrx_word' id='word_1_263' title='bbox 1710 2164 1860 2220; x_wconf 88' lang='lat' dir='ltr'><strong>sunt,</strong></span> <span class='ocrx_word' id='word_1_264' title='bbox 1899 2172 2018 2223; x_wconf 68' lang='lat' dir='ltr'><strong>qua:</strong></span> 
     </span>
    </p>
   </div>
   <div class='ocr_carea' id='block_1_40' title="bbox 451 2241 2019 2316">
    <p class='ocr_par' dir='ltr' id='par_1_40' title="bbox 451 2241 2019 2316">
     <span class='ocr_line' id='line_1_40' title="bbox 451 2241 2019 2316; baseline 0.008 -27"><span class='ocrx_word' id='word_1_265' title='bbox 451 2248 666 2291; x_wconf 83' lang='lat' dir='ltr'><strong>summo</strong></span> <span class='ocrx_word' id='word_1_266' title='bbox 714 2250 882 2306; x_wconf 88' lang='lat' dir='ltr'><strong>opere</strong></span> <span class='ocrx_word' id='word_1_267' title='bbox 916 2254 979 2294; x_wconf 93' lang='lat' dir='ltr'><strong>ac</strong></span> <span class='ocrx_word' id='word_1_268' title='bbox 1019 2241 1198 2297; x_wconf 88' lang='lat' dir='ltr'><strong>studio</strong></span> <span class='ocrx_word' id='word_1_269' title='bbox 1230 2255 1641 2312; x_wconf 88' lang='lat' dir='ltr'><strong>coacervarant,</strong></span> <span class='ocrx_word' id='word_1_270' title='bbox 1677 2246 1886 2316; x_wconf 82' lang='lat' dir='ltr'><strong>ipsique</strong></span> <span class='ocrx_word' id='word_1_271' title='bbox 1918 2248 2019 2301; x_wconf 91' lang='lat' dir='ltr'><strong>mi-</strong></span> 
     </span>
    </p>
   </div>
   <div class='ocr_carea' id='block_1_41' title="bbox 449 2326 2016 2407">
    <p class='ocr_par' dir='ltr' id='par_1_41' title="bbox 449 2326 2016 2407">
     <span class='ocr_line' id='line_1_41' title="bbox 449 2326 2016 2407; baseline 0.008 -28"><span class='ocrx_word' id='word_1_272' title='bbox 449 2326 669 2380; x_wconf 86' lang='lat' dir='ltr'><strong>serandi</strong></span> <span class='ocrx_word' id='word_1_273' title='bbox 694 2338 843 2394; x_wconf 92' lang='lat' dir='ltr'><strong>sunt,</strong></span> <span class='ocrx_word' id='word_1_274' title='bbox 873 2340 924 2384; x_wconf 89' lang='lat' dir='ltr'><strong>et</strong></span> <span class='ocrx_word' id='word_1_275' title='bbox 950 2346 1197 2400; x_wconf 84' lang='lat' dir='ltr'><strong>errones,</strong></span> <span class='ocrx_word' id='word_1_276' title='bbox 1224 2344 1280 2390; x_wconf 88' lang='lat' dir='ltr'><strong>et</strong></span> <span class='ocrx_word' id='word_1_277' title='bbox 1309 2335 1361 2389; x_wconf 90' lang='lat' dir='ltr'><strong>in</strong></span> <span class='ocrx_word' id='word_1_278' title='bbox 1388 2337 1576 2391; x_wconf 89' lang='lat' dir='ltr'><strong>ultima</strong></span> <span class='ocrx_word' id='word_1_279' title='bbox 1602 2338 1818 2392; x_wconf 85' lang='lat' dir='ltr'><strong>miseria</strong></span> <span class='ocrx_word' id='word_1_280' title='bbox 1840 2338 2016 2407; x_wconf 85' lang='lat' dir='ltr'><strong>palam</strong></span> 
     </span>
    </p>
   </div>
   <div class='ocr_carea' id='block_1_42' title="bbox 447 2417 2019 2491">
    <p class='ocr_par' dir='ltr' id='par_1_42' title="bbox 447 2417 2019 2491">
     <span class='ocr_line' id='line_1_42' title="bbox 447 2417 2019 2491; baseline 0.01 -25"><span class='ocrx_word' id='word_1_281' title='bbox 447 2425 758 2472; x_wconf 91' lang='lat' dir='ltr'><strong>versantur.</strong></span> <span class='ocrx_word' id='word_1_282' title='bbox 787 2417 1065 2474; x_wconf 78' lang='lat' dir='ltr'><strong>invehitur</strong></span> <span class='ocrx_word' id='word_1_283' title='bbox 1090 2436 1221 2491; x_wconf 86' lang='lat' dir='ltr'><strong>ergo</strong></span> <span class='ocrx_word' id='word_1_284' title='bbox 1260 2424 1371 2478; x_wconf 70' lang='lat' dir='ltr'><strong>haec</strong></span> <span class='ocrx_word' id='word_1_285' title='bbox 1387 2426 1562 2480; x_wconf 88' lang='lat' dir='ltr'><strong>oratio</strong></span> <span class='ocrx_word' id='word_1_286' title='bbox 1586 2426 1638 2480; x_wconf 78' lang='lat' dir='ltr'><strong>ia</strong></span> <span class='ocrx_word' id='word_1_287' title='bbox 1661 2442 1845 2481; x_wconf 90' lang='lat' dir='ltr'><strong>eorum</strong></span> <span class='ocrx_word' id='word_1_288' title='bbox 1863 2427 2019 2482; x_wconf 79' lang='lat' dir='ltr'><strong>femi-</strong></span> 
     </span>
    </p>
   </div>
   <div class='ocr_carea' id='block_1_43' title="bbox 450 2509 2016 2587">
    <p class='ocr_par' dir='ltr' id='par_1_43' title="bbox 450 2509 2016 2587">
     <span class='ocr_line' id='line_1_43' title="bbox 450 2509 2016 2587; baseline 0.008 -27"><span class='ocrx_word' id='word_1_289' title='bbox 450 2522 546 2561; x_wconf 88' lang='lat' dir='ltr'><strong>nas</strong></span> <span class='ocrx_word' id='word_1_290' title='bbox 561 2509 675 2563; x_wconf 89' lang='lat' dir='ltr'><strong>sive</strong></span> <span class='ocrx_word' id='word_1_291' title='bbox 700 2509 858 2577; x_wconf 84' lang='lat' dir='ltr'><strong>lllias,</strong></span> <span class='ocrx_word' id='word_1_292' title='bbox 890 2512 1179 2580; x_wconf 87' lang='lat' dir='ltr'><strong>primarias</strong></span> <span class='ocrx_word' id='word_1_293' title='bbox 1197 2514 1408 2570; x_wconf 86' lang='lat' dir='ltr'><strong>scilicet</strong></span> <span class='ocrx_word' id='word_1_294' title='bbox 1433 2524 1489 2571; x_wconf 90' lang='lat' dir='ltr'><strong>et</strong></span> <span class='ocrx_word' id='word_1_295' title='bbox 1506 2521 1740 2573; x_wconf 81' lang='lat' dir='ltr'><strong>maxime</strong></span> <span class='ocrx_word' id='word_1_296' title='bbox 1759 2519 2016 2587; x_wconf 74' lang='lat' dir='ltr'><strong>insignes,</strong></span> 
     </span>
    </p>
   </div>
   <div class='ocr_carea' id='block_1_44' title="bbox 446 2600 2020 2678">
    <p class='ocr_par' dir='ltr' id='par_1_44' title="bbox 446 2600 2020 2678">
     <span class='ocr_line' id='line_1_44' title="bbox 446 2600 2020 2678; baseline 0.011 -31"><span class='ocrx_word' id='word_1_297' title='bbox 446 2614 568 2666; x_wconf 74' lang='lat' dir='ltr'><strong>qum</strong></span> <span class='ocrx_word' id='word_1_298' title='bbox 605 2600 771 2654; x_wconf 91' lang='lat' dir='ltr'><strong>etiam</strong></span> <span class='ocrx_word' id='word_1_299' title='bbox 811 2610 967 2655; x_wconf 88' lang='lat' dir='ltr'><strong>erant</strong></span> <span class='ocrx_word' id='word_1_300' title='bbox 999 2605 1411 2674; x_wconf 60' lang='lat' dir='ltr'><strong>praepotentium</strong></span> <span class='ocrx_word' id='word_1_301' title='bbox 1438 2648 1462 2675; x_wconf 75' lang='lat'><strong>,</strong></span> <span class='ocrx_word' id='word_1_302' title='bbox 1487 2621 1550 2661; x_wconf 90' lang='lat' dir='ltr'><strong>ac</strong></span> <span class='ocrx_word' id='word_1_303' title='bbox 1578 2607 1753 2678; x_wconf 83' lang='lat' dir='ltr'><strong>inquit</strong></span> <span class='ocrx_word' id='word_1_304' title='bbox 1781 2621 1797 2661; x_wconf 91' lang='lat'><strong>:</strong></span> <span class='ocrx_word' id='word_1_305' title='bbox 1828 2625 1848 2660; x_wconf 79' lang='grc' dir='ltr'><strong>ι</strong></span> <span class='ocrx_word' id='word_1_306' title='bbox 1883 2608 2020 2664; x_wconf 88' lang='lat' dir='ltr'><strong>Pro-</strong></span> 
     </span>
    </p>
   </div>
   <div class='ocr_carea' id='block_1_45' title="bbox 448 2692 2019 2770">
    <p class='ocr_par' dir='ltr' id='par_1_45' title="bbox 448 2692 2019 2770">
     <span class='ocr_line' id='line_1_45' title="bbox 448 2692 2019 2770; baseline 0.007 -25"><span class='ocrx_word' id='word_1_307' title='bbox 448 2700 632 2761; x_wconf 85' lang='lat' dir='ltr'><strong>pterea</strong></span> <span class='ocrx_word' id='word_1_308' title='bbox 652 2692 796 2762; x_wconf 86' lang='lat' dir='ltr'><strong>quod</strong></span> <span class='ocrx_word' id='word_1_309' title='bbox 818 2693 973 2749; x_wconf 67' lang='lat' dir='ltr'><strong>elatae</strong></span> <span class='ocrx_word' id='word_1_310' title='bbox 1000 2693 1217 2750; x_wconf 80' lang='lat' dir='ltr'><strong>fuerunt</strong></span> <span class='ocrx_word' id='word_1_311' title='bbox 1245 2697 1367 2751; x_wconf 73' lang='lat' dir='ltr'><strong>illim</strong></span> <span class='ocrx_word' id='word_1_312' title='bbox 1396 2695 1551 2764; x_wconf 86' lang='lat' dir='ltr'><strong>Sion,</strong></span> <span class='ocrx_word' id='word_1_313' title='bbox 1569 2699 1784 2770; x_wconf 88' lang='lat' dir='ltr'><strong>altaque</strong></span> <span class='ocrx_word' id='word_1_314' title='bbox 1807 2702 2019 2756; x_wconf 84' lang='lat' dir='ltr'><strong>cervice</strong></span> 
     </span>
    </p>
   </div>
   <div class='ocr_carea' id='block_1_46' title="bbox 450 2779 2015 2857">
    <p class='ocr_par' dir='ltr' id='par_1_46' title="bbox 450 2779 2015 2857">
     <span class='ocr_line' id='line_1_46' title="bbox 450 2779 2015 2857; baseline 0.007 -24"><span class='ocrx_word' id='word_1_315' title='bbox 450 2779 726 2846; x_wconf 84' lang='lat' dir='ltr'><strong>incedunt,</strong></span> <span class='ocrx_word' id='word_1_316' title='bbox 757 2792 810 2835; x_wconf 90' lang='lat' dir='ltr'><strong>et</strong></span> <span class='ocrx_word' id='word_1_317' title='bbox 838 2783 1061 2839; x_wconf 85' lang='lat' dir='ltr'><strong>nutibus</strong></span> <span class='ocrx_word' id='word_1_318' title='bbox 1092 2785 1395 2853; x_wconf 82' lang='lat' dir='ltr'><strong>oculorum,</strong></span> <span class='ocrx_word' id='word_1_319' title='bbox 1427 2805 1446 2839; x_wconf 77' lang='grc' dir='ltr'><strong>ι</strong></span> <span class='ocrx_word' id='word_1_320' title='bbox 1476 2796 1533 2841; x_wconf 91' lang='lat' dir='ltr'><strong>et</strong></span> <span class='ocrx_word' id='word_1_321' title='bbox 1558 2803 1678 2857; x_wconf 75' lang='lat' dir='ltr'><strong>qua:</strong></span> <span class='ocrx_word' id='word_1_322' title='bbox 1705 2799 1833 2844; x_wconf 90' lang='lat' dir='ltr'><strong>sunt</strong></span> <span class='ocrx_word' id='word_1_323' title='bbox 1860 2791 2015 2844; x_wconf 84' lang='lat' dir='ltr'><strong>dein-</strong></span> 
     </span>
    </p>
   </div>
   <div class='ocr_carea' id='block_1_47' title="bbox 447 2871 2017 2947">
    <p class='ocr_par' dir='ltr' id='par_1_47' title="bbox 447 2871 2017 2947">
     <span class='ocr_line' id='line_1_47' title="bbox 447 2871 2017 2947; baseline 0.007 -22"><span class='ocrx_word' id='word_1_324' title='bbox 447 2883 595 2940; x_wconf 82' lang='lat' dir='ltr'><strong>ceps.</strong></span> <span class='ocrx_word' id='word_1_325' title='bbox 663 2871 834 2928; x_wconf 67' lang='lat' dir='ltr'><strong>Elatte</strong></span> <span class='ocrx_word' id='word_1_326' title='bbox 882 2882 1062 2929; x_wconf 88' lang='lat' dir='ltr'><strong>autem</strong></span> <span class='ocrx_word' id='word_1_327' title='bbox 1116 2886 1285 2942; x_wconf 85' lang='lat' dir='ltr'><strong>sunt,</strong></span> <span class='ocrx_word' id='word_1_328' title='bbox 1352 2893 1456 2934; x_wconf 89' lang='lat' dir='ltr'><strong>nou</strong></span> <span class='ocrx_word' id='word_1_329' title='bbox 1517 2881 1584 2935; x_wconf 88' lang='lat' dir='ltr'><strong>de</strong></span> <span class='ocrx_word' id='word_1_330' title='bbox 1653 2882 1872 2947; x_wconf 88' lang='lat' dir='ltr'><strong>virtute,</strong></span> <span class='ocrx_word' id='word_1_331' title='bbox 1922 2881 2017 2936; x_wconf 89' lang='lat' dir='ltr'><strong>sed</strong></span> 
     </span>
    </p>
   </div>
   <div class='ocr_carea' id='block_1_48' title="bbox 447 2965 2017 3041">
    <p class='ocr_par' dir='ltr' id='par_1_48' title="bbox 447 2965 2017 3041">
     <span class='ocr_line' id='line_1_48' title="bbox 447 2965 2017 3041; baseline 0.006 -25"><span class='ocrx_word' id='word_1_332' title='bbox 447 2973 671 3033; x_wconf 82' lang='lat' dir='ltr'><strong>prapter</strong></span> <span class='ocrx_word' id='word_1_333' title='bbox 727 2965 999 3020; x_wconf 75' lang='lat' dir='ltr'><strong>cartmlem</strong></span> <span class='ocrx_word' id='word_1_334' title='bbox 1053 2969 1395 3039; x_wconf 82' lang='lat' dir='ltr'><strong>maximeque</strong></span> <span class='ocrx_word' id='word_1_335' title='bbox 1449 2979 1720 3026; x_wconf 83' lang='lat' dir='ltr'><strong>terrenam</strong></span> <span class='ocrx_word' id='word_1_336' title='bbox 1782 2973 2017 3041; x_wconf 78' lang='lat' dir='ltr'><strong>pruden-</strong></span> 
     </span>
    </p>
   </div>
   <div class='ocr_carea' id='block_1_49' title="bbox 448 3053 2017 3131">
    <p class='ocr_par' dir='ltr' id='par_1_49' title="bbox 448 3053 2017 3131">
     <span class='ocr_line' id='line_1_49' title="bbox 448 3053 2017 3131; baseline 0.006 -24"><span class='ocrx_word' id='word_1_337' title='bbox 448 3053 598 3108; x_wconf 87' lang='lat' dir='ltr'><strong>tiam.</strong></span> <span class='ocrx_word' id='word_1_338' title='bbox 636 3055 818 3109; x_wconf 84' lang='lat' dir='ltr'><strong>Altum</strong></span> <span class='ocrx_word' id='word_1_339' title='bbox 848 3057 994 3111; x_wconf 90' lang='lat' dir='ltr'><strong>enim</strong></span> <span class='ocrx_word' id='word_1_340' title='bbox 1025 3058 1125 3112; x_wconf 89' lang='lat' dir='ltr'><strong>sibi</strong></span> <span class='ocrx_word' id='word_1_341' title='bbox 1158 3072 1366 3127; x_wconf 87' lang='lat' dir='ltr'><strong>sapere,</strong></span> <span class='ocrx_word' id='word_1_342' title='bbox 1412 3060 1585 3128; x_wconf 84' lang='lat' dir='ltr'><strong>deque</strong></span> <span class='ocrx_word' id='word_1_343' title='bbox 1624 3076 1682 3116; x_wconf 87' lang='lat' dir='ltr'><strong>se</strong></span> <span class='ocrx_word' id='word_1_344' title='bbox 1731 3062 2017 3131; x_wconf 78' lang='lat' dir='ltr'><strong>magniﬁce</strong></span> 
     </span>
    </p>
   </div>
   <div class='ocr_carea' id='block_1_50' title="bbox 445 3146 2013 3223">
    <p class='ocr_par' dir='ltr' id='par_1_50' title="bbox 445 3146 2013 3223">
     <span class='ocr_line' id='line_1_50' title="bbox 445 3146 2013 3223; baseline 0.003 -22"><span class='ocrx_word' id='word_1_345' title='bbox 445 3146 653 3202; x_wconf 79' lang='lat' dir='ltr'><strong>sentire</strong></span> <span class='ocrx_word' id='word_1_346' title='bbox 685 3149 1012 3203; x_wconf 82' lang='lat' dir='ltr'><strong>videbantur</strong></span> <span class='ocrx_word' id='word_1_347' title='bbox 1043 3189 1058 3214; x_wconf 93' lang='lat'><strong>,</strong></span> <span class='ocrx_word' id='word_1_348' title='bbox 1123 3160 1344 3220; x_wconf 82' lang='lat' dir='ltr'><strong>pr0pter</strong></span> <span class='ocrx_word' id='word_1_349' title='bbox 1396 3153 1706 3221; x_wconf 83' lang='lat' dir='ltr'><strong>opulentam</strong></span> <span class='ocrx_word' id='word_1_350' title='bbox 1761 3154 2013 3223; x_wconf 77' lang='lat' dir='ltr'><strong>gloriam,</strong></span> 
     </span>
    </p>
   </div>
   <div class='ocr_carea' id='block_1_51' title="bbox 445 3239 2018 3314">
    <p class='ocr_par' dir='ltr' id='par_1_51' title="bbox 445 3239 2018 3314">
     <span class='ocr_line' id='line_1_51' title="bbox 445 3239 2018 3314; baseline 0.007 -25"><span class='ocrx_word' id='word_1_351' title='bbox 445 3246 838 3307; x_wconf 69' lang='lat' dir='ltr'><strong>esternamque</strong></span> <span class='ocrx_word' id='word_1_352' title='bbox 869 3239 1324 3308; x_wconf 85' lang='lat' dir='ltr'><strong>pulchritudinem</strong></span> <span class='ocrx_word' id='word_1_353' title='bbox 1346 3282 1362 3309; x_wconf 92' lang='lat'><strong>,</strong></span> <span class='ocrx_word' id='word_1_354' title='bbox 1418 3259 1579 3313; x_wconf 87' lang='lat' dir='ltr'><strong>quam</strong></span> <span class='ocrx_word' id='word_1_355' title='bbox 1627 3258 1693 3298; x_wconf 86' lang='lat' dir='ltr'><strong>ex</strong></span> <span class='ocrx_word' id='word_1_356' title='bbox 1727 3245 2018 3314; x_wconf 87' lang='lat' dir='ltr'><strong>lapidibus,</strong></span> 
     </span>
    </p>
   </div>
   <div class='ocr_carea' id='block_1_52' title="bbox 448 3330 2016 3394">
    <p class='ocr_par' dir='ltr' id='par_1_52' title="bbox 448 3330 2016 3394">
     <span class='ocr_line' id='line_1_52' title="bbox 448 3330 2016 3394; baseline 0.006 -13"><span class='ocrx_word' id='word_1_357' title='bbox 448 3336 504 3381; x_wconf 88' lang='lat' dir='ltr'><strong>et</strong></span> <span class='ocrx_word' id='word_1_358' title='bbox 533 3342 689 3394; x_wconf 84' lang='lat' dir='ltr'><strong>auro,</strong></span> <span class='ocrx_word' id='word_1_359' title='bbox 741 3338 796 3383; x_wconf 90' lang='lat' dir='ltr'><strong>et</strong></span> <span class='ocrx_word' id='word_1_360' title='bbox 831 3338 980 3383; x_wconf 81' lang='lat' dir='ltr'><strong>veste</strong></span> <span class='ocrx_word' id='word_1_361' title='bbox 1014 3330 1162 3384; x_wconf 89' lang='lat' dir='ltr'><strong>varia</strong></span> <span class='ocrx_word' id='word_1_362' title='bbox 1190 3334 1571 3388; x_wconf 79' lang='lat' dir='ltr'><strong>conciliarnnt.</strong></span> <span class='ocrx_word' id='word_1_363' title='bbox 1623 3333 1679 3389; x_wconf 90' lang='lat' dir='ltr'><strong>lu</strong></span> <span class='ocrx_word' id='word_1_364' title='bbox 1718 3334 1801 3391; x_wconf 90' lang='lat' dir='ltr'><strong>his</strong></span> <span class='ocrx_word' id='word_1_365' title='bbox 1837 3349 2016 3391; x_wconf 76' lang='lat' dir='ltr'><strong>autem</strong></span> 
     </span>
    </p>
   </div>
   <div class='ocr_carea' id='block_1_53' title="bbox 447 3418 2018 3497">
    <p class='ocr_par' dir='ltr' id='par_1_53' title="bbox 447 3418 2018 3497">
     <span class='ocr_line' id='line_1_53' title="bbox 447 3418 2018 3497; baseline 0.009 -27"><span class='ocrx_word' id='word_1_366' title='bbox 447 3418 711 3474; x_wconf 88' lang='lat' dir='ltr'><strong>describit</strong></span> <span class='ocrx_word' id='word_1_367' title='bbox 734 3419 889 3475; x_wconf 87' lang='lat' dir='ltr'><strong>nobis</strong></span> <span class='ocrx_word' id='word_1_368' title='bbox 918 3436 1100 3477; x_wconf 87' lang='lat' dir='ltr'><strong>sermo</strong></span> <span class='ocrx_word' id='word_1_369' title='bbox 1132 3424 1485 3491; x_wconf 81' lang='lat' dir='ltr'><strong>prapheticus</strong></span> <span class='ocrx_word' id='word_1_370' title='bbox 1521 3427 1795 3497; x_wconf 78' lang='lat' dir='ltr'><strong>ingenium</strong></span> <span class='ocrx_word' id='word_1_371' title='bbox 1833 3437 1886 3483; x_wconf 90' lang='lat' dir='ltr'><strong>et</strong></span> <span class='ocrx_word' id='word_1_372' title='bbox 1921 3430 2018 3484; x_wconf 54' lang='lat' dir='ltr'><strong>hac</strong></span> 
     </span>
    </p>
   </div>
   <div class='ocr_carea' id='block_1_54' title="bbox 444 3511 2017 3591">
    <p class='ocr_par' dir='ltr' id='par_1_54' title="bbox 444 3511 2017 3591">
     <span class='ocr_line' id='line_1_54' title="bbox 444 3511 2017 3591; baseline 0.006 -25"><span class='ocrx_word' id='word_1_373' title='bbox 444 3511 616 3566; x_wconf 91' lang='lat' dir='ltr'><strong>bitum</strong></span> <span class='ocrx_word' id='word_1_374' title='bbox 650 3512 892 3568; x_wconf 86' lang='lat' dir='ltr'><strong>mulieris</strong></span> <span class='ocrx_word' id='word_1_375' title='bbox 917 3515 1290 3584; x_wconf 69' lang='lat' dir='ltr'><strong>voluptnarize,</strong></span> <span class='ocrx_word' id='word_1_376' title='bbox 1324 3516 1480 3583; x_wconf 81' lang='lat' dir='ltr'><strong>levis,</strong></span> <span class='ocrx_word' id='word_1_377' title='bbox 1504 3529 1807 3590; x_wconf 87' lang='lat' dir='ltr'><strong>ornatuque</strong></span> <span class='ocrx_word' id='word_1_378' title='bbox 1838 3522 2017 3591; x_wconf 82' lang='lat' dir='ltr'><strong>splen-</strong></span> 
     </span>
    </p>
   </div>
   <div class='ocr_carea' id='block_1_55' title="bbox 444 3603 2013 3683">
    <p class='ocr_par' dir='ltr' id='par_1_55' title="bbox 444 3603 2013 3683">
     <span class='ocr_line' id='line_1_55' title="bbox 444 3603 2013 3683; baseline 0.009 -29"><span class='ocrx_word' id='word_1_379' title='bbox 444 3603 573 3659; x_wconf 90' lang='lat' dir='ltr'><strong>dido</strong></span> <span class='ocrx_word' id='word_1_380' title='bbox 612 3605 879 3660; x_wconf 74' lang='lat' dir='ltr'><strong>decorata:</strong></span> <span class='ocrx_word' id='word_1_381' title='bbox 910 3623 924 3659; x_wconf 88' lang='lat'><strong>:</strong></span> <span class='ocrx_word' id='word_1_382' title='bbox 953 3617 1077 3677; x_wconf 91' lang='lat' dir='ltr'><strong>puta</strong></span> <span class='ocrx_word' id='word_1_383' title='bbox 1112 3616 1169 3662; x_wconf 92' lang='lat' dir='ltr'><strong>ut</strong></span> <span class='ocrx_word' id='word_1_384' title='bbox 1195 3624 1259 3662; x_wconf 70' lang='lat' dir='ltr'><strong>ea</strong></span> <span class='ocrx_word' id='word_1_385' title='bbox 1288 3625 1392 3662; x_wconf 87' lang='lat' dir='ltr'><strong>una</strong></span> <span class='ocrx_word' id='word_1_386' title='bbox 1416 3612 1658 3665; x_wconf 88' lang='lat' dir='ltr'><strong>omnium</strong></span> <span class='ocrx_word' id='word_1_387' title='bbox 1696 3614 1838 3667; x_wconf 87' lang='lat' dir='ltr'><strong>inter</strong></span> <span class='ocrx_word' id='word_1_388' title='bbox 1869 3615 2013 3683; x_wconf 85' lang='lat' dir='ltr'><strong>ipsas</strong></span> 
     </span>
    </p>
   </div>
   <div class='ocr_carea' id='block_1_56' title="bbox 446 3695 2019 3769">
    <p class='ocr_par' dir='ltr' id='par_1_56' title="bbox 446 3695 2019 3769">
     <span class='ocr_line' id='line_1_56' title="bbox 446 3695 2019 3769; baseline 0.007 -20"><span class='ocrx_word' id='word_1_389' title='bbox 446 3695 773 3751; x_wconf 76' lang='lat' dir='ltr'><strong>feminarum</strong></span> <span class='ocrx_word' id='word_1_390' title='bbox 831 3697 1232 3754; x_wconf 84' lang='lat' dir='ltr'><strong>demonstraret</strong></span> <span class='ocrx_word' id='word_1_391' title='bbox 1288 3702 1623 3769; x_wconf 84' lang='lat' dir='ltr'><strong>superbiam.</strong></span> <span class='ocrx_word' id='word_1_392' title='bbox 1693 3704 2019 3760; x_wconf 89' lang='lat' dir='ltr'><strong>lnccdebant</strong></span> 
     </span>
    </p>
   </div>
   <div class='ocr_carea' id='block_1_57' title="bbox 444 3787 2014 3861">
    <p class='ocr_par' dir='ltr' id='par_1_57' title="bbox 444 3787 2014 3861">
     <span class='ocr_line' id='line_1_57' title="bbox 444 3787 2014 3861; baseline 0.005 -21"><span class='ocrx_word' id='word_1_393' title='bbox 444 3787 616 3851; x_wconf 87' lang='lat' dir='ltr'><strong>enim,</strong></span> <span class='ocrx_word' id='word_1_394' title='bbox 642 3787 840 3858; x_wconf 84' lang='lat' dir='ltr'><strong>inquit,</strong></span> <span class='ocrx_word' id='word_1_395' title='bbox 878 3798 1100 3844; x_wconf 80' lang='lat' dir='ltr'><strong>extento</strong></span> <span class='ocrx_word' id='word_1_396' title='bbox 1131 3789 1291 3855; x_wconf 88' lang='lat' dir='ltr'><strong>collo,</strong></span> <span class='ocrx_word' id='word_1_397' title='bbox 1328 3800 1382 3845; x_wconf 90' lang='lat' dir='ltr'><strong>et</strong></span> <span class='ocrx_word' id='word_1_398' title='bbox 1439 3793 1661 3848; x_wconf 88' lang='lat' dir='ltr'><strong>nutibus</strong></span> <span class='ocrx_word' id='word_1_399' title='bbox 1714 3794 2014 3861; x_wconf 81' lang='lat' dir='ltr'><strong>oculorum;</strong></span> 
     </span>
    </p>
   </div>
   <div class='ocr_carea' id='block_1_58' title="bbox 444 3879 2018 3957">
    <p class='ocr_par' dir='ltr' id='par_1_58' title="bbox 444 3879 2018 3957">
     <span class='ocr_line' id='line_1_58' title="bbox 444 3879 2018 3957; baseline 0.004 -23"><span class='ocrx_word' id='word_1_400' title='bbox 444 3896 567 3935; x_wconf 85' lang='lat' dir='ltr'><strong>eum</strong></span> <span class='ocrx_word' id='word_1_401' title='bbox 612 3879 829 3936; x_wconf 72' lang='lat' dir='ltr'><strong>fetninze</strong></span> <span class='ocrx_word' id='word_1_402' title='bbox 853 3882 1234 3948; x_wconf 64' lang='lat' dir='ltr'><strong>ornatissimae,</strong></span> <span class='ocrx_word' id='word_1_403' title='bbox 1278 3883 1559 3956; x_wconf 86' lang='lat' dir='ltr'><strong>vitamque</strong></span> <span class='ocrx_word' id='word_1_404' title='bbox 1586 3902 1706 3940; x_wconf 89' lang='lat' dir='ltr'><strong>cum</strong></span> <span class='ocrx_word' id='word_1_405' title='bbox 1749 3888 2018 3957; x_wconf 76' lang='lat' dir='ltr'><strong>gravitate</strong></span> 
     </span>
    </p>
   </div>
   <div class='ocr_carea' id='block_1_59' title="bbox 445 3972 2009 4046">
    <p class='ocr_par' dir='ltr' id='par_1_59' title="bbox 445 3972 2009 4046">
     <span class='ocr_line' id='line_1_59' title="bbox 445 3972 2009 4046; baseline 0.003 -19"><span class='ocrx_word' id='word_1_406' title='bbox 445 3980 500 4027; x_wconf 86' lang='lat' dir='ltr'><strong>et</strong></span> <span class='ocrx_word' id='word_1_407' title='bbox 524 3972 790 4041; x_wconf 86' lang='lat' dir='ltr'><strong>probitate</strong></span> <span class='ocrx_word' id='word_1_408' title='bbox 816 3973 1038 4040; x_wconf 86' lang='lat' dir='ltr'><strong>colenti,</strong></span> <span class='ocrx_word' id='word_1_409' title='bbox 1077 3977 1398 4030; x_wconf 84' lang='lat' dir='ltr'><strong>verecundia</strong></span> <span class='ocrx_word' id='word_1_410' title='bbox 1425 3976 1495 4029; x_wconf 80' lang='lat' dir='ltr'><strong>sit</strong></span> <span class='ocrx_word' id='word_1_411' title='bbox 1549 3978 1880 4046; x_wconf 79' lang='lat' dir='ltr'><strong>gratissima,</strong></span> <span class='ocrx_word' id='word_1_412' title='bbox 1918 3977 2009 4031; x_wconf 87' lang='lat' dir='ltr'><strong>mi-</strong></span> 
     </span>
    </p>
   </div>
   <div class='ocr_carea' id='block_1_60' title="bbox 446 4064 2017 4135">
    <p class='ocr_par' dir='ltr' id='par_1_60' title="bbox 446 4064 2017 4135">
     <span class='ocr_line' id='line_1_60' title="bbox 446 4064 2017 4135; baseline 0.003 -18"><span class='ocrx_word' id='word_1_413' title='bbox 446 4064 703 4134; x_wconf 86' lang='lat' dir='ltr'><strong>nimeque</strong></span> <span class='ocrx_word' id='word_1_414' title='bbox 741 4066 930 4120; x_wconf 86' lang='lat' dir='ltr'><strong>deceat</strong></span> <span class='ocrx_word' id='word_1_415' title='bbox 972 4066 1211 4119; x_wconf 89' lang='lat' dir='ltr'><strong>virorum</strong></span> <span class='ocrx_word' id='word_1_416' title='bbox 1248 4065 1421 4120; x_wconf 90' lang='lat' dir='ltr'><strong>oculis</strong></span> <span class='ocrx_word' id='word_1_417' title='bbox 1476 4068 1740 4135; x_wconf 84' lang='lat' dir='ltr'><strong>conspici.</strong></span> <span class='ocrx_word' id='word_1_418' title='bbox 1798 4067 1890 4121; x_wconf 71' lang='grc' dir='ltr'>ιιω</span> <span class='ocrx_word' id='word_1_419' title='bbox 1916 4084 2017 4122; x_wconf 88' lang='lat' dir='ltr'><strong>au-</strong></span> 
     </span>
    </p>
   </div>
   <div class='ocr_carea' id='block_1_61' title="bbox 447 4156 2013 4229">
    <p class='ocr_par' dir='ltr' id='par_1_61' title="bbox 447 4156 2013 4229">
     <span class='ocr_line' id='line_1_61' title="bbox 447 4156 2013 4229; baseline 0.001 -16"><span class='ocrx_word' id='word_1_420' title='bbox 447 4170 555 4214; x_wconf 87' lang='lat' dir='ltr'><strong>tem</strong></span> <span class='ocrx_word' id='word_1_421' title='bbox 604 4159 656 4213; x_wconf 91' lang='lat' dir='ltr'><strong>in</strong></span> <span class='ocrx_word' id='word_1_422' title='bbox 721 4166 924 4212; x_wconf 84' lang='lat' dir='ltr'><strong>tantam</strong></span> <span class='ocrx_word' id='word_1_423' title='bbox 987 4156 1343 4213; x_wconf 86' lang='lat' dir='ltr'><strong>stoliditatem</strong></span> <span class='ocrx_word' id='word_1_424' title='bbox 1399 4167 1562 4227; x_wconf 88' lang='lat' dir='ltr'><strong>atque</strong></span> <span class='ocrx_word' id='word_1_425' title='bbox 1620 4161 2013 4229; x_wconf 85' lang='lat' dir='ltr'><strong>impudentiam</strong></span> 
     </span>
    </p>
   </div>
   <div class='ocr_carea' id='block_1_62' title="bbox 444 4249 2015 4321">
    <p class='ocr_par' dir='ltr' id='par_1_62' title="bbox 444 4249 2015 4321">
     <span class='ocr_line' id='line_1_62' title="bbox 444 4249 2015 4321; baseline 0.001 -17"><span class='ocrx_word' id='word_1_426' title='bbox 444 4252 806 4321; x_wconf 81' lang='lat' dir='ltr'><strong>impegerunt,</strong></span> <span class='ocrx_word' id='word_1_427' title='bbox 835 4259 893 4304; x_wconf 93' lang='lat' dir='ltr'><strong>ut</strong></span> <span class='ocrx_word' id='word_1_428' title='bbox 938 4249 990 4304; x_wconf 92' lang='lat' dir='ltr'><strong>in</strong></span> <span class='ocrx_word' id='word_1_429' title='bbox 1044 4249 1391 4320; x_wconf 84' lang='lat' dir='ltr'><strong>processibus</strong></span> <span class='ocrx_word' id='word_1_430' title='bbox 1441 4264 1506 4302; x_wconf 90' lang='lat' dir='ltr'><strong>ac</strong></span> <span class='ocrx_word' id='word_1_431' title='bbox 1553 4249 1861 4306; x_wconf 85' lang='lat' dir='ltr'><strong>incessibus</strong></span> <span class='ocrx_word' id='word_1_432' title='bbox 1900 4251 2015 4306; x_wconf 91' lang='lat' dir='ltr'><strong>suis</strong></span> 
     </span>
    </p>
   </div>
   <div class='ocr_carea' id='block_1_63' title="bbox 442 4340 2016 4409">
    <p class='ocr_par' dir='ltr' id='par_1_63' title="bbox 442 4340 2016 4409">
     <span class='ocr_line' id='line_1_63' title="bbox 442 4340 2016 4409; baseline -0.003 -12"><span class='ocrx_word' id='word_1_433' title='bbox 442 4358 565 4397; x_wconf 86' lang='lat' dir='ltr'><strong>sese</strong></span> <span class='ocrx_word' id='word_1_434' title='bbox 593 4343 958 4407; x_wconf 83' lang='lat' dir='ltr'><strong>venditarent,</strong></span> <span class='ocrx_word' id='word_1_435' title='bbox 1014 4341 1284 4394; x_wconf 86' lang='lat' dir='ltr'><strong>cervicem</strong></span> <span class='ocrx_word' id='word_1_436' title='bbox 1322 4340 1597 4409; x_wconf 86' lang='lat' dir='ltr'><strong>erigerent</strong></span> <span class='ocrx_word' id='word_1_437' title='bbox 1643 4349 1699 4395; x_wconf 86' lang='lat' dir='ltr'><strong>et</strong></span> <span class='ocrx_word' id='word_1_438' title='bbox 1753 4342 2016 4395; x_wconf 75' lang='lat' dir='ltr'><strong>extende-</strong></span> 
     </span>
    </p>
   </div>
   <div class='ocr_carea' id='block_1_64' title="bbox 2122 1891 3688 1966">
    <p class='ocr_par' dir='ltr' id='par_1_64' title="bbox 2122 1891 3688 1966">
     <span class='ocr_line' id='line_1_64' title="bbox 2122 1891 3688 1966; baseline 0.001 -23"><span class='ocrx_word' id='word_1_439' title='bbox 2122 1891 2220 1962; x_wconf 81' lang='grc' dir='ltr'>τὴν</span> <span class='ocrx_word' id='word_1_440' title='bbox 2251 1894 2330 1956; x_wconf 89' lang='grc' dir='ltr'><strong>είς</strong></span> <span class='ocrx_word' id='word_1_441' title='bbox 2360 1893 2612 1964; x_wconf 87' lang='grc' dir='ltr'>Χριστὸν,</span> <span class='ocrx_word' id='word_1_442' title='bbox 2634 1893 2756 1947; x_wconf 76' lang='grc' dir='ltr'>ούτε</span> <span class='ocrx_word' id='word_1_443' title='bbox 2791 1893 2895 1965; x_wconf 78' lang='grc' dir='ltr'>μὴν</span> <span class='ocrx_word' id='word_1_444' title='bbox 2919 1896 3139 1966; x_wconf 85' lang='grc' dir='ltr'>ἐτέρους</span> <span class='ocrx_word' id='word_1_445' title='bbox 3171 1893 3446 1947; x_wconf 81' lang='grc' dir='ltr'>πιστεύειν</span> <span class='ocrx_word' id='word_1_446' title='bbox 3477 1893 3688 1963; x_wconf 75' lang='grc' dir='ltr'>ἤθελον,</span> 
     </span>
    </p>
   </div>
   <div class='ocr_carea' id='block_1_65' title="bbox 2120 1984 3688 2060">
    <p class='ocr_par' dir='ltr' id='par_1_65' title="bbox 2120 1984 3688 2060">
     <span class='ocr_line' id='line_1_65' title="bbox 2120 1984 3688 2060; baseline 0.001 -23"><span class='ocrx_word' id='word_1_447' title='bbox 2120 1984 2391 2051; x_wconf 84' lang='grc' dir='ltr'>κλείοντες</span> <span class='ocrx_word' id='word_1_448' title='bbox 2419 1987 2517 2060; x_wconf 81' lang='grc' dir='ltr'>τὴν</span> <span class='ocrx_word' id='word_1_449' title='bbox 2559 1986 2834 2058; x_wconf 81' lang='grc' dir='ltr'>βασιλείαν</span> <span class='ocrx_word' id='word_1_450' title='bbox 2864 1987 2959 2041; x_wconf 76' lang='grc' dir='ltr'>τοῦ</span> <span class='ocrx_word' id='word_1_451' title='bbox 2994 1986 3152 2050; x_wconf 79' lang='grc' dir='ltr'>Θεοῦ,</span> <span class='ocrx_word' id='word_1_452' title='bbox 3185 1987 3328 2043; x_wconf 82' lang='grc' dir='ltr'>καθά</span> <span class='ocrx_word' id='word_1_453' title='bbox 3358 1987 3688 2058; x_wconf 80' lang='grc' dir='ltr'>γέγραπται,</span> 
     </span>
    </p>
   </div>
   <div class='ocr_carea' id='block_1_66' title="bbox 2119 2075 3690 2151">
    <p class='ocr_par' dir='ltr' id='par_1_66' title="bbox 2119 2075 3690 2151">
     <span class='ocr_line' id='line_1_66' title="bbox 2119 2075 3690 2151; baseline -0.002 -21"><span class='ocrx_word' id='word_1_454' title='bbox 2119 2077 2217 2131; x_wconf 70' lang='grc' dir='ltr'>καὶ</span> <span class='ocrx_word' id='word_1_455' title='bbox 2248 2078 2387 2149; x_wconf 83' lang='grc' dir='ltr'>μήτε</span> <span class='ocrx_word' id='word_1_456' title='bbox 2418 2078 2806 2150; x_wconf 78' lang='grc' dir='ltr'>εἰσερχόμενοι,</span> <span class='ocrx_word' id='word_1_457' title='bbox 2842 2080 2979 2151; x_wconf 78' lang='grc' dir='ltr'>μήτε</span> <span class='ocrx_word' id='word_1_458' title='bbox 3006 2082 3120 2142; x_wconf 87' lang='grc' dir='ltr'>τοῖς</span> <span class='ocrx_word' id='word_1_459' title='bbox 3147 2077 3417 2132; x_wconf 82' lang='grc' dir='ltr'>ἐθέλουσιν</span> <span class='ocrx_word' id='word_1_460' title='bbox 3447 2075 3690 2145; x_wconf 79' lang='grc' dir='ltr'>ἐφιέντες</span> 
     </span>
    </p>
   </div>
   <div class='ocr_carea' id='block_1_67' title="bbox 2120 2167 3690 2241">
    <p class='ocr_par' dir='ltr' id='par_1_67' title="bbox 2120 2167 3690 2241">
     <span class='ocr_line' id='line_1_67' title="bbox 2120 2167 3690 2241; baseline 0.001 -21"><span class='ocrx_word' id='word_1_461' title='bbox 2120 2168 2401 2221; x_wconf 74' lang='grc' dir='ltr'>εἰσελθεῖν.</span> <span class='ocrx_word' id='word_1_462' title='bbox 2458 2168 2641 2241; x_wconf 80' lang='grc' dir='ltr'>Ταύτῃ</span> <span class='ocrx_word' id='word_1_463' title='bbox 2678 2187 2759 2223; x_wconf 88' lang='grc' dir='ltr'><strong>τοι</strong></span> <span class='ocrx_word' id='word_1_464' title='bbox 2811 2169 2904 2224; x_wconf 69' lang='grc' dir='ltr'>καὶ</span> <span class='ocrx_word' id='word_1_465' title='bbox 2962 2169 3202 2223; x_wconf 77' lang='grc' dir='ltr'>δέδονται</span> <span class='ocrx_word' id='word_1_466' title='bbox 3248 2171 3364 2232; x_wconf 87' lang='grc' dir='ltr'>ταῖς</span> <span class='ocrx_word' id='word_1_467' title='bbox 3403 2167 3690 2238; x_wconf 84' lang='grc' dir='ltr'>Ῥωμαίων</span> 
     </span>
    </p>
   </div>
   <div class='ocr_carea' id='block_1_68' title="bbox 2122 2259 3686 2332">
    <p class='ocr_par' dir='ltr' id='par_1_68' title="bbox 2122 2259 3686 2332">
     <span class='ocr_line' id='line_1_68' title="bbox 2122 2259 3686 2332; baseline -0.001 -20"><span class='ocrx_word' id='word_1_468' title='bbox 2122 2263 2402 2332; x_wconf 76' lang='grc' dir='ltr'>στρατιαῖς</span> <span class='ocrx_word' id='word_1_469' title='bbox 2435 2261 2515 2324; x_wconf 85' lang='grc' dir='ltr'><strong>είς</strong></span> <span class='ocrx_word' id='word_1_470' title='bbox 2569 2262 2867 2332; x_wconf 87' lang='grc' dir='ltr'>ἐρήμωσιν,</span> <span class='ocrx_word' id='word_1_471' title='bbox 2917 2262 2998 2324; x_wconf 84' lang='grc' dir='ltr'><strong>είς</strong></span> <span class='ocrx_word' id='word_1_472' title='bbox 3044 2259 3376 2332; x_wconf 81' lang='grc' dir='ltr'>διαρπαγὴν,</span> <span class='ocrx_word' id='word_1_473' title='bbox 3430 2263 3521 2313; x_wconf 77' lang='grc' dir='ltr'>καὶ</span> <span class='ocrx_word' id='word_1_474' title='bbox 3577 2259 3686 2311; x_wconf 86' lang='grc' dir='ltr'><strong>ἁπ-</strong></span> 
     </span>
    </p>
   </div>
   <div class='ocr_carea' id='block_1_69' title="bbox 2118 2345 3684 2422">
    <p class='ocr_par' dir='ltr' id='par_1_69' title="bbox 2118 2345 3684 2422">
     <span class='ocr_line' id='line_1_69' title="bbox 2118 2345 3684 2422; baseline -0.001 -19"><span class='ocrx_word' id='word_1_475' title='bbox 2118 2349 2402 2415; x_wconf 85' lang='grc' dir='ltr'>ολώλασιν,</span> <span class='ocrx_word' id='word_1_476' title='bbox 2431 2350 2671 2419; x_wconf 84' lang='grc' dir='ltr'>γυναίοις</span> <span class='ocrx_word' id='word_1_477' title='bbox 2714 2368 2774 2405; x_wconf 88' lang='grc' dir='ltr'><strong>τε</strong></span> <span class='ocrx_word' id='word_1_478' title='bbox 2816 2349 2975 2422; x_wconf 81' lang='grc' dir='ltr'>ὁμοῦ,</span> <span class='ocrx_word' id='word_1_479' title='bbox 3005 2353 3098 2406; x_wconf 76' lang='grc' dir='ltr'><strong>καὶ</strong></span> <span class='ocrx_word' id='word_1_480' title='bbox 3128 2352 3238 2414; x_wconf 87' lang='grc' dir='ltr'>τοῖς</span> <span class='ocrx_word' id='word_1_481' title='bbox 3267 2349 3576 2422; x_wconf 76' lang='grc' dir='ltr'>φιλτάτοις,</span> <span class='ocrx_word' id='word_1_482' title='bbox 3606 2345 3684 2401; x_wconf 72' lang='lat'><strong>0!-</strong></span> 
     </span>
    </p>
   </div>
   <div class='ocr_carea' id='block_1_70' title="bbox 2120 2439 3691 2515">
    <p class='ocr_par' dir='ltr' id='par_1_70' title="bbox 2120 2439 3691 2515">
     <span class='ocr_line' id='line_1_70' title="bbox 2120 2439 3691 2515; baseline -0.003 -19"><span class='ocrx_word' id='word_1_483' title='bbox 2120 2460 2238 2508; x_wconf 85' lang='grc' dir='ltr'>κοις</span> <span class='ocrx_word' id='word_1_484' title='bbox 2294 2460 2352 2496; x_wconf 83' lang='grc' dir='ltr'><strong>τε</strong></span> <span class='ocrx_word' id='word_1_485' title='bbox 2411 2444 2505 2499; x_wconf 76' lang='grc' dir='ltr'>καὶ</span> <span class='ocrx_word' id='word_1_486' title='bbox 2569 2444 2803 2514; x_wconf 83' lang='grc' dir='ltr'>πλούτῳ.</span> <span class='ocrx_word' id='word_1_487' title='bbox 2868 2444 3129 2513; x_wconf 82' lang='grc' dir='ltr'>Γεγόνασι</span> <span class='ocrx_word' id='word_1_488' title='bbox 3190 2443 3298 2515; x_wconf 85' lang='grc' dir='ltr'>γὰρ</span> <span class='ocrx_word' id='word_1_489' title='bbox 3350 2440 3553 2513; x_wconf 72' lang='grc' dir='ltr'>ἐτέρων</span> <span class='ocrx_word' id='word_1_490' title='bbox 3618 2439 3691 2493; x_wconf 82' lang='grc' dir='ltr'><strong>τά</strong></span> 
     </span>
    </p>
   </div>
   <div class='ocr_carea' id='block_1_71' title="bbox 2117 2532 3690 2607">
    <p class='ocr_par' dir='ltr' id='par_1_71' title="bbox 2117 2532 3690 2607">
     <span class='ocr_line' id='line_1_71' title="bbox 2117 2532 3690 2607; baseline 0 -21"><span class='ocrx_word' id='word_1_491' title='bbox 2117 2532 2193 2597; x_wconf 84' lang='grc' dir='ltr'><strong>ὡς</strong></span> <span class='ocrx_word' id='word_1_492' title='bbox 2229 2535 2287 2587; x_wconf 93' lang='grc' dir='ltr'><strong>ἐν</strong></span> <span class='ocrx_word' id='word_1_493' title='bbox 2330 2534 2559 2605; x_wconf 83' lang='grc' dir='ltr'>πλείστῃ</span> <span class='ocrx_word' id='word_1_494' title='bbox 2592 2536 2793 2606; x_wconf 78' lang='grc' dir='ltr'>σπουδῇ</span> <span class='ocrx_word' id='word_1_495' title='bbox 2835 2535 3322 2607; x_wconf 73' lang='grc' dir='ltr'>συναγηγερμὲνασ</span> <span class='ocrx_word' id='word_1_496' title='bbox 3382 2536 3589 2606; x_wconf 73' lang='grc' dir='ltr'>οἰκτροὶ</span> <span class='ocrx_word' id='word_1_497' title='bbox 3631 2533 3690 2586; x_wconf 77' lang='grc' dir='ltr'><strong>δέ</strong></span> 
     </span>
    </p>
   </div>
   <div class='ocr_carea' id='block_1_72' title="bbox 2118 2621 3692 2697">
    <p class='ocr_par' dir='ltr' id='par_1_72' title="bbox 2118 2621 3692 2697">
     <span class='ocr_line' id='line_1_72' title="bbox 2118 2621 3692 2697; baseline -0.001 -22"><span class='ocrx_word' id='word_1_498' title='bbox 2118 2621 2274 2676; x_wconf 69' lang='grc' dir='ltr'>αὐτοὶ</span> <span class='ocrx_word' id='word_1_499' title='bbox 2324 2623 2419 2677; x_wconf 55' lang='grc' dir='ltr'><strong>καὶ⁹</strong></span> <span class='ocrx_word' id='word_1_500' title='bbox 2463 2624 2680 2695; x_wconf 77' lang='grc' dir='ltr'>ἀλῆται,</span> <span class='ocrx_word' id='word_1_501' title='bbox 2725 2625 2817 2678; x_wconf 74' lang='grc' dir='ltr'><strong>καὶ</strong></span> <span class='ocrx_word' id='word_1_502' title='bbox 2868 2625 3005 2697; x_wconf 82' lang='grc' dir='ltr'>πρὸς</span> <span class='ocrx_word' id='word_1_503' title='bbox 3061 2624 3295 2695; x_wconf 81' lang='grc' dir='ltr'>ἐσχάτην</span> <span class='ocrx_word' id='word_1_504' title='bbox 3326 2623 3559 2695; x_wconf 79' lang='grc' dir='ltr'>ὁρῶνται</span> <span class='ocrx_word' id='word_1_505' title='bbox 3591 2639 3692 2675; x_wconf 86' lang='grc' dir='ltr'>τα-</span> 
     </span>
    </p>
   </div>
   <div class='ocr_carea' id='block_1_73' title="bbox 2118 2713 3689 2787">
    <p class='ocr_par' dir='ltr' id='par_1_73' title="bbox 2118 2713 3689 2787">
     <span class='ocr_line' id='line_1_73' title="bbox 2118 2713 3689 2787; baseline 0.001 -22"><span class='ocrx_word' id='word_1_506' title='bbox 2118 2713 2444 2786; x_wconf 84' lang='grc' dir='ltr'>λαιπωρίαν.</span> <span class='ocrx_word' id='word_1_507' title='bbox 2498 2716 2841 2787; x_wconf 83' lang='grc' dir='ltr'>Κατατρέχει</span> <span class='ocrx_word' id='word_1_508' title='bbox 2884 2716 3062 2770; x_wconf 82' lang='grc' dir='ltr'>τοίνυν</span> <span class='ocrx_word' id='word_1_509' title='bbox 3106 2718 3135 2769; x_wconf 91' lang='grc' dir='ltr'><strong>ό</strong></span> <span class='ocrx_word' id='word_1_510' title='bbox 3181 2716 3339 2784; x_wconf 86' lang='grc' dir='ltr'>λόγος</span> <span class='ocrx_word' id='word_1_511' title='bbox 3391 2714 3502 2768; x_wconf 86' lang='grc' dir='ltr'><strong>τῶν</strong></span> <span class='ocrx_word' id='word_1_512' title='bbox 3555 2713 3689 2786; x_wconf 82' lang='grc' dir='ltr'>παρ’</span> 
     </span>
    </p>
   </div>
   <div class='ocr_carea' id='block_1_74' title="bbox 2117 2800 3691 2880">
    <p class='ocr_par' dir='ltr' id='par_1_74' title="bbox 2117 2800 3691 2880">
     <span class='ocr_line' id='line_1_74' title="bbox 2117 2800 3691 2880; baseline -0.001 -21"><span class='ocrx_word' id='word_1_513' title='bbox 2117 2806 2301 2871; x_wconf 85' lang='grc' dir='ltr'>αὐτοῖς</span> <span class='ocrx_word' id='word_1_514' title='bbox 2350 2808 2645 2877; x_wconf 85' lang='grc' dir='ltr'>γυναικῶν,</span> <span class='ocrx_word' id='word_1_515' title='bbox 2699 2809 2864 2880; x_wconf 72' lang='grc' dir='ltr'>ἤγουν</span> <span class='ocrx_word' id='word_1_516' title='bbox 2908 2808 3016 2861; x_wconf 87' lang='grc' dir='ltr'><strong>τῶν</strong></span> <span class='ocrx_word' id='word_1_517' title='bbox 3065 2806 3379 2879; x_wconf 81' lang='grc' dir='ltr'>θυγατέρων</span> <span class='ocrx_word' id='word_1_518' title='bbox 3423 2800 3533 2859; x_wconf 76' lang='grc' dir='ltr'>οἷον</span> <span class='ocrx_word' id='word_1_519' title='bbox 3580 2803 3691 2857; x_wconf 90' lang='grc' dir='ltr'><strong>τῶν</strong></span> 
     </span>
    </p>
   </div>
   <div class='ocr_carea' id='block_1_75' title="bbox 2117 2894 3692 2970">
    <p class='ocr_par' dir='ltr' id='par_1_75' title="bbox 2117 2894 3692 2970">
     <span class='ocr_line' id='line_1_75' title="bbox 2117 2894 3692 2970; baseline -0.002 -20"><span class='ocrx_word' id='word_1_520' title='bbox 2117 2897 2400 2968; x_wconf 84' lang='grc' dir='ltr'>ἀρχουσῶν</span> <span class='ocrx_word' id='word_1_521' title='bbox 2460 2898 2726 2970; x_wconf 85' lang='grc' dir='ltr'>μάλιστα,</span> <span class='ocrx_word' id='word_1_522' title='bbox 2786 2898 2880 2952; x_wconf 73' lang='grc' dir='ltr'>καὶ</span> <span class='ocrx_word' id='word_1_523' title='bbox 2936 2896 3447 2967; x_wconf 84' lang='grc' dir='ltr'>περιφανεστέρων,</span> <span class='ocrx_word' id='word_1_524' title='bbox 3492 2896 3549 2948; x_wconf 84' lang='grc' dir='ltr'>αἲ</span> <span class='ocrx_word' id='word_1_525' title='bbox 3594 2894 3692 2948; x_wconf 78' lang='grc' dir='ltr'>καὶ</span> 
     </span>
    </p>
   </div>
   <div class='ocr_carea' id='block_1_76' title="bbox 2116 2980 3688 3061">
    <p class='ocr_par' dir='ltr' id='par_1_76' title="bbox 2116 2980 3688 3061">
     <span class='ocr_line' id='line_1_76' title="bbox 2116 2980 3688 3061; baseline -0.002 -20"><span class='ocrx_word' id='word_1_526' title='bbox 2116 2984 2258 3059; x_wconf 77' lang='grc' dir='ltr'>ἦσαν</span> <span class='ocrx_word' id='word_1_527' title='bbox 2286 2990 2394 3043; x_wconf 88' lang='grc' dir='ltr'><strong>τῶν</strong></span> <span class='ocrx_word' id='word_1_528' title='bbox 2429 2991 2736 3061; x_wconf 77' lang='grc' dir='ltr'>ἰσχυόντων,</span> <span class='ocrx_word' id='word_1_529' title='bbox 2770 2988 2861 3042; x_wconf 86' lang='grc' dir='ltr'><strong>καί</strong></span> <span class='ocrx_word' id='word_1_530' title='bbox 2896 3003 3090 3059; x_wconf 85' lang='grc' dir='ltr'>φησιν·</span> <span class='ocrx_word' id='word_1_531' title='bbox 3130 3005 3148 3038; x_wconf 76' lang='grc' dir='ltr'><strong>ι</strong></span> <span class='ocrx_word' id='word_1_532' title='bbox 3198 2986 3337 3039; x_wconf 80' lang='grc' dir='ltr'>’Λνθ⁹</span> <span class='ocrx_word' id='word_1_533' title='bbox 3365 2980 3438 3039; x_wconf 80' lang='grc' dir='ltr'>ὧν</span> <span class='ocrx_word' id='word_1_534' title='bbox 3469 2984 3688 3056; x_wconf 62' lang='grc' dir='ltr'>ὑψώθη-</span> 
     </span>
    </p>
   </div>
   <div class='ocr_carea' id='block_1_77' title="bbox 2124 3074 3691 3148">
    <p class='ocr_par' dir='ltr' id='par_1_77' title="bbox 2124 3074 3691 3148">
     <span class='ocr_line' id='line_1_77' title="bbox 2124 3074 3691 3148; baseline -0.003 -19"><span class='ocrx_word' id='word_1_535' title='bbox 2124 3094 2222 3129; x_wconf 86' lang='grc' dir='ltr'><strong>σαν</strong></span> <span class='ocrx_word' id='word_1_536' title='bbox 2276 3079 2331 3131; x_wconf 89' lang='grc' dir='ltr'><strong>αί</strong></span> <span class='ocrx_word' id='word_1_537' title='bbox 2378 3076 2672 3148; x_wconf 78' lang='grc' dir='ltr'>θυγατέρες</span> <span class='ocrx_word' id='word_1_538' title='bbox 2725 3077 2881 3143; x_wconf 85' lang='grc' dir='ltr'>Σιὼν,</span> <span class='ocrx_word' id='word_1_539' title='bbox 2935 3078 3027 3131; x_wconf 67' lang='grc' dir='ltr'>καὶ</span> <span class='ocrx_word' id='word_1_540' title='bbox 3076 3077 3452 3147; x_wconf 81' lang='grc' dir='ltr'>ἐπορεύθησαν</span> <span class='ocrx_word' id='word_1_541' title='bbox 3501 3074 3691 3146; x_wconf 62' lang='grc' dir='ltr'>ὑψηλῷ</span> 
     </span>
    </p>
   </div>
   <div class='ocr_carea' id='block_1_78' title="bbox 2119 3166 3687 3240">
    <p class='ocr_par' dir='ltr' id='par_1_78' title="bbox 2119 3166 3687 3240">
     <span class='ocr_line' id='line_1_78' title="bbox 2119 3166 3687 3240; baseline 0.001 -19"><span class='ocrx_word' id='word_1_542' title='bbox 2119 3168 2393 3239; x_wconf 75' lang='grc' dir='ltr'>τραχήλῳ,</span> <span class='ocrx_word' id='word_1_543' title='bbox 2430 3169 2524 3223; x_wconf 73' lang='grc' dir='ltr'>καὶ</span> <span class='ocrx_word' id='word_1_544' title='bbox 2570 3169 2834 3240; x_wconf 89' lang='grc' dir='ltr'>νεύμασιν</span> <span class='ocrx_word' id='word_1_545' title='bbox 2864 3168 3177 3239; x_wconf 83' lang='grc' dir='ltr'>ὀφθαλμῶν,</span> <span class='ocrx_word' id='word_1_546' title='bbox 3231 3187 3250 3219; x_wconf 70' lang='grc' dir='ltr'><strong>ι</strong></span> <span class='ocrx_word' id='word_1_547' title='bbox 3298 3167 3392 3221; x_wconf 80' lang='grc' dir='ltr'>καὶ</span> <span class='ocrx_word' id='word_1_548' title='bbox 3436 3167 3501 3220; x_wconf 83' lang='grc' dir='ltr'><strong>τά</strong></span> <span class='ocrx_word' id='word_1_549' title='bbox 3537 3166 3687 3235; x_wconf 77' lang='grc' dir='ltr'>ἐξῆς.</span> 
     </span>
    </p>
   </div>
   <div class='ocr_carea' id='block_1_79' title="bbox 2132 3255 3691 3332">
    <p class='ocr_par' dir='ltr' id='par_1_79' title="bbox 2132 3255 3691 3332">
     <span class='ocr_line' id='line_1_79' title="bbox 2132 3255 3691 3332; baseline -0.004 -18"><span class='ocrx_word' id='word_1_550' title='bbox 2132 3255 2453 3332; x_wconf 60' lang='grc' dir='ltr'>Ὑψώθησαν</span> <span class='ocrx_word' id='word_1_551' title='bbox 2500 3260 2556 3314; x_wconf 81' lang='grc' dir='ltr'>δὲ</span> <span class='ocrx_word' id='word_1_552' title='bbox 2586 3263 2646 3314; x_wconf 86' lang='grc' dir='ltr'><strong>οὐ</strong></span> <span class='ocrx_word' id='word_1_553' title='bbox 2693 3260 2833 3314; x_wconf 75' lang='grc' dir='ltr'>κατὰ</span> <span class='ocrx_word' id='word_1_554' title='bbox 2878 3261 3098 3332; x_wconf 70' lang='grc' dir='ltr'>ἀρετὴν,</span> <span class='ocrx_word' id='word_1_555' title='bbox 3132 3258 3246 3312; x_wconf 85' lang='grc' dir='ltr'>ἀλλ’</span> <span class='ocrx_word' id='word_1_556' title='bbox 3274 3258 3348 3323; x_wconf 86' lang='grc' dir='ltr'>ὼς</span> <span class='ocrx_word' id='word_1_557' title='bbox 3395 3259 3453 3310; x_wconf 85' lang='grc' dir='ltr'><strong>ἐν</strong></span> <span class='ocrx_word' id='word_1_558' title='bbox 3487 3260 3691 3328; x_wconf 68' lang='grc' dir='ltr'>φρονή-</span> 
     </span>
    </p>
   </div>
   <div class='ocr_carea' id='block_1_80' title="bbox 2121 3351 3687 3426">
    <p class='ocr_par' dir='ltr' id='par_1_80' title="bbox 2121 3351 3687 3426">
     <span class='ocr_line' id='line_1_80' title="bbox 2121 3351 3687 3426; baseline -0.005 -18"><span class='ocrx_word' id='word_1_559' title='bbox 2121 3372 2251 3425; x_wconf 83' lang='grc' dir='ltr'>ματι</span> <span class='ocrx_word' id='word_1_560' title='bbox 2299 3354 2543 3426; x_wconf 79' lang='grc' dir='ltr'>σαρκικῷ</span> <span class='ocrx_word' id='word_1_561' title='bbox 2578 3356 2671 3408; x_wconf 74' lang='grc' dir='ltr'>καὶ</span> <span class='ocrx_word' id='word_1_562' title='bbox 2715 3353 3087 3425; x_wconf 82' lang='grc' dir='ltr'>γεωδεστάτῳ.</span> <span class='ocrx_word' id='word_1_563' title='bbox 3127 3353 3286 3423; x_wconf 77' lang='grc' dir='ltr'>Μέγα</span> <span class='ocrx_word' id='word_1_564' title='bbox 3335 3351 3443 3422; x_wconf 76' lang='grc' dir='ltr'><strong>γὰρ</strong></span> <span class='ocrx_word' id='word_1_565' title='bbox 3483 3351 3687 3413; x_wconf 73' lang='grc' dir='ltr'>αὐτοῖς,</span> 
     </span>
    </p>
   </div>
   <div class='ocr_carea' id='block_1_81' title="bbox 2118 3441 3689 3518">
    <p class='ocr_par' dir='ltr' id='par_1_81' title="bbox 2118 3441 3689 3518">
     <span class='ocr_line' id='line_1_81' title="bbox 2118 3441 3689 3518; baseline -0.006 -18"><span class='ocrx_word' id='word_1_566' title='bbox 2118 3449 2192 3510; x_wconf 80' lang='grc' dir='ltr'>ὡς</span> <span class='ocrx_word' id='word_1_567' title='bbox 2226 3447 2382 3518; x_wconf 72' lang='grc' dir='ltr'>ἔφην,</span> <span class='ocrx_word' id='word_1_568' title='bbox 2414 3449 2629 3518; x_wconf 81' lang='grc' dir='ltr'>φρονεῖν</span> <span class='ocrx_word' id='word_1_569' title='bbox 2660 3447 2854 3512; x_wconf 85' lang='grc' dir='ltr'>ἐδόκει,</span> <span class='ocrx_word' id='word_1_570' title='bbox 2888 3448 2980 3500; x_wconf 73' lang='grc' dir='ltr'>ἐπὶ</span> <span class='ocrx_word' id='word_1_571' title='bbox 3010 3444 3241 3515; x_wconf 80' lang='grc' dir='ltr'>πλούτῳ,</span> <span class='ocrx_word' id='word_1_572' title='bbox 3291 3444 3381 3497; x_wconf 76' lang='grc' dir='ltr'>καὶ</span> <span class='ocrx_word' id='word_1_573' title='bbox 3412 3441 3559 3511; x_wconf 77' lang='grc' dir='ltr'>δόξῃ.</span> <span class='ocrx_word' id='word_1_574' title='bbox 3593 3443 3689 3494; x_wconf 78' lang='grc' dir='ltr'>καὶ</span> 
     </span>
    </p>
   </div>
   <div class='ocr_carea' id='block_1_82' title="bbox 2116 3533 3685 3609">
    <p class='ocr_par' dir='ltr' id='par_1_82' title="bbox 2116 3533 3685 3609">
     <span class='ocr_line' id='line_1_82' title="bbox 2116 3533 3685 3609; baseline -0.003 -21"><span class='ocrx_word' id='word_1_575' title='bbox 2116 3536 2416 3609; x_wconf 84' lang='grc' dir='ltr'>ὼραῐσμοῖς</span> <span class='ocrx_word' id='word_1_576' title='bbox 2462 3540 2574 3600; x_wconf 86' lang='grc' dir='ltr'>τοῖς</span> <span class='ocrx_word' id='word_1_577' title='bbox 2621 3536 2839 3603; x_wconf 77' lang='grc' dir='ltr'>ἔξωθεν,</span> <span class='ocrx_word' id='word_1_578' title='bbox 2888 3536 2979 3599; x_wconf 84' lang='grc' dir='ltr'>οὓς</span> <span class='ocrx_word' id='word_1_579' title='bbox 3005 3538 3069 3590; x_wconf 84' lang='grc' dir='ltr'><strong>ἐκ</strong></span> <span class='ocrx_word' id='word_1_580' title='bbox 3107 3536 3268 3589; x_wconf 85' lang='grc' dir='ltr'>λίθων</span> <span class='ocrx_word' id='word_1_581' title='bbox 3299 3536 3393 3588; x_wconf 75' lang='grc' dir='ltr'>καὶ</span> <span class='ocrx_word' id='word_1_582' title='bbox 3437 3533 3685 3603; x_wconf 80' lang='grc' dir='ltr'>χρυσίου.</span> 
     </span>
    </p>
   </div>
   <div class='ocr_carea' id='block_1_83' title="bbox 2117 3623 3688 3697">
    <p class='ocr_par' dir='ltr' id='par_1_83' title="bbox 2117 3623 3688 3697">
     <span class='ocr_line' id='line_1_83' title="bbox 2117 3623 3688 3697; baseline -0.003 -18"><span class='ocrx_word' id='word_1_583' title='bbox 2117 3627 2210 3680; x_wconf 73' lang='grc' dir='ltr'>καὶ</span> <span class='ocrx_word' id='word_1_584' title='bbox 2250 3627 2438 3696; x_wconf 80' lang='grc' dir='ltr'>στολῆς</span> <span class='ocrx_word' id='word_1_585' title='bbox 2476 3625 2725 3697; x_wconf 82' lang='grc' dir='ltr'>ποικίλης</span> <span class='ocrx_word' id='word_1_586' title='bbox 2775 3626 3110 3694; x_wconf 74' lang='grc' dir='ltr'>συλλέγουσι.</span> <span class='ocrx_word' id='word_1_587' title='bbox 3158 3625 3361 3695; x_wconf 77' lang='grc' dir='ltr'>Γράφει</span> <span class='ocrx_word' id='word_1_588' title='bbox 3395 3623 3450 3676; x_wconf 81' lang='grc' dir='ltr'>δὲ</span> <span class='ocrx_word' id='word_1_589' title='bbox 3483 3625 3614 3694; x_wconf 79' lang='grc' dir='ltr'>ἡμῖν</span> <span class='ocrx_word' id='word_1_590' title='bbox 3658 3623 3688 3674; x_wconf 86' lang='grc' dir='ltr'><strong>ό</strong></span> 
     </span>
    </p>
   </div>
   <div class='ocr_carea' id='block_1_84' title="bbox 2118 3714 3690 3788">
    <p class='ocr_par' dir='ltr' id='par_1_84' title="bbox 2118 3714 3690 3788">
     <span class='ocr_line' id='line_1_84' title="bbox 2118 3714 3690 3788; baseline 0.024 -20"><span class='ocrx_word' id='word_1_591' title='bbox 2118 3716 2456 3787; x_wconf 68' lang='grc' dir='ltr'>προφητικὸς</span> <span class='ocrx_word' id='word_1_592' title='bbox 2484 3719 2540 3770; x_wconf 81' lang='grc' dir='ltr'><strong>ἐν</strong></span> <span class='ocrx_word' id='word_1_593' title='bbox 2577 3716 2785 3780; x_wconf 79' lang='grc' dir='ltr'>τούτοις</span> <span class='ocrx_word' id='word_1_594' title='bbox 2819 3716 2973 3786; x_wconf 79' lang='grc' dir='ltr'>λόγος</span> <span class='ocrx_word' id='word_1_595' title='bbox 3014 3716 3268 3788; x_wconf 70' lang='grc' dir='ltr'><strong>φρόνημά</strong></span> <span class='ocrx_word' id='word_1_596' title='bbox 3295 3732 3355 3768; x_wconf 75' lang='grc' dir='ltr'><strong>τε</strong></span> <span class='ocrx_word' id='word_1_597' title='bbox 3385 3716 3477 3768; x_wconf 54' lang='grc' dir='ltr'>καὶ</span> <span class='ocrx_word' id='word_1_598' title='bbox 3505 3714 3690 3787; x_wconf 52' lang='grc' dir='ltr'><strong>ᾳχῆμα</strong></span> 
     </span>
    </p>
   </div>
   <div class='ocr_carea' id='block_1_85' title="bbox 2118 3805 3687 3878">
    <p class='ocr_par' dir='ltr' id='par_1_85' title="bbox 2118 3805 3687 3878">
     <span class='ocr_line' id='line_1_85' title="bbox 2118 3805 3687 3878; baseline -0.003 -19"><span class='ocrx_word' id='word_1_599' title='bbox 2118 3806 2400 3877; x_wconf 84' lang='grc' dir='ltr'>φιληδόνου</span> <span class='ocrx_word' id='word_1_600' title='bbox 2450 3823 2509 3859; x_wconf 85' lang='grc' dir='ltr'><strong>τε</strong></span> <span class='ocrx_word' id='word_1_601' title='bbox 2563 3806 2657 3861; x_wconf 74' lang='grc' dir='ltr'>καὶ</span> <span class='ocrx_word' id='word_1_602' title='bbox 2716 3808 2952 3878; x_wconf 83' lang='grc' dir='ltr'>άσέμνου</span> <span class='ocrx_word' id='word_1_603' title='bbox 3010 3808 3285 3876; x_wconf 79' lang='grc' dir='ltr'>γυναικὸς,</span> <span class='ocrx_word' id='word_1_604' title='bbox 3345 3808 3438 3859; x_wconf 72' lang='grc' dir='ltr'>καὶ</span> <span class='ocrx_word' id='word_1_605' title='bbox 3502 3805 3687 3874; x_wconf 78' lang='grc' dir='ltr'>κόσμῳ</span> 
     </span>
    </p>
   </div>
   <div class='ocr_carea' id='block_1_86' title="bbox 2117 3895 3687 3971">
    <p class='ocr_par' dir='ltr' id='par_1_86' title="bbox 2117 3895 3687 3971">
     <span class='ocr_line' id='line_1_86' title="bbox 2117 3895 3687 3971; baseline -0.002 -19"><span class='ocrx_word' id='word_1_606' title='bbox 2117 3899 2368 3968; x_wconf 82' lang='grc' dir='ltr'>διαφανεῖ</span> <span class='ocrx_word' id='word_1_607' title='bbox 2411 3900 2922 3971; x_wconf 72' lang='grc' dir='ltr'>κατηγλαῖσμὲνης,</span> <span class='ocrx_word' id='word_1_608' title='bbox 2964 3895 3075 3953; x_wconf 75' lang='grc' dir='ltr'>οἷον</span> <span class='ocrx_word' id='word_1_609' title='bbox 3121 3901 3185 3953; x_wconf 82' lang='grc' dir='ltr'><strong>ἐκ</strong></span> <span class='ocrx_word' id='word_1_610' title='bbox 3241 3900 3407 3970; x_wconf 80' lang='grc' dir='ltr'>μιᾶς,</span> <span class='ocrx_word' id='word_1_611' title='bbox 3468 3898 3687 3968; x_wconf 74' lang='grc' dir='ltr'>ἀπάσης</span> 
     </span>
    </p>
   </div>
   <div class='ocr_carea' id='block_1_87' title="bbox 2115 3989 3684 4063">
    <p class='ocr_par' dir='ltr' id='par_1_87' title="bbox 2115 3989 3684 4063">
     <span class='ocr_line' id='line_1_87' title="bbox 2115 3989 3684 4063; baseline -0.002 -18"><span class='ocrx_word' id='word_1_612' title='bbox 2115 3990 2216 4062; x_wconf 75' lang='grc' dir='ltr'>τῆς</span> <span class='ocrx_word' id='word_1_613' title='bbox 2239 4009 2310 4044; x_wconf 89' lang='grc' dir='ltr'><strong>πα</strong></span> <span class='ocrx_word' id='word_1_614' title='bbox 2320 3995 2365 4063; x_wconf 83' lang='grc' dir='ltr'>ρ’</span> <span class='ocrx_word' id='word_1_615' title='bbox 2385 3991 2565 4056; x_wconf 77' lang='grc' dir='ltr'>αὐτοῖς</span> <span class='ocrx_word' id='word_1_616' title='bbox 2589 3993 2844 4061; x_wconf 82' lang='grc' dir='ltr'>γυναικὸς</span> <span class='ocrx_word' id='word_1_617' title='bbox 2865 3992 3216 4057; x_wconf 75' lang='grc' dir='ltr'>καταδεικνύς</span> <span class='ocrx_word' id='word_1_618' title='bbox 3238 3991 3335 4063; x_wconf 79' lang='grc' dir='ltr'>τὴν</span> <span class='ocrx_word' id='word_1_619' title='bbox 3357 3993 3452 4060; x_wconf 87' lang='grc' dir='ltr'><strong>άγε</strong></span> <span class='ocrx_word' id='word_1_620' title='bbox 3464 3989 3684 4062; x_wconf 81' lang='grc' dir='ltr'>ρωχίαν.</span> 
     </span>
    </p>
   </div>
   <div class='ocr_carea' id='block_1_88' title="bbox 2129 4080 3687 4155">
    <p class='ocr_par' dir='ltr' id='par_1_88' title="bbox 2129 4080 3687 4155">
     <span class='ocr_line' id='line_1_88' title="bbox 2129 4080 3687 4155; baseline -0.003 -19"><span class='ocrx_word' id='word_1_621' title='bbox 2129 4082 2533 4155; x_wconf 83' lang='grc' dir='ltr'>Ἐπορεύθησαν</span> <span class='ocrx_word' id='word_1_622' title='bbox 2585 4083 2716 4154; x_wconf 85' lang='grc' dir='ltr'>γάρ,</span> <span class='ocrx_word' id='word_1_623' title='bbox 2767 4084 2952 4152; x_wconf 70' lang='grc' dir='ltr'>φησιν,</span> <span class='ocrx_word' id='word_1_624' title='bbox 3011 4083 3198 4154; x_wconf 64' lang='grc' dir='ltr'>ὑψηλῷ</span> <span class='ocrx_word' id='word_1_625' title='bbox 3252 4082 3536 4154; x_wconf 74' lang='grc' dir='ltr'>τραχήλῳ,</span> <span class='ocrx_word' id='word_1_626' title='bbox 3591 4080 3687 4135; x_wconf 71' lang='grc' dir='ltr'>καὶ</span> 
     </span>
    </p>
   </div>
   <div class='ocr_carea' id='block_1_89' title="bbox 2116 4172 3683 4245">
    <p class='ocr_par' dir='ltr' id='par_1_89' title="bbox 2116 4172 3683 4245">
     <span class='ocr_line' id='line_1_89' title="bbox 2116 4172 3683 4245; baseline -0.002 -18"><span class='ocrx_word' id='word_1_627' title='bbox 2116 4173 2380 4245; x_wconf 82' lang='grc' dir='ltr'>νεύμασιν</span> <span class='ocrx_word' id='word_1_628' title='bbox 2416 4174 2938 4245; x_wconf 76' lang='grc' dir='ltr'>ὀφθαλμῶνοικαίτοι</span> <span class='ocrx_word' id='word_1_629' title='bbox 2967 4173 3188 4242; x_wconf 55' lang='grc' dir='ltr'><strong>γυναικί¹</strong></span> <span class='ocrx_word' id='word_1_630' title='bbox 3213 4177 3277 4245; x_wconf 85' lang='grc' dir='ltr'><strong>τῇ</strong></span> <span class='ocrx_word' id='word_1_631' title='bbox 3311 4172 3683 4245; x_wconf 68' lang='grc' dir='ltr'>κοσμιωτάτῃ,</span> 
     </span>
    </p>
   </div>
   <div class='ocr_carea' id='block_1_90' title="bbox 2117 4263 3683 4338">
    <p class='ocr_par' dir='ltr' id='par_1_90' title="bbox 2117 4263 3683 4338">
     <span class='ocr_line' id='line_1_90' title="bbox 2117 4263 3683 4338; baseline -0.003 -19"><span class='ocrx_word' id='word_1_632' title='bbox 2117 4267 2208 4320; x_wconf 67' lang='grc' dir='ltr'>καὶ</span> <span class='ocrx_word' id='word_1_633' title='bbox 2253 4265 2344 4319; x_wconf 83' lang='grc' dir='ltr'><strong>τὸν</strong></span> <span class='ocrx_word' id='word_1_634' title='bbox 2395 4268 2454 4320; x_wconf 79' lang='grc' dir='ltr'><strong>ἐν</strong></span> <span class='ocrx_word' id='word_1_635' title='bbox 2500 4266 2788 4337; x_wconf 86' lang='grc' dir='ltr'>σεμνότητι</span> <span class='ocrx_word' id='word_1_636' title='bbox 2833 4268 2928 4319; x_wconf 72' lang='grc' dir='ltr'>καὶ</span> <span class='ocrx_word' id='word_1_637' title='bbox 2980 4269 3247 4338; x_wconf 82' lang='grc' dir='ltr'>ἐπιεικείᾳ</span> <span class='ocrx_word' id='word_1_638' title='bbox 3288 4263 3502 4337; x_wconf 78' lang='grc' dir='ltr'>τιμώσῃ</span> <span class='ocrx_word' id='word_1_639' title='bbox 3548 4263 3683 4334; x_wconf 82' lang='grc' dir='ltr'>βίον,</span> 
     </span>
    </p>
   </div>
   <div class='ocr_carea' id='block_1_91' title="bbox 2115 4355 3687 4430">
    <p class='ocr_par' dir='ltr' id='par_1_91' title="bbox 2115 4355 3687 4430">
     <span class='ocr_line' id='line_1_91' title="bbox 2115 4355 3687 4430; baseline -0.004 -15"><span class='ocrx_word' id='word_1_640' title='bbox 2115 4359 2278 4424; x_wconf 78' lang='grc' dir='ltr'>αἰδώς</span> <span class='ocrx_word' id='word_1_641' title='bbox 2306 4360 2364 4413; x_wconf 83' lang='grc' dir='ltr'>τὲ</span> <span class='ocrx_word' id='word_1_642' title='bbox 2412 4360 2557 4413; x_wconf 82' lang='grc' dir='ltr'>ἐστιν</span> <span class='ocrx_word' id='word_1_643' title='bbox 2586 4360 2667 4413; x_wconf 80' lang='grc' dir='ltr'>ὅτι</span> <span class='ocrx_word' id='word_1_644' title='bbox 2702 4359 2942 4430; x_wconf 80' lang='grc' dir='ltr'>μάλιστα</span> <span class='ocrx_word' id='word_1_645' title='bbox 2973 4359 3121 4429; x_wconf 83' lang='grc' dir='ltr'>φίλη,</span> <span class='ocrx_word' id='word_1_646' title='bbox 3158 4360 3252 4413; x_wconf 74' lang='grc' dir='ltr'><strong>καὶ</strong></span> <span class='ocrx_word' id='word_1_647' title='bbox 3286 4358 3485 4430; x_wconf 81' lang='grc' dir='ltr'>πρέποι</span> <span class='ocrx_word' id='word_1_648' title='bbox 3518 4356 3583 4411; x_wconf 83' lang='grc' dir='ltr'>ἂν</span> <span class='ocrx_word' id='word_1_649' title='bbox 3624 4355 3687 4408; x_wconf 76' lang='grc' dir='ltr'><strong>τὸ</strong></span> 
     </span>
    </p>
   </div>
   <div class='ocr_carea' id='block_1_92' title="bbox 445 4433 2013 4526">
    <p class='ocr_par' dir='ltr' id='par_1_92' title="bbox 445 4433 2011 4505">
     <span class='ocr_line' id='line_1_92' title="bbox 445 4433 2011 4505; baseline -0.001 -16"><span class='ocrx_word' id='word_1_650' title='bbox 445 4445 586 4501; x_wconf 90' lang='lat' dir='ltr'><strong>rent,</strong></span> <span class='ocrx_word' id='word_1_651' title='bbox 620 4435 957 4489; x_wconf 86' lang='lat' dir='ltr'><strong>intuentibus</strong></span> <span class='ocrx_word' id='word_1_652' title='bbox 989 4443 1320 4494; x_wconf 82' lang='lat' dir='ltr'><strong>annuereut,</strong></span> <span class='ocrx_word' id='word_1_653' title='bbox 1348 4433 1616 4487; x_wconf 82' lang='lat' dir='ltr'><strong>interdum</strong></span> <span class='ocrx_word' id='word_1_654' title='bbox 1668 4434 1833 4488; x_wconf 82' lang='lat' dir='ltr'><strong>etiam</strong></span> <span class='ocrx_word' id='word_1_655' title='bbox 1870 4435 2011 4505; x_wconf 73' lang='lat' dir='ltr'><strong>arri-</strong></span> 
     </span>
    </p>
   </div>
   <div class='ocr_carea' id='block_1_93' title="bbox 2115 4433 3687 4526">
    <p class='ocr_par' dir='ltr' id='par_1_93' title="bbox 2118 4448 3687 4526">
     <span class='ocr_line' id='line_1_93' title="bbox 2118 4448 3687 4526; baseline -0.003 -20"><span class='ocrx_word' id='word_1_656' title='bbox 2118 4452 2254 4525; x_wconf 82' lang='grc' dir='ltr'>μηδὲ</span> <span class='ocrx_word' id='word_1_657' title='bbox 2282 4453 2512 4526; x_wconf 75' lang='grc' dir='ltr'>ὁρᾶσθαι</span> <span class='ocrx_word' id='word_1_658' title='bbox 2548 4454 2659 4515; x_wconf 83' lang='grc' dir='ltr'>τοῖς</span> <span class='ocrx_word' id='word_1_659' title='bbox 2707 4451 2949 4522; x_wconf 77' lang='grc' dir='ltr'>ἀρρένων</span> <span class='ocrx_word' id='word_1_660' title='bbox 2980 4451 3276 4522; x_wconf 78' lang='grc' dir='ltr'>ὀφθαλμοῖς</span> <span class='ocrx_word' id='word_1_661' title='bbox 3303 4466 3316 4479; x_wconf 75' lang='grc'><strong><em>⁸</em></strong></span> <span class='ocrx_word' id='word_1_662' title='bbox 3357 4452 3413 4504; x_wconf 81' lang='grc' dir='ltr'>αἱ</span> <span class='ocrx_word' id='word_1_663' title='bbox 3444 4450 3502 4503; x_wconf 83' lang='grc' dir='ltr'>δὲ</span> <span class='ocrx_word' id='word_1_664' title='bbox 3550 4448 3687 4520; x_wconf 83' lang='grc' dir='ltr'>πρὸς</span> 
     </span>
    </p>
   </div>
   <div class='ocr_carea' id='block_1_94' title="bbox 443 4524 2012 4594">
    <p class='ocr_par' dir='ltr' id='par_1_94' title="bbox 443 4524 2012 4594">
     <span class='ocr_line' id='line_1_94' title="bbox 443 4524 2012 4594; baseline 0 -15"><span class='ocrx_word' id='word_1_665' title='bbox 443 4530 657 4590; x_wconf 86' lang='lat' dir='ltr'><strong>derent,</strong></span> <span class='ocrx_word' id='word_1_666' title='bbox 687 4533 740 4578; x_wconf 90' lang='lat' dir='ltr'><strong>et</strong></span> <span class='ocrx_word' id='word_1_667' title='bbox 798 4526 906 4579; x_wconf 79' lang='lat' dir='ltr'><strong>risu</strong></span> <span class='ocrx_word' id='word_1_668' title='bbox 969 4526 1356 4594; x_wconf 90' lang='lat' dir='ltr'><strong>propemodum</strong></span> <span class='ocrx_word' id='word_1_669' title='bbox 1414 4538 1472 4579; x_wconf 91' lang='lat' dir='ltr'><strong>se</strong></span> <span class='ocrx_word' id='word_1_670' title='bbox 1523 4524 1858 4579; x_wconf 87' lang='lat' dir='ltr'><strong>intuentibus</strong></span> <span class='ocrx_word' id='word_1_671' title='bbox 1885 4540 2012 4579; x_wconf 86' lang='lat' dir='ltr'><strong>con-</strong></span> 
     </span>
    </p>
   </div>
   <div class='ocr_carea' id='block_1_95' title="bbox 442 4614 2014 4687">
    <p class='ocr_par' dir='ltr' id='par_1_95' title="bbox 442 4614 2014 4687">
     <span class='ocr_line' id='line_1_95' title="bbox 442 4614 2014 4687; baseline 0.001 -17"><span class='ocrx_word' id='word_1_672' title='bbox 442 4630 687 4687; x_wconf 76' lang='lat' dir='ltr'><strong>gressum</strong></span> <span class='ocrx_word' id='word_1_673' title='bbox 731 4615 1135 4683; x_wconf 83' lang='lat' dir='ltr'><strong>promitterent.</strong></span> <span class='ocrx_word' id='word_1_674' title='bbox 1173 4614 1271 4669; x_wconf 79' lang='lat' dir='ltr'><strong>Est</strong></span> <span class='ocrx_word' id='word_1_675' title='bbox 1301 4616 1446 4669; x_wconf 88' lang='lat' dir='ltr'><strong>enim</strong></span> <span class='ocrx_word' id='word_1_676' title='bbox 1508 4616 1852 4670; x_wconf 87' lang='lat' dir='ltr'><strong>meretricius</strong></span> <span class='ocrx_word' id='word_1_677' title='bbox 1897 4618 2014 4671; x_wconf 90' lang='lat' dir='ltr'><strong>aui-</strong></span> 
     </span>
    </p>
   </div>
   <div class='ocr_carea' id='block_1_96' title="bbox 442 4704 1999 4775">
    <p class='ocr_par' dir='ltr' id='par_1_96' title="bbox 442 4704 1999 4775">
     <span class='ocr_line' id='line_1_96' title="bbox 442 4704 1999 4775; baseline 0.001 -15"><span class='ocrx_word' id='word_1_678' title='bbox 442 4722 561 4761; x_wconf 85' lang='lat' dir='ltr'><strong>mns</strong></span> <span class='ocrx_word' id='word_1_679' title='bbox 594 4705 861 4760; x_wconf 86' lang='lat' dir='ltr'><strong>instabilis</strong></span> <span class='ocrx_word' id='word_1_680' title='bbox 887 4720 1101 4775; x_wconf 78' lang='lat' dir='ltr'><strong>semper</strong></span> <span class='ocrx_word' id='word_1_681' title='bbox 1143 4717 1197 4760; x_wconf 91' lang='lat' dir='ltr'><strong>et</strong></span> <span class='ocrx_word' id='word_1_682' title='bbox 1231 4704 1474 4772; x_wconf 83' lang='lat' dir='ltr'><strong>ﬂuctuat,</strong></span> <span class='ocrx_word' id='word_1_683' title='bbox 1517 4707 1854 4775; x_wconf 82' lang='lat' dir='ltr'><strong>multumque</strong></span> <span class='ocrx_word' id='word_1_684' title='bbox 1885 4707 1999 4762; x_wconf 90' lang='lat' dir='ltr'><strong>otio</strong></span> 
     </span>
    </p>
   </div>
   <div class='ocr_carea' id='block_1_97' title="bbox 440 4795 2009 4867">
    <p class='ocr_par' dir='ltr' id='par_1_97' title="bbox 440 4795 2009 4867">
     <span class='ocr_line' id='line_1_97' title="bbox 440 4795 2009 4867; baseline -0.001 -14"><span class='ocrx_word' id='word_1_685' title='bbox 440 4796 655 4862; x_wconf 80' lang='lat' dir='ltr'><strong>dilﬂuit,</strong></span> <span class='ocrx_word' id='word_1_686' title='bbox 681 4797 821 4851; x_wconf 89' lang='lat' dir='ltr'><strong>unde</strong></span> <span class='ocrx_word' id='word_1_687' title='bbox 842 4795 1011 4864; x_wconf 76' lang='lat' dir='ltr'><strong>major</strong></span> <span class='ocrx_word' id='word_1_688' title='bbox 1037 4797 1253 4850; x_wconf 79' lang='lat' dir='ltr'><strong>exsistit</strong></span> <span class='ocrx_word' id='word_1_689' title='bbox 1277 4797 1345 4851; x_wconf 91' lang='lat' dir='ltr'><strong>ad</strong></span> <span class='ocrx_word' id='word_1_690' title='bbox 1371 4797 1671 4867; x_wconf 80' lang='lat' dir='ltr'><strong>voluptates</strong></span> <span class='ocrx_word' id='word_1_691' title='bbox 1700 4800 2009 4867; x_wconf 86' lang='lat' dir='ltr'><strong>propensio.</strong></span> 
     </span>
    </p>
   </div>
   <div class='ocr_carea' id='block_1_98' title="bbox 440 4890 2009 4963">
    <p class='ocr_par' dir='ltr' id='par_1_98' title="bbox 440 4890 2009 4963">
     <span class='ocr_line' id='line_1_98' title="bbox 440 4890 2009 4963; baseline 0 -18"><span class='ocrx_word' id='word_1_692' title='bbox 440 4894 638 4963; x_wconf 83' lang='lat' dir='ltr'><strong>Ubjicit</strong></span> <span class='ocrx_word' id='word_1_693' title='bbox 691 4901 871 4945; x_wconf 90' lang='lat' dir='ltr'><strong>autem</strong></span> <span class='ocrx_word' id='word_1_694' title='bbox 916 4901 964 4944; x_wconf 89' lang='lat' dir='ltr'><strong>et</strong></span> <span class='ocrx_word' id='word_1_695' title='bbox 1002 4890 1109 4945; x_wconf 89' lang='lat' dir='ltr'><strong>illis</strong></span> <span class='ocrx_word' id='word_1_696' title='bbox 1132 4891 1338 4943; x_wconf 85' lang='lat' dir='ltr'><strong>crimen</strong></span> <span class='ocrx_word' id='word_1_697' title='bbox 1379 4890 1625 4959; x_wconf 61' lang='lat' dir='ltr'><strong>desidiae,</strong></span> <span class='ocrx_word' id='word_1_698' title='bbox 1676 4901 1731 4947; x_wconf 89' lang='lat' dir='ltr'><strong>et</strong></span> <span class='ocrx_word' id='word_1_699' title='bbox 1779 4893 2009 4945; x_wconf 76' lang='lat' dir='ltr'><strong>scortari</strong></span> 
     </span>
    </p>
   </div>
   <div class='ocr_carea' id='block_1_99' title="bbox 439 4982 2002 5051">
    <p class='ocr_par' dir='ltr' id='par_1_99' title="bbox 439 4982 2002 5051">
     <span class='ocr_line' id='line_1_99' title="bbox 439 4982 2002 5051; baseline 0.001 -15"><span class='ocrx_word' id='word_1_700' title='bbox 439 4987 609 5040; x_wconf 86' lang='lat' dir='ltr'><strong>dicit:</strong></span> <span class='ocrx_word' id='word_1_701' title='bbox 643 4982 806 5041; x_wconf 84' lang='lat' dir='ltr'><strong>simul</strong></span> <span class='ocrx_word' id='word_1_702' title='bbox 858 4984 1078 5037; x_wconf 83' lang='lat' dir='ltr'><strong>trahunt</strong></span> <span class='ocrx_word' id='word_1_703' title='bbox 1118 4982 1335 5036; x_wconf 87' lang='lat' dir='ltr'><strong>tunicas</strong></span> <span class='ocrx_word' id='word_1_704' title='bbox 1378 4992 1445 5035; x_wconf 70' lang='lat' dir='ltr'><strong>et</strong></span> <span class='ocrx_word' id='word_1_705' title='bbox 1498 4982 1725 5037; x_wconf 87' lang='lat' dir='ltr'><strong>lusitaut</strong></span> <span class='ocrx_word' id='word_1_706' title='bbox 1756 4982 2002 5051; x_wconf 90' lang='lat' dir='ltr'><strong>pedibus.</strong></span> 
     </span>
    </p>
   </div>
   <div class='ocr_carea' id='block_1_100' title="bbox 441 5069 2007 5140">
    <p class='ocr_par' dir='ltr' id='par_1_100' title="bbox 441 5069 2007 5140">
     <span class='ocr_line' id='line_1_100' title="bbox 441 5069 2007 5140; baseline -0.003 -11"><span class='ocrx_word' id='word_1_707' title='bbox 441 5074 708 5130; x_wconf 83' lang='lat' dir='ltr'><strong>Nimirum</strong></span> <span class='ocrx_word' id='word_1_708' title='bbox 752 5072 1047 5127; x_wconf 86' lang='lat' dir='ltr'><strong>verisimile</strong></span> <span class='ocrx_word' id='word_1_709' title='bbox 1078 5081 1163 5126; x_wconf 88' lang='lat' dir='ltr'><strong>est</strong></span> <span class='ocrx_word' id='word_1_710' title='bbox 1193 5080 1247 5126; x_wconf 87' lang='lat' dir='ltr'><strong>et</strong></span> <span class='ocrx_word' id='word_1_711' title='bbox 1275 5069 1377 5124; x_wconf 89' lang='lat' dir='ltr'><strong>hoc</strong></span> <span class='ocrx_word' id='word_1_712' title='bbox 1405 5069 1473 5123; x_wconf 90' lang='lat' dir='ltr'><strong>ab</strong></span> <span class='ocrx_word' id='word_1_713' title='bbox 1507 5070 1613 5124; x_wconf 85' lang='lat' dir='ltr'><strong>illis</strong></span> <span class='ocrx_word' id='word_1_714' title='bbox 1672 5070 1740 5124; x_wconf 87' lang='lat' dir='ltr'><strong>ad</strong></span> <span class='ocrx_word' id='word_1_715' title='bbox 1787 5071 2007 5140; x_wconf 77' lang='lat' dir='ltr'><strong>elegan-</strong></span> 
     </span>
    </p>
   </div>
   <div class='ocr_carea' id='block_1_101' title="bbox 381 5162 2009 5243">
    <p class='ocr_par' dir='ltr' id='par_1_101' title="bbox 381 5162 2009 5243">
     <span class='ocr_line' id='line_1_101' title="bbox 381 5162 2009 5243; baseline -0.001 -23"><span class='ocrx_word' id='word_1_716' title='bbox 381 5174 387 5243; x_wconf 61' lang='grc' dir='ltr'>ς</span> <span class='ocrx_word' id='word_1_717' title='bbox 441 5169 568 5221; x_wconf 88' lang='lat' dir='ltr'><strong>tiam</strong></span> <span class='ocrx_word' id='word_1_718' title='bbox 592 5166 965 5237; x_wconf 88' lang='lat' dir='ltr'><strong>complendam</strong></span> <span class='ocrx_word' id='word_1_719' title='bbox 1030 5162 1143 5217; x_wconf 81' lang='lat' dir='ltr'><strong>ﬂeri</strong></span> <span class='ocrx_word' id='word_1_720' title='bbox 1193 5180 1207 5216; x_wconf 90' lang='lat'><strong>:</strong></span> <span class='ocrx_word' id='word_1_721' title='bbox 1250 5172 1441 5232; x_wconf 87' lang='lat' dir='ltr'><strong>estque</strong></span> <span class='ocrx_word' id='word_1_722' title='bbox 1492 5163 1857 5218; x_wconf 88' lang='lat' dir='ltr'><strong>meretricium</strong></span> <span class='ocrx_word' id='word_1_723' title='bbox 1906 5164 2009 5218; x_wconf 87' lang='lat' dir='ltr'><strong>hoc</strong></span> 
     </span>
    </p>
   </div>
   <div class='ocr_carea' id='block_1_102' title="bbox 440 5254 2003 5328">
    <p class='ocr_par' dir='ltr' id='par_1_102' title="bbox 440 5254 2003 5328">
     <span class='ocr_line' id='line_1_102' title="bbox 440 5254 2003 5328; baseline -0.003 -14"><span class='ocrx_word' id='word_1_724' title='bbox 440 5259 766 5326; x_wconf 89' lang='lat' dir='ltr'><strong>institutum,</strong></span> <span class='ocrx_word' id='word_1_725' title='bbox 797 5267 850 5313; x_wconf 92' lang='lat' dir='ltr'><strong>et</strong></span> <span class='ocrx_word' id='word_1_726' title='bbox 882 5254 1299 5310; x_wconf 86' lang='lat' dir='ltr'><strong>abominationis</strong></span> <span class='ocrx_word' id='word_1_727' title='bbox 1320 5265 1577 5311; x_wconf 64' lang='lat' dir='ltr'><strong>extremae</strong></span> <span class='ocrx_word' id='word_1_728' title='bbox 1605 5266 2003 5328; x_wconf 82' lang='lat' dir='ltr'><strong>argumentum.</strong></span> 
     </span>
    </p>
   </div>
   <div class='ocr_carea' id='block_1_103' title="bbox 438 5347 2004 5426">
    <p class='ocr_par' dir='ltr' id='par_1_103' title="bbox 438 5347 2004 5426">
     <span class='ocr_line' id='line_1_103' title="bbox 438 5347 2004 5426; baseline -0.001 -22"><span class='ocrx_word' id='word_1_729' title='bbox 438 5350 551 5426; x_wconf 72' lang='lat'><strong>69</strong></span> <span class='ocrx_word' id='word_1_730' title='bbox 582 5351 715 5405; x_wconf 73' lang='lat' dir='ltr'><strong>Nam</strong></span> <span class='ocrx_word' id='word_1_731' title='bbox 753 5350 840 5405; x_wconf 92' lang='lat' dir='ltr'><strong>ubi</strong></span> <span class='ocrx_word' id='word_1_732' title='bbox 865 5348 1059 5419; x_wconf 89' lang='lat' dir='ltr'><strong>pedum</strong></span> <span class='ocrx_word' id='word_1_733' title='bbox 1084 5348 1344 5417; x_wconf 90' lang='lat' dir='ltr'><strong>strepitus</strong></span> <span class='ocrx_word' id='word_1_734' title='bbox 1374 5364 1498 5403; x_wconf 91' lang='lat' dir='ltr'><strong>cum</strong></span> <span class='ocrx_word' id='word_1_735' title='bbox 1531 5347 1864 5402; x_wconf 88' lang='lat' dir='ltr'><strong>carminibus</strong></span> <span class='ocrx_word' id='word_1_736' title='bbox 1901 5365 2004 5402; x_wconf 82' lang='lat' dir='ltr'><strong>nu-</strong></span> 
     </span>
    </p>
   </div>
   <div class='ocr_carea' id='block_1_104' title="bbox 442 5443 2004 5510">
    <p class='ocr_par' dir='ltr' id='par_1_104' title="bbox 442 5443 2004 5510">
     <span class='ocr_line' id='line_1_104' title="bbox 442 5443 2004 5510; baseline -0.004 -7"><span class='ocrx_word' id='word_1_737' title='bbox 442 5446 673 5503; x_wconf 84' lang='lat' dir='ltr'><strong>merosis</strong></span> <span class='ocrx_word' id='word_1_738' title='bbox 697 5447 989 5510; x_wconf 84' lang='lat' dir='ltr'><strong>consentit,</strong></span> <span class='ocrx_word' id='word_1_739' title='bbox 1038 5443 1113 5500; x_wconf 90' lang='lat' dir='ltr'><strong>ibi</strong></span> <span class='ocrx_word' id='word_1_740' title='bbox 1144 5443 1398 5498; x_wconf 86' lang='lat' dir='ltr'><strong>videlicet</strong></span> <span class='ocrx_word' id='word_1_741' title='bbox 1432 5444 1654 5496; x_wconf 91' lang='lat' dir='ltr'><strong>omnino</strong></span> <span class='ocrx_word' id='word_1_742' title='bbox 1674 5449 1728 5495; x_wconf 89' lang='lat' dir='ltr'><strong>et</strong></span> <span class='ocrx_word' id='word_1_743' title='bbox 1752 5455 2004 5496; x_wconf 87' lang='lat' dir='ltr'><strong>manuum</strong></span> 
     </span>
    </p>
   </div>
   <div class='ocr_carea' id='block_1_105' title="bbox 439 5532 1999 5607">
    <p class='ocr_par' dir='ltr' id='par_1_105' title="bbox 439 5532 1999 5607">
     <span class='ocr_line' id='line_1_105' title="bbox 439 5532 1999 5607; baseline -0.004 -12"><span class='ocrx_word' id='word_1_744' title='bbox 439 5540 680 5607; x_wconf 84' lang='lat' dir='ltr'><strong>ipsarum</strong></span> <span class='ocrx_word' id='word_1_745' title='bbox 715 5537 933 5605; x_wconf 81' lang='lat' dir='ltr'><strong>plausus</strong></span> <span class='ocrx_word' id='word_1_746' title='bbox 967 5546 1208 5601; x_wconf 83' lang='lat' dir='ltr'><strong>resonat,</strong></span> <span class='ocrx_word' id='word_1_747' title='bbox 1257 5545 1313 5593; x_wconf 91' lang='lat' dir='ltr'><strong>et</strong></span> <span class='ocrx_word' id='word_1_748' title='bbox 1339 5548 1499 5590; x_wconf 87' lang='lat' dir='ltr'><strong>omne</strong></span> <span class='ocrx_word' id='word_1_749' title='bbox 1522 5548 1692 5602; x_wconf 81' lang='lat' dir='ltr'><strong>genus</strong></span> <span class='ocrx_word' id='word_1_750' title='bbox 1719 5532 1999 5598; x_wconf 67' lang='lat' dir='ltr'><strong>foeditatis,</strong></span> 
     </span>
    </p>
   </div>
   <div class='ocr_carea' id='block_1_106' title="bbox 439 5626 2001 5700">
    <p class='ocr_par' dir='ltr' id='par_1_106' title="bbox 439 5626 2001 5700">
     <span class='ocr_line' id='line_1_106' title="bbox 439 5626 2001 5700; baseline -0.001 -18"><span class='ocrx_word' id='word_1_751' title='bbox 439 5638 495 5683; x_wconf 87' lang='lat' dir='ltr'><strong>et</strong></span> <span class='ocrx_word' id='word_1_752' title='bbox 533 5628 833 5684; x_wconf 87' lang='lat' dir='ltr'><strong>invitantur</strong></span> <span class='ocrx_word' id='word_1_753' title='bbox 862 5636 1198 5698; x_wconf 86' lang='lat' dir='ltr'><strong>spectatores</strong></span> <span class='ocrx_word' id='word_1_754' title='bbox 1229 5628 1295 5681; x_wconf 86' lang='lat' dir='ltr'><strong>ad</strong></span> <span class='ocrx_word' id='word_1_755' title='bbox 1343 5628 1748 5700; x_wconf 88' lang='lat' dir='ltr'><strong>turpitudinem.</strong></span> <span class='ocrx_word' id='word_1_756' title='bbox 1800 5626 1913 5681; x_wconf 87' lang='lat' dir='ltr'><strong>Sub</strong></span> <span class='ocrx_word' id='word_1_757' title='bbox 1949 5627 2001 5681; x_wconf 90' lang='lat' dir='ltr'><strong>id</strong></span> 
     </span>
    </p>
   </div>
   <div class='ocr_carea' id='block_1_107' title="bbox 439 5717 1996 5791">
    <p class='ocr_par' dir='ltr' id='par_1_107' title="bbox 439 5717 1996 5791">
     <span class='ocr_line' id='line_1_107' title="bbox 439 5717 1996 5791; baseline 0.001 -17"><span class='ocrx_word' id='word_1_758' title='bbox 439 5734 571 5778; x_wconf 86' lang='lat' dir='ltr'><strong>vero</strong></span> <span class='ocrx_word' id='word_1_759' title='bbox 597 5729 803 5791; x_wconf 84' lang='lat' dir='ltr'><strong>tempus</strong></span> <span class='ocrx_word' id='word_1_760' title='bbox 839 5717 1123 5788; x_wconf 85' lang='lat' dir='ltr'><strong>deprimet,</strong></span> <span class='ocrx_word' id='word_1_761' title='bbox 1150 5717 1346 5786; x_wconf 82' lang='lat' dir='ltr'><strong>inquit,</strong></span> <span class='ocrx_word' id='word_1_762' title='bbox 1392 5718 1533 5775; x_wconf 86' lang='lat' dir='ltr'><strong>Deus</strong></span> <span class='ocrx_word' id='word_1_763' title='bbox 1559 5720 1828 5791; x_wconf 86' lang='lat' dir='ltr'><strong>principes</strong></span> <span class='ocrx_word' id='word_1_764' title='bbox 1860 5719 1996 5776; x_wconf 79' lang='lat' dir='ltr'><strong>tilias</strong></span> 
     </span>
    </p>
   </div>
   <div class='ocr_carea' id='block_1_108' title="bbox 2114 4540 3685 4613">
    <p class='ocr_par' dir='ltr' id='par_1_108' title="bbox 2114 4540 3685 4613">
     <span class='ocr_line' id='line_1_108' title="bbox 2114 4540 3685 4613; baseline -0.001 -17"><span class='ocrx_word' id='word_1_765' title='bbox 2114 4543 2274 4596; x_wconf 79' lang='grc' dir='ltr'>τοῦτο</span> <span class='ocrx_word' id='word_1_766' title='bbox 2298 4541 2589 4608; x_wconf 80' lang='grc' dir='ltr'>ἐξώκειλαν</span> <span class='ocrx_word' id='word_1_767' title='bbox 2624 4542 2853 4613; x_wconf 72' lang='grc' dir='ltr'>βλαϐίας</span> <span class='ocrx_word' id='word_1_768' title='bbox 2887 4559 2948 4594; x_wconf 83' lang='grc' dir='ltr'><strong>τε</strong></span> <span class='ocrx_word' id='word_1_769' title='bbox 2981 4542 3117 4613; x_wconf 83' lang='grc' dir='ltr'>ὁμοῦ</span> <span class='ocrx_word' id='word_1_770' title='bbox 3147 4543 3243 4596; x_wconf 72' lang='grc' dir='ltr'>καὶ</span> <span class='ocrx_word' id='word_1_771' title='bbox 3276 4540 3685 4613; x_wconf 80' lang='grc' dir='ltr'>ἀναισχυντίας,</span> 
     </span>
    </p>
   </div>
   <div class='ocr_carea' id='block_1_109' title="bbox 2113 4633 3686 4706">
    <p class='ocr_par' dir='ltr' id='par_1_109' title="bbox 2113 4633 3686 4706">
     <span class='ocr_line' id='line_1_109' title="bbox 2113 4633 3686 4706; baseline -0.002 -18"><span class='ocrx_word' id='word_1_772' title='bbox 2113 4635 2190 4698; x_wconf 85' lang='grc' dir='ltr'>ὡς</span> <span class='ocrx_word' id='word_1_773' title='bbox 2218 4635 2548 4706; x_wconf 79' lang='grc' dir='ltr'>ἐπιδεικτιᾷν</span> <span class='ocrx_word' id='word_1_774' title='bbox 2579 4636 2637 4688; x_wconf 84' lang='grc' dir='ltr'><strong>ἐν</strong></span> <span class='ocrx_word' id='word_1_775' title='bbox 2668 4634 2931 4705; x_wconf 83' lang='grc' dir='ltr'>προόδοις,</span> <span class='ocrx_word' id='word_1_776' title='bbox 2959 4634 3053 4687; x_wconf 69' lang='grc' dir='ltr'>καὶ</span> <span class='ocrx_word' id='word_1_777' title='bbox 3084 4633 3261 4706; x_wconf 79' lang='grc' dir='ltr'>αἴρειν</span> <span class='ocrx_word' id='word_1_778' title='bbox 3294 4634 3394 4705; x_wconf 78' lang='grc' dir='ltr'>μὲν</span> <span class='ocrx_word' id='word_1_779' title='bbox 3426 4633 3560 4704; x_wconf 56' lang='grc' dir='ltr'>ὑψοῦ</span> <span class='ocrx_word' id='word_1_780' title='bbox 3592 4633 3686 4686; x_wconf 84' lang='grc' dir='ltr'><strong>τὸν</strong></span> 
     </span>
    </p>
   </div>
   <div class='ocr_carea' id='block_1_110' title="bbox 2112 4724 3688 4797">
    <p class='ocr_par' dir='ltr' id='par_1_110' title="bbox 2112 4724 3688 4797">
     <span class='ocr_line' id='line_1_110' title="bbox 2112 4724 3688 4797; baseline -0.002 -17"><span class='ocrx_word' id='word_1_781' title='bbox 2112 4726 2347 4797; x_wconf 81' lang='grc' dir='ltr'>αὐχένα,</span> <span class='ocrx_word' id='word_1_782' title='bbox 2375 4724 2638 4779; x_wconf 84' lang='grc' dir='ltr'>διανεύειν</span> <span class='ocrx_word' id='word_1_783' title='bbox 2679 4725 2736 4778; x_wconf 85' lang='grc' dir='ltr'><strong>δέ</strong></span> <span class='ocrx_word' id='word_1_784' title='bbox 2784 4728 2893 4789; x_wconf 90' lang='grc' dir='ltr'>τοῖς</span> <span class='ocrx_word' id='word_1_785' title='bbox 2933 4725 3130 4797; x_wconf 86' lang='grc' dir='ltr'>ὁρῶσιν</span> <span class='ocrx_word' id='word_1_786' title='bbox 3173 4726 3366 4790; x_wconf 82' lang='grc' dir='ltr'>αὐτὰς,</span> <span class='ocrx_word' id='word_1_787' title='bbox 3421 4742 3688 4795; x_wconf 87' lang='grc' dir='ltr'>προσμει-</span> 
     </span>
    </p>
   </div>
   <div class='ocr_carea' id='block_1_111' title="bbox 2112 4812 3683 4885">
    <p class='ocr_par' dir='ltr' id='par_1_111' title="bbox 2112 4812 3683 4885">
     <span class='ocr_line' id='line_1_111' title="bbox 2112 4812 3683 4885; baseline -0.004 -16"><span class='ocrx_word' id='word_1_788' title='bbox 2112 4816 2301 4880; x_wconf 83' lang='grc' dir='ltr'>διάσας</span> <span class='ocrx_word' id='word_1_789' title='bbox 2341 4814 2450 4868; x_wconf 75' lang='grc' dir='ltr'>ἐσθ’</span> <span class='ocrx_word' id='word_1_790' title='bbox 2479 4815 2589 4881; x_wconf 86' lang='grc' dir='ltr'>ὅτε,</span> <span class='ocrx_word' id='word_1_791' title='bbox 2639 4814 2733 4868; x_wconf 70' lang='grc' dir='ltr'>καὶ</span> <span class='ocrx_word' id='word_1_792' title='bbox 2779 4815 3061 4885; x_wconf 76' lang='grc' dir='ltr'>μονονουχὶ</span> <span class='ocrx_word' id='word_1_793' title='bbox 3110 4812 3189 4884; x_wconf 81' lang='grc' dir='ltr'><strong>τῷ</strong></span> <span class='ocrx_word' id='word_1_794' title='bbox 3234 4812 3430 4882; x_wconf 85' lang='grc' dir='ltr'>γέλωτι</span> <span class='ocrx_word' id='word_1_795' title='bbox 3472 4812 3683 4864; x_wconf 76' lang='grc' dir='ltr'>καθυπο</span> 
     </span>
    </p>
   </div>
   <div class='ocr_carea' id='block_1_112' title="bbox 2058 4900 3685 4975">
    <p class='ocr_par' dir='ltr' id='par_1_112' title="bbox 2058 4900 3685 4975">
     <span class='ocr_line' id='line_1_112' title="bbox 2058 4900 3685 4975; baseline -0.001 -22"><span class='ocrx_word' id='word_1_796' title='bbox 2058 4944 2069 4953; x_wconf 88' lang='grc'><strong>.</strong></span> <span class='ocrx_word' id='word_1_797' title='bbox 2117 4903 2473 4975; x_wconf 82' lang='grc' dir='ltr'>ισχνουμένας</span> <span class='ocrx_word' id='word_1_798' title='bbox 2502 4903 2602 4974; x_wconf 65' lang='grc' dir='ltr'>ἤδη</span> <span class='ocrx_word' id='word_1_799' title='bbox 2654 4905 2767 4966; x_wconf 89' lang='grc' dir='ltr'>τοῖς</span> <span class='ocrx_word' id='word_1_800' title='bbox 2821 4902 2986 4973; x_wconf 87' lang='grc' dir='ltr'>ὁρῶσι</span> <span class='ocrx_word' id='word_1_801' title='bbox 3030 4903 3130 4973; x_wconf 79' lang='grc' dir='ltr'>τὴν</span> <span class='ocrx_word' id='word_1_802' title='bbox 3170 4900 3406 4955; x_wconf 89' lang='grc' dir='ltr'>σύνοδον.</span> <span class='ocrx_word' id='word_1_803' title='bbox 3468 4900 3685 4971; x_wconf 81' lang='grc' dir='ltr'>’Υδαρεὶ</span> 
     </span>
    </p>
   </div>
   <div class='ocr_carea' id='block_1_113' title="bbox 2113 4991 3685 5065">
    <p class='ocr_par' dir='ltr' id='par_1_113' title="bbox 2113 4991 3685 5065">
     <span class='ocr_line' id='line_1_113' title="bbox 2113 4991 3685 5065; baseline -0.003 -18"><span class='ocrx_word' id='word_1_804' title='bbox 2113 4994 2223 5065; x_wconf 77' lang='grc' dir='ltr'><strong>γὰρ</strong></span> <span class='ocrx_word' id='word_1_805' title='bbox 2248 4995 2334 5048; x_wconf 74' lang='grc' dir='ltr'><strong>ἀεὶ</strong></span> <span class='ocrx_word' id='word_1_806' title='bbox 2357 4994 2419 5048; x_wconf 77' lang='grc' dir='ltr'><strong>τὸ</strong></span> <span class='ocrx_word' id='word_1_807' title='bbox 2443 4993 2697 5065; x_wconf 83' lang='grc' dir='ltr'>πορνικὸν</span> <span class='ocrx_word' id='word_1_808' title='bbox 2723 4991 2978 5064; x_wconf 82' lang='grc' dir='ltr'>φρόνημά</span> <span class='ocrx_word' id='word_1_809' title='bbox 3007 4994 3142 5058; x_wconf 86' lang='grc' dir='ltr'>ἐστι,</span> <span class='ocrx_word' id='word_1_810' title='bbox 3169 4994 3264 5048; x_wconf 71' lang='grc' dir='ltr'>καὶ</span> <span class='ocrx_word' id='word_1_811' title='bbox 3290 4992 3425 5046; x_wconf 86' lang='grc' dir='ltr'><strong>πολύ</strong></span> <span class='ocrx_word' id='word_1_812' title='bbox 3453 4991 3685 5062; x_wconf 77' lang='grc' dir='ltr'>χαλᾶται</span> 
     </span>
    </p>
   </div>
   <div class='ocr_carea' id='block_1_114' title="bbox 2115 5083 3687 5158">
    <p class='ocr_par' dir='ltr' id='par_1_114' title="bbox 2115 5083 3687 5158">
     <span class='ocr_line' id='line_1_114' title="bbox 2115 5083 3687 5158; baseline -0.004 -18"><span class='ocrx_word' id='word_1_813' title='bbox 2115 5086 2250 5158; x_wconf 86' lang='grc' dir='ltr'>πρὸς</span> <span class='ocrx_word' id='word_1_814' title='bbox 2276 5084 2597 5158; x_wconf 78' lang='grc' dir='ltr'>ἑτοιμότητα</span> <span class='ocrx_word' id='word_1_815' title='bbox 2623 5084 2720 5156; x_wconf 77' lang='grc' dir='ltr'>τὴν</span> <span class='ocrx_word' id='word_1_816' title='bbox 2749 5085 2828 5148; x_wconf 87' lang='grc' dir='ltr'><strong>είς</strong></span> <span class='ocrx_word' id='word_1_817' title='bbox 2865 5083 3076 5155; x_wconf 75' lang='grc' dir='ltr'>ἡδονὰς,</span> <span class='ocrx_word' id='word_1_818' title='bbox 3112 5084 3370 5139; x_wconf 84' lang='grc' dir='ltr'>ἐπιτείνει</span> <span class='ocrx_word' id='word_1_819' title='bbox 3397 5083 3452 5135; x_wconf 80' lang='grc' dir='ltr'>δὲ</span> <span class='ocrx_word' id='word_1_820' title='bbox 3490 5083 3687 5144; x_wconf 84' lang='grc' dir='ltr'>αὐταῖς</span> 
     </span>
    </p>
   </div>
   <div class='ocr_carea' id='block_1_115' title="bbox 2112 5170 3687 5248">
    <p class='ocr_par' dir='ltr' id='par_1_115' title="bbox 2112 5170 3687 5248">
     <span class='ocr_line' id='line_1_115' title="bbox 2112 5170 3687 5248; baseline -0.007 -18"><span class='ocrx_word' id='word_1_821' title='bbox 2112 5176 2181 5230; x_wconf 69' lang='grc' dir='ltr'>τὰ</span> <span class='ocrx_word' id='word_1_822' title='bbox 2206 5177 2303 5247; x_wconf 79' lang='grc' dir='ltr'>τῆς</span> <span class='ocrx_word' id='word_1_823' title='bbox 2333 5175 2604 5248; x_wconf 70' lang='grc' dir='ltr'>ῥᾳθυμίας</span> <span class='ocrx_word' id='word_1_824' title='bbox 2644 5175 2982 5248; x_wconf 76' lang='grc' dir='ltr'>ἐγκλήματα,</span> <span class='ocrx_word' id='word_1_825' title='bbox 3016 5176 3110 5229; x_wconf 80' lang='grc' dir='ltr'>καὶ</span> <span class='ocrx_word' id='word_1_826' title='bbox 3149 5170 3546 5244; x_wconf 83' lang='grc' dir='ltr'>πεπορνεῦσθαί</span> <span class='ocrx_word' id='word_1_827' title='bbox 3574 5187 3687 5239; x_wconf 77' lang='grc' dir='ltr'>φη·-</span> 
     </span>
    </p>
   </div>
   <div class='ocr_carea' id='block_1_116' title="bbox 2106 5261 3685 5339">
    <p class='ocr_par' dir='ltr' id='par_1_116' title="bbox 2106 5261 3685 5339">
     <span class='ocr_line' id='line_1_116' title="bbox 2106 5261 3685 5339; baseline -0.006 -14"><span class='ocrx_word' id='word_1_828' title='bbox 2106 5283 2222 5333; x_wconf 88' lang='grc' dir='ltr'>.σιν,</span> <span class='ocrx_word' id='word_1_829' title='bbox 2259 5268 2374 5339; x_wconf 74' lang='grc' dir='ltr'>ἅμα</span> <span class='ocrx_word' id='word_1_830' title='bbox 2429 5267 2700 5339; x_wconf 86' lang='grc' dir='ltr'>συρούσας</span> <span class='ocrx_word' id='word_1_831' title='bbox 2753 5269 2878 5332; x_wconf 79' lang='grc' dir='ltr'>τοὺς</span> <span class='ocrx_word' id='word_1_832' title='bbox 2932 5267 3184 5338; x_wconf 85' lang='grc' dir='ltr'>χιτῶνας,</span> <span class='ocrx_word' id='word_1_833' title='bbox 3240 5265 3333 5317; x_wconf 83' lang='grc' dir='ltr'>καὶ</span> <span class='ocrx_word' id='word_1_834' title='bbox 3384 5261 3685 5326; x_wconf 79' lang='grc' dir='ltr'>παιζούσας</span> 
     </span>
    </p>
   </div>
   <div class='ocr_carea' id='block_1_117' title="bbox 2113 5354 3684 5432">
    <p class='ocr_par' dir='ltr' id='par_1_117' title="bbox 2113 5354 3684 5432">
     <span class='ocr_line' id='line_1_117' title="bbox 2113 5354 3684 5432; baseline -0.005 -17"><span class='ocrx_word' id='word_1_835' title='bbox 2113 5363 2226 5425; x_wconf 86' lang='grc' dir='ltr'>τοῖς</span> <span class='ocrx_word' id='word_1_836' title='bbox 2254 5361 2432 5415; x_wconf 89' lang='grc' dir='ltr'>ποσίν.</span> <span class='ocrx_word' id='word_1_837' title='bbox 2461 5361 2619 5425; x_wconf 80' lang='grc' dir='ltr'>Εἰκὸς</span> <span class='ocrx_word' id='word_1_838' title='bbox 2645 5361 2702 5414; x_wconf 83' lang='grc' dir='ltr'><strong>δέ</strong></span> <span class='ocrx_word' id='word_1_839' title='bbox 2728 5356 2796 5432; x_wconf 79' lang='grc' dir='ltr'>ἦν</span> <span class='ocrx_word' id='word_1_840' title='bbox 2816 5360 3046 5424; x_wconf 76' lang='grc' dir='ltr'>οἴεσθαι,</span> <span class='ocrx_word' id='word_1_841' title='bbox 3069 5354 3341 5411; x_wconf 78' lang='grc' dir='ltr'>καὶτοῦτο</span> <span class='ocrx_word' id='word_1_842' title='bbox 3371 5356 3451 5418; x_wconf 87' lang='grc' dir='ltr'><strong>είς</strong></span> <span class='ocrx_word' id='word_1_843' title='bbox 3475 5355 3684 5427; x_wconf 89' lang='grc' dir='ltr'>κόσμον</span> 
     </span>
    </p>
   </div>
   <div class='ocr_carea' id='block_1_118' title="bbox 2114 5446 3683 5523">
    <p class='ocr_par' dir='ltr' id='par_1_118' title="bbox 2114 5446 3683 5523">
     <span class='ocr_line' id='line_1_118' title="bbox 2114 5446 3683 5523; baseline -0.004 -18"><span class='ocrx_word' id='word_1_844' title='bbox 2114 5453 2386 5506; x_wconf 86' lang='grc' dir='ltr'>συντελεῖν</span> <span class='ocrx_word' id='word_1_845' title='bbox 2417 5453 2640 5516; x_wconf 78' lang='grc' dir='ltr'>αὐταῖςο</span> <span class='ocrx_word' id='word_1_846' title='bbox 2685 5449 2939 5523; x_wconf 85' lang='grc' dir='ltr'>πορνικὸν</span> <span class='ocrx_word' id='word_1_847' title='bbox 2987 5448 3044 5501; x_wconf 85' lang='grc' dir='ltr'>δὲ</span> <span class='ocrx_word' id='word_1_848' title='bbox 3083 5447 3145 5501; x_wconf 80' lang='grc' dir='ltr'><strong>τὸ</strong></span> <span class='ocrx_word' id='word_1_849' title='bbox 3177 5446 3540 5520; x_wconf 79' lang='grc' dir='ltr'>ἐπιτήδευμα,</span> <span class='ocrx_word' id='word_1_850' title='bbox 3586 5446 3683 5499; x_wconf 72' lang='grc' dir='ltr'>καὶ</span> 
     </span>
    </p>
   </div>
   <div class='ocr_carea' id='block_1_119' title="bbox 2064 5536 3681 5616">
    <p class='ocr_par' dir='ltr' id='par_1_119' title="bbox 2064 5536 3681 5616">
     <span class='ocr_line' id='line_1_119' title="bbox 2064 5536 3681 5616; baseline -0.003 -23"><span class='ocrx_word' id='word_1_851' title='bbox 2064 5580 2073 5593; x_wconf 87' lang='grc'><strong>.</strong></span> <span class='ocrx_word' id='word_1_852' title='bbox 2113 5543 2394 5616; x_wconf 83' lang='grc' dir='ltr'>βδελυρίας</span> <span class='ocrx_word' id='word_1_853' title='bbox 2421 5543 2694 5609; x_wconf 79' lang='grc' dir='ltr'>ἀπόδειξις</span> <span class='ocrx_word' id='word_1_854' title='bbox 2724 5543 2822 5612; x_wconf 86' lang='grc' dir='ltr'>τῆς</span> <span class='ocrx_word' id='word_1_855' title='bbox 2865 5540 3119 5612; x_wconf 79' lang='grc' dir='ltr'>ἐσχάτης.</span> <span class='ocrx_word' id='word_1_856' title='bbox 3158 5540 3333 5592; x_wconf 87' lang='grc' dir='ltr'>Ὅπου</span> <span class='ocrx_word' id='word_1_857' title='bbox 3373 5538 3481 5609; x_wconf 78' lang='grc' dir='ltr'><strong>γάρ</strong></span> <span class='ocrx_word' id='word_1_858' title='bbox 3518 5540 3547 5591; x_wconf 93' lang='grc' dir='ltr'><strong>ό</strong></span> <span class='ocrx_word' id='word_1_859' title='bbox 3570 5536 3681 5590; x_wconf 88' lang='grc' dir='ltr'><strong>τῶν</strong></span> 
     </span>
    </p>
   </div>
   <div class='ocr_carea' id='block_1_120' title="bbox 2111 5629 3682 5706">
    <p class='ocr_par' dir='ltr' id='par_1_120' title="bbox 2111 5629 3682 5706">
     <span class='ocr_line' id='line_1_120' title="bbox 2111 5629 3682 5706; baseline -0.006 -16"><span class='ocrx_word' id='word_1_860' title='bbox 2111 5635 2287 5689; x_wconf 85' lang='grc' dir='ltr'>ποδῶν</span> <span class='ocrx_word' id='word_1_861' title='bbox 2354 5634 2557 5699; x_wconf 82' lang='grc' dir='ltr'>κτύπος</span> <span class='ocrx_word' id='word_1_862' title='bbox 2618 5634 2909 5706; x_wconf 77' lang='grc' dir='ltr'>εὐρύθμοις</span> <span class='ocrx_word' id='word_1_863' title='bbox 2964 5631 3172 5704; x_wconf 78' lang='grc' dir='ltr'>ᾇσμασι</span> <span class='ocrx_word' id='word_1_864' title='bbox 3238 5632 3493 5702; x_wconf 82' lang='grc' dir='ltr'>συνηχεῖ,</span> <span class='ocrx_word' id='word_1_865' title='bbox 3565 5629 3682 5682; x_wconf 76' lang='grc' dir='ltr'>ἐκεῖ</span> 
     </span>
    </p>
   </div>
   <div class='ocr_carea' id='block_1_121' title="bbox 2105 5718 3680 5794">
    <p class='ocr_par' dir='ltr' id='par_1_121' title="bbox 2105 5718 3680 5794">
     <span class='ocr_line' id='line_1_121' title="bbox 2105 5718 3680 5794; baseline -0.004 -16"><span class='ocrx_word' id='word_1_866' title='bbox 2105 5742 2204 5779; x_wconf 89' lang='grc' dir='ltr'><strong>που</strong></span> <span class='ocrx_word' id='word_1_867' title='bbox 2255 5723 2477 5788; x_wconf 84' lang='grc' dir='ltr'>πάντως</span> <span class='ocrx_word' id='word_1_868' title='bbox 2532 5724 2626 5778; x_wconf 69' lang='grc' dir='ltr'><strong>καὶ</strong></span> <span class='ocrx_word' id='word_1_869' title='bbox 2691 5722 2851 5787; x_wconf 77' lang='grc' dir='ltr'>αὐτὸς</span> <span class='ocrx_word' id='word_1_870' title='bbox 2906 5723 2933 5776; x_wconf 86' lang='grc' dir='ltr'><strong>ό</strong></span> <span class='ocrx_word' id='word_1_871' title='bbox 2980 5721 3067 5776; x_wconf 72' lang='grc' dir='ltr'><strong>διὰ</strong></span> <span class='ocrx_word' id='word_1_872' title='bbox 3126 5720 3326 5794; x_wconf 79' lang='grc' dir='ltr'>χειρῶν</span> <span class='ocrx_word' id='word_1_873' title='bbox 3375 5718 3680 5775; x_wconf 79' lang='grc' dir='ltr'>άνακτυπεί</span> 
     </span>
    </p>
   </div>
  </div>
