  <div class='ocr_page' id='page_1' title='image "/cluster/home/n/w/nwhite01/storage/ocr_20150623/70/hvd.32044073501991/068.png"; bbox 0 0 4012 6216; ppageno 0'>
   <div class='ocr_carea' id='block_1_1' title="bbox 251 317 353 374">
    <p class='ocr_par' dir='ltr' id='par_1_1' title="bbox 251 317 353 374">
     <span class='ocr_line' id='line_1_1' title="bbox 251 317 353 374; baseline 0 0"><span class='ocrx_word' id='word_1_1' title='bbox 251 317 353 374; x_wconf 69' lang='grc' dir='ltr'>ηε</span> 
     </span>
    </p>
   </div>
   <div class='ocr_carea' id='block_1_2' title="bbox 1383 317 1897 380">
    <p class='ocr_par' dir='ltr' id='par_1_2' title="bbox 1383 317 1897 380">
     <span class='ocr_line' id='line_1_2' title="bbox 1383 317 1897 380; baseline 0.008 -9"><span class='ocrx_word' id='word_1_2' title='bbox 1383 317 1454 372; x_wconf 85' lang='grc' dir='ltr'><strong>ΙΝ</strong></span> <span class='ocrx_word' id='word_1_3' title='bbox 1495 317 1729 380; x_wconf 69' lang='grc' dir='ltr'>ιεΑιΑιι</span> <span class='ocrx_word' id='word_1_4' title='bbox 1769 319 1897 375; x_wconf 79' lang='grc' dir='ltr'><strong>ιω.</strong></span> 
     </span>
    </p>
   </div>
   <div class='ocr_carea' id='block_1_3' title="bbox 1944 309 3518 372">
    <p class='ocr_par' dir='ltr' id='par_1_3' title="bbox 1944 309 3518 372">
     <span class='ocr_line' id='line_1_3' title="bbox 1944 309 3518 372; baseline -0.006 0"><span class='ocrx_word' id='word_1_5' title='bbox 1944 319 1983 372; x_wconf 91' lang='grc'>1.</span> <span class='ocrx_word' id='word_1_6' title='bbox 2021 314 2230 371; x_wconf 75' lang='grc' dir='ltr'>οιιΑΤ.</span> <span class='ocrx_word' id='word_1_7' title='bbox 2270 314 2355 370; x_wconf 89' lang='lat' dir='ltr'><strong>lil.</strong></span> <span class='ocrx_word' id='word_1_8' title='bbox 3422 309 3518 363; x_wconf 72' lang='lat' dir='ltr'><strong>l26</strong></span> 
     </span>
    </p>
   </div>
   <div class='ocr_carea' id='block_1_4' title="bbox 250 426 1820 506">
    <p class='ocr_par' dir='ltr' id='par_1_4' title="bbox 250 430 1820 506">
     <span class='ocr_line' id='line_1_4' title="bbox 250 430 1820 506; baseline -0.001 -17"><span class='ocrx_word' id='word_1_9' title='bbox 250 449 360 489; x_wconf 86' lang='grc' dir='ltr'><strong>κων</strong></span> <span class='ocrx_word' id='word_1_10' title='bbox 390 431 502 486; x_wconf 84' lang='grc' dir='ltr'><strong>τῶν</strong></span> <span class='ocrx_word' id='word_1_11' title='bbox 536 430 979 504; x_wconf 73' lang='grc' dir='ltr'>τιθυμιαμένων,</span> <span class='ocrx_word' id='word_1_12' title='bbox 1015 431 1314 504; x_wconf 73' lang='grc' dir='ltr'>όδοιπορίαι</span> <span class='ocrx_word' id='word_1_13' title='bbox 1363 436 1571 506; x_wconf 78' lang='grc' dir='ltr'>μακραὶ</span> <span class='ocrx_word' id='word_1_14' title='bbox 1615 436 1709 488; x_wconf 79' lang='grc' dir='ltr'>καὶ</span> <span class='ocrx_word' id='word_1_15' title='bbox 1739 451 1820 488; x_wconf 84' lang='grc' dir='ltr'>κο-</span> 
     </span>
    </p>
   </div>
   <div class='ocr_carea' id='block_1_5' title="bbox 1925 426 3519 506">
    <p class='ocr_par' dir='ltr' id='par_1_5' title="bbox 1935 426 3519 500">
     <span class='ocr_line' id='line_1_5' title="bbox 1935 426 3519 500; baseline -0.004 -14"><span class='ocrx_word' id='word_1_16' title='bbox 1935 428 2097 486; x_wconf 80' lang='lat' dir='ltr'><strong>etiam</strong></span> <span class='ocrx_word' id='word_1_17' title='bbox 2138 434 2244 487; x_wconf 89' lang='lat' dir='ltr'><strong>illis</strong></span> <span class='ocrx_word' id='word_1_18' title='bbox 2279 449 2379 500; x_wconf 92' lang='lat' dir='ltr'><strong>pro</strong></span> <span class='ocrx_word' id='word_1_19' title='bbox 2417 433 2774 487; x_wconf 89' lang='lat' dir='ltr'><strong>odoramento</strong></span> <span class='ocrx_word' id='word_1_20' title='bbox 2807 428 2959 484; x_wconf 81' lang='lat' dir='ltr'><strong>suavi</strong></span> <span class='ocrx_word' id='word_1_21' title='bbox 3006 427 3169 491; x_wconf 89' lang='lat' dir='ltr'><strong>cinis,</strong></span> <span class='ocrx_word' id='word_1_22' title='bbox 3205 426 3255 481; x_wconf 83' lang='lat' dir='ltr'><strong>id</strong></span> <span class='ocrx_word' id='word_1_23' title='bbox 3285 434 3388 489; x_wconf 85' lang='lat' dir='ltr'><strong>est,</strong></span> <span class='ocrx_word' id='word_1_24' title='bbox 3421 441 3519 496; x_wconf 88' lang='lat' dir='ltr'><strong>pro</strong></span> 
     </span>
    </p>
   </div>
   <div class='ocr_carea' id='block_1_6' title="bbox 249 520 1833 594">
    <p class='ocr_par' dir='ltr' id='par_1_6' title="bbox 249 520 1833 594">
     <span class='ocr_line' id='line_1_6' title="bbox 249 520 1833 594; baseline 0 -17"><span class='ocrx_word' id='word_1_25' title='bbox 249 520 592 594; x_wconf 63' lang='grc' dir='ltr'>νιορτώδειςξ</span> <span class='ocrx_word' id='word_1_26' title='bbox 620 521 1050 591; x_wconf 77' lang='grc' dir='ltr'><strong>ἀποφερομένων</strong></span> <span class='ocrx_word' id='word_1_27' title='bbox 1091 521 1271 574; x_wconf 81' lang='grc' dir='ltr'>αὐτῶν</span> <span class='ocrx_word' id='word_1_28' title='bbox 1323 525 1403 585; x_wconf 83' lang='grc' dir='ltr'><strong>είς</strong></span> <span class='ocrx_word' id='word_1_29' title='bbox 1455 522 1833 593; x_wconf 77' lang='grc' dir='ltr'><strong>αἰχμαλωσίαν</strong></span> 
     </span>
    </p>
   </div>
   <div class='ocr_carea' id='block_1_7' title="bbox 217 611 1833 686">
    <p class='ocr_par' dir='ltr' id='par_1_7' title="bbox 217 611 1833 686">
     <span class='ocr_line' id='line_1_7' title="bbox 217 611 1833 686; baseline 0 -18"><span class='ocrx_word' id='word_1_30' title='bbox 217 615 540 686; x_wconf 79' lang='grc' dir='ltr'>’τρυφεροῖς</span> <span class='ocrx_word' id='word_1_31' title='bbox 579 611 662 665; x_wconf 74' lang='grc' dir='ltr'>ἔτι</span> <span class='ocrx_word' id='word_1_32' title='bbox 704 611 855 668; x_wconf 85' lang='grc' dir='ltr'>ποσί.</span> <span class='ocrx_word' id='word_1_33' title='bbox 884 611 996 665; x_wconf 74' lang='grc' dir='ltr'><strong>Καὶ</strong></span> <span class='ocrx_word' id='word_1_34' title='bbox 1029 611 1152 682; x_wconf 72' lang='grc' dir='ltr'>οὐχ).</span> <span class='ocrx_word' id='word_1_35' title='bbox 1193 611 1258 681; x_wconf 81' lang='grc' dir='ltr'>δὴ</span> <span class='ocrx_word' id='word_1_36' title='bbox 1290 612 1448 666; x_wconf 85' lang='grc' dir='ltr'>τοῦτο</span> <span class='ocrx_word' id='word_1_37' title='bbox 1486 615 1666 684; x_wconf 83' lang='grc' dir='ltr'>μόνον,</span> <span class='ocrx_word' id='word_1_38' title='bbox 1697 613 1833 668; x_wconf 89' lang='grc' dir='ltr'><strong>ἀλλά</strong></span> 
     </span>
    </p>
   </div>
   <div class='ocr_carea' id='block_1_8' title="bbox 246 703 1832 776">
    <p class='ocr_par' dir='ltr' id='par_1_8' title="bbox 246 703 1832 776">
     <span class='ocr_line' id='line_1_8' title="bbox 246 703 1832 776; baseline 0.001 -18"><span class='ocrx_word' id='word_1_39' title='bbox 246 706 354 776; x_wconf 74' lang='grc' dir='ltr'>γὰρ</span> <span class='ocrx_word' id='word_1_40' title='bbox 378 704 474 758; x_wconf 75' lang='grc' dir='ltr'>καὶ</span> <span class='ocrx_word' id='word_1_41' title='bbox 505 703 724 758; x_wconf 78' lang='grc' dir='ltr'>ἔσονται</span> <span class='ocrx_word' id='word_1_42' title='bbox 753 705 846 757; x_wconf 64' lang='grc' dir='ltr'><strong>καὶ⁵</strong></span> <span class='ocrx_word' id='word_1_43' title='bbox 869 705 927 758; x_wconf 73' lang='grc' dir='ltr'>ἐν</span> <span class='ocrx_word' id='word_1_44' title='bbox 947 705 1209 775; x_wconf 78' lang='grc' dir='ltr'>σχήματι,</span> <span class='ocrx_word' id='word_1_45' title='bbox 1239 705 1330 758; x_wconf 79' lang='grc' dir='ltr'>καὶ</span> <span class='ocrx_word' id='word_1_46' title='bbox 1362 706 1420 758; x_wconf 79' lang='grc' dir='ltr'>ὲν</span> <span class='ocrx_word' id='word_1_47' title='bbox 1449 705 1576 760; x_wconf 80' lang='grc' dir='ltr'>εἴδει</span> <span class='ocrx_word' id='word_1_48' title='bbox 1606 705 1683 776; x_wconf 82' lang='grc' dir='ltr'><strong>τῷ</strong></span> <span class='ocrx_word' id='word_1_49' title='bbox 1711 705 1832 760; x_wconf 89' lang='grc' dir='ltr'>λίαν</span> 
     </span>
    </p>
   </div>
   <div class='ocr_carea' id='block_1_9' title="bbox 242 793 1829 867">
    <p class='ocr_par' dir='ltr' id='par_1_9' title="bbox 242 793 1829 867">
     <span class='ocr_line' id='line_1_9' title="bbox 242 793 1829 867; baseline -0.001 -16"><span class='ocrx_word' id='word_1_50' title='bbox 242 795 600 866; x_wconf 79' lang='grc' dir='ltr'>ἁτιμωτάτῳ,</span> <span class='ocrx_word' id='word_1_51' title='bbox 634 795 713 859; x_wconf 84' lang='grc' dir='ltr'><strong>ὡς</strong></span> <span class='ocrx_word' id='word_1_52' title='bbox 740 796 863 850; x_wconf 72' lang='grc' dir='ltr'>ἀντὶ</span> <span class='ocrx_word' id='word_1_53' title='bbox 899 793 1076 864; x_wconf 81' lang='grc' dir='ltr'>ζώνης</span> <span class='ocrx_word' id='word_1_54' title='bbox 1105 794 1316 865; x_wconf 80' lang='grc' dir='ltr'><strong>χρυσῆς</strong></span> <span class='ocrx_word' id='word_1_55' title='bbox 1360 796 1578 866; x_wconf 85' lang='grc' dir='ltr'>σχοινίῳ</span> <span class='ocrx_word' id='word_1_56' title='bbox 1611 797 1829 867; x_wconf 81' lang='grc' dir='ltr'>περιδε-</span> 
     </span>
    </p>
   </div>
   <div class='ocr_carea' id='block_1_10' title="bbox 234 885 1833 959">
    <p class='ocr_par' dir='ltr' id='par_1_10' title="bbox 234 885 1833 959">
     <span class='ocr_line' id='line_1_10' title="bbox 234 885 1833 959; baseline -0.002 -16"><span class='ocrx_word' id='word_1_57' title='bbox 234 886 424 943; x_wconf 82' lang='grc' dir='ltr'>δὲσθαι</span> <span class='ocrx_word' id='word_1_58' title='bbox 454 887 626 959; x_wconf 84' lang='grc' dir='ltr'>μόνῳ,</span> <span class='ocrx_word' id='word_1_59' title='bbox 680 887 776 940; x_wconf 74' lang='grc' dir='ltr'><strong>καὶ</strong></span> <span class='ocrx_word' id='word_1_60' title='bbox 817 888 876 940; x_wconf 81' lang='grc' dir='ltr'>ἐν</span> <span class='ocrx_word' id='word_1_61' title='bbox 908 885 1207 957; x_wconf 78' lang='grc' dir='ltr'><strong>γυμνότητι</strong></span> <span class='ocrx_word' id='word_1_62' title='bbox 1253 886 1499 957; x_wconf 79' lang='grc' dir='ltr'><strong>κεφαλῆς</strong></span> <span class='ocrx_word' id='word_1_63' title='bbox 1531 888 1698 957; x_wconf 71' lang='grc' dir='ltr'>ἤγουν</span> <span class='ocrx_word' id='word_1_64' title='bbox 1729 905 1833 956; x_wconf 85' lang='grc' dir='ltr'>φα-</span> 
     </span>
    </p>
   </div>
   <div class='ocr_carea' id='block_1_11' title="bbox 235 978 1832 1050">
    <p class='ocr_par' dir='ltr' id='par_1_11' title="bbox 235 978 1832 1050">
     <span class='ocr_line' id='line_1_11' title="bbox 235 978 1832 1050; baseline 0 -17"><span class='ocrx_word' id='word_1_65' title='bbox 235 978 589 1050; x_wconf 87' lang='grc' dir='ltr'>λακρὼματι,</span> <span class='ocrx_word' id='word_1_66' title='bbox 617 979 796 1032; x_wconf 86' lang='grc' dir='ltr'>καίτοι</span> <span class='ocrx_word' id='word_1_67' title='bbox 821 979 990 1032; x_wconf 80' lang='grc' dir='ltr'>πάλαι</span> <span class='ocrx_word' id='word_1_68' title='bbox 1019 981 1240 1050; x_wconf 79' lang='grc' dir='ltr'>χρυσοῖς</span> <span class='ocrx_word' id='word_1_69' title='bbox 1263 978 1557 1048; x_wconf 79' lang='grc' dir='ltr'>κοσύμϐοις</span> <span class='ocrx_word' id='word_1_70' title='bbox 1575 981 1832 1049; x_wconf 80' lang='grc' dir='ltr'>ἀνεσφιγ-</span> 
     </span>
    </p>
   </div>
   <div class='ocr_carea' id='block_1_12' title="bbox 240 1069 1832 1142">
    <p class='ocr_par' dir='ltr' id='par_1_12' title="bbox 240 1069 1832 1142">
     <span class='ocr_line' id='line_1_12' title="bbox 240 1069 1832 1142; baseline 0.001 -19"><span class='ocrx_word' id='word_1_71' title='bbox 240 1069 426 1141; x_wconf 76' lang='grc' dir='ltr'>μένης.</span> <span class='ocrx_word' id='word_1_72' title='bbox 463 1072 705 1141; x_wconf 76' lang='grc' dir='ltr'>’Ἄμφιον</span> <span class='ocrx_word' id='word_1_73' title='bbox 748 1071 806 1124; x_wconf 83' lang='grc' dir='ltr'>δὲ</span> <span class='ocrx_word' id='word_1_74' title='bbox 846 1071 1060 1126; x_wconf 87' lang='grc' dir='ltr'>δίδωσιν</span> <span class='ocrx_word' id='word_1_75' title='bbox 1111 1072 1322 1137; x_wconf 86' lang='grc' dir='ltr'>αὑταῖς,</span> <span class='ocrx_word' id='word_1_76' title='bbox 1349 1072 1378 1124; x_wconf 81' lang='grc' dir='ltr'><strong>ὃ</strong></span> <span class='ocrx_word' id='word_1_77' title='bbox 1411 1073 1528 1136; x_wconf 87' lang='grc' dir='ltr'>ταῖς</span> <span class='ocrx_word' id='word_1_78' title='bbox 1553 1071 1832 1142; x_wconf 71' lang='grc' dir='ltr'>αἰχμαλώ-</span> 
     </span>
    </p>
   </div>
   <div class='ocr_carea' id='block_1_13' title="bbox 236 1159 1832 1233">
    <p class='ocr_par' dir='ltr' id='par_1_13' title="bbox 236 1159 1832 1233">
     <span class='ocr_line' id='line_1_13' title="bbox 236 1159 1832 1233; baseline 0.001 -18"><span class='ocrx_word' id='word_1_79' title='bbox 236 1175 354 1224; x_wconf 77' lang='grc' dir='ltr'>ταις</span> <span class='ocrx_word' id='word_1_80' title='bbox 380 1161 620 1232; x_wconf 80' lang='grc' dir='ltr'>πρέπον,</span> <span class='ocrx_word' id='word_1_81' title='bbox 640 1159 784 1232; x_wconf 80' lang='grc' dir='ltr'>παχύ</span> <span class='ocrx_word' id='word_1_82' title='bbox 806 1177 864 1213; x_wconf 83' lang='grc' dir='ltr'><strong>τε</strong></span> <span class='ocrx_word' id='word_1_83' title='bbox 895 1161 990 1215; x_wconf 75' lang='grc' dir='ltr'><strong>καὶ</strong></span> <span class='ocrx_word' id='word_1_84' title='bbox 1012 1161 1248 1228; x_wconf 76' lang='grc' dir='ltr'>εὐτελὲς,</span> <span class='ocrx_word' id='word_1_85' title='bbox 1269 1163 1297 1216; x_wconf 82' lang='grc' dir='ltr'><strong>ὃ</strong></span> <span class='ocrx_word' id='word_1_86' title='bbox 1313 1164 1404 1217; x_wconf 70' lang='grc' dir='ltr'>καὶ</span> <span class='ocrx_word' id='word_1_87' title='bbox 1419 1161 1676 1233; x_wconf 74' lang='grc' dir='ltr'>ὀνομάζει</span> <span class='ocrx_word' id='word_1_88' title='bbox 1705 1162 1832 1216; x_wconf 84' lang='grc' dir='ltr'>σάκ-</span> 
     </span>
    </p>
   </div>
   <div class='ocr_carea' id='block_1_14' title="bbox 236 1249 1832 1324">
    <p class='ocr_par' dir='ltr' id='par_1_14' title="bbox 236 1249 1832 1324">
     <span class='ocr_line' id='line_1_14' title="bbox 236 1249 1832 1324; baseline 0.002 -21"><span class='ocrx_word' id='word_1_89' title='bbox 236 1267 349 1312; x_wconf 88' lang='grc' dir='ltr'>κον,</span> <span class='ocrx_word' id='word_1_90' title='bbox 397 1249 498 1303; x_wconf 77' lang='grc' dir='ltr'>καὶ</span> <span class='ocrx_word' id='word_1_91' title='bbox 527 1249 687 1303; x_wconf 88' lang='grc' dir='ltr'>τοῦτο</span> <span class='ocrx_word' id='word_1_92' title='bbox 715 1250 908 1314; x_wconf 78' lang='grc' dir='ltr'>αὑταῖς</span> <span class='ocrx_word' id='word_1_93' title='bbox 949 1250 1070 1304; x_wconf 74' lang='grc' dir='ltr'>ἀντὶ</span> <span class='ocrx_word' id='word_1_94' title='bbox 1097 1250 1190 1305; x_wconf 88' lang='grc' dir='ltr'><strong>τοῦ</strong></span> <span class='ocrx_word' id='word_1_95' title='bbox 1219 1252 1635 1324; x_wconf 85' lang='grc' dir='ltr'>μεσοπορφύρου</span> <span class='ocrx_word' id='word_1_96' title='bbox 1667 1252 1832 1324; x_wconf 83' lang='grc' dir='ltr'>χιτῶ-</span> 
     </span>
    </p>
   </div>
   <div class='ocr_carea' id='block_1_15' title="bbox 234 1341 1828 1414">
    <p class='ocr_par' dir='ltr' id='par_1_15' title="bbox 234 1341 1828 1414">
     <span class='ocr_line' id='line_1_15' title="bbox 234 1341 1828 1414; baseline 0.014 -37"><span class='ocrx_word' id='word_1_97' title='bbox 234 1359 320 1405; x_wconf 66' lang='grc' dir='ltr'><strong>νος</strong></span> <span class='ocrx_word' id='word_1_98' title='bbox 341 1341 439 1396; x_wconf 73' lang='grc' dir='ltr'><strong>καὶ</strong></span> <span class='ocrx_word' id='word_1_99' title='bbox 461 1341 754 1413; x_wconf 80' lang='grc' dir='ltr'>τρυφερῶν</span> <span class='ocrx_word' id='word_1_100' title='bbox 783 1342 1123 1413; x_wconf 72' lang='grc' dir='ltr'>ἐσθημάτων.</span> <span class='ocrx_word' id='word_1_101' title='bbox 1141 1344 1489 1414; x_wconf 81' lang='grc' dir='ltr'>Προσεπάγει</span> <span class='ocrx_word' id='word_1_102' title='bbox 1512 1345 1570 1399; x_wconf 84' lang='grc' dir='ltr'>δὲ</span> <span class='ocrx_word' id='word_1_103' title='bbox 1592 1345 1828 1409; x_wconf 81' lang='grc' dir='ltr'>τούτοις,</span> 
     </span>
    </p>
   </div>
   <div class='ocr_carea' id='block_1_16' title="bbox 234 1430 1830 1507">
    <p class='ocr_par' dir='ltr' id='par_1_16' title="bbox 234 1430 1830 1507">
     <span class='ocr_line' id='line_1_16' title="bbox 234 1430 1830 1507; baseline 0.003 -23"><span class='ocrx_word' id='word_1_104' title='bbox 234 1432 313 1484; x_wconf 79' lang='grc' dir='ltr'><strong>δτι</strong></span> <span class='ocrx_word' id='word_1_105' title='bbox 343 1430 458 1483; x_wconf 77' lang='grc' dir='ltr'><strong>Καὶ</strong></span> <span class='ocrx_word' id='word_1_106' title='bbox 493 1431 525 1482; x_wconf 82' lang='grc' dir='ltr'><strong>ό</strong></span> <span class='ocrx_word' id='word_1_107' title='bbox 554 1431 672 1496; x_wconf 83' lang='grc' dir='ltr'>υἱός</span> <span class='ocrx_word' id='word_1_108' title='bbox 706 1447 800 1484; x_wconf 89' lang='grc' dir='ltr'><strong>σου</strong></span> <span class='ocrx_word' id='word_1_109' title='bbox 826 1434 855 1485; x_wconf 87' lang='grc' dir='ltr'>ὁ</span> <span class='ocrx_word' id='word_1_110' title='bbox 887 1431 1190 1496; x_wconf 87' lang='grc' dir='ltr'>κάλλιστος,</span> <span class='ocrx_word' id='word_1_111' title='bbox 1220 1433 1279 1488; x_wconf 78' lang='grc' dir='ltr'>ὃν</span> <span class='ocrx_word' id='word_1_112' title='bbox 1303 1435 1543 1505; x_wconf 77' lang='grc' dir='ltr'><strong>ἀγαπᾷς,</strong></span> <span class='ocrx_word' id='word_1_113' title='bbox 1583 1435 1830 1507; x_wconf 78' lang='grc' dir='ltr'>μαχαίρᾳ</span> 
     </span>
    </p>
   </div>
   <div class='ocr_carea' id='block_1_17' title="bbox 233 1522 1829 1598">
    <p class='ocr_par' dir='ltr' id='par_1_17' title="bbox 233 1522 1829 1598">
     <span class='ocr_line' id='line_1_17' title="bbox 233 1522 1829 1598; baseline 0.004 -24"><span class='ocrx_word' id='word_1_114' title='bbox 233 1524 504 1575; x_wconf 81' lang='grc' dir='ltr'>πεσεῖται.</span> <span class='ocrx_word' id='word_1_115' title='bbox 544 1522 706 1584; x_wconf 83' lang='grc' dir='ltr'>Ἔθος</span> <span class='ocrx_word' id='word_1_116' title='bbox 755 1523 866 1593; x_wconf 87' lang='grc' dir='ltr'><strong>γάρ</strong></span> <span class='ocrx_word' id='word_1_117' title='bbox 901 1526 1012 1588; x_wconf 84' lang='grc' dir='ltr'>τοῖς</span> <span class='ocrx_word' id='word_1_118' title='bbox 1053 1524 1234 1578; x_wconf 77' lang='grc' dir='ltr'>ἑλοῦσι</span> <span class='ocrx_word' id='word_1_119' title='bbox 1277 1523 1433 1579; x_wconf 80' lang='grc' dir='ltr'>πόλιν</span> <span class='ocrx_word' id='word_1_120' title='bbox 1465 1526 1497 1596; x_wconf 78' lang='grc' dir='ltr'>ἢ</span> <span class='ocrx_word' id='word_1_121' title='bbox 1531 1524 1736 1598; x_wconf 80' lang='grc' dir='ltr'>χώραν,</span> <span class='ocrx_word' id='word_1_122' title='bbox 1769 1525 1829 1592; x_wconf 80' lang='grc' dir='ltr'><strong>ἐξ</strong></span> 
     </span>
    </p>
   </div>
   <div class='ocr_carea' id='block_1_18' title="bbox 233 1612 1827 1688">
    <p class='ocr_par' dir='ltr' id='par_1_18' title="bbox 233 1612 1827 1688">
     <span class='ocr_line' id='line_1_18' title="bbox 233 1612 1827 1688; baseline 0.003 -21"><span class='ocrx_word' id='word_1_123' title='bbox 233 1613 398 1684; x_wconf 75' lang='grc' dir='ltr'>αὐτῆς</span> <span class='ocrx_word' id='word_1_124' title='bbox 429 1612 705 1684; x_wconf 77' lang='grc' dir='ltr'><strong>ἁρπάζειν</strong></span> <span class='ocrx_word' id='word_1_125' title='bbox 745 1612 927 1685; x_wconf 79' lang='grc' dir='ltr'>θήλεις</span> <span class='ocrx_word' id='word_1_126' title='bbox 971 1615 1066 1667; x_wconf 75' lang='grc' dir='ltr'><strong>καὶ</strong></span> <span class='ocrx_word' id='word_1_127' title='bbox 1112 1615 1328 1669; x_wconf 79' lang='grc' dir='ltr'>κόλπων</span> <span class='ocrx_word' id='word_1_128' title='bbox 1369 1617 1594 1688; x_wconf 81' lang='grc' dir='ltr'>μητρὸς,</span> <span class='ocrx_word' id='word_1_129' title='bbox 1633 1619 1700 1671; x_wconf 83' lang='grc' dir='ltr'><strong>τά</strong></span> <span class='ocrx_word' id='word_1_130' title='bbox 1740 1634 1827 1688; x_wconf 89' lang='grc' dir='ltr'>μι-</span> 
     </span>
    </p>
   </div>
   <div class='ocr_carea' id='block_1_19' title="bbox 233 1707 1824 1779">
    <p class='ocr_par' dir='ltr' id='par_1_19' title="bbox 233 1707 1824 1779">
     <span class='ocr_line' id='line_1_19' title="bbox 233 1707 1824 1779; baseline 0 -19"><span class='ocrx_word' id='word_1_131' title='bbox 233 1707 340 1776; x_wconf 73' lang='grc' dir='ltr'><strong>κρά</strong></span> <span class='ocrx_word' id='word_1_132' title='bbox 387 1724 452 1759; x_wconf 88' lang='grc' dir='ltr'><strong>τε</strong></span> <span class='ocrx_word' id='word_1_133' title='bbox 498 1707 594 1759; x_wconf 68' lang='grc' dir='ltr'>καὶ</span> <span class='ocrx_word' id='word_1_134' title='bbox 638 1707 921 1760; x_wconf 78' lang='grc' dir='ltr'>ὑποτίτθια</span> <span class='ocrx_word' id='word_1_135' title='bbox 970 1707 1142 1779; x_wconf 78' lang='grc' dir='ltr'>βρέφη</span> <span class='ocrx_word' id='word_1_136' title='bbox 1194 1709 1440 1778; x_wconf 83' lang='grc' dir='ltr'>φονεύειν</span> <span class='ocrx_word' id='word_1_137' title='bbox 1490 1709 1692 1779; x_wconf 81' lang='grc' dir='ltr'>ὠμῶς,</span> <span class='ocrx_word' id='word_1_138' title='bbox 1737 1708 1824 1761; x_wconf 73' lang='grc' dir='ltr'>ἵνα</span> 
     </span>
    </p>
   </div>
   <div class='ocr_carea' id='block_1_20' title="bbox 1935 518 3520 593">
    <p class='ocr_par' dir='ltr' id='par_1_20' title="bbox 1935 518 3520 593">
     <span class='ocr_line' id='line_1_20' title="bbox 1935 518 3520 593; baseline -0.003 -15"><span class='ocrx_word' id='word_1_139' title='bbox 1935 524 2188 581; x_wconf 84' lang='lat' dir='ltr'><strong>domibus</strong></span> <span class='ocrx_word' id='word_1_140' title='bbox 2234 523 2464 588; x_wconf 79' lang='lat' dir='ltr'><strong>sumtis,</strong></span> <span class='ocrx_word' id='word_1_141' title='bbox 2499 523 2862 593; x_wconf 74' lang='lat' dir='ltr'><strong>profectiones</strong></span> <span class='ocrx_word' id='word_1_142' title='bbox 2911 519 3092 574; x_wconf 62' lang='lat' dir='ltr'><strong>multa:</strong></span> <span class='ocrx_word' id='word_1_143' title='bbox 3141 529 3197 572; x_wconf 91' lang='lat' dir='ltr'><strong>et</strong></span> <span class='ocrx_word' id='word_1_144' title='bbox 3264 518 3520 587; x_wconf 90' lang='lat' dir='ltr'><strong>pulveru-</strong></span> 
     </span>
    </p>
   </div>
   <div class='ocr_carea' id='block_1_21' title="bbox 1935 609 3520 680">
    <p class='ocr_par' dir='ltr' id='par_1_21' title="bbox 1935 609 3520 680">
     <span class='ocr_line' id='line_1_21' title="bbox 1935 609 3520 680; baseline -0.003 -12"><span class='ocrx_word' id='word_1_145' title='bbox 1935 613 2133 680; x_wconf 74' lang='lat' dir='ltr'><strong>lentze,</strong></span> <span class='ocrx_word' id='word_1_146' title='bbox 2192 630 2316 668; x_wconf 87' lang='lat' dir='ltr'><strong>cum</strong></span> <span class='ocrx_word' id='word_1_147' title='bbox 2373 616 2426 668; x_wconf 92' lang='lat' dir='ltr'><strong>in</strong></span> <span class='ocrx_word' id='word_1_148' title='bbox 2481 613 2850 678; x_wconf 67' lang='lat' dir='ltr'><strong>captivitatem</strong></span> <span class='ocrx_word' id='word_1_149' title='bbox 2903 609 3261 673; x_wconf 76' lang='lat' dir='ltr'><strong>abducentur,</strong></span> <span class='ocrx_word' id='word_1_150' title='bbox 3295 609 3520 678; x_wconf 76' lang='lat' dir='ltr'><strong>pedibus</strong></span> 
     </span>
    </p>
   </div>
   <div class='ocr_carea' id='block_1_22' title="bbox 1932 699 3520 763">
    <p class='ocr_par' dir='ltr' id='par_1_22' title="bbox 1932 699 3520 763">
     <span class='ocr_line' id='line_1_22' title="bbox 1932 699 3520 763; baseline -0.004 -3"><span class='ocrx_word' id='word_1_151' title='bbox 1932 706 2114 760; x_wconf 89' lang='lat' dir='ltr'><strong>adhuc</strong></span> <span class='ocrx_word' id='word_1_152' title='bbox 2150 707 2350 760; x_wconf 88' lang='lat' dir='ltr'><strong>teneris</strong></span> <span class='ocrx_word' id='word_1_153' title='bbox 2391 715 2445 759; x_wconf 87' lang='lat' dir='ltr'><strong>et</strong></span> <span class='ocrx_word' id='word_1_154' title='bbox 2473 703 2792 759; x_wconf 86' lang='lat' dir='ltr'><strong>delicatulis.</strong></span> <span class='ocrx_word' id='word_1_155' title='bbox 2824 701 2933 756; x_wconf 83' lang='lat' dir='ltr'><strong>Nec</strong></span> <span class='ocrx_word' id='word_1_156' title='bbox 2969 700 3020 755; x_wconf 88' lang='lat' dir='ltr'><strong>id</strong></span> <span class='ocrx_word' id='word_1_157' title='bbox 3061 699 3253 763; x_wconf 59' lang='lat' dir='ltr'><strong>solum,</strong></span> <span class='ocrx_word' id='word_1_158' title='bbox 3284 699 3376 754; x_wconf 90' lang='lat' dir='ltr'><strong>sed</strong></span> <span class='ocrx_word' id='word_1_159' title='bbox 3411 701 3520 753; x_wconf 82' lang='lat' dir='ltr'><strong>fur-</strong></span> 
     </span>
    </p>
   </div>
   <div class='ocr_carea' id='block_1_23' title="bbox 1932 791 3518 866">
    <p class='ocr_par' dir='ltr' id='par_1_23' title="bbox 1932 791 3518 866">
     <span class='ocr_line' id='line_1_23' title="bbox 1932 791 3518 866; baseline -0.006 -12"><span class='ocrx_word' id='word_1_160' title='bbox 1932 813 2021 854; x_wconf 85' lang='lat' dir='ltr'><strong>ma</strong></span> <span class='ocrx_word' id='word_1_161' title='bbox 2073 811 2138 852; x_wconf 90' lang='lat' dir='ltr'><strong>ac</strong></span> <span class='ocrx_word' id='word_1_162' title='bbox 2191 797 2376 866; x_wconf 83' lang='lat' dir='ltr'><strong>specie</strong></span> <span class='ocrx_word' id='word_1_163' title='bbox 2424 804 2584 850; x_wconf 90' lang='lat' dir='ltr'><strong>erunt</strong></span> <span class='ocrx_word' id='word_1_164' title='bbox 2613 810 2773 864; x_wconf 78' lang='lat' dir='ltr'><strong>quarti</strong></span> <span class='ocrx_word' id='word_1_165' title='bbox 2821 791 3206 860; x_wconf 69' lang='lat' dir='ltr'><strong>alijectissiina,</strong></span> <span class='ocrx_word' id='word_1_166' title='bbox 3261 801 3320 846; x_wconf 90' lang='lat' dir='ltr'><strong>ut</strong></span> <span class='ocrx_word' id='word_1_167' title='bbox 3369 807 3518 846; x_wconf 72' lang='lat' dir='ltr'><strong>zona:</strong></span> 
     </span>
    </p>
   </div>
   <div class='ocr_carea' id='block_1_24' title="bbox 1931 883 3518 952">
    <p class='ocr_par' dir='ltr' id='par_1_24' title="bbox 1931 883 3518 952">
     <span class='ocr_line' id='line_1_24' title="bbox 1931 883 3518 952; baseline -0.005 -8"><span class='ocrx_word' id='word_1_168' title='bbox 1931 903 2108 944; x_wconf 66' lang='lat' dir='ltr'><strong>aurea:</strong></span> <span class='ocrx_word' id='word_1_169' title='bbox 2143 889 2280 952; x_wconf 88' lang='lat' dir='ltr'><strong>loco,</strong></span> <span class='ocrx_word' id='word_1_170' title='bbox 2312 886 2428 943; x_wconf 82' lang='lat' dir='ltr'><strong>snio</strong></span> <span class='ocrx_word' id='word_1_171' title='bbox 2455 885 2583 942; x_wconf 82' lang='lat' dir='ltr'><strong>fune</strong></span> <span class='ocrx_word' id='word_1_172' title='bbox 2620 883 3089 952; x_wconf 76' lang='lat' dir='ltr'><strong>circnmligentur,</strong></span> <span class='ocrx_word' id='word_1_173' title='bbox 3133 883 3518 952; x_wconf 77' lang='lat' dir='ltr'><strong>patienturque</strong></span> 
     </span>
    </p>
   </div>
   <div class='ocr_carea' id='block_1_25' title="bbox 1932 971 3565 1049">
    <p class='ocr_par' dir='ltr' id='par_1_25' title="bbox 1932 971 3565 1049">
     <span class='ocr_line' id='line_1_25' title="bbox 1932 971 3565 1049; baseline -0.006 -15"><span class='ocrx_word' id='word_1_174' title='bbox 1932 980 2231 1034; x_wconf 80' lang='lat' dir='ltr'><strong>nuditatem</strong></span> <span class='ocrx_word' id='word_1_175' title='bbox 2261 978 2479 1049; x_wconf 79' lang='lat' dir='ltr'><strong>Capitis,</strong></span> <span class='ocrx_word' id='word_1_176' title='bbox 2515 975 2792 1030; x_wconf 88' lang='lat' dir='ltr'><strong>calvitium</strong></span> <span class='ocrx_word' id='word_1_177' title='bbox 2821 973 3051 1037; x_wconf 90' lang='lat' dir='ltr'><strong>scilicet,</strong></span> <span class='ocrx_word' id='word_1_178' title='bbox 3088 971 3214 1028; x_wconf 87' lang='lat' dir='ltr'><strong>licet</strong></span> <span class='ocrx_word' id='word_1_179' title='bbox 3243 971 3532 1044; x_wconf 84' lang='lat' dir='ltr'><strong>quondam</strong></span> <span class='ocrx_word' id='word_1_180' title='bbox 3561 1026 3565 1030; x_wconf 71' lang='grc'><strong>,</strong></span> 
     </span>
    </p>
   </div>
   <div class='ocr_carea' id='block_1_26' title="bbox 1929 1047 3571 1140">
    <p class='ocr_par' dir='ltr' id='par_1_26' title="bbox 1929 1047 3571 1140">
     <span class='ocr_line' id='line_1_26' title="bbox 1929 1047 3571 1140; baseline -0.008 -14"><span class='ocrx_word' id='word_1_181' title='bbox 1929 1071 2110 1126; x_wconf 84' lang='lat' dir='ltr'><strong>aureis</strong></span> <span class='ocrx_word' id='word_1_182' title='bbox 2136 1047 2458 1140; x_wconf 84' lang='lat' dir='ltr'><strong>capillorum</strong></span> <span class='ocrx_word' id='word_1_183' title='bbox 2487 1067 2642 1123; x_wconf 87' lang='lat' dir='ltr'><strong>nodis</strong></span> <span class='ocrx_word' id='word_1_184' title='bbox 2673 1065 2981 1122; x_wconf 87' lang='lat' dir='ltr'><strong>redimitum</strong></span> <span class='ocrx_word' id='word_1_185' title='bbox 3017 1062 3201 1119; x_wconf 80' lang='lat' dir='ltr'><strong>fuerit.</strong></span> <span class='ocrx_word' id='word_1_186' title='bbox 3228 1053 3533 1116; x_wconf 54' lang='lat' dir='ltr'><strong>indumen?</strong></span> 
     </span>
    </p>
   </div>
   <div class='ocr_carea' id='block_1_27' title="bbox 1933 1155 3514 1229">
    <p class='ocr_par' dir='ltr' id='par_1_27' title="bbox 1933 1155 3514 1229">
     <span class='ocr_line' id='line_1_27' title="bbox 1933 1155 3514 1229; baseline -0.008 -12"><span class='ocrx_word' id='word_1_187' title='bbox 1933 1171 2042 1218; x_wconf 89' lang='lat' dir='ltr'><strong>tum</strong></span> <span class='ocrx_word' id='word_1_188' title='bbox 2082 1163 2246 1218; x_wconf 87' lang='lat' dir='ltr'><strong>etiam</strong></span> <span class='ocrx_word' id='word_1_189' title='bbox 2301 1163 2396 1218; x_wconf 88' lang='lat' dir='ltr'><strong>dat</strong></span> <span class='ocrx_word' id='word_1_190' title='bbox 2449 1161 2556 1215; x_wconf 86' lang='lat' dir='ltr'><strong>illis</strong></span> <span class='ocrx_word' id='word_1_191' title='bbox 2608 1160 2826 1229; x_wconf 75' lang='lat' dir='ltr'><strong>dignum</strong></span> <span class='ocrx_word' id='word_1_192' title='bbox 2875 1155 3127 1225; x_wconf 72' lang='lat' dir='ltr'><strong>captivis,</strong></span> <span class='ocrx_word' id='word_1_193' title='bbox 3167 1169 3409 1208; x_wconf 80' lang='lat' dir='ltr'><strong>crassum</strong></span> <span class='ocrx_word' id='word_1_194' title='bbox 3460 1160 3514 1206; x_wconf 91' lang='lat' dir='ltr'><strong>et</strong></span> 
     </span>
    </p>
   </div>
   <div class='ocr_carea' id='block_1_28' title="bbox 1931 1247 3532 1323">
    <p class='ocr_par' dir='ltr' id='par_1_28' title="bbox 1931 1247 3532 1323">
     <span class='ocr_line' id='line_1_28' title="bbox 1931 1247 3532 1323; baseline -0.006 -16"><span class='ocrx_word' id='word_1_195' title='bbox 1931 1254 2058 1319; x_wconf 89' lang='lat' dir='ltr'><strong>vile,</strong></span> <span class='ocrx_word' id='word_1_196' title='bbox 2113 1254 2255 1323; x_wconf 90' lang='lat' dir='ltr'><strong>quod</strong></span> <span class='ocrx_word' id='word_1_197' title='bbox 2308 1268 2526 1308; x_wconf 88' lang='lat' dir='ltr'><strong>saccum</strong></span> <span class='ocrx_word' id='word_1_198' title='bbox 2578 1252 2839 1314; x_wconf 82' lang='lat' dir='ltr'><strong>nominat,</strong></span> <span class='ocrx_word' id='word_1_199' title='bbox 2887 1247 3046 1316; x_wconf 89' lang='lat' dir='ltr'><strong>idque</strong></span> <span class='ocrx_word' id='word_1_200' title='bbox 3083 1255 3388 1316; x_wconf 65' lang='lat' dir='ltr'><strong>purpurata:</strong></span> <span class='ocrx_word' id='word_1_201' title='bbox 3419 1258 3532 1304; x_wconf 82' lang='lat' dir='ltr'><strong>ve-_</strong></span> 
     </span>
    </p>
   </div>
   <div class='ocr_carea' id='block_1_29' title="bbox 1930 1335 3533 1410">
    <p class='ocr_par' dir='ltr' id='par_1_29' title="bbox 1930 1335 3533 1410">
     <span class='ocr_line' id='line_1_29' title="bbox 1930 1335 3533 1410; baseline -0.007 -10"><span class='ocrx_word' id='word_1_202' title='bbox 1930 1347 2031 1400; x_wconf 85' lang='lat' dir='ltr'><strong>stis</strong></span> <span class='ocrx_word' id='word_1_203' title='bbox 2063 1353 2117 1400; x_wconf 86' lang='lat' dir='ltr'><strong>et</strong></span> <span class='ocrx_word' id='word_1_204' title='bbox 2140 1346 2272 1400; x_wconf 89' lang='lat' dir='ltr'><strong>lauti</strong></span> <span class='ocrx_word' id='word_1_205' title='bbox 2302 1347 2534 1400; x_wconf 82' lang='lat' dir='ltr'><strong>amictus</strong></span> <span class='ocrx_word' id='word_1_206' title='bbox 2561 1345 2698 1398; x_wconf 81' lang='lat' dir='ltr'><strong>vice.</strong></span> <span class='ocrx_word' id='word_1_207' title='bbox 2737 1341 3028 1410; x_wconf 76' lang='lat' dir='ltr'><strong>thjungit</strong></span> <span class='ocrx_word' id='word_1_208' title='bbox 3058 1351 3252 1408; x_wconf 82' lang='lat' dir='ltr'><strong>porro:</strong></span> <span class='ocrx_word' id='word_1_209' title='bbox 3274 1335 3342 1390; x_wconf 88' lang='lat' dir='ltr'><strong>Et</strong></span> <span class='ocrx_word' id='word_1_210' title='bbox 3371 1335 3533 1410; x_wconf 66' lang='lat' dir='ltr'><strong>illius</strong></span> 
     </span>
    </p>
   </div>
   <div class='ocr_carea' id='block_1_30' title="bbox 1930 1413 3536 1505">
    <p class='ocr_par' dir='ltr' id='par_1_30' title="bbox 1930 1413 3536 1505">
     <span class='ocr_line' id='line_1_30' title="bbox 1930 1413 3536 1505; baseline -0.006 -15"><span class='ocrx_word' id='word_1_211' title='bbox 1930 1447 2055 1492; x_wconf 90' lang='lat' dir='ltr'><strong>tuus</strong></span> <span class='ocrx_word' id='word_1_212' title='bbox 2079 1437 2502 1505; x_wconf 88' lang='lat' dir='ltr'><strong>pulcherrimus,</strong></span> <span class='ocrx_word' id='word_1_213' title='bbox 2539 1447 2698 1504; x_wconf 81' lang='lat' dir='ltr'><strong>quem</strong></span> <span class='ocrx_word' id='word_1_214' title='bbox 2741 1441 2794 1486; x_wconf 90' lang='lat' dir='ltr'><strong>tu</strong></span> <span class='ocrx_word' id='word_1_215' title='bbox 2832 1431 3034 1500; x_wconf 83' lang='lat' dir='ltr'><strong>diligis,</strong></span> <span class='ocrx_word' id='word_1_216' title='bbox 3063 1428 3242 1496; x_wconf 74' lang='lat' dir='ltr'><strong>gladio</strong></span> <span class='ocrx_word' id='word_1_217' title='bbox 3271 1413 3536 1481; x_wconf 56' lang='lat' dir='ltr'><strong>corruct.‘</strong></span> 
     </span>
    </p>
   </div>
   <div class='ocr_carea' id='block_1_31' title="bbox 1929 1518 3511 1591">
    <p class='ocr_par' dir='ltr' id='par_1_31' title="bbox 1929 1518 3511 1591">
     <span class='ocr_line' id='line_1_31' title="bbox 1929 1518 3511 1591; baseline -0.009 -8"><span class='ocrx_word' id='word_1_218' title='bbox 1929 1527 2024 1583; x_wconf 82' lang='lat' dir='ltr'><strong>Est</strong></span> <span class='ocrx_word' id='word_1_219' title='bbox 2056 1529 2202 1582; x_wconf 89' lang='lat' dir='ltr'><strong>enim</strong></span> <span class='ocrx_word' id='word_1_220' title='bbox 2244 1525 2294 1580; x_wconf 91' lang='lat' dir='ltr'><strong>id</strong></span> <span class='ocrx_word' id='word_1_221' title='bbox 2345 1527 2399 1580; x_wconf 91' lang='lat' dir='ltr'><strong>in</strong></span> <span class='ocrx_word' id='word_1_222' title='bbox 2443 1539 2595 1580; x_wconf 86' lang='lat' dir='ltr'><strong>more</strong></span> <span class='ocrx_word' id='word_1_223' title='bbox 2627 1523 2710 1578; x_wconf 86' lang='lat' dir='ltr'><strong>his</strong></span> <span class='ocrx_word' id='word_1_224' title='bbox 2742 1522 2830 1591; x_wconf 85' lang='lat' dir='ltr'><strong>qui</strong></span> <span class='ocrx_word' id='word_1_225' title='bbox 2871 1520 3148 1590; x_wconf 75' lang='lat' dir='ltr'><strong>regionem</strong></span> <span class='ocrx_word' id='word_1_226' title='bbox 3180 1518 3400 1586; x_wconf 81' lang='lat' dir='ltr'><strong>capiunt</strong></span> <span class='ocrx_word' id='word_1_227' title='bbox 3429 1518 3511 1571; x_wconf 86' lang='lat' dir='ltr'><strong>vel</strong></span> 
     </span>
    </p>
   </div>
   <div class='ocr_carea' id='block_1_32' title="bbox 1930 1607 3512 1688">
    <p class='ocr_par' dir='ltr' id='par_1_32' title="bbox 1930 1607 3512 1688">
     <span class='ocr_line' id='line_1_32' title="bbox 1930 1607 3512 1688; baseline -0.009 -12"><span class='ocrx_word' id='word_1_228' title='bbox 1930 1622 2142 1684; x_wconf 89' lang='lat' dir='ltr'><strong>urbem,</strong></span> <span class='ocrx_word' id='word_1_229' title='bbox 2179 1617 2436 1688; x_wconf 83' lang='lat' dir='ltr'><strong>parvulos</strong></span> <span class='ocrx_word' id='word_1_230' title='bbox 2462 1616 2532 1670; x_wconf 89' lang='lat' dir='ltr'><strong>ab</strong></span> <span class='ocrx_word' id='word_1_231' title='bbox 2563 1613 2692 1683; x_wconf 86' lang='lat' dir='ltr'><strong>ipsis</strong></span> <span class='ocrx_word' id='word_1_232' title='bbox 2727 1612 2984 1666; x_wconf 84' lang='lat' dir='ltr'><strong>uberibus</strong></span> <span class='ocrx_word' id='word_1_233' title='bbox 3009 1621 3064 1664; x_wconf 90' lang='lat' dir='ltr'><strong>et</strong></span> <span class='ocrx_word' id='word_1_234' title='bbox 3091 1623 3122 1663; x_wconf 91' lang='lat' dir='ltr'><strong>e</strong></span> <span class='ocrx_word' id='word_1_235' title='bbox 3154 1607 3359 1678; x_wconf 72' lang='lat' dir='ltr'><strong>gremio</strong></span> <span class='ocrx_word' id='word_1_236' title='bbox 3393 1623 3512 1662; x_wconf 83' lang='lat' dir='ltr'><strong>ma-</strong></span> 
     </span>
    </p>
   </div>
   <div class='ocr_carea' id='block_1_33' title="bbox 1929 1700 3512 1778">
    <p class='ocr_par' dir='ltr' id='par_1_33' title="bbox 1929 1700 3512 1778">
     <span class='ocr_line' id='line_1_33' title="bbox 1929 1700 3512 1778; baseline -0.009 -10"><span class='ocrx_word' id='word_1_237' title='bbox 1929 1714 2058 1778; x_wconf 87' lang='lat' dir='ltr'><strong>tris,</strong></span> <span class='ocrx_word' id='word_1_238' title='bbox 2096 1723 2152 1768; x_wconf 90' lang='lat' dir='ltr'><strong>et</strong></span> <span class='ocrx_word' id='word_1_239' title='bbox 2206 1711 2306 1767; x_wconf 87' lang='lat' dir='ltr'><strong>sub</strong></span> <span class='ocrx_word' id='word_1_240' title='bbox 2342 1709 2646 1766; x_wconf 83' lang='lat' dir='ltr'><strong>nutricibus</strong></span> <span class='ocrx_word' id='word_1_241' title='bbox 2690 1706 2826 1761; x_wconf 87' lang='lat' dir='ltr'><strong>altos</strong></span> <span class='ocrx_word' id='word_1_242' title='bbox 2872 1700 3166 1760; x_wconf 74' lang='lat' dir='ltr'><strong>infantulos</strong></span> <span class='ocrx_word' id='word_1_243' title='bbox 3212 1713 3401 1769; x_wconf 88' lang='lat' dir='ltr'><strong>rapere</strong></span> <span class='ocrx_word' id='word_1_244' title='bbox 3455 1706 3512 1753; x_wconf 90' lang='lat' dir='ltr'><strong>ct</strong></span> 
     </span>
    </p>
   </div>
   <div class='ocr_carea' id='block_1_34' title="bbox 233 1781 1820 1870">
    <p class='ocr_par' dir='ltr' id='par_1_34' title="bbox 233 1786 1820 1865">
     <span class='ocr_line' id='line_1_34' title="bbox 233 1786 1820 1865; baseline 0.001 -20"><span class='ocrx_word' id='word_1_245' title='bbox 233 1786 500 1859; x_wconf 76' lang='grc' dir='ltr'>βαδίζοιεν</span> <span class='ocrx_word' id='word_1_246' title='bbox 541 1791 599 1844; x_wconf 80' lang='lat' dir='ltr'><strong>ai</strong></span> <span class='ocrx_word' id='word_1_247' title='bbox 633 1791 838 1844; x_wconf 77' lang='grc' dir='ltr'>τούτων</span> <span class='ocrx_word' id='word_1_248' title='bbox 873 1793 1107 1863; x_wconf 76' lang='grc' dir='ltr'>μητέρες</span> <span class='ocrx_word' id='word_1_249' title='bbox 1135 1795 1194 1846; x_wconf 79' lang='grc' dir='ltr'>οὑ</span> <span class='ocrx_word' id='word_1_250' title='bbox 1237 1794 1689 1865; x_wconf 80' lang='grc' dir='ltr'>πεφορτισμέναι,</span> <span class='ocrx_word' id='word_1_251' title='bbox 1731 1794 1820 1847; x_wconf 65' lang='grc' dir='ltr'>καὶ</span> 
     </span>
    </p>
   </div>
   <div class='ocr_carea' id='block_1_35' title="bbox 1925 1781 3507 1870">
    <p class='ocr_par' dir='ltr' id='par_1_35' title="bbox 1926 1797 3507 1870">
     <span class='ocr_line' id='line_1_35' title="bbox 1926 1797 3507 1870; baseline -0.013 -8"><span class='ocrx_word' id='word_1_252' title='bbox 1926 1807 2180 1862; x_wconf 89' lang='lat' dir='ltr'><strong>occidere</strong></span> <span class='ocrx_word' id='word_1_253' title='bbox 2216 1803 2528 1866; x_wconf 87' lang='lat' dir='ltr'><strong>crudeliter,</strong></span> <span class='ocrx_word' id='word_1_254' title='bbox 2563 1815 2672 1870; x_wconf 87' lang='lat' dir='ltr'><strong>quo</strong></span> <span class='ocrx_word' id='word_1_255' title='bbox 2701 1801 2781 1854; x_wconf 90' lang='lat' dir='ltr'><strong>ire</strong></span> <span class='ocrx_word' id='word_1_256' title='bbox 2814 1797 3024 1868; x_wconf 86' lang='lat' dir='ltr'><strong>possint</strong></span> <span class='ocrx_word' id='word_1_257' title='bbox 3072 1803 3275 1849; x_wconf 83' lang='lat' dir='ltr'><strong>matres</strong></span> <span class='ocrx_word' id='word_1_258' title='bbox 3321 1805 3507 1848; x_wconf 88' lang='lat' dir='ltr'><strong>eorum</strong></span> 
     </span>
    </p>
   </div>
   <div class='ocr_carea' id='block_1_36' title="bbox 233 1881 1821 1955">
    <p class='ocr_par' dir='ltr' id='par_1_36' title="bbox 233 1881 1821 1955">
     <span class='ocr_line' id='line_1_36' title="bbox 233 1881 1821 1955; baseline 0.003 -21"><span class='ocrx_word' id='word_1_259' title='bbox 233 1881 309 1955; x_wconf 68' lang='grc' dir='ltr'><strong>μὴ</strong></span> <span class='ocrx_word' id='word_1_260' title='bbox 326 1884 396 1953; x_wconf 79' lang='grc' dir='ltr'>τῇ</span> <span class='ocrx_word' id='word_1_261' title='bbox 424 1881 534 1934; x_wconf 82' lang='grc' dir='ltr'><strong>τῶν</strong></span> <span class='ocrx_word' id='word_1_262' title='bbox 564 1883 776 1953; x_wconf 81' lang='grc' dir='ltr'>νηπίων</span> <span class='ocrx_word' id='word_1_263' title='bbox 800 1885 1041 1954; x_wconf 81' lang='grc' dir='ltr'>φροντίδι</span> <span class='ocrx_word' id='word_1_264' title='bbox 1070 1885 1523 1955; x_wconf 77' lang='grc' dir='ltr'>κατηχθισμέναι.</span> <span class='ocrx_word' id='word_1_265' title='bbox 1554 1883 1761 1938; x_wconf 82' lang='grc' dir='ltr'>Οὐκοῦν</span> <span class='ocrx_word' id='word_1_266' title='bbox 1789 1884 1821 1955; x_wconf 83' lang='grc' dir='ltr'>ἢ</span> 
     </span>
    </p>
   </div>
   <div class='ocr_carea' id='block_1_37' title="bbox 229 1972 1823 2048">
    <p class='ocr_par' dir='ltr' id='par_1_37' title="bbox 229 1972 1823 2048">
     <span class='ocr_line' id='line_1_37' title="bbox 229 1972 1823 2048; baseline 0.001 -22"><span class='ocrx_word' id='word_1_267' title='bbox 229 1974 370 2028; x_wconf 86' lang='grc' dir='ltr'><strong>κατά</strong></span> <span class='ocrx_word' id='word_1_268' title='bbox 399 1972 596 2028; x_wconf 85' lang='grc' dir='ltr'>τοῦτον</span> <span class='ocrx_word' id='word_1_269' title='bbox 623 1974 712 2026; x_wconf 72' lang='grc' dir='ltr'>τὸν</span> <span class='ocrx_word' id='word_1_270' title='bbox 736 1975 936 2044; x_wconf 89' lang='grc' dir='ltr'>τρόπον</span> <span class='ocrx_word' id='word_1_271' title='bbox 970 1977 1216 2048; x_wconf 69' lang='grc' dir='ltr'>μαχαίρᾳ</span> <span class='ocrx_word' id='word_1_272' title='bbox 1249 1977 1533 2030; x_wconf 87' lang='grc' dir='ltr'>πεσεῖσθαί</span> <span class='ocrx_word' id='word_1_273' title='bbox 1561 1993 1693 2047; x_wconf 87' lang='grc' dir='ltr'>φησι</span> <span class='ocrx_word' id='word_1_274' title='bbox 1732 1976 1823 2028; x_wconf 82' lang='grc' dir='ltr'>τὸν</span> 
     </span>
    </p>
   </div>
   <div class='ocr_carea' id='block_1_38' title="bbox 229 2051 1823 2138">
    <p class='ocr_par' dir='ltr' id='par_1_38' title="bbox 229 2051 1823 2138">
     <span class='ocr_line' id='line_1_38' title="bbox 229 2051 1823 2138; baseline 0.001 -20"><span class='ocrx_word' id='word_1_275' title='bbox 229 2063 518 2133; x_wconf 82' lang='grc' dir='ltr'>ἀγαπητὸν</span> <span class='ocrx_word' id='word_1_276' title='bbox 550 2064 744 2127; x_wconf 79' lang='grc' dir='ltr'>αὐταῖς</span> <span class='ocrx_word' id='word_1_277' title='bbox 771 2065 905 2128; x_wconf 71' lang='grc' dir='ltr'>υίδν,</span> <span class='ocrx_word' id='word_1_278' title='bbox 941 2065 972 2136; x_wconf 82' lang='grc' dir='ltr'>ἢ</span> <span class='ocrx_word' id='word_1_279' title='bbox 1008 2067 1102 2118; x_wconf 81' lang='grc' dir='ltr'>καὶ</span> <span class='ocrx_word' id='word_1_280' title='bbox 1129 2066 1332 2138; x_wconf 79' lang='grc' dir='ltr'>ἑτέρως</span> <span class='ocrx_word' id='word_1_281' title='bbox 1365 2051 1694 2136; x_wconf 78' lang='grc' dir='ltr'>μαχόμενον,</span> <span class='ocrx_word' id='word_1_282' title='bbox 1729 2067 1823 2120; x_wconf 73' lang='grc' dir='ltr'>καὶ</span> 
     </span>
    </p>
   </div>
   <div class='ocr_carea' id='block_1_39' title="bbox 230 2155 1882 2231">
    <p class='ocr_par' dir='ltr' id='par_1_39' title="bbox 230 2155 1882 2231">
     <span class='ocr_line' id='line_1_39' title="bbox 230 2155 1882 2231; baseline 0.002 -22"><span class='ocrx_word' id='word_1_283' title='bbox 230 2159 295 2227; x_wconf 77' lang='grc' dir='ltr'>τῇ</span> <span class='ocrx_word' id='word_1_284' title='bbox 328 2155 443 2210; x_wconf 82' lang='grc' dir='ltr'>τῶν</span> <span class='ocrx_word' id='word_1_285' title='bbox 473 2157 755 2228; x_wconf 84' lang='grc' dir='ltr'>πολεμίων</span> <span class='ocrx_word' id='word_1_286' title='bbox 790 2158 1062 2212; x_wconf 85' lang='grc' dir='ltr'>τεθνεῶτα</span> <span class='ocrx_word' id='word_1_287' title='bbox 1100 2159 1263 2229; x_wconf 86' lang='grc' dir='ltr'>χειρί.</span> <span class='ocrx_word' id='word_1_288' title='bbox 1290 2160 1590 2228; x_wconf 76' lang='grc' dir='ltr'>Πενθήσειν</span> <span class='ocrx_word' id='word_1_289' title='bbox 1628 2175 1690 2228; x_wconf 86' lang='grc' dir='ltr'><strong>γε</strong></span> <span class='ocrx_word' id='word_1_290' title='bbox 1717 2159 1822 2231; x_wconf 83' lang='grc' dir='ltr'>μὴν</span> <span class='ocrx_word' id='word_1_291' title='bbox 1879 2227 1882 2230; x_wconf 6' lang='grc' dir='ltr'><strong>φ</strong></span> 
     </span>
    </p>
   </div>
   <div class='ocr_carea' id='block_1_40' title="bbox 231 2247 1822 2322">
    <p class='ocr_par' dir='ltr' id='par_1_40' title="bbox 231 2247 1822 2322">
     <span class='ocr_line' id='line_1_40' title="bbox 231 2247 1822 2322; baseline 0.003 -23"><span class='ocrx_word' id='word_1_292' title='bbox 231 2247 327 2310; x_wconf 83' lang='grc' dir='ltr'><strong>τάς</strong></span> <span class='ocrx_word' id='word_1_293' title='bbox 349 2247 530 2318; x_wconf 78' lang='grc' dir='ltr'>θήκας</span> <span class='ocrx_word' id='word_1_294' title='bbox 559 2247 667 2319; x_wconf 71' lang='grc' dir='ltr'>ἔφη</span> <span class='ocrx_word' id='word_1_295' title='bbox 694 2247 788 2302; x_wconf 87' lang='grc' dir='ltr'><strong>τοῦ</strong></span> <span class='ocrx_word' id='word_1_296' title='bbox 816 2250 1020 2321; x_wconf 77' lang='grc' dir='ltr'>κόσμου</span> <span class='ocrx_word' id='word_1_297' title='bbox 1051 2251 1247 2315; x_wconf 72' lang='grc' dir='ltr'>αὐτῶν,</span> <span class='ocrx_word' id='word_1_298' title='bbox 1273 2251 1372 2322; x_wconf 75' lang='grc' dir='ltr'><strong>οὐχ</strong></span> <span class='ocrx_word' id='word_1_299' title='bbox 1394 2252 1469 2314; x_wconf 85' lang='grc' dir='ltr'>ὡς</span> <span class='ocrx_word' id='word_1_300' title='bbox 1492 2250 1604 2304; x_wconf 80' lang='grc' dir='ltr'><strong>τῶν</strong></span> <span class='ocrx_word' id='word_1_301' title='bbox 1632 2249 1822 2321; x_wconf 81' lang='grc' dir='ltr'>αἰσθη-</span> 
     </span>
    </p>
   </div>
   <div class='ocr_carea' id='block_1_41' title="bbox 229 2337 1818 2412">
    <p class='ocr_par' dir='ltr' id='par_1_41' title="bbox 229 2337 1818 2412">
     <span class='ocr_line' id='line_1_41' title="bbox 229 2337 1818 2412; baseline 0.003 -22"><span class='ocrx_word' id='word_1_302' title='bbox 229 2337 338 2391; x_wconf 81' lang='grc' dir='ltr'><strong>τῶν</strong></span> <span class='ocrx_word' id='word_1_303' title='bbox 371 2338 562 2409; x_wconf 84' lang='grc' dir='ltr'>θηκῶν</span> <span class='ocrx_word' id='word_1_304' title='bbox 593 2341 814 2395; x_wconf 85' lang='grc' dir='ltr'>πενθεῖν</span> <span class='ocrx_word' id='word_1_305' title='bbox 843 2341 1178 2412; x_wconf 83' lang='grc' dir='ltr'>δυναμένων,</span> <span class='ocrx_word' id='word_1_306' title='bbox 1206 2343 1319 2396; x_wconf 87' lang='grc' dir='ltr'>ἀλλ’</span> <span class='ocrx_word' id='word_1_307' title='bbox 1335 2342 1413 2406; x_wconf 82' lang='grc' dir='ltr'>ὡς</span> <span class='ocrx_word' id='word_1_308' title='bbox 1445 2342 1510 2396; x_wconf 84' lang='grc' dir='ltr'>ἂν</span> <span class='ocrx_word' id='word_1_309' title='bbox 1540 2343 1595 2395; x_wconf 77' lang='grc' dir='ltr'><strong>εί</strong></span> <span class='ocrx_word' id='word_1_310' title='bbox 1618 2341 1818 2406; x_wconf 81' lang='grc' dir='ltr'>τις-λέ-</span> 
     </span>
    </p>
   </div>
   <div class='ocr_carea' id='block_1_42' title="bbox 230 2425 1815 2504">
    <p class='ocr_par' dir='ltr' id='par_1_42' title="bbox 230 2425 1815 2504">
     <span class='ocr_line' id='line_1_42' title="bbox 230 2425 1815 2504; baseline 0.004 -22"><span class='ocrx_word' id='word_1_311' title='bbox 230 2445 318 2498; x_wconf 85' lang='grc' dir='ltr'><strong>γοι</strong></span> <span class='ocrx_word' id='word_1_312' title='bbox 369 2430 466 2483; x_wconf 82' lang='grc' dir='ltr'>καὶ</span> <span class='ocrx_word' id='word_1_313' title='bbox 515 2425 665 2484; x_wconf 76' lang='grc' dir='ltr'>οἷκον</span> <span class='ocrx_word' id='word_1_314' title='bbox 714 2432 927 2486; x_wconf 82' lang='grc' dir='ltr'>πενθεῖν</span> <span class='ocrx_word' id='word_1_315' title='bbox 966 2434 1177 2499; x_wconf 73' lang='grc' dir='ltr'>οὐδενὸς</span> <span class='ocrx_word' id='word_1_316' title='bbox 1225 2433 1502 2497; x_wconf 79' lang='grc' dir='ltr'>οἰκοῦντος</span> <span class='ocrx_word' id='word_1_317' title='bbox 1549 2435 1606 2488; x_wconf 85' lang='grc' dir='ltr'>ὲν</span> <span class='ocrx_word' id='word_1_318' title='bbox 1646 2432 1815 2504; x_wconf 75' lang='grc' dir='ltr'>αὐτῷ.</span> 
     </span>
    </p>
   </div>
   <div class='ocr_carea' id='block_1_43' title="bbox 233 2520 1815 2596">
    <p class='ocr_par' dir='ltr' id='par_1_43' title="bbox 233 2520 1815 2596">
     <span class='ocr_line' id='line_1_43' title="bbox 233 2520 1815 2596; baseline 0.008 -24"><span class='ocrx_word' id='word_1_319' title='bbox 233 2520 579 2590; x_wconf 80' lang='grc' dir='ltr'>Προσεπάγει</span> <span class='ocrx_word' id='word_1_320' title='bbox 609 2520 672 2576; x_wconf 74' lang='grc' dir='ltr'>δὲ</span> <span class='ocrx_word' id='word_1_321' title='bbox 699 2522 910 2587; x_wconf 78' lang='grc' dir='ltr'>τούτοις</span> <span class='ocrx_word' id='word_1_322' title='bbox 947 2523 1029 2587; x_wconf 81' lang='grc' dir='ltr'>τὸ,</span> <span class='ocrx_word' id='word_1_323' title='bbox 1065 2525 1174 2578; x_wconf 80' lang='grc' dir='ltr'><strong>Καὶ</strong></span> <span class='ocrx_word' id='word_1_324' title='bbox 1208 2523 1618 2596; x_wconf 82' lang='grc' dir='ltr'>καταλειφθήσῃ</span> <span class='ocrx_word' id='word_1_325' title='bbox 1656 2525 1815 2595; x_wconf 75' lang='grc' dir='ltr'>μόνη.</span> 
     </span>
    </p>
   </div>
   <div class='ocr_carea' id='block_1_44' title="bbox 231 2610 1816 2688">
    <p class='ocr_par' dir='ltr' id='par_1_44' title="bbox 231 2610 1816 2688">
     <span class='ocr_line' id='line_1_44' title="bbox 231 2610 1816 2688; baseline 0.004 -26"><span class='ocrx_word' id='word_1_326' title='bbox 231 2610 322 2662; x_wconf 77' lang='grc' dir='ltr'>καὶ</span> <span class='ocrx_word' id='word_1_327' title='bbox 346 2613 431 2674; x_wconf 83' lang='grc' dir='ltr'>εις</span> <span class='ocrx_word' id='word_1_328' title='bbox 463 2611 570 2682; x_wconf 79' lang='grc' dir='ltr'>γῆν</span> <span class='ocrx_word' id='word_1_329' title='bbox 601 2611 959 2684; x_wconf 77' lang='grc' dir='ltr'>ἑδαφισθήσῃ,</span> <span class='ocrx_word' id='word_1_330' title='bbox 992 2613 1135 2677; x_wconf 64' lang='grc' dir='ltr'>ταῦτ’</span> <span class='ocrx_word' id='word_1_331' title='bbox 1165 2613 1334 2678; x_wconf 83' lang='grc' dir='ltr'>ἔστιν,</span> <span class='ocrx_word' id='word_1_332' title='bbox 1372 2613 1468 2686; x_wconf 74' lang='grc' dir='ltr'><strong>ἔσῃ</strong></span> <span class='ocrx_word' id='word_1_333' title='bbox 1497 2632 1582 2678; x_wconf 90' lang='grc' dir='ltr'><strong>τις</strong></span> <span class='ocrx_word' id='word_1_334' title='bbox 1610 2615 1816 2688; x_wconf 78' lang='grc' dir='ltr'>ἐλεεινὴ</span> 
     </span>
    </p>
   </div>
   <div class='ocr_carea' id='block_1_45' title="bbox 229 2703 1816 2778">
    <p class='ocr_par' dir='ltr' id='par_1_45' title="bbox 229 2703 1816 2778">
     <span class='ocr_line' id='line_1_45' title="bbox 229 2703 1816 2778; baseline 0.004 -21"><span class='ocrx_word' id='word_1_335' title='bbox 229 2704 320 2757; x_wconf 75' lang='grc' dir='ltr'>καὶ</span> <span class='ocrx_word' id='word_1_336' title='bbox 340 2705 787 2776; x_wconf 79' lang='grc' dir='ltr'>κατερῤιμμένη,</span> <span class='ocrx_word' id='word_1_337' title='bbox 814 2707 908 2758; x_wconf 73' lang='grc' dir='ltr'>καὶ</span> <span class='ocrx_word' id='word_1_338' title='bbox 925 2703 1037 2760; x_wconf 73' lang='grc' dir='ltr'>οἷον</span> <span class='ocrx_word' id='word_1_339' title='bbox 1062 2709 1140 2766; x_wconf 82' lang='grc' dir='ltr'><strong>είς</strong></span> <span class='ocrx_word' id='word_1_340' title='bbox 1163 2708 1267 2777; x_wconf 84' lang='grc' dir='ltr'>γῆν</span> <span class='ocrx_word' id='word_1_341' title='bbox 1292 2709 1540 2778; x_wconf 81' lang='grc' dir='ltr'>κειμένη.</span> <span class='ocrx_word' id='word_1_342' title='bbox 1567 2709 1816 2774; x_wconf 87' lang='grc' dir='ltr'>Τοιοῦτος</span> 
     </span>
    </p>
   </div>
   <div class='ocr_carea' id='block_1_46' title="bbox 227 2795 1813 2872">
    <p class='ocr_par' dir='ltr' id='par_1_46' title="bbox 227 2795 1813 2872">
     <span class='ocr_line' id='line_1_46' title="bbox 227 2795 1813 2872; baseline 0.004 -23"><span class='ocrx_word' id='word_1_343' title='bbox 227 2795 336 2868; x_wconf 88' lang='grc' dir='ltr'><strong>γάρ</strong></span> <span class='ocrx_word' id='word_1_344' title='bbox 382 2814 508 2860; x_wconf 86' lang='grc' dir='ltr'><strong>πως</strong></span> <span class='ocrx_word' id='word_1_345' title='bbox 549 2797 576 2850; x_wconf 82' lang='grc' dir='ltr'>ὁ</span> <span class='ocrx_word' id='word_1_346' title='bbox 617 2797 729 2868; x_wconf 88' lang='grc' dir='ltr'>βίος</span> <span class='ocrx_word' id='word_1_347' title='bbox 766 2799 873 2852; x_wconf 86' lang='grc' dir='ltr'><strong>τῶν</strong></span> <span class='ocrx_word' id='word_1_348' title='bbox 914 2801 972 2852; x_wconf 78' lang='grc' dir='ltr'>ὲν</span> <span class='ocrx_word' id='word_1_349' title='bbox 1004 2799 1353 2872; x_wconf 74' lang='grc' dir='ltr'>αἰχμαλωσίᾳ</span> <span class='ocrx_word' id='word_1_350' title='bbox 1386 2800 1481 2854; x_wconf 73' lang='grc' dir='ltr'>καὶ</span> <span class='ocrx_word' id='word_1_351' title='bbox 1517 2801 1813 2872; x_wconf 89' lang='grc' dir='ltr'>ἀθλιότητι,</span> 
     </span>
    </p>
   </div>
   <div class='ocr_carea' id='block_1_47' title="bbox 226 2887 1815 2962">
    <p class='ocr_par' dir='ltr' id='par_1_47' title="bbox 226 2887 1815 2962">
     <span class='ocr_line' id='line_1_47' title="bbox 226 2887 1815 2962; baseline 0.003 -21"><span class='ocrx_word' id='word_1_352' title='bbox 226 2888 322 2941; x_wconf 77' lang='grc' dir='ltr'>καὶ</span> <span class='ocrx_word' id='word_1_353' title='bbox 352 2887 567 2960; x_wconf 74' lang='grc' dir='ltr'>σκληρᾷ</span> <span class='ocrx_word' id='word_1_354' title='bbox 594 2891 689 2943; x_wconf 81' lang='grc' dir='ltr'>καὶ</span> <span class='ocrx_word' id='word_1_355' title='bbox 717 2891 975 2962; x_wconf 79' lang='grc' dir='ltr'>ἀφορήτῳ</span> <span class='ocrx_word' id='word_1_356' title='bbox 1008 2891 1238 2962; x_wconf 68' lang='grc' dir='ltr'>δουλείᾳ.</span> <span class='ocrx_word' id='word_1_357' title='bbox 1277 2891 1566 2946; x_wconf 87' lang='grc' dir='ltr'>Πάνδεινον</span> <span class='ocrx_word' id='word_1_358' title='bbox 1591 2887 1686 2946; x_wconf 83' lang='grc' dir='ltr'>οὖν</span> <span class='ocrx_word' id='word_1_359' title='bbox 1707 2893 1815 2962; x_wconf 84' lang='grc' dir='ltr'>ἄρα</span> 
     </span>
    </p>
   </div>
   <div class='ocr_carea' id='block_1_48' title="bbox 225 2980 1816 3056">
    <p class='ocr_par' dir='ltr' id='par_1_48' title="bbox 225 2980 1816 3056">
     <span class='ocr_line' id='line_1_48' title="bbox 225 2980 1816 3056; baseline 0.003 -22"><span class='ocrx_word' id='word_1_360' title='bbox 225 2980 286 3034; x_wconf 87' lang='grc' dir='ltr'><strong>τδ</strong></span> <span class='ocrx_word' id='word_1_361' title='bbox 310 2981 691 3053; x_wconf 81' lang='grc' dir='ltr'>προσκροῦσαι</span> <span class='ocrx_word' id='word_1_362' title='bbox 721 2982 860 3052; x_wconf 82' lang='grc' dir='ltr'>Θεῷ,</span> <span class='ocrx_word' id='word_1_363' title='bbox 894 2983 989 3036; x_wconf 79' lang='grc' dir='ltr'>καὶ</span> <span class='ocrx_word' id='word_1_364' title='bbox 1026 2983 1122 3037; x_wconf 86' lang='grc' dir='ltr'><strong>τοῦ</strong></span> <span class='ocrx_word' id='word_1_365' title='bbox 1154 2985 1211 3036; x_wconf 83' lang='grc' dir='ltr'>ὲν</span> <span class='ocrx_word' id='word_1_366' title='bbox 1238 2983 1436 3055; x_wconf 70' lang='grc' dir='ltr'>ψυχαῖς</span> <span class='ocrx_word' id='word_1_367' title='bbox 1470 2985 1816 3056; x_wconf 77' lang='grc' dir='ltr'>καταφρονῆο</span> 
     </span>
    </p>
   </div>
   <div class='ocr_carea' id='block_1_49' title="bbox 229 3074 1814 3145">
    <p class='ocr_par' dir='ltr' id='par_1_49' title="bbox 229 3074 1814 3145">
     <span class='ocr_line' id='line_1_49' title="bbox 229 3074 1814 3145; baseline 0.003 -19"><span class='ocrx_word' id='word_1_368' title='bbox 229 3089 318 3127; x_wconf 85' lang='grc' dir='ltr'><strong>σαι</strong></span> <span class='ocrx_word' id='word_1_369' title='bbox 344 3074 598 3138; x_wconf 81' lang='grc' dir='ltr'>κάλλους.</span> <span class='ocrx_word' id='word_1_370' title='bbox 625 3075 764 3140; x_wconf 80' lang='grc' dir='ltr'>Τοὺς</span> <span class='ocrx_word' id='word_1_371' title='bbox 790 3077 982 3145; x_wconf 84' lang='grc' dir='ltr'>γάρτοι</span> <span class='ocrx_word' id='word_1_372' title='bbox 1008 3076 1128 3129; x_wconf 89' lang='grc' dir='ltr'>λίαν</span> <span class='ocrx_word' id='word_1_373' title='bbox 1161 3077 1592 3141; x_wconf 86' lang='grc' dir='ltr'>ἀπονενευκότας</span> <span class='ocrx_word' id='word_1_374' title='bbox 1626 3077 1720 3130; x_wconf 75' lang='grc' dir='ltr'><strong>ἐπὶ</strong></span> <span class='ocrx_word' id='word_1_375' title='bbox 1751 3077 1814 3130; x_wconf 82' lang='grc' dir='ltr'>τὸ</span> 
     </span>
    </p>
   </div>
   <div class='ocr_carea' id='block_1_50' title="bbox 228 3165 1812 3238">
    <p class='ocr_par' dir='ltr' id='par_1_50' title="bbox 228 3165 1812 3238">
     <span class='ocr_line' id='line_1_50' title="bbox 228 3165 1812 3238; baseline 0.003 -20"><span class='ocrx_word' id='word_1_376' title='bbox 228 3165 494 3237; x_wconf 73' lang='grc' dir='ltr'>ῥᾴθυμον,</span> <span class='ocrx_word' id='word_1_377' title='bbox 527 3167 728 3228; x_wconf 80' lang='grc' dir='ltr'>παντὸς</span> <span class='ocrx_word' id='word_1_378' title='bbox 761 3167 1006 3237; x_wconf 81' lang='grc' dir='ltr'>ἐξίστησι</span> <span class='ocrx_word' id='word_1_379' title='bbox 1039 3167 1245 3238; x_wconf 87' lang='grc' dir='ltr'>κόσμου</span> <span class='ocrx_word' id='word_1_380' title='bbox 1281 3168 1430 3230; x_wconf 80' lang='grc' dir='ltr'>Θεὸς,</span> <span class='ocrx_word' id='word_1_381' title='bbox 1463 3167 1621 3238; x_wconf 82' lang='grc' dir='ltr'>δῆλον</span> <span class='ocrx_word' id='word_1_382' title='bbox 1647 3169 1704 3222; x_wconf 83' lang='grc' dir='ltr'>δὲ</span> <span class='ocrx_word' id='word_1_383' title='bbox 1730 3169 1812 3222; x_wconf 85' lang='grc' dir='ltr'>ὅτι</span> 
     </span>
    </p>
   </div>
   <div class='ocr_carea' id='block_1_51' title="bbox 225 3256 1812 3332">
    <p class='ocr_par' dir='ltr' id='par_1_51' title="bbox 225 3256 1812 3332">
     <span class='ocr_line' id='line_1_51' title="bbox 225 3256 1812 3332; baseline 0.023 -23"><span class='ocrx_word' id='word_1_384' title='bbox 225 3257 317 3310; x_wconf 85' lang='grc' dir='ltr'><strong>τοῦ</strong></span> <span class='ocrx_word' id='word_1_385' title='bbox 358 3256 580 3328; x_wconf 88' lang='grc' dir='ltr'>νοητοῦ,</span> <span class='ocrx_word' id='word_1_386' title='bbox 621 3259 718 3312; x_wconf 78' lang='grc' dir='ltr'>καὶ</span> <span class='ocrx_word' id='word_1_387' title='bbox 759 3260 1000 3327; x_wconf 77' lang='grc' dir='ltr'>γυμνοὺς</span> <span class='ocrx_word' id='word_1_388' title='bbox 1037 3260 1321 3329; x_wconf 64' lang='grc' dir='ltr'><strong>ἀποφήνας</strong></span> <span class='ocrx_word' id='word_1_389' title='bbox 1360 3261 1580 3325; x_wconf 66' lang='grc' dir='ltr'><strong>ἀπάσης</strong></span> <span class='ocrx_word' id='word_1_390' title='bbox 1609 3262 1812 3332; x_wconf 69' lang='grc' dir='ltr'><strong>ἀρετῆς</strong></span> 
     </span>
    </p>
   </div>
   <div class='ocr_carea' id='block_1_52' title="bbox 227 3348 1815 3421">
    <p class='ocr_par' dir='ltr' id='par_1_52' title="bbox 227 3348 1815 3421">
     <span class='ocr_line' id='line_1_52' title="bbox 227 3348 1815 3421; baseline 0.003 -19"><span class='ocrx_word' id='word_1_391' title='bbox 227 3348 571 3420; x_wconf 78' lang='grc' dir='ltr'>παραδίδωσι</span> <span class='ocrx_word' id='word_1_392' title='bbox 593 3351 707 3411; x_wconf 86' lang='grc' dir='ltr'>τοῖς</span> <span class='ocrx_word' id='word_1_393' title='bbox 733 3349 966 3420; x_wconf 79' lang='grc' dir='ltr'>ἐχθροῖς.</span> <span class='ocrx_word' id='word_1_394' title='bbox 1001 3348 1158 3403; x_wconf 77' lang='grc' dir='ltr'>οὕτω</span> <span class='ocrx_word' id='word_1_395' title='bbox 1183 3351 1362 3421; x_wconf 85' lang='grc' dir='ltr'>φαμὲν</span> <span class='ocrx_word' id='word_1_396' title='bbox 1390 3351 1634 3406; x_wconf 79' lang='grc' dir='ltr'>δεδόσθαι</span> <span class='ocrx_word' id='word_1_397' title='bbox 1662 3352 1815 3416; x_wconf 86' lang='grc' dir='ltr'>τινάς</span> 
     </span>
    </p>
   </div>
   <div class='ocr_carea' id='block_1_53' title="bbox 226 3439 1814 3514">
    <p class='ocr_par' dir='ltr' id='par_1_53' title="bbox 226 3439 1814 3514">
     <span class='ocr_line' id='line_1_53' title="bbox 226 3439 1814 3514; baseline 0.003 -22"><span class='ocrx_word' id='word_1_398' title='bbox 226 3441 306 3504; x_wconf 85' lang='grc' dir='ltr'><strong>είς</strong></span> <span class='ocrx_word' id='word_1_399' title='bbox 337 3441 600 3511; x_wconf 73' lang='grc' dir='ltr'>ἀδόκιμον</span> <span class='ocrx_word' id='word_1_400' title='bbox 625 3439 771 3505; x_wconf 84' lang='grc' dir='ltr'>νοῦν,</span> <span class='ocrx_word' id='word_1_401' title='bbox 809 3442 905 3494; x_wconf 76' lang='grc' dir='ltr'><strong>καὶ</strong></span> <span class='ocrx_word' id='word_1_402' title='bbox 935 3441 1014 3505; x_wconf 86' lang='grc' dir='ltr'><strong>είς</strong></span> <span class='ocrx_word' id='word_1_403' title='bbox 1046 3441 1194 3511; x_wconf 83' lang='grc' dir='ltr'>πάθη</span> <span class='ocrx_word' id='word_1_404' title='bbox 1220 3442 1462 3514; x_wconf 86' lang='grc' dir='ltr'>ἀτιμίας.</span> <span class='ocrx_word' id='word_1_405' title='bbox 1493 3444 1814 3514; x_wconf 85' lang='grc' dir='ltr'>Συνέχοντος</span> 
     </span>
    </p>
   </div>
   <div class='ocr_carea' id='block_1_54' title="bbox 229 3532 1815 3607">
    <p class='ocr_par' dir='ltr' id='par_1_54' title="bbox 229 3532 1815 3607">
     <span class='ocr_line' id='line_1_54' title="bbox 229 3532 1815 3607; baseline 0.002 -21"><span class='ocrx_word' id='word_1_406' title='bbox 229 3532 325 3602; x_wconf 75' lang='grc' dir='ltr'>μὲν</span> <span class='ocrx_word' id='word_1_407' title='bbox 367 3532 481 3604; x_wconf 80' lang='grc' dir='ltr'><strong>γὰρ</strong></span> <span class='ocrx_word' id='word_1_408' title='bbox 523 3535 670 3606; x_wconf 73' lang='grc' dir='ltr'>ἡμᾶς</span> <span class='ocrx_word' id='word_1_409' title='bbox 717 3535 798 3597; x_wconf 88' lang='grc' dir='ltr'><strong>είς</strong></span> <span class='ocrx_word' id='word_1_410' title='bbox 834 3533 994 3602; x_wconf 75' lang='grc' dir='ltr'>ἰσχὺν</span> <span class='ocrx_word' id='word_1_411' title='bbox 1031 3534 1131 3605; x_wconf 74' lang='grc' dir='ltr'><strong>τὴν</strong></span> <span class='ocrx_word' id='word_1_412' title='bbox 1175 3535 1554 3607; x_wconf 84' lang='grc' dir='ltr'>πνευματικὴν</span> <span class='ocrx_word' id='word_1_413' title='bbox 1585 3536 1680 3588; x_wconf 77' lang='grc' dir='ltr'><strong>τοῦ</strong></span> <span class='ocrx_word' id='word_1_414' title='bbox 1721 3537 1815 3589; x_wconf 70' lang='grc' dir='ltr'><strong>ἐπὶ</strong></span> 
     </span>
    </p>
   </div>
   <div class='ocr_carea' id='block_1_55' title="bbox 229 3623 1814 3699">
    <p class='ocr_par' dir='ltr' id='par_1_55' title="bbox 229 3623 1814 3699">
     <span class='ocr_line' id='line_1_55' title="bbox 229 3623 1814 3699; baseline 0.003 -22"><span class='ocrx_word' id='word_1_415' title='bbox 229 3624 442 3686; x_wconf 78' lang='grc' dir='ltr'>πάντας</span> <span class='ocrx_word' id='word_1_416' title='bbox 469 3624 626 3690; x_wconf 80' lang='grc' dir='ltr'>Θεοῦ,</span> <span class='ocrx_word' id='word_1_417' title='bbox 645 3623 986 3694; x_wconf 83' lang='grc' dir='ltr'>διασώζομεν</span> <span class='ocrx_word' id='word_1_418' title='bbox 1015 3625 1073 3678; x_wconf 80' lang='grc' dir='ltr'>ἐν</span> <span class='ocrx_word' id='word_1_419' title='bbox 1102 3627 1315 3689; x_wconf 79' lang='grc' dir='ltr'>ἑαυτοῖς</span> <span class='ocrx_word' id='word_1_420' title='bbox 1351 3627 1411 3680; x_wconf 85' lang='grc' dir='ltr'>τὸ</span> <span class='ocrx_word' id='word_1_421' title='bbox 1437 3626 1691 3699; x_wconf 79' lang='grc' dir='ltr'>λαμπρὸν</span> <span class='ocrx_word' id='word_1_422' title='bbox 1717 3629 1814 3698; x_wconf 83' lang='grc' dir='ltr'>τῆς</span> 
     </span>
    </p>
   </div>
   <div class='ocr_carea' id='block_1_56' title="bbox 231 3714 1810 3790">
    <p class='ocr_par' dir='ltr' id='par_1_56' title="bbox 231 3714 1810 3790">
     <span class='ocr_line' id='line_1_56' title="bbox 231 3714 1810 3790; baseline 0.003 -22"><span class='ocrx_word' id='word_1_423' title='bbox 231 3714 374 3779; x_wconf 77' lang='grc' dir='ltr'>ιδίας</span> <span class='ocrx_word' id='word_1_424' title='bbox 405 3714 616 3783; x_wconf 76' lang='grc' dir='ltr'>φύσεως</span> <span class='ocrx_word' id='word_1_425' title='bbox 639 3716 852 3781; x_wconf 78' lang='grc' dir='ltr'>κάλλος.</span> <span class='ocrx_word' id='word_1_426' title='bbox 895 3717 1246 3787; x_wconf 73' lang='grc' dir='ltr'>’Λφιστάντος</span> <span class='ocrx_word' id='word_1_427' title='bbox 1265 3719 1320 3772; x_wconf 82' lang='grc' dir='ltr'>δὲ</span> <span class='ocrx_word' id='word_1_428' title='bbox 1350 3718 1446 3790; x_wconf 80' lang='grc' dir='ltr'><strong>τὴν</strong></span> <span class='ocrx_word' id='word_1_429' title='bbox 1471 3720 1810 3790; x_wconf 74' lang='grc' dir='ltr'>ἐπικουρίαν,</span> 
     </span>
    </p>
   </div>
   <div class='ocr_carea' id='block_1_57' title="bbox 228 3798 1814 3880">
    <p class='ocr_par' dir='ltr' id='par_1_57' title="bbox 228 3798 1814 3880">
     <span class='ocr_line' id='line_1_57' title="bbox 228 3798 1814 3880; baseline 0.004 -20"><span class='ocrx_word' id='word_1_430' title='bbox 228 3807 438 3878; x_wconf 78' lang='grc' dir='ltr'>γυμνοὶ</span> <span class='ocrx_word' id='word_1_431' title='bbox 475 3798 540 3879; x_wconf 69' lang='grc' dir='ltr'>δὴ</span> <span class='ocrx_word' id='word_1_432' title='bbox 579 3809 786 3874; x_wconf 81' lang='grc' dir='ltr'>πάντως</span> <span class='ocrx_word' id='word_1_433' title='bbox 821 3809 1059 3880; x_wconf 78' lang='grc' dir='ltr'>ἐσόμεθα</span> <span class='ocrx_word' id='word_1_434' title='bbox 1086 3811 1288 3875; x_wconf 79' lang='grc' dir='ltr'>παντὸς</span> <span class='ocrx_word' id='word_1_435' title='bbox 1321 3811 1550 3880; x_wconf 84' lang='grc' dir='ltr'>ἀγαθοῦ,</span> <span class='ocrx_word' id='word_1_436' title='bbox 1587 3813 1814 3867; x_wconf 73' lang='grc' dir='ltr'>καὶτῶν</span> 
     </span>
    </p>
   </div>
   <div class='ocr_carea' id='block_1_58' title="bbox 230 3897 1811 3976">
    <p class='ocr_par' dir='ltr' id='par_1_58' title="bbox 230 3897 1811 3976">
     <span class='ocr_line' id='line_1_58' title="bbox 230 3897 1811 3976; baseline 0.003 -24"><span class='ocrx_word' id='word_1_437' title='bbox 230 3897 290 3964; x_wconf 56' lang='lat' dir='ltr'><strong>te</strong></span> <span class='ocrx_word' id='word_1_438' title='bbox 326 3900 537 3971; x_wconf 74' lang='grc' dir='ltr'>ἀρετῆς</span> <span class='ocrx_word' id='word_1_439' title='bbox 569 3899 902 3972; x_wconf 74' lang='grc' dir='ltr'>αὐχημάτων</span> <span class='ocrx_word' id='word_1_440' title='bbox 941 3901 1307 3966; x_wconf 77' lang='grc' dir='ltr'>ἀποϐαλόντες</span> <span class='ocrx_word' id='word_1_441' title='bbox 1348 3903 1448 3974; x_wconf 78' lang='grc' dir='ltr'>τὴν</span> <span class='ocrx_word' id='word_1_442' title='bbox 1480 3903 1811 3976; x_wconf 85' lang='grc' dir='ltr'>ὡραιότητα,</span> 
     </span>
    </p>
   </div>
   <div class='ocr_carea' id='block_1_59' title="bbox 230 3991 1813 4066">
    <p class='ocr_par' dir='ltr' id='par_1_59' title="bbox 230 3991 1813 4066">
     <span class='ocr_line' id='line_1_59' title="bbox 230 3991 1813 4066; baseline 0.004 -23"><span class='ocrx_word' id='word_1_443' title='bbox 230 3993 340 4054; x_wconf 85' lang='grc' dir='ltr'>τοῖς</span> <span class='ocrx_word' id='word_1_444' title='bbox 378 3991 485 4061; x_wconf 84' lang='grc' dir='ltr'>τῆς</span> <span class='ocrx_word' id='word_1_445' title='bbox 514 3992 737 4062; x_wconf 80' lang='grc' dir='ltr'>ἀτιμίας</span> <span class='ocrx_word' id='word_1_446' title='bbox 765 3993 992 4048; x_wconf 75' lang='grc' dir='ltr'>πάθεσιν</span> <span class='ocrx_word' id='word_1_447' title='bbox 1019 3994 1443 4066; x_wconf 82' lang='grc' dir='ltr'>ὑποκεισόμεθα,</span> <span class='ocrx_word' id='word_1_448' title='bbox 1476 3995 1570 4050; x_wconf 75' lang='grc' dir='ltr'>καὶ</span> <span class='ocrx_word' id='word_1_449' title='bbox 1592 3996 1813 4050; x_wconf 80' lang='grc' dir='ltr'>δουλεύο</span> 
     </span>
    </p>
   </div>
   <div class='ocr_carea' id='block_1_60' title="bbox 236 4083 718 4154">
    <p class='ocr_par' dir='ltr' id='par_1_60' title="bbox 236 4083 718 4154">
     <span class='ocr_line' id='line_1_60' title="bbox 236 4083 718 4154; baseline -0.004 -19"><span class='ocrx_word' id='word_1_450' title='bbox 236 4097 396 4152; x_wconf 83' lang='grc' dir='ltr'>σομεν</span> <span class='ocrx_word' id='word_1_451' title='bbox 418 4083 657 4154; x_wconf 78' lang='grc' dir='ltr'>ἐχθροῖς.</span> <span class='ocrx_word' id='word_1_452' title='bbox 715 4130 718 4133; x_wconf 87' lang='grc'><strong>,</strong></span> 
     </span>
    </p>
   </div>
   <div class='ocr_carea' id='block_1_61' title="bbox 299 4175 1814 4249">
    <p class='ocr_par' dir='ltr' id='par_1_61' title="bbox 299 4175 1814 4249">
     <span class='ocr_line' id='line_1_61' title="bbox 299 4175 1814 4249; baseline 0.005 -22"><span class='ocrx_word' id='word_1_453' title='bbox 299 4175 409 4228; x_wconf 78' lang='grc' dir='ltr'><strong>Καὶ</strong></span> <span class='ocrx_word' id='word_1_454' title='bbox 481 4176 891 4245; x_wconf 71' lang='grc' dir='ltr'>ἐπιλήψονται</span> <span class='ocrx_word' id='word_1_455' title='bbox 947 4178 1097 4233; x_wconf 77' lang='grc' dir='ltr'>ἑπτὰ</span> <span class='ocrx_word' id='word_1_456' title='bbox 1155 4178 1440 4248; x_wconf 79' lang='grc' dir='ltr'>γυναῖκες</span> <span class='ocrx_word' id='word_1_457' title='bbox 1498 4179 1814 4249; x_wconf 79' lang='grc' dir='ltr'>ἀνθρώπου</span> 
     </span>
    </p>
   </div>
   <div class='ocr_carea' id='block_1_62' title="bbox 232 4265 1814 4341">
    <p class='ocr_par' dir='ltr' id='par_1_62' title="bbox 232 4265 1814 4341">
     <span class='ocr_line' id='line_1_62' title="bbox 232 4265 1814 4341; baseline 0.003 -21"><span class='ocrx_word' id='word_1_458' title='bbox 232 4265 384 4332; x_wconf 72' lang='grc' dir='ltr'>ἐνὸς,</span> <span class='ocrx_word' id='word_1_459' title='bbox 431 4266 748 4337; x_wconf 76' lang='grc' dir='ltr'>λέγουσαι·</span> <span class='ocrx_word' id='word_1_460' title='bbox 783 4269 893 4322; x_wconf 78' lang='lat' dir='ltr'><strong>Tdr</strong></span> <span class='ocrx_word' id='word_1_461' title='bbox 923 4269 1106 4337; x_wconf 80' lang='grc' dir='ltr'>ἄρτον</span> <span class='ocrx_word' id='word_1_462' title='bbox 1142 4267 1314 4338; x_wconf 66' lang='grc' dir='ltr'>ἡμῶν</span> <span class='ocrx_word' id='word_1_463' title='bbox 1353 4271 1679 4341; x_wconf 58' lang='grc' dir='ltr'>φαγόμεθα,</span> <span class='ocrx_word' id='word_1_464' title='bbox 1714 4271 1814 4326; x_wconf 78' lang='grc' dir='ltr'>καὶ</span> 
     </span>
    </p>
   </div>
   <div class='ocr_carea' id='block_1_63' title="bbox 233 4357 1816 4431">
    <p class='ocr_par' dir='ltr' id='par_1_63' title="bbox 233 4357 1816 4431">
     <span class='ocr_line' id='line_1_63' title="bbox 233 4357 1816 4431; baseline 0.003 -20"><span class='ocrx_word' id='word_1_465' title='bbox 233 4357 300 4411; x_wconf 76' lang='grc' dir='ltr'>τὰ</span> <span class='ocrx_word' id='word_1_466' title='bbox 341 4357 543 4427; x_wconf 74' lang='grc' dir='ltr'>ἱμάτια</span> <span class='ocrx_word' id='word_1_467' title='bbox 574 4359 745 4428; x_wconf 73' lang='grc' dir='ltr'><strong>ἡμῶν</strong></span> <span class='ocrx_word' id='word_1_468' title='bbox 780 4361 1268 4431; x_wconf 77' lang='grc' dir='ltr'>περιϐαλούμεθα,</span> <span class='ocrx_word' id='word_1_469' title='bbox 1318 4361 1488 4430; x_wconf 75' lang='grc' dir='ltr'>πλὴν</span> <span class='ocrx_word' id='word_1_470' title='bbox 1521 4361 1590 4415; x_wconf 84' lang='grc' dir='ltr'>τὸ</span> <span class='ocrx_word' id='word_1_471' title='bbox 1628 4361 1816 4431; x_wconf 77' lang='grc' dir='ltr'>ὄνομα</span> 
     </span>
    </p>
   </div>
   <div class='ocr_carea' id='block_1_64' title="bbox 1841 3121 1883 3178">
    <p class='ocr_par' dir='ltr' id='par_1_64' title="bbox 1841 3121 1883 3178">
     <span class='ocr_line' id='line_1_64' title="bbox 1841 3121 1883 3178; baseline 0 0"><span class='ocrx_word' id='word_1_472' title='bbox 1841 3121 1883 3178; x_wconf 90' lang='lat' dir='ltr'><strong>C</strong></span> 
     </span>
    </p>
   </div>
   <div class='ocr_carea' id='block_1_65' title="bbox 1925 1881 3510 1962">
    <p class='ocr_par' dir='ltr' id='par_1_65' title="bbox 1925 1881 3510 1962">
     <span class='ocr_line' id='line_1_65' title="bbox 1925 1881 3510 1962; baseline -0.009 -11"><span class='ocrx_word' id='word_1_473' title='bbox 1925 1912 2031 1951; x_wconf 88' lang='lat' dir='ltr'><strong>non</strong></span> <span class='ocrx_word' id='word_1_474' title='bbox 2077 1907 2311 1959; x_wconf 65' lang='lat' dir='ltr'><strong>onustae,</strong></span> <span class='ocrx_word' id='word_1_475' title='bbox 2354 1907 2455 1947; x_wconf 89' lang='lat' dir='ltr'><strong>nec</strong></span> <span class='ocrx_word' id='word_1_476' title='bbox 2489 1891 2836 1962; x_wconf 87' lang='lat' dir='ltr'><strong>parvulorum</strong></span> <span class='ocrx_word' id='word_1_477' title='bbox 2884 1889 3120 1958; x_wconf 89' lang='lat' dir='ltr'><strong>pondere</strong></span> <span class='ocrx_word' id='word_1_478' title='bbox 3155 1899 3376 1956; x_wconf 68' lang='lat' dir='ltr'><strong>pressae.</strong></span> <span class='ocrx_word' id='word_1_479' title='bbox 3415 1881 3510 1939; x_wconf 87' lang='lat' dir='ltr'><strong>Vel</strong></span> 
     </span>
    </p>
   </div>
   <div class='ocr_carea' id='block_1_66' title="bbox 1922 1973 3508 2055">
    <p class='ocr_par' dir='ltr' id='par_1_66' title="bbox 1922 1973 3508 2055">
     <span class='ocr_line' id='line_1_66' title="bbox 1922 1973 3508 2055; baseline -0.011 -15"><span class='ocrx_word' id='word_1_480' title='bbox 1922 2001 2054 2055; x_wconf 83' lang='lat' dir='ltr'><strong>ergo</strong></span> <span class='ocrx_word' id='word_1_481' title='bbox 2089 1986 2169 2038; x_wconf 90' lang='lat' dir='ltr'><strong>sic</strong></span> <span class='ocrx_word' id='word_1_482' title='bbox 2207 1983 2382 2052; x_wconf 79' lang='lat' dir='ltr'><strong>gladio</strong></span> <span class='ocrx_word' id='word_1_483' title='bbox 2418 1993 2738 2035; x_wconf 87' lang='lat' dir='ltr'><strong>occasurum</strong></span> <span class='ocrx_word' id='word_1_484' title='bbox 2774 1977 2851 2031; x_wconf 85' lang='lat' dir='ltr'><strong>ait</strong></span> <span class='ocrx_word' id='word_1_485' title='bbox 2886 1977 3145 2030; x_wconf 89' lang='lat' dir='ltr'><strong>dilectum</strong></span> <span class='ocrx_word' id='word_1_486' title='bbox 3199 1974 3306 2042; x_wconf 78' lang='grc'><strong>72</strong></span> <span class='ocrx_word' id='word_1_487' title='bbox 3360 1973 3508 2040; x_wconf 86' lang='lat' dir='ltr'><strong>ipsa-</strong></span> 
     </span>
    </p>
   </div>
   <div class='ocr_carea' id='block_1_67' title="bbox 1923 2063 3509 2137">
    <p class='ocr_par' dir='ltr' id='par_1_67' title="bbox 1923 2063 3509 2137">
     <span class='ocr_line' id='line_1_67' title="bbox 1923 2063 3509 2137; baseline -0.009 -7"><span class='ocrx_word' id='word_1_488' title='bbox 1923 2092 2042 2130; x_wconf 85' lang='lat' dir='ltr'><strong>rum</strong></span> <span class='ocrx_word' id='word_1_489' title='bbox 2097 2076 2286 2137; x_wconf 89' lang='lat' dir='ltr'><strong>iilinm,</strong></span> <span class='ocrx_word' id='word_1_490' title='bbox 2320 2072 2406 2126; x_wconf 86' lang='lat' dir='ltr'><strong>vel</strong></span> <span class='ocrx_word' id='word_1_491' title='bbox 2439 2071 2604 2126; x_wconf 88' lang='lat' dir='ltr'><strong>etiam</strong></span> <span class='ocrx_word' id='word_1_492' title='bbox 2643 2070 2698 2122; x_wconf 90' lang='lat' dir='ltr'><strong>in</strong></span> <span class='ocrx_word' id='word_1_493' title='bbox 2739 2067 2924 2136; x_wconf 64' lang='lat' dir='ltr'><strong>praelia</strong></span> <span class='ocrx_word' id='word_1_494' title='bbox 2960 2073 3015 2120; x_wconf 89' lang='lat' dir='ltr'><strong>et</strong></span> <span class='ocrx_word' id='word_1_495' title='bbox 3065 2063 3304 2118; x_wconf 85' lang='lat' dir='ltr'><strong>hostium</strong></span> <span class='ocrx_word' id='word_1_496' title='bbox 3343 2077 3509 2115; x_wconf 81' lang='lat' dir='ltr'><strong>ntattu</strong></span> 
     </span>
    </p>
   </div>
   <div class='ocr_carea' id='block_1_68' title="bbox 1923 2153 3509 2226">
    <p class='ocr_par' dir='ltr' id='par_1_68' title="bbox 1923 2153 3509 2226">
     <span class='ocr_line' id='line_1_68' title="bbox 1923 2153 3509 2226; baseline -0.01 -6"><span class='ocrx_word' id='word_1_497' title='bbox 1923 2166 2292 2226; x_wconf 80' lang='lat' dir='ltr'><strong>interiectum.</strong></span> <span class='ocrx_word' id='word_1_498' title='bbox 2334 2162 2657 2219; x_wconf 84' lang='lat' dir='ltr'><strong>Ploraturas</strong></span> <span class='ocrx_word' id='word_1_499' title='bbox 2679 2166 2858 2214; x_wconf 88' lang='lat' dir='ltr'><strong>autem</strong></span> <span class='ocrx_word' id='word_1_500' title='bbox 2887 2155 3020 2212; x_wconf 89' lang='lat' dir='ltr'><strong>dicit</strong></span> <span class='ocrx_word' id='word_1_501' title='bbox 3053 2153 3262 2208; x_wconf 84' lang='lat' dir='ltr'><strong>arculas</strong></span> <span class='ocrx_word' id='word_1_502' title='bbox 3285 2161 3509 2205; x_wconf 90' lang='lat' dir='ltr'><strong>ornatus</strong></span> 
     </span>
    </p>
   </div>
   <div class='ocr_carea' id='block_1_69' title="bbox 1922 2244 3507 2328">
    <p class='ocr_par' dir='ltr' id='par_1_69' title="bbox 1922 2244 3507 2328">
     <span class='ocr_line' id='line_1_69' title="bbox 1922 2244 3507 2328; baseline -0.011 -15"><span class='ocrx_word' id='word_1_503' title='bbox 1922 2259 2188 2328; x_wconf 72' lang='lat' dir='ltr'><strong>ipsarum,</strong></span> <span class='ocrx_word' id='word_1_504' title='bbox 2219 2270 2324 2310; x_wconf 84' lang='lat' dir='ltr'><strong>non</strong></span> <span class='ocrx_word' id='word_1_505' title='bbox 2368 2253 2524 2324; x_wconf 88' lang='lat' dir='ltr'><strong>quasi</strong></span> <span class='ocrx_word' id='word_1_506' title='bbox 2565 2266 2727 2307; x_wconf 90' lang='lat' dir='ltr'><strong>sensu</strong></span> <span class='ocrx_word' id='word_1_507' title='bbox 2764 2248 3001 2320; x_wconf 64' lang='lat' dir='ltr'><strong>praedite</strong></span> <span class='ocrx_word' id='word_1_508' title='bbox 3046 2247 3158 2301; x_wconf 90' lang='lat' dir='ltr'><strong>sint</strong></span> <span class='ocrx_word' id='word_1_509' title='bbox 3195 2244 3413 2307; x_wconf 75' lang='lat' dir='ltr'><strong>arculze,</strong></span> <span class='ocrx_word' id='word_1_510' title='bbox 3450 2255 3507 2296; x_wconf 90' lang='lat' dir='ltr'><strong>ut</strong></span> 
     </span>
    </p>
   </div>
   <div class='ocr_carea' id='block_1_70' title="bbox 1921 2334 3506 2418">
    <p class='ocr_par' dir='ltr' id='par_1_70' title="bbox 1921 2334 3506 2418">
     <span class='ocr_line' id='line_1_70' title="bbox 1921 2334 3506 2418; baseline -0.013 -16"><span class='ocrx_word' id='word_1_511' title='bbox 1921 2349 2134 2418; x_wconf 83' lang='lat' dir='ltr'><strong>plorare</strong></span> <span class='ocrx_word' id='word_1_512' title='bbox 2176 2345 2421 2416; x_wconf 85' lang='lat' dir='ltr'><strong>possint,</strong></span> <span class='ocrx_word' id='word_1_513' title='bbox 2452 2343 2546 2400; x_wconf 87' lang='lat' dir='ltr'><strong>sed</strong></span> <span class='ocrx_word' id='word_1_514' title='bbox 2577 2341 2800 2413; x_wconf 88' lang='lat' dir='ltr'><strong>perinde</strong></span> <span class='ocrx_word' id='word_1_515' title='bbox 2837 2353 2902 2394; x_wconf 91' lang='lat' dir='ltr'><strong>ac</strong></span> <span class='ocrx_word' id='word_1_516' title='bbox 2935 2339 2982 2395; x_wconf 92' lang='lat' dir='ltr'><strong>si</strong></span> <span class='ocrx_word' id='word_1_517' title='bbox 3009 2337 3206 2394; x_wconf 80' lang='lat' dir='ltr'><strong>dixerit</strong></span> <span class='ocrx_word' id='word_1_518' title='bbox 3239 2334 3506 2404; x_wconf 79' lang='lat' dir='ltr'><strong>quispiam</strong></span> 
     </span>
    </p>
   </div>
   <div class='ocr_carea' id='block_1_71' title="bbox 1922 2426 3507 2509">
    <p class='ocr_par' dir='ltr' id='par_1_71' title="bbox 1922 2426 3507 2509">
     <span class='ocr_line' id='line_1_71' title="bbox 1922 2426 3507 2509; baseline -0.009 -17"><span class='ocrx_word' id='word_1_519' title='bbox 1922 2440 2103 2509; x_wconf 81' lang='lat' dir='ltr'><strong>lugere</strong></span> <span class='ocrx_word' id='word_1_520' title='bbox 2144 2440 2388 2504; x_wconf 89' lang='lat' dir='ltr'><strong>domum,</strong></span> <span class='ocrx_word' id='word_1_521' title='bbox 2423 2450 2547 2491; x_wconf 89' lang='lat' dir='ltr'><strong>cum</strong></span> <span class='ocrx_word' id='word_1_522' title='bbox 2581 2448 2741 2489; x_wconf 90' lang='lat' dir='ltr'><strong>nemo</strong></span> <span class='ocrx_word' id='word_1_523' title='bbox 2771 2434 2824 2488; x_wconf 91' lang='lat' dir='ltr'><strong>in</strong></span> <span class='ocrx_word' id='word_1_524' title='bbox 2869 2447 2934 2487; x_wconf 89' lang='lat' dir='ltr'><strong>ea</strong></span> <span class='ocrx_word' id='word_1_525' title='bbox 2967 2429 3195 2486; x_wconf 86' lang='lat' dir='ltr'><strong>habitet.</strong></span> <span class='ocrx_word' id='word_1_526' title='bbox 3246 2426 3507 2480; x_wconf 82' lang='lat' dir='ltr'><strong>Producit</strong></span> 
     </span>
    </p>
   </div>
   <div class='ocr_carea' id='block_1_72' title="bbox 1919 2522 3506 2601">
    <p class='ocr_par' dir='ltr' id='par_1_72' title="bbox 1919 2522 3506 2601">
     <span class='ocr_line' id='line_1_72' title="bbox 1919 2522 3506 2601; baseline -0.013 -8"><span class='ocrx_word' id='word_1_527' title='bbox 1919 2539 1990 2595; x_wconf 88' lang='lat' dir='ltr'><strong>ad</strong></span> <span class='ocrx_word' id='word_1_528' title='bbox 2027 2540 2140 2594; x_wconf 59' lang='lat' dir='ltr'><strong>haec</strong></span> <span class='ocrx_word' id='word_1_529' title='bbox 2169 2545 2225 2594; x_wconf 91' lang='lat' dir='ltr'><strong>et</strong></span> <span class='ocrx_word' id='word_1_530' title='bbox 2255 2535 2388 2591; x_wconf 86' lang='lat' dir='ltr'><strong>illud</strong></span> <span class='ocrx_word' id='word_1_531' title='bbox 2417 2553 2433 2592; x_wconf 88' lang='lat'><strong>:</strong></span> <span class='ocrx_word' id='word_1_532' title='bbox 2462 2532 2807 2601; x_wconf 74' lang='lat' dir='ltr'><strong>Relinqueris</strong></span> <span class='ocrx_word' id='word_1_533' title='bbox 2834 2529 2976 2592; x_wconf 88' lang='lat' dir='ltr'><strong>sola,</strong></span> <span class='ocrx_word' id='word_1_534' title='bbox 3019 2536 3074 2581; x_wconf 90' lang='lat' dir='ltr'><strong>et</strong></span> <span class='ocrx_word' id='word_1_535' title='bbox 3123 2526 3177 2578; x_wconf 92' lang='lat' dir='ltr'><strong>in</strong></span> <span class='ocrx_word' id='word_1_536' title='bbox 3209 2533 3408 2578; x_wconf 81' lang='lat' dir='ltr'><strong>terram</strong></span> <span class='ocrx_word' id='word_1_537' title='bbox 3439 2522 3506 2572; x_wconf 81' lang='lat' dir='ltr'><strong>ad</strong></span> 
     </span>
    </p>
   </div>
   <div class='ocr_carea' id='block_1_73' title="bbox 1919 2614 3508 2704">
    <p class='ocr_par' dir='ltr' id='par_1_73' title="bbox 1919 2614 3508 2704">
     <span class='ocr_line' id='line_1_73' title="bbox 1919 2614 3508 2704; baseline -0.015 -16"><span class='ocrx_word' id='word_1_538' title='bbox 1919 2633 2282 2704; x_wconf 74' lang='lat' dir='ltr'><strong>pavimentum</strong></span> <span class='ocrx_word' id='word_1_539' title='bbox 2327 2625 2713 2698; x_wconf 90' lang='lat' dir='ltr'><strong>prosterneris,</strong></span> <span class='ocrx_word' id='word_1_540' title='bbox 2767 2623 2820 2678; x_wconf 91' lang='lat' dir='ltr'><strong>id</strong></span> <span class='ocrx_word' id='word_1_541' title='bbox 2861 2628 2968 2684; x_wconf 89' lang='lat' dir='ltr'><strong>est,</strong></span> <span class='ocrx_word' id='word_1_542' title='bbox 3029 2618 3225 2673; x_wconf 86' lang='lat' dir='ltr'><strong>misera</strong></span> <span class='ocrx_word' id='word_1_543' title='bbox 3283 2614 3390 2668; x_wconf 87' lang='lat' dir='ltr'><strong>eris</strong></span> <span class='ocrx_word' id='word_1_544' title='bbox 3453 2623 3508 2666; x_wconf 87' lang='lat' dir='ltr'><strong>et</strong></span> 
     </span>
    </p>
   </div>
   <div class='ocr_carea' id='block_1_74' title="bbox 1919 2704 3508 2798">
    <p class='ocr_par' dir='ltr' id='par_1_74' title="bbox 1919 2704 3508 2798">
     <span class='ocr_line' id='line_1_74' title="bbox 1919 2704 3508 2798; baseline -0.014 -17"><span class='ocrx_word' id='word_1_545' title='bbox 1919 2727 2191 2798; x_wconf 64' lang='lat' dir='ltr'><strong>proiecta,</strong></span> <span class='ocrx_word' id='word_1_546' title='bbox 2227 2730 2283 2777; x_wconf 89' lang='lat' dir='ltr'><strong>et</strong></span> <span class='ocrx_word' id='word_1_547' title='bbox 2311 2721 2458 2776; x_wconf 90' lang='lat' dir='ltr'><strong>velut</strong></span> <span class='ocrx_word' id='word_1_548' title='bbox 2486 2717 2635 2774; x_wconf 87' lang='lat' dir='ltr'><strong>humi</strong></span> <span class='ocrx_word' id='word_1_549' title='bbox 2675 2714 2890 2784; x_wconf 82' lang='lat' dir='ltr'><strong>iacens.</strong></span> <span class='ocrx_word' id='word_1_550' title='bbox 2927 2711 3055 2766; x_wconf 70' lang='lat' dir='ltr'><strong>Haec</strong></span> <span class='ocrx_word' id='word_1_551' title='bbox 3086 2708 3354 2778; x_wconf 83' lang='lat' dir='ltr'><strong>siquidem</strong></span> <span class='ocrx_word' id='word_1_552' title='bbox 3391 2704 3508 2758; x_wconf 79' lang='lat' dir='ltr'><strong>fere</strong></span> 
     </span>
    </p>
   </div>
   <div class='ocr_carea' id='block_1_75' title="bbox 1916 2798 3505 2878">
    <p class='ocr_par' dir='ltr' id='par_1_75' title="bbox 1916 2798 3505 2878">
     <span class='ocr_line' id='line_1_75' title="bbox 1916 2798 3505 2878; baseline -0.016 -5"><span class='ocrx_word' id='word_1_553' title='bbox 1916 2826 2000 2873; x_wconf 90' lang='lat' dir='ltr'><strong>est</strong></span> <span class='ocrx_word' id='word_1_554' title='bbox 2044 2816 2153 2868; x_wconf 87' lang='lat' dir='ltr'><strong>vita</strong></span> <span class='ocrx_word' id='word_1_555' title='bbox 2198 2827 2388 2869; x_wconf 85' lang='lat' dir='ltr'><strong>eorum</strong></span> <span class='ocrx_word' id='word_1_556' title='bbox 2433 2809 2525 2878; x_wconf 80' lang='lat' dir='ltr'><strong>qui</strong></span> <span class='ocrx_word' id='word_1_557' title='bbox 2567 2805 2903 2874; x_wconf 82' lang='lat' dir='ltr'><strong>captivitate.</strong></span> <span class='ocrx_word' id='word_1_558' title='bbox 2944 2804 3039 2871; x_wconf 85' lang='lat' dir='ltr'><strong>qui</strong></span> <span class='ocrx_word' id='word_1_559' title='bbox 3090 2798 3368 2864; x_wconf 70' lang='lat' dir='ltr'><strong>aerumnis,</strong></span> <span class='ocrx_word' id='word_1_560' title='bbox 3410 2800 3505 2867; x_wconf 75' lang='lat' dir='ltr'><strong>qui</strong></span> 
     </span>
    </p>
   </div>
   <div class='ocr_carea' id='block_1_76' title="bbox 1917 2888 3506 2977">
    <p class='ocr_par' dir='ltr' id='par_1_76' title="bbox 1917 2888 3506 2977">
     <span class='ocr_line' id='line_1_76' title="bbox 1917 2888 3506 2977; baseline -0.013 -16"><span class='ocrx_word' id='word_1_561' title='bbox 1917 2922 2106 2977; x_wconf 80' lang='lat' dir='ltr'><strong>aspera</strong></span> <span class='ocrx_word' id='word_1_562' title='bbox 2139 2915 2198 2960; x_wconf 91' lang='lat' dir='ltr'><strong>et</strong></span> <span class='ocrx_word' id='word_1_563' title='bbox 2236 2899 2560 2958; x_wconf 87' lang='lat' dir='ltr'><strong>intolerabili</strong></span> <span class='ocrx_word' id='word_1_564' title='bbox 2595 2896 2854 2955; x_wconf 85' lang='lat' dir='ltr'><strong>servitute</strong></span> <span class='ocrx_word' id='word_1_565' title='bbox 2885 2901 3222 2963; x_wconf 85' lang='lat' dir='ltr'><strong>premuntur.</strong></span> <span class='ocrx_word' id='word_1_566' title='bbox 3259 2890 3354 2944; x_wconf 83' lang='lat' dir='ltr'><strong>Est</strong></span> <span class='ocrx_word' id='word_1_567' title='bbox 3405 2888 3506 2958; x_wconf 81' lang='lat' dir='ltr'><strong>igi-</strong></span> 
     </span>
    </p>
   </div>
   <div class='ocr_carea' id='block_1_77' title="bbox 1918 2979 3508 3068">
    <p class='ocr_par' dir='ltr' id='par_1_77' title="bbox 1918 2979 3508 3068">
     <span class='ocr_line' id='line_1_77' title="bbox 1918 2979 3508 3068; baseline -0.013 -16"><span class='ocrx_word' id='word_1_568' title='bbox 1918 3007 2004 3052; x_wconf 88' lang='lat' dir='ltr'><strong>tur</strong></span> <span class='ocrx_word' id='word_1_569' title='bbox 2040 2995 2454 3068; x_wconf 77' lang='lat' dir='ltr'><strong>gravissimum,</strong></span> <span class='ocrx_word' id='word_1_570' title='bbox 2508 2991 2673 3045; x_wconf 88' lang='lat' dir='ltr'><strong>Deum</strong></span> <span class='ocrx_word' id='word_1_571' title='bbox 2705 2985 3003 3047; x_wconf 79' lang='lat' dir='ltr'><strong>oli&#39;eadere,</strong></span> <span class='ocrx_word' id='word_1_572' title='bbox 3059 2991 3116 3038; x_wconf 91' lang='lat' dir='ltr'><strong>et</strong></span> <span class='ocrx_word' id='word_1_573' title='bbox 3164 2981 3328 3036; x_wconf 83' lang='lat' dir='ltr'><strong>animi</strong></span> <span class='ocrx_word' id='word_1_574' title='bbox 3385 2979 3508 3049; x_wconf 90' lang='lat' dir='ltr'><strong>pul-</strong></span> 
     </span>
    </p>
   </div>
   <div class='ocr_carea' id='block_1_78' title="bbox 1917 3071 3507 3151">
    <p class='ocr_par' dir='ltr' id='par_1_78' title="bbox 1917 3071 3507 3151">
     <span class='ocr_line' id='line_1_78' title="bbox 1917 3071 3507 3151; baseline -0.011 -8"><span class='ocrx_word' id='word_1_575' title='bbox 1917 3087 2278 3144; x_wconf 87' lang='lat' dir='ltr'><strong>chritudinem</strong></span> <span class='ocrx_word' id='word_1_576' title='bbox 2349 3081 2720 3151; x_wconf 84' lang='lat' dir='ltr'><strong>parvidncere.</strong></span> <span class='ocrx_word' id='word_1_577' title='bbox 2773 3077 2876 3143; x_wconf 80' lang='lat' dir='ltr'><strong>Qui</strong></span> <span class='ocrx_word' id='word_1_578' title='bbox 2946 3073 3092 3129; x_wconf 89' lang='lat' dir='ltr'><strong>enim</strong></span> <span class='ocrx_word' id='word_1_579' title='bbox 3156 3071 3387 3142; x_wconf 66' lang='lat' dir='ltr'><strong>ignavia</strong></span> <span class='ocrx_word' id='word_1_580' title='bbox 3444 3084 3507 3125; x_wconf 88' lang='lat' dir='ltr'><strong>se</strong></span> 
     </span>
    </p>
   </div>
   <div class='ocr_carea' id='block_1_79' title="bbox 1918 3160 3490 3244">
    <p class='ocr_par' dir='ltr' id='par_1_79' title="bbox 1918 3160 3490 3244">
     <span class='ocr_line' id='line_1_79' title="bbox 1918 3160 3490 3244; baseline -0.013 -11"><span class='ocrx_word' id='word_1_581' title='bbox 1918 3180 2121 3233; x_wconf 87' lang='lat' dir='ltr'><strong>dedunt</strong></span> <span class='ocrx_word' id='word_1_582' title='bbox 2150 3186 2206 3231; x_wconf 90' lang='lat' dir='ltr'><strong>et</strong></span> <span class='ocrx_word' id='word_1_583' title='bbox 2239 3173 2471 3244; x_wconf 87' lang='lat' dir='ltr'><strong>torpori,</strong></span> <span class='ocrx_word' id='word_1_584' title='bbox 2505 3187 2599 3226; x_wconf 87' lang='lat' dir='ltr'><strong>eos</strong></span> <span class='ocrx_word' id='word_1_585' title='bbox 2655 3171 2801 3224; x_wconf 89' lang='lat' dir='ltr'><strong>Deus</strong></span> <span class='ocrx_word' id='word_1_586' title='bbox 2843 3164 2992 3222; x_wconf 86' lang='lat' dir='ltr'><strong>omni</strong></span> <span class='ocrx_word' id='word_1_587' title='bbox 3032 3170 3224 3218; x_wconf 81' lang='lat' dir='ltr'><strong>ornatu</strong></span> <span class='ocrx_word' id='word_1_588' title='bbox 3274 3160 3490 3230; x_wconf 87' lang='lat' dir='ltr'><strong>spoliat,</strong></span> 
     </span>
    </p>
   </div>
   <div class='ocr_carea' id='block_1_80' title="bbox 1915 3253 3505 3325">
    <p class='ocr_par' dir='ltr' id='par_1_80' title="bbox 1915 3253 3505 3325">
     <span class='ocr_line' id='line_1_80' title="bbox 1915 3253 3505 3325; baseline -0.013 -1"><span class='ocrx_word' id='word_1_589' title='bbox 1915 3269 2124 3324; x_wconf 86' lang='lat' dir='ltr'><strong>scilicet</strong></span> <span class='ocrx_word' id='word_1_590' title='bbox 2149 3267 2346 3322; x_wconf 89' lang='lat' dir='ltr'><strong>mentis</strong></span> <span class='ocrx_word' id='word_1_591' title='bbox 2374 3273 2430 3319; x_wconf 90' lang='lat' dir='ltr'><strong>et</strong></span> <span class='ocrx_word' id='word_1_592' title='bbox 2455 3262 2786 3325; x_wconf 88' lang='lat' dir='ltr'><strong>intellectus,</strong></span> <span class='ocrx_word' id='word_1_593' title='bbox 2823 3273 2886 3314; x_wconf 86' lang='lat' dir='ltr'><strong>ac</strong></span> <span class='ocrx_word' id='word_1_594' title='bbox 2919 3258 3064 3316; x_wconf 86' lang='lat' dir='ltr'><strong>omni</strong></span> <span class='ocrx_word' id='word_1_595' title='bbox 3092 3255 3294 3310; x_wconf 85' lang='lat' dir='ltr'><strong>virtute</strong></span> <span class='ocrx_word' id='word_1_596' title='bbox 3330 3253 3505 3306; x_wconf 87' lang='lat' dir='ltr'><strong>nuda-</strong></span> 
     </span>
    </p>
   </div>
   <div class='ocr_carea' id='block_1_81' title="bbox 1915 3347 3508 3419">
    <p class='ocr_par' dir='ltr' id='par_1_81' title="bbox 1915 3347 3508 3419">
     <span class='ocr_line' id='line_1_81' title="bbox 1915 3347 3508 3419; baseline -0.011 -3"><span class='ocrx_word' id='word_1_597' title='bbox 1915 3371 2000 3416; x_wconf 91' lang='lat' dir='ltr'><strong>tos</strong></span> <span class='ocrx_word' id='word_1_598' title='bbox 2044 3358 2212 3414; x_wconf 86' lang='lat' dir='ltr'><strong>tradit</strong></span> <span class='ocrx_word' id='word_1_599' title='bbox 2249 3358 2521 3412; x_wconf 87' lang='lat' dir='ltr'><strong>hostibus.</strong></span> <span class='ocrx_word' id='word_1_600' title='bbox 2573 3355 2649 3410; x_wconf 87' lang='lat' dir='ltr'><strong>ita</strong></span> <span class='ocrx_word' id='word_1_601' title='bbox 2695 3353 2924 3408; x_wconf 89' lang='lat' dir='ltr'><strong>dicimus</strong></span> <span class='ocrx_word' id='word_1_602' title='bbox 2960 3350 3175 3419; x_wconf 86' lang='lat' dir='ltr'><strong>aliquos</strong></span> <span class='ocrx_word' id='word_1_603' title='bbox 3219 3347 3272 3400; x_wconf 91' lang='lat' dir='ltr'><strong>in</strong></span> <span class='ocrx_word' id='word_1_604' title='bbox 3319 3360 3508 3415; x_wconf 87' lang='lat' dir='ltr'><strong>repro-</strong></span> 
     </span>
    </p>
   </div>
   <div class='ocr_carea' id='block_1_82' title="bbox 1921 3439 3508 3517">
    <p class='ocr_par' dir='ltr' id='par_1_82' title="bbox 1921 3439 3508 3517">
     <span class='ocr_line' id='line_1_82' title="bbox 1921 3439 3508 3517; baseline -0.011 -12"><span class='ocrx_word' id='word_1_605' title='bbox 1921 3452 2047 3505; x_wconf 84' lang='lat' dir='ltr'><strong>bam</strong></span> <span class='ocrx_word' id='word_1_606' title='bbox 2092 3462 2330 3504; x_wconf 86' lang='lat' dir='ltr'><strong>mentem</strong></span> <span class='ocrx_word' id='word_1_607' title='bbox 2368 3455 2421 3501; x_wconf 83' lang='lat' dir='ltr'><strong>et</strong></span> <span class='ocrx_word' id='word_1_608' title='bbox 2469 3445 2904 3517; x_wconf 85' lang='lat' dir='ltr'><strong>perturbationes</strong></span> <span class='ocrx_word' id='word_1_609' title='bbox 2953 3439 3342 3512; x_wconf 76' lang='lat' dir='ltr'><strong>ignominiosas</strong></span> <span class='ocrx_word' id='word_1_610' title='bbox 3397 3448 3508 3492; x_wconf 88' lang='lat' dir='ltr'><strong>tra-</strong></span> 
     </span>
    </p>
   </div>
   <div class='ocr_carea' id='block_1_83' title="bbox 1915 3531 3508 3600">
    <p class='ocr_par' dir='ltr' id='par_1_83' title="bbox 1915 3531 3508 3600">
     <span class='ocr_line' id='line_1_83' title="bbox 1915 3531 3508 3600; baseline -0.01 -5"><span class='ocrx_word' id='word_1_611' title='bbox 1915 3541 2058 3596; x_wconf 91' lang='lat' dir='ltr'><strong>ditos</strong></span> <span class='ocrx_word' id='word_1_612' title='bbox 2129 3553 2272 3595; x_wconf 82' lang='lat' dir='ltr'><strong>esse.</strong></span> <span class='ocrx_word' id='word_1_613' title='bbox 2343 3537 2478 3590; x_wconf 90' lang='lat' dir='ltr'><strong>Dum</strong></span> <span class='ocrx_word' id='word_1_614' title='bbox 2541 3535 2685 3590; x_wconf 91' lang='lat' dir='ltr'><strong>enim</strong></span> <span class='ocrx_word' id='word_1_615' title='bbox 2740 3533 2882 3587; x_wconf 89' lang='lat' dir='ltr'><strong>Deus</strong></span> <span class='ocrx_word' id='word_1_616' title='bbox 2947 3531 3038 3600; x_wconf 86' lang='lat' dir='ltr'><strong>qui</strong></span> <span class='ocrx_word' id='word_1_617' title='bbox 3099 3544 3263 3598; x_wconf 90' lang='lat' dir='ltr'><strong>super</strong></span> <span class='ocrx_word' id='word_1_618' title='bbox 3317 3541 3508 3582; x_wconf 81' lang='lat' dir='ltr'><strong>omnes</strong></span> 
     </span>
    </p>
   </div>
   <div class='ocr_carea' id='block_1_84' title="bbox 1916 3623 3509 3696">
    <p class='ocr_par' dir='ltr' id='par_1_84' title="bbox 1916 3623 3509 3696">
     <span class='ocr_line' id='line_1_84' title="bbox 1916 3623 3509 3696; baseline -0.011 -7"><span class='ocrx_word' id='word_1_619' title='bbox 1916 3633 2056 3689; x_wconf 89' lang='lat' dir='ltr'><strong>Dens</strong></span> <span class='ocrx_word' id='word_1_620' title='bbox 2078 3641 2183 3696; x_wconf 87' lang='lat' dir='ltr'><strong>est,</strong></span> <span class='ocrx_word' id='word_1_621' title='bbox 2221 3645 2319 3684; x_wconf 87' lang='lat' dir='ltr'><strong>nos</strong></span> <span class='ocrx_word' id='word_1_622' title='bbox 2355 3631 2549 3683; x_wconf 86' lang='lat' dir='ltr'><strong>robore</strong></span> <span class='ocrx_word' id='word_1_623' title='bbox 2588 3623 2855 3696; x_wconf 90' lang='lat' dir='ltr'><strong>spirituali</strong></span> <span class='ocrx_word' id='word_1_624' title='bbox 2895 3623 3138 3677; x_wconf 90' lang='lat' dir='ltr'><strong>continet</strong></span> <span class='ocrx_word' id='word_1_625' title='bbox 3179 3630 3232 3675; x_wconf 92' lang='lat' dir='ltr'><strong>et</strong></span> <span class='ocrx_word' id='word_1_626' title='bbox 3264 3629 3509 3683; x_wconf 88' lang='lat' dir='ltr'><strong>coercet,</strong></span> 
     </span>
    </p>
   </div>
   <div class='ocr_carea' id='block_1_85' title="bbox 1916 3712 3511 3785">
    <p class='ocr_par' dir='ltr' id='par_1_85' title="bbox 1916 3712 3511 3785">
     <span class='ocr_line' id='line_1_85' title="bbox 1916 3712 3511 3785; baseline -0.008 -9"><span class='ocrx_word' id='word_1_627' title='bbox 1916 3724 2212 3778; x_wconf 90' lang='lat' dir='ltr'><strong>retinemus</strong></span> <span class='ocrx_word' id='word_1_628' title='bbox 2267 3721 2319 3774; x_wconf 92' lang='lat' dir='ltr'><strong>in</strong></span> <span class='ocrx_word' id='word_1_629' title='bbox 2381 3719 2538 3774; x_wconf 89' lang='lat' dir='ltr'><strong>nobis</strong></span> <span class='ocrx_word' id='word_1_630' title='bbox 2605 3714 2946 3785; x_wconf 86' lang='lat' dir='ltr'><strong>splendidum</strong></span> <span class='ocrx_word' id='word_1_631' title='bbox 3004 3712 3243 3780; x_wconf 82' lang='lat' dir='ltr'><strong>propriae</strong></span> <span class='ocrx_word' id='word_1_632' title='bbox 3299 3720 3511 3763; x_wconf 66' lang='lat' dir='ltr'><strong>natum</strong></span> 
     </span>
    </p>
   </div>
   <div class='ocr_carea' id='block_1_86' title="bbox 1915 3800 3495 3878">
    <p class='ocr_par' dir='ltr' id='par_1_86' title="bbox 1915 3800 3495 3878">
     <span class='ocr_line' id='line_1_86' title="bbox 1915 3800 3495 3878; baseline -0.012 -8"><span class='ocrx_word' id='word_1_633' title='bbox 1915 3816 2189 3872; x_wconf 87' lang='lat' dir='ltr'><strong>decorem.</strong></span> <span class='ocrx_word' id='word_1_634' title='bbox 2221 3809 2316 3865; x_wconf 92' lang='lat' dir='ltr'><strong>Sin</strong></span> <span class='ocrx_word' id='word_1_635' title='bbox 2367 3823 2526 3878; x_wconf 87' lang='lat' dir='ltr'><strong>opem</strong></span> <span class='ocrx_word' id='word_1_636' title='bbox 2560 3820 2713 3861; x_wconf 83' lang='lat' dir='ltr'><strong>suam</strong></span> <span class='ocrx_word' id='word_1_637' title='bbox 2764 3803 3071 3865; x_wconf 85' lang='lat' dir='ltr'><strong>subtrahat,</strong></span> <span class='ocrx_word' id='word_1_638' title='bbox 3104 3800 3361 3865; x_wconf 71' lang='lat' dir='ltr'><strong>denu-lati</strong></span> <span class='ocrx_word' id='word_1_639' title='bbox 3395 3801 3495 3855; x_wconf 64' lang='lat' dir='ltr'><strong>eri.</strong></span> 
     </span>
    </p>
   </div>
   <div class='ocr_carea' id='block_1_87' title="bbox 1918 3893 3500 3966">
    <p class='ocr_par' dir='ltr' id='par_1_87' title="bbox 1918 3893 3500 3966">
     <span class='ocr_line' id='line_1_87' title="bbox 1918 3893 3500 3966; baseline -0.013 0"><span class='ocrx_word' id='word_1_640' title='bbox 1918 3923 2038 3966; x_wconf 88' lang='lat' dir='ltr'><strong>mus</strong></span> <span class='ocrx_word' id='word_1_641' title='bbox 2065 3906 2316 3962; x_wconf 89' lang='lat' dir='ltr'><strong>omnibus</strong></span> <span class='ocrx_word' id='word_1_642' title='bbox 2359 3901 2514 3956; x_wconf 86' lang='lat' dir='ltr'><strong>bonis</strong></span> <span class='ocrx_word' id='word_1_643' title='bbox 2562 3899 2963 3963; x_wconf 83' lang='lat' dir='ltr'><strong>virtutibusque</strong></span> <span class='ocrx_word' id='word_1_644' title='bbox 2991 3937 3007 3963; x_wconf 94' lang='lat'><strong>,</strong></span> <span class='ocrx_word' id='word_1_645' title='bbox 3039 3903 3094 3949; x_wconf 92' lang='lat' dir='ltr'><strong>et</strong></span> <span class='ocrx_word' id='word_1_646' title='bbox 3132 3894 3340 3963; x_wconf 84' lang='lat' dir='ltr'><strong>abjecta</strong></span> <span class='ocrx_word' id='word_1_647' title='bbox 3371 3893 3500 3962; x_wconf 84' lang='lat' dir='ltr'><strong>pul-</strong></span> 
     </span>
    </p>
   </div>
   <div class='ocr_carea' id='block_1_88' title="bbox 1916 3988 3509 4061">
    <p class='ocr_par' dir='ltr' id='par_1_88' title="bbox 1916 3988 3509 4061">
     <span class='ocr_line' id='line_1_88' title="bbox 1916 3988 3509 4061; baseline -0.011 -5"><span class='ocrx_word' id='word_1_648' title='bbox 1916 3999 2255 4061; x_wconf 88' lang='lat' dir='ltr'><strong>chritudine,</strong></span> <span class='ocrx_word' id='word_1_649' title='bbox 2286 3994 2446 4051; x_wconf 71' lang='lat' dir='ltr'><strong>{mdis</strong></span> <span class='ocrx_word' id='word_1_650' title='bbox 2487 3991 2773 4050; x_wconf 76' lang='lat' dir='ltr'><strong>au‘cctihus</strong></span> <span class='ocrx_word' id='word_1_651' title='bbox 2803 3988 3242 4052; x_wconf 85' lang='lat' dir='ltr'><strong>succumbemus,</strong></span> <span class='ocrx_word' id='word_1_652' title='bbox 3281 4001 3346 4042; x_wconf 89' lang='lat' dir='ltr'><strong>ac</strong></span> <span class='ocrx_word' id='word_1_653' title='bbox 3390 4001 3509 4042; x_wconf 69' lang='lat' dir='ltr'><strong>ser~</strong></span> 
     </span>
    </p>
   </div>
   <div class='ocr_carea' id='block_1_89' title="bbox 1919 4083 2424 4145">
    <p class='ocr_par' dir='ltr' id='par_1_89' title="bbox 1919 4083 2424 4145">
     <span class='ocr_line' id='line_1_89' title="bbox 1919 4083 2424 4145; baseline -0.014 -3"><span class='ocrx_word' id='word_1_654' title='bbox 1919 4091 2129 4145; x_wconf 78' lang='lat' dir='ltr'><strong>vicinus</strong></span> <span class='ocrx_word' id='word_1_655' title='bbox 2156 4083 2424 4140; x_wconf 89' lang='lat' dir='ltr'><strong>hostibus.</strong></span> 
     </span>
    </p>
   </div>
   <div class='ocr_carea' id='block_1_90' title="bbox 1991 4170 3511 4241">
    <p class='ocr_par' dir='ltr' id='par_1_90' title="bbox 1991 4170 3511 4241">
     <span class='ocr_line' id='line_1_90' title="bbox 1991 4170 3511 4241; baseline -0.01 -7"><span class='ocrx_word' id='word_1_656' title='bbox 1991 4179 2122 4234; x_wconf 58' lang='lat' dir='ltr'><strong>Car.</strong></span> <span class='ocrx_word' id='word_1_657' title='bbox 2158 4177 2243 4232; x_wconf 86' lang='lat' dir='ltr'><strong>iV.</strong></span> <span class='ocrx_word' id='word_1_658' title='bbox 2291 4175 2452 4230; x_wconf 70' lang='lat' dir='ltr'><strong>Vens.</strong></span> <span class='ocrx_word' id='word_1_659' title='bbox 2491 4173 2543 4227; x_wconf 80' lang='lat' dir='ltr'><strong>l.</strong></span> <span class='ocrx_word' id='word_1_660' title='bbox 2589 4171 2652 4226; x_wconf 86' lang='lat' dir='ltr'><strong>Et</strong></span> <span class='ocrx_word' id='word_1_661' title='bbox 2699 4173 3084 4241; x_wconf 79' lang='lat' dir='ltr'><strong>apprelteudent</strong></span> <span class='ocrx_word' id='word_1_662' title='bbox 3131 4170 3378 4224; x_wconf 73' lang='lat' dir='ltr'><strong>naulieres</strong></span> <span class='ocrx_word' id='word_1_663' title='bbox 3429 4184 3511 4220; x_wconf 75' lang='lat' dir='ltr'><strong>se-</strong></span> 
     </span>
    </p>
   </div>
   <div class='ocr_carea' id='block_1_91' title="bbox 1917 4257 3511 4342">
    <p class='ocr_par' dir='ltr' id='par_1_91' title="bbox 1917 4257 3511 4342">
     <span class='ocr_line' id='line_1_91' title="bbox 1917 4257 3511 4342; baseline -0.009 -17"><span class='ocrx_word' id='word_1_664' title='bbox 1917 4284 2055 4342; x_wconf 83' lang='lat' dir='ltr'><strong>ptem</strong></span> <span class='ocrx_word' id='word_1_665' title='bbox 2089 4286 2249 4324; x_wconf 82' lang='lat' dir='ltr'><strong>unum</strong></span> <span class='ocrx_word' id='word_1_666' title='bbox 2296 4269 2492 4329; x_wconf 67' lang='lat' dir='ltr'><strong>cirum,</strong></span> <span class='ocrx_word' id='word_1_667' title='bbox 2534 4265 2760 4318; x_wconf 71' lang='lat' dir='ltr'><strong>dicentes</strong></span> <span class='ocrx_word' id='word_1_668' title='bbox 2789 4277 2808 4315; x_wconf 92' lang='lat'><strong><em>:</em></strong></span> <span class='ocrx_word' id='word_1_669' title='bbox 2845 4262 3047 4318; x_wconf 80' lang='lat' dir='ltr'><strong>Panem</strong></span> <span class='ocrx_word' id='word_1_670' title='bbox 3094 4270 3333 4316; x_wconf 84' lang='lat' dir='ltr'><strong>nostrum</strong></span> <span class='ocrx_word' id='word_1_671' title='bbox 3382 4257 3511 4313; x_wconf 77' lang='lat' dir='ltr'><strong>ede-</strong></span> 
     </span>
    </p>
   </div>
   <div class='ocr_carea' id='block_1_92' title="bbox 1919 4355 3508 4427">
    <p class='ocr_par' dir='ltr' id='par_1_92' title="bbox 1919 4355 3508 4427">
     <span class='ocr_line' id='line_1_92' title="bbox 1919 4355 3508 4427; baseline -0.01 -10"><span class='ocrx_word' id='word_1_672' title='bbox 1919 4381 2064 4427; x_wconf 73' lang='lat' dir='ltr'><strong>nius,</strong></span> <span class='ocrx_word' id='word_1_673' title='bbox 2124 4370 2174 4414; x_wconf 83' lang='lat' dir='ltr'><strong>et</strong></span> <span class='ocrx_word' id='word_1_674' title='bbox 2225 4357 2540 4415; x_wconf 77' lang='lat' dir='ltr'><strong>vestimentis</strong></span> <span class='ocrx_word' id='word_1_675' title='bbox 2616 4357 2809 4410; x_wconf 75' lang='lat' dir='ltr'><strong>nostris</strong></span> <span class='ocrx_word' id='word_1_676' title='bbox 2884 4355 3210 4423; x_wconf 83' lang='lat' dir='ltr'><strong>aperientur;</strong></span> <span class='ocrx_word' id='word_1_677' title='bbox 3269 4360 3508 4404; x_wconf 79' lang='lat' dir='ltr'><strong>tantum-</strong></span> 
     </span>
    </p>
   </div>
   <div class='ocr_carea' id='block_1_93' title="bbox 232 4444 1820 4524">
    <p class='ocr_par' dir='ltr' id='par_1_93' title="bbox 232 4450 1811 4524">
     <span class='ocr_line' id='line_1_93' title="bbox 232 4450 1811 4524; baseline 0.004 -22"><span class='ocrx_word' id='word_1_678' title='bbox 232 4450 296 4503; x_wconf 82' lang='grc' dir='ltr'>τὸ</span> <span class='ocrx_word' id='word_1_679' title='bbox 325 4451 446 4504; x_wconf 74' lang='grc' dir='ltr'><strong>σὸν</strong></span> <span class='ocrx_word' id='word_1_680' title='bbox 465 4450 786 4518; x_wconf 71' lang='grc' dir='ltr'>κεκλήσθω</span> <span class='ocrx_word' id='word_1_681' title='bbox 803 4451 897 4522; x_wconf 61' lang='grc' dir='ltr'><strong>ἐφ’</strong></span> <span class='ocrx_word' id='word_1_682' title='bbox 915 4451 1094 4523; x_wconf 74' lang='grc' dir='ltr'>ἡμᾶς,</span> <span class='ocrx_word' id='word_1_683' title='bbox 1125 4453 1311 4522; x_wconf 61' lang='grc' dir='ltr'>ἄφελε</span> <span class='ocrx_word' id='word_1_684' title='bbox 1335 4453 1442 4509; x_wconf 82' lang='grc' dir='ltr'>τὸν</span> <span class='ocrx_word' id='word_1_685' title='bbox 1465 4454 1811 4524; x_wconf 80' lang='grc' dir='ltr'>ὀνειδισμὸν</span> 
     </span>
    </p>
   </div>
   <div class='ocr_carea' id='block_1_94' title="bbox 1925 4444 3512 4524">
    <p class='ocr_par' dir='ltr' id='par_1_94' title="bbox 1925 4444 3512 4518">
     <span class='ocr_line' id='line_1_94' title="bbox 1925 4444 3512 4518; baseline -0.007 -9"><span class='ocrx_word' id='word_1_686' title='bbox 1925 4458 2066 4511; x_wconf 77' lang='lat' dir='ltr'><strong>nodo</strong></span> <span class='ocrx_word' id='word_1_687' title='bbox 2098 4469 2282 4508; x_wconf 85' lang='lat' dir='ltr'><strong>nomen</strong></span> <span class='ocrx_word' id='word_1_688' title='bbox 2319 4462 2468 4505; x_wconf 84' lang='lat' dir='ltr'><strong>tuum</strong></span> <span class='ocrx_word' id='word_1_689' title='bbox 2509 4464 2666 4518; x_wconf 77' lang='lat' dir='ltr'><strong>super</strong></span> <span class='ocrx_word' id='word_1_690' title='bbox 2698 4465 2790 4503; x_wconf 75' lang='lat' dir='ltr'><strong>nos</strong></span> <span class='ocrx_word' id='word_1_691' title='bbox 2827 4457 3062 4511; x_wconf 73' lang='lat' dir='ltr'><strong>vocetur,</strong></span> <span class='ocrx_word' id='word_1_692' title='bbox 3101 4444 3258 4514; x_wconf 73' lang='lat' dir='ltr'><strong>aufer</strong></span> <span class='ocrx_word' id='word_1_693' title='bbox 3282 4445 3512 4498; x_wconf 71' lang='lat' dir='ltr'><strong>dedecus</strong></span> 
     </span>
    </p>
   </div>
   <div class='ocr_carea' id='block_1_95' title="bbox 233 4535 420 4606">
    <p class='ocr_par' dir='ltr' id='par_1_95' title="bbox 233 4535 420 4606">
     <span class='ocr_line' id='line_1_95' title="bbox 233 4535 420 4606; baseline 0 -15"><span class='ocrx_word' id='word_1_694' title='bbox 233 4535 420 4606; x_wconf 60' lang='grc' dir='ltr'>των.</span> 
     </span>
    </p>
   </div>
   <div class='ocr_carea' id='block_1_96' title="bbox 213 4624 1812 4704">
    <p class='ocr_par' dir='ltr' id='par_1_96' title="bbox 213 4624 1812 4704">
     <span class='ocr_line' id='line_1_96' title="bbox 213 4624 1812 4704; baseline 0.005 -23"><span class='ocrx_word' id='word_1_695' title='bbox 213 4651 216 4686; x_wconf 62' lang='grc' dir='ltr'><strong>ξ</strong></span> <span class='ocrx_word' id='word_1_696' title='bbox 296 4628 647 4699; x_wconf 77' lang='grc' dir='ltr'>Διαπεράνας</span> <span class='ocrx_word' id='word_1_697' title='bbox 678 4624 737 4682; x_wconf 83' lang='grc' dir='ltr'><strong>εὗ</strong></span> <span class='ocrx_word' id='word_1_698' title='bbox 774 4629 919 4700; x_wconf 86' lang='grc' dir='ltr'>μάλα</span> <span class='ocrx_word' id='word_1_699' title='bbox 959 4631 1052 4684; x_wconf 82' lang='grc' dir='ltr'>τὸν</span> <span class='ocrx_word' id='word_1_700' title='bbox 1079 4631 1256 4702; x_wconf 86' lang='grc' dir='ltr'>λόγον,</span> <span class='ocrx_word' id='word_1_701' title='bbox 1292 4635 1386 4688; x_wconf 77' lang='grc' dir='ltr'>ἐπί</span> <span class='ocrx_word' id='word_1_702' title='bbox 1423 4653 1486 4704; x_wconf 89' lang='grc' dir='ltr'><strong>γε</strong></span> <span class='ocrx_word' id='word_1_703' title='bbox 1518 4637 1637 4702; x_wconf 85' lang='grc' dir='ltr'>ταῖς</span> <span class='ocrx_word' id='word_1_704' title='bbox 1679 4636 1812 4688; x_wconf 87' lang='grc' dir='ltr'>Ἰου-</span> 
     </span>
    </p>
   </div>
   <div class='ocr_carea' id='block_1_97' title="bbox 231 4717 1814 4796">
    <p class='ocr_par' dir='ltr' id='par_1_97' title="bbox 231 4717 1814 4796">
     <span class='ocr_line' id='line_1_97' title="bbox 231 4717 1814 4796; baseline 0.005 -25"><span class='ocrx_word' id='word_1_705' title='bbox 231 4717 391 4772; x_wconf 80' lang='grc' dir='ltr'>δαίων</span> <span class='ocrx_word' id='word_1_706' title='bbox 419 4718 636 4788; x_wconf 79' lang='grc' dir='ltr'>γυναιξὶ</span> <span class='ocrx_word' id='word_1_707' title='bbox 663 4721 782 4782; x_wconf 85' lang='grc' dir='ltr'>ταῖς</span> <span class='ocrx_word' id='word_1_708' title='bbox 814 4725 878 4774; x_wconf 76' lang='grc' dir='ltr'>ἐκ</span> <span class='ocrx_word' id='word_1_709' title='bbox 904 4721 1115 4792; x_wconf 81' lang='grc' dir='ltr'>τρυφῆς</span> <span class='ocrx_word' id='word_1_710' title='bbox 1147 4725 1242 4778; x_wconf 58' lang='grc' dir='ltr'><strong>καὶ⁵</strong></span> <span class='ocrx_word' id='word_1_711' title='bbox 1272 4723 1500 4778; x_wconf 83' lang='grc' dir='ltr'>πλούτου</span> <span class='ocrx_word' id='word_1_712' title='bbox 1536 4725 1814 4796; x_wconf 76' lang='grc' dir='ltr'>βαδιουμέ-</span> 
     </span>
    </p>
   </div>
   <div class='ocr_carea' id='block_1_98' title="bbox 233 4809 1814 4884">
    <p class='ocr_par' dir='ltr' id='par_1_98' title="bbox 233 4809 1814 4884">
     <span class='ocr_line' id='line_1_98' title="bbox 233 4809 1814 4884; baseline 0.006 -21"><span class='ocrx_word' id='word_1_713' title='bbox 233 4827 347 4874; x_wconf 85' lang='grc' dir='ltr'>ναις</span> <span class='ocrx_word' id='word_1_714' title='bbox 370 4811 453 4872; x_wconf 84' lang='grc' dir='ltr'>εἰς</span> <span class='ocrx_word' id='word_1_715' title='bbox 483 4809 881 4882; x_wconf 80' lang='grc' dir='ltr'>αἰχμαλωσίαν,</span> <span class='ocrx_word' id='word_1_716' title='bbox 912 4815 1168 4883; x_wconf 80' lang='grc' dir='ltr'>πειρᾶται</span> <span class='ocrx_word' id='word_1_717' title='bbox 1189 4816 1473 4884; x_wconf 80' lang='grc' dir='ltr'>δεικνύειν,</span> <span class='ocrx_word' id='word_1_718' title='bbox 1510 4818 1590 4872; x_wconf 83' lang='grc' dir='ltr'>ὅτι</span> <span class='ocrx_word' id='word_1_719' title='bbox 1621 4817 1814 4872; x_wconf 80' lang='grc' dir='ltr'>κέναν-</span> 
     </span>
    </p>
   </div>
   <div class='ocr_carea' id='block_1_99' title="bbox 232 4900 1812 4975">
    <p class='ocr_par' dir='ltr' id='par_1_99' title="bbox 232 4900 1812 4975">
     <span class='ocr_line' id='line_1_99' title="bbox 232 4900 1812 4975; baseline 0.006 -22"><span class='ocrx_word' id='word_1_720' title='bbox 232 4900 341 4970; x_wconf 76' lang='grc' dir='ltr'>ὅροι</span> <span class='ocrx_word' id='word_1_721' title='bbox 375 4900 475 4970; x_wconf 81' lang='grc' dir='ltr'>μὲν</span> <span class='ocrx_word' id='word_1_722' title='bbox 499 4902 556 4954; x_wconf 87' lang='grc' dir='ltr'><strong>αί</strong></span> <span class='ocrx_word' id='word_1_723' title='bbox 583 4900 688 4972; x_wconf 81' lang='grc' dir='ltr'>τῆς</span> <span class='ocrx_word' id='word_1_724' title='bbox 720 4901 978 4967; x_wconf 81' lang='grc' dir='ltr'>Ἰουδαίας</span> <span class='ocrx_word' id='word_1_725' title='bbox 1000 4906 1334 4975; x_wconf 87' lang='grc' dir='ltr'>ἀπομενοῦσι</span> <span class='ocrx_word' id='word_1_726' title='bbox 1360 4907 1562 4971; x_wconf 86' lang='grc' dir='ltr'>πόλεις,</span> <span class='ocrx_word' id='word_1_727' title='bbox 1597 4907 1812 4962; x_wconf 83' lang='grc' dir='ltr'>ἔσονται</span> 
     </span>
    </p>
   </div>
   <div class='ocr_carea' id='block_1_100' title="bbox 231 4991 1812 5071">
    <p class='ocr_par' dir='ltr' id='par_1_100' title="bbox 231 4991 1812 5071">
     <span class='ocr_line' id='line_1_100' title="bbox 231 4991 1812 5071; baseline 0.005 -25"><span class='ocrx_word' id='word_1_728' title='bbox 231 4991 286 5046; x_wconf 75' lang='grc' dir='ltr'>δὲ</span> <span class='ocrx_word' id='word_1_729' title='bbox 339 4993 436 5046; x_wconf 74' lang='grc' dir='ltr'>καὶ</span> <span class='ocrx_word' id='word_1_730' title='bbox 480 4995 541 5047; x_wconf 77' lang='grc' dir='ltr'>ὲν</span> <span class='ocrx_word' id='word_1_731' title='bbox 593 4993 790 5047; x_wconf 83' lang='grc' dir='ltr'>σπάνει</span> <span class='ocrx_word' id='word_1_732' title='bbox 829 4994 994 5067; x_wconf 83' lang='grc' dir='ltr'>πολλῇ</span> <span class='ocrx_word' id='word_1_733' title='bbox 1032 4997 1140 5051; x_wconf 85' lang='grc' dir='ltr'>τῶν</span> <span class='ocrx_word' id='word_1_734' title='bbox 1177 4998 1343 5053; x_wconf 83' lang='grc' dir='ltr'>πάλαι</span> <span class='ocrx_word' id='word_1_735' title='bbox 1389 4999 1812 5071; x_wconf 84' lang='grc' dir='ltr'>μαχιμωτάτων.</span> 
     </span>
    </p>
   </div>
   <div class='ocr_carea' id='block_1_101' title="bbox 238 5083 1819 5163">
    <p class='ocr_par' dir='ltr' id='par_1_101' title="bbox 238 5083 1819 5163">
     <span class='ocr_line' id='line_1_101' title="bbox 238 5083 1819 5163; baseline 0.003 -24"><span class='ocrx_word' id='word_1_736' title='bbox 238 5083 380 5157; x_wconf 78' lang='grc' dir='ltr'>Ἔφη</span> <span class='ocrx_word' id='word_1_737' title='bbox 395 5085 529 5158; x_wconf 80' lang='grc' dir='ltr'>γὰρ,</span> <span class='ocrx_word' id='word_1_738' title='bbox 549 5086 633 5140; x_wconf 83' lang='grc' dir='ltr'>ὅτι</span> <span class='ocrx_word' id='word_1_739' title='bbox 655 5105 674 5138; x_wconf 80' lang='grc' dir='ltr'><strong>ι</strong></span> <span class='ocrx_word' id='word_1_740' title='bbox 697 5087 905 5151; x_wconf 87' lang='grc' dir='ltr'>Πάντες</span> <span class='ocrx_word' id='word_1_741' title='bbox 926 5091 974 5143; x_wconf 81' lang='grc' dir='ltr'>οἱ</span> <span class='ocrx_word' id='word_1_742' title='bbox 995 5085 1269 5160; x_wconf 73' lang='grc' dir='ltr'>ἰσχύοντες</span> <span class='ocrx_word' id='word_1_743' title='bbox 1289 5091 1443 5161; x_wconf 83' lang='grc' dir='ltr'>ὑμῶν</span> <span class='ocrx_word' id='word_1_744' title='bbox 1462 5093 1707 5163; x_wconf 68' lang='grc' dir='ltr'>μαχαίρᾳ</span> <span class='ocrx_word' id='word_1_745' title='bbox 1723 5109 1819 5145; x_wconf 84' lang='grc' dir='ltr'>πε-</span> 
     </span>
    </p>
   </div>
   <div class='ocr_carea' id='block_1_102' title="bbox 234 5173 1817 5253">
    <p class='ocr_par' dir='ltr' id='par_1_102' title="bbox 234 5173 1817 5253">
     <span class='ocr_line' id='line_1_102' title="bbox 234 5173 1817 5253; baseline 0.006 -25"><span class='ocrx_word' id='word_1_746' title='bbox 234 5175 472 5230; x_wconf 84' lang='grc' dir='ltr'>σοῦνται.</span> <span class='ocrx_word' id='word_1_747' title='bbox 488 5197 507 5231; x_wconf 76' lang='grc'><strong>»</strong></span> <span class='ocrx_word' id='word_1_748' title='bbox 543 5177 678 5232; x_wconf 86' lang='grc' dir='ltr'>Ποία</span> <span class='ocrx_word' id='word_1_749' title='bbox 697 5196 782 5243; x_wconf 89' lang='grc' dir='ltr'><strong>τις</strong></span> <span class='ocrx_word' id='word_1_750' title='bbox 801 5174 894 5233; x_wconf 82' lang='grc' dir='ltr'><strong>οῦν</strong></span> <span class='ocrx_word' id='word_1_751' title='bbox 916 5173 990 5234; x_wconf 83' lang='grc' dir='ltr'><strong>ὧν</strong></span> <span class='ocrx_word' id='word_1_752' title='bbox 1011 5180 1192 5253; x_wconf 78' lang='grc' dir='ltr'>ἔφηνή</span> <span class='ocrx_word' id='word_1_753' title='bbox 1209 5182 1402 5249; x_wconf 82' lang='grc' dir='ltr'>δεῖξις;</span> <span class='ocrx_word' id='word_1_754' title='bbox 1433 5183 1648 5252; x_wconf 81' lang='grc' dir='ltr'>εὐφυῶς</span> <span class='ocrx_word' id='word_1_755' title='bbox 1677 5183 1817 5253; x_wconf 85' lang='grc' dir='ltr'>άγαν</span> 
     </span>
    </p>
   </div>
   <div class='ocr_carea' id='block_1_103' title="bbox 231 5269 1816 5349">
    <p class='ocr_par' dir='ltr' id='par_1_103' title="bbox 231 5269 1816 5349">
     <span class='ocr_line' id='line_1_103' title="bbox 231 5269 1816 5349; baseline 0.006 -29"><span class='ocrx_word' id='word_1_756' title='bbox 231 5269 328 5321; x_wconf 75' lang='grc' dir='ltr'>καὶ</span> <span class='ocrx_word' id='word_1_757' title='bbox 352 5269 584 5334; x_wconf 81' lang='grc' dir='ltr'>ἀστείως</span> <span class='ocrx_word' id='word_1_758' title='bbox 604 5272 1009 5344; x_wconf 78' lang='grc' dir='ltr'>ἐσκευασμένη.</span> <span class='ocrx_word' id='word_1_759' title='bbox 1035 5275 1220 5346; x_wconf 83' lang='grc' dir='ltr'>Νόμου</span> <span class='ocrx_word' id='word_1_760' title='bbox 1240 5277 1310 5344; x_wconf 85' lang='grc' dir='ltr'><strong>γά</strong></span> <span class='ocrx_word' id='word_1_761' title='bbox 1320 5294 1349 5349; x_wconf 91' lang='grc' dir='ltr'><strong>ρ</strong></span> <span class='ocrx_word' id='word_1_762' title='bbox 1366 5277 1430 5348; x_wconf 86' lang='grc' dir='ltr'>δὴ</span> <span class='ocrx_word' id='word_1_763' title='bbox 1459 5277 1554 5330; x_wconf 86' lang='grc' dir='ltr'><strong>τοῦ</strong></span> <span class='ocrx_word' id='word_1_764' title='bbox 1576 5278 1665 5332; x_wconf 78' lang='grc' dir='ltr'><strong>διὰ</strong></span> <span class='ocrx_word' id='word_1_765' title='bbox 1685 5280 1816 5332; x_wconf 75' lang='lat' dir='ltr'><strong>Mm-</strong></span> 
     </span>
    </p>
   </div>
   <div class='ocr_carea' id='block_1_104' title="bbox 237 5358 1814 5438">
    <p class='ocr_par' dir='ltr' id='par_1_104' title="bbox 237 5358 1814 5438">
     <span class='ocr_line' id='line_1_104' title="bbox 237 5358 1814 5438; baseline 0.008 -27"><span class='ocrx_word' id='word_1_766' title='bbox 237 5358 375 5423; x_wconf 80' lang='grc' dir='ltr'>σέως</span> <span class='ocrx_word' id='word_1_767' title='bbox 403 5359 655 5430; x_wconf 80' lang='grc' dir='ltr'>λέγοντος</span> <span class='ocrx_word' id='word_1_768' title='bbox 679 5365 795 5426; x_wconf 86' lang='grc' dir='ltr'>τοῖς</span> <span class='ocrx_word' id='word_1_769' title='bbox 827 5365 962 5430; x_wconf 84' lang='grc' dir='ltr'>υἱοῖς</span> <span class='ocrx_word' id='word_1_770' title='bbox 1011 5367 1248 5438; x_wconf 79' lang='grc' dir='ltr'>Ἰσραὴλ,</span> <span class='ocrx_word' id='word_1_771' title='bbox 1285 5385 1305 5419; x_wconf 79' lang='grc' dir='ltr'><strong>ι</strong></span> <span class='ocrx_word' id='word_1_772' title='bbox 1337 5369 1450 5422; x_wconf 77' lang='grc' dir='ltr'><strong>Οὐκ</strong></span> <span class='ocrx_word' id='word_1_773' title='bbox 1475 5369 1626 5423; x_wconf 80' lang='grc' dir='ltr'>ἔσται</span> <span class='ocrx_word' id='word_1_774' title='bbox 1653 5370 1710 5423; x_wconf 80' lang='grc' dir='ltr'>ἒν</span> <span class='ocrx_word' id='word_1_775' title='bbox 1733 5387 1814 5424; x_wconf 89' lang='grc' dir='ltr'><strong>σοι</strong></span> 
     </span>
    </p>
   </div>
   <div class='ocr_carea' id='block_1_105' title="bbox 236 5451 1813 5543">
    <p class='ocr_par' dir='ltr' id='par_1_105' title="bbox 236 5451 1813 5543">
     <span class='ocr_line' id='line_1_105' title="bbox 236 5451 1813 5543; baseline 0.008 -39"><span class='ocrx_word' id='word_1_776' title='bbox 236 5451 426 5518; x_wconf 73' lang='grc' dir='ltr'>ἄγονος</span> <span class='ocrx_word' id='word_1_777' title='bbox 465 5455 587 5543; x_wconf 76' lang='grc' dir='ltr'>οὐδὲ</span> <span class='ocrx_word' id='word_1_778' title='bbox 631 5457 840 5527; x_wconf 85' lang='grc' dir='ltr'>στείρα’</span> <span class='ocrx_word' id='word_1_779' title='bbox 874 5477 892 5509; x_wconf 81' lang='grc' dir='ltr'><strong>ι</strong></span> <span class='ocrx_word' id='word_1_780' title='bbox 934 5460 992 5511; x_wconf 80' lang='grc' dir='ltr'>ὲν</span> <span class='ocrx_word' id='word_1_781' title='bbox 1039 5460 1286 5530; x_wconf 80' lang='grc' dir='ltr'>ἐσχάτοις</span> <span class='ocrx_word' id='word_1_782' title='bbox 1312 5461 1639 5532; x_wconf 81' lang='grc' dir='ltr'>ὀνειδισμοῖς</span> <span class='ocrx_word' id='word_1_783' title='bbox 1665 5462 1813 5533; x_wconf 68' lang='grc' dir='ltr'>παρὰ</span> 
     </span>
    </p>
   </div>
   <div class='ocr_carea' id='block_1_106' title="bbox 238 5543 1814 5626">
    <p class='ocr_par' dir='ltr' id='par_1_106' title="bbox 238 5543 1814 5626">
     <span class='ocr_line' id='line_1_106' title="bbox 238 5543 1814 5626; baseline 0.022 -33"><span class='ocrx_word' id='word_1_784' title='bbox 238 5545 345 5606; x_wconf 85' lang='grc' dir='ltr'>τοῖς</span> <span class='ocrx_word' id='word_1_785' title='bbox 382 5543 662 5610; x_wconf 82' lang='grc' dir='ltr'>Ἰουδαίοις</span> <span class='ocrx_word' id='word_1_786' title='bbox 685 5546 961 5618; x_wconf 82' lang='grc' dir='ltr'>λελόγιστο</span> <span class='ocrx_word' id='word_1_787' title='bbox 987 5551 1047 5604; x_wconf 69' lang='grc' dir='ltr'>τὸ</span> <span class='ocrx_word' id='word_1_788' title='bbox 1067 5554 1296 5622; x_wconf 71' lang='grc' dir='ltr'>γυναῖκα</span> <span class='ocrx_word' id='word_1_789' title='bbox 1327 5553 1399 5626; x_wconf 81' lang='grc' dir='ltr'>μὴ</span> <span class='ocrx_word' id='word_1_790' title='bbox 1427 5557 1625 5621; x_wconf 63' lang='grc' dir='ltr'>τεκεῖν,</span> <span class='ocrx_word' id='word_1_791' title='bbox 1649 5556 1814 5626; x_wconf 63' lang='grc' dir='ltr'>ἤγουν</span> 
     </span>
    </p>
   </div>
   <div class='ocr_carea' id='block_1_107' title="bbox 306 5701 776 5764">
    <p class='ocr_par' dir='ltr' id='par_1_107' title="bbox 306 5701 776 5764">
     <span class='ocr_line' id='line_1_107' title="bbox 306 5701 776 5764; baseline 0.004 -10"><span class='ocrx_word' id='word_1_792' title='bbox 306 5701 346 5729; x_wconf 78' lang='grc'><strong>⁸³</strong></span> <span class='ocrx_word' id='word_1_793' title='bbox 378 5701 531 5764; x_wconf 67' lang='grc' dir='ltr'>Ιὶιτιιι.</span> <span class='ocrx_word' id='word_1_794' title='bbox 564 5718 660 5763; x_wconf 75' lang='lat' dir='ltr'><strong>\‘tt,</strong></span> <span class='ocrx_word' id='word_1_795' title='bbox 697 5701 776 5756; x_wconf 74' lang='lat' dir='ltr'><strong>H.</strong></span> 
     </span>
    </p>
   </div>
   <div class='ocr_carea' id='block_1_108' title="bbox 1917 4554 2174 4600">
    <p class='ocr_par' dir='ltr' id='par_1_108' title="bbox 1917 4554 2174 4600">
     <span class='ocr_line' id='line_1_108' title="bbox 1917 4554 2174 4600; baseline -0.012 -1"><span class='ocrx_word' id='word_1_796' title='bbox 1917 4554 2174 4600; x_wconf 76' lang='lat' dir='ltr'><strong>nostrum.</strong></span> 
     </span>
    </p>
   </div>
   <div class='ocr_carea' id='block_1_109' title="bbox 1989 4621 3510 4699">
    <p class='ocr_par' dir='ltr' id='par_1_109' title="bbox 1989 4621 3510 4699">
     <span class='ocr_line' id='line_1_109' title="bbox 1989 4621 3510 4699; baseline -0.012 -11"><span class='ocrx_word' id='word_1_797' title='bbox 1989 4633 2218 4688; x_wconf 88' lang='lat' dir='ltr'><strong>Pulchre</strong></span> <span class='ocrx_word' id='word_1_798' title='bbox 2277 4631 2390 4699; x_wconf 88' lang='lat' dir='ltr'><strong>jam</strong></span> <span class='ocrx_word' id='word_1_799' title='bbox 2445 4626 2702 4683; x_wconf 89' lang='lat' dir='ltr'><strong>conclusa</strong></span> <span class='ocrx_word' id='word_1_800' title='bbox 2764 4625 3012 4680; x_wconf 86' lang='lat' dir='ltr'><strong>oratione</strong></span> <span class='ocrx_word' id='word_1_801' title='bbox 3081 4625 3148 4678; x_wconf 88' lang='lat' dir='ltr'><strong>de</strong></span> <span class='ocrx_word' id='word_1_802' title='bbox 3196 4621 3510 4678; x_wconf 67' lang='lat' dir='ltr'><strong>Iudaeorum</strong></span> 
     </span>
    </p>
   </div>
   <div class='ocr_carea' id='block_1_110' title="bbox 1918 4713 3511 4792">
    <p class='ocr_par' dir='ltr' id='par_1_110' title="bbox 1918 4713 3511 4792">
     <span class='ocr_line' id='line_1_110' title="bbox 1918 4713 3511 4792; baseline -0.01 -11"><span class='ocrx_word' id='word_1_803' title='bbox 1918 4726 2253 4787; x_wconf 86' lang='lat' dir='ltr'><strong>mulieribus,</strong></span> <span class='ocrx_word' id='word_1_804' title='bbox 2291 4729 2512 4792; x_wconf 89' lang='lat' dir='ltr'><strong>propter</strong></span> <span class='ocrx_word' id='word_1_805' title='bbox 2546 4717 2729 4771; x_wconf 81' lang='lat' dir='ltr'><strong>luxum</strong></span> <span class='ocrx_word' id='word_1_806' title='bbox 2759 4726 2813 4771; x_wconf 89' lang='lat' dir='ltr'><strong>et</strong></span> <span class='ocrx_word' id='word_1_807' title='bbox 2835 4713 3166 4784; x_wconf 85' lang='lat' dir='ltr'><strong>opulentiam</strong></span> <span class='ocrx_word' id='word_1_808' title='bbox 3193 4714 3245 4768; x_wconf 92' lang='lat' dir='ltr'><strong>in</strong></span> <span class='ocrx_word' id='word_1_809' title='bbox 3280 4713 3511 4783; x_wconf 79' lang='lat' dir='ltr'><strong>captivi-</strong></span> 
     </span>
    </p>
   </div>
   <div class='ocr_carea' id='block_1_111' title="bbox 1919 4804 3510 4877">
    <p class='ocr_par' dir='ltr' id='par_1_111' title="bbox 1919 4804 3510 4877">
     <span class='ocr_line' id='line_1_111' title="bbox 1919 4804 3510 4877; baseline -0.008 -6"><span class='ocrx_word' id='word_1_810' title='bbox 1919 4827 2085 4872; x_wconf 85' lang='lat' dir='ltr'><strong>tatem</strong></span> <span class='ocrx_word' id='word_1_811' title='bbox 2122 4813 2400 4877; x_wconf 86' lang='lat' dir='ltr'><strong>venturis,</strong></span> <span class='ocrx_word' id='word_1_812' title='bbox 2451 4808 2747 4864; x_wconf 82' lang='lat' dir='ltr'><strong>ostendere</strong></span> <span class='ocrx_word' id='word_1_813' title='bbox 2791 4815 3023 4862; x_wconf 88' lang='lat' dir='ltr'><strong>conatur</strong></span> <span class='ocrx_word' id='word_1_814' title='bbox 3101 4804 3301 4861; x_wconf 70' lang='lat' dir='ltr'><strong>Judaeze</strong></span> <span class='ocrx_word' id='word_1_815' title='bbox 3349 4805 3510 4860; x_wconf 85' lang='lat' dir='ltr'><strong>urbes</strong></span> 
     </span>
    </p>
   </div>
   <div class='ocr_carea' id='block_1_112' title="bbox 1921 4897 3510 4964">
    <p class='ocr_par' dir='ltr' id='par_1_112' title="bbox 1921 4897 3510 4964">
     <span class='ocr_line' id='line_1_112' title="bbox 1921 4897 3510 4964; baseline -0.009 -2"><span class='ocrx_word' id='word_1_816' title='bbox 1921 4909 2054 4964; x_wconf 89' lang='lat' dir='ltr'><strong>viris</strong></span> <span class='ocrx_word' id='word_1_817' title='bbox 2085 4907 2252 4962; x_wconf 86' lang='lat' dir='ltr'><strong>orbas</strong></span> <span class='ocrx_word' id='word_1_818' title='bbox 2279 4915 2586 4964; x_wconf 81' lang='lat' dir='ltr'><strong>mansuras,</strong></span> <span class='ocrx_word' id='word_1_819' title='bbox 2626 4897 2743 4954; x_wconf 78' lang='lat' dir='ltr'><strong>fore</strong></span> <span class='ocrx_word' id='word_1_820' title='bbox 2775 4898 2940 4954; x_wconf 84' lang='lat' dir='ltr'><strong>etiam</strong></span> <span class='ocrx_word' id='word_1_821' title='bbox 2973 4897 3194 4952; x_wconf 89' lang='lat' dir='ltr'><strong>multam</strong></span> <span class='ocrx_word' id='word_1_822' title='bbox 3230 4897 3510 4950; x_wconf 87' lang='lat' dir='ltr'><strong>hominum</strong></span> 
     </span>
    </p>
   </div>
   <div class='ocr_carea' id='block_1_113' title="bbox 1921 4987 3555 5109">
    <p class='ocr_par' dir='ltr' id='par_1_113' title="bbox 1921 4987 3555 5109">
     <span class='ocr_line' id='line_1_113' title="bbox 1921 4987 3555 5109; baseline -0.009 -59"><span class='ocrx_word' id='word_1_823' title='bbox 1921 4999 2194 5070; x_wconf 79' lang='lat' dir='ltr'><strong>quondam</strong></span> <span class='ocrx_word' id='word_1_824' title='bbox 2239 4992 2724 5050; x_wconf 79' lang='lat' dir='ltr'><strong>bellacissimorum</strong></span> <span class='ocrx_word' id='word_1_825' title='bbox 2773 4989 3032 5058; x_wconf 87' lang='lat' dir='ltr'><strong>inopiam.</strong></span> <span class='ocrx_word' id='word_1_826' title='bbox 3084 4987 3219 5042; x_wconf 81' lang='lat' dir='ltr'><strong>Nam</strong></span> <span class='ocrx_word' id='word_1_827' title='bbox 3251 4987 3463 5041; x_wconf 78' lang='lat' dir='ltr'><strong>dixerat</strong></span> <span class='ocrx_word' id='word_1_828' title='bbox 3491 5002 3555 5109; x_wconf 54' lang='grc' dir='ltr'>τί</span> 
     </span>
     <span class='ocr_line' id='line_1_114' title="bbox 1988 5081 3504 5109; baseline 0 0"><span class='ocrx_word' id='word_1_829' title='bbox 1988 5091 2029 5109; x_wconf 85' lang='lat' dir='ltr'><strong>n</strong></span> <span class='ocrx_word' id='word_1_830' title='bbox 2071 5103 2184 5109; x_wconf 46' lang='grc' dir='ltr'><strong>η---</strong></span> <span class='ocrx_word' id='word_1_831' title='bbox 2237 5085 2590 5109; x_wconf 45' lang='grc' dir='ltr'>..--....-Ι-..ι,...</span> <span class='ocrx_word' id='word_1_832' title='bbox 2640 5083 2783 5109; x_wconf 64' lang='grc' dir='ltr'><strong>ζηιιι-</strong></span> <span class='ocrx_word' id='word_1_833' title='bbox 2812 5095 2905 5109; x_wconf 67' lang='grc' dir='ltr'><strong>..Λι-</strong></span> <span class='ocrx_word' id='word_1_834' title='bbox 2955 5081 3130 5109; x_wconf 60' lang='grc' dir='ltr'><strong>’.Μυκη</strong></span> <span class='ocrx_word' id='word_1_835' title='bbox 3166 5087 3413 5109; x_wconf 65' lang='grc' dir='ltr'><strong>,ιιι-ιοηοηι</strong></span> <span class='ocrx_word' id='word_1_836' title='bbox 3486 5095 3504 5109; x_wconf 80' lang='grc' dir='ltr'>ι</span> 
     </span>
    </p>
   </div>
   <div class='ocr_carea' id='block_1_114' title="bbox 1927 5081 3545 5158">
    <p class='ocr_par' dir='ltr' id='par_1_114' title="bbox 1927 5081 3545 5158">
     <span class='ocr_line' id='line_1_115' title="bbox 1927 5081 3545 5158; baseline -0.011 -13"><span class='ocrx_word' id='word_1_837' title='bbox 1927 5110 1948 5145; x_wconf 74' lang='grc' dir='ltr'><strong>ι</strong></span> <span class='ocrx_word' id='word_1_838' title='bbox 1986 5091 2188 5148; x_wconf 90' lang='lat' dir='ltr'><strong>Omnes</strong></span> <span class='ocrx_word' id='word_1_839' title='bbox 2237 5085 2593 5158; x_wconf 70' lang='lat' dir='ltr'><strong>praevalentes</strong></span> <span class='ocrx_word' id='word_1_840' title='bbox 2640 5083 2783 5137; x_wconf 87' lang='lat' dir='ltr'><strong>inter</strong></span> <span class='ocrx_word' id='word_1_841' title='bbox 2812 5095 2907 5137; x_wconf 90' lang='lat' dir='ltr'><strong>vos</strong></span> <span class='ocrx_word' id='word_1_842' title='bbox 2953 5081 3131 5152; x_wconf 80' lang='lat' dir='ltr'><strong>gladio</strong></span> <span class='ocrx_word' id='word_1_843' title='bbox 3165 5087 3439 5134; x_wconf 87' lang='lat' dir='ltr'><strong>corruent.</strong></span> <span class='ocrx_word' id='word_1_844' title='bbox 3484 5095 3504 5127; x_wconf 74' lang='grc' dir='ltr'><strong>ι</strong></span> <span class='ocrx_word' id='word_1_845' title='bbox 3537 5081 3545 5128; x_wconf 68' lang='grc' dir='ltr'><strong><em>ἐ</em></strong></span> 
     </span>
    </p>
   </div>
   <div class='ocr_carea' id='block_1_115' title="bbox 1921 5167 3506 5254">
    <p class='ocr_par' dir='ltr' id='par_1_115' title="bbox 1921 5167 3506 5254">
     <span class='ocr_line' id='line_1_116' title="bbox 1921 5167 3506 5254; baseline -0.012 -13"><span class='ocrx_word' id='word_1_846' title='bbox 1921 5188 1991 5241; x_wconf 88' lang='lat' dir='ltr'><strong>At</strong></span> <span class='ocrx_word' id='word_1_847' title='bbox 2021 5200 2141 5254; x_wconf 84' lang='lat' dir='ltr'><strong>qua:</strong></span> <span class='ocrx_word' id='word_1_848' title='bbox 2187 5184 2519 5236; x_wconf 75' lang='lat' dir='ltr'><strong>tandcmest</strong></span> <span class='ocrx_word' id='word_1_849' title='bbox 2554 5179 2747 5234; x_wconf 92' lang='lat' dir='ltr'><strong>horum</strong></span> <span class='ocrx_word' id='word_1_850' title='bbox 2778 5189 2896 5245; x_wconf 75' lang='lat' dir='ltr'><strong>quae</strong></span> <span class='ocrx_word' id='word_1_851' title='bbox 2923 5174 3036 5229; x_wconf 78' lang='lat' dir='ltr'><strong>dixi</strong></span> <span class='ocrx_word' id='word_1_852' title='bbox 3078 5167 3506 5225; x_wconf 76' lang='lat' dir='ltr'><strong>demonstratio?</strong></span> 
     </span>
    </p>
   </div>
   <div class='ocr_carea' id='block_1_116' title="bbox 1921 5259 3502 5345">
    <p class='ocr_par' dir='ltr' id='par_1_116' title="bbox 1921 5259 3502 5345">
     <span class='ocr_line' id='line_1_117' title="bbox 1921 5259 3502 5345; baseline -0.015 -11"><span class='ocrx_word' id='word_1_853' title='bbox 1921 5277 2090 5334; x_wconf 75' lang='lat' dir='ltr'><strong>Valde</strong></span> <span class='ocrx_word' id='word_1_854' title='bbox 2111 5286 2439 5345; x_wconf 86' lang='lat' dir='ltr'><strong>opportuna,</strong></span> <span class='ocrx_word' id='word_1_855' title='bbox 2470 5284 2525 5330; x_wconf 88' lang='lat' dir='ltr'><strong>et</strong></span> <span class='ocrx_word' id='word_1_856' title='bbox 2576 5274 2711 5329; x_wconf 88' lang='lat' dir='ltr'><strong>scite</strong></span> <span class='ocrx_word' id='word_1_857' title='bbox 2755 5269 3023 5325; x_wconf 88' lang='lat' dir='ltr'><strong>instituta.</strong></span> <span class='ocrx_word' id='word_1_858' title='bbox 3057 5263 3192 5318; x_wconf 86' lang='lat' dir='ltr'><strong>Cum</strong></span> <span class='ocrx_word' id='word_1_859' title='bbox 3221 5260 3364 5314; x_wconf 90' lang='lat' dir='ltr'><strong>enim</strong></span> <span class='ocrx_word' id='word_1_860' title='bbox 3419 5259 3502 5313; x_wconf 69' lang='lat' dir='ltr'><strong>lex</strong></span> 
     </span>
    </p>
   </div>
   <div class='ocr_carea' id='block_1_117' title="bbox 1920 5349 3503 5441">
    <p class='ocr_par' dir='ltr' id='par_1_117' title="bbox 1920 5349 3503 5441">
     <span class='ocr_line' id='line_1_118' title="bbox 1920 5349 3503 5441; baseline -0.016 -14"><span class='ocrx_word' id='word_1_861' title='bbox 1920 5386 2018 5441; x_wconf 85' lang='lat' dir='ltr'><strong>per</strong></span> <span class='ocrx_word' id='word_1_862' title='bbox 2059 5370 2240 5426; x_wconf 81' lang='lat' dir='ltr'><strong>Mosen</strong></span> <span class='ocrx_word' id='word_1_863' title='bbox 2270 5369 2417 5425; x_wconf 85' lang='lat' dir='ltr'><strong>dicat</strong></span> <span class='ocrx_word' id='word_1_864' title='bbox 2452 5369 2576 5422; x_wconf 85' lang='lat' dir='ltr'><strong>liliis</strong></span> <span class='ocrx_word' id='word_1_865' title='bbox 2617 5363 2778 5420; x_wconf 64' lang='lat' dir='ltr'><strong>Israel</strong></span> <span class='ocrx_word' id='word_1_866' title='bbox 2808 5379 2822 5417; x_wconf 87' lang='lat'><strong>:</strong></span> <span class='ocrx_word' id='word_1_867' title='bbox 2852 5379 2873 5414; x_wconf 79' lang='grc' dir='ltr'><strong>ι</strong></span> <span class='ocrx_word' id='word_1_868' title='bbox 2913 5356 3029 5412; x_wconf 77' lang='lat' dir='ltr'><strong>Non</strong></span> <span class='ocrx_word' id='word_1_869' title='bbox 3063 5353 3169 5410; x_wconf 90' lang='lat' dir='ltr'><strong>erit</strong></span> <span class='ocrx_word' id='word_1_870' title='bbox 3205 5353 3257 5406; x_wconf 88' lang='lat' dir='ltr'><strong>iu</strong></span> <span class='ocrx_word' id='word_1_871' title='bbox 3289 5360 3341 5406; x_wconf 89' lang='lat' dir='ltr'><strong>te</strong></span> <span class='ocrx_word' id='word_1_872' title='bbox 3373 5349 3503 5441; x_wconf 61' lang='lat' dir='ltr'><strong>orba</strong></span> 
     </span>
    </p>
   </div>
   <div class='ocr_carea' id='block_1_118' title="bbox 1921 5440 3502 5534">
    <p class='ocr_par' dir='ltr' id='par_1_118' title="bbox 1921 5440 3502 5534">
     <span class='ocr_line' id='line_1_119' title="bbox 1921 5440 3502 5534; baseline -0.016 -15"><span class='ocrx_word' id='word_1_873' title='bbox 1921 5440 2100 5534; x_wconf 80' lang='lat' dir='ltr'><strong>neque</strong></span> <span class='ocrx_word' id='word_1_874' title='bbox 2159 5461 2365 5519; x_wconf 86' lang='lat' dir='ltr'><strong>sterilis</strong></span> <span class='ocrx_word' id='word_1_875' title='bbox 2405 5460 2472 5523; x_wconf 82' lang='grc'><strong>⁸⁸.</strong></span> <span class='ocrx_word' id='word_1_876' title='bbox 2512 5477 2530 5512; x_wconf 78' lang='grc' dir='ltr'><strong>ι</strong></span> <span class='ocrx_word' id='word_1_877' title='bbox 2569 5455 2806 5514; x_wconf 73' lang='lat' dir='ltr'><strong>maximo</strong></span> <span class='ocrx_word' id='word_1_878' title='bbox 2842 5448 3040 5522; x_wconf 86' lang='lat' dir='ltr'><strong>probro</strong></span> <span class='ocrx_word' id='word_1_879' title='bbox 3080 5446 3307 5502; x_wconf 86' lang='lat' dir='ltr'><strong>dabatur</strong></span> <span class='ocrx_word' id='word_1_880' title='bbox 3363 5440 3502 5534; x_wconf 85' lang='lat' dir='ltr'><strong>apud</strong></span> 
     </span>
    </p>
   </div>
   <div class='ocr_carea' id='block_1_119' title="bbox 1924 5533 3516 5614">
    <p class='ocr_par' dir='ltr' id='par_1_119' title="bbox 1924 5533 3516 5614">
     <span class='ocr_line' id='line_1_120' title="bbox 1924 5533 3516 5614; baseline -0.016 -2"><span class='ocrx_word' id='word_1_881' title='bbox 1924 5533 2136 5612; x_wconf 61' lang='lat' dir='ltr'><strong>intimos</strong></span> <span class='ocrx_word' id='word_1_882' title='bbox 2180 5552 2458 5608; x_wconf 80' lang='lat' dir='ltr'><strong>mulierem</strong></span> <span class='ocrx_word' id='word_1_883' title='bbox 2494 5563 2598 5604; x_wconf 90' lang='lat' dir='ltr'><strong>non</strong></span> <span class='ocrx_word' id='word_1_884' title='bbox 2642 5555 2862 5614; x_wconf 80' lang='lat' dir='ltr'><strong>parere,</strong></span> <span class='ocrx_word' id='word_1_885' title='bbox 2911 5539 2992 5596; x_wconf 89' lang='lat' dir='ltr'><strong>vel</strong></span> <span class='ocrx_word' id='word_1_886' title='bbox 3050 5539 3100 5594; x_wconf 91' lang='lat' dir='ltr'><strong>in</strong></span> <span class='ocrx_word' id='word_1_887' title='bbox 3137 5537 3267 5592; x_wconf 80' lang='lat' dir='ltr'><strong>viris</strong></span> <span class='ocrx_word' id='word_1_888' title='bbox 3322 5533 3516 5589; x_wconf 76' lang='lat' dir='ltr'><strong>haberi</strong></span> 
     </span>
    </p>
   </div>
  </div>
