4012 6216
521 309 624 368 H7

1544 315 1601 371 S.
1643 315 1917 372 CYRlLLl
1960 315 2429 374 ALEXANDRINI
2468 315 2783 375 ARCHlEP.

3676 315 3781 374 1Ξέ

520 434 611 504 «ισιὶ
672 433 859 489 litteris
905 442 1181 498 carerent;
1243 435 1425 489 statim
1471 436 1614 490 enim
1676 437 1781 491 illis
1829 437 1998 493 elletze
2047 445 2096 492 et

2201 437 2392 506 ἄγονον
2416 435 2555 493 εἷναί
2584 455 2705 492 τινα
2732 437 2840 491 τῶν
2875 436 3169 490 τελούντων
3205 434 3262 487 ἐν
3287 432 3565 505 ἀνδράσιν.
3609 432 3784 498 Εὐθὺς

519 524 722 579 sterilis
755 525 962 579 macula
991 526 1167 580 inusta
1207 534 1310 581 est.
1347 528 1509 595 Atqui
1538 528 1836 596 spiritualis
1866 529 1982 586 haec
2012 533 2098 586 lex

519 627 658 672 erat.
716 616 971 670 Promisit
1022 618 1165 669 enim
1204 617 1580 673 universorum
1646 620 1787 676 Deus
1845 622 2095 679 lst’ao-lem

524 704 938 773 intelligihilem,
990 704 1094 759 hoc
1135 713 1240 767 est,
1274 718 1506 762 mentem
1538 709 1703 764 Deum
1736 715 2101 784 contemplan-

524 808 658 859 tcm,
682 795 1075 851 infructuosam
1100 810 1206 850 non
1230 795 1345 853 fore
1362 813 1461 854 nec
1474 801 1734 866 sterilem,
1750 805 1844 859 sed
1866 805 2096 862 fertilem

521 886 723 956 potius,
764 886 939 941 instar
970 887 1184 942 eximia:
1221 889 1503 961 cujusdam
1538 908 1602 948 ac
1635 891 1874 950 fecunda
1917 906 2093 953 terrm.

522 977 629 1047 73
679 977 874 1032 Verum
922 978 1026 1034 hoc
1075 979 1244 1036 Judo'ei
1308 984 1604 1041 secundum
1665 1001 1882 1043 carnem
1942 988 2100 1045 intel-

524 1070 782 1139 ligebant.
813 1072 1091 1129 Animaies
1115 1076 1318 1145 quippe
1352 1087 1532 1145 erant,
1561 1079 1813 1148 spiritum
1861 1096 1968 1136 non
2002 1083 2097 1136 hac

525 1159 737 1217 nentes.
766 1162 883 1217 Erit
921 1165 1127 1236 itaque,
1164 1167 1361 1239 inquit,
1394 1178 1542 1225 tanta
1578 1186 1675 1241 per
1711 1172 1985 1242 regionem
2018 1174 2099 1227 ri-

525 1266 712 1306 rorum
760 1255 990 1322 raritas,
1037 1256 1176 1313 bello
1222 1274 1412 1315 sexum
1462 1273 1750 1329 vastante,
1798 1276 1856 1319 ut
1889 1276 2095 1335 septem

524 1344 800 1412 mulieres,
841 1361 1035 1417 nempe
1068 1350 1289 1416 multae,
1341 1368 1452 1408 uno
1490 1357 1607 1410 viro
1636 1360 1975 1426 apprehenso
2015 1361 2097 1414 di-

521 1442 693 1488 ctura:
723 1437 834 1489 sint
859 1449 877 1491 :
908 1454 928 1489 ι
952 1436 1154 1499 Panem
1180 1453 1424 1497 nostrum
1452 1447 1817 1516 comedemus,
1847 1459 1903 1505 et
1939 1451 2099 1505 vesti-

521 1524 626 1579 bus
673 1528 875 1584 nostris
928 1534 1258 1600 operiemur,
1292 1549 1357 1590 ac
1395 1537 1616 1594 nomine
1670 1551 1763 1595 tuo
1816 1556 2093 1609 vocemur,

523 1614 678 1670 aufer
706 1619 943 1675 dedecus
970 1632 1270 1678 nostrum.»
1308 1625 1535 1683 Videsne
1556 1643 1653 1683 eas
1680 1633 1930 1689 orbitatis
1959 1636 2097 1688 infa-

524 1706 689 1768 miam
729 1709 1108 1780 extimescere,
1134 1722 1187 1770 et
1226 1716 1373 1770 orbae
1400 1731 1467 1772 ac
1492 1720 1693 1776 sterilis
1729 1738 1924 1778 nomen
1955 1724 2097 1780 refu-

2198 526 2308 597 γᾶρ
2343 528 2526 592 αὐτοῖς
2573 528 2602 579 6
2634 528 2733 597 τῆς
2769 526 2962 594 ἀγόνου
3008 524 3103 578 καὶ
3136 522 3356 595 στείρας
3390 523 3787 593 προσετρίϐετο

2202 617 2412 689 μῶμος.
2441 621 2551 674 Καὶ
2574 619 2942 691 πνευματικὸς
2972 618 3071 689 μὲν
3092 619 3122 671 ό
3146 616 3309 687 νόμος
3338 611 3425 686 ἦν.
3475 617 3779 686 Ἐπηγγέλ-
3804 642 3813 655 ο

2198 711 2321 765 λετο
2344 712 2465 783 7&9'
2481 714 2510 765 6
2529 712 2638 766 τῶν
2664 712 2801 766 ὅλων
2822 713 2955 775 Θεὸς
2991 712 3072 764 ὅτι
3104 711 3132 763 ὀ
3153 708 3345 780 νοητὸς
3377 707 3611 781 Ἰσραὴλ,
3636 709 3786 763 τοῦτ’

2198 797 2337 865 ἔστι,
2371 800 2494 864 νοῦς
2533 801 2675 873 ὀρῶν
2708 801 2868 863 Θεὸν,
2909 798 3011 852 οὑκ
3034 798 3283 868 ἄκαρπος
3309 796 3485 861 ἔσται,
3523 794 3648 859 οὔτε
3676 796 3791 850 ἀπ’

2198 890 2610 962 εστειρωμὲνος,
2636 890 2910 961 ἔγκαρπος
2932 887 2991 942 δὲ
3015 886 3215 958 μᾶὶλον
3250 887 3347 939 καὶ
3386 885 3460 957 γῆ
3481 903 3566 949 τις
3595 885 3790 957 ὥσπερ

2200 982 2340 1053 καλὴ
2368 982 2463 1036 καὶ
2487 980 2783 1053 ἐξαίρετος.
2812 979 2958 1051 Πλὴν
2998 977 3180 1033 ἐνόουν
3208 976 3449 1032 Ἰουδαῖοι
3482 979 3788 1048 σαρκικῶς,

2197 1072 2422 1144 ψυχικοὶ
2447 1072 2558 1143 γὰρ
2576 1068 2740 1143 ἦσαν,
2771 1070 2990 1141 πνεῦμα
3017 1069 3091 1141 μὴ
3107 1069 3342 1140 ἔχοντες.
3373 1070 3563 1123 Ἔσται
3585 1070 3787 1135 τοίνυν⁹

2198 1164 2387 1234 φησιν,
2440 1162 2675 1234 τοσαύτη
2723 1161 2918 1225 σπάνις
2959 1161 3207 1233 ἀρρένων
3244 1160 3386 1214 κατὰ
3431 1161 3531 1232 τὴν
3577 1158 3788 1232 χώραν,

2196 1254 2609 1325 δαπανήσαντος
2636 1253 2731 1307 τοῦ
2763 1253 3000 1324 πολέμου
3020 1243 3083 1307 τὸ
3103 1252 3281 1322 γένος,
3310 1253 3388 1317 ὠς
3417 1253 3558 1308 ἑπτὰ
3590 1258 3789 1322 γυναῖ-

2200 1361 2300 1408 κας
2337 1345 2456 1415 ἦτοι
2481 1345 2683 1408 πολλὰς
2715 1345 2834 1408 ἑνὸς
2865 1344 3059 1415 ἀνδρὸς
3087 1343 3552 1414 ἐπιλαμϐάνεσθαι
3574 1346 3671 1398 καὶ
3701 1346 3792 1398 λέ-

2198 1452 2336 1504 γειν·
2375 1454 2395 1488 ι
2446 1434 2549 1490 Τὸν
2585 1438 2747 1508 ἄρτον
2778 1434 2938 1507 ἡμῶν
2983 1433 3293 1505 φαγόμεθα,
3337 1434 3431 1488 καὶ
3463 1434 3526 1488 τὸ
3569 1436 3792 1504 ἱμάτιον

2199 1525 2358 1597 ἡμῶν
2398 1525 2858 1596 περιϐαλούμεθα·
2895 1525 3037 1596 πλὴν
3072 1524 3133 1579 τὸ
3167 1525 3339 1596 ὀνομα
3365 1526 3428 1579 τὸ
3458 1525 3550 1580 σὺν
3579 1526 3791 1597 κεκλή-

2200 1619 2315 1673 σθω
2342 1620 2427 1688 ἐφ’
2461 1620 2630 1690 ἡμᾶς,
2657 1618 2848 1690 ἄφειλε
2886 1622 2979 1673 τὸν
3002 1618 3304 1689 ὀνειδισμὸν
3335 1618 3513 1689 ἡμῶν.
3553 1638 3579 1671 ι
3621 1620 3793 1691 Ὁρᾷς

2200 1711 2348 1776 ὅπως
2368 1711 2598 1766 δεδείασι
2626 1714 2726 1783 τῆς
2755 1712 2975 1776 ἀτοκίας
2998 1711 3089 1766 τὸν
3107 1710 3431 1781 ὀνειδισμὸν,
3470 1712 3565 1765 καὶ
3592 1712 3653 1764 τὸ
3683 1714 3793 1784 τῆς

523 1798 697 1867 εει-οἳ
734 1800 1013 1859 Accedunt
1054 1807 1201 1860 enim
1237 1822 1342 1863 non
1383 1823 1640 1867 consueta
1673 1827 2002 1883 quaerentes,
2040 1830 2095 1871 et

2196 1805 2392 1874 ἁγόνου
2423 1806 2516 1859 καὶ
2544 1805 2763 1877 στείρας
2797 1804 3187 1877 παραιτοῦνται
3224 1804 3395 1873 ὀνομα
3424 1803 3575 1871 λίαν;
3600 1805 3790 1875 Προσ-

519 1900 642 1954 qua:
665 1890 834 1945 moris
863 1901 950 1946 est
984 1907 1179 1949 uxores
1204 1911 1233 1949 ο
1274 1899 1487 1956 maritis
1515 1902 1766 1973 accipere
1797 1904 1922 1978 (sibi
1952 1910 2095 1962 enim

522 1976 577 2030 in
612 1977 713 2034 hoc
745 1982 880 2036 satis
900 1984 1344 2053 suppeditaturas
1379 1989 1496 2046 fore
1520 1993 1754 2066 dicunt),
1785 1976 1879 2052 sed
1909 2008 2100 2069 petunt

521 2078 917 2143 tantummodo,
955 2080 1407 2149 quemadmodum
1443 2086 1575 2152 disi,
1603 2098 1661 2142 ut
1694 2090 1915 2144 tollatur
1935 2092 2100 2147 dede-

520 2177 638 2218 cus.
661 2164 855 2236 Specta
878 2183 1005 2225 vero
1029 2172 1160 2227 mihi
1181 2174 1340 2244 hujus
1361 2179 1629 2233 sermonis
1651 2180 2093 2250 profunditatem.
2133 2224 2149 2239 .

522 2253 579 2307 Si
632 2257 776 2311 enim
836 2259 987 2316 dives
1040 2262 1234 2319 fuisset
1270 2267 1363 2336 qui
1423 2270 1733 2338 rogabatur,
1782 2274 2096 2342 neutiquam

521 2344 786 2403 dixissent
850 2352 1151 2410 mulieres:
1198 2358 1398 2413 Panem
1458 2373 1702 2416 nostrum
1753 2364 1996 2427 edemus,
2044 2374 2097 2420 et

522 2438 763 2493 vestibus
808 2444 1009 2499 nostris
1048 2448 1376 2515 operiemur.
1426 2450 1532 2507 Sed
1588 2455 1844 2523 quoniam
1904 2466 2098 2511 norunt

521 2530 612 2595 qni
638 2544 701 2584 es
733 2531 870 2587 bello
913 2537 1115 2591 servati
1151 2549 1279 2593 sunt
1309 2549 1365 2595 et
1393 2543 1478 2596 vix
1513 2543 1836 2613 effugerant,
1866 2549 1932 2601 ad
1968 2548 2094 2602 nlti-

530 2637 672 2674 mam
707 2624 966 2682 recidisse
997 2629 1426 2698 mendicitatem,
1458 2645 1513 2689 et
1557 2637 1609 2691 in
1654 2653 1845 2709 magna
1892 2641 2097 2696 versari

524 2712 768 2780 miseria,
800 2717 1027 2774 omnino
1050 2720 1184 2776 nihil
1213 2735 1503 2794 quaerunt;
1545 2728 1649 2783 hoc
1684 2730 1859 2784 solum
1884 2741 2095 2803 petunt,

522 2813 729 2860 matres
758 2820 880 2862 esse
900 2807 1219 2866 liberorum.
1256 2812 1323 2868 Et
1353 2816 1469 2871 haec
1494 2826 1579 2873 est
1623 2819 1885 2875 historica
1922 2825 2099 2877 oratio

522 2893 805 2953 hactenus.
826 2898 1157 2972 Detorqueut
1175 2913 1355 2959 autem
1384 2907 1603 2978 quidam
1626 2911 1809 2965 nescio
1830 2914 2098 2982 qumnudo

522 2987 576 3041 ld
620 2990 762 3058 quod
793 2994 1135 3064 propositum
1176 3004 1262 3052 est
1297 2998 1364 3052 ad
1412 3000 1904 3057 considerationem
1943 3003 2100 3072 spiri-

2196 1896 2449 1968 ἐρχονται
2478 1896 2586 1968 7&9
2624 1898 2685 1951 οὐ
2710 1895 2781 1951 τὰ
2807 1896 3013 1968 συνήθη
3047 1894 3356 1967 ζητοῦντες,
3388 1895 3482 1950 καὶ
3512 1897 3611 1950 ὅσα
3631 1897 3793 1968 δέχε-

2200 1989 2326 2043 σθαι
2362 1989 2577 2059 γυναιξὶ
2608 1990 2766 2061 παρὰ
2805 1987 2914 2043 τῶν
2956 1988 3348 2044 συνοικούντων
3386 1988 3525 2053 ἔθος·
3559 1990 3793 2053 ἑαυταίς

2197 2083 2308 2157 7&9
2334 2082 2589 2153 ἀρκέσειν
2631 2083 2712 2146 είς
2738 2080 2897 2136 τοῦτό
2938 2099 3123 2151 φασιν,
3155 2081 3368 2136 αἰτοῦσι
3404 2082 3463 2136 δὲ
3495 2081 3678 2153 μόνον,
3711 2081 3791 2147 ὡς

2197 2174 2355 2245 εφην,
2393 2174 2487 2228 τοῦ
2524 2173 2833 2246 ὀνειδισμοῦ
2873 2174 2972 2247 τὴν
3006 2174 3312 2246 ἀφαίρεσιν.
3351 2172 3542 2244 Ἀθρει
3583 2173 3647 2245 δὴ
3690 2170 3792 2229 οὖν

2197 2264 2292 2319 τοῦ
2313 2266 2477 2334 λόγου
2507 2264 2568 2318 τὸ
2600 2262 2878 2334 βάθοςΛὶί
2913 2264 3011 2336 μὲν
3034 2264 3140 2335 7&9
3170 2262 3424 2327 πλούσιος
3446 2259 3517 2335 ἦν
3548 2265 3577 2318 6
3603 2280 3793 2335 παρα⁶

2198 2357 2556 2429 καλούμενος.
2595 2357 2695 2410 οὐκ
2733 2356 2799 2410 ἂν
2833 2356 3039 2426 ἔφασαν
3078 2357 3137 2409 αἱ
3165 2354 3593 2424 γυναῖκες’-Τὸν
3617 2355 3793 2426 ἄρτον

2199 2447 2355 2519 ἡμῶν
2410 2445 2734 2517 φαγόμεθα,
2788 2447 2883 2499 καὶ¹
2946 2445 3007 2499 τὸ
3068 2445 3280 2516 ἱμάτιον
3336 2444 3493 2516 ἡμῶν
3547 2444 3789 2516 περιΰαδ

2199 2536 2459 2608 λούμεθα.
2493 2536 2714 2606 Ἐπειδὴ
2736 2535 2795 2589 δὲ
2823 2537 2972 2591 τσασι
2993 2536 3120 2599 τοὺς
3139 2537 3204 2589 ὲκ
3229 2534 3320 2588 τοῦ
3345 2534 3580 2605 πολέμου
3609 2550 3793 2589 ascu-

2202 2626 2434 2697 σμένους
2477 2627 2573 2681 καὶ
2612 2625 2973 2694 διαφυγόντας
3004 2625 3156 2697 μόλις
3186 2627 3245 2678 ὲν
3268 2625 3474 2696 ἐσχάτη
3515 2624 3791 2688 πεσόντας
3894 2666 3900 2672 κ

2202 2718 2467 2790 πτωχείᾳ,
2511 2717 2607 2771 καὶ
2657 2716 2856 2789 πολλὴν
2911 2716 3133 2788 ἔχοντας
3183 2715 3497 2787 ἀθλιότητα,
3554 2714 3791 2785 ζητοῦσι

2202 2811 2300 2883 μὲν
2323 2810 2455 2881 παρ’
2476 2811 2655 2864 αὐτῶν
2677 2810 2956 2875 παντελῶς
2982 2809 3156 2873 οὐδὲν,
3181 2808 3394 2863 αἰτοῦσι
3427 2808 3483 2862 δὲ
3533 2809 3698 2878 μόνον
3726 2810 3789 2863 τὸ

2195 2903 2403 2958 τέκνων
2430 2902 2685 2972 γενέσθαι
2718 2902 2971 2973 μητέρες.
2999 2903 3108 2956 Καὶ
3133 2904 3162 2955 6
3194 2900 3294 2971 μὲν
3322 2900 3479 2969 λόγος
3502 2900 3605 2970 τῆς
3633 2902 3787 2956 ίστο⁶

2200 2993 2322 3067 ρίας
2344 2997 2402 3049 ἐν
2424 2994 2658 3057 τούτοις.
2692 2992 3113 3063 Ἀποκομίξουσι
3137 2992 3194 3045 δὲ
3221 2991 3283 3046 τὸ
3314 2993 3675 3064 προκείμενον
3702 2996 3787 3058 είς

522 3078 744 3147 tualem,
780 3096 887 3138 non
945 3099 1079 3141 sane
1139 3088 1273 3143 satis
1303 3102 1496 3145 recte:
1532 3091 1731 3161 alioqui
1767 3096 1913 3148 enim
1944 3092 2091 3149 οωιή

2198 3086 2429 3159 θεωρίαν
2451 3084 2848 3157 πνευματικὴν,
2866 3085 2967 3139 οὐκ
2994 3080 3091 3139 οἷδ’
3117 3085 3288 3149 ὅπως,
3318 3084 3459 3149 τινὲς
3488 3085 3548 3138 οὐ
3573 3084 3790 3174 σφόδρα

520 3166 678 3226 laude
714 3172 859 3242 digni
887 3185 1092 3230 essent.
1135 3176 1414 3247 Siquidem
1450 3191 1705 3237 asserunt
1734 3194 1941 3252 septem
1971 3199 2096 3238 mu-

520 3258 681 3316 lieres
725 3273 928 3332 septem
981 3280 1103 3322 esse
1152 3269 1400 3338 spiritus,
1444 3272 1620 3327 virum
1677 3273 1875 3330 deinde
1927 3290 2093 3330 unum

520 3349 823 3408 Christum.
877 3355 1012 3409 Tum
1060 3360 1258 3419 decoro
1308 3376 1497 3429 parum
1540 3366 1853 3431 observato,
1885 3376 2094 3435 septem

520 3449 746 3516 spiritus
776 3449 927 3503 aiunt
955 3452 1007 3505 ei
1040 3451 1261 3509 dicere:
1291 3455 1459 3509 Aufer
1482 3457 1720 3513 dedecus
1748 3469 2011 3528 nostrum,
2041 3468 2097 3515 ct

518 3556 713 3609 panem
760 3553 1003 3598 nostrum
1038 3547 1283 3614 edemus,
1308 3557 1361 3603 et
1392 3550 1630 3607 vestibus
1658 3552 1858 3608 nostris
1885 3554 2096 3624 aperie-

519 3648 661 3687 ttlttl‘.
696 3633 1018 3706 Quanquam
1056 3653 1154 3693 cur
1192 3641 1370 3709 potius
1411 3656 1516 3695 non
1556 3642 1865 3709 dicendum,
1889 3654 2092 3713 septem

519 3725 770 3782 mulieres
798 3729 997 3784 multas
1039 3746 1161 3787 esse
1195 3733 1425 3800 animas,
1459 3749 1578 3804 quae
1614 3744 1668 3791 et
1708 3735 1981 3792 Christum
2011 3753 2096 3793 re-

519 3828 783 3886 ceperunt
834 3833 931 3889 per
980 3822 1181 3888 ﬁdem,
1212 3839 1331 3894 quae
1382 3826 1555 3895 ipsum
1596 3838 1656 3881 ut
1706 3842 1897 3897 panem
1943 3838 1998 3884 et
2035 3839 2091 3885 ut

521 3919 729 3964 vestem
762 3911 954 3967 salutis
987 3925 1255 3982 quaerunt,
1288 3925 1341 3970 et
1372 3918 1438 3971 ab
1469 3917 1584 3989 ipso
1609 3918 1840 3974 fructum
1871 3921 2095 3991 petunt?

519 3998 647 4052 Tale
663 4000 804 4053 enim
820 4001 947 4069 quid
973 4004 1135 4055 etiam
1156 4004 1344 4060 beatus
1371 4007 1538 4062 David
1556 4008 1829 4063 extulitde
1847 4011 2091 4066 omnium

520 4088 813 4146 Servatore
840 4091 1060 4147 Christo
1092 4111 1105 4147 :
1139 4113 1157 4145 ι
1189 4096 1288 4160 Qui
1324 4097 1570 4153 habitare
1605 4100 1731 4156 facit
1762 4102 2001 4157 sterilem
2039 4105 2091 4159 in

517 4184 677 4238 domo
711 4194 937 4239 matrem
979 4195 1198 4257 propter
1237 4189 1374 4245 filios
1426 4190 1695 4246 liB'aIIlClll
1724 4194 1788 4244 “.
1828 4213 1847 4247 ι
1886 4193 2093 4251 Dicitur

515 4287 643 4328 vero
667 4276 910 4330 sterilem
937 4278 1234 4346 parituram
1263 4281 1561 4350 septem,id
1584 4292 1671 4337 est
1698 4285 1882 4339 multa.
1921 4284 2091 4342 Varias

517 4358 645 4419 sunt
673 4381 905 4436 namque
931 4369 1176 4436 virtutes,
1198 4385 1308 4426 non
1330 4387 1454 4435 una,
1483 4373 1592 4427 imo
1622 4374 1822 4441 nmlta',
1860 4390 2087 4444 quarunt

512 4466 719 4511 matres
748 4467 875 4514 sunt
901 4459 1096 4515 anima:
1122 4477 1243 4532 qua:
1271 4472 1452 4517 amant
1483 4462 1670 4517 Deum.
1857 4450 1867 4463 ’

588 4711 891 4778 Vens.2,'5.
917 4714 1014 4769 Die
1039 4732 1156 4771 vero
1175 4711 1266 4773 illo
1295 4721 1584 4789 splendebit
1608 4721 1746 4777 Deus
1779 4725 1831 4779 iu
1866 4729 2089 4783 consilio

516 4821 632 4859 cum
657 4805 826 4877 gloria
841 4824 1000 4875 super
1020 4821 1212 4864 terram
1243 4813 1312 4865 ad
1333 4814 1674 4869 exaltanduut
1705 4827 1755 4871 et
1789 4818 2088 4887 gloriﬁcan-

515 4900 640 4952 dum
675 4900 938 4954 residuam
981 4899 1174 4956 Israel.
1207 4899 1277 4957 Et
1311 4906 1434 4972 erit,
1459 4909 1600 4977 quod
1647 4908 1899 4980 reliquam
1926 4912 2085 4980 fuerit

511 4990 566 5044 in
609 4987 759 5056 Sion,
795 5003 845 5047 et
891 4993 1029 5063 quod
1075 4997 1382 5049 remanserit
1429 4996 1485 5049 in
1530 4996 1828 5054 Jerusalem
1858 5015 1878 5054 :
1914 5005 2085 5057 sancti

510 5083 833 5139 secabantur
858 5101 1035 5141 omnes
1067 5089 1157 5157 qui
1193 5090 1361 5143 vocati
1388 5100 1509 5144 sunt
1553 5094 1621 5144 ad
1653 5095 1810 5147 vitam
1841 5095 1892 5149 in
1917 5093 2080 5150 Jeru-

510 5177 697 5234 salem.

582 5269 691 5340 74
744 5274 880 5366 Quia
924 5278 1200 5347 ambigunt
1259 5280 1482 5351 quidam
1548 5298 1782 5352 quonam
1842 5295 2086 5354 tempore
2156 5349 2177 5366 .

513 5356 627 5410 Ιιωο
681 5376 800 5429 quae
844 5365 914 5419 de
959 5368 1267 5426 .ludsenrum
1329 5374 1647 5432 mulieribus
1705 5377 1821 5432 sive
1864 5378 1931 5431 de
1973 5387 2081 5432 tota

512 5461 699 5550 eorum
734 5459 952 5525 regione
999 5478 1094 5532 per
1123 5483 1310 5525 vocem
1356 5472 1630 5540 propheta:
1663 5472 1919 5544 praedicta
1954 5484 2082 5529 sunt

511 5549 783 5607 ενειηειηο
814 5551 995 5601 utrum
1023 5565 1146 5612 ante
1176 5559 1255 5613 vel
1274 5568 1395 5630 post
1419 5560 1726 5622 Servatoris
1752 5564 2074 5621 adventum:

582 5699 627 5733 ³³
659 5692 796 5750 εδει.
829 5712 963 5760 cxtt,
998 5705 1053 5759 9.

2196 3178 2477 3242 ποιοῦντες
2522 3176 2718 3249 ὀρθῶς
2766 3176 2800 3248 ἢ
2852 3176 2962 3248 7&9
3012 3175 3079 3230 ἂν
3131 3175 3353 3230 ἐπαίνου
3395 3175 3593 3240 παντὸς
3638 3171 3788 3246 ἦσαν

2195 3270 2356 3338 ἄξιοι.
2388 3270 2526 3324 Φασὶ
2556 3269 2665 3340 7&9
2703 3263 2845 3322 εἶναι
2881 3267 3022 3322 ἑπτὰ
3059 3266 3162 3332 τὰς
3203 3269 3486 3336 γυναῖκας,
3525 3266 3593 3320 τὰ
3635 3269 3796 3324 ἑπτὰ

2195 3362 2501 3433 πνεύματα⁵
2531 3360 2816 3432 ἄνθρωπόν
2845 3377 2910 3431 γε
2956 3360 3062 3432 μὴν
3088 3361 3186 3415 ἕνα
3222 3359 3313 3415 τὸν
3349 3361 3602 3432 Χριστόν.
3644 3358 3793 3416 Εἶτα

2194 3454 2288 3508 τοῦ
2330 3455 2632 3526 πρέποντος
2668 3453 2827 3522 ὀλίγα
2857 3455 3302 3527 πεφροντικότες,
3335 3454 3404 3510 τὰ
3442 3455 3584 3510 ἑπτὰ
3613 3455 3791 3510 πνεῦι

2198 3546 2347 3618 ματα
2372 3564 2503 3616 φασι
2529 3547 2706 3615 λέγειν
2731 3545 2922 3610 οὕτως’
2943 3547 3140 3616 Ἀφελε
3156 3548 3250 3601 τὸν
3272 3547 3573 3618 ὀνειδισμὸν
3596 3548 3792 3619 ἡμῶν,

2196 3640 2291 3694 καὶ
2320 3639 2411 3697 τὸν
2448 3642 2614 3712 ἄρτον
2641 3641 2802 3713 ἡμῶν
2832 3640 3138 3712 φαγόμεθα,
3171 3640 3267 3695 καὶ
3297 3641 3366 3695 τὰ
3396 3642 3587 3712 ἱμάτια
3622 3640 3784 3711 ἡμῶν

2196 3730 2657 3804 περιϐαλούμεθα.
2691 3733 2882 3787 Καίτοι
2919 3732 3037 3795 πῶς
3066 3732 3168 3785 οὐκ
3195 3731 3418 3803 ἄμεινον
3439 3733 3637 3795 εἰπεῖν,
3677 3736 3783 3796 τὰς

2194 3823 2335 3877 ἑπτὰ
2356 3827 2622 3892 γυναῖκας
2636 3824 2844 3888 ιπολλὰς
2869 3819 3010 3878 εἶναι
3027 3823 3225 3895 ψυχὰς,
3254 3824 3311 3879 αἳ
3335 3825 3428 3878 καὶ
3448 3824 3781 3878 ἐπελάϐοντο

2192 3913 2281 3967 διὰ
2315 3913 2549 3979 πίστεως
2593 3915 2688 3969 τοῦ
2718 3915 2978 3986 Χριστοῦ,
3012 3916 3177 3970 αὑτὸν
3202 3915 3280 3980 ὡς
3319 3915 3482 3988 ἄρτον
3512 3914 3779 3987 ζητοῦσαι

2194 4004 2289 4057 καὶ
2306 4003 2382 4067 ὡς
2407 4005 2621 4075 ἱμάτιον
2653 4006 2943 4078 σωτηρίου,
2970 4007 3065 4060 καὶ
3085 4006 3174 4061 τὸν
3198 4007 3294 4060 ἀπ’
3319 4005 3483 4060 αὐτοῦ
3512 4003 3778 4076 ζητοῦσαι

2193 4096 2424 4167 καρπόν.
2468 4098 2720 4153 Τοιοῦτον
2745 4099 2855 4171 γάρ
2879 4117 2932 4153 τι
2972 4099 3066 4153 καὶ
3103 4101 3132 4153 ὀ
3161 4098 3432 4171 μακάριος
3469 4098 3573 4169 ἔφη
3609 4097 3785 4151 Δαϐὶδ

2194 4188 2323 4257 περὶ
2349 4188 2444 4243 τοῦ
2479 4190 2697 4244 πάντων
2725 4191 2977 4260 Σωτῆρος
3007 4190 3267 4261 Χριστοῦ·
3298 4209 3317 4243 ι
3360 4189 3417 4245 '0
3448 4187 3782 4252 κατοικίζων

2193 4278 2413 4349 στείραν
2459 4280 2518 4331 ὲν
2557 4278 2690 4350 οἴκῳ
2743 4279 2954 4351 μητέρα
2996 4280 3219 4334 τέκνων
3246 4279 3702 4350 εὐφραινομένην.
3754 4297 3783 4330 ι

2192 4369 2423 4440 Εἴρηται
2481 4371 2538 4424 δὲ
2602 4372 2695 4424 καὶ
2762 4372 2950 4442 στείρα
3013 4375 3190 4426 τεκεῖν
3238 4372 3403 4436 ἑπτὰ,
3460 4370 3606 4424 τοῦτ’
3661 4368 3781 4423 ἔστι

2120 4461 2170 4521 ι)
2196 4458 2384 4514 πολλά.
2447 4461 2704 4533 Διάφοροι
2771 4461 2881 4532 7&9
2933 4462 3145 4533 ἀρεταὶ,
3210 4462 3305 4514 καλ⁵
3351 4462 3414 4514 οὐ
3470 4460 3567 4530 μία
3633 4459 3777 4530 μᾶλ-

2198 4550 2316 4617 λον,
2376 4551 2513 4606 ἀλλὰ
2580 4547 2893 4617 πολλαὶ,ὦν
2950 4554 3059 4605 εἰσι
3122 4551 3356 4622 μητέρες
3421 4553 3477 4605 αἱ
3535 4551 3780 4620 φιλόθεοι

2195 4640 2387 4710 ψυχαί.

2270 4734 2354 4804 Τῇ
2379 4734 2448 4790 δὲ
2476 4737 2665 4806 ἡμέρᾳ
2683 4736 2887 4805 ἐκείνη
2913 4736 3237 4806 sauciari-et
3260 4740 3295 4792 ό
3324 4737 3466 4802 Θεὸς
3484 4734 3781 4805 ἐνβουλῇ·

2187 4830 2340 4900 μετὰ
2368 4830 2555 4897 δόξης
2583 4829 2681 4884 ἐπὶ
2710 4829 2844 4899 γῆς,
2873 4830 2980 4884 τοῦ
3011 4827 3251 4898 ὑψῶσαι
3279 4830 3380 4883 καί
3404 4828 3665 4893 δοξάσαι
3702 4830 3772 4881 τὸ

2194 4923 2590 4992 καταλειφθὲν
2625 4920 2733 4977 τοῦ
2772 4920 3027 4989 Ἰσραήλ.
3077 4920 3186 4976 Καὶ
3220 4922 3391 4975 ἔσται
3421 4920 3490 4974 τὸ
3528 4923 3772 4975 ὑπολει-

2189 5013 2342 5083 φθὲν
2388 5014 2458 5067 ἐν
2500 5012 2673 5079 Σιὼν,
2707 5011 2806 5066 καί
2835 5011 2900 5064 τὸ
2929 5010 3328 5079 καταλειφθὲν
3362 5010 3433 5063 ἐν
3473 5009 3774 5076 Ἰερουσα-

2187 5105 2312 5173 λήμ
2345 5122 2357 5136 ·
2408 5104 2563 5173 ἅγιοι
2614 5089 3028 5170 κληθήσοῦται
3082 5100 3303 5165 πάντες
3343 5102 3397 5152 οι
3445 5098 3771 5164 κληθέντες

2190 5200 2277 5265 είς
2306 5197 2458 5266 ζωὴν
2481 5198 2551 5251 ἐν
2589 5194 3004 5264 Ἰερουσαλήμ.

2275 5288 2686 5354 Ἐνδοιαζόντων
2717 5286 2878 5339 τινῶν
2905 5284 3048 5339 κατὰ
3092 5282 3246 5336 ποῖον
3288 5279 3441 5334 ἔσται
3472 5278 3664 5348 καιρὸν
3700 5277 3769 5329 τα

2191 5382 2283 5435 ἐπί
2310 5398 2375 5451 γε
2401 5383 2520 5444 ταῖς
2562 5379 2670 5434 τῶν
2702 5376 2968 5432 Ἰουδαίων
3000 5373 3266 5444 γυναιξὶν,
3303 5372 3423 5443 ἦτοι
3448 5370 3632 5438 πάσης
3657 5370 3761 5423 αὐ-

2186 5473 2297 5527 τῶν
2346 5474 2445 5545 τῆς
2491 5472 2677 5544 χώρας
2714 5466 3230 5541 προανηγορευμένα
3262 5463 3353 5517 διὰ
3379 5463 3479 5533 τῆς
3509 5461 3604 5515 τοῦ
3633 5474 3765 5529 προ-

2189 5567 2360 5637 φήτου
2393 5565 2598 5635 φωνῆς,
2634 5564 2836 5634 πότερα
2865 5561 2972 5634 πρὸ
3006 5560 3104 5631 τῆς
3134 5557 3228 5612 τοῦ
3277 5557 3533 5629 Σωτῆρος
3575 5552 3765 5622 δπιδηο
