4012 6216
474 301 569 355 151

1507 296 1566 350 S.
1607 292 1887 351 ετιιιιιι
1927 290 2401 349 ΑιεχΑΝυιιιΝι
2441 292 2763 351 ARCillEP.

3635 291 3738 348 ιδει

473 421 664 486 salem,
694 392 748 475 et
785 393 1135 473 ornabantur
1187 411 1382 486 gloria,
1417 423 1473 469 et
1502 414 1604 470 hoc
1632 423 1690 469 et
1741 414 1796 469 in
1840 414 2046 470 cmiesti

2165 411 2574 485 ’Υοιωθήσονται
2621 411 2786 466 πάλιν
2810 409 2861 465 oi
2895 408 3006 463 υίοὶ
3034 405 3282 479 Ἰσραήλ’
3318 405 3738 480 δοξασθήσοντιι

470 515 618 567 llhro
668 510 900 566 describi
936 507 1308 572 merebuntur,
1329 506 1456 562 licet
1518 506 1851 576 impietatem
1908 507 2052 562 haud

468 603 819 659 mediocriter
854 599 1221 663 exercuerint,
1257 597 1552 668 prophetas
1573 596 1896 664 occiderint,
1930 597 2071 652 mis-.

470 711 565 750 sos
610 691 877 763 lapidibus
923 693 1232 757 obruerint,
1273 693 1447 764 ipsum
1493 692 1712 747 demum
1766 688 2051 745 Christum

473 786 631 840 morti
680 784 1349 854 tradiderint,eormnque
1407 799 1600 837 manus
1660 782 1925 853 sanguine
1967 796 2055 836 re—

470 877 851 931 dumlaverint.
889 875 1029 944 Quid
1069 877 1234 946 igitur
1274 874 1578 946 propheta?
1607 892 1625 927 ι
1652 874 1808 928 Eluet
1866 874 2054 928 Domi-

473 983 593 1032 nus,
651 966 845 1038 inquit,
903 969 1092 1024 sordes
1143 968 1375 1022 liliormn
1438 976 1494 1021 et
1545 967 1778 1021 liiiarum
1816 967 1971 1031 Sion,
1998 974 2056 1021 et

468 1061 792 1130 sanguinem
850 1061 1229 1132 expurgahite
1263 1060 1442 1115 medio
1491 1074 1703 1122 eorum,
1743 1058 1796 1113 in
1859 1058 2053 1127 spiritu

462 1149 652 1221 judicii
709 1160 766 1206 ct
811 1152 1002 1219 Spiritu
1056 1151 1291 1204 ardoris.
1320 1169 1338 1201 ι
1375 1149 1726 1218 Dellqnerunt
1783 1149 2053 1217 siquidem

463 1243 609 1301 citra
638 1240 1434 1312 controversiam,jnstilieavit
1462 1255 1592 1295 vero
1636 1253 1828 1294 omnes
1883 1238 2055 1309 gratia

466 1352 570 1409 per
623 1336 927 1398 Christum,
964 1336 1317 1405 ipsorumque
1373 1331 1785 1387 interfectorum
1836 1340 2053 1402 peccata

471 1427 742 1483 oblivione
759 1427 1026 1498 sepelivit.
1065 1426 1328 1480 Nimirum
1347 1435 1405 1479 et
1425 1425 1639 1480 divinus
1666 1423 1855 1479 Petrus
1869 1422 2054 1477 Judai-

462 1533 591 1573 cum
618 1517 873 1588 populum
907 1516 1104 1571 affatur
1129 1515 1327 1588 alicubi
1356 1516 1576 1572 dicens:
1608 1533 1627 1566 ι
1669 1513 1774 1571 Vos
1797 1513 2055 1569 Sanctum

469 1619 523 1663 et
552 1584 766 1663 Justum
796 1608 1059 1675 negastis,
1096 1617 1153 1661 et
1175 1584 1471 1676 ilagiia9ti5
1502 1605 1829 1661 homicidam
1863 1604 2055 1659 donari

468 1701 625 1754 vobis
646 1700 712 1754 ⁸⁸.
755 1718 774 1750 ι
812 1699 1023 1754 Alicuhi
1058 1698 1256 1754 iterum
1286 1715 1299 1752 :
1335 1717 1354 1750 ι
1382 1699 1449 1754 Et
1482 1714 1645 1763 nunc,
1676 1698 1891 1763 fratres,
1932 1696 2056 1751 novi

2153 504 2235 571 δὲ,
2265 504 2358 559 καὶ
2400 504 2501 576 τὴν
2539 502 2653 558 ἀνω
2694 500 3050 574 κερδανοῦσιν
3077 499 3428 572 ἀπογραφήν,
3454 499 3633 554 καίτοι
3655 500 3744 555 δε-

2153 593 2554 666 δυσσεϐήκασιν
2599 592 2661 647 οὗ
2708 590 2970 663 μετρίως.
3010 589 3345 645 ἀπεκτόνασι
3371 589 3499 652 τοὺς
3525 590 3744 661 προφήο

2154 701 2275 750 τας,
2322 683 2709 755 ἐλιθοϐόλησαν
2752 684 2878 746 τοὺς
2920 679 3388 753 ἀπεσταλμένους,
3436 682 3531 734 καὶ
3578 681 3745 737 αὑτὸν

2153 776 2212 831 δὲ
2237 774 2596 839 τελευτῶντες
2624 771 2957 846 προσέθεσαν
2979 770 3070 824 τὸν
3104 769 3358 843 Χριστὸν,
3394 770 3491 823 καὶ
3508 770 3744 840 γεγόνα-

2157 882 2242 920 σιν
2268 865 2448 919 αὐτῶν
2476 866 2534 918 αί
2561 866 2743 935 χεῖρες
2774 862 3004 934 αἵματος
3035 861 3282 933 πλήρεις.
3314 859 3380 913 Τί
3424 856 3520 915 οὖν
3551 864 3580 915 ό
3608 878 3740 933 προ-

2157 959 2369 1028 φήτης;
2422 955 2772 1020 «Ἐκπλυνεί,
2809 973 2829 1007 ο
2894 952 3066 1024 φησι,
3121 969 3142 1005 ι
3176 950 3379 1022 Κύριος
3424 951 3518 1005 τὸν
3572 951 3748 1022 ῥύπον

2154 1049 2265 1104 τῶν
2295 1048 2447 1115 υίῶν,
2472 1049 2566 1103 καὶ
2595 1048 2706 1101 τῶν
2735 1045 3050 1117 θυγατέρων
3082 1043 3241 1106 Σιὼν,
3272 1044 3367 1097 καὶ
3388 1044 3450 1096 τὸ
3479 1037 3622 1114 αἷμα
3652 1044 3749 1096 ἐκ-

2157 1141 2411 1213 καθαριεῖ
2447 1140 2513 1194 ἐκ
2556 1140 2720 1210 μέσου
2752 1137 2954 1203 αὐτῶν,
2982 1139 3040 1191 ἐν
3082 1136 3355 1208 πνεύματι
3379 1135 3616 1208 κρίσεως
3646 1138 3747 1190 καὶ

2157 1237 2216 1288 ἐν
2266 1234 2538 1305 πνεύματι
2584 1232 2852 1296 καύσεως.
2882 1249 2902 1285 ο
2953 1228 3461 1302 Πεπλημμελήκασι
3498 1229 3598 1300 μὲν
3630 1227 3749 1302 γὰρ

2156 1326 2629 1398 ὁμολογουμένως’
2658 1324 2895 1379 ἐδικαίου
2938 1321 2997 1376 δὲ
3040 1324 3249 1386 πάντας
3295 1323 3329 1393 ή
3380 1322 3539 1393 χάρις
3582 1323 3615 1393 ή
3653 1321 3750 1376 διά

2158 1418 2419 1491 Χριστοῦ,
2448 1419 2544 1471 καὶ
2576 1416 2759 1479 αὐτοῖς
2791 1415 2850 1468 δὲ
2879 1417 2993 1479 τοῖς
3037 1413 3424 1484 πεφονευκόσιν
3460 1413 3749 1485 ἐχαρίζετο

2157 1512 2255 1583 τὴν
2288 1509 2616 1582 ἀμνηστίαν.
2650 1508 2761 1562 Kal.
2809 1507 2939 1578 γοῦν
2978 1510 3007 1561 6
3054 1506 3339 1571 θεσπέσιος
3380 1507 3586 1578 Πέτρος
3629 1509 3748 1570 τοῖς

2173 1602 2440 1658 Ἰουδαίων
2470 1602 2665 1673 δήμοις
2694 1600 3035 1672 προσεφώνει
3069 1600 3243 1669 λέγων
3264 1641 3280 1666 ,
3323 1601 3455 1654 ποτέ
3489 1601 3590 1671 μὲν
3610 1639 3625 1663 ,
3657 1586 3748 1653 ὅτι

2167 1714 2185 1748 ι
2207 1695 2397 1767 Ὑμεῖς
2414 1694 2472 1747 δὲ
2486 1694 2578 1748 τὸν
2597 1694 2788 1764 Ἀγιον
2806 1693 2901 1747 καὶ
2916 1692 3132 1747 Δίκαιον
3146 1690 3477 1764 ἠρνήσασθε,
3494 1692 3589 1746 καὶ
3602 1691 3749 1762 ᾐτή-

475 1792 620 1860 quod
656 1808 720 1847 ev
750 1791 1054 1861 ignorantia
1088 1791 1316 1856 fecistis,
1369 1791 1531 1846 sicuti
1565 1799 1622 1845 et
1658 1791 1932 1862 principes
1961 1803 2054 1844 ve-

2159 1800 2288 1838 σατε
2321 1783 2492 1855 ἀνδρα
2518 1781 2684 1852 φονέα
2708 1780 3030 1853 χαρισθῆναι
3060 1782 3210 1850 ὑμῖν.
3244 1798 3264 1832 δ
3298 1780 3434 1833 Ποτὲ
3463 1779 3520 1833 δὲ
3546 1778 3744 1833 πάλιν·

472 1885 594 1938 stri.
653 1885 972 1956 Resipiscite
1004 1886 1211 1954 itaque,
1262 1894 1317 1937 et
1350 1884 1656 1953 baptizetur
1682 1884 2053 1953 unusquisque

466 1983 711 2027 vestrum
742 1975 794 2027 in
826 1988 1019 2029 nomen
1048 1973 1259 2028 Domini
1288 1972 1440 2039 Iesu,
1470 1983 1527 2028 et
1545 1973 1823 2042 accipietis
1848 1973 2049 2028 donum

466 2063 649 2119 sancti
674 2064 913 2132 Spiritus
940 2082 955 2118 :
986 2064 1143 2119 vobis
1169 2066 1313 2120 enim
1343 2075 1472 2120 sunt
1500 2066 1885 2133 promissiones
1913 2075 1969 2121 et
1998 2066 2055 2120 li-

471 2156 557 2211 liis
618 2157 821 2213 vestris
852 2156 921 2211 ".
947 2174 965 2208 ι
999 2155 1360 2225 Quapropter,
1424 2156 1620 2227 inquit,
1674 2159 2052 2213 universorum

464 2246 653 2317 opifex
685 2258 742 2301 et
789 2248 1067 2311 Dominus,
1103 2248 1331 2301 multum
1391 2247 1728 2311 misericors,
1757 2248 1848 2318 qui
1901 2262 2056 2302 mau-

472 2339 759 2393 suetudiue
800 2348 855 2393 et
895 2338 1181 2392 clementia
1234 2338 1485 2393 humanae
1536 2340 1735 2393 mentis
1776 2340 2054 2408 angustias

466 2431 708 2494 excedit,
743 2430 835 2498 qui
872 2445 977 2484 non
1004 2429 1120 2483 vult
1149 2436 1379 2483 mortem
1406 2430 1712 2496 morientis,
1738 2444 1848 2499 quo
1868 2444 1998 2484 eum
2022 2444 2053 2484 a

476 2521 562 2575 via
608 2534 704 2574 sua
737 2534 900 2589 prava
952 2526 1188 2583 avertat,
1214 2525 1270 2573 et
1310 2518 1493 2573 vivat:
1523 2518 1705 2573 abluet
1739 2518 1929 2574 sordes
1957 2532 2053 2573 eo-

478 2628 595 2666 rum
645 2611 738 2680 qui
779 2619 1097 2680 pecearunt,
1136 2616 1193 2664 et
1241 2621 1274 2662 e
1314 2608 1493 2664 medio
1542 2607 1756 2663 illorum
1803 2609 2056 2680 purgabit

474 2703 818 2772 sanguinem,
851 2700 1044 2771 spiritu
1078 2698 1271 2767 iudicii
1293 2708 1347 2753 et
1373 2699 1566 2769 spiritu
1594 2698 1826 2753 ardoris.
1853 2697 2052 2755 Jndicii

468 2806 652 2849 autem
681 2793 932 2863 spiritum
961 2791 1217 2857 dicimus,
1252 2805 1318 2846 es
1359 2791 1565 2859 judicio
1585 2801 1735 2846 recte
1764 2801 1819 2845 et
1846 2791 2052 2859 iustitia

474 2886 642 2941 latum
671 2887 724 2940 in
757 2899 856 2940 nos
875 2899 903 2938 a
937 2884 1047 2939 Deo
1077 2883 1367 2938 calculum.
1396 2882 1506 2954 76
1523 2881 1742 2938 Scilicet
1777 2883 1850 2936 ita
1879 2882 2054 2953 inquit

478 2978 740 3034 Servatur
775 2996 790 3034 :
830 2996 849 3030 ι
879 2977 1036 3031 Nune
1082 2977 1347 3046 judicium
1397 2987 1484 3032 est
1520 2975 1702 3030 δωρειιί
1734 2973 1890 3043 hujus
1928 2975 1994 3030 ‘°.
2027 2993 2045 3027 ι

470 3068 687 3125 Judicio
716 3069 862 3124 enim
903 3069 1182 3124 contendit
1203 3083 1327 3123 eum
1356 3069 1557 3124 mundo
1582 3068 1687 3123 hoc
1714 3078 1771 3123 et
1802 3082 1927 3122 cum
1952 3067 2053 3122 Sa-

2166 1893 2184 1928 ι
2208 1876 2319 1930 Καὶ
2338 1874 2452 1940 νῦν,
2476 1874 2716 1943 ἀδελφοὶ,
2738 1868 2876 1938 οἶδα,
2907 1870 3051 1927 κατά
3075 1871 3299 1941 ἄγνοιαν
3321 1871 3615 1942 ἐπράξατε,
3632 1869 3749 1923 ῶσ-

2158 1983 2261 2038 περ
2284 1967 2377 2020 καὶ
2401 1966 2450 2019 oi
2475 1967 2733 2039 ἄρχοντες
2757 1964 2928 2036 ὑμῶν.
2946 1965 3330 2036 Μετανοήσατε
3348 1959 3461 2028 οὖν,
3480 1965 3573 2017 καὶ
3601 1962 3749 2033 βαπ-

2156 2059 2397 2130 τισθήτω
2416 2058 2644 2120 ἕκαστος
2664 2057 2694 2109 ὑ
2702 2055 2818 2128 μῶν
2834 2059 2912 2120 εξς
2928 2057 2988 2110 τὸ
3008 2056 3181 2126 ὄνομα
3197 2054 3292 2109 τοῦ
3309 2054 3513 2128 Κυρίου
3538 2053 3748 2125 Ἰησοῦ,

2159 2155 2255 2207 καὶ
2288 2152 2521 2224 λήψεσθε
2551 2151 2650 2223 τὴν
2687 2149 2896 2221 δωρεὰν
2929 2147 3022 2203 τοῦ
3049 2149 3208 2218 ἁγίου
3229 2146 3547 2217 Πνεύματος
3567 2164 3581 2176 υ
3612 2146 3751 2216 ὑμῖν

2159 2246 2270 2318 γάρ
2298 2247 2435 2300 εἰσιν
2465 2245 2522 2300 αί
2555 2243 2878 2313 ἐπαγγελίαι
2910 2242 3007 2297 καὶ
3038 2245 3149 2305 τοῖς
3177 2241 3387 2305 τέκνοις
3416 2240 3594 2310 ὑμῶν.
3624 2258 3642 2291 ι
3686 2239 3752 2293 ’0

2158 2342 2361 2407 τοίνυν,
2390 2340 2578 2410 φησὶν,
2609 2341 2639 2393 ό
2666 2337 2774 2391 τῶν
2798 2337 2934 2391 ὅλων
2958 2334 3290 2407 δημιουργὸς
3334 2334 3429 2387 καὶ
3450 2333 3655 2405 Κύριος
3674 2371 3690 2393 ,
3719 2333 3753 2384 6

2164 2432 2329 2495 πολὺς
2371 2433 2447 2495 είς
2492 2431 2663 2495 ἔλεος,
2691 2433 2719 2484 6
2746 2429 2914 2484 νικῶν
2941 2428 3241 2501 ήμερότητι
3269 2426 3367 2489 τάς
3393 2423 3750 2496 ἀνθρωπίνας

2163 2520 2560 2592 μικροψυχίας*
2607 2522 2637 2573 ό
2671 2518 2746 2590 μὴ
2775 2518 2946 2572 θέλων
2985 2518 3077 2571 τὸν
3111 2517 3339 2570 θάνατον
3377 2512 3470 2568 τοῦ
3501 2512 3750 2583 ἀποθνή-

2162 2628 2400 2674 σκοντος.
2431 2610 2508 2675 ὡς
2537 2609 2598 2664 τὸ
2623 2609 2949 2681 ἐπιστρέψαι
2977 2608 3138 2663 αὑτὸν
3165 2605 3275 2663 ἀπὸ
3296 2606 3396 2672 τῆς
3421 2603 3542 2659 ὁδοῦ
3574 2605 3754 2661 αὐτοῦ

2158 2704 2260 2774 τῆς
2308 2706 2576 2775 πονηρᾶς,
2615 2704 2710 2758 καὶ
2760 2703 2861 2774 ζῇν
2900 2700 3094 2771 αὑτὸν,
3124 2698 3388 2754 ἐκπλυνεῖ
3431 2698 3525 2752 τὸν
3566 2697 3753 2768 ῥύπον
3819 2709 3824 2714 '

2157 2796 2266 2850 τῶν
2296 2797 2716 2868 ἡμαρτηκότων,
2751 2794 3075 2862 ἐκκαθαριεί
3096 2794 3153 2847 δὲ
3185 2793 3281 2846 καὶ
3305 2791 3367 2845 τὸ
3391 2787 3531 2861 αἷμα
3555 2792 3619 2842 ἐκ
3653 2788 3747 2859 μι-

2161 2907 2254 2943 σου
2300 2889 2482 2943 αὐτῶν
2524 2891 2582 2943 ἐν
2628 2874 2899 2959 πνεύματι
2942 2886 3174 2960 κρίσεως
3220 2885 3314 2938 καὶ
3355 2885 3414 2937 ἐν
3467 2879 3742 2950 πνεύματι

2159 2981 2424 3045 καύσεως.
2460 2981 2573 3035 Kal.
2617 2981 2679 3034 τὸ
2737 2981 2834 3051 μὲν
2884 2981 2982 3050 τῆς
3025 2978 3261 3050 κρίσεως
3288 2975 3507 3046 πνεῦμά
3537 2988 3737 3044 φαμεν,

2156 3074 2256 3144 τὴν
2280 3073 2418 3144 μετά
2439 3074 2673 3146 κρίσεως
2702 3071 2889 3144 ὀρθῆς,
2913 3072 3031 3143 ήτοι
3051 3070 3415 3138 δικαιοσύνης,
3442 3064 3741 3135 ἐξενεχθεῖ-

360 3506 369 3512 ⁶
472 3442 829 3491 sacrosancto
854 3434 1148 3512 baptismo,
1178 3450 1283 3488 non
1313 3435 1519 3502 absque
1546 3431 1759 3503 Spiritu
1788 3432 1943 3486 nobis
1967 3431 2053 3485 in-

472 3170 600 3214 tana
630 3177 644 3214 :
688 3170 743 3213 et
778 3161 920 3214 hunc
944 3160 1166 3229 quidem
1194 3160 1358 3227 eiecit
1390 3169 1451 3214 ut
1481 3159 1675 3229 injuria
1708 3157 2050 3222 allicientem,

2158 3135 2257 3217 σαν
2281 3135 2368 3232 ἐφ’
2399 3135 2532 3234 ἡμίν
2566 3135 2716 3235 παρὰ
2734 3135 3095 3233 θεοῦ-ψήφον.
3127 3159 3283 3214 Οὕτω
3303 3135 3411 3227 γάρ
3438 3156 3541 3211 πού
3566 3169 3740 3227 φησιν

472 3252 596 3307 illos
647 3264 777 3306 vero
830 3250 1154 3319 jnstiilcavit
1186 3266 1217 3306 θ
1252 3252 1452 3305 mutulo
1498 3264 1593 3320 per
1643 3249 1824 3314 ﬁdem,
1856 3248 2053 3317 injuria

2156 3260 2183 3311 6
2215 3257 2441 3328 Σωτήρ*
2491 3274 2511 3307 ι
2541 3254 2657 3309 Νῦν
2699 3254 2880 3325 κρίσις
2932 3253 3048 3306 ἐστὶ
3090 3252 3187 3306 τοῦ
3236 3251 3431 3314 αίῶνος
3462 3248 3677 3303 τούτου.
3713 3266 3734 3299 ι

472 3342 721 3399 aﬂ'ectos.
750 3342 979 3398 Ardoris
1010 3357 1141 3397 vero
1162 3342 1415 3413 spiritum
1450 3342 1703 3406 dicimus,
1737 3341 1964 3410 gratiam
1998 3339 2053 3396 in

2170 3346 2415 3402 Ἑδίκασε
2453 3347 2562 3417 γάρ
2588 3344 2667 3416 τῷ
2694 3345 2851 3399 αίῶνι
2879 3343 3056 3415 τούτῳ
3102 3342 3198 3397 καὶ
3243 3341 3322 3413 τῷ
3357 3339 3604 3410 Zarat/4'
3643 3336 3740 3390 xui.

1124 3460 1148 3513 ξ,
1178 3450 1283 3488 non
1313 3435 1519 3502 absque
1546 3431 1759 3503 Spiritu
1788 3431 2053 3486 “Obisin-
2153 3439 2246 3491 τὸν
2290 3438 2395 3508 ,μὲν
2443 3435 2775 3506 ἐκϐέϐληκεν
2823 3432 2899 3497 ὡς
2943 3432 3270 3504 ἠδικηκότα’
3320 3426 3635 3482 δεδικαίωκε
3679 3424 3740 3478 δὲ

473 3535 810 3597 generatam.
833 3526 1098 3597 Baptizati
1130 3537 1310 3580 autem
1343 3534 1397 3581 et
1416 3525 1510 3579 loti
1549 3538 1759 3590 smnus,
1787 3541 1891 3578 non
1914 3537 2053 3595 aqua

2156 3532 2281 3593 τοὺς
2309 3532 2366 3583 ἐν
2390 3527 2468 3600 τῷ
2498 3528 2687 3600 κόσμῳ
2717 3526 2808 3582 διὰ
2851 3525 2954 3597 τῆς
2984 3524 3219 3587 πίστεως
3250 3521 3326 3585 ὡς
3353 3517 3737 3591 ἠδικημένους.

475 3617 640 3684 nuda,
670 3617 765 3672 sed
784 3631 882 3672 nec
906 3620 1091 3672 cinere
1134 3616 1285 3670 vituli
1313 3616 1589 3671 emumlati
1619 3630 1828 3681 sumus,
1869 3615 1934 3669 ad
1975 3630 2054 3670 so-

2156 3621 2420 3685 Καύσεως
2446 3621 2505 3674 δὲ
2535 3619 2755 3691 πνεῦμὰ
2787 3633 2968 3689 φαμεν
2992 3617 3091 3688 τὴν
3129 3615 3222 3669 ἐπὶ
3262 3613 3338 3684 τῷ
3370 3610 3510 3682 ἁγίῳ
3538 3608 3738 3680 βαπτίο

476 3708 582 3763 lam
638 3710 824 3764 carnis
876 3709 1331 3780 purificationem,
1377 3708 1828 3777 quemadmodum
1883 3706 2058 3777 inquit

477 3799 671 3855 beatus
702 3798 904 3853 Paulus
925 3799 990 3865 “,
1029 3801 1124 3854 sed
1160 3797 1367 3869 Spiritu
1405 3808 1616 3864 sancto,
1644 3809 1696 3854 et
1722 3798 1846 3868 igne
1875 3800 2057 3853 divino

475 3907 542 3946 ac
566 3890 916 3959 intelligibili,
951 3889 1043 3958 qui
1077 3891 1269 3945 sordes
1296 3889 1615 3945 vitiositatis
1651 3889 1702 3943 in
1728 3890 1885 3943 nobis
1904 3889 2059 3943 dete-

478 3983 549 4037 rit
576 3992 629 4036 et
665 3981 921 4044 absumit,
946 3988 1001 4034 et
1046 3980 1257 4049 peccati
1297 3981 1727 4050 inquinationem
1780 3980 1953 4048 liquat
2001 3989 2056 4036 et

471 4073 745 4143 excoquit.
783 4070 937 4127 llunc
970 4071 1278 4127 Servatoris
1320 4072 1610 4127 adventurm
1648 4071 1800 4127 nobis
1837 4082 1889 4127 et
1918 4072 2059 4127 alter

474 4180 693 4236 quoque
721 4180 751 4219 e
780 4166 987 4219 sanctis
1015 4164 1292 4234 prophetis
1317 4165 1755 4234 praesignilicavit
1783 4165 2055 4236 inquiens:

482 4276 500 4307 ο
525 4255 659 4324 Quia
683 4271 811 4311 ecce
839 4256 1150 4327 egredietur
1170 4256 1326 4325 quasi
1365 4255 1508 4325 ignis
1541 4256 1796 4321 fornacis.
1824 4270 1876 4313 et
1900 4257 2055 4328 quasi

477 4350 642 4403 herba
683 4348 941 4413 latorum,
971 4358 1026 4404 et
1074 4348 1325 4419 purgabit
1370 4346 1656 4403 coniiaudo
1677 4350 1834 4418 quasi
1862 4365 2056 4422 argen-

481 4451 593 4493 tum
621 4450 676 4493 et
708 4440 860 4510 quasi
892 4456 1084 4496 aurum
1112 4441 1213 4494 “.a
1245 4442 1320 4495 De
1345 4437 1549 4495 ludais
1577 4442 1724 4495 enim
1752 4442 1842 4512 qui
1872 4443 2056 4498 inobe-

477 4531 699 4585 «tientia:
754 4530 1210 4587 crimini‘aﬂincs
1269 4541 1685 4601 permanserunt
1736 4549 1751 4585 :
1802 4551 1822 4585 ι
1852 4532 2057 4590 Deiecit

478 4620 644 4689 follis,
670 4639 690 4673 ι
726 4620 919 4691 inquit,
947 4637 972 4675 ι
999 4622 1068 4676 ab
1106 4623 1264 4692 igne;
1310 4621 1509 4677 defecit
1543 4622 1841 4691 plumbum,
1876 4625 1928 4678 in
1966 4640 2058 4679 να-

479 4728 608 4765 num
647 4711 800 4768 faber
824 4725 1105 4781 argentum
1132 4715 1329 4770 confiat
1361 4734 1377 4771 :
1414 4716 1633 4771 malitia:
1662 4730 1851 4771 eorum
1881 4716 2053 4788 lique:

478 4805 639 4859 facta:
677 4814 842 4872 sunt;
866 4817 1149 4876 argentum
1191 4810 1540 4878 reprobatmn
1570 4817 1759 4865 vocate
1782 4824 1898 4877 eos,
1929 4811 2054 4880 quia

480 4898 791 4969 reprobavit
838 4913 934 4953 eos
988 4898 1249 4954 Dominus
1275 4900 1342 4956 “.
1368 4921 1390 4955 ι
1440 4902 1497 4957 1η
1542 4903 1700 4959 nobis
1736 4913 1916 4958 autem
1963 4904 2053 4972 qui

481 4990 834 5055 credidimus,
861 5006 965 5045 non
1008 4991 1059 5046 in
1092 4991 1304 5046 irritum
1333 4992 1772 5051 laboravitfaber
1800 5004 2057 5063 argenta-

478 5087 614 5147 rius,
644 5097 821 5153 neque
865 5082 1061 5138 defecit
1112 5082 1255 5139 follis
1297 5086 1365 5141 ab
1420 5087 1563 5158 igne,
1598 5102 1696 5143 nec
1741 5087 2054 5158 plumbum;

479 5174 689 5243 purgati
726 5174 871 5228 enim
910 5189 1100 5230 sumus
1139 5176 1192 5229 in
1226 5176 1420 5247 Spiritu
1472 5177 1657 5246 indicii
1697 5178 1832 5232 etin
1867 5178 2057 5247 spiritu

479 5265 712 5319 ardoris.
735 5265 887 5333 Quod
909 5267 954 5321 si
978 5267 1098 5337 quis
1124 5267 1253 5323 velit
1273 5268 1453 5324 dicere
1471 5269 1840 5340 purgationem
1869 5269 1920 5322 in
1944 5268 2057 5337 spio

479 5353 585 5405 ritu
606 5354 792 5420 judicii
825 5367 879 5412 et
897 5358 1088 5428 spiritu
1115 5360 1502 5415 combustionis
1527 5360 1580 5414 iu
1608 5359 1831 5414 Judaico
1858 5359 2059 5430 populo

481 5442 678 5495 tactam
704 5459 828 5501 esse
854 5464 950 5518 per
981 5450 1323 5508 calamitates
1364 5452 1608 5518 bellicas,
1633 5461 1686 5506 et
1713 5464 1812 5520 per
1836 5466 1897 5505 ea
1934 5466 2056 5521 quae

479 5530 627 5601 passi
662 5543 791 5586 sunt
837 5537 1089 5608 (purgant
1127 5541 1271 5598 enim
1318 5549 1373 5597 et
1400 5543 1695 5598 emumlant
1721 5541 2050 5613 punitiones,

2158 3728 2322 3782 σματι
2353 3711 2533 3783 χάριν,
2565 3711 2629 3764 οῦ
2657 3707 2778 3780 δίχα
2807 3707 3122 3779 ΙΙνεύματος
3159 3709 3217 3760 ἐν
3251 3706 3382 3776 ήμῐν
3420 3700 3740 3773 γινομένην.

2157 3800 2580 3871 Βεϐαπτίτμεθα
2633 3801 2731 3871 μὲν
2786 3799 2899 3871 γὰρ
2949 3799 3051 3851 οῦκ
3100 3798 3159 3850 ἐν
3194 3795 3348 3848 ῦδατι
3381 3791 3595 3864 γυμνῷ,
3622 3790 3741 3843 ἀλλ’

2157 3892 2279 3946 οὐδὲ
2311 3891 2492 3962 σποδῷ
2524 3890 2827 3960 δαμάλεως,
2861 3886 3260 3961 ἐρραντίσμεθα
3294 3886 3353 3939 δέ
3387 3883 3522 3956 πρὸς
3568 3882 3743 3953 μόνην

2154 3983 2254 4055 τὴν
2280 3983 2375 4055 τῆς
2404 3982 2607 4051 σαρκὸς
2640 3980 3010 4053 καθαρότητα,
3042 3979 3186 4034 καθά
3213 3993 3375 4049 φησιν
3404 3978 3433 4029 6
3464 3976 3743 4047 μακάριος

2157 4073 2390 4140 Παῦλος,
2421 4073 2537 4127 ἀλλ’
2563 4075 2621 4128 ἐν
2649 4074 2932 4143 Πνεύματι
2977 4071 3136 4141 ἁγίῳ,
3166 4072 3260 4125 καὶ
3309 4069 3442 4141 πυρὶ
3484 4066 3563 4139 τῷ
3605 4066 3743 4145 θείῳ

2157 4169 2252 4220 καὶ
2275 4165 2470 4237 νοητῷ,
2500 4167 2628 4230 τοὺς
2674 4166 2775 4237 τῆς
2814 4165 2874 4218 ἐν
2910 4167 3044 4236 ἡμῖν
3074 4164 3404 4234 φαυλότητος
3426 4158 3743 4214 δαπανῶντι

2158 4258 2380 4329 ῥύπους,
2399 4258 2602 4312 καὶτὸν
2626 4260 2690 4312 ἐκ
2705 4258 2805 4330 τῆς
2828 4258 3101 4330 ἁμαρτίας
3122 4257 3408 4329 ἐκτήκοντι
3440 4250 3739 4326 μολυσμόν.

2157 4352 2426 4426 Τοιαύτην
2471 4354 2604 4425 ἡμῖν
2650 4352 2746 4407 τοῦ
2797 4353 3044 4424 Σωτῆρος
3070 4351 3169 4422 τὴν
3200 4350 3382 4420 ἄφιξιν
3416 4348 3513 4403 καὶ
3552 4348 3743 4422 ἕτερος

2085 4475 2131 4531 Β
2156 4446 2264 4501 τῶν
2332 4446 2504 4515 ἁγίων
2577 4444 2872 4517 προφητῶν
2942 4443 3474 4514 προκαταμεμήνυκε
3522 4440 3739 4511 λέγων·

2160 4540 2315 4592 «Ὅτι
2360 4537 2473 4591 ἰδοὺ
2500 4537 2662 4600 αὐτὸς
2693 4534 3070 4608 εἰσπορεύεται
3096 4535 3172 4600 ὡς
3206 4534 3318 4606 πῦρ
3342 4533 3736 4605 χωνευτηρίου,

2154 4632 2248 4697 καὶ.
2274 4628 2351 4692 ὡς
2382 4627 2489 4682 πόα
2518 4626 2847 4691 πλυνόντων,
2884 4627 2979 4681 καὶ
3006 4623 3271 4679 καθιείται
3297 4623 3548 4695 χωνεύων
3566 4622 3645 4688 ὡς
3676 4623 3744 4678 ἐδ

2153 4719 2414 4791 ἀργύριον
2437 4717 2533 4773 καὶ
2556 4717 2633 4781 ὡς
2657 4718 2717 4771 τὸ
2740 4716 2981 4790 χρυσίον.
3010 4737 3040 4769 ι.
3057 4718 3190 4789 napi.
3214 4717 3315 4787 μὲν
3345 4716 3454 4788 γὰρ
3475 4716 3586 4768 τῶν
3615 4717 3744 4769 Ἰου-

2152 4810 2338 4872 δαίων,
2362 4808 2411 4863 οἳ
2462 4810 2556 4862 καὶ
2601 4812 2713 4873 τοῖς
2755 4812 2855 4880 τῆς
2880 4808 3162 4872 ἀπειθείας
3194 4808 3534 4879 ἐγκλήμασιν
3561 4807 3742 4879 ἔνοχοι

2163 4903 2554 4974 μεμενήκασιν·
2582 4920 2600 4953 ι
2621 4900 2921 4968 Ἐξέλιπε,›
2946 4900 3129 4972 quem
3155 4899 3526 4972 φυσητὴράπὸ
3543 4900 3743 4972 πυρὸς,

2161 4993 2374 5059 ἐξέλιπε
2391 4992 2661 5064 μόλιϐδος,
2678 4995 2758 5058 είς
2780 4996 2932 5049 κενὸν
2950 4994 3323 5067 ἀργυροκόπος
3344 4994 3739 5067 ἀργυροκοπεῖ.

2159 5086 2421 5159 Πονηρίαι
2450 5086 2629 5140 αὐτῶν
2664 5087 2765 5140 ούκ
2793 5087 3065 5157 ὲτάκησαν
3083 5102 3098 5116 ’
3135 5085 3397 5158 ἀργύριον
3420 5083 3708 5140 ἀποδεδοκι
3726 5112 3750 5128 ι-

2161 5179 2441 5251 μασμένον
2465 5178 2732 5233 καλέσατε
2762 5180 2978 5245 αὐτοὺς,
3000 5181 3083 5235 ὅτι
3116 5178 3517 5250 ἀπεδοκίμασεν
3538 5177 3741 5241 αὐτοὺς

2161 5269 2384 5341 Κύριος.
2416 5289 2434 5322 ι
2476 5270 2592 5341 Ἐφ’
2620 5273 2752 5343 ήμϊν
2797 5270 2855 5325 δὲ
2902 5274 3015 5337 τοῖς
3057 5272 3498 5337 πεπιστευκόσιν,
3524 5270 3625 5324 οὐκ
3655 5270 3742 5332 εἰς

2160 5363 2317 5417 κενὸν
2371 5364 2701 5420 κεκοπίακεν
2749 5365 3156 5436 ἀργυροκόπος.
3191 5364 3315 5418 οὔτε
3369 5364 3477 5437 μὴν
3521 5362 3739 5428 ἐξέλιπε

2163 5457 2414 5530 φυσητὴρ
2442 5456 2549 5511 ἀπὸ
2575 5457 2745 5530 πυρὸς
2773 5459 2804 5529 ἢ
2834 5457 3102 5529 μόλιϐδος,
3134 5456 3525 5530 κεκαθάρμεθα
3549 5456 3659 5527 γὰρ
3677 5454 3741 5509 ἐν

2159 5548 2431 5618 πνεύματι
2462 5549 2693 5623 κρίσεως
2718 5550 2813 5604 καὶ
2838 5551 2895 5603 ὲν
2921 5549 3188 5622 πνεύματι
3209 5552 3478 5614 καύσεως.
3504 5551 3568 5604 Ei
3591 5547 3652 5602 δὲ
3670 5545 3740 5619 δὴ

549 5687 597 5719 ⁸⁸
626 5687 748 5742 Act.
784 5704 864 5754 Ill,
894 5690 978 5747 li.
1020 5694 1068 5726 "
1100 5696 1256 5763 ibid.,
1283 5701 1349 5753 l7
1377 5716 1529 5772 seqq.
1567 5701 1781 5757 “Joan.
1804 5704 2005 5770 xn,3l.
2048 5705 2090 5738 "
2115 5703 2278 5762 llcbr.
2306 5721 2380 5775 ix,
2406 5706 2491 5772 l5,
2525 5706 2609 5761 ll.
2653 5707 2698 5739 ⁶²
2722 5705 2950 5764 Malach.
2973 5704 3124 5779 "1,2,
3149 5709 3202 5767 ὅ.
3242 5710 3292 5744 ³³
3310 5650 3511 5768 larem.
3540 5703 3731 5776 ",59.
