4012 6216
515 283 617 353 ιξιι

1530 274 1588 330 S.
1630 269 1903 329 CYRILLI
1944 266 2419 324 ALEXADDRINI
2459 267 2729 325 ACHIEP.

3652 258 3766 311 480

519 399 596 453 tio
620 396 864 467 quedam
887 404 970 453 est
988 408 1081 451 seu
1098 395 1278 458 limes,
1294 402 1343 449 et
1364 390 1712 449 dicendorum
1729 386 2085 459 praescriptio.

2201 386 2390 442 λόντων
2424 388 2452 440 6
2485 386 2698 458 πρῶτος
2727 386 2792 440 ἂν
2819 385 2904 456 εἴη
2936 381 3029 439 τοῦ
3061 378 3420 453 προκειμένου
3460 375 3657 467 στίχος.
3695 371 3767 427 Τί

514 488 656 557 Quid
700 488 844 544 enim
882 496 1103 542 acturus
1128 486 1200 540 sit
1230 485 1517 555 propheta,
1554 480 1833 538 subinnuit
1856 480 2081 533 dicens:

517 580 757 635 Cantaho
801 579 997 634 dilecto
1046 593 1203 632 meo:
1262 577 1315 631 id
1358 583 1439 632 est
1466 615 1481 641 ,
1521 575 1759 630 Christo.
1817 571 1909 627 Sic
1941 570 2084 625 enim

520 673 677 725 nobis
727 685 847 725 eum
887 677 942 722 et
969 668 1109 723 Deus
1134 677 1189 722 et
1224 667 1386 722 Pater
1415 666 1734 729 nominavit,
1764 678 1890 718 eum
1916 661 2083 716 dicit:

525 781 543 815 ι
574 763 668 817 Hic
689 770 771 816 est
800 759 966 815 Filius
986 775 1134 815 meus
1163 760 1411 821 dilectus,
1443 758 1495 811 in
1520 772 1626 826 quo
1652 753 1936 823 conquievi
1969 752 2035 804 ".
2061 768 2080 803 ι

520 852 767 921 Nunquid
784 866 935 921 ergo,
954 865 987 906 o
1000 852 1280 920 prapheta,
1297 849 1569 920 781mm
1589 860 1770 901 vocem
1786 840 2088 898 audiemus?

520 955 574 1000 et
589 960 649 999 ex
669 943 775 998 tuis
793 942 920 997 solis
943 942 1356 1011 cogitationibus
1370 938 1532 993 verba
1550 936 1804 992 emuuut?
1821 935 1889 989 At
1905 943 2087 1002 specta

520 1048 776 1105 quorsum
793 1033 909 1087 eda:
924 1046 1137 1101 sc0pus,
1166 1038 1221 1085 et
1244 1028 1373 1100 quid
1394 1028 1696 1098 eloquatur.
1727 1024 1861 1091 Etsi,
1891 1021 2086 1092 inquit,

520 1139 616 1195 per
658 1139 744 1179 me
779 1124 1043 1178 habeatur
1080 1137 1259 1178 sermo
1291 1121 1399 1185 hic,
1435 1136 1539 1174 non
1566 1127 1649 1174 est
1683 1131 1854 1183 meus,
1879 1116 1971 1171 sed
2006 1122 2089 1169 est

522 1217 720 1272 dilecti.
749 1216 1045 1271 Confectus
1079 1223 1162 1268 est
1191 1223 1371 1267 autem
1397 1212 1462 1267 de
1493 1210 1687 1266 dilecto
1717 1210 1885 1262 vinea:
1914 1220 2044 1260 mea:
2069 1222 2085 1260 :

522 1323 643 1374 seu,
680 1318 738 1361 ut
787 1306 877 1362 alii
925 1306 1253 1375 interpretes
1294 1304 1500 1369 dicunt,
1534 1303 1599 1357 de
1628 1302 1779 1354 vinea
1821 1299 1957 1369 ejus.
1992 1296 2085 1351 Sin

522 1407 699 1453 autem
752 1396 817 1451 de
874 1396 1031 1449 vinea
1086 1408 1205 1448 mea
1244 1392 1480 1457 dixerit,
1520 1405 1624 1444 non
1662 1390 1776 1443 haec
1829 1387 2085 1455 loquitur,

525 1490 667 1560 quod
716 1488 886 1559 ipsius
913 1496 1060 1542 esset
1086 1486 1262 1550 vinea,
1296 1482 1387 1538 sed
1415 1482 1556 1551 quod
1584 1480 1697 1549 ipse
1727 1494 1866 1533 unus
1899 1479 1969 1534 sit
1998 1492 2090 1532 eo—

526 1595 643 1633 rum
693 1580 784 1648 qui
826 1578 878 1630 in
908 1578 1061 1630 vinea
1094 1584 1463 1630 recensentur.
1489 1570 1859 1626 lnvenerimus
1887 1569 2087 1624 etenim

446 1678 453 1681 '
526 1670 815 1738 praphetas
846 1668 1010 1721 etiam
1043 1668 1110 1720 de
1159 1664 1355 1733 popqu
1397 1662 1489 1716 Dei
1527 1660 1784 1728 ejusmodi
1820 1659 2086 1715 interdum

2192 478 2300 546 γὰρ
2339 476 2588 547 βούλεται
2613 476 2745 546 δρᾷν
2775 478 2804 530 6
2836 475 3117 547 προφήτης
3140 467 3524 539 ὑποσημαίνει,
3558 464 3766 532 λέγων·

2195 567 2348 639 ’ᾼσω
2377 567 2441 638 δὴ
2468 566 2546 637 τῷ
2571 566 2908 639 ἠγαπημένῳ
2932 580 2949 598 ο
2989 562 3132 617 τοῦτ’
3173 560 3289 614 ἐστι
3324 554 3562 629 Χριστῷ.
3583 554 3803 643 Αοῦτωέ

2192 660 2301 731 γὰρ
2336 659 2471 729 ἡμῖν
2512 657 2673 710 αὐτὸν
2700 656 2794 710 καὶ
2820 657 2850 708 ό
2880 653 3011 716 Θεὸς
3045 651 3138 704 xui.
3166 646 3359 718 Πατὴρ
3388 641 3634 731 ὠνόμαζε
3677 640 3774 696 λέ-

2192 725 2323 817 ὴωὶν
2352 725 2565 808 (Οὗτός
2588 746 2732 799 ἐστιν
2757 745 2784 797 6
2804 743 2929 807 Υἱός
2955 759 3056 814 μου
3078 741 3106 793 6
3126 737 3433 808 ἀγαπητὸς,
3462 735 3520 786 ὲν
3536 725 3581 800 ᾧ
3602 732 3774 803 ηὖδὸο

2193 856 2355 910 κησα.
2390 857 2408 891 ι
2439 833 2563 908 'Ap'
2597 833 2707 902 οὖν,
2744 829 2790 889 ὦ
2822 834 3096 906 προφῆτα,
3124 831 3223 900 τῆς
3264 829 3363 899 σῆς
3403 822 3773 893 ἀκουσὼμευα

2193 928 2413 998 φωνῆςς
2449 928 2542 980 καὶ
2569 924 2644 988 ὡς
2673 927 2737 978 ὲκ
2776 923 2950 995 μόνων
2975 921 3081 974 τῶν
3119 919 3226 973 σῶν
3254 917 3470 971 ἐννοιῶν
3499 913 3775 968 ἀναδύου-

2195 1035 2277 1071 σιν
2297 1018 2347 1070 οἱ
2377 1017 2558 1085 λόγοις
2599 1014 2784 1085 βλέπει
2811 1013 2868 1067 δὲ
2902 1014 3023 1068 ὅποι
3057 1011 3261 1083 φράσον
3294 1010 3393 1079 τῆς
3412 1008 3555 1080 ᾠδῆς
3580 1009 3610 1061 6
3638 1021 3777 1059 σκο-

2194 1111 2315 1173 πός.
2357 1107 2563 1163 Οὐκοῦν
2600 1109 2648 1160 εἰ
2688 1106 2782 1161 καὶ
2808 1106 2873 1159 δι’
2903 1104 3060 1176 ἐμοῦ,
3089 1104 3275 1174 φησὶν,
3303 1100 3416 1155 ἀλλ’
3445 1101 3545 1153 οὐκ
3579 1097 3715 1169 ἐμὸς
3744 1098 3776 1153 ὀ

2192 1199 2367 1269 λόγος,
2399 1196 2509 1253 ἀλλ’
2539 1200 2653 1251 ἔστι
2684 1196 2776 1251 τοῦ
2815 1194 3121 1267 ἀγαπητοῦ
3144 1192 3435 1262 πεποίηται
3467 1190 3523 1245 δὲ
3563 1190 3659 1242 ἐπὶ
3693 1188 3776 1259 τῷ

2193 1290 2460 1361 ἀγαπητῷ
2482 1288 2759 1360 ἀμπελῶνί
2788 1304 2911 1358 μουο
2935 1285 2991 1357 ἢ,
3015 1284 3160 1339 καθά
3187 1299 3348 1353 φασιν
3376 1282 3427 1335 oi.
3455 1282 3631 1352 ἕτεροι
3659 1279 3776 1333 τῶν

2195 1379 2564 1453 ἑρμηνευτῶν,
2594 1377 2672 1448 τῷ
2705 1373 2986 1446 ἀμπελῶνι
3009 1372 3192 1427 αὐτοῦ.
3222 1372 3284 1426 El
3312 1371 3369 1423 δὲ
3397 1370 3461 1443 δὴ
3489 1372 3585 1423 καὶ
3615 1371 3777 1439 λέγοι

2195 1474 2287 1527 ἐπὶ
2312 1472 2389 1542 τῷ
2412 1468 2692 1541 ἀμπελῶνί
2715 1485 2838 1540 μου,
2869 1467 2969 1536 οὐχ
2995 1465 3067 1529 ὠς
3089 1463 3249 1519 αὑτοῦ
3277 1461 3438 1534 τυχὸν
3468 1461 3561 1515 τοῦ
3585 1461 3779 1532 ἀμπε-

2194 1562 2357 1627 λῶνος
2406 1562 2555 1624 ὄντος
2600 1559 2669 1613 τὰ
2706 1558 2883 1614 τοιάδε
2924 1557 3108 1629 φησὶν,
3143 1555 3256 1610 ἀλλ’
3282 1555 3358 1620 ὡς
3385 1554 3644 1626 ὑπάρχων
3692 1549 3781 1619 εἷς

2193 1652 2302 1706 τῶν
2349 1651 2641 1705 τελούντων
2685 1651 2765 1715 εἰς
2802 1649 2892 1703 τὸν
2935 1647 3252 1720 ἀμπελῶνα..
3296 1646 3613 1719 Εύρήσομεν
3659 1645 3780 1716 γάρ

527 1736 749 1811 vocibus
804 1756 900 1808 uti.
954 1753 1197 1824 Exempli
1250 1768 1435 1818 causa,
1479 1752 1739 1822 prepheta
1789 1749 2087 1806 Jeremias:

2201 1746 2319 1807 τοὺς
2372 1743 2677 1813 προφήτας,
2730 1741 2823 1794 καὶ
2868 1739 2960 1792 ἐπὶ
3011 1736 3104 1792 τοῦ
3154 1737 3283 1790 λαοῦ
3331 1736 3423 1790 τοῦ
3467 1736 3599 1789 Θεοῦ
3646 1737 3783 1799 ταῖς

530 1864 550 1896 ι
591 1845 722 1911 Quis
754 1844 902 1899 dabit
933 1844 1061 1897 mihi
1094 1844 1147 1896 in
1191 1843 1483 1897 solitudine
1522 1842 1788 1911 tugurium
1819 1841 2092 1907 ultimum,

527 1945 581 1988 et
598 1936 841 1988 deseram
864 1934 1118 2002 populum
1148 1948 1351 1998 meum,
1379 1942 1433 1988 et
1457 1934 1730 1988 discedam
1751 1934 1818 1988 ab
1837 1932 1942 1987 illis
1963 1932 2047 1987 “'l
2070 1952 2089 1986 ι

530 2025 693 2091 Quasi
725 2023 1030 2077 enim‘unus
1064 2025 1134 2078 sit
1162 2037 1191 2077 e
1226 2024 1443 2093 papulo,
1480 2024 1732 2093 populum
1767 2039 1920 2078 suum
1944 2024 2093 2090 dicit,

529 2117 792 2185 sanguine
826 2114 1077 2168 nimirum
1106 2124 1158 2169 et
1182 2129 1377 2185 genere
1408 2117 1756 2186 propinquos.
1782 2116 1973 2171 Cantat
2001 2116 2100 2170 ita-

528 2220 633 2272 que
667 2204 926 2272 propheta
965 2203 1207 2269 dilecto;
1241 2202 1445 2256 dictum
1474 2213 1653 2257 autem
1686 2214 1768 2258 est
1789 2218 2005 2260 carmen
2032 2204 2100 2260 de

528 2294 687 2346 vinea
727 2292 941 2355 dilecta,
990 2291 1042 2345 id
1089 2301 1194 2356 est,
1226 2292 1464 2347 Israelis.
1497 2291 1769 2363 Scriptum
1798 2295 1940 2349 enim
1970 2303 2095 2350 est:

536 2400 555 2431 ι
596 2381 764 2437 Vinea
823 2381 1033 2436 Domini
1080 2380 1319 2436 Sabaoth
1372 2383 1531 2437 homo
1557 2381 1714 2451 Juda,
1752 2384 1987 2454 plantula
2019 2386 2098 2440 di-

529 2471 668 2528 lecta
715 2473 778 2529 ".
826 2490 845 2525 ι
886 2472 1021 2540 Quid
1057 2484 1238 2527 autem
1295 2472 1455 2540 hujus
1500 2474 1756 2529 carminis
1797 2483 1947 2528 tenor
1978 2474 2102 2530 velit

533 2566 844 2631 ostendere,
876 2580 941 2619 ea
975 2566 1383 2637 insequentibus
1404 2564 1783 2635 intelligemus.

605 2741 769 2797 Vtas.
797 2742 852 2797 2.
897 2740 1057 2797 Vinea
1085 2742 1228 2813 facta
1260 2753 1334 2797 est
1368 2744 1580 2810 dilecto,
1616 2743 1669 2796 in
1692 2758 1875 2810 cornu,
1902 2742 1959 2797 in
1986 2741 2101 2796 loco

532 2835 728 2904 Opima.
756 2834 819 2888 Et
842 2849 1009 2900 sepem
1039 2834 1378 2899 circumdedi,
1407 2843 1454 2888 et
1488 2833 1762 2899 obvallavi,
1792 2842 1839 2887 et
1869 2832 2103 2900 plantavi

534 2926 684 2979 vitem
743 2922 923 2992 Sorec,
975 2934 1023 2979 et
1067 2925 1323 2993 (ldiﬁcari
1366 2926 1558 2979 turrim
1593 2925 1648 2979 in
1692 2926 1862 2979 medio
1890 2925 2023 2996 ejus,
2054 2933 2101 2978 et

441 3054 444 3065 .
537 3017 771 3073 torcular
793 3017 904 3086 fodi
929 3017 985 3083 in
1011 3034 1093 3083 ea,
1136 3029 1183 3072 et
1219 3019 1512 3087 exspectavi
1538 3030 1592 3071 ut
1640 3017 1798 3088 ferret
1850 3034 1994 3083 uuas,
2039 3033 2102 3071 ac

537 3107 757 3176 protulit
788 3107 985 3172 spinas.

607 3282 808 3337 lsraele
854 3299 974 3337 cum
1028 3284 1180 3337 vinea
1236 3285 1454 3349 collato,
1491 3286 1731 3355 persistit
1760 3286 1812 3339 in
1842 3300 1905 3340 ea
1940 3297 2108 3342 meta-

536 3375 726 3443 phora'
755 3388 850 3442 per
896 3382 1062 3428 totam
1093 3375 1416 3430 orationem.
1451 3395 1470 3428 ι
1510 3377 1640 3431 Erat
1676 3378 1839 3445 igitur
1868 3378 2042 3443 vinea,
2084 3395 2102 3430 ι

541 3461 738 3531 inquit,
776 3481 795 3514 ι
859 3463 1077 3530 dilecto,
1109 3463 1160 3516 in
1192 3479 1382 3528 cornu,
1422 3465 1472 3518 in
1506 3465 1624 3519 loco
1653 3466 1851 3535 Opinio.
1889 3485 1907 3517 ι
1944 3466 2110 3521 Aiunt

540 3553 814 3607 nonnullis
862 3553 1222 3623 interpretum
1280 3555 1415 3609 satis
1465 3556 1663 3620 videri,
1712 3556 1755 3608 si
1802 3557 2019 3611 dicant:
2052 3557 2106 3611 lu

541 3644 659 3699 loco
691 3645 896 3713 opimo,
927 3646 1080 3714 quasi
1126 3661 1294 3701 cornu
1327 3647 1485 3702 nobis
1512 3648 1654 3702 aliud
1682 3649 1932 3717 quiddam
1969 3649 2111 3703 desi-

539 3741 753 3803 gnaret.
797 3732 1082 3790 Nonnullis
1130 3746 1309 3790 autem
1360 3737 1530 3808 placet
1591 3739 1644 3793 in
1702 3753 1870 3792 conm
1913 3738 2112 3793 intelli-

540 3837 693 3893 gere,
727 3823 883 3892 quasi
934 3824 1027 3878 Dei
1077 3825 1275 3880 virtute
1315 3834 1371 3880 et
1418 3828 1679 3895 potentia.
1722 3826 1855 3881 Nam
1906 3829 2113 3897 accepit

542 3913 707 3969 Israel
770 3921 967 3967 terram
1018 3916 1398 3981 promissionis
1454 3919 1872 3982 hmreditariam,
1931 3919 2110 3973 divina

542 4017 645 4071 ope
679 4002 764 4058 his
792 4004 950 4057 victis
986 4005 1076 4072 qui
1104 4004 1231 4058 olim
1263 4020 1382 4059 eam
1425 4007 1819 4064 inhabitarunt.
1848 4008 2110 4076 Quocirca

546 4095 843 4163 alloquitur
892 4090 1067 4163 ipsum
1124 4094 1179 4149 in
1215 4097 1630 4166 quadragesimo
1659 4101 1820 4155 tertio
1852 4102 2061 4171 psalmo
2096 4122 2109 4158 :

549 4206 568 4240 ι
607 4188 661 4241 1η
721 4196 774 4242 te
819 4187 1070 4243 inimicos
1101 4197 1315 4243 nostros
1344 4202 1514 4243 cornu
1549 4191 1951 4259 ventilabimus,
1977 4203 2032 4250 et
2056 4194 2113 4248 in

549 4282 770 4337 nomine
806 4290 896 4335 tuo
922 4295 1240 4351 spernemus
1270 4281 1612 4349 insurgentes
1644 4293 1832 4338 contra
1865 4300 1963 4340 nos
1987 4285 2052 4342 ⁸⁸.
2087 4306 2107 4340 ι

546 4372 791 4427 Sumitur
836 4387 998 4441 porro
1031 4388 1197 4428 cornu
1250 4374 1301 4427 in
1334 4374 1510 4426 divina
1543 4373 1818 4443 Scriptura
1842 4392 1939 4446 pro
1959 4377 2114 4432 furti-

548 4464 731 4516 tudine
757 4469 811 4518 et
862 4465 1122 4531 potentia,
1158 4474 1213 4519 et
1246 4464 1413 4531 gloria
1448 4465 1613 4534 regia.-
1647 4464 1800 4520 Licet
1827 4469 1990 4538 igitur
2016 4483 2115 4522 au-

546 4553 664 4606 dire
715 4552 928 4606 beatum
978 4552 1188 4617 David,
1236 4555 1502 4608 interdum
1555 4556 1821 4612 dicentem
1863 4560 2021 4613 veluti
2057 4561 2112 4614 in

550 4658 780 4712 persona
810 4643 938 4712 justi
972 4645 1208 4713 cujusvis
1238 4663 1252 4699 :
1292 4663 1310 4697 ι
1348 4646 1617 4701 Εγοιιειιιι·
1641 4649 1810 4705 instar
1837 4652 2113 4707 unicornis

549 4751 717 4788 cornu
770 4750 947 4789 meum
999 4735 1042 4767 "
1073 4751 1088 4797 ;
1122 4753 1141 4787 ι
1204 4736 1470 4791 interdum
1506 4740 1668 4794 etiam
1723 4743 1789 4797 de
1843 4743 2108 4798 Christo:

556 4844 575 4876 ι
612 4825 791 4879 Cornu
824 4823 945 4893 ejus
975 4824 1252 4880 attolletur
1285 4827 1526 4897 ingloria
1563 4830 1633 4884 "°.
1672 4849 1691 4884 ι
1730 4831 2115 4901 Splendidissi-

553 4926 697 4963 mum
728 4912 926 4980 quippe
954 4911 1064 4982 79
1094 4922 1178 4966 est
1203 4927 1430 4985 regumn
1462 4917 1688 4977 Christi.
1713 4920 1959 4992 Opimam
1986 4938 2114 4979 vero

553 5017 672 5056 esse
694 5011 889 5055 terram
915 5002 1305 5070 promissionis,
1339 5015 1627 5064 attestatur
1642 5012 1917 5081 Scriptura
1937 5027 2111 5067 sacra.

558 5090 765 5159 Ubique
824 5093 967 5146 enim
1017 5108 1135 5148 eam
1189 5108 1346 5152 vocat
1377 5109 1575 5154 terram
1603 5100 1856 5157 ﬂuentem
1890 5104 2030 5159 lacte
2063 5116 2117 5159 ct

2194 1833 2467 1896 τοιαύταις
2493 1833 2602 1886 ἔσθ’
2635 1834 2722 1887 ὅτε
2756 1831 3129 1903 κεχρημένους
3163 1831 3384 1898 φωναῖς.
3415 1822 3538 1883 Οἶον
3566 1830 3594 1881 6
3634 1845 3782 1902 προ-

2198 1925 2374 1994 φήτης
2430 1922 2722 1994 Ἱερεμίας·
2772 1943 2789 1974 ι
2826 1923 2922 1987 Τίς
2976 1921 3137 1975 δώσει
3191 1937 3280 1992 μοι
3327 1921 3385 1973 ὲν
3442 1922 3507 1990 τῇ
3577 1921 3781 1991 ἐρήμῳ

2199 2015 2433 2086 σταθμὸν
2495 2015 2738 2085 ἔσχατον,
2791 2013 2887 2067 καὶ
2943 2013 3255 2081 καταλείψω
3321 2010 3411 2064 τὸν
3455 2009 3585 2064 λαόν
3646 2028 3779 2080 μου,

2198 2108 2291 2162 καὶ
2317 2105 2684 2177 ἀπελεύσομαι
2714 2106 2805 2160 ἀπ’
2836 2104 3051 2171 αύτῶν;
3078 2122 3096 2156 ι
3135 2102 3226 2168 Ὠς
3255 2102 3363 2173 γὰρ
3397 2096 3477 2166 εἷς
3510 2101 3785 2173 ὑπάρχων

2196 2198 2291 2252 τοῦ
2324 2196 2477 2259 λαοῦ.
2507 2196 2634 2251 λαὸν
2661 2194 2852 2249 ἑαυτοῦ
2895 2211 3026 2266 φησι
3077 2193 3202 2258 τοὺς
3239 2194 3361 2246 καθ’
3395 2187 3537 2262 αἷμὰ
3570 2209 3633 2244 τε
3684 2192 3787 2245 καὶ

2199 2291 2353 2361 γένος
2387 2288 2637 2353 οἰκείους.
2678 2287 2827 2359 ’.ᾅδει
2855 2286 3030 2340 τοίνυν
3070 2286 3098 2338 6
3139 2285 3419 2357 προφήτης
3446 2281 3526 2354 τῷ
3553 2284 3784 2354 ἠγαπη-

2203 2381 2368 2453 μένῳ,
2412 2381 2506 2434 καὶ
2555 2379 2700 2432 ἔστιν
2729 2375 2892 2431 αὐτοῦ
2932 2376 2993 2430 τὸ
3032 2371 3182 2448 ᾆσμα
3229 2374 3514 2446 εἰρημένον
3563 2374 3656 2425 ὲπί
3702 2371 3786 2443 τῷ

2200 2471 2479 2543 ἀμπελῶνι
2502 2470 2580 2540 τῷ
2607 2467 2895 2540 ἀγαπητῷ,
2926 2465 3069 2521 τοῦτ’
3102 2466 3239 2531 ἐστι,
3272 2465 3366 2519 τοῦ
3399 2464 3637 2537 Ἰσραήλ.
3679 2464 3789 2518 Γέ·

2200 2580 2440 2636 γραπται
2465 2562 2594 2633 γὰρ,
2624 2562 2705 2614 ὅτι
2730 2580 2749 2612 ι
2774 2560 2828 2615 Ἀ
2839 2558 3059 2631 μπελὼν
3088 2558 3293 2629 Κυρίου
3318 2555 3543 2611 Σαϐαὼθ
3568 2550 3790 2628 ἄνθρω-

2202 2669 2302 2716 πος
2323 2650 2417 2704 τοῦ
2446 2650 2635 2717 Ἰούδα,
2659 2650 2917 2719 νεόφυτον
2939 2649 3127 2718 ὴγαπη
3137 2648 3348 2716 μένον.»
3631 2662 3638 2669 ι

2286 2741 2583 2813 Ἆμπελὼν
2616 2740 2871 2812 ἐγενήθη
2919 2738 2997 2805 τῷ
3035 2736 3417 2810 ἠγαπημένῳ,
3461 2735 3530 2790 ἑν
3558 2734 3786 2804 κέρατι,

2200 2837 2271 2892 ἐν
2330 2838 2490 2903 τόπῳ
2545 2834 2726 2889 πίονι.
2783 2833 2891 2888 Καὶ
2944 2828 3219 2902 φραγμὸν
3280 2828 3619 2894 περιέθηκα,
3678 2826 3784 2880 και

2202 2927 2579 2997 ἐχίιιςάκωσα,
2615 2925 2711 2980 καί
2752 2925 3055 2995 ἐφύτευσα
3101 2921 3376 2991 ἄμπελον
3409 2917 3640 2985 Σωρὴκ,
3682 2915 3787 2970 καί
3846 2937 3861 2942 ⁸

2203 3019 2558 3088 ᾠκοδόμησα
2576 3018 2802 3087 πύργον
2822 3014 2891 3069 ἐν
2912 3013 3078 3085 μέσῳ
3102 3010 3308 3077 αὑτοῦ,
3330 3008 3429 3063 καὶ
3449 3007 3788 3076 προλήνιον

2130 3091 2173 3149 c
2208 3110 2407 3180 ὠρυξα
2437 3110 2507 3163 ἐν
2529 3106 2706 3172 αὐτῷ,
2734 3105 2834 3160 καὶ
2880 3104 3084 3173 ἔμεινα
3120 3098 3226 3157 τοῦ
3264 3098 3511 3169 ποιῆσαι
3544 3113 3786 3166 σταφυο

2204 3199 2345 3265 λὶιν,
2379 3198 2628 3265 ἐποίησε
2653 3194 2720 3248 δὲ
2750 3192 3035 3258 ἀκάνθας.

2290 3287 2597 3358 Ἀμπελῶνι
2646 3286 2985 3356 παρεικάσας
3020 3282 3110 3336 τὸν
3160 3279 3395 3353 Ἰσραὴλ,
3431 3277 3679 3350 ἐπιμένει
3719 3275 3787 3330 δι’

2207 3381 2327 3434 ὅλου
2357 3382 2422 3450 τῇ
2452 3378 2545 3432 τοῦ
2573 3377 2736 3445 λόγου
2773 3376 3073 3446 μεταφορᾷ·
3108 3393 3126 3425 ι
3158 3374 3352 3442 Γέγονε
3391 3369 3590 3434 τοίνυν,
3629 3390 3647 3422 ι
3681 3388 3790 3442 φη-

2212 3472 2316 3533 σιν,
2348 3489 2366 3522 ι
2396 3467 2657 3541 ἀμπελὼν
2696 3467 2776 3539 τῷ
2805 3470 2995 3537 ὴγαπη
3008 3464 3173 3536 μένῳ,
3198 3465 3256 3516 ἐν
3298 3462 3510 3533 κέρατι,
3539 3463 3599 3538 ἐν
3634 3464 3788 3532 τόπῳ

2210 3565 2376 3619 πίονι.
2410 3582 2427 3614 ι
2452 3563 2586 3615 Φασὶ
2600 3561 2726 3624 τοὺς
2748 3560 2970 3634 ἑτέρους
2994 3559 3102 3611 τῶν
3132 3556 3479 3630 έρμηνευτῶν
3510 3556 3788 3627 άρκεσϐἦ-

2210 3672 2297 3709 ναι
2328 3656 2408 3725 τῷ
2425 3654 2597 3707 εἰπεῖν
2636 3654 2693 3706 ἐν
2728 3651 2877 3720 τόπῳ
2923 3649 3085 3715 πίονι,
3125 3649 3202 3713 ὡς
3247 3647 3338 3702 τοῦ
3381 3646 3605 3718 κέρατος
3649 3648 3787 3716 ἡμῖν

2209 3747 2360 3800 οὐδὲν
2400 3747 2606 3818 ἕτερον,
2653 3743 2688 3814 ἢ
2740 3742 2896 3796 τοῦτο
2943 3741 3074 3795 αὐτὸ
3122 3741 3493 3811 σημαίνοντος.
3546 3741 3705 3792 Δοκεῖ
3729 3738 3786 3791 δέ

2211 3853 2352 3890 τισιν
2384 3836 2443 3887 τὸ
2473 3835 2547 3899 ὡς
2567 3838 2624 3888 ὲν
2646 3834 2835 3906 κέρατι
2859 3835 3018 3899 νοεῖν,
3052 3833 3127 3897 ὡς
3154 3834 3212 3888 ὲν
3238 3831 3463 3901 δυνάμει
3490 3829 3644 3884 Θεοῦ.
3672 3830 3787 3883 Ke-

2212 3925 2587 3997 κληρονόμηκε
2608 3925 2715 3996 γὰρ
2736 3926 2765 3978 6
2794 3923 3009 3997 Ἰσραὴλ
3035 3923 3136 3993 τῆς
3168 3922 3499 3993 ἐπαγγελίας
3530 3920 3629 3993 τὴν
3656 3921 3786 3990 γῆν,

2210 4018 2337 4081 τοὺς
2366 4015 2534 4069 πάλαι
2569 4014 2960 4086 κατῳκηκότας
2992 4014 3050 4066 ὲν
3084 4013 3221 4083 αὐτῇ
3253 4013 3478 4082 νικήσας
3506 4009 3594 4062 διὰ
3623 4008 3786 4064 Θεοῦ.

2212 4107 2501 4180 Τοιγάρτοι
2528 4106 2660 4176 φησὶ
2693 4106 2830 4177 πρὸς
2863 4104 3047 4170 αὐτὸν,
3080 4106 3138 4158 ὲν
3168 4101 3587 4175 τεσσαρακοστῷ
3615 4101 3792 4172 τρίτῳ

2211 4198 2430 4272 ψαλμιῖγ
2463 4217 2483 4251 ι
2523 4199 2621 4251 Ἔν
2652 4212 2735 4250 σοι
2766 4198 2890 4262 τοὺς
2937 4196 3161 4267 ἐχθροὺς
3204 4195 3359 4267 ἡμῶν
3405 4190 3791 4265 κερατιοῦμεν.

2214 4293 2306 4346 καὶ
2335 4293 2396 4345 ὲν
2422 4290 2501 4361 τῷ
2527 4287 2750 4360 ὀνόματί
2776 4305 2869 4341 σου
2897 4286 3322 4356 ὲξουδενιῦσομεν
3354 4286 3478 4348 τοὺς
3497 4286 3794 4339 ἐπανιστα-

2142 4425 2192 4483 D
2220 4383 2412 4455 μένους
2436 4383 2588 4452 ἡμῖν.
2623 4399 2643 4433 ι
2676 4379 3020 4451 Λαμὸάνεται
3044 4377 3101 4430 δὲ
3122 4376 3183 4429 τὸ
3213 4375 3379 4448 κέρας
3409 4374 3555 4446 παρὰ
3582 4378 3647 4444 τῇ
3670 4374 3795 4447 Θείᾳ

2221 4474 2261 4527 Γ
2265 4477 2438 4547 ραιρῇ,
2471 4476 2551 4536 εἰς
2583 4472 2735 4543 ἰσχὺν
2764 4471 2859 4524 καὶ
2892 4472 2970 4533 είς
2998 4469 3244 4540 δύναμιν,
3271 4470 3363 4521 καὶ
3396 4469 3474 4531 είς
3501 4467 3657 4531 δόξαν
3694 4467 3795 4538 τὴν

2221 4566 2526 4639 βασιλικήν.
2564 4564 2718 4616 Ἐστι
2753 4560 2883 4630 γοῦν
2915 4560 3143 4613 ἀκοῦσαι
3190 4560 3284 4612 τοῦ
3325 4558 3589 4629 μακαρίου
3627 4557 3796 4613 Δαϐὶδ

2220 4658 2351 4711 ποτὲ
2390 4656 2487 4728 μὲν
2517 4654 2784 4722 λέγοντος,
2811 4653 2885 4715 ὡς
2915 4654 2979 4704 ἐκ
3016 4649 3307 4722 προσώπου
3334 4649 3539 4703 δικαίου
3573 4651 3790 4714 παντός’

2226 4766 2245 4800 ι
2266 4746 2642 4817 ’Υψωθὴσεται
2666 4744 2743 4807 ὡς
2772 4744 3138 4814 μονοκέρωτος
3158 4741 3217 4794 τὸ
3248 4742 3413 4813 κέρας
3444 4757 3568 4810 μου·
3606 4760 3625 4793 ι
3663 4741 3794 4796 ποτὶ

2215 4838 2273 4892 δὲ
2299 4837 2458 4890 πάλιν
2494 4837 2622 4906 περὶ
2650 4834 2908 4906 Χριστοῦ·
2954 4852 2972 4884 ι
3010 4834 3083 4885 Τὸ
3120 4833 3289 4900 κέρας
3322 4831 3484 4885 αὐτοῦ
3514 4832 3801 4901 ὑψωθήσεο-

2217 4945 2309 4982 ται
2353 4928 2411 4982 ὲν
2455 4926 2601 4995 δόξῃ.
2646 4945 2664 4978 ι
2707 4924 3148 4996 Περιφανεστάτη
3182 4923 3291 4995 γὰρ
3318 4925 3352 4995 ή
3387 4922 3631 4993 βασιλεία
3668 4923 3807 4991 Χρι-

2219 5018 2510 5073 στοῦ.⁸’οτι
2562 5019 2619 5070 δὲ
2669 5019 2804 5071 πίων
2841 5017 2939 5086 τῆς
2994 5015 3323 5085 ἐπαγγελίας
3369 5018 3402 5086 ή
3453 5014 3545 5085 γῆ,
3578 5032 3799 5085 μεμαρ-

2218 5110 2422 5181 τύρηκε
2449 5108 2510 5161 τὸ
2541 5109 2779 5179 Γράμμα
2804 5108 2862 5162 τὸ
2886 5107 3050 5180 ἱερόν.
3082 5108 3335 5177 Πανταχῆ
3363 5106 3471 5179 γάρ
3498 5104 3666 5176 αὐτὴν
3689 5105 3806 5157 ὀνοο

554 5181 731 5235 melle.
764 5181 1062 5239 Conﬁrmat
1107 5186 1300 5243 deinde
1331 5190 1432 5245 hoc
1468 5193 1678 5247 divinus
1712 5194 1937 5261 Psaltes,
1971 5196 2099 5265 psal-

2225 5201 2384 5273 μάζει
2406 5200 2507 5271 γῆν
2527 5200 2752 5271 ῥέουσαν
2779 5201 2918 5268 γάλα
2945 5202 3037 5255 καὶ
3062 5199 3200 5269 μέλι.
3224 5197 3598 5269 Προσεμπεδοῖ
3622 5196 3680 5248 δὲ
3709 5196 3803 5248 16-

553 5278 670 5328 teus
717 5284 771 5329 et
828 5275 1051 5347 loquens
1108 5279 1174 5334 de
1224 5279 1462 5339 lsraelc:
1507 5302 1526 5335 ι
1567 5284 1738 5341 Vitem
1775 5302 1840 5339 ex
1881 5285 2099 5358 :Egyplt

2221 5289 2377 5358 λόγον
2402 5292 2494 5343 καὶ
2527 5292 2554 5342 ό
2577 5290 2860 5352 θεσπέσιος
2879 5290 3131 5360 Μελῳδδς
3156 5289 3372 5359 ψάλλων
3403 5304 3462 5339 τε
3496 5287 3589 5340 καὶ
3621 5286 3800 5354 λέγων

554 5367 895 5433 transtulisti,
942 5370 1147 5447 eiecisti
1204 5380 1411 5442 gentes,
1446 5385 1499 5429 et
1539 5377 1789 5446 plunlusli
1826 5393 1943 5432 eam
1973 5378 2040 5431 “.
2091 5396 2099 5430 l

2224 5382 2353 5452 περὶ
2379 5381 2471 5435 τοῦ
2500 5382 2732 5453 Ἰσρσὴλπ
2764 5399 2782 5433 ι
2812 5381 3092 5451 ’Ἄμπελον
3133 5382 3193 5448 ἐξ
3220 5379 3498 5449 Αἰγύπτου
3535 5379 3797 5450 μετῆρας,

626 5542 671 5574 ⁵³
701 5540 889 5597 Matth.
919 5561 999 5610 nt,
1029 5549 1114 5603 t7.

555 5609 599 5643 ﬂ
626 5553 999 5643 :f‘l'allltllt'l,
1022 5553 1114 5643 (1‘7.
1216 5554 1261 5585 “
1286 5553 1484 5611 Jerczn.
1520 5569 1596 5619 Ix,
1617 5554 1670 5608 ξ.
1765 5556 1808 5587 ⁸⁷
1840 5555 1942 5610 isa.
1972 5572 2020 5623 ν,
2053 5557 2099 5613 7.

2210 5560 2255 5593 ⁸⁸
2292 5559 2426 5615 Psal.
2466 5576 2622 5625 nm,
2652 5560 2706 5616 6.

632 5611 772 5668 PSnI.
810 5628 993 5683 Lutx,
1022 5620 1074 5670 9.

2804 5559 2850 5592 ⁶⁹
2874 5558 3015 5615 Psal.
3051 5576 3149 5624 xm,
3188 5561 3268 5615 il.
3349 5562 3395 5595 τ’
3429 5558 3571 5615 Psal.
3596 5577 3713 5627 ut,
3741 5563 3796 5618 9.

2122 5752 2152 5763 ’ς
