4032 6214
472 301 590 383 iss

1501 293 1560 350 3.
1600 289 1878 348 CYRILLI
1917 283 2395 349 ALEXANDRINI
2435 289 2755 350 ARCHIEP.

3667 303 3766 360 ιω

483 417 622 473 Cum
668 414 816 497 enim
843 412 1161 488 praclsram
1192 422 1250 470 et
1276 411 1552 469 laudatam
1583 410 1839 484 legitimae
1863 412 1989 469 vitae
2019 423 2075 468 et

2181 411 2270 466 τὸν
2300 410 2463 485 νόμον
2494 390 2899 484 ἀναισχυντίαν.
2927 413 3106 468 Μετδν
3137 412 3247 489 γὰρ
3278 414 3463 482 αὑτοῖς
3497 414 3589 472 καὶ
3623 416 3764 488 μάλα

484 509 813 568 Christianae
850 506 1208 566 institutionis
1256 507 1399 562 viam
1442 506 1583 563 inire
1613 506 1940 578 potuissent,
1971 504 2075 576 ipsi

485 603 761 675 obliquam
799 611 856 658 et
880 601 1094 657 deviam
1122 599 1411 656 coluerunt
1442 619 1456 656 :
1498 607 1556 657 et
1585 597 1948 656 fructificandi
1982 613 2077 655 ne—

482 695 687 767 glectu,
740 692 1077 749 infructuosa
1126 692 1275 748 velut
1307 700 1451 747 terra
1488 689 1615 746 facti
1656 700 1804 757 sunt,
1840 705 1959 762 qua:
1992 689 2076 744 al-

469 788 594 842 ‘trix
625 794 731 854 est,
781 792 839 841 et
888 785 1074 841 nutrix
1111 800 1229 840 non
1265 784 1473 839 mitium
1502 783 1800 849 fructuum,
1829 787 1923 841 sed
1955 798 2078 854 qua:

482 877 718 948 agrestis
769 885 854 933 est
901 877 1081 947 potius
1113 879 1331 946 spinosa
1377 886 1432 933 et
1477 876 1763 934 silvestris.
1806 875 2078 933 Prodeant

485 971 672 1042 igitur,
716 967 918 1042 inquit,
949 969 1039 1040 qui
1066 971 1208 1025 inter
1236 983 1332 1024 vos
1356 976 1483 1024 sunt
1510 968 1811 1041 sapientes,
1830 967 2078 1040 judicent

492 1063 639 1119 inter
663 1077 752 1119 me
777 1062 952 1117 vinea:
980 1061 1258 1118 dominum
1283 1070 1337 1118 et
1369 1061 1515 1134 ipsas
1541 1062 1701 1118 vites.
1738 1060 1881 1129 Quid
1906 1059 2073 1134 igitur

483 1152 614 1210 boui
651 1153 760 1209 illis
800 1151 971 1209 deluit
996 1161 1053 1207 ut
1095 1152 1317 1209 inutiles
1356 1151 1583 1209 ﬁerent?
1632 1151 1692 1207 Si
1724 1151 1867 1208 enim
1895 1167 2075 1207 rerum

485 1246 553 1303 ad
583 1260 739 1300 nsum
780 1243 1218 1301 necessariarum
1250 1244 1527 1315 quippiam
1563 1260 1592 1298 a
1620 1258 1708 1300 me
1733 1245 1823 1314 qui
1859 1243 2075 1314 planta-

483 1352 693 1404 veram,
729 1338 871 1394 forte
919 1337 1343 1408 praetermissum
1391 1335 1575 1403 fuerit,
1629 1351 1809 1392 causae
1832 1335 1968 1392 nihil
1997 1335 2079 1389 di-

487 1447 631 1497 ram,
688 1445 788 1486 nec
849 1443 1043 1502 pinnas
1092 1428 1326 1500 exigam.
1360 1427 1498 1496 Quid
1521 1427 1665 1484 enim
1693 1427 1955 1494 facerem,
1989 1428 2077 1482 in-

485 1524 635 1595 quit,
675 1522 820 1592 quod
865 1536 972 1576 non
1010 1521 1060 1577 ei
1113 1519 1382 1577 fecerim?
1410 1518 1544 1575 Cum
1598 1532 1730 1575 vero
1765 1517 1928 1575 rebus
1954 1532 2076 1573 eam

489 1615 715 1671 utilibus
743 1613 957 1685 plenam
982 1611 1290 1682 nulliusque
1325 1611 1403 1667 rei
1422 1610 1662 1683 indigam
1693 1610 1939 1678 fecerim,
1964 1609 2077 1681 api-

489 1723 588 1764 nas
628 1716 812 1763 tamen
847 1706 1091 1778 peperit,
1137 1705 1266 1762 licet
1317 1712 1692 1776 exspectarem
1726 1713 1786 1758 ut
1811 1717 1930 1759 eam
1959 1702 2080 1772 pul-

489 1805 637 1862 chris
686 1802 951 1858 fructibus
1001 1810 1253 1858 ornatam
1311 1800 1592 1855 viderem:
1630 1812 1753 1869 qua:
1794 1797 2012 1854 tandem
2042 1809 2074 1850 a

487 1897 673 1968 judice
705 1895 912 1952 feretur
946 1893 1262 1952 sententia?
1291 1891 1432 1949 Num
1463 1892 1632 1964 igitur
1655 1891 1908 1969 inertem,
1942 1904 2073 1947 num

489 1988 821 2045 desidiosum
853 1986 1150 2059 agricolam
1182 1985 1363 2043 dicet?
1385 2001 1453 2041 an
1489 1983 1669 2057 potius
1698 1983 1823 2040 illos
1848 1997 2077 2040 accusa-

488 2082 569 2139 bit
587 2081 679 2154 qui
705 2089 853 2137 tanta
868 2078 1237 2137 sollicitudine
1258 2075 1435 2134 curati
1460 2092 1489 2132 a
1526 2090 1638 2143 me,
1661 2075 1798 2131 adeo
1825 2072 2076 2131 fertilita-

490 2183 600 2227 tem
631 2188 786 2228 suam
812 2170 1191 2242 neglexerunt,
1226 2179 1287 2224 ut
1313 2167 1529 2223 inanem
1561 2165 1752 2221 silvam
1773 2178 1837 2229 ac
1860 2162 2074 2219 turbam

489 2264 769 2335 spinarum
820 2278 919 2334 pro
974 2263 1208 2318 racemis
1237 2256 1586 2333 pepererint?
1616 2254 1771 2325 Quod
1797 2266 1978 2313 autem
2010 2256 2077 2312 de

490 2356 644 2427 spina
680 2355 923 2412 sensibili
957 2368 1264 2410 sermonem
1308 2367 1416 2410 non
1449 2351 1667 2416 habeat,
1700 2364 1801 2405 nec
1826 2349 1892 2405 de
1922 2363 2076 2404 race-

494 2449 599 2504 mis
616 2456 707 2502 aut
726 2462 855 2514 uva,
886 2445 1058 2502 cuivis
1080 2443 1423 2516 perspicuum
1450 2451 1553 2498 est.
1580 2440 1638 2497 Si
1670 2455 1799 2496 vero
1821 2438 1978 2494 vinea
2006 2442 2077 2494 sit

494 2539 595 2596 sub
648 2537 1066 2611 intelligentiam
1125 2536 1351 2605 cadens,
1413 2532 1550 2591 tales
1607 2531 1831 2589 omnino
1872 2540 2077 2588 suntet

492 2631 724 2690 fructus.

560 2891 670 2965 81
702 2888 868 2946 Vsus.
905 2889 960 2955 5,
1001 2886 1053 2944 6.
1104 2884 1263 2941 Nune
1325 2892 1503 2940 autem
1558 2882 1890 2938 annuntiaba
1932 2882 2077 2938 vobis

491 2986 619 3057 quid
652 2983 847 3055 faciam
872 2983 1039 3037 vineta
1063 2994 1190 3035 mea:
1218 2990 1238 3032 :
1264 2975 1504 3048 auferam
1540 2990 1710 3047 sepem
1735 2974 1870 3045 ejus,
1897 2982 1946 3029 et
1974 2973 2077 3029 erit

493 3077 798 3147 direptioni,
821 3085 872 3130 et
902 3072 1113 3127 diruam
1157 3084 1365 3127 murum
1393 3066 1532 3140 ejus,
1574 3078 1622 3123 et
1654 3068 1752 3123 erit
1801 3064 2078 3121 conculca-

2180 504 2385 581 ῥᾳδίως
2409 507 2509 579 τὴν
2537 506 2736 562 εὐκλεᾶ
2757 507 2852 561 καὶ
2884 507 3171 581 εὐδόκιμον
3204 508 3301 581 τῆς
3328 512 3387 564 ἐν
3413 509 3565 583 νόμῳ
3596 507 3762 582 ζωῆς,

2175 599 2345 672 ἤγουν
2378 599 2478 673 τῆς
2498 601 2555 655 ἐν
2583 598 2805 673 Χριστῷ
2838 600 3136 668 πολιτείας,
3172 602 3334 672 ἱέναι,
3374 603 3581 678 τρίϐον,
3617 605 3767 661 αὐτοὶ

2176 694 2509 765 τετιμήκασι
2534 694 2634 767 τὴν
2655 693 3118 767 διεστραμμένην.
3143 697 3255 752 Καὶ
3285 684 3480 769 μὴντδ
3504 697 3768 755 δύνασθαι

2176 787 2552 859 καρποφορεῖν
2585 785 2814 856 ἀφέντες
2844 786 2920 853 ὡς
2948 786 3135 853 ἕωλον,
3176 788 3248 860 γῆ
3287 806 3367 854 τις
3392 788 3582 860 ὥσπερ
3611 788 3770 858 γεγό-

2177 894 2337 932 νασιν
2374 878 2437 933 οὐ
2480 879 2711 952 καρπῶν
2751 879 2974 952 ἡμέρων
3012 880 3227 952 τροφή·
3264 880 3434 952 ἀγρία
3471 876 3528 936 δὲ
3569 879 3770 952 μᾶλλον

2174 966 2272 1021 καὶ
2318 968 2685 1033 ἀκανθοτόκος
2734 969 2829 1024 καί
2870 968 3168 1043 ὑλομανής.
3204 969 3519 1025 Ἠκέτωσαν
3568 970 3771 1035 τοίνυν,

2177 1059 2365 1131 φησὶν,
2392 1060 2442 1115 οί
2475 1058 2533 1113 ὲν
2563 1059 2691 1132 ὑμῖν
2717 1060 2891 1132 σοφοὶ,
2916 1061 3288 1127 δικαζέτωσαν
3323 1063 3380 1116 ὲν
3403 1061 3528 1135 ἐμοὶ
3566 1060 3644 1132 τῷ
3675 1061 3772 1116 τοῦ

2177 1151 2502 1225 ἀμπελῶνος
2541 1152 2801 1231 δεσπότῃ,
2852 1154 2950 1210 καὶ
2982 1153 3175 1218 αὑταῖς
3210 1153 3268 1207 δὲ
3307 1156 3428 1218 ταῖς
3478 1150 3771 1226 ἀμπέλοις.

2178 1244 2337 1309 Τίνος
2370 1243 2435 1317 δὴ
2474 1239 2567 1301 οῦν
2604 1246 2714 1317 ἄρα
2752 1244 2862 1300 τῶν
2898 1244 3119 1315 ἀγαθῶν
3152 1243 3538 1299 ὲλλελοιπότων
3582 1246 3776 1307 αὐταῖς

2177 1337 2385 1409 ἀχρεῖοι
2412 1337 2739 1408 γεγόνασιν;
2771 1339 2835 1392 Ei
2867 1337 2967 1409 μὲν
2996 1338 3105 1410 γάρ
3125 1355 3179 1391 τι
3209 1338 3318 1392 τῶν
3346 1339 3659 1407 ἀναγκαίων
3692 1337 3775 1405 είς

2176 1429 2363 1500 ὄνησιν
2435 1429 2730 1502 παρῶπται
2795 1430 2955 1501 τυχὸν
2994 1432 3119 1503 ἐμοὶ
3157 1431 3233 1503 τῷ
3270 1430 3657 1500 πεφυτευκότι,
3695 1428 3777 1484 δι-

2179 1519 2451 1592 ελεγχέτω
2496 1537 2582 1584 τις
2628 1519 2725 1574 καὶ
2768 1519 3145 1591 πεπαύσομαι.
3202 1520 3525 1593 Ἀποστήσω
3568 1519 3774 1585 αἰτίας,

2179 1609 2275 1663 καὶ
2307 1610 2407 1664 οὐκ
2435 1611 2644 1682 αἰτήσω
2681 1609 2859 1675 δίκας.
2892 1610 2958 1664 Τί
2999 1610 3108 1683 γὰρ
3143 1610 3375 1683 ποιήσω,
3410 1611 3595 1683 φησιν,
3629 1610 3661 1666 δ
3697 1611 3777 1684 μὴ

2180 1700 2458 1771 πεποίηκα
2489 1701 2670 1774 adst};
2714 1701 2933 1773 Ἐπειδὴ
2971 1701 3029 1755 δὲ
3062 1701 3168 1756 τῶν
3192 1702 3475 1774 χρησίμων
3506 1702 3689 1773 πλήρη
3714 1718 3778 1756 τι

2108 1774 2151 1829 Β
2179 1792 2437 1864 ἀπέφηνα
2455 1793 2560 1853 καὶ
2584 1791 2798 1855 οὐδενδς
2829 1791 3042 1858 ἐπιδεᾶ,
3070 1787 3191 1847 εἶτα
3215 1792 3439 1861 γέγονεν
3471 1791 3779 1846 ἀκανθοτό-

2181 1901 2315 1950 κος,
2371 1883 2551 1938 καίτοι
2600 1881 3009 1956 προσδοκῶντος
3061 1881 3195 1954 ἐμοῦ
3258 1887 3491 1952 καρποῖς
3549 1883 3777 1955 ὡραίοις

2180 1975 2438 2049 κομῶντα
2466 1975 2706 2048 βλέπειν.
2752 1974 2888 2029 Ποία
2911 1992 2995 2039 τις
3024 1973 3178 2030 ἔσται
3202 1973 3387 2029 λοιπὸν
3429 1976 3464 2047 ἠ
3499 1974 3649 2046 παρά
3674 1973 3777 2029 τοῦ

2179 2068 2496 2135 δικάζοντος
2532 2067 2743 2140 (lit-1:90;;
2776 2062 2924 2140 Ἆρα
2968 2066 3078 2139 γὰρ
3120 2068 3371 2140 ἀτημελῆ
3409 2067 3503 2122 καὶ
3530 2067 3780 2138 ῥᾴθυμον

2180 2161 2440 2235 όνομάσει
2470 2161 2561 2215 τὸν
2587 2160 2848 2232 γηπόνον,
2877 2159 2912 2231 ἢ
2954 2158 3157 2231 μᾶλλον
3195 2159 3437 2224 ἐκείνους
3467 2159 3779 2214 αἰτιάσεται

2179 2254 2307 2317 τοὺς
2336 2254 2393 2308 ὲν
2424 2251 2639 2324 μεθέξει
2674 2249 2967 2322 γεγονότας
3006 2251 3105 2322 τῆς
3133 2253 3266 2324 παρ’
3296 2251 3432 2323 ἐμοῦ
3468 2249 3775 2323 φροντίδος,

2182 2345 2531 2417 ἠμεληκότας
2585 2344 2642 2400 δὲ
2699 2342 2842 2400 οῦτω
2903 2343 3006 2416 τῆς
3061 2344 3269 2400 ἑαυτῶν
3313 2344 3641 2417 εὐκαρπίας,
3697 2341 3781 2407 ὡς

2183 2436 2394 2491 εἰκαίαν
2452 2436 2585 2508 ὕλην
2650 2437 2745 2491 καὶ
2804 2437 3060 2493 ἀκανθῶν
3121 2436 3279 2508 ὅχλον
3343 2436 3466 2491 ἀντὶ¹
3530 2434 3781 2507 βοτρύων

2183 2532 2462 2599 ὲκτεκεῖν;
2504 2531 2627 2585 Ὀτι
2657 2531 2713 2585 δὲ
2747 2531 2809 2585 οὗ
2844 2531 2973 2603 περὶ
3001 2532 3101 2603 τῆς
3125 2530 3449 2604 αἰσθητικῆς
3474 2527 3720 2600 ἀκάνθης
3749 2530 3784 2585 ό

2182 2620 2339 2691 λόγος
2367 2621 2536 2693 αὐτῷ,
2570 2620 2693 2676 οὔτε
2720 2621 2827 2695 μὴν
2853 2623 3094 2695 βοτρύων
3122 2625 3156 2695 ἢ
3182 2622 3478 2694 σταφυλῆς,
3509 2621 3672 2676 παντί
3695 2637 3782 2692 τῳ

2184 2713 2377 2782 σαφές.
2418 2711 2590 2786 Εἴπερ
2630 2714 2748 2769 ἐστὶ
2789 2713 2977 2786 νοητὸς
3022 2714 3051 2767 ό
3096 2710 3383 2786 ἀμπελὼν,
3430 2710 3664 2766 τοιοῦτοι
3717 2710 3781 2765 es

2184 2805 2525 2887 wivtmgxal
2546 2806 2596 2859 οἱ
2624 2806 2848 2876 καρποί.

2253 2896 2385 2952 Νῦν
2407 2895 2474 2949 δὲ
2495 2894 2815 2967 ἀπαγγελῶ
2839 2896 2983 2966 ὑμῖν
3009 2896 3069 2951 τί
3093 2896 3327 2962 ποιήσω
3362 2892 3443 2961 τῷ
3462 2890 3783 2965 ἀμπελῶνι

2176 3003 2320 3060 μον
2367 2987 2570 3059 aspexit
2611 2987 2719 3043 τόν
2758 2987 3032 3059 φραγμὸν
3081 2987 3291 3051 αὐτοῦ,
3344 2986 3443 3041 καί
3480 2986 3654 3041 ἔσται
3682 2987 3781 3055 είς

2183 3076 2542 3151 διαρπαγήν·
2599 3078 2700 3132 καὶ
2752 3076 2985 3133 καθελῶ
3030 3076 3139 3132 τὸν
3179 3076 3385 3148 τοῖχον
3427 3074 3632 3142 αὐτοῦ,
3670 3076 3781 3131 καί

494 3138 644 3225 tioni.
685 3168 754 3223 Et
781 3138 1047 3224 dimittam
1089 3167 1293 3221 vineam
1324 3138 1516 3230 meam,
1561 3172 1610 3216 et
1643 3174 1746 3215 non
1782 3158 2077 3229 pulabitur,

2182 3138 2355 3227 ἔσται
2381 3138 2478 3238 εἶς’
2499 3169 2911 3241 καταπάτημα.
2936 3169 3048 3225 Kal
3079 3138 3422 3237 ἀνήσω-τόν
3446 3138 3783 3242 ἀμετεᾷιῖνά

495 3276 658 3331 neque
688 3259 923 3330 [odietur
948 3274 967 3313 :
998 3267 1048 3314 et
1077 3257 1357 3313 ascenderat
1386 3256 1444 3311 in
1473 3269 1587 3311 eam
1612 3253 1748 3309 velut
1780 3253 1838 3307 in
1885 3260 2080 3306 terram

495 3351 750 3407 incultam
809 3353 997 3421 spina.
1052 3348 1116 3405 Et
1166 3348 1429 3405 mandabo
1485 3346 1734 3414 nubibus,
1797 3361 1862 3401 ne
1896 3341 2081 3414 pluunt

495 3460 653 3515 super
675 3459 792 3500 eaut
823 3443 1062 3499 imbrem.

565 3615 687 3673 Non
718 3627 895 3686 caret,
940 3626 1002 3673 ut
1048 3616 1207 3697 mihi
1232 3617 1466 3684 videtur,
1520 3613 1880 3671 admiratione
1923 3612 2082 3670 istius

495 3710 763 3767 orationis
793 3709 964 3767 forma
989 3724 1007 3764 :
1033 3707 1234 3765 etenim
1262 3706 1399 3778 ipsa,
1436 3706 1741 3764 tacentibus
1782 3702 1946 3760 etiam
1995 3702 2081 3761 his

494 3801 588 3875 qui
612 3802 680 3856 sd
707 3799 985 3857 ferendam
1018 3800 1350 3857 sententiam
1380 3798 1533 3855 intcr-
1553 3797 1731 3869 ipsum
1778 3808 1834 3852 et
1866 3796 2078 3852 vineam

498 3893 658 3950 asciti
697 3900 878 3959 erant,
921 3905 1139 3963 pinnam
1176 3892 1379 3948 decidit
1433 3891 1712 3962 deinceps,
1776 3896 1831 3946 et
1882 3889 2081 3959 quibus

497 3986 629 4042 item
660 3985 775 4042 haec
808 3995 1071 4042 eventura
1110 3993 1258 4050 sunt,
1301 3986 1504 4041 diserte
1547 3982 1893 4054 praenuntiat.
1944 3980 2078 4035 Cn‘m

496 4078 642 4136 enim
674 4076 808 4133 nihil
835 4076 884 4133 ei
921 4076 1138 4133 deesset
1165 4088 1354 4131 eorum
1394 4088 1516 4146 quae
1547 4075 1680 4145 ipsis
1720 4074 1873 4129 utilia
1926 4081 2078 4139 sunt,

497 4186 594 4229 sua
625 4178 818 4243 sponte
856 4168 1060 4226 sterilis
1095 4169 1413 4240 permansit.
1450 4166 1751 4237 Oportebat
1798 4166 1966 4238 igitur
2020 4174 2083 4220 ut

497 4272 589 4341 qui
622 4272 688 4325 ad
725 4279 930 4325 tantam
965 4267 1376 4338 perversitatem
1421 4261 1783 4325 devenissent,
1829 4272 1991 4314 manu
2026 4265 2082 4312 et

503 4378 636 4419 cura
691 4370 746 4417 et
796 4360 1000 4417 auxilio
1047 4357 1262 4417 Domini
1310 4356 1362 4413 in
1408 4362 1685 4426 posterum
1710 4352 2079 4423 privarentur.

2175 3281 2318 3336 μου,
2360 3262 2459 3319 καὶ
2497 3265 2570 3319 οὑ
2618 3263 2706 3335 μὴ
2736 3261 2954 3335 τμηθῇ,
3002 3262 3130 3318 οὐδ’
3170 3265 3242 3318 οὐ
3266 3262 3353 3332 μὴ
3401 3260 3633 3333 σκαφῇ⁶
3672 3261 3779 3317 και

2179 3356 2592 3425 ἀναϐήσονται
2632 3358 2721 3425 είς
2750 3356 2962 3424 αὐτὸν,
3002 3356 3083 3424 ὠς
3111 3358 3199 3424 εἰς
3238 3342 3466 3428 χέρσον
3492 3355 3776 3412 ἄκανθαι.

2180 3448 2291 3504 Kal
2320 3447 2450 3514 ταῖς
2477 3446 2759 3518 νεφέλαις
2790 3445 3164 3518 ἐντελοῦμαι,
3187 3447 3295 3502 τοῦ
3327 3444 3416 3518 μὴ
3436 3444 3652 3517 ,βρέξαι
3677 3445 3781 3500 ἐπ’

2180 3539 2371 3596 αὐτόν
2393 3540 2593 3596 ὑετόν.

2254 3635 2370 3690 Οὐκ
2396 3632 2767 3705 ἀθαύμαστον,
2799 3629 2931 3701 ῶσγ“
2955 3631 3384 3703 ἐμοιφαίνεται,
3411 3631 3504 3686 τοῦ
3523 3631 3682 3700 λόγου
3711 3631 3780 3686 τὸ

2184 3724 2390 3795 σχῆμα.
2420 3722 2601 3777 Μόνον
2618 3720 2727 3793 γὰρ
2755 3721 2878 3793 οὐχὶ
2903 3720 3000 3775 καὶ.
3024 3723 3394 3793 σεσιγηκότων
3421 3722 3532 3774 τῶν
3571 3721 3775 3793 κεκλη-

2185 3813 2362 3887 μένων
2384 3815 2467 3880 είς
2487 3813 2547 3868 τὸ
2572 3812 2816 3881 δικάσαί,
2847 3810 2996 3883 αύτῷ
3021 3829 3079 3866 τε
3113 3814 3207 3866 καὶ
3233 3812 3311 3885 τῷ
3345 3813 3653 3886 ἀμπελῶνι,
3671 3813 3775 3885 τὴν

2181 3903 2339 3976 δίκην
2390 3905 2575 3969 αὐτοῖς
2624 3902 2799 3973 ὁρίζει
2847 3903 3055 3957 λοιπόν·
3086 3903 3183 3957 καὶ
3223 3901 3295 3957 τὰ
3340 3904 3401 3958 ὲν
3445 3903 3585 3959 ⁸τίσιν
3616 3903 3775 3959 ἔσται

2182 3996 2547 4068 προαγορεύει
2576 3995 2784 4067 σαφῶς.
2832 3994 3237 4058 Ἐλλελοιπότος
3265 3995 3370 4067 γὰρ
3397 3995 3533 4060 ὅλως
3556 3995 3775 4063 οὐδενὸς

2181 4084 2329 4156 αὑτῷ
2356 4083 2467 4139 τῶν
2494 4085 2574 4151 είς
2600 4084 2663 4139 τὸ
2684 4080 2742 4139 εὖ
2770 4077 2911 4139 εἶναι
2939 4085 3247 4157 χρησίμων,
3276 4084 3440 4151 αὐτὸς
3471 4084 3530 4153 ἐξ
3563 4084 3777 4151 οἰκείας

2182 4173 2581 4248 κατεχερσοῦτο
2627 4173 2874 4249 γνώμης.
2919 4176 3067 4230 Ἔδει
3111 4174 3176 4248 δὴ
3222 4171 3316 4230 οῦν
3365 4176 3476 4248 ἀρα
3519 4176 3646 4240 τοὺς
3688 4181 3776 4243 είς

2180 4266 2341 4323 τοῦτο
2403 4268 2738 4340 φαυλότητος
2771 4267 3135 4341 καθιγμένους
3170 4268 3277 4336 ἔξω
3321 4284 3381 4322 τε
3433 4269 3616 4341 χειρὸς
3673 4253 3779 4327 καὶ

2182 4360 2484 4436 φροντίδος,
2521 4362 2618 4416 καὶ
2656 4362 2765 4434 μὴν
2787 4361 2883 4416 καλ⁸
2903 4360 3224 4433 ἐπικουρίας
3252 4360 3346 4414 τοῦ
3371 4361 3643 4415 Δεσπότου
3675 4379 3776 4431 γε-

497 4453 686 4521 Proin,
713 4453 906 4522 inquit,
936 4449 1182 4507 auferam
1208 4461 1392 4519 sepem
1434 4445 1640 4517 ipsius,
1675 4454 1730 4500 et
1775 4442 1880 4529 erit
1936 4443 2078 4499 dire-

2183 4451 2370 4507 νέσθαι
2420 4452 2626 4509 λοιπόν.
2679 4452 2889 4511 Οὐκοῦν
2931 4452 3136 4541 ἀφελῶ,
3177 4453 3332 4526 φησὶ,
3380 4452 3472 4508 τὸν
3517 4455 3778 4526 φραγμὸν

499 4546 691 4619 ptioni,
714 4554 769 4600 et
796 4543 1037 4601 auferam
1071 4542 1363 4599 maceriam
1390 4540 1534 4612 ejus,
1567 4549 1622 4596 et
1643 4537 1822 4595 eritin
1858 4536 2079 4593 concul-

496 4638 790 4694 cntionem.
815 4635 986 4693 Vinea
1019 4635 1286 4708 siquidem
1326 4648 1448 4704 qua:
1491 4632 1797 4704 sepimento
1831 4640 1886 4686 et
1920 4644 2079 4686 muro

498 4739 683 4796 caret,
726 4728 932 4801 patebit
974 4730 1197 4786 omnino
1244 4728 1526 4800 quibusvis
1568 4726 1807 4797 diripere
1848 4723 2081 4781 volenti-

496 4822 623 4888 bus,
668 4834 767 4878 ceu
819 4820 1130 4876 convivium
1178 4820 1430 4877 omnibus
1490 4819 1974 4891 expositissimum,
2025 4826 2081 4871 et

494 4926 597 4970 ceu
647 4913 773 4969 trita
817 4913 1008 4969 semita
1060 4913 1167 4969 lter
1230 4908 1571 4977 facientibus,
1638 4909 1857 4966 nemine
1903 4909 2081 4981 prohi-

492 5002 675 5059 beate.
728 4999 863 5057 Nam
909 5000 1132 5059 Christo
1180 5017 1281 5058 nos
1329 5002 1704 5071 obmunieute,
1762 5008 1817 5058 et
1867 5001 2084 5058 arcanis

494 5093 816 5165 quihusdam
856 5094 1203 5150 adminiculis
1260 5109 1359 5151 ceu
1407 5093 1645 5150 maceria
1705 5100 1917 5148 tantum
1974 5106 2080 5147 non

494 5187 766 5257 cingente,
796 5186 941 5244 obvii
966 5194 1023 5242 et
1053 5188 1287 5258 expositi
1331 5201 1437 5242 non
1480 5187 1706 5252 erimus,
1764 5199 1940 5254 neque
1984 5184 2082 5238 im-

495 5278 820 5337 mundorum
874 5277 1162 5348 spirituum
1234 5276 1563 5345 incursioni,
1626 5290 1728 5332 nec
1785 5274 2077 5346 direptioni

495 5365 732 5422 ferarum
775 5371 1068 5437 agrestium
1120 5367 1340 5439 objecti,
1401 5382 1501 5424 nec
1561 5367 1718 5422 ludus
1767 5375 1823 5422 et
1870 5356 2080 5422 delicia:

491 5454 764 5526 vulpibus,
801 5459 868 5512 de
893 5462 1092 5530 quibus
1114 5461 1168 5516 in
1203 5461 1428 5517 Cantico
1454 5459 1789 5517 canticorum
1814 5458 2075 5528 scriptum

438 5573 453 5582 ι
491 5557 580 5606 est
626 5565 642 5604 :
708 5564 729 5637 ι
791 5549 1245 5619 Comprehendite
1294 5553 1450 5612 nobis
1508 5553 1819 5626 vulpeculae
1878 5568 2077 5624 parvas

493 5642 835 5699 destruentes
867 5639 1054 5698 vineas
1105 5643 1173 5701 ".
1222 5662 1243 5699 ι
1304 5646 1572 5706 Dicuntur
1613 5649 1780 5707 etiam
1830 5650 2074 5708 nonnulli

566 5757 615 5817 ξ’
632 5755 794 5820 Cant.
828 5757 1008 5831 tt,,15,

2183 4543 2371 4617 αὐτοῦ,
2402 4546 2496 4599 καὶ
2525 4543 2677 4600 ἔσται
2709 4547 2788 4610 είς
2809 4539 3140 4617 διαρπαγὴν,
3176 4543 3269 4599 καὶ
3292 4543 3506 4599 καθελῶ
3539 4545 3633 4598 τὸν
3657 4549 3776 4599 τοῖ-

2181 4650 2275 4707 χον
2311 4631 2500 4699 αύτοῦ,
2537 4634 2631 4687 καὶ
2674 4632 2827 4688 ἔσται
2863 4635 2945 4699 είς
2982 4633 3375 4706 καταπάτημα.
3413 4634 3674 4707 Φραγμοῦ
3715 4636 3775 4690 δὲ

2182 4725 2276 4778 καὶ
2335 4726 2545 4797 τείχους
2581 4724 2786 4798 ἔρημος
2827 4724 3110 4798 ἀμπελὼν,
3154 4728 3505 4798 προκείσεται
3554 4728 3775 4791 πάντως

2181 4820 2293 4881 τοῖς
2328 4817 2649 4890 διαρπάζειν
2682 4816 2956 4872 ἐθέλουσιν
3003 4817 3154 4891 θοίνη
3196 4835 3281 4884 τις
3318 4820 3642 4891 ἕτοιμοι-ἀτη
3675 4821 3776 4873 καὶ

2182 4911 2297 4973 τοῖς
2345 4907 2641 4964 διοδεύουσι
2691 4909 2898 4980 τρίϐος,
2940 4908 3277 4985 ἐξείργοντος
3329 4910 3562 4975 οὐδενός.
3602 4910 3778 4982 Περι-

2182 5000 2515 5075 φράττοντος
2549 5001 2651 5073 μὲν
2681 5001 2791 5074 γὰρ
2827 5001 2975 5072 ἡμᾶς
2996 5000 3092 5056 τοῦ
3123 5000 3282 5069 Θεοῦ,
3316 5003 3411 5057 καὶ⁵
3434 5002 3778 5077 ἀπορρήτθις

2180 5093 2321 5147 τισὶν
2360 5093 2704 5166 ἐπικουρίαις
2737 5093 3018 5165 μονονουχὶ
3046 5096 3143 5149 καὶ
3171 5093 3604 5165 ἀνατειχίξοντος
3622 5132 3638 5157 ,
3668 5092 3776 5147 οὐκ

2178 5184 2417 5257 ἐσόμεθα
2460 5185 2614 5258 βατοὶ
2644 5186 2740 5241 καὶ
2781 5186 2839 5239 ὲν
2869 5184 3023 5252 τάξει
3059 5184 3248 5257 τρίϐου
3284 5187 3399 5248 τοῖς
3434 5184 3776 5257 ἀκαθάρτοις

2187 5278 2512 5351 πνεύμασιν·
2555 5276 2678 5332 οὔτε
2726 5277 2834 5350 μὴν
2882 5276 3090 5349 ἕτοιμοι
3132 5277 3268 5348 πρὸς
3302 5276 3612 5349 διαρπαγὴν
3656 5280 3774 5343 τοῖς

2182 5370 2392 5445 θηρίοις
2422 5369 2515 5425 τοῦ
2544 5369 2737 5442 ἀγροῦ,
2772 5369 2868 5423 καὶ
2901 5368 3140 5435 άλώπεξι
3176 5371 3381 5441 τρυφή.
3406 5370 3542 5442 Περὶ
3569 5362 3644 5422 ὧν
3677 5364 3776 5435 γέε-

2180 5482 2421 5537 γραπται
2446 5463 2539 5518 καὶ
2559 5465 2618 5518 ὲν
2645 5461 2722 5534 τῷ
2751 5461 2989 5534 ’ᾼσματι
3017 5460 3124 5515 τῶν
3153 5461 3437 5533 ᾀσμάτων·
3472 5481 3490 5515 ι
3521 5462 3772 5516 Πιάσατε

2178 5556 2315 5632 ἡμῖν
2364 5556 2655 5620 ἀλώπεκας
2710 5554 2941 5625 μικροὺς
2988 5553 3350 5625 ἀφανίζοντας
3395 5554 3695 5627 ἀμπέλους.
3743 5573 3767 5607 s

2178 5652 2439 5723 Λέγονται
2478 5649 2537 5703 δὲ
2573 5648 2666 5704 καὶ
2705 5648 2921 5722 μερίδες
2964 5646 3270 5713 ἀλωπέκων
3311 5648 3567 5720 γενέσθαι
3592 5646 3766 5714 τινές.
