  <div class='ocr_page' id='page_1' title='image "/cluster/home/n/w/nwhite01/storage/ocr_20150623/70/hvd.32044073501991/076.png"; bbox 0 0 4012 6216; ppageno 0'>
   <div class='ocr_carea' id='block_1_1' title="bbox 307 385 2423 462">
    <p class='ocr_par' dir='ltr' id='par_1_1' title="bbox 307 385 2423 462">
     <span class='ocr_line' id='line_1_1' title="bbox 307 385 2423 462; baseline -0.01 0"><span class='ocrx_word' id='word_1_1' title='bbox 307 408 396 462; x_wconf 79' lang='lat' dir='ltr'><strong>HI</strong></span> <span class='ocrx_word' id='word_1_2' title='bbox 587 455 590 460; x_wconf 94' lang='lat'><strong>.</strong></span> <span class='ocrx_word' id='word_1_3' title='bbox 1441 392 1508 448; x_wconf 78' lang='lat' dir='ltr'><strong>IN</strong></span> <span class='ocrx_word' id='word_1_4' title='bbox 1549 391 1788 450; x_wconf 72' lang='lat' dir='ltr'><strong>ISAIAM</strong></span> <span class='ocrx_word' id='word_1_5' title='bbox 1826 387 1955 445; x_wconf 83' lang='lat' dir='ltr'><strong>LIB.</strong></span> <span class='ocrx_word' id='word_1_6' title='bbox 1997 387 2038 442; x_wconf 92' lang='lat' dir='ltr'><strong>l.</strong></span> <span class='ocrx_word' id='word_1_7' title='bbox 2081 385 2289 443; x_wconf 78' lang='lat' dir='ltr'><strong>ORAT.</strong></span> <span class='ocrx_word' id='word_1_8' title='bbox 2336 386 2423 443; x_wconf 86' lang='lat' dir='ltr'><strong>Ill.</strong></span> 
     </span>
    </p>
   </div>
   <div class='ocr_carea' id='block_1_2' title="bbox 3475 391 3575 446">
    <p class='ocr_par' dir='ltr' id='par_1_2' title="bbox 3475 391 3575 446">
     <span class='ocr_line' id='line_1_2' title="bbox 3475 391 3575 446; baseline 0.02 -2"><span class='ocrx_word' id='word_1_9' title='bbox 3475 391 3575 446; x_wconf 70' lang='grc' dir='ltr'><strong>ιιι</strong></span> 
     </span>
    </p>
   </div>
   <div class='ocr_carea' id='block_1_3' title="bbox 310 498 1901 581">
    <p class='ocr_par' dir='ltr' id='par_1_3' title="bbox 310 505 1888 581">
     <span class='ocr_line' id='line_1_3' title="bbox 310 505 1888 581; baseline -0.012 -5"><span class='ocrx_word' id='word_1_10' title='bbox 310 515 578 581; x_wconf 80' lang='grc' dir='ltr'>’Λνιέντος</span> <span class='ocrx_word' id='word_1_11' title='bbox 625 531 686 570; x_wconf 65' lang='grc' dir='ltr'>τι</span> <span class='ocrx_word' id='word_1_12' title='bbox 739 514 853 578; x_wconf 76' lang='grc' dir='ltr'>τοῖς</span> <span class='ocrx_word' id='word_1_13' title='bbox 899 512 1106 568; x_wconf 79' lang='grc' dir='ltr'>ἀδικείν</span> <span class='ocrx_word' id='word_1_14' title='bbox 1146 508 1444 574; x_wconf 71' lang='grc' dir='ltr'>ὶῡέλουσιν,</span> <span class='ocrx_word' id='word_1_15' title='bbox 1482 508 1577 562; x_wconf 69' lang='grc' dir='ltr'>καὶ</span> <span class='ocrx_word' id='word_1_16' title='bbox 1610 505 1888 576; x_wconf 85' lang='grc' dir='ltr'>φροντίδος</span> 
     </span>
    </p>
   </div>
   <div class='ocr_carea' id='block_1_4' title="bbox 2003 498 3582 581">
    <p class='ocr_par' dir='ltr' id='par_1_4' title="bbox 2003 498 3582 572">
     <span class='ocr_line' id='line_1_4' title="bbox 2003 498 3582 572; baseline 0.008 -20"><span class='ocrx_word' id='word_1_17' title='bbox 2003 501 2170 570; x_wconf 86' lang='lat' dir='ltr'><strong>pnrlio</strong></span> <span class='ocrx_word' id='word_1_18' title='bbox 2201 500 2434 572; x_wconf 85' lang='lat' dir='ltr'><strong>vulpium</strong></span> <span class='ocrx_word' id='word_1_19' title='bbox 2472 500 2609 557; x_wconf 75' lang='lat' dir='ltr'><strong>ﬁeri.</strong></span> <span class='ocrx_word' id='word_1_20' title='bbox 2645 501 2715 555; x_wconf 81' lang='lat' dir='ltr'><strong>At</strong></span> <span class='ocrx_word' id='word_1_21' title='bbox 2749 498 2796 555; x_wconf 85' lang='lat' dir='ltr'><strong>si</strong></span> <span class='ocrx_word' id='word_1_22' title='bbox 2823 500 2966 556; x_wconf 86' lang='lat' dir='ltr'><strong>Deus</strong></span> <span class='ocrx_word' id='word_1_23' title='bbox 2991 512 3091 558; x_wconf 85' lang='lat' dir='ltr'><strong>nos</strong></span> <span class='ocrx_word' id='word_1_24' title='bbox 3117 498 3370 572; x_wconf 72' lang='lat' dir='ltr'><strong>injuria!!!</strong></span> <span class='ocrx_word' id='word_1_25' title='bbox 3394 501 3582 564; x_wconf 72' lang='lat' dir='ltr'><strong>facere</strong></span> 
     </span>
    </p>
   </div>
   <div class='ocr_carea' id='block_1_5' title="bbox 301 601 1888 684">
    <p class='ocr_par' dir='ltr' id='par_1_5' title="bbox 301 601 1888 684">
     <span class='ocr_line' id='line_1_5' title="bbox 301 601 1888 684; baseline -0.011 -17"><span class='ocrx_word' id='word_1_26' title='bbox 301 615 396 684; x_wconf 79' lang='grc' dir='ltr'>τῆς</span> <span class='ocrx_word' id='word_1_27' title='bbox 413 607 625 665; x_wconf 73' lang='grc' dir='ltr'>ἄνωθεν</span> <span class='ocrx_word' id='word_1_28' title='bbox 650 603 1132 678; x_wconf 82' lang='grc' dir='ltr'>ἀπαμφιεννῦντος</span> <span class='ocrx_word' id='word_1_29' title='bbox 1161 601 1318 665; x_wconf 88' lang='grc' dir='ltr'>Θεοῦ,</span> <span class='ocrx_word' id='word_1_30' title='bbox 1349 601 1550 663; x_wconf 72' lang='grc' dir='ltr'>παντὸς</span> <span class='ocrx_word' id='word_1_31' title='bbox 1584 601 1662 664; x_wconf 83' lang='grc' dir='ltr'><strong>είς</strong></span> <span class='ocrx_word' id='word_1_32' title='bbox 1695 601 1888 669; x_wconf 82' lang='grc' dir='ltr'>πεῖραν</span> 
     </span>
    </p>
   </div>
   <div class='ocr_carea' id='block_1_6' title="bbox 300 691 1889 776">
    <p class='ocr_par' dir='ltr' id='par_1_6' title="bbox 300 691 1889 776">
     <span class='ocr_line' id='line_1_6' title="bbox 300 691 1889 776; baseline -0.008 -20"><span class='ocrx_word' id='word_1_33' title='bbox 300 703 497 776; x_wconf 65' lang='grc' dir='ltr'>ἥξομεν</span> <span class='ocrx_word' id='word_1_34' title='bbox 522 697 722 754; x_wconf 88' lang='grc' dir='ltr'>κακοῦ·</span> <span class='ocrx_word' id='word_1_35' title='bbox 748 698 843 751; x_wconf 63' lang='grc' dir='ltr'><strong>καῖ⁵</strong></span> <span class='ocrx_word' id='word_1_36' title='bbox 872 697 980 760; x_wconf 78' lang='grc' dir='ltr'>πᾶς</span> <span class='ocrx_word' id='word_1_37' title='bbox 1001 693 1250 750; x_wconf 76' lang='grc' dir='ltr'><strong>ὁστισοῦν</strong></span> <span class='ocrx_word' id='word_1_38' title='bbox 1272 693 1598 765; x_wconf 78' lang='grc' dir='ltr'>ἑντρυφήσει</span> <span class='ocrx_word' id='word_1_39' title='bbox 1626 693 1737 754; x_wconf 87' lang='grc' dir='ltr'>τοῖς</span> <span class='ocrx_word' id='word_1_40' title='bbox 1768 691 1889 744; x_wconf 81' lang='grc' dir='ltr'>καθ’</span> 
     </span>
    </p>
   </div>
   <div class='ocr_carea' id='block_1_7' title="bbox 299 781 1892 866">
    <p class='ocr_par' dir='ltr' id='par_1_7' title="bbox 299 781 1892 866">
     <span class='ocr_line' id='line_1_7' title="bbox 299 781 1892 866; baseline -0.008 -19"><span class='ocrx_word' id='word_1_41' title='bbox 299 795 475 866; x_wconf 75' lang='grc' dir='ltr'>ἡμῶν,</span> <span class='ocrx_word' id='word_1_42' title='bbox 507 790 615 845; x_wconf 69' lang='grc' dir='ltr'><strong>κᾶν</strong></span> <span class='ocrx_word' id='word_1_43' title='bbox 654 790 705 843; x_wconf 82' lang='grc' dir='ltr'><strong>εί</strong></span> <span class='ocrx_word' id='word_1_44' title='bbox 741 789 933 859; x_wconf 87' lang='grc' dir='ltr'>νοητός</span> <span class='ocrx_word' id='word_1_45' title='bbox 962 804 1046 850; x_wconf 87' lang='grc' dir='ltr'><strong>τις</strong></span> <span class='ocrx_word' id='word_1_46' title='bbox 1079 787 1165 856; x_wconf 80' lang='grc' dir='ltr'>εἴη</span> <span class='ocrx_word' id='word_1_47' title='bbox 1185 785 1418 858; x_wconf 70' lang='grc' dir='ltr'>λῃστής*</span> <span class='ocrx_word' id='word_1_48' title='bbox 1451 785 1554 839; x_wconf 69' lang='grc' dir='ltr'>κᾶν</span> <span class='ocrx_word' id='word_1_49' title='bbox 1641 785 1668 836; x_wconf 83' lang='lat'><strong>6</strong></span> <span class='ocrx_word' id='word_1_50' title='bbox 1695 784 1750 835; x_wconf 80' lang='grc' dir='ltr'><strong>ἐν</strong></span> <span class='ocrx_word' id='word_1_51' title='bbox 1781 785 1892 846; x_wconf 84' lang='grc' dir='ltr'>τοῖς</span> 
     </span>
    </p>
   </div>
   <div class='ocr_carea' id='block_1_8' title="bbox 304 874 1892 956">
    <p class='ocr_par' dir='ltr' id='par_1_8' title="bbox 304 874 1892 956">
     <span class='ocr_line' id='line_1_8' title="bbox 304 874 1892 956; baseline -0.009 -18"><span class='ocrx_word' id='word_1_52' title='bbox 304 886 488 956; x_wconf 84' lang='grc' dir='ltr'>μέλεσι</span> <span class='ocrx_word' id='word_1_53' title='bbox 529 880 734 954; x_wconf 83' lang='grc' dir='ltr'>σαρκὸς</span> <span class='ocrx_word' id='word_1_54' title='bbox 772 878 1068 950; x_wconf 75' lang='grc' dir='ltr'><strong>ἀγριαίνων</strong></span> <span class='ocrx_word' id='word_1_55' title='bbox 1092 878 1276 948; x_wconf 69' lang='grc' dir='ltr'>νόμοςθ</span> <span class='ocrx_word' id='word_1_56' title='bbox 1306 876 1402 930; x_wconf 67' lang='grc' dir='ltr'><strong>καὶ</strong></span> <span class='ocrx_word' id='word_1_57' title='bbox 1434 876 1580 930; x_wconf 74' lang='grc' dir='ltr'>ἅπαν</span> <span class='ocrx_word' id='word_1_58' title='bbox 1612 874 1769 944; x_wconf 82' lang='grc' dir='ltr'>ἡμῶν</span> <span class='ocrx_word' id='word_1_59' title='bbox 1795 874 1892 944; x_wconf 75' lang='grc' dir='ltr'>τῆς</span> 
     </span>
    </p>
   </div>
   <div class='ocr_carea' id='block_1_9' title="bbox 299 968 1893 1044">
    <p class='ocr_par' dir='ltr' id='par_1_9' title="bbox 299 968 1893 1044">
     <span class='ocr_line' id='line_1_9' title="bbox 299 968 1893 1044; baseline -0.007 -12"><span class='ocrx_word' id='word_1_60' title='bbox 299 977 538 1040; x_wconf 80' lang='grc' dir='ltr'>διανοίας</span> <span class='ocrx_word' id='word_1_61' title='bbox 560 975 623 1029; x_wconf 80' lang='grc' dir='ltr'>τὸ</span> <span class='ocrx_word' id='word_1_62' title='bbox 649 973 857 1044; x_wconf 88' lang='grc' dir='ltr'>κίνημα</span> <span class='ocrx_word' id='word_1_63' title='bbox 891 971 1289 1043; x_wconf 81' lang='grc' dir='ltr'>καρποφορήσῃ</span> <span class='ocrx_word' id='word_1_64' title='bbox 1311 969 1388 1041; x_wconf 81' lang='grc' dir='ltr'>τῷ</span> <span class='ocrx_word' id='word_1_65' title='bbox 1415 969 1646 1040; x_wconf 82' lang='grc' dir='ltr'>Σατανᾷ.</span> <span class='ocrx_word' id='word_1_66' title='bbox 1681 968 1893 1022; x_wconf 80' lang='grc' dir='ltr'>Οὐκοῦν</span> 
     </span>
    </p>
   </div>
   <div class='ocr_carea' id='block_1_10' title="bbox 301 1058 1895 1140">
    <p class='ocr_par' dir='ltr' id='par_1_10' title="bbox 301 1058 1895 1140">
     <span class='ocr_line' id='line_1_10' title="bbox 301 1058 1895 1140; baseline -0.005 -20"><span class='ocrx_word' id='word_1_67' title='bbox 301 1068 419 1139; x_wconf 83' lang='grc' dir='ltr'>δίχα</span> <span class='ocrx_word' id='word_1_68' title='bbox 455 1083 515 1120; x_wconf 84' lang='grc' dir='ltr'><strong>τε</strong></span> <span class='ocrx_word' id='word_1_69' title='bbox 551 1061 829 1140; x_wconf 76' lang='grc' dir='ltr'><strong>φραγμοῦ,</strong></span> <span class='ocrx_word' id='word_1_70' title='bbox 855 1061 950 1115; x_wconf 88' lang='grc' dir='ltr'><strong>τοῦ</strong></span> <span class='ocrx_word' id='word_1_71' title='bbox 983 1059 1088 1132; x_wconf 81' lang='grc' dir='ltr'>μὴν</span> <span class='ocrx_word' id='word_1_72' title='bbox 1123 1060 1424 1131; x_wconf 80' lang='grc' dir='ltr'><strong>ἀτείχιστος</strong></span> <span class='ocrx_word' id='word_1_73' title='bbox 1462 1058 1746 1131; x_wconf 85' lang='grc' dir='ltr'>ἀμπελὼν,</span> <span class='ocrx_word' id='word_1_74' title='bbox 1780 1062 1895 1124; x_wconf 82' lang='grc' dir='ltr'>τοῖς</span> 
     </span>
    </p>
   </div>
   <div class='ocr_carea' id='block_1_11' title="bbox 303 1151 1896 1225">
    <p class='ocr_par' dir='ltr' id='par_1_11' title="bbox 303 1151 1896 1225">
     <span class='ocr_line' id='line_1_11' title="bbox 303 1151 1896 1225; baseline -0.005 -13"><span class='ocrx_word' id='word_1_75' title='bbox 303 1158 583 1212; x_wconf 66' lang='grc' dir='ltr'>ἐθέλουσιν</span> <span class='ocrx_word' id='word_1_76' title='bbox 643 1155 967 1225; x_wconf 81' lang='grc' dir='ltr'>άνεθήσεται</span> <span class='ocrx_word' id='word_1_77' title='bbox 1019 1151 1158 1223; x_wconf 75' lang='grc' dir='ltr'>πρὸς</span> <span class='ocrx_word' id='word_1_78' title='bbox 1206 1152 1537 1222; x_wconf 84' lang='grc' dir='ltr'>διαρπαγήν.</span> <span class='ocrx_word' id='word_1_79' title='bbox 1580 1151 1689 1206; x_wconf 75' lang='grc' dir='ltr'><strong>Καὶ</strong></span> <span class='ocrx_word' id='word_1_80' title='bbox 1725 1152 1785 1205; x_wconf 76' lang='grc' dir='ltr'><strong>οὐ</strong></span> <span class='ocrx_word' id='word_1_81' title='bbox 1818 1151 1896 1222; x_wconf 78' lang='grc' dir='ltr'><strong>μὴ,</strong></span> 
     </span>
    </p>
   </div>
   <div class='ocr_carea' id='block_1_12' title="bbox 303 1241 1894 1322">
    <p class='ocr_par' dir='ltr' id='par_1_12' title="bbox 303 1241 1894 1322">
     <span class='ocr_line' id='line_1_12' title="bbox 303 1241 1894 1322; baseline -0.017 -4"><span class='ocrx_word' id='word_1_82' title='bbox 303 1250 509 1322; x_wconf 78' lang='grc' dir='ltr'>τμηθῇ.</span> <span class='ocrx_word' id='word_1_83' title='bbox 541 1248 650 1303; x_wconf 66' lang='grc' dir='ltr'><strong>οὐδ’</strong></span> <span class='ocrx_word' id='word_1_84' title='bbox 679 1247 740 1301; x_wconf 70' lang='grc' dir='ltr'><strong>οὗ</strong></span> <span class='ocrx_word' id='word_1_85' title='bbox 766 1246 842 1317; x_wconf 79' lang='grc' dir='ltr'>μὴ</span> <span class='ocrx_word' id='word_1_86' title='bbox 876 1245 1080 1314; x_wconf 70' lang='grc' dir='ltr'>σκαφῇ,</span> <span class='ocrx_word' id='word_1_87' title='bbox 1112 1242 1258 1296; x_wconf 80' lang='grc' dir='ltr'>τοῦτ’</span> <span class='ocrx_word' id='word_1_88' title='bbox 1287 1241 1454 1306; x_wconf 79' lang='grc' dir='ltr'>ἔστιν,</span> <span class='ocrx_word' id='word_1_89' title='bbox 1484 1242 1741 1314; x_wconf 71' lang='grc' dir='ltr'>οὐδεμιᾶς</span> <span class='ocrx_word' id='word_1_90' title='bbox 1776 1245 1894 1297; x_wconf 71' lang='grc' dir='ltr'>ἐπι.</span> 
     </span>
    </p>
   </div>
   <div class='ocr_carea' id='block_1_13' title="bbox 305 1334 1894 1412">
    <p class='ocr_par' dir='ltr' id='par_1_13' title="bbox 305 1334 1894 1412">
     <span class='ocr_line' id='line_1_13' title="bbox 305 1334 1894 1412; baseline -0.003 -15"><span class='ocrx_word' id='word_1_91' title='bbox 305 1343 552 1408; x_wconf 72' lang='grc' dir='ltr'>τεύξεται</span> <span class='ocrx_word' id='word_1_92' title='bbox 579 1339 882 1412; x_wconf 72' lang='grc' dir='ltr'>φροντίδος,</span> <span class='ocrx_word' id='word_1_93' title='bbox 912 1334 1248 1409; x_wconf 72' lang='grc' dir='ltr'>ἐπανορθοῦν</span> <span class='ocrx_word' id='word_1_94' title='bbox 1284 1335 1590 1407; x_wconf 58' lang='grc' dir='ltr'>δυναμένης</span> <span class='ocrx_word' id='word_1_95' title='bbox 1632 1337 1721 1390; x_wconf 72' lang='grc' dir='ltr'><strong>καὶ</strong></span> <span class='ocrx_word' id='word_1_96' title='bbox 1759 1337 1894 1392; x_wconf 82' lang='grc' dir='ltr'>ἀνα-</span> 
     </span>
    </p>
   </div>
   <div class='ocr_carea' id='block_1_14' title="bbox 305 1415 1894 1504">
    <p class='ocr_par' dir='ltr' id='par_1_14' title="bbox 305 1427 1894 1504">
     <span class='ocr_line' id='line_1_14' title="bbox 305 1427 1894 1504; baseline -0.004 -14"><span class='ocrx_word' id='word_1_97' title='bbox 305 1438 553 1504; x_wconf 68' lang='grc' dir='ltr'>κομίζειν</span> <span class='ocrx_word' id='word_1_98' title='bbox 577 1433 671 1487; x_wconf 75' lang='grc' dir='ltr'>ἐπὶ</span> <span class='ocrx_word' id='word_1_99' title='bbox 703 1431 763 1485; x_wconf 82' lang='grc' dir='ltr'><strong>τὸ</strong></span> <span class='ocrx_word' id='word_1_100' title='bbox 786 1432 1028 1502; x_wconf 75' lang='grc' dir='ltr'>ἄμεινον,</span> <span class='ocrx_word' id='word_1_101' title='bbox 1052 1430 1146 1483; x_wconf 55' lang='grc' dir='ltr'><strong>καὶ⁸</strong></span> <span class='ocrx_word' id='word_1_102' title='bbox 1173 1429 1271 1500; x_wconf 82' lang='grc' dir='ltr'>τῆς</span> <span class='ocrx_word' id='word_1_103' title='bbox 1293 1427 1436 1482; x_wconf 73' lang='grc' dir='ltr'>οὕτω</span> <span class='ocrx_word' id='word_1_104' title='bbox 1460 1428 1637 1498; x_wconf 85' lang='grc' dir='ltr'>δεινῆς</span> <span class='ocrx_word' id='word_1_105' title='bbox 1670 1429 1894 1500; x_wconf 84' lang='grc' dir='ltr'>χερσίας</span> 
     </span>
    </p>
   </div>
   <div class='ocr_carea' id='block_1_15' title="bbox 307 1519 1895 1591">
    <p class='ocr_par' dir='ltr' id='par_1_15' title="bbox 307 1519 1895 1591">
     <span class='ocr_line' id='line_1_15' title="bbox 307 1519 1895 1591; baseline -0.005 -11"><span class='ocrx_word' id='word_1_106' title='bbox 307 1526 677 1580; x_wconf 78' lang='grc' dir='ltr'>ἀπαλλάττειν</span> <span class='ocrx_word' id='word_1_107' title='bbox 726 1522 910 1576; x_wconf 80' lang='grc' dir='ltr'>αὐτόν.</span> <span class='ocrx_word' id='word_1_108' title='bbox 965 1519 1318 1590; x_wconf 81' lang='grc' dir='ltr'>Ἑντελοῦμαι.</span> <span class='ocrx_word' id='word_1_109' title='bbox 1371 1519 1480 1591; x_wconf 76' lang='grc' dir='ltr'><strong>γὰρ</strong></span> <span class='ocrx_word' id='word_1_110' title='bbox 1528 1520 1589 1591; x_wconf 83' lang='grc' dir='ltr'>δὴ</span> <span class='ocrx_word' id='word_1_111' title='bbox 1636 1522 1728 1574; x_wconf 71' lang='grc' dir='ltr'><strong>καὶ</strong></span> <span class='ocrx_word' id='word_1_112' title='bbox 1774 1523 1895 1586; x_wconf 84' lang='grc' dir='ltr'>ταῖς</span> 
     </span>
    </p>
   </div>
   <div class='ocr_carea' id='block_1_16' title="bbox 309 1612 1894 1688">
    <p class='ocr_par' dir='ltr' id='par_1_16' title="bbox 309 1612 1894 1688">
     <span class='ocr_line' id='line_1_16' title="bbox 309 1612 1894 1688; baseline -0.004 -17"><span class='ocrx_word' id='word_1_113' title='bbox 309 1620 523 1688; x_wconf 79' lang='grc' dir='ltr'>νοηταῖς</span> <span class='ocrx_word' id='word_1_114' title='bbox 561 1615 836 1686; x_wconf 76' lang='grc' dir='ltr'>νεφέλαις,</span> <span class='ocrx_word' id='word_1_115' title='bbox 865 1613 1008 1668; x_wconf 86' lang='grc' dir='ltr'>τοῦτ’</span> <span class='ocrx_word' id='word_1_116' title='bbox 1036 1612 1172 1678; x_wconf 80' lang='grc' dir='ltr'>ἔστι,</span> <span class='ocrx_word' id='word_1_117' title='bbox 1207 1615 1321 1676; x_wconf 85' lang='grc' dir='ltr'>τοῖς</span> <span class='ocrx_word' id='word_1_118' title='bbox 1351 1614 1527 1681; x_wconf 79' lang='grc' dir='ltr'>ἁγίοις</span> <span class='ocrx_word' id='word_1_119' title='bbox 1567 1614 1894 1684; x_wconf 75' lang='grc' dir='ltr'>προφήταις,</span> 
     </span>
    </p>
   </div>
   <div class='ocr_carea' id='block_1_17' title="bbox 308 1704 1897 1782">
    <p class='ocr_par' dir='ltr' id='par_1_17' title="bbox 308 1704 1897 1782">
     <span class='ocr_line' id='line_1_17' title="bbox 308 1704 1897 1782; baseline -0.003 -19"><span class='ocrx_word' id='word_1_120' title='bbox 308 1711 472 1782; x_wconf 76' lang='grc' dir='ltr'>ήγουν</span> <span class='ocrx_word' id='word_1_121' title='bbox 505 1709 770 1777; x_wconf 80' lang='grc' dir='ltr'>δυνάμεσι</span> <span class='ocrx_word' id='word_1_122' title='bbox 808 1710 926 1769; x_wconf 82' lang='grc' dir='ltr'>ταῖς</span> <span class='ocrx_word' id='word_1_123' title='bbox 965 1705 1309 1774; x_wconf 81' lang='grc' dir='ltr'>ἀγγελικαῖς,</span> <span class='ocrx_word' id='word_1_124' title='bbox 1347 1704 1440 1758; x_wconf 78' lang='grc' dir='ltr'><strong>τοῦ</strong></span> <span class='ocrx_word' id='word_1_125' title='bbox 1481 1705 1554 1776; x_wconf 85' lang='grc' dir='ltr'><strong>μὴ</strong></span> <span class='ocrx_word' id='word_1_126' title='bbox 1586 1704 1774 1775; x_wconf 78' lang='grc' dir='ltr'>βρέξαι</span> <span class='ocrx_word' id='word_1_127' title='bbox 1817 1708 1897 1769; x_wconf 85' lang='grc' dir='ltr'><strong>είς</strong></span> 
     </span>
    </p>
   </div>
   <div class='ocr_carea' id='block_1_18' title="bbox 310 1793 1897 1866">
    <p class='ocr_par' dir='ltr' id='par_1_18' title="bbox 310 1793 1897 1866">
     <span class='ocr_line' id='line_1_18' title="bbox 310 1793 1897 1866; baseline -0.005 -12"><span class='ocrx_word' id='word_1_128' title='bbox 310 1799 470 1854; x_wconf 75' lang='grc' dir='ltr'>αὐτὸν</span> <span class='ocrx_word' id='word_1_129' title='bbox 501 1797 678 1851; x_wconf 84' lang='grc' dir='ltr'>ὑετόν·</span> <span class='ocrx_word' id='word_1_130' title='bbox 707 1796 865 1865; x_wconf 78' lang='grc' dir='ltr'>δῆλον</span> <span class='ocrx_word' id='word_1_131' title='bbox 890 1796 946 1848; x_wconf 75' lang='grc' dir='ltr'><strong>δὲ</strong></span> <span class='ocrx_word' id='word_1_132' title='bbox 969 1797 1050 1848; x_wconf 86' lang='grc' dir='ltr'><strong>ὅτι</strong></span> <span class='ocrx_word' id='word_1_133' title='bbox 1073 1795 1165 1848; x_wconf 78' lang='grc' dir='ltr'><strong>τὸν</strong></span> <span class='ocrx_word' id='word_1_134' title='bbox 1186 1793 1396 1864; x_wconf 77' lang='grc' dir='ltr'>νοητὸν,</span> <span class='ocrx_word' id='word_1_135' title='bbox 1427 1794 1516 1848; x_wconf 75' lang='grc' dir='ltr'><strong>τὸν</strong></span> <span class='ocrx_word' id='word_1_136' title='bbox 1542 1793 1616 1857; x_wconf 83' lang='grc' dir='ltr'>ὡς</span> <span class='ocrx_word' id='word_1_137' title='bbox 1642 1796 1698 1848; x_wconf 78' lang='grc' dir='ltr'><strong>ἐν</strong></span> <span class='ocrx_word' id='word_1_138' title='bbox 1721 1812 1897 1866; x_wconf 88' lang='grc' dir='ltr'>παρα-</span> 
     </span>
    </p>
   </div>
   <div class='ocr_carea' id='block_1_19' title="bbox 310 1886 1896 1961">
    <p class='ocr_par' dir='ltr' id='par_1_19' title="bbox 310 1886 1896 1961">
     <span class='ocr_line' id='line_1_19' title="bbox 310 1886 1896 1961; baseline -0.005 -15"><span class='ocrx_word' id='word_1_139' title='bbox 310 1891 500 1961; x_wconf 79' lang='grc' dir='ltr'>κλήσει</span> <span class='ocrx_word' id='word_1_140' title='bbox 557 1892 623 1961; x_wconf 65' lang='lat' dir='ltr'><strong>sf]</strong></span> <span class='ocrx_word' id='word_1_141' title='bbox 663 1890 740 1951; x_wconf 79' lang='grc' dir='ltr'><strong>είς</strong></span> <span class='ocrx_word' id='word_1_142' title='bbox 779 1887 904 1940; x_wconf 87' lang='grc' dir='ltr'>νοῦν</span> <span class='ocrx_word' id='word_1_143' title='bbox 932 1887 1024 1940; x_wconf 73' lang='grc' dir='ltr'><strong>καὶ</strong></span> <span class='ocrx_word' id='word_1_144' title='bbox 1061 1887 1310 1958; x_wconf 84' lang='grc' dir='ltr'>καρδίαν,</span> <span class='ocrx_word' id='word_1_145' title='bbox 1344 1889 1436 1940; x_wconf 72' lang='grc' dir='ltr'><strong>καὶ</strong></span> <span class='ocrx_word' id='word_1_146' title='bbox 1474 1886 1616 1957; x_wconf 83' lang='grc' dir='ltr'>λόγῳ</span> <span class='ocrx_word' id='word_1_147' title='bbox 1660 1886 1738 1958; x_wconf 82' lang='grc' dir='ltr'>τῷ</span> <span class='ocrx_word' id='word_1_148' title='bbox 1767 1887 1896 1958; x_wconf 77' lang='grc' dir='ltr'>Θείῳ</span> 
     </span>
    </p>
   </div>
   <div class='ocr_carea' id='block_1_20' title="bbox 312 1976 1896 2052">
    <p class='ocr_par' dir='ltr' id='par_1_20' title="bbox 312 1976 1896 2052">
     <span class='ocr_line' id='line_1_20' title="bbox 312 1976 1896 2052; baseline -0.003 -17"><span class='ocrx_word' id='word_1_149' title='bbox 312 1980 707 2052; x_wconf 81' lang='grc' dir='ltr'>πραττόμενον.</span> <span class='ocrx_word' id='word_1_150' title='bbox 743 1979 889 2050; x_wconf 79' lang='grc' dir='ltr'>Πλὴν</span> <span class='ocrx_word' id='word_1_151' title='bbox 917 1977 1165 2032; x_wconf 79' lang='grc' dir='ltr'>ἐντεῦθεν</span> <span class='ocrx_word' id='word_1_152' title='bbox 1204 1976 1319 2030; x_wconf 79' lang='grc' dir='ltr'>ἔστι</span> <span class='ocrx_word' id='word_1_153' title='bbox 1353 1977 1588 2047; x_wconf 75' lang='grc' dir='ltr'>μάλιστα</span> <span class='ocrx_word' id='word_1_154' title='bbox 1631 1979 1778 2044; x_wconf 81' lang='grc' dir='ltr'>ἰδεῖν,</span> <span class='ocrx_word' id='word_1_155' title='bbox 1813 1979 1896 2032; x_wconf 81' lang='grc' dir='ltr'><strong>ὅτι</strong></span> 
     </span>
    </p>
   </div>
   <div class='ocr_carea' id='block_1_21' title="bbox 311 2069 1898 2144">
    <p class='ocr_par' dir='ltr' id='par_1_21' title="bbox 311 2069 1898 2144">
     <span class='ocr_line' id='line_1_21' title="bbox 311 2069 1898 2144; baseline -0.002 -17"><span class='ocrx_word' id='word_1_156' title='bbox 311 2077 421 2141; x_wconf 67' lang='grc' dir='ltr'>τοῖς</span> <span class='ocrx_word' id='word_1_157' title='bbox 475 2075 613 2136; x_wconf 83' lang='grc' dir='ltr'>υἱοῖς</span> <span class='ocrx_word' id='word_1_158' title='bbox 671 2071 890 2144; x_wconf 83' lang='grc' dir='ltr'>Ἰσραὴλ</span> <span class='ocrx_word' id='word_1_159' title='bbox 927 2071 987 2124; x_wconf 80' lang='grc' dir='ltr'><strong>οὐ</strong></span> <span class='ocrx_word' id='word_1_160' title='bbox 1039 2070 1144 2142; x_wconf 89' lang='grc' dir='ltr'><strong>πρό</strong></span> <span class='ocrx_word' id='word_1_161' title='bbox 1186 2087 1249 2138; x_wconf 89' lang='grc' dir='ltr'><strong>γε</strong></span> <span class='ocrx_word' id='word_1_162' title='bbox 1293 2069 1400 2123; x_wconf 87' lang='grc' dir='ltr'><strong>τῶν</strong></span> <span class='ocrx_word' id='word_1_163' title='bbox 1447 2073 1545 2142; x_wconf 78' lang='grc' dir='ltr'>τῆς</span> <span class='ocrx_word' id='word_1_164' title='bbox 1603 2069 1898 2134; x_wconf 78' lang='grc' dir='ltr'>ἐπιδημίας</span> 
     </span>
    </p>
   </div>
   <div class='ocr_carea' id='block_1_22' title="bbox 311 2161 1898 2236">
    <p class='ocr_par' dir='ltr' id='par_1_22' title="bbox 311 2161 1898 2236">
     <span class='ocr_line' id='line_1_22' title="bbox 311 2161 1898 2236; baseline -0.001 -18"><span class='ocrx_word' id='word_1_165' title='bbox 311 2161 523 2236; x_wconf 75' lang='grc' dir='ltr'>καιρῶν</span> <span class='ocrx_word' id='word_1_166' title='bbox 578 2163 648 2216; x_wconf 80' lang='grc' dir='ltr'>τὰ</span> <span class='ocrx_word' id='word_1_167' title='bbox 683 2163 858 2217; x_wconf 80' lang='grc' dir='ltr'>τοιάδε</span> <span class='ocrx_word' id='word_1_168' title='bbox 892 2161 1267 2233; x_wconf 82' lang='grc' dir='ltr'>συμϐήσεσοαί</span> <span class='ocrx_word' id='word_1_169' title='bbox 1295 2179 1462 2233; x_wconf 79' lang='grc' dir='ltr'>φησιν</span> <span class='ocrx_word' id='word_1_170' title='bbox 1503 2165 1530 2216; x_wconf 88' lang='grc' dir='ltr'>ὁ</span> <span class='ocrx_word' id='word_1_171' title='bbox 1567 2169 1898 2234; x_wconf 82' lang='grc' dir='ltr'>προφητικος</span> 
     </span>
    </p>
   </div>
   <div class='ocr_carea' id='block_1_23' title="bbox 312 2251 1895 2328">
    <p class='ocr_par' dir='ltr' id='par_1_23' title="bbox 312 2251 1895 2328">
     <span class='ocr_line' id='line_1_23' title="bbox 312 2251 1895 2328; baseline -0.001 -20"><span class='ocrx_word' id='word_1_172' title='bbox 312 2259 442 2328; x_wconf 72' lang='grc' dir='ltr'>ἡμῖν</span> <span class='ocrx_word' id='word_1_173' title='bbox 472 2256 656 2324; x_wconf 84' lang='grc' dir='ltr'>λόγος,</span> <span class='ocrx_word' id='word_1_174' title='bbox 685 2254 800 2308; x_wconf 77' lang='grc' dir='ltr'>ἀλλ’</span> <span class='ocrx_word' id='word_1_175' title='bbox 821 2254 909 2307; x_wconf 79' lang='grc' dir='ltr'><strong>ὅτε</strong></span> <span class='ocrx_word' id='word_1_176' title='bbox 935 2251 1399 2324; x_wconf 79' lang='grc' dir='ltr'>πεπαρῳνήκασιν</span> <span class='ocrx_word' id='word_1_177' title='bbox 1426 2255 1506 2316; x_wconf 77' lang='grc' dir='ltr'>εἰς</span> <span class='ocrx_word' id='word_1_178' title='bbox 1535 2253 1789 2323; x_wconf 78' lang='grc' dir='ltr'>Χριστόν.</span> <span class='ocrx_word' id='word_1_179' title='bbox 1822 2254 1895 2306; x_wconf 72' lang='grc' dir='ltr'><strong>Οὐ</strong></span> 
     </span>
    </p>
   </div>
   <div class='ocr_carea' id='block_1_24' title="bbox 312 2343 1896 2418">
    <p class='ocr_par' dir='ltr' id='par_1_24' title="bbox 312 2343 1896 2418">
     <span class='ocr_line' id='line_1_24' title="bbox 312 2343 1896 2418; baseline -0.002 -18"><span class='ocrx_word' id='word_1_180' title='bbox 312 2349 416 2418; x_wconf 72' lang='grc' dir='ltr'>γὰρ</span> <span class='ocrx_word' id='word_1_181' title='bbox 443 2347 612 2410; x_wconf 75' lang='grc' dir='ltr'>ἔστιν,</span> <span class='ocrx_word' id='word_1_182' title='bbox 635 2346 737 2399; x_wconf 82' lang='grc' dir='ltr'><strong>οὐκ</strong></span> <span class='ocrx_word' id='word_1_183' title='bbox 762 2345 907 2398; x_wconf 73' lang='grc' dir='ltr'>ἔστιν</span> <span class='ocrx_word' id='word_1_184' title='bbox 931 2346 1128 2406; x_wconf 78' lang='grc' dir='ltr'>εἰπεῖν,</span> <span class='ocrx_word' id='word_1_185' title='bbox 1147 2345 1315 2415; x_wconf 68' lang='grc' dir='ltr'>ἤγουν</span> <span class='ocrx_word' id='word_1_186' title='bbox 1346 2344 1657 2408; x_wconf 78' lang='grc' dir='ltr'>καταδεῖξαι</span> <span class='ocrx_word' id='word_1_187' title='bbox 1685 2343 1896 2414; x_wconf 85' lang='grc' dir='ltr'>καιρὸν,</span> 
     </span>
    </p>
   </div>
   <div class='ocr_carea' id='block_1_25' title="bbox 313 2436 1898 2508">
    <p class='ocr_par' dir='ltr' id='par_1_25' title="bbox 313 2436 1898 2508">
     <span class='ocr_line' id='line_1_25' title="bbox 313 2436 1898 2508; baseline -0.001 -17"><span class='ocrx_word' id='word_1_188' title='bbox 313 2439 432 2492; x_wconf 77' lang='grc' dir='ltr'>καθ’</span> <span class='ocrx_word' id='word_1_189' title='bbox 482 2440 543 2492; x_wconf 85' lang='grc' dir='ltr'>ὃν</span> <span class='ocrx_word' id='word_1_190' title='bbox 589 2437 1010 2492; x_wconf 82' lang='grc' dir='ltr'>κατατετέλεκεν</span> <span class='ocrx_word' id='word_1_191' title='bbox 1057 2439 1084 2490; x_wconf 87' lang='grc' dir='ltr'><strong>ό</strong></span> <span class='ocrx_word' id='word_1_192' title='bbox 1126 2437 1339 2508; x_wconf 76' lang='grc' dir='ltr'>Ἰσραὴλ</span> <span class='ocrx_word' id='word_1_193' title='bbox 1384 2436 1684 2507; x_wconf 73' lang='grc' dir='ltr'>προφητῶν</span> <span class='ocrx_word' id='word_1_194' title='bbox 1729 2437 1898 2505; x_wconf 85' lang='grc' dir='ltr'>ἁγίων</span> 
     </span>
    </p>
   </div>
   <div class='ocr_carea' id='block_1_26' title="bbox 310 2529 1895 2601">
    <p class='ocr_par' dir='ltr' id='par_1_26' title="bbox 310 2529 1895 2601">
     <span class='ocr_line' id='line_1_26' title="bbox 310 2529 1895 2601; baseline -0.002 -15"><span class='ocrx_word' id='word_1_195' title='bbox 310 2531 454 2600; x_wconf 76' lang='grc' dir='ltr'>δῖχα.</span> <span class='ocrx_word' id='word_1_196' title='bbox 485 2530 744 2598; x_wconf 73' lang='grc' dir='ltr'>Γεγόνασι</span> <span class='ocrx_word' id='word_1_197' title='bbox 795 2530 893 2600; x_wconf 82' lang='grc' dir='ltr'><strong>μὲν</strong></span> <span class='ocrx_word' id='word_1_198' title='bbox 930 2529 1038 2601; x_wconf 78' lang='grc' dir='ltr'><strong>γάρ</strong></span> <span class='ocrx_word' id='word_1_199' title='bbox 1088 2529 1425 2600; x_wconf 77' lang='grc' dir='ltr'>αἰχμάλωτοι</span> <span class='ocrx_word' id='word_1_200' title='bbox 1471 2529 1611 2583; x_wconf 83' lang='grc' dir='ltr'>κατά</span> <span class='ocrx_word' id='word_1_201' title='bbox 1649 2531 1895 2600; x_wconf 82' lang='grc' dir='ltr'>καιροὺς,</span> 
     </span>
    </p>
   </div>
   <div class='ocr_carea' id='block_1_27' title="bbox 315 2618 1899 2692">
    <p class='ocr_par' dir='ltr' id='par_1_27' title="bbox 315 2618 1899 2692">
     <span class='ocr_line' id='line_1_27' title="bbox 315 2618 1899 2692; baseline 0 -19"><span class='ocrx_word' id='word_1_202' title='bbox 315 2623 406 2673; x_wconf 71' lang='grc' dir='ltr'>καὶ</span> <span class='ocrx_word' id='word_1_203' title='bbox 438 2622 520 2686; x_wconf 82' lang='grc' dir='ltr'>εἰς</span> <span class='ocrx_word' id='word_1_204' title='bbox 549 2621 647 2691; x_wconf 77' lang='grc' dir='ltr'><strong>τὴν</strong></span> <span class='ocrx_word' id='word_1_205' title='bbox 683 2621 910 2692; x_wconf 81' lang='grc' dir='ltr'>Περσῶν</span> <span class='ocrx_word' id='word_1_206' title='bbox 942 2621 1035 2673; x_wconf 75' lang='grc' dir='ltr'>καὶ</span> <span class='ocrx_word' id='word_1_207' title='bbox 1063 2620 1264 2690; x_wconf 80' lang='grc' dir='ltr'>Μήδων</span> <span class='ocrx_word' id='word_1_208' title='bbox 1295 2618 1578 2690; x_wconf 77' lang='grc' dir='ltr'>ἀπῴχοντο</span> <span class='ocrx_word' id='word_1_209' title='bbox 1598 2620 1778 2692; x_wconf 85' lang='grc' dir='ltr'>χώραν</span> <span class='ocrx_word' id='word_1_210' title='bbox 1803 2637 1899 2689; x_wconf 72' lang='grc' dir='ltr'><strong>γυι⁸</strong></span> 
     </span>
    </p>
   </div>
   <div class='ocr_carea' id='block_1_28' title="bbox 315 2697 1900 2784">
    <p class='ocr_par' dir='ltr' id='par_1_28' title="bbox 315 2710 1900 2784">
     <span class='ocr_line' id='line_1_28' title="bbox 315 2710 1900 2784; baseline 0.001 -21"><span class='ocrx_word' id='word_1_211' title='bbox 315 2712 484 2777; x_wconf 74' lang='grc' dir='ltr'>ναιξὶν</span> <span class='ocrx_word' id='word_1_212' title='bbox 522 2712 660 2781; x_wconf 83' lang='grc' dir='ltr'>ὁμοῦ</span> <span class='ocrx_word' id='word_1_213' title='bbox 694 2712 787 2764; x_wconf 73' lang='grc' dir='ltr'><strong>καὶ</strong></span> <span class='ocrx_word' id='word_1_214' title='bbox 815 2711 1113 2780; x_wconf 83' lang='grc' dir='ltr'>φιλτάτοις.</span> <span class='ocrx_word' id='word_1_215' title='bbox 1146 2710 1293 2783; x_wconf 79' lang='grc' dir='ltr'>Πλὴν</span> <span class='ocrx_word' id='word_1_216' title='bbox 1336 2713 1398 2764; x_wconf 81' lang='grc' dir='ltr'><strong>οὐ</strong></span> <span class='ocrx_word' id='word_1_217' title='bbox 1440 2711 1564 2781; x_wconf 88' lang='grc' dir='ltr'>δίχα</span> <span class='ocrx_word' id='word_1_218' title='bbox 1603 2711 1900 2784; x_wconf 75' lang='grc' dir='ltr'>προφητῶν</span> 
     </span>
    </p>
   </div>
   <div class='ocr_carea' id='block_1_29' title="bbox 314 2804 1901 2876">
    <p class='ocr_par' dir='ltr' id='par_1_29' title="bbox 314 2804 1901 2876">
     <span class='ocr_line' id='line_1_29' title="bbox 314 2804 1901 2876; baseline -0.001 -16"><span class='ocrx_word' id='word_1_219' title='bbox 314 2806 483 2872; x_wconf 78' lang='grc' dir='ltr'>ἁγίων</span> <span class='ocrx_word' id='word_1_220' title='bbox 517 2804 829 2874; x_wconf 77' lang='grc' dir='ltr'>κατέϐησαν</span> <span class='ocrx_word' id='word_1_221' title='bbox 862 2804 942 2865; x_wconf 84' lang='grc' dir='ltr'><strong>είς</strong></span> <span class='ocrx_word' id='word_1_222' title='bbox 964 2804 1258 2871; x_wconf 79' lang='grc' dir='ltr'>Αἴγυπτον,</span> <span class='ocrx_word' id='word_1_223' title='bbox 1291 2804 1579 2876; x_wconf 74' lang='grc' dir='ltr'>ᾐρηκότων</span> <span class='ocrx_word' id='word_1_224' title='bbox 1606 2805 1744 2858; x_wconf 79' lang='grc' dir='ltr'>κατὰ</span> <span class='ocrx_word' id='word_1_225' title='bbox 1776 2821 1901 2858; x_wconf 88' lang='grc' dir='ltr'>και-</span> 
     </span>
    </p>
   </div>
   <div class='ocr_carea' id='block_1_30' title="bbox 316 2891 1898 2965">
    <p class='ocr_par' dir='ltr' id='par_1_30' title="bbox 316 2891 1898 2965">
     <span class='ocr_line' id='line_1_30' title="bbox 316 2891 1898 2965; baseline -0.002 -18"><span class='ocrx_word' id='word_1_226' title='bbox 316 2897 444 2965; x_wconf 70' lang='grc' dir='ltr'>ροὺς</span> <span class='ocrx_word' id='word_1_227' title='bbox 490 2897 587 2963; x_wconf 74' lang='grc' dir='ltr'>τὴν</span> <span class='ocrx_word' id='word_1_228' title='bbox 633 2891 918 2962; x_wconf 85' lang='grc' dir='ltr'>διαϐόητον</span> <span class='ocrx_word' id='word_1_229' title='bbox 961 2891 1318 2963; x_wconf 79' lang='grc' dir='ltr'>Ἰερουσαλὴμ</span> <span class='ocrx_word' id='word_1_230' title='bbox 1359 2892 1467 2944; x_wconf 87' lang='grc' dir='ltr'><strong>τῶν</strong></span> <span class='ocrx_word' id='word_1_231' title='bbox 1522 2892 1898 2958; x_wconf 86' lang='grc' dir='ltr'>Βαϐυλωνίων,</span> 
     </span>
    </p>
   </div>
   <div class='ocr_carea' id='block_1_31' title="bbox 313 2983 1898 3055">
    <p class='ocr_par' dir='ltr' id='par_1_31' title="bbox 313 2983 1898 3055">
     <span class='ocr_line' id='line_1_31' title="bbox 313 2983 1898 3055; baseline 0 -19"><span class='ocrx_word' id='word_1_232' title='bbox 313 2985 450 3042; x_wconf 75' lang='grc' dir='ltr'>ἀλλὰ</span> <span class='ocrx_word' id='word_1_233' title='bbox 483 2985 647 3055; x_wconf 83' lang='grc' dir='ltr'>συνῆν</span> <span class='ocrx_word' id='word_1_234' title='bbox 669 2984 855 3046; x_wconf 79' lang='grc' dir='ltr'>αὐτοῖς</span> <span class='ocrx_word' id='word_1_235' title='bbox 880 2985 908 3036; x_wconf 84' lang='lat'><strong>6</strong></span> <span class='ocrx_word' id='word_1_236' title='bbox 936 2984 1224 3055; x_wconf 78' lang='grc' dir='ltr'>προφήτης</span> <span class='ocrx_word' id='word_1_237' title='bbox 1263 2984 1536 3055; x_wconf 77' lang='grc' dir='ltr'>Ἱερεμίας</span> <span class='ocrx_word' id='word_1_238' title='bbox 1555 3023 1569 3048; x_wconf 88' lang='grc'><strong>,</strong></span> <span class='ocrx_word' id='word_1_239' title='bbox 1615 2985 1725 3046; x_wconf 76' lang='grc' dir='ltr'>τοῖς</span> <span class='ocrx_word' id='word_1_240' title='bbox 1756 2983 1898 3036; x_wconf 86' lang='grc' dir='ltr'>ἄνω-</span> 
     </span>
    </p>
   </div>
   <div class='ocr_carea' id='block_1_32' title="bbox 315 3077 1902 3149">
    <p class='ocr_par' dir='ltr' id='par_1_32' title="bbox 315 3077 1902 3149">
     <span class='ocr_line' id='line_1_32' title="bbox 315 3077 1902 3149; baseline 0 -19"><span class='ocrx_word' id='word_1_241' title='bbox 315 3080 404 3133; x_wconf 83' lang='grc' dir='ltr'>Οεν</span> <span class='ocrx_word' id='word_1_242' title='bbox 433 3081 526 3132; x_wconf 71' lang='grc' dir='ltr'><strong>καὶ</strong></span> <span class='ocrx_word' id='word_1_243' title='bbox 559 3078 712 3148; x_wconf 82' lang='grc' dir='ltr'>παρὰ</span> <span class='ocrx_word' id='word_1_244' title='bbox 739 3077 876 3132; x_wconf 83' lang='grc' dir='ltr'>Θεοῦ</span> <span class='ocrx_word' id='word_1_245' title='bbox 913 3077 1327 3148; x_wconf 81' lang='grc' dir='ltr'>διακονούμενος</span> <span class='ocrx_word' id='word_1_246' title='bbox 1353 3077 1550 3146; x_wconf 86' lang='grc' dir='ltr'>λόγοις.</span> <span class='ocrx_word' id='word_1_247' title='bbox 1597 3077 1816 3149; x_wconf 79' lang='grc' dir='ltr'>Ἐπειδὴ</span> <span class='ocrx_word' id='word_1_248' title='bbox 1843 3077 1902 3131; x_wconf 72' lang='grc' dir='ltr'>δι</span> 
     </span>
    </p>
   </div>
   <div class='ocr_carea' id='block_1_33' title="bbox 314 3169 1974 3268">
    <p class='ocr_par' dir='ltr' id='par_1_33' title="bbox 314 3169 1974 3268">
     <span class='ocr_line' id='line_1_33' title="bbox 314 3169 1974 3268; baseline 0 -44"><span class='ocrx_word' id='word_1_249' title='bbox 314 3172 783 3243; x_wconf 78' lang='grc' dir='ltr'>πεπαρῳνήκασιν</span> <span class='ocrx_word' id='word_1_250' title='bbox 810 3173 890 3234; x_wconf 86' lang='grc' dir='ltr'>εἰς</span> <span class='ocrx_word' id='word_1_251' title='bbox 920 3172 1174 3242; x_wconf 82' lang='grc' dir='ltr'>Χριστὸν,</span> <span class='ocrx_word' id='word_1_252' title='bbox 1205 3171 1404 3243; x_wconf 80' lang='grc' dir='ltr'>ἔρημοι</span> <span class='ocrx_word' id='word_1_253' title='bbox 1434 3169 1692 3242; x_wconf 81' lang='grc' dir='ltr'>φραγμοῦ</span> <span class='ocrx_word' id='word_1_254' title='bbox 1723 3170 1901 3224; x_wconf 87' lang='grc' dir='ltr'>διατε-</span> <span class='ocrx_word' id='word_1_255' title='bbox 1929 3205 1974 3268; x_wconf 80' lang='lat' dir='ltr'><strong>C</strong></span> 
     </span>
    </p>
   </div>
   <div class='ocr_carea' id='block_1_34' title="bbox 313 3262 1904 3334">
    <p class='ocr_par' dir='ltr' id='par_1_34' title="bbox 313 3262 1904 3334">
     <span class='ocr_line' id='line_1_34' title="bbox 313 3262 1904 3334; baseline 0.001 -17"><span class='ocrx_word' id='word_1_256' title='bbox 313 3264 584 3328; x_wconf 75' lang='grc' dir='ltr'>τελέκασι,</span> <span class='ocrx_word' id='word_1_257' title='bbox 612 3266 708 3317; x_wconf 76' lang='grc' dir='ltr'><strong>καὶ</strong></span> <span class='ocrx_word' id='word_1_258' title='bbox 735 3265 886 3318; x_wconf 75' lang='grc' dir='ltr'>πᾶσα</span> <span class='ocrx_word' id='word_1_259' title='bbox 913 3264 1091 3318; x_wconf 85' lang='grc' dir='ltr'>αὐτῶν</span> <span class='ocrx_word' id='word_1_260' title='bbox 1107 3264 1377 3334; x_wconf 84' lang='grc' dir='ltr'>ἀσφάλεια</span> <span class='ocrx_word' id='word_1_261' title='bbox 1401 3264 1707 3319; x_wconf 88' lang='grc' dir='ltr'>πέπτωκεν.</span> <span class='ocrx_word' id='word_1_262' title='bbox 1733 3262 1904 3318; x_wconf 85' lang='grc' dir='ltr'>Τοῦτο</span> 
     </span>
    </p>
   </div>
   <div class='ocr_carea' id='block_1_35' title="bbox 313 3354 1903 3428">
    <p class='ocr_par' dir='ltr' id='par_1_35' title="bbox 313 3354 1903 3428">
     <span class='ocr_line' id='line_1_35' title="bbox 313 3354 1903 3428; baseline 0 -18"><span class='ocrx_word' id='word_1_263' title='bbox 313 3357 440 3428; x_wconf 76' lang='grc' dir='ltr'>γὰρ,</span> <span class='ocrx_word' id='word_1_264' title='bbox 465 3354 643 3428; x_wconf 77' lang='grc' dir='ltr'>οἶμαι,</span> <span class='ocrx_word' id='word_1_265' title='bbox 662 3357 780 3410; x_wconf 77' lang='grc' dir='ltr'>ἐστὶ</span> <span class='ocrx_word' id='word_1_266' title='bbox 804 3357 866 3410; x_wconf 80' lang='grc' dir='ltr'><strong>τὸ</strong></span> <span class='ocrx_word' id='word_1_267' title='bbox 885 3356 1263 3428; x_wconf 81' lang='grc' dir='ltr'>καθαιρεῖσθαι</span> <span class='ocrx_word' id='word_1_268' title='bbox 1287 3357 1461 3427; x_wconf 73' lang='grc' dir='ltr'>λέγειν</span> <span class='ocrx_word' id='word_1_269' title='bbox 1482 3357 1574 3410; x_wconf 80' lang='grc' dir='ltr'><strong>τὸν</strong></span> <span class='ocrx_word' id='word_1_270' title='bbox 1598 3359 1776 3428; x_wconf 84' lang='grc' dir='ltr'>τοῖχον</span> <span class='ocrx_word' id='word_1_271' title='bbox 1801 3356 1903 3410; x_wconf 86' lang='grc' dir='ltr'><strong>αὐ-</strong></span> 
     </span>
    </p>
   </div>
   <div class='ocr_carea' id='block_1_36' title="bbox 312 3446 1901 3520">
    <p class='ocr_par' dir='ltr' id='par_1_36' title="bbox 312 3446 1901 3520">
     <span class='ocr_line' id='line_1_36' title="bbox 312 3446 1901 3520; baseline -0.001 -18"><span class='ocrx_word' id='word_1_272' title='bbox 312 3448 428 3502; x_wconf 79' lang='grc' dir='ltr'>τοῦ.</span> <span class='ocrx_word' id='word_1_273' title='bbox 457 3448 748 3503; x_wconf 82' lang='grc' dir='ltr'>Πέπαυται</span> <span class='ocrx_word' id='word_1_274' title='bbox 782 3446 840 3499; x_wconf 80' lang='grc' dir='ltr'>δὲ</span> <span class='ocrx_word' id='word_1_275' title='bbox 878 3448 973 3501; x_wconf 75' lang='grc' dir='ltr'><strong>καὶ</strong></span> <span class='ocrx_word' id='word_1_276' title='bbox 1011 3447 1155 3513; x_wconf 76' lang='grc' dir='ltr'>ἄπας</span> <span class='ocrx_word' id='word_1_277' title='bbox 1201 3448 1499 3520; x_wconf 81' lang='grc' dir='ltr'>προφητῶν</span> <span class='ocrx_word' id='word_1_278' title='bbox 1542 3449 1714 3517; x_wconf 81' lang='grc' dir='ltr'>ἁγίων</span> <span class='ocrx_word' id='word_1_279' title='bbox 1745 3451 1774 3502; x_wconf 90' lang='lat'><strong>6</strong></span> <span class='ocrx_word' id='word_1_280' title='bbox 1813 3449 1901 3501; x_wconf 78' lang='grc' dir='ltr'><strong>ἐπ’</strong></span> 
     </span>
    </p>
   </div>
   <div class='ocr_carea' id='block_1_37' title="bbox 265 3537 1897 3612">
    <p class='ocr_par' dir='ltr' id='par_1_37' title="bbox 265 3537 1897 3612">
     <span class='ocr_line' id='line_1_37' title="bbox 265 3537 1897 3612; baseline -0.001 -18"><span class='ocrx_word' id='word_1_281' title='bbox 265 3569 275 3594; x_wconf 88' lang='grc' dir='ltr'><strong>ι</strong></span> <span class='ocrx_word' id='word_1_282' title='bbox 313 3540 497 3603; x_wconf 74' lang='grc' dir='ltr'>αὐτοῖς</span> <span class='ocrx_word' id='word_1_283' title='bbox 533 3539 713 3608; x_wconf 77' lang='grc' dir='ltr'>λόγος,</span> <span class='ocrx_word' id='word_1_284' title='bbox 739 3537 837 3592; x_wconf 73' lang='grc' dir='ltr'>καὶ</span> <span class='ocrx_word' id='word_1_285' title='bbox 876 3537 1032 3592; x_wconf 82' lang='grc' dir='ltr'>ὑετοῦ</span> <span class='ocrx_word' id='word_1_286' title='bbox 1071 3540 1228 3612; x_wconf 87' lang='grc' dir='ltr'>δίκην</span> <span class='ocrx_word' id='word_1_287' title='bbox 1257 3539 1510 3610; x_wconf 83' lang='grc' dir='ltr'>ἀνασχὼν</span> <span class='ocrx_word' id='word_1_288' title='bbox 1535 3539 1736 3610; x_wconf 84' lang='grc' dir='ltr'>τρόπον</span> <span class='ocrx_word' id='word_1_289' title='bbox 1756 3539 1897 3593; x_wconf 83' lang='grc' dir='ltr'>τινά’</span> 
     </span>
    </p>
   </div>
   <div class='ocr_carea' id='block_1_38' title="bbox 315 3630 1900 3702">
    <p class='ocr_par' dir='ltr' id='par_1_38' title="bbox 315 3630 1900 3702">
     <span class='ocr_line' id='line_1_38' title="bbox 315 3630 1900 3702; baseline 0.001 -18"><span class='ocrx_word' id='word_1_290' title='bbox 315 3632 410 3685; x_wconf 72' lang='grc' dir='ltr'>καὶ</span> <span class='ocrx_word' id='word_1_291' title='bbox 446 3630 851 3686; x_wconf 78' lang='grc' dir='ltr'>διαλελοίπασιν</span> <span class='ocrx_word' id='word_1_292' title='bbox 900 3633 956 3686; x_wconf 80' lang='grc' dir='ltr'>αἱ</span> <span class='ocrx_word' id='word_1_293' title='bbox 988 3631 1097 3686; x_wconf 84' lang='grc' dir='ltr'><strong>τῶν</strong></span> <span class='ocrx_word' id='word_1_294' title='bbox 1148 3632 1318 3701; x_wconf 74' lang='grc' dir='ltr'>ἁγίων</span> <span class='ocrx_word' id='word_1_295' title='bbox 1355 3632 1550 3702; x_wconf 79' lang='grc' dir='ltr'>φωναί·</span> <span class='ocrx_word' id='word_1_296' title='bbox 1590 3632 1683 3686; x_wconf 77' lang='grc' dir='ltr'><strong>καὶ</strong></span> <span class='ocrx_word' id='word_1_297' title='bbox 1720 3631 1900 3698; x_wconf 85' lang='grc' dir='ltr'>τοῦτο,</span> 
     </span>
    </p>
   </div>
   <div class='ocr_carea' id='block_1_39' title="bbox 314 3721 1898 3796">
    <p class='ocr_par' dir='ltr' id='par_1_39' title="bbox 314 3721 1898 3796">
     <span class='ocr_line' id='line_1_39' title="bbox 314 3721 1898 3796; baseline 0 -19"><span class='ocrx_word' id='word_1_298' title='bbox 314 3721 496 3794; x_wconf 78' lang='grc' dir='ltr'>οἶμαι,</span> <span class='ocrx_word' id='word_1_299' title='bbox 529 3723 647 3778; x_wconf 67' lang='grc' dir='ltr'>ἐστὶ</span> <span class='ocrx_word' id='word_1_300' title='bbox 671 3725 730 3779; x_wconf 83' lang='grc' dir='ltr'>τὸ</span> <span class='ocrx_word' id='word_1_301' title='bbox 758 3725 826 3778; x_wconf 83' lang='grc' dir='ltr'>δι’</span> <span class='ocrx_word' id='word_1_302' title='bbox 856 3726 974 3789; x_wconf 76' lang='grc' dir='ltr'>ἑνὸς</span> <span class='ocrx_word' id='word_1_303' title='bbox 1015 3725 1198 3790; x_wconf 81' lang='grc' dir='ltr'>αὐτοῖς</span> <span class='ocrx_word' id='word_1_304' title='bbox 1237 3725 1526 3796; x_wconf 75' lang='grc' dir='ltr'>εἰρημένον</span> <span class='ocrx_word' id='word_1_305' title='bbox 1559 3724 1709 3796; x_wconf 74' lang='grc' dir='ltr'>παρὰ</span> <span class='ocrx_word' id='word_1_306' title='bbox 1741 3723 1898 3778; x_wconf 75' lang='grc' dir='ltr'>Θεοῦο</span> 
     </span>
    </p>
   </div>
   <div class='ocr_carea' id='block_1_40' title="bbox 321 3812 1908 3887">
    <p class='ocr_par' dir='ltr' id='par_1_40' title="bbox 321 3812 1908 3887">
     <span class='ocr_line' id='line_1_40' title="bbox 321 3812 1908 3887; baseline -0.001 -20"><span class='ocrx_word' id='word_1_307' title='bbox 321 3835 337 3862; x_wconf 81' lang='grc' dir='ltr'><strong>ι</strong></span> <span class='ocrx_word' id='word_1_308' title='bbox 366 3812 506 3867; x_wconf 81' lang='grc' dir='ltr'>Ἰδοὺ</span> <span class='ocrx_word' id='word_1_309' title='bbox 537 3814 738 3885; x_wconf 74' lang='grc' dir='ltr'>ἡμέραι</span> <span class='ocrx_word' id='word_1_310' title='bbox 766 3815 1036 3887; x_wconf 72' lang='grc' dir='ltr'>ἔρχονται,</span> <span class='ocrx_word' id='word_1_311' title='bbox 1068 3814 1216 3883; x_wconf 80' lang='grc' dir='ltr'>λέγει</span> <span class='ocrx_word' id='word_1_312' title='bbox 1247 3813 1472 3886; x_wconf 77' lang='grc' dir='ltr'>Κύριος,</span> <span class='ocrx_word' id='word_1_313' title='bbox 1500 3815 1596 3868; x_wconf 80' lang='grc' dir='ltr'>καὶ</span> <span class='ocrx_word' id='word_1_314' title='bbox 1619 3814 1806 3880; x_wconf 71' lang='grc' dir='ltr'>ἐπάξω</span> <span class='ocrx_word' id='word_1_315' title='bbox 1830 3813 1908 3867; x_wconf 66' lang='grc' dir='ltr'><strong>λιν</strong></span> 
     </span>
    </p>
   </div>
   <div class='ocr_carea' id='block_1_41' title="bbox 317 3902 1900 3976">
    <p class='ocr_par' dir='ltr' id='par_1_41' title="bbox 317 3902 1900 3976">
     <span class='ocr_line' id='line_1_41' title="bbox 317 3902 1900 3976; baseline 0.001 -20"><span class='ocrx_word' id='word_1_316' title='bbox 317 3903 419 3972; x_wconf 70' lang='grc' dir='ltr'><strong>μὸν</strong></span> <span class='ocrx_word' id='word_1_317' title='bbox 445 3903 546 3956; x_wconf 74' lang='grc' dir='ltr'>ἐπὶ</span> <span class='ocrx_word' id='word_1_318' title='bbox 571 3902 670 3973; x_wconf 80' lang='grc' dir='ltr'><strong>τήν</strong></span> <span class='ocrx_word' id='word_1_319' title='bbox 697 3903 817 3976; x_wconf 79' lang='grc' dir='ltr'>γῆν,</span> <span class='ocrx_word' id='word_1_320' title='bbox 845 3905 906 3958; x_wconf 76' lang='grc' dir='ltr'><strong>οὑ</strong></span> <span class='ocrx_word' id='word_1_321' title='bbox 936 3903 1093 3976; x_wconf 76' lang='grc' dir='ltr'>λιμὸν</span> <span class='ocrx_word' id='word_1_322' title='bbox 1125 3903 1319 3975; x_wconf 72' lang='grc' dir='ltr'>ἄρτου,</span> <span class='ocrx_word' id='word_1_323' title='bbox 1349 3904 1472 3960; x_wconf 71' lang='grc' dir='ltr'>οὐδὲ</span> <span class='ocrx_word' id='word_1_324' title='bbox 1502 3903 1658 3974; x_wconf 77' lang='grc' dir='ltr'>δίψαν</span> <span class='ocrx_word' id='word_1_325' title='bbox 1689 3902 1900 3968; x_wconf 73' lang='grc' dir='ltr'>ῦδατοςο</span> 
     </span>
    </p>
   </div>
   <div class='ocr_carea' id='block_1_42' title="bbox 316 3993 1904 4068">
    <p class='ocr_par' dir='ltr' id='par_1_42' title="bbox 316 3993 1904 4068">
     <span class='ocr_line' id='line_1_42' title="bbox 316 3993 1904 4068; baseline 0.001 -21"><span class='ocrx_word' id='word_1_326' title='bbox 316 3993 455 4048; x_wconf 79' lang='grc' dir='ltr'>ἀλλά</span> <span class='ocrx_word' id='word_1_327' title='bbox 477 3995 638 4065; x_wconf 84' lang='grc' dir='ltr'>λιμὸν</span> <span class='ocrx_word' id='word_1_328' title='bbox 655 3995 748 4050; x_wconf 86' lang='grc' dir='ltr'><strong>τοῦ</strong></span> <span class='ocrx_word' id='word_1_329' title='bbox 777 3995 1008 4052; x_wconf 78' lang='grc' dir='ltr'>ἀκοῦσαι</span> <span class='ocrx_word' id='word_1_330' title='bbox 1041 3995 1202 4066; x_wconf 89' lang='grc' dir='ltr'>λόγον</span> <span class='ocrx_word' id='word_1_331' title='bbox 1226 3996 1454 4068; x_wconf 83' lang='grc' dir='ltr'>Κυρίου.</span> <span class='ocrx_word' id='word_1_332' title='bbox 1478 3997 1589 4052; x_wconf 82' lang='grc' dir='ltr'><strong>Καὶ</strong></span> <span class='ocrx_word' id='word_1_333' title='bbox 1614 3995 1722 4050; x_wconf 81' lang='grc' dir='ltr'><strong>ἀπὸ</strong></span> <span class='ocrx_word' id='word_1_334' title='bbox 1750 3997 1904 4050; x_wconf 78' lang='grc' dir='ltr'>Ἀνα-</span> 
     </span>
    </p>
   </div>
   <div class='ocr_carea' id='block_1_43' title="bbox 316 4087 1904 4161">
    <p class='ocr_par' dir='ltr' id='par_1_43' title="bbox 316 4087 1904 4161">
     <span class='ocr_line' id='line_1_43' title="bbox 316 4087 1904 4161; baseline 0.002 -23"><span class='ocrx_word' id='word_1_335' title='bbox 316 4087 486 4142; x_wconf 81' lang='grc' dir='ltr'>τολῶν</span> <span class='ocrx_word' id='word_1_336' title='bbox 523 4087 631 4152; x_wconf 73' lang='grc' dir='ltr'><strong>ἕως</strong></span> <span class='ocrx_word' id='word_1_337' title='bbox 670 4088 765 4142; x_wconf 75' lang='grc' dir='ltr'><strong>καὶ</strong></span> <span class='ocrx_word' id='word_1_338' title='bbox 820 4088 1052 4159; x_wconf 81' lang='grc' dir='ltr'>Δυσμῶν</span> <span class='ocrx_word' id='word_1_339' title='bbox 1097 4088 1562 4161; x_wconf 80' lang='grc' dir='ltr'>περιδραμοῦνται</span> <span class='ocrx_word' id='word_1_340' title='bbox 1613 4087 1904 4160; x_wconf 76' lang='grc' dir='ltr'>ζητοῦντες</span> 
     </span>
    </p>
   </div>
   <div class='ocr_carea' id='block_1_44' title="bbox 315 4179 1904 4255">
    <p class='ocr_par' dir='ltr' id='par_1_44' title="bbox 315 4179 1904 4255">
     <span class='ocr_line' id='line_1_44' title="bbox 315 4179 1904 4255; baseline 0 -22"><span class='ocrx_word' id='word_1_341' title='bbox 315 4179 404 4233; x_wconf 72' lang='grc' dir='ltr'><strong>τὸν</strong></span> <span class='ocrx_word' id='word_1_342' title='bbox 442 4179 606 4248; x_wconf 85' lang='grc' dir='ltr'>λόγον</span> <span class='ocrx_word' id='word_1_343' title='bbox 651 4181 880 4253; x_wconf 78' lang='grc' dir='ltr'>Κυρίου,</span> <span class='ocrx_word' id='word_1_344' title='bbox 927 4183 1023 4236; x_wconf 77' lang='grc' dir='ltr'>καὶ</span> <span class='ocrx_word' id='word_1_345' title='bbox 1055 4183 1115 4235; x_wconf 79' lang='grc' dir='ltr'>οὐ</span> <span class='ocrx_word' id='word_1_346' title='bbox 1154 4183 1232 4254; x_wconf 76' lang='grc' dir='ltr'>μὴ</span> <span class='ocrx_word' id='word_1_347' title='bbox 1263 4180 1485 4255; x_wconf 77' lang='grc' dir='ltr'>εὕρωσι.</span> <span class='ocrx_word' id='word_1_348' title='bbox 1523 4200 1543 4234; x_wconf 77' lang='grc' dir='ltr'><strong>ι</strong></span> <span class='ocrx_word' id='word_1_349' title='bbox 1595 4181 1706 4234; x_wconf 72' lang='grc' dir='ltr'><strong>Καὶ</strong></span> <span class='ocrx_word' id='word_1_350' title='bbox 1746 4180 1904 4234; x_wconf 74' lang='grc' dir='ltr'>ταυτὶ</span> 
     </span>
    </p>
   </div>
   <div class='ocr_carea' id='block_1_45' title="bbox 319 4271 1910 4346">
    <p class='ocr_par' dir='ltr' id='par_1_45' title="bbox 319 4271 1910 4346">
     <span class='ocr_line' id='line_1_45' title="bbox 319 4271 1910 4346; baseline 0.002 -23"><span class='ocrx_word' id='word_1_351' title='bbox 319 4271 437 4340; x_wconf 81' lang='grc' dir='ltr'>μὲν,</span> <span class='ocrx_word' id='word_1_352' title='bbox 467 4271 545 4334; x_wconf 84' lang='grc' dir='ltr'>ὠς</span> <span class='ocrx_word' id='word_1_353' title='bbox 578 4271 738 4342; x_wconf 79' lang='grc' dir='ltr'>ἔφην,</span> <span class='ocrx_word' id='word_1_354' title='bbox 759 4274 870 4336; x_wconf 78' lang='grc' dir='ltr'>τοῖς</span> <span class='ocrx_word' id='word_1_355' title='bbox 903 4272 964 4337; x_wconf 74' lang='grc' dir='ltr'><strong>ἐξ</strong></span> <span class='ocrx_word' id='word_1_356' title='bbox 1000 4272 1211 4346; x_wconf 81' lang='grc' dir='ltr'>Ἰσραὴλ</span> <span class='ocrx_word' id='word_1_357' title='bbox 1241 4273 1611 4346; x_wconf 83' lang='grc' dir='ltr'>συμϐέϐηκεν,</span> <span class='ocrx_word' id='word_1_358' title='bbox 1637 4273 1732 4326; x_wconf 77' lang='grc' dir='ltr'><strong>καὶ</strong></span> <span class='ocrx_word' id='word_1_359' title='bbox 1757 4272 1910 4343; x_wconf 77' lang='grc' dir='ltr'>μάλα</span> 
     </span>
    </p>
   </div>
   <div class='ocr_carea' id='block_1_46' title="bbox 317 4361 1908 4436">
    <p class='ocr_par' dir='ltr' id='par_1_46' title="bbox 317 4361 1908 4436">
     <span class='ocr_line' id='line_1_46' title="bbox 317 4361 1908 4436; baseline 0.001 -21"><span class='ocrx_word' id='word_1_360' title='bbox 317 4362 560 4428; x_wconf 81' lang='grc' dir='ltr'>εἰκότως.</span> <span class='ocrx_word' id='word_1_361' title='bbox 607 4361 954 4418; x_wconf 78' lang='grc' dir='ltr'>’Δπεώσαντο</span> <span class='ocrx_word' id='word_1_362' title='bbox 1001 4363 1112 4436; x_wconf 74' lang='grc' dir='ltr'><strong>γὰρ</strong></span> <span class='ocrx_word' id='word_1_363' title='bbox 1159 4365 1314 4420; x_wconf 74' lang='grc' dir='ltr'>αὐτοὶ</span> <span class='ocrx_word' id='word_1_364' title='bbox 1354 4365 1447 4418; x_wconf 79' lang='grc' dir='ltr'><strong>τὸν</strong></span> <span class='ocrx_word' id='word_1_365' title='bbox 1482 4365 1595 4418; x_wconf 82' lang='grc' dir='ltr'><strong>τῶν</strong></span> <span class='ocrx_word' id='word_1_366' title='bbox 1621 4363 1908 4435; x_wconf 85' lang='grc' dir='ltr'>δυνάμεων</span> 
     </span>
    </p>
   </div>
   <div class='ocr_carea' id='block_1_47' title="bbox 320 4453 1902 4529">
    <p class='ocr_par' dir='ltr' id='par_1_47' title="bbox 320 4453 1902 4529">
     <span class='ocr_line' id='line_1_47' title="bbox 320 4453 1902 4529; baseline 0.002 -22"><span class='ocrx_word' id='word_1_367' title='bbox 320 4454 544 4526; x_wconf 77' lang='grc' dir='ltr'>Κύριον,</span> <span class='ocrx_word' id='word_1_368' title='bbox 574 4453 668 4510; x_wconf 80' lang='grc' dir='ltr'>τὸν</span> <span class='ocrx_word' id='word_1_369' title='bbox 702 4454 1042 4524; x_wconf 83' lang='grc' dir='ltr'>κατάρδοντα</span> <span class='ocrx_word' id='word_1_370' title='bbox 1071 4456 1276 4526; x_wconf 81' lang='grc' dir='ltr'>νοητῶς</span> <span class='ocrx_word' id='word_1_371' title='bbox 1310 4455 1488 4527; x_wconf 69' lang='grc' dir='ltr'>ψυχὰς</span> <span class='ocrx_word' id='word_1_372' title='bbox 1523 4455 1617 4510; x_wconf 74' lang='grc' dir='ltr'>καὶ</span> <span class='ocrx_word' id='word_1_373' title='bbox 1653 4455 1902 4529; x_wconf 79' lang='grc' dir='ltr'>καρδίας,</span> 
     </span>
    </p>
   </div>
   <div class='ocr_carea' id='block_1_48' title="bbox 1995 592 3580 666">
    <p class='ocr_par' dir='ltr' id='par_1_48' title="bbox 1995 592 3580 666">
     <span class='ocr_line' id='line_1_48' title="bbox 1995 592 3580 666; baseline 0.008 -22"><span class='ocrx_word' id='word_1_374' title='bbox 1995 594 2295 650; x_wconf 75' lang='lat' dir='ltr'><strong>volentibus</strong></span> <span class='ocrx_word' id='word_1_375' title='bbox 2325 592 2612 666; x_wconf 76' lang='lat' dir='ltr'><strong>relinquat,</strong></span> <span class='ocrx_word' id='word_1_376' title='bbox 2651 602 2703 648; x_wconf 88' lang='lat' dir='ltr'><strong>et</strong></span> <span class='ocrx_word' id='word_1_377' title='bbox 2727 607 2859 650; x_wconf 84' lang='lat' dir='ltr'><strong>cura</strong></span> <span class='ocrx_word' id='word_1_378' title='bbox 2895 607 3132 666; x_wconf 87' lang='lat' dir='ltr'><strong>superna</strong></span> <span class='ocrx_word' id='word_1_379' title='bbox 3173 593 3343 653; x_wconf 87' lang='lat' dir='ltr'><strong>nudet</strong></span> <span class='ocrx_word' id='word_1_380' title='bbox 3387 604 3444 654; x_wconf 85' lang='lat' dir='ltr'><strong>et</strong></span> <span class='ocrx_word' id='word_1_381' title='bbox 3485 597 3580 656; x_wconf 85' lang='lat' dir='ltr'><strong>de-</strong></span> 
     </span>
    </p>
   </div>
   <div class='ocr_carea' id='block_1_49' title="bbox 1993 683 3578 750">
    <p class='ocr_par' dir='ltr' id='par_1_49' title="bbox 1993 683 3578 750">
     <span class='ocr_line' id='line_1_49' title="bbox 1993 683 3578 750; baseline 0.003 -8"><span class='ocrx_word' id='word_1_382' title='bbox 1993 689 2183 742; x_wconf 87' lang='lat' dir='ltr'><strong>stituat</strong></span> <span class='ocrx_word' id='word_1_383' title='bbox 2205 725 2221 750; x_wconf 88' lang='lat'><strong>,</strong></span> <span class='ocrx_word' id='word_1_384' title='bbox 2251 687 2302 741; x_wconf 94' lang='lat' dir='ltr'><strong>in</strong></span> <span class='ocrx_word' id='word_1_385' title='bbox 2333 686 2578 742; x_wconf 90' lang='lat' dir='ltr'><strong>omnium</strong></span> <span class='ocrx_word' id='word_1_386' title='bbox 2607 685 2874 742; x_wconf 85' lang='lat' dir='ltr'><strong>malorum</strong></span> <span class='ocrx_word' id='word_1_387' title='bbox 2917 683 3213 742; x_wconf 77' lang='lat' dir='ltr'><strong>discrimen</strong></span> <span class='ocrx_word' id='word_1_388' title='bbox 3242 688 3528 746; x_wconf 78' lang='lat' dir='ltr'><strong>veniemus</strong></span> <span class='ocrx_word' id='word_1_389' title='bbox 3559 708 3578 746; x_wconf 84' lang='lat'><strong>:</strong></span> 
     </span>
    </p>
   </div>
   <div class='ocr_carea' id='block_1_50' title="bbox 1993 775 3580 849">
    <p class='ocr_par' dir='ltr' id='par_1_50' title="bbox 1993 775 3580 849">
     <span class='ocr_line' id='line_1_50' title="bbox 1993 775 3580 849; baseline 0.004 -17"><span class='ocrx_word' id='word_1_390' title='bbox 1993 789 2048 834; x_wconf 87' lang='lat' dir='ltr'><strong>et</strong></span> <span class='ocrx_word' id='word_1_391' title='bbox 2069 779 2247 849; x_wconf 78' lang='lat' dir='ltr'><strong>quivis</strong></span> <span class='ocrx_word' id='word_1_392' title='bbox 2277 793 2377 836; x_wconf 87' lang='lat' dir='ltr'><strong>nos</strong></span> <span class='ocrx_word' id='word_1_393' title='bbox 2403 793 2468 835; x_wconf 89' lang='lat' dir='ltr'><strong>ac</strong></span> <span class='ocrx_word' id='word_1_394' title='bbox 2507 777 2650 835; x_wconf 88' lang='lat' dir='ltr'><strong>bona</strong></span> <span class='ocrx_word' id='word_1_395' title='bbox 2681 785 2865 835; x_wconf 85' lang='lat' dir='ltr'><strong>nostra</strong></span> <span class='ocrx_word' id='word_1_396' title='bbox 2900 775 3064 835; x_wconf 80' lang='lat' dir='ltr'><strong>facile</strong></span> <span class='ocrx_word' id='word_1_397' title='bbox 3088 778 3329 845; x_wconf 85' lang='lat' dir='ltr'><strong>invadet,</strong></span> <span class='ocrx_word' id='word_1_398' title='bbox 3364 781 3480 838; x_wconf 82' lang='lat' dir='ltr'><strong>sive</strong></span> <span class='ocrx_word' id='word_1_399' title='bbox 3505 782 3580 839; x_wconf 86' lang='lat' dir='ltr'><strong>sit</strong></span> 
     </span>
    </p>
   </div>
   <div class='ocr_carea' id='block_1_51' title="bbox 1995 870 3578 944">
    <p class='ocr_par' dir='ltr' id='par_1_51' title="bbox 1995 870 3578 944">
     <span class='ocr_line' id='line_1_51' title="bbox 1995 870 3578 944; baseline 0.005 -20"><span class='ocrx_word' id='word_1_400' title='bbox 1995 871 2132 926; x_wconf 80' lang='lat' dir='ltr'><strong>Intro</strong></span> <span class='ocrx_word' id='word_1_401' title='bbox 2165 871 2432 942; x_wconf 81' lang='lat' dir='ltr'><strong>quispiam</strong></span> <span class='ocrx_word' id='word_1_402' title='bbox 2457 870 2832 944; x_wconf 77' lang='lat' dir='ltr'><strong>intelligibilis.</strong></span> <span class='ocrx_word' id='word_1_403' title='bbox 2873 871 2988 928; x_wconf 88' lang='lat' dir='ltr'><strong>sive</strong></span> <span class='ocrx_word' id='word_1_404' title='bbox 3012 871 3065 927; x_wconf 91' lang='lat' dir='ltr'><strong>in</strong></span> <span class='ocrx_word' id='word_1_405' title='bbox 3102 871 3362 929; x_wconf 78' lang='lat' dir='ltr'><strong>membris</strong></span> <span class='ocrx_word' id='word_1_406' title='bbox 3397 875 3578 931; x_wconf 89' lang='lat' dir='ltr'><strong>carnis</strong></span> 
     </span>
    </p>
   </div>
   <div class='ocr_carea' id='block_1_52' title="bbox 1993 962 3578 1036">
    <p class='ocr_par' dir='ltr' id='par_1_52' title="bbox 1993 962 3578 1036">
     <span class='ocr_line' id='line_1_52' title="bbox 1993 962 3578 1036; baseline 0.001 -18"><span class='ocrx_word' id='word_1_407' title='bbox 1993 978 2247 1034; x_wconf 72' lang='lat' dir='ltr'><strong>grassans</strong></span> <span class='ocrx_word' id='word_1_408' title='bbox 2295 963 2405 1030; x_wconf 79' lang='lat' dir='ltr'><strong>lex,</strong></span> <span class='ocrx_word' id='word_1_409' title='bbox 2441 963 2557 1022; x_wconf 88' lang='lat' dir='ltr'><strong>sive</strong></span> <span class='ocrx_word' id='word_1_410' title='bbox 2594 964 2848 1034; x_wconf 56' lang='lat' dir='ltr'><strong>qualibet</strong></span> <span class='ocrx_word' id='word_1_411' title='bbox 2882 962 3104 1036; x_wconf 72' lang='lat' dir='ltr'><strong>agitatio</strong></span> <span class='ocrx_word' id='word_1_412' title='bbox 3143 973 3434 1036; x_wconf 90' lang='lat' dir='ltr'><strong>motusque</strong></span> <span class='ocrx_word' id='word_1_413' title='bbox 3460 966 3578 1020; x_wconf 86' lang='lat' dir='ltr'><strong>ani-</strong></span> 
     </span>
    </p>
   </div>
   <div class='ocr_carea' id='block_1_53' title="bbox 1996 1054 3582 1128">
    <p class='ocr_par' dir='ltr' id='par_1_53' title="bbox 1996 1054 3582 1128">
     <span class='ocr_line' id='line_1_53' title="bbox 1996 1054 3582 1128; baseline 0.002 -17"><span class='ocrx_word' id='word_1_414' title='bbox 1996 1071 2206 1112; x_wconf 87' lang='lat' dir='ltr'><strong>morum</strong></span> <span class='ocrx_word' id='word_1_415' title='bbox 2231 1067 2543 1114; x_wconf 88' lang='lat' dir='ltr'><strong>nostrorum</strong></span> <span class='ocrx_word' id='word_1_416' title='bbox 2581 1056 2674 1127; x_wconf 86' lang='lat' dir='ltr'><strong>qui</strong></span> <span class='ocrx_word' id='word_1_417' title='bbox 2721 1056 2940 1112; x_wconf 66' lang='lat' dir='ltr'><strong>Satanae</strong></span> <span class='ocrx_word' id='word_1_418' title='bbox 2973 1054 3345 1113; x_wconf 75' lang='lat' dir='ltr'><strong>fructiﬁcabit.</strong></span> <span class='ocrx_word' id='word_1_419' title='bbox 3392 1056 3582 1128; x_wconf 85' lang='lat' dir='ltr'><strong>itaque</strong></span> 
     </span>
    </p>
   </div>
   <div class='ocr_carea' id='block_1_54' title="bbox 1995 1146 3578 1219">
    <p class='ocr_par' dir='ltr' id='par_1_54' title="bbox 1995 1146 3578 1219">
     <span class='ocr_line' id='line_1_54' title="bbox 1995 1146 3578 1219; baseline 0 -15"><span class='ocrx_word' id='word_1_420' title='bbox 1995 1149 2129 1206; x_wconf 91' lang='lat' dir='ltr'><strong>citra</strong></span> <span class='ocrx_word' id='word_1_421' title='bbox 2153 1152 2511 1219; x_wconf 87' lang='lat' dir='ltr'><strong>seplmentutn</strong></span> <span class='ocrx_word' id='word_1_422' title='bbox 2533 1160 2590 1203; x_wconf 87' lang='lat' dir='ltr'><strong>et</strong></span> <span class='ocrx_word' id='word_1_423' title='bbox 2615 1147 2754 1204; x_wconf 86' lang='lat' dir='ltr'><strong>citra</strong></span> <span class='ocrx_word' id='word_1_424' title='bbox 2780 1162 2994 1202; x_wconf 88' lang='lat' dir='ltr'><strong>murum</strong></span> <span class='ocrx_word' id='word_1_425' title='bbox 3025 1147 3182 1202; x_wconf 88' lang='lat' dir='ltr'><strong>vinea</strong></span> <span class='ocrx_word' id='word_1_426' title='bbox 3203 1146 3376 1203; x_wconf 80' lang='lat' dir='ltr'><strong>cuivis</strong></span> <span class='ocrx_word' id='word_1_427' title='bbox 3407 1148 3578 1204; x_wconf 81' lang='lat' dir='ltr'><strong>relin-</strong></span> 
     </span>
    </p>
   </div>
   <div class='ocr_carea' id='block_1_55' title="bbox 1995 1239 3584 1312">
    <p class='ocr_par' dir='ltr' id='par_1_55' title="bbox 1995 1239 3584 1312">
     <span class='ocr_line' id='line_1_55' title="bbox 1995 1239 3584 1312; baseline 0.001 -17"><span class='ocrx_word' id='word_1_428' title='bbox 1995 1250 2190 1312; x_wconf 89' lang='lat' dir='ltr'><strong>quetur</strong></span> <span class='ocrx_word' id='word_1_429' title='bbox 2230 1241 2298 1296; x_wconf 84' lang='lat' dir='ltr'><strong>ad</strong></span> <span class='ocrx_word' id='word_1_430' title='bbox 2344 1239 2820 1312; x_wconf 69' lang='lat' dir='ltr'><strong>depraedationem.</strong></span> <span class='ocrx_word' id='word_1_431' title='bbox 2891 1240 2962 1296; x_wconf 86' lang='lat' dir='ltr'><strong>Et</strong></span> <span class='ocrx_word' id='word_1_432' title='bbox 3011 1255 3118 1298; x_wconf 90' lang='lat' dir='ltr'><strong>non</strong></span> <span class='ocrx_word' id='word_1_433' title='bbox 3159 1240 3476 1312; x_wconf 89' lang='lat' dir='ltr'><strong>putabitur,</strong></span> <span class='ocrx_word' id='word_1_434' title='bbox 3522 1249 3584 1297; x_wconf 89' lang='lat' dir='ltr'><strong>et</strong></span> 
     </span>
    </p>
   </div>
   <div class='ocr_carea' id='block_1_56' title="bbox 1995 1330 3579 1404">
    <p class='ocr_par' dir='ltr' id='par_1_56' title="bbox 1995 1330 3579 1404">
     <span class='ocr_line' id='line_1_56' title="bbox 1995 1330 3579 1404; baseline 0.002 -18"><span class='ocrx_word' id='word_1_435' title='bbox 1995 1346 2102 1386; x_wconf 91' lang='lat' dir='ltr'><strong>non</strong></span> <span class='ocrx_word' id='word_1_436' title='bbox 2133 1330 2388 1399; x_wconf 80' lang='lat' dir='ltr'><strong>fodietur,</strong></span> <span class='ocrx_word' id='word_1_437' title='bbox 2415 1332 2469 1388; x_wconf 93' lang='lat' dir='ltr'><strong>id</strong></span> <span class='ocrx_word' id='word_1_438' title='bbox 2499 1339 2605 1397; x_wconf 87' lang='lat' dir='ltr'><strong>est,</strong></span> <span class='ocrx_word' id='word_1_439' title='bbox 2637 1331 2781 1386; x_wconf 87' lang='lat' dir='ltr'><strong>nulla</strong></span> <span class='ocrx_word' id='word_1_440' title='bbox 2816 1331 2869 1388; x_wconf 90' lang='lat' dir='ltr'><strong>ei</strong></span> <span class='ocrx_word' id='word_1_441' title='bbox 2901 1346 3033 1387; x_wconf 88' lang='lat' dir='ltr'><strong>cura</strong></span> <span class='ocrx_word' id='word_1_442' title='bbox 3065 1332 3429 1403; x_wconf 87' lang='lat' dir='ltr'><strong>impendetur.</strong></span> <span class='ocrx_word' id='word_1_443' title='bbox 3456 1347 3579 1404; x_wconf 67' lang='lat' dir='ltr'><strong>qua:</strong></span> 
     </span>
    </p>
   </div>
   <div class='ocr_carea' id='block_1_57' title="bbox 1996 1421 3578 1492">
    <p class='ocr_par' dir='ltr' id='par_1_57' title="bbox 1996 1421 3578 1492">
     <span class='ocr_line' id='line_1_57' title="bbox 1996 1421 3578 1492; baseline 0.003 -16"><span class='ocrx_word' id='word_1_444' title='bbox 1996 1435 2115 1476; x_wconf 87' lang='lat' dir='ltr'><strong>eam</strong></span> <span class='ocrx_word' id='word_1_445' title='bbox 2140 1421 2309 1492; x_wconf 85' lang='lat' dir='ltr'><strong>possit</strong></span> <span class='ocrx_word' id='word_1_446' title='bbox 2339 1422 2632 1492; x_wconf 78' lang='lat' dir='ltr'><strong>corrigere,</strong></span> <span class='ocrx_word' id='word_1_447' title='bbox 2673 1433 2729 1477; x_wconf 91' lang='lat' dir='ltr'><strong>ct</strong></span> <span class='ocrx_word' id='word_1_448' title='bbox 2759 1422 2814 1478; x_wconf 86' lang='lat' dir='ltr'><strong>in</strong></span> <span class='ocrx_word' id='word_1_449' title='bbox 2843 1422 3036 1480; x_wconf 86' lang='lat' dir='ltr'><strong>melius</strong></span> <span class='ocrx_word' id='word_1_450' title='bbox 3066 1427 3346 1490; x_wconf 84' lang='lat' dir='ltr'><strong>reducere,</strong></span> <span class='ocrx_word' id='word_1_451' title='bbox 3401 1435 3458 1480; x_wconf 91' lang='lat' dir='ltr'><strong>et</strong></span> <span class='ocrx_word' id='word_1_452' title='bbox 3508 1425 3578 1480; x_wconf 76' lang='lat' dir='ltr'><strong>ab</strong></span> 
     </span>
    </p>
   </div>
   <div class='ocr_carea' id='block_1_58' title="bbox 1999 1513 3575 1585">
    <p class='ocr_par' dir='ltr' id='par_1_58' title="bbox 1999 1513 3575 1585">
     <span class='ocr_line' id='line_1_58' title="bbox 1999 1513 3575 1585; baseline 0.003 -19"><span class='ocrx_word' id='word_1_453' title='bbox 1999 1513 2098 1567; x_wconf 82' lang='lat' dir='ltr'><strong>hac</strong></span> <span class='ocrx_word' id='word_1_454' title='bbox 2122 1522 2228 1566; x_wconf 90' lang='lat' dir='ltr'><strong>tam</strong></span> <span class='ocrx_word' id='word_1_455' title='bbox 2260 1515 2410 1585; x_wconf 78' lang='lat' dir='ltr'><strong>gravi</strong></span> <span class='ocrx_word' id='word_1_456' title='bbox 2453 1514 2738 1569; x_wconf 84' lang='lat' dir='ltr'><strong>sterilitate</strong></span> <span class='ocrx_word' id='word_1_457' title='bbox 2779 1515 3034 1573; x_wconf 88' lang='lat' dir='ltr'><strong>liberare.</strong></span> <span class='ocrx_word' id='word_1_458' title='bbox 3079 1515 3343 1572; x_wconf 72' lang='lat' dir='ltr'><strong>Mandabo</strong></span> <span class='ocrx_word' id='word_1_459' title='bbox 3394 1528 3575 1574; x_wconf 88' lang='lat' dir='ltr'><strong>autem</strong></span> 
     </span>
    </p>
   </div>
   <div class='ocr_carea' id='block_1_59' title="bbox 1999 1603 3578 1674">
    <p class='ocr_par' dir='ltr' id='par_1_59' title="bbox 1999 1603 3578 1674">
     <span class='ocr_line' id='line_1_59' title="bbox 1999 1603 3578 1674; baseline 0.005 -18"><span class='ocrx_word' id='word_1_460' title='bbox 1999 1603 2257 1669; x_wconf 87' lang='lat' dir='ltr'><strong>nubibus,</strong></span> <span class='ocrx_word' id='word_1_461' title='bbox 2289 1605 2390 1658; x_wconf 88' lang='lat' dir='ltr'><strong>sub</strong></span> <span class='ocrx_word' id='word_1_462' title='bbox 2430 1604 2840 1674; x_wconf 75' lang='lat' dir='ltr'><strong>intelligentiam</strong></span> <span class='ocrx_word' id='word_1_463' title='bbox 2873 1607 3215 1674; x_wconf 83' lang='lat' dir='ltr'><strong>cadentibus,</strong></span> <span class='ocrx_word' id='word_1_464' title='bbox 3244 1607 3296 1662; x_wconf 93' lang='lat' dir='ltr'><strong>id</strong></span> <span class='ocrx_word' id='word_1_465' title='bbox 3318 1617 3423 1674; x_wconf 86' lang='lat' dir='ltr'><strong>est,</strong></span> <span class='ocrx_word' id='word_1_466' title='bbox 3450 1624 3578 1664; x_wconf 83' lang='lat' dir='ltr'><strong>san-</strong></span> 
     </span>
    </p>
   </div>
   <div class='ocr_carea' id='block_1_60' title="bbox 1997 1697 3580 1771">
    <p class='ocr_par' dir='ltr' id='par_1_60' title="bbox 1997 1697 3580 1771">
     <span class='ocr_line' id='line_1_60' title="bbox 1997 1697 3580 1771; baseline 0.004 -21"><span class='ocrx_word' id='word_1_467' title='bbox 1997 1697 2100 1750; x_wconf 87' lang='lat' dir='ltr'><strong>ctis</strong></span> <span class='ocrx_word' id='word_1_468' title='bbox 2124 1698 2422 1766; x_wconf 89' lang='lat' dir='ltr'><strong>prophetis.</strong></span> <span class='ocrx_word' id='word_1_469' title='bbox 2461 1697 2538 1752; x_wconf 86' lang='lat' dir='ltr'><strong>vel</strong></span> <span class='ocrx_word' id='word_1_470' title='bbox 2583 1699 2940 1768; x_wconf 83' lang='lat' dir='ltr'><strong>potestatibus</strong></span> <span class='ocrx_word' id='word_1_471' title='bbox 2972 1700 3254 1771; x_wconf 81' lang='lat' dir='ltr'><strong>angelicis,</strong></span> <span class='ocrx_word' id='word_1_472' title='bbox 3299 1715 3369 1756; x_wconf 91' lang='lat' dir='ltr'><strong>ne</strong></span> <span class='ocrx_word' id='word_1_473' title='bbox 3417 1715 3580 1771; x_wconf 81' lang='lat' dir='ltr'><strong>super</strong></span> 
     </span>
    </p>
   </div>
   <div class='ocr_carea' id='block_1_61' title="bbox 2002 1787 3575 1862">
    <p class='ocr_par' dir='ltr' id='par_1_61' title="bbox 2002 1787 3575 1862">
     <span class='ocr_line' id='line_1_61' title="bbox 2002 1787 3575 1862; baseline 0.004 -23"><span class='ocrx_word' id='word_1_474' title='bbox 2002 1787 2169 1856; x_wconf 86' lang='lat' dir='ltr'><strong>ipsam</strong></span> <span class='ocrx_word' id='word_1_475' title='bbox 2200 1787 2425 1843; x_wconf 84' lang='lat' dir='ltr'><strong>imbrem</strong></span> <span class='ocrx_word' id='word_1_476' title='bbox 2462 1789 2739 1860; x_wconf 89' lang='lat' dir='ltr'><strong>depluant,</strong></span> <span class='ocrx_word' id='word_1_477' title='bbox 2771 1790 2883 1860; x_wconf 72' lang='grc'><strong>82</strong></span> <span class='ocrx_word' id='word_1_478' title='bbox 2907 1791 3120 1847; x_wconf 84' lang='lat' dir='ltr'><strong>scilicet</strong></span> <span class='ocrx_word' id='word_1_479' title='bbox 3162 1791 3575 1862; x_wconf 75' lang='lat' dir='ltr'><strong>intelligibilem,</strong></span> 
     </span>
    </p>
   </div>
   <div class='ocr_carea' id='block_1_62' title="bbox 1999 1877 3581 1950">
    <p class='ocr_par' dir='ltr' id='par_1_62' title="bbox 1999 1877 3581 1950">
     <span class='ocr_line' id='line_1_62' title="bbox 1999 1877 3581 1950; baseline 0.006 -21"><span class='ocrx_word' id='word_1_480' title='bbox 1999 1887 2057 1931; x_wconf 92' lang='lat' dir='ltr'><strong>ut</strong></span> <span class='ocrx_word' id='word_1_481' title='bbox 2097 1877 2188 1946; x_wconf 89' lang='lat' dir='ltr'><strong>qui</strong></span> <span class='ocrx_word' id='word_1_482' title='bbox 2237 1877 2616 1934; x_wconf 81' lang='lat' dir='ltr'><strong>exhortatione</strong></span> <span class='ocrx_word' id='word_1_483' title='bbox 2673 1882 2943 1950; x_wconf 84' lang='lat' dir='ltr'><strong>verboque</strong></span> <span class='ocrx_word' id='word_1_484' title='bbox 2990 1881 3170 1936; x_wconf 90' lang='lat' dir='ltr'><strong>divino</strong></span> <span class='ocrx_word' id='word_1_485' title='bbox 3197 1881 3250 1936; x_wconf 92' lang='lat' dir='ltr'><strong>in</strong></span> <span class='ocrx_word' id='word_1_486' title='bbox 3295 1891 3474 1937; x_wconf 85' lang='lat' dir='ltr'><strong>tuente</strong></span> <span class='ocrx_word' id='word_1_487' title='bbox 3523 1893 3581 1938; x_wconf 89' lang='lat' dir='ltr'><strong>et</strong></span> 
     </span>
    </p>
   </div>
   <div class='ocr_carea' id='block_1_63' title="bbox 1997 1969 3580 2044">
    <p class='ocr_par' dir='ltr' id='par_1_63' title="bbox 1997 1969 3580 2044">
     <span class='ocr_line' id='line_1_63' title="bbox 1997 1969 3580 2044; baseline 0.004 -19"><span class='ocrx_word' id='word_1_488' title='bbox 1997 1970 2161 2025; x_wconf 82' lang='lat' dir='ltr'><strong>corde</strong></span> <span class='ocrx_word' id='word_1_489' title='bbox 2204 1971 2503 2040; x_wconf 84' lang='lat' dir='ltr'><strong>peragitur.</strong></span> <span class='ocrx_word' id='word_1_490' title='bbox 2555 1969 2754 2026; x_wconf 81' lang='lat' dir='ltr'><strong>Verum</strong></span> <span class='ocrx_word' id='word_1_491' title='bbox 2816 1972 2946 2028; x_wconf 91' lang='lat' dir='ltr'><strong>hinc</strong></span> <span class='ocrx_word' id='word_1_492' title='bbox 2992 1974 3227 2028; x_wconf 76' lang='lat' dir='ltr'><strong>maxime</strong></span> <span class='ocrx_word' id='word_1_493' title='bbox 3269 1975 3580 2044; x_wconf 79' lang='lat' dir='ltr'><strong>perspicere</strong></span> 
     </span>
    </p>
   </div>
   <div class='ocr_carea' id='block_1_64' title="bbox 2000 2063 3578 2134">
    <p class='ocr_par' dir='ltr' id='par_1_64' title="bbox 2000 2063 3578 2134">
     <span class='ocr_line' id='line_1_64' title="bbox 2000 2063 3578 2134; baseline 0.005 -20"><span class='ocrx_word' id='word_1_494' title='bbox 2000 2063 2144 2128; x_wconf 76' lang='lat' dir='ltr'><strong>licet,</strong></span> <span class='ocrx_word' id='word_1_495' title='bbox 2175 2077 2483 2119; x_wconf 86' lang='lat' dir='ltr'><strong>sermonem</strong></span> <span class='ocrx_word' id='word_1_496' title='bbox 2515 2064 2887 2134; x_wconf 83' lang='lat' dir='ltr'><strong>propheticum</strong></span> <span class='ocrx_word' id='word_1_497' title='bbox 2931 2064 3133 2133; x_wconf 88' lang='lat' dir='ltr'><strong>dicere,</strong></span> <span class='ocrx_word' id='word_1_498' title='bbox 3170 2080 3278 2120; x_wconf 92' lang='lat' dir='ltr'><strong>non</strong></span> <span class='ocrx_word' id='word_1_499' title='bbox 3323 2075 3450 2121; x_wconf 89' lang='lat' dir='ltr'><strong>ante</strong></span> <span class='ocrx_word' id='word_1_500' title='bbox 3480 2067 3578 2122; x_wconf 86' lang='lat' dir='ltr'><strong>ad-</strong></span> 
     </span>
    </p>
   </div>
   <div class='ocr_carea' id='block_1_65' title="bbox 1998 2155 3577 2225">
    <p class='ocr_par' dir='ltr' id='par_1_65' title="bbox 1998 2155 3577 2225">
     <span class='ocr_line' id='line_1_65' title="bbox 1998 2155 3577 2225; baseline 0.004 -19"><span class='ocrx_word' id='word_1_501' title='bbox 1998 2165 2188 2210; x_wconf 82' lang='lat' dir='ltr'><strong>ventus</strong></span> <span class='ocrx_word' id='word_1_502' title='bbox 2215 2164 2452 2225; x_wconf 90' lang='lat' dir='ltr'><strong>tempora</strong></span> <span class='ocrx_word' id='word_1_503' title='bbox 2494 2155 2620 2212; x_wconf 74' lang='lat' dir='ltr'><strong>(iliis</strong></span> <span class='ocrx_word' id='word_1_504' title='bbox 2643 2155 2808 2212; x_wconf 89' lang='lat' dir='ltr'><strong>lsrael</strong></span> <span class='ocrx_word' id='word_1_505' title='bbox 2832 2166 3094 2212; x_wconf 86' lang='lat' dir='ltr'><strong>eventura</strong></span> <span class='ocrx_word' id='word_1_506' title='bbox 3132 2157 3272 2225; x_wconf 65' lang='lat' dir='ltr'><strong>haec,</strong></span> <span class='ocrx_word' id='word_1_507' title='bbox 3315 2159 3411 2214; x_wconf 84' lang='lat' dir='ltr'><strong>sed</strong></span> <span class='ocrx_word' id='word_1_508' title='bbox 3453 2173 3577 2214; x_wconf 91' lang='lat' dir='ltr'><strong>cum</strong></span> 
     </span>
    </p>
   </div>
   <div class='ocr_carea' id='block_1_66' title="bbox 2002 2245 3579 2306">
    <p class='ocr_par' dir='ltr' id='par_1_66' title="bbox 2002 2245 3579 2306">
     <span class='ocr_line' id='line_1_66' title="bbox 2002 2245 3579 2306; baseline 0.004 -6"><span class='ocrx_word' id='word_1_509' title='bbox 2002 2248 2054 2301; x_wconf 91' lang='lat' dir='ltr'><strong>in</strong></span> <span class='ocrx_word' id='word_1_510' title='bbox 2088 2245 2360 2301; x_wconf 83' lang='lat' dir='ltr'><strong>Christum</strong></span> <span class='ocrx_word' id='word_1_511' title='bbox 2397 2247 2648 2303; x_wconf 85' lang='lat' dir='ltr'><strong>bacchati</strong></span> <span class='ocrx_word' id='word_1_512' title='bbox 2685 2247 2907 2304; x_wconf 83' lang='lat' dir='ltr'><strong>fuerint.</strong></span> <span class='ocrx_word' id='word_1_513' title='bbox 2943 2247 3062 2305; x_wconf 79' lang='lat' dir='ltr'><strong>Non</strong></span> <span class='ocrx_word' id='word_1_514' title='bbox 3095 2249 3243 2305; x_wconf 90' lang='lat' dir='ltr'><strong>enim</strong></span> <span class='ocrx_word' id='word_1_515' title='bbox 3285 2251 3579 2306; x_wconf 86' lang='lat' dir='ltr'><strong>memorari</strong></span> 
     </span>
    </p>
   </div>
   <div class='ocr_carea' id='block_1_67' title="bbox 1998 2339 3582 2415">
    <p class='ocr_par' dir='ltr' id='par_1_67' title="bbox 1998 2339 3582 2415">
     <span class='ocr_line' id='line_1_67' title="bbox 1998 2339 3582 2415; baseline 0.008 -25"><span class='ocrx_word' id='word_1_516' title='bbox 1998 2339 2081 2394; x_wconf 89' lang='lat' dir='ltr'><strong>vel</strong></span> <span class='ocrx_word' id='word_1_517' title='bbox 2108 2341 2463 2396; x_wconf 87' lang='lat' dir='ltr'><strong>demonstrari</strong></span> <span class='ocrx_word' id='word_1_518' title='bbox 2508 2354 2721 2413; x_wconf 89' lang='lat' dir='ltr'><strong>tempus</strong></span> <span class='ocrx_word' id='word_1_519' title='bbox 2752 2345 2969 2415; x_wconf 89' lang='lat' dir='ltr'><strong>poterit,</strong></span> <span class='ocrx_word' id='word_1_520' title='bbox 3011 2360 3121 2415; x_wconf 88' lang='lat' dir='ltr'><strong>quo</strong></span> <span class='ocrx_word' id='word_1_521' title='bbox 3162 2345 3331 2402; x_wconf 86' lang='lat' dir='ltr'><strong>lsrael</strong></span> <span class='ocrx_word' id='word_1_522' title='bbox 3373 2346 3582 2402; x_wconf 86' lang='lat' dir='ltr'><strong>sanctis</strong></span> 
     </span>
    </p>
   </div>
   <div class='ocr_carea' id='block_1_68' title="bbox 2001 2433 3578 2510">
    <p class='ocr_par' dir='ltr' id='par_1_68' title="bbox 2001 2433 3578 2510">
     <span class='ocr_line' id='line_1_68' title="bbox 2001 2433 3578 2510; baseline 0.006 -25"><span class='ocrx_word' id='word_1_523' title='bbox 2001 2433 2277 2502; x_wconf 86' lang='lat' dir='ltr'><strong>prophetis</strong></span> <span class='ocrx_word' id='word_1_524' title='bbox 2335 2435 2622 2489; x_wconf 88' lang='lat' dir='ltr'><strong>destitutus</strong></span> <span class='ocrx_word' id='word_1_525' title='bbox 2658 2437 2938 2491; x_wconf 86' lang='lat' dir='ltr'><strong>manserit.</strong></span> <span class='ocrx_word' id='word_1_526' title='bbox 2995 2436 3129 2493; x_wconf 79' lang='lat' dir='ltr'><strong>Nam</strong></span> <span class='ocrx_word' id='word_1_527' title='bbox 3192 2439 3320 2495; x_wconf 92' lang='lat' dir='ltr'><strong>olim</strong></span> <span class='ocrx_word' id='word_1_528' title='bbox 3379 2440 3578 2510; x_wconf 75' lang='lat' dir='ltr'><strong>captivi</strong></span> 
     </span>
    </p>
   </div>
   <div class='ocr_carea' id='block_1_69' title="bbox 2001 2521 3577 2601">
    <p class='ocr_par' dir='ltr' id='par_1_69' title="bbox 2001 2521 3577 2601">
     <span class='ocr_line' id='line_1_69' title="bbox 2001 2521 3577 2601; baseline 0.006 -25"><span class='ocrx_word' id='word_1_529' title='bbox 2001 2521 2236 2588; x_wconf 82' lang='lat' dir='ltr'><strong>fuerunt,</strong></span> <span class='ocrx_word' id='word_1_530' title='bbox 2273 2535 2322 2578; x_wconf 88' lang='lat' dir='ltr'><strong>et</strong></span> <span class='ocrx_word' id='word_1_531' title='bbox 2353 2525 2406 2579; x_wconf 90' lang='lat' dir='ltr'><strong>in</strong></span> <span class='ocrx_word' id='word_1_532' title='bbox 2434 2525 2720 2580; x_wconf 84' lang='lat' dir='ltr'><strong>Persarum</strong></span> <span class='ocrx_word' id='word_1_533' title='bbox 2745 2541 2810 2582; x_wconf 90' lang='lat' dir='ltr'><strong>ac</strong></span> <span class='ocrx_word' id='word_1_534' title='bbox 2841 2527 3117 2583; x_wconf 82' lang='lat' dir='ltr'><strong>Medorum</strong></span> <span class='ocrx_word' id='word_1_535' title='bbox 3152 2531 3428 2601; x_wconf 76' lang='lat' dir='ltr'><strong>regionem</strong></span> <span class='ocrx_word' id='word_1_536' title='bbox 3465 2532 3577 2590; x_wconf 83' lang='lat' dir='ltr'><strong>mi-</strong></span> 
     </span>
    </p>
   </div>
   <div class='ocr_carea' id='block_1_70' title="bbox 1999 2619 3578 2684">
    <p class='ocr_par' dir='ltr' id='par_1_70' title="bbox 1999 2619 3578 2684">
     <span class='ocr_line' id='line_1_70' title="bbox 1999 2619 3578 2684; baseline 0.008 -18"><span class='ocrx_word' id='word_1_537' title='bbox 1999 2625 2353 2684; x_wconf 79' lang='lat' dir='ltr'><strong>graruntuna</strong></span> <span class='ocrx_word' id='word_1_538' title='bbox 2382 2631 2503 2672; x_wconf 89' lang='lat' dir='ltr'><strong>cum</strong></span> <span class='ocrx_word' id='word_1_539' title='bbox 2551 2619 2811 2674; x_wconf 81' lang='lat' dir='ltr'><strong>uxoribus</strong></span> <span class='ocrx_word' id='word_1_540' title='bbox 2855 2629 2911 2674; x_wconf 88' lang='lat' dir='ltr'><strong>et</strong></span> <span class='ocrx_word' id='word_1_541' title='bbox 2962 2621 3326 2678; x_wconf 85' lang='lat' dir='ltr'><strong>charissimis.</strong></span> <span class='ocrx_word' id='word_1_542' title='bbox 3383 2620 3578 2680; x_wconf 78' lang='lat' dir='ltr'><strong>Verum</strong></span> 
     </span>
    </p>
   </div>
   <div class='ocr_carea' id='block_1_71' title="bbox 2001 2708 3583 2782">
    <p class='ocr_par' dir='ltr' id='par_1_71' title="bbox 2001 2708 3583 2782">
     <span class='ocr_line' id='line_1_71' title="bbox 2001 2708 3583 2782; baseline 0.004 -18"><span class='ocrx_word' id='word_1_543' title='bbox 2001 2710 2118 2764; x_wconf 86' lang='lat' dir='ltr'><strong>sine</strong></span> <span class='ocrx_word' id='word_1_544' title='bbox 2141 2709 2418 2780; x_wconf 90' lang='lat' dir='ltr'><strong>prophetis</strong></span> <span class='ocrx_word' id='word_1_545' title='bbox 2447 2711 2653 2764; x_wconf 86' lang='lat' dir='ltr'><strong>sanctis</strong></span> <span class='ocrx_word' id='word_1_546' title='bbox 2690 2711 2742 2764; x_wconf 91' lang='lat' dir='ltr'><strong>in</strong></span> <span class='ocrx_word' id='word_1_547' title='bbox 2775 2708 3071 2782; x_wconf 69' lang='lat' dir='ltr'><strong>Egyptum</strong></span> <span class='ocrx_word' id='word_1_548' title='bbox 3125 2727 3232 2768; x_wconf 90' lang='lat' dir='ltr'><strong>non</strong></span> <span class='ocrx_word' id='word_1_549' title='bbox 3284 2712 3583 2770; x_wconf 88' lang='lat' dir='ltr'><strong>descende-</strong></span> 
     </span>
    </p>
   </div>
   <div class='ocr_carea' id='block_1_72' title="bbox 2002 2800 3580 2870">
    <p class='ocr_par' dir='ltr' id='par_1_72' title="bbox 2002 2800 3580 2870">
     <span class='ocr_line' id='line_1_72' title="bbox 2002 2800 3580 2870; baseline 0.003 -15"><span class='ocrx_word' id='word_1_550' title='bbox 2002 2810 2126 2855; x_wconf 92' lang='lat' dir='ltr'><strong>runt</strong></span> <span class='ocrx_word' id='word_1_551' title='bbox 2189 2818 2204 2856; x_wconf 92' lang='lat'><strong>:</strong></span> <span class='ocrx_word' id='word_1_552' title='bbox 2271 2815 2392 2855; x_wconf 91' lang='lat' dir='ltr'><strong>cum</strong></span> <span class='ocrx_word' id='word_1_553' title='bbox 2458 2800 2736 2870; x_wconf 84' lang='lat' dir='ltr'><strong>Babylonii</strong></span> <span class='ocrx_word' id='word_1_554' title='bbox 2801 2801 3218 2858; x_wconf 87' lang='lat' dir='ltr'><strong>celeberrimam</strong></span> <span class='ocrx_word' id='word_1_555' title='bbox 3274 2801 3580 2860; x_wconf 78' lang='lat' dir='ltr'><strong>Jerusalem</strong></span> 
     </span>
    </p>
   </div>
   <div class='ocr_carea' id='block_1_73' title="bbox 2001 2891 3589 2966">
    <p class='ocr_par' dir='ltr' id='par_1_73' title="bbox 2001 2891 3589 2966">
     <span class='ocr_line' id='line_1_73' title="bbox 2001 2891 3589 2966; baseline 0.003 -19"><span class='ocrx_word' id='word_1_556' title='bbox 2001 2891 2350 2956; x_wconf 82' lang='lat' dir='ltr'><strong>evertissent,</strong></span> <span class='ocrx_word' id='word_1_557' title='bbox 2393 2892 2586 2948; x_wconf 86' lang='lat' dir='ltr'><strong>aderat</strong></span> <span class='ocrx_word' id='word_1_558' title='bbox 2629 2901 2808 2948; x_wconf 88' lang='lat' dir='ltr'><strong>tamen</strong></span> <span class='ocrx_word' id='word_1_559' title='bbox 2837 2908 2962 2948; x_wconf 90' lang='lat' dir='ltr'><strong>cum</strong></span> <span class='ocrx_word' id='word_1_560' title='bbox 3000 2893 3106 2948; x_wconf 92' lang='lat' dir='ltr'><strong>illis</strong></span> <span class='ocrx_word' id='word_1_561' title='bbox 3129 2895 3391 2966; x_wconf 87' lang='lat' dir='ltr'><strong>propheta</strong></span> <span class='ocrx_word' id='word_1_562' title='bbox 3437 2893 3589 2952; x_wconf 81' lang='lat' dir='ltr'><strong>Jere-</strong></span> 
     </span>
    </p>
   </div>
   <div class='ocr_carea' id='block_1_74' title="bbox 2003 2983 3582 3054">
    <p class='ocr_par' dir='ltr' id='par_1_74' title="bbox 2003 2983 3582 3054">
     <span class='ocr_line' id='line_1_74' title="bbox 2003 2983 3582 3054; baseline 0.003 -16"><span class='ocrx_word' id='word_1_563' title='bbox 2003 2983 2176 3048; x_wconf 84' lang='lat' dir='ltr'><strong>mias,</strong></span> <span class='ocrx_word' id='word_1_564' title='bbox 2223 2983 2472 3054; x_wconf 88' lang='lat' dir='ltr'><strong>supernis</strong></span> <span class='ocrx_word' id='word_1_565' title='bbox 2525 2992 2580 3039; x_wconf 91' lang='lat' dir='ltr'><strong>et</strong></span> <span class='ocrx_word' id='word_1_566' title='bbox 2623 2983 2824 3039; x_wconf 83' lang='lat' dir='ltr'><strong>divinis</strong></span> <span class='ocrx_word' id='word_1_567' title='bbox 2865 2984 3208 3042; x_wconf 86' lang='lat' dir='ltr'><strong>sermonibus</strong></span> <span class='ocrx_word' id='word_1_568' title='bbox 3260 2986 3582 3043; x_wconf 81' lang='lat' dir='ltr'><strong>instructus.</strong></span> 
     </span>
    </p>
   </div>
   <div class='ocr_carea' id='block_1_75' title="bbox 2003 3074 3584 3147">
    <p class='ocr_par' dir='ltr' id='par_1_75' title="bbox 2003 3074 3584 3147">
     <span class='ocr_line' id='line_1_75' title="bbox 2003 3074 3584 3147; baseline 0.003 -16"><span class='ocrx_word' id='word_1_569' title='bbox 2003 3075 2135 3131; x_wconf 89' lang='lat' dir='ltr'><strong>Cum</strong></span> <span class='ocrx_word' id='word_1_570' title='bbox 2172 3089 2298 3130; x_wconf 87' lang='lat' dir='ltr'><strong>vero</strong></span> <span class='ocrx_word' id='word_1_571' title='bbox 2334 3076 2386 3129; x_wconf 93' lang='lat' dir='ltr'><strong>in</strong></span> <span class='ocrx_word' id='word_1_572' title='bbox 2422 3074 2701 3131; x_wconf 86' lang='lat' dir='ltr'><strong>Christum</strong></span> <span class='ocrx_word' id='word_1_573' title='bbox 2759 3075 3152 3147; x_wconf 87' lang='lat' dir='ltr'><strong>blasphemiam</strong></span> <span class='ocrx_word' id='word_1_574' title='bbox 3193 3080 3584 3144; x_wconf 82' lang='lat' dir='ltr'><strong>evomuissent,</strong></span> 
     </span>
    </p>
   </div>
   <div class='ocr_carea' id='block_1_76' title="bbox 2005 3162 3584 3238">
    <p class='ocr_par' dir='ltr' id='par_1_76' title="bbox 2005 3162 3584 3238">
     <span class='ocr_line' id='line_1_76' title="bbox 2005 3162 3584 3238; baseline 0.003 -16"><span class='ocrx_word' id='word_1_575' title='bbox 2005 3167 2308 3236; x_wconf 84' lang='lat' dir='ltr'><strong>sepimento</strong></span> <span class='ocrx_word' id='word_1_576' title='bbox 2339 3182 2440 3224; x_wconf 83' lang='lat' dir='ltr'><strong>suo</strong></span> <span class='ocrx_word' id='word_1_577' title='bbox 2461 3183 2686 3238; x_wconf 90' lang='lat' dir='ltr'><strong>prorsus</strong></span> <span class='ocrx_word' id='word_1_578' title='bbox 2721 3178 3041 3235; x_wconf 81' lang='lat' dir='ltr'><strong>caruerunt,</strong></span> <span class='ocrx_word' id='word_1_579' title='bbox 3081 3177 3139 3224; x_wconf 89' lang='lat' dir='ltr'><strong>et</strong></span> <span class='ocrx_word' id='word_1_580' title='bbox 3171 3171 3352 3227; x_wconf 89' lang='lat' dir='ltr'><strong>omnis</strong></span> <span class='ocrx_word' id='word_1_581' title='bbox 3395 3162 3584 3226; x_wconf 84' lang='lat' dir='ltr'><strong>eorum</strong></span> 
     </span>
    </p>
   </div>
   <div class='ocr_carea' id='block_1_77' title="bbox 2002 3258 3588 3333">
    <p class='ocr_par' dir='ltr' id='par_1_77' title="bbox 2002 3258 3588 3333">
     <span class='ocr_line' id='line_1_77' title="bbox 2002 3258 3588 3333; baseline 0.001 -17"><span class='ocrx_word' id='word_1_582' title='bbox 2002 3258 2272 3316; x_wconf 82' lang='lat' dir='ltr'><strong>securitas</strong></span> <span class='ocrx_word' id='word_1_583' title='bbox 2305 3260 2559 3316; x_wconf 87' lang='lat' dir='ltr'><strong>concidit.</strong></span> <span class='ocrx_word' id='word_1_584' title='bbox 2600 3259 2715 3316; x_wconf 81' lang='lat' dir='ltr'><strong>Hoc</strong></span> <span class='ocrx_word' id='word_1_585' title='bbox 2755 3261 2928 3327; x_wconf 88' lang='lat' dir='ltr'><strong>enim,</strong></span> <span class='ocrx_word' id='word_1_586' title='bbox 2975 3261 3234 3327; x_wconf 87' lang='lat' dir='ltr'><strong>arbitror,</strong></span> <span class='ocrx_word' id='word_1_587' title='bbox 3293 3277 3588 3333; x_wconf 82' lang='lat' dir='ltr'><strong>possumus</strong></span> 
     </span>
    </p>
   </div>
   <div class='ocr_carea' id='block_1_78' title="bbox 2004 3352 3588 3419">
    <p class='ocr_par' dir='ltr' id='par_1_78' title="bbox 2004 3352 3588 3419">
     <span class='ocr_line' id='line_1_78' title="bbox 2004 3352 3588 3419; baseline 0.004 -13"><span class='ocrx_word' id='word_1_588' title='bbox 2004 3352 2208 3419; x_wconf 85' lang='lat' dir='ltr'><strong>dicere,</strong></span> <span class='ocrx_word' id='word_1_589' title='bbox 2247 3353 2537 3409; x_wconf 87' lang='lat' dir='ltr'><strong>maceriam</strong></span> <span class='ocrx_word' id='word_1_590' title='bbox 2583 3368 2772 3410; x_wconf 84' lang='lat' dir='ltr'><strong>eorum</strong></span> <span class='ocrx_word' id='word_1_591' title='bbox 2812 3354 3108 3412; x_wconf 78' lang='lat' dir='ltr'><strong>sublatam.</strong></span> <span class='ocrx_word' id='word_1_592' title='bbox 3153 3354 3403 3412; x_wconf 82' lang='lat' dir='ltr'><strong>Cessavit</strong></span> <span class='ocrx_word' id='word_1_593' title='bbox 3458 3371 3588 3412; x_wconf 89' lang='lat' dir='ltr'><strong>vero</strong></span> 
     </span>
    </p>
   </div>
   <div class='ocr_carea' id='block_1_79' title="bbox 2003 3445 3584 3519">
    <p class='ocr_par' dir='ltr' id='par_1_79' title="bbox 2003 3445 3584 3519">
     <span class='ocr_line' id='line_1_79' title="bbox 2003 3445 3584 3519; baseline 0 -19"><span class='ocrx_word' id='word_1_594' title='bbox 2003 3445 2182 3500; x_wconf 74' lang='lat' dir='ltr'><strong>munis</strong></span> <span class='ocrx_word' id='word_1_595' title='bbox 2233 3445 2400 3502; x_wconf 84' lang='lat' dir='ltr'><strong>etiam</strong></span> <span class='ocrx_word' id='word_1_596' title='bbox 2456 3446 2599 3502; x_wconf 89' lang='lat' dir='ltr'><strong>inter</strong></span> <span class='ocrx_word' id='word_1_597' title='bbox 2648 3445 2768 3502; x_wconf 89' lang='lat' dir='ltr'><strong>illos</strong></span> <span class='ocrx_word' id='word_1_598' title='bbox 2818 3453 3134 3502; x_wconf 86' lang='lat' dir='ltr'><strong>sanctorum</strong></span> <span class='ocrx_word' id='word_1_599' title='bbox 3195 3447 3584 3519; x_wconf 87' lang='lat' dir='ltr'><strong>prophetarum</strong></span> 
     </span>
    </p>
   </div>
   <div class='ocr_carea' id='block_1_80' title="bbox 2003 3537 3584 3609">
    <p class='ocr_par' dir='ltr' id='par_1_80' title="bbox 2003 3537 3584 3609">
     <span class='ocr_line' id='line_1_80' title="bbox 2003 3537 3584 3609; baseline 0.001 -18"><span class='ocrx_word' id='word_1_600' title='bbox 2003 3537 2201 3602; x_wconf 87' lang='lat' dir='ltr'><strong>oratio,</strong></span> <span class='ocrx_word' id='word_1_601' title='bbox 2234 3547 2291 3592; x_wconf 89' lang='lat' dir='ltr'><strong>et</strong></span> <span class='ocrx_word' id='word_1_602' title='bbox 2314 3537 2486 3593; x_wconf 86' lang='lat' dir='ltr'><strong>instar</strong></span> <span class='ocrx_word' id='word_1_603' title='bbox 2517 3537 2712 3607; x_wconf 73' lang='lat' dir='ltr'><strong>pluvia:</strong></span> <span class='ocrx_word' id='word_1_604' title='bbox 2761 3538 2990 3594; x_wconf 87' lang='lat' dir='ltr'><strong>inhibita</strong></span> <span class='ocrx_word' id='word_1_605' title='bbox 3038 3546 3123 3594; x_wconf 87' lang='lat' dir='ltr'><strong>est</strong></span> <span class='ocrx_word' id='word_1_606' title='bbox 3162 3539 3584 3609; x_wconf 84' lang='lat' dir='ltr'><strong>quodammodo,</strong></span> 
     </span>
    </p>
   </div>
   <div class='ocr_carea' id='block_1_81' title="bbox 2003 3628 3589 3700">
    <p class='ocr_par' dir='ltr' id='par_1_81' title="bbox 2003 3628 3589 3700">
     <span class='ocr_line' id='line_1_81' title="bbox 2003 3628 3589 3700; baseline 0.004 -20"><span class='ocrx_word' id='word_1_607' title='bbox 2003 3636 2055 3680; x_wconf 83' lang='lat' dir='ltr'><strong>et</strong></span> <span class='ocrx_word' id='word_1_608' title='bbox 2080 3628 2356 3684; x_wconf 84' lang='lat' dir='ltr'><strong>desierunt</strong></span> <span class='ocrx_word' id='word_1_609' title='bbox 2383 3641 2544 3684; x_wconf 79' lang='lat' dir='ltr'><strong>voces</strong></span> <span class='ocrx_word' id='word_1_610' title='bbox 2562 3637 2895 3684; x_wconf 85' lang='lat' dir='ltr'><strong>sanctorum.</strong></span> <span class='ocrx_word' id='word_1_611' title='bbox 2919 3629 3096 3700; x_wconf 78' lang='lat' dir='ltr'><strong>Atque</strong></span> <span class='ocrx_word' id='word_1_612' title='bbox 3123 3628 3226 3685; x_wconf 90' lang='lat' dir='ltr'><strong>hoc</strong></span> <span class='ocrx_word' id='word_1_613' title='bbox 3243 3639 3346 3694; x_wconf 86' lang='lat' dir='ltr'><strong>est,</strong></span> <span class='ocrx_word' id='word_1_614' title='bbox 3369 3631 3589 3699; x_wconf 80' lang='lat' dir='ltr'><strong>Opinor,</strong></span> 
     </span>
    </p>
   </div>
   <div class='ocr_carea' id='block_1_82' title="bbox 2003 3719 3590 3790">
    <p class='ocr_par' dir='ltr' id='par_1_82' title="bbox 2003 3719 3590 3790">
     <span class='ocr_line' id='line_1_82' title="bbox 2003 3719 3590 3790; baseline 0.004 -18"><span class='ocrx_word' id='word_1_615' title='bbox 2003 3719 2146 3788; x_wconf 80' lang='lat' dir='ltr'><strong>quod</strong></span> <span class='ocrx_word' id='word_1_616' title='bbox 2175 3719 2278 3774; x_wconf 86' lang='lat' dir='ltr'><strong>illis</strong></span> <span class='ocrx_word' id='word_1_617' title='bbox 2311 3735 2408 3788; x_wconf 85' lang='lat' dir='ltr'><strong>per</strong></span> <span class='ocrx_word' id='word_1_618' title='bbox 2439 3721 2726 3790; x_wconf 86' lang='lat' dir='ltr'><strong>quemdam</strong></span> <span class='ocrx_word' id='word_1_619' title='bbox 2754 3736 2784 3774; x_wconf 88' lang='lat' dir='ltr'><strong>a</strong></span> <span class='ocrx_word' id='word_1_620' title='bbox 2830 3720 2940 3776; x_wconf 91' lang='lat' dir='ltr'><strong>Deo</strong></span> <span class='ocrx_word' id='word_1_621' title='bbox 2968 3721 3170 3776; x_wconf 89' lang='lat' dir='ltr'><strong>dictum</strong></span> <span class='ocrx_word' id='word_1_622' title='bbox 3206 3728 3290 3776; x_wconf 86' lang='lat' dir='ltr'><strong>est</strong></span> <span class='ocrx_word' id='word_1_623' title='bbox 3317 3738 3334 3776; x_wconf 90' lang='lat'><strong>:</strong></span> <span class='ocrx_word' id='word_1_624' title='bbox 3373 3739 3394 3774; x_wconf 80' lang='grc' dir='ltr'><strong>ι</strong></span> <span class='ocrx_word' id='word_1_625' title='bbox 3447 3721 3590 3779; x_wconf 84' lang='lat' dir='ltr'><strong>Ecce</strong></span> 
     </span>
    </p>
   </div>
   <div class='ocr_carea' id='block_1_83' title="bbox 2005 3811 3587 3875">
    <p class='ocr_par' dir='ltr' id='par_1_83' title="bbox 2005 3811 3587 3875">
     <span class='ocr_line' id='line_1_83' title="bbox 2005 3811 3587 3875; baseline 0.004 -11"><span class='ocrx_word' id='word_1_626' title='bbox 2005 3811 2123 3866; x_wconf 84' lang='lat' dir='ltr'><strong>dies</strong></span> <span class='ocrx_word' id='word_1_627' title='bbox 2165 3811 2412 3875; x_wconf 77' lang='lat' dir='ltr'><strong>veniunt,</strong></span> <span class='ocrx_word' id='word_1_628' title='bbox 2445 3813 2578 3866; x_wconf 89' lang='lat' dir='ltr'><strong>dicit</strong></span> <span class='ocrx_word' id='word_1_629' title='bbox 2637 3812 2918 3875; x_wconf 85' lang='lat' dir='ltr'><strong>Dominus,</strong></span> <span class='ocrx_word' id='word_1_630' title='bbox 2977 3811 3230 3867; x_wconf 80' lang='lat' dir='ltr'><strong>inducam</strong></span> <span class='ocrx_word' id='word_1_631' title='bbox 3284 3811 3490 3868; x_wconf 74' lang='lat' dir='ltr'><strong>famem</strong></span> <span class='ocrx_word' id='word_1_632' title='bbox 3531 3814 3587 3872; x_wconf 86' lang='lat' dir='ltr'><strong>in</strong></span> 
     </span>
    </p>
   </div>
   <div class='ocr_carea' id='block_1_84' title="bbox 2007 3903 3587 3975">
    <p class='ocr_par' dir='ltr' id='par_1_84' title="bbox 2007 3903 3587 3975">
     <span class='ocr_line' id='line_1_84' title="bbox 2007 3903 3587 3975; baseline 0.002 -16"><span class='ocrx_word' id='word_1_633' title='bbox 2007 3911 2230 3968; x_wconf 78' lang='lat' dir='ltr'><strong>terram,</strong></span> <span class='ocrx_word' id='word_1_634' title='bbox 2265 3913 2370 3958; x_wconf 88' lang='lat' dir='ltr'><strong>non</strong></span> <span class='ocrx_word' id='word_1_635' title='bbox 2419 3903 2615 3958; x_wconf 79' lang='lat' dir='ltr'><strong>famem</strong></span> <span class='ocrx_word' id='word_1_636' title='bbox 2661 3903 2837 3975; x_wconf 78' lang='lat' dir='ltr'><strong>panis,</strong></span> <span class='ocrx_word' id='word_1_637' title='bbox 2901 3918 3004 3960; x_wconf 87' lang='lat' dir='ltr'><strong>nec</strong></span> <span class='ocrx_word' id='word_1_638' title='bbox 3055 3903 3203 3960; x_wconf 90' lang='lat' dir='ltr'><strong>sitim</strong></span> <span class='ocrx_word' id='word_1_639' title='bbox 3262 3919 3438 3973; x_wconf 70' lang='lat' dir='ltr'><strong>aqum,</strong></span> <span class='ocrx_word' id='word_1_640' title='bbox 3491 3905 3587 3962; x_wconf 82' lang='lat' dir='ltr'><strong>sed</strong></span> 
     </span>
    </p>
   </div>
   <div class='ocr_carea' id='block_1_85' title="bbox 2007 3994 3621 4056">
    <p class='ocr_par' dir='ltr' id='par_1_85' title="bbox 2007 3994 3621 4056">
     <span class='ocr_line' id='line_1_85' title="bbox 2007 3994 3621 4056; baseline 0.004 -6"><span class='ocrx_word' id='word_1_641' title='bbox 2007 3995 2205 4052; x_wconf 78' lang='lat' dir='ltr'><strong>famem</strong></span> <span class='ocrx_word' id='word_1_642' title='bbox 2247 3997 2506 4052; x_wconf 81' lang='lat' dir='ltr'><strong>audiendi</strong></span> <span class='ocrx_word' id='word_1_643' title='bbox 2537 3999 2763 4053; x_wconf 85' lang='lat' dir='ltr'><strong>verbum</strong></span> <span class='ocrx_word' id='word_1_644' title='bbox 2814 3997 3054 4055; x_wconf 86' lang='lat' dir='ltr'><strong>Domini.</strong></span> <span class='ocrx_word' id='word_1_645' title='bbox 3110 3998 3196 4054; x_wconf 74' lang='lat' dir='ltr'><strong>Ab</strong></span> <span class='ocrx_word' id='word_1_646' title='bbox 3243 3994 3465 4056; x_wconf 85' lang='lat' dir='ltr'><strong>Oriente</strong></span> <span class='ocrx_word' id='word_1_647' title='bbox 3518 4000 3621 4056; x_wconf 85' lang='lat' dir='ltr'><strong>ad-</strong></span> 
     </span>
    </p>
   </div>
   <div class='ocr_carea' id='block_1_86' title="bbox 2005 4087 3587 4160">
    <p class='ocr_par' dir='ltr' id='par_1_86' title="bbox 2005 4087 3587 4160">
     <span class='ocr_line' id='line_1_86' title="bbox 2005 4087 3587 4160; baseline 0.003 -17"><span class='ocrx_word' id='word_1_648' title='bbox 2005 4087 2356 4143; x_wconf 76' lang='lat' dir='ltr'><strong>O‘ccidentem</strong></span> <span class='ocrx_word' id='word_1_649' title='bbox 2372 4103 2436 4144; x_wconf 89' lang='lat' dir='ltr'><strong>cu</strong></span> <span class='ocrx_word' id='word_1_650' title='bbox 2445 4087 2668 4144; x_wconf 76' lang='lat' dir='ltr'><strong>rsabunt</strong></span> <span class='ocrx_word' id='word_1_651' title='bbox 2688 4098 2994 4160; x_wconf 67' lang='lat' dir='ltr'><strong>quarentes</strong></span> <span class='ocrx_word' id='word_1_652' title='bbox 3009 4104 3316 4148; x_wconf 85' lang='lat' dir='ltr'><strong>sermonem</strong></span> <span class='ocrx_word' id='word_1_653' title='bbox 3347 4091 3587 4160; x_wconf 87' lang='lat' dir='ltr'><strong>Domini,</strong></span> 
     </span>
    </p>
   </div>
   <div class='ocr_carea' id='block_1_87' title="bbox 2005 4180 3594 4253">
    <p class='ocr_par' dir='ltr' id='par_1_87' title="bbox 2005 4180 3594 4253">
     <span class='ocr_line' id='line_1_87' title="bbox 2005 4180 3594 4253; baseline 0.001 -17"><span class='ocrx_word' id='word_1_654' title='bbox 2005 4189 2194 4236; x_wconf 88' lang='lat' dir='ltr'><strong>etnon</strong></span> <span class='ocrx_word' id='word_1_655' title='bbox 2233 4180 2522 4237; x_wconf 81' lang='lat' dir='ltr'><strong>invenient</strong></span> <span class='ocrx_word' id='word_1_656' title='bbox 2553 4182 2622 4236; x_wconf 76' lang='lat'><strong>&quot;.</strong></span> <span class='ocrx_word' id='word_1_657' title='bbox 2664 4201 2688 4236; x_wconf 82' lang='lat' dir='ltr'><strong>s</strong></span> <span class='ocrx_word' id='word_1_658' title='bbox 2743 4184 3103 4253; x_wconf 68' lang='lat' dir='ltr'><strong>Contigerant</strong></span> <span class='ocrx_word' id='word_1_659' title='bbox 3151 4197 3284 4240; x_wconf 85' lang='lat' dir='ltr'><strong>sane</strong></span> <span class='ocrx_word' id='word_1_660' title='bbox 3324 4181 3594 4240; x_wconf 80' lang='lat' dir='ltr'><strong>lsraelitis</strong></span> 
     </span>
    </p>
   </div>
   <div class='ocr_carea' id='block_1_88' title="bbox 2007 4274 3584 4348">
    <p class='ocr_par' dir='ltr' id='par_1_88' title="bbox 2007 4274 3584 4348">
     <span class='ocr_line' id='line_1_88' title="bbox 2007 4274 3584 4348; baseline 0 -16"><span class='ocrx_word' id='word_1_661' title='bbox 2007 4275 2142 4343; x_wconf 73' lang='lat' dir='ltr'><strong>haec,</strong></span> <span class='ocrx_word' id='word_1_662' title='bbox 2173 4284 2231 4330; x_wconf 89' lang='lat' dir='ltr'><strong>ut</strong></span> <span class='ocrx_word' id='word_1_663' title='bbox 2259 4274 2526 4342; x_wconf 66' lang='lat' dir='ltr'><strong>dicebam,</strong></span> <span class='ocrx_word' id='word_1_664' title='bbox 2556 4292 2666 4332; x_wconf 89' lang='lat' dir='ltr'><strong>non</strong></span> <span class='ocrx_word' id='word_1_665' title='bbox 2695 4275 2985 4334; x_wconf 84' lang='lat' dir='ltr'><strong>immerito.</strong></span> <span class='ocrx_word' id='word_1_666' title='bbox 3011 4275 3342 4348; x_wconf 79' lang='lat' dir='ltr'><strong>Repnleruet</strong></span> <span class='ocrx_word' id='word_1_667' title='bbox 3381 4277 3584 4333; x_wconf 86' lang='lat' dir='ltr'><strong>etenim</strong></span> 
     </span>
    </p>
   </div>
   <div class='ocr_carea' id='block_1_89' title="bbox 2008 4368 3587 4440">
    <p class='ocr_par' dir='ltr' id='par_1_89' title="bbox 2008 4368 3587 4440">
     <span class='ocr_line' id='line_1_89' title="bbox 2008 4368 3587 4440; baseline 0.002 -18"><span class='ocrx_word' id='word_1_668' title='bbox 2008 4369 2383 4426; x_wconf 80' lang='lat' dir='ltr'><strong>universorum</strong></span> <span class='ocrx_word' id='word_1_669' title='bbox 2419 4368 2731 4435; x_wconf 53' lang='lat' dir='ltr'><strong>Dominum,</strong></span> <span class='ocrx_word' id='word_1_670' title='bbox 2752 4369 2850 4440; x_wconf 79' lang='lat' dir='ltr'><strong>qui</strong></span> <span class='ocrx_word' id='word_1_671' title='bbox 2877 4368 3088 4424; x_wconf 80' lang='lat' dir='ltr'><strong>animas</strong></span> <span class='ocrx_word' id='word_1_672' title='bbox 3111 4379 3170 4424; x_wconf 89' lang='lat' dir='ltr'><strong>et</strong></span> <span class='ocrx_word' id='word_1_673' title='bbox 3207 4369 3372 4425; x_wconf 80' lang='lat' dir='ltr'><strong>corda</strong></span> <span class='ocrx_word' id='word_1_674' title='bbox 3424 4369 3587 4440; x_wconf 80' lang='lat' dir='ltr'><strong>spiri-</strong></span> 
     </span>
    </p>
   </div>
   <div class='ocr_carea' id='block_1_90' title="bbox 2009 4459 3586 4533">
    <p class='ocr_par' dir='ltr' id='par_1_90' title="bbox 2009 4459 3586 4533">
     <span class='ocr_line' id='line_1_90' title="bbox 2009 4459 3586 4533; baseline 0.002 -19"><span class='ocrx_word' id='word_1_675' title='bbox 2009 4461 2190 4518; x_wconf 86' lang='lat' dir='ltr'><strong>taliter</strong></span> <span class='ocrx_word' id='word_1_676' title='bbox 2213 4461 2426 4531; x_wconf 72' lang='lat' dir='ltr'><strong>irrigat,</strong></span> <span class='ocrx_word' id='word_1_677' title='bbox 2447 4469 2503 4517; x_wconf 88' lang='lat' dir='ltr'><strong>et</strong></span> <span class='ocrx_word' id='word_1_678' title='bbox 2525 4477 2650 4518; x_wconf 88' lang='lat' dir='ltr'><strong>rore</strong></span> <span class='ocrx_word' id='word_1_679' title='bbox 2666 4461 2938 4532; x_wconf 62' lang='lat' dir='ltr'><strong>spiritali</strong></span> <span class='ocrx_word' id='word_1_680' title='bbox 2965 4459 3330 4532; x_wconf 67' lang='lat' dir='ltr'><strong>pinguefaeit;</strong></span> <span class='ocrx_word' id='word_1_681' title='bbox 3352 4476 3586 4533; x_wconf 80' lang='lat' dir='ltr'><strong>quorum</strong></span> 
     </span>
    </p>
   </div>
   <div class='ocr_carea' id='block_1_91' title="bbox 319 4541 1901 4622">
    <p class='ocr_par' dir='ltr' id='par_1_91' title="bbox 319 4541 1901 4620">
     <span class='ocr_line' id='line_1_91' title="bbox 319 4541 1901 4620; baseline 0.001 -21"><span class='ocrx_word' id='word_1_682' title='bbox 319 4547 414 4601; x_wconf 74' lang='grc' dir='ltr'>καὶ</span> <span class='ocrx_word' id='word_1_683' title='bbox 464 4545 894 4600; x_wconf 84' lang='grc' dir='ltr'>καταπιαίνοντα</span> <span class='ocrx_word' id='word_1_684' title='bbox 939 4546 1150 4620; x_wconf 84' lang='grc' dir='ltr'>δρόσοις</span> <span class='ocrx_word' id='word_1_685' title='bbox 1185 4549 1306 4610; x_wconf 87' lang='grc' dir='ltr'>ταῖς</span> <span class='ocrx_word' id='word_1_686' title='bbox 1359 4549 1778 4618; x_wconf 84' lang='grc' dir='ltr'>πνευματικαῖς·</span> <span class='ocrx_word' id='word_1_687' title='bbox 1827 4541 1901 4602; x_wconf 83' lang='grc' dir='ltr'>ὧν</span> 
     </span>
    </p>
   </div>
   <div class='ocr_carea' id='block_1_92' title="bbox 2003 4541 3587 4622">
    <p class='ocr_par' dir='ltr' id='par_1_92' title="bbox 2007 4551 3587 4622">
     <span class='ocr_line' id='line_1_92' title="bbox 2007 4551 3587 4622; baseline 0.003 -15"><span class='ocrx_word' id='word_1_688' title='bbox 2007 4553 2171 4607; x_wconf 77' lang='lat' dir='ltr'><strong>etiam</strong></span> <span class='ocrx_word' id='word_1_689' title='bbox 2223 4557 2413 4608; x_wconf 87' lang='lat' dir='ltr'><strong>beatus</strong></span> <span class='ocrx_word' id='word_1_690' title='bbox 2457 4551 2624 4608; x_wconf 81' lang='lat' dir='ltr'><strong>David</strong></span> <span class='ocrx_word' id='word_1_691' title='bbox 2669 4552 2998 4609; x_wconf 83' lang='lat' dir='ltr'><strong>mentionem</strong></span> <span class='ocrx_word' id='word_1_692' title='bbox 3034 4553 3199 4622; x_wconf 80' lang='lat' dir='ltr'><strong>fecit,</strong></span> <span class='ocrx_word' id='word_1_693' title='bbox 3237 4568 3361 4610; x_wconf 85' lang='lat' dir='ltr'><strong>cum</strong></span> <span class='ocrx_word' id='word_1_694' title='bbox 3408 4556 3587 4612; x_wconf 79' lang='lat' dir='ltr'><strong>dicit:</strong></span> 
     </span>
    </p>
   </div>
   <div class='ocr_carea' id='block_1_93' title="bbox 320 4638 1905 4712">
    <p class='ocr_par' dir='ltr' id='par_1_93' title="bbox 320 4638 1905 4712">
     <span class='ocr_line' id='line_1_93' title="bbox 320 4638 1905 4712; baseline 0.001 -20"><span class='ocrx_word' id='word_1_695' title='bbox 320 4639 411 4692; x_wconf 76' lang='grc' dir='ltr'>καὶ</span> <span class='ocrx_word' id='word_1_696' title='bbox 444 4639 476 4692; x_wconf 86' lang='lat'><strong>6</strong></span> <span class='ocrx_word' id='word_1_697' title='bbox 502 4638 776 4711; x_wconf 79' lang='grc' dir='ltr'>μακάριος</span> <span class='ocrx_word' id='word_1_698' title='bbox 800 4639 965 4693; x_wconf 76' lang='grc' dir='ltr'>Δαϐὶδ</span> <span class='ocrx_word' id='word_1_699' title='bbox 1001 4638 1339 4711; x_wconf 82' lang='grc' dir='ltr'>διεμέμνητο</span> <span class='ocrx_word' id='word_1_700' title='bbox 1358 4639 1564 4708; x_wconf 48' lang='grc' dir='ltr'>λέγων(</span> <span class='ocrx_word' id='word_1_701' title='bbox 1590 4657 1609 4692; x_wconf 78' lang='grc' dir='ltr'><strong>ι</strong></span> <span class='ocrx_word' id='word_1_702' title='bbox 1662 4641 1750 4704; x_wconf 79' lang='grc' dir='ltr'>Ὠς</span> <span class='ocrx_word' id='word_1_703' title='bbox 1781 4639 1905 4712; x_wconf 83' lang='grc' dir='ltr'>δρό-</span> 
     </span>
    </p>
   </div>
   <div class='ocr_carea' id='block_1_94' title="bbox 323 4729 1904 4804">
    <p class='ocr_par' dir='ltr' id='par_1_94' title="bbox 323 4729 1904 4804">
     <span class='ocr_line' id='line_1_94' title="bbox 323 4729 1904 4804; baseline -0.002 -16"><span class='ocrx_word' id='word_1_704' title='bbox 323 4747 410 4794; x_wconf 80' lang='grc' dir='ltr'><strong>σος</strong></span> <span class='ocrx_word' id='word_1_705' title='bbox 455 4729 676 4801; x_wconf 76' lang='grc' dir='ltr'>Ἑρμῶν</span> <span class='ocrx_word' id='word_1_706' title='bbox 704 4730 1107 4786; x_wconf 85' lang='grc' dir='ltr'>καταϐαίνουσα</span> <span class='ocrx_word' id='word_1_707' title='bbox 1139 4732 1231 4784; x_wconf 75' lang='grc' dir='ltr'>ἐπὶ</span> <span class='ocrx_word' id='word_1_708' title='bbox 1257 4731 1324 4785; x_wconf 80' lang='grc' dir='ltr'><strong>τά</strong></span> <span class='ocrx_word' id='word_1_709' title='bbox 1350 4731 1452 4804; x_wconf 81' lang='grc' dir='ltr'>ὅρη</span> <span class='ocrx_word' id='word_1_710' title='bbox 1479 4729 1640 4786; x_wconf 86' lang='grc' dir='ltr'>Σιών.</span> <span class='ocrx_word' id='word_1_711' title='bbox 1677 4751 1700 4787; x_wconf 79' lang='lat' dir='ltr'><strong>s</strong></span> <span class='ocrx_word' id='word_1_712' title='bbox 1743 4732 1904 4804; x_wconf 76' lang='grc' dir='ltr'>Ἐγή-</span> 
     </span>
    </p>
   </div>
   <div class='ocr_carea' id='block_1_95' title="bbox 322 4821 1904 4895">
    <p class='ocr_par' dir='ltr' id='par_1_95' title="bbox 322 4821 1904 4895">
     <span class='ocr_line' id='line_1_95' title="bbox 322 4821 1904 4895; baseline 0.002 -20"><span class='ocrx_word' id='word_1_713' title='bbox 322 4838 513 4893; x_wconf 83' lang='grc' dir='ltr'>γερται</span> <span class='ocrx_word' id='word_1_714' title='bbox 539 4823 598 4878; x_wconf 73' lang='grc' dir='ltr'>δὲ</span> <span class='ocrx_word' id='word_1_715' title='bbox 625 4821 888 4895; x_wconf 83' lang='grc' dir='ltr'>ἀμπελὼν</span> <span class='ocrx_word' id='word_1_716' title='bbox 913 4823 1029 4878; x_wconf 83' lang='grc' dir='ltr'>ἀντ’</span> <span class='ocrx_word' id='word_1_717' title='bbox 1056 4824 1266 4877; x_wconf 77' lang='grc' dir='ltr'>ἐκείνου</span> <span class='ocrx_word' id='word_1_718' title='bbox 1307 4823 1446 4887; x_wconf 81' lang='grc' dir='ltr'>νέος,</span> <span class='ocrx_word' id='word_1_719' title='bbox 1483 4826 1511 4878; x_wconf 98' lang='lat'><strong>6</strong></span> <span class='ocrx_word' id='word_1_720' title='bbox 1540 4823 1650 4878; x_wconf 77' lang='grc' dir='ltr'><strong>τῶν</strong></span> <span class='ocrx_word' id='word_1_721' title='bbox 1684 4824 1773 4878; x_wconf 81' lang='grc' dir='ltr'>διὰ</span> <span class='ocrx_word' id='word_1_722' title='bbox 1810 4824 1904 4878; x_wconf 78' lang='grc' dir='ltr'>πίο-</span> 
     </span>
    </p>
   </div>
   <div class='ocr_carea' id='block_1_96' title="bbox 323 4913 1908 4988">
    <p class='ocr_par' dir='ltr' id='par_1_96' title="bbox 323 4913 1908 4988">
     <span class='ocr_line' id='line_1_96' title="bbox 323 4913 1908 4988; baseline 0.001 -21"><span class='ocrx_word' id='word_1_723' title='bbox 323 4930 490 4977; x_wconf 84' lang='grc' dir='ltr'>στεως</span> <span class='ocrx_word' id='word_1_724' title='bbox 540 4913 899 4985; x_wconf 84' lang='grc' dir='ltr'>κεκλημένων</span> <span class='ocrx_word' id='word_1_725' title='bbox 941 4915 1023 4978; x_wconf 78' lang='grc' dir='ltr'><strong>είς</strong></span> <span class='ocrx_word' id='word_1_726' title='bbox 1063 4915 1354 4986; x_wconf 79' lang='grc' dir='ltr'>ἁγιασμόν.</span> <span class='ocrx_word' id='word_1_727' title='bbox 1388 4915 1497 4970; x_wconf 78' lang='grc' dir='ltr'>Καὶ</span> <span class='ocrx_word' id='word_1_728' title='bbox 1543 4917 1672 4988; x_wconf 72' lang='grc' dir='ltr'>περὶ</span> <span class='ocrx_word' id='word_1_729' title='bbox 1726 4915 1908 4970; x_wconf 79' lang='grc' dir='ltr'>αὐτῶν</span> 
     </span>
    </p>
   </div>
   <div class='ocr_carea' id='block_1_97' title="bbox 321 5006 1905 5082">
    <p class='ocr_par' dir='ltr' id='par_1_97' title="bbox 321 5006 1905 5082">
     <span class='ocr_line' id='line_1_97' title="bbox 321 5006 1905 5082; baseline 0.005 -25"><span class='ocrx_word' id='word_1_730' title='bbox 321 5022 484 5076; x_wconf 78' lang='grc' dir='ltr'>φησιν</span> <span class='ocrx_word' id='word_1_731' title='bbox 513 5007 544 5059; x_wconf 94' lang='lat'><strong>6</strong></span> <span class='ocrx_word' id='word_1_732' title='bbox 573 5006 829 5077; x_wconf 82' lang='grc' dir='ltr'>Νυμφίος</span> <span class='ocrx_word' id='word_1_733' title='bbox 862 5007 892 5059; x_wconf 91' lang='lat'><strong>6</strong></span> <span class='ocrx_word' id='word_1_734' title='bbox 931 5006 991 5074; x_wconf 74' lang='grc' dir='ltr'><strong>ἐξ</strong></span> <span class='ocrx_word' id='word_1_735' title='bbox 1033 5007 1290 5078; x_wconf 84' lang='grc' dir='ltr'>οὐρανοῦ,</span> <span class='ocrx_word' id='word_1_736' title='bbox 1328 5007 1471 5062; x_wconf 76' lang='grc' dir='ltr'>τοῦτ’</span> <span class='ocrx_word' id='word_1_737' title='bbox 1495 5007 1612 5064; x_wconf 79' lang='grc' dir='ltr'>εστι</span> <span class='ocrx_word' id='word_1_738' title='bbox 1648 5009 1905 5082; x_wconf 77' lang='grc' dir='ltr'>Χριστόςο</span> 
     </span>
    </p>
   </div>
   <div class='ocr_carea' id='block_1_98' title="bbox 318 5096 1907 5172">
    <p class='ocr_par' dir='ltr' id='par_1_98' title="bbox 318 5096 1907 5172">
     <span class='ocr_line' id='line_1_98' title="bbox 318 5096 1907 5172; baseline 0.003 -21"><span class='ocrx_word' id='word_1_739' title='bbox 318 5097 387 5151; x_wconf 74' lang='grc' dir='ltr'>Δί</span> <span class='ocrx_word' id='word_1_740' title='bbox 426 5096 666 5167; x_wconf 74' lang='grc' dir='ltr'>ἄμπελοι</span> <span class='ocrx_word' id='word_1_741' title='bbox 703 5097 1082 5171; x_wconf 77' lang='grc' dir='ltr'>κυπρίζουσιν,</span> <span class='ocrx_word' id='word_1_742' title='bbox 1121 5099 1331 5155; x_wconf 70' lang='grc' dir='ltr'>ἔδωκαν</span> <span class='ocrx_word' id='word_1_743' title='bbox 1356 5102 1554 5172; x_wconf 79' lang='grc' dir='ltr'>ὀσμήν.</span> <span class='ocrx_word' id='word_1_744' title='bbox 1593 5103 1703 5156; x_wconf 77' lang='grc' dir='ltr'>Καὶ</span> <span class='ocrx_word' id='word_1_745' title='bbox 1741 5102 1907 5168; x_wconf 82' lang='grc' dir='ltr'>αὐτὸς</span> 
     </span>
    </p>
   </div>
   <div class='ocr_carea' id='block_1_99' title="bbox 323 5187 1908 5268">
    <p class='ocr_par' dir='ltr' id='par_1_99' title="bbox 323 5187 1908 5268">
     <span class='ocr_line' id='line_1_99' title="bbox 323 5187 1908 5268; baseline 0.004 -27"><span class='ocrx_word' id='word_1_746' title='bbox 323 5187 424 5258; x_wconf 75' lang='grc' dir='ltr'><strong>μέν</strong></span> <span class='ocrx_word' id='word_1_747' title='bbox 453 5190 571 5244; x_wconf 78' lang='grc' dir='ltr'>ἐστι</span> <span class='ocrx_word' id='word_1_748' title='bbox 594 5191 628 5262; x_wconf 78' lang='grc' dir='ltr'><strong>ἡ</strong></span> <span class='ocrx_word' id='word_1_749' title='bbox 658 5190 851 5264; x_wconf 84' lang='grc' dir='ltr'>πρώτη</span> <span class='ocrx_word' id='word_1_750' title='bbox 872 5209 932 5246; x_wconf 77' lang='grc' dir='ltr'><strong>τε</strong></span> <span class='ocrx_word' id='word_1_751' title='bbox 958 5191 1055 5247; x_wconf 77' lang='grc' dir='ltr'>καὶ</span> <span class='ocrx_word' id='word_1_752' title='bbox 1081 5193 1348 5262; x_wconf 85' lang='grc' dir='ltr'>παναγία,</span> <span class='ocrx_word' id='word_1_753' title='bbox 1379 5194 1474 5248; x_wconf 71' lang='grc' dir='ltr'><strong>καὶ</strong></span> <span class='ocrx_word' id='word_1_754' title='bbox 1503 5193 1710 5268; x_wconf 80' lang='grc' dir='ltr'>ἀληθὴς</span> <span class='ocrx_word' id='word_1_755' title='bbox 1734 5194 1908 5267; x_wconf 80' lang='grc' dir='ltr'>ἄμπε·</span> 
     </span>
    </p>
   </div>
   <div class='ocr_carea' id='block_1_100' title="bbox 319 5278 1909 5357">
    <p class='ocr_par' dir='ltr' id='par_1_100' title="bbox 319 5278 1909 5357">
     <span class='ocr_line' id='line_1_100' title="bbox 319 5278 1909 5357; baseline 0.003 -23"><span class='ocrx_word' id='word_1_756' title='bbox 319 5278 434 5344; x_wconf 82' lang='grc' dir='ltr'>λος.</span> <span class='ocrx_word' id='word_1_757' title='bbox 466 5279 863 5355; x_wconf 63' lang='grc' dir='ltr'>’Δπηρτήμεθα</span> <span class='ocrx_word' id='word_1_758' title='bbox 883 5282 954 5337; x_wconf 61' lang='grc' dir='ltr'><strong>’δὲ</strong></span> <span class='ocrx_word' id='word_1_759' title='bbox 996 5283 1164 5338; x_wconf 77' lang='grc' dir='ltr'>αὐτοῦ</span> <span class='ocrx_word' id='word_1_760' title='bbox 1205 5286 1366 5357; x_wconf 65' lang='grc' dir='ltr'>ἡμεῖς</span> <span class='ocrx_word' id='word_1_761' title='bbox 1399 5286 1692 5356; x_wconf 82' lang='grc' dir='ltr'>κλημάτων</span> <span class='ocrx_word' id='word_1_762' title='bbox 1725 5286 1909 5356; x_wconf 78' lang='grc' dir='ltr'>δίκην,</span> 
     </span>
    </p>
   </div>
   <div class='ocr_carea' id='block_1_101' title="bbox 317 5369 1909 5448">
    <p class='ocr_par' dir='ltr' id='par_1_101' title="bbox 317 5369 1909 5448">
     <span class='ocr_line' id='line_1_101' title="bbox 317 5369 1909 5448; baseline -0.001 -14"><span class='ocrx_word' id='word_1_763' title='bbox 317 5369 420 5441; x_wconf 77' lang='grc' dir='ltr'><strong>τῆς</strong></span> <span class='ocrx_word' id='word_1_764' title='bbox 452 5372 586 5445; x_wconf 75' lang='grc' dir='ltr'>παρ’</span> <span class='ocrx_word' id='word_1_765' title='bbox 615 5374 783 5428; x_wconf 76' lang='grc' dir='ltr'>αὑτοῦ</span> <span class='ocrx_word' id='word_1_766' title='bbox 815 5373 1083 5440; x_wconf 74' lang='grc' dir='ltr'>ζωοποιοῦ</span> <span class='ocrx_word' id='word_1_767' title='bbox 1119 5377 1376 5448; x_wconf 84' lang='grc' dir='ltr'>πιότητος</span> <span class='ocrx_word' id='word_1_768' title='bbox 1408 5378 1909 5448; x_wconf 73' lang='grc' dir='ltr'>ἀναπιμπλάμενοι.</span> 
     </span>
    </p>
   </div>
   <div class='ocr_carea' id='block_1_102' title="bbox 319 5461 1916 5542">
    <p class='ocr_par' dir='ltr' id='par_1_102' title="bbox 319 5461 1916 5542">
     <span class='ocr_line' id='line_1_102' title="bbox 319 5461 1916 5542; baseline 0.013 -28"><span class='ocrx_word' id='word_1_769' title='bbox 319 5461 427 5516; x_wconf 72' lang='grc' dir='ltr'><strong>Καὶ</strong></span> <span class='ocrx_word' id='word_1_770' title='bbox 463 5463 598 5534; x_wconf 82' lang='grc' dir='ltr'>γοῦν</span> <span class='ocrx_word' id='word_1_771' title='bbox 637 5466 882 5536; x_wconf 68' lang='grc' dir='ltr'>ἔφασκεν</span> <span class='ocrx_word' id='word_1_772' title='bbox 914 5469 1182 5542; x_wconf 71' lang='grc' dir='ltr'>ἐναργῶς·</span> <span class='ocrx_word' id='word_1_773' title='bbox 1220 5488 1240 5523; x_wconf 86' lang='lat' dir='ltr'><strong>t</strong></span> <span class='ocrx_word' id='word_1_774' title='bbox 1271 5469 1412 5539; x_wconf 80' lang='grc' dir='ltr'><strong>Ἐγώ</strong></span> <span class='ocrx_word' id='word_1_775' title='bbox 1450 5471 1565 5542; x_wconf 75' lang='grc' dir='ltr'>ειμι</span> <span class='ocrx_word' id='word_1_776' title='bbox 1601 5473 1634 5540; x_wconf 77' lang='grc' dir='ltr'>ὴ</span> <span class='ocrx_word' id='word_1_777' title='bbox 1670 5470 1916 5541; x_wconf 78' lang='grc' dir='ltr'>ἄμπελος</span> 
     </span>
    </p>
   </div>
   <div class='ocr_carea' id='block_1_103' title="bbox 317 5551 1913 5635">
    <p class='ocr_par' dir='ltr' id='par_1_103' title="bbox 317 5551 1913 5635">
     <span class='ocr_line' id='line_1_103' title="bbox 317 5551 1913 5635; baseline 0.016 -27"><span class='ocrx_word' id='word_1_778' title='bbox 317 5551 547 5628; x_wconf 78' lang='grc' dir='ltr'>ἀληθὴς,</span> <span class='ocrx_word' id='word_1_779' title='bbox 578 5559 676 5612; x_wconf 78' lang='grc' dir='ltr'>καὶ</span> <span class='ocrx_word' id='word_1_780' title='bbox 711 5560 741 5613; x_wconf 95' lang='lat'><strong>6</strong></span> <span class='ocrx_word' id='word_1_781' title='bbox 771 5560 965 5632; x_wconf 84' lang='grc' dir='ltr'>Πατήρ</span> <span class='ocrx_word' id='word_1_782' title='bbox 997 5578 1104 5631; x_wconf 86' lang='grc' dir='ltr'><strong>μου</strong></span> <span class='ocrx_word' id='word_1_783' title='bbox 1138 5563 1383 5635; x_wconf 78' lang='grc' dir='ltr'>γεωργός</span> <span class='ocrx_word' id='word_1_784' title='bbox 1412 5565 1547 5617; x_wconf 80' lang='grc' dir='ltr'>ἐστι’</span> <span class='ocrx_word' id='word_1_785' title='bbox 1581 5565 1691 5617; x_wconf 76' lang='grc' dir='ltr'><strong>πᾶν</strong></span> <span class='ocrx_word' id='word_1_786' title='bbox 1727 5563 1913 5634; x_wconf 77' lang='grc' dir='ltr'>κλῆμα</span> 
     </span>
    </p>
   </div>
   <div class='ocr_carea' id='block_1_104' title="bbox 317 5642 1912 5727">
    <p class='ocr_par' dir='ltr' id='par_1_104' title="bbox 317 5642 1912 5727">
     <span class='ocr_line' id='line_1_104' title="bbox 317 5642 1912 5727; baseline 0.006 -27"><span class='ocrx_word' id='word_1_787' title='bbox 317 5642 380 5700; x_wconf 70' lang='grc' dir='ltr'>ιν</span> <span class='ocrx_word' id='word_1_788' title='bbox 404 5648 532 5719; x_wconf 67' lang='grc' dir='ltr'>ἐμοὶ</span> <span class='ocrx_word' id='word_1_789' title='bbox 563 5649 641 5722; x_wconf 77' lang='grc' dir='ltr'>μὴ</span> <span class='ocrx_word' id='word_1_790' title='bbox 668 5651 834 5724; x_wconf 82' lang='grc' dir='ltr'>φέρον</span> <span class='ocrx_word' id='word_1_791' title='bbox 856 5653 1070 5727; x_wconf 72' lang='grc' dir='ltr'>καρπὸν</span> <span class='ocrx_word' id='word_1_792' title='bbox 1101 5654 1248 5726; x_wconf 70' lang='grc' dir='ltr'>αἴρει</span> <span class='ocrx_word' id='word_1_793' title='bbox 1277 5654 1428 5719; x_wconf 73' lang='grc' dir='ltr'>αὐτὸ,</span> <span class='ocrx_word' id='word_1_794' title='bbox 1455 5654 1548 5709; x_wconf 69' lang='grc' dir='ltr'><strong>καὶ</strong></span> <span class='ocrx_word' id='word_1_795' title='bbox 1579 5656 1687 5708; x_wconf 83' lang='grc' dir='ltr'>πᾶν</span> <span class='ocrx_word' id='word_1_796' title='bbox 1724 5655 1784 5709; x_wconf 74' lang='grc' dir='ltr'>τὸ</span> <span class='ocrx_word' id='word_1_797' title='bbox 1812 5656 1912 5726; x_wconf 88' lang='grc' dir='ltr'>φέ-</span> 
     </span>
    </p>
   </div>
   <div class='ocr_carea' id='block_1_105' title="bbox 2019 4642 3584 4724">
    <p class='ocr_par' dir='ltr' id='par_1_105' title="bbox 2019 4642 3584 4724">
     <span class='ocr_line' id='line_1_105' title="bbox 2019 4642 3584 4724; baseline 0.003 -28"><span class='ocrx_word' id='word_1_798' title='bbox 2019 4661 2038 4696; x_wconf 86' lang='grc' dir='ltr'><strong>ι</strong></span> <span class='ocrx_word' id='word_1_799' title='bbox 2051 4642 2207 4724; x_wconf 75' lang='lat' dir='ltr'><strong>Velut</strong></span> <span class='ocrx_word' id='word_1_800' title='bbox 2229 4658 2317 4700; x_wconf 77' lang='lat' dir='ltr'><strong>res</strong></span> <span class='ocrx_word' id='word_1_801' title='bbox 2329 4642 2568 4700; x_wconf 71' lang='lat' dir='ltr'><strong>Harmon</strong></span> <span class='ocrx_word' id='word_1_802' title='bbox 2584 4643 2920 4701; x_wconf 82' lang='lat' dir='ltr'><strong>descendens</strong></span> <span class='ocrx_word' id='word_1_803' title='bbox 2934 4657 3098 4716; x_wconf 79' lang='lat' dir='ltr'><strong>super</strong></span> <span class='ocrx_word' id='word_1_804' title='bbox 3111 4654 3322 4704; x_wconf 88' lang='lat' dir='ltr'><strong>montes</strong></span> <span class='ocrx_word' id='word_1_805' title='bbox 3337 4646 3468 4704; x_wconf 84' lang='lat' dir='ltr'><strong>Sion</strong></span> <span class='ocrx_word' id='word_1_806' title='bbox 3481 4648 3549 4701; x_wconf 84' lang='grc'><strong>⁷⁸.</strong></span> <span class='ocrx_word' id='word_1_807' title='bbox 3565 4668 3584 4701; x_wconf 78' lang='lat' dir='ltr'><strong>s</strong></span> 
     </span>
    </p>
   </div>
   <div class='ocr_carea' id='block_1_106' title="bbox 2012 4736 3588 4810">
    <p class='ocr_par' dir='ltr' id='par_1_106' title="bbox 2012 4736 3588 4810">
     <span class='ocr_line' id='line_1_106' title="bbox 2012 4736 3588 4810; baseline 0.001 -18"><span class='ocrx_word' id='word_1_808' title='bbox 2012 4736 2334 4794; x_wconf 77' lang='lat' dir='ltr'><strong>Easurreait</strong></span> <span class='ocrx_word' id='word_1_809' title='bbox 2360 4748 2544 4795; x_wconf 69' lang='lat' dir='ltr'><strong>autem</strong></span> <span class='ocrx_word' id='word_1_810' title='bbox 2573 4738 2690 4794; x_wconf 79' lang='lat' dir='ltr'><strong>loco</strong></span> <span class='ocrx_word' id='word_1_811' title='bbox 2716 4737 2860 4794; x_wconf 84' lang='lat' dir='ltr'><strong>illius</strong></span> <span class='ocrx_word' id='word_1_812' title='bbox 2895 4737 3048 4794; x_wconf 81' lang='lat' dir='ltr'><strong>vinea</strong></span> <span class='ocrx_word' id='word_1_813' title='bbox 3071 4748 3244 4807; x_wconf 78' lang='lat' dir='ltr'><strong>nova,</strong></span> <span class='ocrx_word' id='word_1_814' title='bbox 3284 4755 3474 4798; x_wconf 84' lang='lat' dir='ltr'><strong>eorum</strong></span> <span class='ocrx_word' id='word_1_815' title='bbox 3497 4741 3588 4810; x_wconf 86' lang='lat' dir='ltr'><strong>qui</strong></span> 
     </span>
    </p>
   </div>
   <div class='ocr_carea' id='block_1_107' title="bbox 2015 4827 3592 4899">
    <p class='ocr_par' dir='ltr' id='par_1_107' title="bbox 2015 4827 3592 4899">
     <span class='ocr_line' id='line_1_107' title="bbox 2015 4827 3592 4899; baseline 0.006 -19"><span class='ocrx_word' id='word_1_816' title='bbox 2015 4827 2187 4884; x_wconf 80' lang='lat' dir='ltr'><strong>vocati</strong></span> <span class='ocrx_word' id='word_1_817' title='bbox 2216 4837 2342 4884; x_wconf 88' lang='lat' dir='ltr'><strong>sunt</strong></span> <span class='ocrx_word' id='word_1_818' title='bbox 2371 4843 2470 4899; x_wconf 81' lang='lat' dir='ltr'><strong>per</strong></span> <span class='ocrx_word' id='word_1_819' title='bbox 2515 4829 2674 4886; x_wconf 76' lang='lat' dir='ltr'><strong>(idem</strong></span> <span class='ocrx_word' id='word_1_820' title='bbox 2715 4829 2782 4885; x_wconf 85' lang='lat' dir='ltr'><strong>ad</strong></span> <span class='ocrx_word' id='word_1_821' title='bbox 2830 4829 3342 4889; x_wconf 72' lang='lat' dir='ltr'><strong>sanetiilcatienem.</strong></span> <span class='ocrx_word' id='word_1_822' title='bbox 3396 4833 3478 4888; x_wconf 80' lang='lat' dir='ltr'><strong>Ao</strong></span> <span class='ocrx_word' id='word_1_823' title='bbox 3523 4831 3592 4888; x_wconf 79' lang='lat' dir='ltr'><strong>de</strong></span> 
     </span>
    </p>
   </div>
   <div class='ocr_carea' id='block_1_108' title="bbox 2013 4919 3587 4992">
    <p class='ocr_par' dir='ltr' id='par_1_108' title="bbox 2013 4919 3587 4992">
     <span class='ocr_line' id='line_1_108' title="bbox 2013 4919 3587 4992; baseline 0.001 -15"><span class='ocrx_word' id='word_1_824' title='bbox 2013 4921 2120 4978; x_wconf 86' lang='lat' dir='ltr'><strong>illis</strong></span> <span class='ocrx_word' id='word_1_825' title='bbox 2162 4921 2338 4992; x_wconf 89' lang='lat' dir='ltr'><strong>inquit</strong></span> <span class='ocrx_word' id='word_1_826' title='bbox 2369 4920 2612 4992; x_wconf 80' lang='lat' dir='ltr'><strong>Sponsus</strong></span> <span class='ocrx_word' id='word_1_827' title='bbox 2641 4919 2910 4989; x_wconf 62' lang='lat' dir='ltr'><strong>(scelestis,</strong></span> <span class='ocrx_word' id='word_1_828' title='bbox 2936 4923 2990 4980; x_wconf 90' lang='lat' dir='ltr'><strong>id</strong></span> <span class='ocrx_word' id='word_1_829' title='bbox 3020 4923 3402 4992; x_wconf 69' lang='grc' dir='ltr'>οοιϐιιιίσιιιι,</span> <span class='ocrx_word' id='word_1_830' title='bbox 3427 4922 3587 4979; x_wconf 75' lang='lat' dir='ltr'><strong>Vites</strong></span> 
     </span>
    </p>
   </div>
   <div class='ocr_carea' id='block_1_109' title="bbox 2011 5012 3592 5085">
    <p class='ocr_par' dir='ltr' id='par_1_109' title="bbox 2011 5012 3592 5085">
     <span class='ocr_line' id='line_1_109' title="bbox 2011 5012 3592 5085; baseline 0.001 -19"><span class='ocrx_word' id='word_1_831' title='bbox 2011 5012 2343 5084; x_wconf 77' lang='lat' dir='ltr'><strong>germinant,</strong></span> <span class='ocrx_word' id='word_1_832' title='bbox 2383 5012 2652 5069; x_wconf 85' lang='lat' dir='ltr'><strong>dederunt</strong></span> <span class='ocrx_word' id='word_1_833' title='bbox 2697 5013 2942 5070; x_wconf 86' lang='lat' dir='ltr'><strong>odorem.</strong></span> <span class='ocrx_word' id='word_1_834' title='bbox 2957 5012 3026 5068; x_wconf 80' lang='lat' dir='ltr'><strong>Et</strong></span> <span class='ocrx_word' id='word_1_835' title='bbox 3061 5012 3152 5069; x_wconf 84' lang='lat' dir='ltr'><strong>ille</strong></span> <span class='ocrx_word' id='word_1_836' title='bbox 3193 5023 3278 5072; x_wconf 85' lang='lat' dir='ltr'><strong>est</strong></span> <span class='ocrx_word' id='word_1_837' title='bbox 3317 5013 3492 5085; x_wconf 83' lang='lat' dir='ltr'><strong>prima</strong></span> <span class='ocrx_word' id='word_1_838' title='bbox 3535 5023 3592 5068; x_wconf 88' lang='lat' dir='ltr'><strong>et</strong></span> 
     </span>
    </p>
   </div>
   <div class='ocr_carea' id='block_1_110' title="bbox 2011 5103 3590 5179">
    <p class='ocr_par' dir='ltr' id='par_1_110' title="bbox 2011 5103 3590 5179">
     <span class='ocr_line' id='line_1_110' title="bbox 2011 5103 3590 5179; baseline -0.001 -17"><span class='ocrx_word' id='word_1_839' title='bbox 2011 5103 2354 5162; x_wconf 69' lang='lat' dir='ltr'><strong>Sanctissima</strong></span> <span class='ocrx_word' id='word_1_840' title='bbox 2384 5115 2439 5162; x_wconf 86' lang='lat' dir='ltr'><strong>et</strong></span> <span class='ocrx_word' id='word_1_841' title='bbox 2461 5121 2588 5164; x_wconf 87' lang='lat' dir='ltr'><strong>vera</strong></span> <span class='ocrx_word' id='word_1_842' title='bbox 2613 5107 2740 5164; x_wconf 83' lang='lat' dir='ltr'><strong>vitis</strong></span> <span class='ocrx_word' id='word_1_843' title='bbox 2770 5123 2845 5164; x_wconf 82' lang='lat' dir='ltr'><strong>:a</strong></span> <span class='ocrx_word' id='word_1_844' title='bbox 2873 5123 2980 5178; x_wconf 85' lang='lat' dir='ltr'><strong>qua</strong></span> <span class='ocrx_word' id='word_1_845' title='bbox 3005 5122 3105 5165; x_wconf 86' lang='lat' dir='ltr'><strong>nos</strong></span> <span class='ocrx_word' id='word_1_846' title='bbox 3149 5110 3449 5179; x_wconf 74' lang='lat' dir='ltr'><strong>pendemus</strong></span> <span class='ocrx_word' id='word_1_847' title='bbox 3489 5120 3590 5162; x_wconf 86' lang='lat' dir='ltr'><strong>ceu</strong></span> 
     </span>
    </p>
   </div>
   <div class='ocr_carea' id='block_1_111' title="bbox 2014 5195 3590 5272">
    <p class='ocr_par' dir='ltr' id='par_1_111' title="bbox 2014 5195 3590 5272">
     <span class='ocr_line' id='line_1_111' title="bbox 2014 5195 3590 5272; baseline 0.001 -19"><span class='ocrx_word' id='word_1_848' title='bbox 2014 5197 2287 5268; x_wconf 75' lang='lat' dir='ltr'><strong>pai‘mites,</strong></span> <span class='ocrx_word' id='word_1_849' title='bbox 2323 5198 2538 5256; x_wconf 83' lang='lat' dir='ltr'><strong>viviﬂea</strong></span> <span class='ocrx_word' id='word_1_850' title='bbox 2563 5200 2894 5272; x_wconf 67' lang='lat' dir='ltr'><strong>pinguedine</strong></span> <span class='ocrx_word' id='word_1_851' title='bbox 2925 5201 2996 5258; x_wconf 87' lang='lat' dir='ltr'><strong>ab</strong></span> <span class='ocrx_word' id='word_1_852' title='bbox 3029 5199 3122 5256; x_wconf 86' lang='lat' dir='ltr'><strong>illo</strong></span> <span class='ocrx_word' id='word_1_853' title='bbox 3153 5198 3368 5271; x_wconf 77' lang='lat' dir='ltr'><strong>repleti.</strong></span> <span class='ocrx_word' id='word_1_854' title='bbox 3409 5195 3590 5268; x_wconf 72' lang='lat' dir='ltr'><strong>Siqui-</strong></span> 
     </span>
    </p>
   </div>
   <div class='ocr_carea' id='block_1_112' title="bbox 2014 5286 3591 5360">
    <p class='ocr_par' dir='ltr' id='par_1_112' title="bbox 2014 5286 3591 5360">
     <span class='ocr_line' id='line_1_112' title="bbox 2014 5286 3591 5360; baseline -0.001 -15"><span class='ocrx_word' id='word_1_855' title='bbox 2014 5289 2138 5346; x_wconf 87' lang='lat' dir='ltr'><strong>dem</strong></span> <span class='ocrx_word' id='word_1_856' title='bbox 2167 5289 2316 5346; x_wconf 86' lang='lat' dir='ltr'><strong>clare</strong></span> <span class='ocrx_word' id='word_1_857' title='bbox 2343 5290 2522 5348; x_wconf 78' lang='lat' dir='ltr'><strong>dixit:</strong></span> <span class='ocrx_word' id='word_1_858' title='bbox 2558 5308 2581 5344; x_wconf 78' lang='grc' dir='ltr'><strong>ι</strong></span> <span class='ocrx_word' id='word_1_859' title='bbox 2623 5289 2738 5360; x_wconf 67' lang='lat' dir='ltr'><strong>Ego</strong></span> <span class='ocrx_word' id='word_1_860' title='bbox 2769 5297 2891 5346; x_wconf 74' lang='lat' dir='ltr'><strong>eu</strong></span> <span class='ocrx_word' id='word_1_861' title='bbox 2938 5290 3066 5346; x_wconf 81' lang='lat' dir='ltr'><strong>vitis</strong></span> <span class='ocrx_word' id='word_1_862' title='bbox 3116 5303 3264 5357; x_wconf 78' lang='lat' dir='ltr'><strong>vera,</strong></span> <span class='ocrx_word' id='word_1_863' title='bbox 3315 5295 3374 5344; x_wconf 88' lang='lat' dir='ltr'><strong>et</strong></span> <span class='ocrx_word' id='word_1_864' title='bbox 3427 5286 3591 5345; x_wconf 82' lang='lat' dir='ltr'><strong>Pater</strong></span> 
     </span>
    </p>
   </div>
   <div class='ocr_carea' id='block_1_113' title="bbox 2013 5376 3589 5452">
    <p class='ocr_par' dir='ltr' id='par_1_113' title="bbox 2013 5376 3589 5452">
     <span class='ocr_line' id='line_1_113' title="bbox 2013 5376 3589 5452; baseline -0.001 -16"><span class='ocrx_word' id='word_1_865' title='bbox 2013 5394 2174 5436; x_wconf 76' lang='lat' dir='ltr'><strong>meus</strong></span> <span class='ocrx_word' id='word_1_866' title='bbox 2195 5379 2428 5452; x_wconf 77' lang='lat' dir='ltr'><strong>agricola</strong></span> <span class='ocrx_word' id='word_1_867' title='bbox 2469 5388 2598 5447; x_wconf 77' lang='lat' dir='ltr'><strong>est;</strong></span> <span class='ocrx_word' id='word_1_868' title='bbox 2635 5392 2852 5435; x_wconf 84' lang='lat' dir='ltr'><strong>omnem</strong></span> <span class='ocrx_word' id='word_1_869' title='bbox 2909 5376 3186 5449; x_wconf 75' lang='lat' dir='ltr'><strong>palmitem</strong></span> <span class='ocrx_word' id='word_1_870' title='bbox 3234 5376 3288 5432; x_wconf 89' lang='lat' dir='ltr'><strong>in</strong></span> <span class='ocrx_word' id='word_1_871' title='bbox 3348 5391 3437 5436; x_wconf 89' lang='lat' dir='ltr'><strong>me</strong></span> <span class='ocrx_word' id='word_1_872' title='bbox 3482 5393 3589 5435; x_wconf 84' lang='lat' dir='ltr'><strong>non</strong></span> 
     </span>
    </p>
   </div>
   <div class='ocr_carea' id='block_1_114' title="bbox 2015 5467 3593 5540">
    <p class='ocr_par' dir='ltr' id='par_1_114' title="bbox 2015 5467 3593 5540">
     <span class='ocr_line' id='line_1_114' title="bbox 2015 5467 3593 5540; baseline 0.001 -15"><span class='ocrx_word' id='word_1_873' title='bbox 2015 5471 2278 5529; x_wconf 77' lang='lat' dir='ltr'><strong>ferentem</strong></span> <span class='ocrx_word' id='word_1_874' title='bbox 2309 5470 2544 5528; x_wconf 79' lang='lat' dir='ltr'><strong>fructum</strong></span> <span class='ocrx_word' id='word_1_875' title='bbox 2590 5469 2750 5536; x_wconf 88' lang='lat' dir='ltr'><strong>tollit,</strong></span> <span class='ocrx_word' id='word_1_876' title='bbox 2801 5475 2856 5524; x_wconf 86' lang='lat' dir='ltr'><strong>et</strong></span> <span class='ocrx_word' id='word_1_877' title='bbox 2896 5481 3111 5524; x_wconf 75' lang='lat' dir='ltr'><strong>omnem</strong></span> <span class='ocrx_word' id='word_1_878' title='bbox 3178 5468 3270 5540; x_wconf 85' lang='lat' dir='ltr'><strong>qui</strong></span> <span class='ocrx_word' id='word_1_879' title='bbox 3323 5467 3430 5526; x_wconf 71' lang='lat' dir='ltr'><strong>fert</strong></span> <span class='ocrx_word' id='word_1_880' title='bbox 3475 5467 3593 5527; x_wconf 77' lang='lat' dir='ltr'><strong>fru-</strong></span> 
     </span>
    </p>
   </div>
   <div class='ocr_carea' id='block_1_115' title="bbox 2011 5560 3591 5635">
    <p class='ocr_par' dir='ltr' id='par_1_115' title="bbox 2011 5560 3591 5635">
     <span class='ocr_line' id='line_1_115' title="bbox 2011 5560 3591 5635; baseline 0 -15"><span class='ocrx_word' id='word_1_881' title='bbox 2011 5575 2182 5628; x_wconf 85' lang='lat' dir='ltr'><strong>ctum.</strong></span> <span class='ocrx_word' id='word_1_882' title='bbox 2201 5571 2414 5635; x_wconf 74' lang='lat' dir='ltr'><strong>purgat,</strong></span> <span class='ocrx_word' id='word_1_883' title='bbox 2444 5572 2504 5619; x_wconf 90' lang='lat' dir='ltr'><strong>ut</strong></span> <span class='ocrx_word' id='word_1_884' title='bbox 2538 5561 2776 5619; x_wconf 81' lang='lat' dir='ltr'><strong>fructum</strong></span> <span class='ocrx_word' id='word_1_885' title='bbox 2799 5560 3111 5618; x_wconf 82' lang='lat' dir='ltr'><strong>uberiorem</strong></span> <span class='ocrx_word' id='word_1_886' title='bbox 3139 5561 3283 5620; x_wconf 78' lang='lat' dir='ltr'><strong>ferat</strong></span> <span class='ocrx_word' id='word_1_887' title='bbox 3304 5561 3374 5620; x_wconf 82' lang='lat'><strong>&quot;.</strong></span> <span class='ocrx_word' id='word_1_888' title='bbox 3393 5581 3416 5618; x_wconf 73' lang='grc' dir='ltr'><strong>ι</strong></span> <span class='ocrx_word' id='word_1_889' title='bbox 3453 5564 3591 5622; x_wconf 73' lang='lat' dir='ltr'><strong>Cum</strong></span> 
     </span>
    </p>
   </div>
   <div class='ocr_carea' id='block_1_116' title="bbox 2010 5653 3588 5728">
    <p class='ocr_par' dir='ltr' id='par_1_116' title="bbox 2010 5653 3588 5728">
     <span class='ocr_line' id='line_1_116' title="bbox 2010 5653 3588 5728; baseline 0.001 -18"><span class='ocrx_word' id='word_1_890' title='bbox 2010 5671 2141 5714; x_wconf 84' lang='lat' dir='ltr'><strong>vero</strong></span> <span class='ocrx_word' id='word_1_891' title='bbox 2170 5654 2244 5714; x_wconf 88' lang='lat' dir='ltr'><strong>illi</strong></span> <span class='ocrx_word' id='word_1_892' title='bbox 2273 5654 2452 5728; x_wconf 72' lang='lat' dir='ltr'><strong>agnati</strong></span> <span class='ocrx_word' id='word_1_893' title='bbox 2486 5668 2552 5712; x_wconf 89' lang='lat' dir='ltr'><strong>ac</strong></span> <span class='ocrx_word' id='word_1_894' title='bbox 2597 5653 2745 5713; x_wconf 86' lang='lat' dir='ltr'><strong>insiti</strong></span> <span class='ocrx_word' id='word_1_895' title='bbox 2788 5655 2962 5714; x_wconf 88' lang='lat' dir='ltr'><strong>simus</strong></span> <span class='ocrx_word' id='word_1_896' title='bbox 3006 5668 3106 5728; x_wconf 83' lang='lat' dir='ltr'><strong>per</strong></span> <span class='ocrx_word' id='word_1_897' title='bbox 3150 5654 3588 5728; x_wconf 72' lang='lat' dir='ltr'><strong>coniunctionem</strong></span> 
     </span>
    </p>
   </div>
   <div class='ocr_carea' id='block_1_117' title="bbox 404 5807 2133 5896">
    <p class='ocr_par' dir='ltr' id='par_1_117' title="bbox 404 5807 2133 5896">
     <span class='ocr_line' id='line_1_117' title="bbox 404 5807 2133 5896; baseline 0.005 -32"><span class='ocrx_word' id='word_1_898' title='bbox 404 5807 644 5891; x_wconf 70' lang='lat' dir='ltr'><strong>&quot;Amos</strong></span> <span class='ocrx_word' id='word_1_899' title='bbox 671 5826 792 5881; x_wconf 83' lang='lat' dir='ltr'><strong>vtu,</strong></span> <span class='ocrx_word' id='word_1_900' title='bbox 825 5813 913 5870; x_wconf 74' lang='lat' dir='ltr'><strong>ti.</strong></span> <span class='ocrx_word' id='word_1_901' title='bbox 970 5813 1035 5896; x_wconf 48' lang='grc' dir='ltr'><strong>ζ’</strong></span> <span class='ocrx_word' id='word_1_902' title='bbox 1067 5813 1202 5869; x_wconf 77' lang='lat' dir='ltr'><strong>l’sal.</strong></span> <span class='ocrx_word' id='word_1_903' title='bbox 1237 5827 1446 5884; x_wconf 80' lang='lat' dir='ltr'><strong>cauti,</strong></span> <span class='ocrx_word' id='word_1_904' title='bbox 1477 5813 1530 5867; x_wconf 78' lang='lat'><strong>3.</strong></span> <span class='ocrx_word' id='word_1_905' title='bbox 1609 5814 1655 5846; x_wconf 82' lang='lat'><strong>&quot;</strong></span> <span class='ocrx_word' id='word_1_906' title='bbox 1687 5811 1844 5870; x_wconf 76' lang='lat' dir='ltr'><strong>Joan.</strong></span> <span class='ocrx_word' id='word_1_907' title='bbox 1873 5827 1964 5883; x_wconf 83' lang='lat' dir='ltr'><strong>xv,</strong></span> <span class='ocrx_word' id='word_1_908' title='bbox 1998 5812 2050 5882; x_wconf 73' lang='lat' dir='ltr'><strong>i,</strong></span> <span class='ocrx_word' id='word_1_909' title='bbox 2077 5814 2133 5872; x_wconf 70' lang='grc'>2.</span> 
     </span>
    </p>
   </div>
  </div>
