4012 6216
360 201 462 257 “9

1499 209 1565 269 IN
1603 209 1838 270 ιεΑιΑιι
1877 212 2008 273 LIB.
2049 214 2088 271 1.
2131 215 2349 277 ουτ.
2387 219 2477 278 Ill.

3515 228 3620 286 ιιξο

354 317 922 411 τοῑςᾳάστεσινοικίας.
954 322 1046 395 Μὴ
1072 322 1180 394 μὴν
1213 325 1510 398 εὐφορήσει
1534 328 1605 384 τὰ
1624 332 1681 384 ἐν
1712 332 1924 405 ἀγροῖς,

2030 344 2137 400 est,
2176 337 2279 394 nisi
2327 338 2400 394 sit
2447 338 2539 411 qui
2577 338 2770 396 domos
2796 338 2852 396 in
2884 340 3111 399 urbibus
3172 343 3462 404 inhabitet.
3508 349 3620 409 Nee

353 408 487 467 θεοῦ
508 410 992 484 καταφθείροντος,
1016 415 1112 469 καὶ
1131 416 1230 488 τὴν
1248 416 1356 472 τῶν
1375 417 1518 492 ἀπλή
1526 436 1666 478 στων
1685 422 1938 497 ἐλέγχον-

354 518 444 569 τος
469 501 709 583 ἀδικίαν.
753 502 973 577 Ἐπειδὴ
1018 504 1076 560 δὲ
1124 508 1220 562 καὶ
1275 508 1434 580 ήμῶν
1468 511 1701 579 ἕκαστος
1741 516 1801 571 ἐν
1830 518 1939 592 ἰδίᾳ

354 595 497 667 ψυχῇ
542 592 736 666 νοητὸν
770 594 884 667 ἔχει
909 594 1197 670 γεώργιον,
1235 599 1328 655 καὶ
1353 601 1445 656 τὸν
1474 602 1573 675 τῆς
1595 604 1939 682 δικαιοσύνης

354 683 646 757 ἐργάζεται
675 685 899 757 σπόρον,
920 687 1319 761 φυλαττώμεθα
1337 691 1397 746 τὸ
1421 696 1781 768 προσκρούειν
1795 699 1935 774 Θεῷ.

352 776 485 831 Τότε
513 777 627 849 γάρ
660 777 805 844 τότε,
842 774 1095 852 καθάπερ
1140 776 1290 836 οἷκον
1329 783 1543 858 ἀσφαλῆ
1571 787 1667 840 καὶ
1714 790 1936 862 ἐρηρει-

354 868 578 938 σμένον,
622 869 917 940 οἰκήσομεν
958 870 1057 943 τὴν
1108 872 1359 946 πολυειδῆ
1415 876 1511 930 καὶ
1570 880 1939 949 παμποίκιλον

352 957 577 1030 ἀρετὴν,
619 959 1002 1033 πληθυνοῦμεν
1026 961 1084 1017 δὲ
1120 964 1283 1019 σίτων
1313 964 1504 1041 ὥσπερ
1532 969 1798 1036 κοιλάδες
1849 975 1937 1028 εὐ-

351 1048 653 1122 λογήσειδὲ
697 1052 728 1107 6
777 1051 886 1106 τῶν
933 1053 1070 1109 ὅλων
1097 1054 1229 1122 θεὸς
1258 1056 1350 1112 τὸν
1380 1060 1582 1132 σπόρον
1623 1062 1811 1135 ήμῶν,
1841 1064 1937 1119 καὶ

353 1141 580 1214 αὐξήσει
613 1144 684 1197 τὰ
698 1145 1013 1217 γεννήματα
1041 1146 1144 1218 τῆς
1181 1147 1526 1225 δικαιοσύνης
1574 1146 1750 1225 ήμῶν,
1790 1155 1938 1212 καθά

350 1249 515 1305 φησιν
537 1234 569 1287 ό
600 1233 888 1300 θεσπέσιος
914 1234 1146 1303 Παῦλος.

420 1434 569 1489 Οὐαὶ
619 1436 676 1489 οί
721 1434 1080 1507 ἐγειρόμενοι
1121 1438 1205 1506 τῷ
1242 1441 1414 1511 πρωῒ,
1467 1443 1566 1499 καί
1605 1447 1672 1500 τὸ
1723 1451 1937 1520 σίκερα

349 1524 691 1594 διώκοντες,
735 1529 791 1582 οί
822 1526 1114 1598 μένοντες
1144 1530 1212 1586 τὸ
1244 1533 1362 1602 ὀψέ
1392 1552 1405 1565 ο
1433 1537 1468 1590 ό
1492 1536 1603 1606 γὰρ
1628 1534 1795 1609 οἶνος
1826 1545 1933 1598 αὑ-

352 1616 491 1683 τοὺς
506 1619 871 1688 συγκαύσει.
891 1621 1055 1676 Μετὰ
1078 1622 1188 1693 γὰρ
1214 1624 1457 1694 κιθάρας
1477 1628 1573 1683 καί
1593 1633 1936 1702 ψαλτηρίου

2040 429 2273 488 feliciter
2323 433 2645 504 provenient
2694 447 2818 505 qua
2864 445 2996 491 sunt
3026 436 3080 491 in
3130 439 3313 509 agris,
3369 440 3480 498 Deo
3522 458 3621 502 ιι·-

2038 530 2222 579 stante
2254 531 2310 579 et
2338 537 2526 580 eorum
2560 523 2882 595 iniustitiam
2923 537 3270 598 coarguente.
3305 528 3445 597 Quia
3493 547 3623 593 vero

2039 611 2269 684 quisque
2304 622 2547 670 nostrum
2584 615 2770 671 animo
2798 627 2901 671 suo
2953 615 3118 672 habet
3174 618 3618 689 agricolationem

2038 703 2141 761 sub
2171 704 2574 776 intelligentiam
2610 706 2915 773 cadentem,
2946 716 3005 763 et
3045 711 3623 780 sementemjustitis

2037 796 2211 853 facit:
2263 812 2555 854 caveamus
2593 812 2664 854 ne
2711 799 2767 855 in
2816 798 3180 858 oﬂ‘ensionem
3235 801 3474 859 divinam
3538 807 3623 861 in-

2038 903 2341 947 curramus.
2393 890 2548 947 Tunc
2591 892 2761 959 enim,
2821 900 2955 950 tunc
3018 892 3248 950 virtutes
3297 895 3623 966 Multiplices

2038 994 2103 1037 ac
2139 981 2305 1037 variae
2354 982 2408 1037 in
2458 981 2611 1038 nobis
2645 992 2902 1053 tanquam
2967 981 3021 1037 in
3048 983 3327 1039 domicilio
3395 994 3510 1042 tuto
3555 1004 3622 1042 ac

2039 1071 2245 1126 munito
2277 1071 2619 1137 babitabunt,
2675 1080 2731 1128 et
2765 1072 3098 1128 frumentum
3149 1075 3307 1144 quasi
3356 1076 3413 1132 in
3467 1087 3615 1133 terra

2035 1160 2301 1233 profunda
2356 1162 2878 1234 multiplicabimus:
2927 1173 2982 1221 et
3038 1164 3423 1223 universorum
3474 1168 3626 1224 Deus

2036 1253 2230 1309 semini
2263 1261 2453 1310 nostro
2497 1254 2807 1323 benedicet,
2833 1263 2890 1311 et
2915 1253 3122 1311 lruetus
3160 1254 3389 1326 iustitia
3415 1268 3614 1318 nostra

2037 1344 2274 1416 augebit,
2297 1345 2455 1400 sicuti
2484 1354 2541 1400 et
2569 1344 2782 1401 divinus
2807 1344 3004 1400 Paulus
3035 1344 3216 1416 inquit
3238 1344 3290 1378 “

2102 1433 2214 1506 87
2256 1434 2420 1492 Vens.
2485 1434 2570 1502 ll,
2638 1434 2723 1490 12.
2760 1432 2851 1489 ναι
2905 1435 2989 1490 his
3021 1434 3112 1509 qui
3181 1433 3617 1506 expergiscantur

2036 1541 2209 1593 mane,
2244 1535 2584 1581 etrectantur
2637 1528 2884 1593 siceram,
2917 1539 2964 1581 et
3019 1527 3090 1581 ad
3126 1541 3394 1596 vesperum
3452 1539 3615 1594 usque

2035 1632 2236 1671 moram
2283 1618 2523 1671 trahunt.
2570 1613 2759 1671 Vinum
2808 1619 2948 1672 enim
2994 1616 3270 1672 succendat
3300 1630 3410 1670 eos.
3469 1611 3615 1668 Nam

350 1708 447 1764 καί
472 1708 825 1780 τυμπάνων,
852 1711 960 1767 τὸν
982 1708 1152 1769 οἶνον
1179 1716 1451 1783 πίνουσι,
1475 1720 1574 1774 καὶ
1604 1724 1830 1792 αὐλῶν,
1856 1723 1927 1780 τὰ

2030 1724 2148 1763 cum
2178 1707 2381 1763 cithara
2418 1717 2466 1781 et
2491 1707 2770 1779 psalterio,
2807 1716 2859 1763 et
2881 1709 3143 1779 tympanis
3176 1717 3227 1762 et
3265 1707 3407 1762 tibiis
3436 1708 3614 1761 vim
3681 1709 3691 1726 '

348 1800 417 1855 es
442 1803 590 1872 ἔργα
604 1803 827 1871 Κυρίου
871 1806 985 1860 οὐκ
1011 1805 1401 1876 ἐμϐλέπουσι,
1430 1811 1528 1866 καί
1556 1813 1628 1869 τὰ
1650 1816 1794 1887 ἔργα
1813 1817 1933 1874 τῶν

346 1893 568 1965 χειρῶν
588 1894 780 1950 αὐτοῦ
812 1897 886 1951 οὐ
911 1898 1336 1955 κατανοοῦσιν.

416 1984 691 2038 Συνάπτει
724 1986 837 2048 τοῖς
873 1985 1112 2057 πρώτοις
1140 1987 1304 2061 ἕτερα
1337 1993 1432 2045 καὶ
1464 1994 1794 2065 παγχάλεπα
1821 1997 1931 2053 τῶν

349 2072 621 2127 πλουσίων
642 2072 984 2145 ἐγκλήματα.
1015 2074 1296 2147 Πάρεσται
1324 2077 1433 2151 γὰρ
1459 2081 1669 2146 αὐτοῖς,
1701 2083 1838 2155 πρός
1864 2101 1929 2153 γε

346 2165 423 2237 τῷ
452 2163 744 2236 βούλεσθαι
788 2164 1132 2221 πλεονεκτεῖν
1177 2165 1272 2222 καὶ
1303 2169 1617 2242 ἀκορέστως
1649 2174 1931 2244 βιάζεσθαι

346 2259 472 2321 τοὺς
498 2255 950 2329 ἀσθενεστέρους,
979 2258 1074 2314 καὶ
1097 2259 1158 2314 τὸ
1177 2260 1235 2314 ἐν
1255 2260 1439 2326 πότοις
1459 2258 1600 2317 εἶναι
1619 2266 1816 2336 φιλεῖν,
1836 2268 1931 2323 καὶ

348 2350 578 2419 τρυφαῖς
610 2348 1027 2417 ἑπιγάννυσθαι,
1054 2349 1261 2421 κώμοις
1290 2369 1351 2407 τε
1374 2354 1469 2408 καὶ
1499 2354 1694 2425 μέθαις
1719 2357 1928 2412 ἀκατα-

346 2436 564 2508 λήκτοις
589 2477 606 2504 ,
637 2439 734 2494 καὶ
773 2440 889 2503 τοῖς
936 2440 1002 2494 εκ
1052 2441 1409 2512 φιλοσαρκίας
1471 2448 1928 2519 καταμιαίνεσθαι

345 2533 564 2593 κακοῖς
604 2531 701 2585 καὶ
739 2529 897 2586 τοῦτο
933 2532 1227 2605 ἐνδελεχῶς
1263 2533 1471 2592 οἴεσθαι
1500 2538 1612 2593 δεῖν
1639 2541 1840 2606 αὐτοὺς
1868 2544 1928 2595 ἐν

343 2629 509 2680 παντὶ
565 2621 641 2690 δὴ
686 2623 845 2680 τοῦτο
906 2626 1168 2696 πράττειν
1225 2625 1423 2701 καιρῷ.
1483 2629 1690 2697 Ἱκανὸς
1736 2633 1846 2703 γὰρ
1897 2635 1927 2688 6

342 2715 577 2783 πλοῦτος
604 2717 870 2789 ἀκονῆσαι
913 2716 1050 2789 πρὸς
1089 2718 1327 2792 τρυφὰς,
1371 2721 1465 2776 καὶ
1495 2722 1587 2777 τὸν
1622 2723 1710 2778 ἐπ’
1741 2726 1928 2792 αὐτοῖς

340 2805 608 2876 ἀφανίσαι
644 2806 825 2879 κόρον.
872 2802 1013 2862 Ἀλλ’
1047 2827 1066 2863 ι
1107 2811 1136 2864 6
1171 2810 1410 2884 σπείρων
1444 2814 1525 2878 είς
1549 2813 1647 2885 τὴν
1676 2814 1919 2889 adparat,»

321 2898 494 2953 πκαθά
531 2916 696 2971 φησιν
724 2901 753 2955 6
777 2900 1010 2969 Παῦλος,
1043 2921 1061 2954 ι
1084 2903 1150 2957 ὲκ
1183 2903 1285 2975 τῆς
1315 2905 1517 2977 σαρκὸς
1560 2905 1765 2980 θερίσει
1798 2908 1927 2979 φθο-

343 2992 468 3064 ράν.
506 3011 527 3046 ι
561 2993 731 3058 Τέλος
773 2993 884 3065 γάρ
913 2995 1014 3067 τῆς
1061 2996 1399 3069 προσκαίρου
1451 2999 1668 3071 τρυφῆς
1712 3001 1923 3074 μακρὸν

340 3087 436 3140 καὶ
470 3086 720 3157 διηνεκὲς
761 3085 914 3142 ἔσται
951 3087 1223 3161 δάκρυον,
1272 3091 1367 3145 καὶ⁸
1417 3091 1687 3165 σαρκικῆς
1729 3088 1924 3167 ἡδονῆς

340 3176 563 3249 ὄλεθρος
589 3179 619 3231 6
651 3177 883 3249 καρπός.
931 3178 1140 3251 Γράφει
1184 3182 1364 3238 τοίνυν
1396 3184 1531 3255 ἡμῖν
1576 3186 1605 3238 ό
1636 3187 1927 3259 προφήτης

341 3268 441 3333 τάς
473 3267 583 3321 τῶν
626 3268 897 3323 Ἰουδαίων
921 3268 1256 3345 ἀγερωχίας,
1302 3276 1399 3328 καὶ
1446 3277 1506 3330 τὸ
1548 3276 1797 3349 ἐξίτηλον
1844 3279 1926 3344 είς

338 3357 577 3431 τρυςοάς,
619 3361 715 3414 καὶ
753 3361 811 3415 τὸ
843 3363 1142 3435 κεχυμένον
1164 3366 1247 3431 είς
1282 3368 1543 3434 ἀσωτίας.
1580 3371 1767 3426 Πάντα
1791 3370 1922 3445 γάρ,

334 3450 495 3520 φησι,
571 3448 763 3522 καιρὸν
817 3452 1188 3524 ἀπονέμοντες
1247 3456 1372 3520 ταῖς
1432 3458 1920 3530 γαστριμαργίαις,

341 3540 445 3599 ὑπὸ
472 3541 573 3611 τὴν
614 3543 689 3596 ἕω
722 3541 947 3612 ζητοῦσι
977 3544 1040 3598 τὸ
1068 3545 1287 3617 σίκερα,
1333 3548 1431 3603 καὶ⁵
1472 3551 1584 3613 τοῖς
1612 3550 1768 3620 ἡλίου
1800 3548 1922 3622 δρό-

343 3647 467 3707 μοις
519 3634 914 3690 συνεκτείνουσι
950 3638 1076 3701 τοὺς
1119 3639 1340 3703 πότους,
1383 3638 1478 3693 καὶ
1509 3639 1704 3711 μέχρις
1754 3639 1924 3712 αὐτῆς

343 3722 604 3793 μένοντες
628 3725 722 3796 τῆς
744 3727 1007 3799 ἑσπέρας.
1053 3729 1113 3783 'O
1140 3728 1250 3803 γάρ
1279 3725 1420 3795 οἶνος
1448 3730 1647 3809 αὐτοὺς
1677 3730 1923 3801 συγκαύ-

341 3832 447 3870 σει.
488 3816 963 3891 Ὀμολογουμένως
1002 3821 1104 3892 μὲν
1144 3821 1255 3895 γὰρ
1287 3823 1509 3895 ἐμποιεῖ
1559 3839 1684 3877 τινα
1727 3822 1923 3879 καῦσιν

232 3944 233 3947 η
337 3906 475 3978 ἄδην
504 3908 792 3980 πινόμενος
831 3914 945 3975 τοῖς
990 3911 1323 3983 σπλάγχνοις
1351 3915 1380 3967 6
1418 3908 1579 3979 οἶνος.
1613 3913 1923 3984 Συγκαύσει

336 3997 395 4051 δὲ
420 3998 519 4051 καὶ⁵
557 4000 761 4072 ἑτέρως
793 4000 889 4055 τοῦ
917 4002 1138 4074 μεθύειν
1161 4004 1290 4070 τοὺς
1317 4006 1575 4086 ἐραστὰς,
1628 4006 1781 4062 ἔσται
1811 4007 1922 4080 γάρ

339 4089 525 4152 αὐτοῖς
555 4090 696 4161 πρὸς
727 4089 888 4146 τοῦτο
942 4094 1263 4160 κολάζοντος
1293 4096 1539 4170 ἀφορμή.
1595 4097 1921 4171 Συγκαυθήδ

341 4194 527 4234 σονται
555 4180 616 4235 δὲ
650 4183 828 4256 πάντη
860 4201 918 4239 τε
940 4186 1032 4239 καὶ
1063 4187 1278 4253 πάντως
1297 4190 1376 4252 είς
1402 4188 1606 4259 φλόγας
1630 4190 1921 4261 πεμπόμε-

335 4288 415 4327 νοι
439 4274 546 4339 τάς
568 4275 860 4350 διηνεκεῖς,
893 4281 989 4333 καὶ
1015 4281 1424 4354 ήτοιμασμένας
1450 4281 1530 4353 τῷ
1558 4281 1791 4355 διαϐόλῳ
1824 4284 1922 4340 καὶ

334 4372 446 4436 τοῖς
486 4371 745 4441 ἀγγέλοις
772 4373 989 4466 αὑτοῦ.-
1009 4375 1278 4450 Ταύτῃτοι
1321 4377 1417 4432 καὶ
1448 4378 1477 4431 6
1517 4376 1751 4449 μέθυσος
1779 4376 1918 4451 ὁμοῦ
1952 4404 1996 4467 Β

333 4464 445 4525 τοῖς
469 4462 652 4529 ἄλλοις
678 4462 925 4537 βεϐήλοις
952 4458 1264 4541 ἆπόκληρος
1295 4469 1446 4524 ἔσται
1471 4470 1622 4543 παρὰ
1655 4470 1796 4544 Θεῷ,
1822 4473 1919 4527 καὶ

334 4554 413 4617 είς
456 4553 556 4628 τὴν
606 4556 717 4610 τῶν
756 4553 1004 4631 οὐρανῶν
1050 4560 1328 4633 βασιλείαν
1374 4563 1476 4617 ούκ
1525 4563 1912 4619 εἰσελεύσεται.

334 4640 476 4717 Ὅρα
509 4644 624 4719 γὰρ
665 4647 768 4719 ὅση
810 4649 920 4703 τῶν
962 4650 1235 4707 Ἰουδαίων
1266 4651 1458 4723 γέγονε
1502 4654 1648 4710 κατὰ
1688 4657 1949 4730 χωροῦς’

331 4736 368 4808 ὴ
408 4736 505 4791 ἐπὶ
555 4737 619 4792 τὸ
665 4742 861 4812 χρῆναι
923 4744 1140 4816 τρυφᾷν
1184 4743 1446 4817 ὲξιτηλία.
1497 4746 1672 4802 Ὅπου
1717 4748 1828 4822 γάρ
1885 4742 1918 4803 6

329 4829 568 4902 κιθάρας
601 4832 846 4900 κτύπος,
881 4835 977 4888 καὶ
1005 4837 1306 4909 τυμπάνων
1346 4834 1503 4911 ἦχος,
1545 4841 1640 4894 καὶ
1671 4840 1780 4895 τῶν
1818 4840 1917 4896 αύ-

328 4920 571 4976 λούντων
606 4925 1081 4998 συναναφιῖηησις,
1123 4929 1222 4983 σὺν
1251 4928 1523 5002 εὐρυθμίᾳ
1552 4930 1647 4985 καὶ
1673 4931 1914 5003 κρότοις,

327 5007 446 5066 ἐκεῖ
489 5031 596 5068 που
632 5014 852 5080 πάντως
894 5018 1014 5071 ἐστὶ
1047 5017 1143 5071 καὶ
1188 5020 1298 5074 πᾶν
1344 5013 1486 5084 εἶδος
1529 5019 1911 5093 ἀκαθαρσίας,

326 5106 422 5158 καὶ
455 5105 528 5161 τὰ
564 5107 751 5180 κρυφῆ
780 5108 1082 5180 γιγνόμενα
1111 5111 1243 5182 παρ’
1269 5110 1470 5177 αὐτῶν,
1493 5109 1530 5166 ἃ
1564 5112 1659 5165 καὶ
1688 5111 1914 5185 αἰσχρόν

324 5202 443 5255 ἐστι
467 5199 671 5270 λέγειν.
702 5203 901 5274 Ζημιοῖ
933 5203 992 5257 δὲ
1023 5202 1180 5259 τοῦτο
1211 5204 1412 5269 αὐτοὺς
1436 5203 1499 5258 τὸ
1540 5204 1902 5278 μὴδύνασθαι

325 5291 570 5364 καθορᾷν
615 5293 716 5367 τὴν
745 5294 840 5350 τοῦ
878 5295 1017 5351 Θεοῦ
1044 5296 1226 5364 δόξαν,
1257 5300 1396 5372 μήτε
1432 5297 1549 5370 μὴν
1585 5296 1913 5366 ἐνατενίζειν

323 5385 444 5449 τοῖς
499 5384 681 5458 ἔργοις
739 5387 931 5443 αὐτοῦ.
995 5389 1168 5444 Ὦσπε
1174 5407 1209 5463 ρ
1258 5390 1369 5464 γὰρ
1426 5392 1457 5447 6
1508 5388 1605 5445 τοῦ
1659 5390 1914 5464 σώματος

321 5473 707 5555 ὸφθαλμὺς,ἢ
750 5481 951 5550 κόνεως
983 5480 1363 5555 ιμσαλοῡσης.
1397 5483 1431 5555 ἢ
1472 5482 1657 5556 λήμης
1686 5485 1913 5558 ἐγκεχυ-

395 5626 667 5687 “ﬂCor.
715 5648 794 5694 ιι.
858 5632 944 5688 l0.
1041 5635 1095 5673 ⁸⁸
1126 5635 1303 5692 GaLtt.
1351 5636 1510 5696 v1.8.

2029 1799 2235 1865 bibunt,
2270 1815 2429 1870 opera
2470 1815 2590 1857 vero
2613 1799 2824 1855 Domini
2847 1815 2949 1855 non
2997 1799 3297 1868 intuentur,
3346 1813 3438 1855 rm;
3457 1810 3616 1869 opera

2030 1904 2285 1945 manuum
2313 1889 2431 1959 eius
2476 1889 2831 1946 considerant.

2100 1980 2357 2053 Adjungit
2390 1983 2582 2053 primis
2598 1982 2702 2037 alia
2734 1982 2904 2038 etiam
2928 1981 3256 2052 gravissima
3292 1977 3525 2035 crimina
3554 1975 3616 2032 in

2030 2072 2240 2130 divites.
2314 2071 2448 2130 Nam
2497 2081 2859 2146 pransi-quam
2920 2071 3064 2144 quod
3135 2069 3378 2126 avaritia
3442 2066 3619 2123 dediti

2029 2165 2161 2230 sint,
2184 2175 2241 2221 et
2276 2180 2441 2234 supra
2499 2166 2716 2222 modum
2759 2165 3052 2221 'tenuiores
3093 2162 3446 2232 opprimant,
3508 2157 3614 2213 hoc

2031 2255 2156 2310 mali
2213 2257 2423 2313 accedit
2470 2257 2657 2324 etiam,
2702 2265 2763 2313 ut
2815 2256 2928 2312 sint
2966 2252 3356 2325 l‘requentesin
3416 2263 3610 2319 perpo-

2031 2347 2351 2417 tationibus,
2382 2360 2443 2405 ut
2472 2349 2685 2405 luxuria
2711 2347 2977 2413 diﬁluant,
3008 2356 3066 2402 ut
3093 2342 3610 2406 comessationibus,

2027 2440 2385 2497 ebrietatibus
2445 2442 2750 2508 continuis,
2790 2440 3111 2509 caeterisque
3165 2437 3324 2494 malis
3368 2451 3489 2507 quae
3539 2449 3623 2490 ex.

2027 2533 2208 2589 carnis
2262 2532 2488 2589 libidine
2545 2533 2819 2599 oriuntur,
2885 2530 3388 2587 commaculentur:
3448 2527 3625 2596 idque

2027 2620 2242 2692 iugiter,
2286 2623 2508 2694 perinde
2536 2623 2689 2695 quasi
2718 2626 2822 2681 hoc
2847 2624 2999 2680 omni
3040 2634 3282 2693 tempore
3320 2635 3381 2678 se
3410 2619 3612 2676 debere

2026 2708 2207 2770 facere
2230 2715 2628 2770 existimarent.
2670 2714 2959 2785 Opulcntia
2988 2714 3135 2771 enim
3167 2712 3385 2769 abunde
3412 2710 3610 2767 stimu-

2028 2806 2140 2860 lare
2192 2810 2370 2877 potest
2410 2806 2479 2861 ad
2543 2804 2869 2877 voluptates,
2913 2818 3240 2876 omnemque
3291 2802 3600 2858 satietatem

2026 2894 2081 2954 in
2126 2898 2233 2954 illis
2280 2898 2489 2955 tollere.
2538 2896 2610 2955 At
2670 2916 2691 2952 ι
2720 2898 2814 2969 qui
2863 2898 3097 2953 seminat
3141 2895 3196 2951 in
3254 2909 3442 2959 carne,
3470 2913 3491 2948 ι
3545 2901 3610 2949 ut

2027 2984 2202 3058 inquit
2232 2986 2449 3055 Paulus,
2485 3006 2503 3040 ι
2536 3001 2605 3045 ex
2635 3002 2800 3044 carne
2834 2986 3023 3042 metict
3051 2984 3454 3056 corruptionem
3486 2982 3555 3039 ".
3582 3000 3605 3035 ι

2028 3078 2180 3136 Finis
2226 3080 2369 3135 enim
2426 3078 2739 3151 lemporarii
2798 3079 2981 3145 luxus,
3040 3076 3200 3149 longa
3258 3084 3313 3132 et
3350 3073 3615 3146 perennis

2027 3172 2133 3228 erit
2177 3171 2444 3245 lacryma,
2475 3180 2531 3229 et
2570 3172 2804 3229 carnalis
2850 3170 3142 3242 voluptatis
3172 3168 3404 3237 fructus,
3445 3166 3609 3223 inter-

2027 3262 2153 3322 itus.
2195 3264 2466 3323 Describit
2535 3266 2721 3337 itaque
2765 3263 3027 3336 propheta
3080 3262 3237 3319 nobis
3292 3256 3607 3316 Judatoruta

2025 3358 2247 3426 fastum,
2301 3368 2359 3416 et
2442 3359 2943 3416 immoderationem
3020 3357 3184 3413 luxus
3213 3396 3226 3423 ,
3270 3353 3608 3424 ell'usamque

2025 3450 2520 3521 intemperantiam.
2575 3449 2750 3508 Omne
2806 3449 2954 3506 enim
3026 3457 3235 3519 tempus
3298 3444 3475 3500 ventri
3542 3457 3609 3497 ac

2023 3540 2163 3610 gula:
2199 3539 2464 3607 tribuunt,
2503 3538 2608 3596 sub
2637 3553 2892 3595 auroram
2948 3538 3187 3593 siceram
3231 3543 3509 3606 quaerunt,
3550 3542 3611 3586 et

2022 3631 2090 3685 ad
2129 3628 2262 3686 solis
2292 3644 2512 3687 cursum
2532 3629 2963 3702 compotationes
2997 3628 3346 3697 protrahunt,
3384 3638 3604 3694 perma-

2023 3730 2216 3777 nentes
2241 3726 2414 3791 usque
2463 3722 2532 3777 ad
2578 3734 2885 3792 vesperum.
2928 3717 3123 3773 Vinum
3174 3716 3318 3770 enim
3354 3714 3607 3770 incendet

2021 3826 2137 3869 eos.
2170 3812 2385 3869 Excitat
2432 3812 2633 3885 quippe
2675 3812 2730 3866 in
2761 3807 3062 3865 viseeribus
3089 3807 3313 3877 largiter
3366 3805 3606 3862 bibentis

2021 3903 2181 3976 plane
2239 3903 2515 3977 quoddam
2580 3902 2912 3959 incendium.
2986 3900 3126 3969 Quin
3181 3892 3388 3955 etalio
3445 3898 3606 3954 modo

2024 3997 2206 4053 vinum
2245 3995 2538 4053 succendet
2576 3993 2695 4050 haec
2726 3990 3009 4048 ebrietatis
3047 3990 3338 4062 mancipia.
3375 3988 3604 4046 Occasio

2022 4092 2280 4148 nimirum
2336 4090 2443 4147 erit
2507 4097 2566 4146 ut
2619 4084 2943 4158 supplicium
3014 4086 3082 4141 de
3138 4084 3244 4141 illis
3308 4091 3595 4149 sumatur;

2022 4183 2291 4255 siquidem
2323 4183 2703 4251 incendentur,
2744 4179 2977 4253 ablegati
3009 4178 3063 4234 in
3104 4168 3357 4231 flamman
3403 4174 3607 4245 sempi-

2023 4280 2254 4338 teruam,
2290 4272 2505 4329 diabolo
2524 4273 2749 4345 ejusque
2776 4271 2984 4343 angelis
3004 4268 3353 4325 déStlnatam‘.
3379 4264 3603 4320 Scilicet

2023 4365 2150 4421 hinc
2172 4364 2418 4422 ebriosus
2453 4380 2558 4421 una
2582 4366 2705 4420 cum
2741 4362 2863 4420 aliis
2908 4359 3158 4434 profanis
3179 4362 3211 4413 a
3243 4356 3354 4415 Deo
3410 4370 3604 4413 exsors

2022 4459 2149 4524 erit,
2178 4464 2233 4515 et
2268 4464 2494 4529 regnum
2551 4457 2814 4515 cmloruin
2863 4451 3177 4526 neutiquam
3248 4451 3601 4521 ingredietur.

2023 4551 2263 4608 Observa
2292 4560 2474 4607 autem
2515 4550 2719 4623 Quanta
2767 4534 2945 4606 luerit
2994 4540 3125 4605 sum
3184 4545 3496 4602 Iudaeorum
3548 4543 3603 4598 iu

2021 4644 2388 4717 voluptatibus
2431 4642 2811 4702 consectandis’
2849 4642 3154 4702 eﬁ'renalio.
3205 4640 3313 4699 Ubi
3369 4650 3607 4709 namque

2022 4737 2249 4796 citharae
2266 4752 2432 4795 sonus
2459 4744 2567 4805 est,
2589 4747 2645 4795 et
2686 4750 3065 4811 tympanorum
3095 4737 3309 4810 pulsus,
3334 4748 3401 4790 ac
3431 4732 3609 4788 tibici-

2023 4845 2153 4888 num
2188 4836 2484 4888 concentus
2521 4846 2649 4888 cum
2698 4830 3050 4889 numerorum
3110 4828 3482 4887 concinnitate
3548 4833 3605 4879 et

2020 4923 2322 4996 plausibus,
2345 4924 2419 4982 ibi
2445 4925 2669 4991 omnino
2710 4935 2795 4981 est
2829 4932 2885 4982 et
2914 4938 3077 4982 omne
3113 4930 3284 4994 genus
3319 4916 3607 4983 findimus,

2021 5028 2195 5089 eaque
2269 5017 2408 5074 ﬁunt
2481 5019 2622 5075 clam
2698 5019 2768 5076 ab
2825 5017 2935 5076 illis
2984 5022 3105 5089 quas
3167 5026 3323 5086 turpe
3378 5020 3466 5069 est
3521 5012 3602 5066 vel

2021 5109 2222 5166 dicere.
2268 5107 2424 5178 Quod
2461 5110 2680 5182 quidem
2718 5110 3108 5183 impedimento
3160 5106 3268 5163 illis
3301 5111 3407 5170 est,
3463 5118 3603 5174 quo-

2021 5201 2203 5259 minus
2238 5199 2469 5273 gloriam
2494 5202 2590 5260 Dei
2634 5204 2974 5268 iutueantur,
3010 5200 3237 5270 ejusque
3295 5209 3465 5266 opera
3519 5205 3604 5250 at-

2020 5296 2262 5355 tendant.
2291 5297 2428 5356 Nam
2466 5307 2525 5355 ut
2548 5299 2799 5370 corporis
2824 5295 3033 5361 oculus,
3059 5293 3146 5349 vél
3198 5289 3424 5364 pulvere
3463 5289 3604 5361 inje-

2019 5398 2146 5458 cto,
2201 5390 2288 5449 vel
2335 5391 2596 5465 lippidine
2636 5389 2844 5457 olfusa,
2902 5386 2988 5445 vel
3030 5386 3359 5445 obturbante
3408 5386 3597 5441 vulnco

2022 5499 2102 5556 re,
2156 5483 2305 5543 clare
2352 5499 2461 5541 non
2508 5489 2688 5555 potest
2734 5481 2954 5542 videre:
3010 5477 3092 5538 sic
3143 5486 3300 5537 mens
3358 5474 3609 5535 Iuturna:
