4032 6214
459 256 569 319 153

1451 264 1510 322 8.
1548 263 1828 323 CYRIIJJ
1866 263 2338 323 ALEXANDle
2375 267 2695 327 ARCHEP.

3622 260 3719 317 l56

458 377 606 433 enim
641 371 834 432 mortis
872 381 1053 431 terror
1076 388 1182 431 non
1217 377 1563 447 prosternet?
1591 376 1684 433 Vel
1720 391 1879 445 quem
1895 375 2030 433 'ocu-

2145 376 2203 431 δὲ
2224 376 2438 448 μεγάλα
2463 377 2761 448 φυσῶντες,
2796 372 2982 447 φησὶν.
3007 372 3223 428 ῑσονται
3257 373 3718 441 τεταπεινωμένοι

463 468 575 523 lum
618 465 820 523 elatum
851 476 906 523 et
927 466 1092 522 altum
1135 466 1523 538 suspicientem
1573 468 1754 538 gravis
1780 468 2047 523 etintole‘

464 558 637 614 randa
695 557 978 614 calamitas
1025 558 1268 629 quietum
1315 568 1371 615 et
1397 560 1630 629 sapitum
1653 574 1759 614 non
1817 559 2048 615 reddet?

420 688 427 695 .
458 650 610 716 llmc,
643 649 853 718 inquit,
899 650 1082 703 omnia
1113 647 1204 704 ubi
1248 649 1894 718 evenerinthextolletur
1934 649 2043 705 Do-

463 741 641 796 minus
694 739 933 795 Sabaoth
966 739 1055 795 die
1089 740 1199 805 illa,
1230 741 1282 796 id
1324 750 1426 808 est,
1460 750 1571 797 tmn
1602 742 1818 813 quando
1847 741 1962 797 haec
1979 744 2045 799 de

462 832 572 885 illis
603 831 865 900 praedicta
897 829 962 884 ad
997 831 1203 885 exitum
1246 832 1557 887 decurrent.
1595 830 1891 886 Extollitur
1916 845 2043 885 vero

460 922 722 977 Dominus
768 920 1007 978 Sabaoth
1061 924 1115 977 in
1141 922 1345 990 judicio
1382 931 1438 978 et
1463 922 1696 991 iustitia,
1724 938 1847 977 cum
1891 932 2043 977 recto

459 1028 560 1066 suo
584 1022 640 1067 et
670 1024 1017 1069 sacrosancto
1045 1016 1257 1070 calculo
1294 1015 1348 1070 in
1389 1016 1643 1085 pupulum
1669 1017 1957 1083 superbum
1988 1024 2045 1070 et

457 1100 861 1172 vqlnptuariutn
925 1104 1333 1159 animadvertit.
1388 1102 1553 1161 Proin
1595 1106 1836 1161 aversari
1879 1104 2043 1161 lasci-

456 1194 625 1258 viam,
652 1195 947 1264 carnisque
979 1195 1230 1250 libidines
1280 1195 1500 1251 inutiles
1543 1196 1627 1251 vel
1654 1197 1831 1265 potius
1867 1197 2043 1265 impu-
2092 1263 2103 1271 ,

456 1285 708 1339 rissimas
737 1301 898 1355 quam
928 1288 1244 1358 longissime
1274 1287 1567 1358 proﬂigare
1608 1289 1943 1351 studeamus,
1973 1302 2043 1344 ne

453 1380 650 1423 cmttra
685 1372 903 1427 insultet
950 1375 1106 1429 nobis
1151 1372 1396 1431 infernus
1448 1377 1812 1445 inexplebilis.
1849 1378 2040 1434 Memi-

461 1462 639 1517 nimus
676 1465 819 1517 enim
869 1465 1211 1521 Serratorem
1250 1468 1496 1524 dixisse:
1540 1486 1559 1521 ι
1603 1468 1691 1525 Va:
1718 1470 1869 1525 vobis
1906 1472 2042 1526 divi-

2148 468 2246 521 καὶ
2265 469 2470 540 ἄτιμοι.
2494 470 2605 523 Καὶ
2630 468 2751 522 τινα
2779 466 2891 539 γὰρ
2922 465 2984 519 οὐ
3013 464 3261 518 ταπεινοῖ
3279 461 3372 517 τοῦ
3407 462 3638 517 θανάτου
3659 462 3720 518 τὸ

2146 557 2338 630 δεῖμα;
2374 562 2445 614 Ἦ
2482 562 2634 614 ποῖον
2665 556 2945 629 ὀφθαλμὸν
2971 553 3282 626 ἐπηρμένον
3322 554 3419 608 καὶ
3454 554 3568 608 ἀνω
3603 554 3721 624 βλέ-

2148 666 2317 704 ποντα
2338 651 2485 723 δεινὴ
2506 652 2601 705 καὶ
2631 649 2910 711 δύσοιστος
2937 647 2997 701 οὐ
3026 645 3405 717 κατακοιμίζει
3426 647 3718 715 συμφοράς

2148 742 2365 798 Τούτων
2396 744 2478 809 δὲ,
2516 743 2705 814 φησὶν,
2741 741 2998 796 ἁπάντων
3031 736 3462 809 συμϐεϐηκότων
3497 735 3720 808 ὑψωθή‹

2147 847 2302 886 σεται
2332 831 2535 903 Κύριος
2566 829 2818 896 Σαϐαὼθ,
2857 831 2915 884 ὲν
2965 831 3031 901 τῇ
3080 828 3266 899 ἡμέρᾳ
3304 827 3523 899 ἐκείνῃ,
3575 825 3721 880 τοῦτ’

2144 922 2283 987 εστι,
2312 924 2432 977 κατ’
2459 925 2635 977 ἐκεῖνο
2660 920 2755 976 τοῦ
2785 919 3007 991 καιροῦ,
3044 919 3167 973 καθ’
3189 918 3247 972 ὃν
3274 919 3358 980 είς
3384 918 3559 988 πέρας
3588 916 3722 989 δρα⁹

2147 1017 2331 1087 μεῖται
2362 1013 2432 1067 τά
2477 1014 2564 1067 ἐπ’
2603 1015 2789 1077 αὐτοῖς
2834 1010 3316 1084 προηγορευμένα.
3363 1009 3629 1080 ’Υψοῦται
3663 1010 3724 1065 δδ

2147 1107 2307 1177 μόνος
2331 1106 2536 1177 Κύριος
2562 1104 2787 1159 Σαϐαὼθ
2823 1106 2881 1158 ὲν
2911 1104 3162 1174 κρίματι,
3193 1102 3285 1155 καὶ
3305 1103 3363 1155 ὲν
3381 1099 3721 1174 δικαιοσύνῃ,

2143 1194 2219 1259 ὡς
2258 1194 2392 1267 ὀρθῇ
2438 1194 2532 1249 καὶ
2581 1195 2707 1266 ὁσία
2741 1196 2807 1265 τῇ
2858 1194 3027 1265 ψήφῳ
3072 1190 3309 1254 κολάσας
3348 1190 3438 1244 τὸν
3484 1189 3726 1254 ἀλαζόνα

2143 1285 2289 1350 λαὸν,
2339 1286 2430 1341 τὸν
2469 1284 2671 1355 ἀπειθῆ
2718 1286 2813 1339 καὶ
2863 1284 3167 1354 φιλήδονον.
3213 1281 3584 1351 Παραιτητέον
3628 1277 3723 1336 οὖν

2143 1380 2253 1451 ἀρα
2298 1380 2397 1443 τὰς
2424 1379 2656 1450 τρυφὰς,
2701 1378 2795 1432 καὶ
2833 1377 2908 1441 ὡς
2932 1375 3208 1429 ἀπωτάτω
3243 1372 3517 1427 ποιεῖσθαι
3562 1391 3725 1429 σπου⁹

2141 1471 2392 1541 δάζωμεν
2413 1471 2511 1535 τὰς
2549 1472 2839 1540 ἀνονήτους
2873 1466 3265 1538 φιλοσαρκίας,
3299 1466 3500 1538 μᾶλλον
3529 1465 3588 1520 δὲ
3620 1465 3726 1528 τὰς

460 1552 627 1621 tibus,
651 1556 774 1625 quia
824 1556 1040 1611 habetis
1089 1560 1515 1615 consolationem
1558 1571 1793 1616 vestram
1837 1562 1939 1614 ⁸⁵.»
1978 1563 2030 1617 El

2145 1561 2580 1631 μυσαρωτάτας,
2616 1560 2705 1613 ἰνα
2748 1558 2825 1630 μὴ
2859 1558 3258 1628 κατατρυφήσῃ
3284 1557 3377 1609 καὶ
3404 1555 3490 1624 ἐφ’
3522 1557 3655 1626 ἡμῖν
3692 1554 3724 1606 ὀ

460 1660 683 1701 rursus:
722 1665 742 1698 ι
776 1646 921 1703 Beati
962 1650 1051 1718 qui
1079 1650 1272 1720 lugetis
1316 1667 1478 1718 nunc,
1515 1655 1641 1723 quia
1672 1655 1916 1711 ridebitis
1936 1655 2030 1710 ".t

2142 1652 2418 1723 ἄπληστος
2467 1652 2618 1724 ᾅδης.
2660 1650 3014 1722 Μεμνήμεθα
3046 1648 3156 1720 γάρ
3194 1649 3290 1702 τοῦ
3328 1647 3582 1720 Σωτῆρος
3628 1648 3723 1703 λέ-

461 1735 680 1789 Desiuet
721 1737 867 1791 enim
906 1738 1057 1792 labor
1110 1739 1161 1793 iu
1192 1741 1450 1809 quietem,
1485 1751 1540 1796 et
1593 1742 1855 1799 bouorum
1886 1747 2030 1800 sntio

2152 1760 2370 1813 γοντος·
2410 1762 2427 1796 ι
2459 1745 2598 1798 Οὐαὶ
2632 1744 2760 1815 ὑμῖν
2789 1745 2900 1806 τοῖς
2927 1741 3224 1806 πλουσίοις,
3257 1742 3339 1795 ὃτι
3366 1741 3599 1811 ἀπέχετε
3622 1741 3725 1813 τὴν

461 1841 579 1879 rum
608 1827 729 1881 linis
763 1828 1066 1895 voluptates
1101 1832 1412 1887 conciliabit
1433 1845 1695 1889 internum
1719 1836 2029 1901 duraturus,

2138 1837 2483 1908 παράκλησιν
2513 1834 2687 1906 ὑμῶν.
2723 1856 2742 1887 ι
2796 1835 2904 1888 Καὶ
2935 1834 3134 1898 πάλιν,
3169 1834 3250 1887 ὅτι
3288 1851 3307 1883 ι
3354 1832 3633 1903 Μακάριοι
3672 1834 3725 1888 οἱ

456 1914 591 1970 Nam
632 1918 766 1985 «qui
805 1922 1038 1975 seminat
1086 1923 1137 1977 in
1187 1937 1372 1988 carne,
1422 1933 1481 1980 et
1540 1941 1604 1979 ex
1649 1942 1815 1980 carne
1869 1937 2030 1984 metet

2135 1926 2452 1992 πενθοῦντες
2480 1927 2595 1992 νῦν,
2617 1930 2698 1982 ὅτι
2723 1927 2999 1997 γελάσετε·
3030 1945 3049 1978 ι
3076 1923 3366 1995 καταλήξει
3388 1924 3496 1995 γὰρ
3512 1926 3541 1979 ὁ
3560 1924 3726 1989 πόνος

457 2008 756 2074 interitum,
782 2028 800 2061 ι
841 2010 1002 2064 sicuti
1037 2013 1294 2082 scriptum
1325 2024 1409 2070 est
1433 2016 1502 2080 “,
1539 2032 1559 2067 ι
1583 2024 1638 2071 et
1666 2019 1755 2086 qui
1798 2018 2030 2074 seminat

2135 2022 2212 2085 είς
2239 2020 2552 2092 ἀναψυχὴν,
2593 2021 2687 2075 καὶ
2717 2019 2939 2089 ἀγαθῶν
2969 2016 3209 2088 ἱδρώτων
3243 2016 3305 2069 τὸ
3343 2015 3551 2083 πέρας,
3583 2031 3724 2087 τρυ-

456 2098 511 2152 in
549 2099 765 2168 spiritu.
804 2110 859 2156 et
882 2117 947 2155 ex
987 2102 1182 2173 spiritu
1217 2114 1381 2161 metet
1411 2109 1570 2162 vitam
1600 2120 1916 2164 mteruam.)

2137 2111 2243 2180 φῆς
2284 2111 2417 2181 ήμῖν
2468 2110 2621 2165 ἔσται
2657 2108 2758 2179 τῆς
2794 2112 2873 2169 εἰς
2922 2108 3097 2162 αἰῶνα
3134 2107 3410 2182 πρόξενον.
3459 2124 3479 2159 ι
3519 2107 3576 2160 '0
3608 2106 3725 2179 γὰρ

457 2193 700 2264 σπείρων
750 2196 833 2260 είς
886 2196 987 2267 τὴν
1037 2198 1248 2270 σάρκα,
1302 2202 1368 2255 ἐκ
1422 2204 1523 2274 τῆς
1577 2204 1780 2276 σαρκὸς
1822 2204 2028 2277 θερίσει
2102 2205 2331 2278 φθορὰν,
2371 2224 2390 2258 ι
2453 2205 2601 2259 καθά
2647 2204 3002 2276 γέγραπται·
3048 2221 3068 2254 ι
3107 2202 3202 2257 καὶ
3246 2204 3277 2256 ὁ
3351 2201 3592 2272 σπείρων
3636 2202 3724 2264 είς

448 2284 517 2338 τὸ
556 2286 806 2356 πνεῦμα,
851 2289 917 2342 ἐκ
960 2289 1056 2344 τοῦ
1103 2291 1414 2364 πνεύματος
1456 2295 1662 2368 θερίσει
1703 2298 1849 2369 ζωὴν
1896 2299 2136 2353 αίώνιον.
2186 2318 2206 2351 ι

523 2378 630 2449 91
666 2378 834 2434 Vsus.
872 2381 960 2437 17.
1005 2382 1071 2437 Et
1099 2398 1379 2452 pascentur
1417 2390 1636 2457 direpti,
1670 2401 1726 2444 ut
1763 2393 1938 2457 tauri,
1978 2400 2029 2445 et

448 2469 766 2526 solitudines
793 2488 975 2527 eorum
1003 2476 1094 2545 qui
1121 2477 1263 2546 capti
1292 2488 1435 2544 sunt,
1466 2481 1592 2550 agni
1621 2482 1987 2550 deputantur.

523 2641 831 2699 Constituto
885 2646 1064 2702 adhuc
1115 2649 1333 2719 regione
1374 2649 1715 2717 Judaeorum,
1761 2655 2028 2723 rebusque

452 2737 707 2792 secundis
735 2736 982 2802 ﬂorente,
1008 2749 1195 2794 contra
1230 2743 1490 2811 sanguine
1520 2741 1815 2799 Israelitico
1843 2747 2027 2800 oriun-

449 2829 554 2882 dos
587 2828 827 2885 ﬁnitima:
867 2841 1058 2902 gentes
1098 2833 1519 2904 belligerabaut;
1552 2837 1769 2906 Deoque
1809 2839 2028 2892 univcr-

452 2920 634 2975 sitatis
667 2919 914 2975 lsraelem
948 2923 1103 2992 quasi
1140 2935 1296 2980 scuto
1330 2937 1671 2999 contegeute,
1710 2929 2031 2984 rebellantes

2204 2392 2311 2446 Kal
2346 2388 2847 2456 ,βοσκηθήσονται
2895 2390 2950 2442 οί
2981 2386 3421 2456 διηρπασμένα
3457 2385 3539 2452 ὡς
3573 2385 3724 2441 ιάὗ⁶

2126 2499 2245 2551 pet,
2290 2482 2386 2535 καί
2432 2481 2539 2547 τὰς
2576 2479 2836 2550 ἐρήμους
2880 2478 3001 2533 τῶν
3038 2477 3498 2548 ἀπειλημμένων
3539 2477 3726 2545 ἄρνες

2134 2573 2447 2643 φάγονται.

2203 2664 2553 2735 Συνεστὼσης
2575 2664 2653 2718 ἔτι
2681 2666 2781 2736 τῆς
2813 2664 3077 2718 Ἰουδαίων
3100 2662 3284 2735 χώρας
3311 2662 3403 2715 καὶ
3428 2662 3489 2715 ἐν
3512 2661 3724 2731 ἀκμαῖς

2133 2756 2300 2829 οὔσης
2327 2757 2420 2811 τοῦ
2456 2758 2768 2828 εὐημερεῖν,
2793 2758 3060 2828 ἐμάχοντο
3091 2755 3191 2827 μὲν
3223 2755 3361 2827 πρὸς
3385 2757 3512 2818 τοὺς
3539 2754 3598 2821 ἐξ
3630 2755 3725 2809 ατο

2136 2863 2306 2919 ματος
2339 2846 2553 2919 Ἰσραήλ
2581 2847 2652 2899 τὰ
2685 2848 2942 2920 περίοικα
2967 2846 3074 2900 τῶν
3108 2845 3297 2900 ἐθνῶν.
3316 2844 3531 2918 Ἐπειδὴ
3559 2845 3617 2898 δὲ
3649 2840 3725 2917 ἦν

2131 2939 2161 2991 ὁ
2190 2937 2298 2992 τῶν
2330 2939 2465 2993 ὅλων
2488 2936 2621 3001 Θεὸς
2650 2941 2677 2992 ὁ
2707 2939 3055 3003 συνασπίζων
3082 2937 3161 3009 τῷ
3186 2938 3423 3009 Ἰσραὴλ,
3453 2938 3725 3009 κεκράτηη

454 3010 535 3067 sic
568 3012 787 3077 devicit,
826 3024 882 3067 ιιι
915 3028 1106 3075 omnes
1148 3017 1282 3071 citra
1329 3033 1559 3089 pugnam
1602 3024 1923 3091 expugnarit
1973 3032 2028 3077 et

2135 3049 2227 3086 κεν
2266 3030 2439 3095 οὕτως
2484 3032 2591 3085 τῶν
2634 3031 3045 3103 ἀνθεστηκότων
3078 3030 3153 3094 ὡς
3182 3032 3338 3101 νικᾷν
3369 3030 3591 3101 ἀμαχεὶ,
3622 3031 3725 3084 καὶ

453 3102 697 3173 fregerit,
730 3117 1012 3177 terrasque
1040 3123 1228 3164 eorum
1263 3111 1567 3181 diripuerit,
1604 3114 1767 3168 urbes
1801 3115 2027 3185 pupula-

453 3204 541 3249 tus
571 3195 754 3259 fuerit,
785 3206 838 3251 et
869 3212 956 3252 res
982 3199 1186 3255 alienas
1212 3209 1465 3270 tanquam
1497 3213 1767 3273 potestate
1796 3207 2027 3274 quatiam

450 3294 510 3340 et
558 3288 880 3341 auctoritate
926 3289 1168 3356 prmtliti,
1222 3291 1427 3356 tulerit,
1476 3293 1669 3362 egerit.
1722 3293 1793 3345 At
1838 3294 1928 3347 ubi
1973 3294 2025 3347 in

452 3375 726 3431 Christum
750 3379 911 3446 impie
927 3390 1174 3449 egerunt,
1198 3379 1423 3436 Romani
1447 3384 1718 3438 exercitus
1742 3386 2026 3439 vastationi

453 3468 848 3536 direptiunique
873 3471 1104 3540 expositi
1135 3481 1290 3536 sunt,
1338 3473 1502 3528 urbes
1533 3486 1817 3539 crematm,
1848 3477 2027 3530 omnia

452 3573 640 3613 eorum
672 3561 809 3615 bona
831 3562 1038 3633 direpta
1073 3579 1104 3617 a
1136 3563 1472 3622 victoribus:
1501 3566 1623 3620 dein
1660 3566 2027 3621 [tertianorum

449 3652 623 3719 copiis
646 3654 1064 3711 subduceutibus
1093 3671 1151 3713 se
1181 3673 1473 3728 parumper
1500 3660 1914 3724 accedentibus,
1936 3661 2026 3728 qui

447 3743 580 3798 olim
603 3744 797 3815 direpti
828 3754 973 3812 sunt,
1007 3748 1367 3804 incursionem
1398 3747 1621 3816 iaciunt,
1644 3753 1805 3805 urbes
1833 3766 1897 3805 ac
1931 3750 2028 3806 do-

452 3850 572 3890 mus
594 3839 982 3904 pervestigant,
1002 3848 1055 3911 et
1078 3839 1311 3909 reliquas
1334 3855 1424 3895 res
1454 3841 1773 3909 cuuipilatas
1796 3840 1848 3895 in
1871 3856 2025 3895 suam

445 3927 652 3997 quique
699 3930 969 3998 regionem
1029 3931 1345 4000 important.
1393 3931 1704 4001 Cujustuoli
1756 3943 1837 3986 est
1881 3934 2027 4002 quod

449 4018 609 4072 nobis
638 4017 782 4073 Deus
816 4020 1183 4075 universitatis
1226 4021 1496 4091 significat
1536 4038 1668 4077 voce
1708 4024 2022 4092 prepltetm:

452 4125 478 4161 ι
523 4108 845 4175 Racemate,
891 4125 1159 4166 racetttate
1191 4112 1347 4179 quasi
1386 4113 1597 4167 vineam
1648 4114 1905 4183 reliquias
1945 4112 2025 4170 ls-

448 4201 615 4257 raelis
648 4220 662 4257 :
695 4203 1021 4257 revertimini
1055 4213 1308 4275 tanquam
1342 4203 1699 4260 vindemiator
1729 4205 1794 4259 ad
1819 4207 2024 4261 cartal-

2128 3126 2456 3178 καταπτοεῖν
2496 3124 2760 3188 ἅπαντας,
2794 3124 2887 3177 καὶ
2913 3121 3239 3193 διαρπάζειν
3269 3120 3449 3176 αὐτῶν
3485 3121 3583 3185 τὰς
3608 3119 3722 3192 χώ-

2131 3234 2251 3287 ρας,
2287 3218 2380 3270 καὶ
2413 3216 2715 3286 καταδῃοῦν
2744 3215 2841 3278 τὰς
2871 3216 3077 3278 πόλεις,
3115 3215 3269 3283 ἄγειν
3302 3231 3360 3267 τε
3404 3215 3498 3266 καὶ
3528 3212 3724 3285 φέρειν

2127 3306 2198 3359 τὰ
2243 3307 2444 3375 ἑτέρων
2487 3306 2603 3376 μετ’
2631 3306 2901 3369 ἐξουσίας.
2921 3305 3140 3376 Ἐπειδὴ
3170 3305 3225 3359 δὲ
3259 3304 3723 3374 δεδυσσεϐήκασιν

2128 3398 2209 3458 εἰς
2252 3395 2508 3465 Χριστὸν,
2543 3394 2637 3446 καὶ
2681 3394 2921 3447 δέδονται
2954 3393 3073 3457 ταῖς
3106 3393 3395 3464 Ῥωμαίων
3440 3395 3723 3464 στρατιαῖς

2128 3485 2209 3547 εἰς
2250 3484 2470 3554 ὄλεθρον
2515 3486 2610 3537 καὶ
2654 3484 2986 3556 διαρπαγὴν,
3039 3486 3462 3557 ἐνεπρήσθησαν
3515 3487 3613 3554 μὲν
3658 3487 3720 3539 αξ

2128 3576 2335 3640 πόλεις,
2363 3576 2778 3648 διηρπάσθήσαν
2806 3576 2863 3629 δὲ
2898 3577 3075 3631 πάντα
3104 3577 3169 3631 τὰ
3197 3578 3324 3631 ὄντα
3353 3578 3534 3640 αὐτοῖς
3564 3580 3722 3648 παρά

2125 3668 2236 3720 τῶν
2259 3669 2642 3739 νενικηκότων.
2686 3665 2819 3721 Εἶτα
2851 3669 2951 3739 τῆς
2992 3668 3278 3739 Ῥωμαίων
3308 3671 3565 3741 στρατιᾶς
3609 3670 3720 3721 ὐπ-

2127 3759 2384 3831 ενδούσῃς
2412 3759 2607 3831 βραχὺ,
2641 3759 2965 3832 κατέτρεχον
2993 3762 3042 3813 οἱ
3071 3760 3238 3814 πάλαι
3266 3759 3717 3831 διαρπαζόμενοι,

2128 3852 2314 3915 πόλεις
2347 3868 2407 3904 τε
2441 3852 2535 3905 καὶ
2568 3850 2754 3915 οἴκους
2784 3851 3231 3924 διερευνώμενοι,
3274 3852 3628 3923 συνεκόμιζόν
3657 3869 3719 3906 τε

2124 3943 2195 4002 τά
2220 3942 2401 4007 λοιπὰ,
2440 3945 2534 3997 καὶ
2560 3946 2639 4009 είς
2675 3943 2776 4009 τὰς
2816 3944 2967 4013 σφῶν
2993 3945 3175 3999 αὐτῶν
3200 3944 3477 4016 ἀπέφερον
3505 3943 3713 4015 χώρας.

2126 4033 2237 4087 Καί
2289 4051 2342 4086 τι
2389 4033 2629 4087 τοιοῦτον
2675 4036 2809 4105 ἡμῖν
2862 4033 3119 4104 ὑποδηλοῖ
3176 4034 3351 4104 λέγων
3382 4036 3412 4088 ὁ
3442 4034 3547 4088 τῶν
3576 4034 3718 4087 ὅλων

2124 4123 2258 4187 Θεὸς
2277 4124 2365 4177 διὰ
2393 4124 2575 4196 φωνῆς
2604 4127 2885 4197 προφήτου
2906 4144 2920 4158 ·
2958 4145 2975 4177 ι
3002 4124 3336 4196 Καλαμᾶσθε
3353 4166 3368 4189 ,
3394 4124 3717 4195 καλαμᾶσοε

2126 4213 2202 4277 ὡς
2235 4214 2478 4286 ἄμπελον
2520 4214 2592 4268 τά
2632 4214 2796 4270 λοιπά
2828 4216 2924 4270 τοῦ
2961 4214 3179 4286 Ἰσραήλ
3200 4230 3218 4248 ’
3243 4216 3607 4287 ἐπιστρέψατε
3639 4214 3719 4278 ὡς

448 4292 558 4349 lum
592 4310 745 4350 suum
769 4295 836 4350 ".
872 4314 891 4348 ι
932 4295 1178 4351 Pra'dicit
1207 4295 1399 4365 igitur,
1437 4310 1542 4349 non
1574 4297 1706 4350 satis
1745 4295 1881 4361 l‘ore,
1909 4297 2024 4351 base

2135 4304 2394 4377 δτρυγῶν
2424 4306 2518 4360 ἐπὶ
2546 4306 2638 4359 τὸν
2669 4306 2972 4378 κάρταλλον
3002 4304 3187 4361 αὐτοῦ.
3225 4324 3243 4358 ι
3268 4307 3387 4359 Ὀτι
3416 4305 3593 4359 τοίνυν
3614 4306 3721 4359 οὐκ

447 4384 623 4440 solum
661 4403 690 4440 a
724 4387 973 4443 Romano
1013 4387 1179 4443 utilite
1211 4403 1403 4457 passos
1438 4402 1581 4453 esse,
1625 4388 1720 4444 sed
1760 4399 2021 4458 praeterea

2135 4398 2355 4471 ἀρκέσει
2414 4399 2550 4469 μόνα
2598 4398 2789 4452 παθεῖν
2819 4400 3017 4463 αὐτοὺς
3058 4398 3127 4453 τὰ
3169 4399 3235 4451 ὲκ
3280 4398 3378 4469 τῆς
3425 4397 3718 4467 Ῥωμαίων

444 4490 517 4533 ex
547 4478 896 4533 ﬁnitimarum
927 4479 1165 4549 gentium
1198 4479 1517 4535 crudelitate
1559 4480 1674 4535 hate
1712 4494 2019 4546 accessura,

446 4570 634 4624 dicens
670 4588 683 4624 :
720 4588 738 4621 ι
765 4569 830 4624 Ει
874 4580 1163 4640 pascentur
1203 4572 1293 4642 qui
1324 4572 1520 4644 direpti
1555 4581 1716 4636 sunt,
1764 4582 2019 4644 tanquam

448 4664 643 4720 tauri.»
662 4661 765 4730 Qui
789 4664 934 4717 enim
954 4664 1103 4729 olim,
1126 4665 1321 4735 inquit,
1344 4665 1633 4736 direptioni
1654 4680 1838 4722 eorum
1862 4666 2022 4723 facile

444 4752 724 4823 patebant.
736 4752 862 4823 quia
881 4753 1022 4810 Deus
1041 4770 1199 4826 opem
1222 4755 1451 4822 ferebat,
1471 4757 1521 4812 bi
1543 4758 1815 4828 regionem
1830 4772 2018 4813 eorum

445 4847 737 4917 depascent
772 4860 874 4902 ceu
923 4848 1092 4912 tauri,
1134 4848 1187 4903 id
1228 4858 1332 4917 est,
1364 4850 1611 4919 feroces,
1666 4849 2021 4921 magnanimi,

444 4946 501 4994 et
539 4937 631 5007 qui
671 4937 927 4993 invictam
972 4938 1042 4994 ad
1093 4940 1452 4996 resistendum
1501 4940 1608 4996 vim
1656 4939 1902 4996 all‘erent.
1955 4938 2023 4995 Et

445 5029 760 5087 solitudines
786 5044 975 5086 eorum
1012 5031 1104 5101 qui
1142 5032 1314 5088 relicti
1345 5043 1492 5100 sunt,
1538 5032 1660 5104 agni
1705 5032 2020 5102 depascent.

445 5119 686 5179 Relictos
714 5122 849 5179 dicit
875 5123 1151 5180 obsessos.
1187 5123 1325 5194 Agui
1356 5124 1662 5189 comedent,
1690 5127 1793 5179 hoc
1814 5131 1924 5189 est,
1944 5122 2022 5178 illi

443 5228 634 5271 rursus
671 5215 769 5287 qui
808 5225 937 5274 sunt
965 5230 1032 5272 ex
1076 5217 1349 5287 gentibus.
1390 5214 1528 5272 Cum
1574 5217 1720 5272 enim
1765 5218 1913 5275 velut
1952 5216 2024 5274 de

446 5309 620 5364 tauris
668 5309 829 5365 verba
880 5307 1133 5373 fecisset,
1178 5309 1475 5380 persistens
1519 5308 1576 5365 in
1613 5318 1803 5380 tropo,
1854 5324 2023 5382 agnos

444 5395 653 5468 adjecit
686 5416 703 5454 :
730 5410 797 5454 ut
814 5410 1002 5459 tauros
1019 5414 1142 5460 esse
1166 5402 1327 5458 valde
1354 5400 1609 5458 robustos
1634 5400 2020 5474 intelligamus.

442 5488 600 5547 Alios
622 5502 753 5546 vero
772 5491 868 5562 qui
906 5492 1047 5549 tales
1072 5507 1179 5551 nou
1206 5502 1353 5559 sunt,
1383 5492 1485 5550 sed
1505 5490 1791 5550 inferiores
1821 5507 1884 5549 ac
1915 5493 2020 5549 mi-

2102 4489 2421 4559 .στρατιάς,
2453 4486 2884 4559 προστεθήσεται
2909 4487 2967 4541 δὲ
3005 4488 3100 4541 καὶ
3127 4486 3192 4540 τά
3221 4488 3285 4540 ἐκ
3309 4486 3403 4557 τῆς
3433 4484 3718 4556 ὠμότητος

2121 4579 2232 4633 τῶν
2265 4578 2485 4649 ὁμόρων
2514 4574 2746 4649 ἐχθρῶν,
2784 4575 3150 4652 προαγορεύει
3181 4575 3358 4643 λέγων
3379 4592 3393 4606 ·
3431 4593 3449 4627 ι
3485 4575 3593 4628 Καὶ
3632 4572 3720 4646 βο-

2127 4668 2491 4743 σκήθήσονται
2519 4670 2569 4722 οῖ
2595 4670 2995 4742 διηρπασμένοι
3024 4669 3097 4731 ὡς
3118 4666 3330 4740 ταῦροι.
3354 4686 3373 4718 ι
3396 4667 3461 4721 Οἱ
3481 4666 3587 4741 γὰρ
3609 4667 3720 4723 πά-

2123 4763 2233 4829 λαι,
2270 4763 2457 4834 φησὶν,
2478 4762 2687 4834 ἕτοιμοι
2735 4760 3128 4833 διηρπασμένοι
3161 4760 3254 4815 ὑπ’
3287 4759 3491 4824 αὐτῶν,
3521 4759 3609 4813 διὰ
3656 4759 3720 4813 τὸ

2125 4853 2424 4925 ἐπαμύνειν
2454 4853 2607 4919 Θεὸν,
2637 4851 3181 4924 κατανεμηθήσονται
3204 4850 3303 4925 τὴν
3323 4850 3508 4923 χώραν
3532 4851 3719 4904 αὐτῶν

2122 4944 2197 5009 ὡς
2229 4943 2444 5016 ταῦροι,
2477 4944 2621 4998 τοῦτ’
2648 4943 2783 5010 ἐστι,
2814 4942 2974 4996 δεινοὶ
3002 4942 3097 4996 καὶ
3123 4941 3420 5014 ἀγέρωχοι,
3456 4939 3550 4995 καὶ
3574 4939 3722 5009 ἀμα-

2120 5049 2216 5104 χον
2244 5032 2459 5104 ἔχοντες
2506 5033 2606 5104 τὴν
2641 5033 2975 5088 ἀντίστασιν.
3022 5031 3133 5086 Καὶ
3177 5031 3276 5095 τὰς
3323 5032 3563 5103 ἐρήμους
3611 5029 3723 5081 τῶν

2121 5126 2562 5198 ἀπειλειμμένων
2607 5128 2770 5198 ἄρνες
2819 5125 3105 5197 φάγονται.
3123 5123 3593 5195 ’Δπειλειμμένων
3641 5121 3699 5176 δὲ

2127 5220 2282 5291 φησὶ,
2311 5219 2417 5273 τῶν
2464 5218 2953 5291 πολιορκηθέντων.
2983 5218 3095 5283 Τάς
3136 5216 3333 5281 τοίνυν,
3367 5215 3549 5285 φησιν,
3586 5216 3722 5287 ἐρη-

2135 5310 2408 5381 μωθείσας
2444 5311 2627 5375 πόλεις
2657 5310 2767 5365 τῶν
2804 5296 3271 5382 πολιορκηθέντων
3312 5305 3475 5377 ἄρνες
3508 5303 3720 5378 βοσκη-

2132 5400 2425 5472 θήσονται,
2455 5401 2600 5456 τοῦτ’
2627 5400 2746 5456 ἔστι
2786 5402 2947 5457 πάλιν
2990 5401 3041 5454 el
3091 5398 3153 5465 ιε
3195 5392 3386 5453 ἐθνῶν.
3404 5396 3629 5470 Ἐπειδὴ
3656 5397 3717 5453 δι

2130 5493 2294 5547 πάλιν
2336 5491 2412 5559 ὡς
2460 5495 2588 5567 περὶ
2633 5494 2847 5566 ταύρων
2893 5493 3026 5564 ἡμῖν
3073 5489 3369 5562 πεποίηται
3397 5488 3495 5544 τὸν
3530 5488 3712 5559 λόγον,

518 5644 564 5677 ⁸⁹
593 5641 706 5701 Luc
741 5657 815 5708 vr,
845 5643 937 5704 Ν.
1011 5645 1057 5677 ’⁸
1116 5645 1304 5704 Matth.
1331 5663 1361 5697 ν
1387 5689 1399 5712 ,
1436 5650 1489 5705 5.
1564 5653 1603 5685 ’⁸
1640 5650 1812 5706 Galil.
1849 5668 1919 5713 γι,
1952 5652 2002 5706 8.

2184 5650 2385 5709 ιρι-ειη.
2438 5668 2508 5709 νι.
2561 5652 2613 5706 9.
