4012 6216
326 195 425 257 151

1384 168 1395 185 ’
1498 205 1581 267 .IN
1618 206 1859 267 lSAlAM
1895 210 2028 270 LIB.
2060 211 2104 269 ι.
2141 183 2352 273 οιιιτ.
2391 216 2482 274 tv.

3512 227 3619 286 £58

324 308 725 408 μεμένηκε
756 314 935 408 τροπῇ
963 353 979 380 ,
1026 316 1122 370 καὶ
1172 320 1560 389 προστέθεικεν
1603 325 1774 399 ἄρνας
1794 368 1809 392 ,
1843 328 1903 383 iv:

2035 333 2152 385 nori
2186 332 2382 389 robore
2407 332 2642 402 praediti,
2677 349 2847 407 agnos
2868 336 3224 408 appellemus.
3249 337 3330 394 Ad
3365 341 3617 396 eumdem

318 403 446 468 τοὺς
474 404 585 476 μὲν
610 405 753 474 ἄγαν
781 406 1039 478 ἰσχυροὺς
1063 411 1274 482 νοῶμεν
1300 416 1381 479 είς
1411 418 1669 488 μόσχους.
1705 410 1844 484 Teia;
1864 420 1922 474 δὲ

322 496 398 569 μὴ
430 496 609 562 οὕτως
642 498 891 570 ἔχοντας,
925 503 1336 576 ύποϐεὸηκότας
1362 508 1418 562 δὲ
1449 511 1506 562 ἐν
1531 511 1678 581 ίσχύῖ
1706 512 1914 583 μείονι,

324 589 559 659 λέγομεν
588 589 785 662 ἄρνας.
806 593 963 648 Οὕτω
989 595 1055 669 δὴ
1090 600 1182 652 καὶ
1213 600 1313 670 τὴν
1348 600 1581 657 ἑκάστου
1613 603 1723 658 τῶν
1758 603 1923 677 ρᾳθυ-

321 680 573 779 μούντων
617 683 852 779 καρθίαν
894 686 1235 779 αίγπονηραὶ
1284 693 1380 745 καὶ
1417 693 1720 767 ἀκάθαρτοι
1752 714 1924 779 νεμη-

320 770 581 841 θήσονται
623 774 916 844 δυνάμεις,
949 777 1026 844 ὼς
1063 780 1255 852 μόσχοι
1288 784 1383 837 καὶ
1427 786 1611 855 ἄρνες.
1646 786 1689 841 Τ
1696 770 1833 860 ροφῆ
1862 789 1923 843 δὲ

321 862 515 927 αὐταῖς
552 863 616 919 τὸ
642 865 929 939 φιλήδονον
952 908 968 935 ,
1014 871 1111 925 ’καὶ
1140 871 1233 927 νοῦ
1264 874 1405 945 ῥοπὴ
1435 874 1723 946 βλέποντος
1755 881 1833 940 είς
1860 878 1924 934 τὸ

321 954 674 1028 πλημμελές.

962 1075 1186 1131 ΛΟΓΟΣ
1215 1079 1288 1132 A'.

392 1203 543 1256 Οὐαί
586 1203 995 1276 ἐπισπώμενοι
1044 1211 1154 1278 τὰς
1198 1212 1493 1283 ἁμαρτίας
1535 1218 1618 1285 ὡς
1667 1221 1920 1289 σχοινίῳ

312 1292 525 1379 μακρῴ
546 1295 648 1349 καὶ
676 1299 757 1364 ὠς
774 1297 954 1369 ζυγοῦ
976 1300 1173 1370 ἱμάντι
1198 1302 1507 1375 δαμάλεως
1522 1309 1628 1377 τὰς
1642 1311 1917 1382 ἀνομίας,

317 1388 371 1438 οι
408 1385 737 1456 λέγοντες·
788 1391 856 1443 Τὸ
897 1389 1078 1461 τάχος
1102 1393 1398 1464 ἐγῃσάτω
1435 1396 1475 1454 ἁ
1500 1401 1782 1471 ποιήσει,
1817 1404 1919 1459 ἵνα

318 1476 558 1546 ιδωμεν,
590 1480 691 1533 καὶ
718 1480 941 1537 ἐλθέτω
972 1485 1011 1552 ἠ
1036 1485 1244 1556 ,βουλὴ
1276 1489 1383 1545 τοῦ
1421 1491 1596 1562 ἁγίου
1646 1494 1914 1566 Ἰσραὴλ,

319 1572 418 1624 Ira
447 1570 704 1643 γνῶμεν.

2025 437 2240 492 quoque
2270 422 2491 479 modum
2537 425 2730 482 inert-is
2757 427 3022 499 cujusque
3062 439 3116 485 et
3152 429 3333 499 supini
3379 430 3617 486 hominis

2024 528 2139 577 cor,
2171 529 2350 585 prava:
2375 525 2431 571 et
2464 515 2688 584 impura:
2722 526 3019 586 potestates
3049 519 3192 574 velut
3221 520 3384 575 boves
3413 531 3459 575 et
3488 523 3614 591 agni

2023 601 2453 667 dcvorabuntur,
2480 604 2695 673 illisque
2724 605 2920 661 cedent
2971 608 3024 662 in
3055 608 3234 663 cibum
3263 609 3610 678 volnptnarii,

2023 702 2079 746 et
2120 693 2211 761 qui
2261 692 2477 750 animos
2533 703 2699 765 alque
2749 696 2941 752 oculos
2994 706 3320 753 convertunt
3368 700 3433 752 ad
3483 714 3614 769 pec-

2021 781 2277 838 cundum.

2551 1094 2661 1165 92
2701 1092 2961 1152 omne
3002 1095 3087 1151 tv.

2091 1227 2222 1283 Car.
2271 1227 2339 1283 V.
2388 1227 2552 1284 Vens.
2589 1231 2677 1296 l8,
2731 1232 2814 1287 l9.
2882 1231 2975 1288 Vae
3019 1235 3351 1288 trahentibus
3395 1247 3612 1303 peccata

2020 1326 2274 1387 tanquam
2302 1320 2545 1388 funiculo
2578 1323 2757 1390 longe,
2784 1332 2831 1376 et
2860 1333 3107 1385 tanquam
3130 1322 3250 1394 jugi
3280 1325 3396 1378 loro
3414 1325 3607 1395 juren-

2018 1424 2095 1462 ca:
2124 1409 2455 1478 iniquitates,
2507 1413 2802 1467 dicentibus
2831 1426 2851 1465 .'
2886 1412 3000 1468 Cito
3043 1415 3457 1486 appwpinqucnt
3494 1433 3612 1485 qua:

2018 1498 2199 1565 faciet,
2220 1512 2272 1553 ut
2298 1501 2584 1562 videamus,
2604 1512 2650 1555 et
2677 1506 2845 1557 veniat
2870 1506 3151 1559 consilium
3173 1508 3345 1560 sancti
3366 1505 3608 1573 Israelia,

2021 1602 2073 1643 ut
2100 1607 2351 1646 scmmus.

398 1686 458 1741 Ὀ
494 1688 607 1757 ,μὲν
654 1689 766 1774 τῶν
796 1691 933 1747 ὅλων
962 1693 1296 1769 δημιουργὸς
1326 1699 1422 1753 καὶ
1441 1699 1670 1771 Κύριος,
1712 1703 1903 1774 ἡμερό-

2089 1703 2472 1760 Universitatis
2499 1704 2676 1773 opifex
2718 1716 2769 1760 et
2808 1705 3091 1773 Dominus,
3120 1708 3373 1763 humana:
3401 1718 3609 1764 natura

317 1795 439 1852 τητι
490 1762 811 1855 νικῶνδτῆς
856 1786 1146 1860 ἀνθρώπου
1198 1792 1413 1861 φύσεως
1459 1793 1558 1864 τὴν
1604 1793 1911 1861 ἀσθένειαν,

319 1872 645 1943 προσελάλει
677 1877 791 1938 τοῖς
831 1876 1208 1953 ἀρχαιοτέροις
1236 1881 1326 1936 διὰ
1353 1884 1461 1938 τῶν
1495 1885 1667 1955 ἁγίων
1694 1902 1912 1957 προφη-

316 1964 445 2027 τῶν,
472 1964 546 2018 τὰ
592 1965 660 2018 δι’
700 1958 776 2021 ὧν
804 1962 874 2040 ἦν
908 1969 1056 2036 εἰκὸς
1097 1976 1488 2047 μεταχωρῆσαι
1526 1977 1662 2047 πρὸς
1690 1980 1760 2032 τὰ
1792 1978 1915 2049 βελ-

313 2053 436 2123 τίω,
465 2056 536 2110 τὰ
565 2058 738 2129 χείρω
782 2059 1068 2131 μεθέντας,
1099 2063 1195 2119 καὶ
1233 2065 1569 2137 φαυλότητος
1603 2069 1704 2140 μὲν
1750 2086 1914 2125 κατα-

312 2142 472 2217 λῆξαι
505 2149 604 2201 καὶ
639 2149 938 2223 ἁμαρτίας,
974 2154 1259 2212 διαϐιῶναι
1287 2157 1345 2210 δὲ
1380 2158 1581 2229 μᾶλλον
1621 2163 1680 2215 ὲν
1718 2163 1910 2234 ἀρετῇ,

315 2239 407 2292 καὶ
432 2239 740 2311 κατορθοῦν
769 2243 988 2299 ἑλέσθαι
1032 2245 1094 2299 τὸ
1142 2248 1371 2317 ἀγαθόν.
1404 2250 1621 2322 Ταύτης
1654 2269 1715 2305 τε
1745 2252 1912 2309 ἕνεκα

314 2328 408 2399 τῆς
457 2329 665 2398 αἰτίας,
686 2332 826 2386 ’ποτὲ
883 2334 983 2405 μὲν
1029 2336 1215 2401 αὐτοῖς
1265 2338 1647 2409 παρετίθειτὰ
1674 2339 1812 2412 γέρα
1841 2341 1911 2396 τὰ

314 2421 426 2483 τοῖς
455 2420 634 2489 ἁγίοις
656 2423 1074 2495 ηὐτρεπισμένα
1091 2441 1104 2456 ·
1128 2428 1259 2481 ποτὲ
1277 2428 1332 2482 δὲ
1361 2430 1488 2494 τοὺς
1508 2430 1608 2498 τῆς
1632 2431 1909 2496 κολάσεως

316 2512 583 2582 ἀφηγεῖτο
607 2515 868 2585 τρόπους,
897 2518 1023 2583 τοὺς
1053 2522 1167 2584 τοῖς
1198 2520 1651 2594 φιλαμαρτήμοσι
1671 2524 1910 2594 πρέπον-

315 2620 430 2672 τας,
472 2606 562 2660 ἵνα
615 2609 956 2681 πανταχὸθεν
1004 2612 1274 2685 mst
1327 2615 1465 2686 πρὸς
1522 2617 1584 2671 τὸ
1635 2617 1921 2688 ὠφελοῦν.’

326 2697 466 2751 Ἀλλ’
493 2699 668 2763 οὐδεὶς
713 2695 783 2773 ἦν
833 2703 1033 2774 τρόπος
1083 2708 1112 2760 ὁ
1158 2707 1259 2772 τὰς
1307 2707 1578 2762 Ἰουδαίων
1630 2710 1906 2782 ἑξιτηλίας

312 2787 640 2842 ἀπώσασθαι
682 2790 1002 2862 δυνάμενος.
1020 2794 1470 2864 Ἀπονενευκὸτες
1501 2800 1610 2874 γὰρ
1641 2803 1720 2866 εἰς
1750 2802 1903 2871 φιλο-

310 2880 536 2952 κερδίαν
569 2884 659 2935 καὶ
696 2883 931 2953 τρυφὰς,
965 2886 1060 2940 καὶ
1089 2888 1188 2959 τὴν
1217 2891 1455 2963 ἐσχάτην
1480 2892 1584 2966 ἤδη
1622 2893 1906 2961 νοσοῦντες

2017 1796 2387 1851 ἰυιίιιιιὶιιιιειιι
2426 1796 2646 1851 vincens
2674 1796 2985 1863 clementia,
3007 1812 3104 1868 per
3128 1808 3349 1854 sanctos
3372 1800 3605 1868 prophe-

2017 1897 2100 1944 tas
2134 1887 2331 1944 allatus
2373 1897 2458 1944 est
2507 1888 2774 1959 majores,
2823 1892 2965 1945 unde
3014 1904 3112 1946 eos
3157 1891 3225 1945 ad
3273 1891 3502 1947 meliora
3545 1903 3608 1946 se

2018 1977 2292 2047 recipere,
2321 1977 2592 2033 deteriora
2627 1977 2957 2046 relinquere,
2985 1994 3018 2032 a
3040 1978 3188 2034 vitiis
3213 1993 3279 2033 ac
3301 1978 3604 2035 sceleribus

2013 2069 2302 2136 desistere,
2342 2084 2408 2124 ac
2442 2069 2494 2123 in
2530 2069 2733 2124 virtute
2768 2069 2947 2139 potius
2982 2070 3334 2134 reviviscere,
3364 2084 3429 2125 ac
3452 2070 3601 2140 quod

2012 2159 2213 2216 bonum
2253 2170 2335 2215 est
2362 2160 2652 2230 diligenter
2682 2159 2958 2230 persequi,
2991 2169 3114 2214 erat
3146 2169 3602 2216 consentaneum.

2011 2251 2254 2322 Eamque
2284 2252 2353 2307 ob
2384 2267 2497 2307 rem
2530 2252 2637 2307 illis
2668 2269 2814 2308 nunc
2848 2252 3069 2323 praemia
3102 2251 3310 2307 sanctis
3332 2251 3605 2309 destinata

2011 2343 2293 2413 proponit,
2347 2359 2492 2398 nunc
2538 2344 2929 2413 suppliciorum
2973 2358 3175 2415 genera
3218 2346 3601 2413 peccatoribus

2010 2432 2173 2503 digna
2195 2432 2444 2502 exponit,
2477 2441 2537 2488 ut
2559 2434 2815 2489 omnibus
2840 2435 3018 2489 mollis
3045 2434 3111 2489 ad
3137 2433 3188 2488 id
3215 2436 3360 2505 quod
3382 2437 3603 2505 expedit

2009 2526 2293 2595 perducat.
2332 2523 2441 2582 Sed
2490 2534 2602 2580 tum
2636 2524 2817 2581 nullus
2849 2536 2969 2582 erat
3008 2528 3206 2582 modus
3242 2536 3334 2579 aut
3365 2527 3450 2582 via
3479 2542 3601 2597 qua

2006 2615 2316 2673 Judaeorum
2369 2618 2599 2690 ignavia:
2650 2617 2987 2689 depellenda:
3033 2621 3169 2675 satis
3224 2635 3347 2676 esse
3401 2623 3592 2692 potuit.

2008 2707 2144 2764 Nam
2183 2711 2235 2763 in
2280 2710 2564 2764 avaritiam
2597 2719 2654 2764 et
2684 2710 2959 2765 libidinem
3001 2711 3258 2781 prolapsi,
3303 2721 3360 2767 et
3403 2713 3597 2770 morbo

2011 2802 2371 2858 contumacia:
2399 2802 2452 2855 in
2474 2800 2642 2856 Deum
2666 2812 2909 2856 extreme
2939 2801 3271 2869 laborantes,
3298 2805 3350 2856 in
3376 2817 3596 2861 sanctos

2009 2896 2302 2967 prophetas
2344 2893 2586 2964 graviter
2628 2893 2888 2948 concitati
2936 2904 3100 2960 sunt;
3154 2904 3208 2949 et
3250 2896 3341 2949 alii
3377 2897 3598 2965 quidem

308 2972 570 3025 ἀπόνοιαν
594 2974 737 3029 κατὰ
756 2975 891 3029 Θεοῦ
913 3011 928 3037 ,
950 2980 1062 3042 τοῖς
1081 2978 1255 3048 ἁγίοις
1276 2985 1582 3056 προφήταις
1599 2987 1903 3056 ἐπεφύοντο

2012 2987 2170 3042 dictis
2219 3001 2409 3040 eorum
2459 2985 2618 3039 tidem
2675 2998 2783 3039 non
2836 2985 3099 3039 habentes
3147 2986 3375 3042 dicere:
3418 3003 3437 3037 t
3476 2987 3594 3041 Alia

307 3063 491 3118 δεινοί.
522 3064 637 3118 Καὶ
665 3067 716 3117 oi
746 3066 845 3137 μὲν
878 3069 1233 3137 ἀπιστοῦντες
1259 3075 1538 3141 παντελῶς
1563 3081 1675 3142 τοῖς
1705 3079 1773 3133 δι’
1798 3082 1896 3136 αύ-

2007 3078 2162 3134 nobis
2192 3078 2494 3145 loquimini,
2522 3086 2576 3130 et
2610 3077 2931 3131 annntttiate
2968 3076 3130 3130 alium
3165 3092 3406 3131 errorem
3436 3077 3520 3142 9’;
3566 3095 3588 3131 ι

305 3154 413 3208 τῶν
460 3156 779 3228 λεγομένοις
823 3159 1086 3230 ἔφασκον·
1113 3184 1131 3216 ι
1162 3165 1334 3220 Ἀλλα
1373 3169 1504 3238 ἡμῖν
1535 3169 1768 3237 λαλεῖτε,
1805 3175 1901 3227 καὶ⁵

306 3243 671 3312 ἀναγγέλλετε
706 3247 897 3320 ἑτέραν
926 3250 1191 3321 πλάνησιν
1216 3271 1229 3285 ·
1265 3274 1283 3307 t
1318 3257 1367 3310 oi
1400 3257 1456 3311 δὲ
1488 3263 1773 3333 μονονουχὶ
1804 3264 1900 3317 καὶ

234 3378 237 3381 .
306 3336 738 3417 καταιτιώμενοι
770 3340 833 3394 τὸ
860 3341 960 3412 τῆς
997 3341 1149 3409 θείας
1202 3346 1419 3416 φύσεως
1448 3350 1767 3417 ἀνεξίκακον
1807 3356 1901 3410 ἁλ-

305 3416 486 3490 λήλοις
527 3422 676 3476 κατὰ
708 3424 769 3477 τὸ
812 3426 960 3490 εἰκὸς
987 3431 1398 3499 προσγελῶντες
1423 3416 1665 3507 ἔφασκον
1694 3456 1707 3470 ’
1739 3440 1899 3495 Ἀλλά

308 3512 529 3585 μακρὰν
553 3514 611 3568 ai
640 3517 872 3588 ἡμέραι,
898 3520 1145 3576 ἀπόλωλε
1177 3526 1328 3580 πᾶσα
1358 3528 1570 3599 ὅρασις.
1614 3532 1725 3585 Καὶ
1766 3533 1899 3602 γοῦν

302 3602 411 3694 ἔφη
444 3621 554 3694 που
596 3605 730 3672 Θεὸς
774 3611 912 3682 πρὸς
958 3612 1051 3667 τὸν
1100 3617 1371 3689 μακάριον
1413 3618 1710 3694 ἰεζεχιήλο
1751 3642 1769 3676 ι
1801 3624 1898 3680 Υἱὲ

300 3692 626 3766 ἀνθρώπου,
662 3698 767 3754 ἰδοὺ
807 3703 837 3756 ὁ
878 3697 1030 3769 οἶκος
1079 3704 1291 3780 Ἰσραὴλ
1336 3712 1364 3764 ὁ
1410 3692 1897 3786 παραπικραίνων,

302 3786 564 3855 λέγοντες
602 3788 865 3860 λέγουσιν·
904 3797 971 3851 Ἠ
998 3799 1189 3872 ὅρασις
1223 3803 1290 3872 ἢν
1318 3796 1474 3870 οὗτος
1502 3807 1624 3879 ὁρᾷ,
1656 3809 1736 3873 είς
1763 3809 1901 3881 ἠμέ-

304 3900 404 3955 ρας
458 3884 680 3951 πολλὰς.
716 3891 810 3943 καὶ
838 3891 919 3954 είς
952 3895 1177 3964 καιροὺς
1213 3900 1459 3970 μακροὺς
1495 3894 1651 3966 οὗτος
1683 3920 1899 3975 προφη-

300 3975 468 4032 τεύει.
503 3978 607 4032 Διὰ
654 3979 817 4035 τοῦτο
863 3984 1019 4038 εἰπὸν
1055 3986 1274 4052 αὐτοῖς·
1305 3989 1443 4044 Τάδε
1473 3990 1623 4062 λέγει
1649 3995 1899 4056 ,Ἀδωναῖ

302 4066 532 4141 Κύριος⁹
569 4072 670 4125 Οὐ.
699 4073 775 4144 μὴ
813 4076 1101 4146 μηκύνωσι
1130 4080 1334 4146 πάντες
1375 4084 1425 4136 oi
1457 4083 1605 4153 λόγοι
1636 4104 1762 4158 μου,
1800 4086 1895 4154 οὓς

302 4158 368 4211 ἂν
411 4159 673 4232 λαλήσω·
709 4164 793 4218 ὅτι
836 4163 1059 4238 λαλήσω
1105 4168 1285 4238 λόγον,
1319 4173 1415 4227 καὶ
1463 4176 1698 4247 ποιήσω,
1747 4176 1897 4247 λέγει

312 4250 537 4311 ’Δδωναῖ
580 4252 811 4325 Κύριος.
837 4275 858 4308 ι
886 4256 1109 4331 Ἕτεροι
1160 4260 1218 4315 δὲ
1272 4261 1435 4316 πάλιν
1472 4267 1756 4337 μονονουχὶ
1802 4266 1898 4321 καὶ

299 4341 684 4410 ἀπεγνωκότες
711 4346 815 4416 τῆς
847 4346 1058 4401 ἑαυτῶν
1107 4350 1384 4421 σωτηρίας
1417 4353 1513 4407 καὶ
1562 4351 1726 4424 ζωῆς,
1760 4369 1894 4407 κατ-

2010 3170 2101 3226 alii
2137 3185 2285 3237 vero,
2324 3179 2531 3223 naturae
2560 3168 2757 3225 divina:
2798 3168 3114 3238 patientiam
3158 3182 3324 3238 prope
3364 3168 3595 3224 dixerint

2002 3271 2344 3322 accusantes,
2380 3260 2519 3315 inter
2547 3275 2627 3327 se,
2662 3268 2720 3312 ttt
2752 3268 2994 3329 apparet.
3031 3257 3175 3328 loqui
3209 3272 3275 3313 ac
3302 3259 3591 3314 deridere:

2003 3352 2199 3408 Procul
2247 3352 2403 3407 abest
2445 3352 2585 3419 dies,
2633 3352 2794 3418 periit
2839 3352 3017 3406 onmis
3060 3352 3217 3406 visio.
3267 3350 3475 3407 Idcirco
3514 3353 3594 3406 ait

2001 3443 2144 3500 Deus
2183 3444 2251 3499 ad
2296 3446 2512 3499 beatum
2555 3443 2937 3498 Ezechielem:
2977 3462 2996 3496 ι
3031 3441 3133 3497 Fili
3164 3444 3427 3510 hominis,
3465 3456 3593 3498 ecce

2002 3539 2194 3593 domus
2220 3537 2381 3593 lsrael
2409 3553 2762 3607 exasperans,
2794 3552 3010 3606 semper
3038 3538 3168 3590 dicit
3196 3556 3210 3590 :
3242 3535 3391 3592 Vis-io
3426 3551 3591 3607 quam

2003 3631 2093 3685 hic
2125 3629 2289 3696 videt,
2322 3639 2407 3685 est
2437 3629 2491 3684 in
2538 3630 2734 3685 multos
2772 3631 2910 3694 dies,
2942 3642 2996 3685 et
3042 3631 3093 3684 itt
3126 3630 3419 3698 longinqua
3453 3639 3593 3682 tem-

2000 3737 2128 3794 pora
2170 3722 2260 3776 hic
2306 3721 2653 3775 vaticinatur.
2701 3721 2992 3786 Propterea
3041 3721 3130 3774 dic
3158 3722 3265 3775 illis
3302 3741 3312 3775 :
3343 3718 3470 3774 litec
3514 3719 3593 3773 ait

2000 3813 2211 3869 Adonai
2233 3813 2490 3869 Dominus
2511 3827 2527 3866 :
2550 3811 2667 3866 Non
2691 3821 2872 3882 protra
2882 3813 3079 3865 bentur
3097 3826 3289 3867 omnes
3309 3823 3594 3865 sermones

2010 3908 2115 3962 mei
2150 3921 2287 3977 quos
2321 3905 2532 3976 loquar,
2561 3904 2688 3975 quia
2724 3904 2911 3973 loquar
2940 3919 3254 3960 sermonem
3280 3901 3588 3965 etfaciam,

2000 4002 2132 4057 dicit
2158 4001 2367 4057 Adonai
2402 3999 2661 4056 Dominus
2680 3999 2745 4053 ’³.
2781 4018 2801 4051 ι
2837 3997 3075 4054 Rursum
3108 3999 3198 4054 alii
3237 4007 3443 4053 tantum
3480 4011 3591 4053 non

2001 4088 2069 4145 de
2098 4106 2196 4144 sua
2241 4090 2479 4159 ipsorum
2522 4089 2697 4144 salute
2724 4074 2780 4144 et
2811 4090 2919 4144 vita
2952 4091 3329 4159 desperantes,
3362 4090 3434 4143 ita
3464 4090 3587 4142 ani-

2001 4181 2136 4236 mosi
2170 4192 2228 4237 et
2273 4183 2507 4237 audaces
2547 4180 2680 4237 facti
2727 4190 2872 4244 sunt,
2917 4181 3011 4251 qui
3058 4181 3223 4237 etiam
3274 4181 3587 4237 dixerunt:

2000 4270 2191 4328 Veniat
2215 4274 2323 4329 cito
2342 4274 2468 4329 belli
2497 4286 2710 4344 tempus
2733 4314 2749 4339 ,
2786 4290 2897 4329 non
2923 4273 3198 4329 imenient
3220 4288 3318 4328 nos
3342 4273 3590 4330 imbelles

2000 4376 2057 4424 et
2087 4368 2154 4421 ad
2189 4371 2439 4438 quemvis
2471 4366 2756 4436 strepitum
2791 4366 3121 4436 pavitantes,
3148 4366 3240 4436 qui
3269 4366 3589 4423 vastitatem
3679 4363 3685 4368 ’

298 4433 660 4507 εθρασύνοντο
682 4437 784 4508 τῆς
807 4438 979 4511 ὀργῆς
999 4479 1013 4504 ,
1040 4441 1134 4495 καὶ
1159 4440 1226 4514 δὴ
1250 4443 1344 4497 καὶ
1371 4442 1609 4514 ἔφασκον
1630 4462 1642 4474 ·
1680 4446 1894 4501 Ἠκέτω

2007 4428 2387 4513 illaturi-sunt.
2427 4428 2628 4514 Sumus
2656 4467 2711 4511 et
2755 4428 2857 4512 nos
2895 4428 3131 4513 bellandi
3164 4428 3272 4511 non
3320 4456 3591 4527 imperiti,

298 4527 557 4606 sozéxo;
582 4531 613 4584 ὁ
638 4530 735 4584 τοῦ
768 4531 1008 4603 πολέμου
1038 4534 1250 4606 καιρὸς,
1279 4536 1380 4589 οὐκ
1411 4537 1708 4609 ἀνάνδρους
1743 4540 1892 4611 ἡμᾶς

298 4618 332 4690 ἦ
354 4619 642 4691 ψοφοδεεῖς
671 4622 833 4687 ὄντας
860 4624 1187 4697 εὑρήσουσιν
1200 4629 1249 4681 οἱ
1267 4629 1575 4702 καταδῃοῦν
1590 4630 1887 4694 ἐθέλοντες.

309 4711 810 4787 Ἑμπειροπόλεμοι
829 4717 924 4770 καὶ
940 4719 1120 4789 ἡμεῖς,
1139 4719 1232 4774 καὶ⁸
1247 4713 1307 4773 εὖ
1327 4720 1532 4787 ειδότες
1545 4721 1615 4776 τὰ
1629 4704 1886 4779 τακτικά.

298 4803 437 4869 Τοὺς
482 4803 665 4860 ταῦτα
709 4810 1128 4881 πεφροντικότας
1172 4811 1453 4879 ταλανίζει
1496 4816 1743 4883 δικαίως,
1796 4821 1890 4874 καί

296 4913 481 4967 φησιν’
505 4916 526 4950 ι
550 4898 690 4953 Οὐαὶ
704 4899 755 4953 oi
772 4900 1153 4971 ἐπισπώμενοι
1168 4905 1267 4969 τὰς
1285 4905 1556 4979 ἁμαρτίας
1573 4909 1649 4976 ὡς
1667 4913 1887 4982 σχοινίῳ

295 4988 511 5062 μακρῷ,
535 4990 724 5056 καὶώς
753 4990 924 5061 ζυγοῦ
952 4995 1138 5067 ἱμάντι
1159 4997 1449 5069 δαμάλεως
1472 5001 1571 5067 τὰς
1596 5004 1880 5076 ἀνομίας.»

304 5081 612 5155 Ἀμαρτίας
640 5083 699 5138 δὲ
726 5086 820 5140 καὶ
852 5087 1087 5161 ἀνομίας
1115 5091 1172 5145 ἐν
1200 5091 1411 5158 τούτοις
1442 5094 1576 5166 φησὶ
1607 5095 1705 5162 τὰς
1743 5099 1884 5169 ὑπέρ

289 5188 354 5240 γε
383 5172 495 5226 τῶν
526 5175 817 5247 ἁμαρτιῶν
860 5179 1135 5252 τιμωρίας
1182 5180 1300 5252 ἦτοι
1339 5178 1621 5250 κολάσεις,
1655 5187 1877 5258 μακρὰν

291 5263 395 5334 μὶν
414 5264 582 5332 οὔσας
611 5266 716 5331 ἔτι.
748 5270 847 5324 καὶ
866 5268 1021 5327 οὔπω
1054 5271 1304 5343 πλησίον,
1331 5275 1423 5330 διά
1440 5294 1525 5332 τοι
1543 5278 1605 5332 τὸ
1623 5279 1879 5346 ἀνεξικα-

286 5355 405 5410 adv
452 5355 539 5411 Ιτι
579 5357 871 5430 βούλεσθαι
906 5362 998 5418 τὸν
1037 5363 1171 5419 Θεὸν
1191 5405 1206 5428 ,
1240 5365 1538 5439 ἑλκομένας
1581 5371 1640 5426 δὲ
1681 5373 1882 5446 τρόπον

284 5447 412 5507 «vd
432 5448 570 5522 παρ’
592 5452 797 5523 αὐτῶν,
818 5453 908 5511 διὰ
937 5457 1032 5513 τοῦ
1068 5458 1355 5530 βούλεσθαι
1387 5463 1480 5516 καὶ
1508 5466 1619 5529 τοῖς
1644 5468 1707 5520 ὲκ
1733 5467 1883 5533 θείας

356 5598 402 5630 ’³
441 5606 549 5666 lea.
592 5625 723 5680 xxx,
787 5612 873 5669 lo.
941 5615 1205 5674 "Ezech.
1235 5631 1328 5684 stt,
1379 5618 1580 5684 27,28.

1994 4559 2052 4606 et
2078 4550 2157 4606 rei
2198 4551 2451 4607 militaris
2492 4565 2599 4605 non
2641 4550 2838 4621 ignari.
2885 4549 2999 4605 Hes
3024 4564 3160 4621 ergo
3189 4549 3255 4603 ad
3293 4549 3440 4605 hunc
3470 4566 3590 4605 mo~

1994 4644 2120 4698 dum
2152 4641 2374 4698 all‘eclos
2407 4643 2601 4698 merito
2626 4643 2793 4714 luget,
2822 4652 2878 4698 et
2908 4644 3125 4715 inquit:
3154 4642 3267 4715 93
3298 4662 3315 4696 ι
3347 4641 3437 4699 Va:
3470 4652 3585 4703 tra-

1994 4733 2250 4791 hentibus
2276 4745 2499 4807 peccata
2523 4735 2669 4790 velut
2690 4734 2934 4791 funiculo
2958 4735 3136 4806 longo,
3156 4744 3213 4792 et
3232 4736 3387 4806 quasi
3414 4736 3587 4806 jugali

1992 4828 2108 4883 loro
2126 4827 2395 4898 iuvencae,
2425 4830 2800 4900 iniquitates.»
2824 4828 3055 4888 Peccata
3077 4841 3133 4887 et
3157 4830 3474 4900 iniquitates
3498 4827 3586 4884 hie

1996 4919 2130 4977 dicit
2162 4922 2425 4993 supplicia
2455 4932 2514 4978 et
2548 4936 2740 4994 pronas
2771 4936 2874 4995 pro
2906 4924 3146 4994 peccatis
3183 4943 3195 4978 :
3225 4918 3427 4992 procul-
3452 4931 3587 4973 vero

1994 5014 2189 5070 abesse
2221 5014 2400 5071 adhuc
2435 5024 2491 5070 et
2533 5016 2773 5072 nomiqu
2807 5030 2996 5086 prope,
3035 5011 3177 5083 quod
3217 5013 3359 5068 Deus
3402 5008 3584 5064 adhuc

1995 5105 2104 5174 pati
2154 5105 2324 5173 velit;
2381 5108 2526 5165 trahi
2571 5116 2756 5165 autem
2805 5103 3207 5179 quodammodo
3249 5102 3318 5156 ab
3354 5098 3486 5163 illis,
3512 5113 3585 5155 eo

1993 5196 2139 5268 quod
2171 5196 2369 5253 divinae
2399 5198 2496 5255 irae
2518 5198 2877 5255 acrimoniam
2903 5205 2959 5253 et
2983 5192 3332 5264 asperitatem
3362 5190 3579 5247 sensuri

1990 5288 2122 5347 sint.
2163 5287 2372 5358 Quibus
2399 5303 2501 5364 ego
2540 5290 2770 5362 singulis
2814 5289 2946 5345 illud
2987 5281 3483 5354 congruentissima
3522 5290 3580 5338 et

1992 5396 2120 5438 vere
2151 5382 2257 5440 dici
2305 5398 2464 5453 posse
2504 5383 2746 5440 arbitror
2779 5398 2796 5436 :
2830 5398 2852 5433 ι
2887 5377 3027 5436 Num
3062 5374 3282 5434 divitias
3312 5374 3578 5433 bonitatis

1992 5474 2110 5545 ejus
2148 5483 2206 5531 et
2233 5476 2533 5534 tolerantia
2561 5484 2616 5532 et
2654 5473 2897 5534 lenitatis
2940 5469 3244 5532 contemnis
3270 5468 3302 5531 τ
3343 5466 3577 5543 lnam
