4012 6216
465 267 569 322 159

1455 275 1515 331 Ι.
1557 275 1830 333 ογιιιιιι
1867 274 2340 335 ALEXANDMNI
2376 281 2706 341 ARCHIEP.

3634 277 3746 336 l6!)

463 386 765 443 bonitatem
832 387 928 444 Del
978 386 1049 444 ad
1095 387 1527 459 resipiscentiam
1581 401 1632 447 te
1678 393 1946 448 invitare?
1984 395 2037 448 AI

2152 393 2323 467 ὀργῆς
2368 399 2687 468 περιπεσεῖν
2741 395 3060 466 κινήμασιν.
3096 387 3267 465 οἴμαι
3312 391 3371 446 δὲ
3413 389 3589 460 ῑγωγε
3629 391 3745 444 τῶν

463 477 763 532 secundum
812 478 1231 535 obstinationem
1279 490 1448 547 tuam,
1484 492 1540 538 et
1580 499 1677 539 cor
1727 486 2046 555 resipiscere

463 569 706 624 nescium
740 570 1076 625 tltesanrizas
1108 572 1201 625 tibi
1240 572 1341 641 ipsi
1379 574 1514 628 iram
1547 576 1599 630 in
1628 577 1713 632 die
1747 577 1840 633 ira:
1872 588 1926 632 et
1958 595 2042 632 re-

462 656 749 711 velationis
769 654 899 726 justi
930 658 1118 728 jttdicii
1154 661 1245 716 Dei
1265 661 1333 717 °'.
1369 680 1388 715 ι
1417 664 1823 723 Trahuntenim
1848 669 1943 736 ita,
1967 670 2042 724 uti

462 746 597 807 dixi,
632 746 731 815 ipsi
779 748 831 801 in
870 763 930 803 se
974 752 1273 819 pumilionis
1319 763 1550 823 tempus,
1584 756 1834 815 fortassis
1872 764 2036 816 etiam

464 836 625 889 soluti
653 838 778 893 inde
799 849 852 893 et
877 844 1077 907 securi,
1104 844 1229 913 quia
1264 844 1446 901 diﬂ'ert
1475 849 1666 916 punire
1693 865 1810 914 eos,
1840 861 1890 907 et
1916 856 2043 924 quia

467 930 698 998 turpiter
720 930 1160 1001 delinquentibus
1182 950 1397 1005 prenam
1421 954 1527 994 non
1553 941 1773 1013 irrogat.
1795 941 2044 1001 Trahunt

464 1033 594 1087 ergo
630 1031 851 1089 peccata
893 1024 1047 1092 quasi
1096 1024 1336 1083 funiculo
1369 1028 1554 1097 longo,
1588 1042 1641 1086 et
1683 1034 1837 1104 quasi
1876 1034 2040 1105 jugali

467 1106 584 1159 loro
613 1108 883 1177 jnvencaa,
918 1112 1255 1181 iniquitates.
1283 1115 1749 1183 Quemadmodum
1779 1124 1922 1177 enim
1948 1126 2039 1194 qui

410 1246 414 1251 .
456 1199 716 1265 iuvencas
744 1202 827 1255 vel
863 1204 1027 1258 boves
1052 1204 1196 1275 jugis
1219 1209 1569 1275 submittunt,
1599 1212 1821 1268 trahunt
1851 1231 2029 1286 quan-

461 1289 639 1358 doque
659 1291 709 1342 vi
740 1290 927 1356 multa,
953 1304 1006 1347 et
1029 1293 1252 1365 alligant
1286 1297 1351 1349 ad
1389 1296 1602 1355 labores
1630 1318 1643 1354 :
1672 1300 1738 1355 ad
1766 1304 2037 1371 eumdem,

461 1379 648 1440 credo,
668 1379 838 1450 ipsum
863 1382 1101 1447 modum,
1124 1384 1173 1438 hi
1200 1384 1291 1454 qui
1320 1400 1380 1440 se
1400 1386 1663 1453 objiciunt
1694 1390 1789 1446 irae
1818 1392 2035 1461 divinae,

460 1469 675 1525 dicunt:
692 1488 713 1524 ι
738 1473 1181 1545 Appropinquent
1202 1476 1313 1530 cito
1327 1493 1449 1547 qua
1465 1478 1644 1545 faciet,
1663 1489 1722 1536 ut
1740 1482 2038 1552 videamus,

460 1570 515 1613 et
541 1561 1015 1618 veniateousiliunt
1039 1566 1211 1621 sancti
1237 1566 1473 1634 lsraelis,
1494 1578 1554 1625 ut
1573 1572 1862 1633 sciamus.»
1889 1575 2041 1634 Alius

462 1652 590 1705 item
624 1666 657 1707 ο
689 1654 894 1709 sanctis
928 1657 1206 1725 prophetis
1242 1656 1386 1728 luget
1413 1673 1630 1731 quoque
1656 1677 1752 1718 eos
1773 1664 1864 1735 qui
1897 1666 2038 1722 istud

2144 485 2404 539 τοιούτων
2432 488 2649 558 ἑκάστῳ
2673 484 3107 557 πρεπωδέστατά
3130 501 3189 537 τε
3212 483 3309 536 καὶ
3338 479 3555 550 ἀληθῶς
3580 480 3745 535 δύναο

2147 575 2270 630 σθαι
2300 577 2479 647 λέγειν
2513 579 2690 650 ἡμᾶς·
2727 597 2745 629 ι
2785 576 2859 630 Ἦ
2877 575 2971 629 τοῦ
2995 573 3227 629 πλούτου
3249 572 3346 644 τῆς
3372 571 3746 644 χρηστότητος

2145 667 2338 733 αὑτοῦ,
2374 671 2469 723 καὶ
2499 670 2599 741 τῆς
2632 668 2852 740 ἀνοχῆς,
2882 668 2978 721 καὶ
3022 667 3121 737 τῆς
3155 663 3542 738 μακροθυμίας
3571 681 3745 718 κατα-

2146 762 2385 831 φρονεῖς,
2421 761 2634 830 ἀγνοῶν
2679 762 2761 815 ὂτι
2810 759 2874 814 τὸ
2920 758 3155 833 χρηστὸν
3184 755 3277 811 τοῦ
3305 753 3442 810 Θεοῦ
3474 757 3555 820 είς
3585 757 3747 827 μετά-

2145 850 2297 904 νοιάν
2329 866 2387 902 σε
2416 850 2575 919 ἀγει;
2606 849 2761 904 Κατά
2780 849 2838 903 δὲ
2861 849 2960 919 τὴν
2990 845 3338 919 σκληρότητά
3367 862 3463 899 σου
3487 845 3583 898 καὶ
3605 846 3747 917 ἀμε-

2142 942 2404 1013 τανόητον
2448 942 2679 1014 καρὸἰαν
2734 941 3094 1013 θησαυρίζεις
3156 937 3372 1010 σεαυτῷ
3428 936 3618 1010 ὀργὴν,
3686 937 3746 990 ἑν

2142 1028 2328 1102 ἡμέρᾳ
2376 1031 2545 1101 ὀργῆς
2605 1031 2701 1085 καὶ
2748 1029 3147 1100 ἀποκαλύψεως
3191 1030 3288 1084 καὶ
3342 1025 3745 1100 δικαιοκρισίας

2141 1117 2235 1171 τοῦ
2270 1117 2459 1173 Θεοῦ.»
2486 1118 2743 1174 Ἐλκουσι
2763 1120 2893 1191 γὰρ,
2917 1118 2994 1182 ὡς
3019 1119 3177 1189 ἔφην,
3202 1118 3359 1171 αὐτοὶ
3382 1117 3504 1172 καθ’
3530 1117 3744 1171 ἑαυτῶν

2139 1207 2234 1262 τὸν
2266 1209 2366 1280 τῆς
2399 1210 2675 1275 κολάσεως
2705 1211 2916 1284 καιρὸν,
2946 1210 3088 1281 τάχα
3111 1227 3212 1264 που
3249 1208 3740 1282 μικροψυχοῦντες,

2140 1298 2222 1352 ὅτι
2265 1298 2453 1370 ρέλλει
2500 1301 2744 1366 κολάζων
2793 1302 3029 1365 αὐτοὺς,
3056 1301 3152 1355 καὶ
3198 1301 3275 1372 μὴ
3321 1298 3743 1373 πλημμελοῦσιν

2141 1389 2461 1456 ἀκαθέκτως
2493 1392 2729 1447 ἐπετίθει
2776 1393 2875 1459 τὰς
2924 1392 3367 1458 δίκας.Ἕλκουσι
3408 1394 3588 1447 τοίνυν
3639 1391 3742 1456 τὰς

2140 1481 2418 1555 ἁμαρτίας
2467 1483 2542 1548 ὡς
2595 1485 2790 1557 σχοίνῳ
2832 1485 3049 1557 μακρῷ,
3082 1485 3174 1539 καὶ
3218 1485 3294 1550 ὼς
3339 1484 3506 1555 ζυγοῦ
3551 1486 3743 1555 ἱμάντι

2139 1574 2427 1646 δαμάλεως
2470 1576 2572 1641 τὰς
2621 1578 3098 1651 ἀνομίας.“Ὢσπερ
3144 1577 3254 1651 γὰρ
3299 1578 3399 1642 τάς
3445 1576 3740 1649 δαμάλεις,

2140 1666 2260 1739 ἦτοι
2294 1667 2391 1733 τὰς
2423 1667 2550 1740 βοῦς
2582 1669 2946 1743 ὑποφέροντες
2973 1673 3088 1734 τοῖς
3120 1670 3326 1739 ζυγοῖς,
3350 1670 3603 1724 ἕλκουσιν
3625 1669 3740 1723 ἐσθ’

459 1743 649 1797 dicunt
671 1745 920 1815 idemque
947 1750 1210 1806 sentiunt.
1231 1748 1348 1817 Vm,
1370 1751 1563 1822 inquit,
1597 1753 2037 1815 desiderantibus

2143 1760 2230 1814 ὅτε
2259 1761 2356 1813 σὺν
2391 1760 2484 1833 βίᾳ
2508 1760 2700 1833 πολλῇ,
2729 1762 2825 1815 καὶ
2856 1761 3357 1830 καταδεσμεύουσιν
3392 1763 3472 1826 είς
3516 1760 3737 1825 πόνους·

458 1834 599 1888 diem
617 1833 851 1902 Domini,
870 1847 925 1892 et
948 1838 1035 1892 illa
1059 1851 1143 1896 est
1168 1840 1344 1912 caligo
1364 1851 1420 1897 et
1441 1858 1548 1898 non
1573 1845 1690 1915 lux,
1714 1856 1770 1902 et
1791 1850 2038 1918 opacitas

459 1939 565 1979 non
613 1925 819 1983 habens
861 1928 1042 1984 lumen
1071 1945 1249 1987 suum.
1276 1932 1565 2001 Quocirca,
1593 1950 1715 1991 cum
1751 1938 1917 1993 Deum
1946 1940 2037 1996 of-

456 2014 670 2073 fensum
696 2034 818 2075 esse
846 2019 1222 2090 intelligimus,
1242 2023 1528 2081 confestim
1551 2027 1671 2082 duci
1701 2032 2038 2098 paenitudine

455 2116 694 2176 oportet,
726 2117 783 2163 et
813 2111 1064 2178 precibus
1094 2112 1333 2170 assiduis
1369 2114 1520 2170 illum
1556 2118 1805 2189 mitigare
1831 2124 2033 2191 potius,

456 2212 562 2252 non
613 2212 943 2256 commotum
990 2203 1105 2274 jam
1152 2205 1398 2272 irritare,
1463 2223 1564 2265 nec
1612 2212 2035 2270 comminantem

458 2299 827 2348 contemnere.
876 2294 973 2349 Est
1012 2297 1157 2351 enim
1190 2297 1328 2353 lenis
1358 2309 1412 2354 et
1442 2299 1669 2357 multum
1702 2304 2034 2370 misericors.

456 2381 713 2439 auferens
746 2385 1087 2455 iniquitates,
1110 2397 1165 2444 et
1195 2405 1460 2461 superans
1487 2392 1800 2461 injustitias,
1824 2405 1879 2451 et
1903 2413 2036 2467 pan-

454 2474 534 2528 cis
567 2475 893 2546 quandoque
921 2477 1179 2550 lacrymis
1208 2481 1572 2549 peccantium,
1600 2483 1667 2537 ad
1704 2484 2039 2554 placabilita-

459 2576 564 2621 tem
607 2569 1072 2641 serenitatemque
1100 2571 1201 2627 sibi
1238 2574 1604 2643 gratissimam
1640 2579 1960 2636 traducitur.

2136 1848 2230 1904 τὸν
2261 1850 2456 1915 αύτδν,
2488 1846 2641 1923 οἶμαι
2663 1892 2680 1915 ,
2706 1853 2909 1925 τρόπον
2942 1853 3184 1907 κάκεῖνοι
3207 1854 3321 1915 τοῖς
3360 1854 3424 1906 ἑκ
3457 1851 3610 1915 θείας
3644 1852 3741 1923 dp-

2138 1940 2246 2009 γῆς
2281 1941 2755 2016 ὲπισυμδήσεσθαι
2791 1942 3074 2016 μέλλουσιν
3112 1944 3340 2008 ἑαυτοὺς
3366 1944 3744 2016 ὑποφέροντες

2138 2031 2400 2104 ἔφασκον·
2429 2053 2448 2087 t
2472 2034 2778 2106 Ἐγγισάτω
2799 2036 2861 2090 τὸ
2879 2036 3064 2108 τάχος,
3088 2034 3125 2091 ἃ
3149 2037 3384 2105 ποιήσει,
3403 2035 3491 2089 ἵνα
3512 2036 3741 2105 ἴδωμεν,

2137 2125 2236 2181 καὶ
2263 2125 2466 2182 ἐλθέτω
2492 2130 2526 2201 ἡ
2559 2128 2724 2201 βουλὴ
2748 2129 2841 2184 τοῦ
2880 2130 3037 2199 ἁγίου
3078 2127 3295 2201 Ἰσραὴλ
3322 2127 3411 2182 ἴνα
3439 2126 3686 2199 γνῶμεν.
3717 2147 3738 2181 ι

2137 2217 2310 2273 Τοῦτο
2345 2218 2607 2291 λέγοντας
2650 2223 2745 2276 καὶ
2782 2220 2925 2277 οὕτω
2974 2221 3390 2296 πεφρονηκότας
3422 2221 3518 2275 καὶ⁵
3548 2220 3744 2293 ἔτερος

2137 2311 2246 2365 τῶν
2281 2313 2453 2382 ἁγίων
2487 2315 2784 2387 προφητῶν
2816 2316 3092 2382 ταλανίζει
3132 2315 3331 2384 λέγων·
3367 2314 3506 2397 ρύαὶ
3533 2313 3586 2367 οἱ
3617 2315 3742 2366 ὲπιο

2138 2402 2439 2475 θυμοῦντες
2467 2408 2568 2479 τὴν
2591 2408 2805 2480 ἡμέραν
2839 2410 3069 2478 Κυρίου·
3099 2407 3195 2462 καὶ
3216 2406 3355 2478 αῦτη
3380 2407 3496 2461 ἐστὶ
3521 2407 3739 2471 σκότος,

2140 2498 2238 2550 καὶ
2263 2498 2325 2551 ού
2357 2498 2494 2568 φῶς,
2530 2501 2623 2554 καὶ
2653 2501 2853 2570 γνόφος
2880 2500 2980 2555 ούκ
3009 2499 3147 2571 ἔχων
3171 2498 3371 2569 φέγγος
3401 2497 3587 2552 αὐτοῦ.
3621 2496 3745 2571 Χρὴ

2138 2588 2319 2644 τοίνυν
2360 2592 2728 2663 μανθάνοντας
2761 2594 2843 2648 ὅτι
2870 2592 3172 2663 λελύπηται
3203 2590 3358 2655 Θεὸς,
3394 2589 3743 2662 παραχρῆμα

456 2667 755 2735 μετανοεῖν,
786 2666 882 2720 καὶ
926 2666 1329 2740 ἀκαταλήκτοις
1377 2674 1709 2742 προσευχαῖς
1759 2674 2131 2745 μειλίσσεσθαι
2206 2685 2408 2755 μᾶλλον
2439 2688 2635 2754 αὑτὸν,
2701 2689 2761 2743 ού
2795 2688 3159 2760 παροτρύνειν
3216 2688 3299 2742 ἔτι
3329 2684 3740 2755 κεκινημένον·

450 2757 576 2812 οὔτε
613 2759 720 2832 μὴν
748 2760 1102 2827 ἀπειλοῦντος
1128 2765 1516 2835 καταφρονεῖν
1556 2767 1913 2840 μακρόθυμος
1934 2773 2044 2845 γάρ
2075 2777 2214 2845 ἐστι,
2273 2781 2369 2834 καὶ
2417 2781 2726 2848 πολυέλεος,
2794 2757 3087 2853 ἀποφέρων
3135 2782 3390 2855 ἀνομίας,
3426 2782 3520 2834 καὶ
3567 2779 3744 2851 ὑπερ-

453 2849 656 2904 ϐαίνων
689 2850 903 2917 ἀδικίας
930 2871 943 2885 ·
974 2854 1069 2908 καὶ
1111 2858 1327 2928 μικροῖς
1371 2855 1486 2910 ἐσθ’
1531 2858 1619 2913 ὅτε
1657 2860 1914 2945 δακρύοις
1958 2864 2067 2919 τῶν
2103 2869 2505 2943 ἡμαρτηκότων
2560 2874 2654 2926 ἐπὶ
2695 2872 2793 2945 τὴν
2854 2849 3004 2945 αὐτῶ
3039 2849 3363 2945 φιλαιτάτην
3391 2849 3741 2943 γαληνότηέα

457 2943 872 3014 μεθιστάμενος.
1832 2936 1854 2955 ⁸

528 3035 804 3104 Vsus.20,
850 3039 943 3095 2|.
998 3038 1085 3096 Va:
1127 3042 1423 3099 dicentibus
1472 3044 1672 3099 malum
1717 3045 1945 3112 bonum,
1991 3059 2037 3103 ct

2216 3048 2359 3102 Οὐαί
2390 3051 2447 3103 ol
2472 3048 2757 3119 λέγοντες
2779 3049 2844 3103 τὸ
2876 3050 3146 3119 πονηρὸν
3170 3051 3385 3117 καλὸν,
3408 3050 3505 3104 καί
3533 3051 3606 3105 τὸ
3635 3070 3740 3108 xa-

456 3128 653 3184 bonum
683 3131 925 3197 nmium;
958 3136 1048 3202 qui
1088 3124 1286 3201 ponunt
1318 3136 1557 3191 tenebras
1585 3137 1776 3202 lucem,
1802 3155 1848 3193 et
1870 3142 2037 3195 luccm

2143 3137 2260 3193 λον
2291 3141 2579 3208 πονηρὸν,
2614 3143 2669 3195 οἱ
2706 3140 2968 3209 τιθέντες
2998 3140 3063 3194 τὸ
3088 3143 3311 3207 σκότος
3348 3140 3492 3211 φῶς,
3520 3142 3625 3196 καί
3673 3144 3741 3199 τὸ

458 3222 729 3286 tenebras;
749 3224 837 3291 qui
855 3234 1053 3292 ponunt
1076 3242 1318 3280 amarunt
1340 3227 1515 3296 dulce,
1539 3240 1585 3283 el
1607 3232 1759 3285 dulce
1776 3249 2037 3291 aurarum.

2144 3226 2272 3296 φῶς
2298 3228 2541 3294 σκότος,
2569 3231 2623 3283 οἱ
2662 3228 2924 3296 τιθέντες
2951 3230 3017 3283 τὸ
3046 3229 3260 3300 πικρὸν
3287 3230 3504 3300 γλυκὺ,
3536 3233 3641 3287 καί
3674 3233 3738 3288 τὸ

472 3307 562 3362 l'ce
590 3309 673 3363 Itis
704 3313 795 3380 qui
835 3311 934 3364 sibi
977 3313 1104 3382 ipsis
1154 3314 1395 3370 videntur
1430 3319 1720 3386 sapientes,
1766 3333 1815 3375 et
1863 3338 2037 3377 coram

2143 3319 2338 3389 γλυκὺ
2380 3321 2616 3388 πικρόν.
2645 3321 2793 3375 Οὐαὶ
2841 3325 2894 3376 οὶ
2942 3322 3187 3376 συνέτοί
3222 3323 3292 3377 ἐν
3333 3321 3594 3391 ἑαυτοῖς,
3640 3324 3740 3381 καί

460 3400 752 3467 semetipsis
774 3401 1054 3470 prudentes
1080 3413 1225 3459 sunt.

2143 3398 2407 3466 ἐνώπιον
2430 3412 2664 3466 ἑαυτῶν
2686 3413 3114 3483 ἐπιστήμονες.

530 3490 852 3560 lnsipientes
897 3506 1020 3547 esse
1059 3493 1279 3548 omnino
1316 3508 1412 3550 eos
1453 3498 1616 3552 etiam
1669 3500 1817 3556 hisce
1860 3504 2041 3560 verbis

459 3585 669 3652 arguit,
709 3581 798 3650 qui
836 3592 1059 3652 peccata
1102 3585 1257 3652 quasi
1304 3585 1466 3658 longo
1491 3588 1604 3662 94
1635 3590 1880 3649 funiculo
1925 3603 2037 3649 tra-

2143 3596 2269 3659 τοὺς
2296 3595 2397 3660 τὰς
2428 3596 2704 3667 ἁμαρτίας
2736 3597 3156 3667 ἑπισπωμένους
3175 3598 3252 3663 ὡς
3274 3600 3489 3672 σχοινίῳ
3517 3581 3736 3672 μακρῷ.

457 3672 614 3728 ltunt.
653 3671 788 3727 Cum
829 3673 974 3728 enim
1013 3675 1389 3745 paenitentiam
1429 3683 1578 3735 omni
1630 3682 1787 3739 laude
1823 3687 2037 3756 dignam

2143 3686 2271 3739 Δέον
2305 3686 2417 3757 γάρ
2439 3687 2661 3739 ἐπαίνου
2688 3686 2891 3749 παντὸς
2912 3685 3097 3753 ἀξιοῦν
3117 3687 3179 3741 τὸ
3203 3688 3401 3760 χρῆναι
3427 3671 3735 3761 μετανοεῖν,

454 3762 788 3827 existimare,
808 3773 862 3817 et
893 3779 951 3818 se
970 3765 1038 3818 ab
1061 3764 1139 3818 ira
1175 3765 1521 3835 impendente
1547 3773 1715 3838 probe
1737 3789 1802 3830 ac
1831 3775 2037 3846 integre

2143 3778 2235 3830 καὶ
2278 3776 2365 3831 διά
2419 3777 2602 3849 πάσης
2635 3777 2933 3840 ἐπιεικείας
2974 3777 3340 3834 ἀπαλλάττειν
3369 3783 3596 3844 ἑαυτοὺς
3638 3785 3734 3856 τῆς

2228 3503 2545 3566 ’Λσυνὲτους
2565 3504 2729 3567 ὄντας
2752 3503 3031 3570 παντελῶς
3059 3506 3152 3559 καὶ
3178 3507 3269 3562 διὰ
3295 3507 3499 3563 τούτων
3520 3508 3739 3583 ἐλέγχει
3845 3579 3849 3583 ἡ

455 3852 691 3909 vivendo
739 3868 1086 3920 cnnservare,
1129 3863 1184 3910 et
1233 3856 1346 3912 Deo
1395 3862 1755 3931 omnipotenti
1810 3864 2037 3934 oﬂ'euso,

456 3956 619 4012 prere
644 3954 698 3998 et
724 3947 1139 4016 supplicatione,
1177 3963 1239 4004 se
1271 3952 1506 4020 probare
1537 3965 1857 4025 oporteret:
1883 3974 2040 4013 num-

459 4036 674 4091 tnularii
718 4039 946 4106 improbi
990 4052 1308 4109 evaserunt,
1346 4046 1588 4115 turpiora
1635 4048 1687 4103 in
1725 4054 1902 4120 pretio
1941 4051 2040 4106 ha-

456 4129 670 4197 bentes,
686 4139 936 4187 notantes
956 4147 1089 4188 vero
1114 4144 1173 4190 ut
1192 4135 1560 4192 adulterinum
1587 4140 1724 4195 citra
1748 4143 2036 4200 discrimen

459 4218 510 4272 id
541 4221 684 4291 quod
717 4224 1080 4292 praestabilius
1104 4234 1212 4292 est,
1241 4234 1296 4281 et
1329 4228 1395 4282 ad
1423 4244 1575 4305 suam
1613 4231 1850 4300 ipsorum
1892 4234 2040 4289 salu-

2141 3868 2244 3939 ἑπη
2254 3886 2352 3940 ρτη
2362 3869 2528 3941 μένης
2556 3869 2749 3941 ὀργῆς,
2783 3870 2878 3923 καὶ
2902 3874 3020 3935 ταῖς
3045 3873 3325 3942 νηστείαις
3348 3875 3735 3943 ἀπολογεῖσθαι

2140 3956 2498 4028 λελυπημένῳ
2551 3957 2630 4025 τῷ
2678 3959 2896 4013 πάντων
2949 3959 3239 4031 κρατοῦντι
3285 3962 3440 4033 Θεῷ·
3483 3963 3733 4034 ἀδόκιμοι

2140 4049 2398 4118 γεγόνασι
2428 4047 2774 4119 τραπεζῖται,
2802 4048 3074 4119 τιμῶντες
3098 4051 3195 4122 μὲν
3224 4049 3293 4104 τὰ
3315 4050 3529 4122 αίσχίω,
3557 4070 3734 4107 κατα-

2141 4140 2551 4212 κιϐδηλεύοντες
2585 4140 2642 4193 δὲ
2688 4140 2750 4194 τὸ
2782 4141 3132 4213 ἀσυγκρίτως
3162 4141 3408 4213 ἄμεινον,
3438 4144 3530 4197 καὶ
3563 4145 3625 4198 τὸ
3653 4146 3733 4198 ὅτι

2143 4233 2382 4305 μάλιστα
2426 4229 2705 4297 λυσιτελὲς
2750 4234 2826 4297 είς
2875 4233 3151 4305 σωτηρίαν
3195 4234 3398 4296 αὐτοῖς.
3434 4233 3645 4305 Πρέπει
3669 4236 3733 4307 δὴ

461 4317 570 4363 tem
615 4311 985 4368 utilissimum.
1015 4317 1282 4371 Convenit
1309 4332 1441 4389 ergo
1483 4320 1609 4386 hoc,
1644 4321 1735 4378 Vat
1776 4324 1903 4392 illis,
1958 4328 2037 4383 sic

2143 4322 2235 4380 οὖν
2288 4326 2398 4397 ἀρα
2448 4328 2558 4389 τοῖς
2607 4324 2749 4378 οὕτω
2800 4325 3170 4396 πεφροντικόσι
3222 4325 3284 4378 τὸ
3336 4325 3733 4381 οὐαί.Ἀνόσιοι

460 4399 700 4471 allectis,
755 4405 882 4473 quia
940 4406 992 4460 in
1048 4410 1257 4478 seipsos
1306 4409 1454 4480 impii
1510 4420 1566 4467 et
1620 4416 1769 4469 stulti
1823 4416 2037 4488 judices

2143 4420 2250 4492 γὰρ
2311 4419 2404 4473 καὶ
2447 4418 2696 4472 ἀσύνετοι
2743 4417 2864 4471 καθ’
2905 4417 3113 4471 ἑαυτῶν
3154 4419 3409 4487 γεγόνασι
3455 4419 3730 4474 δικασταί.

459 4493 805 4551 exstiterunt.
832 4497 1044 4552 Etenim
1080 4515 1206 4554 cum
1245 4501 1444 4555 malum
1480 4504 1678 4559 bonum
1723 4522 1844 4563 esse
1890 4511 2033 4566 dice-

460 4592 603 4649 rent,
629 4595 683 4640 et
715 4591 967 4646 tenebras
994 4590 1165 4646 lucem
1190 4595 1471 4663 ducerent,
1497 4609 1550 4652 et
1581 4614 1825 4655 amarum
1857 4603 2031 4671 dulce,

461 4686 516 4731 et
562 4676 719 4733 dulce
766 4695 1010 4737 amarum
1057 4684 1389 4743 allirmarent
1421 4707 1435 4744 :
1469 4705 1704 4763 cumque
1747 4695 2036 4754 maluerint

462 4768 801 4826 calamitates
832 4771 954 4828 belli
980 4775 1198 4842 subire,
1227 4794 1348 4833 cum
1384 4781 1583 4853 alioqui
1624 4785 1779 4842 facile
1815 4804 1843 4840 ιι
1876 4788 2034 4845 malis

460 4860 727 4917 immunes
755 4876 877 4918 esse
917 4866 1239 4934 potuissent,
1278 4875 1560 4941 repudiata
1589 4876 1754 4931 etiam
1794 4880 1906 4949 ipsa
1942 4895 2039 4950 per

458 4951 738 5007 Chrisfum
774 4953 1156 5028 illustratione,
1185 4960 1238 5016 in
1266 4965 1509 5022 tenebris
1543 4981 1939 5026 remanserunt.
1970 4970 2038 5025 Et

460 5046 592 5100 dicit
637 5047 939 5117 propheta:
971 5069 990 5105 ι
1026 5050 1157 5107 Cum
1202 5068 1583 5125 exspectarent
1627 5060 1834 5126 lucem,
1882 5063 2039 5120 facta:

459 5146 588 5191 sunt
629 5137 734 5194 illis
785 5141 1055 5211 tenebrae;
1106 5157 1494 5215 exspectantes
1546 5151 1926 5222 splendorem,
1986 5156 2038 5210 in

460 5230 691 5299 caligine
741 5237 1116 5291 versabantur.
1165 5259 1183 5292 ι
1237 5238 1316 5294 Ad
1369 5256 1489 5296 eam
1533 5258 1661 5300 vero
1709 5247 2039 5316 impietatem

2143 4511 2217 4564 Τὸ
2250 4512 2346 4582 μὲν
2376 4510 2484 4581 γὰρ
2516 4511 2749 4583 πονηρὸν
2775 4509 2940 4564 καλὸν
2972 4505 3111 4563 εἶναι
3141 4510 3412 4578 λέγοντες,
3440 4512 3735 4582 καταλογι-

2144 4600 2362 4672 ζόμενοι
2395 4604 2453 4656 τδ
2482 4602 2671 4666 σκότος
2700 4602 2838 4670 φῶς,
2872 4604 2967 4654 καὶ
2993 4602 3055 4654 τὸ
3088 4604 3186 4673 μὲν
3220 4603 3417 4674 πικρὸν
3449 4604 3647 4674 γλυκὺ,
3676 4605 3735 4658 τὸ

2143 4695 2201 4749 δὲ
2243 4694 2416 4764 γλυκὺ
2452 4694 2646 4766 πικρὸν
2683 4691 2823 4749 εἶναι
2851 4693 3356 4766 διαϐεϐαιούμενοι,
3401 4694 3489 4747 διά
3535 4708 3597 4763 γε
3639 4695 3739 4767 τοῦ,

2146 4789 2343 4843 παθεῖν
2369 4788 2583 4841 ἑλέσθαι
2624 4788 2721 4851 τὰς
2766 4789 2831 4840 ἐκ
2862 4786 2957 4840 τοῦ
2987 4787 3226 4858 πολέμου
3255 4788 3540 4865 συμφοράς
3562 4828 3576 4853 ,
3612 4789 3734 4874 καίκ

2144 4897 2228 4934 τοι
2264 4880 2424 4952 μετδν
2468 4881 2707 4943 εὐκόλως
2748 4879 2851 4944 ἔξω
2896 4879 3150 4947 γενέσθαι
3197 4877 3290 4932 τοῦ
3345 4877 3555 4941 κακοῦ,
3591 4888 3735 4967 παρέ

2144 4973 2417 5045 ωσάμενοι
2448 4973 2507 5026 δὲ
2544 4972 2639 5026 καὶ
2679 4972 2844 5026 αὑτὸν
2889 4972 2981 5024 τὸν
3029 4971 3118 5025 διὰ
3150 4968 3391 5041 Χριστοῦ
3424 4971 3730 5040 φωτισμὸν,

2149 5065 2524 5135 μεμενήκασιν
2557 5065 2615 5117 ἑν
2658 5063 2853 5134 σκότῳ.
2883 5064 2995 5117 Καὶ
3031 5063 3085 5116 τί
3117 5080 3281 5136 φησιν
3327 5064 3355 5116 ὁ
3409 5065 3732 5134 προφήτηες

2147 5175 2165 5209 ι
2188 5157 2628 5226 ’Υπομεινάντων
2662 5155 2778 5225 φῶς
2806 5156 3025 5226 ἐγένετο
3053 5156 3238 5220 αὐτοῖς
3266 5156 3484 5219 σκότος·
3518 5156 3735 5227 μείναν-

2136 5267 2230 5315 τες
2262 5249 2438 5321 αὐγὴν
2474 5251 2530 5302 ἑν
2560 5248 2751 5320 σκοτίᾳ
2782 5250 3213 5320 περιεπάτησαν.
3246 5267 3264 5298 ι
3300 5246 3653 5301 Κατὼλισθον
3678 5244 3732 5296 δὲ

416 5342 425 5347 ·
461 5322 739 5393 animique
767 5325 1142 5386 efferationem
1175 5332 1444 5411 provoluti
1478 5344 1625 5401 sunt,
1656 5346 1715 5391 ut
1751 5349 2037 5406 quantum-

2143 5339 2456 5404 δυσϐουλίας
2488 5342 2567 5403 είς
2603 5339 2763 5394 τοῦτο
2802 5341 2897 5393 καὶ
2929 5339 3141 5410 φρενῶν
3174 5339 3499 5411 ἀγριότητος
3520 5379 3534 5399 ,
3588 5335 3729 5391 ὥστε

464 5410 546 5465 vis
578 5412 675 5469 Dei
703 5414 1005 5476 clementia:
1035 5404 1262 5492 ejusque
1290 5424 1401 5494 spei
1437 5404 1786 5484 dulcissimus
1831 5429 2037 5486 fructus

2143 5432 2232 5489 καὶ
2266 5432 2634 5504 προκειμένης
2676 5431 2858 5495 αὐτοῖς
2892 5404 3300 5495 είς-ἀπόλαυσίν
3333 5432 3431 5503 τῆς
3461 5430 3730 5504 ἡμερότη⁴

462 5498 571 5555 illis
602 5506 911 5573 propositus
941 5523 1118 5580 esset,
1154 5529 1435 5584 plenarum
1473 5528 1652 5577 tamen
1683 5521 1784 5593 ipsi
1821 5524 2030 5580 acerbi-

2143 5542 2234 5589 τος
2275 5524 2368 5578 τοῦ
2418 5520 2574 5589 Θεοῦ,
2606 5525 2701 5578 καὶ
2747 5521 2845 5593 τῆς
2892 5521 3137 5575 ἐντεῦθεν
3186 5522 3445 5593 γλυκείας
3496 5521 3725 5587 ﬁnitos,

1324 5610 1342 5639 ἱ

452 5714 459 5719 ,
550 5652 599 5689 ⁸⁸
632 5653 791 5713 30m.
832 5675 892 5729 tt,
929 5663 979 5731 ι,
1031 5662 1084 5719 5.
