4012 6216
401 343 505 401 165

1389 338 1451 397 3.
1491 332 1772 396 CYRILLI
1812 327 2284 389 ALEXANDRINI
2322 326 2647 385 ABCtllEP.

3574 328 3686 383 168

400 459 774 533 ρταιοοιιθηιοσ
824 467 879 515 et
939 466 1326 530 prapotentcs,
1393 453 1827 526 quandoquidem
1888 466 1984 522 pn-

2099 451 2143 505 ιδ
2171 450 2367 520 πικρὸν
2398 448 2592 518 γλυκὺ,
2620 447 2717 500 καὶ
2749 445 2809 500 τὸ
2847 444 3019 515 γλυκὺ
3057 441 3275 533 πικρόν.
3295 441 3491 497 ’ἰστέον
3519 442 3574 497 δὲ
3596 444 3685 499 ὅτι

364 612 367 613 ν
402 562 581 610 tentes
602 559 853 621 potenter
875 560 929 605 et
953 550 1156 605 acriter
1188 546 1606 619 torquebuntur,
1634 554 1691 599 et
1720 544 1807 600 cui
1840 543 1982 596 mul-

398 650 517 699 tum
560 643 800 698 additum
852 650 957 707 est,
1009 641 1078 697 ab
1119 655 1185 695 eo
1242 639 1468 695 multum
1509 637 1780 708 exigetur,
1826 632 1984 704 juxta

400 750 589 791 vocem
626 732 961 788 Servatoris.
1012 730 1130 786 Non
1160 731 1305 786 enim
1363 731 1476 800 pari
1532 726 1796 798 supplicio
1865 722 1987 779 al'li-

402 826 614 879 cientur
643 824 914 894 principes
940 831 993 878 et
1020 822 1244 877 subditi.
1302 819 1515 876 Etenim
1567 818 1624 874 hi
1684 821 1987 888 prmtexunt

403 917 675 971 interdum
717 931 778 970 se
806 931 913 971 non
954 915 1096 970 scire
1118 913 1448 969 voluntatem
1497 908 1698 967 domini
1753 908 1885 963 sui:
1931 915 1989 960 at

405 1007 481 1061 illi
517 1008 620 1061 etsi
666 1008 846 1062 sciam
886 1006 1256 1071 exactissime,
1305 1020 1412 1059 non
1466 1001 1716 1057 fecerunt
1781 1008 1982 1051 tamen.

403 1098 647 1167 Eamque
679 1098 748 1153 ob
794 1112 1017 1152 causam
1046 1095 1243 1153 merito
1284 1094 1501 1152 duriora
1527 1092 1800 1165 patientur
1838 1088 1906 1144 ab
1923 1103 1988 1144 eo

322 1254 325 1255 ν
404 1191 495 1261 qui
530 1205 745 1260 pinnam
783 1188 1010 1261 irrogat.

478 1360 640 1417 Vsus.
678 1360 770 1414 24.
801 1357 1088 1430 Propterea
1134 1356 1574 1429 quemadmodum
1598 1365 1850 1411 exuretur
1892 1356 1992 1411 sti-

404 1458 533 1521 pata
568 1467 600 1504 a
629 1452 853 1504 carbone
882 1451 1040 1521 ignis.
1063 1460 1110 1504 et
1145 1451 1480 1504 comburetttr
1517 1466 1547 1501 a
1574 1449 1794 1525 ﬂamma
1857 1462 1993 1502 reso-

408 1546 546 1605 luta,
603 1545 761 1597 mdia:
788 1559 969 1598 eorum
1006 1545 1158 1615 quasi
1183 1543 1377 1614 lanugo
1403 1543 1525 1608 erit,
1553 1553 1600 1596 et
1663 1543 1761 1610 ﬂos
1809 1556 1990 1594 eorum

407 1646 462 1689 tu
495 1636 625 1688 cinis
653 1638 915 1688 ascendet.

474 1726 587 1798 96
612 1727 898 1794 Quoniam,
932 1724 1131 1796 inqttit,
1155 1731 1343 1780 contra
1372 1739 1434 1780 se
1467 1724 1567 1794 ipsi
1600 1729 1990 1792 protraxerunt

2082 542 2299 596 δυνατοὶ
2314 539 2556 603 δυνατῶς
2580 536 2973 610 ὲτασθήσονται
2995 550 3008 567 ·
3033 535 3129 590 καὶ
3149 528 3194 604 ᾧ
3219 533 3517 606 παρέθεντο
3537 534 3685 588 πολὺ

2086 633 2473 706 περισσότερον
2510 628 2803 686 ἀπαιτοῦσι
2854 629 2985 698 παρ’
3019 626 3208 692 αὐτοῦ,
3260 627 3405 680 κατά
3441 626 3538 698 τὴν
3581 626 3686 683 τοῦ

2086 726 2336 797 Σωτῆρος
2367 725 2573 797 φωνήν.
2605 724 2678 779 Οὐ
2709 724 2816 796 γὰρ
2839 723 2940 792 ἴσῳ
2967 722 3152 793 τρόπῳ
3179 720 3248 773 τὰ
3274 720 3377 790 τῆς
3403 719 3686 785 κολάσεως

2087 817 2239 872 ἔσται
2290 818 2405 880 τοῖς
2434 833 2493 869 τε
2548 815 2875 886 ἡγουμένοις
2902 812 2996 867 καὶ
3028 814 3139 875 τοῖς
3170 810 3276 865 ὑπὸ
3301 812 3459 884 χεῖρα
3488 811 3689 883 κειμέ-

2086 909 2297 971 νοις.οί
2332 908 2431 979 μὲν
2459 906 2569 978 γὰρ
2598 905 2712 960 ἔσθ’
2734 906 2822 960 ὅτε
2848 902 3247 975 προϐαλοῦνται
3280 903 3342 955 τὸ
3372 901 3447 975 μὴ
3482 903 3690 957 εἰδέναι

2087 1000 2248 1070 τυχὸν
2270 999 2329 1052 τὸ
2366 999 2579 1070 θέλημα
2602 997 2696 1051 τοῦ
2710 996 2919 1081 ⁶κυρίου
2948 996 3129 1052 αὐτῶν
3151 1011 3163 1025 ·
3198 997 3248 1050 oi
3277 994 3335 1049 δὲ
3361 996 3540 1050 καίτοι
3561 995 3690 1048 λίαν

2101 1090 2403 1159 ἐγνωκότες
2424 1088 2668 1162 ἀκριϐῶς
2689 1088 2750 1142 οὐ
2775 1089 3116 1160 δεδράκασιν.
3140 1086 3329 1159 Ταύτῃ
3350 1104 3435 1141 τοι
3456 1087 3689 1152 δικαίως

2087 1179 2522 1252 δυσαχθεστέραν
2553 1176 2884 1250 ὑπομενοῦσι
2917 1178 3018 1250 τὴν
3050 1175 3146 1231 τοῦ
3180 1175 3504 1242 κολάζοντος
3533 1176 3689 1249 κίνη-

2091 1287 2196 1323 σιν.

2160 1362 2264 1415 Διὰ
2314 1360 2512 1428 τοῦτο,
2566 1361 2640 1415 ὃν
2682 1360 2906 1432 τρόπον
2944 1359 3312 1428 καυθήσεται
3355 1362 3393 1429 ἡ
3439 1360 3684 1432 καλάμη

2088 1451 2210 1505 ὑπὸ
2271 1451 2567 1520 ἄνθρακος
2620 1452 2832 1521 πυρὸς,
2881 1453 2982 1507 καί
3025 1453 3517 1523 συγκαυθήσεται
3561 1450 3688 1509 ὑπὸ

2089 1536 2323 1607 φλογὸς
2353 1536 2695 1607 ἀνειμένης,
2734 1538 2772 1605 ἠ
2794 1533 2930 1606 ῥίζα
2956 1535 3158 1591 αὐτῶν
3185 1538 3265 1603 ὡς
3294 1537 3444 1606 χοῦς
3482 1536 3683 1600 ἕσται,

2090 1629 2192 1682 καί
2207 1629 2273 1682 τὸ
2294 1628 2477 1696 ἀνθος
2496 1630 2715 1694 αὐτῶν,
2738 1629 2820 1696 ὡς
2846 1628 3158 1699 κονιορτὸς
3182 1628 3575 1696 ἀναϐήσεται.

2174 1720 2395 1792 Ἐπειδὴ
2431 1721 2542 1793 γὰρ
2564 1721 2720 1775 αὐτοὶ
2764 1720 2888 1775 καθ’
2920 1719 3151 1789 ἑαυτῶν,
3194 1721 3390 1792 φησιν,
3434 1721 3688 1775 ἐπεσπά-

406 1828 628 1888 peecata
658 1817 801 1871 velut
825 1815 1065 1871 funiculo
1106 1814 1287 1884 longo,
1332 1827 1433 1868 nec
1464 1812 1595 1868 recti
1639 1826 1818 1867 rerum
1840 1811 1987 1866 aesti-

2099 1829 2252 1866 παντο
2280 1812 2377 1876 τὰς
2427 1812 2702 1885 ἁμαρτίας
2738 1811 2815 1875 ῶς
2858 1811 3077 1883 σχοινίῳ
3112 1809 3331 1883 μακρῷ,
3374 1811 3470 1864 καὶ
3521 1811 3690 1881 γεγό-

407 1918 647 1963 matores
706 1907 944 1970 fuerunt,
1003 1906 1356 1961 criminantes
1409 1903 1631 1968 bonum,
1706 1902 1988 1957 laudantes

406 1999 636 2065 malum,
668 2000 948 2067 sapientes
970 1997 1133 2052 etiam
1162 1997 1302 2064 apud
1328 1996 1559 2064 seipsos,
1584 2003 1639 2050 et
1662 1994 1836 2050 oculis
1875 1993 1989 2048 suis

406 2089 728 2160 prudentes,
765 2098 821 2143 et
843 2102 965 2159 qua:
1027 2086 1112 2142 ltis
1171 2084 1404 2140 ftediora
1444 2094 1600 2140 erant
1660 2093 1990 2155 spectantes,

408 2181 634 2251 impium
703 2191 929 2250 propter
1002 2193 1227 2233 munera
1280 2177 1486 2246 justum
1547 2176 1983 2247 pronuntiantes,

404 2270 494 2342 jus
507 2270 656 2338 justo
678 2270 968 2339 eripientes
1002 2287 1016 2323 :
1072 2270 1157 2324 bis
1192 2267 1444 2325 omnibus
1489 2268 1557 2324 de
1577 2267 1776 2332 causis,
1810 2272 1997 2322 'erunt

413 2359 644 2413 materia
681 2356 1114 2423 concremabilis,
1150 2358 1323 2413 instar
1352 2356 1601 2428 stipulae,
1630 2364 1686 2411 et
1725 2355 1865 2425 ignis
1920 2354 2000 2408 fo-

410 2462 651 2505 mentum
703 2459 758 2503 et
831 2447 1064 2502 ﬂammai
1114 2462 1359 2503 accensae
1430 2462 1528 2503 eos
1590 2450 1991 2517 depascentur:

412 2551 471 2595 ut
521 2557 625 2595 una
650 2556 773 2596 cum
803 2540 1077 2595 radicibus
1110 2538 1350 2610 ipsorum
1391 2552 1609 2609 quoque
1637 2537 1847 2591 fructus
1872 2548 2000 2589 con-

410 2644 718 2699 sumantur,
748 2634 802 2688 id
827 2643 931 2700 est,
970 2642 1028 2687 ut
1057 2647 1178 2686 cum
1203 2632 1525 2703 parentibus
1554 2640 1609 2686 et
1624 2644 1692 2685 ex
1716 2628 1803 2684 bis
1827 2628 1993 2683 etiam

417 2728 690 2798 procreati
726 2726 889 2782 simul
918 2728 1211 2791 intereant,
1244 2733 1299 2778 et
1353 2732 1611 2792 tanquam
1666 2719 1998 2790 pulvisculus

410 2832 509 2875 aut
562 2820 725 2887 cinis,
791 2817 1120 2889 rapidissimi
1186 2817 1335 2872 venti
1382 2819 1587 2887 impetu
1644 2813 1996 2884 dissipentur.

409 2916 711 2971 Accensam
734 2928 861 2968 vero
882 2911 1152 2965 ﬂammam
1182 2910 1337 2977 dicit,
1363 2923 1487 2980 qua:
1510 2924 1542 2963 a
1565 2906 1712 2962 nullo
1728 2906 1998 2962 exsﬁucta

2088 1919 2241 1957 νασιν
2274 1903 2374 1956 οὐκ
2410 1902 2560 1974 ὀρθοὶ
2588 1901 2694 1955 τῶν
2739 1901 3081 1974 πραγμάτιον
3107 1903 3311 1974 κριταὶ,
3342 1900 3689 1971 καταψέγον-

2088 2011 2179 2057 τες
2214 1993 2310 2064 μὲν
2336 1993 2398 2047 τὸ
2427 1993 2651 2062 ἀγαθὸν,
2679 1992 3032 2057 ἐπαινοῦντες
3051 1993 3109 2047 δὲ
3141 1992 3202 2046 τὸ
3227 1991 3485 2064 πονηρὸν,
3529 1990 3691 2063 σοφοί

2090 2101 2149 2138 τε
2172 2080 2313 2154 ἦσαν
2342 2086 2399 2138 ὲν
2434 2084 2669 2148 ἑαυτοῖς,
2697 2084 2793 2138 καὶ
2813 2083 3045 2138 ἐνώπιον
3067 2084 3277 2150 ἑαυτῶν
3296 2084 3687 2156 ἐπιστήμονες,

2092 2175 2189 2229 καὶ
2225 2174 2363 2247 πρὸς
2389 2175 2459 2230 τὰ
2501 2175 2582 2232 ἔτι
2615 2175 2823 2231 τούτων
2879 2176 3128 2248 αἰσχίονα
3190 2174 3514 2247 βλέποντες,
3545 2175 3693 2229 δεδι-

2092 2267 2368 2322 καιώκασι
2400 2269 2499 2339 μὲν
2528 2268 2691 2322 ἕνεκα
2731 2268 2921 2342 δώρων
2948 2270 3040 2323 τὸν
3071 2268 3265 2340 ἀσεϐῆ,
3304 2269 3366 2322 τὸ
3388 2267 3447 2321 δὲ
3474 2268 3693 2323 δίκαιον

2092 2359 2187 2413 τοῦ
2209 2359 2418 2414 δικαίου
2454 2352 2645 2416 ἔλαϐον
2665 2377 2677 2391 ’
2712 2360 2918 2415 τούτων
2939 2360 3099 2415 ἕνεκα
3120 2358 3431 2423 «meo;
3450 2358 3694 2413 εὐκατά-

2097 2466 2340 2523 πρηστος
2389 2451 2513 2524 ὕλη,
2572 2454 2668 2507 καὶ
2718 2454 2972 2525 καλάμης
3023 2453 3199 2523 δίκην,
3245 2452 3416 2523 πυρὸς
3472 2450 3692 2508 ἔσονται

2094 2541 2291 2614 τροφὴ,
2319 2543 2414 2596 καὶ
2443 2543 2640 2614 φλόγες
2666 2544 2860 2604 αὐτοὺς
2889 2544 3169 2616 ἁνειμέναι
3203 2542 3693 2616 κατανεμηθήσον-

2095 2650 2219 2701 ται,
2258 2635 2333 2699 ὡς
2373 2635 2509 2706 ὁμοῦ
2540 2639 2659 2699 ταῖς
2705 2635 2882 2706 ῥίζαις
2913 2636 3036 2699 τοὺς
3072 2633 3134 2700 ἐξ
3158 2635 3336 2689 αὐτῶν
3367 2634 3696 2707 δαπανηθῆ-

2096 2743 2186 2781 ναι
2215 2728 2460 2799 καρποὺς
2482 2769 2496 2794 ,
2527 2727 2671 2781 τοῦτ’
2726 2727 2862 2793 ἔστι,
2914 2727 3280 2783 συνδιολέσθαι
3308 2730 3422 2793 τοῖς
3469 2730 3696 2784 τεκοῦσι

2097 2818 2168 2875 τὰ
2215 2819 2275 2885 ἐξ
2311 2820 2532 2888 αὐτῶν,
2599 2821 2691 2874 καὶ
2744 2822 2821 2885 ὡς
2862 2821 2990 2893 χοῦν
3021 2823 3055 2895 ἢ
3088 2821 3235 2877 κόνιν
3297 2822 3692 2896 ῥαγδαιοτάτου

2099 2912 2412 2985 πνεύματος
2436 2912 2847 2986 διαριπισθῆναι
2897 2913 3245 2986 προσϐολαῖς.
3288 2914 3616 2987 Ἀνειμένην
3637 2912 3692 2967 δὲ

408 3013 514 3063 est.
540 3001 901 3059 lnciditeuim
938 3003 1270 3071 quandoque
1292 3000 1432 3070 ignis
1469 3008 1524 3054 et
1553 2999 1608 3053 in
1639 3006 1902 3066 segetem,
1943 3002 1995 3051 et

2101 3006 2275 3077 φλόγα
2312 3007 2446 3079 φησὶ
2472 3007 2570 3080 τὴν
2612 3008 2705 3063 ὑπ’
2758 3006 2973 3073 οὐδενὸς
3024 3006 3414 3079 σϐεννυμένην.
3480 3008 3693 3079 Ἐμπέ-

409 3097 673 3163 invites,
722 3110 826 3149 non
874 3102 1055 3147 tamen
1103 3093 1489 3155 incenduntur,
1515 3090 1641 3161 quia
1686 3088 1839 3144 multi
1877 3101 2003 3144 suc-

2100 3114 2286 3152 πτωκε
2345 3097 2443 3169 μὲν
2480 3097 2590 3171 γὰρ
2632 3097 2665 3171 ἦ
2705 3097 2878 3170 ληῒοις
2933 3098 3101 3171 ἤγουν
3139 3097 3409 3169 ἀμπέλοις
3456 3096 3575 3152 ἔσθ’
3605 3101 3695 3155 ὅτε

412 3190 662 3246 currunt,
700 3194 800 3235 nec
827 3177 1009 3233 sinunt
1049 3193 1176 3233 eum
1199 3178 1555 3245 invalescere,
1588 3184 1830 3246 ntagros
1851 3174 1995 3233 nullo

2099 3150 2384 3257 signa
2411 3150 2474 3239 ἀι
2492 3150 3090 3260 ’γέγοᾷεᾲ“ἓι4η’μι.ὲξρὲιζ
3126 3150 3513 3260 causam.
3535 3150 3694 3244 si:

412 3272 738 3343 prohibente
770 3271 1144 3341 depopuletur.
1161 3266 1430 3324 Caeterum
1462 3268 1510 3324 si
1540 3266 1720 3322 nullus
1753 3266 1992 3335 laborat,

415 3378 517 3419 nec
554 3362 785 3417 ulterius
810 3375 1031 3417 cursum
1067 3359 1301 3414 ﬂamma:
1330 3358 1578 3429 impedit,
1614 3369 1742 3413 tunc
1769 3372 1998 3414 accensa

413 3456 543 3521 erit,
593 3463 649 3509 et
703 3454 899 3519 libera,
943 3463 999 3507 et
1056 3450 1323 3509 effrenate
1370 3450 1734 3521 quodcunque
1780 3449 1998 3506 obvium

415 3542 662 3599 invadet.
706 3540 886 3609 Quare
921 3538 1029 3596 Deo
1078 3540 1448 3611 omnipotente
1506 3537 1720 3595 bellicis
1770 3540 2000 3595 calami-

420 3637 622 3694 tatibus
662 3649 758 3690 eos
818 3633 1129 3704 objiciente,
1198 3639 1256 3688 et
1309 3640 1663 3689 sacrosancto
1743 3629 2001 3702 sun‘ragio

416 3728 713 3792 tuultante,
758 3741 881 3780 cum
931 3714 1110 3780 nullus
1148 3724 1390 3782 omnium
1448 3724 1762 3781 subveniret
1807 3742 1823 3781 :
1875 3724 2001 3783 hinc

418 3834 703 3877 accensam
753 3817 948 3886 facem,
998 3817 1205 3889 optimo
1238 3818 1365 3888 jure
1409 3818 1545 3873 iram
1600 3819 1866 3876 nominat.
1933 3817 2003 3875 Ut

417 3915 561 3970 enim
595 3913 790 3969 beatus
812 3911 986 3968 Moses
1013 3912 1131 3966 ait:
1169 3928 1189 3962 ι
1222 3909 1363 3966 Deus
1389 3920 1573 3966 noster
1604 3911 1743 3981 ignis
1804 3924 1999 3967 consu-

420 4020 576 4063 mens
619 4012 725 4060 est.
770 4004 838 4058 Et
879 4004 925 4059 si
945 4002 1201 4057 clauserit
1266 4013 1459 4058 contra
1512 4003 1808 4070 hominem,
1878 4003 2002 4073 quis

419 4097 711 4169 aperiet“!
746 4115 765 4148 ι
800 4094 894 4151 His
958 4096 1121 4167 igitur
1167 4094 1388 4150 divinus
1447 4094 1613 4149 David
1665 4096 1865 4150 accinit
1896 4095 2005 4150 ἰιι-

418 4207 552 4248 cens
582 4208 597 4245 :
631 4207 651 4243 t
686 4189 766 4245 Tu
809 4187 1198 4255 formidabilis,
1222 4200 1255 4241 ο
1284 4185 1535 4251 Domine,
1568 4188 1757 4255 ecquis
1787 4184 2003 4241 resistet

422 4286 522 4341 tibi
547 4283 609 4338 ’?
653 4303 674 4337 ι
707 4281 970 4339 Omnibus
992 4278 1157 4350 igitur
1202 4277 1409 4334 viribus
1449 4276 1749 4348 eﬂ‘ugiettda
1777 4286 1860 4332 est
1888 4276 2004 4332 Itth

422 4378 525 4441 ira,
570 4386 756 4446 utpote
785 4371 1045 4429 terribilis
1074 4380 1129 4425 ct
1160 4367 1504 4424 inevitabilis.
1538 4365 1721 4437 Itaque
1747 4368 2005 4423 docemur

2096 3273 2226 3340 λῶν,
2272 3274 2368 3328 καὶ
2405 3275 2722 3347 προσελθεῖν
2753 3277 2854 3331 οὐκ
2887 3276 3123 3344 ἐώντων,
3165 3276 3289 3333 οὔτε
3323 3277 3430 3350 μὴν
3456 3279 3695 3335 ἁδιακω-

2097 3365 2273 3433 λύτως
2314 3368 2717 3438 κατανέμεσθαι
2741 3371 2867 3434 τοὺς
2900 3370 3125 3441 ἀγρούς.
3165 3370 3463 3436 Πονοῦντος
3491 3370 3551 3425 δὲ
3598 3372 3692 3426 oft-

2098 3458 2264 3524 δενὸς,
2316 3458 2487 3530 ἤγουν
2522 3460 2919 3527 ἁνακόπτοντος
2945 3463 3035 3517 τὸν
3065 3463 3324 3518 ἐπέκεινα
3364 3463 3567 3538 δρόμον
3595 3465 3694 3538 τῆς

2101 3548 2318 3619 φλογὸς,
2356 3550 2479 3604 τότε
2524 3550 2588 3623 δὴ
2636 3551 2754 3606 τότε
2794 3556 2887 3607 καὶ
2936 3554 3230 3628 ἀνημμένη
3275 3573 3361 3620 τις
3400 3555 3555 3610 ἔσται
3600 3560 3694 3610 καὶ

2100 3643 2318 3711 ἄφετος,
2373 3641 2470 3696 καὶ
2525 3643 2777 3714 ἀχάλινος
2838 3640 2974 3699 οὖσα
3037 3646 3176 3718 πρὸς
3231 3647 3341 3702 πᾶν
3379 3645 3561 3702 ὁτιοῦν
3585 3647 3693 3702 τῶν

2102 3732 2542 3805 παρακειμένων.
2574 3734 2782 3790 Οὐκοῦν
2810 3736 3110 3809 ἐπειδήπερ
3153 3738 3275 3802 ταῖς
3317 3736 3412 3792 τοῦ
3451 3738 3691 3810 πολέμου

2103 3828 2412 3897 συμφοραῖς
2438 3825 2803 3897 ὑποφέροντος
2836 3828 3035 3893 αὐτοὺς
3070 3828 3166 3882 τοῦ
3200 3830 3380 3884 πάντα
3416 3829 3693 3902 ἰσχύοντος

2100 3913 2257 3983 Θεοῦ,
2292 3917 2385 3971 καὶ
2425 3919 2548 3990 ὁσία
2584 3919 2749 3993 ψήφῳ
2786 3921 3130 3988 κολάζοντος,
3187 3922 3364 3988 οὐδεὶς
3414 3924 3690 3989 παντελῶς

2101 4008 2396 4079 ὲπαμύνων
2415 4004 2484 4081 ἦν
2501 4028 2515 4041 ·
2539 4011 2712 4085 ταύτῃ
2734 4029 2814 4066 τοι
2838 4014 2930 4067 καὶ
2960 4014 3102 4088 μάλα
3125 4015 3352 4079 εἰκότως
3370 4015 3693 4087 ἁνημμένην

2103 4096 2278 4167 φλόγά
2302 4096 2400 4170 τὴν
2427 4099 2595 4171 ὀργὴν
2624 4100 2901 4172 ὀνομάζει.
2947 4104 3035 4167 Ὠς
3062 4103 3172 4176 γάρ
3212 4122 3379 4177 φησιν
3416 4105 3445 4158 6
3501 4107 3687 4176 μακά·

2106 4204 2220 4259 ριος
2263 4188 2466 4261 Μωσῆς
2494 4206 2507 4220 ο
2553 4208 2573 4242 ι
2646 4191 2704 4245 ’0
2760 4193 2894 4259 Θεὸς
2930 4194 3090 4267 ἡμῶν
3133 4194 3244 4268 πῦρ
3294 4194 3689 4251 καταναλίσκον

2102 4279 2273 4346 ἐστὶν,
2305 4281 2401 4334 καὶ
2428 4282 2522 4336 saw
2562 4281 2750 4357 κλείσῃ
2766 4284 2909 4338 κατὰ
2952 4284 3266 4358 ἀνθρώπου,
3299 4287 3384 4351 τίς
3405 4287 3686 4355 ἀνοίξεις»

2103 4371 2215 4424 Καὶ
2266 4370 2426 4425 τοῦτο
2478 4372 2635 4439 εἰδὼς
2667 4377 2696 4429 6
2733 4374 3021 4442 θεσπέσιος
3065 4377 3232 4433 Δαϐὶδ
3276 4376 3505 4449 ψάλλειο
3546 4395 3567 4429 s
3620 4379 3690 4432 Σὺ

421 4469 477 4523 in
503 4467 756 4537 precibus
782 4466 1003 4520 dicere:
1033 4482 1052 4516 t
1091 4461 1340 4529 Domine,
1373 4474 1440 4515 ne
1463 4459 1518 4515 in
1541 4459 1726 4515 furore
1750 4467 1842 4514 tuo
1881 4460 1995 4514 red-

2108 4464 2338 4538 φοϐερὸς
2376 4460 2448 4530 εἴ,
2490 4467 2585 4521 καὶ
2630 4466 2714 4533 τίς
2762 4469 3143 4543 ἀντιστήσεται
3206 4488 3288 4525 σοι
3320 4471 3430 4526 ἀπὸ
3466 4472 3564 4543 τῆς
3598 4474 3689 4541 ὀρ-

398 4571 622 4628 -arguas
649 4571 755 4622 me,
786 4570 888 4610 nec
931 4556 1012 4609 ira
1053 4564 1145 4609 tua
1178 4554 1409 4624 castiges
1454 4567 1539 4608 me
1571 4551 1612 4608 ³.
1649 4570 1669 4605 ι
1713 4549 1829 4606 Non
1855 4552 1995 4605 enim

2106 4560 2209 4630 γῆς
2263 4575 2390 4626 σους
2425 4578 2444 4611 ι
2501 4561 2621 4633 Χρὴ
2663 4556 2756 4616 οῦν
2790 4562 2900 4633 ἄρα
2947 4565 3109 4618 παντὶ
3162 4562 3341 4619 σθένει
3377 4564 3692 4635 χρωμένους

423 4648 682 4704 acerbum
736 4654 823 4701 est
853 4644 1132 4717 castigari,
1167 4645 1264 4701 sed
1288 4660 1358 4699 ex
1400 4643 1481 4698 ira
1540 4643 1695 4715 quasi
1728 4652 1782 4698 et
1814 4641 1995 4697 furore

2108 4651 2488 4721 παραιτεῖσθαι
2509 4653 2608 4723 τὴν
2628 4652 2821 4726 ὀργήν·
2852 4655 3081 4729 φοϐερὸν
3109 4656 3218 4732 γὰρ
3254 4658 3313 4711 τὸ
3357 4657 3568 4731 χρῆμα,
3601 4657 3691 4711 καὶ

425 4744 479 4802 id
509 4751 702 4798 contra
752 4755 852 4798 nos
877 4739 1019 4808 ﬁeri,
1051 4748 1106 4795 et
1156 4738 1444 4795 molestum
1476 4746 1582 4804 est,
1629 4747 1684 4794 et
1744 4735 1995 4793 intolera«

2105 4741 2517 4822 δυσδιάφυκτον·
2566 4745 2661 4800 καὶ
2691 4745 2822 4814 γοῦν
2851 4746 3210 4820 δεδιδάγμεθα
3232 4749 3412 4820 λέγειν
3440 4752 3499 4804 ὲν
3528 4767 3692 4822 προσ-

422 4835 555 4894 ιιίιο.
602 4834 695 4890 Sic
735 4843 790 4890 et
840 4831 1134 4903 propheta:
1180 4851 1200 4885 ι
1231 4832 1471 4902 Castiga,
1522 4850 1542 4885 ι
1576 4830 1773 4903 inquit,
1829 4848 1851 4885 ι
1883 4847 1995 4895 nosI

2104 4837 2324 4904 ευχαῖς·
2381 4852 2399 4885 t
2442 4818 2640 4906 Κύριε,
2703 4837 2779 4909 μὴ
2822 4838 2900 4909 τῷ
2948 4818 3106 4912 eum;
3156 4857 3248 4895 σου
3299 4818 3527 4917 ἐλέγξῃς
3575 4818 3685 4914 με,

426 4928 679 4995 Domine,
708 4940 899 4983 verum
926 4925 981 4981 in
1013 4922 1244 4994 judicio,
1278 4939 1386 4979 non
1410 4924 1465 4979 in
1493 4922 1718 4981 furore:
1793 4937 1860 4979 ne
1905 4937 1995 4979 nos

2110 4924 2247 4996 μηδὲ
2267 4927 2332 4997 τῇ
2359 4924 2496 4998 ὀργῇ
2533 4941 2625 4980 σου
2650 4926 2946 5001 παιδεύσῃς
2971 4946 3060 5000 με.
3102 4950 3123 4985 s
3156 4932 3229 4986 Οὐ
3257 4931 3365 5009 γὰρ
3391 4932 3559 5000 ἐστιν,
3591 4934 3689 4986 οὐκ

427 5023 497 5080 ad
520 5034 804 5079 numerum
829 5015 1217 5090 paucissimum
1244 5016 1478 5084 redigas.
1518 5034 1536 5068 ο

2108 5016 2254 5072 ἔστιν
2295 5018 2357 5071 τὸ
2396 5017 2748 5075 παιδεύεσθαι
2776 5020 3035 5093 χαλεπόν.
3061 5024 3323 5097 Φορτικὸν
3345 5025 3404 5079 δὲ
3438 5024 3534 5081 καὶ
3561 5025 3690 5079 δύο.

420 5132 633 5184 οιστον,
662 5117 726 5174 τὸ
770 5118 828 5173 ὲν
873 5116 1012 5186 ὀργῇ
1051 5112 1145 5168 καὶ
1189 5109 1349 5184 θυμῷ
1391 5109 1551 5167 τοῦτο
1586 5110 1925 5185 πράττεσθαι
1967 5112 2089 5167 καθ’
2120 5112 2281 5186 ἡμῶν
2309 5129 2324 5143 ’
2362 5112 2505 5169 οὕτω
2543 5115 2639 5170 καὶ
2678 5118 2708 5172 6
2755 5119 3041 5193 προφήτης
3081 5120 3306 5191 ἔλεγεν·
3342 5140 3362 5174 t
3400 5122 3693 5177 Παίδευσον

428 5215 597 5283 ἡμᾶς,
642 5213 837 5285 Κύριε,
873 5209 1012 5282 πλὴν
1040 5209 1098 5263 ὲν
1131 5206 1334 5280 κρίσει,
1364 5207 1459 5262 καὶ
1505 5205 1583 5278 μὴ
1634 5206 1693 5259 ὲν
1728 5203 1907 5277 θυμῷ,
1948 5206 2036 5260 ἵνα
2077 5206 2154 5278 μὴ
2188 5204 2403 5276 ὀλίγους
2449 5209 2599 5281 ἡμᾶς
2634 5209 2889 5283 ποιήσῃς.
2929 5229 2950 5264 s

494 5302 809 5358 Vsus.25.N
815 5318 884 5356 on
900 5301 1038 5356 enim
1054 5300 1329 5355 voluerunt
1346 5297 1505 5368 legem
1524 5296 1733 5351 Domini
1748 5294 2008 5363 Sabaoth,

428 5395 520 5450 sed
551 5397 824 5449 oraculum
856 5393 1026 5450 sancti
1064 5390 1285 5448 Israelis
1310 5390 1613 5444 irritarunt.
1672 5386 1740 5441 Et
1776 5403 2008 5442 commo-

428 5494 514 5541 tus
542 5497 617 5538 est
639 5486 817 5553 lurore
846 5484 1100 5539 Dominus
1139 5482 1374 5539 Sabaoth
1417 5483 1472 5535 in
1503 5477 1753 5551 papulum
1816 5496 2006 5545 suum,

428 5589 477 5634 et
505 5575 683 5645 injecit
708 5590 921 5628 manum
945 5577 1001 5630 in
1022 5592 1133 5642 eos,
1167 5586 1214 5630 ct
1235 5577 1492 5646 percussit
1515 5589 1624 5637 eos,
1647 5582 1694 5627 et
1711 5571 2008 5628 exacerbati

508 5730 528 5763 ¹
552 5730 715 5790 Deut.
747 5743 823 5797 tv,
855 5727 947 5783 24.
1022 5731 1043 5762 ¹
1069 5727 1212 5783 Psal.
1248 5728 1500 5795 usus.
1580 5727 1600 5759 ⁸
1626 5726 1769 5785 Psal.
1809 5741 1882 5795 vt,
1913 5726 1967 5783 2.

2188 5300 2272 5353 οὺ
2299 5298 2414 5370 γὰρ
2452 5299 2768 5371 ἠθέλησαν
2791 5304 2899 5359 τόν
2919 5305 3111 5375 νόμον
3157 5307 3382 5376 Κυρίου
3426 5306 3690 5367 Σαϐαὼθ.

2116 5390 2276 5447 ἀλλὰ
2323 5392 2391 5446 τὸ
2433 5393 2643 5462 λόγιον
2671 5393 2780 5450 τοῦ
2803 5394 2977 5465 ἁγίου
3021 5396 3270 5467 Ἰσραὴλ
3312 5398 3688 5467 παρώξυναν.

2113 5481 2224 5537 Kal
2259 5480 2529 5552 ἐθυμώθη
2563 5482 2712 5555 ὀργῆ
2741 5484 2956 5553 Κύριος
2982 5484 3228 5542 Σαϐαὼθ
3256 5487 3355 5541 ἐπὶ
3394 5488 3504 5542 τὸν
3542 5487 3693 5542 λαὸν

2114 5572 2326 5638 αὑτοῦ,
2350 5575 2449 5630 καί
2480 5575 2736 5633 ἐπέϐαλε
2768 5576 2886 5646 τὴν
2917 5576 3089 5651 χεῖρα
3116 5578 3307 5635 αὐτοῦ
3329 5579 3425 5634 ἐπ’
3449 5579 3691 5645 αὐτοὺς.
