  <div class='ocr_page' id='page_1' title='image "/cluster/home/n/w/nwhite01/storage/ocr_20150623/70/hvd.32044073501991/089.png"; bbox 0 0 4032 6214; ppageno 0'>
   <div class='ocr_carea' id='block_1_1' title="bbox 401 316 505 372">
    <p class='ocr_par' dir='ltr' id='par_1_1' title="bbox 401 316 505 372">
     <span class='ocr_line' id='line_1_1' title="bbox 401 316 505 372; baseline 0 0"><span class='ocrx_word' id='word_1_1' title='bbox 401 316 505 372; x_wconf 73' lang='grc' dir='ltr'><strong>Ιθτ</strong></span> 
     </span>
    </p>
   </div>
   <div class='ocr_carea' id='block_1_2' title="bbox 1403 309 2674 371">
    <p class='ocr_par' dir='ltr' id='par_1_2' title="bbox 1403 309 2674 371">
     <span class='ocr_line' id='line_1_2' title="bbox 1403 309 2674 371; baseline -0.006 0"><span class='ocrx_word' id='word_1_2' title='bbox 1403 314 1464 371; x_wconf 73' lang='grc'><em>8.</em></span> <span class='ocrx_word' id='word_1_3' title='bbox 1505 311 1790 368; x_wconf 67' lang='grc' dir='ltr'><em>οῖιξιιιι</em></span> <span class='ocrx_word' id='word_1_4' title='bbox 1829 310 2305 368; x_wconf 69' lang='lat' dir='ltr'><strong>ALEXANDRINI</strong></span> <span class='ocrx_word' id='word_1_5' title='bbox 2348 310 2466 366; x_wconf 77' lang='lat' dir='ltr'><strong>AR.</strong></span> <span class='ocrx_word' id='word_1_6' title='bbox 2493 309 2674 367; x_wconf 78' lang='lat' dir='ltr'><strong>IIIEP.</strong></span> 
     </span>
    </p>
   </div>
   <div class='ocr_carea' id='block_1_3' title="bbox 3593 312 3698 371">
    <p class='ocr_par' dir='ltr' id='par_1_3' title="bbox 3593 312 3698 371">
     <span class='ocr_line' id='line_1_3' title="bbox 3593 312 3698 371; baseline 0.019 -3"><span class='ocrx_word' id='word_1_7' title='bbox 3593 312 3698 371; x_wconf 73' lang='lat'><strong>168</strong></span> 
     </span>
    </p>
   </div>
   <div class='ocr_carea' id='block_1_4' title="bbox 400 422 1978 509">
    <p class='ocr_par' dir='ltr' id='par_1_4' title="bbox 400 429 1978 500">
     <span class='ocr_line' id='line_1_4' title="bbox 400 429 1978 500; baseline -0.002 -14"><span class='ocrx_word' id='word_1_8' title='bbox 400 447 659 500; x_wconf 73' lang='lat' dir='ltr'><strong>equorum</strong></span> <span class='ocrx_word' id='word_1_9' title='bbox 707 447 890 488; x_wconf 80' lang='lat' dir='ltr'><strong>eorum</strong></span> <span class='ocrx_word' id='word_1_10' title='bbox 922 439 978 487; x_wconf 81' lang='grc' dir='ltr'><strong>ιιι</strong></span> <span class='ocrx_word' id='word_1_11' title='bbox 1014 430 1187 486; x_wconf 75' lang='lat' dir='ltr'><strong>stlido</strong></span> <span class='ocrx_word' id='word_1_12' title='bbox 1233 439 1384 500; x_wconf 84' lang='lat' dir='ltr'><strong>petra</strong></span> <span class='ocrx_word' id='word_1_13' title='bbox 1413 429 1641 499; x_wconf 74' lang='lat' dir='ltr'><strong>reputari</strong></span> <span class='ocrx_word' id='word_1_14' title='bbox 1673 439 1827 482; x_wconf 76' lang='lat' dir='ltr'><strong>sunt:</strong></span> <span class='ocrx_word' id='word_1_15' title='bbox 1864 440 1978 483; x_wconf 80' lang='lat' dir='ltr'><strong>rata</strong></span> 
     </span>
    </p>
   </div>
   <div class='ocr_carea' id='block_1_5' title="bbox 2081 422 3699 509">
    <p class='ocr_par' dir='ltr' id='par_1_5' title="bbox 2094 422 3699 499">
     <span class='ocr_line' id='line_1_5' title="bbox 2094 422 3699 499; baseline -0.001 -14"><span class='ocrx_word' id='word_1_16' title='bbox 2094 430 2497 499; x_wconf 72' lang='grc' dir='ltr'><em>ὑποδημάτων</em></span> <span class='ocrx_word' id='word_1_17' title='bbox 2516 429 2738 494; x_wconf 77' lang='grc' dir='ltr'><em>αὐτῶν,</em></span> <span class='ocrx_word' id='word_1_18' title='bbox 2763 422 2851 482; x_wconf 77' lang='grc' dir='ltr'><em>ὧν</em></span> <span class='ocrx_word' id='word_1_19' title='bbox 2892 429 2964 482; x_wconf 74' lang='grc' dir='ltr'><em>τὰ</em></span> <span class='ocrx_word' id='word_1_20' title='bbox 3000 429 3162 497; x_wconf 66' lang='grc' dir='ltr'><strong>βέλη</strong></span> <span class='ocrx_word' id='word_1_21' title='bbox 3192 430 3337 496; x_wconf 69' lang='grc' dir='ltr'><strong>ὀξέα</strong></span> <span class='ocrx_word' id='word_1_22' title='bbox 3384 428 3542 496; x_wconf 74' lang='lat' dir='ltr'><strong>tmt,</strong></span> <span class='ocrx_word' id='word_1_23' title='bbox 3593 432 3699 486; x_wconf 77' lang='grc' dir='ltr'><em>και</em></span> 
     </span>
    </p>
   </div>
   <div class='ocr_carea' id='block_1_6' title="bbox 400 520 1988 596">
    <p class='ocr_par' dir='ltr' id='par_1_6' title="bbox 400 520 1988 596">
     <span class='ocr_line' id='line_1_6' title="bbox 400 520 1988 596; baseline -0.003 -17"><span class='ocrx_word' id='word_1_24' title='bbox 400 541 653 579; x_wconf 83' lang='lat' dir='ltr'><strong>curruum</strong></span> <span class='ocrx_word' id='word_1_25' title='bbox 710 527 944 596; x_wconf 79' lang='lat' dir='ltr'><strong>ipsorum</strong></span> <span class='ocrx_word' id='word_1_26' title='bbox 994 522 1150 592; x_wconf 83' lang='lat' dir='ltr'><strong>quasi</strong></span> <span class='ocrx_word' id='word_1_27' title='bbox 1204 530 1503 591; x_wconf 79' lang='lat' dir='ltr'><strong>tempestas.</strong></span> <span class='ocrx_word' id='word_1_28' title='bbox 1568 520 1787 574; x_wconf 85' lang='lat' dir='ltr'><strong>Irruunt</strong></span> <span class='ocrx_word' id='word_1_29' title='bbox 1835 521 1988 590; x_wconf 81' lang='lat' dir='ltr'><strong>quasi</strong></span> 
     </span>
    </p>
   </div>
   <div class='ocr_carea' id='block_1_7' title="bbox 400 609 1996 686">
    <p class='ocr_par' dir='ltr' id='par_1_7' title="bbox 400 609 1996 686">
     <span class='ocr_line' id='line_1_7' title="bbox 400 609 1996 686; baseline -0.003 -18"><span class='ocrx_word' id='word_1_30' title='bbox 400 617 597 679; x_wconf 73' lang='lat' dir='ltr'><strong>leones,</strong></span> <span class='ocrx_word' id='word_1_31' title='bbox 642 626 689 671; x_wconf 85' lang='lat' dir='ltr'><strong>et</strong></span> <span class='ocrx_word' id='word_1_32' title='bbox 728 618 1010 670; x_wconf 79' lang='lat' dir='ltr'><strong>astiterunt</strong></span> <span class='ocrx_word' id='word_1_33' title='bbox 1043 614 1197 686; x_wconf 83' lang='lat' dir='ltr'><strong>quasi</strong></span> <span class='ocrx_word' id='word_1_34' title='bbox 1233 612 1443 667; x_wconf 79' lang='lat' dir='ltr'><strong>catulus</strong></span> <span class='ocrx_word' id='word_1_35' title='bbox 1473 611 1661 666; x_wconf 79' lang='lat' dir='ltr'><strong>leonis.</strong></span> <span class='ocrx_word' id='word_1_36' title='bbox 1703 609 1772 663; x_wconf 89' lang='lat' dir='ltr'><strong>Et</strong></span> <span class='ocrx_word' id='word_1_37' title='bbox 1808 627 1996 680; x_wconf 82' lang='lat' dir='ltr'><strong>appre-</strong></span> 
     </span>
    </p>
   </div>
   <div class='ocr_carea' id='block_1_8' title="bbox 402 704 1992 776">
    <p class='ocr_par' dir='ltr' id='par_1_8' title="bbox 402 704 1992 776">
     <span class='ocr_line' id='line_1_8' title="bbox 402 704 1992 776; baseline -0.002 -16"><span class='ocrx_word' id='word_1_38' title='bbox 402 710 592 762; x_wconf 62' lang='lat' dir='ltr'><strong>hendat</strong></span> <span class='ocrx_word' id='word_1_39' title='bbox 612 719 658 761; x_wconf 80' lang='lat' dir='ltr'><strong>et</strong></span> <span class='ocrx_word' id='word_1_40' title='bbox 680 707 1055 776; x_wconf 78' lang='lat' dir='ltr'><strong>vociferabitnr</strong></span> <span class='ocrx_word' id='word_1_41' title='bbox 1068 707 1220 776; x_wconf 78' lang='lat' dir='ltr'><strong>quasi</strong></span> <span class='ocrx_word' id='word_1_42' title='bbox 1240 704 1378 772; x_wconf 79' lang='lat' dir='ltr'><strong>fera,</strong></span> <span class='ocrx_word' id='word_1_43' title='bbox 1401 712 1451 759; x_wconf 85' lang='lat' dir='ltr'><strong><em>et</em></strong></span> <span class='ocrx_word' id='word_1_44' title='bbox 1475 704 1675 774; x_wconf 79' lang='lat' dir='ltr'><strong>injiciet</strong></span> <span class='ocrx_word' id='word_1_45' title='bbox 1690 720 1765 770; x_wconf 78' lang='lat' dir='ltr'><strong>se,</strong></span> <span class='ocrx_word' id='word_1_46' title='bbox 1785 719 1878 756; x_wconf 83' lang='lat' dir='ltr'><strong>nec</strong></span> <span class='ocrx_word' id='word_1_47' title='bbox 1893 704 1992 757; x_wconf 80' lang='lat' dir='ltr'><strong>erit</strong></span> 
     </span>
    </p>
   </div>
   <div class='ocr_carea' id='block_1_9' title="bbox 401 795 1992 870">
    <p class='ocr_par' dir='ltr' id='par_1_9' title="bbox 401 795 1992 870">
     <span class='ocr_line' id='line_1_9' title="bbox 401 795 1992 870; baseline -0.003 -16"><span class='ocrx_word' id='word_1_48' title='bbox 401 803 493 870; x_wconf 79' lang='lat' dir='ltr'><strong>qui</strong></span> <span class='ocrx_word' id='word_1_49' title='bbox 538 801 752 863; x_wconf 76' lang='lat' dir='ltr'><strong>eripiat.</strong></span> <span class='ocrx_word' id='word_1_50' title='bbox 809 799 879 853; x_wconf 81' lang='lat' dir='ltr'><strong>Et</strong></span> <span class='ocrx_word' id='word_1_51' title='bbox 923 800 1297 868; x_wconf 81' lang='lat' dir='ltr'><strong>vocifernbitnr</strong></span> <span class='ocrx_word' id='word_1_52' title='bbox 1336 806 1550 867; x_wconf 82' lang='lat' dir='ltr'><strong>propter</strong></span> <span class='ocrx_word' id='word_1_53' title='bbox 1584 798 1726 866; x_wconf 81' lang='lat' dir='ltr'><strong>ipsos</strong></span> <span class='ocrx_word' id='word_1_54' title='bbox 1752 797 1840 850; x_wconf 82' lang='lat' dir='ltr'><strong>die</strong></span> <span class='ocrx_word' id='word_1_55' title='bbox 1875 795 1992 860; x_wconf 84' lang='lat' dir='ltr'><strong>illo,</strong></span> 
     </span>
    </p>
   </div>
   <div class='ocr_carea' id='block_1_10' title="bbox 401 889 1989 960">
    <p class='ocr_par' dir='ltr' id='par_1_10' title="bbox 401 889 1989 960">
     <span class='ocr_line' id='line_1_10' title="bbox 401 889 1989 960; baseline -0.004 -13"><span class='ocrx_word' id='word_1_56' title='bbox 401 902 459 947; x_wconf 81' lang='lat' dir='ltr'><strong>ut</strong></span> <span class='ocrx_word' id='word_1_57' title='bbox 485 895 690 947; x_wconf 84' lang='lat' dir='ltr'><strong>sonitus</strong></span> <span class='ocrx_word' id='word_1_58' title='bbox 742 894 903 946; x_wconf 83' lang='lat' dir='ltr'><strong>maris</strong></span> <span class='ocrx_word' id='word_1_59' title='bbox 928 891 1259 954; x_wconf 75' lang='lat' dir='ltr'><strong>inundantia,</strong></span> <span class='ocrx_word' id='word_1_60' title='bbox 1286 900 1333 945; x_wconf 82' lang='lat' dir='ltr'><strong><em>et</em></strong></span> <span class='ocrx_word' id='word_1_61' title='bbox 1362 889 1649 960; x_wconf 69' lang='lat' dir='ltr'><strong>inspiciam</strong></span> <span class='ocrx_word' id='word_1_62' title='bbox 1675 889 1731 942; x_wconf 84' lang='lat' dir='ltr'><strong>in</strong></span> <span class='ocrx_word' id='word_1_63' title='bbox 1767 896 1989 952; x_wconf 77' lang='lat' dir='ltr'><strong>terram,</strong></span> 
     </span>
    </p>
   </div>
   <div class='ocr_carea' id='block_1_11' title="bbox 400 983 1503 1057">
    <p class='ocr_par' dir='ltr' id='par_1_11' title="bbox 400 983 1503 1057">
     <span class='ocr_line' id='line_1_11' title="bbox 400 983 1503 1057; baseline -0.005 -17"><span class='ocrx_word' id='word_1_64' title='bbox 400 997 448 1040; x_wconf 81' lang='lat' dir='ltr'><strong>et</strong></span> <span class='ocrx_word' id='word_1_65' title='bbox 483 1003 599 1042; x_wconf 80' lang='lat' dir='ltr'><strong>ecce</strong></span> <span class='ocrx_word' id='word_1_66' title='bbox 614 987 784 1057; x_wconf 84' lang='lat' dir='ltr'><strong>caligo</strong></span> <span class='ocrx_word' id='word_1_67' title='bbox 818 996 953 1040; x_wconf 78' lang='lat' dir='ltr'><strong>tetra</strong></span> <span class='ocrx_word' id='word_1_68' title='bbox 988 985 1044 1039; x_wconf 83' lang='lat' dir='ltr'><strong>in</strong></span> <span class='ocrx_word' id='word_1_69' title='bbox 1068 999 1249 1039; x_wconf 84' lang='lat' dir='ltr'><strong>eorum</strong></span> <span class='ocrx_word' id='word_1_70' title='bbox 1278 983 1503 1053; x_wconf 71' lang='lat' dir='ltr'><strong>inopia.,</strong></span> 
     </span>
    </p>
   </div>
   <div class='ocr_carea' id='block_1_12' title="bbox 2096 521 3699 590">
    <p class='ocr_par' dir='ltr' id='par_1_12' title="bbox 2096 521 3699 590">
     <span class='ocr_line' id='line_1_12' title="bbox 2096 521 3699 590; baseline 0.001 -15"><span class='ocrx_word' id='word_1_71' title='bbox 2096 524 2168 578; x_wconf 82' lang='grc' dir='ltr'><em>τὰ</em></span> <span class='ocrx_word' id='word_1_72' title='bbox 2213 523 2360 587; x_wconf 73' lang='grc' dir='ltr'><em>τόξα</em></span> <span class='ocrx_word' id='word_1_73' title='bbox 2391 521 2591 576; x_wconf 74' lang='grc' dir='ltr'><em>αὐτῶν</em></span> <span class='ocrx_word' id='word_1_74' title='bbox 2611 521 2991 590; x_wconf 77' lang='grc' dir='ltr'><em>ἐντεταμένα.</em></span> <span class='ocrx_word' id='word_1_75' title='bbox 3023 524 3087 574; x_wconf 79' lang='lat' dir='ltr'><strong>Ol</strong></span> <span class='ocrx_word' id='word_1_76' title='bbox 3127 521 3313 589; x_wconf 79' lang='grc' dir='ltr'><em>πόδες</em></span> <span class='ocrx_word' id='word_1_77' title='bbox 3335 521 3457 578; x_wconf 78' lang='grc' dir='ltr'><em>τῶν</em></span> <span class='ocrx_word' id='word_1_78' title='bbox 3493 523 3699 577; x_wconf 71' lang='grc' dir='ltr'><em>ἵππων</em></span> 
     </span>
    </p>
   </div>
   <div class='ocr_carea' id='block_1_13' title="bbox 2092 610 3695 683">
    <p class='ocr_par' dir='ltr' id='par_1_13' title="bbox 2092 610 3695 683">
     <span class='ocr_line' id='line_1_13' title="bbox 2092 610 3695 683; baseline 0.001 -16"><span class='ocrx_word' id='word_1_79' title='bbox 2092 611 2293 667; x_wconf 80' lang='grc' dir='ltr'><em>αὐτῶν</em></span> <span class='ocrx_word' id='word_1_80' title='bbox 2319 612 2400 677; x_wconf 83' lang='grc' dir='ltr'><em>ὠς</em></span> <span class='ocrx_word' id='word_1_81' title='bbox 2436 613 2650 681; x_wconf 78' lang='grc' dir='ltr'><em>στερεὰ</em></span> <span class='ocrx_word' id='word_1_82' title='bbox 2687 610 2874 681; x_wconf 76' lang='grc' dir='ltr'><em>πέτρα</em></span> <span class='ocrx_word' id='word_1_83' title='bbox 2904 611 3354 681; x_wconf 68' lang='grc' dir='ltr'><em>ἐλογίσθησαν·</em></span> <span class='ocrx_word' id='word_1_84' title='bbox 3394 614 3450 666; x_wconf 88' lang='grc' dir='ltr'><em>οι</em></span> <span class='ocrx_word' id='word_1_85' title='bbox 3488 613 3695 683; x_wconf 75' lang='grc' dir='ltr'><em>τροχοί</em></span> 
     </span>
    </p>
   </div>
   <div class='ocr_carea' id='block_1_14' title="bbox 2093 700 3696 772">
    <p class='ocr_par' dir='ltr' id='par_1_14' title="bbox 2093 700 3696 772">
     <span class='ocr_line' id='line_1_14' title="bbox 2093 700 3696 772; baseline 0.001 -17"><span class='ocrx_word' id='word_1_86' title='bbox 2093 700 2215 755; x_wconf 80' lang='grc' dir='ltr'><em>τῶν</em></span> <span class='ocrx_word' id='word_1_87' title='bbox 2262 700 2543 771; x_wconf 74' lang='grc' dir='ltr'><em>ἁρμάτων</em></span> <span class='ocrx_word' id='word_1_88' title='bbox 2576 700 2777 756; x_wconf 80' lang='grc' dir='ltr'><em>αὐτῶν</em></span> <span class='ocrx_word' id='word_1_89' title='bbox 2814 703 2896 768; x_wconf 87' lang='grc' dir='ltr'><em>ὡς</em></span> <span class='ocrx_word' id='word_1_90' title='bbox 2925 703 3215 772; x_wconf 52' lang='lat' dir='ltr'><strong>scutata-lc.</strong></span> <span class='ocrx_word' id='word_1_91' title='bbox 3274 702 3563 772; x_wconf 83' lang='grc' dir='ltr'><em>Ὀρμῶσιν</em></span> <span class='ocrx_word' id='word_1_92' title='bbox 3612 704 3696 770; x_wconf 85' lang='grc' dir='ltr'><em>ὡς</em></span> 
     </span>
    </p>
   </div>
   <div class='ocr_carea' id='block_1_15' title="bbox 2092 794 3698 865">
    <p class='ocr_par' dir='ltr' id='par_1_15' title="bbox 2092 794 3698 865">
     <span class='ocr_line' id='line_1_15' title="bbox 2092 794 3698 865; baseline 0.002 -16"><span class='ocrx_word' id='word_1_93' title='bbox 2092 794 2357 862; x_wconf 77' lang='grc' dir='ltr'><em>λέοντες,</em></span> <span class='ocrx_word' id='word_1_94' title='bbox 2390 794 2489 848; x_wconf 78' lang='grc' dir='ltr'><em>καὶ</em></span> <span class='ocrx_word' id='word_1_95' title='bbox 2509 794 2968 862; x_wconf 73' lang='grc' dir='ltr'><strong>παρεστήκασιν</strong></span> <span class='ocrx_word' id='word_1_96' title='bbox 3001 797 3079 863; x_wconf 83' lang='grc' dir='ltr'><em>ὠς</em></span> <span class='ocrx_word' id='word_1_97' title='bbox 3114 796 3389 865; x_wconf 77' lang='grc' dir='ltr'><strong>σκύμνος</strong></span> <span class='ocrx_word' id='word_1_98' title='bbox 3418 795 3698 865; x_wconf 77' lang='grc' dir='ltr'><em>λέοντος.</em></span> 
     </span>
    </p>
   </div>
   <div class='ocr_carea' id='block_1_16' title="bbox 2091 864 3696 956">
    <p class='ocr_par' dir='ltr' id='par_1_16' title="bbox 2091 864 3696 956">
     <span class='ocr_line' id='line_1_16' title="bbox 2091 864 3696 956; baseline -0.001 -15"><span class='ocrx_word' id='word_1_99' title='bbox 2091 885 2203 942; x_wconf 80' lang='lat' dir='ltr'><strong>Kal</strong></span> <span class='ocrx_word' id='word_1_100' title='bbox 2251 885 2636 954; x_wconf 63' lang='grc' dir='ltr'><em>ἐπιλήψεται,</em></span> <span class='ocrx_word' id='word_1_101' title='bbox 2684 886 2785 939; x_wconf 80' lang='grc' dir='ltr'><strong>καί</strong></span> <span class='ocrx_word' id='word_1_102' title='bbox 2836 885 3136 952; x_wconf 80' lang='grc' dir='ltr'><strong>,βοήσεται</strong></span> <span class='ocrx_word' id='word_1_103' title='bbox 3177 864 3260 953; x_wconf 66' lang='grc' dir='ltr'><em>ὡς</em></span> <span class='ocrx_word' id='word_1_104' title='bbox 3304 864 3545 956; x_wconf 46' lang='grc' dir='ltr'><em>θηρίον,</em></span> <span class='ocrx_word' id='word_1_105' title='bbox 3592 888 3696 940; x_wconf 76' lang='grc' dir='ltr'><strong>καί</strong></span> 
     </span>
    </p>
   </div>
   <div class='ocr_carea' id='block_1_17' title="bbox 2090 977 3700 1048">
    <p class='ocr_par' dir='ltr' id='par_1_17' title="bbox 2090 977 3700 1048">
     <span class='ocr_line' id='line_1_17' title="bbox 2090 977 3700 1048; baseline 0 -16"><span class='ocrx_word' id='word_1_106' title='bbox 2090 977 2353 1045; x_wconf 75' lang='grc' dir='ltr'><em>ἐκϐαλεῖ,</em></span> <span class='ocrx_word' id='word_1_107' title='bbox 2399 977 2500 1032; x_wconf 81' lang='grc' dir='ltr'><strong>καί</strong></span> <span class='ocrx_word' id='word_1_108' title='bbox 2549 978 2661 1033; x_wconf 83' lang='grc' dir='ltr'><em>οὐκ</em></span> <span class='ocrx_word' id='word_1_109' title='bbox 2699 977 2875 1032; x_wconf 75' lang='grc' dir='ltr'><em>ἔσται</em></span> <span class='ocrx_word' id='word_1_110' title='bbox 2934 981 2968 1033; x_wconf 81' lang='grc' dir='ltr'><em>ὁ</em></span> <span class='ocrx_word' id='word_1_111' title='bbox 3011 977 3333 1048; x_wconf 76' lang='grc' dir='ltr'><strong>ῥυόμενος.</strong></span> <span class='ocrx_word' id='word_1_112' title='bbox 3382 979 3493 1034; x_wconf 77' lang='lat' dir='ltr'><strong>Kal</strong></span> <span class='ocrx_word' id='word_1_113' title='bbox 3538 978 3700 1044; x_wconf 73' lang='grc' dir='ltr'><strong>,ϐοή-ν</strong></span> 
     </span>
    </p>
   </div>
   <div class='ocr_carea' id='block_1_18' title="bbox 399 1069 3693 1146">
    <p class='ocr_par' dir='ltr' id='par_1_18' title="bbox 399 1069 3693 1146">
     <span class='ocr_line' id='line_1_18' title="bbox 399 1069 3693 1146; baseline -0.003 -10"><span class='ocrx_word' id='word_1_114' title='bbox 399 1096 570 1137; x_wconf 81' lang='grc' dir='ltr'><em>σεται</em></span> <span class='ocrx_word' id='word_1_115' title='bbox 609 1079 684 1133; x_wconf 77' lang='grc' dir='ltr'><em>δι’</em></span> <span class='ocrx_word' id='word_1_116' title='bbox 720 1078 946 1144; x_wconf 80' lang='grc' dir='ltr'><em>αὐτοὺς</em></span> <span class='ocrx_word' id='word_1_117' title='bbox 983 1077 1053 1131; x_wconf 78' lang='grc' dir='ltr'><em>ἐν</em></span> <span class='ocrx_word' id='word_1_118' title='bbox 1103 1075 1180 1145; x_wconf 80' lang='grc' dir='ltr'><em>τῇ</em></span> <span class='ocrx_word' id='word_1_119' title='bbox 1210 1075 1414 1145; x_wconf 77' lang='grc' dir='ltr'><em>ἡμέρᾳ.</em></span> <span class='ocrx_word' id='word_1_120' title='bbox 1459 1076 1690 1146; x_wconf 77' lang='grc' dir='ltr'><em>ἐκείνῃ,</em></span> <span class='ocrx_word' id='word_1_121' title='bbox 1729 1076 1811 1142; x_wconf 83' lang='grc' dir='ltr'><em>ὡς</em></span> <span class='ocrx_word' id='word_1_122' title='bbox 1856 1073 2028 1144; x_wconf 70' lang='grc' dir='ltr'><em>φωνὴ</em></span> <span class='ocrx_word' id='word_1_123' title='bbox 2082 1069 2411 1140; x_wconf 72' lang='grc' dir='ltr'><em>θαλάσσης</em></span> <span class='ocrx_word' id='word_1_124' title='bbox 2466 1071 2919 1141; x_wconf 77' lang='grc' dir='ltr'><em>κυιιαινούσης,</em></span> <span class='ocrx_word' id='word_1_125' title='bbox 2975 1070 3076 1125; x_wconf 76' lang='grc' dir='ltr'><em>καὶ</em></span> <span class='ocrx_word' id='word_1_126' title='bbox 3126 1072 3531 1144; x_wconf 68' lang='grc' dir='ltr'><em>ἐμϐλέψονται</em></span> <span class='ocrx_word' id='word_1_127' title='bbox 3603 1073 3693 1139; x_wconf 77' lang='grc' dir='ltr'><strong>είς</strong></span> 
     </span>
    </p>
   </div>
   <div class='ocr_carea' id='block_1_19' title="bbox 398 1164 2239 1246">
    <p class='ocr_par' dir='ltr' id='par_1_19' title="bbox 398 1164 2239 1246">
     <span class='ocr_line' id='line_1_19' title="bbox 398 1164 2239 1246; baseline -0.001 -18"><span class='ocrx_word' id='word_1_128' title='bbox 398 1174 537 1246; x_wconf 79' lang='grc' dir='ltr'><em>γῆν,</em></span> <span class='ocrx_word' id='word_1_129' title='bbox 589 1173 689 1227; x_wconf 82' lang='grc' dir='ltr'><strong>καί</strong></span> <span class='ocrx_word' id='word_1_130' title='bbox 750 1171 879 1227; x_wconf 83' lang='grc' dir='ltr'><em>ιδοὺ</em></span> <span class='ocrx_word' id='word_1_131' title='bbox 929 1171 1152 1238; x_wconf 82' lang='grc' dir='ltr'><em>σκότος</em></span> <span class='ocrx_word' id='word_1_132' title='bbox 1197 1171 1475 1240; x_wconf 78' lang='grc' dir='ltr'><em>σκληρὸν</em></span> <span class='ocrx_word' id='word_1_133' title='bbox 1518 1172 1589 1227; x_wconf 82' lang='grc' dir='ltr'><em>ὲν</em></span> <span class='ocrx_word' id='word_1_134' title='bbox 1640 1168 1717 1240; x_wconf 75' lang='grc' dir='ltr'><em>τῇ</em></span> <span class='ocrx_word' id='word_1_135' title='bbox 1766 1167 1986 1237; x_wconf 77' lang='grc' dir='ltr'><em>ἀπορίᾳ</em></span> <span class='ocrx_word' id='word_1_136' title='bbox 2017 1164 2239 1221; x_wconf 74' lang='grc' dir='ltr'><em>αὐτῶν·</em></span> 
     </span>
    </p>
   </div>
   <div class='ocr_carea' id='block_1_20' title="bbox 467 1261 1985 1332">
    <p class='ocr_par' dir='ltr' id='par_1_20' title="bbox 467 1261 1985 1332">
     <span class='ocr_line' id='line_1_20' title="bbox 467 1261 1985 1332; baseline -0.001 -16"><span class='ocrx_word' id='word_1_137' title='bbox 467 1265 621 1332; x_wconf 80' lang='lat' dir='ltr'><strong>Quod</strong></span> <span class='ocrx_word' id='word_1_138' title='bbox 659 1268 736 1318; x_wconf 85' lang='lat' dir='ltr'><strong>ira</strong></span> <span class='ocrx_word' id='word_1_139' title='bbox 766 1264 820 1318; x_wconf 90' lang='lat' dir='ltr'><strong>in</strong></span> <span class='ocrx_word' id='word_1_140' title='bbox 856 1278 951 1318; x_wconf 87' lang='lat' dir='ltr'><strong>eos</strong></span> <span class='ocrx_word' id='word_1_141' title='bbox 978 1262 1124 1331; x_wconf 77' lang='lat' dir='ltr'><strong>iusta</strong></span> <span class='ocrx_word' id='word_1_142' title='bbox 1175 1261 1471 1331; x_wconf 75' lang='lat' dir='ltr'><strong>iudicantis</strong></span> <span class='ocrx_word' id='word_1_143' title='bbox 1522 1263 1611 1319; x_wconf 87' lang='lat' dir='ltr'><strong>hic</strong></span> <span class='ocrx_word' id='word_1_144' title='bbox 1647 1277 1751 1318; x_wconf 89' lang='lat' dir='ltr'><strong>non</strong></span> <span class='ocrx_word' id='word_1_145' title='bbox 1807 1262 1985 1327; x_wconf 86' lang='lat' dir='ltr'><strong>sistet,</strong></span> 
     </span>
    </p>
   </div>
   <div class='ocr_carea' id='block_1_21' title="bbox 399 1353 1985 1426">
    <p class='ocr_par' dir='ltr' id='par_1_21' title="bbox 399 1353 1985 1426">
     <span class='ocr_line' id='line_1_21' title="bbox 399 1353 1985 1426; baseline -0.003 -14"><span class='ocrx_word' id='word_1_146' title='bbox 399 1358 494 1412; x_wconf 83' lang='lat' dir='ltr'><strong>sed</strong></span> <span class='ocrx_word' id='word_1_147' title='bbox 521 1357 747 1410; x_wconf 90' lang='lat' dir='ltr'><strong>ulterius</strong></span> <span class='ocrx_word' id='word_1_148' title='bbox 777 1355 1178 1425; x_wconf 88' lang='lat' dir='ltr'><strong>progredietur,</strong></span> <span class='ocrx_word' id='word_1_149' title='bbox 1215 1368 1279 1408; x_wconf 82' lang='lat' dir='ltr'><strong>ex</strong></span> <span class='ocrx_word' id='word_1_150' title='bbox 1311 1354 1398 1410; x_wconf 86' lang='lat' dir='ltr'><strong>his</strong></span> <span class='ocrx_word' id='word_1_151' title='bbox 1423 1368 1543 1426; x_wconf 67' lang='lat' dir='ltr'><strong>quae</strong></span> <span class='ocrx_word' id='word_1_152' title='bbox 1567 1355 1681 1425; x_wconf 80' lang='lat' dir='ltr'><strong>jam</strong></span> <span class='ocrx_word' id='word_1_153' title='bbox 1712 1353 1985 1424; x_wconf 77' lang='lat' dir='ltr'><strong>preposita</strong></span> 
     </span>
    </p>
   </div>
   <div class='ocr_carea' id='block_1_22' title="bbox 399 1442 1986 1515">
    <p class='ocr_par' dir='ltr' id='par_1_22' title="bbox 399 1442 1986 1515">
     <span class='ocr_line' id='line_1_22' title="bbox 399 1442 1986 1515; baseline -0.003 -15"><span class='ocrx_word' id='word_1_154' title='bbox 399 1458 547 1512; x_wconf 84' lang='lat' dir='ltr'><strong>sunt,</strong></span> <span class='ocrx_word' id='word_1_155' title='bbox 581 1447 927 1515; x_wconf 87' lang='lat' dir='ltr'><strong>perspicuum</strong></span> <span class='ocrx_word' id='word_1_156' title='bbox 956 1449 1081 1501; x_wconf 87' lang='lat' dir='ltr'><strong>crit.</strong></span> <span class='ocrx_word' id='word_1_157' title='bbox 1120 1442 1258 1499; x_wconf 79' lang='lat' dir='ltr'><strong>Nam</strong></span> <span class='ocrx_word' id='word_1_158' title='bbox 1285 1445 1409 1500; x_wconf 85' lang='lat' dir='ltr'><strong>licet</strong></span> <span class='ocrx_word' id='word_1_159' title='bbox 1429 1445 1728 1501; x_wconf 89' lang='lat' dir='ltr'><strong>crudeliter</strong></span> <span class='ocrx_word' id='word_1_160' title='bbox 1766 1444 1986 1510; x_wconf 83' lang='lat' dir='ltr'><strong>vastati,</strong></span> 
     </span>
    </p>
   </div>
   <div class='ocr_carea' id='block_1_23' title="bbox 401 1535 1986 1608">
    <p class='ocr_par' dir='ltr' id='par_1_23' title="bbox 401 1535 1986 1608">
     <span class='ocr_line' id='line_1_23' title="bbox 401 1535 1986 1608; baseline -0.001 -17"><span class='ocrx_word' id='word_1_161' title='bbox 401 1538 545 1591; x_wconf 70' lang='lat' dir='ltr'><strong>fatale</strong></span> <span class='ocrx_word' id='word_1_162' title='bbox 573 1547 625 1591; x_wconf 83' lang='lat' dir='ltr'><strong>et</strong></span> <span class='ocrx_word' id='word_1_163' title='bbox 657 1537 744 1591; x_wconf 88' lang='lat' dir='ltr'><strong>siti</strong></span> <span class='ocrx_word' id='word_1_164' title='bbox 773 1537 969 1605; x_wconf 78' lang='lat' dir='ltr'><strong>pressi,</strong></span> <span class='ocrx_word' id='word_1_165' title='bbox 1001 1537 1242 1608; x_wconf 86' lang='lat' dir='ltr'><strong>bellique</strong></span> <span class='ocrx_word' id='word_1_166' title='bbox 1282 1536 1690 1593; x_wconf 84' lang='lat' dir='ltr'><strong>calamitatibus</strong></span> <span class='ocrx_word' id='word_1_167' title='bbox 1743 1535 1986 1606; x_wconf 84' lang='lat' dir='ltr'><strong>impliciti</strong></span> 
     </span>
    </p>
   </div>
   <div class='ocr_carea' id='block_1_24' title="bbox 398 1628 2028 1693">
    <p class='ocr_par' dir='ltr' id='par_1_24' title="bbox 398 1628 2028 1693">
     <span class='ocr_line' id='line_1_24' title="bbox 398 1628 2028 1693; baseline 0 -10"><span class='ocrx_word' id='word_1_168' title='bbox 398 1629 604 1683; x_wconf 77' lang='lat' dir='ltr'><strong>fuerint</strong></span> <span class='ocrx_word' id='word_1_169' title='bbox 655 1629 871 1693; x_wconf 91' lang='lat' dir='ltr'><strong>miselli,</strong></span> <span class='ocrx_word' id='word_1_170' title='bbox 929 1639 1111 1685; x_wconf 85' lang='lat' dir='ltr'><strong>tamen</strong></span> <span class='ocrx_word' id='word_1_171' title='bbox 1175 1630 1227 1684; x_wconf 93' lang='lat' dir='ltr'><strong>in</strong></span> <span class='ocrx_word' id='word_1_172' title='bbox 1296 1628 1401 1685; x_wconf 89' lang='lat' dir='ltr'><strong>bac</strong></span> <span class='ocrx_word' id='word_1_173' title='bbox 1459 1630 1746 1684; x_wconf 81' lang='lat' dir='ltr'><strong>aversione</strong></span> <span class='ocrx_word' id='word_1_174' title='bbox 1787 1643 1815 1683; x_wconf 89' lang='lat' dir='ltr'><strong>a</strong></span> <span class='ocrx_word' id='word_1_175' title='bbox 1876 1628 1988 1683; x_wconf 90' lang='lat' dir='ltr'><strong>Deo</strong></span> <span class='ocrx_word' id='word_1_176' title='bbox 2016 1640 2028 1674; x_wconf 83' lang='grc'><strong>’-</strong></span> 
     </span>
    </p>
   </div>
   <div class='ocr_carea' id='block_1_25' title="bbox 398 1719 2062 1812">
    <p class='ocr_par' dir='ltr' id='par_1_25' title="bbox 398 1719 2062 1812">
     <span class='ocr_line' id='line_1_25' title="bbox 398 1719 2062 1812; baseline 0.001 -39"><span class='ocrx_word' id='word_1_177' title='bbox 398 1722 779 1790; x_wconf 81' lang='lat' dir='ltr'><strong>perstiterunt,</strong></span> <span class='ocrx_word' id='word_1_178' title='bbox 815 1735 913 1775; x_wconf 90' lang='lat' dir='ltr'><strong>nec</strong></span> <span class='ocrx_word' id='word_1_179' title='bbox 934 1720 1003 1774; x_wconf 86' lang='lat' dir='ltr'><strong>ab</strong></span> <span class='ocrx_word' id='word_1_180' title='bbox 1030 1722 1108 1775; x_wconf 87' lang='lat' dir='ltr'><strong>ira</strong></span> <span class='ocrx_word' id='word_1_181' title='bbox 1152 1720 1308 1776; x_wconf 82' lang='lat' dir='ltr'><strong>liberi</strong></span> <span class='ocrx_word' id='word_1_182' title='bbox 1346 1722 1724 1790; x_wconf 84' lang='lat' dir='ltr'><strong>immunesque</strong></span> <span class='ocrx_word' id='word_1_183' title='bbox 1748 1719 1987 1776; x_wconf 64' lang='lat' dir='ltr'><strong>fixerunt.</strong></span> <span class='ocrx_word' id='word_1_184' title='bbox 2017 1756 2062 1812; x_wconf 72' lang='grc' dir='ltr'>Β</span> 
     </span>
    </p>
   </div>
   <div class='ocr_carea' id='block_1_26' title="bbox 400 1812 1983 1884">
    <p class='ocr_par' dir='ltr' id='par_1_26' title="bbox 400 1812 1983 1884">
     <span class='ocr_line' id='line_1_26' title="bbox 400 1812 1983 1884; baseline 0.003 -19"><span class='ocrx_word' id='word_1_185' title='bbox 400 1812 514 1866; x_wconf 83' lang='lat' dir='ltr'><strong>Iloc</strong></span> <span class='ocrx_word' id='word_1_186' title='bbox 538 1813 707 1879; x_wconf 84' lang='lat' dir='ltr'><strong>enim,</strong></span> <span class='ocrx_word' id='word_1_187' title='bbox 730 1814 946 1883; x_wconf 85' lang='lat' dir='ltr'><strong>opinor,</strong></span> <span class='ocrx_word' id='word_1_188' title='bbox 998 1812 1269 1884; x_wconf 69' lang='lat' dir='ltr'><strong>significat</strong></span> <span class='ocrx_word' id='word_1_189' title='bbox 1301 1814 1391 1868; x_wconf 85' lang='lat' dir='ltr'><strong>ubi</strong></span> <span class='ocrx_word' id='word_1_190' title='bbox 1419 1814 1524 1868; x_wconf 86' lang='lat' dir='ltr'><strong>ait:</strong></span> <span class='ocrx_word' id='word_1_191' title='bbox 1551 1813 1743 1868; x_wconf 80' lang='lat' dir='ltr'><strong>Adhuc</strong></span> <span class='ocrx_word' id='word_1_192' title='bbox 1792 1827 1983 1869; x_wconf 87' lang='lat' dir='ltr'><strong>manus</strong></span> 
     </span>
    </p>
   </div>
   <div class='ocr_carea' id='block_1_27' title="bbox 398 1898 1982 1976">
    <p class='ocr_par' dir='ltr' id='par_1_27' title="bbox 398 1898 1982 1976">
     <span class='ocr_line' id='line_1_27' title="bbox 398 1898 1982 1976; baseline 0.002 -18"><span class='ocrx_word' id='word_1_193' title='bbox 398 1898 631 1970; x_wconf 78' lang='lat' dir='ltr'><strong>excelsa,</strong></span> <span class='ocrx_word' id='word_1_194' title='bbox 668 1905 865 1976; x_wconf 80' lang='lat' dir='ltr'><strong>quippe</strong></span> <span class='ocrx_word' id='word_1_195' title='bbox 908 1905 1109 1961; x_wconf 81' lang='lat' dir='ltr'><strong>feriens</strong></span> <span class='ocrx_word' id='word_1_196' title='bbox 1140 1920 1235 1961; x_wconf 89' lang='lat' dir='ltr'><strong>eos</strong></span> <span class='ocrx_word' id='word_1_197' title='bbox 1268 1905 1361 1976; x_wconf 92' lang='lat' dir='ltr'><strong>qui</strong></span> <span class='ocrx_word' id='word_1_198' title='bbox 1388 1915 1769 1976; x_wconf 86' lang='lat' dir='ltr'><strong>peccaverunt.</strong></span> <span class='ocrx_word' id='word_1_199' title='bbox 1817 1906 1873 1961; x_wconf 86' lang='lat' dir='ltr'><strong>In</strong></span> <span class='ocrx_word' id='word_1_200' title='bbox 1900 1905 1982 1961; x_wconf 85' lang='lat' dir='ltr'><strong>al-</strong></span> 
     </span>
    </p>
   </div>
   <div class='ocr_carea' id='block_1_28' title="bbox 400 1996 1979 2068">
    <p class='ocr_par' dir='ltr' id='par_1_28' title="bbox 400 1996 1979 2068">
     <span class='ocr_line' id='line_1_28' title="bbox 400 1996 1979 2068; baseline 0.003 -19"><span class='ocrx_word' id='word_1_201' title='bbox 400 2006 511 2049; x_wconf 90' lang='lat' dir='ltr'><strong>tum</strong></span> <span class='ocrx_word' id='word_1_202' title='bbox 564 1996 710 2049; x_wconf 88' lang='lat' dir='ltr'><strong>enim</strong></span> <span class='ocrx_word' id='word_1_203' title='bbox 772 2010 992 2065; x_wconf 85' lang='lat' dir='ltr'><strong>semper</strong></span> <span class='ocrx_word' id='word_1_204' title='bbox 1057 1996 1306 2051; x_wconf 89' lang='lat' dir='ltr'><strong>elevatur</strong></span> <span class='ocrx_word' id='word_1_205' title='bbox 1350 2012 1543 2052; x_wconf 87' lang='lat' dir='ltr'><strong>manus</strong></span> <span class='ocrx_word' id='word_1_206' title='bbox 1603 1997 1979 2068; x_wconf 84' lang='lat' dir='ltr'><strong>percutientis.</strong></span> 
     </span>
    </p>
   </div>
   <div class='ocr_carea' id='block_1_29' title="bbox 397 2087 1980 2158">
    <p class='ocr_par' dir='ltr' id='par_1_29' title="bbox 397 2087 1980 2158">
     <span class='ocr_line' id='line_1_29' title="bbox 397 2087 1980 2158; baseline 0.001 -17"><span class='ocrx_word' id='word_1_207' title='bbox 397 2087 532 2141; x_wconf 87' lang='lat' dir='ltr'><strong>Dein</strong></span> <span class='ocrx_word' id='word_1_208' title='bbox 558 2103 677 2156; x_wconf 73' lang='lat' dir='ltr'><strong>quae</strong></span> <span class='ocrx_word' id='word_1_209' title='bbox 706 2097 763 2141; x_wconf 82' lang='lat' dir='ltr'><strong>et</strong></span> <span class='ocrx_word' id='word_1_210' title='bbox 787 2096 988 2158; x_wconf 82' lang='lat' dir='ltr'><strong>quanta</strong></span> <span class='ocrx_word' id='word_1_211' title='bbox 1021 2089 1287 2142; x_wconf 87' lang='lat' dir='ltr'><strong>montium</strong></span> <span class='ocrx_word' id='word_1_212' title='bbox 1352 2088 1584 2143; x_wconf 85' lang='lat' dir='ltr'><strong>irritatio</strong></span> <span class='ocrx_word' id='word_1_213' title='bbox 1633 2089 1705 2144; x_wconf 88' lang='lat' dir='ltr'><strong>sit</strong></span> <span class='ocrx_word' id='word_1_214' title='bbox 1775 2087 1980 2156; x_wconf 77' lang='lat' dir='ltr'><strong>futura,</strong></span> 
     </span>
    </p>
   </div>
   <div class='ocr_carea' id='block_1_30' title="bbox 396 2180 1981 2251">
    <p class='ocr_par' dir='ltr' id='par_1_30' title="bbox 396 2180 1981 2251">
     <span class='ocr_line' id='line_1_30' title="bbox 396 2180 1981 2251; baseline 0.001 -18"><span class='ocrx_word' id='word_1_215' title='bbox 396 2191 452 2233; x_wconf 89' lang='lat' dir='ltr'><strong>et</strong></span> <span class='ocrx_word' id='word_1_216' title='bbox 479 2180 568 2250; x_wconf 89' lang='lat' dir='ltr'><strong>qui</strong></span> <span class='ocrx_word' id='word_1_217' title='bbox 600 2180 799 2236; x_wconf 75' lang='lat' dir='ltr'><strong>furoris</strong></span> <span class='ocrx_word' id='word_1_218' title='bbox 823 2195 1013 2236; x_wconf 89' lang='lat' dir='ltr'><strong>eorum</strong></span> <span class='ocrx_word' id='word_1_219' title='bbox 1057 2181 1365 2236; x_wconf 82' lang='lat' dir='ltr'><strong>administri</strong></span> <span class='ocrx_word' id='word_1_220' title='bbox 1407 2189 1588 2249; x_wconf 89' lang='lat' dir='ltr'><strong>erunt,</strong></span> <span class='ocrx_word' id='word_1_221' title='bbox 1616 2191 1817 2251; x_wconf 87' lang='lat' dir='ltr'><strong>quanta</strong></span> <span class='ocrx_word' id='word_1_222' title='bbox 1857 2197 1981 2238; x_wconf 88' lang='lat' dir='ltr'><strong>cum</strong></span> 
     </span>
    </p>
   </div>
   <div class='ocr_carea' id='block_1_31' title="bbox 398 2276 1983 2341">
    <p class='ocr_par' dir='ltr' id='par_1_31' title="bbox 398 2276 1983 2341">
     <span class='ocr_line' id='line_1_31' title="bbox 398 2276 1983 2341; baseline 0.003 -13"><span class='ocrx_word' id='word_1_223' title='bbox 398 2276 719 2332; x_wconf 81' lang='lat' dir='ltr'><strong>fortitudine</strong></span> <span class='ocrx_word' id='word_1_224' title='bbox 744 2286 798 2330; x_wconf 89' lang='lat' dir='ltr'><strong>et</strong></span> <span class='ocrx_word' id='word_1_225' title='bbox 821 2277 1070 2341; x_wconf 78' lang='lat' dir='ltr'><strong>audacia,</strong></span> <span class='ocrx_word' id='word_1_226' title='bbox 1119 2278 1416 2334; x_wconf 86' lang='lat' dir='ltr'><strong>etiusueta</strong></span> <span class='ocrx_word' id='word_1_227' title='bbox 1467 2277 1520 2332; x_wconf 90' lang='lat' dir='ltr'><strong>iu</strong></span> <span class='ocrx_word' id='word_1_228' title='bbox 1578 2278 1828 2334; x_wconf 80' lang='lat' dir='ltr'><strong>homines</strong></span> <span class='ocrx_word' id='word_1_229' title='bbox 1881 2277 1983 2332; x_wconf 85' lang='lat' dir='ltr'><strong>im-</strong></span> 
     </span>
    </p>
   </div>
   <div class='ocr_carea' id='block_1_32' title="bbox 398 2367 1977 2432">
    <p class='ocr_par' dir='ltr' id='par_1_32' title="bbox 398 2367 1977 2432">
     <span class='ocr_line' id='line_1_32' title="bbox 398 2367 1977 2432; baseline 0.001 -10"><span class='ocrx_word' id='word_1_230' title='bbox 398 2369 658 2423; x_wconf 86' lang='lat' dir='ltr'><strong>manitate</strong></span> <span class='ocrx_word' id='word_1_231' title='bbox 695 2377 747 2422; x_wconf 90' lang='lat' dir='ltr'><strong>et</strong></span> <span class='ocrx_word' id='word_1_232' title='bbox 776 2368 985 2421; x_wconf 74' lang='lat' dir='ltr'><strong>saevitia</strong></span> <span class='ocrx_word' id='word_1_233' title='bbox 1008 2369 1344 2432; x_wconf 73' lang='lat' dir='ltr'><strong>adoriantur,</strong></span> <span class='ocrx_word' id='word_1_234' title='bbox 1372 2367 1615 2422; x_wconf 83' lang='lat' dir='ltr'><strong>declarat</strong></span> <span class='ocrx_word' id='word_1_235' title='bbox 1645 2384 1768 2422; x_wconf 88' lang='lat' dir='ltr'><strong>cum</strong></span> <span class='ocrx_word' id='word_1_236' title='bbox 1804 2367 1938 2422; x_wconf 88' lang='lat' dir='ltr'><strong>dicit</strong></span> <span class='ocrx_word' id='word_1_237' title='bbox 1962 2383 1977 2423; x_wconf 88' lang='lat'><strong>:</strong></span> 
     </span>
    </p>
   </div>
   <div class='ocr_carea' id='block_1_33' title="bbox 402 2458 1975 2530">
    <p class='ocr_par' dir='ltr' id='par_1_33' title="bbox 402 2458 1975 2530">
     <span class='ocr_line' id='line_1_33' title="bbox 402 2458 1975 2530; baseline 0 -19"><span class='ocrx_word' id='word_1_238' title='bbox 402 2478 420 2511; x_wconf 79' lang='grc' dir='ltr'><strong>ι</strong></span> <span class='ocrx_word' id='word_1_239' title='bbox 454 2459 640 2530; x_wconf 78' lang='lat' dir='ltr'><strong>Itaque</strong></span> <span class='ocrx_word' id='word_1_240' title='bbox 671 2459 873 2514; x_wconf 77' lang='lat' dir='ltr'><strong>levabit</strong></span> <span class='ocrx_word' id='word_1_241' title='bbox 923 2459 1136 2529; x_wconf 84' lang='lat' dir='ltr'><strong>signqu</strong></span> <span class='ocrx_word' id='word_1_242' title='bbox 1186 2458 1238 2513; x_wconf 91' lang='lat' dir='ltr'><strong>in</strong></span> <span class='ocrx_word' id='word_1_243' title='bbox 1288 2459 1545 2528; x_wconf 82' lang='lat' dir='ltr'><strong>gentibus</strong></span> <span class='ocrx_word' id='word_1_244' title='bbox 1596 2459 1921 2528; x_wconf 85' lang='lat' dir='ltr'><strong>longinquis.</strong></span> <span class='ocrx_word' id='word_1_245' title='bbox 1955 2477 1975 2511; x_wconf 78' lang='grc' dir='ltr'><strong>ι</strong></span> 
     </span>
    </p>
   </div>
   <div class='ocr_carea' id='block_1_34' title="bbox 394 2547 1982 2620">
    <p class='ocr_par' dir='ltr' id='par_1_34' title="bbox 394 2547 1982 2620">
     <span class='ocr_line' id='line_1_34' title="bbox 394 2547 1982 2620; baseline 0 -14"><span class='ocrx_word' id='word_1_246' title='bbox 394 2549 512 2606; x_wconf 76' lang='lat' dir='ltr'><strong>Non</strong></span> <span class='ocrx_word' id='word_1_247' title='bbox 546 2553 688 2606; x_wconf 86' lang='lat' dir='ltr'><strong>enim</strong></span> <span class='ocrx_word' id='word_1_248' title='bbox 723 2550 888 2606; x_wconf 80' lang='lat' dir='ltr'><strong>vicini</strong></span> <span class='ocrx_word' id='word_1_249' title='bbox 925 2559 1105 2614; x_wconf 85' lang='lat' dir='ltr'><strong>erant,</strong></span> <span class='ocrx_word' id='word_1_250' title='bbox 1158 2558 1251 2603; x_wconf 89' lang='lat' dir='ltr'><strong>aut</strong></span> <span class='ocrx_word' id='word_1_251' title='bbox 1273 2547 1585 2605; x_wconf 77' lang='lat' dir='ltr'><strong>.Iudaeornm</strong></span> <span class='ocrx_word' id='word_1_252' title='bbox 1620 2550 1825 2620; x_wconf 81' lang='lat' dir='ltr'><strong>regioni</strong></span> <span class='ocrx_word' id='word_1_253' title='bbox 1854 2566 1982 2606; x_wconf 88' lang='lat' dir='ltr'><strong>con-</strong></span> 
     </span>
    </p>
   </div>
   <div class='ocr_carea' id='block_1_35' title="bbox 398 2640 1980 2714">
    <p class='ocr_par' dir='ltr' id='par_1_35' title="bbox 398 2640 1980 2714">
     <span class='ocr_line' id='line_1_35' title="bbox 398 2640 1980 2714; baseline 0.001 -16"><span class='ocrx_word' id='word_1_254' title='bbox 398 2644 638 2709; x_wconf 81' lang='lat' dir='ltr'><strong>termini,</strong></span> <span class='ocrx_word' id='word_1_255' title='bbox 659 2644 747 2713; x_wconf 88' lang='lat' dir='ltr'><strong>qui</strong></span> <span class='ocrx_word' id='word_1_256' title='bbox 780 2658 898 2698; x_wconf 87' lang='lat' dir='ltr'><strong>eam</strong></span> <span class='ocrx_word' id='word_1_257' title='bbox 924 2651 1226 2705; x_wconf 83' lang='lat' dir='ltr'><strong>vastarunt,</strong></span> <span class='ocrx_word' id='word_1_258' title='bbox 1256 2651 1310 2695; x_wconf 86' lang='lat' dir='ltr'><strong>et</strong></span> <span class='ocrx_word' id='word_1_259' title='bbox 1334 2640 1707 2714; x_wconf 84' lang='lat' dir='ltr'><strong>Hierosolyma</strong></span> <span class='ocrx_word' id='word_1_260' title='bbox 1729 2654 1980 2700; x_wconf 83' lang='lat' dir='ltr'><strong>cunctas-</strong></span> 
     </span>
    </p>
   </div>
   <div class='ocr_carea' id='block_1_36' title="bbox 396 2733 1981 2815">
    <p class='ocr_par' dir='ltr' id='par_1_36' title="bbox 396 2733 1981 2815">
     <span class='ocr_line' id='line_1_36' title="bbox 396 2733 1981 2815; baseline 0.002 -27"><span class='ocrx_word' id='word_1_261' title='bbox 396 2751 502 2808; x_wconf 89' lang='lat' dir='ltr'><strong>que</strong></span> <span class='ocrx_word' id='word_1_262' title='bbox 529 2733 836 2790; x_wconf 71' lang='lat' dir='ltr'><strong>Judmorum</strong></span> <span class='ocrx_word' id='word_1_263' title='bbox 868 2736 1030 2789; x_wconf 86' lang='lat' dir='ltr'><strong>urbes</strong></span> <span class='ocrx_word' id='word_1_264' title='bbox 1068 2743 1419 2815; x_wconf 78' lang='lat' dir='ltr'><strong>cremaruut;</strong></span> <span class='ocrx_word' id='word_1_265' title='bbox 1453 2735 1549 2789; x_wconf 88' lang='lat' dir='ltr'><strong>sed</strong></span> <span class='ocrx_word' id='word_1_266' title='bbox 1577 2750 1642 2788; x_wconf 78' lang='lat' dir='ltr'><strong>ex</strong></span> <span class='ocrx_word' id='word_1_267' title='bbox 1667 2734 1981 2805; x_wconf 90' lang='lat' dir='ltr'><strong>longinquis</strong></span> 
     </span>
    </p>
   </div>
   <div class='ocr_carea' id='block_1_37' title="bbox 399 2825 1981 2915">
    <p class='ocr_par' dir='ltr' id='par_1_37' title="bbox 399 2825 1981 2915">
     <span class='ocr_line' id='line_1_37' title="bbox 399 2825 1981 2915; baseline 0.001 -33"><span class='ocrx_word' id='word_1_268' title='bbox 399 2827 713 2897; x_wconf 81' lang='lat' dir='ltr'><strong>regionibus</strong></span> <span class='ocrx_word' id='word_1_269' title='bbox 744 2834 798 2882; x_wconf 87' lang='lat' dir='ltr'><strong>et</strong></span> <span class='ocrx_word' id='word_1_270' title='bbox 824 2841 890 2881; x_wconf 79' lang='lat' dir='ltr'><strong>ex</strong></span> <span class='ocrx_word' id='word_1_271' title='bbox 917 2825 1065 2881; x_wconf 89' lang='lat' dir='ltr'><strong>omui</strong></span> <span class='ocrx_word' id='word_1_272' title='bbox 1093 2836 1235 2915; x_wconf 58' lang='lat' dir='ltr'><strong>terra</strong></span> <span class='ocrx_word' id='word_1_273' title='bbox 1274 2828 1587 2896; x_wconf 78' lang='lat' dir='ltr'><strong>congregati</strong></span> <span class='ocrx_word' id='word_1_274' title='bbox 1620 2844 1633 2881; x_wconf 87' lang='lat'><strong>:</strong></span> <span class='ocrx_word' id='word_1_275' title='bbox 1670 2827 1981 2898; x_wconf 78' lang='lat' dir='ltr'><strong>complures</strong></span> 
     </span>
    </p>
   </div>
   <div class='ocr_carea' id='block_1_38' title="bbox 394 2917 1979 2991">
    <p class='ocr_par' dir='ltr' id='par_1_38' title="bbox 394 2917 1979 2991">
     <span class='ocr_line' id='line_1_38' title="bbox 394 2917 1979 2991; baseline 0.001 -19"><span class='ocrx_word' id='word_1_276' title='bbox 394 2922 616 2991; x_wconf 85' lang='lat' dir='ltr'><strong>quippe,</strong></span> <span class='ocrx_word' id='word_1_277' title='bbox 642 2919 751 2975; x_wconf 90' lang='lat' dir='ltr'><strong>imo</strong></span> <span class='ocrx_word' id='word_1_278' title='bbox 776 2917 1206 2973; x_wconf 86' lang='lat' dir='ltr'><strong>innumerabiles</strong></span> <span class='ocrx_word' id='word_1_279' title='bbox 1229 2917 1537 2988; x_wconf 82' lang='lat' dir='ltr'><strong>conjunctis</strong></span> <span class='ocrx_word' id='word_1_280' title='bbox 1565 2920 1738 2989; x_wconf 84' lang='lat' dir='ltr'><strong>cOpiis</strong></span> <span class='ocrx_word' id='word_1_281' title='bbox 1786 2929 1841 2974; x_wconf 84' lang='lat' dir='ltr'><strong>et</strong></span> <span class='ocrx_word' id='word_1_282' title='bbox 1866 2919 1979 2991; x_wconf 80' lang='lat' dir='ltr'><strong>cly-</strong></span> 
     </span>
    </p>
   </div>
   <div class='ocr_carea' id='block_1_39' title="bbox 393 3008 1970 3082">
    <p class='ocr_par' dir='ltr' id='par_1_39' title="bbox 393 3008 1970 3082">
     <span class='ocr_line' id='line_1_39' title="bbox 393 3008 1970 3082; baseline 0.002 -17"><span class='ocrx_word' id='word_1_283' title='bbox 393 3014 513 3082; x_wconf 86' lang='lat' dir='ltr'><strong>pcis</strong></span> <span class='ocrx_word' id='word_1_284' title='bbox 544 3011 929 3082; x_wconf 76' lang='lat' dir='ltr'><strong>VcSpasianum</strong></span> <span class='ocrx_word' id='word_1_285' title='bbox 952 3021 1006 3066; x_wconf 90' lang='lat' dir='ltr'><strong>et</strong></span> <span class='ocrx_word' id='word_1_286' title='bbox 1034 3008 1215 3065; x_wconf 89' lang='lat' dir='ltr'><strong>Titum</strong></span> <span class='ocrx_word' id='word_1_287' title='bbox 1239 3010 1587 3080; x_wconf 85' lang='lat' dir='ltr'><strong>adjuverunt.</strong></span> <span class='ocrx_word' id='word_1_288' title='bbox 1613 3010 1970 3082; x_wconf 83' lang='lat' dir='ltr'><strong>Siguumque,</strong></span> 
     </span>
    </p>
   </div>
   <div class='ocr_carea' id='block_1_40' title="bbox 2166 1256 3690 1332">
    <p class='ocr_par' dir='ltr' id='par_1_40' title="bbox 2166 1256 3690 1332">
     <span class='ocr_line' id='line_1_40' title="bbox 2166 1256 3690 1332; baseline 0.018 -35"><span class='ocrx_word' id='word_1_289' title='bbox 2166 1258 2291 1311; x_wconf 70' lang='grc' dir='ltr'><em>ὀτι</em></span> <span class='ocrx_word' id='word_1_290' title='bbox 2341 1257 2416 1329; x_wconf 79' lang='grc' dir='ltr'><em>μὴ</em></span> <span class='ocrx_word' id='word_1_291' title='bbox 2465 1257 2628 1328; x_wconf 80' lang='grc' dir='ltr'><em>μέχρι</em></span> <span class='ocrx_word' id='word_1_292' title='bbox 2680 1256 2888 1311; x_wconf 86' lang='grc' dir='ltr'><em>τούτων</em></span> <span class='ocrx_word' id='word_1_293' title='bbox 2917 1256 2987 1311; x_wconf 78' lang='grc' dir='ltr'><em>τὰ</em></span> <span class='ocrx_word' id='word_1_294' title='bbox 3013 1257 3113 1328; x_wconf 72' lang='grc' dir='ltr'><em>τῆς,</em></span> <span class='ocrx_word' id='word_1_295' title='bbox 3169 1259 3259 1313; x_wconf 68' lang='grc' dir='ltr'><strong>ἐπ’</strong></span> <span class='ocrx_word' id='word_1_296' title='bbox 3292 1258 3474 1324; x_wconf 82' lang='grc' dir='ltr'><em>αὐτοῖς</em></span> <span class='ocrx_word' id='word_1_297' title='bbox 3514 1258 3690 1332; x_wconf 80' lang='grc' dir='ltr'><em>ὀργῆς</em></span> 
     </span>
    </p>
   </div>
   <div class='ocr_carea' id='block_1_41' title="bbox 2098 1350 3692 1428">
    <p class='ocr_par' dir='ltr' id='par_1_41' title="bbox 2098 1350 3692 1428">
     <span class='ocr_line' id='line_1_41' title="bbox 2098 1350 3692 1428; baseline 0.003 -24"><span class='ocrx_word' id='word_1_298' title='bbox 2098 1351 2501 1422; x_wconf 78' lang='grc' dir='ltr'><strong>μετρηθήσεται</strong></span> <span class='ocrx_word' id='word_1_299' title='bbox 2533 1351 2686 1423; x_wconf 76' lang='grc' dir='ltr'><em>παρὰ</em></span> <span class='ocrx_word' id='word_1_300' title='bbox 2705 1350 2800 1406; x_wconf 74' lang='grc' dir='ltr'><em>τοῦ</em></span> <span class='ocrx_word' id='word_1_301' title='bbox 2823 1353 2894 1406; x_wconf 84' lang='grc' dir='ltr'><em>τὰ</em></span> <span class='ocrx_word' id='word_1_302' title='bbox 2923 1352 3111 1407; x_wconf 82' lang='grc' dir='ltr'><em>δίκαια</em></span> <span class='ocrx_word' id='word_1_303' title='bbox 3130 1354 3429 1425; x_wconf 81' lang='grc' dir='ltr'><em>κρίνοντος,</em></span> <span class='ocrx_word' id='word_1_304' title='bbox 3481 1355 3692 1428; x_wconf 65' lang='grc' dir='ltr'><em>προσήδ-</em></span> 
     </span>
    </p>
   </div>
   <div class='ocr_carea' id='block_1_42' title="bbox 2095 1442 3687 1518">
    <p class='ocr_par' dir='ltr' id='par_1_42' title="bbox 2095 1442 3687 1518">
     <span class='ocr_line' id='line_1_42' title="bbox 2095 1442 3687 1518; baseline 0.004 -22"><span class='ocrx_word' id='word_1_305' title='bbox 2095 1442 2318 1497; x_wconf 81' lang='grc' dir='ltr'><em>σεταιδὲ</em></span> <span class='ocrx_word' id='word_1_306' title='bbox 2339 1444 2432 1497; x_wconf 79' lang='grc' dir='ltr'><em>καὶ</em></span> <span class='ocrx_word' id='word_1_307' title='bbox 2452 1444 2731 1510; x_wconf 74' lang='grc' dir='ltr'><em>ἐπέκεινα,</em></span> <span class='ocrx_word' id='word_1_308' title='bbox 2756 1448 3010 1517; x_wconf 81' lang='grc' dir='ltr'><em>σαφηνιετ</em></span> <span class='ocrx_word' id='word_1_309' title='bbox 3041 1447 3102 1500; x_wconf 81' lang='grc' dir='ltr'><em>τὸ</em></span> <span class='ocrx_word' id='word_1_310' title='bbox 3139 1446 3518 1518; x_wconf 82' lang='grc' dir='ltr'><em>προκείμενον.</em></span> <span class='ocrx_word' id='word_1_311' title='bbox 3543 1449 3687 1502; x_wconf 65' lang='grc' dir='ltr'><em>Καίά</em></span> 
     </span>
    </p>
   </div>
   <div class='ocr_carea' id='block_1_43' title="bbox 2093 1534 3690 1610">
    <p class='ocr_par' dir='ltr' id='par_1_43' title="bbox 2093 1534 3690 1610">
     <span class='ocr_line' id='line_1_43' title="bbox 2093 1534 3690 1610; baseline 0.004 -23"><span class='ocrx_word' id='word_1_312' title='bbox 2093 1551 2176 1587; x_wconf 85' lang='grc' dir='ltr'><strong>τοι</strong></span> <span class='ocrx_word' id='word_1_313' title='bbox 2208 1534 2317 1607; x_wconf 78' lang='grc' dir='ltr'><em>γὰρ</em></span> <span class='ocrx_word' id='word_1_314' title='bbox 2346 1535 2552 1608; x_wconf 78' lang='grc' dir='ltr'><strong>ἀγρίως</strong></span> <span class='ocrx_word' id='word_1_315' title='bbox 2566 1535 2997 1609; x_wconf 81' lang='grc' dir='ltr'><em>πεπορθημένοι,</em></span> <span class='ocrx_word' id='word_1_316' title='bbox 3025 1536 3168 1609; x_wconf 81' lang='grc' dir='ltr'><em>λιμῷ</em></span> <span class='ocrx_word' id='word_1_317' title='bbox 3181 1555 3240 1592; x_wconf 86' lang='grc' dir='ltr'><strong>τε</strong></span> <span class='ocrx_word' id='word_1_318' title='bbox 3267 1540 3363 1592; x_wconf 80' lang='grc' dir='ltr'><em>καὶ</em></span> <span class='ocrx_word' id='word_1_319' title='bbox 3375 1539 3690 1610; x_wconf 78' lang='grc' dir='ltr'><em>δίψειπεπι-</em></span> 
     </span>
    </p>
   </div>
   <div class='ocr_carea' id='block_1_44' title="bbox 2094 1626 3687 1702">
    <p class='ocr_par' dir='ltr' id='par_1_44' title="bbox 2094 1626 3687 1702">
     <span class='ocr_line' id='line_1_44' title="bbox 2094 1626 3687 1702; baseline 0.003 -23"><span class='ocrx_word' id='word_1_320' title='bbox 2094 1626 2334 1697; x_wconf 82' lang='grc' dir='ltr'><em>εσμένοι,</em></span> <span class='ocrx_word' id='word_1_321' title='bbox 2361 1627 2458 1681; x_wconf 81' lang='grc' dir='ltr'><em>καὶ</em></span> <span class='ocrx_word' id='word_1_322' title='bbox 2501 1629 2622 1692; x_wconf 82' lang='grc' dir='ltr'><em>ταῖς</em></span> <span class='ocrx_word' id='word_1_323' title='bbox 2649 1626 2745 1682; x_wconf 81' lang='grc' dir='ltr'><em>τοῦ</em></span> <span class='ocrx_word' id='word_1_324' title='bbox 2782 1627 3023 1699; x_wconf 68' lang='grc' dir='ltr'><em>πολέμου</em></span> <span class='ocrx_word' id='word_1_325' title='bbox 3059 1633 3369 1702; x_wconf 75' lang='grc' dir='ltr'><strong>συμφοραῖς</strong></span> <span class='ocrx_word' id='word_1_326' title='bbox 3400 1630 3687 1695; x_wconf 76' lang='grc' dir='ltr'><em>ἑναλόντες</em></span> 
     </span>
    </p>
   </div>
   <div class='ocr_carea' id='block_1_45' title="bbox 2092 1718 3686 1793">
    <p class='ocr_par' dir='ltr' id='par_1_45' title="bbox 2092 1718 3686 1793">
     <span class='ocr_line' id='line_1_45' title="bbox 2092 1718 3686 1793; baseline 0.003 -22"><span class='ocrx_word' id='word_1_327' title='bbox 2092 1721 2140 1771; x_wconf 87' lang='lat' dir='ltr'><strong>0i</strong></span> <span class='ocrx_word' id='word_1_328' title='bbox 2169 1718 2413 1781; x_wconf 82' lang='grc' dir='ltr'><em>δείλαιοι,</em></span> <span class='ocrx_word' id='word_1_329' title='bbox 2455 1721 2831 1792; x_wconf 74' lang='grc' dir='ltr'><strong>μεμενήκασιν</strong></span> <span class='ocrx_word' id='word_1_330' title='bbox 2855 1722 2914 1774; x_wconf 86' lang='grc' dir='ltr'><em>ὲν</em></span> <span class='ocrx_word' id='word_1_331' title='bbox 2937 1722 3258 1793; x_wconf 72' lang='grc' dir='ltr'><em>ἀποστροφῇ</em></span> <span class='ocrx_word' id='word_1_332' title='bbox 3278 1721 3437 1789; x_wconf 84' lang='grc' dir='ltr'><strong>Θεοῦ,</strong></span> <span class='ocrx_word' id='word_1_333' title='bbox 3455 1725 3549 1777; x_wconf 73' lang='grc' dir='ltr'><em>καὶ</em></span> <span class='ocrx_word' id='word_1_334' title='bbox 3580 1725 3686 1777; x_wconf 71' lang='grc' dir='ltr'><em>οὐκ</em></span> 
     </span>
    </p>
   </div>
   <div class='ocr_carea' id='block_1_46' title="bbox 2087 1809 3684 1885">
    <p class='ocr_par' dir='ltr' id='par_1_46' title="bbox 2087 1809 3684 1885">
     <span class='ocr_line' id='line_1_46' title="bbox 2087 1809 3684 1885; baseline 0.004 -23"><span class='ocrx_word' id='word_1_335' title='bbox 2087 1809 2194 1875; x_wconf 75' lang='grc' dir='ltr'><strong>ἔξω</strong></span> <span class='ocrx_word' id='word_1_336' title='bbox 2233 1811 2489 1879; x_wconf 83' lang='grc' dir='ltr'><em>γεγόνασι</em></span> <span class='ocrx_word' id='word_1_337' title='bbox 2513 1812 2613 1881; x_wconf 76' lang='grc' dir='ltr'><em>τῆς</em></span> <span class='ocrx_word' id='word_1_338' title='bbox 2633 1812 2823 1884; x_wconf 85' lang='grc' dir='ltr'><em>ὀργῆς.</em></span> <span class='ocrx_word' id='word_1_339' title='bbox 2856 1812 3028 1868; x_wconf 79' lang='grc' dir='ltr'><em>Τοῦτο</em></span> <span class='ocrx_word' id='word_1_340' title='bbox 3059 1813 3189 1885; x_wconf 79' lang='grc' dir='ltr'><em>γὰρ,</em></span> <span class='ocrx_word' id='word_1_341' title='bbox 3225 1812 3401 1885; x_wconf 77' lang='grc' dir='ltr'><em>οἶμαι.</em></span> <span class='ocrx_word' id='word_1_342' title='bbox 3427 1815 3684 1885; x_wconf 79' lang='grc' dir='ltr'><strong>σημαίνει</strong></span> 
     </span>
    </p>
   </div>
   <div class='ocr_carea' id='block_1_47' title="bbox 2084 1900 3689 1981">
    <p class='ocr_par' dir='ltr' id='par_1_47' title="bbox 2084 1900 3689 1981">
     <span class='ocr_line' id='line_1_47' title="bbox 2084 1900 3689 1981; baseline 0.006 -27"><span class='ocrx_word' id='word_1_343' title='bbox 2084 1900 2260 1971; x_wconf 82' lang='grc' dir='ltr'><em>λέγων</em></span> <span class='ocrx_word' id='word_1_344' title='bbox 2281 1902 2491 1967; x_wconf 83' lang='grc' dir='ltr'><em>τὸ,”Ετι</em></span> <span class='ocrx_word' id='word_1_345' title='bbox 2518 1905 2549 1974; x_wconf 77' lang='grc' dir='ltr'><strong>ἡ</strong></span> <span class='ocrx_word' id='word_1_346' title='bbox 2573 1906 2694 1975; x_wconf 68' lang='grc' dir='ltr'><em>χεὶρ</em></span> <span class='ocrx_word' id='word_1_347' title='bbox 2716 1904 2918 1976; x_wconf 62' lang='grc' dir='ltr'><em>ὑψηλὴ,</em></span> <span class='ocrx_word' id='word_1_348' title='bbox 2940 1906 3020 1958; x_wconf 81' lang='grc' dir='ltr'><em>ὅτι</em></span> <span class='ocrx_word' id='word_1_349' title='bbox 3040 1905 3350 1977; x_wconf 77' lang='grc' dir='ltr'><strong>πλήττουσα</strong></span> <span class='ocrx_word' id='word_1_350' title='bbox 3365 1908 3487 1971; x_wconf 78' lang='grc' dir='ltr'><em>τοὺς</em></span> <span class='ocrx_word' id='word_1_351' title='bbox 3508 1909 3689 1981; x_wconf 81' lang='grc' dir='ltr'><em>ἡμαρ-</em></span> 
     </span>
    </p>
   </div>
   <div class='ocr_carea' id='block_1_48' title="bbox 2083 1992 3683 2071">
    <p class='ocr_par' dir='ltr' id='par_1_48' title="bbox 2083 1992 3683 2071">
     <span class='ocr_line' id='line_1_48' title="bbox 2083 1992 3683 2071; baseline 0.005 -26"><span class='ocrx_word' id='word_1_352' title='bbox 2083 1993 2337 2063; x_wconf 73' lang='grc' dir='ltr'><em>τηκότας.</em></span> <span class='ocrx_word' id='word_1_353' title='bbox 2375 1992 2542 2063; x_wconf 73' lang='grc' dir='ltr'><strong>’1⁸ψοῦ</strong></span> <span class='ocrx_word' id='word_1_354' title='bbox 2577 1993 2686 2066; x_wconf 83' lang='grc' dir='ltr'><em>γὰρ</em></span> <span class='ocrx_word' id='word_1_355' title='bbox 2722 1995 2808 2048; x_wconf 89' lang='grc' dir='ltr'><strong>ἀεί</strong></span> <span class='ocrx_word' id='word_1_356' title='bbox 2834 1998 3013 2068; x_wconf 84' lang='grc' dir='ltr'><em>πωςή</em></span> <span class='ocrx_word' id='word_1_357' title='bbox 3049 1996 3144 2051; x_wconf 79' lang='grc' dir='ltr'><em>τοῦ</em></span> <span class='ocrx_word' id='word_1_358' title='bbox 3177 1998 3427 2063; x_wconf 88' lang='grc' dir='ltr'><em>παίοντος</em></span> <span class='ocrx_word' id='word_1_359' title='bbox 3469 2001 3683 2071; x_wconf 80' lang='grc' dir='ltr'><em>αἴρεται</em></span> 
     </span>
    </p>
   </div>
   <div class='ocr_carea' id='block_1_49' title="bbox 2083 2081 3683 2162">
    <p class='ocr_par' dir='ltr' id='par_1_49' title="bbox 2083 2081 3683 2162">
     <span class='ocr_line' id='line_1_49' title="bbox 2083 2081 3683 2162; baseline 0.005 -25"><span class='ocrx_word' id='word_1_360' title='bbox 2083 2086 2224 2155; x_wconf 83' lang='grc' dir='ltr'><em>χείρ.</em></span> <span class='ocrx_word' id='word_1_361' title='bbox 2263 2081 2395 2139; x_wconf 74' lang='grc' dir='ltr'><em>Εἶτα</em></span> <span class='ocrx_word' id='word_1_362' title='bbox 2421 2086 2562 2158; x_wconf 80' lang='grc' dir='ltr'><strong>τίςῆ</strong></span> <span class='ocrx_word' id='word_1_363' title='bbox 2602 2087 2768 2151; x_wconf 83' lang='grc' dir='ltr'><em>πόσος</em></span> <span class='ocrx_word' id='word_1_364' title='bbox 2819 2090 2848 2142; x_wconf 84' lang='grc' dir='ltr'><strong>ὁ</strong></span> <span class='ocrx_word' id='word_1_365' title='bbox 2895 2088 3005 2142; x_wconf 83' lang='grc' dir='ltr'><em>τῶν</em></span> <span class='ocrx_word' id='word_1_366' title='bbox 3044 2088 3188 2161; x_wconf 78' lang='grc' dir='ltr'><em>ὀρῶν</em></span> <span class='ocrx_word' id='word_1_367' title='bbox 3238 2090 3391 2144; x_wconf 79' lang='grc' dir='ltr'><em>ἔσται</em></span> <span class='ocrx_word' id='word_1_368' title='bbox 3439 2091 3683 2162; x_wconf 66' lang='grc' dir='ltr'><em>παροξυδ</em></span> 
     </span>
    </p>
   </div>
   <div class='ocr_carea' id='block_1_50' title="bbox 2087 2174 3682 2254">
    <p class='ocr_par' dir='ltr' id='par_1_50' title="bbox 2087 2174 3682 2254">
     <span class='ocr_line' id='line_1_50' title="bbox 2087 2174 3682 2254; baseline 0.007 -28"><span class='ocrx_word' id='word_1_369' title='bbox 2087 2174 2225 2244; x_wconf 69' lang='grc' dir='ltr'><em>σμὸς</em></span> <span class='ocrx_word' id='word_1_370' title='bbox 2250 2219 2262 2239; x_wconf 87' lang='grc'><strong>,</strong></span> <span class='ocrx_word' id='word_1_371' title='bbox 2294 2175 2440 2240; x_wconf 84' lang='grc' dir='ltr'><em>τίνες</em></span> <span class='ocrx_word' id='word_1_372' title='bbox 2472 2176 2529 2229; x_wconf 82' lang='grc' dir='ltr'><em>δὲ</em></span> <span class='ocrx_word' id='word_1_373' title='bbox 2556 2177 2654 2231; x_wconf 71' lang='grc' dir='ltr'><em>καὶ</em></span> <span class='ocrx_word' id='word_1_374' title='bbox 2697 2178 2748 2230; x_wconf 90' lang='grc' dir='ltr'><em>οί</em></span> <span class='ocrx_word' id='word_1_375' title='bbox 2779 2180 2891 2243; x_wconf 81' lang='grc' dir='ltr'><em>τοῖς</em></span> <span class='ocrx_word' id='word_1_376' title='bbox 2926 2179 3152 2234; x_wconf 82' lang='grc' dir='ltr'><strong>ἐκείνων</strong></span> <span class='ocrx_word' id='word_1_377' title='bbox 3206 2182 3682 2254; x_wconf 81' lang='grc' dir='ltr'><em>ὑπηρετησόμενοι</em></span> 
     </span>
    </p>
   </div>
   <div class='ocr_carea' id='block_1_51' title="bbox 2085 2266 3681 2345">
    <p class='ocr_par' dir='ltr' id='par_1_51' title="bbox 2085 2266 3681 2345">
     <span class='ocr_line' id='line_1_51' title="bbox 2085 2266 3681 2345; baseline 0.005 -24"><span class='ocrx_word' id='word_1_378' title='bbox 2085 2266 2303 2339; x_wconf 84' lang='grc' dir='ltr'><em>θυμοῖς,</em></span> <span class='ocrx_word' id='word_1_379' title='bbox 2330 2271 2421 2323; x_wconf 73' lang='grc' dir='ltr'><em>καὶ</em></span> <span class='ocrx_word' id='word_1_380' title='bbox 2450 2270 2570 2340; x_wconf 86' lang='grc' dir='ltr'><em>μεθ’</em></span> <span class='ocrx_word' id='word_1_381' title='bbox 2596 2271 2727 2343; x_wconf 84' lang='grc' dir='ltr'><em>ὅσης</em></span> <span class='ocrx_word' id='word_1_382' title='bbox 2750 2272 2973 2342; x_wconf 75' lang='grc' dir='ltr'><em>ἥξουσιν</em></span> <span class='ocrx_word' id='word_1_383' title='bbox 2999 2273 3248 2345; x_wconf 73' lang='grc' dir='ltr'><strong>ἀνδρείας</strong></span> <span class='ocrx_word' id='word_1_384' title='bbox 3270 2291 3330 2327; x_wconf 87' lang='grc' dir='ltr'><strong>τε</strong></span> <span class='ocrx_word' id='word_1_385' title='bbox 3362 2276 3454 2328; x_wconf 73' lang='grc' dir='ltr'><em>καὶ</em></span> <span class='ocrx_word' id='word_1_386' title='bbox 3496 2276 3681 2330; x_wconf 83' lang='grc' dir='ltr'><em>εὐτολ-</em></span> 
     </span>
    </p>
   </div>
   <div class='ocr_carea' id='block_1_52' title="bbox 2087 2358 3676 2436">
    <p class='ocr_par' dir='ltr' id='par_1_52' title="bbox 2087 2358 3676 2436">
     <span class='ocr_line' id='line_1_52' title="bbox 2087 2358 3676 2436; baseline 0.004 -25"><span class='ocrx_word' id='word_1_387' title='bbox 2087 2358 2238 2429; x_wconf 87' lang='grc' dir='ltr'><em>μίας,</em></span> <span class='ocrx_word' id='word_1_388' title='bbox 2293 2361 2387 2413; x_wconf 66' lang='grc' dir='ltr'><em>καὶ</em></span> <span class='ocrx_word' id='word_1_389' title='bbox 2445 2363 2547 2433; x_wconf 83' lang='grc' dir='ltr'><em>τῆς</em></span> <span class='ocrx_word' id='word_1_390' title='bbox 2587 2364 2666 2423; x_wconf 83' lang='grc' dir='ltr'><strong>είς</strong></span> <span class='ocrx_word' id='word_1_391' title='bbox 2730 2361 3053 2434; x_wconf 82' lang='grc' dir='ltr'><strong>ἀνθρώπους</strong></span> <span class='ocrx_word' id='word_1_392' title='bbox 3108 2363 3310 2434; x_wconf 80' lang='grc' dir='ltr'><strong>ἀήθους</strong></span> <span class='ocrx_word' id='word_1_393' title='bbox 3370 2364 3676 2436; x_wconf 75' lang='grc' dir='ltr'><em>ὠμότητος,</em></span> 
     </span>
    </p>
   </div>
   <div class='ocr_carea' id='block_1_53' title="bbox 2083 2450 3680 2528">
    <p class='ocr_par' dir='ltr' id='par_1_53' title="bbox 2083 2450 3680 2528">
     <span class='ocr_line' id='line_1_53' title="bbox 2083 2450 3680 2528; baseline 0.006 -26"><span class='ocrx_word' id='word_1_394' title='bbox 2083 2450 2374 2520; x_wconf 74' lang='grc' dir='ltr'><strong>ἐμφανίζει</strong></span> <span class='ocrx_word' id='word_1_395' title='bbox 2406 2452 2582 2521; x_wconf 78' lang='grc' dir='ltr'><em>λέγων</em></span> <span class='ocrx_word' id='word_1_396' title='bbox 2601 2469 2616 2484; x_wconf 73' lang='grc' dir='ltr'><strong>ο</strong></span> <span class='ocrx_word' id='word_1_397' title='bbox 2654 2473 2671 2506; x_wconf 85' lang='grc' dir='ltr'><strong>ι</strong></span> <span class='ocrx_word' id='word_1_398' title='bbox 2695 2452 2999 2525; x_wconf 79' lang='grc' dir='ltr'><em>Τοιγαροῦν</em></span> <span class='ocrx_word' id='word_1_399' title='bbox 3020 2456 3145 2525; x_wconf 85' lang='grc' dir='ltr'><strong>ἀρεῖ</strong></span> <span class='ocrx_word' id='word_1_400' title='bbox 3174 2455 3455 2528; x_wconf 75' lang='grc' dir='ltr'><em>σύσσημον</em></span> <span class='ocrx_word' id='word_1_401' title='bbox 3484 2460 3541 2511; x_wconf 78' lang='grc' dir='ltr'><em>ὲν</em></span> <span class='ocrx_word' id='word_1_402' title='bbox 3565 2462 3680 2524; x_wconf 81' lang='grc' dir='ltr'><em>τοῖς</em></span> 
     </span>
    </p>
   </div>
   <div class='ocr_carea' id='block_1_54' title="bbox 2082 2542 3679 2621">
    <p class='ocr_par' dir='ltr' id='par_1_54' title="bbox 2082 2542 3679 2621">
     <span class='ocr_line' id='line_1_54' title="bbox 2082 2542 3679 2621; baseline 0.006 -25"><span class='ocrx_word' id='word_1_403' title='bbox 2082 2542 2261 2597; x_wconf 75' lang='grc' dir='ltr'><em>ἔθνεσι</em></span> <span class='ocrx_word' id='word_1_404' title='bbox 2289 2546 2400 2608; x_wconf 82' lang='grc' dir='ltr'><em>τοῖς</em></span> <span class='ocrx_word' id='word_1_405' title='bbox 2435 2548 2654 2618; x_wconf 76' lang='grc' dir='ltr'><em>μακράν</em></span> <span class='ocrx_word' id='word_1_406' title='bbox 2686 2587 2700 2601; x_wconf 95' lang='grc'><strong>.</strong></span> <span class='ocrx_word' id='word_1_407' title='bbox 2734 2566 2753 2600; x_wconf 76' lang='grc' dir='ltr'><strong>ι</strong></span> <span class='ocrx_word' id='word_1_408' title='bbox 2801 2548 2877 2602; x_wconf 81' lang='grc' dir='ltr'><strong>Οὐ</strong></span> <span class='ocrx_word' id='word_1_409' title='bbox 2915 2548 3025 2621; x_wconf 73' lang='grc' dir='ltr'><em>γὰρ</em></span> <span class='ocrx_word' id='word_1_410' title='bbox 3056 2550 3246 2621; x_wconf 77' lang='grc' dir='ltr'><em>ὅμοροι</em></span> <span class='ocrx_word' id='word_1_411' title='bbox 3295 2551 3389 2604; x_wconf 70' lang='grc' dir='ltr'><em>καὶ</em></span> <span class='ocrx_word' id='word_1_412' title='bbox 3435 2551 3679 2620; x_wconf 82' lang='grc' dir='ltr'><em>γείτονες</em></span> 
     </span>
    </p>
   </div>
   <div class='ocr_carea' id='block_1_55' title="bbox 2081 2637 3678 2715">
    <p class='ocr_par' dir='ltr' id='par_1_55' title="bbox 2081 2637 3678 2715">
     <span class='ocr_line' id='line_1_55' title="bbox 2081 2637 3678 2715; baseline 0.005 -24"><span class='ocrx_word' id='word_1_413' title='bbox 2081 2638 2180 2708; x_wconf 82' lang='grc' dir='ltr'><em>τῆς</em></span> <span class='ocrx_word' id='word_1_414' title='bbox 2233 2637 2504 2693; x_wconf 72' lang='grc' dir='ltr'><strong>Ἰουδαίων</strong></span> <span class='ocrx_word' id='word_1_415' title='bbox 2544 2638 2727 2712; x_wconf 82' lang='grc' dir='ltr'><em>χώρας</em></span> <span class='ocrx_word' id='word_1_416' title='bbox 2786 2642 2837 2694; x_wconf 87' lang='grc' dir='ltr'><em>οἱ</em></span> <span class='ocrx_word' id='word_1_417' title='bbox 2892 2643 3098 2714; x_wconf 72' lang='grc' dir='ltr'><em>ταύτην</em></span> <span class='ocrx_word' id='word_1_418' title='bbox 3160 2644 3520 2715; x_wconf 77' lang='grc' dir='ltr'><em>ἡρημωκὸτες</em></span> <span class='ocrx_word' id='word_1_419' title='bbox 3579 2646 3678 2699; x_wconf 78' lang='grc' dir='ltr'><em>καὶ</em></span> 
     </span>
    </p>
   </div>
   <div class='ocr_carea' id='block_1_56' title="bbox 2082 2733 3677 2806">
    <p class='ocr_par' dir='ltr' id='par_1_56' title="bbox 2082 2733 3677 2806">
     <span class='ocr_line' id='line_1_56' title="bbox 2082 2733 3677 2806; baseline 0.005 -21"><span class='ocrx_word' id='word_1_420' title='bbox 2082 2733 2576 2803; x_wconf 77' lang='grc' dir='ltr'><em>κατεμπρήσαντες</em></span> <span class='ocrx_word' id='word_1_421' title='bbox 2610 2734 2678 2786; x_wconf 81' lang='grc' dir='ltr'><em>τὰ</em></span> <span class='ocrx_word' id='word_1_422' title='bbox 2720 2733 3093 2806; x_wconf 81' lang='grc' dir='ltr'><em>Ἱεροσόλυμα,</em></span> <span class='ocrx_word' id='word_1_423' title='bbox 3123 2738 3218 2791; x_wconf 75' lang='grc' dir='ltr'><em>καὶ</em></span> <span class='ocrx_word' id='word_1_424' title='bbox 3248 2738 3467 2801; x_wconf 75' lang='grc' dir='ltr'><em>ἁπάσας</em></span> <span class='ocrx_word' id='word_1_425' title='bbox 3493 2738 3551 2791; x_wconf 75' lang='grc' dir='ltr'><em>δὲ</em></span> <span class='ocrx_word' id='word_1_426' title='bbox 3577 2738 3677 2802; x_wconf 78' lang='grc' dir='ltr'><em>τὰς</em></span> 
     </span>
    </p>
   </div>
   <div class='ocr_carea' id='block_1_57' title="bbox 2080 2820 3671 2898">
    <p class='ocr_par' dir='ltr' id='par_1_57' title="bbox 2080 2820 3671 2898">
     <span class='ocr_line' id='line_1_57' title="bbox 2080 2820 3671 2898; baseline 0.003 -23"><span class='ocrx_word' id='word_1_427' title='bbox 2080 2820 2189 2875; x_wconf 84' lang='grc' dir='ltr'><em>τῶν</em></span> <span class='ocrx_word' id='word_1_428' title='bbox 2235 2821 2505 2876; x_wconf 77' lang='grc' dir='ltr'><strong>Ἰουδαίων</strong></span> <span class='ocrx_word' id='word_1_429' title='bbox 2537 2822 2740 2889; x_wconf 84' lang='grc' dir='ltr'><em>πόλεις,</em></span> <span class='ocrx_word' id='word_1_430' title='bbox 2787 2822 2990 2878; x_wconf 77' lang='grc' dir='ltr'><em>ἀλλ’ἐκ</em></span> <span class='ocrx_word' id='word_1_431' title='bbox 3018 2824 3216 2896; x_wconf 80' lang='grc' dir='ltr'><em>χωρῶν</em></span> <span class='ocrx_word' id='word_1_432' title='bbox 3276 2825 3386 2878; x_wconf 83' lang='grc' dir='ltr'><em>τῶν</em></span> <span class='ocrx_word' id='word_1_433' title='bbox 3427 2826 3671 2898; x_wconf 70' lang='grc' dir='ltr'><em>μακρὰν,</em></span> 
     </span>
    </p>
   </div>
   <div class='ocr_carea' id='block_1_58' title="bbox 2083 2913 3669 2989">
    <p class='ocr_par' dir='ltr' id='par_1_58' title="bbox 2083 2913 3669 2989">
     <span class='ocr_line' id='line_1_58' title="bbox 2083 2913 3669 2989; baseline 0.004 -22"><span class='ocrx_word' id='word_1_434' title='bbox 2083 2914 2178 2968; x_wconf 78' lang='grc' dir='ltr'><em>καὶ</em></span> <span class='ocrx_word' id='word_1_435' title='bbox 2207 2913 2267 2980; x_wconf 77' lang='grc' dir='ltr'>ἐξ</span> <span class='ocrx_word' id='word_1_436' title='bbox 2295 2915 2514 2985; x_wconf 83' lang='grc' dir='ltr'><em>ἁπάσης</em></span> <span class='ocrx_word' id='word_1_437' title='bbox 2558 2914 2659 2986; x_wconf 85' lang='grc' dir='ltr'><em>τῆς</em></span> <span class='ocrx_word' id='word_1_438' title='bbox 2709 2915 2815 2986; x_wconf 81' lang='grc' dir='ltr'><em>γῆς</em></span> <span class='ocrx_word' id='word_1_439' title='bbox 2867 2917 3361 2989; x_wconf 81' lang='grc' dir='ltr'><em>συναγηγερμένοι.</em></span> <span class='ocrx_word' id='word_1_440' title='bbox 3416 2919 3669 2973; x_wconf 80' lang='grc' dir='ltr'><em>Ιιλεῑστοι</em></span> 
     </span>
    </p>
   </div>
   <div class='ocr_carea' id='block_1_59' title="bbox 2081 3004 3673 3082">
    <p class='ocr_par' dir='ltr' id='par_1_59' title="bbox 2081 3004 3673 3082">
     <span class='ocr_line' id='line_1_59' title="bbox 2081 3004 3673 3082; baseline 0.006 -24"><span class='ocrx_word' id='word_1_441' title='bbox 2081 3005 2190 3077; x_wconf 71' lang='grc' dir='ltr'><em>γὰρ</em></span> <span class='ocrx_word' id='word_1_442' title='bbox 2220 3004 2369 3058; x_wconf 69' lang='grc' dir='ltr'><em>λίαν*</em></span> <span class='ocrx_word' id='word_1_443' title='bbox 2407 3005 2605 3077; x_wconf 74' lang='grc' dir='ltr'><em>μᾶλλον</em></span> <span class='ocrx_word' id='word_1_444' title='bbox 2634 3007 2691 3060; x_wconf 77' lang='grc' dir='ltr'><em>δὲ</em></span> <span class='ocrx_word' id='word_1_445' title='bbox 2719 3008 2863 3079; x_wconf 82' lang='grc' dir='ltr'><em>τάχα</em></span> <span class='ocrx_word' id='word_1_446' title='bbox 2913 3016 3014 3063; x_wconf 82' lang='grc' dir='ltr'><strong>που</strong></span> <span class='ocrx_word' id='word_1_447' title='bbox 3045 3011 3138 3063; x_wconf 72' lang='grc' dir='ltr'><em>καὶ</em></span> <span class='ocrx_word' id='word_1_448' title='bbox 3162 3011 3395 3082; x_wconf 77' lang='grc' dir='ltr'><em>ἀριθμοῦ</em></span> <span class='ocrx_word' id='word_1_449' title='bbox 3421 3012 3673 3081; x_wconf 84' lang='grc' dir='ltr'><em>κρείττο-</em></span> 
     </span>
    </p>
   </div>
   <div class='ocr_carea' id='block_1_60' title="bbox 396 3096 1978 3177">
    <p class='ocr_par' dir='ltr' id='par_1_60' title="bbox 396 3102 1978 3177">
     <span class='ocr_line' id='line_1_60' title="bbox 396 3102 1978 3177; baseline -0.001 -16"><span class='ocrx_word' id='word_1_450' title='bbox 396 3106 592 3177; x_wconf 88' lang='lat' dir='ltr'><strong>inquit,</strong></span> <span class='ocrx_word' id='word_1_451' title='bbox 618 3102 1120 3171; x_wconf 64' lang='lat' dir='ltr'><strong>dabitur,‘periude</strong></span> <span class='ocrx_word' id='word_1_452' title='bbox 1150 3110 1208 3154; x_wconf 90' lang='lat' dir='ltr'><strong>ut</strong></span> <span class='ocrx_word' id='word_1_453' title='bbox 1239 3102 1362 3155; x_wconf 84' lang='lat' dir='ltr'><strong>belli</strong></span> <span class='ocrx_word' id='word_1_454' title='bbox 1397 3116 1463 3156; x_wconf 88' lang='lat' dir='ltr'><strong>ac</strong></span> <span class='ocrx_word' id='word_1_455' title='bbox 1499 3117 1692 3172; x_wconf 72' lang='lat' dir='ltr'><strong>pugnae</strong></span> <span class='ocrx_word' id='word_1_456' title='bbox 1720 3111 1978 3172; x_wconf 86' lang='lat' dir='ltr'><strong>tempore.</strong></span> 
     </span>
    </p>
   </div>
   <div class='ocr_carea' id='block_1_61' title="bbox 2081 3096 3668 3177">
    <p class='ocr_par' dir='ltr' id='par_1_61' title="bbox 2088 3096 3668 3174">
     <span class='ocr_line' id='line_1_61' title="bbox 2088 3096 3668 3174; baseline 0.006 -27"><span class='ocrx_word' id='word_1_457' title='bbox 2088 3111 2177 3159; x_wconf 82' lang='lat' dir='ltr'><strong>vs;</strong></span> <span class='ocrx_word' id='word_1_458' title='bbox 2209 3096 2302 3149; x_wconf 74' lang='grc' dir='ltr'><em>καὶ</em></span> <span class='ocrx_word' id='word_1_459' title='bbox 2332 3097 2381 3149; x_wconf 89' lang='grc' dir='ltr'><em>οἱ</em></span> <span class='ocrx_word' id='word_1_460' title='bbox 2418 3097 2841 3163; x_wconf 81' lang='grc' dir='ltr'><em>συνασπίζοντες</em></span> <span class='ocrx_word' id='word_1_461' title='bbox 2869 3100 3265 3171; x_wconf 75' lang='grc' dir='ltr'><strong>Οὐεσπασιανῷ</strong></span> <span class='ocrx_word' id='word_1_462' title='bbox 3295 3118 3351 3154; x_wconf 81' lang='grc' dir='ltr'><strong>τε</strong></span> <span class='ocrx_word' id='word_1_463' title='bbox 3385 3104 3474 3154; x_wconf 75' lang='grc' dir='ltr'><em>καὶ</em></span> <span class='ocrx_word' id='word_1_464' title='bbox 3504 3103 3668 3174; x_wconf 83' lang='grc' dir='ltr'><em>Τίτῳ.</em></span> 
     </span>
    </p>
   </div>
   <div class='ocr_carea' id='block_1_62' title="bbox 401 3193 1978 3258">
    <p class='ocr_par' dir='ltr' id='par_1_62' title="bbox 401 3193 1978 3258">
     <span class='ocr_line' id='line_1_62' title="bbox 401 3193 1978 3258; baseline -0.003 -5"><span class='ocrx_word' id='word_1_465' title='bbox 401 3198 495 3254; x_wconf 85' lang='lat' dir='ltr'><strong>Sic</strong></span> <span class='ocrx_word' id='word_1_466' title='bbox 557 3199 701 3252; x_wconf 88' lang='lat' dir='ltr'><strong>enim</strong></span> <span class='ocrx_word' id='word_1_467' title='bbox 781 3195 1010 3249; x_wconf 86' lang='lat' dir='ltr'><strong>ducibus</strong></span> <span class='ocrx_word' id='word_1_468' title='bbox 1072 3193 1315 3247; x_wconf 85' lang='lat' dir='ltr'><strong>solemne</strong></span> <span class='ocrx_word' id='word_1_469' title='bbox 1379 3204 1501 3258; x_wconf 88' lang='lat' dir='ltr'><strong>est,</strong></span> <span class='ocrx_word' id='word_1_470' title='bbox 1573 3194 1978 3250; x_wconf 88' lang='lat' dir='ltr'><strong>multitudinem</strong></span> 
     </span>
    </p>
   </div>
   <div class='ocr_carea' id='block_1_63' title="bbox 395 3285 1980 3360">
    <p class='ocr_par' dir='ltr' id='par_1_63' title="bbox 395 3285 1980 3360">
     <span class='ocr_line' id='line_1_63' title="bbox 395 3285 1980 3360; baseline -0.004 -12"><span class='ocrx_word' id='word_1_471' title='bbox 395 3292 501 3348; x_wconf 86' lang='lat' dir='ltr'><strong>sub</strong></span> <span class='ocrx_word' id='word_1_472' title='bbox 554 3290 687 3360; x_wconf 83' lang='lat' dir='ltr'><strong>ipsis</strong></span> <span class='ocrx_word' id='word_1_473' title='bbox 729 3296 1027 3343; x_wconf 85' lang='lat' dir='ltr'><strong>merentem</strong></span> <span class='ocrx_word' id='word_1_474' title='bbox 1082 3286 1134 3340; x_wconf 91' lang='lat' dir='ltr'><strong>in</strong></span> <span class='ocrx_word' id='word_1_475' title='bbox 1187 3285 1360 3347; x_wconf 80' lang='lat' dir='ltr'><strong>aciem</strong></span> <span class='ocrx_word' id='word_1_476' title='bbox 1400 3285 1703 3352; x_wconf 89' lang='lat' dir='ltr'><strong>educturis,</strong></span> <span class='ocrx_word' id='word_1_477' title='bbox 1762 3290 1980 3358; x_wconf 86' lang='lat' dir='ltr'><strong>signum</strong></span> 
     </span>
    </p>
   </div>
   <div class='ocr_carea' id='block_1_64' title="bbox 393 3379 1976 3453">
    <p class='ocr_par' dir='ltr' id='par_1_64' title="bbox 393 3379 1976 3453">
     <span class='ocr_line' id='line_1_64' title="bbox 393 3379 1976 3453; baseline -0.001 -17"><span class='ocrx_word' id='word_1_478' title='bbox 393 3383 664 3453; x_wconf 77' lang='lat' dir='ltr'><strong>quoddam</strong></span> <span class='ocrx_word' id='word_1_479' title='bbox 719 3382 886 3444; x_wconf 86' lang='lat' dir='ltr'><strong>dare.</strong></span> <span class='ocrx_word' id='word_1_480' title='bbox 946 3387 1000 3435; x_wconf 88' lang='lat' dir='ltr'><strong>et</strong></span> <span class='ocrx_word' id='word_1_481' title='bbox 1053 3379 1271 3442; x_wconf 79' lang='lat' dir='ltr'><strong>vexilla,</strong></span> <span class='ocrx_word' id='word_1_482' title='bbox 1330 3389 1391 3433; x_wconf 90' lang='lat' dir='ltr'><strong>ut</strong></span> <span class='ocrx_word' id='word_1_483' title='bbox 1441 3389 1673 3444; x_wconf 78' lang='lat' dir='ltr'><strong>vocant,</strong></span> <span class='ocrx_word' id='word_1_484' title='bbox 1718 3380 1773 3435; x_wconf 90' lang='lat' dir='ltr'><strong>in</strong></span> <span class='ocrx_word' id='word_1_485' title='bbox 1808 3381 1976 3435; x_wconf 89' lang='lat' dir='ltr'><strong>altum</strong></span> 
     </span>
    </p>
   </div>
   <div class='ocr_carea' id='block_1_65' title="bbox 402 3469 1974 3541">
    <p class='ocr_par' dir='ltr' id='par_1_65' title="bbox 402 3469 1974 3541">
     <span class='ocr_line' id='line_1_65' title="bbox 402 3469 1974 3541; baseline 0.002 -16"><span class='ocrx_word' id='word_1_486' title='bbox 402 3474 617 3528; x_wconf 78' lang='lat' dir='ltr'><strong>tollere.</strong></span> <span class='ocrx_word' id='word_1_487' title='bbox 680 3470 924 3540; x_wconf 87' lang='lat' dir='ltr'><strong>Quorum</strong></span> <span class='ocrx_word' id='word_1_488' title='bbox 980 3479 1035 3525; x_wconf 89' lang='lat' dir='ltr'><strong>et</strong></span> <span class='ocrx_word' id='word_1_489' title='bbox 1093 3470 1355 3541; x_wconf 79' lang='lat' dir='ltr'><strong>propheta</strong></span> <span class='ocrx_word' id='word_1_490' title='bbox 1413 3469 1583 3526; x_wconf 88' lang='lat' dir='ltr'><strong>Isaias</strong></span> <span class='ocrx_word' id='word_1_491' title='bbox 1658 3471 1907 3527; x_wconf 89' lang='lat' dir='ltr'><strong>meminit</strong></span> <span class='ocrx_word' id='word_1_492' title='bbox 1959 3490 1974 3528; x_wconf 79' lang='grc' dir='ltr'><strong>ι</strong></span> 
     </span>
    </p>
   </div>
   <div class='ocr_carea' id='block_1_66' title="bbox 390 3558 1981 3639">
    <p class='ocr_par' dir='ltr' id='par_1_66' title="bbox 390 3558 1981 3639">
     <span class='ocr_line' id='line_1_66' title="bbox 390 3558 1981 3639; baseline 0.001 -18"><span class='ocrx_word' id='word_1_493' title='bbox 390 3567 505 3639; x_wconf 81' lang='lat'><strong>99</strong></span> <span class='ocrx_word' id='word_1_494' title='bbox 537 3566 814 3636; x_wconf 76' lang='lat' dir='ltr'><strong>Capictur,</strong></span> <span class='ocrx_word' id='word_1_495' title='bbox 863 3564 1136 3634; x_wconf 84' lang='lat' dir='ltr'><strong>inquiens,</strong></span> <span class='ocrx_word' id='word_1_496' title='bbox 1179 3572 1238 3618; x_wconf 91' lang='lat' dir='ltr'><strong>ut</strong></span> <span class='ocrx_word' id='word_1_497' title='bbox 1278 3563 1539 3618; x_wconf 77' lang='lat' dir='ltr'><strong>vexillum</strong></span> <span class='ocrx_word' id='word_1_498' title='bbox 1582 3558 1634 3619; x_wconf 75' lang='lat' dir='ltr'><strong>in</strong></span> <span class='ocrx_word' id='word_1_499' title='bbox 1682 3578 1890 3630; x_wconf 85' lang='lat' dir='ltr'><strong>monte.</strong></span> <span class='ocrx_word' id='word_1_500' title='bbox 1922 3576 1981 3623; x_wconf 89' lang='lat' dir='ltr'><strong>et</strong></span> 
     </span>
    </p>
   </div>
   <div class='ocr_carea' id='block_1_67' title="bbox 391 3653 1979 3731">
    <p class='ocr_par' dir='ltr' id='par_1_67' title="bbox 391 3653 1979 3731">
     <span class='ocr_line' id='line_1_67' title="bbox 391 3653 1979 3731; baseline -0.001 -17"><span class='ocrx_word' id='word_1_501' title='bbox 391 3670 453 3715; x_wconf 90' lang='lat' dir='ltr'><strong>ut</strong></span> <span class='ocrx_word' id='word_1_502' title='bbox 480 3661 692 3731; x_wconf 85' lang='lat' dir='ltr'><strong>signum</strong></span> <span class='ocrx_word' id='word_1_503' title='bbox 729 3673 921 3728; x_wconf 87' lang='lat' dir='ltr'><strong>gerens</strong></span> <span class='ocrx_word' id='word_1_504' title='bbox 958 3662 1010 3711; x_wconf 90' lang='lat' dir='ltr'><strong>in</strong></span> <span class='ocrx_word' id='word_1_505' title='bbox 1043 3656 1204 3711; x_wconf 88' lang='lat' dir='ltr'><strong>colle.</strong></span> <span class='ocrx_word' id='word_1_506' title='bbox 1242 3653 1512 3711; x_wconf 76' lang='lat' dir='ltr'><strong>Vexillum</strong></span> <span class='ocrx_word' id='word_1_507' title='bbox 1552 3672 1788 3727; x_wconf 84' lang='lat' dir='ltr'><strong>namque</strong></span> <span class='ocrx_word' id='word_1_508' title='bbox 1817 3657 1979 3714; x_wconf 87' lang='lat' dir='ltr'><strong>collo-</strong></span> 
     </span>
    </p>
   </div>
   <div class='ocr_carea' id='block_1_68' title="bbox 390 3744 1973 3820">
    <p class='ocr_par' dir='ltr' id='par_1_68' title="bbox 390 3744 1973 3820">
     <span class='ocr_line' id='line_1_68' title="bbox 390 3744 1973 3820; baseline 0.001 -15"><span class='ocrx_word' id='word_1_509' title='bbox 390 3762 580 3807; x_wconf 84' lang='lat' dir='ltr'><strong>cantes</strong></span> <span class='ocrx_word' id='word_1_510' title='bbox 613 3752 664 3806; x_wconf 91' lang='lat' dir='ltr'><strong>in</strong></span> <span class='ocrx_word' id='word_1_511' title='bbox 712 3749 949 3820; x_wconf 64' lang='lat' dir='ltr'><strong>praealtis</strong></span> <span class='ocrx_word' id='word_1_512' title='bbox 989 3747 1303 3813; x_wconf 82' lang='lat' dir='ltr'><strong>verticibus,</strong></span> <span class='ocrx_word' id='word_1_513' title='bbox 1353 3749 1437 3804; x_wconf 87' lang='lat' dir='ltr'><strong>vel</strong></span> <span class='ocrx_word' id='word_1_514' title='bbox 1480 3759 1626 3806; x_wconf 87' lang='lat' dir='ltr'><strong>recta</strong></span> <span class='ocrx_word' id='word_1_515' title='bbox 1652 3744 1973 3820; x_wconf 84' lang='lat' dir='ltr'><strong>procedunt,</strong></span> 
     </span>
    </p>
   </div>
   <div class='ocr_carea' id='block_1_69' title="bbox 388 3841 1973 3912">
    <p class='ocr_par' dir='ltr' id='par_1_69' title="bbox 388 3841 1973 3912">
     <span class='ocr_line' id='line_1_69' title="bbox 388 3841 1973 3912; baseline 0.002 -15"><span class='ocrx_word' id='word_1_516' title='bbox 388 3844 474 3900; x_wconf 87' lang='lat' dir='ltr'><strong>vel</strong></span> <span class='ocrx_word' id='word_1_517' title='bbox 507 3843 880 3905; x_wconf 84' lang='lat' dir='ltr'><strong>retrocedunt,</strong></span> <span class='ocrx_word' id='word_1_518' title='bbox 910 3841 995 3896; x_wconf 86' lang='lat' dir='ltr'><strong>vel</strong></span> <span class='ocrx_word' id='word_1_519' title='bbox 1034 3841 1201 3897; x_wconf 89' lang='lat' dir='ltr'><strong>etiam</strong></span> <span class='ocrx_word' id='word_1_520' title='bbox 1234 3842 1574 3911; x_wconf 86' lang='lat' dir='ltr'><strong>suspendunt</strong></span> <span class='ocrx_word' id='word_1_521' title='bbox 1609 3844 1868 3912; x_wconf 81' lang='lat' dir='ltr'><strong>quiddam</strong></span> <span class='ocrx_word' id='word_1_522' title='bbox 1904 3847 1973 3900; x_wconf 87' lang='lat' dir='ltr'><strong>ad</strong></span> 
     </span>
    </p>
   </div>
   <div class='ocr_carea' id='block_1_70' title="bbox 389 3932 1976 4005">
    <p class='ocr_par' dir='ltr' id='par_1_70' title="bbox 389 3932 1976 4005">
     <span class='ocr_line' id='line_1_70' title="bbox 389 3932 1976 4005; baseline 0.001 -16"><span class='ocrx_word' id='word_1_523' title='bbox 389 3935 533 4005; x_wconf 85' lang='lat' dir='ltr'><strong>quod</strong></span> <span class='ocrx_word' id='word_1_524' title='bbox 566 3935 711 3989; x_wconf 83' lang='lat' dir='ltr'><strong>acies</strong></span> <span class='ocrx_word' id='word_1_525' title='bbox 740 3933 980 4002; x_wconf 86' lang='lat' dir='ltr'><strong>respicit.</strong></span> <span class='ocrx_word' id='word_1_526' title='bbox 1010 3932 1173 3987; x_wconf 80' lang='lat' dir='ltr'><strong>Novit</strong></span> <span class='ocrx_word' id='word_1_527' title='bbox 1196 3934 1340 3988; x_wconf 87' lang='lat' dir='ltr'><strong>enim</strong></span> <span class='ocrx_word' id='word_1_528' title='bbox 1374 3933 1478 3988; x_wconf 86' lang='lat' dir='ltr'><strong>hoc</strong></span> <span class='ocrx_word' id='word_1_529' title='bbox 1504 3944 1663 4003; x_wconf 88' lang='lat' dir='ltr'><strong>pacto</strong></span> <span class='ocrx_word' id='word_1_530' title='bbox 1694 3935 1848 3991; x_wconf 90' lang='lat' dir='ltr'><strong>ducis</strong></span> <span class='ocrx_word' id='word_1_531' title='bbox 1880 3951 1976 3990; x_wconf 85' lang='lat' dir='ltr'><strong>vo-</strong></span> 
     </span>
    </p>
   </div>
   <div class='ocr_carea' id='block_1_71' title="bbox 390 4025 1975 4098">
    <p class='ocr_par' dir='ltr' id='par_1_71' title="bbox 390 4025 1975 4098">
     <span class='ocr_line' id='line_1_71' title="bbox 390 4025 1975 4098; baseline 0 -15"><span class='ocrx_word' id='word_1_532' title='bbox 390 4030 677 4084; x_wconf 86' lang='lat' dir='ltr'><strong>luntatem.</strong></span> <span class='ocrx_word' id='word_1_533' title='bbox 716 4025 904 4096; x_wconf 84' lang='lat' dir='ltr'><strong>Itaque</strong></span> <span class='ocrx_word' id='word_1_534' title='bbox 932 4027 1151 4090; x_wconf 87' lang='lat' dir='ltr'><strong>levabit,</strong></span> <span class='ocrx_word' id='word_1_535' title='bbox 1180 4029 1374 4097; x_wconf 89' lang='lat' dir='ltr'><strong>inquit,</strong></span> <span class='ocrx_word' id='word_1_536' title='bbox 1404 4027 1642 4098; x_wconf 84' lang='lat' dir='ltr'><strong>signum,</strong></span> <span class='ocrx_word' id='word_1_537' title='bbox 1670 4028 1975 4085; x_wconf 84' lang='lat' dir='ltr'><strong>assibilabit</strong></span> 
     </span>
    </p>
   </div>
   <div class='ocr_carea' id='block_1_72' title="bbox 391 4103 1969 4191">
    <p class='ocr_par' dir='ltr' id='par_1_72' title="bbox 391 4103 1969 4191">
     <span class='ocr_line' id='line_1_72' title="bbox 391 4103 1969 4191; baseline 0.001 -17"><span class='ocrx_word' id='word_1_538' title='bbox 391 4121 519 4174; x_wconf 81' lang='lat' dir='ltr'><strong>illis.</strong></span> <span class='ocrx_word' id='word_1_539' title='bbox 558 4119 735 4175; x_wconf 89' lang='lat' dir='ltr'><strong>Sumit</strong></span> <span class='ocrx_word' id='word_1_540' title='bbox 768 4103 869 4174; x_wconf 81' lang='lat' dir='ltr'><strong>hoc</strong></span> <span class='ocrx_word' id='word_1_541' title='bbox 896 4132 1105 4186; x_wconf 89' lang='lat' dir='ltr'><strong>rursus,</strong></span> <span class='ocrx_word' id='word_1_542' title='bbox 1125 4117 1272 4173; x_wconf 87' lang='lat' dir='ltr'><strong>velut</strong></span> <span class='ocrx_word' id='word_1_543' title='bbox 1296 4133 1325 4173; x_wconf 87' lang='lat' dir='ltr'><strong>a</strong></span> <span class='ocrx_word' id='word_1_544' title='bbox 1370 4119 1765 4175; x_wconf 89' lang='lat' dir='ltr'><strong>consuetudine</strong></span> <span class='ocrx_word' id='word_1_545' title='bbox 1789 4135 1969 4191; x_wconf 88' lang='lat' dir='ltr'><strong>apum.</strong></span> 
     </span>
    </p>
   </div>
   <div class='ocr_carea' id='block_1_73' title="bbox 390 4206 1972 4279">
    <p class='ocr_par' dir='ltr' id='par_1_73' title="bbox 390 4206 1972 4279">
     <span class='ocr_line' id='line_1_73' title="bbox 390 4206 1972 4279; baseline -0.001 -14"><span class='ocrx_word' id='word_1_546' title='bbox 390 4210 578 4265; x_wconf 77' lang='lat' dir='ltr'><strong>Solent</strong></span> <span class='ocrx_word' id='word_1_547' title='bbox 611 4210 754 4263; x_wconf 87' lang='lat' dir='ltr'><strong>enim</strong></span> <span class='ocrx_word' id='word_1_548' title='bbox 780 4207 972 4279; x_wconf 86' lang='lat' dir='ltr'><strong>apiarii</strong></span> <span class='ocrx_word' id='word_1_549' title='bbox 1003 4206 1164 4263; x_wconf 89' lang='lat' dir='ltr'><strong>sibilo</strong></span> <span class='ocrx_word' id='word_1_550' title='bbox 1186 4223 1284 4264; x_wconf 86' lang='lat' dir='ltr'><strong>eas</strong></span> <span class='ocrx_word' id='word_1_551' title='bbox 1319 4208 1583 4275; x_wconf 84' lang='lat' dir='ltr'><strong>excitare,</strong></span> <span class='ocrx_word' id='word_1_552' title='bbox 1614 4218 1670 4263; x_wconf 86' lang='lat' dir='ltr'><strong>et</strong></span> <span class='ocrx_word' id='word_1_553' title='bbox 1692 4208 1769 4264; x_wconf 88' lang='lat' dir='ltr'><strong>ita</strong></span> <span class='ocrx_word' id='word_1_554' title='bbox 1792 4225 1858 4265; x_wconf 81' lang='lat' dir='ltr'><strong>ex</strong></span> <span class='ocrx_word' id='word_1_555' title='bbox 1889 4210 1972 4264; x_wconf 81' lang='lat' dir='ltr'><strong>al-</strong></span> 
     </span>
    </p>
   </div>
   <div class='ocr_carea' id='block_1_74' title="bbox 386 4300 1971 4379">
    <p class='ocr_par' dir='ltr' id='par_1_74' title="bbox 386 4300 1971 4379">
     <span class='ocr_line' id='line_1_74' title="bbox 386 4300 1971 4379; baseline 0.003 -26"><span class='ocrx_word' id='word_1_556' title='bbox 386 4303 588 4357; x_wconf 82' lang='lat' dir='ltr'><strong>veariis</strong></span> <span class='ocrx_word' id='word_1_557' title='bbox 608 4304 673 4356; x_wconf 91' lang='lat' dir='ltr'><strong>ad</strong></span> <span class='ocrx_word' id='word_1_558' title='bbox 692 4300 851 4356; x_wconf 82' lang='lat' dir='ltr'><strong>liores</strong></span> <span class='ocrx_word' id='word_1_559' title='bbox 870 4309 925 4356; x_wconf 88' lang='lat' dir='ltr'><strong>et</strong></span> <span class='ocrx_word' id='word_1_560' title='bbox 946 4300 1142 4356; x_wconf 83' lang='lat' dir='ltr'><strong>herbas</strong></span> <span class='ocrx_word' id='word_1_561' title='bbox 1163 4303 1416 4379; x_wconf 79' lang='lat' dir='ltr'><strong>educere,</strong></span> <span class='ocrx_word' id='word_1_562' title='bbox 1434 4308 1488 4354; x_wconf 88' lang='lat' dir='ltr'><strong>et</strong></span> <span class='ocrx_word' id='word_1_563' title='bbox 1507 4316 1571 4356; x_wconf 81' lang='lat' dir='ltr'><strong>ex</strong></span> <span class='ocrx_word' id='word_1_564' title='bbox 1594 4303 1740 4373; x_wconf 80' lang='lat' dir='ltr'><strong>agris</strong></span> <span class='ocrx_word' id='word_1_565' title='bbox 1755 4317 1971 4374; x_wconf 86' lang='lat' dir='ltr'><strong>quoque</strong></span> 
     </span>
    </p>
   </div>
   <div class='ocr_carea' id='block_1_75' title="bbox 392 4393 1972 4464">
    <p class='ocr_par' dir='ltr' id='par_1_75' title="bbox 392 4393 1972 4464">
     <span class='ocr_line' id='line_1_75' title="bbox 392 4393 1972 4464; baseline 0 -15"><span class='ocrx_word' id='word_1_566' title='bbox 392 4396 678 4457; x_wconf 81' lang='lat' dir='ltr'><strong>reducere.</strong></span> <span class='ocrx_word' id='word_1_567' title='bbox 703 4395 956 4464; x_wconf 87' lang='lat' dir='ltr'><strong>domique</strong></span> <span class='ocrx_word' id='word_1_568' title='bbox 979 4404 1039 4448; x_wconf 92' lang='lat' dir='ltr'><strong>ut</strong></span> <span class='ocrx_word' id='word_1_569' title='bbox 1067 4395 1430 4449; x_wconf 88' lang='lat' dir='ltr'><strong>immorentur</strong></span> <span class='ocrx_word' id='word_1_570' title='bbox 1454 4393 1688 4449; x_wconf 83' lang='lat' dir='ltr'><strong>el&#39;licere.</strong></span> <span class='ocrx_word' id='word_1_571' title='bbox 1720 4394 1972 4450; x_wconf 84' lang='lat' dir='ltr'><strong>Sibilabit</strong></span> 
     </span>
    </p>
   </div>
   <div class='ocr_carea' id='block_1_76' title="bbox 384 4484 1970 4556">
    <p class='ocr_par' dir='ltr' id='par_1_76' title="bbox 384 4484 1970 4556">
     <span class='ocr_line' id='line_1_76' title="bbox 384 4484 1970 4556; baseline -0.001 -15"><span class='ocrx_word' id='word_1_572' title='bbox 384 4501 535 4554; x_wconf 74' lang='lat' dir='ltr'><strong>ergo,</strong></span> <span class='ocrx_word' id='word_1_573' title='bbox 574 4486 769 4556; x_wconf 89' lang='lat' dir='ltr'><strong>inquit.</strong></span> <span class='ocrx_word' id='word_1_574' title='bbox 794 4484 856 4540; x_wconf 92' lang='lat' dir='ltr'><strong>IIi</strong></span> <span class='ocrx_word' id='word_1_575' title='bbox 878 4501 1008 4540; x_wconf 87' lang='lat' dir='ltr'><strong>vero</strong></span> <span class='ocrx_word' id='word_1_576' title='bbox 1030 4499 1315 4540; x_wconf 86' lang='lat' dir='ltr'><strong>accurrere</strong></span> <span class='ocrx_word' id='word_1_577' title='bbox 1334 4484 1582 4541; x_wconf 84' lang='lat' dir='ltr'><strong>volucres</strong></span> <span class='ocrx_word' id='word_1_578' title='bbox 1612 4494 1667 4541; x_wconf 89' lang='lat' dir='ltr'><strong>et</strong></span> <span class='ocrx_word' id='word_1_579' title='bbox 1698 4484 1865 4550; x_wconf 85' lang='lat' dir='ltr'><strong>leves,</strong></span> <span class='ocrx_word' id='word_1_580' title='bbox 1888 4484 1970 4539; x_wconf 79' lang='lat' dir='ltr'><strong>la-</strong></span> 
     </span>
    </p>
   </div>
   <div class='ocr_carea' id='block_1_77' title="bbox 387 4575 1971 4645">
    <p class='ocr_par' dir='ltr' id='par_1_77' title="bbox 387 4575 1971 4645">
     <span class='ocr_line' id='line_1_77' title="bbox 387 4575 1971 4645; baseline 0.001 -15"><span class='ocrx_word' id='word_1_581' title='bbox 387 4592 531 4631; x_wconf 84' lang='lat' dir='ltr'><strong>mem</strong></span> <span class='ocrx_word' id='word_1_582' title='bbox 563 4589 890 4645; x_wconf 73' lang='lat' dir='ltr'><strong>tinaguopere</strong></span> <span class='ocrx_word' id='word_1_583' title='bbox 919 4589 1024 4629; x_wconf 89' lang='lat' dir='ltr'><strong>non</strong></span> <span class='ocrx_word' id='word_1_584' title='bbox 1043 4590 1260 4639; x_wconf 89' lang='lat' dir='ltr'><strong>curare,</strong></span> <span class='ocrx_word' id='word_1_585' title='bbox 1296 4589 1396 4630; x_wconf 88' lang='lat' dir='ltr'><strong>nec</strong></span> <span class='ocrx_word' id='word_1_586' title='bbox 1414 4575 1798 4645; x_wconf 85' lang='lat' dir='ltr'><strong>pertimescere</strong></span> <span class='ocrx_word' id='word_1_587' title='bbox 1823 4577 1971 4631; x_wconf 85' lang='lat' dir='ltr'><strong>labo-</strong></span> 
     </span>
    </p>
   </div>
   <div class='ocr_carea' id='block_1_78' title="bbox 386 4667 1969 4745">
    <p class='ocr_par' dir='ltr' id='par_1_78' title="bbox 386 4667 1969 4745">
     <span class='ocr_line' id='line_1_78' title="bbox 386 4667 1969 4745; baseline 0.002 -24"><span class='ocrx_word' id='word_1_588' title='bbox 386 4684 497 4735; x_wconf 86' lang='lat' dir='ltr'><strong>res,</strong></span> <span class='ocrx_word' id='word_1_589' title='bbox 525 4667 621 4723; x_wconf 87' lang='lat' dir='ltr'><strong>sed</strong></span> <span class='ocrx_word' id='word_1_590' title='bbox 652 4669 928 4723; x_wconf 79' lang='lat' dir='ltr'><strong>insomnes</strong></span> <span class='ocrx_word' id='word_1_591' title='bbox 949 4681 1093 4732; x_wconf 85' lang='lat' dir='ltr'><strong>esse,</strong></span> <span class='ocrx_word' id='word_1_592' title='bbox 1112 4675 1167 4745; x_wconf 83' lang='lat' dir='ltr'><strong>et</strong></span> <span class='ocrx_word' id='word_1_593' title='bbox 1180 4667 1481 4738; x_wconf 69' lang='lat' dir='ltr'><strong>praecincti,</strong></span> <span class='ocrx_word' id='word_1_594' title='bbox 1503 4683 1569 4723; x_wconf 85' lang='lat' dir='ltr'><strong>ac</strong></span> <span class='ocrx_word' id='word_1_595' title='bbox 1585 4668 1780 4725; x_wconf 88' lang='lat' dir='ltr'><strong>bellico</strong></span> <span class='ocrx_word' id='word_1_596' title='bbox 1802 4683 1969 4740; x_wconf 86' lang='lat' dir='ltr'><strong>appa-</strong></span> 
     </span>
    </p>
   </div>
   <div class='ocr_carea' id='block_1_79' title="bbox 386 4762 1967 4833">
    <p class='ocr_par' dir='ltr' id='par_1_79' title="bbox 386 4762 1967 4833">
     <span class='ocr_line' id='line_1_79' title="bbox 386 4762 1967 4833; baseline -0.001 -11"><span class='ocrx_word' id='word_1_597' title='bbox 386 4774 509 4822; x_wconf 88' lang='lat' dir='ltr'><strong>ratu</strong></span> <span class='ocrx_word' id='word_1_598' title='bbox 541 4762 974 4831; x_wconf 83' lang='lat' dir='ltr'><strong>instructissimi,</strong></span> <span class='ocrx_word' id='word_1_599' title='bbox 1011 4762 1288 4817; x_wconf 88' lang='lat' dir='ltr'><strong>indomitis</strong></span> <span class='ocrx_word' id='word_1_600' title='bbox 1323 4764 1480 4828; x_wconf 85' lang='lat' dir='ltr'><strong>equis</strong></span> <span class='ocrx_word' id='word_1_601' title='bbox 1510 4765 1658 4833; x_wconf 86' lang='lat' dir='ltr'><strong>vebi,</strong></span> <span class='ocrx_word' id='word_1_602' title='bbox 1697 4780 1762 4820; x_wconf 88' lang='lat' dir='ltr'><strong>ac</strong></span> <span class='ocrx_word' id='word_1_603' title='bbox 1792 4766 1967 4820; x_wconf 84' lang='lat' dir='ltr'><strong>instar</strong></span> 
     </span>
    </p>
   </div>
   <div class='ocr_carea' id='block_1_80' title="bbox 385 4853 1970 4926">
    <p class='ocr_par' dir='ltr' id='par_1_80' title="bbox 385 4853 1970 4926">
     <span class='ocr_line' id='line_1_80' title="bbox 385 4853 1970 4926; baseline 0.002 -15"><span class='ocrx_word' id='word_1_604' title='bbox 385 4857 621 4912; x_wconf 85' lang='lat' dir='ltr'><strong>turbinis</strong></span> <span class='ocrx_word' id='word_1_605' title='bbox 654 4855 912 4926; x_wconf 86' lang='lat' dir='ltr'><strong>impetum</strong></span> <span class='ocrx_word' id='word_1_606' title='bbox 949 4853 1150 4918; x_wconf 80' lang='lat' dir='ltr'><strong>facere,</strong></span> <span class='ocrx_word' id='word_1_607' title='bbox 1179 4855 1428 4911; x_wconf 90' lang='lat' dir='ltr'><strong>leonibus</strong></span> <span class='ocrx_word' id='word_1_608' title='bbox 1457 4856 1685 4924; x_wconf 83' lang='lat' dir='ltr'><strong>similes,</strong></span> <span class='ocrx_word' id='word_1_609' title='bbox 1719 4873 1782 4913; x_wconf 88' lang='lat' dir='ltr'><strong>ac</strong></span> <span class='ocrx_word' id='word_1_610' title='bbox 1816 4873 1970 4914; x_wconf 88' lang='lat' dir='ltr'><strong>more</strong></span> 
     </span>
    </p>
   </div>
   <div class='ocr_carea' id='block_1_81' title="bbox 384 4946 1970 5015">
    <p class='ocr_par' dir='ltr' id='par_1_81' title="bbox 384 4946 1970 5015">
     <span class='ocr_line' id='line_1_81' title="bbox 384 4946 1970 5015; baseline -0.001 -11"><span class='ocrx_word' id='word_1_611' title='bbox 384 4948 623 5005; x_wconf 80' lang='lat' dir='ltr'><strong>ferarum</strong></span> <span class='ocrx_word' id='word_1_612' title='bbox 654 4960 875 5015; x_wconf 31' lang='lat' dir='ltr'><strong>‘vorare</strong></span> <span class='ocrx_word' id='word_1_613' title='bbox 911 4962 926 4999; x_wconf 90' lang='lat'><strong>:</strong></span> <span class='ocrx_word' id='word_1_614' title='bbox 961 4959 1195 5001; x_wconf 90' lang='lat' dir='ltr'><strong>occursu</strong></span> <span class='ocrx_word' id='word_1_615' title='bbox 1234 4946 1374 5001; x_wconf 89' lang='lat' dir='ltr'><strong>adeo</strong></span> <span class='ocrx_word' id='word_1_616' title='bbox 1408 4947 1535 5003; x_wconf 69' lang='grc' dir='ltr'><em>δαινί</em></span> <span class='ocrx_word' id='word_1_617' title='bbox 1576 4956 1634 5002; x_wconf 88' lang='lat' dir='ltr'><strong>et</strong></span> <span class='ocrx_word' id='word_1_618' title='bbox 1663 4957 1863 5014; x_wconf 85' lang='lat' dir='ltr'><strong>truces,</strong></span> <span class='ocrx_word' id='word_1_619' title='bbox 1906 4957 1970 5004; x_wconf 87' lang='lat' dir='ltr'><strong>ut</strong></span> 
     </span>
    </p>
   </div>
   <div class='ocr_carea' id='block_1_82' title="bbox 382 5018 1969 5108">
    <p class='ocr_par' dir='ltr' id='par_1_82' title="bbox 382 5018 1969 5108">
     <span class='ocr_line' id='line_1_82' title="bbox 382 5018 1969 5108; baseline 0.001 -17"><span class='ocrx_word' id='word_1_620' title='bbox 382 5039 520 5091; x_wconf 86' lang='lat' dir='ltr'><strong>citra</strong></span> <span class='ocrx_word' id='word_1_621' title='bbox 553 5050 787 5108; x_wconf 82' lang='lat' dir='ltr'><strong>pugnam</strong></span> <span class='ocrx_word' id='word_1_622' title='bbox 814 5018 1036 5104; x_wconf 81' lang='lat' dir='ltr'><strong>possent</strong></span> <span class='ocrx_word' id='word_1_623' title='bbox 1062 5035 1304 5102; x_wconf 87' lang='lat' dir='ltr'><strong>vincere,</strong></span> <span class='ocrx_word' id='word_1_624' title='bbox 1329 5036 1545 5091; x_wconf 84' lang='lat' dir='ltr'><strong>nemine</strong></span> <span class='ocrx_word' id='word_1_625' title='bbox 1572 5044 1762 5092; x_wconf 83' lang='lat' dir='ltr'><strong>contra</strong></span> <span class='ocrx_word' id='word_1_626' title='bbox 1790 5051 1851 5092; x_wconf 86' lang='lat' dir='ltr'><strong>se</strong></span> <span class='ocrx_word' id='word_1_627' title='bbox 1872 5052 1969 5107; x_wconf 79' lang='lat' dir='ltr'><strong>op-</strong></span> 
     </span>
    </p>
   </div>
   <div class='ocr_carea' id='block_1_83' title="bbox 381 5126 1966 5197">
    <p class='ocr_par' dir='ltr' id='par_1_83' title="bbox 381 5126 1966 5197">
     <span class='ocr_line' id='line_1_83' title="bbox 381 5126 1966 5197; baseline 0.003 -14"><span class='ocrx_word' id='word_1_628' title='bbox 381 5137 640 5197; x_wconf 87' lang='lat' dir='ltr'><strong>ponente,</strong></span> <span class='ocrx_word' id='word_1_629' title='bbox 671 5127 755 5183; x_wconf 89' lang='lat' dir='ltr'><strong>vel</strong></span> <span class='ocrx_word' id='word_1_630' title='bbox 788 5129 857 5183; x_wconf 82' lang='lat' dir='ltr'><strong>ad</strong></span> <span class='ocrx_word' id='word_1_631' title='bbox 889 5126 1193 5183; x_wconf 86' lang='lat' dir='ltr'><strong>subsidium</strong></span> <span class='ocrx_word' id='word_1_632' title='bbox 1235 5128 1520 5185; x_wconf 79' lang='lat' dir='ltr'><strong>ferendum</strong></span> <span class='ocrx_word' id='word_1_633' title='bbox 1556 5130 1696 5187; x_wconf 81' lang='lat' dir='ltr'><strong>satis</strong></span> <span class='ocrx_word' id='word_1_634' title='bbox 1729 5131 1966 5187; x_wconf 87' lang='lat' dir='ltr'><strong>vaiente.</strong></span> 
     </span>
    </p>
   </div>
   <div class='ocr_carea' id='block_1_84' title="bbox 383 5217 1967 5291">
    <p class='ocr_par' dir='ltr' id='par_1_84' title="bbox 383 5217 1967 5291">
     <span class='ocr_line' id='line_1_84' title="bbox 383 5217 1967 5291; baseline 0.004 -18"><span class='ocrx_word' id='word_1_635' title='bbox 383 5217 495 5273; x_wconf 78' lang='lat' dir='ltr'><strong>Erit</strong></span> <span class='ocrx_word' id='word_1_636' title='bbox 529 5221 657 5276; x_wconf 88' lang='lat' dir='ltr'><strong>item</strong></span> <span class='ocrx_word' id='word_1_637' title='bbox 690 5220 936 5289; x_wconf 84' lang='lat' dir='ltr'><strong>ploratus</strong></span> <span class='ocrx_word' id='word_1_638' title='bbox 968 5234 1034 5275; x_wconf 89' lang='lat' dir='ltr'><strong>eo</strong></span> <span class='ocrx_word' id='word_1_639' title='bbox 1057 5229 1321 5291; x_wconf 88' lang='lat' dir='ltr'><strong>tempore,</strong></span> <span class='ocrx_word' id='word_1_640' title='bbox 1362 5230 1417 5275; x_wconf 89' lang='lat' dir='ltr'><strong>et</strong></span> <span class='ocrx_word' id='word_1_641' title='bbox 1447 5222 1658 5277; x_wconf 83' lang='lat' dir='ltr'><strong>clamor</strong></span> <span class='ocrx_word' id='word_1_642' title='bbox 1685 5222 1967 5286; x_wconf 78' lang='lat' dir='ltr'><strong>confusus,</strong></span> 
     </span>
    </p>
   </div>
   <div class='ocr_carea' id='block_1_85' title="bbox 363 5281 1971 5380">
    <p class='ocr_par' dir='ltr' id='par_1_85' title="bbox 363 5281 1971 5380">
     <span class='ocr_line' id='line_1_85' title="bbox 363 5281 1971 5380; baseline 0.004 -20"><span class='ocrx_word' id='word_1_643' title='bbox 363 5281 442 5380; x_wconf 66' lang='grc' dir='ltr'><em>ξιι</em></span> <span class='ocrx_word' id='word_1_644' title='bbox 480 5325 640 5364; x_wconf 65' lang='lat' dir='ltr'><strong>neruo</strong></span> <span class='ocrx_word' id='word_1_645' title='bbox 679 5281 750 5364; x_wconf 69' lang='lat' dir='ltr'><strong>sit</strong></span> <span class='ocrx_word' id='word_1_646' title='bbox 777 5310 869 5380; x_wconf 91' lang='lat' dir='ltr'><strong>qui</strong></span> <span class='ocrx_word' id='word_1_647' title='bbox 908 5310 1093 5380; x_wconf 65' lang='lat' dir='ltr'><strong>praesit</strong></span> <span class='ocrx_word' id='word_1_648' title='bbox 1132 5281 1279 5375; x_wconf 76' lang='lat' dir='ltr'><strong>aliis,</strong></span> <span class='ocrx_word' id='word_1_649' title='bbox 1311 5310 1537 5380; x_wconf 82' lang='lat' dir='ltr'><strong>perinde</strong></span> <span class='ocrx_word' id='word_1_650' title='bbox 1559 5312 1714 5380; x_wconf 78' lang='lat' dir='ltr'><strong>quasi</strong></span> <span class='ocrx_word' id='word_1_651' title='bbox 1756 5312 1971 5367; x_wconf 88' lang='lat' dir='ltr'><strong>sonitus</strong></span> 
     </span>
    </p>
   </div>
   <div class='ocr_carea' id='block_1_86' title="bbox 367 5362 1972 5472">
    <p class='ocr_par' dir='ltr' id='par_1_86' title="bbox 367 5362 1972 5472">
     <span class='ocr_line' id='line_1_86' title="bbox 367 5362 1972 5472; baseline 0.004 -22"><span class='ocrx_word' id='word_1_652' title='bbox 367 5362 548 5451; x_wconf 51' lang='lat' dir='ltr'><strong>’maris</strong></span> <span class='ocrx_word' id='word_1_653' title='bbox 583 5414 681 5469; x_wconf 80' lang='lat' dir='ltr'><strong>per</strong></span> <span class='ocrx_word' id='word_1_654' title='bbox 727 5403 1001 5470; x_wconf 77' lang='lat' dir='ltr'><strong>regionem</strong></span> <span class='ocrx_word' id='word_1_655' title='bbox 1049 5400 1365 5457; x_wconf 75' lang='lat' dir='ltr'><strong>Judzeorum</strong></span> <span class='ocrx_word' id='word_1_656' title='bbox 1410 5402 1792 5472; x_wconf 87' lang='lat' dir='ltr'><strong>dissiparetur.</strong></span> <span class='ocrx_word' id='word_1_657' title='bbox 1850 5402 1972 5457; x_wconf 83' lang='lat' dir='ltr'><strong>Erit</strong></span> 
     </span>
    </p>
   </div>
   <div class='ocr_carea' id='block_1_87' title="bbox 378 5487 1959 5562">
    <p class='ocr_par' dir='ltr' id='par_1_87' title="bbox 378 5487 1959 5562">
     <span class='ocr_line' id='line_1_87' title="bbox 378 5487 1959 5562; baseline 0.008 -24"><span class='ocrx_word' id='word_1_658' title='bbox 378 5487 543 5539; x_wconf 77' lang='lat' dir='ltr'><strong>etiam</strong></span> <span class='ocrx_word' id='word_1_659' title='bbox 570 5488 743 5556; x_wconf 83' lang='lat' dir='ltr'><strong>caligo</strong></span> <span class='ocrx_word' id='word_1_660' title='bbox 772 5500 933 5554; x_wconf 85' lang='lat' dir='ltr'><strong>tetra,</strong></span> <span class='ocrx_word' id='word_1_661' title='bbox 980 5492 1142 5561; x_wconf 88' lang='lat' dir='ltr'><strong>idque</strong></span> <span class='ocrx_word' id='word_1_662' title='bbox 1190 5494 1386 5561; x_wconf 84' lang='lat' dir='ltr'><strong>partim</strong></span> <span class='ocrx_word' id='word_1_663' title='bbox 1435 5503 1658 5562; x_wconf 81' lang='lat' dir='ltr'><strong>pmpter</strong></span> <span class='ocrx_word' id='word_1_664' title='bbox 1706 5494 1959 5550; x_wconf 81' lang='lat' dir='ltr'><strong>nebulam</strong></span> 
     </span>
    </p>
   </div>
   <div class='ocr_carea' id='block_1_88' title="bbox 377 5578 1961 5654">
    <p class='ocr_par' dir='ltr' id='par_1_88' title="bbox 377 5578 1961 5654">
     <span class='ocr_line' id='line_1_88' title="bbox 377 5578 1961 5654; baseline 0.008 -27"><span class='ocrx_word' id='word_1_665' title='bbox 377 5578 534 5643; x_wconf 83' lang='lat' dir='ltr'><strong>quasi</strong></span> <span class='ocrx_word' id='word_1_666' title='bbox 563 5591 618 5630; x_wconf 86' lang='lat' dir='ltr'><strong>et</strong></span> <span class='ocrx_word' id='word_1_667' title='bbox 649 5591 864 5632; x_wconf 88' lang='lat' dir='ltr'><strong>noctem</strong></span> <span class='ocrx_word' id='word_1_668' title='bbox 898 5580 1245 5653; x_wconf 80' lang='lat' dir='ltr'><strong>intelligitur,</strong></span> <span class='ocrx_word' id='word_1_669' title='bbox 1272 5585 1493 5653; x_wconf 89' lang='lat' dir='ltr'><strong>partim,</strong></span> <span class='ocrx_word' id='word_1_670' title='bbox 1529 5598 1593 5639; x_wconf 83' lang='lat' dir='ltr'><strong>ac</strong></span> <span class='ocrx_word' id='word_1_671' title='bbox 1619 5584 1837 5654; x_wconf 86' lang='lat' dir='ltr'><strong>quidem</strong></span> <span class='ocrx_word' id='word_1_672' title='bbox 1864 5600 1961 5639; x_wconf 76' lang='lat' dir='ltr'><strong>ve-</strong></span> 
     </span>
    </p>
   </div>
   <div class='ocr_carea' id='block_1_89' title="bbox 377 5675 1961 5747">
    <p class='ocr_par' dir='ltr' id='par_1_89' title="bbox 377 5675 1961 5747">
     <span class='ocr_line' id='line_1_89' title="bbox 377 5675 1961 5747; baseline 0.006 -26"><span class='ocrx_word' id='word_1_673' title='bbox 377 5683 508 5732; x_wconf 70' lang='lat' dir='ltr'><strong>rius,</strong></span> <span class='ocrx_word' id='word_1_674' title='bbox 565 5678 789 5739; x_wconf 80' lang='lat' dir='ltr'><strong>prapter</strong></span> <span class='ocrx_word' id='word_1_675' title='bbox 842 5679 1079 5727; x_wconf 88' lang='lat' dir='ltr'><strong>terrores</strong></span> <span class='ocrx_word' id='word_1_676' title='bbox 1136 5684 1193 5729; x_wconf 90' lang='lat' dir='ltr'><strong>et</strong></span> <span class='ocrx_word' id='word_1_677' title='bbox 1242 5676 1454 5730; x_wconf 88' lang='lat' dir='ltr'><strong>consilii</strong></span> <span class='ocrx_word' id='word_1_678' title='bbox 1505 5677 1765 5747; x_wconf 85' lang='lat' dir='ltr'><strong>inopiam.</strong></span> <span class='ocrx_word' id='word_1_679' title='bbox 1821 5675 1961 5732; x_wconf 74' lang='lat' dir='ltr'><strong>Mala</strong></span> 
     </span>
    </p>
   </div>
   <div class='ocr_carea' id='block_1_90' title="bbox 374 5759 1961 5833">
    <p class='ocr_par' dir='ltr' id='par_1_90' title="bbox 374 5759 1961 5833">
     <span class='ocr_line' id='line_1_90' title="bbox 374 5759 1961 5833; baseline 0.008 -19"><span class='ocrx_word' id='word_1_680' title='bbox 374 5759 519 5815; x_wconf 86' lang='lat' dir='ltr'><strong>enim</strong></span> <span class='ocrx_word' id='word_1_681' title='bbox 566 5762 818 5833; x_wconf 76' lang='lat' dir='ltr'><strong>graviora</strong></span> <span class='ocrx_word' id='word_1_682' title='bbox 869 5765 1037 5820; x_wconf 85' lang='lat' dir='ltr'><strong>menti</strong></span> <span class='ocrx_word' id='word_1_683' title='bbox 1080 5769 1334 5824; x_wconf 83' lang='lat' dir='ltr'><strong>tenebras</strong></span> <span class='ocrx_word' id='word_1_684' title='bbox 1377 5768 1680 5824; x_wconf 81' lang='lat' dir='ltr'><strong>ott‘unduut.</strong></span> <span class='ocrx_word' id='word_1_685' title='bbox 1729 5769 1961 5827; x_wconf 80' lang='lat' dir='ltr'><strong>luserrit</strong></span> 
     </span>
    </p>
   </div>
   <div class='ocr_carea' id='block_1_91' title="bbox 2081 3186 3671 3265">
    <p class='ocr_par' dir='ltr' id='par_1_91' title="bbox 2081 3186 3671 3265">
     <span class='ocr_line' id='line_1_91' title="bbox 2081 3186 3671 3265; baseline 0.006 -25"><span class='ocrx_word' id='word_1_686' title='bbox 2081 3186 2372 3258; x_wconf 80' lang='grc' dir='ltr'><em>Σύσσημον</em></span> <span class='ocrx_word' id='word_1_687' title='bbox 2391 3188 2448 3242; x_wconf 83' lang='grc' dir='ltr'><em>δὲ</em></span> <span class='ocrx_word' id='word_1_688' title='bbox 2473 3188 2777 3261; x_wconf 81' lang='grc' dir='ltr'><em>δοθήσεται,</em></span> <span class='ocrx_word' id='word_1_689' title='bbox 2815 3192 3000 3263; x_wconf 76' lang='grc' dir='ltr'><em>φησὶν,</em></span> <span class='ocrx_word' id='word_1_690' title='bbox 3033 3193 3109 3257; x_wconf 83' lang='grc' dir='ltr'><em>ὠς</em></span> <span class='ocrx_word' id='word_1_691' title='bbox 3138 3197 3196 3247; x_wconf 80' lang='grc' dir='ltr'><em>ὲν</em></span> <span class='ocrx_word' id='word_1_692' title='bbox 3225 3194 3401 3264; x_wconf 72' lang='grc' dir='ltr'><em>καιρῷ</em></span> <span class='ocrx_word' id='word_1_693' title='bbox 3429 3194 3671 3265; x_wconf 81' lang='grc' dir='ltr'><em>πολέμου</em></span> 
     </span>
    </p>
   </div>
   <div class='ocr_carea' id='block_1_92' title="bbox 2080 3278 3674 3357">
    <p class='ocr_par' dir='ltr' id='par_1_92' title="bbox 2080 3278 3674 3357">
     <span class='ocr_line' id='line_1_92' title="bbox 2080 3278 3674 3357; baseline 0.006 -26"><span class='ocrx_word' id='word_1_694' title='bbox 2080 3278 2174 3332; x_wconf 65' lang='grc' dir='ltr'><strong>καὶ⁵</strong></span> <span class='ocrx_word' id='word_1_695' title='bbox 2231 3280 2431 3351; x_wconf 80' lang='grc' dir='ltr'><em>μάχης.</em></span> <span class='ocrx_word' id='word_1_696' title='bbox 2484 3280 2645 3345; x_wconf 84' lang='grc' dir='ltr'><em>Ἐθος</em></span> <span class='ocrx_word' id='word_1_697' title='bbox 2688 3284 2798 3356; x_wconf 81' lang='grc' dir='ltr'><em>γάρ</em></span> <span class='ocrx_word' id='word_1_698' title='bbox 2852 3286 2966 3347; x_wconf 78' lang='grc' dir='ltr'><em>τοῖς</em></span> <span class='ocrx_word' id='word_1_699' title='bbox 3005 3288 3331 3357; x_wconf 70' lang='grc' dir='ltr'><em>στρατηγοῖς</em></span> <span class='ocrx_word' id='word_1_700' title='bbox 3368 3285 3674 3352; x_wconf 74' lang='grc' dir='ltr'><strong>ἐξοπλίζειν</strong></span> 
     </span>
    </p>
   </div>
   <div class='ocr_carea' id='block_1_93' title="bbox 2084 3369 3669 3450">
    <p class='ocr_par' dir='ltr' id='par_1_93' title="bbox 2084 3369 3669 3450">
     <span class='ocr_line' id='line_1_93' title="bbox 2084 3369 3669 3450; baseline 0.007 -28"><span class='ocrx_word' id='word_1_701' title='bbox 2084 3369 2371 3440; x_wconf 75' lang='grc' dir='ltr'><em>μέλλουσιν</em></span> <span class='ocrx_word' id='word_1_702' title='bbox 2433 3374 2515 3437; x_wconf 86' lang='grc' dir='ltr'><strong>είς</strong></span> <span class='ocrx_word' id='word_1_703' title='bbox 2566 3374 2875 3445; x_wconf 77' lang='grc' dir='ltr'><em>παράταξιν</em></span> <span class='ocrx_word' id='word_1_704' title='bbox 2917 3376 3017 3448; x_wconf 81' lang='grc' dir='ltr'><em>τὴν</em></span> <span class='ocrx_word' id='word_1_705' title='bbox 3063 3376 3171 3431; x_wconf 81' lang='grc' dir='ltr'><strong>ὑπὸ</strong></span> <span class='ocrx_word' id='word_1_706' title='bbox 3227 3380 3386 3449; x_wconf 85' lang='grc' dir='ltr'><em>χεῖρα</em></span> <span class='ocrx_word' id='word_1_707' title='bbox 3434 3379 3669 3450; x_wconf 74' lang='grc' dir='ltr'><em>πληθὺν,</em></span> 
     </span>
    </p>
   </div>
   <div class='ocr_carea' id='block_1_94' title="bbox 2082 3460 3675 3542">
    <p class='ocr_par' dir='ltr' id='par_1_94' title="bbox 2082 3460 3675 3542">
     <span class='ocr_line' id='line_1_94' title="bbox 2082 3460 3675 3542; baseline 0.007 -28"><span class='ocrx_word' id='word_1_708' title='bbox 2082 3460 2336 3534; x_wconf 77' lang='grc' dir='ltr'><em>σύσσημα</em></span> <span class='ocrx_word' id='word_1_709' title='bbox 2364 3463 2585 3532; x_wconf 81' lang='grc' dir='ltr'><em>διδόναι,</em></span> <span class='ocrx_word' id='word_1_710' title='bbox 2626 3465 2726 3531; x_wconf 77' lang='grc' dir='ltr'><em>τὰς</em></span> <span class='ocrx_word' id='word_1_711' title='bbox 2757 3466 3094 3540; x_wconf 76' lang='grc' dir='ltr'><em>καλουμένας</em></span> <span class='ocrx_word' id='word_1_712' title='bbox 3133 3470 3376 3540; x_wconf 80' lang='grc' dir='ltr'><em>σημαίας</em></span> <span class='ocrx_word' id='word_1_713' title='bbox 3414 3468 3675 3542; x_wconf 80' lang='grc' dir='ltr'><em>αἴροντας</em></span> 
     </span>
    </p>
   </div>
   <div class='ocr_carea' id='block_1_95' title="bbox 2080 3548 3674 3633">
    <p class='ocr_par' dir='ltr' id='par_1_95' title="bbox 2080 3548 3674 3633">
     <span class='ocr_line' id='line_1_95' title="bbox 2080 3548 3674 3633; baseline 0.008 -27"><span class='ocrx_word' id='word_1_714' title='bbox 2080 3551 2239 3623; x_wconf 77' lang='grc' dir='ltr'><em>ὑψοῦ.</em></span> <span class='ocrx_word' id='word_1_715' title='bbox 2272 3548 2375 3609; x_wconf 81' lang='grc' dir='ltr'><em>Ὧν</em></span> <span class='ocrx_word' id='word_1_716' title='bbox 2411 3558 2506 3610; x_wconf 72' lang='grc' dir='ltr'><em>καὶ</em></span> <span class='ocrx_word' id='word_1_717' title='bbox 2531 3558 2562 3610; x_wconf 81' lang='grc' dir='ltr'><strong>ὁ</strong></span> <span class='ocrx_word' id='word_1_718' title='bbox 2589 3564 2877 3632; x_wconf 80' lang='grc' dir='ltr'><em>προφήτης</em></span> <span class='ocrx_word' id='word_1_719' title='bbox 2917 3559 3147 3626; x_wconf 71' lang='grc' dir='ltr'><em>Ἡσαΐας</em></span> <span class='ocrx_word' id='word_1_720' title='bbox 3179 3561 3546 3633; x_wconf 81' lang='grc' dir='ltr'><em>διαμέμνηται</em></span> <span class='ocrx_word' id='word_1_721' title='bbox 3577 3561 3674 3617; x_wconf 85' lang='grc' dir='ltr'><strong>λέ-</strong></span> 
     </span>
    </p>
   </div>
   <div class='ocr_carea' id='block_1_96' title="bbox 2078 3648 3673 3727">
    <p class='ocr_par' dir='ltr' id='par_1_96' title="bbox 2078 3648 3673 3727">
     <span class='ocr_line' id='line_1_96' title="bbox 2078 3648 3673 3727; baseline 0.008 -29"><span class='ocrx_word' id='word_1_722' title='bbox 2078 3661 2214 3715; x_wconf 73' lang='grc' dir='ltr'><em>γωνο</em></span> <span class='ocrx_word' id='word_1_723' title='bbox 2248 3648 2770 3723; x_wconf 72' lang='grc' dir='ltr'><em>Καταληφθήσετᾶι,</em></span> <span class='ocrx_word' id='word_1_724' title='bbox 2802 3653 2880 3718; x_wconf 82' lang='grc' dir='ltr'><em>ὡς</em></span> <span class='ocrx_word' id='word_1_725' title='bbox 2926 3654 3072 3719; x_wconf 80' lang='grc' dir='ltr'><em>ίστὺς</em></span> <span class='ocrx_word' id='word_1_726' title='bbox 3118 3656 3205 3708; x_wconf 74' lang='grc' dir='ltr'><strong>ἐπ’</strong></span> <span class='ocrx_word' id='word_1_727' title='bbox 3233 3656 3414 3727; x_wconf 71' lang='grc' dir='ltr'><em>ὅρους,</em></span> <span class='ocrx_word' id='word_1_728' title='bbox 3452 3656 3545 3711; x_wconf 82' lang='grc' dir='ltr'><em>καὶ</em></span> <span class='ocrx_word' id='word_1_729' title='bbox 3590 3657 3673 3723; x_wconf 78' lang='grc' dir='ltr'><em>ὡς</em></span> 
     </span>
    </p>
   </div>
   <div class='ocr_carea' id='block_1_97' title="bbox 2081 3740 3674 3818">
    <p class='ocr_par' dir='ltr' id='par_1_97' title="bbox 2081 3740 3674 3818">
     <span class='ocr_line' id='line_1_97' title="bbox 2081 3740 3674 3818; baseline 0.007 -26"><span class='ocrx_word' id='word_1_730' title='bbox 2081 3740 2323 3810; x_wconf 82' lang='grc' dir='ltr'><em>σημαίαν</em></span> <span class='ocrx_word' id='word_1_731' title='bbox 2347 3742 2530 3814; x_wconf 80' lang='grc' dir='ltr'><em>φέρων</em></span> <span class='ocrx_word' id='word_1_732' title='bbox 2556 3743 2651 3797; x_wconf 70' lang='grc' dir='ltr'><strong>ἐπὶ</strong></span> <span class='ocrx_word' id='word_1_733' title='bbox 2700 3743 2914 3814; x_wconf 81' lang='grc' dir='ltr'><em>βουνοῦ.</em></span> <span class='ocrx_word' id='word_1_734' title='bbox 2959 3745 3162 3810; x_wconf 77' lang='grc' dir='ltr'><em>ἰστοὺς</em></span> <span class='ocrx_word' id='word_1_735' title='bbox 3187 3747 3296 3818; x_wconf 84' lang='grc' dir='ltr'><em>γὰρ</em></span> <span class='ocrx_word' id='word_1_736' title='bbox 3332 3748 3576 3814; x_wconf 75' lang='grc' dir='ltr'><em>ἱστάντες</em></span> <span class='ocrx_word' id='word_1_737' title='bbox 3608 3750 3674 3802; x_wconf 73' lang='grc' dir='ltr'><em>ἐν</em></span> 
     </span>
    </p>
   </div>
   <div class='ocr_carea' id='block_1_98' title="bbox 2079 3829 3668 3914">
    <p class='ocr_par' dir='ltr' id='par_1_98' title="bbox 2079 3829 3668 3914">
     <span class='ocr_line' id='line_1_98' title="bbox 2079 3829 3668 3914; baseline 0.008 -31"><span class='ocrx_word' id='word_1_738' title='bbox 2079 3829 2303 3903; x_wconf 76' lang='grc' dir='ltr'><em>ὑψηλοῖς</em></span> <span class='ocrx_word' id='word_1_739' title='bbox 2353 3833 2633 3905; x_wconf 71' lang='grc' dir='ltr'><em>γηλόφοις,</em></span> <span class='ocrx_word' id='word_1_740' title='bbox 2667 3834 2701 3908; x_wconf 78' lang='grc' dir='ltr'>ἢ</span> <span class='ocrx_word' id='word_1_741' title='bbox 2731 3835 3006 3909; x_wconf 82' lang='grc' dir='ltr'><em>ὀρθοῦσιν,</em></span> <span class='ocrx_word' id='word_1_742' title='bbox 3049 3839 3083 3911; x_wconf 77' lang='grc' dir='ltr'><strong>ἢ</strong></span> <span class='ocrx_word' id='word_1_743' title='bbox 3138 3839 3576 3903; x_wconf 85' lang='grc' dir='ltr'><em>κατακλίνουσιν,</em></span> <span class='ocrx_word' id='word_1_744' title='bbox 3630 3841 3668 3914; x_wconf 80' lang='grc' dir='ltr'>ἦ</span> 
     </span>
    </p>
   </div>
   <div class='ocr_carea' id='block_1_99' title="bbox 2076 3928 3671 4009">
    <p class='ocr_par' dir='ltr' id='par_1_99' title="bbox 2076 3928 3671 4009">
     <span class='ocr_line' id='line_1_99' title="bbox 2076 3928 3671 4009; baseline 0.006 -30"><span class='ocrx_word' id='word_1_745' title='bbox 2076 3928 2172 3980; x_wconf 76' lang='grc' dir='ltr'><em>καὶ</em></span> <span class='ocrx_word' id='word_1_746' title='bbox 2196 3928 2483 4000; x_wconf 84' lang='grc' dir='ltr'><em>ἀπαρτῶσί</em></span> <span class='ocrx_word' id='word_1_747' title='bbox 2502 3947 2624 3987; x_wconf 89' lang='grc' dir='ltr'><em>τινα</em></span> <span class='ocrx_word' id='word_1_748' title='bbox 2670 3932 2807 4003; x_wconf 78' lang='grc' dir='ltr'><em>πρὸς</em></span> <span class='ocrx_word' id='word_1_749' title='bbox 2833 3932 2870 3989; x_wconf 80' lang='grc' dir='ltr'>ἃ</span> <span class='ocrx_word' id='word_1_750' title='bbox 2904 3933 3091 4004; x_wconf 78' lang='grc' dir='ltr'><em>βλέπει</em></span> <span class='ocrx_word' id='word_1_751' title='bbox 3118 3935 3179 3988; x_wconf 81' lang='grc' dir='ltr'><em>τὸ</em></span> <span class='ocrx_word' id='word_1_752' title='bbox 3209 3934 3471 4009; x_wconf 82' lang='grc' dir='ltr'><em>μάχιμον.</em></span> <span class='ocrx_word' id='word_1_753' title='bbox 3513 3932 3671 3991; x_wconf 79' lang='grc' dir='ltr'><em>Εἶδεν</em></span> 
     </span>
    </p>
   </div>
   <div class='ocr_carea' id='block_1_100' title="bbox 2074 4015 3670 4095">
    <p class='ocr_par' dir='ltr' id='par_1_100' title="bbox 2074 4015 3670 4095">
     <span class='ocr_line' id='line_1_100' title="bbox 2074 4015 3670 4095; baseline 0.006 -26"><span class='ocrx_word' id='word_1_754' title='bbox 2074 4015 2132 4069; x_wconf 82' lang='grc' dir='ltr'><em>δὲ</em></span> <span class='ocrx_word' id='word_1_755' title='bbox 2160 4016 2302 4070; x_wconf 77' lang='grc' dir='ltr'><em>οὕτω</em></span> <span class='ocrx_word' id='word_1_756' title='bbox 2322 4018 2415 4072; x_wconf 79' lang='grc' dir='ltr'><em>τοῦ</em></span> <span class='ocrx_word' id='word_1_757' title='bbox 2452 4019 2761 4092; x_wconf 82' lang='grc' dir='ltr'><em>στρατηγοῦ</em></span> <span class='ocrx_word' id='word_1_758' title='bbox 2790 4022 2845 4075; x_wconf 85' lang='grc' dir='ltr'><em>τί</em></span> <span class='ocrx_word' id='word_1_759' title='bbox 2873 4022 2935 4075; x_wconf 84' lang='grc' dir='ltr'><em>τὸ</em></span> <span class='ocrx_word' id='word_1_760' title='bbox 2958 4021 3168 4077; x_wconf 83' lang='grc' dir='ltr'><em>δοκοῦν.</em></span> <span class='ocrx_word' id='word_1_761' title='bbox 3193 4025 3348 4095; x_wconf 79' lang='grc' dir='ltr'><em>Αίρει</em></span> <span class='ocrx_word' id='word_1_762' title='bbox 3378 4021 3670 4095; x_wconf 74' lang='grc' dir='ltr'><em>τοιγαροῦν</em></span> 
     </span>
    </p>
   </div>
   <div class='ocr_carea' id='block_1_101' title="bbox 2074 4108 3674 4187">
    <p class='ocr_par' dir='ltr' id='par_1_101' title="bbox 2074 4108 3674 4187">
     <span class='ocr_line' id='line_1_101' title="bbox 2074 4108 3674 4187; baseline 0.006 -24"><span class='ocrx_word' id='word_1_763' title='bbox 2074 4109 2136 4163; x_wconf 78' lang='grc' dir='ltr'><em>τὸ</em></span> <span class='ocrx_word' id='word_1_764' title='bbox 2157 4108 2460 4182; x_wconf 79' lang='grc' dir='ltr'><em>σύσσημον,</em></span> <span class='ocrx_word' id='word_1_765' title='bbox 2508 4112 2668 4184; x_wconf 80' lang='grc' dir='ltr'><em>φησὶ,</em></span> <span class='ocrx_word' id='word_1_766' title='bbox 2699 4114 2795 4168; x_wconf 79' lang='grc' dir='ltr'><em>καὶ</em></span> <span class='ocrx_word' id='word_1_767' title='bbox 2844 4116 3026 4186; x_wconf 77' lang='grc' dir='ltr'><em>συριεῖ</em></span> <span class='ocrx_word' id='word_1_768' title='bbox 3073 4116 3278 4180; x_wconf 80' lang='grc' dir='ltr'><em>αὐτοῖς.</em></span> <span class='ocrx_word' id='word_1_769' title='bbox 3334 4116 3558 4187; x_wconf 80' lang='grc' dir='ltr'><em>Δέχεται</em></span> <span class='ocrx_word' id='word_1_770' title='bbox 3607 4116 3674 4172; x_wconf 66' lang='lat' dir='ltr'><strong>es</strong></span> 
     </span>
    </p>
   </div>
   <div class='ocr_carea' id='block_1_102' title="bbox 2075 4202 3673 4279">
    <p class='ocr_par' dir='ltr' id='par_1_102' title="bbox 2075 4202 3673 4279">
     <span class='ocr_line' id='line_1_102' title="bbox 2075 4202 3673 4279; baseline 0.004 -23"><span class='ocrx_word' id='word_1_771' title='bbox 2075 4204 2172 4257; x_wconf 79' lang='grc' dir='ltr'><em>καὶ</em></span> <span class='ocrx_word' id='word_1_772' title='bbox 2234 4202 2396 4258; x_wconf 82' lang='grc' dir='ltr'><em>τοῦτο</em></span> <span class='ocrx_word' id='word_1_773' title='bbox 2427 4204 2609 4269; x_wconf 80' lang='grc' dir='ltr'><em>πάλιν,</em></span> <span class='ocrx_word' id='word_1_774' title='bbox 2646 4205 2722 4270; x_wconf 83' lang='grc' dir='ltr'><em>ὡς</em></span> <span class='ocrx_word' id='word_1_775' title='bbox 2749 4206 2859 4260; x_wconf 84' lang='grc' dir='ltr'><em>ἀπό</em></span> <span class='ocrx_word' id='word_1_776' title='bbox 2879 4223 2942 4276; x_wconf 83' lang='grc' dir='ltr'><strong>γε</strong></span> <span class='ocrx_word' id='word_1_777' title='bbox 2973 4206 3072 4279; x_wconf 83' lang='grc' dir='ltr'><em>τῆς</em></span> <span class='ocrx_word' id='word_1_778' title='bbox 3102 4207 3392 4279; x_wconf 82' lang='grc' dir='ltr'><em>συνηθείας</em></span> <span class='ocrx_word' id='word_1_779' title='bbox 3437 4212 3536 4279; x_wconf 82' lang='grc' dir='ltr'><em>τῆς</em></span> <span class='ocrx_word' id='word_1_780' title='bbox 3575 4211 3673 4264; x_wconf 69' lang='grc' dir='ltr'><strong>ἐπὶ</strong></span> 
     </span>
    </p>
   </div>
   <div class='ocr_carea' id='block_1_103' title="bbox 2073 4294 3676 4372">
    <p class='ocr_par' dir='ltr' id='par_1_103' title="bbox 2073 4294 3676 4372">
     <span class='ocr_line' id='line_1_103' title="bbox 2073 4294 3676 4372; baseline 0.006 -25"><span class='ocrx_word' id='word_1_781' title='bbox 2073 4294 2184 4348; x_wconf 84' lang='grc' dir='ltr'><em>τῶν</em></span> <span class='ocrx_word' id='word_1_782' title='bbox 2232 4295 2424 4367; x_wconf 85' lang='grc' dir='ltr'><em>μυιῶν.</em></span> <span class='ocrx_word' id='word_1_783' title='bbox 2463 4295 2554 4350; x_wconf 84' lang='grc' dir='ltr'><em>Ἐν</em></span> <span class='ocrx_word' id='word_1_784' title='bbox 2604 4296 2716 4351; x_wconf 70' lang='grc' dir='ltr'><em>ἔθει</em></span> <span class='ocrx_word' id='word_1_785' title='bbox 2739 4297 2850 4370; x_wconf 82' lang='grc' dir='ltr'><em>γάρ</em></span> <span class='ocrx_word' id='word_1_786' title='bbox 2891 4298 3010 4364; x_wconf 80' lang='grc' dir='ltr'><em>πῶς</em></span> <span class='ocrx_word' id='word_1_787' title='bbox 3052 4302 3170 4354; x_wconf 77' lang='grc' dir='ltr'><em>ἐστι</em></span> <span class='ocrx_word' id='word_1_788' title='bbox 3199 4303 3313 4366; x_wconf 84' lang='grc' dir='ltr'><em>τοῖς</em></span> <span class='ocrx_word' id='word_1_789' title='bbox 3350 4300 3676 4372; x_wconf 83' lang='grc' dir='ltr'><em>μελισσοκό-</em></span> 
     </span>
    </p>
   </div>
   <div class='ocr_carea' id='block_1_104' title="bbox 2078 4387 3677 4463">
    <p class='ocr_par' dir='ltr' id='par_1_104' title="bbox 2078 4387 3677 4463">
     <span class='ocr_line' id='line_1_104' title="bbox 2078 4387 3677 4463; baseline 0.005 -23"><span class='ocrx_word' id='word_1_790' title='bbox 2078 4402 2202 4458; x_wconf 86' lang='grc' dir='ltr'><em>μοις</em></span> <span class='ocrx_word' id='word_1_791' title='bbox 2238 4388 2479 4459; x_wconf 73' lang='grc' dir='ltr'><em>συρίζειν</em></span> <span class='ocrx_word' id='word_1_792' title='bbox 2510 4389 2701 4454; x_wconf 73' lang='grc' dir='ltr'><em>αὐταῖς</em></span> <span class='ocrx_word' id='word_1_793' title='bbox 2725 4404 2739 4419; x_wconf 76' lang='grc'><strong>⁸</strong></span> <span class='ocrx_word' id='word_1_794' title='bbox 2763 4387 2908 4444; x_wconf 81' lang='grc' dir='ltr'><em>οὕτω</em></span> <span class='ocrx_word' id='word_1_795' title='bbox 2929 4408 2987 4444; x_wconf 87' lang='grc' dir='ltr'><strong>τε</strong></span> <span class='ocrx_word' id='word_1_796' title='bbox 3020 4391 3130 4445; x_wconf 87' lang='grc' dir='ltr'><em>τῶν</em></span> <span class='ocrx_word' id='word_1_797' title='bbox 3176 4391 3420 4463; x_wconf 75' lang='grc' dir='ltr'><em>σίμϐλων</em></span> <span class='ocrx_word' id='word_1_798' title='bbox 3459 4393 3677 4463; x_wconf 67' lang='grc' dir='ltr'><em>ἀποφέ-</em></span> 
     </span>
    </p>
   </div>
   <div class='ocr_carea' id='block_1_105' title="bbox 2082 4479 3675 4557">
    <p class='ocr_par' dir='ltr' id='par_1_105' title="bbox 2082 4479 3675 4557">
     <span class='ocr_line' id='line_1_105' title="bbox 2082 4479 3675 4557; baseline 0.006 -27"><span class='ocrx_word' id='word_1_799' title='bbox 2082 4493 2198 4549; x_wconf 84' lang='grc' dir='ltr'><em>ρειν</em></span> <span class='ocrx_word' id='word_1_800' title='bbox 2229 4480 2312 4544; x_wconf 85' lang='grc' dir='ltr'><strong>είς</strong></span> <span class='ocrx_word' id='word_1_801' title='bbox 2341 4479 2477 4551; x_wconf 79' lang='grc' dir='ltr'><em>ἄνθη</em></span> <span class='ocrx_word' id='word_1_802' title='bbox 2508 4482 2601 4536; x_wconf 70' lang='grc' dir='ltr'><em>καὶ</em></span> <span class='ocrx_word' id='word_1_803' title='bbox 2639 4481 2812 4548; x_wconf 77' lang='grc' dir='ltr'><em>πόας,</em></span> <span class='ocrx_word' id='word_1_804' title='bbox 2864 4482 2960 4536; x_wconf 74' lang='grc' dir='ltr'><em>καὶ</em></span> <span class='ocrx_word' id='word_1_805' title='bbox 3005 4482 3114 4555; x_wconf 78' lang='grc' dir='ltr'><em>μὴν</em></span> <span class='ocrx_word' id='word_1_806' title='bbox 3173 4484 3269 4538; x_wconf 72' lang='grc' dir='ltr'><em>καὶ</em></span> <span class='ocrx_word' id='word_1_807' title='bbox 3308 4481 3675 4557; x_wconf 73' lang='grc' dir='ltr'><em>ἀνακομίζειν</em></span> 
     </span>
    </p>
   </div>
   <div class='ocr_carea' id='block_1_106' title="bbox 2078 4571 3670 4643">
    <p class='ocr_par' dir='ltr' id='par_1_106' title="bbox 2078 4571 3670 4643">
     <span class='ocr_line' id='line_1_106' title="bbox 2078 4571 3670 4643; baseline 0.006 -19"><span class='ocrx_word' id='word_1_808' title='bbox 2078 4571 2138 4638; x_wconf 74' lang='grc' dir='ltr'><strong>ἐξ</strong></span> <span class='ocrx_word' id='word_1_809' title='bbox 2175 4571 2386 4642; x_wconf 80' lang='grc' dir='ltr'><em>ἀγρῶν,</em></span> <span class='ocrx_word' id='word_1_810' title='bbox 2431 4574 2571 4626; x_wconf 78' lang='grc' dir='ltr'><em>οἴκοι</em></span> <span class='ocrx_word' id='word_1_811' title='bbox 2608 4592 2669 4627; x_wconf 87' lang='grc' dir='ltr'><strong>τε</strong></span> <span class='ocrx_word' id='word_1_812' title='bbox 2711 4574 2883 4640; x_wconf 79' lang='grc' dir='ltr'><em>αύτάς</em></span> <span class='ocrx_word' id='word_1_813' title='bbox 2915 4576 3288 4643; x_wconf 77' lang='grc' dir='ltr'><em>ἐναυλίζεσθαι</em></span> <span class='ocrx_word' id='word_1_814' title='bbox 3328 4580 3521 4633; x_wconf 80' lang='grc' dir='ltr'><em>ποιεῖν.</em></span> <span class='ocrx_word' id='word_1_815' title='bbox 3555 4579 3670 4633; x_wconf 67' lang='lat' dir='ltr'><strong>Eo-</strong></span> 
     </span>
    </p>
   </div>
   <div class='ocr_carea' id='block_1_107' title="bbox 2077 4666 3671 4745">
    <p class='ocr_par' dir='ltr' id='par_1_107' title="bbox 2077 4666 3671 4745">
     <span class='ocr_line' id='line_1_107' title="bbox 2077 4666 3671 4745; baseline 0.008 -29"><span class='ocrx_word' id='word_1_816' title='bbox 2077 4666 2188 4735; x_wconf 84' lang='grc' dir='ltr'><em>ριεί</em></span> <span class='ocrx_word' id='word_1_817' title='bbox 2214 4666 2416 4730; x_wconf 84' lang='grc' dir='ltr'><em>τοίνυν,</em></span> <span class='ocrx_word' id='word_1_818' title='bbox 2463 4668 2646 4739; x_wconf 81' lang='grc' dir='ltr'><em>φησίν.</em></span> <span class='ocrx_word' id='word_1_819' title='bbox 2677 4668 2743 4723; x_wconf 88' lang='grc' dir='ltr'><strong>Οί</strong></span> <span class='ocrx_word' id='word_1_820' title='bbox 2774 4668 2833 4723; x_wconf 81' lang='grc' dir='ltr'><em>δὲ</em></span> <span class='ocrx_word' id='word_1_821' title='bbox 2884 4669 3173 4740; x_wconf 75' lang='grc' dir='ltr'><em>ἀφίξονται</em></span> <span class='ocrx_word' id='word_1_822' title='bbox 3220 4673 3417 4745; x_wconf 83' lang='grc' dir='ltr'><em>πτηνοί</em></span> <span class='ocrx_word' id='word_1_823' title='bbox 3457 4688 3518 4727; x_wconf 76' lang='grc' dir='ltr'><strong>τε</strong></span> <span class='ocrx_word' id='word_1_824' title='bbox 3568 4672 3671 4729; x_wconf 77' lang='grc' dir='ltr'><em>καὶ</em></span> 
     </span>
    </p>
   </div>
   <div class='ocr_carea' id='block_1_108' title="bbox 2073 4757 3672 4836">
    <p class='ocr_par' dir='ltr' id='par_1_108' title="bbox 2073 4757 3672 4836">
     <span class='ocr_line' id='line_1_108' title="bbox 2073 4757 3672 4836; baseline 0.007 -25"><span class='ocrx_word' id='word_1_825' title='bbox 2073 4757 2303 4829; x_wconf 80' lang='grc' dir='ltr'><em>κοῦφοι,</em></span> <span class='ocrx_word' id='word_1_826' title='bbox 2338 4759 2497 4830; x_wconf 83' lang='grc' dir='ltr'><em>λιμοῦ</em></span> <span class='ocrx_word' id='word_1_827' title='bbox 2532 4762 2632 4833; x_wconf 82' lang='grc' dir='ltr'><em>μὲν</em></span> <span class='ocrx_word' id='word_1_828' title='bbox 2658 4758 2816 4831; x_wconf 81' lang='grc' dir='ltr'><em>ὀλίγα</em></span> <span class='ocrx_word' id='word_1_829' title='bbox 2845 4764 3290 4836; x_wconf 79' lang='grc' dir='ltr'><em>πεφροντικότες,</em></span> <span class='ocrx_word' id='word_1_830' title='bbox 3340 4767 3406 4819; x_wconf 81' lang='grc' dir='ltr'><strong>ού</strong></span> <span class='ocrx_word' id='word_1_831' title='bbox 3434 4765 3672 4832; x_wconf 66' lang='grc' dir='ltr'><em>δεδιότες</em></span> 
     </span>
    </p>
   </div>
   <div class='ocr_carea' id='block_1_109' title="bbox 2075 4849 3671 4932">
    <p class='ocr_par' dir='ltr' id='par_1_109' title="bbox 2075 4849 3671 4932">
     <span class='ocr_line' id='line_1_109' title="bbox 2075 4849 3671 4932; baseline 0.006 -28"><span class='ocrx_word' id='word_1_832' title='bbox 2075 4849 2135 4904; x_wconf 72' lang='grc' dir='ltr'><em>δὲ</em></span> <span class='ocrx_word' id='word_1_833' title='bbox 2158 4851 2377 4915; x_wconf 83' lang='grc' dir='ltr'><em>πόνους,</em></span> <span class='ocrx_word' id='word_1_834' title='bbox 2415 4851 2613 4908; x_wconf 83' lang='grc' dir='ltr'><em>ἄϋπνοι</em></span> <span class='ocrx_word' id='word_1_835' title='bbox 2641 4871 2701 4910; x_wconf 84' lang='grc' dir='ltr'><strong>τε</strong></span> <span class='ocrx_word' id='word_1_836' title='bbox 2750 4855 2847 4909; x_wconf 74' lang='grc' dir='ltr'><em>καὶ</em></span> <span class='ocrx_word' id='word_1_837' title='bbox 2878 4856 3261 4921; x_wconf 79' lang='grc' dir='ltr'><em>εὐζωνότατοι,</em></span> <span class='ocrx_word' id='word_1_838' title='bbox 3301 4859 3398 4913; x_wconf 77' lang='grc' dir='ltr'><em>καὶ</em></span> <span class='ocrx_word' id='word_1_839' title='bbox 3438 4857 3671 4932; x_wconf 73' lang='grc' dir='ltr'><em>ἐξηρτυο</em></span> 
     </span>
    </p>
   </div>
   <div class='ocr_carea' id='block_1_110' title="bbox 2079 4942 3756 5023">
    <p class='ocr_par' dir='ltr' id='par_1_110' title="bbox 2079 4942 3756 5023">
     <span class='ocr_line' id='line_1_110' title="bbox 2079 4942 3756 5023; baseline 0.002 -26"><span class='ocrx_word' id='word_1_840' title='bbox 2079 4942 2229 5015; x_wconf 74' lang='grc' dir='ltr'><em>μένοι</em></span> <span class='ocrx_word' id='word_1_841' title='bbox 2268 4943 2339 4999; x_wconf 82' lang='grc' dir='ltr'><em>τὰ</em></span> <span class='ocrx_word' id='word_1_842' title='bbox 2369 4948 2625 5012; x_wconf 79' lang='grc' dir='ltr'><em>τακτικὰ,</em></span> <span class='ocrx_word' id='word_1_843' title='bbox 2660 4947 2756 5002; x_wconf 72' lang='grc' dir='ltr'><em>καὶ</em></span> <span class='ocrx_word' id='word_1_844' title='bbox 2775 4946 3032 5018; x_wconf 81' lang='grc' dir='ltr'><em>ἀτρύτοις</em></span> <span class='ocrx_word' id='word_1_845' title='bbox 3069 4949 3258 5014; x_wconf 77' lang='grc' dir='ltr'><em>ἵπποις</em></span> <span class='ocrx_word' id='word_1_846' title='bbox 3283 4951 3669 5023; x_wconf 68' lang='grc' dir='ltr'><em>ἐποχούμενοι,</em></span> <span class='ocrx_word' id='word_1_847' title='bbox 3704 4979 3722 5001; x_wconf 89' lang='grc'><em>.-</em></span> <span class='ocrx_word' id='word_1_848' title='bbox 3744 4968 3756 4987; x_wconf 64' lang='grc' dir='ltr'><strong>ι</strong></span> 
     </span>
    </p>
   </div>
   <div class='ocr_carea' id='block_1_111' title="bbox 2075 5034 3674 5111">
    <p class='ocr_par' dir='ltr' id='par_1_111' title="bbox 2075 5034 3674 5111">
     <span class='ocr_line' id='line_1_111' title="bbox 2075 5034 3674 5111; baseline 0.006 -24"><span class='ocrx_word' id='word_1_849' title='bbox 2075 5034 2174 5088; x_wconf 71' lang='grc' dir='ltr'><em>καὶ</em></span> <span class='ocrx_word' id='word_1_850' title='bbox 2195 5034 2476 5107; x_wconf 81' lang='grc' dir='ltr'><em>ὁρμῶντες</em></span> <span class='ocrx_word' id='word_1_851' title='bbox 2501 5035 2578 5100; x_wconf 78' lang='grc' dir='ltr'><em>ὡς</em></span> <span class='ocrx_word' id='word_1_852' title='bbox 2627 5038 2903 5107; x_wconf 81' lang='grc' dir='ltr'><em>καταιγὶς,</em></span> <span class='ocrx_word' id='word_1_853' title='bbox 2938 5040 3037 5093; x_wconf 75' lang='grc' dir='ltr'><em>καὶ</em></span> <span class='ocrx_word' id='word_1_854' title='bbox 3085 5040 3143 5093; x_wconf 77' lang='grc' dir='ltr'><em>ὲν</em></span> <span class='ocrx_word' id='word_1_855' title='bbox 3194 5040 3296 5111; x_wconf 84' lang='grc' dir='ltr'><strong>ίσῳ</strong></span> <span class='ocrx_word' id='word_1_856' title='bbox 3337 5039 3541 5107; x_wconf 80' lang='grc' dir='ltr'><em>λέουσι,</em></span> <span class='ocrx_word' id='word_1_857' title='bbox 3572 5043 3674 5097; x_wconf 69' lang='grc' dir='ltr'><em>καὶ</em></span> 
     </span>
    </p>
   </div>
   <div class='ocr_carea' id='block_1_112' title="bbox 2076 5126 3673 5204">
    <p class='ocr_par' dir='ltr' id='par_1_112' title="bbox 2076 5126 3673 5204">
     <span class='ocr_line' id='line_1_112' title="bbox 2076 5126 3673 5204; baseline 0.004 -23"><span class='ocrx_word' id='word_1_858' title='bbox 2076 5126 2456 5192; x_wconf 85' lang='grc' dir='ltr'><em>κατεσθίοντες</em></span> <span class='ocrx_word' id='word_1_859' title='bbox 2473 5128 2552 5192; x_wconf 83' lang='grc' dir='ltr'><em>ὼς</em></span> <span class='ocrx_word' id='word_1_860' title='bbox 2580 5128 2764 5201; x_wconf 83' lang='grc' dir='ltr'><em>θηρία.</em></span> <span class='ocrx_word' id='word_1_861' title='bbox 2791 5133 3125 5204; x_wconf 82' lang='grc' dir='ltr'><em>Δυσάντητοι</em></span> <span class='ocrx_word' id='word_1_862' title='bbox 3147 5132 3203 5186; x_wconf 83' lang='grc' dir='ltr'><em>δὲ</em></span> <span class='ocrx_word' id='word_1_863' title='bbox 3248 5131 3421 5198; x_wconf 74' lang='grc' dir='ltr'><em>οὕτως</em></span> <span class='ocrx_word' id='word_1_864' title='bbox 3450 5132 3673 5189; x_wconf 73' lang='grc' dir='ltr'><em>ἔσονται</em></span> 
     </span>
    </p>
   </div>
   <div class='ocr_carea' id='block_1_113' title="bbox 2030 5220 3674 5297">
    <p class='ocr_par' dir='ltr' id='par_1_113' title="bbox 2030 5220 3674 5297">
     <span class='ocr_line' id='line_1_113' title="bbox 2030 5220 3674 5297; baseline 0.002 -22"><span class='ocrx_word' id='word_1_865' title='bbox 2030 5246 2036 5253; x_wconf 66' lang='grc' dir='ltr'><strong>ε</strong></span> <span class='ocrx_word' id='word_1_866' title='bbox 2071 5222 2171 5275; x_wconf 70' lang='grc' dir='ltr'><em>καὶ</em></span> <span class='ocrx_word' id='word_1_867' title='bbox 2197 5220 2384 5287; x_wconf 77' lang='grc' dir='ltr'><em>δεινοὶ,</em></span> <span class='ocrx_word' id='word_1_868' title='bbox 2430 5220 2507 5284; x_wconf 84' lang='grc' dir='ltr'><em>ὡς</em></span> <span class='ocrx_word' id='word_1_869' title='bbox 2536 5221 2742 5294; x_wconf 82' lang='grc' dir='ltr'><em>ἀμαχεὶ</em></span> <span class='ocrx_word' id='word_1_870' title='bbox 2770 5224 3038 5280; x_wconf 88' lang='grc' dir='ltr'><em>δύνασθαι</em></span> <span class='ocrx_word' id='word_1_871' title='bbox 3077 5227 3240 5297; x_wconf 78' lang='grc' dir='ltr'><em>νικᾷν</em></span> <span class='ocrx_word' id='word_1_872' title='bbox 3273 5225 3674 5296; x_wconf 80' lang='grc' dir='ltr'><em>ἀντεξάγοντος</em></span> 
     </span>
    </p>
   </div>
   <div class='ocr_carea' id='block_1_114' title="bbox 2068 5312 3668 5390">
    <p class='ocr_par' dir='ltr' id='par_1_114' title="bbox 2068 5312 3668 5390">
     <span class='ocr_line' id='line_1_114' title="bbox 2068 5312 3668 5390; baseline 0.001 -23"><span class='ocrx_word' id='word_1_873' title='bbox 2068 5312 2304 5379; x_wconf 72' lang='grc' dir='ltr'><em>οὐδενὸς,</em></span> <span class='ocrx_word' id='word_1_874' title='bbox 2379 5312 2548 5384; x_wconf 70' lang='grc' dir='ltr'><em>ἤγουν</em></span> <span class='ocrx_word' id='word_1_875' title='bbox 2610 5314 2814 5377; x_wconf 83' lang='grc' dir='ltr'><em>ίκανῶς</em></span> <span class='ocrx_word' id='word_1_876' title='bbox 2886 5317 3104 5388; x_wconf 75' lang='grc' dir='ltr'><em>ιχοντος</em></span> <span class='ocrx_word' id='word_1_877' title='bbox 3170 5320 3254 5379; x_wconf 82' lang='grc' dir='ltr'><em>εἰς</em></span> <span class='ocrx_word' id='word_1_878' title='bbox 3321 5319 3668 5390; x_wconf 76' lang='grc' dir='ltr'><em>ἐπικουρίαν,</em></span> 
     </span>
    </p>
   </div>
   <div class='ocr_carea' id='block_1_115' title="bbox 2072 5402 3671 5482">
    <p class='ocr_par' dir='ltr' id='par_1_115' title="bbox 2072 5402 3671 5482">
     <span class='ocr_line' id='line_1_115' title="bbox 2072 5402 3671 5482; baseline 0.004 -26"><span class='ocrx_word' id='word_1_879' title='bbox 2072 5402 2268 5460; x_wconf 81' lang='grc' dir='ltr'><em>Ἔσται</em></span> <span class='ocrx_word' id='word_1_880' title='bbox 2295 5406 2352 5460; x_wconf 75' lang='grc' dir='ltr'><em>δὲ</em></span> <span class='ocrx_word' id='word_1_881' title='bbox 2383 5406 2580 5476; x_wconf 77' lang='grc' dir='ltr'><em>θρῆνος</em></span> <span class='ocrx_word' id='word_1_882' title='bbox 2601 5409 2720 5460; x_wconf 85' lang='grc' dir='ltr'><em>κατ’</em></span> <span class='ocrx_word' id='word_1_883' title='bbox 2743 5410 2923 5461; x_wconf 75' lang='grc' dir='ltr'><em>ἐκεῖνο</em></span> <span class='ocrx_word' id='word_1_884' title='bbox 2955 5407 3153 5480; x_wconf 81' lang='grc' dir='ltr'><em>καιροῦ</em></span> <span class='ocrx_word' id='word_1_885' title='bbox 3190 5410 3286 5464; x_wconf 75' lang='grc' dir='ltr'><em>καὶ</em></span> <span class='ocrx_word' id='word_1_886' title='bbox 3333 5410 3431 5482; x_wconf 81' lang='grc' dir='ltr'><strong>βοὴ</strong></span> <span class='ocrx_word' id='word_1_887' title='bbox 3460 5427 3671 5480; x_wconf 81' lang='grc' dir='ltr'><em>συμμι-</em></span> 
     </span>
    </p>
   </div>
   <div class='ocr_carea' id='block_1_116' title="bbox 2069 5494 3670 5572">
    <p class='ocr_par' dir='ltr' id='par_1_116' title="bbox 2069 5494 3670 5572">
     <span class='ocr_line' id='line_1_116' title="bbox 2069 5494 3670 5572; baseline 0.002 -23"><span class='ocrx_word' id='word_1_888' title='bbox 2069 5494 2191 5567; x_wconf 72' lang='grc' dir='ltr'><em>γὴς,</em></span> <span class='ocrx_word' id='word_1_889' title='bbox 2216 5495 2292 5557; x_wconf 82' lang='grc' dir='ltr'><em>ὡς</em></span> <span class='ocrx_word' id='word_1_890' title='bbox 2325 5496 2480 5550; x_wconf 72' lang='grc' dir='ltr'><em>οὐδὲν</em></span> <span class='ocrx_word' id='word_1_891' title='bbox 2512 5495 2698 5568; x_wconf 73' lang='grc' dir='ltr'><em>ἕτερον</em></span> <span class='ocrx_word' id='word_1_892' title='bbox 2728 5497 2983 5567; x_wconf 76' lang='grc' dir='ltr'><em>ἡγεῖσθαί</em></span> <span class='ocrx_word' id='word_1_893' title='bbox 3010 5516 3182 5563; x_wconf 84' lang='grc' dir='ltr'><em>τινας,</em></span> <span class='ocrx_word' id='word_1_894' title='bbox 3210 5500 3244 5572; x_wconf 83' lang='grc' dir='ltr'>ἦ</span> <span class='ocrx_word' id='word_1_895' title='bbox 3276 5502 3358 5555; x_wconf 78' lang='grc' dir='ltr'><em>ὅτι</em></span> <span class='ocrx_word' id='word_1_896' title='bbox 3390 5502 3670 5569; x_wconf 67' lang='grc' dir='ltr'><em>θαλάσσης</em></span> 
     </span>
    </p>
   </div>
   <div class='ocr_carea' id='block_1_117' title="bbox 2064 5582 3670 5664">
    <p class='ocr_par' dir='ltr' id='par_1_117' title="bbox 2064 5582 3670 5664">
     <span class='ocr_line' id='line_1_117' title="bbox 2064 5582 3670 5664; baseline -0.005 -20"><span class='ocrx_word' id='word_1_897' title='bbox 2064 5587 2171 5660; x_wconf 76' lang='grc' dir='ltr'><strong>ἠχὴ</strong></span> <span class='ocrx_word' id='word_1_898' title='bbox 2206 5587 2309 5656; x_wconf 76' lang='grc' dir='ltr'><em>τῆς</em></span> <span class='ocrx_word' id='word_1_899' title='bbox 2360 5588 2627 5644; x_wconf 71' lang='grc' dir='ltr'><em>Ἰουδαίων</em></span> <span class='ocrx_word' id='word_1_900' title='bbox 2660 5582 3087 5646; x_wconf 78' lang='grc' dir='ltr'><em>κατασκίδναται</em></span> <span class='ocrx_word' id='word_1_901' title='bbox 3117 5592 3322 5664; x_wconf 80' lang='grc' dir='ltr'><em>χώρας,</em></span> <span class='ocrx_word' id='word_1_902' title='bbox 3376 5596 3570 5649; x_wconf 73' lang='grc' dir='ltr'><strong>Ἔσται</strong></span> <span class='ocrx_word' id='word_1_903' title='bbox 3607 5595 3670 5651; x_wconf 65' lang='grc' dir='ltr'><strong>δι</strong></span> 
     </span>
    </p>
   </div>
   <div class='ocr_carea' id='block_1_118' title="bbox 2065 5666 3664 5750">
    <p class='ocr_par' dir='ltr' id='par_1_118' title="bbox 2065 5666 3664 5750">
     <span class='ocr_line' id='line_1_118' title="bbox 2065 5666 3664 5750; baseline 0.006 -21"><span class='ocrx_word' id='word_1_904' title='bbox 2065 5678 2161 5731; x_wconf 74' lang='grc' dir='ltr'><em>καὶ</em></span> <span class='ocrx_word' id='word_1_905' title='bbox 2201 5666 2435 5750; x_wconf 42' lang='lat' dir='ltr'><strong>dicitqu</strong></span> <span class='ocrx_word' id='word_1_906' title='bbox 2461 5679 2651 5743; x_wconf 79' lang='grc' dir='ltr'><em>σκότος</em></span> <span class='ocrx_word' id='word_1_907' title='bbox 2701 5680 2797 5733; x_wconf 79' lang='grc' dir='ltr'><em>καὶ</em></span> <span class='ocrx_word' id='word_1_908' title='bbox 2828 5678 2946 5734; x_wconf 72' lang='grc' dir='ltr'><em>οὔτι</em></span> <span class='ocrx_word' id='word_1_909' title='bbox 2984 5698 3089 5735; x_wconf 88' lang='grc' dir='ltr'><strong>που</strong></span> <span class='ocrx_word' id='word_1_910' title='bbox 3134 5684 3356 5749; x_wconf 73' lang='grc' dir='ltr'><em>παντως</em></span> <span class='ocrx_word' id='word_1_911' title='bbox 3405 5684 3467 5737; x_wconf 86' lang='grc' dir='ltr'><em>τὸ</em></span> <span class='ocrx_word' id='word_1_912' title='bbox 3497 5686 3571 5750; x_wconf 82' lang='grc' dir='ltr'><em>ὡς</em></span> <span class='ocrx_word' id='word_1_913' title='bbox 3601 5685 3664 5739; x_wconf 75' lang='grc' dir='ltr'><em>ὲν</em></span> 
     </span>
    </p>
   </div>
   <div class='ocr_carea' id='block_1_119' title="bbox 2063 5756 3665 5845">
    <p class='ocr_par' dir='ltr' id='par_1_119' title="bbox 2063 5756 3665 5845">
     <span class='ocr_line' id='line_1_119' title="bbox 2063 5756 3665 5845; baseline 0.004 -23"><span class='ocrx_word' id='word_1_914' title='bbox 2063 5768 2262 5841; x_wconf 74' lang='grc' dir='ltr'><em>ὁμίχλῃ</em></span> <span class='ocrx_word' id='word_1_915' title='bbox 2292 5768 2584 5836; x_wconf 68' lang='grc' dir='ltr'><em>νοούμενον</em></span> <span class='ocrx_word' id='word_1_916' title='bbox 2613 5769 2708 5824; x_wconf 73' lang='grc' dir='ltr'><em>καὶ</em></span> <span class='ocrx_word' id='word_1_917' title='bbox 2738 5772 2918 5837; x_wconf 80' lang='grc' dir='ltr'><em>νυκτὶ,</em></span> <span class='ocrx_word' id='word_1_918' title='bbox 2946 5773 3009 5826; x_wconf 74' lang='grc' dir='ltr'><em>τὸ</em></span> <span class='ocrx_word' id='word_1_919' title='bbox 3047 5775 3113 5827; x_wconf 72' lang='grc' dir='ltr'><em>ἐκ</em></span> <span class='ocrx_word' id='word_1_920' title='bbox 3142 5756 3417 5845; x_wconf 71' lang='grc' dir='ltr'><em>δειμάτων</em></span> <span class='ocrx_word' id='word_1_921' title='bbox 3442 5775 3500 5830; x_wconf 73' lang='grc' dir='ltr'><em>δὲ</em></span> <span class='ocrx_word' id='word_1_922' title='bbox 3524 5775 3665 5845; x_wconf 67' lang='grc' dir='ltr'><em>μὶ).-</em></span> 
     </span>
    </p>
   </div>
  </div>
