4012 6216
493 414 586 468 m
1186 371 1211 392 ’
1484 411 1544 465 s.
1584 408 1855 467 CYRILH
1899 409 2367 465 ALEXANDRINI
2408 410 2726 466 ARCIIIEP.

3649 416 3753 469 ιτα

491 532 623 587 mini
653 531 804 602 juxta
826 531 1004 583 omnia
1039 541 1159 598 quae
1218 528 1418 584 fecerat
1448 529 1694 585 Amasias
1730 539 1882 599 pater
1917 531 2069 601 ejus:

2177 531 2270 584 καὶ
2301 530 2433 585 δέκα
2472 532 2608 585 ἐτῶν
2641 527 2709 601 ἦν
2743 530 2800 583 ἐν
2830 528 2904 601 τῷ
2929 528 3235 599 βασιλεύειν
3266 529 3449 592 αὑτὸν,
3488 531 3583 583 καὶ
3614 548 3753 586 πεν-

492 627 729 677 attamen
768 618 980 675 excelsa
1011 632 1120 674 non
1149 618 1389 675 sustulit.
1417 620 1606 675 Adhuc
1634 622 1859 690 populus
1895 624 2065 676 sacri-

490 711 696 775 ﬁcavit,
727 719 783 766 et
827 708 1059 765 militum
1111 708 1238 766 fecit
1274 710 1326 764 in
1355 710 1613 766 excelsis.
1645 710 1845 783 Tetigit
1882 722 2064 767 autem

492 803 757 858 Dominus
802 815 1004 871 regem,
1051 808 1106 855 et
1141 801 1287 871 lepra
1323 812 1605 872 correptus
1628 810 1745 857 erat
1781 817 1955 871 usque
2003 801 2067 856 ad

493 896 635 950 diem
662 894 851 949 mortis
880 908 992 949 sua:
1020 894 1061 947 °.
1093 911 1113 945 ι
1152 892 1274 948 Ilaec
1305 892 1518 962 quidem
1549 893 1601 947 in
1629 891 1849 962 Regnis.
1884 893 1936 947 In
1968 892 2071 947 Pn-

486 986 845 1055 ralipomenis
867 985 1022 1055 ιοι
1049 994 1252 1049 autem,
1284 993 1342 1039 ut
1362 985 1471 1040 dixi
1503 1000 1518 1039 :
1554 1004 1571 1036 ι
1596 983 1661 1039 Ει
1688 992 1747 1039 ut
1763 985 2021 1047 obtinuit,
2044 1005 2065 1037 ν

492 1079 697 1149 inquit,
723 1095 743 1129 ι
777 1077 977 1132 elatum
1006 1086 1092 1133 est
1112 1090 1207 1133 cor
1236 1075 1352 1144 ejus
1394 1077 1458 1131 ad
1496 1076 1972 1147 corrumpcndum.
2005 1076 2069 1134 Et

490 1169 693 1242 injuste
731 1171 842 1239 egit
883 1177 1068 1224 contra
1097 1167 1383 1223 Dominum
1410 1168 1576 1222 Deum
1611 1182 1790 1232 suum,
1824 1168 2069 1221 intravit-

490 1275 594 1329 que
637 1258 891 1329 templum
920 1257 1129 1313 Domini
1165 1263 1225 1311 ut
1256 1257 1497 1313 adoleret
1529 1259 1581 1312 in
1606 1257 1762 1312 altari
1794 1257 2069 1312 snlIimcn-

492 1361 690 1407 torum.
712 1348 958 1404 Introivit
997 1356 1174 1404 autem
1197 1359 1319 1416 post
1344 1347 1523 1417 ipsum
1567 1348 1857 1404 Zacharias
1885 1364 2067 1404 sacer-

492 1441 611 1506 dos,
639 1448 694 1493 et
722 1453 826 1492 una
850 1453 971 1494 cum
999 1452 1065 1492 eo
1092 1437 1399 1491 sacerdota
1425 1434 1636 1490 Domini
1667 1437 1939 1506 octoginta
1965 1438 2068 1492 duo

493 1537 876 1601 pt-zrpotentes,
910 1537 965 1584 et
993 1530 1210 1584 stabant
1238 1539 1427 1582 contra
1454 1527 1641 1581 Oziam
1677 1541 1882 1600 regem,
1904 1538 1957 1582 et
1989 1529 2071 1582 iu-

492 1623 687 1692 quinut
721 1638 733 1674 :
775 1618 892 1675 Non
929 1619 1053 1674 licet
1085 1619 1207 1684 tibi,
1248 1617 1401 1680 Ozia,
1444 1618 1662 1674 adolere
1690 1617 1936 1683 Domino,
1976 1619 2067 1674 sed

500 1728 667 1782 penes
687 1727 783 1766 nos
804 1720 910 1776 est,
929 1710 1019 1780 qui
1045 1708 1343 1765 sacerdotio
1365 1707 1658 1778 fungimur,
1680 1708 1768 1780 qui
1793 1708 1883 1763 lilii
1901 1709 2068 1763 Aaro-

496 1805 578 1860 uis
619 1818 837 1869 sumus,
866 1803 959 1873 qui
992 1801 1399 1856 sanctiltcamur
1436 1800 1502 1855 ad
1542 1799 1883 1855 adolendum.
1911 1800 2006 1855 Exi
2038 1815 2069 1854 e

2170 624 2405 694 τήκοντα
2451 624 2547 677 καὶ
2597 622 2689 674 δύο
2746 621 2840 693 ἔτη
2888 620 3237 676 ἐϐασίλευσεν
3279 622 3337 674 ἐν
3371 620 3757 694 Ἰερουσαλὴμ,

2169 716 2263 768 καὶ
2287 715 2459 784 δνομα
2487 714 2587 785 τῆς
2624 712 2827 785 μητρὸς
2866 712 3032 766 αὐτοῦ
3057 710 3235 765 Χαλία
3274 711 3334 777 ἐξ
3370 712 3753 784 Ἰερουσαλήμ.

2168 804 2280 858 Kal
2311 803 2535 874 ἐποίησε
2566 802 2627 856 τὸ
2660 802 2877 865 εὐσεϐὲς
2905 804 2964 855 ἐν
3009 802 3304 872 ὀφθαλμοῖς
3349 803 3577 874 Κυρίου,
3608 804 3761 857 κατά

2172 895 2353 949 πάντα
2381 895 2482 947 ὅσα
2509 893 2763 965 ἐποίησεν
2803 891 3066 964 Ἀμαζίας
3103 895 3131 946 6
3172 893 3357 965 πατὴρ
3383 895 3570 951 αὑτοῦ.
3602 896 3759 965 Πλὴν

2169 986 2278 1038 τῶν
2308 982 2527 1055 ὑψηλῶν
2555 983 2656 1037 οὐκ
2684 982 2894 1054 ἐξῆρεν·
2943 981 3025 1035 ἔτι
3056 984 3085 1035 6
3139 982 3266 1046 λαὸς
3289 982 3574 1049 ἐθυσίαζεν
3595 1023 3614 1043 .
3656 985 3755 1038 καὶ

2170 1073 2398 1145 ἐθυμίαν
2429 1076 2487 1128 ἐν
2518 1077 2629 1137 τοῖς
2661 1072 2906 1143 ὑψηλοῖς.
2947 1072 3060 1126 Kal
3089 1072 3267 1143 ἥψατο
3286 1072 3489 1142 Κύριος
3524 1074 3621 1128 τοῦ
3654 1074 3753 1146 βα-

2172 1164 2380 1229 σιλέως.
2411 1165 2522 1219 Καὶ
2544 1160 2612 1236 ἦν
2637 1163 3045 1235 λελεπρωμένος
3091 1164 3197 1227 ἓως
3253 1164 3465 1236 ἡμέρας
3513 1164 3748 1219 θανάτου

2168 1255 2352 1309 αὐτοῦ.
2391 1275 2411 1308 ι
2446 1257 2557 1311 Kal
2574 1255 2735 1310 ταυτὶ
2784 1255 2882 1326 μὲν
2934 1256 2995 1309 ἐν
3024 1257 3146 1318 ταῖς
3195 1255 3522 1320 Βασιλείαις.
3574 1258 3662 1310 Ἐν
3688 1257 3749 1311 δὲ

2169 1346 2696 1418 Παραλειπομέναις,
2723 1345 2797 1409 ὡς
2825 1334 2980 1416 ἔφηνε
3013 1362 3032 1396 ι
3060 1345 3168 1398 Kal
3187 1344 3261 1408 ὡς
3290 1345 3606 1415 κατίσχυσε,
3644 1363 3752 1416 φη-

2172 1441 2276 1505 σὶν,
2317 1438 2511 1509 ὑψώθη
2533 1441 2567 1510 ή
2598 1437 2791 1509 καρδία
2810 1436 2974 1492 αὐτοῦ
3015 1437 3392 1506 καταφθεῖραι.
3422 1436 3533 1490 Καὶ
3555 1436 3749 1508 ἠδίκη-

2171 1549 2260 1585 σεν
2290 1534 2347 1585 ἐν
2364 1531 2551 1602 Κυρίῳ
2578 1530 2696 1600 Θεῷ
2728 1528 2910 1583 αὐτοῦ’
2966 1527 3060 1581 καὶ
3107 1527 3351 1597 εἰσῆλθεν
3398 1528 3476 1590 είς
3503 1527 3595 1579 τὸν
3623 1527 3753 1579 ναὶν

2168 1623 2370 1693 Κυρίου
2387 1622 2646 1692 θυμιᾶσαι
2661 1622 2753 1674 ἐπὶ
2772 1621 2832 1674 τὸ
2850 1619 3228 1690 θυσιαστήριον
3246 1616 3355 1671 τῶν
3370 1617 3755 1688 θυμιαμάτων

2168 1714 2262 1765 καὶ
2290 1711 2536 1782 εἰσῆλθεν
2565 1710 2737 1763 ὀπίσω
2793 1709 2958 1763 αὐτοῦ
3015 1707 3270 1779 Ἀζαρίας
3305 1709 3335 1760 6
3393 1708 3594 1777 ἱερεὺς,
3651 1708 3751 1760 καὶ

2173 1805 2289 1875 μετ’
2317 1803 2483 1858 αὐτοῦ
2516 1803 2679 1873 ίερεῖς
2706 1800 2800 1855 τοῦ
2835 1799 3039 1872 Κυρίου
3059 1799 3387 1869 ὀγδοήκοντα
3410 1799 3504 1853 καὶ
3523 1799 3617 1852 δύο
3642 1798 3758 1852 υίοὶ

500 1891 851 1954 sanctdario,
901 1891 1026 1960 quia
1063 1889 1332 1945 recessisti
1376 1903 1405 1942 ε
1454 1888 1701 1955 Domino,
1746 1897 1800 1944 et
1839 1904 1941 1943 non
1976 1889 2069 1944 erit

2177 1894 2409 1949 δυνατοί·
2437 1894 2531 1946 καὶ
2558 1893 2791 1963 ἔστησαν
2813 1890 2904 1944 ἐπὶ
2947 1888 3127 1954 Ὀζίαν
3157 1890 3249 1946 τὸν
3281 1890 3523 1961 βασιλέα,
3545 1890 3639 1944 καὶ
3669 1884 3756 1944 εῖ-

494 1983 589 2037 tibi
616 1984 718 2037 hoc
747 1983 930 2053 glorias
956 1999 983 2036 ιι
1009 1980 1137 2036 Deo.
1171 1979 1346 2035 Iratus
1371 1989 1458 2042 est
1505 1990 1682 2035 autem
1718 1979 1901 2047 Ozias,
1937 1982 2066 2036 etin

496 2088 658 2128 manu
695 2072 812 2141 ejus
853 2070 1182 2126 thuribulum
1217 2080 1353 2139 erat,
1387 2081 1446 2125 ut
1487 2071 1727 2126 adoleret
1754 2072 1822 2126 in‘
1847 2073 2065 2141 templo.

482 2164 736 2233 Cumque
785 2163 953 2217 iratus
989 2172 1131 2218 esset
1159 2162 1273 2231 ipse
1320 2162 1715 2226 sacerdotibus,
1765 2163 1910 2233 lepra
1950 2175 2067 2219 orta

494 2256 661 2311 estin
702 2254 880 2310 fronte
914 2253 1030 2322 ejus
1058 2267 1244 2309 coram
1276 2255 1649 2310 sacerdotibus
1688 2260 1740 2309 in
1776 2255 1935 2312 domo
1967 2256 2071 2311 Do-

497 2343 647 2404 mini.
682 2356 845 2412 supra
884 2340 1062 2396 altare
1105 2340 1553 2398 auﬁimentorum.
1585 2343 1975 2415 Couvertitque
2004 2362 2069 2399 se

473 2435 561 2489 .ad
589 2447 714 2488 eum
734 2446 977 2488 summus
1001 2433 1256 2487 sacerdos
1283 2442 1335 2487 et
1358 2435 1686 2502 sacerdotes,
1731 2446 1786 2489 et
1817 2451 1944 2491 ecce
1992 2437 2066 2488 le-

494 2539 690 2594 prosus
721 2532 808 2579 est
854 2524 908 2577 in
941 2522 1139 2585 fronte,
1172 2533 1335 2593 atque
1379 2538 1500 2579 eum
1553 2526 1679 2579 inde
1707 2541 1933 2596 prapere
1972 2528 2066 2595 eji-

416 2612 417 2615 “
497 2617 671 2670 ciunt.
706 2614 837 2669 Nam
860 2623 914 2669 et
938 2614 1053 2683 ipse
1083 2614 1358 2669 festinavit
1384 2616 1556 2680 exire,
1590 2616 1715 2684 quia
1748 2618 1925 2686 arguit
1947 2634 2066 2669 cunt

488 2707 755 2762 Dominus
788 2706 862 2761 ‘°.
900 2725 918 2757 ι
957 2706 1091 2760 Cum
1118 2714 1297 2760 autem
1340 2706 1423 2761 Iex
1452 2706 1682 2762 Mosaica
1712 2710 1964 2775 sanciret,
1994 2711 2068 2764 le~

478 2811 714 2867 ’prosum
740 2805 797 2851 ut
819 2796 1151 2851 immundum
1178 2798 1400 2851 omnino
1426 2813 1457 2853 e
1488 2798 1684 2855 castris
1716 2800 2066 2855 emittendum

494 2904 639 2952 esse,
667 2889 910 2957 lcprosus
934 2902 1064 2942 vero
1098 2886 1426 2956 inquinaret,
1474 2902 1538 2943 ac
1578 2904 1673 2944 sua
1734 2889 2069 2945 immunditie

501 2978 764 3050 pollutum
792 2977 1041 3034 redderet
1069 2993 1190 3033 eum
1213 2979 1430 3049 quicum
1459 2979 1574 3050 ipse
1597 2990 1945 3049 versaretur;
1973 2982 2068 3037 ha-

497 3071 701 3127 bitaret
727 3080 906 3127 tamen
936 3068 1101 3126 Ozias
1132 3071 1547 3142 Hierosolymis,
1585 3071 1711 3128 hinc
1746 3081 1913 3130 totam
1940 3089 2066 3143 pro-

486 3163 782 3231 pemodum
801 3161 1103 3219 Jerusalem
1128 3162 1449 3231 inquinans:
1475 3165 1642 3219 tacuit
1664 3165 1941 3231 Dominus,
1961 3181 2064 3221 non

2179 2001 2287 2038 παν
2316 1983 2481 2053 αὐτῷ’
2518 1981 2592 2035 Οὔ
2623 1998 2735 2046 σοι,
2783 1979 2952 2044 Ὀζία,
2986 1978 3247 2050 θυμιάσαι
3280 1979 3358 2050 τῷ
3383 1980 3589 2051 Κυρίῳ,
3631 1979 3752 2033 ἀλλ’

2170 2079 2299 2146 ἡμῖν
2329 2078 2441 2138 τοῖς
2466 2071 2800 2145 ίερατεύουσι
2852 2073 2965 2135 τοῖς
3007 2072 3143 2135 υἱοῖς
3188 2070 3398 2143 Ἀαρὼν
3436 2075 3548 2135 τοῖς
3589 2073 3754 2142 ἡγια-

2172 2168 2409 2240 σμένοις,
2443 2165 2721 2237 θυμιᾶσαι.
2759 2162 2980 2228 Ἔξελθε
3012 2163 3122 2217 ἀπὸ
3144 2162 3237 2217 τοῦ
3267 2163 3627 2235 ἁγιάσματος,
3665 2164 3753 2217 ὄτι

2170 2262 2412 2332 ἀπέστης
2441 2259 2548 2313 ἀπὸ
2577 2256 2802 2330 Κυρίου.
2830 2258 2939 2312 Kal
2968 2257 3071 2311 οὐκ
3096 2256 3245 2311 ἔσται
3270 2274 3351 2310 σοι
3371 2255 3527 2310 τοῦτο
3556 2258 3637 2318 εἰς
3662 2255 3754 2309 δύ»

2174 2352 2269 2416 ξαν
2302 2349 2452 2421 παρά
2478 2348 2680 2420 Κυρίου
2706 2346 2864 2402 Θεοῦ.
2896 2348 3008 2401 Kal
3043 2345 3297 2420 ἐθυμώθη
3331 2345 3538 2411 Ὀζίαςι
3569 2346 3659 2399 καὶ
3687 2348 3753 2399 ἐν

2168 2446 2234 2515 τῇ
2261 2444 2406 2514 χειρὶ
2457 2441 2620 2496 αὐτοῦ
2655 2432 2716 2495 τὸ
2766 2440 3120 2513 θυμιατήριον
3161 2440 3256 2494 τοῦ
3288 2439 3548 2510 θυμιάσαι
3580 2440 3640 2492 ἐν
3666 2437 3755 2509 τῷ

2169 2534 2301 2605 ναῷο
2337 2537 2393 2588 ἐν
2422 2534 2501 2605 τῷ
2528 2534 2843 2605 θυμωθῆναι
2865 2533 3026 2589 αὐτὸν
3054 2535 3190 2606 πρὸς
3220 2534 3346 2597 τοὺς
3367 2534 3561 2606 ἱερεῖς,
3597 2531 3687 2586 καὶ
3711 2532 3757 2602 ἡ

2169 2626 2345 2698 λέπρα
2365 2625 2640 2679 ἀνέτειλεν
2664 2626 2721 2677 ἐν
2742 2624 2820 2695 τῷ
2843 2608 3093 2695 ,μετώπῳ
3147 2623 3330 2689 αὐτοῦ,
3373 2623 3609 2677 ἐναντίον
3633 2621 3753 2675 τῶν

2171 2719 2360 2789 ἱερέων
2392 2720 2447 2771 tv
2470 2717 2547 2787 τῷ
2574 2717 2708 2787 οίκῳ
2732 2715 2962 2785 Κυρίου,
3008 2714 3193 2769 ἐπάνω
3222 2713 3316 2768 τοῦ
3360 2712 3758 2784 θυσιαστηρίου

2169 2810 2276 2864 τῶν
2304 2808 2682 2879 θυμιαμάτων.
2712 2809 2821 2860 Καὶ
2844 2805 3176 2877 ἐπέστρεψεν
3202 2807 3290 2858 ἐπ’
3320 2804 3481 2858 αὑτὸν
3505 2805 3535 2857 6
3567 2805 3755 2876 ἱερεὺς

2171 2902 2199 2955 6
2234 2898 2449 2971 πρῶτος
2479 2880 2650 2951 καὶόί
2694 2899 2878 2967 ἱερεῖς,
2911 2897 3005 2950 καὶ
3036 2896 3144 2950 ἰδοῦ
3176 2895 3337 2960 αὐτὸς
3354 2895 3554 2967 λεπρὸς
3591 2896 3647 2948 ἐν
3664 2893 3751 2965 τῷ

2173 2988 2425 3062 μετώπῳ.
2463 2990 2574 3042 Kal
2614 2987 2990 3041 κατέσπευσαν
3018 2987 3180 3041 αὐτὸν
3231 2986 3459 3051 ἐκεῖθεν,
3498 2985 3593 3040 καὶ
3635 2985 3753 3055 γὰρ

2168 3081 2329 3145 αὐτὸς
2360 3080 2621 3135 ἔσπευσεν
2644 3079 2897 3145 ἐξελθεῖν,
2926 3079 3009 3132 ὅτι
3033 3078 3256 3150 ἤλεγξεν
3285 3078 3446 3134 αὐτὸν
3468 3076 3688 3149 Κύριος.
3721 3096 3747 3130 ι

2183 3171 2403 3241 Ἐπειδὴ
2430 3170 2487 3224 δέ
2542 3170 2639 3225 τοῦ
2688 3169 2776 3223 διὰ
2810 3168 3055 3233 Μωσέως
3102 3158 3529 3241 προστάττοντος
3580 3169 3751 3241 νόμου

497 3255 715 3321 quidem
754 3257 1047 3324 prephetas
1076 3267 1292 3311 sanctos
1320 3255 1647 3310 contumelia
1679 3256 1938 3324 alliciens,
1969 3259 2061 3313 sed

2173 3263 2360 3336 χρῆναι
2389 3240 2454 3335 δὴ
2491 3263 2707 3326 πάντως
2758 3261 3134 3332 ἐκπέμπεσθαι
3173 3263 3272 3332 τῆς
3301 3240 3753 3334 παρεμϐολῆςάκ

498 3346 679 3413 potius
709 3346 1076 3401 admonitione
1112 3359 1299 3401 eorum
1351 3346 1597 3416 indignos
1639 3348 1920 3405 declarans
1954 3365 2066 3415 eos,

498 3438 589 3506 qui
624 3440 788 3491 etiam
826 3445 1021 3506 pra-ter
1048 3438 1377 3508 legislatoris
1410 3439 1744 3495 voluntatem
1796 3441 2070 3499 immundo

500 3529 899 3585 cohabitarent.
948 3527 1043 3584 Sic
1078 3529 1223 3584 enim
1259 3531 1433 3599 inquit
1468 3529 1660 3584 alicubi
1692 3541 1747 3586 et
1774 3533 1841 3587 ad
1856 3533 2070 3587 beatum

501 3619 840 3693 Ezechielem
888 3638 902 3674 :
948 3638 967 3672 ι
998 3619 1067 3676 Et
1096 3620 1329 3688 linguam
1355 3630 1498 3675 tuam
1527 3619 1717 3691 Iigabo,
1744 3629 1800 3678 et
1830 3622 2072 3678 obmute-

499 3726 639 3776 sees,
672 3726 771 3767 nec
794 3713 904 3767 eris
938 3711 1042 3767 illis
1063 3723 1338 3767 corrector
1365 3724 1419 3766 et
1457 3727 1651 3768 censor
1680 3727 1696 3768 :
1732 3713 1857 3783 quia
1882 3715 2074 3770 domus

498 3816 832 3872 exasperans
854 3811 939 3859 est
979 3805 1045 3858 ¹¹.
1080 3821 1099 3856 ι
1136 3802 1412 3859 Obmutuit
1443 3803 1626 3874 igitur,
1671 3806 1961 3861 ostendens
1994 3807 2074 3860 ni-

501 3897 695 3951 mirum
725 3895 1172 3968 indignationem.
1209 3897 1491 3954 Commota
1540 3908 1667 3953 sunt
1700 3899 1843 3953 enim
1882 3897 2071 3955 Hiero-

499 3987 728 4057 solyma,
775 3995 831 4040 et
875 4001 1134 4041 concussa
1164 3997 1248 4042 est
1276 3987 1525 4044 universa
1568 3987 1874 4044 Iudaeorum
1907 3989 2071 4059 regio.

503 4076 656 4144 Quod
687 4074 1044 4144 intelligemus
1068 4090 1133 4130 ex
1168 4076 1252 4132 his
1290 4091 1409 4144 quae
1445 4078 1707 4147 propheta
1748 4080 1912 4134 Amos
1945 4079 2075 4133 scri-

500 4169 627 4240 psit.
685 4165 860 4221 Habet
911 4166 1053 4220 enim
1082 4166 1162 4221 sic
1205 4184 1218 4219 :
1278 4185 1296 4218 ι
1326 4166 1503 4222 Verba
1554 4168 1885 4239 Amos’qute
1932 4167 2073 4225 facta

501 4268 626 4316 sunt
648 4260 700 4314 in
733 4258 984 4314 Accarim
1036 4275 1101 4314 ex
1143 4256 1379 4321 Thecue,
1409 4274 1529 4328 quae
1571 4259 1702 4314 vidit
1731 4275 1892 4331 super
1917 4259 2075 4316 Jeru-

497 4354 684 4415 salem,
721 4352 1055 4422 temporibus
1093 4351 1237 4406 Olim
1270 4351 1417 4421 regis
1449 4350 1609 4416 Iuda,
1641 4360 1695 4407 et
1745 4352 2077 4422 temporibus

495 4443 807 4499 Jeroboami
840 4444 934 4498 ﬁlii
970 4442 1100 4498 Joas
1130 4442 1271 4513 regis
1295 4441 1481 4508 Israel,
1511 4444 1721 4498 duobus
1763 4448 1923 4498 anuis
1953 4455 2077 4497 ante

501 4550 655 4589 terrae
683 4543 884 4589 motum
922 4535 987 4587 ι’.
1016 4554 1034 4586 ι
1072 4534 1363 4605 Postquam
1408 4543 1586 4589 autem
1638 4535 1861 4591 obiisset
1916 4534 2077 4591 Oaias

2170 3355 2479 3428 ἀκάθαρτον
2505 3353 2596 3408 τὸν
2624 3354 2844 3424 λεπρδν,
2870 3354 3323 3425 καταμιαίνοντος
3353 3353 3410 3407 6t
3433 3354 3528 3406 καὶ
3569 3351 3753 3406 κοινὸν

2171 3444 2557 3514 ἀποφαίνοντος
2581 3444 2680 3515 τῆς
2707 3442 3049 3514 ἀκαθαρσίας
3065 3441 3159 3496 τοῦ
3182 3442 3384 3515 λεπροῦ
3408 3441 3498 3497 τδν
3522 3441 3752 3496 συνόντα

2173 3533 2318 3605 αὐτῷ
2346 3573 2361 3597 ,
2415 3535 2735 3605 κατῴκηκεν
2793 3534 2851 3586 ἐν
2898 3534 3011 3596 τοῖς
3075 3533 3469 3605 Ἱεροσολύμοις
3531 3533 3710 3597 Ὀζίας
3732 3573 3752 3596 ,

2177 3625 2457 3696 μονονουχὶ
2500 3622 2793 3695 σύμπασαν
2822 3624 2910 3678 διὰ
2934 3624 3125 3678 τούτου
3160 3625 3387 3694 μιαίνων
3414 3624 3514 3694 τὴν
3556 3622 3755 3694 Ἰερου-

2177 3717 2378 3788 σαλήμ.
2398 3717 2694 3786 Σεσίγηκεν
2713 3716 2741 3767 6
2757 3717 3028 3787 Δεσπότης
3052 3716 3150 3770 οὐκ
3171 3715 3450 3785 ἀτιμάζων
3469 3715 3751 3787 προφήτας

2175 3809 2387 3875 ἁγίους,
2426 3809 2675 3875 ἀναξίους
2698 3808 2754 3862 δέ
2784 3808 2983 3879 μᾶλλον
3022 3808 3336 3878 ἀποφαίνων
3357 3807 3457 3877 τῆς
3489 3807 3617 3878 παρ’
3650 3806 3752 3859 αὖε

2175 3899 2269 3953 τοῦ
2313 3900 2594 3963 νουθεσίας
2626 3901 2752 3964 τοὺς
2807 3899 3147 3972 ἀκαθάρτους
3187 3897 3565 3963 συνοικοῦντας
3599 3898 3753 3968 παρά

2174 4008 2238 4059 γε
2267 3992 2327 4044 τὸ
2364 3990 2439 4061 τῷ
2460 3990 2725 4065 νομοθέτῃ
2763 3990 2971 4045 δοκοῦν.
3008 3989 3165 4044 Οῦτω
3196 3990 3306 4061 γάρ
3356 3988 3456 4043 πού
3492 4006 3624 4058 φησι
3656 3990 3750 4042 καὶ

2177 4079 2311 4148 πρὸς
2336 4079 2425 4133 τὸν
2463 4081 2728 4151 μακάριον
2763 4078 3041 4151 Ἰεζεχιήλ’
3070 4099 3089 4132 ι
3116 4081 3224 4133 Καὶ
3252 4080 3351 4149 τὴν
3371 4078 3620 4149 γλῶσσάν
3653 4096 3749 4132 σου

2180 4174 2446 4244 συνδήσω,
2480 4173 2573 4225 καὶ
2597 4172 3040 4244 ἁποκωφωθήσῃ’
3085 4171 3181 4225 καὶ
3208 4170 3307 4225 οὐκ
3330 4170 3425 4242 ἔσῃ
3457 4171 3642 4234 αὐτοῖς
3670 4171 3751 4234 είς
3812 4167 3826 4176 ’

2177 4264 2344 4336 ἄνδρα
2379 4261 2688 4328 εὐθύνοντα,
2742 4262 2824 4315 ὅτι
2854 4256 2999 4325 οἶκος
3033 4258 3487 4331 παραπικραίνων
3512 4257 3684 4313 ἐστίν.
3723 4275 3746 4307 ι

2191 4355 2583 4425 Ἀποσεσίγηκε
2608 4354 2807 4416 τοίνυν,
2827 4353 3002 4406 καίτοι
3034 4351 3292 4407 δεικνύων
3311 4352 3411 4421 τὴν
3439 4351 3753 4423 ἀγανάκτηο

2181 4446 2589 4502 σιν.Σέσεισται
2628 4444 2736 4516 γὰρ
2763 4444 2831 4497 τὰ
2870 4444 3238 4519 Ἱεροσόλυμα,
3274 4443 3366 4497 καὶ
3415 4443 3749 4513 κατεδονήθη

2182 4540 2330 4592 πᾶσα
2363 4537 2470 4590 τῶν
2508 4536 2776 4591 Ἰουδαίων
2806 4534 2975 4608 χώρα.
3006 4534 3278 4605 Εἰσόμεθα
3305 4534 3362 4588 δὲ
3390 4535 3483 4587 καὶ
3503 4533 3665 4586 τοῦτο
3682 4534 3749 4587 δι’

500 4624 661 4678 desiit
700 4636 916 4694 tempus
967 4625 1192 4693 silentii,
1237 4626 1553 4695 divinosque
1607 4627 1842 4683 visiones
1874 4629 2069 4684 sanctis

2179 4624 2255 4683 ὧν
2279 4628 2571 4698 ἐγεγράφει
2594 4627 2623 4678 ὁ
2655 4606 2938 4697 προφήτης
2980 4623 3179 4695 Ἀμώς.
3211 4625 3364 4694 Ἔχει
3399 4624 3504 4696 γὰρ
3554 4624 3749 4687 οὕτως·

501 4712 777 4781 prophetis
805 4713 945 4768 Deus
988 4714 1373 4769 universitatis
1408 4716 1658 4771 reddidit.
1691 4717 1920 4786 Ideoque.
1952 4733 2069 4786 pro-

2185 4740 2201 4772 ι
2223 4720 2384 4789 Λόγοι
2432 4721 2610 4789 Ἀμὼς
2643 4718 2692 4771 οἳ
2727 4719 2976 4787 ἐγένοντο
2996 4719 3054 4770 ἐν
3089 4715 3392 4787 Ἀκκαρεὶμ
3425 4715 3482 4767 ἐν
3511 4712 3748 4773 Θεκουὲ,

498 4806 660 4870 pheta
688 4805 856 4859 Isaias
894 4823 907 4859 :
943 4804 1040 4860 «Et
1068 4805 1265 4859 factum
1283 4818 1386 4871 est,
1412 4806 1605 4877 inquit,
1633 4823 1775 4862 anno
1800 4824 1906 4878 quo
1929 4823 2074 4864 mor-

501 4908 625 4950 tuus
656 4903 739 4951 est
765 4894 928 4951 Ozias
950 4910 1065 4960 rex,
1087 4895 1245 4965 102
1274 4896 1383 4951 vidi
1406 4897 1689 4951 Dominum
1716 4897 1957 4952 Sabaoth
1990 4914 2074 4952 sc-

500 4990 714 5043 dcntem
735 4987 787 5042 iu
811 4987 943 5043 solio
963 4988 1177 5043 excelso
1194 4998 1247 5041 et
1265 4988 1494 5046 elevato.
1509 5009 1527 5039 ι
1548 4988 1865 5059 Prophetam
1895 5000 2071 5044 autem

500 5079 698 5134 vidisse
730 5079 928 5135 Filium
962 5080 1012 5135 in
1039 5079 1213 5150 gloria
1251 5079 1340 5134 Del
1383 5089 1438 5135 et
1484 5080 1680 5142 Patris,
1722 5096 1879 5135 nemo
1922 5082 2075 5136 dubi-

503 5181 618 5226 tare
654 5174 874 5241 poterit,
925 5186 1049 5226 cum
1108 5169 1347 5226 Joannes
1398 5172 1599 5228 scribat
1626 5174 1692 5228 de
1729 5189 1794 5228 eo
1838 5185 2068 5242 aperte:

505 5278 525 5311 ι
570 5258 695 5318 Hac
746 5271 923 5319 autem
973 5261 1109 5317 dixit
1158 5261 1347 5326 Isaias,
1401 5264 1617 5330 quando
1666 5263 1799 5316 vidit
1847 5263 2071 5332 gloriam

504 5352 640 5419 ejus,
671 5354 846 5423 deque
898 5370 962 5411 eo
989 5354 1199 5410 locutus
1231 5363 1315 5407 est
1342 5354 1406 5407 υ.
1453 5373 1472 5405 ι
1527 5354 1716 5421 Specta
1752 5369 1882 5409 vero
1934 5356 2064 5409 mihi

502 5439 695 5495 «Minae
720 5442 997 5510 dignitatis
1035 5444 1420 5512 prmstantiam,
1475 5452 1533 5497 et
1585 5442 1637 5495 in
1671 5457 1891 5496 omnem
1924 5459 2071 5498 crea-

505 5534 677 5580 turam
719 5528 1072 5586 dominatum.
1110 5532 1202 5587 Ille
1238 5534 1380 5587 enitn
1421 5541 1503 5587 est
1533 5532 1597 5585 in
1629 5531 1843 5587 excelso
1878 5543 1931 5586 et
1960 5535 2068 5588 elc-

503 5624 626 5670 vato
657 5616 868 5685 throno,
910 5620 1285 5687 pulcherrimis
1331 5628 1478 5695 regni
1509 5623 1808 5695 insignibus
1853 5625 2067 5696 egregie

2176 4811 2268 4875 οὒς
2290 4812 2397 4865 ίδεν
2413 4808 2552 4880 ὑπὲρ
2583 4808 2940 4881 Ἰερουσαλὴμ
2961 4810 3016 4861 ἐν
3038 4808 3271 4879 ἡμέραις
3294 4806 3468 4870 Ὀζίου
3487 4804 3753 4875 βασιλέως

2189 4901 2389 4966 Ἰούδα,
2426 4901 2517 4954 καὶ
2564 4903 2622 4954 ἐν
2650 4901 2884 4971 ἡμέραις
2938 4898 3218 4970 Ἰεροϐοάμ
3270 4896 3365 4950 τοῦ
3413 4895 3564 4958 Ἱωᾶς
3595 4894 3751 4965 βασι-

2177 4991 2561 5072 ).ἐως’ῒῐςραὴλ
2584 4991 2689 5061 πρὸ
2725 4989 2819 5043 δύο
2863 4988 2999 5043 ἐτῶν
3036 4987 3133 5043 τοῦ
3184 4985 3431 5058 σεισμοῦ.
3460 5005 3479 5038 ι
3528 4984 3747 5056 Ἐπειδὴ

2175 5080 2231 5133 δὲ
2279 5078 2665 5148 τετελεύτηκεν
2730 5076 2911 5143 ὐζίας
2978 5076 3376 5147 συγκατέληξεν
3442 5073 3589 5146 αύτῷ
3646 5074 3750 5145 τῆς

2176 5170 2387 5242 σιωπῆς
2415 5172 2444 5224 6
2469 5170 2678 5241 καιρός.
2711 5169 2821 5224 Καὶ
2854 5169 3016 5224 πάλιν
3041 5169 3209 5223 ἐδίδου
3235 5167 3334 5230 τὰς
3360 5166 3615 5227 θεοπτίας
3635 5167 3750 5228 τοῖς

2173 5263 2349 5331 ἁγίοις
2383 5265 2688 5334 προφήταις
2721 5263 2749 5315 6
2775 5262 2881 5316 τῶν
2917 5260 3052 5316 ὅλων
3081 5260 3230 5324 Θεός.
3266 5258 3451 5332 Ταύτῃ
3473 5257 3555 5311 τοί
3582 5273 3749 5329 φησιν

2174 5354 2201 5404 6
2229 5354 2510 5423 προφήτης
2542 5352 2764 5414 Ἡσαΐας
2788 5368 2802 5381 ο
2837 5370 2856 5402 ι
2883 5352 2992 5405 Kal
3023 5351 3239 5418 ἐγένετο
3264 5349 3358 5403 τοῦ
3391 5346 3640 5405 ἐνιαυτοῦ
3687 5341 3749 5399 οὗ

2174 5443 2444 5498 ἀπέθανεν
2483 5424 2664 5506 Ὀζίας
2684 5445 2712 5494 6
2741 5442 3012 5513 βασιλεὺς,
3044 5442 3151 5496 ῐδον
3180 5441 3272 5495 τὸν
3292 5440 3497 5512 Κύριον
3521 5436 3749 5493 Σαϐαὼθ

2175 5534 2479 5604 καθήμενον
2511 5534 2603 5586 ἐπὶ
2639 5534 2825 5605 θρόνου
2851 5532 3055 5604 ὑψηλοῦ
3090 5533 3183 5587 καὶ
3211 5532 3541 5605 ἐπηρμένου.
3567 5548 3587 5583 ι
3627 5529 3753 5583 Ὅτι

2175 5626 2275 5696 μὲν
2309 5622 2401 5679 οὖν
2431 5625 2521 5679 τὸν
2565 5625 2691 5679 Υἱδν
2745 5628 2773 5680 6
2807 5625 3091 5698 προφήτης
3140 5624 3390 5679 τεθέαται
3442 5626 3501 5678 ἐν
3525 5623 3594 5695 τῇ
3623 5619 3758 5694 δόξῃ

572 5774 594 5806 ⁹
631 5770 695 5827 ιν
736 5770 867 5841 Reg.
899 5786 987 5837 xv,
1026 5774 1140 5828 1-5.
1217 5778 1259 5810 ⁸ο
1289 5779 1327 5832 ιι
1356 5779 1535 5834 Paral.
1576 5796 1723 5845 xxvn,
1756 5780 1941 5837 lii-9.0.
2018 5782 2058 5813 “

2173 5783 2288 5836 ech.
2329 5798 2409 5849 Ill,
2442 5781 2531 5837 26.
2602 5784 2644 5815 ¹²
2678 5782 2840 5837 Amos
2896 5798 2935 5847 ι,
2970 5783 3021 5837 1.
3101 5782 3145 5814 ⁸³
3170 5780 3323 5836 Joan.
3354 5795 3453 5848 ιιι,
3481 5776 3572 5833 ιι.

1483 5916 1519 5958 /
