4012 6216
296 379 393 436 1T5

1461 378 1526 433 IN
1564 378 1797 434 lSAlMl
1835 376 1961 433 LIB.
1998 378 2042 432 l.
2084 377 2295 437 οιιΑτ.
2336 377 2422 435 Iv.
2504 352 2509 357 ’

3468 388 3571 446 176

292 498 387 555 τοῦ
423 495 563 552 Θεοῦ
584 498 685 552 καὶ
706 497 939 568 Πατρὸς,
968 498 1071 552 οὐκ
1095 497 1162 554 ἂν
1193 498 1484 554 ἑνδοιόισειέ
1507 517 1611 566 τις,
1640 499 1877 553 Ἰωάννου

1991 507 2302 556 coronatus.
2333 499 2612 571 Suprema:
2648 499 2776 557 item
2809 508 3122 571 potestates,
3158 505 3354 574 quibus
3400 507 3582 563 nulla:

294 593 598 663 γράφοντος
655 590 904 661 ἐναργῶς
952 591 1083 663 περὶ
1138 591 1304 646 αὑτοῦ
1326 608 1338 622 ·
1375 592 1588 647 «Ταῦτα
1618 592 1676 646 δὲ
1727 588 1881 645 εἶπεν

305 684 556 750 Ἡσαΐας,
578 682 670 737 ὅτε
701 682 782 737 ῐδε
811 680 908 753 τὴν
934 680 1092 746 δόξαν
1125 681 1312 747 αὐτοῦ,
1347 684 1441 737 καὶ
1480 682 1709 754 ἐλάλησε
1751 683 1881 752 περὶ

291 775 513 832 αὑτοῦ.»
556 774 755 846 ⁸’Δθρει
786 774 842 828 δέ
865 792 955 845 μοι
983 775 1083 846 τῆς
1115 773 1453 846 θεοπρεποῦς
1519 774 1793 845 ὑπεροχῆς
1821 774 1880 826 τὸ

289 867 532 939 ἀξίωμα,
568 865 666 920 καλ¹
692 865 756 919 τὸ
788 863 927 919 κατὰ
953 863 1136 932 πάσης
1167 864 1395 927 κτίσεως
1433 864 1651 936 κράτος.
1691 864 1750 916 '0
1781 862 1879 933 μὲν

289 959 399 1031 γάρ
426 960 579 1011 ἐστιν
606 956 694 1026 ἐφ’
720 953 923 1026 ὑψηλοῦ
967 972 1025 1009 τε
1059 956 1151 1009 καὶ
1189 955 1505 1026 ἐπηρμένου
1549 955 1739 1028 θρόνου
1768 958 1881 1020 τοῖς

287 1052 392 1122 τῆς
416 1049 701 1122 βασιλείας
761 1050 1241 1120 ὲκπρεπεστὰτοις·
1274 1047 1583 1119 αὐχήμασιν
1630 1045 1690 1102 εὖ
1735 1047 1881 1118 μάλα

289 1141 758 1213 κατεστεμμένος.
805 1142 871 1194 Δί
929 1139 987 1193 δὲ
1029 1140 1291 1196 ἀνωτάτω
1345 1139 1621 1208 δυνάμεις,
1656 1139 1775 1211 μεθ’
1813 1140 1880 1203 ἃς

285 1235 444 1294 οὐδὲν
471 1232 733 1287 ἐπέκεινα
758 1231 869 1286 τῶν
915 1231 1157 1303 γενητῶν
1208 1227 1349 1286 εῖναι
1398 1231 1636 1301 λέγεται,
1693 1231 1878 1300 κύκλῳ

286 1328 607 1398 περιιστᾶσι
635 1324 790 1389 τάξιν
817 1323 1036 1396 ἔχουσαι
1072 1325 1173 1395 τὴν
1193 1325 1492 1396 οἰκετικὴν,
1524 1326 1618 1378 καὶ
1638 1327 1759 1386 ταῖς
1785 1327 1876 1376 εὑ·

284 1419 527 1489 φημίαις
556 1417 1079 1489 καταγεραίρουσαι.
1130 1417 1324 1489 Πλήρη
1354 1434 1412 1470 τε
1445 1411 1582 1471 εἷναί
1621 1434 1753 1487 φησι
1778 1417 1876 1488 τὴν

285 1510 389 1579 γῆν
413 1507 640 1562 ἃπασαν
662 1508 761 1578 τῆς
786 1507 945 1577 δόξης
963 1506 1150 1561 αὐτοῦ.
1183 1508 1395 1579 Χρῆναι
1426 1508 1484 1562 δὲ
1510 1507 1878 1579 ὑπολαμϐάνω

290 1601 364 1679 μὴ
391 1603 453 1654 ὲν
480 1602 731 1664 τοπικοῖς
754 1599 1009 1671 ύψὼμασι
1034 1600 1127 1653 τὸν
1157 1599 1299 1654 θεῖον
1347 1600 1555 1655 οἴεσθαι
1602 1601 1875 1655 τεθεῖσθαι

288 1691 499 1763 θρόνον.
525 1690 738 1762 Εὔηθες
787 1690 898 1762 γὰρ
946 1691 1040 1744 καὶ
1068 1690 1326 1744 ἀσύνετον
1365 1691 1555 1762 κομιδῇ
1582 1691 1641 1745 τὸ
1686 1692 1877 1763 χρῆμά

286 1785 459 1839 ἐστιν.
510 1782 679 1852 ’Υψοῦ
726 1781 834 1835 δὲό
880 1778 1023 1845 θεῖος
1045 1781 1279 1835 τέθειται
1325 1781 1533 1853 θρόνος,
1591 1782 1731 1836 καθὸ
1782 1784 1877 1836 καὶ.

1988 602 2074 644 res
2094 590 2289 659 genita
2311 592 2617 661 superiores
2648 591 2917 662 leguntur,
2946 594 3305 668 undequaque
3328 600 3561 655 cireumv

1985 688 2155 744 stant,
2207 679 2628 737 domesticorum
2668 682 2843 738 locum
2888 691 3153 754 tenentes,
3197 703 3429 761 eumque
3470 705 3563 747 or-

1982 778 2176 829 nantes
2210 771 2480 827 laudibus.
2520 791 2540 824 l
2564 773 2724 829 Plena
2747 786 2852 839 est,
2881 776 3079 845 inquit,
3122 787 3263 832 terra
3300 783 3561 838 universa

1982 862 2151 931 gloria
2189 862 2327 930 ejus.
2360 882 2381 916 ι
2404 862 2500 920 Dei
2530 876 2709 921 autem
2744 869 2995 924 thronum
3020 871 3203 925 nonin
3225 872 3561 929 sublimitate
3658 930 3673 935 η

1980 954 2086 1011 loci
2120 956 2407 1011 terminata
2436 959 2696 1031 positum,
2720 975 2840 1015 meo
2863 959 3095 1032 judicio,
3127 965 3445 1021 existimare
3470 968 3558 1021 de?

1982 1049 2171 1103 bemus
2204 1064 2218 1101 :
2249 1048 2301 1103 id
2327 1049 2470 1104 enim
2501 1051 2743 1120 profecto
2788 1054 3010 1110 stultum
3040 1067 3123 1112 est
3154 1067 3207 1111 et
3244 1058 3494 1114 frivolum
3539 1077 3553 1115 :

1981 1147 2037 1192 at
2091 1141 2144 1195 in
2184 1138 2400 1196 sublimi
2463 1141 2552 1196 Dei
2612 1144 2840 1203 thronus
2882 1148 3088 1216 positus
3135 1159 3239 1214 est,
3289 1160 3559 1218 quatenus

1982 1230 2152 1291 divini
2184 1232 2335 1302 regni
2370 1232 2543 1304 glorta
2587 1249 2803 1290 omnem
2830 1248 3080 1293 naturam
3122 1242 3223 1294 sub
3254 1241 3556 1312 intelligen-

1996 1319 2122 1373 tiam
2146 1317 2453 1385 cadentem.
2480 1338 2743 1394 superare
2778 1328 3114 1399 intelligitur.
3152 1330 3352 1385 Deinde
3384 1332 3555 1395 sessio

1979 1424 2100 1478 qua:
2127 1413 2194 1465 de
2232 1427 2296 1467 eo
2323 1415 2542 1481 dicitur,
2579 1417 2741 1472 veluti
2774 1416 3083 1473 ﬁrmitatem
3115 1430 3169 1474 et
3203 1422 3554 1483 stabilitatem

1978 1502 2034 1556 in
2069 1505 2257 1560 eodem
2297 1508 2560 1563 bonorum
2609 1520 2798 1565 tenore
2830 1512 3298 1584 constantiamque
3343 1515 3557 1571 videtur

1979 1597 2294 1655 subnotare.
2326 1599 2515 1657 Psallit
2538 1604 2683 1657 enim
2713 1605 2793 1660 sic
2816 1614 2872 1660 et
2902 1606 3093 1662 beatus
3123 1605 3292 1662 David
3319 1624 3335 1663 :
3364 1626 3384 1660 ι
3416 1608 3554 1673 Deus

1979 1689 2132 1742 sedet
2165 1690 2217 1743 in
2263 1691 2457 1746 throno
2496 1702 2684 1748 sancto
2722 1709 2823 1750 suo
2850 1695 2916 1749 ⁸⁸.
2951 1715 2971 1749 ι
3007 1696 3076 1752 Ει
3106 1699 3368 1768 propheta
3401 1698 3555 1755 lere:

1985 1782 2122 1837 mias
2151 1784 2219 1837 ad
2241 1796 2365 1838 eum
2396 1784 2527 1839 dicit
2558 1803 2573 1839 :
2614 1804 2632 1836 ι
2664 1787 2741 1841 Tn
2777 1789 2934 1844 sedes
2967 1790 3019 1844 in
3064 1792 3479 1860 sempiternum,
3499 1802 3559 1851 ,ει

217 1911 235 1925 .
286 1876 489 1928 νοεῖται
516 1876 698 1945 πάσης
724 1873 982 1929 ἐπέκεινα
1004 1874 1221 1942 φύσεως
1247 1878 1449 1946 νοητῆς
1486 1876 1586 1946 τῆς
1606 1876 1710 1929 τοῦ
1733 1876 1870 1931 θεοῦ

1979 1884 2075 1926 nos
2106 1872 2347 1939 perintus
2381 1874 2437 1929 in
2467 1878 2862 1945 sempiternum
2897 1880 2962 1934 ".
3001 1898 3020 1932 ι
3058 1878 3289 1951 Semper
3323 1882 3468 1936 enim
3500 1891 3558 1941 ,et

287 1967 574 2037 βασιλείας
596 1968 629 2038 ή
648 1966 795 2031 δόξα.
831 1967 896 2019 Ἠ
923 1966 978 2019 δὲ
1009 1966 1225 2030 κάθισις
1251 1968 1279 2037 ἡ
1306 1967 1572 2022 ὲπ⁹αὐτοῦ
1588 1969 1687 2038 τὴν
1708 1969 1871 2022 οἱονεὶ

285 2058 621 2128 βεϐαιότητά
642 2076 703 2111 τε
739 2059 833 2112 καὶ
862 2061 919 2113 ἐν
956 2060 1246 2128 ταυτότητι
1281 2059 1392 2113 τῶν
1413 2059 1635 2127 ἀγαθῶν
1663 2060 1870 2131 ἵδρυσιν

285 2168 345 2203 τε
371 2151 468 2203 καὶ
503 2148 763 2221 διαμονὴν
792 2150 968 2204 ἔοικεν
1006 2150 1323 2219 ὑποδηλοῦν.
1366 2150 1573 2205 Ψάλλει
1594 2151 1702 2222 γὰρ
1728 2151 1872 2204 οὕτω

286 2244 384 2297 καὶ
404 2245 433 2297 ό
454 2242 743 2307 θεσπέσιος
770 2242 954 2296 Δαϐίδ·
989 2264 1007 2294 ι
1047 2244 1103 2297 ὐ
1129 2244 1261 2307 Θεὸς
1286 2243 1522 2313 κάθηται
1552 2243 1645 2296 ἐπὶ
1681 2243 1870 2314 θρόνου

287 2333 446 2401 ἁγίου
473 2332 662 2387 αὐτοῦ.
692 2351 712 2385 ι
776 2334 886 2387 Καὶ
925 2334 1032 2404 μὴν
1072 2334 1166 2388 καὶ
1207 2336 1237 2387 ὁ
1283 2336 1570 2405 προφήτης
1610 2335 1872 2406 Ἱερεμίας

286 2425 426 2496 πρὸς
449 2426 616 2481 αὐτόν
682 2426 787 2479 πού
844 2442 1037 2496 φησιν’
1082 2445 1101 2478 t
1142 2427 1265 2481 Ὅτι
1310 2427 1375 2481 σὺ
1419 2426 1727 2497 καθήμενος
1780 2428 1871 2481 τὸν

286 2516 481 2582 αἰῶνα,
509 2518 605 2570 καὶ
632 2517 795 2588 ἡμεῖς
822 2516 1188 2587 ἀπολλύμενοι
1215 2517 1308 2572 τὸν
1335 2518 1526 2571 αἰῶνα.
1553 2537 1572 2569 ι
1615 2520 1729 2572 Ἀεὶ
1763 2519 1872 2589 γὰρ

288 2609 384 2662 καὶ
403 2609 465 2662 ὲν
498 2609 663 2663 παντὶ
717 2607 896 2679 χρόνῳ
925 2609 1137 2680 φθαρτή
1174 2610 1235 2662 τέ
1279 2610 1487 2681 ἐστινὴ
1524 2609 1869 2681 πεποιημένη

286 2697 471 2767 φύσις,
503 2699 600 2752 καὶ
625 2698 744 2752 τῶν
767 2699 1009 2770 γενητῶν
1038 2700 1096 2753 ὲν
1132 2698 1343 2764 τούτοις
1367 2700 1429 2754 τὸ
1463 2700 1679 2771 μέτρον*
1699 2701 1871 2771 κάθη-

287 2807 380 2844 ται
413 2790 498 2856 δὲ,
526 2789 603 2854 ὡς
627 2788 788 2861 ἔφην,
819 2792 851 2861 ή
888 2791 1106 2846 πάντων
1133 2792 1366 2861 τεχνῖτις
1396 2792 1490 2844 καὶ
1541 2791 1872 2862 δημιουργὸς

288 2883 479 2950 σοφία,
510 2881 651 2936 τοῦτ’
679 2882 849 2946 ἐστιν,
880 2883 1175 2954 ἀκλόνητον
1228 2882 1341 2953 ἔχει
1361 2881 1459 2953 τὴν
1503 2884 1561 2936 ὲν
1584 2885 1872 2953 ταυτότητι

285 2974 572 3046 διαμονήν.
597 2974 790 3046 Πλήρη
811 2974 867 3027 δὲ
898 2969 1038 3036 εἶναι
1071 2992 1205 3046 φησι
1261 2975 1351 3028 τὸν
1389 2969 1536 3030 οἶκον
1580 2976 1680 3046 τῆς
1714 2975 1873 3047 δόξης

287 3064 481 3120 αὐτοῦ.
516 3063 685 3119 Οὔπω
719 3064 831 3137 γὰρ
876 3066 1331 3137 δεδυσσεὸηκότος
1387 3065 1483 3120 τοῦ
1537 3066 1744 3139 Ἰσραὴλ
1793 3067 1873 3130 εἰς

285 3158 381 3211 τὸν
409 3157 615 3228 Κύριον
643 3157 801 3228 ήμῶν
845 3158 1055 3230 Ἰησοῦν
1105 3157 1196 3213 τὸν
1223 3157 1478 3229 Χριστὸν,
1509 3158 1751 3231 ἐπλήρου
1779 3158 1872 3213 τὸν

284 3247 436 3305 οἷκον
466 3251 559 3305 τὸν
597 3253 657 3305 ὲν
685 3253 797 3315 τοῖς
856 3228 1254 3322 Ἰεροσολύμοις
1279 3228 1339 3322 Si}
1386 3250 1482 3304 τοῦ
1541 3228 1677 3304 Θεοῦ
1724 3250 1872 3316 δόξα.
1900 3228 1945 3287 c

301 3343 520 3413 Ἐπειδὴ
540 3342 601 3397 δὲ
636 3344 946 3414 ἠρνήσαντο
972 3342 1072 3414 τὴν
1107 3341 1384 3414 βασιλείαν
1422 3342 1607 3407 αὑτοῦ,
1642 3344 1735 3397 καὶ
1776 3360 1875 3396 πε·-

288 3434 578 3488 πτώκασιν
629 3436 711 3500 εἰς
759 3435 1084 3503 ἀνοσιότητα
1135 3435 1372 3503 τρόπων.
1428 3427 1503 3487 Οὗ
1564 3434 1748 3488 ἕνεκεν
1777 3434 1876 3505 τὴν

289 3527 475 3596 φωνὴν
501 3526 748 3596 ἥκουσαν
778 3526 1045 3594 λέγοντος
1077 3545 1094 3577 t
1119 3526 1249 3580 ’ἰδοὺ
1269 3525 1488 3596 ἀφίεται
1519 3527 1647 3595 ὑμῖν
1678 3528 1705 3579 ό
1729 3521 1876 3590 οἶκος

288 3615 471 3688 ὑμῶν.
495 3635 517 3669 ι
566 3616 813 3687 Ἐκάστῳ
834 3616 890 3670 δὲ
917 3615 1027 3669 τῶν
1082 3616 1362 3687 Σεραφεὶμ
1393 3614 1479 3682 EE»
1499 3614 1876 3685 ὲμπεφυκέναι

289 3708 433 3779 φησὶ
452 3708 553 3771 τὰς
583 3709 876 3780 πτέρυγας,
907 3707 981 3773 ὡς
1020 3709 1141 3771 ταῖς
1172 3709 1269 3778 μὲν
1289 3706 1411 3761 δυσὶ
1441 3706 1876 3763 κατακαλύπτειν

286 3799 356 3852 τὸ
384 3798 694 3869 πρόσωπον,
719 3801 837 3863 ταῖς
858 3799 916 3852 δὲ
952 3798 1075 3851 δυσὶ
1119 3800 1246 3862 τοὺς
1291 3798 1479 3863 πόδας,
1521 3797 1788 3852 πέτασθαι
1820 3796 1876 3850 δὲ

287 3891 412 3952 ταῖς
442 3888 675 3953 λοιπαῖς.
703 3890 1127 3960 Διερμηνεύεται
1157 3889 1215 3943 δὲ
1237 3890 1538 3960 Σεραφεὶμ,
1560 3888 1876 3961 ἐμπρησταὶ

290 3982 413 4049 ἦτοι
443 3981 848 4057 θερμαίνοντες.
882 3981 1107 4052 Ψυχρὸν
1146 3982 1256 4052 γὰρ
1296 3982 1448 4035 οὐδὲν
1486 3980 1635 4052 παρά
1662 3996 1726 4049 γε
1757 3982 1876 4042 ταῖς

289 4064 419 4129 ἄνοι’
453 4072 773 4145 δυνάμεσιν,
820 4075 986 4145 αἴπερ
1016 4073 1082 4128 ἂν
1142 4070 1250 4128 εἷεν
1285 4073 1521 4144 μάλιστα
1567 4072 1661 4126 καὶ
1708 4072 1873 4141 ἐγγὺς

289 4163 446 4219 Θεοῦ.
481 4165 672 4238 Ταύτῃ
701 4182 781 4218 τοι
822 4167 916 4228 καὶ
941 4167 1099 4238 ἡμεῖς
1132 4164 1284 4221 αὐτοὶ
1312 4162 1639 4235 κολλώμενοι
1669 4161 1758 4215 διὰ
1789 4161 1877 4216 περ

292 4273 462 4320 στεως
484 4260 581 4311 καὶ
605 4256 882 4320 πολιτείας
930 4257 1030 4327 τῆς
1080 4255 1295 4326 ἀγαθῆς
1347 4256 1440 4309 καὶ
1496 4254 1875 4324 ὲννομωτάτης

291 4351 509 4416 ζέοντες
543 4351 958 4422 ἀποτελούμεθα
1007 4351 1088 4423 τῷ
1122 4350 1413 4421 πνεύματι,
1438 4350 1531 4404 καὶ⁸
1560 4347 1752 4420 θερμοὶ
1776 4348 1874 4420 τὴν

289 4446 513 4515 ἀγάπην
545 4444 647 4519 τὴν
679 4446 760 4508 εὶς
788 4445 943 4499 Θεόν.
975 4442 1250 4514 Σύμϐολον
1274 4444 1333 4497 δὲ
1382 4441 1442 4497 τὸ
1481 4444 1599 4506 ταῖς
1650 4441 1874 4514 πτέρυξι

1977 1965 2202 2020 omnino
2236 1969 2571 2037 corruptioni
2620 1969 2855 2026 obnoxia
2897 1982 2983 2027 est
3025 1987 3204 2027 rerum
3250 1982 3466 2041 natura,
3503 1983 3560 2033 et

1977 2071 2168 2110 eorum
2205 2073 2325 2126 qua:
2351 2069 2528 2112 ortum
2563 2060 2762 2115 habent
2808 2076 3061 2117 mensura
3101 2063 3346 2132 quaadam
3378 2072 3463 2119 est
3493 2078 3559 2119 ac

1985 2148 2268 2203 terminus.
2318 2150 2484 2205 Sedet
2539 2161 2743 2216 autem,
2779 2154 2856 2207 uti
2907 2153 3040 2217 dixi,
3089 2155 3331 2208 omnium
3377 2170 3556 2220 rerum

1979 2236 2391 2295 architectatrix
2427 2252 2484 2295 et
2523 2243 2707 2310 opifex
2759 2244 3048 2314 sapientia,
3094 2243 3142 2297 id
3177 2256 3280 2309 est,
3334 2245 3556 2311 immota

1978 2336 2083 2393 est,
2121 2337 2177 2382 et
2218 2330 2408 2385 eodem
2441 2333 2599 2388 modo
2641 2344 2944 2403 permanet.
2990 2334 3213 2389 Plenam
3267 2336 3398 2389 dicit
3438 2350 3558 2392 esse
3625 2323 3633 2330 ’

1979 2420 2195 2476 domum
2224 2422 2392 2493 gloria
2426 2423 2566 2491 ejus.
2633 2425 2768 2480 Nam
2794 2425 3029 2496 qnandin
3058 2425 3223 2482 lsraei
3252 2443 3356 2481 non
3391 2429 3558 2483 admi-

1978 2512 2050 2567 sit
2098 2512 2430 2583 impietatem
2491 2526 2679 2573 contra
2729 2517 3016 2572 Dominum
3061 2508 3323 2575 'nostrum
3374 2519 3556 2581 Jesum

1978 2602 2296 2671 Christum,
2356 2606 2529 2677 gloria
2588 2609 2681 2662 Dei
2747 2607 3289 2676 Hierosolymitanam
3340 2611 3556 2673 domum

1978 2696 2238 2765 implevit.
2274 2696 2379 2753 Sed
2430 2708 2716 2770 postquam
2750 2713 3019 2772 negarunt
3067 2718 3293 2774 regnum
3322 2704 3460 2774 ejus,
3502 2706 3556 2759 in

1978 2803 2188 2851 morum
2232 2789 2561 2858 impietatem
2606 2803 2953 2860 proruerunt.
2989 2795 3201 2849 Idcirco
3233 2796 3559 2850 audiverunt

1979 2889 2166 2930 vocem
2215 2875 2447 2933 dicentis
2495 2895 2508 2930 :
2559 2896 2576 2928 ι
2606 2879 2745 2933 Ecce
2797 2879 3118 2949 relinquitur
3161 2882 3319 2937 vobis
3365 2883 3557 2937 domus

1981 2974 2157 3020 vestra
2176 2951 2401 3023 deserta
2432 2968 2497 3022 “.
2526 2988 2542 3019 ι
2583 2967 2889 3040 Unicuique
2912 2979 3090 3026 autem
3138 2971 3422 3042 Seraphim
3461 2988 3555 3037 se;

1980 3056 2094 3112 alas
2137 3055 2362 3113 adnatas
2404 3074 2525 3114 esse
2564 3061 2719 3128 dicit,
2754 3071 2812 3115 ut
2856 3062 3063 3117 duabus
3094 3062 3306 3129 faciem,
3345 3065 3554 3123 duabus

1979 3151 2145 3220 pedes
2171 3160 2431 3223 tegerent,
2479 3154 2700 3223 reliquis
2732 3156 2999 3211 volarent.
3038 3154 3350 3227 Seraphim,
3402 3158 3554 3229 igniti

1978 3259 2072 3299 seu
2107 3243 2380 3301 ferventes
2409 3247 2720 3315 exponitur.
2769 3248 2824 3302 In
2861 3250 3074 3318 superis
3098 3250 3242 3305 enim
3275 3253 3557 3320 potestati-

1977 3336 2080 3391 bus
2121 3337 2253 3391 nihil
2303 3337 2580 3408 frigidum,
2633 3349 2688 3394 ut
2741 3355 2862 3409 qua
2904 3341 3148 3410 proxime
3193 3343 3362 3399 Deum
3407 3353 3552 3400 sunt.

1978 3426 2088 3482 Nos
2118 3430 2280 3484 etiam
2332 3432 2436 3485 hoc
2484 3437 2642 3485 modo
2669 3447 2766 3501 per
2799 3432 2956 3488 fidem
3008 3442 3064 3488 et
3111 3434 3312 3493 bonam
3344 3435 3557 3505 legique

1981 3520 2217 3575 maxime
2243 3532 2663 3576 consentaneum
2697 3524 2821 3577 vita}
2848 3525 3243 3579 institutionem
3269 3527 3343 3581 illi
3366 3527 3554 3596 agglu-

1981 3612 2158 3675 tinati,
2183 3613 2378 3682 spiritu
2411 3614 2681 3670 ferventes
2713 3617 3049 3684 perficiatur,
3087 3626 3143 3673 et
3191 3618 3460 3672 charitate
3501 3619 3555 3673 in

1983 3704 2140 3774 103
2164 3705 2328 3759 Deum
2357 3708 2631 3761 ardentes.
2647 3705 2815 3761 Porro
2848 3706 3132 3777 Seraphin:
3157 3708 3256 3767 alis
3285 3711 3460 3764 velare
3484 3710 3556 3763 fa.

1978 3778 2115 3849 ciem
2130 3806 2183 3849 et
2203 3797 2391 3864 pedes,
2407 3805 2459 3851 et
2481 3797 2693 3850 duobus
2716 3798 2918 3859 volare,
2941 3797 3243 3867 symbolum
3265 3808 3366 3862 est,
3389 3802 3555 3854 nemi~

1978 3870 2100 3943 nem
2121 3902 2278 3954 posse
2292 3887 2376 3941 vel
2394 3887 2741 3957 principium,
2762 3888 2845 3942 vel
2867 3888 3026 3943 finem
3042 3892 3436 3947 sententiarum
3460 3906 3553 3947 ant

1976 3991 2285 4033 sermonum
2316 3978 2382 4033 de
2414 3979 2913 4051 Deointrospicere.
2934 3982 3105 4053 Caput
3125 3985 3269 4039 enim
3302 3994 3354 4038 et
3390 3985 3552 4043 facies

1974 4070 2265 4142 designant
2309 4073 2654 4142 principium,
2704 4073 2867 4127 finem
2917 4075 3099 4143 pedes.
3144 4075 3303 4135 Caret
3351 4080 3551 4132 etenim

1978 4162 2248 4232 principio
2283 4161 2575 4230 Divinitas,
2613 4176 2666 4219 et
2711 4167 2829 4221 linis
2869 4179 2950 4223 est
2990 4170 3192 4223 nescia.
3240 4166 3348 4223 Nos
3374 4179 3550 4225 autent

1977 4251 2069 4305 vix
2100 4251 2375 4306 intuemur
2409 4268 2469 4308 ea
2499 4269 2619 4325 quae
2654 4255 2706 4308 in
2751 4256 2927 4309 medio
2968 4257 3313 4327 interiacent,
3343 4273 3429 4323 ea,
3472 4259 3552 4313 itt-

1977 4357 2163 4413 quam,
2200 4357 2325 4414 quae
2347 4330 2590 4414 tempore
2622 4347 2775 4412 fiunt,
2805 4362 2914 4417 quo
2943 4362 3005 4402 ea
3027 4363 3148 4417 qua:
3173 4364 3278 4404 non
3320 4359 3467 4415 sunt,
3498 4353 3550 4406 in

1977 4432 2234 4491 effectum
2261 4435 2552 4506 aliquando
2581 4440 2972 4507 producuntur.
3000 4438 3199 4496 Volant
3217 4442 3473 4514 denique,
3497 4456 3555 4506 ut

288 4534 735 4591 κατακαλύπτειν
762 4536 832 4589 τὰ
862 4535 1140 4608 Σεραφεὶμ
1165 4535 1298 4588 τότε
1323 4534 1614 4605 πρόσωπον
1634 4532 1873 4596 καὶτοὺς

1979 4526 2072 4595 qui
2112 4525 2250 4582 nihil
2274 4528 2651 4596 proculcatam
2700 4528 2901 4583 habent.
2938 4544 3033 4586 seu
3070 4530 3340 4599 abiectum
3372 4551 3386 4588 :
3422 4536 3552 4604 qttin

289 4626 477 4692 πόδας,
498 4625 771 4681 πέτασθαι
800 4626 857 4679 δὲ
882 4630 1001 4689 ταῖς
1027 4626 1198 4689 δυσὶν,
1227 4625 1320 4681 τοῦ
1353 4626 1426 4696 μὴ
1447 4624 1875 4688 δύωσθαίτινας

289 4718 325 4789 ἢ
355 4718 530 4792 ἀρχὴν
559 4718 594 4790 ἢ
625 4718 782 4782 τέλος
840 4719 972 4790 όρᾷν
1038 4719 1255 4777 ἐννοιῶν
1320 4720 1353 4788 ἦ
1408 4717 1582 4786 λόγων
1614 4716 1722 4771 τῶν
1750 4719 1878 4788 περὶ

288 4810 447 4865 Θεοῦ.
486 4809 753 4882 Σημαίνει
781 4810 880 4881 μὲν
909 4811 1020 4883 γὰρ
1040 4811 1139 4884 τὴν
1162 4811 1338 4883 ἀρχὴν
1369 4812 1403 4881 ή
1430 4807 1661 4879 κεφαλὴ,
1699 4810 1791 4863 καὶ
1816 4808 1877 4862 τὸ

289 4905 610 4976 πρόσωπον,
640 4904 703 4966 τὸ
730 4904 789 4958 δέ
821 4920 886 4972 γε
927 4905 1083 4968 τέλος
1139 4905 1190 4958 οἱ
1247 4903 1426 4967 πόδες.
1457 4903 1724 4973 ’Δναρχον
1768 4900 1875 4971 γὰρ

289 4996 353 5049 τὸ
374 4996 527 5051 Θεῖον
552 4997 650 5059 καὶ
665 4995 931 5066 ’τελευτᾷν
954 4996 1056 5050 οὐκ
1076 4995 1235 5059 εἶδός.
1260 4993 1674 5067 Πῳσσάλλομεν
1694 4992 1751 5046 δὲ
1765 4994 1878 5056 τοῖς

287 5088 381 5142 διὰ
411 5089 580 5161 μέσου
609 5087 766 5160 μόλις
781 5090 895 5152 τοῖς
924 5087 1067 5147 κατά
1092 5105 1155 5157 γε
1179 5090 1306 5151 τοὺς
1325 5086 1549 5158 χρόνους
1571 5086 1736 5157 φημὶ,
1758 5084 1880 5138 καθ’

288 5178 390 5245 οὓς
433 5180 506 5235 τὰ
539 5182 646 5239 οὐκ
675 5180 807 5236 ὂντα
839 5180 973 5236 ποτὲ
1006 5178 1267 5251 παρήχθη
1317 5178 1454 5247 πρὸς
1488 5176 1739 5246 ὓπαρξιν.
1779 5176 1883 5229 Πέ-

292 5272 484 5327 tam!
519 5289 585 5345 γε
617 5273 728 5347 μὴν
758 5274 837 5338 ὡς
879 5274 1032 5327 οὐδὲν
1076 5272 1291 5343 ἔχοντες
1314 5272 1377 5324 τὸ
1419 5260 1879 5351 κατερῤιμμένον.

305 5360 484 5433 ’Υψοῦ
503 5361 563 5425 δὲ
586 5364 787 5435 μᾶλλον
813 5365 901 5419 ἀεὶ
927 5364 990 5418 τὸ
1023 5364 1280 5443 φρόνημα
1308 5360 1444 5433 πρὸς
1470 5360 1623 5413 Θεόν.
1669 5358 1745 5411 Οὐ
1774 5357 1881 5427 γάρ

286 5473 376 5511 τοι
402 5454 527 5511 καθ’
562 5458 711 5528 ἡμᾶς
726 5455 987 5529 φρονοῦσι
1012 5456 1082 5511 τὰ
1117 5456 1290 5517 κάτω,
1317 5453 1432 5508 ἀλλ’
1458 5456 1514 5507 ἐν
1544 5451 1897 5541 ἀπορρήτοις.

289 5550 434 5603 τισὶν
459 5548 753 5619 ὁψὼμασιν
794 5546 1014 5604 ἐννοιῶν
1054 5549 1110 5602 αἱ
1156 5544 1414 5600 ἀνωτάτω
1467 5542 1724 5612 δυνάμεις
1785 5539 1876 5593 τὸν

293 5640 494 5696 οικεῑον
524 5638 712 5710 ἔχουσι
751 5637 894 5693 νοῦν.
927 5636 1188 5709 Εῦφημον
1235 5637 1292 5691 δὲ
1344 5634 1438 5689 καὶ
1471 5634 1532 5687 τὸ
1572 5632 1747 5701 στόμα
1778 5632 1874 5684 αὐ-

1977 4617 2159 4688 potius
2197 4618 2305 4673 alte
2344 4634 2558 4696 semper
2606 4620 2818 4673 illorum
2855 4636 3008 4677 mens
3042 4623 3094 4677 in
3144 4622 3311 4679 Deum
3360 4624 3550 4696 fertur,

1977 4707 2095 4765 Non
2128 4711 2297 4775 enim,
2330 4694 2388 4764 ut
2422 4727 2541 4773 nos,
2582 4713 2695 4767 haec
2717 4712 2902 4768 infima
2938 4715 3158 4785 sapiunt
3196 4716 3278 4771 lim
3311 4694 3552 4787 potesta-

1980 4812 2061 4860 tes
2083 4818 2367 4873 supremae.
2396 4805 2488 4858 sed
2506 4814 2739 4857 mentem
2772 4804 2972 4860 habent
2992 4808 3205 4861 arcanis
3234 4811 3551 4877 quihusdam

1979 4893 2370 4951 sententiarum
2398 4893 2825 4951 sublimitatibus
2854 4894 3067 4950 amttam
3097 4905 3149 4951 et
3184 4899 3549 4967 conjunctam.

1978 4986 2054 5042 Os
2081 5002 2301 5057 quoque
2327 5001 2514 5043 eorum
2541 4988 2756 5054 plenum
2781 4997 2867 5044 est
2899 4989 3093 5045 faustis
3127 4990 3552 5045 ominationibtts

1979 5093 2044 5133 ac
2068 5078 2339 5138 laudibus.
2374 5078 2614 5135 Gloriam
2641 5081 2785 5136 enim
2836 5081 3146 5145 decantant,
3192 5082 3354 5149 idque
3384 5080 3551 5135 alter-

1980 5171 2068 5226 nis
2108 5170 2338 5233 vicibus,
2375 5186 2481 5226 non
2526 5173 2652 5241 quia
2686 5172 3072 5243 defatigantur,
3102 5181 3162 5227 ut
3201 5186 3301 5243 ego
3334 5172 3552 5241 quidem

1980 5265 2240 5330 arbitror,
2278 5264 2373 5321 sed
2407 5265 2616 5322 honore
2640 5266 2743 5321 sibi
2780 5276 2967 5321 mutuo
2990 5266 3207 5330 cedunt,
3242 5274 3294 5319 et
3317 5265 3551 5320 vicissim

1981 5352 2322 5407 laudationes
2353 5355 2606 5415 reddunt.
2647 5352 2841 5409 Omnia
2881 5352 3024 5407 enim
3067 5366 3261 5421 supera
3305 5353 3558 5407 ordinate

1984 5445 2120 5502 fiunt
2140 5458 2201 5502 ac
2225 5446 2500 5501 decenter.
2534 5445 2668 5499 Cum
2708 5460 2837 5500 vero
2868 5463 2887 5497 ι
2916 5442 3151 5499 Sanctus
3183 5463 3203 5496 ι
3236 5454 3318 5501 ter
3345 5446 3553 5515 dicunt,

1980 5537 2242 5593 claudunt
2272 5539 2527 5607 hymnum
2556 5536 2608 5590 in
2639 5537 2764 5601 hoc,
2793 5554 2814 5589 ι
2860 5536 3119 5593 Dominus
3146 5535 3407 5601 Sabaoth,
3439 5557 3457 5590 ι
3503 5540 3556 5602 in

1984 5642 2089 5681 una
2108 5628 2324 5683 deitatis
2358 5635 2547 5682 natura
2573 5634 2819 5683 sanctam
2846 5627 3246 5684 constituentes
3270 5626 3549 5715 'l'riadem,

371 5798 416 5838 ιδ
434 5797 579 5861 Psal.
618 5812 762 5866 XLVI,
797 5796 851 5855 9.
930 5797 973 5829 "
1009 5795 1216 5856 Baruch
1277 5810 1357 5861 ιιι,
1532 5793 1575 5833 ⁸⁸
1605 5791 1792 5849 Matth.
1819 5804 1978 5857 χχιιι,
2007 5789 2098 5843 58.
