4032 6214
467 402 586 460 ’176

1470 399 1527 454 S.
1569 396 1842 453 CYRILLI
1884 396 2357 454 ALEXANDRINI
2399 399 2714 456 ARCHIEP.

3639 401 3744 456 176

481 517 792 574 Subsistere
832 515 976 569 enim
1019 513 1234 568 Patrem
1271 515 1429 582 plane
1471 514 1723 582 dicimus,
1767 517 1844 571 sic
1888 517 2050 570 etiam

2163 519 2295 578 ταῖς.
2315 515 2687 584 ’Δοξολογοῦσι
2721 514 2829 585 γὰρ
2857 513 2950 566 καὶ
2975 513 3136 566 τοῦτο
3173 512 3230 580 ἐξ
3272 512 3525 583 ἀμοιδῆς,
3561 514 3623 568 ού
3651 515 3739 570 διά

459 610 699 675 Filium,
738 615 791 662 et
820 606 1087 676 Spiritum
1123 617 1392 662 sanctum.
1430 604 1615 676 Neque
1646 622 1773 663 vero
1809 623 1944 676 quos
1979 609 2059 661 di-

477 701 675 766 cimus,
706 700 758 752 in
801 696 1108 752 naturalem
1155 697 1392 768 aliquam
1431 699 1801 754 diversitatem
1838 698 1942 752 ulla
1973 714 2061 753 ra-

481 793 558 848 tio
592 791 855 852 dissecat,
888 788 981 843 sed
1013 789 1064 842 in
1097 789 1298 859 triplici
1345 789 1622 861 hypostasi
1649 805 1751 844 una
1780 790 1950 845 deitas
1978 790 2060 844 in-

481 881 758 950 telligitur.
799 879 910 934 lloc
943 879 1162 949 quidem
1215 880 1374 936 nobis
1417 891 1669 936 testatum
1714 881 1922 938 faciunt
1963 872 2060 952 pel

483 975 580 1028 hos
605 982 823 1027 sanctos
854 970 1138 1040 Seraphim
1171 1013 1186 1037 ,
1227 974 1318 1042 qui
1361 973 1666 1028 universam
1712 984 1912 1028 terram
1946 989 2060 1028 ma-

477 1063 675 1132 jestate
706 1063 820 1131 ejus
867 1063 1085 1133 plenam
1138 1063 1409 1128 dictitant,
1459 1063 1638 1118 futura
1680 1065 2058 1134 praecinentes,

481 1163 534 1209 ct
565 1155 956 1210 administratae
979 1169 1076 1224 per
1099 1155 1374 1211 Christum
1406 1157 1828 1225 dispensationis
1867 1168 2061 1226 myste-

485 1244 622 1299 rium
659 1247 1105 1314 przenuntiantes.
1142 1243 1467 1314 Priusquam
1490 1247 1632 1300 enim
1666 1247 1906 1302 Verbum
1933 1264 2060 1303 raro

483 1337 683 1392 factum
727 1346 894 1401 esset,
929 1337 1015 1391 ille
1055 1337 1290 1405 damon,
1321 1337 1410 1394 ille
1442 1339 1701 1400 exitialis,
1745 1339 1830 1393 ille
1871 1341 2059 1406 draco,

483 1429 573 1484 ille
619 1428 880 1496 delector,
919 1428 1105 1484 orbem
1142 1437 1417 1484 terrarum
1471 1433 1791 1498 occupabat,
1831 1445 1884 1486 et
1907 1450 2058 1489 crea-

2159 623 2220 674 γε
2253 608 2311 658 τὸ
2363 608 2615 676 κάμνειν,
2677 605 2928 674 καθάπερ
2982 601 3217 673 ἐγῷμαι,
3265 602 3739 674 παραχωροῦσιδέ

2163 697 2361 766 μᾶλλον
2390 697 2488 758 τὰς
2510 696 2670 765 τιμὰς
2703 695 2962 766 ἁλλήλως,
3001 695 3092 747 καὶ
3137 693 3594 764 ἀντιδωρούμεναι
3640 696 3738 757 τὰς

2157 787 2480 855 δοξολογίας.
2520 787 2706 840 Πάντα
2734 787 2842 857 γὰρ
2875 787 2931 839 ἐν
2961 785 3150 856 κόσμῳ
3173 785 3239 838 τὰ
3267 785 3397 839 ἄνω.
3422 785 3552 856 Τρὶς
3574 785 3630 838 δὲ
3653 785 3736 845 τὸ.

2166 898 2183 929 ι
2221 879 2408 948 ’Ἄγιος
2433 898 2452 930 ι
2477 878 2754 946 λέγουσαι,
2780 877 3159 931 κατακλείουσι
3187 875 3281 947 τὴν
3312 875 3639 944 δοξολογίαν,
3658 879 3740 940 είς

2157 972 2237 1036 τὸ,
2262 991 2280 1023 ι
2305 971 2506 1041 Κύριος
2530 969 2810 1032 Σαϐαὼθ,ι
2836 971 2894 1022 ἐν
2909 971 3008 1040 μιᾷ
3023 970 3269 1039 θεότητος
3294 969 3449 1038 φύσει
3465 968 3563 1039 τὴν
3576 969 3740 1037 ἁγίαν

2157 1060 2395 1125 τιθέντες
2425 1061 2650 1132 Τριὰδα.
2715 1061 3045 1130 ’Υφεστόιναι
3081 1061 3178 1130 μὲν
3224 1061 3331 1130 γὰρ
3369 1059 3739 1130 ὁμολογουμέ-

2163 1170 2268 1216 νως
2305 1153 2483 1223 φαμὲν
2503 1153 2594 1205 τὸν
2627 1153 2876 1223 Πατέρα·
2929 1151 3070 1204 οῦτω
3107 1151 3161 1203 δὲ
3205 1153 3297 1204 καὶ
3339 1151 3428 1204 τὸν
3461 1151 3606 1215 Υίὺν,
3643 1151 3742 1205 καὶ

2157 1245 2218 1297 τὸ
2252 1244 2474 1314 Πνεῦμα
2500 1245 2561 1298 τὸ
2582 1243 2754 1313 ἅγιον.
2783 1244 2893 1298 Καὶ
2917 1243 3072 1312 λόγος
3101 1243 3272 1307 οὐδεὶς
3305 1241 3579 1313 διατέμνει
3600 1243 3741 1315 πρὸς

2161 1335 2461 1407 ἑτερότητα
2501 1336 2736 1405 φυσικὴν
2771 1333 2880 1387 τῶν
2917 1333 3321 1404 ὠνομασμένων
3350 1333 3597 1400 ἕκαστον,
3621 1332 3742 1386 ἀλλ’

2163 1431 2220 1480 ὲν
2251 1428 2586 1483 ὑποστάσεσι
2612 1427 2762 1499 τρισὶ
2791 1429 2992 1481 νοεῖται
3027 1426 3126 1497 μία
3154 1425 3364 1494 θεότης.
3406 1426 3515 1479 Καὶ
3551 1425 3616 1478 δι’
3637 1425 3740 1479 αύ-

485 1527 605 1574 tura
639 1534 750 1588 pra:
787 1519 1047 1574 Creatore
1075 1528 1130 1574 et
1159 1518 1454 1576 Conditore
1485 1522 1852 1578 adorabatur:
1886 1537 1942 1578 at
1971 1526 2058 1580 ubi

2163 1519 2268 1572 τῶν
2304 1522 2436 1590 ἡμῖν
2468 1518 2626 1573 τοῦτο
2654 1517 3070 1590 μεμαρτύρηται
3101 1517 3209 1569 τῶν
3241 1517 3410 1585 ἁγίων
3439 1518 3742 1588 Σεραφεὶμ,

486 1612 663 1668 factus
706 1620 792 1667 est
836 1613 999 1666 homo
1047 1611 1383 1682 unigenitum
1440 1613 1531 1668 Dei
1583 1613 1836 1679 Verbum,
1882 1618 2060 1672 omnis

2163 1609 2210 1662 οἳ
2236 1609 2332 1662 καὶ
2362 1609 2544 1680 πλήρη
2569 1611 2754 1662 πᾶσαν
2775 1608 2876 1679 τὴν
2902 1608 3006 1678 γῆν
3027 1603 3166 1661 εἶναι
3211 1608 3428 1675 λέγουσι
3451 1609 3548 1678 τῆς
3578 1609 3743 1679 δόξης

487 1711 631 1756 terra
673 1702 950 1771 majestate
977 1703 1094 1771 ejus
1139 1703 1341 1772 repleta
1376 1714 1478 1757 est.
1511 1703 1588 1760 llli
1624 1707 1767 1759 enim
1790 1705 1968 1762 ﬂectet
2004 1724 2060 1764 se

2163 1697 2349 1758 αὑτοῦ.
2373 1697 2884 1769 προαναφωνοῦντες
2898 1697 2966 1750 τὰ
2987 1698 3240 1767 ἐσόμενα,
3265 1697 3358 1750 καὶ
3381 1697 3476 1766 τῆς
3502 1697 3588 1750 διὰ
3607 1699 3647 1750 Χ
3657 1715 3746 1768 ρι-

486 1803 841 1864 om'ne.genu,
874 1803 927 1848 et
960 1794 1035 1848 illi
1067 1809 1258 1850 omnes
1299 1796 1495 1866 lingua:
1530 1812 1594 1851 ac
1630 1798 1799 1853 tribus
1836 1804 2062 1856 conlitc-

2166 1789 2290 1844 στοῦ
2315 1789 2689 1860 γεγενημένης
2744 1788 3054 1860 οἰκονομίας
3103 1788 3629 1860 προαναγγέλλοντες
3676 1790 3746 1840 τὸ

486 1887 706 1949 buntur,
736 1901 798 1939 ac
830 1886 905 1940 illi
941 1887 1201 1950 servient,
1231 1887 1383 1956 juxta
1420 1889 1469 1941 id
1501 1893 1642 1956 quod
1673 1891 1932 1960 scriptum
1955 1905 2055 1948 est.

2168 1884 2485 1955 μυστήριον.
2525 1883 2661 1952 Πρὶν
2686 1882 2782 1952 μὲν
2811 1881 2918 1951 γὰρ
2942 1882 3120 1952 σάρκα
3151 1879 3399 1948 γενέσθαι
3431 1880 3522 1932 τὸν
3543 1880 3741 1947 Λόγον,

484 1975 850 2031 Proclamavit
904 1986 959 2031 et
993 1979 1095 2032 hoc
1139 1987 1266 2032 ante
1299 1981 1486 2033 beatus
1527 1979 1694 2036 David
1749 1983 1801 2035 in
1840 1984 2057 2052 spiritu;

483 2067 619 2121 dixit
651 2069 795 2122 enim
829 2086 842 2121 :
883 2085 902 2118 ι
934 2065 1137 2122 Omnes
1171 2077 1362 2137 gentes
1397 2085 1533 2140 quas
1579 2071 1774 2136 lecisti,
1819 2076 2055 2141 venient,

482 2164 536 2210 et
581 2157 886 2211 adorabunt
936 2172 1120 2212 coram
1179 2167 1231 2212 te
1271 2158 1334 2213 ".
1380 2178 1398 2211 ι
1450 2157 1564 2214 Hoc
1605 2161 1904 2230 perfectum
1951 2177 2054 2230 est,

486 2255 675 2302 vocata
703 2248 942 2317 gentium
978 2249 1347 2318 multitudine,
1383 2260 1440 2305 et
1467 2252 1678 2308 cunctis
1716 2268 1836 2308 eum
1868 2255 1961 2324 qui
1992 2259 2058 2311 de

473 2337 640 2392 nobis
679 2349 734 2392 et
777 2353 872 2407 pro
909 2340 1065 2395 nobis
1092 2341 1292 2407 factus,
1324 2351 1408 2398 est
1448 2345 1818 2412 adorantibus,
1853 2347 2056 2417 quique

483 2445 581 2500 per
613 2431 850 2501 seipsum
887 2441 1069 2486 manet
1098 2449 1260 2502 supra
1284 2435 1490 2488 omnia.

2165 1977 2489 2047 κατεκράτει
2513 1976 2614 2046 τῆς
2645 1976 2736 2028 ὑπ’
2765 1973 2991 2046 οὐρανὸν
3023 1975 3053 2026 6
3080 1973 3288 2044 δαίμων
3318 1975 3346 2026 6
3367 1973 3678 2044 ἀλητήριος,
3711 1975 3748 2026 6

2163 2070 2399 2142 δράκων,
2433 2071 2461 2122 6
2487 2069 2818 2138 ἀποστάτης.
2873 2065 3258 2138 Προσεκυνὴθη
3305 2065 3362 2118 δὲ
3379 2083 3472 2118 και
3504 2067 3536 2136 ἡ
3563 2067 3748 2129 κτίσις

2167 2165 2316 2234 παρὰ
2351 2162 2442 2215 τὸν
2474 2161 2734 2215 κτίσαντα
2763 2160 2858 2213 καὶ
2903 2160 3160 2229 Ποιητήν·
3216 2157 3402 2229 ἐπειδὴ
3433 2157 3489 2210 δέ
3516 2158 3748 2226 γέγονεν

2165 2251 2448 2324 ἄνθρωπος
2481 2252 2510 2304 6
2541 2249 2832 2321 μονογενὴς
2861 2248 2956 2303 τοῦ
2987 2248 3122 2302 Θεοῦ
3155 2248 3348 2317 Λόγος,
3388 2248 3749 2320 πεπλήρωται

2165 2344 2263 2413 τῆς
2299 2342 2456 2412 δόξης
2485 2341 2648 2394 αὑτοῦ
2699 2341 2848 2392 πᾶσα
2886 2339 2976 2409 γῆ.
3033 2338 3256 2408 Κάμψει
3299 2338 3408 2409 γὰρ
3435 2338 3584 2409 αύτῷ
3608 2338 3748 2392 ’πᾶν

2165 2436 2315 2505 γόνυ,
2341 2435 2436 2488 καὶ
2471 2436 2620 2488 πᾶσα
2650 2433 2812 2503 φυλὴ,
2843 2433 2938 2486 καὶ
2958 2431 3200 2500 γλῶσσαι
3233 2431 3744 2509 ἐξομολογήσονται.

482 2523 578 2576 καὶ
641 2521 790 2593 αὐτῷ
841 2521 1219 2586 δουλεύσουσι,
1299 2525 1440 2578 κατὰ
1515 2526 1577 2578 τὸ
1644 2527 2046 2598 γεγραμμένον.
2116 2525 2604 2598 Προανακεκράγει
2641 2524 2697 2576 δὲ
2750 2523 2846 2575 καὶ
2904 2522 3060 2576 τοῦτο
3107 2524 3135 2574 6
3167 2521 3434 2592 μακάριος
3481 2522 3644 2575 Δαϐὶδ
3682 2525 3751 2576 ἐν

489 2615 785 2685 πνεύματι·
812 2614 916 2685 ἔφη
943 2615 1072 2686 γάρ’
1101 2635 1119 2668 ι
1162 2616 1346 2670 Πάντα
1371 2617 1439 2670 τὰ
1467 2617 1594 2689 ἔθνη
1631 2620 1732 2672 ὅσα
1777 2620 2076 2691 ἐποίησας,
2137 2618 2350 2690 ἥξουσι,
2387 2619 2483 2670 καὶ
2511 2616 2982 2696 προσκυνήσουσιν
3024 2612 3250 2668 ἐνώπιόν
3305 2631 3422 2678 σου,
3476 2614 3668 2686 Κύριε.
3713 2635 3739 2666 ι

483 2706 656 2759 Τοῦτό
683 2723 764 2759 τοι
790 2705 1099 2758 τετέλεσται
1127 2705 1470 2778 κεκλημένης
1507 2708 1606 2778 τῆς
1673 2708 1732 2774 ἐξ
1795 2708 1964 2762 ἐθνῶν
1997 2707 2258 2780 πληθύοςο
2312 2707 2406 2758 καὶ
2453 2702 2904 2776 προσκυνούντων
2934 2703 3191 2757 ἁπάντων
3223 2701 3304 2772 τῷ
3332 2703 3400 2755 δι’
3442 2704 3591 2774 ἡμᾶς
3619 2705 3749 2759 καθ’

496 2802 648 2871 ἡμᾶς
697 2801 1012 2871 γενομένῳ,
1075 2803 1408 2874 μεμενηκότι
1463 2805 1519 2859 δέ
1579 2804 1648 2857 δι’
1703 2806 1895 2858 ἐαυτὸν
1955 2806 2096 2876 ὺπέρ
2131 2804 2328 2859 πάντα.

559 2889 718 2960 104
747 2890 912 2945 Vsus.
943 2890 1000 2945 4.
1038 2891 1311 2947 Elevatum
1343 2904 1418 2949 est
1447 2895 1844 2963 super-liminum
1881 2914 1912 2950 a
1941 2913 2059 2951 voce

459 2999 584 3052 aqua
612 2982 931 3048 clamabant,
957 2993 1002 3038 et
1031 2984 1216 3039 domus
1251 2986 1444 3055 repleta
1472 2997 1546 3040 est
1572 2987 1736 3057 fumo.

553 3073 959 3143 Contemplatus
1009 3082 1093 3130 est
1127 3077 1272 3131 enim
1313 3078 1572 3148 propheta
1620 3079 1904 3134 Dominum
1954 3081 2058 3135 Sa-

461 3163 648 3218 .baoth
682 3167 960 3221 sedentem
1012 3166 1065 3220 in
1101 3167 1238 3222 solio
1272 3168 1416 3224 celso
1465 3181 1518 3225 et
1547 3170 1788 3236 elevato,
1823 3173 2058 3227 circurn-

484 3254 751 3309 stantibus
804 3255 1039 3324 undique
1095 3258 1299 3312 sanctis
1353 3257 1660 3327 Seraphim,
1713 3268 1767 3314 et
1817 3260 2062 3317 laudibus

484 3345 771 3400 continuis"
795 3359 916 3400 eum
966 3347 1490 3416 percelebrantibus.
1547 3349 1850 3406 Aﬂirmavit
1894 3354 2058 3407 etiam

483 3438 705 3491 domum
750 3436 916 3492 fuisse
957 3437 1168 3506 plenam
1199 3439 1366 3509 gloria
1395 3440 1532 3507 ejus.
1567 3439 1720 3496 Nune
1755 3458 1882 3498 vero
1906 3459 2061 3498 com-

486 3535 688 3581 motum
719 3541 840 3583 esse
883 3528 1011 3582 dicit
1065 3531 1518 3598 superliminnre,
1569 3542 1623 3587 et
1664 3533 1878 3588 domum
1913 3534 2061 3592 fumo

425 3617 428 3620 ’
484 3619 777 3687 oppletam,
805 3620 963 3688 idque
985 3622 1141 3690 quasi
1175 3638 1203 3675 a
1234 3637 1366 3676 voce
1395 3664 1408 3686 ε
1447 3639 1548 3693 qua
1577 3627 1747 3705 sancti
1776 3625 2058 3698 Seraphim

485 3712 804 3766 «laniarunt.
842 3712 1092 3783 Nunquid
1133 3729 1262 3787 ergo
1316 3731 1502 3771 vocem
1549 3719 1790 3774 dicemus
1841 3735 2059 3776 causam

488 3803 656 3858 fuisse
709 3818 896 3858 eorum
946 3820 1066 3874 quae
1119 3807 1170 3860 in
1233 3808 1392 3861 domo
1425 3809 1775 3864 acciderunt?
1806 3811 1968 3882 Atqui
2009 3814 2062 3868 id

483 3896 685 3949 sentire
706 3937 722 3962 ,
756 3896 886 3966 quid
927 3896 980 3950 ni
1011 3897 1082 3952 sit
1114 3897 1266 3952 valde
1295 3900 1573 3965 ineptum?
1598 3901 1839 3968 Quonam
1897 3905 2063 3975 igitur

486 3997 642 4053 pacto
674 3987 862 4040 horum
887 3989 1172 4042 verborum
1206 3991 1624 4057 intelligentiam
1666 3995 2061 4063 assequemur?

485 4075 696 4144 Optime
742 4084 798 4130 et
840 4078 1132 4145 sapienter.
1165 4080 1304 4132 Ante
1339 4079 1646 4135 Servatoris
1696 4083 1865 4136 nostri
1899 4083 2060 4136 inltu-

488 4168 850 4223 manationem
879 4180 934 4223 et
957 4168 1272 4233 adventum,
1308 4172 1432 4226 dum
1458 4173 1633 4227 adhuc
1666 4172 1832 4227 Israel
1867 4189 2061 4229 secun-

485 4261 611 4314 dum
645 4261 818 4331 legem
851 4259 1112 4316 inolfense
1137 4272 1192 4316 et
1215 4263 1484 4334 inculpnte
1519 4265 1684 4318 vitam
1728 4266 2057 4330 institueret,

487 4352 795 4420 percelebre
849 4353 978 4408 illud
1015 4356 1305 4424 templum,
1349 4355 1494 4425 quod
1538 4355 1929 4428 Hierosolymis
1961 4375 2060 4414 ex-

486 4442 684 4498 struxit
715 4444 974 4499 Solomon
995 4484 1010 4510 ,
1043 4445 1212 4514 gloria
1260 4446 1441 4500 divina
1483 4448 1812 4518 replebatur.
1839 4448 1974 4504 Nam
2005 4451 2058 4504 in

485 4547 552 4587 eo
589 4534 973 4589 sacriﬁcabant
1016 4551 1082 4590 ex
1136 4537 1268 4603 legis
1299 4539 1634 4608 praescripto.
1669 4539 1934 4595 Caeterum
1968 4542 2057 4598 ubi
2087 4578 2138 4638 ο

488 4627 557 4680 de
581 4623 736 4680 cmlis
763 4627 1069 4681 venientem
1103 4631 1154 4682 in
1188 4630 1420 4683 humana
1450 4629 1644 4695 forma,
1675 4641 1729 4686 et
1757 4647 1823 4687 ex
1859 4633 1977 4704 lege
2003 4644 2058 4690 et

486 4716 766 4785 preplletis
814 4717 1162 4786 prmdicatum
1232 4734 1336 4774 non
1391 4734 1741 4792 receperunt,
1789 4725 1897 4779 imo
1934 4726 2058 4781 vita

484 4808 782 4876 principem
811 4809 920 4862 vita
960 4810 1274 4878 privarunt,
1310 4813 1598 4883 dereliquit
1627 4817 1842 4870 domum
1879 4833 2054 4884 suam,

485 4899 856 4956 lnereditatem
876 4915 1030 4956 suam
1063 4901 1291 4956 dimisit.
1329 4903 1557 4960 Divertit
1583 4909 1726 4963 enim
1758 4909 1824 4963 ad
1847 4920 2052 4978 gentes,

479 5006 532 5046 et
551 4992 734 5048 omnis
762 5002 906 5047 terra
936 4993 1108 5064 gloria
1143 4995 1258 5063 ejus
1283 4996 1503 5066 impleta
1544 5010 1648 5063 est,
1677 5001 1824 5070 regio
1846 5000 2058 5058 Judaeo-

485 5101 602 5140 rum
648 5086 702 5140 in
735 5086 1049 5140 vastitatem
1086 5089 1303 5143 redacta
1341 5099 1453 5154 est,
1487 5093 1853 5163 templumque
1883 5095 2057 5163 ipsum

486 5178 786 5234 incensum.
819 5177 1049 5246 Quando
1079 5179 1245 5250 igitur
1276 5180 1430 5250 juxta
1474 5183 1810 5250 prophetiam
1841 5193 1895 5238 et
1925 5198 2062 5252 prae-

483 5267 810 5333 dictionem,
846 5284 975 5326 voce
1026 5281 1344 5326 sanctorum
1399 5271 1680 5341 Seraphim
1727 5272 1942 5342 impleta
1975 5284 2063 5330 est

487 5357 735 5413 universa
768 5370 911 5414 terra
969 5361 1252 5430 majestate
1281 5363 1433 5432 ejus,
1471 5373 1597 5416 tunc
1647 5363 2062 5431 superlimiuare

489 5451 673 5518 templi
698 5464 1026 5508 commotum
1045 5464 1148 5520 est,
1177 5453 1430 5524 fumoque
1452 5454 1728 5524 impletum
1750 5464 1853 5510 est.
1873 5456 2059 5527 Itaque

491 5540 614 5605 hoc,
643 5558 661 5590 ι
686 5539 732 5593 Α
752 5556 884 5596 voce
909 5559 1013 5612 qua
1038 5546 1400 5615 clamabanm
1432 5547 1687 5618 temporis
1709 5547 2060 5619 signiﬁcatio-

487 5645 614 5688 nem
675 5632 837 5685 habet
871 5649 882 5685 :
942 5648 1040 5690 nec
1090 5651 1310 5704 prorsus
1341 5640 1635 5712 doxologize
1691 5656 1826 5713 opus
1860 5649 1943 5697 est
1975 5641 2057 5697 vel

559 5788 602 5820 "
626 5786 770 5843 Psal.
800 5801 994 5846 vaxv,
1022 5789 1075 5842 8.

2237 2896 2347 2952 Kal
2374 2894 2605 2962 ἐπήρθη
2635 2893 2698 2945 τὸ
2732 2892 3071 2960 ὑπέρθυρον
3109 2891 3227 2945 άπὸ
3276 2889 3384 2957 τῆς
3419 2889 3622 2959 φωνῆς
3666 2887 3746 2962 ἧς

2163 2987 2506 3054 ἐκέκραγον,
2543 2982 2644 3036 καί
2687 2985 2719 3035 ὀ
2747 2979 2913 3047 οἶκος
2957 2981 3236 3050 ἐπλήσθη
3269 2982 3522 3037 καπνοῦ.

2234 3077 2499 3132 Τεθέαται
2525 3075 2624 3145 μὲν
2647 3073 2756 3144 γὰρ
2788 3077 2817 3127 6
2851 3075 3132 3146 προφήτης
3154 3073 3244 3127 τὸν
3275 3074 3478 3146 Κύριον
3508 3075 3736 3130 Σαϐαὼθ

2165 3170 2474 3241 καθήμενον
2524 3167 2617 3220 ἐπὶ
2648 3166 2839 3237 θρόνου
2877 3166 3083 3236 ὑψηλοῦ
3116 3167 3209 3220 καὶ
3248 3166 3584 3239 ἐπηρμένου,
3638 3186 3741 3222 πε-

2166 3265 2529 3340 ριεστηκότων
2579 3264 2638 3315 ἐν
2673 3261 2858 3332 κύκλῳ
2896 3261 3005 3315 τῶν
3056 3262 3228 3330 ἁγίων
3288 3263 3590 3333 Σεραφεὶμ,
3643 3267 3743 3317 καὶ

2165 3357 2565 3427 ἀκαταλήκτοις
2610 3353 2936 3420 δοξολογίαις
2987 3353 3375 3424 εὐφημούντων
3414 3353 3596 3407 αὐτόν.
3651 3355 3745 3406 Δι-

2164 3448 2477 3504 εὸεεαιοῦτο
2507 3447 2585 3509 δὲ,
2623 3446 2705 3498 ὅτι
2750 3445 2960 3516 πλήρης
2986 3448 3014 3498 6
3036 3441 3183 3508 οἶκος
3228 3446 3328 3515 τῆς
3347 3444 3504 3515 δόξης
3551 3445 3737 3499 αὐτοῦ.

2163 3543 2276 3596 Νῦν
2315 3542 2371 3595 δὲ
2419 3537 2656 3611 ἐπῆρθαί
2704 3551 2836 3608 φησι
2877 3537 2940 3590 τὸ
2992 3537 3318 3608 ὑπέρθυρον,
3357 3536 3742 3608 ἐμπεπλῆσθαι

2161 3633 2217 3686 δὲ
2247 3633 2341 3686 καὶ
2370 3632 2462 3683 τὸν
2491 3626 2637 3684 οἷκον
2684 3627 2913 3691 καπνοῦ,
2954 3628 3046 3680 καὶ
3077 3628 3184 3681 ἀπό
3214 3644 3277 3696 γε
3313 3628 3412 3698 τῆς
3447 3631 3628 3696 φωνῆς
3671 3625 3742 3700 ἧς

2162 3724 2463 3794 ἐκέκραγον
2501 3723 2570 3775 τὰ
2608 3722 2740 3789 ἆγια
2760 3719 3055 3792 Σεραφείμ.
3087 3712 3212 3789 Ἆρ’
3245 3713 3338 3771 οὖν
3382 3717 3614 3788 ἐροῦμεν
3641 3719 3743 3789 τὴν

2163 3816 2343 3886 φωνὴν
2373 3815 2551 3868 αἰτίαν
2579 3812 2838 3882 γενέσθαι
2865 3811 2973 3864 τῶν
3019 3809 3440 3881 συμσεὸηκότων
3466 3811 3542 3881 τῷ
3569 3810 3705 3880 οἴκῳ
3727 3828 3742 3872 ;

2163 3907 2352 3959 Καίτοι
2405 3906 2522 3967 πῶς
2569 3905 2630 3956 ού
2681 3903 2883 3973 σφόδρα
2939 3903 3085 3954 ἐστὶν
3139 3901 3372 3964 ἀκαλλὲς
3417 3902 3477 3954 τὸ
3523 3905 3743 3972 φρονεῖν

2162 3997 2374 4050 ἑλέσθαι
2406 3996 2596 4058 ταυτί;
2642 3994 2776 4046 Τίνα
2818 3993 2882 4063 δὴ
2929 3989 3023 4045 οὖν
3056 3993 3256 4063 τρόπον
3299 3995 3417 4054 ταῖς
3462 3992 3569 4044 τῶν
3597 4009 3740 4062 προσ

2162 4089 2429 4159 κειμένων
2483 4085 2895 4156 προσϐαλοῦμεν
2929 4085 3192 4147 ἐννοίαις;
3252 4084 3482 4154 Ἀριστά
3537 4101 3593 4136 τε
3643 4087 3742 4137 καὶ

2163 4183 2364 4251 σοφῶς.
2402 4180 2515 4249 Πρὸ
2551 4179 2648 4249 μὲν
2672 4179 2770 4248 τῆς
2796 4177 2890 4230 τοῦ
2924 4179 3172 4250 Σωτῆρος
3199 4177 3354 4248 ήμῶν
3388 4177 3743 4247 ἐνανθρωπή-

2162 4290 2300 4336 σεως
2326 4273 2418 4326 καὶ
2449 4269 2761 4340 ἐπιδημίας,
2795 4269 2872 4322 ἐτι
2903 4269 3002 4340 τὴν
3034 4272 3091 4322 ἐν
3111 4269 3260 4340 νόμῳ
3293 4267 3565 4322 πολιτείαν
3593 4270 3744 4321 ἀκω·

2160 4365 2334 4428 λύτως
2357 4381 2417 4417 τε
2463 4363 2558 4417 καὶ
2598 4361 3019 4432 ἀνεπιπλήκτως
3051 4360 3326 4423 διέποντος
3356 4359 3451 4412 τοῦ
3497 4359 3741 4430 Ἰσραὴλ,

2162 4456 2376 4528 πλήρης
2398 4451 2465 4526 ἦν
2494 4457 2524 4507 6
2558 4453 2842 4525 διαϐόητος
2873 4455 3078 4516 ἐκεῖνος
3102 4451 3236 4515 νεὼς
3269 4453 3326 4504 ἐν
3357 4454 3469 4516 τοῖς
3514 4452 3742 4523 Ἰεροσο-

2161 4549 2353 4618 λύμοις
2385 4547 2443 4599 ὃν
2472 4544 2723 4616 Σολομὼν
2753 4543 3074 4613 ἀνεδείματο
3115 4547 3214 4614 τῆς
3240 4543 3397 4610 δόξης
3441 4542 3535 4596 τοῦ
3575 4541 3740 4597 Θεοῦ.

2175 4639 2490 4693 Ἐπετέλουν
2536 4637 2647 4708 γὰρ
2691 4639 2749 4690 ἐν
2797 4635 2947 4706 αὐτῷ
2994 4635 3094 4698 τὰς
3136 4636 3275 4689 κατὰ
3323 4636 3486 4706 νόμον
3524 4635 3738 4698 θυσίας.

2176 4727 2394 4797 Ἐπειδὴ
2425 4726 2482 4779 δὲ
2529 4725 2619 4779 τὸν
2648 4724 2709 4790 ἐξ
2742 4722 2973 4795 ούρανοῦ
3012 4723 3310 4794 ἀφιγμένον
3344 4725 3400 4775 ἐν
3419 4720 3741 4794 ἀνθρωπεία

2167 4822 2368 4891 μορφῇ,
2407 4819 2500 4872 καὶ
2531 4817 2618 4871 διὰ
2665 4817 2831 4887 νόμου
2865 4816 2957 4868 καὶ
3001 4814 3294 4886 προφητῶν
3325 4814 3742 4887 κεκηρυγμένον

2162 4912 2223 4964 οὐ
2286 4911 2664 4980 προσήκαντο,
2733 4906 2931 4977 μᾶλλον
2984 4907 3038 4960 δὲ
3093 4909 3188 4960 καὶ
3249 4906 3578 4960 ἀπεκτόνασι
3643 4907 3743 4958 τὸν

2164 5002 2404 5072 ἀρχηγὸν
2456 5002 2551 5070 τῆς
2607 4999 2774 5071 ζωῆς.
2825 5000 3148 5069 ἐγκατέλιπε
3201 5000 3290 5052 τὸν
3340 4996 3487 5054 οἷκον
3547 4999 3738 5060 αὑτοῦ,

2163 5091 2340 5160 ἀφῆκε
2378 5089 2476 5158 τὴν
2499 5089 2860 5161 κληρονομίαν
2890 5089 3076 5144 αὐτοῦ.
3123 5090 3474 5142 Ἀπονένευκε
3522 5088 3630 5160 γὰρ
3655 5090 3740 5154 εἰς

2163 5179 2230 5233 τὰ
2266 5180 2414 5250 ἔθνη,
2446 5181 2540 5234 καὶ
2573 5180 2925 5252 πεπλήρωται
2974 5180 3072 5250 μὲν
3101 5183 3248 5235 πᾶσα
3281 5182 3313 5251 ἢ
3353 5182 3421 5250 γῆ
3451 5181 3549 5250 τῆς
3579 5179 3742 5250 δόξης

2163 5272 2347 5326 αὑτοῦ.
2385 5272 2747 5344 Παραδέδοσαι
2777 5273 2834 5326 δέ
2881 5273 2988 5326 τῶν
3036 5272 3300 5325 Ἰουδαίων
3333 5273 3364 5340 ἡ
3396 5272 3552 5344 χώρα
3601 5273 3744 5344 πρὸς

2165 5366 2466 5435 ἐρήμωσιν,
2499 5363 2885 5434 ἐμπέπρησται
2912 5363 2967 5414 δὲ
3019 5363 3110 5415 καὶ
3153 5361 3314 5425 αὐτὸς
3339 5363 3368 5414 6
3412 5361 3567 5428 νεώς.
3607 5364 3739 5417 Ὅτε

2163 5454 2341 5508 τοίνυν
2368 5456 2507 5509 κατά
2548 5473 2610 5524 γε
2643 5457 2741 5527 τὴν
2781 5453 3113 5526 προφητείαν
3141 5455 3308 5524 ἧγουν
3341 5455 3740 5528 προαγόρευσιν

2166 5549 2284 5617 ἦτοι
2330 5548 2513 5618 φωνὴν
2556 5548 2662 5601 τῶν
2695 5549 2864 5614 ἁγίων
2911 5547 3190 5619 Σεραφεὶμ
3220 5545 3462 5618 ἐπλήσθη
3508 5548 3657 5601 πᾶσα
3701 5548 3739 5618 ἠ

2167 5641 2237 5710 Υῆ
2261 5641 2362 5712 τῆς
2393 5640 2548 5712 δόξης
2587 5640 2772 5707 αὑτοῦ,
2801 5641 2919 5695 τότε
2965 5638 3175 5696 ἐπήοθη
3216 5640 3276 5693 τὸ
3309 5639 3615 5712 ὑπέρθυρον
3639 5637 3737 5692 τοῦ
