4002 6212
533 278 630 349 t7)

1522 294 1581 350 s.
1621 275 1899 352 CYRILLI
1937 288 2410 360 nummatum
2445 302 2763 359 ARClllEP.

3694 296 3795 360 {80

532 416 711 468 cibum
744 410 961 483 capere.
993 411 1210 468 lncusat
1262 429 1423 484 porro
1479 416 1620 472 Deus
1652 433 1766 479 eos,
1823 419 1983 490 106
2011 422 2103 490 qui

2221 422 2569 487 5διόάσκαλος
2594 422 2781 494 ύμῶν;
2822 441 2840 472 ι
2872 421 3045 489 Συνῆς
3073 416 3167 475 οὖν
3198 422 3346 485 ὅπως
3377 421 3452 485 ώς
3477 420 3799 493 ἠμεληκότα

531 505 771 559 :ludaica:
807 504 1104 576 Syuagogze
1136 504 1428 574 primatum
1466 520 1830 577 occuparunt,
1861 526 1957 579 per
1982 526 2109 579 pro-

533 596 775 665 phetam.
812 597 1035 651 dicens:
1075 615 1093 647 ι
1122 596 1264 650 Inter
1298 608 1544 652 sanctum
1579 608 1635 654 et
1691 600 1973 670 profanum
2005 618 2109 657 non

536 691 931 744 discreverunt.
974 706 992 739 ι
1047 686 1385 746 Reverentia
1418 691 1599 762 igitur,
1628 704 1686 747 ut
1738 694 1889 761 dixi,
1922 696 2111 749 modus

536 790 686 842 erat,
757 787 811 831 et
872 779 1122 846 legalium
1183 793 1571 851 praeceptorum
1620 785 1858 851 traditio,
1909 794 1970 839 ut
2015 801 2109 841 eos

537 870 745 924 versari
782 884 904 926 cum
938 872 1142 927 sanctis
1173 872 1397 937 nollent,
1430 874 1481 927 in
1510 875 1708 943 quibus
1736 877 1845 930 vitii
1876 878 2113 946 suspicio

538 964 786 1029 harreret,
821 973 876 1019 et
928 963 1019 1033 qui
1060 947 1163 1019 non
1224 965 1483 1021 haberent
1538 980 1568 1021 a
1620 969 1857 1037 peccatis
1885 968 2112 1024 liberam

537 1056 945 1110 conscientiam.
990 1054 1120 1113 Tale
1151 1057 1408 1126 quiddam
1445 1059 1606 1111 etiam
1645 1060 1803 1113 beato
1838 1060 2114 1130 prophetae

536 1144 800 1202 accidisse
828 1148 1059 1213 videtur,
1095 1148 1323 1217 ideoque
1343 1150 1455 1203 ait:
1485 1166 1505 1200 ι
1545 1149 1795 1205 Miserum
1827 1166 1930 1217 me,
1984 1152 2112 1222 quia

535 1249 891 1307 compunctus
929 1239 1102 1294 sum.»
1127 1239 1236 1294 Nec
1265 1241 1392 1310 quia
1420 1251 1774 1310 compunctus
1814 1253 1955 1309 erat,
1985 1257 2114 1313 pro-

536 1340 720 1399 pterea
759 1332 924 1386 miser
948 1331 1042 1385 iuit
1073 1349 1088 1385 :
1121 1345 1242 1384 nam
1275 1333 1377 1386 hoc
1433 1342 1589 1402 pacto
1619 1334 1938 1403 intelligere,
1983 1335 2112 1404 quid

544 1424 597 1475 ni
632 1423 974 1491 perineptum
1002 1423 1026 1476 ?
1053 1423 1148 1478 sed
1177 1425 1300 1494 quia
1332 1437 1686 1494 compunctus
1719 1441 1869 1492 sum,
1918 1426 2111 1497 inquit,

539 1531 567 1567 a
599 1517 954 1582 conscientia,
988 1518 1240 1573 nimirum
1273 1520 1394 1573 ideo
1415 1518 1695 1575 dicebam:
1727 1521 1803 1575 «Ο
1836 1536 1921 1575 me
1949 1520 2114 1574 misc-

540 1623 679 1669 rum,
705 1608 830 1677 quia
864 1608 1026 1663 homo
1056 1608 1213 1673 sum,
1244 1620 1301 1663 et
1334 1611 1609 1665 immunda
1641 1611 1782 1666 labia
1819 1612 2009 1676 habeo,
2062 1611 2112 1664 iu

543 1700 720 1755 medio
741 1700 918 1768 populi
954 1702 1229 1755 immunda
1266 1701 1405 1756 labia
1435 1696 1684 1757 habe'ntis
1713 1717 1810 1772 ego
1833 1702 2039 1759 habito.
2062 1710 2116 1755 et

2210 509 2305 563 τοῦ
2333 511 2497 580 νόμου
2526 510 2860 581 κατῃτιῶντο
2885 510 2977 563 τὸν
3005 510 3261 581 Χριστὸν,
3296 510 3385 564 διὰ
3404 527 3485 563 τοι
3526 511 3590 564 τὸ
3619 510 3801 564 θέλειν

2213 601 2618 656 συνδιαιτᾶσθαι
2672 607 2947 675 πονηροῖς.
3028 604 3375 656 Ἐπαιτιᾶται
3445 601 3505 655 δέ
3552 619 3657 655 που
3704 603 3802 657 καλ⁸

2212 691 2343 754 Θεὸς
2371 694 2497 755 τοὺς
2528 692 2629 761 τῆς
2686 692 2955 746 Ἰουδαίων
2998 692 3332 762 Συναγωγῆς
3372 691 3804 762 προσεγκείσθαι

2212 785 2474 857 λαχόντας
2492 787 2581 839 διὰ
2610 787 2888 858 προφήτου
2921 785 3148 854 λέγων’(
3190 786 3316 839 Ἀνὰ
3337 785 3501 855 μέσον
3522 785 3678 853 ἁγίου
3704 786 3803 839 καὶ

2216 872 2446 943 βεϐήλου
2485 873 2546 926 οὐ
2579 873 2898 929 διέστελλον.
2927 893 2946 925 ι
2970 873 3272 938 Εὐλαϐείας
3293 870 3388 927 οὖν
3420 874 3528 944 ἄρα
3571 875 3800 940 τρόπος,

2214 966 2291 1029 ώς
2321 965 2478 1038 ἔφην,
2507 967 2604 1021 καὶ
2636 966 2877 1037 νομικῶν
2910 966 3263 1037 ἑνταλμάτων
3294 965 3594 1035 παράδοσις
3626 965 3689 1018 τὸ
3724 966 3803 1038 μὴ

2215 1058 2455 1111 συνεῖναι
2488 1056 2665 1111 θέλειν
2693 1061 2805 1120 τοῖς
2842 1058 3019 1125 ἁγίοις
3048 1059 3175 1121 τοὺς
3204 1059 3262 1110 ἐν
3296 1055 3568 1126 ὑπολήψει
3599 1055 3802 1126 φαυλό-

2215 1164 2395 1218 τητος,
2455 1150 2549 1202 καὶ
2603 1149 2703 1203 οὐκ
2766 1150 3055 1222 ἐλεύθερον
3117 1148 3401 1222 ἁμαρτιῶν
3462 1149 3687 1219 ἔχοντας
3740 1148 3808 1201 τὸ

2218 1241 2472 1305 συνειδός.
2530 1243 2782 1296 Τοιοῦτόν
2840 1260 2893 1297 τι
2947 1243 3042 1297 καὶ
3083 1244 3111 1296 ό
3174 1242 3444 1313 μακάριος
3508 1240 3804 1311 προφήτης

2216 1334 2408 1404 ὁρᾶται
2442 1333 2644 1396 παθὼν,
2684 1335 2939 1408 ταύτῃ-τοί
2968 1352 3131 1406 φησιν
3153 1352 3166 1365 ·
3210 1355 3228 1383 ι
3261 1330 3331 1386 'n
3350 1334 3516 1397 τάλας
3552 1331 3685 1401 ἐγὼ,
3717 1332 3803 1386 ὅτι

2217 1424 2638 1496 κατανένυγμαι.
2675 1447 2692 1477 ι
2728 1426 2838 1480 Καὶ
2862 1428 2923 1480 οὐ
2957 1426 3044 1481 διὰ
3065 1426 3225 1480 τοῦτο
3257 1426 3448 1490 τάλας,
3495 1426 3578 1479 ὅτι
3624 1440 3771 1477 κατα
3792 1452 3805 1462 ο

2217 1516 2491 1571 νένυκται·
2524 1517 2640 1581 πῶς
2672 1519 2771 1571 οὐκ
2797 1517 2990 1590 εὔηθες
3018 1518 3177 1572 τοῦτο
3200 1515 3344 1571 οὕτω
3369 1519 3512 1571 νοεῖν
3538 1515 3689 1584 mnu
3718 1516 3806 1569 ὅτι

2218 1606 2633 1672 κατανένυκται,
2682 1610 2868 1681 φησὶν,
2906 1610 3011 1664 ὑπὸ
3062 1608 3158 1663 τοῦ
3193 1608 3516 1672 συνειδότος,
3557 1605 3717 1677 δῆλον
3745 1604 3808 1657 δὲ

2217 1698 2297 1750 ὃτι
2330 1697 2415 1752 διά
2448 1696 2605 1751 τοῦτο
2627 1699 2782 1771 έφηνο
2822 1718 2841 1752 ι
2871 1696 2939 1752 Ὦ
2982 1700 3152 1763 τάλας
3202 1698 3335 1767 ἐγὼ,
3386 1699 3468 1751 ὅτι
3517 1696 3810 1767 ἄνθρωπος

544 1804 724 1860 regem
782 1792 1065 1846 Dominum
1116 1792 1355 1848 Sabaoth
1392 1793 1498 1848 vidi
1539 1794 1711 1849 oculis
1745 1794 1899 1847 meis.
1933 1813 1952 1845 ι
1983 1792 2114 1846 Nam

2223 1788 2321 1851 ὣν,
2350 1792 2446 1844 καὶ
2489 1790 2775 1861 ἀκάθαρτα
2806 1792 2961 1863 χείλη
2995 1791 3155 1861 έχων,
3203 1792 3261 1843 ὲν
3314 1790 3463 1861 μέσῳ
3503 1787 3634 1841 λαοῦ
3665 1788 3809 1840 ἀκα-

540 1895 665 1936 cum
698 1884 870 1937 sancti
920 1884 1206 1954 Seraphim
1267 1887 1467 1940 mundo
1520 1896 1577 1940 ct
1627 1886 1967 1941 sanctissimo
2025 1899 2120 1938 ore

539 1970 725 2027 laudes
750 1974 1099 2041 cecinissent,
1132 1977 1306 2031 timuit
1339 1977 1446 2044 ille,
1471 1993 1499 2031 a
1526 1978 1634 2033 Deo
1653 1980 1850 2048 quippe
1873 1980 2117 2038 edoctus,

520 2075 643 2117 [non
679 2065 931 2135 ignorans
957 2066 1267 2123 indecorant
1303 2085 1426 2125 esse
1460 2072 1510 2124 in
1548 2088 1642 2126 ore
1675 2072 1975 2139 peccatoris
2006 2072 2117 2124 lau-

536 2158 833 2221 dationem,
868 2161 1321 2228 quemadmodum
1354 2163 1615 2231 scriptum
1638 2177 1740 2219 est.
1784 2164 1946 2218 Erant
1975 2166 2117 2219 enim

538 2250 813 2304 immunda
856 2251 1014 2320 plane
1053 2253 1416 2308 lsraelitarum
1464 2256 1602 2311 labia
1635 2298 1649 2322 ,
1708 2265 1893 2325 utpote
1936 2257 2027 2327 qui
2067 2257 2117 2309 in

542 2340 824 2395 Dominum
873 2354 1112 2398 nostrum
1159 2345 1344 2401 Jesuut
1382 2347 1657 2404 Chrisutm
1690 2351 1933 2403 convicia
1971 2349 2120 2418 jece-

540 2443 686 2489 runt.
717 2432 812 2488 Sin
834 2442 962 2489 vero
984 2437 1371 2507 aiatpropheta
1400 2456 1457 2495 se
1486 2456 1701 2510 quoque
1725 2443 1995 2511 ejusmodi
2021 2443 2118 2495 ha-

541 2525 669 2580 bere
699 2524 837 2580 labia
857 2567 871 2590 ,
903 2525 1030 2583 licet
1067 2525 1373 2583 Israeliticae
1408 2531 1701 2600 impietatis
1729 2532 1888 2600 plane
1924 2547 2119 2601 expers

540 2602 702 2669 fuerit
728 2657 747 2682 ,
779 2617 1011 2673 dicimus
1058 2632 1181 2672 eum
1222 2628 1280 2673 ut
1306 2630 1552 2676 sanctum
1578 2625 1643 2677 de
1680 2638 1738 2677 se
1769 2625 2008 2677 modeste
2044 2623 2120 2678 lo-

541 2708 661 2775 qui,
692 2717 882 2775 estque
915 2710 1214 2779 probabile,
1266 2722 1536 2782 quatenus
1573 2725 1689 2768 crat
1738 2730 1803 2767 ex
1856 2704 2119 2783 sanguine

541 2798 729 2865 Israel,
758 2804 993 2871 selpsum
1028 2804 1173 2857 omni
1212 2804 1440 2859 crimine
1486 2820 1591 2859 non
1626 2807 1891 2871 eximere,
1923 2821 2116 2874 perva-

539 2900 720 2960 gatum
756 2905 934 2949 autem
988 2896 1167 2965 populi
1225 2897 1416 2951 vitimn
1479 2907 1700 2963 notare,
1740 2905 1797 2952 ut
1830 2906 2011 2953 servet
2043 2899 2117 2953 ita

538 2985 660 3040 illos
718 2986 809 3054 qui
875 2996 1263 3055 peccaverant.
1308 2988 1399 3042 Vel
1440 2989 1689 3044 humana!
1728 3000 1937 3044 naturae
1973 3005 2117 3044 mor-

538 3072 662 3129 bum
690 3078 981 3132 eonlitctur
1020 3095 1034 3131 :
1066 3078 1370 3141 cuiusmodi
1406 3088 1489 3133 est
1523 3079 1653 3134 illud
1686 3080 1897 3135 aheato
1914 3080 2117 3137 Davide

539 3176 725 3224 contra
773 3182 988 3227 onmem
1041 3172 1313 3227 hominem
1375 3173 1622 3227 dictum:
1662 3191 1681 3226 ι
1729 3174 1840 3245 Ego
1908 3176 2016 3229 dixi
2064 3176 2114 3229 in

542 3276 765 3316 excessu
797 3277 944 3317 meo:
977 3262 1168 3318 Omnis
1204 3264 1368 3319 homo
1397 3264 1630 3319 mendax
1661 3265 1729 3319 η.
1776 3285 1795 3318 ι
1842 3265 1939 3321 Est
1972 3268 2117 3321 enim

543 3352 739 3408 iniecta
769 3356 957 3409 morbo
984 3355 1248 3410 mendacii
1278 3372 1341 3411 ac
1386 3356 1638 3412 vanitatis
1668 3373 1825 3412 mens
1857 3358 2118 3425 humana,

539 3439 663 3499 iicet
710 3445 853 3498 malo
912 3445 1013 3500 hoc
1073 3446 1372 3501 liberentur
1416 3448 1676 3518 quidam,
1714 3450 2007 3505 sobrietate
2062 3450 2119 3505 id

541 3536 958 3593 lucrifacientes.
1024 3538 1228 3594 Timuit
1276 3555 1408 3611 ergo
1477 3543 1740 3612 propheta
1799 3543 1942 3613 quod
1993 3560 2117 3599 cum

542 3628 771 3683 mumlus
796 3644 904 3684 non
938 3640 1101 3696 esset,
1121 3631 1576 3700 quemadmodum
1606 3645 1756 3690 certe
1793 3646 1920 3690 sunt
1944 3637 2117 3691 sancti

539 3722 846 3793 Seraphim,
905 3722 1190 3779 Dominum
1226 3722 1464 3779 Sabaoth
1517 3725 1913 3796 contemplatus
1957 3726 2121 3782 fuerit

535 3820 591 3868 et
636 3815 907 3879 taetrerit,
973 3824 1136 3885 atque
1188 3814 1324 3870 adeo
1384 3829 1413 3868 a
1478 3814 1732 3872 laudibus
1778 3817 2118 3873 celebrandis

537 3908 885 3975 abstinuerit,
923 3909 1065 3976 quod
1106 3921 1202 3963 ore
1230 3923 1338 3962 non
1380 3909 1452 3962 ita
1495 3910 1698 3964 nmndo
1729 3910 1800 3965 sit
1830 3909 2113 3981 praeditus.

536 3992 690 4064 Quod
724 4006 903 4052 autem
932 3999 1083 4067 puris
1123 3994 1282 4053 labiis
1304 3999 1581 4054 celebrare
1620 3999 1806 4055 laudes
1834 4007 2115 4070 oporteat,

536 4105 605 4145 ex
652 4104 718 4144 co
742 4090 888 4159 quod
918 4089 1139 4159 quidam
1179 4098 1494 4171 sanctorum
1554 4092 1945 4161 discipulorum
1985 4093 2118 4149 dicit

535 4182 603 4238 de
655 4181 835 4252 lingua
866 4221 882 4247 ,
947 4181 1165 4251 planum
1217 4182 1335 4237 ﬁeri
1416 4193 1594 4254 potest
1630 4200 1646 4238 :
1680 4204 1700 4238 ι
1750 4186 1840 4241 Illa
1910 4188 2116 4243 lauda-

535 4286 657 4325 nms
681 4270 969 4325 Dominum
984 4281 1039 4326 et
1066 4269 1283 4326 Patrem
1300 4312 1315 4337 ,
1344 4281 1399 4328 et
1421 4272 1510 4327 illa
1531 4275 1909 4334 maledicimus
1942 4279 2118 4333 homi-

535 4377 633 4418 nes
654 4363 721 4418 ad
746 4363 1156 4418 similitudinem
1189 4362 1282 4418 Dei
1318 4365 1584 4422 conditos.
1618 4367 1734 4423 Non
1758 4377 1994 4437 oportet,
2013 4368 2115 4423 l‘ra-

2223 1881 2394 1954 θαρτα
2443 1882 2594 1953 χείλη
2647 1882 2860 1952 ἔχοντος
2910 1882 3022 1951 ἐγὼ
3070 1881 3234 1935 οίκῶ’
3291 1882 3386 1934 καὶ⁵
3432 1880 3523 1932 τὸν
3581 1876 3808 1949 βασιλέα

2220 1974 2423 2043 Κύριον
2459 1973 2686 2029 Σαϐαὼθ
2731 1975 2839 2028 ῐδον
2883 1976 2997 2037 τοῖς
3050 1972 3347 2045 ὀφθαλμοῖς
3403 1989 3560 2044 μου.»
3583 1969 3807 2041 Ἐπειδὴ

2220 2067 2329 2138 γὰρ
2393 2067 2461 2120 τὰ
2517 2068 2648 2135 ἃγια
2704 2067 2983 2137 Σεραφεὶμ
3042 2066 3302 2138 καθαροῖς
3364 2065 3455 2117 καὶ
3508 2063 3809 2131 πανάγνοις

2223 2161 2483 2228 στόμασιν
2516 2158 2799 2212 ἐποιοῦντο
2832 2159 2929 2222 τὰς
2956 2157 3284 2227 δοξολογίας,
3327 2157 3497 2210 δέδιεν
3535 2155 3700 2217 αὐτὸς
3746 2152 3809 2208 τὸ

2221 2251 2431 2322 χρῆμα,
2467 2250 2803 2315 θεοδίδακτος
2849 2248 2943 2315 ὢν,
2996 2250 3093 2305 καὶ
3121 2251 3220 2303 οὐκ
3266 2250 3536 2320 ἀγνοήσας
3573 2248 3657 2299 ὅτι
3705 2246 3809 2317 οὐχ

2220 2342 2421 2412 ὡραῖος
2451 2339 2598 2405 αἶνος
2651 2344 2709 2397 ἐν
2761 2343 2988 2413 στόματι
3021 2341 3369 2414 ἁμαρτωλοῦ,
3411 2339 3554 2394 καθὰ
3599 2339 3808 2409 γέγρα-

2221 2449 2373 2489 πται.
2416 2429 2524 2486 Ἦν
2551 2434 2651 2504 μὲν
2683 2433 2788 2507 γὰρ
2822 2435 3271 2506 ὁμολογουμένως
3325 2433 3610 2503 ἀκάθαρτα
3646 2431 3807 2501 χείλη

2220 2528 2314 2579 τοῦ
2386 2526 2628 2598 Ἰσραήλ-
2687 2526 3139 2598 δεδυσφημήκασι
3190 2526 3298 2598 γὰρ
3327 2529 3407 2590 εἰς
3457 2524 3549 2579 τὸν
3597 2524 3809 2594 Κύριον

2220 2619 2377 2689 ἡμῶν
2406 2619 2614 2689 Ἰησοῦν
2657 2620 2750 2672 τὸν
2796 2618 3051 2690 Χριστόν.
3106 2619 3169 2672 Εί
3202 2618 3261 2671 δὲ
3315 2617 3379 2689 δὴ
3430 2615 3578 2685 λέγοι
3627 2615 3726 2667 καὶ
3780 2616 3809 2667 ὁ

2221 2713 2527 2783 προφήτης,
2556 2713 2638 2765 ὅτι
2675 2714 2769 2764 καὶ
2798 2703 2961 2775 αύτὸς
2988 2712 3101 2782 ἔχοι
3126 2713 3195 2766 τὰ
3228 2711 3379 2783 χείλη
3406 2711 3654 2775 τοιαῦτα,
3684 2708 3809 2763 καί-

2216 2819 2299 2854 τοι
2335 2803 2435 2873 τῆς
2471 2802 2565 2855 τοῦ
2610 2803 2828 2874 Ἰσραὴλ
2876 2802 3197 2866 δυσσεϐείας
3246 2805 3556 2876 ἀμοιρήσας
3600 2817 3805 2856 παντε-

2218 2893 2345 2958 λῶς,
2388 2895 2567 2965 φαμὲν
2600 2893 2997 2965 ὄτι⁶μετριὰζει
3039 2894 3137 2965 μὲν
3177 2894 3255 2958 ώς
3295 2893 3489 2962 ἆγιος’,
3550 2890 3697 2955 εἰκὸς
3746 2888 3804 2944 δὲ

2217 2987 2300 3039 ὅτι
2329 2988 2423 3040 καὶ
2465 2986 2542 3050 ώς
2569 2986 2833 3057 ὑπάρχων
2875 2985 2933 3051 ἐξ
2972 2987 3206 3057 αἵματος
3273 2985 3512 3058 Ἰσραὴλ,
3548 2987 3651 3041 οὐκ
3695 2985 3803 3050 ἔξω

2218 3077 2399 3148 τίθησι
2442 3078 2544 3149 τῆς
2570 3079 2751 3143 αἰτίας
2782 3078 2996 3133 ἑαυτόν.
3046 3077 3185 3131 Ἀλλ’
3220 3076 3487 3149 ὑποφέρει
3519 3077 3598 3148 τῷ
3639 3075 3806 3147 κοινῷ

2222 3171 2316 3225 τοῦ
2356 3170 2487 3224 λαοῦ
2542 3171 3001 3243 πλημμελήματι,
3054 3169 3244 3235 σώζων
3291 3161 3380 3223 διὰ
3425 3167 3618 3222 τούτου
3677 3169 3806 3231 τοὺς

2222 3265 2607 3336 ἡμαρτηκότας
2641 3280 2658 3296 ·
2691 3265 2859 3335 ήγουν
2908 3265 3008 3334 τῆς
3039 3262 3329 3334 ἀνθρώπου
3361 3261 3578 3331 φύσεως
3612 3263 3807 3331 ὁμολο-

2221 3358 2310 3428 γεῖ
2340 3358 2437 3424 τὴν
2470 3357 2644 3413 νόσον,
2690 3358 2902 3411 ῩΟποῐόν
2935 3358 3053 3410 ἐστι
3098 3357 3160 3410 τὸ
3209 3355 3359 3427 παρὰ
3395 3354 3489 3407 τοῦ
3527 3355 3752 3426 μακαρίι
3774 3373 3806 3407 υ

2222 3450 2386 3504 Δασιδ
2438 3449 2580 3504 κατὰ
2598 3447 2692 3503 τοῦ
2719 3450 2920 3510 παντὸς
2939 3448 3228 3519 ἀνθρώπου
3251 3446 3541 3516 λεγόμενον
3567 3462 3578 3473 ·
3607 3464 3625 3496 ι
3665 3444 3807 3515 Ἐγὼ

2220 3540 2349 3596 εἶπα
2378 3549 2436 3596 εν
2468 3545 2535 3614 τῇ
2570 3543 2822 3596 ἐκστάσει
2862 3558 2984 3613 μου·
3017 3541 3133 3604 Πᾶς
3171 3538 3456 3607 ἄνθρωπος
3485 3536 3745 3607 ψεύστης.
3783 3558 3801 3587 ι

2222 3637 2387 3689 Νοσεῖ
2431 3636 2541 3708 γὰρ
2593 3635 2654 3689 τὸ
2689 3634 2950 3706 ψεῦδοςή
3003 3632 3292 3705 ἀνθρώπου
3342 3632 3573 3694 διάνοια,
3610 3631 3713 3684 κᾶν
3763 3635 3808 3683 εἰ

2220 3726 2646 3781 ἀπαλλὰττοιντό
2696 3743 2841 3790 τινες
2896 3724 2990 3779 τοῦ
3044 3724 3240 3789 κακοῦ,
3299 3723 3458 3795 νήφει
3506 3722 3567 3776 τὸ
3615 3721 3807 3792 χρῆμα

2221 3818 2615 3891 κερδαίνοντες.
2645 3818 2794 3870 Δέδιε
2827 3810 3007 3872 τοίνυν
3032 3819 3061 3871 ὁ
3090 3820 3373 3886 προφήτης
3401 3816 3483 3868 ὅτι
3518 3812 3593 3884 μὴ
3626 3812 3813 3883 ὑπὰρο

2221 3929 2332 3983 χων
2361 3910 2504 3965 οὕτω
2550 3910 2814 3982 καθαρὸς,
2855 3909 3107 3981 καθάπερ
3134 3908 3327 3980 ἀμέλει
3359 3907 3429 3960 τὰ
3464 3907 3599 3975 ἅγια
3636 3905 3813 3975 Σερα-

2221 4002 2377 4073 φεὶμ,
2412 4001 2666 4056 τεθέαται
2718 4002 2816 4071 μὲν
2860 4000 2952 4053 τὸν
3001 4000 3209 4071 Κύριον
3241 3996 3494 4063 Σαϐαὼθ,
3544 3995 3807 4065 σεσίγηκε

2218 4094 2294 4160 δὲ,
2315 4094 2491 4149 καίτοι
2515 4093 2712 4164 μᾶλλον
2730 4092 2959 4161 ὀφείλων
2989 4089 3309 4159 δοξολογεῖν,
3328 4088 3416 4142 διὰ
3442 4086 3504 4141 τδ
3535 4084 3611 4158 μὴ
3633 4082 3807 4146 οὕτως

2220 4186 2363 4257 ἔχειν
2397 4184 2637 4256 καθαρὸν
2666 4184 2726 4237 τὸ
2762 4183 2958 4254 στόμα,
2996 4182 3118 4235 Ὀτι
3144 4181 3200 4233 δὲ
3230 4179 3336 4253 χρὴ
3378 4178 3641 4248 καθαροῖς
3686 4173 3809 4227 στό-

2224 4294 2388 4348 μασιν
2415 4277 2759 4348 ὑμνολογεῖν,
2790 4274 2957 4345 σαφὲς
2988 4272 3054 4327 ἂν
3080 4272 3292 4342 γένοιτο
3331 4268 3458 4342 περὶ
3500 4268 3599 4338 τῆς
3626 4265 3811 4335 γλώσ-

2220 4386 2319 4440 σης
2352 4368 2601 4437 λέγοντος
2643 4367 2760 4431 ἐνὸς
2793 4366 2901 4419 τῶν
2945 4365 3117 4436 ἁγίων
3174 4361 3451 4435 μαθητῶνο
3489 4381 3508 4414 ι
3545 4361 3634 4413 Ἐν
3662 4359 3804 4430 αὐτῇ
3919 4434 3929 4443 θ

538 4467 648 4510 tres
670 4457 796 4519 mei,
814 4457 927 4511 haec
944 4457 1024 4512 sic
1046 4455 1185 4512 ﬁeri.
1228 4457 1479 4529 Nunquid
1511 4457 1632 4515 fons
1650 4474 1716 4515 ex
1731 4464 1919 4516 eodem
1949 4460 2107 4533 107

2221 4458 2541 4531 εὐλογοῦμεν
2584 4460 2674 4513 τὸν
2720 4458 2925 4530 Κύριον
2971 4460 3067 4511 καὶ
3121 4456 3363 4528 Πατέρα.
3395 4454 3506 4508 Καὶ
3553 4454 3611 4505 ὲν
3664 4452 3806 4521 αὐτῇ

534 4545 801 4599 l'oramine
814 4545 1002 4601 ebullit
1022 4547 1231 4603 dulcem
1258 4558 1312 4604 et
1334 4564 1573 4605 amaram
1614 4553 1837 4622 aquam!
1864 4552 2114 4624 Nunquid

2224 4551 2590 4624 καταρώμεθα
2634 4553 2760 4607 τοὺς
2793 4550 3115 4624 ἀνθρώπους
3144 4590 3161 4616 ,
3206 4551 3334 4612 τοὺς
3377 4545 3500 4602 καθ’
3548 4543 3812 4615 ὁμοίωσιν

534 4644 732 4706 potest,
753 4636 947 4692 fratres
964 4639 1090 4702 mei,
1117 4639 1248 4694 licus
1258 4641 1404 4696 oleas
1417 4643 1661 4710 proferre
1676 4642 1801 4697 ?aut
1817 4645 1941 4699 vitis
1957 4646 2114 4700 licus?

2222 4643 2354 4698 Θεοῦ
2399 4643 2711 4712 γεγονότας.
2745 4644 2819 4695 Οὐ
2869 4642 2995 4713 χρὴ,
3041 4639 3260 4709 ἀδελφοί
3305 4655 3429 4710 μου,
3461 4636 3632 4690 ταῦτα
3665 4633 3812 4685 οὕτω

533 4714 957 4799 Sicnequeidem
975 4729 1094 4786 fons
1107 4733 1369 4789 salsamet
1386 4734 1599 4791 dulcem
1620 4752 1814 4808 aquam
1836 4740 2073 4795 edere”.
2088 4759 2107 4790 ι

2222 4736 2485 4807 γίνεσθαι.
2520 4737 2726 4806 Μήτιή
2763 4736 2915 4807 πηγὴ
2960 4736 3024 4788 ὲκ
3066 4733 3163 4806 τῆς
3200 4733 3371 4802 αὐτῆς
3395 4729 3534 4796 ὀπῆς
3569 4725 3723 4796 βρύει
3749 4724 3811 4776 τὸ

530 4819 704 4889 γλυκὺ
753 4820 847 4874 καὶ
872 4821 933 4873 τὸ
960 4822 1190 4891 πικρόν;
1253 4824 1346 4897 Μὴ
1398 4825 1640 4892 δύναται,
1683 4829 1901 4899 ἀδελφοί
1951 4848 2076 4901 μου,
2119 4831 2257 4899 συκῆ
2311 4828 2493 4890 ἐλαίας
2547 4828 2804 4898 ποιῆσαι;
2854 4826 2887 4897 ἢ
2936 4825 3181 4894 ἄμπελος
3238 4824 3415 4885 σῦκα;
3453 4819 3642 4881 Οὕτως
3686 4815 3811 4869 οὐδὲ

532 4908 729 4966 ἁλυκὸν
763 4911 935 4981 γλυκὺ
971 4912 1194 4984 ποιῆσαι
1225 4913 1387 4988 ὕδωρ.
1422 4936 1440 4968 ι

605 5005 763 5063 Vsus.
790 5005 845 5070 6,
886 5006 941 5061 7.
973 5005 1039 5059 Et
1059 5008 1247 5062 missus
1281 5013 1436 5063 estad
1458 5027 1538 5065 me
1562 5029 1696 5066 unus
1713 5029 1778 5066 ea:
1801 5012 2075 5084 Seraphin:
2093 5057 2106 5074 .

527 5106 576 5149 et
622 5098 675 5151 in
712 5113 874 5150 manu
920 5096 1141 5152 habebat
1164 5100 1474 5165 carbonem,
1499 5119 1649 5171 quem
1682 5105 1881 5172 forcipe
1911 5108 2109 5171 accepit

2290 5006 2399 5060 Καὶ
2427 5003 2742 5071 ἀπεστάλη
2792 5003 2944 5071 πρὸς
2977 5003 3055 5071 μὲ
3083 5000 3153 5055 ἓν
3187 5000 3305 5054 τῶν
3344 4999 3657 5067 Σεραςρεὶμ,
3707 4998 3809 5050 καὶ

2216 5102 2288 5152 ἓν
2313 5097 2388 5167 τῇ
2419 5098 2566 5167 χειρὶ
2608 5092 2773 5166 εἶχεν
2803 5096 3103 5163 ἄνθρακα,
3138 5093 3210 5147 ὃν
3250 5092 3323 5162 τῇ
3352 5092 3553 5146 λαὸιδι
3586 5091 3812 5145 ἐλαϐεν

529 5188 592 5240 ab
632 5189 813 5253 altari,
869 5202 915 5244 et
980 5192 1147 5262 (eligit
1192 5208 1247 5245 os
1284 5198 1475 5259 meum,
1521 5208 1569 5248 et
1607 5196 1784 5249 dixit:
1816 5196 1948 5251 Ecce
1984 5200 2103 5250 teli-

530 5278 604 5344 git
634 5282 730 5333 hoc
757 5282 897 5334 labia
938 5291 1053 5348 tua,
1094 5291 1142 5337 et
1167 5283 1360 5337 adimet
1402 5285 1699 5354 iniquitates
1733 5297 1873 5351 tuas,
1907 5298 1953 5341 et
1991 5306 2101 5356 pec-

529 5379 649 5422 cata
683 5381 773 5425 tua
820 5375 1143 5429 emundabit.

599 5542 827 5599 Divinus
878 5546 1074 5607 Paulus
1108 5554 1300 5610 scribit
1334 5556 1399 5609 de
1423 5555 1626 5611 sanctis
1656 5557 1882 5627 angelis,
1912 5573 2107 5615 omnes

605 5688 651 5734 is
679 5701 821 5759 [δεδι.
860 5719 981 5767 ειν,
1032 5708 1115 5761 il.
1194 5709 1238 5742 ’³
1266 5709 1384 5765 Jac.
1414 5728 1496 5775 ιιι,
1522 5716 1574 5771 9.

2217 5193 2335 5246 ἀπὸ
2365 5191 2472 5245 τοῦ
2507 5189 2966 5257 θυσιαστηρίου.
3002 5186 3109 5242 Καὶ
3144 5186 3344 5254 ἥψατο
3368 5181 3477 5239 τοῦ
3500 5184 3811 5251 στόματός

2208 5304 2350 5355 μου,
2394 5284 2493 5337 καὶ
2518 5280 2715 5336 εἶπεν*
2752 5280 2910 5336 Ἰδοὺ
2939 5280 3141 5348 ἥψατο
3180 5278 3356 5333 τοῦτο
3389 5275 3511 5329 τῶν
3552 5274 3812 5345 χειλέων

2217 5394 2355 5441 σου,
2398 5377 2495 5429 καὶ
2533 5373 2751 5443 ἀφελεῖ
2773 5374 2877 5439 τὰς
2900 5373 3155 5442 ἀνομίας
3189 5387 3329 5434 σου,
3360 5367 3459 5422 καὶ
3486 5367 3595 5433 τὰς
3618 5366 3811 5437 ἀμαρ-

2220 5471 2350 5535 τίίις
2376 5483 2494 5522 σου
2535 5463 2961 5534 περικαθαριεῖ.

2300 5562 2358 5614 '0
2409 5559 2697 5621 θεσπέσιος
2738 5556 2938 5627 γράφει
3003 5553 3215 5620 Παῦλος
3278 5556 3408 5628 περὶ
3464 5553 3574 5607 τῶν
3632 5550 3812 5622 ἁγίων
