2001 3106
151 109 204 138 181

715 110 750 138 IN
771 108 886 138 ISAlAM
906 107 969 136 LIB.
992 107 1011 134 ι.
1030 107 1132 135 οιιΑτ.
1155 106 1199 135 iV.

1731 109 1783 138 ΜΞ

149 166 300 202 ἀγγέλων,
321 165 361 192 ὅτι
389 165 488 199 πάντες
510 167 564 194 εἰσὶ
587 167 760 203 λειτουργικὰ
787 167 938 202 πνεύματα,

992 172 1052 192 esse
1071 165 1242 193 administros
1261 165 1387 199 spiritus,
1405 165 1437 192 ad
1468 164 1645 193 ministerium
1668 164 1789 200 delegat

150 214 195 243 si;
221 210 361 237 διακονίαν
384 211 603 248 ἀποστελλόμενα
628 213 672 240 διὰ
701 215 762 245 τοὺς
795 213 939 249 μέλλοντας

151 257 333 292 κληρονομεῖν
363 256 509 292 σωτηρίαν.
539 259 593 285 Καὶ
617 259 646 286 τὸ
669 260 763 295 χρῆμά
788 259 862 286 ἐστιν
891 258 941 285 οὐκ

150 302 322 337 ἀσυμφανὲς.
336 302 429 329 Πάντα
440 303 496 338 -μὲν
514 303 568 340 γὰρ
583 305 611 331 ὲν
631 305 726 340 κόσμῳ
745 305 778 331 τὰ
792 305 866 340 παρὰ
881 306 940 336 ταῖς

150 348 208 375 ἄνω
218 348 352 382 δυνάμεσι
363 348 410 375 καὶ
424 349 506 384 τιμῆς
516 350 574 385 ἡτοι
589 350 760 386 λειτουργίας
774 350 863 386 μέτρα
875 351 940 384 παρ’

149 393 261 424 αὐταῖς,
277 393 324 420 καὶ
336 394 395 430 ὅροι
408 393 541 421 τέθεινται
556 395 605 430 τῆς
620 396 735 422 ἑκάστου
750 395 844 431 δόξης,
865 395 941 430 παρά

147 445 183 472 γε
197 438 246 465 τοῦ
259 439 347 466 πάντα
363 439 434 466 κατὰ
444 440 474 466 τὸ
484 440 557 475 αὐτῷ
566 440 660 468 δοκοῦν
676 441 850 477 διανέμοντος
860 440 938 467 Θεοῦ.

149 484 225 520 Πλὴν
241 482 284 516 εἷς
302 485 345 519 ἐφ’
367 485 469 512 ἄπατιν
486 487 500 512 ὁ
518 485 610 520 ζυγὸς,
635 487 682 513 καὶ
698 487 864 522 ὑπηρετοῦσι
880 487 940 513 νεύ-

151 539 219 565 μασι
233 532 292 561 τοῖς
301 532 487 562 Δεσποτικοῖς,
501 532 551 558 οὐκ
565 532 733 564 ἀπαξιοῦντα
744 533 793 567 τὴν
805 533 938 563 δουλείαν,

148 575 209 602 ἀλλ’
225 577 256 601 ἐν
273 576 356 612 μοίρᾳ
370 576 455 611 τιμῆς
473 577 519 603 καὶ
537 577 615 613 δόξης
636 578 868 613 καταλογιζόμενά
893 587 940 605 που

150 622 180 647 τὸ
195 622 226 647 ὲν
241 622 347 653 τούτοις
369 623 489 657 γνήσιον.
515 623 778 658 Προαναμορφοῦται
800 625 889 651 τοίνυν
913 625 941 650 ἐν

149 667 302 702 ὀφθαλμοῖς
322 667 369 693 τοῦ
389 669 525 703 προφήτου
541 669 570 694 τὸ
589 670 706 704 Χριστοῦ
727 671 884 705 μυστήριον,
898 671 942 697 διὰ

150 713 205 738 τῶν
230 713 288 739 ἄνω
311 713 452 748 δυνάμεων
474 712 503 741 εὖ
528 715 600 749 μάλα
615 715 833 750 διακονούμενον.
862 717 941 742 Ἀπο-

151 757 291 784 στὲλλεται
308 758 373 792 γοῦν
388 759 417 785 ἒν
431 759 483 785 τῶν
498 760 636 796 Σεραφεὶμ
647 761 769 796 ἄνθρακα
781 762 851 796 ἔχον,
867 762 895 788 ὃν
907 763 938 797 τῇ

147 801 239 828 λαῦἱδι
261 802 358 829 ἐλ;;6εν
373 804 426 829 ἀπὸ
440 803 486 830 τοῦ
504 804 707 840 θυσιαστηρίου.
725 807 779 833 Καὶ
794 807 872 833 τοῦτο
884 807 937 842 ἄρα

150 847 184 882 ἦν
206 848 326 884 Χριστοῦ
345 849 488 884 σύμϐολον,
510 850 538 881 ὃς
555 850 588 876 δι’
611 852 692 885 ἡμᾶς,
715 853 760 878 καὶ
775 853 844 887 ὑπὲρ
860 853 937 887 ἡμῶν

148 892 354 927 προςεκὸμισεν
367 893 462 920 ἑαυτὸν
477 893 515 928 τῷ
531 894 590 929 Θεῷ
608 896 655 921 καὶ
673 897 771 931 Πατρὶ,
785 898 825 928 εἰς
842 897 937 923 ουσίαν

151 939 341 974 πνευματικὴν
361 939 484 975 καθαρὰν
500 941 546 966 καὶ
567 941 700 977 ἁδέίὶηλον
719 944 766 968 καὶ
790 944 829 974 εἰς
853 944 939 979 ὀσμὴν

149 985 277 1017 εὐωδίας.
294 985 388 1021 Ταύτῃ
399 994 441 1012 τοι
455 987 502 1012 καὶ
518 987 591 1022 μάλα
604 987 716 1020 εἰκότως
732 989 763 1015 ἐκ
779 989 826 1015 τοῦ
846 990 939 1016 θυσια-

150 1031 265 1066 οτηρὶου
278 1031 455 1066 λαμϐάνεται.
472 1033 673 1068 Παρεικὰζεταί
686 1042 716 1068 γε
735 1035 788 1069 μὴν
812 1035 937 1070 ἃνθρακι’

148 1074 198 1100 καὶ
213 1074 259 1101 διὰ
272 1075 352 1102 ποίαν
366 1077 457 1103 αἰτίαν
473 1077 560 1111 sitsit;
574 1079 819 1112 ἀναγκαῖονῖΕοος
832 1081 864 1115 τῇ
880 1080 939 1106 θεο-

150 1119 279 1155 -τνεύσ-τῳ
290 1120 385 1157 Γραφῇ
407 1123 474 1156 πυρὶ
495 1123 545 1159 τὴν
560 1124 635 1151 θείαν
653 1126 830 1160 παρεικάζειν
847 1126 937 1160 φύσιν.

152 1166 243 1202 Ὠφθη
266 1167 320 1204 γὰρ
335 1168 408 1194 οὕτω
427 1168 465 1203 τῷ
492 1170 620 1205 μακαρίῳ
647 1171 754 1206 Ἰσραὴλ
777 1172 806 1198 ἐν
827 1172 865 1207 τῷ
881 1173 938 1207 ὄρει

150 1212 260 1248 Χωρὴμ
272 1214 331 1249 ἦτοι
346 1214 411 1241 Σινᾶ
422 1216 454 1250 τῇ
467 1216 559 1251 ἡμέρα
566 1217 616 1252 τῆς
627 1218 785 1252 ἐκκλησίας.
802 1218 880 1245 Οὕτω
892 1220 939 1246 καὶ

147 1259 226 1294 αὐτῷ
237 1259 277 1295 τῷ
287 1261 415 1296 μακαρίῳ
431 1262 516 1298 Μωσῇ
529 1263 702 1297 ποιμαίνοντι
722 1265 793 1290 κατὰ
812 1265 860 1300 τὴν
874 1265 938 1300 ἕρη-

149 1314 213 1340 μον,
230 1306 259 1333 ὲν
273 1306 337 1333 εἴδει
349 1308 434 1342 πυρὸς
447 1308 476 1334 ἐν
489 1308 526 1344 τῷ
544 1309 617 1344 βάτῳ
632 1310 702 1336 κατὰ
720 1311 843 1346 καιροὺς,
860 1311 938 1347 ῶοοη

149 1361 181 1379 τε
195 1352 243 1380 καὶ
258 1353 430 1388 προσελάλει.
444 1355 549 1390 ’Ὠσπερ
569 1354 616 1382 οὖν
635 1357 649 1382 ὁ
670 1356 770 1391 ἄνθραξ
787 1356 864 1389 ξύλον
880 1359 939 1383 ἐστὶ

148 1399 184 1433 τῇ
200 1398 291 1433 φύσει,
306 1399 374 1433 πλὴν
390 1400 450 1432 ὅλος
460 1400 494 1427 δι’
509 1401 570 1427 ὃλου
587 1401 825 1436 μεμέστωταιτοῦ
840 1403 937 1438 πυρὸς,

149 1444 199 1470 καὶ
210 1445 261 1479 τὴν
272 1445 353 1472 αὐτοῦ
368 1445 482 1481 δύναμίν
502 1455 531 1473 τε
553 1448 600 1474 καὶ
620 1448 761 1483 ἐνέργειαν
778 1449 848 1484 ἔχει·
867 1451 937 1477 κατὰ

147 1488 255 1521 τοῦτον,
267 1488 360 1525 οἶμαι,
378 1491 478 1530 τρόπον
495 1493 573 1518 νοοῖτ*
588 1493 620 1519 ἂν
635 1493 747 1525 εἰκότως
767 1495 814 1520 καὶ
829 1494 909 1525 αὐτὸς
922 1496 935 1521 ὁ
952 1504 972 1531 (ζ

148 1534 252 1570 Κύριος
267 1536 345 1571 ἡμῶν
362 1536 465 1572 Ἰησοῦς
479 1539 493 1564 ὁ
503 1538 620 1573 Χριστός
631 1548 637 1554 ι
656 1547 665 1564 ι
681 1539 782 1573 Γέγονε
796 1539 850 1575 γὰρ
868 1539 936 1575 σὰρξ

146 1581 165 1605 ὁ
184 1580 282 1615 Λόγος,
298 1580 347 1607 καὶ
365 1582 519 1617 ἐσκήνωσεν
535 1584 563 1610 ἐν
576 1585 652 1618 ἡμῖν.
675 1594 683 1610 ι
708 1585 776 1611 ’Δλλ“
796 1587 819 1611 εἰ
835 1586 880 1612 καὶ
903 1584 938 1621 ἦν

146 1626 212 1652 καθ’
232 1627 307 1661 ἡμᾶς
328 1626 465 1663 ὁρώμενος
488 1628 630 1664 ἄνθρωπος
654 1631 852 1665 οἰκονομικῶς,
881 1631 937 1658 ἀλλ’

147 1668 197 1698 οὖν
218 1671 292 1699 ἅπαν
305 1672 337 1699 τὸ
354 1673 404 1707 τῆς
427 1673 551 1709 θεότητος
568 1675 706 1711 πλήρωμα
729 1677 889 1712 κατῴκησεν
909 1679 938 1703 ἐν

145 1717 242 1752 αὐτῷ,
269 1719 340 1746 κατά
363 1719 395 1753 γέ
424 1728 495 1754 φημι
521 1720 565 1747 τὸν
595 1722 644 1756 τῆς
675 1722 799 1754 ένώσεως
825 1724 936 1758 τρόπον.

148 1763 287 1799 Ταύτῃτοι
304 1765 352 1791 καὶ
367 1765 412 1792 διὰ
429 1765 479 1800 τῆς
494 1766 560 1798 ιδίας
574 1768 674 1802 σαρκὸς
700 1768 938 1804 θεοπρεπεστάτας

145 1810 220 1845 ἔχων
231 1811 328 1846 ὀρεῖται
341 1811 391 1842 τὰς
404 1812 554 1846 ἐνεργείας.
568 1813 676 1847 ’Ἥψατο
689 1813 754 1847 γοῦν
776 1814 824 1849 τῆς
845 1814 936 1850 σοροῦ,

148 1851 199 1883 καὶ
216 1857 346 1893 ἀνέστησε
368 1858 413 1884 τὸν
423 1859 557 1885 τεθνεῶτα
571 1860 620 1893 τῆς
632 1859 719 1894 χήρας
733 1860 800 1886 υἱόν.
814 1861 868 1886 Καὶ
885 1861 937 1894 μὴν

145 1903 198 1930 καὶ
211 1902 316 1935 πτύσας
331 1903 443 1930 ἐνετίθει
454 1905 563 1939 τυφλοῖς
577 1905 607 1932 τὸ
621 1905 739 1940 βλέπειν,
758 1906 836 1941 πηλῷ
852 1915 936 1933 κατα-

149 1948 237 1984 χρίιυν
258 1949 321 1981 τοὺς
344 1949 511 1985 ὀφθαλμούς.
535 1950 668 1986 Ἀνορακι
691 1951 722 1987 δὴ
747 1949 793 1978 οὖν
811 1950 840 1979 εὖ
865 1952 936 1987 μάλα

148 1994 352 2030 παρεικαστέον
366 1995 602 2031 τδνῈμμανουὴλ,
614 1996 643 2028 ὃς
657 1997 681 2022 εἰ
698 1997 744 2023 καὶ
758 1998 864 2031 γένοιτό
880 2006 938 2029 πως

144 2041 179 2068 ὲν
194 2041 252 2072 τοῖς
270 2041 415 2077 ἡμετέροις
438 2041 563 2076 χείλεσιν,
593 2043 680 2078 πάντη
699 2052 726 2069 τε
756 2044 802 2070 καὶ
830 2044 938 2076 πάντως

147 2089 263 2124 ἀφαιρεῖ
285 2088 334 2120 τὰς
354 2089 501 2124 ἁμαρτίας,
528 2090 576 2115 καὶ
602 2090 794 2125 περικαθαριεῖ
810 2092 858 2122 τὰς
875 2091 936 2117 ἀνο-

149 2134 224 2169 μίας.
247 2131 315 2160 Εἶτα
336 2133 395 2165 πῶς
416 2135 444 2160 ὲν
458 2136 513 2166 τοῖς
534 2135 678 2170 ἡμετέροις
700 2135 817 2170 χείλεσιν
843 2136 934 2168 Eant;

151 2181 235 2207 Ὅταν
253 2180 305 2214 τὴν
328 2180 419 2207 πίστιν
433 2180 608 2216 ὁμολογῶμεν
622 2180 671 2216 τὴν
691 2182 730 2212 εἰς
745 2182 835 2208 αὐτόν.
857 2181 936 2208 Οὕτω

146 2224 196 2250 καὶ
216 2225 232 2250 ὁ
256 2223 399 2256 Θεσπέσιος
422 2224 522 2259 γράφει
548 2224 669 2256 Παῦλος·
686 2234 694 2250 ι
718 2226 814 2259 Ἐγγύς
836 2235 882 2252 σου
907 2227 936 2252 τὸ

151 2269 227 2304 ῥῆμά
243 2270 328 2302 ἑστιν,
349 2270 379 2296 ὲν
400 2269 438 2305 τῷ
454 2270 566 2305 στόματί
586 2279 643 2302 σου,
669 2271 716 2297 καὶ
739 2272 767 2297 ἐν
783 2273 814 2306 τῇ
836 2272 934 2309 καρδίᾳ

139 2314 209 2341 ’σοιν
233 2315 308 2342 τοῦτ’
325 2314 384 2342 ἔστι
405 2316 436 2342 τὸ
456 2316 531 2351 ῥῆμα
547 2316 596 2351 τῆς
611 2316 739 2348 πίστεως,
764 2317 777 2342 ὃ
801 2317 937 2352 κηρύσσο-

151 2368 212 2395 μεν.
236 2361 299 2388 Ὅτι
317 2361 366 2387 ἐὰν
388 2361 558 2397 ὁμολογήσῃς
588 2363 617 2388 ὲν
641 2362 680 2396 τῷ
705 2362 818 2396 στόματί
836 2370 882 2388 σου
897 2362 936 2388 ὅτι

151 2406 252 2442 Κύριος
280 2407 395 2442 Ἰησοῦς,
419 2408 466 2434 καὶ
481 2407 630 2444 πιστεύσῃς
649 2409 677 2434 ἐν
694 2409 726 2443 τῇ
753 2408 851 2443 καρδίᾳ
878 2417 936 2438 σου,

150 2452 191 2478 ὅτι
214 2453 230 2479 ὁ
253 2452 320 2482 Θεὸς
348 2452 429 2479 αὐτὸν
456 2454 566 2488 ἡγειρεν
598 2454 630 2479 ὲκ
654 2453 774 2489 νεκρῶν,
808 2454 935 2491 σωθήσῃ·

152 2497 250 2534 καρδίᾳ
273 2498 328 2534 γὰρ
357 2499 513 2526 πιστεύεται
543 2500 582 2532 εἰς
615 2500 805 2535 δικαιοσύνην,
823 2501 935 2535 στόματι

149 2544 179 2570 δὲ
191 2542 367 2579 ὁμολογεῖται
379 2546 419 2577 εἰς
437 2545 581 2580 σωτηρίαν.
603 2556 612 2571 ι
628 2546 717 2572 Ἔστω
732 2546 821 2572 τιίνυν
836 2547 864 2572 ἐν
880 2547 936 2577 τοῖς

148 2592 266 2628 χείλεσιν
282 2592 361 2628 ἡμῶν
374 2592 388 2618 ὁ
407 2591 477 2623 θεῖος
501 2591 612 2627 ἄνθραξ,
633 2592 646 2618 ὁ
665 2592 707 2618 τὸν
733 2593 763 2619 ἐκ
782 2593 831 2627 τῆς
848 2593 937 2628 ἁμαρ-

150 2638 212 2670 τιας
235 2637 413 2673 καταφλέγων
427 2638 569 2673 συρφετὸν,
587 2638 633 2664 καὶ
647 2638 692 2663 τὸν
713 2639 743 2663 ἐκ
761 2638 809 2671 τῆς
822 2639 936 2672 ἀνομίας

151 2684 277 2720 inﬁxam
310 2683 414 2719 ῥύπον,
438 2683 484 2710 καὶ
508 2682 616 2715 ζέοντας
639 2683 712 2717 ἡμᾶς
737 2683 874 2709 ἀποτελῶν
900 2683 937 2717 τῷ

147 2730 298 2765 πνεύματι.
315 2730 345 2757 El
365 2729 393 2756 δὲ
409 2730 441 2765 δὴ
465 2729 568 2763 λέγοιτο
586 2731 617 2764 τῇ
635 2729 719 2755 λαόίδε
741 2729 936 2763 λαμϐάνεσθαι,

186 2809 208 2824 ⁸⁸
228 2808 312 2836 "chr,
328 2816 347 2841 ι,
365 2808 405 2835 M.

446 2808 466 2824 ⁷⁵
483 2806 559 2834 Joan.
577 2815 593 2839 ι,
615 2806 656 2834 14.
693 2807 716 2823 ¹⁶
732 2806 809 2835 Rom.
827 2815 863 2840 χι,
877 2808 906 2835 8.

993 216 1034 238 tos
1057 216 1166 246 propter
1191 218 1237 238 eos
1254 210 1298 245 qui
1326 210 1511 237 hrcreditatem
1531 209 1626 237 salutis
1641 210 1777 243 accepturi

991 256 1096 283 sunt“.
1112 256 1189 290 Quod
1203 263 1255 283 n0n
1273 261 1314 284 est
1334 254 1596 283 obscurtnn.0mnia
1611 262 1727 290 namque
1744 255 1778 281 ab

992 302 1043 330 illis
1062 303 1194 338 supremis
1212 302 1387 337 potestatibus
1408 307 1503 339 ornate
1519 301 1710 336 splendideque
1732 301 1783 327 ad‘

994 348 1191 381 ministrantnr,
1210 352 1236 375 et
1258 347 1369 375 honoris
1382 367 1389 379 ,
1415 352 1442 374 et
1461 346 1705 374 administrationis
1724 351 1780 374 ter-

994 393 1058 421 mini
1087 394 1211 428 flnesque
1245 393 1337 428 gloria:
1371 394 1469 426 cuique
1503 396 1565 419 sunt
1594 391 1732 418 constituti
1766 398 1779 416 a

995 439 1060 472 Dec,
1081 439 1127 474 qui
1146 439 1235 466 omnia
1261 446 1309 474 pro
1328 438 1459 466 arbitratu
1482 444 1531 465 suo
1560 436 1708 471 dispensat.
1734 435 1780 462 At-

992 485 1037 519 qui
1058 484 1128 512 ident
1148 484 1224 519 quasi
1237 484 1331 519 jugnm
1346 489 1387 511 est
1404 483 1530 510 omnibus
1553 482 1656 509 sanctis
1675 481 1778 516 spiriti<

993 530 1053 561 bus,
1067 534 1094 557 et
1114 529 1218 556 Domini
1234 530 1307 556 nttttti
1324 530 1455 561 serviunt,
1483 536 1533 555 non
1557 528 1693 562 indignam
1708 535 1774 554 cett-

993 580 1084 602 sentes
1096 575 1265 607 servitutem,
1290 576 1336 602 sed
1353 575 1446 602 honori
1466 574 1593 608 laudique
1611 575 1740 600 ducentes
1754 572 1778 599 id

994 626 1118 655 prompto
1148 628 1179 647 ac
1211 621 1313 648 liberali
1344 621 1433 647 animo
1460 619 1560 647 facere.
1590 618 1780 653 Praeiiguratnr

994 666 1074 699 igitur
1089 666 1123 693 ob
1138 666 1230 693 oculos
1253 667 1389 700 prophetrc
1423 665 1580 700 mysterium
1600 664 1712 695 Christi,
1732 670 1780 697 per

993 719 1104 745 superas
1127 716 1273 746 potestates
1295 711 1394 746 optitnc
1418 710 1645 738 administratum.
1665 708 1780 735 Mittitur

993 757 1083 791 itaque
1107 764 1121 784 ο
1139 752 1279 791 Seraphim
1305 764 1385 788 unus,
1411 757 1554 783 carbonem
1571 754 1683 786 habens,
1699 762 1778 789 quem

993 801 1028 829 de
1045 809 1089 828 ara
1107 802 1221 837 sumpsit
1241 802 1352 835 forcipe.
1375 800 1436 828 llazc
1456 802 1563 827 demum
1591 805 1650 827 erat
1677 801 1778 828 Christi

993 847 1152 881 significatio
1174 851 1201 873 et
1231 847 1445 881 reprasenlatio,
1467 847 1512 881 qui
1527 852 1636 881 propter
1663 854 1711 873 nos
1747 854 1778 872 ac

992 897 1082 919 nuslra
1099 900 1179 918 causa
1195 892 1312 926 seipsum
1335 892 1360 918 in
1385 891 1548 919 sacrificium
1564 891 1715 926 spirituale,
1729 899 1778 924 pu-

993 941 1050 964 rtlnt
1068 946 1100 964 ac
1118 937 1300 972 impollutum,
1318 936 1424 968 obtulit,
1450 937 1475 963 itt
1495 937 1605 964 odorem
1621 937 1710 964 suavis
1722 936 1778 962 fra-

990 984 1110 1018 grantim.
1139 984 1231 1016 ltaqtte
1260 991 1313 1010 non
1340 983 1388 1009 abs
1421 990 1449 1009 re
1475 983 1507 1009 dc
1535 982 1611 1009 altari
1636 982 1776 1016 accipitur.

991 1029 1074 1062 Quam
1089 1034 1176 1056 autem
1193 1029 1227 1055 ob
1242 1036 1349 1056 causam
1368 1028 1531 1055 assimiletur
1555 1034 1647 1062 pruna:
1659 1047 1666 1060 ,
1684 1028 1776 1054 dicen-

991 1076 1053 1101 ιΙιΑιὶ
1080 1080 1121 1101 est
1147 1074 1311 1101 necessario.
1332 1072 1480 1099 Fatniliare
1498 1077 1540 1099 est
1554 1072 1699 1106 Scripturte
1711 1072 1778 1097 divi-

991 1121 1061 1147 nitus
1082 1120 1216 1153 inspirata:
1242 1119 1358 1146 divinant
1393 1123 1515 1145 naturam
1532 1118 1584 1152 igni
1601 1124 1771 1151 comparare.

991 1167 1035 1192 Sic
1059 1167 1130 1192 ettittt
1155 1165 1280 1200 apparuit
1302 1165 1392 1191 lsraeli
1420 1165 1445 1191 itt
1480 1169 1569 1191 monte
1595 1163 1700 1191 Choreb
1731 1170 1777 1189 seu

992 1212 1067 1245 Sina,
1083 1213 1108 1239 itt
1141 1213 1184 1239 die
1201 1212 1427 1247 congregationis.
1461 1210 1506 1237 Sic
1529 1210 1611 1237 etiattt
1627 1209 1676 1244 ipsi
1700 1209 1778 1236 beato

991 1258 1054 1285 Mosi
1067 1258 1187 1292 poscenti
1203 1258 1228 1284 iit
1242 1258 1359 1289 deserto,
1372 1257 1461 1291 specie
1484 1256 1552 1291 ignis
1575 1256 1639 1282 olim
1665 1256 1690 1282 in
1708 1256 1775 1281 rubo

990 1309 1149 1338 cens-pectus
1178 1308 1230 1335 est,
1259 1308 1286 1330 et
1308 1303 1519 1337 colloquebatur.
1547 1300 1777 1340 Quemadmodum

991 1349 1072 1384 igitur
1087 1350 1167 1376 carbo
1190 1349 1288 1383 lignum
1309 1349 1416 1384 quidem
1429 1353 1524 1375 natura
1536 1352 1588 1379 est,
1599 1354 1690 1374 verum
1708 1352 1778 1373 lotus

990 1395 1061 1422 omni
1077 1403 1108 1421 ex
1130 1399 1205 1429 parte
1220 1395 1272 1429 igni
1285 1394 1380 1428 plenus
1402 1399 1453 1426 est,
1474 1393 1584 1428 ejusque
1600 1393 1653 1420 vim
1672 1397 1699 1419 et
1716 1392 1777 1419 οΠί⁵

990 1441 1131 1468 cacitatem
1166 1441 1266 1467 habet:
1285 1442 1317 1468 ad
1347 1441 1483 1473 eumdem,
1515 1444 1588 1474 puto,
1616 1439 1724 1466 modum
1749 1443 1777 1465 et

992 1488 1047 1521 ipse
1059 1487 1187 1514 Dominus
1208 1491 1297 1513 noster
1322 1485 1401 1513 Iesus
1423 1485 1546 1513 Christus
1571 1485 1669 1512 merito
1687 1489 1777 1519 potest

992 1533 1101 1568 intelligi
1119 1542 1124 1559 ε
1149 1532 1235 1560 «Caro
1246 1532 1317 1559 enim
1334 1531 1452 1559 Verbum
1480 1530 1576 1558 factum
1593 1537 1642 1563 est,
1671 1537 1697 1558 et
1724 1531 1773 1556 ha-
1794 1544 1808 1557 ο

991 1579 1084 1606 bitavit
1102 1579 1127 1605 in
1137 1578 1271 1606 llObiS".D
1291 1579 1389 1605 Verum
1408 1578 1530 1612 quamvis
1542 1582 1615 1613 esset
1628 1577 1707 1603 homo
1725 1584 1772 1602 no-

991 1626 1030 1651 bis
1059 1624 1153 1651 similis
1184 1624 1288 1651 ratione
1316 1624 1534 1658 dispensationis,
1568 1628 1656 1649 tamen
1688 1622 1777 1649 cuiuis

990 1671 1126 1705 plenitudo
1141 1671 1287 1698 divinitatis
1301 1672 1327 1697 in
1342 1678 1375 1698 eo
1388 1670 1527 1702 habitavit,
1557 1671 1635 1697 modo
1666 1668 1775 1703 inquam

991 1716 1107 1743 nnionis.
1131 1716 1198 1743 iliuc
1214 1721 1241 1743 et
1270 1717 1296 1743 in
1318 1723 1400 1743 carne
1414 1723 1460 1742 sua
1479 1715 1559 1750 108
1576 1715 1652 1749 plano
1666 1715 1776 1741 divinis-

990 1762 1085 1788 sintatn
1112 1762 1240 1795 operandi
1275 1762 1400 1789 virtutem
1424 1762 1524 1788 habere
1539 1762 1672 1787 cernitur.
1693 1761 1776 1787 Tacto

990 1808 1120 1842 siquidem
1138 1809 1236 1841 loculo,
1259 1813 1393 1835 mortuunt
1413 1808 1499 1835 vidua:
1516 1807 1599 1833 tilium
1615 1807 1773 1836 suscitavit;

989 1858 1087 1880 etcum
1112 1854 1266 1887 inspuisset,
1281 1853 1337 1880 luto
1351 1853 1469 1879 inunctis
1484 1852 1579 1882 oculis,
1593 1851 1671 1878 siccis
1687 1851 1774 1877 visunt

991 1899 1120 1926 restituit.
1145 1898 1307 1925 Rectissime
1325 1905 1389 1931 ergo
1416 1898 1458 1924 hic
1480 1897 1638 1923 Emmanuel
1664 1897 1775 1924 carboni

990 1945 1188 1979 comparandus
1200 1948 1252 1974 est,
1282 1944 1326 1978 qui
1348 1943 1371 1970 si
1397 1944 1422 1970 itt
1446 1944 1546 1970 nostris
1567 1943 1766 1977 quodaminodo

989 1992 1066 2019 labiis
1078 1991 1168 2019 fuerit.
1189 1990 1298 2018 omnino
1314 1995 1422 2024 peccata
1436 1989 1550 2021 auferet,
1566 1994 1592 2017 et
1609 1989 1768 2024 iniquitates

989 2037 1161 2072 expurgahit.
1176 2035 1317 2069 Quomodo
1333 2040 1422 2061 autetn
1447 2036 1472 2061 in
1499 2035 1576 2062 labiis
1590 2036 1687 2062 nostris
1704 2034 1776 2061 erit?

989 2084 1094 2118 quando
1110 2083 1198 2114 tidem,
1211 2089 1270 2116 qua:
1281 2082 1306 2108 itt
1322 2081 1407 2115 ipsunt
1423 2087 1473 2112 est,
1494 2080 1610 2107 confessi
1627 2080 1771 2106 fuerimus.

990 2130 1026 2157 Ita
1038 2135 1066 2156 et
1081 2129 1188 2156 divinus
1212 2128 1309 2155 Paulus
1336 2136 1342 2153 :
1361 2137 1370 2152 ι
1393 2128 1478 2162 Prope
1512 2133 1537 2154 te
1554 2127 1678 2153 -verbum
1707 2132 1766 2158 est,

990 2177 1078 2203 inore
1106 2180 1162 2207 tuo,
1181 2180 1206 2202 et
1226 2175 1251 2201 in
1279 2174 1359 2201 corde
1392 2179 1447 2205 tuo;
1482 2174 1538 2200 haec
1563 2178 1604 2199 est
1620 2171 1774 2206 praedicatio

990 2222 1049 2248 fidei
1074 2229 1154 2256 quant
1179 2221 1366 2255 praedicamus.
1394 2220 1461 2253 Quia
1489 2220 1510 2246 si
1533 2218 1671 2246 confessus
1691 2217 1773 2245 fueris

988 2275 1034 2294 ore
1054 2272 1099 2294 tuo
1119 2266 1260 2294 Dominum
1279 2265 1382 2298 Iesum,
1409 2271 1436 2292 et
1459 2265 1605 2292 credideris
1622 2264 1703 2291 corde
1729 2269 1774 2291 tuo

990 2314 1307 2347 Denmcxcitasseipsum
1320 2321 1334 2340 e
1359 2312 1481 2343 mortuis,
1496 2310 1647 2338 servaberis
1668 2319 1675 2337 :
1694 2310 1774 2337 corde

989 2360 1060 2387 cnittt
1078 2360 1196 2387 creditur
1220 2360 1252 2386 ad
1276 2359 1509 2394 jttstilicationetn,
1536 2366 1584 2385 ore
1602 2362 1690 2384 autem
1707 2364 1772 2384 con-

992 2407 1072 2434 fessio
1092 2406 1120 2432 ﬁt
1132 2407 1164 2433 ad
1182 2405 1295 2432 salutem
1311 2405 1333 2420 “
1347 2405 1379 2431 ⁸⁷.
1395 2415 1404 2430 ι
1423 2404 1463 2431 Sit
1477 2405 1566 2438 itaque
1581 2404 1606 2430 iit
1635 2403 1711 2430 labiis
1728 2411 1777 2430 no—

991 2452 1055 2479 stris
1071 2451 1178 2478 divinus
1194 2451 1286 2481 carbo.
1313 2451 1358 2485 qui
1372 2450 1474 2484 peccati
1496 2449 1654 2484 quisquilias
1676 2449 1774 2478 exurit,

991 2504 1017 2525 ct
1031 2498 1180 2533 iniquitatis
1203 2498 1297 2524 sordes
1310 2497 1405 2530 liquat.
1420 2501 1446 2522 et
1459 2504 1508 2522 nos
1525 2496 1621 2531 spiritu
1638 2494 1775 2521 ferventes

992 2544 1087 2571 reddit.
1100 2544 1175 2576 Quod
1189 2548 1277 2570 autem
1293 2543 1392 2570 dicitur
1410 2541 1512 2575 forcipe
1542 2541 1635 2575 accipi,
1664 2539 1773 2572 elcgan-
1789 2573 1791 2575 ι

991 2589 1193 2624 tcriutelliges‘;
1219 2589 1288 2623 quod
1315 2589 1392 2615 tidettt
1422 2588 1446 2613 in
1464 2588 1520 2620 ipso
1538 2593 1568 2612 ac
1592 2585 1773 2619 cognitionem

991 2636 1120 2670 legalibus
1148 2641 1175 2662 et
1199 2635 1362 2669 propheticis
1390 2633 1602 2661 institutionibus
1621 2632 1678 2658 sive
1702 2638 1773 2664 prat-

991 2681 1170 2711 dictionihns,
1205 2686 1330 2714 tanquam
1364 2680 1490 2714 quapiam
1515 2677 1617 2712 forcipe
1641 2677 1773 2711 capimus.

992 2726 1066 2753 Unde
1087 2726 1185 2761 passim
1201 2726 1232 2752 ad
1253 2725 1392 2752 veritatem
1410 2724 1574 2759 probandam
1590 2744 1596 2756 ,
1620 2727 1783 2750 sanctorum-

945 2807 966 2824 ³⁷
977 2806 1043 2834 ibid.
1060 2806 1102 2832 10.
