4002 6212
520 225 625 286 183

1507 213 1578 298 εἴ
1605 240 1878 298 CYRILILI
1915 239 2388 296 ALEXANDRINI
2423 241 2737 300 ARCHIEP.

3665 242 3775 300 I86

525 349 884 412 apostolorum
927 347 1242 420 obsignatur
1275 370 1337 408 ac
1380 355 1730 410 conﬁrmatur
1758 357 1951 410 oratio.
2011 356 2093 410 Ci-

2202 361 2454 428 συνήσεις
2479 359 2710 419 ἀστείως
2739 361 2823 412 ὅτι
2854 357 3035 410 πίστιν
3056 356 3155 427 τὴν
3177 355 3270 408 ὲπ⁹
3286 355 3455 426 αὐτῷ,
3471 355 3568 409 καὶ
3590 355 3775 426 μέντοι

527 435 650 487 tatis
677 437 818 491 enim
844 453 907 494 ex
940 439 1054 511 lege
1097 453 1152 497 et
1199 446 1474 514 prophetis
1505 446 1846 513 testimoniis,
1878 448 2080 500 audito-

527 523 674 580 ribus
701 528 860 583 Ildem
895 529 1098 585 faciunt
1127 551 1139 585 :
1176 535 1346 605 etipsi
1378 551 1594 607 quoque
1637 538 1924 592 carbonem
1965 551 2091 606 quo-

524 614 818 673 dammodo
854 633 1038 674 eorum
1087 622 1250 679 labris
1299 628 1608 693 admovent,
1653 643 1774 681 eum
1837 627 1994 683 fidem
2039 631 2090 682 in

522 700 793 759 Christum
827 707 987 774 plane
1018 712 1443 784 simpliciterque
1468 727 1764 787 exponunt.

2185 449 2284 519 τὴν
2311 449 2533 518 γνῶσιν,
2567 449 2816 520 καθάπερ
2845 450 2954 501 τινὶ
2984 446 3162 501 λα6ίδι
3192 445 3475 518 δεχώμεθα
3507 446 3596 500 διά
3619 463 3777 516 νομιο

2198 539 2310 592 κῶν
2358 558 2416 593 τε
2464 541 2582 609 ἅμα
2638 540 2732 594 καὶ⁵
2789 538 3145 612 προφητικῶν
3181 536 3596 606 παιδευμάτων,
3647 537 3772 606 ἢτοι

2199 632 2668 701 προαγορεύσεων.
2708 629 2870 684 Ὅθεν
2902 631 2996 683 καὶ
3035 629 3064 680 6
3096 627 3204 680 τῶν
3233 627 3406 694 ἀγίων
3451 625 3776 679 ἀποστόλων

2199 723 2278 784 εἰς
2314 720 2568 791 ἀλήθειαν
2611 723 2856 790 πανταχῆ
2893 717 3402 790 κατασφραγίζεται
3442 716 3616 783 λόγος.
3664 715 3775 767 Κε-

521 796 784 886 Χρημένοι
811 799 918 871 γὰρ
951 805 1070 867 ταῖς
1105 807 1167 858 ἐκ
1223 808 1386 877 νόμου
1433 812 1525 862 καὶ
1561 813 1852 882 προφητῶν
1894 815 2242 884 μαρτυρίαις,
2305 815 2654 868 ἀναπείθουσι
2693 816 2819 877 τοὺς
2887 813 3298 886 ἀκροωμένους,
3333 813 3424 865 καὶ
3493 807 3782 880 μονονουχὶ

521 885 610 937 τὸν
641 887 886 980 ἄνθρακα
923 900 1256 966 προσάγουσι
1287 903 1380 955 καὶ
1434 906 1585 957 αὐτοὶ
1643 910 1754 968 τοῖς
1805 908 2036 977 χείλεσιν
2099 910 2300 971 αὐτῶν,
2347 911 2628 980 ὁμολογεῖν
2673 911 2771 980 τὴν
2809 911 2988 962 πίστιν
3054 909 3152 978 τὴν
3197 911 3276 970 εἰς
3319 906 3551 979 Χριστὸν
3597 921 3783 972 παρα-

523 978 893 1045 σκευάζοντες.

598 1065 754 1125 Vstts.
785 1073 837 1128 8.
873 1076 941 1129 Et
985 1083 1159 1136 audivi
1185 1101 1355 1140 vocem
1383 1087 1592 1143 Domini
1616 1091 1833 1144 dicentis
1860 1109 1876 1145 :
1925 1092 2090 1156 Quem

521 1162 762 1218 mittam?
785 1177 834 1219 et
868 1171 984 1238 quis
1020 1175 1382 1242 proﬁciscetur
1413 1181 1482 1234 ad
1512 1184 1757 1250 populum
1783 1185 1988 1237 istum?
2025 1185 2090 1237 Et

521 1252 671 1307 dixi:
711 1255 846 1312 Ecce
869 1276 960 1329 ego
1001 1280 1139 1330 sum,
1175 1269 1320 1323 mitte
1345 1288 1445 1326 me.

591 1437 880 1528 Postquam
920 1444 1214 1529 propheta:
1248 1449 1387 1504 labia
1426 1455 1590 1508 carbo
1631 1455 1825 1524 tetigit,
1863 1455 2088 1523 ejusque
2159 1525 2162 1528 γ

523 1524 1080 1604 ατησνίίίηῑᾳυίὶαιθε,
1137 1549 1263 1594 tunc
1295 1556 1480 1597 vocem
1536 1543 1747 1599 Domini
1790 1547 1958 1609 audit,
1995 1562 2092 1602 nec

522 1619 830 1676 extimescit
881 1625 1131 1696 amplius,
1187 1640 1242 1684 et
1296 1642 1433 1686 tacet
1489 1633 1619 1688 illud
1667 1653 1728 1690 ει
1763 1634 2089 1694 Omiserum

2275 1087 2379 1139 Καὶ
2434 1085 2672 1153 ἥκουσα
2733 1084 2838 1148 τῆς
2899 1081 3104 1150 φωνῆς
3164 1082 3386 1148 Κυρίου
3455 1082 3784 1151 λέγοντοςο

2206 1182 2344 1231 Τίνα
2385 1178 2757 1239 (incursum;
2811 1175 2909 1228 καί
2949 1175 3038 1239 τίς
3076 1174 3436 1241 πορεύσεται
3482 1175 3632 1244 πρὸς
3669 1177 3786 1230 τὸν

2196 1269 2349 1322 λαὸν
2391 1268 2644 1327 τοῦτον;
2690 1265 2798 1317 Καὶ
2849 1260 3020 1317 εἶπα·
3066 1262 3211 1316 Ἰδοὺ
3253 1262 3370 1332 ἐγώ
3411 1265 3528 1332 είμι
3556 1280 3567 1292 ·
3622 1266 3782 1320 ἀπό-

2197 1360 2441 1412 στειλόν
2466 1375 2561 1426 με.

2273 1452 2398 1503 Ὅτε
2429 1449 2538 1501 τῶν
2579 1448 2674 1500 τοῦ
2702 1450 2980 1518 προφήτου
3012 1444 3238 1516 χειλέων
3273 1448 3302 1498 ὁ
3339 1444 3545 1515 ἄνθραξ
3574 1446 3782 1515 ἥψατο,

2201 1543 2294 1595 καὶ
2323 1541 2608 1612 ἀφῄρηκεν
2647 1538 2812 1592 αὐτοῦ
2845 1539 2945 1601 τὰς
2987 1537 3239 1603 ἀνομίας,
3283 1535 3405 1589 τότε
3446 1537 3540 1589 καὶ
3586 1535 3784 1590 ἀκούει

2199 1635 2295 1704 τῆς
2333 1633 2515 1704 φωνῆς
2553 1631 2782 1702 Κυρίου,
2813 1631 2907 1683 καὶ
2933 1628 3071 1682 δέδιε
3099 1629 3197 1700 μὲν
3223 1627 3430 1688 οὐκέτι.
3456 1624 3558 1680 ’καὶ
3593 1630 3787 1698 σιωπᾷ

524 1721 608 1761 me
631 1710 696 1760 1³»
740 1724 804 1765 ac
829 1727 887 1767 se
913 1711 1128 1771 fortiter
1153 1719 1219 1774 ad
1252 1721 1566 1790 legationem
1594 1725 1894 1801 obeundam
1924 1727 2088 1790 sistit,

2201 1727 2269 1792 τὸ,
2297 1746 2314 1777 ι
2345 1725 2526 1788 Τάλας
2550 1724 2712 1794 ὲγὼ,ι
2752 1723 3107 1794 παρειστήκει
3131 1721 3188 1774 δὲ
3227 1721 3320 1773 καὶ
3369 1718 3512 1790 μάλα
3559 1722 3785 1791 γοργῶς

523 1812 698 1868 eoque
736 1803 898 1858 veluti
958 1822 1061 1862 non
1092 1821 1332 1876 vocatus,
1367 1813 1512 1868 ultro
1535 1831 1595 1872 se
1625 1815 1817 1884 ingerit
1846 1833 1858 1870 :
1899 1835 1918 1868 ι
1952 1817 2089 1872 Ecce

521 1903 641 1958 ego,
677 1892 829 1947 mitte
851 1911 957 1952 me.
985 1917 1005 1950 ι
1037 1897 1186 1966 Quod
1201 1899 1589 1962 sidicatDeus:
1615 1905 1822 1972 «Quem
1855 1907 2084 1969 mittam.

518 1988 574 2032 et
629 1983 752 2050 quis
811 1987 1186 2052 proficiscetur
1237 1991 1304 2046 ad
1355 1995 1606 2063 populqu
1675 1995 1919 2050 istum?)
1983 2011 2089 2052 non

519 2070 748 2128 dicimus
775 2089 960 2131 vocem
1006 2092 1126 2135 esse
1173 2082 1491 2149 dubitantis,
1539 2095 1632 2140 aut
1671 2088 1822 2154 quasi
1881 2088 2092 2155 egentis

518 2158 698 2234 aliquo
769 2169 861 2237 qui
921 2172 1190 2237 mittatur,
1271 2177 1363 2230 sed
1443 2179 1859 2248 perstringentis
1912 2179 2090 2248 potius

517 2251 767 2309 lsraelem
796 2267 1046 2330 tanquam
1071 2264 1226 2319 valde
1259 2265 1675 2332 inobedientem,
1704 2279 1756 2322 et
1778 2270 1868 2339 qui
1901 2283 2087 2324 eorum

517 2345 607 2410 qui
667 2349 814 2401 missi
867 2359 993 2404 sunt
1061 2355 1263 2408 nemini
1309 2355 1778 2425 obsecundaverit,
1829 2361 1936 2414 imo
1997 2376 2091 2416 eos

519 2441 873 2498 interemerit.
927 2444 1059 2500 Nam
1113 2450 1252 2504 alios
1300 2454 1688 2508 contumeliose
1767 2464 2089 2523 tractarunt,

517 2533 823 2602 lapidaruut
861 2536 1015 2606 alios,
1073 2541 1234 2612 109
1285 2543 1421 2600 alios
1477 2547 1637 2599 etiam
1671 2546 2086 2606 interfecerunt:

518 2629 976 2695 quemadmodum
1029 2643 1084 2687 et
1146 2634 1397 2690 Christus
1427 2635 1565 2690 dixit
1594 2677 1609 2702 .
1652 2649 1904 2694 contexta
1937 2643 2092 2698 nobis

520 2716 571 2768 in
599 2716 901 2788 Evangeliis
928 2723 1199 2791 parabola.
1241 2723 1414 2792 Quem
1458 2741 1589 2798 ergo
1615 2729 1868 2784 mittam?
1893 2729 2092 2802 Ecquis

518 2808 893 2875 proﬁciscetur
943 2813 1010 2867 ad
1066 2815 1317 2884 populum
1356 2817 1550 2884 istum,
1594 2821 1684 2887 qui
1757 2831 1882 2874 ante
1915 2823 2094 2877 missis

518 2915 623 2954 non
679 2903 928 2971 credidit,
973 2905 1062 2974 qui
1104 2907 1290 2972 durus,
1325 2909 1415 2977 qui
1467 2910 1700 2965 crudelis
1747 2911 1977 2966 fuit?Et
2004 2928 2092 2968 re-

518 2990 631 3062 ipsa
695 2997 1116 3066 comprobarunt
1201 3015 1306 3056 non
1376 3018 1498 3058 esse
1563 3002 1796 3058 hominis
1858 3004 2094 3072 cujusvis

445 3079 468 3097 ⁸
517 3101 640 3139 cum
669 3086 775 3142 illis
798 3105 910 3144 rem
941 3090 1164 3156 habere,
1216 3095 1310 3148 sed
1341 3097 1642 3149 constantis
1669 3097 1865 3158 solum,
1895 3108 1948 3151 et
1971 3113 2094 3166 pro-

521 3178 688 3241 priam
738 3180 905 3247 ipsam
937 3181 1100 3235 vitam
1148 3185 1451 3240 abnuentis.
1502 3187 1654 3251 Quod
1691 3203 1816 3241 vero
1859 3187 1999 3243 ﬂecti
2034 3205 2095 3244 ac

522 3271 722 3323 moveri
744 3260 962 3327 omnino
991 3276 1226 3329 noluerit
1266 3275 1447 3340 Israel,
1478 3278 1602 3334 licet
1635 3295 1700 3334 ex
1739 3281 1821 3334 his
1853 3282 2091 3346 discere,

519 3376 639 3429 qua!
701 3362 839 3418 Deus
895 3368 960 3418 ad
1015 3369 1224 3421 beatum
1283 3371 1600 3439 prophetam
1651 3370 1988 3428 Ezechielem
2021 3373 2095 3428 lo-

519 3464 675 3506 cutus
703 3464 804 3519 est,
833 3471 951 3524 quze
989 3457 1058 3510 ita
1091 3475 1148 3512 se
1179 3461 1376 3514 habent
1404 3478 1415 3513 :
1448 3479 1465 3511 ι
1504 3461 1600 3517 Fili
1654 3463 2091 3530 hominisvvade,

522 3545 803 3616 ingredere
851 3550 917 3602 ad
964 3554 1178 3605 domum
1232 3551 1416 3618 Israel,
1451 3570 1502 3610 et
1551 3556 1772 3625 loquere
1819 3571 2097 3613 sermones

521 3652 670 3692 meos
695 3639 760 3692 ad
807 3656 968 3695 eum:
998 3645 1252 3713 quoniam
1318 3665 1420 3701 non
1468 3650 1531 3700 ad
1563 3649 1814 3718 populum
1844 3649 2094 3718 profundi

523 3729 645 3783 [abii
676 3738 731 3783 et
768 3733 948 3800 gravis
1007 3735 1198 3804 lingua:
1228 3739 1518 3799 emitteris,
1557 3741 1622 3793 ad
1663 3741 1878 3796 domum
1909 3742 2093 3806 Israel,

522 3836 696 3889 neque
739 3823 804 3877 ad
863 3825 1086 3895 p0pulos
1116 3828 1313 3884 multos
1340 3828 1566 3885 alterius
1598 3831 1766 3897 vocis,
1795 3831 1876 3885 vel
1903 3833 2097 3886 aliena:

520 3911 754 3982 lingua;
791 3930 962 3985 neque
985 3917 1050 3970 ad
1093 3933 1206 3984 eos,
1241 3921 1330 3987 qui
1357 3937 1548 3992 graves
1579 3922 1754 3992 lingua
1787 3933 1934 3987 sunt,
1963 3939 2097 3992 quo-

519 4019 640 4057 rum
691 4020 968 4064 sermones
1020 4025 1124 4065 non
1179 4015 1384 4068 audies.
1443 4015 1505 4067 Et
1543 4015 1585 4068 si
1629 4017 1694 4067 ad
1741 4017 1874 4070 tales
1919 4017 2096 4071 misis-

519 4113 634 4152 sem
674 4109 758 4169 te,
805 4103 1078 4158 audissent
1125 4113 1176 4158 te
1219 4123 1233 4158 :
1280 4115 1336 4159 at
1391 4106 1582 4162 domus
1637 4108 1806 4163 Israel
1839 4126 1942 4163 nou
1984 4110 2097 4163 vult

523 4191 714 4247 audire
743 4201 818 4259 te,
864 4196 988 4262 quia
1032 4194 1223 4249 nolunt
1284 4196 1474 4251 audire
1517 4210 1602 4250 me
1638 4215 1651 4250 :
1692 4200 1948 4268 quoniam
1986 4208 2095 4253 tota

523 4287 713 4340 domus
741 4285 903 4340 Israel
946 4287 1277 4343 contentiosa
1341 4299 1445 4354 est,
1515 4299 1569 4344 et
1601 4291 1739 4344 dum
1795 4291 2043 4347 corde".
2073 4311 2090 4342 ι

2193 1817 2386 1871 ἑαυτὸν
2419 1819 2500 1880 εἰς
2544 1814 2868 1886 ἀποστολὴν,
2905 1815 3000 1867 καὶ
3027 1807 3136 1866 οἷον
3171 1811 3472 1880 αὐτόμολος
3509 1814 3589 1874 είς
3617 1812 3785 1865 τοῦτὸ

2191 1929 2272 1964 τοι
2315 1909 2439 1974 ἰὼν,
2478 1908 2557 1972 τὸ,
2597 1930 2612 1959 ι
2648 1907 2779 1960 Ἰδοὺ
2813 1905 2946 1973 ἐγὼ,
2983 1903 3300 1958 ἀπόστειλον
3349 1919 3434 1973 με.
3464 1921 3481 1953 ι
3515 1904 3578 1954 Εἰ
3611 1902 3666 1954 δὲ
3705 1903 3780 1972 δὴ

2192 2002 2341 2068 λέγοι
2387 2000 2548 2062 Θεός⁸
2585 2017 2602 2050 ι
2629 1999 2763 2050 Τίνα
2797 1995 3135 2060 ἀποστείλω;
3185 1995 3280 2048 καὶ
3318 1994 3402 2057 τίς
3445 1994 3782 2064 πορεύσεται

2194 2095 2329 2165 πρὸς
2365 2093 2456 2144 τὸν
2485 2091 2614 2144 λαὸν
2643 2089 2858 2153 τούτον;
2886 2088 3022 2141 »οὐκ
3049 2086 3389 2158 ἡπορηκότος
3421 2082 3559 2138 εἷναί
3590 2102 3783 2156 φαμεν

2193 2187 2290 2257 τὴν
2341 2185 2558 2255 φωνὴν,
2617 2183 2740 2237 οὐδὲ
2795 2178 2906 2235 οἷον
2963 2181 3020 2232 ὲν
3087 2179 3280 2233 σπάνει
3345 2177 3627 2246 γεγονότος
3674 2176 3784 2231 τοῦ

2195 2293 2262 2329 πε
2270 2275 2486 2347 μφθησο
2493 2273 2675 2345 μένου,
2694 2268 3127 2340 καταιτιωμένου
3153 2270 3210 2322 δὲ
3229 2268 3430 2340 μᾶλλον
3449 2269 3540 2321 τὸν
3555 2267 3785 2340 Ἰσραὴλ

2193 2368 2269 2430 ώς
2305 2366 2506 2435 ἀπειθῆ
2552 2364 2704 2428 λίαν,
2749 2363 2844 2416 καὶ
2889 2359 3110 2426 εἴξαντα
3151 2359 3248 2430 μὲν
3284 2360 3460 2412 οὐδενὶ
3491 2358 3600 2411 τῶν
3634 2375 3778 2428 προ-

2196 2457 2643 2527 απεσταλμένων,
2682 2454 3020 2510 ἀπεκτονότα
3045 2453 3103 2506 δὲ
3140 2452 3342 2521 μᾶλλον
3370 2450 3586 2514 αὐτούς.
3631 2451 3782 2514 Τοὺς

2197 2550 2299 2620 μὲν
2351 2547 2461 2620 γὰρ
2510 2547 2762 2618 ὕϐρισαν,
2815 2547 2942 2607 τοὺς
2989 2543 3046 2597 δὲ
3093 2542 3496 2612 ἐλιθοϐόλησαν,
3551 2542 3678 2604 τοὺς
3715 2540 3783 2592 δὲ

2193 2639 2542 2702 ἀπέκτειναν,
2568 2635 2711 2690 καθά
2740 2651 2906 2706 φησιν
2936 2637 2965 2688 6
2993 2633 3252 2704 Χριστὸς,
3287 2632 3384 2703 τὴν
3412 2633 3470 2683 ὲν
3523 2633 3634 2694 τοῖς
3672 2631 3775 2683 E6-

2195 2729 2470 2801 αγγελίοις
2518 2731 2662 2801 ἡμῖν
2698 2728 2966 2791 συντιθεὶς
3013 2725 3349 2798 παραϐολήν.
3393 2725 3528 2777 Τίνα
3570 2724 3634 2794 δὴ
3679 2720 3784 2779 οὖν

2195 2800 2321 2894 ἄρα,
2353 2800 2536 2892 φησιν,
2591 2819 2925 2885 ἀποστείλω;
2967 2819 3078 2872 Καὶ
3121 2819 3202 2881 τίς
3249 2816 3577 2887 πορεύσεται
3633 2817 3780 2887 πρὸς

2195 2915 2284 2967 τὸν
2332 2913 2459 2967 λαὸν
2519 2912 2736 2978 “co-310v;
2803 2912 2853 2964 οἳ
2905 2915 3017 2972 τοῖς
3072 2910 3173 2980 ἤδη
3229 2909 3778 2980 προαπεσταλμένος

2195 3004 2581 3076 ὴπειθηκότες,
2629 3003 2853 3075 σκληροί
2881 3002 2940 3055 τέ
2983 3003 3088 3054 είσι
3111 3042 3123 3060 ,
3159 3002 3252 3054 καὶ
3286 3001 3607 3070 δυσάντητοι
3636 3045 3648 3066 ,
3682 3001 3778 3053 καὶ

2195 3097 2261 3148 δι’
2291 3095 2471 3148 αὐτῶν
2512 3091 2720 3158 ἔδειξαν
2762 3093 2870 3146 τῶν
2911 3093 3272 3163 πραγμάτων,
3323 3091 3400 3154 ὡς
3436 3092 3536 3144 οὐκ
3585 3091 3652 3144 ἂν
3685 3091 3776 3162 εἴη

2195 3188 2288 3242 τοῦ
2313 3189 2564 3257 τυχόντος
2598 3185 2924 3256 προσϐαλεῖν
2964 3185 3167 3248 αὐτοῖς,
3212 3184 3373 3255 μόνου
3411 3183 3467 3236 δὲ
3507 3182 3650 3252 τάχα
3681 3181 3777 3236 τοό

2197 3279 2291 3332 καὶ
2342 3278 2512 3348 αὐτῆς
2556 3276 2935 3344 ἀπεγνωκότος
2981 3276 3080 3344 τῆς
3139 3276 3272 3339 ἰδίας
3323 3275 3487 3344 ζωῆς.
3536 3275 3658 3328 ’Ότι
3715 3274 3778 3326 δὲ

2196 3370 2419 3436 γέγονεν
2457 3367 2742 3438 ἀκαμπὴς.
2776 3366 2871 3419 καὶ
2904 3366 3262 3436 ἀνουθέτητος
3293 3366 3434 3433 ἄσγαν
3458 3368 3486 3419 6
3531 3364 3773 3435 Ἰσραὴλ,

2198 3461 2464 3531 ἀναμάθοι
2504 3477 2586 3522 τις
2623 3461 2688 3512 ἂν
2727 3459 2820 3512 καὶ
2860 3459 2925 3512 δι’
2953 3452 3027 3512 ὧν
3056 3458 3157 3528 ἔφη
3197 3458 3329 3520 Θεὸς
3369 3457 3505 3529 πρὸς
3550 3457 3640 3509 τὸν
3679 3474 3780 3526 μα-

2199 3555 2391 3624 κάριον
2427 3551 2692 3622 Ἐζεχιήλ.
2729 3552 2883 3621 Ἔχει
2928 3550 2982 3602 δὲ
3029 3551 3233 3613 οὕτως’
3267 3569 3286 3601 ι
3320 3551 3416 3603 Υἱὲ
3460 3549 3776 3618 ἀνθρώπου,

2201 3645 2402 3716 βάδιζε,
2432 3644 2640 3698 εἴσελθε
2661 3646 2740 3707 είς
2765 3643 2857 3696 τὸν
2885 3639 3034 3696 οἷκον
3053 3642 3145 3696 τοῦ
3163 3642 3399 3714 Ἰσραὴλ,
3429 3643 3520 3696 καὶ
3540 3642 3774 3710 λάλησον

2198 3739 2322 3800 τοὺς
2349 3735 2538 3805 λόγους
2572 3753 2672 3806 μου
2708 3735 2840 3806 πρὸς
2867 3735 3049 3799 αὑτὸν,
3081 3735 3216 3788 διότι
3246 3737 3306 3788 ού
3338 3736 3475 3805 πρὸς
3519 3735 3645 3788 λαὸν
3677 3735 3774 3804 βα-

2201 3826 2448 3897 θύχειλον
2477 3827 2570 3878 καὶ
2602 3826 3018 3896 βραδύγλωσσον
3052 3827 3442 3900 ὲξαποστέλλῃ,
3465 3828 3603 3899 πρὸς
3625 3823 3772 3880 οἷκον

2198 3919 2293 3972 τώ
2327 3918 2560 3988 Ἰσραὴλ,
2592 3917 2713 3970 ούδὲ
2751 3917 2882 3987 πρὸς
2927 3917 3088 3980 λαοὺς
3131 3917 3360 3981 πολλοὺς
3408 3917 3772 3988 ἀλλοφὼνους,

2204 4011 2233 4080 ἢ
2287 4009 2714 4079 ἀλλογλώσσους,
2749 4010 2870 4062 οὐδὲ
2905 4009 3198 4080 στιϐαροὺς
3230 4012 3296 4080 τῇ
3329 4009 3548 4082 γλώσσῃ
3587 4010 3772 4073 ὄντας,

2199 4097 2273 4154 ὧν
2322 4102 2422 4154 οὐκ
2468 4101 2677 4172 ἀκούσῃ
2719 4102 2846 4165 τοὺς
2898 4101 3091 4170 λόγους
3131 4102 3330 4155 αὐτῶν.
3378 4101 3486 4155 Καὶ
3534 4103 3581 4153 εἰ
3636 4102 3774 4172 πρὸς

2201 4194 2477 4258 τοιούτους
2503 4193 2860 4260 ἐξαπέστειλά
2892 4210 2972 4257 σε,
2997 4193 3151 4246 αὐτοὶ
3175 4193 3241 4246 ἂν
3278 4195 3601 4263 εἰσήκουσά-ι
3633 4210 3727 4245 σου
3757 4212 3771 4224 ο

2200 4289 2229 4340 6
2269 4287 2327 4340 δὲ
2375 4281 2520 4350 οἶκος
2566 4283 2660 4338 τοῦ
2704 4285 2922 4354 Ἰσραὴλ
2959 4287 3018 4337 οὐ
3059 4284 3134 4355 μὴ
3184 4283 3503 4355 θελήσουσιν
3540 4283 3776 4337 ἀκοῦσαί

523 4375 752 4432 Tantum
795 4393 899 4433 non
958 4379 1205 4435 videlicet
1244 4379 1520 4442 dubitans,
1553 4389 1626 4446 et,
1673 4393 1732 4436 ut
1764 4387 1922 4439 modo
1960 4387 2090 4450 dixi,

2203 4397 2317 4441 σου,
2365 4379 2499 4432 διότι
2539 4379 2599 4431 ού
2647 4377 2923 4448 βούλονται
2964 4375 3283 4430 εἰσακοῦσαι
3326 4394 3458 4446 μου,
3491 4377 3574 4429 ὅτι
3611 4378 3721 4440 πᾶς
3749 4379 3778 4430 6

520 4468 590 4522 ob
657 4468 876 4524 multam
955 4472 1323 4528 crudelitatem
1403 4471 1677 4529 Israelitas
1755 4475 2092 4530 insimulans.

518 4557 691 4624 Quem
732 4560 894 4628 igitur
933 4563 1133 4618 mitto?
1175 4564 1439 4635 Propheta
1499 4566 1661 4636 igitur
1684 4567 1828 4620 omni
1871 4577 2095 4621 cuncta-

519 4647 669 4701 tione
704 4649 954 4716 abjecta:
1006 4669 1026 4703 ι
1065 4651 1224 4718 Ecce,
1294 4654 1490 4725 inquit,
1550 4670 1670 4724 ego,
1731 4657 1885 4711 mitte
1928 4672 2032 4712 me.
2073 4677 2089 4708 ι

521 4739 751 4806 Quando
777 4755 906 4812 ergo
927 4751 981 4796 et
1012 4759 1110 4800 nos
1131 4745 1344 4800 divinus
1388 4747 1553 4802 carbo
1572 4748 1880 4820 contigerit,
1913 4749 1980 4804 ab
2011 4749 2094 4804 of—

525 4829 691 4886 fensis
717 4832 835 4900 puri
856 4831 1083 4898 erimus,
1119 4842 1174 4889 et
1201 4837 1454 4906 prompti,
1496 4847 1659 4908 atque
1682 4838 1749 4893 ad
1803 4852 2088 4908 capessen-

525 4922 646 4977 dam
702 4921 1026 4994 legationem
1057 4924 1371 4994 juvenilitcr
1400 4928 1640 4984 alacres:
1691 4932 1834 4998 quod
1861 4941 1914 4984 et
1954 4928 2096 4984 fece-

523 5017 842 5073 runtdivini
873 5017 1144 5089 discipuli.
1195 5019 1452 5086 Quamvis
1478 5023 1621 5075 cutim
1675 5036 1738 5075 ex
1771 5019 1972 5077 Iudaeis
2009 5036 2099 5076 es-

521 5119 663 5176 sent,
691 5119 744 5164 et
767 5118 895 5164 aute
919 5111 1242 5164 charitatcm
1289 5112 1338 5164 in
1368 5113 1643 5166 Christum
1681 5115 1957 5179 donatam,
1997 5115 2097 5168 im-

525 5215 654 5265 pura
691 5210 745 5255 et
775 5202 876 5270 ipsi
913 5201 1049 5256 labia
1077 5202 1336 5256 haberent
1366 5217 1488 5255 cum
1523 5203 1734 5257 czeteris
1771 5219 1784 5257 :
1817 5213 2098 5271 postquam

529 5303 702 5345 tamen
759 5295 1304 5359 Iidemadmisisscnt,
1341 5295 1656 5363 prmclaram
1707 5295 2097 5349 confessionem

525 5378 829 5444 ediderunt,
865 5401 926 5438 ac
961 5385 1125 5441 carbo
1172 5401 1265 5439 eos
1317 5385 1507 5454 tetigit,
1537 5400 1598 5438 ac
1642 5394 1750 5438 tum
1791 5383 2004 5452 quidem
2032 5385 2096 5438 ad

525 5465 845 5536 legationem
874 5481 1045 5531 vocati
1075 5488 1219 5542 sunt,
1253 5487 1302 5530 ct
1368 5480 1481 5533 ~iue
1515 5493 1665 5533 mora
1695 5476 2098 5546 sequebantur:

598 5621 642 5653 ’⁸
673 5622 867 5678 Ezecli.
911 5643 993 5687 ιιι,
1033 5629 1057 5680 ι
1091 5632 1169 5679 ›7,

2200 4467 2348 4535 οἶκος
2363 4471 2455 4524 τοῦ
2473 4471 2688 4543 Ἰσραὴλ
2710 4469 3000 4540 φιλόνεικοι
3019 4471 3146 4533 εισι,
3175 4469 3270 4523 καί¹
3295 4468 3737 4539 σκληροκάρδιοι.
3753 4487 3770 4518 ι

2202 4563 2444 4626 Εἰκότως
2469 4561 2532 4633 δὴ
2556 4558 2648 4616 οὖν
2690 4562 2970 4632 μονονουχὶ
2997 4562 3303 4633 ἀπορήσας,
3356 4560 3554 4632 μᾶλλον
3577 4559 3657 4622 δὲ,
3701 4559 3781 4623 ὡς

2202 4655 2360 4724 ἔφην,
2388 4653 2588 4724 ἀρτίως
2619 4653 2711 4704 ἐπὶ
2737 4651 2905 4722 πολλῇ
2930 4651 3049 4704 λίαν
3075 4651 3318 4721 ὠμότητι
3343 4648 3778 4719 καταιτιώμενος

2203 4748 2328 4808 τοὺς
2360 4745 2419 4809 ἐξ
2455 4745 2690 4816 Ἰσραήλ.
2723 4743 2857 4797 Τίνα
2892 4743 2956 4814 δὴ
2991 4739 3084 4798 οὗν
3113 4743 3453 4808 ἀποστείλω;
3487 4741 3779 4811 Μελλήσας

2204 4840 2267 4911 δὴ
2294 4835 2386 4892 οὖν
2415 4841 2442 4890 ὁ
2471 4840 2756 4909 προφήτης
2775 4837 2896 4891 κατ’
2919 4836 3109 4890 ούδένα
3143 4836 3344 4904 τρόπον
3361 4849 3374 4862 ’
3401 4853 3418 4885 ι
3443 4833 3575 4886 Ἰδοὺ
3606 4832 3774 4898 ὲγὼ,ο

2207 4931 2394 5003 φησὶν,
2431 4947 2448 4980 t
2487 4928 2806 4982 ἀπόστειλόν
2844 4945 2932 4998 με.
2971 4947 2987 4978 ι
3013 4927 3183 4980 Ὅταν
3212 4926 3392 4979 τοίνυν
3423 4925 3518 4978 καὶ
3558 4922 3720 4993 ἡμῶν
3750 4923 3781 4974 6

2208 5021 2348 5083 θεῖος
2373 5020 2575 5090 ἄνθραξ
2611 5020 2961 5091 ἐπιθιγγάνῃ,
2995 5017 3224 5087 καθαροὶ
3266 5017 3365 5088 μὲν
3397 5013 3635 5086 ἐσόμεθα
3672 5015 3784 5066 τῶν

2206 5113 2654 5181 διεπταισμένων,
2686 5112 2953 5182 πρόθυμοι
2983 5111 3039 5163 δὲ
3084 5110 3176 5162 καὶ
3205 5108 3441 5161 νεανικοὶ
3475 5106 3614 5176 πρὸς
3645 5107 3784 5159 ἀπο-

2208 5205 2418 5276 στολὴν,
2447 5206 2474 5257 ὂ
2498 5206 2560 5275 δὴ
2604 5208 2696 5260 καί
2727 5206 3071 5276 πεπράκασιν
3102 5205 3148 5255 οἱ
3195 5201 3470 5255 θεσπέσιοι
3515 5197 3780 5269 μαθηταί.

2208 5295 2399 5348 Καίτοι
2448 5297 2554 5365 γὰρ
2598 5295 2748 5358 ὄντες
2796 5295 2854 5357 ἐξ
2908 5293 3208 5358 Ἰουδαίων,
3255 5292 3349 5344 καὶ
3396 5290 3500 5358 πρὸ
3542 5291 3641 5358 τῆς
3704 5291 3784 5351 εἰς

2206 5387 2438 5457 Χριστὸν
2468 5388 2706 5457 ἀγάπης,
2742 5385 3027 5455 ἀκάθαρτά
3061 5401 3162 5437 που
3197 5384 3287 5437 καὶ
3320 5381 3501 5434 αὐτῶν
3533 5379 3602 5433 τά
3631 5379 3782 5450 χείλη

2211 5479 2349 5550 μετά
2376 5479 2482 5532 τῶν
2515 5479 2686 5534 ἄλλων
2718 5479 2950 5549 ἔχοντες,
2997 5475 3189 5547 ἐπειδὴ
3220 5476 3276 5529 δὲ
3313 5476 3660 5546 προσήκαντο
3686 5473 3784 5543 τὴν
