2001 3106
175 67 231 96 185

766 69 801 98 ΙΝ
819 70 935 99 18ΑΙΑΜ
955 72 1021 102 LIB.
1043 74 1064 102 ι.
1083 74 1187 104 ORAT.
1206 75 1248 106 IV.

1767 85 1817 112 ηδ

179 129 286 161 πίστιν,
303 127 464 163 πεποίηνται
488 128 536 163 τὴν
556 127 642 162 καλήν
665 129 821 163 ὁμολογίαν,
837 129 927 165 ἥψατο
946 130 969 157 δὲ

1028 134 1135 162 tametsi
1153 134 1241 163 Moses
1257 136 1474 170 sapientissimus
1487 137 1556 165 dicat
1574 147 1581 165 :
1600 148 1608 164 ι
1625 139 1756 175 Obsecro,
1767 144 1820 171 Do-

177 175 227 202 καὶ
244 174 336 201 αὐτῶν
349 175 364 200 ό
377 172 497 209 ἄνθραξ,
515 174 575 200 τότε
592 174 638 200 καὶ
658 175 804 209 κέκληνται
821 176 889 210 πρὸς
903 177 972 203 ἀπο-

178 219 287 255 στολὴν,
311 219 358 245 καὶ
380 218 546 253 ἠκολούθουν
571 218 714 254 ἀμελλητὶ,
737 220 824 246 καίτοι
849 220 973 254 λέγοντος

177 266 227 292 τοῦ
245 265 386 300 πανσόφου
399 264 538 296 Μωσέως·
557 274 565 289 ‹
582 264 683 299 Δέομαι
694 285 701 296 ,
718 265 816 300 Κύριε,
834 266 973 302 προχειρι-

180 321 223 340 σαι
243 312 322 339 ἄλλον
345 311 505 346 δυνάμενον,
519 311 549 337 ὃν
562 311 737 344 ἀποστελεῖς]
759 322 767 337 ι
795 312 928 348 Ἰερεμίου
944 313 972 339 δὲ

179 356 258 385 πάλιν
271 366 279 374 ·
296 357 348 383 ιὈ
364 356 413 387 ὢν,
427 357 551 383 Δέσποτα
561 357 659 392 Κύριε,
683 357 737 383 ἰδοὺ
755 357 805 383 οὐκ
823 357 973 393 ἐπίσταμαι

178 404 278 436 λαλεῖν,
291 404 333 430 ὃτι
352 403 408 435 ἐγὼ
427 403 560 437 νεώτερός
574 403 640 437 είμι.
661 412 670 428 ι
693 402 860 438 Θερμότεροι
877 403 908 438 δὴ
925 401 972 431 οὖν

178 450 244 485 πρὸς
271 449 424 484 ἀποστολὴν
454 448 502 475 καὶ
534 448 671 474 διακονίαν
701 448 755 474 τῶν
784 449 971 484 ἀρχαιοτέρων

177 495 262 529 ἀγίων
289 496 314 521 οἱ
341 496 370 521 ὲν
395 495 515 530 Χριστῷ.
543 495 598 520 Kal.
622 494 708 528 σαφὴς
733 494 765 520 ἂν
788 494 892 527 γένοιτο
917 495 963 521 τοῦ

1028 180 1110 212 mlne,
1135 185 1231 215 coopta
1252 181 1332 208 alium
1348 186 1499 217 potentem,
1512 190 1592 217 quem
1608 185 1702 214 mittas
1710 187 1761 214 ¹⁹.›
1786 189 1818 216 Et

1026 222 1159 252 Jcremias
1183 225 1280 253 iterum
1300 237 1305 254 :
1329 236 1338 252 ι
1359 227 1398 253 'l‘n
1413 227 1460 262 qui
1487 235 1556 260 es,o
1583 229 1740 259 Dominator
1766 233 1818 260 Do-

1028 269 1111 301 mine,
1141 277 1205 298 ecce
1236 279 1288 299 non
1314 272 1372 299 scio
1398 272 1482 307 loqui,
1506 274 1633 308 quoniam
1658 284 1709 312 ego
1726 278 1819 311 junior

1028 322 1088 342 sum
1107 315 1141 342 “.
1164 326 1171 342 ι
1206 317 1394 345 Ferventiorcs
1412 318 1493 353 igitur
1524 320 1558 347 ad
1586 322 1764 355 apostolatum
1790 329 1818 351 et

1029 361 1209 389 ministerium
1226 362 1393 396 Christiani,
1411 372 1491 399 quam
1510 370 1616 394 veteres
1640 368 1736 395 sancti.
1755 368 1819 396 Illu-

1027 407 1094 433 slris
1110 413 1201 434 autem
1216 408 1296 443 hujus
1310 410 1349 437 rei
1369 415 1447 445 typus
1465 418 1526 439 esse
1537 413 1634 446 poterit
1647 413 1742 441 beatus
1752 422 1815 449 pro-

1026 451 1107 485 pheta
1131 451 1227 485 Isaias,
1247 459 1308 489 post
1333 456 1462 483 carbonis
1485 461 1627 490 attactum,
1639 465 1700 485 cum
1717 459 1817 486 clamat

1025 501 1053 523 et
1066 497 1131 525 dicit
1146 509 1153 526 :
1170 508 1180 524 ι
1195 499 1266 527 Ecce
1280 508 1340 536 ego,
1358 502 1434 529 mitte
1448 510 1501 529 me.
1515 511 1524 527 ι

177 543 340 578 πράγματος
365 542 448 573 τύπος
469 543 483 568 ὁ
509 542 641 576 μακάριος
666 542 808 575 προφήτης
836 541 966 573 Ἡσαΐας,
986 544 1055 578 μετὰ
1084 545 1133 581 τὴν
1146 546 1193 573 τοῦ
1221 547 1357 583 ἄνθρακος
1385 549 1494 585 ἐπαφὴν
1509 549 1706 586 ἀνακεκραγώς
1722 560 1751 577 τι
1768 552 1815 578 καὶ

175 589 323 623 λέγωντό·
347 598 354 613 ι
379 588 443 614 Ἰδοὺ
460 587 525 621 ἐγὼ,
542 587 699 613 ἀπόστειλον
722 596 765 622 με.
787 597 795 612 ι

210 637 266 664 Καὶ
274 635 372 663 εἶπεν
387 637 560 670 Πορεύθητι,
577 637 624 662 καὶ
639 634 726 662 εἷπον
740 636 779 668 τῷ
793 636 856 669 λ(ιῴ
866 637 968 669 τούτῳ

182 683 267 717 Ἀκοῇ
280 684 436 713 ἀκούσετε,
449 683 496 709 καὶ
508 683 591 717 οὺμὶι
603 683 726 716 συνῆτει
743 684 791 710 καὶ
800 684 971 715 ,ϐλέποντες

173 730 329 763 βλέψετε,
354 729 402 755 καὶ
428 729 463 755 οὺ
482 728 525 763 μὴ
554 728 649 762 ἴδητε.
672 729 839 762 Ἐπαχύνθη
865 728 919 763 γὰρ
946 729 965 762 ἡ
985 747 1006 774 Β

176 776 284 811 καρδία
303 775 355 802 τοῦ
376 775 453 802 λαοῦ
471 776 589 806 τούτου,
612 776 661 801 καὶ
687 775 748 807 τοῖς
775 775 849 801 ὠσὶν
871 774 970 801 αὐτῶν

173 822 291 856 ,ϐαρέως
322 822 479 855 ἤκουσαν,
504 821 553 847 καὶ
583 821 654 853 τοὺς
679 821 851 855 ὀφθαλμοὺς
871 820 970 848 αὐτῶν

176 869 367 903 ἐκάμμυσαν,
386 867 428 902 μή
450 875 522 893 ποτε
545 867 629 893 ἴδωσι
647 867 709 899 τοῖς
727 867 904 900 ὀφθαλμοῖς,
921 866 969 892 καὶ

175 915 239 948 τοῖς
253 914 331 940 ὠσὶν
345 914 511 944 ἀκούσωσι,
537 912 585 939 καὶ
601 912 637 947 τῇ
651 913 757 947 καρδίῃ
777 912 905 944 συνῶσι,
920 913 968 938 καὶ

174 959 392 993 ἑπιστρέψωσι,
409 958 458 985 καὶ
472 959 598 992 Ιάσωμιιι
612 959 732 991 αὐτούς.

214 1005 346 1039 Πώρωσιν
361 1005 409 1039 μὲν
427 1004 481 1030 ἀπὸ
498 1004 596 1039 μέρους
616 1004 779 1038 γεγενῆσθαι
791 1005 830 1039 τῷ
850 1006 967 1040 Ἰσραὴλ,

175 1053 190 1078 ὁ
205 1050 349 1082 θεσπέσιος
368 1051 469 1085 γράφει
486 1050 606 1081 Παῦλος·
627 1050 814 1085 διερμηνεύων
830 1051 857 1077 δὲ
874 1051 969 1087 ὥσπερ

174 1098 236 1124 τίνα
263 1097 364 1133 τρόπον
393 1097 485 1127 αὐτοῖς
516 1096 564 1131 τὴν
587 1096 716 1131 πώρωσιν
737 1097 837 1131 συνέϐη
862 1098 967 1124 παθεῖν.

182 1144 343 1180 ι’Δχριγὰρ
354 1144 485 1178 σήμερον,
500 1143 592 1177 φησὶν,
605 1143 686 1178 ἡνίκα
699 1143 732 1169 ἂν
748 1142 969 1178 ἀναγινώσκηται

176 1191 300 1223 Μωσῆς,
319 1189 452 1224 κάλυμμα
479 1189 524 1215 ἐπὶ
543 1189 591 1224 τὴν
610 1189 722 1223 καρδίαν
749 1189 836 1215 αὐτῶν
850 1191 965 1215 κεῖται.)

177 1236 234 1262 Καὶ
250 1236 305 1271 γὰρ
321 1233 356 1270 ἧν
376 1234 522 1262 ἀκόλουθον
540 1237 597 1265 τοῖς
618 1236 657 1266 εἰς
678 1234 757 1260 τοῦτο
772 1234 863 1261 λοιπὸν
876 1235 970 1270 ἀγριό-

177 1290 258 1317 τητος
279 1282 388 1316 τρόπων
405 1281 594 1315 ώλισθηκόσιν,
614 1281 651 1312 ὡς
672 1280 737 1306 πολὺ
766 1282 855 1306 νοσεῖν
875 1281 904 1306 τὸ
925 1280 968 1313 ἐξ·

177 1329 264 1361 ἠνιον,
290 1328 336 1353 καὶ
361 1328 429 1362 μήτε
455 1328 510 1358 τοῖς
535 1327 657 1357 Μωσέως
688 1327 850 1361 γράμμασιν
884 1328 968 1353 εἴκειν

175 1374 324 1405 ἐθέλοντες,
348 1373 416 1408 μήτε
439 1373 491 1408 μὴν
506 1375 563 1404 τοῖς
586 1373 673 1407 ἁγίοις
695 1374 865 1408 προφήταις
884 1382 967 1408 προσ-

176 1419 256 1454 θείην
278 1419 300 1445 δ’
321 1418 353 1445 ἂν
376 1420 416 1445 ὀτι
441 1419 507 1454 μηδὲ
536 1419 611 1453 αὐτῇ
641 1420 680 1454 τῷ
704 1419 825 1454 Χριστῷ,
855 1420 893 1454 τῷ
921 1415 1004 1453 τῆςε

176 1466 278 1500 νοητῆς
300 1465 400 1500 ἀχλύος
423 1466 679 1501 καταλαμϐάνεσθαι
701 1467 799 1501 σκότῳ,
824 1467 871 1493 καὶ
892 1466 970 1499 ὀλίγα

176 1512 328 1545 διενεγκεῖν
349 1512 404 1538 τῶν
423 1511 594 1547 ἀναισθήτων
610 1512 701 1539 λίθων.
721 1512 829 1547 Ταύτην
849 1510 895 1538 οὖν
915 1512 970 1547 ἄρα.

175 1559 294 1584 ποιεῖται
311 1557 361 1592 τὴν
386 1557 585 1594 προαγόρευσιν
608 1559 621 1584 ὁ
643 1558 696 1584 τῶν
716 1558 783 1584 ὅλων
811 1558 892 1589 Θεὸς,
924 1559 969 1584 καὶ

175 1605 215 1639 τῷ
228 1605 354 1639 προφήτῃ
375 1605 519 1639 παρεγγυᾷ
536 1603 778 1638 προκαταμηνύειν
801 1604 891 1635 αὐτοῖς
903 1612 909 1618 ·
929 1605 968 1630 οτι

180 1661 190 1676 σ
203 1651 283 1685 Ἀκοῇ
308 1650 439 1677 ἀκούσετε
464 1651 510 1676 καὶ
531 1650 560 1675 οὐ
578 1650 614 1685 μὴ
638 1650 748 1684 συνῆτε’
762 1651 808 1676 καὶ
826 1650 969 1684 βλέποντῖς

177 1696 300 1731 βλέψετε,
317 1697 364 1722 καὶ
377 1697 415 1722 οὐ.
426 1696 462 1731 μὴ
479 1695 564 1730 ἴδητε.
581 1705 589 1720 ι
619 1695 748 1729 Γεγόνασι
764 1695 818 1730 γὰρ
837 1696 967 1730 αὐτήκοοι

175 1743 224 1776 τῆς
246 1741 295 1768 τοῦ
318 1742 443 1777 Σωτῆρος
462 1742 553 1776 φωνῆς
566 1750 572 1756 ·

177 1787 414 1824 προσπεφώνηκεν
435 1788 463 1813 ὲν
485 1788 542 1817 τοῖς
567 1786 764 1821 Ἰεροσολύμοις
795 1786 964 1817 πλειστάκις,

177 1835 237 1862 ἀλλ’
250 1833 319 1870 ἦσαν
334 1835 361 1860 ὲν
374 1833 423 1868 ἴσῳ
435 1834 490 1864 τοῖς
506 1833 567 1867 μηδ’
583 1833 651 1864 ὅλως
666 1833 824 1867 ἁκηκοόσιν.
837 1833 968 1866 Γεγόνασι

595 1741 713 1773 ἐδίδαξεν
733 1742 761 1767 ἐν
787 1743 968 1774 συναγωγαῖς,

176 1881 277 1916 θεωροὶ
294 1880 347 1907 τῶν
359 1880 517 1916 παραδόξως
528 1879 739 1914 τετελεσμένων.
755 1879 903 1904 Τεθέανται
915 1879 968 1914 γὰρ

176 1928 296 1962 λεπροὺς
319 1926 367 1953 τοῦ
393 1925 496 1957 πάθους
514 1925 753 1961 ἀπηλλαγμένους,
773 1924 968 1959 ἀναπηδῶντας

177 1973 293 2008 χωλοὺς,
310 1972 426 2006 τυφλοὺς
443 1971 655 2003 ἀναϐλέποντας,
672 1971 785 2005 νεκροὺς
808 1970 839 1995 εκ
861 1969 969 2004 μνημά-

178 2028 231 2046 των
253 2017 466 2053 ἀνισταμένους·
480 2017 537 2043 ἀλλ’
554 2017 709 2051 ὠφέληνται
727 2017 774 2051 μὲν
795 2016 855 2041 κατ’
874 2015 968 2041 οὐδένα

177 2065 290 2101 τρόπον.
305 2064 399 2099 ὥσπερ
413 2064 440 2090 δὲ
461 2064 507 2090 καὶ
521 2064 611 2090 αὐτῶν
628 2063 758 2098 ὀμμάτων
778 2062 966 2097 ἐστερημένοι,

178 2111 313 2138 διετέλουν
326 2111 351 2136 οἱ
364 2110 484 2137 δείλαιοι.
506 2109 597 2144 Ταύτῃ
618 2118 657 2135 τοι
678 2109 723 2135 καὶ
735 2108 908 2139 ὀνειδίζονται
925 2107 967 2133 διὰ

179 2157 230 2192 τῆς
252 2157 309 2183 τῶν
325 2156 409 2190 ἁγίων
425 2156 527 2190 φωνῆς,
550 2156 586 2186 ὼς
614 2156 757 2189 γεγονότες
779 2154 822 2180 ἀεὶ
851 2154 965 2188 σκληρο-

178 2203 322 2239 τράχηλοι,
343 2203 389 2229 καὶ
406 2202 527 2232 ἀπειθεῖς
545 2203 577 2236 τῇ
600 2202 710 2236 καρδίᾳ,
729 2202 774 2227 καὶ
790 2200 967 2231 ἀπεκτονότες

180 2251 283 2284 ἁγίους.
300 2249 428 2275 Δεδὸσθαι
447 2256 478 2282 γε
491 2247 542 2282 μὴν
558 2248 606 2282 τὴν
622 2247 747 2281 πώρωσιν
764 2248 855 2278 αὐτοῖς
873 2255 965 2281 φησιν,

180 2296 223 2322 ἶνα
240 2295 278 2330 μὴ
297 2294 372 2321 ἴδωσι
392 2295 448 2325 τοῖς
466 2292 625 2327 ὀφθαλμοῖς,
644 2293 690 2318 καὶ
701 2292 800 2319 συνῶσι
813 2294 844 2326 τῇ
858 2292 968 2327 καρδίᾳ,

179 2342 227 2368 xui.
243 2339 443 2376 ὲπιστρέψωσι,
461 2340 506 2365 καὶ
522 2338 631 2373 ἰάσηται
648 2336 757 2367 αὐτούς.
770 2338 823 2364 Καὶ
840 2337 919 2363 τοῦτο
935 2335 968 2371 ἦν

181 2387 235 2423 ἄρα
252 2387 301 2413 καὶ
325 2387 398 2422 μάλα
418 2386 521 2420 σαφῶς,
542 2387 610 2419 ὅπερ
632 2384 684 2419 ἔφη
707 2383 823 2419 Χριστὸς
846 2383 969 2409 ἀπειθεῖν

179 2434 346 2469 ᾑρημένοιςθ
371 2442 380 2457 1
399 2432 445 2467 Μὴ
470 2431 618 2465 γογγύζετε
638 2431 694 2464 μετ’
718 2429 859 2464 ἀλλήλω-ι’
878 2429 967 2460 οὐδεὶς

179 2479 290 2507 δύναται
315 2479 403 2506 ἐλθεῖν
423 2478 490 2514 πρός
518 2486 562 2512 με,
584 2477 630 2502 ἐὰν
656 2476 693 2511 μὴ
715 2477 729 2502 ὀ
752 2476 845 2510 Πατήρ
869 2485 919 2510 μου
954 2477 967 2501 ὀ

180 2526 291 2561 πεμψας
315 2533 348 2560 με
371 2524 470 2558 ἑλκύσῃ
497 2523 589 2549 αὐτόν.
610 2532 618 2547 ι
643 2522 696 2547 Καὶ
718 2521 815 2547 πάλιν·
842 2530 851 2546 ί
876 2522 931 2551 Πᾶς
956 2522 969 2547 ὀ

179 2571 298 2602 ἀκούσας
314 2569 390 2604 παρὰ
407 2568 454 2594 τοῦ
473 2568 588 2602 Πατρος,
603 2567 711 2601 ἔρχεται
731 2566 798 2601 πρός
814 2575 855 2600 με.
869 2576 876 2590 )
898 2566 968 2591 Οὐκ-

181 2616 229 2642 οῦν
241 2616 271 2641 οὗ
287 2616 431 2650 κέκληνται
447 2614 513 2650 πρὸς
530 2614 676 2651 ἐπίγνωσιν
693 2613 739 2639 τοῦ
758 2613 833 2643 Υἱοῧ,
851 2613 884 2638 δι’
898 2613 969 2638 ἀπο-

183 2661 324 2697 καλύψεως
343 2661 390 2688 τοῦ
404 2661 471 2688 Θεοῦ
490 2661 536 2688 καὶ
554 2661 668 2696 Πατρὶς,
681 2661 721 2686 ὅτι
737 2661 802 2695 μηδὲ
815 2658 884 2695 ἦσαν
900 2659 969 2691 ἄξιοι

181 2707 231 2742 τῆς
247 2707 282 2734 δι’
299 2707 379 2734 αὑτοῦ
398 2707 536 2743 σωτηρίας
551 2708 596 2733 καὶ
610 2707 691 2740 ζωῆς.
714 2707 744 2733 Εἰ
761 2706 788 2731 δὲ
801 2706 832 2740 δή
851 2715 891 2737 τις
908 2706 968 2740 βού-

984 2085 1006 2112 ι)

222 2784 243 2800 ’⁸
260 2786 348 2814 Exod.
368 2794 403 2817 ιν.
425 2786 467 2813 13.
507 2787 527 2802 ³⁰
552 2786 652 2814 Jercm.
675 2787 731 2819 1,(ὶ.

773 2786 806 2800 ³⁹⁵
822 2785 841 2812 Π
857 2785 917 2814 Cur.
936 2793 976 2817 ιη,
995 2785 1036 2812 lii.

1063 636 1143 663 Vens.
1162 636 1189 669 9,
1208 637 1250 665 l0.
1269 636 1303 664 Et
1320 639 1388 665 dixit
1406 646 1415 666 :
1439 638 1623 674 Proﬁciscere.
1653 647 1678 668 et
1702 643 1744 670 dic
1764 652 1813 679 po-

1023 682 1085 715 pqu
1096 682 1156 709 huic
1173 690 1183 710 .'
1201 683 1281 717 ιιο
1291 683 1391 711 Audita
1405 685 1529 715 audietis.
1545 691 1631 713 etnon
1644 688 1813 723 intelligetis;

1023 731 1048 754 et
1063 728 1178 755 uidentes
1191 729 1321 760 uidebitis.
1338 735 1362 756 et
1381 738 1432 757 non
1455 731 1587 758 uidebitis.
1601 731 1728 760 Crassum
1744 735 1812 762 enim

1020 773 1142 807 e/fectnm
1170 779 1207 801 est
1231 783 1278 801 cor
1300 776 1389 809 populi
1412 776 1511 811 hujus,
1531 782 1556 804 et
1575 778 1684 806 auribus
1699 781 1813 815 graviter

1020 819 1182 851 audierunt,
1212 824 1235 846 et
1264 820 1354 847 oculos
1379 829 1441 848 suos
1463 822 1649 855 occluserunt,
1675 825 1812 860 nequando

1020 865 1125 891 uideant
1154 865 1250 897 oculis,
1275 871 1299 892 et
1324 867 1435 893 auribus
1445 869 1568 900 audiant,
1587 873 1610 895 el
1627 869 1706 896 corde
1719 870 1813 897 intelli-

1020 916 1092 946 gant,
1108 916 1132 938 et
1147 918 1343 945 convertamur,
1363 918 1387 940 et
1405 922 1493 941 canent
1511 922 1565 942 σοι.

1056 998 1270 1026 Excaecationem
1285 1007 1319 1027 ex
1347 1004 1424 1033 parte
1450 999 1550 1029 factam
1583 1000 1676 1028 Israeli
1703 1001 1812 1030 divinus

1020 1044 1121 1072 Paulus
1134 1045 1242 1078 scribit,
1260 1046 1442 1079 interpretans
1454 1045 1510 1073 fere
1521 1046 1747 1080 quemadmodum
1759 1047 1811 1075 illis

1020 1092 1202 1119 exctecatione
1221 1092 1276 1125 pati
1293 1091 1446 1126 contigerit.
1469 1100 1478 1117 ι
1496 1092 1537 1119 Ad
1559 1093 1719 1120 hodiernum
1733 1093 1809 1123 enim

1020 1144 1106 1172 usque
1124 1137 1206 1170 diem,
1219 1137 1318 1171 inquit,
1339 1137 1447 1172 quando
1468 1137 1567 1172 legitur
1594 1138 1682 1166 Moses
1694 1158 1701 1170 ,
1719 1139 1808 1166 velum

1021 1183 1096 1210 cordi
1103 1190 1196 1210 eorum
1208 1182 1355 1217 imponitur
1364 1182 1409 1209 "'.
1422 1192 1432 1209 »
1444 1182 1548 1210 Etenim
1562 1184 1607 1218 qui
1620 1184 1654 1210 ad
1670 1184 1748 1211 istam
1761 1184 1809 1211 de.

1021 1237 1094 1256 mum
1119 1236 1224 1257 morum
1245 1228 1379 1256 feritatem
1413 1229 1515 1264 delapsi
1539 1234 1616 1261 sunt,
1646 1235 1676 1256 ut
1693 1230 1812 1258 etfrenes

1021 1273 1109 1308 plane,
1139 1282 1226 1309 neque
1247 1274 1374 1302 Mosaicis
1392 1275 1513 1310 scriptis,
1531 1282 1618 1309 neque
1631 1276 1735 1302 sanctis
1750 1283 1812 1311 pro-

1020 1320 1121 1355 phetis.
1135 1320 1205 1348 addo
1220 1321 1313 1353 etiam,
1329 1328 1417 1356 neque
1436 1321 1488 1356 ipsi
1505 1321 1616 1348 Christo
1632 1321 1745 1348 obedire
1762 1329 1810 1349 vo-

1022 1366 1120 1394 luerint
1133 1375 1139 1393 :
1153 1374 1199 1394 eos
1216 1366 1321 1393 nebula:
1348 1366 1526 1402 intelligibilis
1539 1367 1716 1395 circumfundi
1735 1373 1811 1396 tene-

1022 1412 1089 1445 bris,
1101 1416 1128 1439 et
1145 1412 1257 1439 minimo
1278 1412 1368 1439 minus
1383 1420 1398 1438 a
1425 1412 1558 1447 lapidibus
1585 1420 1664 1440 sensu
1691 1414 1812 1441 carenti-

1021 1459 1071 1487 bus
1097 1458 1202 1491 abesse,
1219 1463 1430 1485 consentaneum
1450 1463 1501 1485 est.
1518 1458 1573 1485 Hoc
1603 1459 1715 1493 proinde
1740 1459 1811 1486 vati-

1022 1505 1124 1532 cinium
1141 1504 1259 1531 instituit
1272 1504 1459 1531 universorum
1469 1503 1548 1535 Deus,
1565 1509 1593 1531 et
1604 1504 1683 1538 jubet
1697 1504 1810 1539 prophe-

1022 1555 1075 1577 tam
1088 1550 1247 1578 denuntiare
1259 1550 1325 1577 illis:
1338 1559 1346 1575 ι
1362 1550 1460 1577 Auditu
1469 1550 1594 1583 audietis,
1607 1556 1634 1577 et
1645 1558 1696 1577 nou
1709 1550 1810 1578 intelli-

1021 1598 1090 1631 getis
1116 1618 1123 1630 ,
1147 1601 1175 1623 et
1197 1596 1321 1624 videntes
1352 1596 1489 1629 videbitis,
1510 1600 1537 1623 et
1566 1604 1619 1623 non
1645 1595 1779 1623 videbitis.
1798 1605 1808 1621 ν

1021 1643 1141 1670 Fuerunt
1157 1643 1227 1670 enim
1248 1642 1298 1676 ipsi
1313 1642 1393 1669 auriti
1415 1647 1507 1675 testes,
1520 1642 1715 1676 auditoresque
1734 1641 1810 1668 vocis

1021 1689 1174 1717 Servatoris
1188 1698 1196 1722 ;
1208 1689 1299 1716 docuit
1314 1689 1340 1716 in
1362 1689 1519 1724 synagogis,
1544 1688 1671 1715 clamavit
1686 1694 1809 1722 saepenu-

1021 1743 1095 1763 mero
1123 1734 1327 1770 Hierosolymis,
1352 1742 1383 1762 ac
1400 1735 1510 1769 perinde
1537 1738 1616 1761 erant
1650 1740 1682 1761 ac
1702 1733 1724 1760 si
1743 1732 1810 1760 nihil

1020 1782 1132 1809 Omnino
1148 1781 1325 1808 audivissent.
1345 1780 1519 1815 Spectatores
1537 1787 1627 1806 rerum
1646 1777 1811 1804 admirabili-

1021 1833 1061 1854 ter
1072 1834 1154 1861 supra
1171 1826 1250 1853 lidem
1272 1831 1408 1860 gestarum
1421 1825 1541 1852 fuerunt.
1559 1825 1723 1858 Spectarunl
1738 1822 1810 1849 enim

1021 1872 1146 1907 leprosos
1157 1872 1252 1899 morbo
1265 1871 1406 1903 liberatos,
1421 1869 1577 1896 exsilientes
1591 1868 1712 1901 claudos,
1724 1875 1812 1895 caecos

1021 1919 1154 1950 videntes,
1167 1922 1289 1945 mortuos
1309 1924 1325 1944 e
1346 1916 1527 1943 monumentis
1564 1919 1755 1950 resurgentes:
1778 1918 1807 1941 at

1021 1965 1074 1997 illis
1096 1960 1156 1992 hate
1184 1964 1294 1992 minime
1305 1962 1476 1998 proluerunt,
1505 1961 1553 1989 sed
1573 1961 1663 1988 miseri
1689 1960 1812 1988 homines

1020 2016 1151 2047 perpetuo
1176 2010 1252 2046 quasi
1270 2009 1359 2037 orbati
1380 2010 1446 2044 ipsis
1457 2008 1544 2036 oculis
1567 2008 1740 2035 exstiterunt.
1756 2006 1811 2034 llac

1020 2058 1053 2086 de
1067 2065 1152 2085 causa
1161 2064 1226 2084 voce
1246 2060 1401 2084 sanctorum
1415 2055 1516 2090 probro
1533 2054 1586 2081 illis
1600 2054 1722 2085 vertitur,
1740 2053 1810 2087 quod

1022 2111 1130 2139 semper
1157 2103 1307 2138 praefractae
1333 2101 1448 2129 cervicis
1473 2101 1635 2138 luerinthac
1659 2100 1742 2127 corde
1760 2099 1811 2125 illl-

1023 2150 1163 2185 morigeri,
1182 2152 1347 2183 sanctosque
1374 2147 1534 2175 oeciderint.
1552 2146 1647 2173 Dstam
1662 2153 1728 2173 vero
1759 2145 1812 2172 illis

1023 2203 1082 2223 esse
1096 2195 1247 2222 caecitatem
1271 2194 1347 2225 dicit,
1370 2200 1404 2221 ne
1419 2192 1528 2220 videant
1553 2191 1648 2224 oculis,
1676 2197 1705 2218 et
1731 2190 1812 2218 corde

1022 2241 1185 2277 intelligant,
1222 2245 1249 2269 et
1270 2243 1475 2271 convertantur,
1501 2242 1529 2266 et
1560 2242 1713 2267 saneteos.
1751 2236 1811 2264 Hoc

1021 2286 1129 2314 demum
1156 2290 1216 2313 erat
1245 2285 1324 2321 plane
1360 2283 1433 2320 quod
1462 2284 1586 2311 Christus
1611 2283 1679 2311 dixit
1698 2282 1810 2318 his,qui

1022 2332 1151 2360 nolebant
1184 2332 1319 2360 credere:
1340 2341 1349 2357 ι
1366 2331 1405 2358 Ne
1434 2330 1608 2358 murmuretis
1637 2330 1709 2357 inter
1735 2336 1783 2356 vos
1802 2337 1809 2355 :

1021 2386 1101 2407 nemo
1132 2383 1219 2414 potest
1248 2379 1340 2406 venire
1368 2378 1401 2405 ad
1420 2385 1472 2410 me,
1495 2377 1546 2404 nisi
1566 2376 1644 2404 Pater
1661 2376 1709 2410 qui
1733 2375 1809 2403 misit

1022 2433 1076 2459 me,
1104 2426 1217 2453 traxerit
1236 2432 1297 2452 eum
1320 2424 1355 2451 ³¹.
1372 2434 1380 2450 ι
1399 2423 1431 2451 Et
1450 2431 1545 2452 rursus
1574 2432 1581 2450 :
1606 2432 1615 2448 ‹
1635 2422 1731 2450 Omnis
1764 2421 1810 2455 qui

1024 2472 1127 2500 audivit
1143 2480 1157 2499 a
1177 2471 1257 2499 Patre
1270 2475 1298 2498 et
1310 2471 1416 2503 didicit,
1438 2471 1512 2497 venit
1528 2470 1561 2497 ad
1586 2476 1628 2496 me
1644 2468 1678 2495 ³¹.
1691 2477 1700 2494 ι
1718 2467 1811 2501 Itaque

1023 2520 1056 2547 ad
1070 2519 1235 2554 agnitionem
1252 2517 1352 2545 Christi
1366 2525 1414 2551 per
1430 2516 1621 2544 revelationem
1639 2513 1685 2540 Dei
1708 2517 1736 2540 et
1761 2512 1812 2539 Pa-

1023 2565 1073 2593 tris
1114 2564 1203 2592 vocati
1229 2572 1280 2591 non
1309 2568 1383 2596 sunt,
1400 2562 1472 2597 quod
1498 2561 1585 2589 salute
1608 2559 1693 2594 ipsius
1705 2562 1732 2585 et
1753 2557 1808 2585 vita

1022 2611 1094 2646 digni
1124 2618 1177 2638 non
1207 2615 1295 2638 erant.
1314 2609 1342 2636 Si
1360 2609 1403 2636 cui
1418 2608 1505 2643 placet
1546 2606 1628 2632 alium
1644 2610 1751 2632 sensum
1769 2604 1810 2631 his

1023 2657 1112 2686 verbis
1125 2664 1271 2693 apponere,
1291 2656 1368 2690 ιιι
1385 2655 1457 2682 hunc
1478 2653 1512 2681 ad
1528 2651 1638 2679 modum
1669 2650 1810 2686 inteltiget.

1023 2704 1148 2732 Pr:edicit
1163 2704 1235 2732 enim
1251 2703 1439 2730 universorum
1457 2700 1539 2733 Deus,
1574 2703 1603 2726 ut
1632 2698 1678 2734 qui
1697 2698 1749 2726 scit
1764 2704 1812 2725 oc~

1073 2784 1092 2800 “
1109 2783 1175 2810 JOan
1201 2789 1237 2811 γι,
1254 2782 1298 2808 Μ.
1333 2780 1354 2795 ³³
1372 2779 1436 2807 ibid.
1456 2779 1499 2806 45.
