4030 6208
467 185 566 242 187

1454 178 1511 233 S.
1555 174 1824 234 CYRILLI
1864 171 2334 230 ALEXANDRINI
2378 171 2699 229 ARCHIEP.

3632 171 3734 232 I88

465 299 609 354 culta
632 303 686 350 ct
717 294 918 356 futura,
953 289 1156 359 aitque,
1188 289 1408 342 omnino
1440 304 1534 345 eos
1579 291 1809 353 visuros,
1844 299 1900 344 et
1945 305 2034 343 au-

2142 287 2285 340 λοιτο
2332 285 2659 358 προσϐαλεῖν
2699 284 2902 353 ἑτέρως
2963 283 3084 346 ταῖς
3125 280 3236 334 τῶν
3283 282 3596 354 εἰρημένων
3647 288 3736 339 ὲν-

465 390 698 447 dituros.
749 396 1028 437 mansuros
1077 391 1258 432 autem
1301 394 1363 433 ac.
1410 380 1453 433 si
1485 396 1588 433 non
1615 380 1916 442 audissem,
1952 396 2044 436 ne-

466 493 571 546 que
647 474 993 543 contemplati
1066 471 1315 537 fuissent,
1392 473 1554 540 idque
1624 472 1756 541 ipsis
1817 485 2040 541 pr0pter

469 569 661 621 mentis
701 581 811 620 suae
861 564 1120 618 malitiam
1171 565 1437 617 accidere.
1469 564 1631 619 Addit
1661 565 1874 630 deinde,
1911 567 2035 617 dum

466 659 581 712 lucc
631 657 867 719 faciunt,
915 655 1026 708 suis
1058 655 1292 723 ipsorum
1336 655 1598 724 capitilms
1656 655 1926 719 insidiari,
1985 666 2040 710 et

463 749 773 820 pertinatia!
802 751 989 801 morbo
1015 747 1341 808 laborantes,
1371 763 1470 800 nec
1506 748 1691 802 audire
1725 749 1882 814 velle,
1942 763 2042 802 nec

462 844 646 895 videre
694 855 850 908 posse
888 857 901 892 :
943 859 959 890 ι
995 839 1070 892 Ne
1119 839 1335 892 videant
1381 840 1575 904 oculis,
1607 850 1662 896 et
1692 840 1917 893 audiant
1945 855 2042 893 au-

467 937 612 989 ribus
637 975 651 997 ,
691 945 746 987 et
789 941 1108 987 convertant
1138 948 1196 986 sc
1219 974 1234 997 ,
1280 943 1333 986 et
1379 949 1564 1008 sanem
1587 948 1702 988 eos.
1724 953 1742 984 ›
1776 935 2040 988 Auctores

463 1029 643 1093 itaque
699 1027 781 1079 sui
838 1026 1078 1095 ipsorum
1134 1026 1384 1079 interitus
1438 1026 1680 1087 fuerunt,
1716 1041 1839 1082 cum
1876 1041 2036 1081 neca

459 1117 676 1172 Christo
733 1127 891 1170 acute
939 1117 1097 1170 dictis
1151 1131 1336 1168 aurem
1391 1116 1734 1179 adhiberent,
1787 1131 1889 1171 nec
1926 1131 2038 1170 sua:

461 1213 656 1265 mentis
707 1209 920 1262 oculum
963 1209 1254 1278 aperirent.
1317 1206 1370 1260 Si
1409 1210 1552 1263 enim
1614 1211 1714 1264 hoc
1761 1210 2036 1274 fecissent,

459 1303 710 1356 conversi
757 1300 1006 1364 fuissent,
1056 1311 1110 1354 ct.
1149 1302 1190 1355 si
1217 1304 1418 1355 cultum
1449 1316 1608 1369 quem
1637 1303 1879 1370 oportuit.
1913 1302 2040 1355 reli-

459 1394 730 1464 quissent,
779 1395 984 1446 salvam
1030 1405 1091 1444 ac
1124 1406 1314 1445 sanam
1347 1405 1498 1446 suam
1545 1401 1778 1446 mentem
1823 1406 2041 1445 conser-

456 1496 670 1539 νειεςριιι
683 1523 697 1538 ο

2147 379 2332 442 νοίαις,
2368 379 2591 449 συνήσει
2619 377 2864 430 τοιῶσδε.
2901 375 3273 447 Προαγορεύει
3307 377 3405 446 μὲν
3430 378 3540 448 γὰρ
3569 380 3597 432 ὁ
3625 381 3736 433 τῶν

2141 472 2278 524 ὅλων
2327 471 2479 534 Θεὸς,
2527 470 2603 532 ὡς
2653 468 2938 538 γινώσκων
2989 468 3058 520 τὰ
3108 469 3490 540 κεκρυμμένα,
3542 479 3636 525 καὶ
3667 474 3736 526 τά

2139 563 2392 632 ἐσόμενα,
2452 561 2545 616 καί
2603 579 2786 632 φησιν,
2841 562 2921 613 ὅτι
2987 561 3165 630 πάντη
3232 578 3291 613 τε
3363 563 3458 614 καὶ
3515 561 3735 628 πάντως

2141 655 2360 723 ὄψονται
2407 654 2506 724 μὲν
2556 655 2652 706 καὶ
2698 653 3053 718 ἀκούσονται,
3090 651 3311 724 μενοῦσί
3359 669 3422 721 γε
3485 655 3593 726 μὴν
3659 657 3735 718 ὡς

2148 747 2288 816 μήτε
2329 744 2650 815 ἀκηκοότες,
2701 745 2837 815 μήτε
2874 743 3267 814 συντιθέμενοι,
3299 745 3396 796 καὶ
3433 745 3592 798 τοῦτο
3628 765 3735 799 πα·

2147 834 2331 898 θόντες
2361 836 2425 888 ὲκ
2470 835 2752 906 μοχθηρᾶς
2793 836 2948 889 αὐτοὶ
2981 835 3081 906 τῆς
3107 835 3247 898 ἰδίας
3270 836 3519 907 γνώμης.
3548 839 3733 910 Προσο

2145 929 2341 996 επάγει
2383 927 2439 980 δὲ
2480 927 2714 992 τούτοις,
2763 929 2844 980 ὃτι
2876 927 3048 980 ταῦτα
3081 927 3316 1000 δρῶντες
3349 930 3579 990 ἐκεῖνοι,
3613 934 3736 993 ταῖς

2147 1019 2306 1082 ἰδίαις
2328 1019 2741 1072 ἐπιϐουλεύουσι
2769 1019 3508 1092 κεφαλαῖς.-Ἦρρωστήκασι
3539 1021 3646 1093 γὰρ
3672 1023 3737 1074 τὸ

2143 1111 2424 1184 δυσήκοον,
2467 1111 2563 1166 καὶ
2606 1113 2667 1166 τὸ
2719 1113 2793 1184 μὴ
2824 1112 3084 1166 δύνασθαι
3125 1114 3386 1185 καθορᾷν,
3438 1135 3455 1167 ι
3489 1117 3607 1169 Ἵνα
3653 1118 3732 1188 μὴ

2147 1203 2298 1257 ἴδωσι
2343 1207 2455 1268 τοῖς
2483 1203 2808 1274 ὀφθαλμοῖς,
2843 1205 2937 1258 καὶ
2981 1207 3096 1268 τοῖς
3145 1206 3279 1258 ὠσὶν
3305 1207 3604 1269 ἀκούσωσι,
3636 1211 3732 1261 καὶ

2145 1297 2571 1368 ἐπιστρέφουσι,
2607 1298 2701 1350 καὶ⁷
2743 1298 2962 1369 ἰάσομαι
3012 1298 3233 1362 αὐτούς.
3271 1319 3290 1350 ι
3334 1299 3508 1353 Αἶτιοι
3553 1300 3732 1353 τοίνυν

2147 1390 2304 1443 αὐτοὶ
2330 1389 2428 1459 τῆς
2464 1389 2613 1459 σφῶν
2641 1389 2821 1443 αὐτῶν
2849 1389 3143 1459 γεγόνασιν
3173 1391 3470 1454 ἀπωλείας,
3505 1393 3643 1463 μήτε
3669 1393 3733 1445 τὸ

2147 1479 2240 1547 οὖς
2269 1481 2610 1552 παραθέντες
2647 1484 2760 1544 τοῖς
2800 1483 2950 1552 παρὰ
2988 1482 3228 1552 Χριστοῦ
3269 1483 3586 1553 λεγομένοις
3610 1480 3726 1548 ὀξυ,

460 1578 598 1649 μήτε
652 1577 758 1647 μὴν
805 1578 896 1630 τὸν
943 1580 1040 1648 τῆς
1091 1579 1299 1632 ἑαυτῶν
1351 1577 1588 1641 διανοίας
1636 1577 2022 1650 ἀνευρύνοντες
2089 1576 2387 1648 ὀφθαλμόν.
2426 1579 2488 1630 Ei
2525 1578 2632 1650 γάρ
2697 1577 2854 1631 τοῦτο
2907 1577 3096 1649 ἔδρων,
3135 1579 3481 1652 ὑπέστρεψαν
3510 1579 3596 1647 ἂν,
3637 1582 3733 1634 καὶ

455 1670 557 1739 τῆς
613 1671 960 1742 καθηκούσης
1005 1671 1302 1742 θεραπείας
1341 1673 1725 1743 τετυχηκότες,
1780 1671 1917 1726 σῶόν
1953 1689 2014 1725 τε
2053 1672 2148 1726 καὶ
2175 1672 2306 1740 ὑγιᾶ
2332 1670 2420 1724 τὸν
2458 1671 2666 1725 έαυτῶν
2693 1669 3019 1724 διεσώσαντο
3045 1669 3190 1725 νοῦν.

439 1760 448 1826 i
502 1764 694 1821 Vens.
736 1767 824 1831 ll,
862 1768 948 1822 1‘2.
991 1767 1057 1820 Et
1105 1770 1218 1822 dixi
1257 1783 1274 1821 :
1311 1769 1612 1836 Quousque,
1658 1769 1916 1824 Domine?
1967 1769 2034 1822 Et

2207 1769 2314 1821 Καὶ
2342 1763 2500 1821 εἶπεν
2519 1767 2673 1832 Ἕως
2702 1769 2869 1829 πότε,
2901 1766 3098 1832 Κύριε;
3124 1765 3232 1818 Καὶ
3252 1760 3600 1831 εἶπενοἝως
3627 1766 3702 1820 ἂν

456 1860 592 1913 dixit
633 1876 650 1913 :
685 1859 859 1914 Donec
881 1871 1145 1916 vastentur
1164 1863 1335 1927 urbes,
1363 1873 1417 1916 ut
1441 1880 1543 1916 non
1565 1865 1628 1917 sit
1651 1865 1738 1932 qui
1763 1863 2036 1930 inhabitet,

455 1964 504 2007 et
534 1953 740 2017 domus,
772 1964 827 2006 ut
858 1971 960 2007 non
984 1956 1085 2007 sint
1120 1955 1376 2015 homines,
1400 1964 1446 2008 et
1473 1965 1610 2008 terra
1650 1955 2041 2025 derelinquetur

456 2048 683 2102 deserta.
717 2047 785 2100 Et
814 2059 926 2116 post
961 2050 1074 2102 lucc
1103 2048 1363 2118 elongnbit
1399 2049 1540 2104 Dens
1581 2050 1834 2118 homines,
1873 2061 1918 2105 et
1948 2053 2038 2133 tte-

458 2139 627 2194 reticti
656 2140 1146 2210 multiplicabuntur
1173 2143 1226 2195 in
1255 2152 1415 2196 terra.

529 2313 830 2368 Verebatur
882 2317 1164 2386 propheta,
1218 2333 1284 2371 ne
1318 2329 1573 2388 perpetua
1600 2331 1676 2374 .et
1707 2322 2034 2388 sempiterna

456 2406 752 2459 exemeatio
800 2408 1142 2461 induceretur
1177 2409 1452 2462 lsraelitis.
1514 2410 1743 2479 Ideoque
1794 2425 1942 2481 rogat
1979 2427 2035 2466 ut

457 2505 670 2564 tempus
712 2499 846 2551 sciat
892 2512 998 2566 quo
1045 2499 1145 2553 hoc
1195 2499 1432 2553 l‘ulurum
1488 2514 1590 2564 est,
1649 2513 1703 2557 et
1759 2520 2036 2574 quousque

455 2590 805 2656 protrahetur
835 2589 948 2641 hinc
991 2589 1144 2658 quasi
1177 2591 1478 2657 :egrotatio.
1522 2593 1599 2644 Ad
1652 2609 1771 2662 qute
1817 2610 2036 2662 respon-

456 2682 588 2733 dens
621 2681 779 2739 Deus,
834 2680 1188 2734 vastationem
1245 2681 1482 2749 ipsorum
1535 2680 2034 2752 Hierosolymorum

457 2772 803 2840 prtenuntiat,
850 2774 1093 2840 adeoque
1122 2773 1384 2827 universa:
1423 2772 1730 2828 Iudaeorum
1776 2776 2032 2844 regionis,

405 2885 408 2889 ι
450 2873 510 2916 et
535 2863 706 2933 inquit
746 2879 760 2916 :
795 2881 812 2914 ι
861 2861 1040 2918 Donec
1079 2873 1356 2918 vastentur
1391 2866 1574 2928 urbes,
1624 2875 1683 2918 ut
1724 2881 1830 2919 non
1882 2865 2036 2920 inha-

451 2955 714 3018 bitentnr,
741 2966 793 3009 et
824 2949 1119 3019 domusfut
1148 2973 1253 3012 non
1290 2957 1398 3010 sint
1431 2955 1697 3012 homines.
1737 2976 1756 3009 ι
1791 2957 1943 3025 Quod
1968 2961 2033 3012 ad

445 3054 757 3101 extremum
789 3049 991 3113 evenit,
1022 3048 1544 3118 cum-Vespasianus
1564 3059 1619 3103 et
1647 3049 1800 3105 Titus
1833 3059 2029 3106 terram

2140 1859 2483 1930 ἐρημωθῶσι
2515 1859 2725 1924 πόλεις
2747 1857 2908 1926 παρὰ
2940 1857 3006 1911 τὸ
3039 1857 3124 1926 μὴ
3163 1856 3603 1924 κατοικεῖσθαι,
3633 1857 3730 1911 καί

2140 1947 2310 2013 οἴκοι,
2357 1951 2514 2018 παρὰ
2564 1951 2627 2003 τὸ
2667 1950 2753 2019 μὴ
2797 1945 2949 2002 εἶναι
2985 1949 3336 2017 ἀνθρώπους
3361 1989 3375 2011 ,
3421 1949 3521 2002 καὶ
3575 1949 3610 2014 ή
3654 1946 3728 2018 γῆ

2141 2029 2682 2108 καταλειφθήσεται
2712 2041 2952 2107 ἕρημος.
2982 2037 3088 2092 Καὶ
3105 2037 3257 2106 μετὰ
3288 2037 3474 2091 ταῦτα
3497 2055 3728 2106 ﬁttpr-

2139 2133 2230 2186 νεῖ
2263 2136 2295 2186 ὁ
2329 2133 2472 2198 Θεὸς
2500 2132 2640 2198 τοὺς
2678 2129 3049 2199 ἀνθρώπους,
3078 2131 3178 2184 καί
3217 2133 3272 2184 οὶ
3302 2131 3730 2200 καταλειφθέν-

2140 2242 2238 2290 τες
2275 2223 2815 2292 πληθυνθήσονται
2835 2224 2933 2278 ἐπὶ
2967 2221 3077 2294 τῆς
3098 2222 3232 2293 τῆς.

2211 2316 2391 2369 Δέδιεν
2422 2317 2450 2369 ὁ
2484 2315 2787 2386 προφήτης,
2824 2313 2898 2385 μὴ
2943 2315 3053 2384 ἄρα
3083 2313 3357 2386 διηνεκὴς,
3405 2315 3498 2368 καὶ
3526 2315 3733 2368 ἀκατά-

2137 2407 2334 2478 ληκτος
2395 2410 2750 2480 ἐπενήνεκται
2801 2409 2912 2471 τοῖς
2968 2406 3028 2471 ἐξ
3079 2406 3293 2478 Ἰσραὴλ
3354 2409 3387 2478 ή
3451 2406 3727 2478 πώρωσις.

2137 2500 2325 2571 Ταύτῃ
2370 2518 2449 2552 τοι
2486 2502 2579 2553 καὶ
2611 2499 2895 2570 διαμαθεῖν
2944 2499 3088 2564 ἀξιοί
3134 2498 3226 2552 τὸν
3264 2499 3476 2570 χρόνον,
3515 2498 3633 2552 καθ’
3670 2499 3734 2552 ὃν

2137 2594 2288 2648 ἔσται
2329 2593 2484 2646 τοῦτο
2523 2594 2727 2656 αύτοίς,
2781 2592 2876 2646 κει.)⁵
2926 2592 3088 2663 μέχρι
3128 2591 3271 2654 τίνος
3311 2591 3626 2662 παρατείνει
3670 2592 3733 2645 τὸ

2139 2687 2500 2760 ἀρρώστημα.
2525 2687 2636 2739 Καὶ
2667 2686 2800 2756 πρός
2829 2702 2894 2754 γε
2916 2685 2980 2756 δὴ
3010 2685 3179 2738 ταῦτα
3207 2683 3338 2748 Θεὸς
3372 2683 3730 2756 προαγορεύει

2135 2781 2234 2852 τὴν
2263 2779 2463 2850 δῂωσιν
2493 2778 2672 2832 αὐτῶν
2702 2795 2759 2830 τε
2795 2777 2904 2830 τῶν
2947 2775 3356 2847 Ἰεροσολύμων,
3385 2775 3479 2828 καὶ
3511 2775 3729 2843 ἀπάσης

2136 2872 2234 2942 τῆς
2286 2871 2553 2924 Ἰουδαίων
2599 2869 2800 2940 χώρας,
2845 2868 2936 2922 καί
2973 2884 3156 2938 φησιν’
3185 2885 3202 2918 ι
3231 2868 3374 2931 Ἕως
3416 2866 3481 2919 ἂν
3511 2869 3732 2936 ἐρημωο

2137 2963 2270 3016 θῶσι
2322 2962 2504 3024 πόλεις
2557 2960 2710 3031 παρά
2764 2960 2824 3012 τὸ
2883 2957 2958 3031 μὴ
2999 2958 3394 3021 κατοικεῖσθαι,
3442 2960 3536 3011 καὶ
3589 2953 3726 3010 οἴκοι

2138 3056 2288 3125 παρά
2313 3054 2373 3107 τὸ
2407 3053 2480 3124 μὴ
2513 3048 2652 3106 εἶναι
2684 3051 3020 3123 ἀνθρώπους.
3055 3069 3073 3102 ι
3120 3053 3183 3104 Ὃ
3215 3049 3279 3122 δὴ
3317 3052 3410 3105 καὶ
3440 3051 3517 3114 εἰς
3553 3051 3727 3120 πέρας

456 3136 754 3206 Iudaicam,
783 3149 903 3207 post
926 3139 1234 3194 Servatoris
1260 3140 1666 3196 cruciﬁxionem
1694 3149 1752 3195 et
1787 3142 1839 3196 in
1864 3142 2034 3196 caelos

2139 3146 2470 3216 ἐκϐέϐηκεν,
2521 3144 2930 3198 Οὐεσπασιανοῦ
2991 3161 3050 3197 τε
3101 3143 3197 3198 καὶ
3241 3142 3402 3196 Τίτου
3445 3142 3728 3216 καταδῃω-

453 3231 879 3298 assumptionem
910 3269 926 3294 ,
956 3231 1261 3301 depopulati
1300 3241 1445 3286 sunt.
1493 3231 1646 3299 Quod
1699 3241 1879 3288 autem
1922 3236 2034 3290 hinc

451 3321 703 3389 supplicii
768 3338 1016 3377 mensura
1087 3324 1562 3392 inobedientibus,
1629 3333 1688 3380 ut
1754 3325 2035 3396 hucusque

447 3411 718 3465 duntaxat
745 3414 1042 3482 patiantur,
1077 3431 1182 3468 non
1214 3417 1574 3484 adhibebitur,
1617 3419 1836 3486 etquod
1863 3419 1916 3472 in
1952 3429 2034 3471 to-

454 3513 570 3557 tum
605 3518 728 3557 cum
769 3511 878 3558 tota
911 3507 1082 3573 stirpe
1112 3522 1218 3562 non
1251 3509 1320 3562 sit
1357 3509 1629 3578 periturus
1662 3509 1844 3577 Israel,
1868 3512 2034 3583 signi-

452 3595 579 3648 ticat
611 3597 796 3650 uirens
835 3615 846 3649 :
885 3615 904 3648 ‹
941 3597 1004 3651 Ει
1028 3609 1147 3666 post
1180 3601 1292 3654 haec
1319 3600 1475 3672 longe
1505 3601 1668 3658 l‘aciet
1691 3603 1828 3658 Deus
1863 3605 2034 3658 bomi-

454 3702 570 3751 nes,
603 3699 656 3740 et
682 3689 925 3743 deri-licti
955 3692 1458 3760 multiplicabuntur
1494 3695 1547 3749 in
1585 3704 1751 3750 terra.
1791 3715 1808 3748 ι
1853 3695 2036 3767 Longe

452 3795 580 3834 vero
609 3780 734 3835 tacti
757 3799 788 3856 ιι
817 3783 924 3836 Deo
968 3781 1210 3850 fuerunt,
1246 3801 1364 3839 cum
1405 3794 1460 3840 et
1504 3798 1742 3854 sanctos,
1772 3799 1825 3843 et
1860 3790 2032 3858 ipsum

451 3885 613 3936 porro
637 3872 757 3925 vitae
782 3873 1078 3943 principem
1109 3875 1502 3952 interfecerint.
1543 3877 1644 3945 Qui
1692 3893 1820 3934 vero
1861 3880 2030 3934 reliCti

449 3965 692 4026 fuerunt,
719 3966 769 4018 id
801 3975 902 4026 est,
931 3967 1066 4021 salvi
1104 3983 1166 4022 ac
1195 3971 1536 4039 superstites,
1563 3975 1620 4025 ‘el
1659 3971 1749 4039 qui
1793 3973 1844 4026 itt
1877 3972 2032 4027 Chri-

449 4067 595 4109 stum
634 4057 1003 4121 crediderunt,
1028 4059 1117 4124 qui
1147 4067 1201 4111 et
1231 4070 1352 4112 sunt
1382 4061 1625 4129 reliquias
1651 4062 1810 4130 112
1841 4062 2028 4127 Israel,

453 4147 952 4216 multiplicabuntur
993 4162 1008 4202 :
1052 4149 1212 4219 idque
1265 4149 1317 4203 in
1356 4153 1620 4221 principio
1655 4154 1776 4209 libri
1802 4157 2030 4224 ipsemet

439 4239 612 4292 etiam
644 4241 832 4294 beatus
858 4239 1022 4295 Isaias
1051 4241 1394 4311 signiﬁcavit,
1434 4260 1556 4299 cum
1601 4245 1714 4301 ait:
1747 4264 1766 4298 ‹
1825 4247 1892 4303 Et
1925 4248 2026 4302 nisi

445 4327 709 4383 Dominus
759 4330 998 4386 Sabaoth
1055 4330 1368 4401 reliquisset
1421 4335 1577 4390 nobis
1626 4349 1836 4401 semen,
1884 4338 2030 4393 velut

441 4419 682 4473 Sodoma
715 4421 840 4476 facti
871 4421 1183 4490 fuissemus,
1212 4434 1266 4480 et
1281 4425 1597 4482 Gomorrbte
1633 4427 1841 4484 similes
1890 4428 2028 4486 fuis-

2138 3239 2346 3292 σάντων
2372 3241 2468 3307 τὴν
2501 3237 2761 3290 Ἰουδαίαν
2789 3237 2928 3306 μετᾶ
2953 3233 3044 3288 τὸν
3072 3234 3165 3288 τοῦ
3189 3235 3440 3306 Σωτῆρος
3472 3233 3722 3304 σταυρὸν,

2137 3330 2231 3382 καὶ
2261 3329 2526 3399 ἀνάληψιν
2565 3329 2662 3397 τὴν
2691 3330 2768 3392 εἰς
2795 3327 3077 3398 οὐρανούς.
3117 3327 3240 3379 Ὅτι
3261 3325 3316 3378 δὲ
3350 3327 3409 3379 ού
3447 3325 3609 3396 μέχρι
3631 3325 3724 3378 τοῦ

2135 3419 2306 3473 ταῦτα
2331 3421 2544 3479 παθεῖν,
2574 3418 3047 3490 ὲκμετρηθήσεται
3080 3420 3192 3480 τοῖς
3226 3415 3541 3470 ἀπειθοῦσιν
3573 3419 3605 3487 ἡ
3635 3416 3724 3469 κό-

2137 3510 2312 3574 λασις,
2372 3509 2496 3563 οὔτε
2539 3509 2644 3580 μὴν
2671 3510 2751 3572 εἰς
2773 3507 2920 3562 ἀπαν
2947 3508 3111 3578 ἤγουν
3139 3506 3414 3578 ὁλόρριζος
3452 3507 3480 3559 ὁ
3511 3503 3726 3576 Ἰσραὴλ

2133 3603 2439 3674 οἰχήσεται,
2463 3601 2803 3674 καταμηνύει
2828 3601 3022 3669 λέγων’
3061 3618 3081 3652 ι
3120 3601 3231 3654 Καὶ
3259 3598 3396 3670 μετά
3422 3597 3593 3652 ταῦτα
3623 3615 3724 3669 μα-

2137 3697 2328 3766 κρυνεῖ
2368 3698 2396 3748 ὁ
2438 3695 2568 3757 Θεὸς
2606 3695 2733 3758 τοὺς
2757 3691 3096 3765 ἀνθρώπους,
3129 3694 3222 3746 καὶ
3250 3693 3300 3746 οἱ
3336 3689 3722 3759 καταλειφθέν-

2135 3803 2245 3851 τες,
2282 3785 2754 3857 πληθυνθήσονται
2789 3784 2883 3839 ἐπὶ
2904 3786 3003 3857 τῆς
3037 3786 3159 3855 γῆς.
3204 3805 3222 3837 ι
3271 3783 3723 3856 Ἐμακρύνθησαν

2136 3876 2235 3946 μὲν
2268 3875 2376 3946 γὰρ
2407 3875 2512 3927 ἀπὸ
2543 3875 2699 3941 Θεοῦ,
2729 3875 2824 3929 καὶ
2850 3874 3038 3944 ἀγίους
3059 3875 3439 3938 ἀπεκτονότες,
3466 3873 3722 3946 προσθένο

2133 3985 2222 4030 τες
2254 3967 2312 4020 δὲ
2341 3967 2432 4020 τὸν
2466 3967 2706 4038 ἀρχηγὸν
2738 3968 2837 4038 τῆς
2868 3965 3030 4039 ζωῆς.
3070 3967 3136 4020 Οί
3164 3967 3221 4020 δὲ
3250 3966 3314 4038 δὴ
3338 3965 3726 4034 καταλειφθέν-

2131 4075 2243 4121 τες,
2283 4057 2428 4110 τοῦτ*
2463 4057 2630 4121 ἔστιν,
2667 4059 2717 4111 οἱ
2757 4059 3245 4130 περισεσωσμένοι,
3284 4058 3379 4112 καὶ
3422 4074 3720 4111 πεπιστευο

2131 4152 2285 4215 κότες
2326 4152 2408 4214 εἰς
2454 4149 2712 4221 Χριστὸν,
2751 4150 2800 4204 οἳ
2849 4150 2944 4203 καί
2993 4152 3099 4202 εἱσι
3140 4149 3203 4202 τὸ
3242 4148 3592 4220 κατάλειμμα
3628 4147 3722 4202 τοῦ

2143 4239 2382 4312 Ἰσραὴλ,
2405 4241 2462 4293 ὲν
2487 4239 2676 4310 πολλῇ,
2697 4240 2882 4310 φησὶν,
2906 4238 3120 4294 ἔσονται
3143 4237 3364 4310 πληθύῖ.
3385 4238 3723 4291 Πεπίστευκε

2131 4334 2239 4404 γὰρ
2271 4332 2331 4384 ού
2383 4330 2558 4404 βραχὺ
2598 4331 2762 4402 μέρος
2796 4330 2888 4383 τοῦ
2934 4331 3171 4402 Ἰσραὴλ,
3216 4331 3308 4382 καὶ
3346 4329 3503 4382 τοῦτο
3537 4332 3594 4382 ὲν
3622 4331 3722 4400 ἀρα

2133 4427 2256 4494 χαῖς
2312 4423 2404 4477 τοῦ
2454 4423 2659 4493 βιδλίου
2718 4423 2811 4476 καὶ
2845 4422 3007 4485 αὐτὸς
3049 4425 3077 4475 ὁ
3122 4423 3392 4493 μακάριος
3435 4423 3724 4493 προφήτης

442 4527 632 4566 scmus
665 4513 728 4566 ”.
761 4531 778 4565 ι
827 4513 965 4569 Aliis
1011 4531 1174 4586 porro
1230 4501 1446 4572 videtur
1479 4519 1642 4574 etiam
1698 4520 1856 4576 aliter
1913 4522 2028 4578 haec

2139 4482 2371 4581 :Hoaia;
2419 4482 2722 4587 μεμήνυκε,
2770 4515 2963 4584 λέγων·
2988 4482 3018 4566 ἰ
3046 4482 3156 4568 Keil.
3187 4515 3236 4566 εί
3279 4482 3354 4584 μὴ
3375 4482 3584 4584 Κύριος
3607 4482 3725 4568 ’.τάξ

442 4603 612 4655 verba
667 4603 1027 4675 intelligenda.
1092 4611 1377 4675 Quaerente
1430 4610 1574 4665 enim
1639 4611 1920 4682 praplteta,
1972 4623 2028 4668 et

442 4692 664 4746 volente
713 4696 852 4750 scire
906 4711 1184 4768 quousque
1239 4711 1294 4756 et
1353 4704 1590 4772 quandiu
1640 4708 2072 4760 extenderetur'

439 4787 761 4852 excecatio,
799 4791 1088 4858 respondet
1112 4792 1256 4848 Deus
1293 4813 1308 4850 ε
1341 4813 1359 4847 ι
1400 4795 1576 4852 Donec
1605 4807 1890 4853 vastentur
1935 4815 2028 4853 ur-

443 4879 563 4945 bes,
595 4887 655 4933 ut
679 4893 784 4933 non
817 4880 1146 4947 habitenlur,
1178 4895 1234 4939 et
1255 4887 1469 4951 domus,
1513 4896 1571 4942 ut
1620 4904 1724 4944 non
1766 4889 1877 4944 sint
1928 4889 2026 4945 ho-

444 4969 647 5033 mines,
698 4978 754 5023 et
801 4969 1039 5040 posthaec
1097 4973 1366 5044 elongabit
1412 4975 1554 5032 Deus
1592 4979 1837 5033 homines
1873 4995 1886 5032 :
1920 4998 1939 5031 ι
1969 4989 2025 5032 ιιι

447 5061 572 5115 inde
597 5063 1082 5121 consummationis
1111 5074 1322 5136 tempus
1374 5068 1752 5140 intelligamus.
1799 5070 2024 5139 Oportet

439 5153 589 5207 enim
625 5154 856 5223 primum
883 5154 1021 5209 bella
1043 5165 1100 5211 et
1143 5172 1390 5213 rumores
1427 5158 1689 5213 bellorum
1723 5159 1931 5226 audire,
1972 5168 2028 5213 et

398 5312 406 5318 _
439 5255 660 5310 gentem
686 5246 739 5300 in
765 5257 1006 5316 gentem,
1033 5257 1089 5304 et
1112 5265 1334 5320 regnum
1363 5263 1551 5306 contra
1584 5266 1806 5323 regnum
1849 5253 2026 5308 insur-

440 5352 596 5404 gere,
624 5347 680 5393 et
705 5343 870 5398 urbes
912 5358 977 5400 ac
1022 5345 1210 5401 domos
1258 5346 1478 5403 vastari.
1537 5346 1740 5403 Deinde
1785 5346 1860 5402 ita
1912 5346 2026 5402 fore

441 5435 560 5480 tum
592 5428 774 5495 linem,
802 5451 910 5503 quo
946 5436 1101 5510 longe
1131 5437 1257 5496 facti
1289 5451 1414 5496 sunt
1461 5439 1728 5508 homines,
1774 5440 2027 5509 deinceps

512 5583 562 5612 ’³³
621 5591 725 5646 lsa.
757 5607 796 5659 ι,
843 5600 895 5650 9.

2130 4607 2279 4662 ϐαὼο
2317 4607 2676 4677 ἐγκατέλιπεν
2717 4607 2848 4676 ἡμῖν
2880 4604 3122 4677 σπέρμα,
3157 4605 3232 4668 ὼς
3261 4604 3467 4675 Σόδομα
3506 4603 3571 4657 ἂν
3603 4606 3726 4673 ἐγεο

2129 4699 2265 4770 νήθη
2277 4716 2395 4770 μεν,
2414 4698 2508 4750 καὶ
2533 4696 2608 4761 ὡς
2634 4696 2888 4769 Γομόρρα
2922 4694 2988 4750 ἂν
3012 4694 3396 4766 ὡμοιώθημεν.
3438 4713 3456 4746 ι
3476 4698 3637 4748 Δοκεῖ
3668 4695 3726 4748 δέ

2128 4808 2238 4844 τισι
2271 4792 2362 4844 καὶ
2393 4789 2593 4860 έτέρως
2621 4791 2762 4842 νοεῖν
2792 4787 2901 4840 τῶν
2931 4786 3310 4858 προκειμένων
3340 4787 3436 4858 τὴν
3467 4787 3722 4857 δύναμιν.

2130 4885 2508 4954 Διερωτῶντος
2537 4882 2594 4934 δὲ
2622 4881 2716 4935 τοῦ
2750 4881 3053 4952 προφήτου,
3076 4880 3171 4932 καὶ
3196 4879 3496 4950 ἀναμαθεῖν
3521 4880 3725 4932 ἐθέλον.

2131 4993 2221 5039 τος
2251 4978 2330 5036 εἰς
2363 4975 2484 5028 τίνα
2517 4975 2613 5026 καὶ
2644 4974 2808 5026 πόσον
2836 4971 3200 5042 ὲκταθήσεται
3232 4971 3422 5042 καιρὸν
3464 4974 3498 5044 ἡ
3525 4971 3725 5042 πώρω-

2133 5084 2234 5131 σις,
2284 5066 2638 5138 ἀποκρίνεται
2672 5065 2840 5127 Θεός·
2882 5083 2900 5116 ι
2941 5063 3087 5128 Ἕως
3133 5063 3200 5118 ἂν
3243 5063 3608 5136 ὲρημωθῶσιν
3665 5065 3722 5116 αἱ

2131 5159 2334 5222 πόλεις,
2362 5158 2514 5231 παρά
2533 5158 2593 5211 τὸ
2634 5155 2707 5227 μὴ
2740 5155 3133 5222 κατοικεῖσθαι,
3171 5157 3264 5209 καὶ
3292 5151 3452 5219 οἶκοι,
3485 5155 3636 5225 παρά
3663 5156 3726 5208 τὸ

2134 5253 2208 5324 μὴ
2251 5247 2392 5306 εἶναι
2431 5250 2787 5324 ἀνθρώπους,
2841 5251 2935 5304 καὶ
2966 5251 3105 5318 μετά
3174 5248 3344 5304 ταῦτα
3380 5249 3650 5320 μακρυνεῖ
3694 5249 3724 5299 ὁ

2130 5349 2261 5411 Θεὸς
2286 5349 2406 5410 τοὺς
2429 5343 2768 5416 ἀνθρώπους·
2796 5364 2813 5394 ›
2841 5343 2926 5395 ἵνα
2951 5342 3038 5396 διὰ
3053 5343 3244 5396 τούτου
3275 5342 3484 5412 νοῶμεν
3505 5342 3594 5395 τὸν
3618 5339 3722 5410 τῆς

2133 5439 2442 5501 συντελείας
2474 5435 2683 5507 καιρόν,
2718 5437 2810 5488 Δεῖ
2835 5434 2942 5504 γὰρ
2971 5434 3236 5506 πρότερον
3264 5433 3533 5506 πολέμους
3571 5434 3721 5503 ἡμᾶς
