4030 6208
380 173 486 234 139

1534 171 1601 239 ta
1644 174 1869 239 ISAIAM
1909 174 2036 241 LIB.
2078 186 2118 244 ι.
2159 180 2369 246 utin.
2408 183 2497 246 tv.

3509 142 3516 149 ’
3555 190 3659 252 we

398 301 645 363 ἱκοῦσαι,
687 303 782 355 καὶ
828 302 999 366 ἀκοάς
1050 303 1300 374 πολέμων
1326 341 1341 365 ,
1392 305 1690 373 ἀναστῆναί
1726 323 1785 357 τε
1820 288 1947 359 ἔθνοι

2074 309 2329 364 nimirum
2358 320 2476 380 post
2512 321 2722 380 tempus
2761 310 3177 366 resurrectionis
3219 309 3483 380 integram
3538 312 3655 366 lou-

398 396 481 447 ἐπ’
514 394 682 455 ἔθνος,
725 392 820 446 καὶ
854 391 1130 462 βασιλείας
1169 395 1261 446 ἐπὶ
1295 393 1587 462 βασιλείας,
1616 397 1971 467 ἐρημωθῆναί

399 503 451 538 τε
499 485 700 545 πόλεις,
745 485 841 536 καὶ
886 484 1090 548 οίκους,
1124 481 1222 539 εἶθ’
1263 486 1405 540 οὓτω
1439 486 1723 549 τὺητέλος·
1764 488 1882 558 μεθ’
1909 486 1971 543 ὃν

388 575 760 645 μακρύνονται
792 576 977 630 λοιπὸν
1006 579 1055 629 ot
1082 576 1380 649 ἄνθρωποι,
1412 579 1549 650 μετὰ
1583 580 1676 634 τὸν
1707 580 1807 650 τῆς
1833 581 1969 635 ἀνα-

385 666 627 730 στάσεως
660 667 903 738 δηλονότι
950 672 1163 738 καιρὸν,
1192 669 1283 722 τὸν
1317 671 1493 740 εὐαγῆ
1524 673 1614 724 καὶ
1644 671 1971 743 μακραίωνα

380 758 676 823 διαζῶντες
705 760 840 830 βίον,
875 762 1225 833 ἀνῃρημένης
1271 764 1351 825 είς
1392 762 1537 816 ἆπαν
1583 763 1682 834 τῆς
1738 763 1967 835 φθορᾶς,

379 851 477 902 καὶ
499 850 929 922 κατηρτημένον
959 851 1051 905 τοῦ
1074 853 1325 916 θανάτου,
1340 854 1435 906 καὶ
1452 854 1667 925 ἀπάσης
1696 856 1971 925 ἁμαρτίας

2077 416 2307 472 gamqne
2361 403 2525 457 vitam
2580 405 2840 467 viventes,
2883 405 3103 458 interitu
3141 417 3361 473 prorsus
3420 402 3650 468 sublato,

2077 503 2250 548 morte
2277 496 2576 555 exinanita,
2615 495 2871 565 omnique
2898 504 3118 564 pet-cato
3162 494 3429 549 submoto.
3468 492 3649 549 Eiicie-

2077 595 2257 639 catnm
2290 599 2414 639 vero
2439 585 2689 640 lsraclem
2710 601 2848 649 esse,
2880 597 2932 638 et
2953 583 3209 638 extremis
3228 586 3408 637 mundi
3444 594 3653 654 tempo-

2076 678 2228 731 ribus
2255 679 2575 739 vocandum,
2605 693 2726 731 cum
2762 678 3041 746 Scriptura
3084 675 3345 729 divinitus
3388 675 3649 742 inspirata

2076 768 2219 823 clare
2240 767 2486 831 afﬁrmet,
2513 769 2812 837 producere
2839 778 2894 823 et
2919 768 3238 837 conquirere
3282 766 3402 822 fidei
3447 766 3650 822 facien-

2076 858 2157 911 (ἴω
2187 868 2522 926 argumenta,
2550 857 2910 913 frustraneum
2936 874 3055 912 esse
3090 859 3344 911 arbitror.

376 941 751 1014 ἐξῃρημένης.
794 946 916 998 Ὀτι
965 945 1021 999 δὲ
1062 946 1398 1017 πεπώρωται
1432 950 1461 1001 ὁ
1501 947 1738 1019 Ἰσραὴλ,
1797 948 2123 1020 κεκλήσεταί
2162 967 2226 1018 γε
2288 951 2393 1021 μὴν
2455 953 2513 1004 ἐν
2558 952 2808 1021 ἐσχάτοις
2866 950 2958 1004 τοῦ
3018 950 3210 1013 αἰῶνος
3248 953 3489 1020 καιροῖς,
3548 951 3648 1022 τῆς

377 1037 741 1092 θεοπνεύπου
780 1040 819 1091 Γ
825 1041 1003 1110 ραφῆς
1028 1040 1290 1112 λεγούσης
1327 1039 1514 1110 σαφῶς
1542 1059 1602 1095 τε
1645 1044 1739 1095 καὶ
1767 1044 2032 1114 ἐναργῶς,
2070 1046 2276 1098 εἰκαῖον
2304 1041 2456 1115 οἶμαι
2483 1046 2543 1098 τὸ
2569 1046 2947 1110 διατείνεσθαι,
2981 1047 3073 1100 καὶ
3097 1044 3283 1118 ζητεῖν
3304 1046 3373 1098 τὰ
3395 1044 3648 1100 τελοῦντα

377 1133 518 1203 πρὸς
551 1134 948 1205 πληροφορίαν.

451 1229 565 1285 Καὶ
612 1230 700 1283 ἐτι
745 1230 837 1283 ἐπ’
890 1228 1078 1296 αὐτῆς
1127 1230 1255 1284 ἐστι
1316 1230 1382 1284 τὸ
1439 1231 1810 1292 ἐπιδέκατον,
1864 1232 1960 1285 καὶ

374 1322 569 1375 πάλιν
605 1321 851 1376 ἔσονται
894 1323 982 1386 εἰς
1030 1319 1343 1391 προνομὴν
1380 1321 1461 1387 ὡς
1492 1323 1819 1390 τερέϐινθος
1861 1324 1961 1376 καὶ

373 1414 462 1477 ὡς
494 1412 776 1476 βάλανος
810 1412 959 1466 ὅταν
982 1412 1212 1482 ἐκπέσῃ
1247 1414 1367 1468 ἀπὸ
1399 1414 1509 1482 τῆς
1533 1414 1722 1482 θήκης
1751 1416 1957 1470 αὑτοῦ.

448 1505 829 1575 Διαμέμνηται
863 1505 959 1557 καὶ
990 1504 1086 1557 νῦν
1119 1505 1358 1575 ἱστορίας
1389 1506 1419 1557 ὁ
1451 1506 1787 1576 προφητικὸς
1821 1508 1957 1577 ἡμῖν

2141 1233 2306 1289 Vens.
2346 1236 2427 1289 l5.
2456 1235 2523 1288 Et
2552 1239 2723 1290 adhuc
2749 1239 2798 1289 in
2823 1238 2914 1289 illa
2945 1247 3021 1289 est
3044 1236 3341 1299 dccimatio,
3384 1246 3430 1289 et
3467 1251 3646 1289 rursus

2066 1336 2218 1378 erunt
2244 1326 2524 1392 direptioni
2565 1339 2618 1378 ut
2656 1329 2998 1391 terebinthus,
3045 1337 3091 1379 et
3132 1337 3188 1380 ut
3233 1327 3386 1397 glans
3435 1326 3645 1394 quando

2066 1418 2314 1471 exciderit
2343 1433 2407 1471 ea:
2435 1418 2586 1470 theca
2614 1435 2734 1472 sua.

2135 1510 2328 1563 incidit
2358 1512 2523 1564 etiam
2558 1510 2777 1562 nuncin
2825 1510 3149 1563 mentionem
3200 1509 3437 1563 historia:
3505 1524 3632 1578 pro-

376 1595 556 1663 λόγος,
587 1597 656 1666 ἣν
688 1597 1011 1664 ἀναγκαῖον,
1051 1596 1129 1659 ὡς
1171 1596 1369 1661 ἔοικεν,
1417 1600 1611 1651 είπείνο
1652 1596 1804 1651 ἔσται
1849 1599 1947 1670 γὰρ

2064 1601 2276 1670 phetica
2308 1600 2505 1665 oratio,
2539 1616 2698 1668 quam
2731 1617 2950 1655 necesse
2988 1610 3090 1665 est,
3140 1610 3199 1655 ut
3238 1601 3465 1665 videtur,
3498 1618 3641 1655 com-

372 1686 519 1739 οὕτω
551 1688 723 1755 σαφὲς
762 1687 820 1740 τὸ
859 1686 1204 1759 δηλούμενον.
1241 1689 1806 1760 Καταστρατευὸντων
1844 1707 1957 1743 τοι-

374 1777 580 1849 γαροῦν
638 1778 743 1847 τῆς
799 1778 1070 1834 Ἰουδαίων
1125 1778 1327 1850 χώρας,
1390 1779 1465 1843 ὡς
1520 1779 1620 1851 ήδη
1674 1783 1957 1851 προεῖπον,

370 1868 786 1925 Οὐεσπασιανοῦ
829 1886 890 1922 τε
920 1870 1015 1923 καὶ
1053 1869 1235 1935 Τίτου,
1261 1870 1621 1941 δεδαπάνηται
1652 1872 1751 1942 μὲν
1785 1875 1818 1943 ή
1848 1871 1957 1924 τῶν

386 1958 657 2012 Ἰουδαίων
697 1961 871 2030 χώρα,
920 1960 1107 2014 πόλεσι
1156 1978 1215 2014 τε
1248 1962 1383 2031 ὁμοῦ
1431 1963 1525 2016 καὶ⁹
1562 1963 1749 2025 αὐτοῖς
1788 1963 1957 2027 οἴκοις

369 2052 839 2123 ἐμπεπρησμένη,
884 2051 1064 2123 θέαμα
1118 2052 1326 2119 δεινὸν,
1383 2056 1476 2108 καὶ
1529 2054 1727 2118 παντὸς
1770 2056 1954 2109 οἴκτου

371 2143 570 2211 μεστὸν
612 2146 725 2208 τοῖς
759 2144 958 2216 ὁρῶσιν
992 2141 1082 2216 ἦν,
1122 2145 1464 2216 ὀλιγανδρίας
1498 2146 1654 2219 ἥκειν
1680 2148 1760 2210 εἰς
1796 2147 1956 2200 τοῦτο

368 2233 556 2288 λοιπὸν
577 2235 639 2288 τὸ
667 2235 816 2298 ἔθνος
840 2237 1042 2301 αὐτοῖς,
1071 2238 1147 2300 ὡς
1168 2236 1265 2308 τῆς
1288 2237 1547 2307 ἀληθείας
1571 2238 1671 2291 οὐκ
1704 2239 1954 2309 ἀφαμαρ-

368 2328 484 2377 τεῖν
520 2325 615 2378 τὸν
647 2326 892 2393 λέγοντα,
929 2326 1336 2398 περιλελεῖφθαι
1386 2327 1537 2398 μόλις
1584 2329 1642 2380 ἐν
1687 2327 1823 2398 αὐτῇ
1858 2326 1951 2380 τοῦ

371 2417 573 2480 παντὸς
623 2417 795 2488 δήμου
844 2416 906 2470 τὺ
958 2417 1301 2479 ἐπιδέκατον.
1351 2415 1481 2472 Εἶτα
1541 2418 1947 2471 διατετελέκασι

370 2510 597 2579 χρόνους
641 2508 795 2572 τινὰς
820 2509 1149 2580 πρεφόμενοι
1189 2512 1287 2581 μὲν
1320 2513 1377 2564 ὲν
1427 2510 1640 2581 εἰρήνῃ,
1683 2509 1823 2579 πλὴν
1853 2513 1953 2563 οὐκ

369 2600 477 2663 ἔξω
506 2600 801 2670 δειμάτων,
835 2602 930 2655 τοῦ
966 2603 1060 2655 καὶ
1094 2601 1335 2665 εἰσαῦθις
1374 2601 1565 2655 παθεῖν
1598 2601 1699 2672 τὴν
1727 2600 1947 2673 δῄωσιν,

366 2690 398 2743 ὃ
428 2691 498 2761 δὴ
530 2692 627 2743 καὶ
656 2691 896 2759 γέγονεν.
941 2692 1217 2765 Ἀδριανὸς
1252 2694 1361 2764 γάρ
1404 2695 1544 2746 κατά
1585 2694 1811 2765 καιροὺς
1839 2684 1950 2746 τῶν

378 2784 668 2853 Ῥωμαίων
702 2784 977 2855 βασιλείας
1025 2784 1227 2840 διέπων
1262 2786 1388 2849 τοὺς
1440 2785 1674 2850 θάκους,
1712 2787 1805 2839 καὶ
1842 2786 1948 2857 μὴν

2063 1706 2366 1745 memorare
2403 1709 2418 1746 :
2464 1693 2543 1747 sic
2608 1692 2713 1746 erit
2750 1693 2889 1759 quod
2935 1694 3222 1761 exponitur
3269 1691 3637 1747 manifestum.

2060 1782 2506 1852 Oppugnantibus
2536 1782 2697 1851 igitur
2746 1784 3018 1851 regionem
3068 1782 3374 1847 .ludairam,
3431 1794 3487 1836 ut
3522 1783 3635 1852 jam

2059 1885 2181 1927 ante
2206 1874 2339 1937 dixi,
2376 1874 2703 1945 Vespasiano
2740 1883 2793 1927 et
2835 1873 2978 1934 Tito,
3041 1874 3156 1943 ipsa
3207 1874 3341 1928 adeo
3377 1876 3508 1926 urbs
3544 1871 3640 1926 Ju-

2059 1965 2293 2016 daeorum
2321 1965 2501 2017 excisa
2536 1974 2638 2027 est,
2674 1981 2776 2017 una
2808 1979 2928 2017 cum
2960 1965 3269 2019 civitatibus
3307 1974 3363 2018 et
3386 1965 3638 2019 domibus

2056 2064 2272 2118 exusta,
2304 2064 2358 2106 et
2391 2054 2756 2125 spectaculum
2802 2054 3021 2109 crudele
3062 2054 3186 2120 fuit,
3229 2070 3291 2108 ac
3332 2053 3637 2109 videntibus

2056 2160 2217 2213 quam
2259 2145 2739 2201 luctuOsissimutn.
2777 2147 2985 2201 Etenim
3023 2146 3090 2200 ad
3141 2156 3344 2200 tantam
3394 2146 3633 2201 virorum

2057 2237 2379 2305 paucitatem
2425 2252 2555 2307 gens
2587 2237 2800 2291 illorum
2834 2237 3045 2301 recidit,
3084 2247 3196 2291 uta
3232 2251 3358 2291 vero
3385 2236 3634 2291 deﬂuxu-

2057 2343 2146 2381 rns
2172 2345 2274 2380 non
2320 2330 2411 2391 sit,
2457 2329 2544 2394 qui
2588 2328 2670 2381 vix
2714 2329 2878 2383 totius
2909 2329 3088 2399 populi
3126 2329 3537 2384 decimationem
3579 2329 3632 2383 in

2052 2435 2113 2474 ea
2140 2421 2472 2490 superfuisse
2491 2420 2707 2473 dixerit.
2729 2419 2929 2474 Deinde
2957 2421 3352 2489 aliquantulum
3379 2421 3634 2489 temporis

2053 2512 2105 2565 in
2132 2527 2263 2580 pace
2290 2511 2383 2565 alti
2408 2512 2823 2579 conservatiqne
2873 2523 3308 2579 pertnansernnt,
3349 2528 3451 2566 non
3496 2512 3632 2566 citra
3691 2562 3697 2567 .

2052 2614 2253 2658 metum
2294 2613 2469 2658 tamen
2527 2604 2690 2658 etiam
2734 2603 2987 2673 deinceps
3034 2605 3390 2658 vastationem
3441 2618 3632 2673 perpe-

2054 2695 2216 2749 tiendi
2251 2697 2426 2764 :quod
2457 2694 2654 2750 factum
2690 2703 2795 2751 est.
2825 2694 2960 2749 Nam
3005 2696 3274 2749 Adrianus
3306 2694 3431 2748 olim
3480 2693 3631 2762 regni

2050 2786 2279 2840 Romani
2322 2786 2511 2839 solium
2561 2794 2769 2849 tenens,
2820 2795 2877 2840 et
2923 2786 3225 2840 Antiochus
3273 2783 3520 2848 lllustris,
3577 2784 3649 2836 in“
3711 2781 3715 2785 ’

342 2895 351 2907 ι
380 2875 651 2945 Ἀντίοχος
673 2876 902 2947 ἐπίκλην
941 2876 1260 2948 Ἐπιφανὴς,
1298 2877 1641 2947 κατέδραμον
1684 2881 1781 2948 τῆς
1817 2879 1946 2930 Ἰου-

2055 2876 2324 2946 regionem
2356 2873 2665 2930 Jndmorum
2703 2876 3069 2966 incursionem
3114 2875 3379 2935 fecerunt,
3410 2883 3464 2927 et
3499 2871 3631 2926 nihil

366 2965 535 3018 δαίων
560 2964 765 3037 χώρας,
799 2968 895 3020 καὶ
925 2968 1077 3021 οὐδὲν
1101 2963 1170 3039 ἦν
1199 2969 1256 3019 ἐν
1294 2966 1474 3037 μείοσι
1503 2966 1611 3018 τῶν
1642 2966 1809 3019 πάλαι
1845 2984 1944 3018 κα-

367 3057 484 3112 κῶν
542 3059 1075 3131 προσερημουμένων
1133 3057 1422 3129 λειψάνων,
1465 3056 1828 3128 πεμπομένων
1867 3059 1948 3121 εἰς

363 3150 749 3219 αίχμαλωσίαν
793 3150 904 3203 τῶν
944 3150 1413 3222 κατειλημμένων,
1457 3151 1546 3203 ὅτε
1595 3149 1691 3204 καὶ
1732 3148 1803 3204 τὰ
1838 3147 1946 3202 τῶν

342 3235 727 3296 Μακκαδαίων
739 3243 936 3315 συνέϐη
960 3243 1213 3312 γενέσθαι
1234 3243 1401 3313 πάθη.
1425 3242 1547 3296 Τῶν
1578 3243 1833 3297 τοιούτων
1864 3242 1944 3296 δι-

360 3332 670 3404 ηγημάτων
691 3336 827 3405 ήμῖν
855 3337 1087 3388 ποιεῖται
1119 3336 1218 3405 τήν
1250 3336 1471 3406 μνήμην
1516 3337 1574 3387 ἐν
1604 3333 1945 3406 προηγορεύ-

363 3441 450 3478 σει
471 3425 635 3479 πάλιν
655 3428 683 3480 ὁ
705 3426 814 3479 τῶν
840 3426 975 3480 ὅλων
989 3426 1121 3489 Θεὸς
1141 3427 1234 3481 καί
1262 3445 1444 3499 φησιν·
1473 3448 1491 3480 ι
1521 3429 1640 3481 Ἔτι
1668 3429 1754 3482 ἐπ’
1777 3428 1945 3498 αὐτῆς

357 3518 484 3571 ἐστι
532 3517 595 3571 τὸ
642 3518 978 3582 ἐπιδέκατον,
1014 3520 1107 3573 καὶ
1135 3520 1295 3575 πάλιν
1321 3520 1474 3574 ἔσται
1494 3522 1574 3584 εἰς
1606 3521 1936 3591 προνομήν.»

359 3608 447 3662 Οὐ
470 3608 580 3679 γὰρ
604 3608 705 3673 ἔξω
731 3609 1005 3679 φροντίδος
1032 3610 1294 3679 κείσεται,
1332 3613 1488 3684 φησὶ,
1523 3612 1627 3665 κᾶν
1662 3612 1710 3664 εί
1738 3613 1795 3664 ἐν
1829 3611 1940 3664 λει-

353 3698 559 3766 ψάνοις
587 3699 811 3768 γένοιτο,
851 3701 948 3755 καὶ
981 3701 1136 3755 τοῦτο
1179 3705 1416 3774 μικροῖς,
1460 3702 1570 3756 τῶν
1616 3702 1886 3756 Ἰουδαίων
1913 3703 1943 3755 ὁ

352 3790 556 3861 δῆμος
584 3790 699 3844 ἀλλ’
722 3792 877 3845 ἐσται
897 3791 1057 3846 πάλιν
1076 3794 1157 3856 είς
1179 3795 1477 3865 προνομήν.
1509 3794 1801 3862 Γενήσεται
1822 3792 1878 3846 δὲ
1907 3795 1939 3865 ή

353 3880 513 3952 χώρα
542 3882 636 3937 καὶ
659 3883 783 3937 τότε
808 3884 970 3938 πάλιν
1001 3886 1183 3950 αὐτοῖς
1212 3886 1288 3950 ὡς
1312 3886 1639 3957 τερέϐινθος,
1665 3888 1757 3939 καὶ
1788 3887 1941 3941 αὐτοὶ

348 3972 412 4025 δὲ
457 3973 536 4037 ὡς
585 3972 835 4043 βάλανος,
881 3976 970 4028 ὅτε
1019 3976 1225 4048 ἐκπέσῃ
1258 3977 1365 4030 ἀπὸ
1400 3976 1500 4045 τῆς
1540 3976 1711 4049 θήκης
1750 3976 1936 4032 αὐτοῦ.

348 4064 530 4117 Omen
553 4066 651 4135 μὲν
678 4066 787 4137 γάρ
817 4068 850 4138 ή
876 4064 1205 4138 τερέϐινθος,
1226 4068 1339 4121 ἀλλ’
1367 4069 1415 4121 εί
1440 4068 1655 4137 γένοιτο
1674 4069 1782 4122 τῶν
1814 4070 1940 4138 φύλ-

347 4155 462 4207 λων
492 4155 755 4227 ἀποϐολὴ,
789 4156 925 4210 πολὺ
952 4156 1016 4228 δή
1043 4156 1171 4211 λίαν
1194 4155 1303 4226 ἔχει
1331 4156 1392 4209 τὸ
1417 4157 1676 4227 ἀτερπὲς,
1705 4157 1937 4228 ξηροτά-

345 4263 478 4308 τ.υς
519 4246 658 4316 ἔχων
698 4247 825 4310 τοὺς
861 4246 1090 4311 κλῶνας.
1129 4249 1285 4302 Κατά
1303 4246 1492 4303 τοῦτον
1513 4244 1665 4319 οἶμαι
1694 4248 1785 4301 τὸν
1806 4250 1933 4319 τρό-
1967 4230 2012 4289 D

348 4349 473 4397 πον,
510 4337 604 4390 καὶ
628 4336 781 4408 χώρα
827 4335 1074 4391 παθοῦσα
1099 4337 1207 4393 τῶν
1233 4338 1582 4392 ἐνοικούντων
1610 4338 1780 4411 αὐτὴν
1804 4340 1932 4411 ἐρή-

354 4444 558 4497 μωσιν,
577 4430 638 4482 ἐν
669 4429 770 4501 ίσῳ
802 4448 906 4483 που
938 4431 1154 4494 πάντως
1187 4429 1373 4503 ξηροῖς
1397 4429 1551 4484 ἔσται
1585 4433 1790 4500 φυτοῖς,
1816 4434 1930 4491 τοῖς

349 4522 470 4573 κατ’
510 4523 681 4595 αὐτὴν
721 4524 824 4577 οὐκ
866 4523 1050 4594 ἔχουσι
1092 4524 1193 4594 τὴν
1226 4524 1414 4593 ἄνθην,
1454 4516 1590 4578 ἀλλά
1623 4524 1718 4578 καὶ
1758 4524 1932 4594 αὐτῆς

350 4612 629 4684 παθούσης
655 4614 757 4685 τῆς
783 4615 1030 4684 φυλλίδος
1059 4615 1156 4685 τὴν
1176 4614 1466 4689 ἀποϐολήν.
1508 4616 1741 4687 Ὁμοίως
1773 4618 1806 4687 ή
1837 4616 1925 4686 βά-

346 4702 504 4766 λανος
527 4704 740 4774 καρπὸς
766 4704 866 4775 μέν
892 4707 1010 4758 ἐστι
1035 4704 1215 4776 δρυός·
1248 4705 1377 4765 ὅταν
1403 4705 1461 4760 δὲ
1495 4706 1596 4776 τῆς
1627 4704 1799 4777 θήκης
1832 4707 1927 4759 ἐκ·

347 4794 513 4868 πέσῃ,
537 4796 660 4849 τότε
692 4795 1085 4869 παρακείσεται
1107 4797 1220 4861 τοῖς
1242 4797 1487 4850 εἰωθόσιν
1512 4797 1681 4868 αὐτὴν
1711 4796 1932 4850 κατανέ-

350 4885 546 4955 μεσθαι
571 4884 681 4939 τῶν
713 4885 886 4950 ζώων.
913 4886 1120 4942 Οὐκοῦν
1149 4888 1182 4958 ἡ
1213 4887 1311 4959 μὲν
1340 4886 1448 4940 τῶν
1484 4887 1748 4942 Ἰουδαίων
1777 4886 1929 4959 χώρα

348 4975 660 5046 μεμίμηται
683 4976 782 5049 τὴν
805 4976 1114 5047 τερέὸινθον
1146 4976 1526 5031 ἀποϐαλοῦσαν
1554 4978 1625 5031 τά
1650 4978 1841 5047 φῦλλα.
1865 4981 1929 5033 Οἱ

344 5066 405 5121 δὲ
440 5067 646 5139 ταύτης
679 5068 1145 5134 ἀποπεπτωκότες
1175 5068 1261 5122 διά
1308 5068 1402 5122 τοῦ
1452 5069 1681 5141 δραμεῖν
1732 5072 1811 5132 είς
1842 5073 1930 5122 αξη

344 5161 680 5229 ιμαλωσίαν,
712 5159 788 5225 ὡς
820 5161 1039 5231 βάλανοι
1093 5161 1387 5225 κείσονται,
1440 5162 1721 5232 μονονουχὶ
1755 5159 1926 5233 θήκης

350 5251 492 5315 ιδίας
518 5252 931 5317 ἐκπεπτωκότες
952 5256 1051 5324 τῆς
1077 5253 1407 5325 ἐνεγκούσης
1437 5254 1653 5319 αὐτούς.
1678 5254 1929 5308 Τοιοῦτόν

337 5358 398 5394 τι
439 5342 532 5395 καὶ
565 5344 595 5397 ὁ
625 5341 877 5415 Σολομὼν
911 5361 1095 5416 φησιν’
1137 5365 1154 5398 ι
1187 5346 1396 5416 ’Ὠσπερ
1435 5345 1621 5415 ὄρνεον
1670 5347 1801 5399 ὅταν
1835 5346 1929 5399 ἐκ·

419 5517 464 5550 ⁸⁸
509 5517 647 5575 Prov
711 5536 879 5584 urit.
914 5523 968 5579 8.

2049 2967 2388 3035 Super-iurum
2422 2965 2684 3019 malorum
2722 2965 2878 3035 113
2915 2963 3019 3018 non
3052 2975 3168 3017 erat
3217 2965 3270 3018 in
3311 2966 3430 3019 istis
3472 2963 3632 3016 mini-

2048 3057 2153 3111 mis
2186 3058 2424 3127 quidem,
2457 3056 2702 3126 reliquiis
2737 3056 3054 3120 devastatis,
3093 3055 3275 3109 missis
3305 3056 3357 3107 in
3402 3054 3628 3124 captivi-

2052 3156 2214 3201 tatem
2263 3148 2350 3201 his
2401 3148 2491 3217 (ιιιί
2548 3147 2922 3218 comprehensi
2972 3156 3150 3208 erant.
3210 3146 3423 3215 quando
3467 3147 3629 3201 etiam

2048 3237 2472 3293 Maccabaeorum
2528 3239 2667 3293 mala
2720 3238 3051 3294 acciderunt.
3098 3235 3413 3305 Hujusmodi
3468 3237 3632 3306 igitur

2047 3330 2392 3385 historiarum
2429 3330 2760 3385 mentionem
2796 3329 2955 3384 nobis
2985 3327 3113 3383 facit
3138 3332 3315 3383 denuo
3354 3328 3405 3381 in
3443 3328 3632 3382 vaticio

2019 3421 2135 3476 .nio
2169 3420 2539 3475 universitatis
2568 3418 2730 3483 Deus,
2760 3429 2814 3473 et
2839 3420 3011 3489 inquit
3042 3437 3053 3472 :
3083 3420 3422 3474 «Adhuccrit
3451 3419 3503 3472 in
3539 3418 3628 3471 illa

2044 3512 2352 3574 decimatio,
2383 3522 2436 3565 et
2459 3527 2645 3567 rursus
2674 3511 2777 3564 erit
2808 3510 3151 3579 direptioni.»
3183 3508 3296 3562 Non
3319 3512 3462 3563 enim
3490 3523 3619 3562 cura

2044 3604 2328 3675 abjicietur
2359 3604 2537 3672 populi
2560 3603 2789 3667 Judaici,
2827 3603 3035 3657 tametsi
3066 3603 3272 3670 positus
3302 3603 3370 3654 sit
3419 3603 3470 3655 in
3502 3602 3628 3656 reli-

2042 3695 2185 3767 quiis
2203 3698 2383 3766 parvis
2412 3714 2426 3750 :
2447 3698 2540 3750 sed
2565 3711 2754 3749 rursus
2771 3696 2874 3747 erit
2897 3693 3203 3761 direptioni.
3222 3693 3437 3760 Eritque
3465 3694 3626 3745 etiam

2044 3799 2169 3842 tunc
2183 3788 2378 3842 iterum
2395 3787 2497 3841 illis
2512 3788 2658 3857 regio
2676 3799 2773 3840 ceu
2796 3784 3149 3849 terebinthus,
3165 3792 3219 3838 et
3232 3784 3331 3852 ipsi
3349 3798 3442 3835 reu
3474 3782 3628 3851 glans

2040 3881 2254 3951 quando
2294 3878 2553 3948 ceciderit
2596 3892 2626 3931 e
2675 3876 2831 3929 theca
2875 3890 2991 3929 sua.
3032 3874 3219 3941 Arbor
3270 3874 3485 3942 qni‘lem
3539 3882 3627 3928 est

2043 3969 2400 4033 terebinthus,
2431 3978 2485 4021 at
2513 3967 2556 4021 si
2601 3966 2726 4020 folia
2777 3963 3120 4029 deﬂuxerint,
3174 3962 3330 4018 valde
3379 3964 3483 4017 erit
3529 3965 3623 4018 de-

2042 4061 2252 4124 formis,
2317 4073 2493 4112 ramos
2535 4057 2738 4112 habens
2788 4057 3143 4112 aridissimos.
3196 4053 3321 4110 Pari
3400 4055 3614 4109 ratione

2040 4152 2202 4208 etiam
2241 4151 2408 4220 regio,
2461 4159 2518 4204 ut
2569 4149 2700 4204 mihi
2744 4149 2976 4213 videtur,
3037 4163 3161 4203 cum
3220 4145 3622 4203 habitatoribus

2039 4244 2152 4299 suis
2196 4244 2540 4305 destiluetur,
2573 4240 2765 4297 similis
2795 4240 3016 4295 omnino
3043 4239 3149 4294 erit
3183 4238 3470 4294 arboribus
3512 4237 3623 4291 ari—

2039 4338 2143 4402 dis,
2184 4351 2302 4405 quae
2331 4334 2517 4389 ﬂorem
2567 4348 2722 4388 suum
2776 4347 2881 4387 non
2931 4332 3152 4394 habent,
3204 4331 3298 4386 sed
3354 4341 3409 4384 et
3470 4328 3617 4385 foliis

2039 4428 2429 4483 destituuntur.
2484 4425 2752 4481 Similiter
2796 4424 2951 4494 glans
3002 4422 3212 4477 fructus
3267 4421 3486 4492 quidem
3538 4434 3623 4477 est

2039 4537 2300 4592 quercus;
2350 4520 2788 4592 quando'autem
2834 4521 2989 4573 theca
3040 4516 3326 4582 exciderit,
3374 4527 3484 4571 tum
3538 4517 3620 4572 his

2042 4630 2161 4681 qua:
2193 4627 2311 4666 eam
2358 4616 2646 4681 depascere
2674 4610 2854 4665 solent
2906 4610 3273 4664 animantibus
3324 4610 3618 4680 prostitue-

2043 4714 2149 4759 tur.
2187 4704 2419 4759 Proinde
2449 4701 2755 4759 Iudaeorum
2802 4702 2952 4772 regio
2993 4703 3206 4757 imitata
3263 4710 3348 4756 est
3392 4702 3623 4757 terebin-

2041 4797 2189 4851 thuin
2228 4811 2347 4867 quae
2380 4794 2509 4851 folia
2543 4793 2765 4864 abjecit.
2808 4792 2911 4860 Qui
2964 4803 3143 4848 autem
3189 4808 3251 4847 ea
3291 4790 3616 4854 exciderint,

2038 4888 2092 4941 in
2122 4886 2492 4955 captivitatem
2518 4884 2803 4955 fugientes,
2840 4883 3096 4954 jacebttnt
3124 4883 3294 4938 inStar
3317 4881 3611 4951 glandium,

2040 4977 2420 5047 prOpemodum
2454 4991 2551 5031 sua
2603 4976 2785 5039 theca,
2831 4983 2995 5037 terra,
3032 4974 3271 5042 inquam,
3327 4985 3445 5038 qua:
3495 4969 3618 5022 tulit

2031 5086 2124 5125 eos
2158 5068 2456 5124 exturbati.
2508 5066 2695 5123 Simile
2752 5064 3002 5135 quiddam
3071 5073 3126 5118 et
3171 5062 3425 5115 Solomon
3478 5059 3554 5113 ait
3598 5075 3612 5113 :

2035 5182 2052 5213 ι
2092 5160 2242 5217 Sicut
2274 5161 2390 5215 avis
2424 5176 2548 5215 cum
2584 5155 2840 5212 ceciderit
2868 5169 2933 5208 ex
2965 5168 3063 5207 suo
3098 5151 3243 5215 nido,
3273 5149 3351 5203 sic
3371 5159 3424 5203 et
3452 5150 3614 5204 homo

2029 5271 2149 5309 cum
2174 5270 2272 5308 suo
2302 5252 2420 5309 loco
2445 5248 2804 5307 dimovebitur
2837 5245 2904 5298 ".
2951 5262 2970 5296 ι
3021 5242 3158 5309 Quid
3207 5240 3350 5294 enim
3397 5240 3483 5294 his
3522 5242 3612 5309 qui

2032 5347 2083 5401 in
2117 5346 2433 5415 captivitate
2464 5352 2588 5399 sunt
2633 5337 2749 5393 ﬁeri
2801 5345 2975 5405 potest
3025 5331 3421 5389 miserabilius?
3471 5332 3615 5403 Quid
