4002 6212
459 173 554 232 191
595 126 609 148 ο

1447 177 1506 231 S.
1543 175 1824 232 CYRILLI
1863 174 2332 233 ALEXANDRINI
2368 175 2685 234 ARCHIEP.

3609 173 3736 232 199..

455 306 589 346 Vero
620 299 726 346 tam
762 289 1018 346 miserum
1051 298 1209 346 estet
1245 300 1350 346 tam
1381 291 1750 362 proculcatum
1793 306 1855 346 ac
1893 305 2022 346 con-

2138 290 2274 362 πέσῃ
2313 291 2375 342 ὲκ
2411 289 2509 360 τῆς
2554 290 2690 352 ίδίας
2731 289 2941 352 καλιᾶς,
2974 288 3117 342 οὕτω
3149 290 3241 341 καὶ
3273 288 3558 359 ἄνθρωπος
3586 288 3733 342 ὅταν

460 381 775 452 temptibile,
806 398 964 453 quam
1000 383 1244 437 homines
1271 383 1323 436 in
1358 397 1571 436 manum
1609 383 1830 436 victoris
1871 382 2008 437 inci-

457 473 585 527 dere
602 472 626 527 ἲ

2118 382 2445 454 ἀποσπασθῇ
2469 385 2533 435 ὲκ
2561 381 2667 436 τῶν
2700 383 2845 436 ίδίων
2875 383 3076 436 τόπων.
3121 402 3140 434 ι
3167 382 3232 434 Τί
3265 381 3376 451 γὰρ
3401 381 3468 434 ἂν
3503 378 3734 449 γένοιτο

2132 474 2242 527 τῶν
2297 475 2354 526 ὲν
2399 473 2746 544 αἰχμαλωσίᾳ
2795 473 2856 526 τὸ
2900 473 3282 544 οίκτρότερον;
3338 472 3403 524 Τί
3449 470 3507 524 δὲ
3543 466 3734 532 οὕτως

455 561 684 616 ἐλεεινὸν
719 562 813 614 καὶ
841 579 1058 632 πεπατη
1068 562 1248 632 μένον,
1281 563 1357 626 ὡς
1384 561 1704 634 ἀνθρώπους
1731 562 1838 615 ὑπὸ
1875 564 2034 632 χεῖρα
2061 566 2248 615 πεσεῖν
2277 563 2386 616 τῶν
2421 561 2839 632 κεκρατηκότων
2856 579 2875 628 ;

523 654 651 708 CAP.
689 653 801 712 Vll.
828 670 973 708 rens.
1012 654 1060 707 1.
1089 654 1153 708 Et
1187 657 1384 723 factum
1413 666 1486 710 est
1527 656 1578 709 in
1615 656 1795 708 diebus
1827 655 2026 708 Achazi

454 745 553 811 ﬁlii
585 743 856 807 Joatham,
883 744 985 812 ﬁlii
1013 744 1155 799 Oziw
1183 747 1315 814 regis
1346 744 1526 811 Judaz,
1552 747 1786 800 ascendit
1820 745 2025 800 Rhada-

454 852 548 887 um
579 850 667 887 rex
701 834 892 902 Syriaz,
927 845 974 889 et
1013 833 1215 890 Plumae
1236 837 1376 905 ﬁlius
1410 835 1656 890 Rontelia:
1697 853 1790 890 rex
1833 837 2024 902 Israel,

454 935 631 974 contra
647 923 943 977 Jerusalem
974 925 1042 976 ad
1076 925 1416 978 obsidendum
1452 943 1587 991 eam,
1618 937 1664 979 et
1699 942 1802 979 non
1845 936 2029 994 potue-

455 1023 573 1066 runt
607 1029 904 1084 expugnare
938 1031 1074 1068 eam.

521 1101 623 1169 Qui
665 1103 717 1156 in
761 1102 1058 1172 Scripturis
1105 1106 1363 1160 divinitus
1414 1107 1692 1176 iuspiratis
1742 1109 2023 1162 historiam

454 1203 512 1246 ut
544 1207 657 1246 rem
683 1191 930 1248 frivolam
981 1197 1280 1263 repudiauit,
1330 1197 1554 1266 fugiunt,
1597 1208 1651 1252 ut
1696 1199 1925 1263 videtur,
1963 1216 2025 1252 (ιο

453 1300 561 1352 quo
587 1285 743 1339 decet
774 1286 950 1352 modo,
996 1303 1057 1340 ea
1093 1304 1213 1357 qua:
1244 1289 1298 1342 in
1342 1290 1470 1359 ipsis
1497 1292 1699 1358 scripta
1753 1303 1898 1357 sunt,
1947 1293 2021 1344 in-

456 1374 712 1443 telligere.
738 1375 1047 1446 Speculatio
1076 1379 1218 1432 enim
1243 1379 1529 1450 spiritalis,
1557 1395 1677 1450 quae
1701 1381 1839 1436 bona
1861 1392 1944 1436 est
1974 1391 2030 1436 et

455 1467 626 1531 utilis,
656 1475 711 1521 et
753 1467 1118 1538 intelligentia:
1164 1470 1348 1526 oculos
1395 1473 1631 1526 maxime
1687 1471 2026 1539 collustrans,

457 1557 861 1613 corllatissimos
904 1561 1120 1630 quidem
1170 1562 1359 1631 elIicit;
1395 1566 1610 1634 quando
1644 1563 1804 1637 ιιῆ,
1850 1575 2027 1619 autem

455 1648 660 1716 aliquid
702 1648 960 1707 historice
1003 1662 1212 1720 gestum
1258 1669 1326 1709 ex
1376 1657 1549 1711 sacris
1603 1655 1823 1711 Litteris
1875 1657 2028 1711 nobis

456 1736 700 1806 aﬁ‘ertur,
752 1750 878 1798 tunc
944 1743 1086 1798 illam
1154 1761 1273 1815 qua:
1332 1761 1398 1802 ex
1461 1747 1686 1802 historia
1737 1747 2024 1802 utilitatem

2205 655 2314 708 Καὶ
2352 654 2587 724 ἐγένετο
2617 655 2687 708 ἐν
2713 654 2842 716 ταῖς
2864 652 3111 723 ἡμέραις
3138 649 3323 719 Ἀχαζ
3336 650 3443 704 τοῦ
3481 651 3737 718 Ἰωαθάμ

2132 747 2241 802 τοῦ
2275 748 2410 818 υἱοῦ
2455 746 2635 808 Ὸζῖου
2663 744 2969 812 βασιλέως
3014 743 3219 806 Ἰούδα,
3267 743 3451 809 ἀνέϐη
3509 741 3738 796 Ῥαασ-

2135 836 2264 892 σὼν
2290 838 2590 904 ,ϐασιλεὺς
2622 838 2873 906 ΣιῬΙας,
2903 836 3001 890 καὶ
3033 833 3223 889 Φακεὲ
3247 834 3376 900 υἱὸς
3417 835 3683 900 Ῥομελιό
3696 853 3736 886 ι’

2131 929 2434 994 βασιλεὺς
2468 928 2705 996 Ἰσραὴλ
2766 926 2863 981 ἐπὶ
2924 926 3314 995 Ἰερουσαλὴμ
3376 924 3732 992 πολεμῆσαι

2133 1021 2348 1089 αὐτὴν,
2377 1022 2475 1074 καὶ
2509 1023 2618 1075 οὐκ
2647 1019 3045 1087 ἠδυνήθησαν
3073 1011 3475 1085 πολιορκῆσαι
3505 1017 3731 1082 αὑτήν.

2205 1115 2269 1166 Oi
2307 1111 2404 1182 τὴν
2445 1113 2503 1164 ὲν
2530 1113 2648 1174 ταῖς
2683 1110 3063 1173 θεοπνεύστοις
3096 1109 3340 1180 Γραφαῖς
3372 1107 3615 1177 ἱστορίαν
3647 1105 3736 1168 ὡς

2133 1202 2300 1256 ἕωλον
2349 1199 2795 1271 παραιτούμενοι,
2841 1198 3104 1268 φεύγουσι
3153 1197 3296 1250 κατὰ
3353 1195 3419 1248 τὸ
3459 1194 3608 1258 εἰκὸς
3661 1193 3736 1246 τὺ

2134 1292 2275 1346 νοεῖν
2315 1287 2596 1352 δύνασθαι,
2637 1286 2760 1341 καθ’
2790 1288 2848 1340 ὃν
2875 1288 3140 1357 προσήκει
3167 1286 3387 1357 τρόπον,
3423 1284 3493 1338 τὰ
3531 1287 3590 1337 ὲν
3619 1284 3729 1337 αὒ-

2132 1384 2244 1444 τοῖς
2270 1379 2652 1452 γεγραμμένα.
2692 1378 2906 1451 Θεωρία
2938 1379 3037 1449 μὲν
3065 1377 3174 1446 γάρ
3209 1375 3551 1447 πνευματικὴ
3579 1376 3733 1446 καλή

2134 1491 2192 1526 τε
2225 1473 2317 1526 καὶ
2349 1472 2690 1543 όνησιφόρος,
2725 1471 2822 1524 καὶ
2854 1470 2952 1541 τῆς
2979 1469 3216 1532 διανοίας
3238 1469 3330 1521 τὸν
3357 1467 3636 1538 ὀφθαλμὸν
3659 1463 3733 1522 εὖ

2139 1563 2282 1635 μάλα
2349 1560 2887 1633 καταλαμπρύνουσα
2937 1559 3390 1629 νουνεχεστάτους
3445 1556 3730 1617 ἀποτελει.

2138 1659 2306 1711 Ὅταν
2345 1657 2402 1710 δέ
2447 1675 2498 1709 τι
2531 1655 2644 1709 τῶν
2703 1656 2990 1726 ἱπορικῶς
3043 1653 3452 1724 πεπραγμένων
3493 1650 3580 1704 διὰ
3610 1650 3734 1702 τῶν

2140 1749 2302 1820 ἱερῶν
2331 1750 2462 1819 ήμῖν
2484 1745 2831 1818 Γραμμάτων
2861 1744 3203 1814 είσφέρηται,
3229 1743 3351 1796 τότε
3396 1741 3459 1812 δή
3499 1741 3621 1793 τότε
3659 1741 3735 1793 τὸ

458 1831 720 1897 nascitur,
765 1837 1017 1904 aucupari
1060 1839 1234 1901 decet,
1282 1849 1341 1893 ut
1377 1838 1717 1909 Scripturam
1768 1841 2029 1895 divinitus

2138 1839 2198 1891 ἐκ
2255 1839 2352 1910 τῆς
2407 1835 2650 1906 ἱστορίας
2700 1834 2968 1906 χρήσιμον
3022 1831 3289 1904 θηρᾶσθαι
3343 1831 3562 1902 πρέπει,
3633 1830 3733 1884 ἵνα

459 1923 776 1990 inspiratam
810 1931 1165 1998 undecunque
1189 1945 1287 1985 nos
1313 1942 1366 1986 et
1386 1947 1606 1987 scrvare
1637 1943 1690 1988 et
1714 1931 1905 2002 iuvare
1933 1949 2030 2003 ap-

456 2023 662 2082 pareat.
715 2016 945 2073 Enarrat
995 2020 1177 2091 itaque
1230 2023 1383 2078 nobis
1433 2024 1581 2079 hisce
1625 2025 1805 2080 verbis
1854 2039 2034 2080 sermo

457 2106 826 2174 propheticus,
851 2125 972 2179 qua:
990 2120 1232 2182 tempore
1256 2114 1404 2185 regni
1437 2114 1583 2170 Oziae
1615 2116 1860 2171 tribubus
1894 2115 2030 2171 Juda

459 2206 510 2248 et
543 2195 839 2268 Beniamin,
875 2201 1166 2272 decemque
1189 2204 1436 2262 tribubus
1459 2207 1511 2262 in
1536 2207 1808 2272 Samaria,
1839 2223 1958 2277 quae
1979 2219 2033 2264 et

461 2287 715 2356 Ephraim
751 2291 1170 2349 nominabantur
1200 2308 1256 2351 et
1283 2297 1474 2365 Israel,
1508 2299 1873 2369 contigerunt.
1897 2298 2030 2354 Cum

461 2391 590 2432 vero
614 2388 847 2446 quatuor
872 2397 1056 2450 regum
1119 2389 1449 2454 temporibus
1501 2389 1748 2442 universa
1799 2389 2034 2458 prophe-

465 2468 552 2519 tizc
598 2469 773 2523 oratio
829 2470 1012 2526 habita
1060 2473 1153 2548 sit,
1196 2490 1316 2543 quae
1357 2477 1628 2547 sigillatim
1692 2480 2030 2548 contingunt,

461 2557 612 2623 ponit
658 2559 941 2630 propheta,
978 2564 1351 2636 signiﬁcatque
1403 2569 1736 2634 necessario,
1789 2570 2033 2625 ordinem

461 2650 593 2704 visis
645 2660 807 2721 atque
862 2656 1206 2713 sermonibus
1268 2659 1382 2714 suis
1443 2659 1704 2729 optimum
1749 2661 2032 2717 adhibens.

464 2740 724 2798 Defuncto
756 2744 917 2814 igitur
960 2748 1176 2813 Azaria,
1226 2749 1316 2818 qui
1361 2757 1418 2806 et
1461 2749 1641 2816 Ozias,
1702 2754 1940 2808 succedit
1983 2756 2033 2808 in

462 2846 686 2901 regnum
715 2831 992 2902 Joatbam,
1017 2851 1348 2910 scopumque
1374 2855 1437 2896 ac
1478 2841 1720 2896 instituta
1753 2845 1923 2913 patris
1951 2845 2034 2898 sui

461 2933 780 2990 persecutus
801 2936 902 2982 est.
946 2928 1151 2983 Dicitur
1186 2931 1382 3002 quippe
1409 2941 1464 2986 et
1498 2933 1612 3003 ipse
1639 2934 1691 2988 in
1719 2934 1893 2990 oculis
1940 2934 2037 2988 Do-

461 3014 594 3068 nnini
628 3014 819 3073 fecisse
849 3027 1078 3085 rectum,
1106 3004 1556 3090 quemadmodum
1595 3037 1648 3079 et
1686 3023 1879 3094 Ozias;
1935 3043 2033 3082 ve-

463 3122 581 3162 rum
619 3109 831 3164 excelsa
863 3126 965 3165 non
993 3113 1234 3179 sustulit,
1265 3115 1359 3168 sed
1389 3117 1684 3170 etiamnum
1715 3120 1946 3187 populus
1979 3120 2030 3173 in

2134 1927 2472 1998 πανταχόθεν
2501 1927 2650 1997 ἡμᾶς
2688 1927 2721 1996 ή
2759 1923 3114 1986 θεόπνευστος
3146 1921 3338 1993 Γραφὴ
3375 1920 3626 1984 σώζουσά
3660 1937 3728 1972 τε

2134 2020 2227 2072 καὶ
2251 2017 2537 2088 ὠφελοῦσα
2564 2017 2843 2088 φαίνηται.
2883 2017 3200 2086 ’Δφηγείται
3221 2014 3400 2066 τοίνυν
3438 2015 3465 2065 6
3502 2029 3727 2081 προφη-

2133 2110 2283 2173 τικὸς
2309 2111 2438 2180 ἡμῖν
2468 2111 2526 2162 ὲν
2549 2109 2759 2166 τούτοις
2792 2107 2949 2174 λόγος
2979 2106 3048 2158 τὰ
3085 2107 3143 2158 ὲν
3177 2106 3387 2174 καιροῖς
3409 2103 3507 2171 τῆς
3543 2102 3730 2166 Ὀζίου

2137 2202 2412 2272 βασιλείας
2448 2199 2832 2272 συμϐεϐηκότα
2856 2202 2968 2261 τοῖς
2994 2196 3053 2262 ἐξ
3081 2197 3250 2250 Ἰούδα
3283 2197 3377 2248 καὶ
3406 2195 3722 2264 Βενιαμεὶν,

2135 2294 2227 2346 καὶ
2257 2295 2377 2356 ταῖς
2403 2294 2459 2345 ὲν
2478 2293 2544 2362 τῇ
2570 2290 2854 2361 Σαμαρείᾳ
2879 2289 3009 2342 δέκα
3034 2287 3244 2356 φυλαῖς,
3279 2285 3335 2339 αἳ
3358 2287 3451 2338 καὶ
3479 2283 3726 2355 Ἐφραῒμ.

2135 2383 2501 2455 ὠνομάζοντο,
2537 2381 2631 2435 καὶ
2661 2381 2760 2451 μέν
2791 2397 2871 2433 τοι
2900 2380 2995 2433 καὶ
3027 2377 3265 2449 Ἰσραήλ.
3315 2377 3532 2446 Ἐπειδὴ
3573 2375 3630 2428 δὲ
3661 2377 3727 2429 ὲν

2137 2476 2346 2545 καιροῖς
2364 2472 2649 2543 τεσσάρων
2675 2469 2936 2541 βασιλέων
2961 2470 2989 2521 6
3011 2468 3231 2539 σύμπας
3257 2469 3356 2538 τῆς
3379 2466 3730 2538 προφητείας,

2135 2568 2327 2635 γέγονε
2345 2565 2521 2634 λόγος.
2543 2564 2611 2618 τὰ
2638 2566 2695 2618 ὲν
2722 2565 2835 2626 τοῖς
2861 2561 3091 2614 ἑκάστου
3116 2562 3326 2631 καιροῖς
3346 2575 3410 2612 συ
3419 2557 3725 2629 μϐαίνοντα

2135 2657 2346 2728 τίθησιν
2387 2659 2416 2710 6
2449 2656 2755 2727 προφήτης,
2797 2656 2890 2710 καὶ
2923 2653 3234 2721 ἀναγκαίως
3272 2649 3720 2719 ἐπισημαίνεται,

2086 2764 2091 2769 '
2135 2750 2287 2814 τάξιν
2341 2751 2456 2811 ταῖς
2503 2747 2782 2818 όράσεσιν,
2827 2747 2945 2818 ἦτοι
3002 2748 3116 2808 τοῖς
3160 2740 3356 2797 ἑαυτοῦ
3405 2741 3581 2809 λόγοις
3617 2741 3723 2810 τὴν

2137 2838 2366 2908 ἀρίστην
2393 2836 2669 2898 ἐπιτιθείς.
2699 2833 3004 2896 Τεθνεῶτος
3025 2831 3314 2904 τοιγαροῦν
3345 2830 3597 2900 Ἀζαρίου
3625 2831 3722 2882 καὶ

2134 2929 2230 2982 τοῦ
2276 2928 2473 2993 Ὀζίου,
2512 2927 2812 2997 διαδέχεται
2850 2925 2949 2996 τὴν
2986 2923 3260 2994 βασιλείαν
3302 2921 3546 2986 Ἰωαθὰν,
3589 2922 3722 2991 ἡκο-

2135 3021 2364 3092 λούθησέ
2415 3038 2474 3074 τε
2523 3019 2600 3091 τῷ
2635 3019 2840 3090 σκοπῷ,
2886 3017 2979 3072 καὶ
3021 3019 3134 3079 τοῖς
3179 3012 3577 3084 ἐπιτηδεύμασι
3621 3011 3723 3066 τοῦ

2139 3113 2270 3168 ίδίου
2299 3113 2524 3185 πατρός.
2565 3110 2793 3180 Λέγεται
2825 3109 2925 3181 μὲν
2957 3108 3065 3179 γὰρ
3095 3107 3190 3161 καὶ
3217 3107 3381 3170 αὐτὸς
3421 3107 3478 3160 ἐν
3517 3103 3722 3174 ὀφθαλ-

464 3199 697 3255 excelsis
751 3201 1026 3261 adolebat.
1084 3204 1151 3258 Et
1201 3205 1361 3261 Ozias
1412 3207 1627 3275 quidem
1684 3221 1881 3278 praeter
1955 3211 2031 3266 las

2141 3207 2262 3276 μοῖς
2281 3204 2486 3274 Κυρίου
2516 3202 2740 3272 ποιῆσαι
2768 3201 2827 3254 τὸ
2849 3200 3027 3264 εὺθὲς,
3056 3199 3199 3253 καθὰ
3225 3201 3318 3253 καὶ
3347 3198 3548 3264 Ὀζίας,
3577 3197 3722 3268 πλὴν

464 3280 680 3341 sacrum
709 3303 904 3344 munus
927 3291 1136 3356 ambiit,
1172 3301 1226 3346 et
1267 3294 1464 3351 olferre
1499 3296 1716 3352 incensa
1749 3314 2037 3369 aggressus

465 3386 568 3441 est,
599 3386 652 3432 et
677 3393 795 3432 eam
825 3381 894 3434 ob
925 3396 1140 3435 causam
1184 3383 1329 3452 lepra
1371 3384 1598 3440 affectus
1643 3397 1748 3442 est.
1785 3387 2036 3445 Joatham

464 3477 643 3522 autem
669 3485 773 3523 non
803 3472 904 3527 sic.
943 3469 1236 3542 Postquam
1265 3483 1318 3529 et
1349 3475 1438 3530 ille
1477 3477 1758 3546 migrasset
1803 3493 1834 3532 e
1877 3479 2033 3547 vivis,

464 3559 791 3630 subrogatur
826 3562 877 3616 in
911 3577 1134 3634 regnum
1162 3567 1432 3632 Achazus,
1468 3568 1813 3637 imperitante
1859 3571 2038 3627 adhuc

465 3650 741 3717 lsraelitis,
771 3653 824 3708 id
859 3663 962 3720 est,
1007 3657 1192 3712 decem
1233 3659 1504 3726 tribubus,
1536 3657 1751 3717 Phacee
1787 3663 1896 3718 lilio
1930 3662 2037 3718 Ro-

466 3741 660 3799 meliae.
696 3742 794 3799 Hic
816 3746 1012 3801 bellum
1037 3758 1223 3805 contra
1245 3751 1518 3806 Achazum
1553 3762 1608 3808 et
1631 3751 1820 3809 Judam
1850 3756 2036 3820 movit,

463 3843 519 3889 et
545 3850 652 3890 uno
678 3838 764 3892 die
786 3849 998 3895 centum
1031 3841 1217 3912 viginti
1247 3843 1414 3898 millia
1445 3844 1738 3902 interemit.
1787 3846 2037 3902 lrritatus

465 3938 554 3982 est
590 3930 734 3984 enim
797 3933 1169 3991 universitatis
1224 3937 1388 4003 Deus,
1453 3950 1675 4009 propter
1730 3939 2034 4010 impietates

463 4019 686 4086 Achati,
732 4021 798 4078 de
831 4038 937 4092 quo
996 4027 1258 4095 scriptum
1323 4038 1409 4083 est
1459 4040 1652 4099 quarto
1703 4030 2035 4101 Regnorum,

466 4114 608 4182 quod
637 4113 690 4168 in
729 4115 817 4170 via
851 4116 992 4186 regis
1019 4116 1181 4172 Israel
1222 4120 1530 4176 ambularit.
1577 4121 1705 4178 Erat
1751 4123 1895 4178 enim
1955 4125 2040 4179 vir

467 4205 683 4274 impius,
706 4213 762 4260 et
793 4208 1066 4264 serviebat
1094 4209 1273 4275 idolis,
1303 4221 1358 4266 et
1375 4211 1575 4267 liberos
1591 4228 1718 4270 suos
1734 4230 1831 4284 per
1860 4215 2037 4286 ignem

465 4297 724 4364 traduxit,
758 4298 1051 4355 immundis
1077 4300 1412 4357 dazmonibus
1440 4304 1775 4360 sacriﬁcans.
1809 4305 2040 4376 Tempo-

464 4386 614 4441 ribus
637 4387 818 4457 itaque
849 4390 1016 4460 ipsius
1053 4394 1224 4464 regni,
1261 4402 1314 4447 et
1346 4394 1463 4463 ipse
1497 4393 1707 4450 Pbacee
1750 4395 1893 4451 ﬁlius
1925 4396 2030 4452 Ro-

463 4475 658 4542 meliaz,
681 4487 735 4532 et
762 4479 1040 4536 Rhaasson
1065 4497 1159 4538 rex
1183 4484 1368 4551 Aram,
1400 4484 1482 4556 id.
1497 4493 1584 4539 est
1625 4483 1816 4555 Syriae,
1849 4495 2036 4542 contra

464 4565 834 4640 Hierosolyma
899 4581 952 4628 et
993 4571 1128 4629 Juda
1184 4576 1594 4647 conspirarunt,
1666 4589 2038 4647 veneruntque

463 4658 849 4729 papulabundi.
894 4663 1090 4720 Verum
1119 4679 1222 4720 non
1253 4678 1510 4737 ceperunt
1541 4669 1751 4724 urbem.
1787 4669 2038 4724 Achazns

465 4760 667 4818 autem,
701 4751 1111 4823 impressionem
1141 4756 1530 4815 intolerabilem
1552 4771 1819 4823 metuens,
1842 4775 2038 4815 acervo

2139 3295 2205 3349 τὰ
2226 3294 2403 3365 ὑψηλὰ
2435 3295 2534 3347 οὑκ
2563 3293 2774 3364 ἐξῆρεν,
2803 3291 2917 3346 ἀλλ’
2944 3291 3024 3344 ἔτι
3054 3292 3083 3343 6
3106 3290 3234 3353 λαὸς
3254 3289 3494 3359 ἐθυμίων
3528 3292 3586 3343 ὲν
3606 3292 3723 3351 τοῖς

2140 3387 2383 3458 ὑψηλοῖς.
2419 3387 2527 3439 Καὶ
2550 3385 2783 3456 ἐζήτησε
2818 3384 2917 3454 μὲν
2952 3384 3132 3448 Ὀζίας
3156 3383 3305 3454 παρὰ
3328 3383 3390 3434 τὸ
3419 3381 3538 3448 ἐξὸν
3574 3382 3725 3454 lepa-

2139 3481 2324 3534 τεῦσαι
2349 3478 2488 3551 Θεῷ,
2518 3479 2612 3531 καὶ
2649 3478 3034 3548 προσενεγκεῖν
3075 3474 3416 3545 θυμιάματα,
3445 3473 3540 3526 καὶ
3568 3471 3721 3525 λελέ-

2140 3588 2354 3642 πρωται
2383 3572 2587 3641 ταύτης
2611 3569 2774 3623 ἕνεκα
2799 3569 2897 3639 τῆς
2923 3567 3120 3631 αίτίας.
3141 3565 3362 3621 Ἰωαθάν
3391 3584 3453 3635 γε
3482 3565 3589 3637 μὴν
3620 3565 3723 3634 οὐχ

2139 3663 2331 3727 οὕτως.
2373 3662 2590 3734 Ἐπειδὴ
2615 3662 2673 3716 δὲ
2701 3662 2794 3716 καὶ
2822 3660 2984 3725 αὐτὸς
3023 3660 3256 3727 ἀπεϐίω,
3289 3659 3588 3730 διαδέχεται
3620 3656 3724 3728 τὴν

2141 3751 2419 3824 βασιλείαν
2464 3754 2494 3806 6
2534 3751 2732 3824 Ἀχαζ,
2783 3751 3159 3824 βασιλεύοντος
3210 3751 3302 3804 ἐπὶ
3347 3750 3438 3804 τὸν
3483 3748 3721 3821 Ἰσραὴλ,

2139 3840 2282 3894 τοῦτ’
2306 3840 2444 3904 ἐστι,
2473 3840 2582 3894 τῶν
2608 3840 2816 3894 δώδεκα
2844 3839 3049 3911 φυλῶν,
3072 3841 3248 3894 Φακεὲ
3269 3839 3386 3893 υἱοῦ
3415 3839 3718 3909 Ῥομελίου.

2141 3926 2309 3998 Οὗτος
2365 3934 2620 4005 κεκίνηκε
2666 3933 2902 4004 πόλεμον
2949 3933 3090 3987 κατά
3135 3933 3229 3987 τοῦ
3269 3931 3443 4003 Ἀχαζ
3492 3933 3587 3986 καὶ
3625 3933 3721 3987 τοῦ

2139 4026 2331 4091 Ἰούδα,
2368 4027 2463 4079 καὶ
2489 4025 2775 4079 ἀπέκτεινε
2809 4025 2908 4096 μὲν
2939 4027 2996 4078 ὲν
3031 4027 3129 4097 μιᾷ
3169 4026 3353 4096 ἡμέρᾳ
3398 4024 3594 4078 ἑκατὸν
3625 4025 3722 4078 καὶ

2140 4116 2313 4170 εἴκοσι
2339 4115 2602 4187 χιλιάδας.
2634 4115 3026 4186 Παρωτρύνετο
3058 4115 3168 4186 γὰρ
3212 4118 3240 4168 6
3270 4115 3380 4167 τῶν
3416 4114 3553 4168 ὅλων
3589 4113 3723 4177 Θεὸς

2139 4207 2198 4258 ὲν
2229 4207 2346 4268 ταῖς
2367 4203 2463 4257 τοῦ
2483 4203 2658 4275 Ἀχαζ
2677 4205 3034 4272 δυσσεϐείαις,
3062 4205 3189 4276 περ)⁸
3204 4199 3265 4260 οὗ
3296 4205 3390 4258 καὶ
3413 4205 3721 4276 γέγραπται

2139 4297 2197 4350 ὲν
2234 4298 2300 4368 τῇ
2341 4295 2577 4368 τετάρτῃ
2609 4295 2718 4350 τῶν
2749 4295 3063 4362 Βασιλειῶν,
3099 4297 3181 4350 ὅτι
3217 4296 3496 4368 ,ἐπορεύθη
3531 4299 3588 4349 ὲν
3617 4297 3725 4366 ὁδῷ

2143 4388 2404 4459 βασιλέως
2454 4388 2691 4460 Ἰσραήλ.
2725 4389 2919 4458 Γέγονε
2963 4389 3072 4460 γὰρ
3109 4390 3250 4461 ἀνὴρ
3298 4389 3585 4460 δυσσεϐὴς,
3629 4392 3727 4443 καὶ

2139 4479 2496 4551 λελάτρευκεν
2529 4480 2788 4544 εἰδώλοις,
2839 4482 2932 4535 καὶ
2971 4481 3040 4535 τὰ
3083 4481 3250 4535 τέκνα
3294 4480 3458 4534 αὐτοῦ
3493 4481 3726 4550 διήγαγε

2139 4569 2227 4624 διὰ
2256 4570 2428 4641 πυρὸς
2455 4569 2811 4641 καταθυμιῶν
2839 4573 2952 4634 τοῖς
2977 4571 3308 4644 ἀκαθάρτοις
3331 4571 3601 4641 δαίμοσιν.
3636 4571 3728 4624 Ἐν

2137 4665 2348 4732 καιροῖς
2372 4661 2655 4733 τοιγαροῦν
2682 4662 2780 4732 τῆς
2797 4662 2991 4716 ἑαυτοῦ
3021 4663 3297 4734 βασιλείας
3325 4661 3730 4734 ωνεφράξαντο

2140 4755 2281 4820 κατά
2312 4771 2372 4806 τε
2405 4752 2512 4807 τῶν
2550 4751 2942 4824 Ἰεροσολύμων
2976 4753 3071 4820 καὶ.
3108 4753 3300 4820 Ἰούδα,
3333 4753 3495 4816 αὑτός
3526 4770 3588 4806 τε
3616 4755 3726 4805 Φα-

463 4846 812 4913 pecuniarum
849 4861 1042 4916 magno
1082 4860 1367 4921 congesto,
1427 4852 1492 4906 ad
1543 4851 2031 4924 Tbeglaphasarum

2140 4847 2232 4900 κεὲ
2266 4847 2294 4899 6
2319 4833 2726 4916 τοῦ⁹⁹Ρομελίου
2752 4885 2767 4910 ,
2791 4845 2887 4899 καὶ
2915 4841 3195 4898 Ῥαασσὼν
3227 4843 3478 4914 βασιλεὺς
3526 4844 3726 4914 Ἀρὰμ,

462 4951 642 5008 regem
689 4939 1034 5011 Assyriorum
1075 4942 1279 5013 legatos
1317 4944 1500 5009 mittit,
1559 4960 1755 5015 rogans
1810 4956 1868 4998 ut
1912 4947 2031 5000 velil

2138 4938 2283 4991 τοῦτ’
2331 4937 2446 4990 ἔστι
2490 4936 2707 5006 Συρίας.
2762 4937 2874 4989 Καὶ
2923 4931 3087 5008 ἦλθον
3133 4937 3210 5001 ὡς
3259 4935 3726 5010 καταδῃώσοντες,

462 5028 564 5083 sibi
598 5031 842 5086 subsidio
899 5047 1039 5098 esse,
1089 5042 1255 5104 utque
1294 5045 1480 5090 contra
1537 5033 1817 5089 Rhaasson
1883 5049 2031 5088 arma

2141 5031 2280 5102 πλὴν
2312 5031 2410 5099 οὐχ
2441 5025 2581 5082 εἷλον
2614 5029 2712 5099 τὴν
2734 5028 2908 5086 πόλιν.
2941 5028 3135 5093 Δεδιὼς
3160 5027 3216 5081 δὲ
3253 5027 3352 5099 τὴν
3374 5028 3561 5097 ἔφοδον
3595 5028 3731 5095 ἀφόρ
3756 5059 3768 5076 ι

464 5123 659 5192 capiat.
683 5124 834 5192 Quod
857 5125 1019 5181 etiam
1057 5126 1122 5182 ad
1150 5128 1351 5182 exitum
1378 5127 1700 5197 perductum
1726 5135 1844 5192 est;
1881 5126 2031 5198 115

2143 5139 2304 5195 ρητον
2337 5118 2500 5176 οὖσαν
2531 5124 2560 5175 6
2586 5122 2781 5192 Ἀχαζ,
2809 5122 3056 5195 ἄθροισιν
3099 5121 3199 5194 μὲν
3234 5125 3471 5176 ποιεῖται
3505 5120 3730 5192 χρημά-

467 5214 846 5288 profectusque
886 5219 1141 5290 Assyrius
1173 5219 1316 5287 cepit
1358 5219 1696 5282 Damascum,
1748 5219 2031 5272 obtrunca-

2141 5230 2248 5266 των
2281 5212 2500 5282 πολλὴν,
2530 5211 2894 5284 πρεσϐεύεται
2930 5212 2987 5266 δὲ
3033 5213 3170 5283 πρὸς
3215 5213 3305 5268 τὸν
3357 5211 3578 5281 βασιλέα
3619 5208 3733 5263 τῶν

468 5307 546 5360 vit
574 5306 873 5367 Rhaasson.
906 5310 1116 5368 Mortuo
1149 5321 1329 5368 autem
1365 5311 1576 5366 Phacec
1617 5310 1726 5365 ﬁlio
1758 5309 2031 5376 Romelize,

2159 5304 2459 5376 Ἀσσυρίων
2506 5303 2985 5374 Θεγλαφολλασὰρ,
3045 5302 3422 5386 ἐπαμύνεσθαί
3456 5319 3515 5355 τε
3576 5301 3728 5372 αὐτῷ

467 5396 561 5466 qui
593 5401 836 5468 regnavit
883 5402 936 5457 in
972 5403 1221 5459 Samaria
1249 5418 1412 5474 super
1448 5402 1724 5468 lsraelem,
1761 5411 2031 5470 sceptrum

2150 5399 2475 5470 παρακαλεῖ,
2507 5397 2601 5450 καὶ
2623 5394 3198 5471 καταστρατεύσασθαι
3226 5394 3322 5448 τοῦ
3369 5392 3670 5454 Ῥαασσὼν,
3702 5393 3726 5444 δ

470 5489 701 5555 rapessit
726 5491 864 5547 Osee
900 5492 1041 5549 ﬁlius
1074 5496 1211 5562 Ehe;
1247 5511 1356 5568 quo
1383 5504 1663 5568 regnante,
1701 5491 1906 5550 invadit
1937 5491 2031 5548 Sa-

2151 5490 2214 5560 δὴ
2252 5491 2343 5544 καὶ
2399 5491 2479 5553 είς
2532 5488 2706 5560 πέρας
2752 5489 3058 5558 ἐνήνεκται.
3097 5485 3297 5541 Ἐλθὼν
3344 5485 3401 5539 δὲ
3446 5486 3722 5555 Ἀσσύριος

475 5579 699 5638 mariam
738 5581 1080 5640 Salmanasar
1106 5589 1380 5658 Assyrius,
1416 5598 1690 5657 totamque
1733 5585 2031 5657 occupavit,

2153 5576 2260 5638 εἷλε
2301 5582 2397 5651 τὴν
2429 5581 2735 5652 Δαμασκὸν,
2765 5578 3049 5635 ἀπέκτεινε
3079 5579 3134 5634 δὲ
3167 5578 3261 5633 καὶ
3292 5579 3383 5634 τὸν
3419 5576 3721 5634 Ῥαασςών.
