4030 6208
296 370 397 427 195

1454 356 1522 412 IN
1563 357 1794 415 ISAIAM
1832 357 1960 414 LIB.
1994 359 2037 414 l.
2072 356 2280 414 ORAT.
2325 355 2413 410 Π.

3437 366 3541 428 ιρι

290 461 719 529 ἰἰλευτήσαντος
763 454 820 507 δὲ
863 451 1076 505 καὶτοῦ
1107 451 1281 504 Φακεὲ
1320 449 1414 502 τοῦ
1463 451 1741 521 Ῥομελίου
1774 451 1866 506 τοῦ

1973 451 2220 506 lsraelem
2243 449 2512 519 captivum
2545 446 2784 512 abduxit,
2831 458 2886 503 et
2920 449 2970 504 in
3018 449 3212 506 finibus
3251 453 3536 514 Persarum

291 553 710 622 βασιλεύσαντος
737 546 878 600 κατὰ
909 544 1006 614 τὴν
1042 543 1354 613 Σαμαρείαν
1378 542 1472 594 ἐπὶ
1506 543 1596 595 τὸν
1627 543 1863 614 Ἰσραὴλ,

288 644 594 713 διαδέχεται
615 641 678 692 τὸ
705 637 983 707 σκῆπτρον
1021 633 1176 704 Ὠσηὲ
1207 632 1322 696 υίὸς
1350 633 1511 698 Ἤλα,
1539 624 1600 686 οὗ
1629 633 1870 704 βασιλεύο

296 751 501 797 σαντος,
532 732 754 803 ἔρχεται
779 727 921 781 κατὰ
952 725 1049 797 τὴν
1095 725 1405 795 Σαμαρεὶαν
1451 725 1816 795 Σαλμανασὰρ
1842 726 1871 777 6

295 826 596 896 Ἀσσύριος,
643 823 738 876 καὶ
790 814 901 872 εἷλε
958 819 1057 889 μὲν
1103 819 1302 878 πᾶσαν,
1343 817 1643 886 ἆπεκόμισε
1682 816 1738 870 δὲ
1781 816 1870 869 τὸν

302 918 516 989 Ἰσραὴλ
571 914 935 985 αἰχμάλωτον,
989 910 1084 962 καὶ
1127 907 1422 980 ἀπῴκησεν
1460 909 1517 960 ἐν
1561 910 1674 970 τοῖς
1721 908 1870 976 ὄρεσι

293 1007 515 1079 Περσῶν
548 1008 644 1059 καὶ
673 1005 892 1074 Μήδων·
929 996 1046 1054 εἶτα
1082 999 1233 1062 τινὰς
1272 999 1380 1052 τῶν
1412 1000 1501 1068 ὑφ’
1534 997 1712 1068 ἑαυτῷ
1741 1015 1872 1052 κατ-

291 1101 454 1152 οικεῖν
512 1096 764 1150 ἐκέλευσε
804 1093 903 1163 τὴν
955 1088 1285 1159 Σαμαρείαν,
1321 1088 1412 1142 τόν
1447 1105 1505 1140 τε
1545 1090 1608 1140 ὲκ
1635 1085 1868 1149 Χουνθὰ,

292 1188 379 1242 καὶ
408 1187 503 1240 τὸν
528 1182 936 1254 Σαπφαρουῖαν.
965 1181 1284 1250 Γέγραπται
1324 1179 1432 1250 γὰρ
1463 1178 1636 1237 οὕτως
1672 1180 1728 1231 ὲν
1753 1181 1871 1240 ταῖς

290 1276 629 1338 Βασιλείαις,
666 1275 758 1326 καὶ
791 1271 999 1342 μακρὸς
1033 1270 1132 1340 μὲν
1178 1271 1206 1322 6
1234 1271 1314 1338 ἐφ’
1352 1269 1564 1338 ἑκάστῳ
1593 1268 1700 1321 τῶν
1729 1269 1874 1338 εἰρη-

293 1370 468 1438 μένων
497 1365 653 1434 λόγος
693 1364 844 1433 παρά
891 1380 953 1430 γε
998 1365 1062 1431 τῇ
1106 1360 1448 1429 θεοπνεύστῳ
1478 1359 1691 1430 Γραφῇ,
1734 1359 1871 1423 πλὴν

292 1460 601 1528 πεποίημαι
667 1456 765 1526 τὴν
822 1456 1098 1522 ἀφήγησιν
1156 1451 1568 1523 βραχυλογήσας
1631 1451 1705 1514 ὡς
1769 1451 1868 1505 ενι.

300 1545 567 1615 Ἐροῦμεν
614 1542 670 1596 δὲ
705 1542 800 1596 καὶ
843 1540 947 1594 ἀνὰ
983 1541 1146 1612 μέρος
1180 1540 1406 1603 ἕκαστα,
1435 1543 1552 1603 ταῖς
1597 1540 1704 1592 τῶν
1737 1557 1871 1611 προ-

1978 556 2042 597 ac
2078 540 2353 595 Medorum
2399 539 2726 594 collocavit:
2773 541 2964 595 deinde
3009 545 3271 612 quosdam
3314 550 3405 618 qui
3449 567 3540 607 se-

1973 649 2095 687 cum
2121 641 2292 698 erant,
2315 632 2477 700 jussit
2517 631 2748 686 incolere
2780 629 3100 698 Samariam,
3147 639 3235 706 qui
3261 639 3326 694 de
3358 641 3541 696 Chun-

1982 727 2068 778 tha
2101 733 2148 777 et
2182 724 2592 792 Sappharviam.
2638 721 2727 777 Sic
2769 724 2911 777 enim
2949 725 3000 778 in
3045 724 3244 795 Regnis
3280 731 3539 801 scriptum

1972 825 2076 868 est.
2122 814 2186 868 Et
2235 815 2448 882 quidem
2495 814 2562 868 de
2604 813 2828 883 singulis
2866 830 2984 884 quae
3016 816 3154 870 dicta
3211 828 3337 872 sunt
3383 820 3538 891 longa

1973 917 2058 961 est
2095 909 2146 960 in
2175 906 2452 974 Scriptura
2485 906 2741 960 divinitus
2772 907 3030 974 inspirata
3086 908 3284 974 oratio,
3316 920 3372 964 at
3411 929 3540 965 nar-

1977 1002 2235 1054 rationem
2288 1001 2425 1054 banc
2473 1010 2672 1067 quanta
2720 1000 2868 1054 licuit
2912 1001 3174 1055 brevitate
3230 1016 3543 1071 persecutus

1973 1109 2112 1146 sum.
2153 1093 2257 1146 Sed
2293 1093 2655 1161 particulatim
2689 1093 2930 1147 dicemus
2959 1093 3188 1164 singula,
3229 1094 3544 1148 verborum-

1973 1201 2077 1254 que
2105 1184 2423 1240 sententiam
2449 1185 2639 1238 ordine
2667 1184 3076 1254 explicabimus.
3095 1253 3099 1256 .
3120 1185 3316 1240 Diebus
3355 1186 3540 1254 igitur,

1973 1277 2166 1346 inquit,
2201 1277 2400 1330 Acbazi
2429 1275 2523 1330 ﬁlii
2564 1274 2831 1340 Joatham,
2883 1276 2977 1330 ﬁlii
3019 1277 3141 1332 Ozze
3191 1280 3330 1345 regis
3379 1276 3539 1336 Juda.

1976 1369 2255 1421 ltltaassnn
2292 1383 2382 1422 rex
2416 1368 2603 1431 Aram,
2635 1367 2738 1423 hoc
2780 1378 2864 1422 est
2895 1367 3088 1438 Syrias,
3128 1379 3181 1424 et
3222 1368 3430 1424 Phaceo
3477 1371 3540 1424 li-

1974 1459 2076 1511 lius
2113 1458 2368 1511 Romeliae
2395 1473 2490 1511 rex
2511 1459 2692 1521 Israel,
2722 1460 3102 1528 conspirarunt
3127 1471 3310 1515 contra
3353 1461 3540 1514 lliero-

1972 1550 2202 1621 solyma,
2238 1559 2292 1603 et
2327 1559 2687 1618 pervenerunt
2722 1551 2990 1604 civitatem
3029 1550 3275 1612 deleturi.
3302 1566 3421 1605 eam
3454 1562 3539 1604 ta-

290 1635 561 1704 κειμένων
593 1633 822 1694 ἐννοίαις
853 1632 1127 1702 ἑπόμενοι.
1147 1631 1232 1684 Ἐν
1256 1633 1375 1694 ταῖς
1397 1631 1634 1702 ἡμέραις
1671 1631 1867 1695 τοίνυν,

290 1723 469 1791 φησιν,
505 1720 682 1792 ’Δχαζ
720 1719 813 1774 τοῦ
851 1719 1073 1773 Ἰωαθὰν
1107 1719 1200 1772 τοῦ
1227 1718 1344 1773 υίοῦ
1390 1719 1564 1784 Ὀζίου
1606 1719 1866 1789 βασιλέως

1972 1731 2282 1800 scriptionis
2307 1739 2360 1784 et
2391 1729 2720 1800 prafationis
2757 1730 2874 1785 loco
2903 1738 2963 1785 et'
2997 1747 3094 1786 ceu
3139 1718 3234 1802 per
3275 1733 3542 1788 narratio-

300 1809 490 1874 Ἰούδα,
565 1810 1063 1880 συμπεφωνήκασιν
1126 1810 1155 1862 ὃ
1201 1827 1259 1862 τε
1311 1810 1588 1864 Ῥαασσὼν
1621 1811 1866 1881 βασιλεὺς

1975 1834 2092 1873 nem
2119 1830 2457 1874 eventorum.
2503 1819 2804 1875 Declaravit
2840 1822 2966 1876 item
3009 1823 3290 1876 consilium
3336 1825 3538 1893 ipsum-

301 1902 497 1972 Ἀράμ,
531 1901 674 1956 τοῦτ’
701 1902 836 1967 ἐστι,
868 1901 1085 1973 Συρίας,
1112 1903 1205 1955 καὶ
1238 1903 1412 1956 Φακεὲ
1445 1903 1559 1967 υίὸς
1587 1902 1860 1974 Ῥομελίου

1970 1924 2067 1978 que
2094 1918 2364 1974 conatum,
2392 1909 2716 1980 subjicitque
2741 1912 2994 1964 continuo
3017 1913 3090 1966 rei
3112 1912 3278 1980 ipsius
3295 1915 3494 1967 exitum
3522 1931 3535 1966 :

290 1992 544 2063 βασιλεὺς
579 1994 814 2066 Ἰσραὴλ,
855 1994 996 2046 κατὰ
1031 1994 1138 2047 τῶν
1168 1993 1574 2065 Ἰεροσολύμων,
1610 1994 1866 2062 ἀφίκοντο

1974 2017 2076 2052 non
2108 2000 2250 2053 enim
2281 2010 2566 2068 potuerant
2593 2015 2710 2054 eam
2740 2016 3069 2070 cppnguare.

288 2081 342 2133 δὲ
367 2083 836 2153 καταδῃὼσοντες,
863 2083 1002 2152 πλὴν
1021 2083 1122 2136 οὐκ
1143 2081 1482 2152 ἠδυνήθησαν
1511 2084 1870 2155 πολιορκῆσαι
1902 2087 2094 2158 αὐτην.
2128 2090 2356 2161 Εἴρηται
2377 2091 2434 2144 δὲ
2483 2089 2654 2144 ταῦτα
2701 2091 2837 2154 τέως
2852 2093 2909 2143 ὲν
2940 2093 3262 2162 προγραφῆς
3288 2094 3535 2164 δυνάμει.

289 2176 380 2228 καὶ
408 2178 485 2239 ὡς
509 2178 567 2228 ὲν
595 2177 867 2248 ἀφηγήσει
892 2178 985 2230 τοῦ
1011 2177 1438 2249 συμϐεϐηκότος.
1463 2180 1624 2250 Δηλοῖ
1643 2182 1750 2250 γὰρ
1797 2182 1897 2253 τὴν
1937 2184 2129 2253 σκέψιν
2191 2187 2285 2239 καὶ
2334 2187 2467 2239 αὐτὸ
2512 2187 2570 2240 δὲ
2603 2187 2664 2239 τὸ
2721 2186 3048 2257 ἐγχείρημα,
3099 2190 3437 2259 προσεπάγει
3483 2191 3542 2245 δὲ

291 2274 650 2344 παραχρῆμα,
703 2273 795 2326 καὶ⁵
838 2273 898 2326 τὸ
937 2271 1028 2326 τοῦ
1076 2273 1399 2344 πράγματος
1426 2275 1618 2346 πέραςο
1659 2277 1734 2330 Οὐ
1763 2277 1870 2347 γὰρ
1902 2278 2266 2350 ἠδυνήθησαν,
2295 2282 2450 2352 φησὶ,
2478 2280 2837 2352 πολιορκῆσαι
2865 2280 3055 2352 αὑτήν.

361 2365 468 2419 Kal
515 2363 822 2433 ἀνηγγέλη
868 2367 954 2430 εις
989 2363 1094 2417 τὸν
1127 2361 1293 2418 οἶκον
1345 2365 1520 2419 Δαόὶὸ
1565 2366 1866 2436 λέγοντες.

2018 2371 2214 2425 'Vsns.
2245 2371 2298 2425 2.
2350 2370 2421 2424 Et
2473 2373 2830 2425 renuntiatum
2880 2384 2956 2426 est
3001 2373 3180 2428 domui
3239 2373 3454 2428 Dauidis
3506 2393 3539 2428 α

291 2459 336 2510 Σ
339 2454 729 2524 υνεεεώνησεν
758 2457 927 2524 Ἀρὰμ
949 2455 1099 2523 πρὸς
1121 2457 1510 2527 τὸνἘξρραῖμ,
1527 2460 1622 2512 καὶ
1649 2459 1866 2528 ἐξέστη

1974 2462 2283 2528 dicentibus,
2343 2462 2672 2531 Conspiravil
2740 2464 2904 2516 Aram
2987 2480 3104 2516 cum
3169 2462 3445 2531 Eplrraim,
3491 2482 3539 2520 et

292 2549 330 2613 ἠ
360 2550 527 2616 ψυχὴ
571 2547 780 2612 αὐτοῦ,
830 2547 927 2600 καὶ
955 2547 996 2614 ἠ
1031 2547 1202 2617 ψυχὴ
1231 2550 1337 2603 τοῦ
1364 2550 1516 2604 λαοῦ
1558 2542 1766 2617 αὐτοῦ,
1796 2551 1866 2604 ὃν

1973 2563 2303 2607 consternata
2338 2563 2414 2608 est
2460 2555 2638 2608 anima
2685 2553 2822 2624 ejus,
2857 2565 2906 2608 et
2965 2556 3146 2608 anima
3184 2558 3365 2623 populi
3403 2558 3539 2627 ejus,

292 2642 512 2708 τρόπον
553 2639 699 2694 ὅταν
741 2639 812 2693 ἐν
875 2639 1075 2710 δρυμῷ
1130 2639 1322 2704 ξύλον
1358 2641 1476 2696 ὑπὸ
1531 2643 1866 2712 πνεύματος

1971 2646 2408 2715 quemadmodum
2441 2647 2494 2699 in
2515 2647 2644 2700 silva
2665 2644 2862 2716 lignum
2889 2663 2921 2700 a
2947 2657 3096 2701 vento
3125 2656 3379 2703 movetur.

290 2731 585 2800 σσλευθῇ.

369 2822 746 2893 Ὀρισάμενος,
786 2820 862 2883 ὡς
891 2819 1046 2890 ἔφην,
1073 2819 1183 2874 τῶν
1215 2821 1568 2892 διηγημάτων
1597 2823 1696 2893 τὴν
1726 2823 1862 2894 πρό-

2041 2819 2265 2874 Deﬁnita
2297 2835 2358 2874 ac
2391 2819 2684 2882 declarata,
2725 2829 2782 2874 ut
2843 2821 3110 2891 dicebam,
3167 2830 3534 2884 narrationum

292 2930 481 2983 φασιν,
519 2912 610 2964 καὶ⁵
637 2911 710 2974 ὼς
739 2913 796 2964 ὲν
826 2909 1016 2980 βραχεί
1040 2911 1320 2982 κεφαλαίῳ
1360 2912 1661 2983 συλλήϐδην
1691 2912 1861 2966 είπὼν

1970 2910 2276 2972 occasione,
2306 2917 2358 2961 et
2417 2917 2668 2975 tanquam
2743 2908 2793 2960 in
2841 2908 2988 2963 brevi
3036 2927 3244 2967 summa
3295 2932 3539 2985 compre-

289 3006 352 3058 τδ
376 3003 679 3076 ἐγχείρημα
713 3003 820 3056 τῶν
850 3003 942 3056 δύο
973 3002 1258 3072 βασιλέων,
1295 3003 1389 3056 καὶ
1415 3004 1495 3058 ὅτι
1525 3003 1660 3076 πρὸς
1690 3005 1862 3075 πέρας

1971 3001 2178 3055 liensitn
2206 3011 2401 3054 conatu
2435 2999 2660 3053 duorum
2697 3015 2879 3070 regum
2912 3015 3350 3072 commemorato,
3381 3019 3540 3076 utque

287 3098 470 3158 αὐτοῖς
497 3097 597 3148 οὐκ
625 3094 924 3164 ἐκϐέϐηκεν
952 3097 980 3147 6
1004 3094 1202 3155 σκοπὸς
1225 3133 1239 3158 ,
1301 3095 1524 3165 ἄρχεται
1555 3095 1738 3150 λοιπὸν
1765 3096 1866 3150 ἀνὰ

1973 3093 2038 3146 ad
2063 3093 2264 3146 exitum
2301 3107 2485 3146 eorum
2511 3090 2732 3146 consilia
2786 3108 2890 3146 non
2939 3097 3302 3162 pervenerint,
3355 3098 3544 3168 incipit

291 3191 455 3260 μέρος
481 3188 690 3240 ἕκαστα
734 3183 1053 3256 κατισχνοῦν
1085 3184 1163 3255 τῷ
1201 3184 1362 3254 λόγῳ.
1405 3186 1704 3257 Ἀνηγγέλη
1731 3187 1858 3258 γὰρ,

1970 3182 2218 3248 deinceps
2246 3194 2339 3250 per
2370 3189 2552 3250 partes
2575 3181 2784 3249 singula
2812 3184 2966 3251 quasi
2991 3187 3234 3240 oratione
3266 3194 3538 3259 persequi.

1976 1657 2094 1694 nzen
2124 1656 2432 1710 Oppugnare
2467 1656 2570 1695 non
2612 1641 3113 1715 potuerunt..Dicta
3150 1652 3280 1727 sunt
3309 1643 3420 1698 hzec
3454 1644 3539 1697 in—

288 3280 475 3350 φησὶν,
511 3279 592 3341 είς
619 3278 711 3329 τὸν
744 3273 888 3329 οἷκον
926 3276 1106 3336 Δαϐὶδ,
1153 3275 1298 3328 τοῦτ’
1327 3276 1463 3340 ἐστι,
1494 3277 1585 3330 τὸν
1624 3277 1866 3347 βασιλεύ·

288 3388 434 3433 οντα,
464 3368 561 3422 καὶ
589 3367 932 3438 ἀπήγγελλον
965 3367 1046 3419 ὅτι
1080 3365 1456 3436 συνεφώνησεν
1509 3367 1686 3438 Ἀρὰμ
1728 3368 1864 3438 πρὸς

292 3463 374 3514 τὸν
441 3462 708 3530 Ἐφραῖμ.
796 3457 974 3530 Ἀρὰμ
1047 3457 1105 3510 δέ
1165 3474 1295 3527 φησι
1338 3457 1429 3510 τὸν
1477 3457 1686 3529 Σύρον,
1769 3460 1864 3511 καὶ

299 3553 540 3624 Ἐφραῖμ
556 3552 755 3620 ὁμοίως
775 3550 871 3613 τὰς
899 3551 955 3602 ὲν
971 3550 1248 3620 Σαμαρείᾳ
1276 3549 1406 3602 δέκα
1427 3539 1617 3617 φυλάς.
1649 3550 1862 3620 Ἐπειδὴ

289 3645 344 3699 δὲ
366 3643 543 3695 ταῦτα
573 3659 756 3694 τουτον
801 3641 914 3711 ἔχει
941 3639 1031 3692 τὸν
1063 3639 1279 3709 τρόπον,
1309 3639 1538 3693 ἐπύθετο
1568 3640 1662 3693 καὶ
1696 3642 1863 3694 πεπί-

292 3747 525 3785 στευκεν
548 3734 576 3782 6
598 3725 739 3792 οἶκος
759 3729 939 3791 Δαϐὶδ,
957 3728 1100 3782 τοῦτ’
1129 3729 1295 3796 ἐστιν,
1317 3733 1346 3784 6
1369 3730 1564 3800 Ἀχαζ.
1583 3730 1802 3802 Ἔξέστη
1829 3732 1864 3802 ἠ

289 3822 437 3894 ψυχὴ
466 3820 633 3873 αὑτοῦ
679 3822 767 3872 καὶ
793 3822 827 3891 ἠ
854 3819 1001 3891 ψυχὴ
1031 3819 1124 3872 τοῦ
1161 3818 1292 3872 λαοῦ
1333 3819 1522 3883 αὑτοῦ,
1578 3820 1636 3872 ὃν
1663 3820 1864 3890 τρόπον

286 3916 414 3965 ὅταν
442 3914 505 3963 ἐν
537 3909 728 3982 δρυμῷ
750 3910 902 3974 ξύλον
931 3910 1033 3962 ὑπὸ
1059 3911 1365 3980 πνεύματος
1398 3909 1652 3983 σαλευθῇ.
1685 3910 1758 3964 Τὸ
1779 3911 1859 3976 δὲ,

288 4001 503 4073 ἐξέστη,
542 4006 723 4069 τίθησι
773 3999 986 4063 κοινῶς,
1037 4002 1156 4054 ἀντὶ
1200 4001 1318 4066 τοῦ,
1377 4003 1712 4074 κατεπλάγη,
1770 4005 1866 4055 καὶ

293 4095 483 4166 μικρὸν
537 4095 628 4145 καί
673 4091 844 4160 αὐτῆς
891 4091 1216 4145 ὲκπέπτωκε
1250 4094 1463 4164 φρενός.
1495 4095 1576 4148 Τὰ
1637 4095 1746 4167 γάρ
1781 4113 1864 4148 τοι

288 4187 432 4240 δεινᾶ
467 4185 579 4237 τῶν
603 4184 897 4254 δειμάτων,
935 4183 1095 4238 ἱκανά
1117 4182 1234 4247 πῶς
1261 4185 1378 4237 ἐστι
1416 4187 1495 4249 είς
1518 4186 1580 4238 τὸ
1607 4191 1862 4241 κατασεῖ-

293 4295 376 4331 σαι
413 4275 679 4331 δύνασθαι
706 4274 798 4327 τὸν
838 4273 984 4339 νοῦν,
1015 4274 1111 4326 καὶ
1138 4275 1504 4345 καταδονῆσαι
1538 4278 1638 4347 τὴν
1664 4278 1862 4350 ψυχὴν,

291 4370 379 4422 καί
429 4386 484 4420 τι
528 4369 773 4420 τοιοῦτον
827 4367 1117 4436 ὑπομεῖναι
1160 4365 1568 4430 δοκεῖν,.όποῖον
1595 4367 1662 4421 ἂν
1699 4370 1864 4424 πάθοι

293 4459 380 4512 καὶ⁵
403 4459 468 4512 τὸ
501 4460 562 4510 ἐν
585 4459 812 4530 δρυμοῖς
837 4458 1014 4524 ξύλον,
1039 4456 1365 4527 πνευμάτων
1393 4459 1599 4530 ἀγρίων
1633 4461 1865 4532 προσϐο-

292 4552 401 4615 lui;
455 4551 586 4622 τῇδέ
641 4568 703 4604 τε
749 4552 972 4605 κάκεῖσε
1015 4548 1517 4622 διαρριπτούμενον.
1567 4551 1761 4620 Γέγονε
1810 4553 1866 4607 δὲ

295 4644 522 4712 μάλιστα
549 4643 652 4713 τῆς
683 4641 884 4705 δειλίας
909 4644 942 4712 ἡ
975 4642 1264 4712 πρόφασις,
1289 4643 1406 4713 ἢτοι
1437 4642 1538 4712 τῆς
1559 4644 1864 4708 ἐκστάσεως

460 4735 520 4787 τδ
557 4732 925 4804 συμὸεϐηκός.
965 4733 1104 4805 Ἤδη
1140 4733 1249 4804 γάρ
1279 4733 1416 4804 ἔφην
1444 4734 1528 4786 δτι
1555 4734 1868 4804 βασιλεύον-

292 4842 375 4888 τος
410 4823 599 4889 αὐτοῦ,
641 4824 1013 4894 πεπολεμήκει
1066 4824 1202 4895 πρὸς
1247 4824 1340 4878 τὸν
1382 4825 1580 4879 Ἰούδαν
1615 4829 1646 4884 6
1671 4827 1865 4893 Φακεὲ,

295 4916 380 4968 καὶ
407 4916 712 4971 ἀνεῖλεν,ὲκ
744 4914 837 4968 τοῦ
868 4914 996 4968 λαοῦ
1043 4917 1101 4968 ὲν
1132 4917 1234 4987 μιᾷ
1267 4917 1448 4988 ἡμέρᾳ
1475 4916 1668 4971 ἑκατὸν
1697 4918 1868 4971 εἴκοσι

290 5007 548 5075 χιλιάδας.
589 5008 718 5059 ὐτε
766 5005 947 5060 τοίνυν
985 5008 1076 5060 καὶ
1137 5009 1294 5078 μόνος
1336 5010 1364 5061 6
1389 5009 1562 5061 Φακεὲ
1613 5009 1867 5071 τοσοῦτος

294 5099 528 5165 γέγονεν,
558 5098 634 5161 ὡς
661 5097 989 5166 κατισχῦσαι
1021 5099 1221 5170 ῥαδίως
1248 5099 1359 5153 τῶν
1397 5100 1454 5151 ἐν
1483 5100 1595 5162 τοῖς
1637 5099 1868 5168 Ἱεροσο‹

289 5188 477 5257 λύμαις
502 5205 516 5216 ·
557 5188 675 5252 πῶς
718 5189 817 5241 οὐκ
846 5189 952 5241 ἔδει
997 5189 1086 5242 τὸν
1125 5192 1183 5243 ἐν
1209 5193 1323 5254 τοῖς
1353 5189 1600 5258 ἐσχάτοις
1635 5188 1870 5254 ἐνδείξα-

291 5278 422 5331 σθαι
464 5279 645 5348 φόϐον,
695 5283 858 5336 αὐτόν
900 5300 962 5335 τε
1007 5283 1096 5335 τὸν
1133 5281 1326 5351 Ἄχας,
1367 5281 1462 5335 καὶ
1488 5279 1578 5334 τὸν
1601 5281 1686 5333 ἐπ’
1716 5280 1864 5352 αὺτῷ

287 5369 443 5433 λαὸν,
480 5375 974 5444 συμπεφωνηκότος
999 5374 1092 5428 τοῦ
1116 5373 1310 5444 Σύρου,
1337 5373 1432 5426 καὶ
1465 5372 1866 5439 συνεξοπλίζον-

287 5478 374 5526 τος
406 5463 490 5534 τῷ
526 5465 762 5536 Ἐφρατμ
795 5467 934 5537 μετὰ
960 5465 1069 5519 τῶν
1105 5464 1512 5536 Ἰεροσολύμων;

351 5556 463 5610 Καὶ
527 5551 660 5610 εἷπε
705 5559 920 5626 Κύριος
968 5557 1118 5624 πρὸς
1164 5557 1426 5618 Ἡσαΐαν,
1473 5555 1714 5620 Ἔξελθε
1781 5557 1868 5622 εις

285 5647 674 5715 συνάντησιν
703 5647 896 5717 "Aloi,
953 5649 1035 5702 σὺ
1083 5648 1182 5702 καὶ
1235 5651 1268 5702 ό
1301 5649 1713 5716 καταλειφθεὶς
1761 5650 1866 5701 Ἰα-

287 5737 444 5794 ιτοῦν
488 5741 681 5806 όυίός
731 5757 869 5808 σου,
932 5740 1081 5810 πρὸς
1118 5740 1232 5810 τὴν
1281 5741 1705 5813 κολυμϐήθραν
1757 5743 1866 5812 τῆς

1966 3273 2349 3327 Renuntiatum
2394 3283 2524 3338 est,
2572 3274 2768 3344 inquit,
2827 3277 3004 3330 domui
3071 3276 3306 3343 Davidis,
3336 3281 3386 3336 id
3435 3296 3541 3350 εει,

1965 3367 2233 3435 regnanti,
2265 3370 2320 3418 et
2348 3367 2741 3420 annuntiarunt
2766 3367 2928 3421 Aram
2969 3384 3088 3423 cum
3120 3369 3372 3439 Epltraint
3406 3390 3540 3429 con-

1965 3459 2223 3526 spirasse.
2271 3457 2436 3512 Aram
2477 3473 2611 3513 vero
2660 3459 2855 3530 Syrum
2909 3461 3062 3526 dicit,
3108 3463 3361 3532 Epitrairn
3394 3466 3548 3520 simi-

1966 3546 2090 3602 liter
2134 3549 2318 3600 deccm
2366 3545 2537 3602 tribus
2567 3547 2621 3600 in
2658 3547 2926 3602 Samaria.
2961 3549 3085 3606 Haec
3111 3567 3231 3606 cum
3264 3554 3332 3608 ita
3365 3570 3422 3609 se
3441 3557 3542 3608 Ita-

1965 3636 2191 3703 berent,
2229 3637 2435 3690 audivit
2475 3647 2531 3692 et
2572 3639 2801 3693 credidit
2835 3639 3026 3695 domus
3056 3641 3254 3706 David,
3289 3643 3391 3698 hoc
3429 3654 3536 3707 est,

1965 3727 2170 3783 Acbaz.
2191 3726 2550 3794 Consternata
2565 3737 2649 3782 est
2683 3729 2860 3782 anima
2879 3729 3015 3797 ejus,
3055 3731 3300 3785 etanima
3336 3734 3540 3802 pepuli,

1966 3815 2762 3884 quemadmodumcutuinsilva
2795 3815 2993 3886 lignum
3031 3833 3059 3871 a
3091 3829 3250 3874 vento
3274 3832 3538 3878 movetur.

1968 3908 2292 3962 llludautem
2334 3906 2894 3976 sieo-rmconsternata
2911 3921 3004 3962 seu
3036 3919 3246 3978 stupore
3286 3924 3541 3965 commota

1966 4008 2063 4062 εει,
2093 3999 2241 4068 ponit
2271 3998 2628 4053 communiter
2643 4013 2762 4067 pro,
2778 3998 3282 4073 κατεπλάγη,ιιθ
3298 4005 3540 4071 perculsa

1965 4097 2070 4152 est,
2101 4098 2155 4142 et
2181 4088 2565 4158 propemodum
2617 4089 2727 4156 ipsa
2762 4101 2940 4144 mente
2973 4091 3196 4145 excidit.
3256 4092 3333 4145 Ex
3363 4095 3542 4162 gravi-

1969 4181 2066 4233 bus
2113 4180 2256 4233 enim
2299 4179 2596 4234 terroribus
2652 4181 2962 4235 concutitur
2987 4196 3159 4248 mens,
3218 4183 3540 4252 animusque

1967 4274 2289 4340 exngitatur,
2353 4273 2601 4340 idemque
2651 4273 2862 4327 videtur
2885 4275 2992 4340 pati
3025 4275 3167 4342 quod
3227 4274 3426 4343 lignum
3487 4278 3534 4330 in

1969 4363 2119 4416 silvis
2145 4377 2411 4418 εαξνοτιιιιι
2446 4374 2729 4417 ventorum
2749 4365 2947 4433 impetu
2976 4365 3078 4418 huc
3107 4365 3229 4419 illuc
3248 4365 3540 4435 jactatum.

1970 4453 2151 4507 Causa
2187 4465 2362 4508 autem
2389 4462 2564 4508 metus
2591 4453 2704 4508 sive
2725 4465 3003 4508 exstaseos
3035 4469 3098 4508 ac
3127 4457 3545 4524 perturbationis

1971 4546 2020 4600 ei
2078 4545 2178 4599 l'uit
2260 4546 2308 4598 id
2337 4549 2478 4616 quod
2534 4546 2853 4616 contigerat.
2909 4545 3026 4601 Jatn
3073 4549 3217 4601 enim
3275 4550 3542 4617 dicebam,

1975 4638 2065 4692 illo
2127 4649 2390 4708 regnante
2462 4639 2672 4692 Phacee
2733 4639 3018 4694 adversum
3091 4639 3285 4695 Judant
3344 4644 3540 4697 bellum

1971 4729 2290 4798 suscepisse,
2343 4739 2398 4783 et
2463 4745 2573 4784 uno
2631 4730 2716 4784 die
2745 4744 2808 4784 ex
2867 4732 3060 4801 populo
3098 4743 3312 4787 centum
3352 4735 3540 4803 viginti

1973 4820 2137 4873 millia
2175 4835 2206 4874 e
2248 4820 2424 4875 medio
2448 4821 2750 4876 sustulisse.
2813 4822 2948 4876 Cum
2975 4824 3136 4892 igitur
3163 4827 3313 4880 solus
3333 4827 3541 4881 Phacee

1972 4910 2093 4965 talis
2127 4919 2416 4979 tantusque
2454 4913 2738 4978 exstiterit,
2769 4923 2825 4967 ut
2879 4913 3040 4970 facile
3086 4914 3527 4985 Hierosolymita-

1969 5013 2070 5051 nos
2143 5001 2456 5068 superarit,
2511 5016 2687 5055 annon
2758 5001 2843 5056 his
2907 5006 3162 5058 extremis
3213 5005 3539 5071 temporibus

1969 5101 2078 5146 tum
2121 5093 2398 5147 Acliazum
2455 5093 2652 5164 ipsum,
2701 5103 2812 5148 tum
2847 5095 3090 5148 subditos
3142 5095 3334 5149 timere
3376 5111 3538 5165 opor-

1970 5184 2240 5246 tuit,cum
2295 5185 2632 5240 consenserit
2683 5185 2871 5256 Syrus,
2919 5194 2974 5238 et
3035 5199 3184 5237 arma
3246 5186 3537 5254 capiasque

1973 5287 2095 5328 cum
2125 5272 2379 5344 Ephraim
2413 5277 2698 5330 adversum
2737 5273 3108 5344 Hierosolyma
3141 5273 3324 5329 tulerit
3354 5277 3378 5330 ἳ

2049 5558 2209 5611 Vens.
2238 5559 2291 5611 3.
2328 5557 2399 5612 Et
2435 5558 2570 5612 dixi:
2601 5556 2857 5613 Dominus
2885 5560 2954 5613 ad
2996 5558 3194 5616 Isaiam
3225 5580 3246 5618 :
3285 5563 3558 5638 Egredere

1974 5649 2028 5702 in
2071 5663 2342 5702 occursum
2390 5648 2613 5716 Achazi,
2653 5659 2709 5702 tu
2739 5660 2788 5704 el
2838 5651 3114 5707 derelictus
3173 5653 3339 5710 lasub
3401 5658 3555 5724 [ilius

1975 5751 2118 5805 tuus,
2166 5743 2236 5794 ad
2296 5741 2550 5811 piscinam
2595 5745 2878 5814 superioris
2912 5745 3008 5801 rite
3044 5747 3158 5816 agri
3200 5745 3436 5814 fullonis.
3479 5745 3548 5798 Et
