4030 6208
494 359 598 418 195

1494 350 1554 405 S.
1594 347 1872 406 CYRILU
1907 347 2380 405 ALEXANDBINI
2421 346 2745 404 ARClllliP.

3670 353 3768 405 196

495 478 634 532 dices
676 475 744 540 ei,
811 472 1041 530 Observa
1089 480 1143 526 ut
1197 471 1455 542 quiescas,
1504 480 1556 525 et
1614 487 1678 524 ne
1739 478 1962 537 metuas,
2015 484 2078 542 ue

2188 468 2314 521 ἀνω
2365 467 2509 522 ὀδοῦ
2553 467 2660 522 τοῦ
2707 466 2892 535 ἀγῬοῦ
2942 466 3049 521 τοῦ
3097 464 3386 535 κναφέως.
3458 467 3566 521 Καὶ
3621 470 3773 537 ἐρεῖς

493 571 675 624 anima
728 533 819 622 tua
850 566 1150 620 debilitatur
1189 533 1221 617 α
1255 562 1414 634 lignis
1442 533 1651 617 duobus
1684 533 1957 616 titionum-
1985 533 2074 631 {it-

491 662 748 716 mantium
775 659 1016 713 istorum.
1063 654 1195 712 Cum
1253 656 1393 710 enim
1423 656 1505 710 ira
1532 654 1731 726 furoris
1759 655 1860 709 mei
1888 653 2073 723 fuerit,

493 754 686 806 iterum
736 750 960 805 sonabo.

559 922 793 979 Omnino
820 923 1058 979 clemens
1084 934 1167 978 est
1217 932 1272 977 et
1335 923 1645 979 misericors
1692 923 1968 988 Dominus,
2025 933 2076 978 et

489 1031 677 1072 omnes
726 1016 976 1072 homines
1046 1016 1249 1071 servari
1311 1016 1445 1082 vult,
1510 1024 1566 1070 et
1618 1018 1686 1070 ad
1743 1015 2075 1087 agnitionem

491 1108 734 1164 veritatis
781 1108 1056 1174 venire“,
1132 1109 1423 1178 omniaque
1469 1109 1735 1179 gubernat
1783 1108 2076 1176 sapienter,

489 1198 686 1268 cuique
716 1198 908 1254 salutis
936 1200 1077 1254 viam
1123 1199 1440 1270 aequabilem
1489 1198 1816 1269 planamque
1842 1198 2069 1251 faciens.

490 1288 646 1354 Quod
682 1289 754 1342 ita
786 1304 908 1344 esse
936 1305 1003 1343 ex
1051 1290 1185 1359 ipsis
1230 1289 1393 1344 rebus
1449 1288 1577 1345 licet
1615 1288 1771 1344 nobis
1822 1304 2070 1345 cernere.

497 1378 634 1433 Nam
670 1379 918 1435 Achazus
953 1378 1051 1433 fuit
1083 1379 1388 1439 idololatra,
1413 1377 1796 1433 abominabilis
1814 1386 1870 1432 et
1894 1377 2077 1446 profa-

488 1485 613 1524 nus.
644 1470 779 1526 Cum
810 1481 989 1523 autem
1028 1470 1080 1524 in
1132 1469 1290 1524 malis
1320 1486 1424 1526 non
1461 1468 1728 1540 fugiendis
1771 1468 1884 1539 iam
1951 1484 2076 1523 ver-

490 1569 729 1627 sarctur,
752 1575 805 1615 et
836 1562 1237 1616 calamitatibus
1299 1572 1507 1617 tantum
1565 1577 1669 1616 non
1756 1561 2076 1617 inebriatum

488 1663 653 1723 atque
715 1654 967 1707 obrutum
1024 1668 1146 1708 eum
1205 1653 1663 1708 clementissimus
1736 1654 2078 1721 conspicatus

489 1753 659 1809 esset,
696 1743 1089 1814 consrquenda:
1132 1745 1198 1799 ab
1252 1744 1366 1812 ipso
1425 1744 1616 1800 salutis
1668 1757 1815 1812 spem
1868 1743 1996 1798 facit
2049 1760 2080 1800 e

489 1837 739 1905 vestigio,
777 1854 838 1890 ac
872 1837 1158 1905 pollicetur
1203 1836 1484 1903 auxilium,
1519 1847 1577 1891 ut
1644 1838 1711 1891 ab
1742 1836 2070 1892 idolomania

489 1928 746 1991 desistat,
825 1929 1150 1997 studeatque
1212 1929 1321 1998 jam
1384 1928 1485 1983 sibi
1526 1944 1555 1982 a
1602 1928 1875 1996 prioribus
1934 1929 2078 1983 vitiis

488 2028 792 2087 temperare
818 2057 832 2083 ,
860 2028 914 2072 et
946 2033 1086 2074 vera:
1124 2019 1217 2075 Dei
1260 2020 1586 2087 cognitionis
1615 2020 1785 2074 lucem
1814 2020 2075 2088 recipere.

484 2110 673 2181 Itaque
735 2110 991 2181 propheta
1056 2107 1278 2179 iubetur
1327 2109 1378 2165 ei
1452 2111 1664 2166 obviam
1738 2111 1916 2167 facere
1972 2128 2075 2166 una

483 2213 754 2273 praesente
786 2201 1009 2268 Jasobo,
1079 2201 1168 2270 qui
1207 2200 1476 2255 derelictio
1509 2210 1563 2256 et
1585 2201 1864 2256 derelictus
1910 2217 2079 2272 expc,

484 2299 657 2358 nitur,
712 2295 881 2364 ﬁgura
954 2293 1346 2364 propemodum
1395 2293 1742 2363 signiﬁcante
1820 2304 2075 2364 tanquam

483 2385 542 2440 in
570 2383 815 2454 symbolo
867 2383 1105 2447 Achazo,
1155 2385 1560 2439 cunservandas
1613 2398 1735 2440 esse
1814 2385 2078 2455 reliquias

484 2474 646 2542 Juda,
674 2474 764 2546 qui
809 2474 919 2529 Deo
947 2474 1271 2529 adluuscrat.
1321 2472 1530 2545 Typum
1562 2477 1709 2530 enim
1749 2475 1841 2531 Dei
1876 2493 2076 2546 repue-

485 2578 707 2624 sentans
750 2568 1033 2638 propheta,
1089 2567 1471 2636 percommode
1522 2565 1679 2623 allen
1730 2569 2078 2637 pollicitatio-

484 2675 611 2717 nem
647 2659 832 2715 auxilii
866 2659 918 2714 in
951 2659 1158 2729 piscina
1178 2659 1475 2727 superioris
1529 2660 1634 2715 via:
1670 2663 1786 2732 agri
1830 2662 2077 2726 fullonis.

483 2752 685 2823 Figura
722 2737 936 2805 rursum
990 2750 1267 2822 estll']
1329 2751 1533 2815 piscina
1593 2753 1852 2808 salutaris
1914 2755 2077 2811 fontis

487 2847 626 2903 sacri
658 2844 940 2914 baptismi,
998 2858 1119 2913 qua:
1178 2860 1274 2899 nos
1322 2843 1484 2898 etiam
1532 2844 1586 2899 in
1644 2846 1786 2900 viam
1858 2848 2077 2905 deducit

484 2939 844 3010 superiorem,
874 2946 927 2993 et
951 2936 1168 2992 fullonis
1207 2940 1307 2993 sub
1362 2938 1773 3009 intelligentiam
1807 2943 2073 3010 cadentis,

486 3026 542 3083 id
570 3036 674 3092 est,
703 3025 820 3095 ejus
866 3027 957 3095 qui
1009 3027 1199 3082 sordes
1232 3037 1446 3083 nostras
1494 3044 1685 3084 omnes
1736 3031 1992 3104 detergit,
2022 3043 2074 3088 et

486 3119 557 3173 ab
614 3116 1039 3187 inquinamentis
1095 3117 1308 3172 liberat.
1371 3117 1552 3174 Fit-ma
1623 3130 1707 3176 est
1762 3122 1879 3177 haec
1942 3137 2143 3197 ergoc

485 3207 843 3280 pollicitatio:
882 3218 938 3262 et
995 3209 1047 3263 in
1106 3210 1273 3278 ﬁgura
1328 3210 1642 3278 particulari
1688 3213 1905 3283 sapiens
1953 3214 2088 3270 aeni-

488 3317 613 3373 gma
651 3317 714 3358 ac
745 3301 1040 3357 insinuatio
1076 3303 1151 3355 rei
1192 3302 1458 3372 generalis
1503 3315 1558 3359 et
1603 3319 1699 3375 per
1725 3303 2023 3372 Christum,
2054 3322 2084 3360 a

485 3393 756 3464 propheta
782 3391 979 3446 tradita
1001 3400 1106 3446 est.
1144 3392 1231 3446 Ait
1259 3403 1436 3448 autem
1470 3410 1484 3446 :
1520 3413 1539 3446 ι
1565 3395 1700 3452 Vide
1724 3407 1781 3450 ut
1811 3398 2083 3467 quiescas.

487 3494 545 3541 et
599 3499 667 3540 ne
700 3485 914 3550 timeas,
959 3499 1062 3539 nec
1090 3484 1271 3543 anima
1319 3495 1407 3540 tua
1458 3488 1795 3555 debilitatur,
1821 3506 1850 3544 a
1877 3492 2086 3554 duobus

486 3578 656 3649 lignis
693 3578 944 3633 titionum
970 3576 1196 3631 istorum
1239 3575 1672 3649 fumigantium.)
1718 3582 1870 3650 Quod
1933 3588 2078 3656 quie-

418 3692 421 3693 ν
489 3683 645 3727 scere
675 3667 930 3739 curisque
955 3682 1170 3731 vacare,
1207 3676 1262 3722 et
1293 3685 1320 3722 a
1373 3673 1823 3741 trepidationibus
1844 3676 2086 3733 molestis

487 3757 718 3815 liberum
752 3774 875 3814 esse
908 3760 1182 3830 praecipiat
1211 3778 1226 3815 :
1278 3764 1521 3817 vocantis
1550 3763 1804 3819 nimirum
1852 3778 1959 3833 est,
2014 3769 2086 3823 id-

488 3866 595 3921 que
611 3851 1053 3921 prudentissime,
1076 3852 1143 3905 ad
1163 3852 1549 3921 obedientiam,
1568 3864 1623 3910 et
1638 3856 1799 3912 veluti
1824 3859 2086 3915 reducen-

487 3942 564 3997 tis
586 3942 651 3994 ad
675 3940 959 4010 principia,
1010 3950 1068 3993 ut
1093 3940 1236 3995 colat
1255 3957 1537 3999 sermones
1559 3944 1794 4013 divinos,
1820 3957 1876 4002 et
1938 3950 2086 4004 veri-

492 4038 655 4084 tatem
690 4044 877 4083 eorum
897 4044 1018 4097 qua;
1050 4030 1182 4093 dixi,
1226 4040 1481 4102 prompte
1513 4027 1897 4107 sno‘suﬂ‘ragio
1953 4055 2084 4094 con-

490 4122 726 4176 ﬁteatur.
784 4119 952 4174 Faces
988 4134 1119 4175 vero
1161 4130 1213 4175 et
1247 4121 1389 4194 ligna
1448 4122 1713 4182 fumantia
1768 4138 1928 4185 vocat
1967 4145 2081 4195 eos,

489 4215 582 4284 qui
618 4222 804 4268 contra
842 4211 992 4266 illum
1024 4212 1430 4281 conspirarunt,
1460 4217 1615 4285 quasi
1651 4220 1740 4288 qui
1770 4219 1931 4289 paulo
1956 4231 2077 4291 post

485 4314 698 4362 etesse
746 4314 800 4357 et
854 4318 1079 4374 rt-guare
1139 4304 1364 4358 desituri
1430 4305 1560 4359 sint.
1615 4306 2082 4373 Quemadmodum

489 4397 634 4451 enim
659 4396 861 4468 lignum
898 4411 991 4450 seu
1045 4396 1165 4451 titio
1224 4398 1441 4467 quando
1476 4412 1543 4453 ex
1586 4399 1706 4474 igne
1760 4403 2081 4458 extrahitnn

2179 556 2368 627 αὐτῷ,
2422 559 2693 624 Φύλαξαι
2728 558 2837 613 τοῦ
2882 557 3221 627 ήσυχάσαι,
3265 558 3362 612 καὶ
3414 559 3501 628 μὴ
3560 562 3771 632 φοϐοῦ.

2172 649 2328 719 μηδὲ
2358 651 2395 719 ἠ
2441 649 2611 719 ψυχή
2638 664 2756 703 σου
2784 648 3111 704 ἀσθενείτω
3140 648 3260 703 ἀπὸ
3288 646 3407 703 τῶν
3431 649 3542 705 δύο
3574 650 3777 715 ξύλων

2178 742 2297 796 τῶν
2353 742 2559 798 δαλῶν
2612 740 2732 796 τῶν
2795 740 3239 809 καπνιζομένων
3293 742 3539 795 τούτων.
3589 743 3779 795 'Otar

2178 834 2289 904 γὰρ
2317 832 2462 902 ὀργὴ
2496 833 2603 887 τοῦ
2629 831 2820 902 θυμοῦ
2846 849 2966 901 μου
2998 831 3262 901 γένηται,
3290 828 3476 884 πάλιν
3499 831 3753 900 ἰάσομαι

2248 924 2594 994 υἰκτείρμων
2648 923 2815 987 ὅντως
2866 922 2958 976 καὶ
3001 920 3249 991 ἐλεήμων
3306 922 3337 974 ὁ
3379 919 3618 991 Κύριος.
3686 924 3770 973 καί

2183 1017 2394 1079 πάντας
2420 1014 2744 1085 ἀνθρώπους
2770 1013 2943 1066 ἐθέλει
2971 1011 3229 1081 σωθῆναι,
3255 1011 3349 1062 καὶ
3373 1012 3452 1073 εἰς
3473 1010 3684 1077 ἐπίῃω
3697 1024 3780 1059 σιν

2179 1090 2439 1177 ἀληθείας
2465 1105 2659 1160 ἐλθεῖψ
2690 1106 2966 1175 οἰκονομεῖ
3003 1103 3059 1155 δὲ
3096 1101 3274 1156 πάντα
3306 1100 3513 1172 σαφῶς,
3542 1103 3635 1156 καὶ
3677 1120 3776 1156 κα·

2178 1199 2500 1253 ταλειαίνων
2528 1198 2746 1277 ἑκάστῳ
2770 1198 2871 1267 τῆς
2897 1196 3171 1268 σωτηρίας
3193 1195 3292 1265 τὴν
3311 1194 3448 1248 ὀδόν.
3478 1195 3588 1248 Καὶ
3611 1194 3773 1248 τοῦτο

2178 1293 2311 1361 ἡμῖν
2362 1289 2422 1359 ἐξ
2470 1289 2651 1343 αὐτῶν
2700 1288 2876 1341 ἔνεστι
2906 1286 3014 1340 τῶν
3056 1286 3398 1358 πραγμάτων
3439 1283 3614 1349 οὕτως
3647 1285 3774 1358 ἔχον

2184 1381 2330 1437 ἰδεῖν.
2370 1380 2535 1449 Ἀνὴρ
2570 1378 2669 1450 μὲν
2694 1378 2804 1449 γὰρ
2835 1377 3060 1446 γέγονεν
3088 1376 3477 1448 εἰδωλολάτρης
3509 1377 3538 1429 ό
3570 1375 3770 1447 Ἄχας,

2183 1471 2437 1543 βδελυρὸς
2486 1470 2581 1524 καὶ
2630 1468 2875 1540 βέϐηλος.
2924 1466 3144 1540 Ἐπειδὴ
3184 1467 3241 1520 δὲ
3290 1461 3361 1538 ἦν
3393 1469 3450 1520 ἐν
3502 1467 3775 1537 ἀφύκτοις

2179 1561 2283 1633 ἤδη
2316 1564 2529 1625 κακοῖς,
2563 1561 2658 1614 καὶ
2682 1558 2969 1630 μονονουχὶ
3002 1558 3269 1629 μεθύοντα
3295 1560 3411 1620 ταῖς
3461 1561 3776 1629 συμφοραῖς

2180 1653 2208 1704 ό
2265 1650 2698 1722 φιλοικτείρμων
2749 1648 3025 1715 τεθέαται,
3085 1649 3439 1722 προστίθησιν
3493 1649 3656 1713 εὐθὺς
3709 1651 3776 1703 τὸ

2181 1743 2382 1812 ἐξεῖναι
2428 1742 2748 1815 μεταλαχεῖν
2794 1745 2893 1814 τῆς
2936 1743 3067 1814 παρ’
3111 1741 3273 1796 αὐτοῦ
3321 1745 3618 1816 σωτηρίας,
3667 1743 3776 1796 ὑπτ-

2184 1838 2445 1906 ισχνεῖται
2477 1835 2536 1889 δὲ
2556 1834 2655 1906 τὴν
2691 1833 3031 1905 ἐπικουρίαν,
3061 1833 3149 1887 ἵνα
3177 1833 3360 1906 παύσῃ
3394 1834 3589 1905 μανίας
3618 1835 3776 1890 εἰδωο

2179 1926 2468 1999 λομοίνοῦς.
2528 1928 2621 1984 καὶ
2659 1927 2997 1998 ἀποσχέσθαι
3054 1926 3447 1999 παρασκευάζῃ
3500 1925 3610 1980 τῶν
3664 1926 3774 2000 ήδη

2192 2020 2740 2092 προσεπταισμένων,
2798 2019 2892 2072 καὶ
2932 2019 2992 2072 τὸ
3033 2018 3131 2088 τῆς
3167 2016 3398 2090 ἀληθοῦς
3435 2003 3775 2087 θεογνωσίας

2180 2110 2499 2179 ἐκδέξασθαι
2527 2111 2661 2181 φῶς.
2698 2110 3032 2179 Προστάττει
3061 2109 3239 2164 τοίνυν
3283 2111 3312 2163 ό
3346 2111 3633 2182 προφήτης
3665 2113 3778 2165 ὐπη

2180 2204 2415 2274 αντῆσαί
2460 2221 2518 2256 τε
2546 2201 2699 2273 αὐτῷ,
2745 2201 2995 2265 συνόντος
3038 2200 3277 2272 Ἰασοῦμ,
3330 2202 3388 2267 ὃς
3429 2203 3774 2272 ὑπόλειμμα

2183 2299 2274 2355 καὶ
2305 2295 2822 2367 ὑπολελειμμένος
2874 2294 3235 2366 ἑρμηνεύεται
3257 2311 3270 2324 ’
3343 2294 3626 2365 μονονουχὶ
3670 2295 3773 2355 τοῦ

2178 2391 2352 2442 τύπου
2406 2388 2765 2458 σημαίνοντος
2811 2386 2887 2450 ὡς
2920 2388 2978 2440 ὲν
3031 2385 3285 2457 συμϐόλῳ
3318 2385 3397 2459 τῷ
3432 2386 3628 2458 Ἀχαζ,
3684 2386 3775 2447 ὅτι

2182 2482 2485 2553 σωθήσεται
2517 2478 2578 2532 τὸ
2624 2478 2941 2560 ὑπόλειμμα
2972 2477 3067 2532 τοῦ
3117 2475 3286 2533 Ἰούδα
3338 2478 3474 2550 μετά
3503 2477 3640 2532 Θεοῦ
3670 2495 3775 2548 με·

2182 2573 2433 2646 μενηκός.
2469 2570 2604 2625 Θεοῦ
2635 2570 2745 2647 γάρ
2790 2572 2871 2635 εἰς
2918 2570 3086 2626 τύπον
3114 2571 3143 2623 ὁ
3179 2572 3468 2649 προφήτης
3493 2569 3777 2640 λαμὸάνε-

2178 2679 2291 2725 ται,
2327 2656 2386 2715 εὖ
2436 2660 2492 2714 δὲ
2538 2660 2602 2733 δὴ
2647 2659 2853 2731 σφόδρα
2900 2663 2999 2732 τῆς
3028 2660 3349 2733 ἐπικουρίας
3401 2661 3636 2714 ποιεῖται
3666 2659 3775 2731 τὴν

2179 2752 2474 2823 ὑπόσχεσιν
2540 2752 2632 2807 ἐπὶ
2674 2754 2741 2824 τῇ
2800 2744 3163 2824 κολυμϐήθρᾳ
3211 2734 3311 2823 τῆς
3363 2752 3476 2807 ἄνω
3518 2749 3638 2804 ὁδοῦ
3673 2750 3772 2811 τοῦ

2178 2844 2347 2917 ἀγροῦ
2390 2842 2483 2898 τοῦ
2533 2844 2804 2913 κναφέως.
2840 2843 3024 2907 Τύπος
3056 2844 3113 2898 δὲ
3140 2842 3303 2897 πάλιν
3344 2845 3377 2914 ὴ
3410 2840 3775 2914 κολυμϐήθρα

2177 2935 2275 3006 τῆς
2305 2934 2576 3005 σωτηρίου
2615 2933 2802 3004 πηγῆς
2839 2933 2935 2987 τοῦ
2964 2934 3122 3002 ἁγίου
3152 2933 3551 3005 βαπτίσματος,
3589 2934 3625 3004 ἢ
3671 2934 3772 2988 καὶ

2188 3029 2269 3091 εἰς
2318 3027 2439 3081 ὁδὸν
2485 3028 2633 3097 ἡμᾶς
2688 3026 2956 3096 ἀποφέρει
3005 3026 3106 3095 τὴν
3142 3027 3273 3087 ἀνω,
3324 3027 3416 3079 καί
3451 3025 3546 3079 τοῦ
3576 3025 3773 3098 νοητοῦ

2189 3120 2460 3190 κναφέως,
2492 3119 2655 3172 ’τοῦτ’
2684 3119 2819 3181 ἔστι,
2873 3119 2966 3172 τοῦ
3000 3119 3177 3173 πάντα
3235 3118 3405 3190 ῥύπον
3458 3118 3615 3190 ἡμῶν
3672 3121 3773 3175 ὲκ-

2191 3212 2515 3282 σμήχοντος,
2554 3208 2648 3263 καὶ
2683 3207 3118 3270 ἀπαλλάττοντος
3145 3207 3455 3281 μολυσμῶν.
3496 3208 3775 3282 Ἀσφαλὴς

2189 3299 2282 3357 οὖν
2332 3304 2366 3372 ἡ
2404 3301 2713 3371 ὑπόσχεσις,
2762 3299 2857 3353 καὶ
2882 3298 2956 3362 ὡς
2991 3301 3047 3355 ἐν
3093 3299 3250 3370 τύπῳ
3274 3299 3374 3370 τῆς
3406 3304 3637 3374 μερικῆς
3670 3301 3773 3371 τῆς

2191 3395 2420 3449 καθόλου
2452 3394 2544 3446 καὶ
2573 3392 2661 3445 διά
2692 3391 2950 3462 Χριστοῦ,
2984 3391 3145 3460 σοφὸν
3168 3392 3373 3445 δέδοται
3403 3392 3481 3463 τῷ
3513 3394 3774 3468 προφήτῃ

2186 3488 2246 3540 τὸ
2279 3488 2525 3558 αἴνιγμα.
2574 3485 2712 3556 Φησί
2739 3484 2797 3538 δὲ
2826 3485 2907 3547 τὸ,
2944 3504 2963 3535 ι
2992 3485 3269 3539 Φυλάκου
3328 3484 3421 3540 τοῦ
3475 3487 3770 3557 ἡσυχάσαι,

2194 3579 2290 3633 καὶ
2322 3578 2396 3650 μὴ
2427 3575 2594 3648 φοϐοῦ
2614 3617 2628 3641 ,
2669 3562 2802 3648 μηδὲ
2839 3579 2869 3646 ὴ
2895 3575 3040 3648 ψυχή
3074 3594 3165 3630 σου
3200 3576 3493 3630 ἁσθενείτω
3523 3578 3631 3635 ἀπὸ
3659 3579 3772 3633 τῶν

2185 3671 2277 3724 δύο
2329 3669 2503 3738 ξύλων
2539 3669 2647 3721 τῶν
2686 3668 2861 3722 δαλῶν
2912 3669 3020 3721 τῶν
3057 3668 3471 3740 καπνιζομένων
3496 3670 3762 3725 τούτων..

2188 3764 2297 3817 Καὶ
2329 3762 2388 3816 τὸ
2426 3762 2527 3832 μὲν
2574 3762 2886 3816 ἐπιτάττειν
2916 3760 3145 3832 ἠρεμεῖν
3185 3759 3277 3814 καί
3314 3761 3610 3832 φροντίδων
3642 3762 3771 3832 δίχα

2185 3853 2467 3918 διατελεῖν,
2528 3853 2623 3907 καὶ
2681 3853 2789 3924 μὴν
2846 3852 2940 3905 καὶ
3004 3851 3274 3921 δειμάτων
3327 3852 3770 3916 ἀπαλλάττεσθαι

2186 3944 2439 4017 χαλεπῶν
2465 3961 2477 3974 ·
2517 3943 2804 4007 καλοῦντος
2837 3938 2904 4013 ἦν
2930 3942 3039 4016 ἄρα
3066 3945 3159 3996 καὶ
3190 3944 3337 4013 μάλα
3368 3944 3655 4016 ἐμφρόνως
3688 3946 3769 4009 εἰς

2186 4036 2519 4097 εὐπείθειαν,
2575 4037 2668 4089 καί
2717 4035 2880 4089 οἰονεί
2926 4038 3006 4097 εἰς
3034 4035 3233 4109 ἀρχὰς
3260 4036 3622 4106 ἀναφέροντος
3670 4035 3769 4090 τοῦ

2187 4128 2384 4200 χρῆναι
2408 4129 2571 4201 τιμᾷν
2605 4129 2729 4201 τοὺς
2761 4127 2889 4200 περὶ
2929 4126 3063 4180 Θεοῦ
3093 4127 3304 4196 λόγους,
3349 4127 3443 4182 καὶ
3468 4121 3549 4192 οἷς
3584 4127 3650 4181 ἂν
3679 4127 3762 4180 λέ.

2189 4235 2278 4287 γοι
2306 4219 2366 4272 τὸ
2398 4200 2596 4289 ἀληθὲς
2623 4200 2858 4288 ἑτοίμως
2886 4217 3332 4289 ἐπιψηφίζεσθαι.
3362 4218 3565 4281 Δαλοὺς
3593 4218 3648 4272 δὲ
3673 4222 3771 4281 καὶ

2187 4308 2321 4377 ξύλα
2350 4308 2724 4379 καπνιζόμενα
2750 4309 2923 4375 καλεῖ,
2957 4311 3081 4374 τοὺς
3109 4311 3228 4364 κατ’
3261 4308 3425 4370 αὑτοῦ
3461 4326 3769 4381 συμπεφω-

2187 4401 2441 4473 νηκότας,
2477 4402 2553 4466 ὡς
2583 4403 2706 4456 ὅσον
2736 4401 2948 4455 οὐδέπω
2986 4402 3434 4473 πεπαυσομένους
3467 4402 3562 4455 καὶ
3597 4403 3768 4456 αὑτοῦ

490 4485 718 4554 fumigat
779 4486 1022 4554 quidem,
1070 4503 1257 4543 verum
1329 4490 1505 4560 ignem
1574 4489 1628 4544 in
1671 4506 1793 4547 sese
1845 4493 2077 4562 amplius

2183 4494 2273 4548 τοῦ
2299 4489 2460 4558 εἰναι,
2494 4494 2590 4546 καὶ
2612 4493 2711 4563 τῆς
2741 4493 3039 4563 βασιλείας.
3059 4496 3266 4564 ’Ὠσπερ
3288 4494 3397 4565 γὰρ
3419 4491 3573 4561 ξύλον
3597 4495 3770 4564 ἤγουν

491 4577 690 4630 habere
720 4575 950 4632 desiuit:
980 4579 1094 4646 pari
1130 4595 1344 4651 quoque
1377 4583 1606 4651 ratione,
1631 4584 1883 4651 arbitror,
1916 4586 2077 4641 homo

2183 4585 2207 4638 ό
2235 4583 2413 4648 δαλὸς,
2469 4584 2599 4637 ὅταν
2633 4581 2886 4653 ἐξέληται
2930 4582 3026 4637 τοῦ
3058 4582 3251 4654 πυρὸς,
3279 4582 3601 4649 καπνίζεται
3642 4583 3767 4652 μὲν,

490 4665 574 4719 vel
610 4667 750 4727 vitm,
783 4666 867 4720 vel
928 4670 1003 4723 rei
1061 4670 1291 4738 alicujus
1343 4672 1506 4728 ﬁnem
1575 4675 1834 4743 facturus,
1880 4680 2075 4733 merito

2183 4675 2318 4749 πλὴν
2343 4677 2399 4728 ἐν
2429 4674 2721 4745 καταλήξει
2751 4674 2985 4744 γίνεται,
3015 4674 3110 4729 τοῦ
3144 4677 3240 4729 καὶ
3277 4674 3357 4729 ἔτι
3385 4676 3446 4728 τὸ
3478 4673 3591 4745 πῦρ
3620 4674 3769 4747 ἔχειν

492 4756 581 4811 fax
624 4758 729 4810 dici
763 4759 982 4826 poterit,
1011 4773 1105 4814 aut
1127 4761 1327 4832 lignum
1361 4766 1539 4822 adhuc
1564 4766 1860 4840 fumigans.
1890 4771 2069 4826 Caete-

2183 4768 2235 4821 ὲν
2266 4754 2464 4837 ἐαυτῷ·
2495 4767 2637 4820 κατὰ
2665 4766 2757 4819 τὸν
2782 4762 2921 4828 ἴσον,
2946 4761 3123 4836 οἶμαι,
3158 4766 3371 4821 τουτονί
3402 4768 3623 4837 τρόπον.
3673 4769 3773 4820 καὶ

492 4866 610 4903 rmn
645 4849 734 4904 ubi
757 4864 852 4904 eos
891 4852 1107 4907 timidos
1161 4857 1451 4910 admodum
1485 4867 1537 4913 et
1571 4872 1807 4915 mcerore
1875 4877 2070 4933 magno

2183 4854 2466 4930 ἅνθρωπος
2515 4857 2730 4929 μέλλων
2759 4859 2792 4929 ἦ
2828 4857 2973 4930 ζωῆς
3002 4858 3035 4929 ἢ
3066 4860 3388 4931 πράγματος
3436 4861 3493 4912 ὲν
3522 4860 3769 4930 καταλή-

491 4941 732 4998 deiectos
762 4956 884 4997 esse
916 4942 1259 5016 intelligeret,
1298 4948 1444 5017 quod
1510 4949 1834 5007 dimicantes
1882 4960 2069 5007 contra

2183 4948 2261 5018 Εει
2285 4949 2550 5018 γίνεσθαι,
2573 4950 2770 5019 λέγοιτ’
2800 4949 2866 5007 ἂν
2887 4950 3111 5016 εἰκότως
3139 4951 3298 5015 δαλὸς
3325 4952 3359 5024 ἦ
3387 4940 3543 5020 ξύλον
3569 4968 3769 5006 καπνι-

407 5084 416 5091 ,
491 5035 703 5090 Phaeee
729 5034 1096 5104 vincerentur,
1126 5040 1346 5107 etquod
1398 5049 1614 5095 centum
1660 5042 1852 5114 viginti
1902 5044 2071 5101 millia

2183 5042 2407 5114 ζόμενον
2431 5042 2533 5096 ἔτι.
2586 5041 2806 5114 Ἐπειδὴ
2832 5041 2890 5095 δὲ
2920 5043 3202 5114 ἡπίστοιτο
3231 5045 3498 5117 περιδεεῖς
3530 5043 3770 5115 μάλιστα

489 5142 555 5183 cx
581 5127 742 5194 Juda,
774 5139 831 5183 ut
857 5128 991 5196 dixi,
1044 5143 1152 5185 uno
1202 5130 1290 5186 die
1344 5132 1721 5190 corruissent:
1779 5135 1941 5192 etiam
1988 5136 2074 5191 his

2183 5131 2492 5202 γεγονότας,
2524 5132 2618 5186 καὶ
2651 5133 2707 5185 ὲν
2753 5133 3033 5206 κατηφείᾳ
3065 5134 3257 5207 πολλῇ,
3296 5135 3386 5190 διά
3410 5151 3470 5188 τε
3504 5133 3564 5187 τὸ
3602 5134 3775 5205 ἡττᾶ-

490 5217 941 5274 terriculamentis
1018 5234 1113 5275 eos
1182 5218 1395 5286 eximit,
1455 5229 1511 5275 et
1558 5222 1771 5291 inquit:
1813 5223 2073 5291 tQuando

2183 5224 2307 5279 σθαι
2329 5225 2755 5297 μεμαχημένους
2781 5227 2918 5296 πρὸς
2936 5226 3133 5293 cauet,
3160 5228 3247 5280 ὅτε
3263 5226 3359 5280 καὶ
3388 5223 3768 5289 πεπτώκασιν,

493 5307 641 5360 enim
684 5308 767 5361 ira
792 5307 991 5365 furoris
1017 5310 1121 5366 mei
1151 5309 1333 5374 fuerit,
1369 5310 1565 5367 iterum
1594 5313 1849 5378 sanaba,»
1883 5313 1938 5369 id
1964 5326 2064 5382 est,

494 5410 839 5466 nequaquam
869 5402 1218 5469 cecidissent,
1242 5404 1343 5460 nisi
1376 5388 1529 5461 furor
1563 5420 1716 5461 meus
1738 5405 1791 5460 in
1847 5421 2065 5461 manum

490 5484 726 5541 hostium
772 5503 863 5544 eos
891 5494 1224 5551 tradidisset.
1257 5493 1386 5566 Sed,
1422 5496 1617 5569 inquit,
1653 5497 1700 5554 si
1759 5496 1923 5554 fuerit
1988 5499 2065 5552 ira

491 5590 613 5633 mea
641 5586 829 5631 contra
858 5584 1121 5649 quosdam
1156 5600 1408 5655 accensa,
1435 5605 1625 5647 rursus
1654 5605 1748 5648 eos
1793 5591 1885 5662 qui
1920 5591 2064 5662 passi

488 5677 617 5728 sunt
660 5668 885 5725 sanabo.
920 5671 1055 5728 Nam
1081 5678 1174 5758 qui
1225 5692 1294 5734 ex
1337 5680 1418 5737 ira
1476 5682 1719 5755 tradidit,
1781 5681 1943 5741 facile
1999 5698 2064 5739 ex

595 5779 639 5817 ³⁸
679 5783 701 5842 ι
751 5781 885 5845 Tim.
920 5801 985 5854 tt,
1019 5787 1074 5845 4.

2179 5319 2257 5381 ὡς
2300 5316 2461 5390 ἔφην,
2520 5317 2714 5370 ἑκατὸν
2743 5318 2917 5371 εἰκοσι
2954 5318 3185 5389 χιλιάδες
3240 5320 3306 5373 ὲκ
3338 5319 3432 5376 τοῦ
3484 5319 3658 5373 ’ἰούδα
3711 5320 3771 5371 ἐν

2174 5409 2362 5480 ἡμέρα
2394 5410 2525 5480 μιᾷ’
2569 5407 2665 5462 καὶ
2707 5409 2912 5463 τούτων
2942 5407 3189 5481 ἐξίστησι
3217 5410 3327 5465 τῶν
3354 5410 3627 5481 δειμάτων
3670 5409 3773 5462 αύ-

2170 5499 2316 5564 τοὺς,
2348 5499 2440 5552 καί
2491 5513 2675 5571 φησιν·
2711 5499 2915 5552 «Ὅταν
2972 5497 3081 5571 γάρ
3118 5499 3256 5572 ὀργὴ
3271 5510 3283 5535 '-
3302 5500 3396 5555 τοῦ
3433 5500 3609 5573 θυμοῦ
3665 5516 3771 5570 μου

2169 5591 2418 5664 γένηται,
2448 5591 2609 5647 πάλιν
2644 5592 2924 5662 ἰάσομαιοι
2958 5589 3101 5644 τοῦτ’
3135 5591 3300 5657 ἔστιν,
3336 5592 3443 5647 οὐδ’
3472 5594 3539 5647 ἂν
3567 5593 3770 5646 ἐκεῖνοι

2173 5684 2554 5755 πεπτώκασιν,
2589 5686 2638 5738 εἰ
2675 5684 2750 5756 μὴ
2797 5680 3027 5738 δέδωκεν
3073 5685 3268 5751 αὐτοὺς
3315 5685 3418 5742 ὑπὸ
3462 5687 3624 5761 χεῖρα
3655 5679 3769 5740 τῶν
