4030 6208
430 295 553 386 «ω’

1411 325 1470 383 S.
1511 321 1791 380 CYBILL’l
1829 320 2305 377 ΑιΕΧΑΝυιιιΝι
2346 321 2665 378 ARClllliP.

3577 323 3642 378 ‘20
3652 323 3683 377 (ι

427 467 556 512 vero
569 453 730 509 etiam
747 451 798 506 iu
817 448 1059 505 Samaria
1074 445 1306 510 Pbacee,
1321 443 1542 513 quierat
1559 439 1812 496 Romeliae
1833 439 1994 507 ﬁlius,

2126 439 2300 492 ισσὼν.
2349 438 2730 496 Ἀποθανόντος
2784 435 2840 488 δὲ
2893 435 2987 489 καὶ
3038 435 3130 488 τοῦ
3177 436 3370 499 Φακεὲ,
3403 437 3460 489 ἓν
3489 439 3556 507 τῇ
3585 436 3684 490 lia.-

429 560 652 616 regnum
685 541 845 612 119
868 540 1060 609 accipit
1084 537 1221 594 Osee
1252 535 1393 590 ﬁlius
1427 534 1555 598 Elae,
1588 533 1671 585 vir
1697 529 1998 601 improbus,

425 645 477 690 et
507 637 806 689 daemonum
838 629 1248 698 deceptionibus
1275 625 1558 681 addictior.
1595 623 1714 690 Quo
1780 637 2000 693 regnum

428 726 800 794 gubernante,
830 719 1076 775 ascendit
1111 716 1464 772 Salmanasar
1508 714 1764 786 Assyrius
1811 715 2004 767 adver-

428 830 520 869 sus
557 822 718 867 totam
751 810 1077 874 Samariam,
1121 818 1173 863 et
1217 805 1504 863 confestim
1561 812 1723 874 capto
1755 804 1916 868 Osca,
1949 817 2004 858 et

431 906 486 958 in
517 903 635 958 loco
666 901 811 956 servi
839 902 1043 966 habito,
1073 915 1136 954 ac
1163 906 1356 953 cuncta
1389 895 1611 967 regione
1665 901 1900 956 vastata,
1952 902 2007 946 et

407 983 794 1050 ‘lsraelitarum
823 1000 965 1049 terra
992 991 1233 1047 desolata
1263 1007 1326 1046 ac
1348 990 1588 1054 deserta,
1614 987 1733 1042 loco
1767 987 2003 1056 ipsorum

396 1093 398 1095 ’
433 1087 736 1142 incolarum
765 1086 1056 1156 inquilinos
1086 1086 1352 1153 quosdam
1407 1080 1708 1144 constituit,
1742 1088 1834 1132 aut
1878 1091 2008 1131 sane

430 1193 499 1234 ex
530 1180 761 1233 subditis
813 1179 949 1241 suis,
997 1177 1444 1244 licchutbamque
1491 1183 1546 1229 et
1599 1169 2002 1240 Sappbarvian.

432 1269 636 1325 Gentes
668 1278 874 1333 autem,
907 1271 1090 1330 credo,
1119 1269 1201 1322 ba:
1227 1265 1457 1320 Persicae
1485 1282 1499 1318 :
1549 1265 1627 1318 sic
1661 1263 1806 1318 enim
1857 1261 1910 1316 in
1941 1261 2007 1313 li-

435 1361 549 1415 bris
578 1361 882 1431 Regnorum
913 1362 1173 1430 scriptum
1215 1367 1318 1412 est.
1359 1355 1530 1425 Hujus
1565 1353 1719 1409 nobis
1768 1353 2010 1408 historia:

436 1454 798 1506 narrationem
843 1453 1103 1519 propinata
1144 1460 1584 1502 commemorans
1616 1461 1631 1498 :
1667 1463 1686 1496 ι
1719 1441 1846 1498 Haec
1880 1442 2011 1497 dicit

439 1541 716 1607 Dominus,
748 1541 963 1611 inquit:
1007 1539 1119 1592 Non
1151 1536 1392 1591 manebit
1415 1533 1706 1590 consilium
1742 1533 1866 1596 hoc.
1913 1547 2012 1586 ne-

436 1649 540 1702 que
568 1634 694 1696 erit,
725 1633 817 1687 sed
850 1639 1013 1700 caput
1053 1629 1218 1682 Aram
1260 1628 1577 1690 Damascus,
1607 1635 1658 1680 et
1691 1634 1858 1694 caput
1908 1623 2012 1676 Da-

439 1727 604 1780 masci
633 1724 943 1785 Rbaassou,
973 1723 1067 1777 sed
1103 1723 1239 1774 intra
1266 1733 1438 1774 annos
1468 1719 1748 1789 sexaginta
1771 1729 1824 1770 et
1849 1716 2007 1786 quin-

437 1833 541 1887 que
564 1818 781 1871 deﬁciet
809 1831 1030 1886 regnum
1058 1812 1310 1882 prraim
1333 1826 1361 1864 a
1389 1809 1605 1881 populo.
1636 1829 1654 1860 ι
1685 1808 1749 1862 Et
1777 1809 2002 1863 obscura
2046 1790 2090 1849 Β

437 1909 651 1979 quidem
683 1917 767 1961 est
795 1908 1083 1959 verborum
1123 1911 1426 1970 structura,
1458 1910 1514 1956 at
1537 1903 1679 1957 hunc
1708 1901 1761 1955 in
1791 1900 2009 1955 modum

436 2000 775 2068 assequenda
806 2006 890 2051 est
915 2013 928 2048 :
967 1996 1162 2065 Caput,
1191 1993 1388 2064 inquit,
1415 1995 1601 2057 Aram,
1626 1993 1678 2047 id
1710 2001 1793 2046 est
1821 1990 2008 2062 Syriae.

438 2093 756 2146 Damascus.
813 2087 1130 2155 Metropolis
1163 2087 1308 2141 enim
1365 2085 1538 2157 Syria:
1585 2084 1902 2145 Damascus.
1959 2092 2014 2137 et

440 2194 604 2253 caput
633 2181 886 2236 Damasci
924 2179 1246 2242 Rbaassim,
1288 2178 1340 2234 id
1374 2187 1458 2233 est
1493 2177 1801 2232 libaassou.
1847 2175 2016 2244 Caput

440 2273 704 2340 siquidem
737 2271 977 2342 regionis
1021 2281 1077 2326 et
1107 2271 1345 2326 civitatis
1380 2279 1487 2334 est,
1541 2269 1630 2340 qui
1685 2283 1906 2338 regnum
1963 2266 2014 2318 in

443 2366 561 2420 illos
584 2365 742 2437 gerit.
795 2365 860 2418 Et
895 2378 1116 2434 regnum
1169 2363 1420 2432 Ephraim
1456 2361 1672 2416 deﬁciet
1708 2375 1737 2413 a
1770 2357 1966 2429 populo
1999 2374 2015 2423 ;

445 2460 497 2512 in
553 2457 711 2511 annis
763 2455 1044 2526 sexaginta
1105 2462 1160 2508 et
1221 2453 1460 2522 quinque
1521 2450 1736 2504 deﬁciet
1791 2462 2016 2519 regnum

447 2549 734 2620 prraim,
761 2548 815 2601 id
837 2557 921 2602 est
946 2544 1142 2610 Israel;
1168 2543 1386 2600 deﬁciet
1406 2556 1623 2612 quoque
1644 2549 1803 2609 caput
1829 2541 2016 2601 Aram,

446 2641 498 2695 id
531 2649 614 2697 est
642 2640 954 2706 Damascus,
985 2647 1040 2693 et
1085 2647 1248 2707 caput
1283 2635 1549 2698 Damasci,
1587 2633 1639 2687 id
1691 2641 1776 2687 est
1809 2631 2021 2686 Rbaas-

445 2747 566 2788 son.
606 2731 758 2798 Cepit
805 2731 970 2793 enim,
1007 2737 1065 2784 ut
1119 2729 1250 2795 dixi,
1303 2725 1848 2799 Tbeglaphallasarus
1911 2723 2020 2778 Da-

449 2837 688 2879 mascum
720 2831 776 2876 et
805 2821 1107 2888 Rhaasson,
1133 2829 1188 2875 et
1218 2818 1654 2883 Salmanasarus,
1689 2815 1884 2873 Oscam
1921 2829 2014 2869 re-

450 2929 570 2990 gem
608 2913 893 2985 prraim,
936 2914 1051 2968 sive
1100 2911 1337 2977 lsraelis,
1387 2920 1443 2966 et
1483 2907 1862 2969 Sornorrham,
1908 2906 2024 2961 sive

450 3004 777 3069 Samariam,
809 3003 1174 3060 communiter
1201 3012 1458 3060 currente
1489 3012 1547 3056 et
1575 3000 1905 3056 inserviente
1932 2997 2024 3052 illo

2109 531 2327 602 μαρείᾳ,
2387 530 2446 594 ὃς
2495 527 2562 601 ἦν
2607 529 2700 582 τοῦ
2741 527 3040 598 Ῥομελίου,
3081 527 3383 598 διαδέχεται
3443 527 3541 600 τὴν
3595 527 3688 599 βα·

2107 620 2311 673 σιλείαν
2351 621 2510 693 Ὠσηὲ
2539 619 2653 682 υἱὸς
2688 619 2841 683 Ἦλᾶ,
2870 618 3106 688 πονηρὸς
3135 617 3297 689 ἀνὴρ,
3319 617 3411 672 καὶ⁸
3433 621 3553 682 ταῖς
3576 618 3687 672 τῶν

2103 711 2395 782 δαιμονίων
2426 711 2663 774 ἀπάταις
2687 711 3025 781 ἐγκείμενος.
3059 701 3442 778 Οὗβιέποντος
3467 709 3570 781 τὴν
3598 710 3689 780 βατ

2109 799 2314 855 σιλείαν
2340 801 2508 870 ἀνέϐη
2535 801 2900 872 Σαλμανασὰρ
2929 804 2957 854 6
3001 801 3287 872 Ἀσσύριος
3331 800 3474 855 κατά
3504 802 3688 873 πάσης

2107 892 2206 962 τῆς
2232 892 2568 963 Σαμαρείας,
2599 894 2693 946 κα)⁸
2714 894 3057 964 παραχρῆμα
3082 893 3180 962 μὲν
3207 887 3352 945 εἷλεν
3379 893 3472 945 τὸν
3505 893 3686 964 Ὠσηὲ,

2109 985 2202 1038 καὶ
2234 984 2292 1038 ἐν
2324 985 2537 1038 οἰκέτου
2573 985 2722 1050 τάξει
2761 986 3078 1056 πεποίηται’
3114 985 3471 1056 καταδῃώσας
3503 986 3560 1039 δὲ
3587 987 3690 1059 τὴν

2109 1077 2292 1148 χώραν
2323 1077 2561 1142 ἅπασαν,
2588 1078 2811 1131 καὶτῶν
2839 1078 2970 1131 υἱῶν
3011 1078 3228 1150 Ἰσραὴλ
3252 1080 3533 1150 ἀποφήνας
3560 1080 3689 1151 ἐρή-

2108 1185 2241 1238 μην,
2274 1166 2597 1239 καθίστησιν
2636 1169 2748 1222 ἀντ’
2782 1169 2959 1222 αὐτῶν
3011 1170 3120 1222 τῶν
3175 1169 3319 1223 [δίων
3352 1169 3503 1233 τινὰς
3547 1170 3688 1224 ἐνοί-

2111 1278 2261 1324 κους,
2291 1262 2408 1332 ἤτοι
2438 1262 2544 1314 τῶν
2586 1262 2690 1314 ὑπὸ
2719 1264 2894 1332 χεῖρα,
2931 1262 3022 1315 τόν
3054 1279 3113 1315 τε
3155 1261 3422 1332 Ἐκχουθὰ
3467 1264 3559 1316 καὶ
3592 1264 3690 1316 τδν

2113 1353 2504 1425 Σαπφαρουῖαν
2531 1369 2542 1384 ·
2592 1352 2718 1422 ἔθνη
2758 1353 2814 1406 δὲ
2872 1349 3024 1424 οἶμαι
3074 1356 3230 1407 ταυτὶ
3277 1354 3541 1426 Περσικά.
3592 1355 3692 1408 Γέ-

2113 1464 2354 1518 γραπται
2387 1445 2497 1519 γὰρ
2547 1446 2720 1510 οὕτως
2766 1448 2824 1499 ἐν
2866 1447 3070 1518 βίϐλοις
3107 1446 3423 1501 Βασιλειῶν.
3473 1447 3696 1518 Ταύτης

2115 1541 2245 1610 ἡμῖν
2293 1538 2534 1611 ἱστορίας
2583 1538 2681 1609 τὴν
2715 1539 2993 1610 ἀφήγησιν
3041 1541 3069 1590 6
3125 1539 3432 1609 προφήτης,
3477 1538 3690 1607 λέγων’

2119 1653 2138 1684 ‹
2165 1632 2304 1686 Τάδε
2337 1633 2487 1702 λέγει
2516 1633 2753 1705 Κύριος·
2786 1633 2860 1685 Ού
2900 1633 2973 1703 μὴ
2999 1631 3230 1705 ὲμμείνῃ
3263 1634 3296 1702 ἡ
3325 1630 3486 1702 βουλὴ
3529 1631 3694 1702 αῦτη.

2115 1723 2235 1777 οὐδὲ
2269 1725 2442 1782 ἔσται.
2484 1723 2599 1777 ἀλλ’
2631 1726 2665 1794 ἡ
2707 1722 2918 1794 κεφαλὴ
2955 1721 3196 1794 Ἐφραῖμ
3236 1723 3548 1793 Δαμασκὺς,
3599 1723 3696 1775 καὶ

2119 1820 2151 1888 ἡ
2187 1817 2394 1887 κεφαλὴ
2449 1816 2742 1887 Δαμασκοῦ
2795 1815 3097 1886 Ῥαασσίμ’
3144 1815 3258 1869 ἀλλ’
3304 1815 3383 1868 ἔτι
3433 1813 3698 1885 ἐξήκοντα

2114 1905 2209 1958 καὶ
2242 1904 2403 1958 πέντε
2456 1904 2596 1957 ἐτῶν
2645 1905 2883 1974 ἐκλείψει
2937 1906 2970 1975 ἡ
3017 1904 3262 1974 βασιλεία
3305 1903 3543 1976 Ἐφραῒμ
3587 1905 3700 1957 ἀπὸ

2115 1995 2300 2050 λαοῦ.»
2336 1997 2446 2050 Καὶ
2470 1996 2687 2068 ἀσαφὴς
2712 1997 2808 2067 μὲν
2836 1997 2870 2067 ἡ
2892 1997 3000 2051 τῶν
3015 1996 3212 2060 λέξεων
3241 1995 3502 2068 συνθήκη·
3535 2013 3704 2067 προσ-

2117 2087 2300 2141 ϐαλεῖν
2335 2089 2391 2142 δὲ
2430 2088 2536 2160 χρὴ
2596 2088 2839 2142 τοιῶσδεο
2891 2089 2955 2141 Ἡ
2985 2088 3236 2158 κεφαλὴ,
3267 2089 3452 2160 φησὶν,
3496 2089 3700 2159 Ἀρὰμ,

2118 2178 2262 2233 τοῦτ’
2296 2179 2414 2232 ἔστι
2459 2179 2558 2250 τῆς
2587 2180 2806 2251 Συρίας,
2841 2179 3151 2251 Δαμασκδς.
3183 2180 3332 2252 καὶὴ
3361 2178 3568 2249 κεφαλὴ
3597 2181 3705 2232 Δα-

2122 2269 2333 2340 μασκοῦ
2383 2271 2675 2340 Ῥαασσὶμ,
2706 2271 2851 2324 τοῦτ’
2890 2271 3038 2324 ἐστιν
3061 2275 3088 2325 6
3137 2270 3452 2326 Ῥαασσών·
3490 2269 3705 2340 κεφαλὴ

2119 2363 2229 2434 γὰρ
2248 2363 2345 2432 τῆς
2363 2380 2421 2415 τε
2443 2361 2626 2434 χώρας
2665 2364 2757 2418 καὶ
2777 2365 2875 2436 τῆς
2900 2363 3111 2428 ,πόλεως
3129 2366 3157 2417 6
3182 2363 3478 2436 βασιλεύων
3498 2363 3703 2418 αὐτῶν.

2121 2457 2232 2508 Καὶ
2265 2456 2296 2524 ή
2333 2455 2579 2525 βασιλεία
2617 2455 2674 2508 δὲ
2716 2455 2955 2527 Ἐφραῒμ
2997 2456 3236 2526 ἐκλείψει
3275 2457 3383 2510 ἀπὸ
3424 2456 3554 2510 λαοῦ
3576 2473 3588 2487 ·
3623 2458 3708 2512 ἔτι

2121 2546 2382 2618 ἐξήκοντα
2399 2547 2494 2600 καὶ
2516 2547 2676 2602 πέντε
2695 2549 2832 2601 ὲτῶν
2849 2549 3084 2619 ἐκλείψει
3108 2552 3140 2620 ἡ
3166 2548 3411 2620 βασιλεία
3443 2551 3704 2622 Ἐφραῒμ,

2120 2638 2264 2692 τοῦτ’
2314 2638 2466 2705 ἔστι,
2507 2639 2601 2693 τοῦ
2657 2641 2904 2713 Ἰσραήλ⁹
2967 2641 3210 2712 ἐκλείψει
3269 2643 3363 2696 καὶ
3413 2645 3446 2714 ἡ
3497 2643 3708 2716 κεφαλὴ

2137 2732 2336 2804 ’Δρὰμ,
2365 2732 2510 2786 τοῦτ’
2544 2733 2691 2786 ἔστιν
2728 2735 2762 2805 ἡ
2802 2734 3113 2805 Δαμασκὸς,
3146 2737 3238 2788 καὶ
3276 2737 3308 2808 ἡ
3349 2737 3558 2806 κεφαλὴ
3600 2740 3710 2788 Δα-

2126 2826 2362 2898 μασκοῦ,
2415 2828 2559 2881 τοῦτ’
2614 2826 2760 2880 ἐστιν
2814 2829 2842 2880 6
2893 2828 3191 2884 Ῥαασσών.
3237 2825 3398 2884 Εἷλεν
3452 2830 3582 2900 γὰρ,
3629 2829 3709 2891 ὡς

2125 2916 2284 2988 ἔφην,
2315 2919 2344 2970 6
2391 2917 2488 2988 μὲν
2545 2917 3012 2990 Θεγλαφαλλασάρ
3045 2921 3144 2991 τήν
3186 2937 3245 2972 τε
3292 2901 3581 2992 Δαμασκὸν
3609 2921 3707 2973 καὶ

2125 3012 2217 3064 τὸν
2254 3008 2557 3075 Ῥαασσὼν,
2591 3011 2619 3062 6
2652 3010 2709 3064 δὲ
2755 3011 3118 3083 Σαλμανασάρ
3149 3012 3238 3066 τὸν
3280 3014 3438 3082 Ὠσηὲ
3487 3013 3711 3083 βασιλέα

452 3099 643 3166 verbo,
672 3096 940 3166 Deﬁciet:
975 3108 1030 3153 et
1055 3105 1217 3167 caput
1266 3095 1520 3164 prraim
1573 3093 1768 3146 civitas
1803 3091 2020 3145 Somor-

2140 3103 2401 3176 Ἐφραῒμ,
2438 3105 2557 3175 ἦτοι
2603 3103 2697 3158 τοῦ
2740 3105 2976 3176 Ἰσραὴλ,
3017 3106 3111 3157 καὶ
3143 3106 3240 3176 τὴν
3280 3107 3558 3178 Σομόρων,
3589 3107 3710 3178 ἦτοι

449 3191 696 3253 rborum,
728 3188 944 3242 deﬁciet
985 3203 1198 3242 rursus.
1225 3186 1397 3256 Caput
1427 3195 1603 3239 autem
1633 3181 1884 3250 prraim
1921 3178 2025 3235 So-

453 3281 676 3334 morrha
707 3290 887 3346 vocat,
922 3280 972 3332 id
1009 3289 1094 3334 est
1123 3277 1446 3332 Samariam.
1493 3274 1662 3328 Mater
1701 3273 1843 3326 enim
1877 3273 2028 3342 prin-

451 3385 687 3440 cepsque
714 3370 908 3425 civitas
927 3369 1191 3425 Samaria!
1215 3367 1532 3423 Somorrba.
1559 3365 1814 3434 prraim
1847 3373 1988 3418 auter
2002 3378 2026 3417 ,ι

450 3461 664 3532 quando
693 3460 842 3522 dicit,
874 3458 1123 3513 lsraelem
1165 3465 1348 3522 notat;
1414 3463 1469 3510 et
1508 3463 1662 3525 caput
1707 3451 2028 3507 Somorrba-

453 3567 572 3605 rum
608 3552 748 3606 ﬁlius
780 3550 1060 3616 Romeliae,
1091 3550 1141 3605 id
1170 3559 1250 3604 est
1283 3547 1505 3603 Pbacee
1531 3565 1545 3601 :
1580 3544 1720 3600 redit
1748 3557 2026 3599 ac-recur-

452 3643 525 3696 rit
557 3642 750 3696 iterum
792 3640 918 3694 illud
948 3639 1152 3709 deﬁciet
1187 3640 1238 3694 in
1269 3637 1543 3693 omnibus.
1574 3634 1831 3705 Adjungit
1865 3646 2028 3703 porro

454 3733 639 3787 hisce:
672 3750 690 3783 ι
729 3731 797 3785 Et
838 3732 883 3786 si
915 3745 1018 3786 non
1073 3731 1442 3795 credideritis,
1490 3744 1596 3784 non
1640 3725 1970 3796 intelligetis.
2003 3742 2022 3774 ι

453 3824 521 3880 Et
556 3826 668 3878 haec
697 3824 916 3893 quidem
948 3839 1054 3879 non
1092 3824 1364 3878 immerito
1396 3823 1670 3877 dicuntur.
1701 3819 1909 3874 Etenim
1939 3817 2028 3886 qui

455 3913 548 3968 Dei
587 3918 810 3968 verbum
858 3909 1086 3981 prapter'
1117 3911 1553 3966 incredulitatem
1575 3917 1809 3963 onerant
1837 3915 2031 3962 contu-

455 4004 656 4067 meliis,
691 4002 744 4056 bi
781 4002 1091 4070 cognitione
1121 3999 1241 4066 ejus
1263 4000 1470 4066 praediti
1503 4013 1622 4052 esse
1648 4012 1751 4050 non
1783 4003 2030 4065 possunt.

453 4093 682 4166 Oportet
709 4093 871 4164 igitur
917 4092 1302 4146 incunctanter
1348 4089 1590 4156 recipere
1619 4101 1739 4156 qufe
1770 4084 2029 4139 exhiben-

455 4199 599 4244 tura
630 4188 762 4251 Deo,
793 4198 848 4242 et
877 4199 996 4256 qua;
1047 4181 1335 4252 pollicetur
1383 4193 1448 4233 ac
1491 4178 1753 4247 loquitur,
1798 4177 1882 4231 bis
1933 4190 2032 4229 an-

455 4294 625 4334 nuere
659 4281 931 4335 alacriter.
970 4273 1048 4329 Ita
1089 4273 1243 4328 nobis
1279 4271 1440 4325 inerit
1479 4269 1716 4340 c0guitio
1763 4266 1929 4332 bona,
1977 4273 2032 4320 et

454 4382 686 4426 ruentem
725 4381 968 4425 nostram
1001 4365 1296 4421 illustrabit
1332 4362 1420 4417 lux
1453 4360 1733 4432 sapientia:
1782 4357 1920 4426 ejus.

525 4578 690 4631 Vsus.
732 4575 813 4628 10.
849 4573 912 4625 Et
939 4572 1165 4639 perrexit
1194 4570 1444 4624 Dominus
1495 4567 1640 4635 loqui
1679 4568 1912 4632 Aclmzo,
1939 4569 2026 4622 di-

454 4682 611 4726 cens:
639 4664 971 4721 Postulatibi
999 4664 1210 4732 signum
1261 4679 1290 4714 a
1321 4661 1428 4714 Deo
1464 4660 1624 4730 120
1653 4669 1764 4723 tuo,
1803 4660 1860 4712 in
1909 4677 2029 4728 pro-

455 4761 698 4829 fundum,
745 4757 822 4812 vel
870 4759 924 4811 in
963 4755 1244 4810 excelsum.
1283 4751 1348 4806 Et
1385 4755 1519 4807 dixit
1561 4753 1784 4805 Achaz:
1821 4751 2028 4822 Nequa-

451 4867 608 4922 quam
635 4850 936 4921 postulabo,
966 4861 1295 4917 nequaquam
1322 4847 1529 4899 tentabo
1563 4844 1866 4898 Dominum.

524 4943 746 5000 Acbazo
781 4942 1033 4996 thronum
1065 4938 1216 5008 regni
1241 4938 1521 4992 obtinente
1542 4935 1956 5009 Hierosolymis,
1975 4947 2030 4994 et

453 5037 521 5091 ad
548 5034 960 5091 eﬂrenationem
991 5031 1278 5102 quamdam
1323 5029 1478 5084 valde
1510 5029 1780 5099 prolapso,
1819 5040 1875 5084 et
1916 5032 2029 5085 da:-

455 5129 759 5182 moniorum
787 5126 1020 5181 cultibus
1051 5122 1204 5178 falsis
1239 5122 1667 5188 adhaerescente,
1705 5137 1827 5178 eum
1854 5121 2028 5176 omni-

453 5219 555 5273 bus
588 5219 762 5274 modis
795 5225 1020 5274 conatur
1050 5217 1122 5271 ad
1159 5215 1354 5270 melius
1389 5213 1694 5279 traducere,
1716 5227 1772 5269 et
1803 5225 1860 5268 ut
1893 5216 2030 5270 veri-

453 5306 583 5361 tatis
616 5308 902 5376 opiniones
951 5315 1297 5363 consectetur
1331 5320 1396 5361 ac
1436 5305 1640 5374 cupiat,
1676 5313 1729 5358 et
1765 5314 1912 5359 recta
1964 5304 2030 5359 de

453 5395 564 5449 Deo
591 5395 794 5449 sentire
821 5396 970 5452 velit.
997 5396 1264 5464 Quoniam
1300 5397 1464 5468 igitur
1493 5393 1756 5450 idolorum
1790 5395 2027 5450 cultores

452 5484 789 5558 magnifecit,
819 5503 884 5543 ae
913 5503 1054 5544 cura
1087 5489 1379 5560 studioque
1406 5488 1458 5545 ei
1501 5486 1602 5544 fuit
1639 5503 1820 5545 rerum
1863 5502 2030 5544 even-

451 5593 540 5634 tus
560 5577 831 5634 curiosius
847 5579 1104 5644 scrutari,
1122 5590 1176 5636 et
1196 5596 1262 5636 ex
1286 5581 1463 5636 sacris
1486 5581 1757 5638 sciscitari
1785 5580 2025 5647 oracula,

449 5669 738 5740 verbisque
764 5667 1022 5724 falsorum
1067 5680 1252 5724 vatum
1292 5671 1585 5740 ludiﬁcari,
1627 5674 1886 5742 periculis
1931 5673 2024 5728 im-

446 5759 830 5832 pendentibus,
855 5755 1129 5816 Acbazum
1157 5758 1273 5816 haec
1309 5760 1620 5819 molientem
1645 5765 1876 5821 retrahit
1903 5773 2027 5820 ante

2131 3195 2464 3268 Σαμαρείαν,
2504 3195 2612 3249 ἀπὺ
2645 3197 2826 3251 κοινοῦ
2856 3198 3141 3269 τρέχοντος
3172 3198 3233 3251 τὸ
3276 3199 3576 3266 ἐκλείψει·
3615 3201 3709 3252 καὶ

2129 3291 2163 3360 ἡ
2193 3288 2403 3360 κεφαλὴ
2435 3289 2491 3342 δὲ
2541 3289 2781 3361 Ἑφραῒμ
2813 3292 3068 3363 Σομόρων
3103 3292 3338 3362 ἐκλείψει
3373 3293 3556 3348 πάλιν.
3603 3295 3714 3347 Κε-

2136 3381 2311 3452 φαλὴν
2333 3382 2390 3435 δὲ
2428 3381 2668 3454 Ἐφραῖμ
2691 3383 2758 3436 τὰ
2803 3383 3018 3455 Σόμορα
3063 3384 3238 3450 καλεῖ,
3273 3385 3417 3438 τοῦτ’
3451 3385 3561 3438 ἐστι
3615 3385 3714 3457 τὴν

2130 3472 2475 3544 Σαμαρείαν·
2545 3473 2879 3546 μητρόπολις
2941 3475 3048 3547 γὰρ
3106 3477 3416 3548 Σαμαρείας
3473 3477 3710 3548 Σόμορα.

2143 3565 2386 3637 Ἑφραῒμ
2411 3565 2468 3619 δὲ
2495 3567 2622 3620 ὃταν
2647 3567 2815 3636 λέγει,
2842 3567 2932 3621 τὸν
2970 3569 3188 3641 Ἰσραὴλ
3227 3569 3378 3639 δηλοῖ
3395 3586 3408 3598 ’
3443 3570 3588 3640 καὶὴ
3620 3588 3712 3622 κε-

2131 3657 2275 3729 φαλὴ
2324 3659 2580 3729 Σομόρων
2638 3659 2753 3722 υἱὸς
2810 3658 2904 3712 τοῦ
2956 3660 3260 3729 Ῥομελίου,
3317 3659 3460 3712 τοῦτ’
3492 3661 3637 3713 ἔστιν
3689 3664 3716 3712 ὁ

2128 3747 2305 3801 Φακεέ
2327 3761 2342 3778 ⁸
2369 3747 2552 3818 τρέχει
2585 3747 2643 3801 δὲ
2692 3747 2854 3801 πάλιν
2885 3749 2945 3802 τὸ
2985 3749 3259 3818 ἐκλείψει
3302 3749 3443 3804 κατά
3477 3751 3713 3804 πάντων.

2132 3838 2478 3909 Προσεπάγει
2505 3837 2563 3889 δὲ
2593 3837 2824 3902 τούτοιςο
2849 3856 2865 3889 ι
2889 3838 3000 3892 Καὶ
3019 3837 3114 3892 ἐὰν
3142 3839 3215 3909 μὴ
3236 3837 3585 3909 πιστεύσητε,
3607 3838 3718 3891 οὐδ’

2130 3929 2190 3981 ού
2220 3929 2294 4000 μὴ
2325 3929 2544 4000 συνῆτε.
2583 3930 2769 3999 »Ἔχει
2795 3929 2850 3982 δὲ
2873 3930 2966 3983 καὶ
2989 3930 3194 4002 σφόδρα
3225 3925 3284 3984 τὸ
3312 3930 3458 3994 εἰκὸς
3482 3933 3510 3982 6
3540 3930 3718 3997 λόγος.

2132 4018 2256 4079 Τοῖς
2283 4017 2391 4088 γὰρ
2417 4020 2536 4082 ταῖς
2574 4019 2854 4083 ἀπιστίαις
2885 4021 3296 4091 περιυϐρίζουσι
3334 4020 3424 4074 τὸν
3451 4019 3544 4073 τοῦ
3581 4021 3720 4074 Θεοῦ

2132 4110 2310 4177 λόγον,
2341 4109 2450 4162 οὐδ’
2484 4109 2549 4164 ἂν
2591 4110 2866 4179 ἐγγένοιτο
2900 4110 3115 4174 σύνεσις
3144 4113 3176 4183 ἡ
3222 4112 3374 4184 παρὰ
3412 4113 3597 4166 αὐτοῦ.
3631 4115 3725 4166 Δεῖ

2132 4200 2421 4270 τοιγαροῦν
2456 4199 2721 4271 ἀμελλητὶ
2753 4201 3003 4271 δέχεσθαι
3029 4202 3098 4255 τὰ
3139 4202 3291 4274 παρὰ
3315 4203 3471 4265 Θεοῦ,
3516 4205 3610 4257 καὶ
3637 4197 3723 4268 οἷς

2134 4293 2199 4347 ἂν
2221 4294 2567 4365 ὑπισχνεῖται
2595 4295 2690 4346 καὶ
2737 4292 2890 4347 λαλεῖ
2928 4295 3200 4349 συννεύειν
3238 4295 3489 4365 ἑτοίμως.
3525 4297 3722 4350 Ἔσται

2133 4385 2244 4456 γὰρ
2275 4387 2333 4438 ὲν
2366 4387 2498 4456 ἡμῖν
2526 4384 2699 4448 οὕτως
2731 4387 2764 4456 ἡ
2799 4385 3013 4450 σύνεσις
3041 4387 3239 4458 ἀγαθὴ,
3267 4388 3360 4441 καὶ
3389 4387 3725 4458 περιαστρά-

2065 4473 2109 4527 Ι)
2137 4475 2228 4544 ψει
2255 4475 2347 4530 τὸν
2385 4477 2509 4532 νοῦν
2536 4477 2638 4547 τῆς
2663 4481 2794 4550 παρ’
2833 4478 2998 4532 αὐτοῦ
3036 4480 3228 4550 σοφίας
3252 4481 3280 4532 6
3311 4478 3612 4550 φωτισμός.

2207 4569 2317 4622 Καὶ
2349 4568 2678 4637 προσέθετο
2713 4571 2930 4638 Κύριος
2969 4573 3240 4641 λαλῆσαι
3274 4571 3355 4637 τῷ
3387 4570 3580 4639 Ἀχαζ
3615 4570 3721 4625 .ιέ-

2135 4678 2256 4730 των
2277 4673 2290 4688 ·
2313 4661 2566 4726 Αἵτησαι
2593 4661 2828 4728 σεαυτῷ
2857 4662 3111 4732 σημεῖον
3137 4663 3294 4732 παρὰ
3320 4665 3541 4732 Κιφίου
3571 4663 3725 4718 Θεοῦ

2136 4765 2253 4803 σου
2283 4752 2371 4815 εἰς
2409 4748 2622 4817 βάθος,
2658 4752 2696 4820 ἣ
2734 4755 2823 4820 εἰς
2849 4753 3029 4822 ὕψος.
3072 4756 3180 4809 Καὶ
3209 4751 3378 4809 εἷπεν
3406 4753 3599 4824 Ἀχαζ·
3638 4757 3724 4808 Οὐ

2130 4840 2216 4912 μὴ
2247 4842 2494 4909 αἰτήσω,
2531 4843 2670 4897 οὐδ’
2700 4847 2772 4899 οὐ
2793 4845 2878 4914 μὴ
2907 4846 3171 4915 πειράσω
3205 4849 3442 4917 Κύριον.

2207 4934 2347 4998 Τοὺς
2381 4935 2482 5005 τῆς
2517 4933 2796 5004 βασιλείας
2822 4935 3078 4992 διέποντα
3105 4938 3304 5002 θάκους
3335 4940 3392 4992 ὲν
3412 4939 3525 5002 τοῖς
3559 4938 3723 5010 Ἱερο-

2139 5024 2395 5095 σολύμοις
2453 5027 2544 5079 τὸν
2590 5025 2789 5097 Ἄχας,
2831 5029 2925 5081 καὶ
2971 5028 3105 5082 πολὺ
3153 5030 3270 5083 λίαν
3323 5029 3726 5084 ἀπονενευκότα

2137 5119 2275 5191 πρὸς
2304 5120 2366 5173 τὸ
2404 5120 2638 5190 ὲξήνιον,
2670 5121 2765 5174 καὶ
2797 5123 2877 5185 εἰς
2911 5121 2972 5176 τὸ
3009 5121 3367 5192 προσκεῖσθαι
3397 5120 3569 5191 φιλεῖν
3600 5123 3725 5184 ταῖς

2135 5210 2245 5264 τῶν
2273 5210 2567 5281 δαιμονίων
2605 5211 3069 5285 ψευδολατρείαις,
3105 5211 3193 5266 διὰ
3236 5212 3435 5276 παντὸς
3465 5213 3726 5284 πειρᾶται

2133 5301 2338 5373 τρόπον
2394 5303 2785 5373 μετακομίζειν
2823 5305 2916 5356 ἐπὶ
2955 5303 3016 5356 τὸ
3045 5302 3287 5374 ἄμεινον,
3328 5303 3422 5357 καὶ
3454 5302 3536 5367 είς
3562 5319 3627 5371 γε
3667 5304 3730 5355 τὸ

2135 5396 2244 5450 δεῖν
2273 5395 2382 5449 τῶν
2404 5396 2504 5467 τῆς
2531 5396 2790 5468 ἀληθείας
2816 5396 3100 5466 ἐφικέσθαι
3130 5395 3440 5466 δογμάτων,
3475 5395 3567 5450 καὶ
3587 5394 3730 5466 ὀρθὰ

2137 5491 2354 5560 φρονεῖν
2389 5489 2607 5544 ἑλέσθαι
2657 5490 2784 5561 περὶ
2829 5487 2985 5541 Θεοῦ.
3021 5485 3230 5542 Οὐκοῦν
3282 5488 3584 5561 ἐπειδήπερ
3611 5489 3727 5551 τοῖς

2135 5581 2245 5634 τῶν
2277 5581 2510 5638 εἰδώλων
2545 5582 2910 5654 θεραπευταῖς
2943 5582 3070 5652 περὶ
3099 5581 3297 5636 πολλοῦ
3331 5581 3592 5642 ὲτέθειτο.
3629 5583 3726 5636 καὶ

2135 5667 2203 5744 ἦν
2229 5673 2288 5727 ὲν
2341 5675 2543 5746 σπουδῇ
2600 5674 2663 5728 τὸ
2712 5675 2910 5746 χρῆναι
2963 5673 3421 5747 περιεργάζεσθαι
3467 5675 3563 5737 τὰς
3615 5674 3726 5726 τῶν

2137 5766 2480 5837 πραγμάτων
2510 5751 2788 5831 ἐκϐάσεις,
2813 5766 2908 5820 καὶ
2938 5766 3223 5838 χρησμοὺς
3251 5766 3426 5820 αἰτεῖν
3449 5763 3509 5832 ἐξ
3535 5764 3722 5837 ιερῶν,
