4030 6208
348 327 457 388 945

1353 329 1410 384 5.
1449 324 2236 386 CYMILI'ALEXANDRINI
2272 323 2595 384 AﬂClllEP.

3516 311 3649 371 ειο

355 449 453 513 ait,
489 445 746 502 nimirum
799 462 924 504 eum
965 445 1095 501 nulli
1149 445 1257 501 sint
1321 447 1414 516 qui
1473 456 1677 501 norunt
1737 455 1937 502 terram

2070 463 2145 502 ιαν
2169 448 2239 505 τά
2262 447 2528 503 κάλλιστα
2555 444 2686 518 παρ’
2725 439 2906 506 αὐτοῖς
2938 439 3035 495 καὶ
3069 434 3328 510 ἐξαίρετα
3349 430 3461 489 τῶν
3492 450 3629 506 κτηέ-

355 539 557 594 colere.
608 537 668 595 Si
722 539 889 605 enim,
941 539 1137 609 inquit,
1171 540 1223 592 in
1272 553 1380 592 uno
1420 538 1541 594 loco
1585 538 1732 593 mille
1802 538 1942 592 vites

360 629 507 684 mille
552 629 810 685 siclorttm
844 629 977 696 sint,
1010 640 1067 685 ut
1090 629 1315 698 singula:
1344 630 1482 686 vites
1516 630 1762 700 singulos
1782 630 1943 685 siclos

361 722 595 787 valeant,
626 721 1001 778 mstimationis
1022 722 1136 777 luee
1163 738 1417 779 mensura
1459 732 1706 778 vertetur
1736 723 1790 778 in
1816 721 1946 777 soli-

362 813 601 869 tudinem
652 820 709 870 et
752 812 804 869 iu
862 814 1065 884 spinas,
1098 825 1156 869 ut
1193 816 1241 870 si
1284 815 1409 885 quis
1466 815 1598 870 velit
1666 808 1959 885 regionem

365 906 640 972 invadere,
672 914 726 960 et
762 904 1100 975 ingrediatur
1125 907 1444 973 solum,hoe
1474 924 1579 964 non
1614 910 1783 980 possit
1811 910 1941 964 abs.

363 1008 473 1066 que
518 996 712 1067 sagitta
750 1006 806 1053 et
863 1013 993 1054 areu
1044 999 1277 1055 efﬁcere.
1319 999 1502 1072 Spinte
1557 1001 1774 1071 quidem
1839 1016 1945 1056 non

365 1103 548 1156 arcus,
593 1104 697 1144 non
731 1090 960 1160 sagittas
1000 1090 1334 1159 desiderant,
1361 1101 1418 1149 at
1455 1094 1644 1150 statim
1690 1092 1806 1162 ejus
1854 1094 1947 1164 qui

364 1180 499 1237 velit
541 1180 880 1238 inambulare
924 1182 1090 1253 pedes
1139 1185 1391 1242 sauciare
1444 1194 1722 1256 poterunt.
1772 1184 1947 1243 Causa

368 1274 533 1344 igitur
573 1274 818 1345 ratioque
853 1272 1093 1331 efﬁciens
1141 1277 1381 1331 omnium
1460 1276 1725 1333 malorum
1795 1278 1951 1334 nobis

366 1360 494 1427 erit,
531 1375 594 1416 ea
643 1376 764 1430 quae
797 1361 879 1418 fas
909 1377 1015 1417 non
1040 1373 1125 1418 est
1155 1364 1291 1419 velle
1325 1364 1634 1435 designare.
1682 1368 1951 1427 Destitue-

371 1467 493 1507 mur.
536 1453 681 1507 enim
726 1452 1128 1522 quodammodo
1180 1454 1324 1522 Deo,
1366 1457 1411 1512 si
1443 1457 1591 1513 illum
1622 1475 1728 1515 non
1765 1475 1954 1518 verea-

371 1559 495 1599 mur
555 1542 851 1600 oll‘endere.
912 1545 969 1602 Si
1019 1547 1166 1601 enim
1229 1560 1548 1618 prmstamus
1602 1562 1657 1608 et
1689 1568 1815 1623 qme
1876 1555 1951 1610 illi

371 1647 523 1704 grata
578 1643 635 1690 et
673 1635 846 1691 amica
881 1645 1239 1707 suut,sapere
1267 1639 1533 1707 volumus,
1552 1658 1653 1700 nec
1691 1646 1956 1718 tergiver-

372 1742 580 1795 snmur,
599 1727 817 1783 virtutis
839 1726 1048 1785 fructus
1079 1730 1438 1800 proferemus,
1462 1750 1670 1808 uosque
1690 1754 1786 1794 sua
1822 1755 1951 1796 cura

373 1819 705 1885 dignabitur.
730 1820 1028 1878 Audiemus
1044 1822 1312 1893 siquidem
1341 1827 1611 1883 dicentem
1641 1830 1913 1887 Christum
1937 1850 1951 1888 :

285 1910 290 1915 ’
380 1928 398 1959 ι
424 1906 539 1980 Ego
560 1926 679 1966 sum
712 1911 839 1967 vitis
863 1926 1013 1978 vera,
1032 1923 1087 1969 et
1113 1914 1276 1971 Pater
1293 1932 1445 1973 meus
1477 1920 1710 1990 agricola
1730 1933 1832 1978 est.
1864 1923 1905 1956 ⁸⁸
1934 1945 1952 1977 ι

372 2001 564 2075 Omnis
627 2003 835 2073 palmes
874 2005 927 2059 in
990 2021 1077 2062 me
1131 2022 1235 2063 non
1282 2008 1465 2065 ferens
1520 2012 1781 2080 fructum,
1822 2017 1961 2071 tollit

372 2110 527 2150 cum:
551 2094 712 2167 130
725 2104 779 2150 et
808 2096 987 2154 omnis
1009 2098 1216 2168 palmes
1231 2100 1412 2157 ferens
1436 2101 1690 2172 fructum,
1708 2109 1960 2176 purgabit

304 2178 305 2181 “
378 2187 577 2254 ipsum,
633 2197 692 2242 ut
742 2187 977 2245 fructum
1043 2192 1400 2262 copiosiorem
1451 2193 1851 2254 ferataVerum
1913 2202 1957 2256 si

374 2277 638 2335 vlli-enata
673 2280 725 2336 iu
767 2281 1099 2353 impietatem
1140 2300 1350 2342 morum
1389 2289 1778 2356 provolvimur,
1804 2292 1956 2361 spina

375 2372 475 2426 sub
501 2372 853 2445 intelligentia
896 2375 1123 2433 cadente
1176 2379 1469 2448 replentur,
1505 2382 1655 2437 omni
1696 2384 1958 2440 vitiorum

376 2479 577 2532 genere
618 2464 671 2519 in
729 2466 885 2522 nobis
962 2467 1340 2526 iuvalescente.
1373 2470 1523 2528 Finis
1567 2489 1701 2528 vero
1765 2477 1955 2545 spinae,

377 2556 554 2626 ignis;
581 2566 637 2612 et
668 2556 962 2613 fomentum
997 2559 1137 2631 ignis
1179 2572 1284 2628 est,
1326 2573 1421 2618 aut
1446 2567 1670 2621 materia
1732 2568 1960 2624 inutilis.

382 2645 493 2702 lluc
522 2647 685 2702 etiam
712 2646 901 2704 beatus
925 2647 1130 2707 Paulus
1171 2653 1325 2708 nobis
1352 2652 1566 2722 planum
1625 2655 1806 2720 faciet,
1838 2673 1961 2713 cum

383 2739 795 2810 inquitu'l‘erra
835 2742 981 2796 enim
1028 2759 1148 2813 qure
1178 2746 1484 2805 venientem
1549 2749 1601 2801 iu
1635 2765 1696 2804 se
1728 2750 1961 2820 pluviam

380 2823 660 2891 combibit,
695 2835 750 2881 et
780 2826 1001 2882 herbam
1034 2828 1175 2898 parit
1200 2831 1662 2886 accommodatam
1690 2833 1774 2888 bis
1805 2849 1964 2903 prop-

382 2926 467 2970 ter
519 2931 655 2989 quos
702 2917 917 2987 colitur,
946 2933 1008 2974 ea
1075 2920 1504 2978 benedictionem
1556 2939 1586 2977 ιι
1628 2923 1740 2980 Deo
1797 2926 1965 2995 parti-

381 3006 552 3076 ripat.
575 3005 620 3038 δ’
655 3012 727 3063 At
759 3024 880 3079 qua:
911 3009 1122 3081 profert
1149 3014 1337 3082 spinas
1373 3024 1426 3069 et
1446 3015 1698 3079 tribulos,
1723 3018 1971 3086 improba

2048 541 2255 613 μάτων,
2289 541 2390 595 οὐκ
2410 539 2580 594 ὄντων
2607 535 2849 610 δηλονότι
2873 533 2983 588 τῶν
3011 531 3270 604 γηπονεῖν
3294 527 3537 582 εἰδότων.
3561 526 3628 580 Et

2043 632 2154 704 γὰρ
2206 627 2338 696 εἶεν,
2367 631 2553 701 φησὶν,
2579 630 2638 683 ὲν
2668 627 2749 682 ἑνὶ
2777 625 2926 697 τόπῳ
2968 623 3136 694 χίλιαι
3175 618 3412 693 ἄμπελοι
3440 618 3630 690 χιλίων

2045 722 2266 788 σίκλων,
2318 721 2394 786 ὡς
2447 720 2606 787 ἀξίαν
2654 715 2897 790 ἄμπελον
2941 713 3182 784 ἑκάστην
3256 709 3442 765 σίκλου
3508 709 3630 775 ἑνὸς

2046 812 2380 886 (τιμήματος
2409 809 2470 865 δὲ
2495 807 2652 862 τοῦτο
2681 803 2923 879 μέτρον),
2956 803 3037 866 είς
3059 801 3259 874 χέρσον
3287 797 3510 857 ἔσεσθαι
3533 801 3634 854 καὶ

2045 908 2126 971 εἰς
2181 904 2422 962 ἄκανθαν
2445 918 2458 934 ο
2503 900 2647 956 ὥστε
2693 898 2797 953 κᾶν
2833 895 2888 950 εἴ
2925 913 3010 960 τις
3038 892 3280 966 βούλοιτο
3321 890 3400 964 τῷ
3445 887 3634 962 χωρίῳ

2047 996 2398 1071 προσσαλείν,
2444 994 2538 1048 καὶ
2583 989 2862 1046 εἰσελάσαι
2921 986 3104 1059 μόνον,
3155 982 3230 1057 μὴ
3284 983 3352 1038 ἂν
3415 981 3633 1053 ἰσχύσαι

2046 1090 2205 1145 τοῦτο
2238 1088 2369 1160 δρᾷν
2400 1087 2523 1157 δίχσι
2548 1084 2736 1157 βέλους
2762 1082 2857 1136 καὶ
2881 1077 3234 1150 τοξεύματος.
3281 1072 3633 1130 ’Δποδέουσαι

2048 1180 2160 1252 γὰρ
2192 1180 2343 1233 οὐδὲν
2372 1178 2429 1231 αἱ
2459 1174 2693 1230 ἄκανθαι
2733 1170 3083 1244 τοξευμάτων
3112 1167 3208 1222 καὶ
3241 1163 3431 1236 βελῶν,
3460 1179 3629 1218 κατα-

2048 1269 2317 1344 τρώσειαν
2358 1268 2427 1323 ἂν
2462 1265 2628 1329 εὐθὺς
2668 1261 2765 1318 τοῦ
2809 1262 3136 1334 περιπατεῖν
3175 1258 3452 1322 ἐθέλοντος
3503 1253 3634 1320 τοῦς

2052 1363 2239 1426 πόδας.
2263 1360 2528 1433 Πρόξενον
2551 1354 2646 1413 οὖν
2669 1358 2778 1429 άρα
2813 1356 3015 1420 παντὸς
3039 1356 3171 1426 ἡμῖν
3198 1351 3350 1406 ἔσται
3373 1348 3547 1404 κακοῦ
3571 1346 3636 1401 τὸ

2055 1452 2339 1526 βούλεσθαι
2371 1452 2505 1523 δρᾷν
2547 1450 2584 1504 ἃ.
2628 1450 2702 1522 μὴ
2759 1448 2939 1520 θέμις.
2991 1441 3495 1517 Καταχερσούμεθα
3524 1440 3639 1511 γᾴρ

2052 1548 2257 1620 τρόπον
2304 1545 2447 1613 τινὰ,
2494 1543 2617 1616 Θεῷ
2667 1540 3027 1615 προσκρούειν
3066 1539 3127 1593 οὗ
3186 1534 3635 1608 παραιτούμενοι.

2055 1643 2302 1712 Δρῶντες
2339 1639 2440 1711 μὲν
2462 1638 2593 1711 γὰρ,
2640 1636 2736 1690 καὶ
2780 1634 2884 1707 μὴν
2914 1633 3007 1688 καὶ
3050 1632 3267 1705 φρονεῖν
3295 1626 3567 1690 ἐθέλοντες
3601 1625 3639 1680 ἃ

2061 1733 2211 1805 αὐτῷ
2249 1732 2471 1802 θυμὴρη
2520 1728 2616 1782 καὶ
2658 1727 2811 1796 φίλα,
2845 1722 3340 1795 καρποφορήσομεν
3374 1720 3471 1790 τὴν
3511 1719 3639 1787 ἀρε-

2061 1823 2184 1893 τὴν,
2217 1821 2321 1891 τῆς
2353 1818 2483 1889 παρ’
2506 1815 2671 1871 αὐτοῦ
2699 1814 2978 1886 φροντίδος
3007 1811 3339 1882 ἀξιούμενοι.
3380 1806 3638 1862 ’Δκουσόο

2063 1913 2202 1986 μεθα
2250 1912 2359 1980 γάρ
2417 1909 2667 1978 λέγοντος
2726 1905 2823 1961 τοῦ
2873 1903 3141 1977 Χριστοῦ·
3192 1919 3211 1954 ι
3258 1900 3399 1971 Ἑγώ
3444 1902 3558 1970 είμι
3604 1900 3639 1970 ἡ

2059 2005 2302 2078 ἄμπελος
2348 2005 2381 2076 ἡ
2429 2001 2658 2073 ἀληθινὴ
2683 2041 2698 2063 ,
2749 2001 2845 2054 καὶ
2884 1999 2913 2051 ὁ
2950 1998 3142 2069 Πατήρ
3188 2010 3290 2067 μου
3326 1997 3356 2048 ό
3395 1990 3642 2064 γεωργός

2061 2105 2229 2155 ἐστιν.
2281 2098 2397 2151 Πᾶν
2444 2095 2630 2166 κλῆμα
2664 2095 2722 2149 έν
2755 2093 2880 2165 ἐμοὶ
2909 2088 2983 2164 μὴ
3015 2089 3181 2162 φέρον
3233 2085 3467 2158 καρπὸν,
3494 2085 3641 2158 αἴρει

2060 2195 2232 2251 abs-6°
2285 2190 2379 2245 καὶ
2425 2190 2536 2243 πᾶν
2582 2187 2768 2259 κλῆμα
2813 2185 2874 2238 τὸ
2916 2182 3127 2255 καρπον
3184 2180 3349 2253 φέρον
3390 2176 3643 2248 καθαίρει

2061 2288 2215 2351 αὐτὸ,
2247 2287 2335 2339 ἵνα
2356 2281 2569 2356 καρπὸν
2605 2278 2827 2333 πλείονα
2849 2274 3010 2347 φέρῃ.
3038 2294 3057 2326 ι
3105 2262 3552 2332 Ἀπονενευκότες
3585 2265 3643 2321 δὲ

2062 2379 2337 2450 ἁχαλίνως
2380 2376 2460 2438 είς
2489 2371 2813 2441 ἀνοσιότητα
2841 2367 3084 2440 τρόπων,
3116 2363 3359 2435 ἀκάνθης
3387 2362 3487 2432 τῆς
3514 2377 3644 2431 νοη-

2062 2472 2163 2542 τῆς
2189 2466 2566 2540 πληρούμεθα,
2595 2461 2799 2525 παντὸς
2835 2460 3010 2523 εἴδους
3033 2455 3370 2527 φαυλότητος
3397 2451 3649 2522 ἀνίσχον-

2061 2581 2152 2626 τος
2195 2564 2252 2614 ἐν
2291 2562 2442 2631 ἡμῖν.
2473 2556 2639 2620 Τέλος
2674 2555 2732 2608 δὲ
2764 2551 3029 2623 ἀκάνθης,
3076 2547 3137 2602 τὸ
3168 2547 3278 2619 πῦρ
3297 2559 3313 2580 ⁸
3343 2545 3439 2600 καὶ
3468 2542 3646 2616 τροφῆ

2064 2654 2259 2726 πυρὸς,
2285 2653 2318 2725 ἦ
2346 2651 2619 2723 ἄχρηστος
2644 2647 2765 2717 ὕλη.
2810 2645 2920 2698 Καὶ
2951 2642 3109 2697 τοῦτο
3149 2640 3281 2711 ἡμῖν
3312 2640 3341 2693 ὁ
3376 2636 3650 2708 μακάριος

2063 2746 2277 2807 Παῦλος
2297 2742 2522 2813 ἐναργὲς
2543 2739 2874 2809 καταστήσει
2898 2736 3073 2805 λέγων
3087 2751 3100 2763 ·
3121 2751 3139 2784 ι
3164 2732 3239 2802 Γῆ
3263 2730 3372 2802 γάρ
3391 2732 3424 2800 ἠ
3454 2726 3650 2782 πιοῦσα

2063 2837 2155 2891 τὸν
2219 2834 2306 2889 ἐπ’
2376 2832 2551 2902 αὐτῆς
2619 2828 2881 2890 πολλάκις
2944 2824 3237 2897 ἐρχόμενον
3300 2818 3490 2886 ὑετὸν,
3555 2814 3652 2871 καῖ¹

2064 2930 2326 2983 τίκτουσα
2388 2924 2620 2996 βοτάνην
2678 2921 2896 2975 εὔθετον
2955 2916 3221 2981 ἐκείνοις,
3272 2913 3340 2968 δι’
3406 2911 3501 2976 οὓς
3557 2907 3655 2964 καὶ

2065 3019 2431 3091 γεωργεῖται,
2475 3010 2882 3085 μεταλαμσάνει
2915 3007 3168 3077 εὐλογίας
3202 3003 3310 3058 ἀπὸ
3346 3002 3441 3056 τοῦ
3472 2998 3645 3056 Θιοῦ⁸

387 3111 474 3156 est
504 3109 560 3156 et
588 3102 963 3158 maledictioui
997 3103 1194 3172 allinis,
1214 3104 1367 3175 cujus
1397 3105 1522 3164 linis
1542 3109 1901 3165 combustio.»

2070 3110 2381 3181 ἐκφέρουσα
2436 3104 2494 3159 δὲ
2565 3101 2809 3165 ἀκάνθας
2856 3100 2951 3154 καὶ
3005 3095 3292 3169 τριϐόλους
3315 3135 3330 3159 ,
3395 3092 3656 3164 ἀδόκιμος

461 3280 626 3337 Vsus.
651 3280 745 3336 25.
784 3281 850 3335 Et
891 3282 1061 3338 omnis
1105 3299 1254 3338 mons
1278 3285 1481 3341 arando
1509 3288 1772 3356 arabitur,
1799 3299 1971 3345 etnon

386 3373 550 3428 ueniet
572 3388 630 3429 eo
657 3382 846 3427 terror.
870 3371 987 3427 Erit
1029 3375 1165 3429 enim
1185 3391 1250 3430 ea:
1280 3376 1565 3433 solitudine
1586 3392 1638 3434 et
1674 3391 1878 3450 vepreto
1914 3383 1971 3437 in

390 3481 586 3520 uascua
633 3465 828 3533 ovium,
861 3475 910 3521 et
963 3466 1019 3521 in
1056 3467 1499 3524 conculcationem
1533 3472 1694 3528 boris.

466 3648 675 3712 Paucos
714 3654 833 3712 fore
891 3658 1213 3730 superstites
1260 3658 1312 3713 in
1364 3657 1549 3715 .iudtea
1619 3660 1770 3730 dicit,
1801 3671 1858 3719 et
1909 3677 1975 3718 co

393 3741 704 3799 timiditatis
729 3751 782 3798 et
813 3742 1042 3813 ignavia:
1086 3756 1364 3811 venturos,
1400 3753 1460 3798 ut
1502 3759 1613 3814 prat
1667 3746 1874 3818 ingenti
1918 3756 1974 3803 et

395 3833 699 3891 incredibili
722 3835 938 3903 timore,
983 3837 1036 3890 in
1071 3837 1343 3891 montibus
1397 3838 1784 3893 commoraturi
1839 3839 1976 3905 sint,

392 3927 560 3982 etab
613 3926 838 3982 urbibus
902 3928 1436 3997 habitationibusque
1492 3930 1977 3987 desideratissimis

393 4018 775 4089 semigraturi,
797 4026 853 4075 et
898 4017 1202 4073 festinaturi
1237 4020 1288 4073 in
1321 4021 1590 4077 montibus
1613 4060 1628 4085 ,
1659 4022 1978 4093 insidiisque

395 4112 734 4169 delitescere.
770 4112 863 4168 Sic
914 4111 1057 4167 enim
1098 4110 1275 4166 facere
1324 4114 1605 4168 consuevit
1668 4122 1775 4168 tota
1831 4115 1978 4185 regio

394 4214 454 4260 et
482 4203 694 4269 civitas,
717 4205 761 4260 si
793 4207 1008 4274 quando
1040 4205 1218 4274 aliqua
1272 4204 1341 4261 sit
1367 4205 1604 4261 hostium
1661 4206 1976 4264 incursatio.

396 4297 705 4353 Accurrunt
730 4296 873 4353 enim
931 4297 998 4353 ad
1032 4297 1206 4353 editos
1237 4306 1293 4351 ct
1328 4297 1619 4366 impervius
1662 4309 1896 4367 montes,
1921 4310 1978 4355 et

398 4383 708 4446 difﬁcultate
763 4390 888 4458 loci,
925 4405 1020 4445 ceu
1055 4400 1330 4445 armatura
1353 4404 1411 4446 se
1433 4391 1700 4457 muniunt,
1735 4402 1791 4446 et
1834 4393 1981 4447 timi-

2069 3206 2164 3260 καὶ
2186 3200 2429 3272 κατάρας
2456 3198 2645 3268 ὲγγῦς,
2674 3191 2745 3270 ἧς
2767 3194 2828 3248 τὸ
2860 3193 3012 3257 τέλος
3036 3192 3117 3256 είς
3150 3189 3368 3244 καῦσιν.
3401 3206 3418 3239 t

2139 3295 2248 3353 Kal
2319 3292 2444 3349 πᾶν
2490 3290 2628 3360 ὄρος
2671 3286 3105 3359 ἀροτριώμενον
3141 3278 3654 3352 ἀροτριαθήσεται.

2071 3392 2169 3447 καί
2197 3391 2268 3446 οὐ
2298 3387 2384 3459 μὴ
2437 3384 2663 3452 ἐπέλθῃ
2711 3379 2839 3436 ἐκεῖ
2886 3380 3093 3450 φόϐος.
3134 3378 3349 3431 Ἔσται
3385 3373 3494 3444 γὰρ
3536 3367 3656 3424 ἀπὸ

2073 3486 2187 3555 τῆς
2216 3483 2443 3554 χέρσου
2473 3477 2571 3533 καί
2597 3475 2872 3543 ἀκάνθης
2899 3474 2990 3540 είς
3006 3470 3298 3539 βόσκημα
3325 3466 3657 3536 προϐάτων,

2074 3576 2174 3633 καί
2202 3579 2292 3643 εἰς
2326 3570 2723 3639 καταπὰτημα
2745 3565 2918 3633 βοός.

2157 3669 2400 3738 Ὀλίγους
2440 3666 2539 3736 μὲν
2586 3659 2803 3715 ἔσεσθαι
2831 3659 2958 3723 τοὺς
2996 3651 3446 3728 περιλειφθέντας
3490 3652 3549 3704 ὲν
3592 3650 3662 3720 τῇ

2088 3760 2316 3832 Ἰουδαία
2355 3757 2541 3830 φησὶν,
2572 3753 2725 3825 ἥξειν
2764 3769 2823 3805 τε
2867 3750 2949 3814 είς
2986 3746 3147 3803 τοῦτο
3190 3744 3395 3809 δειλίας
3433 3743 3661 3832 αὐτοὺς,

2078 3849 2174 3903 καὶ
2212 3831 2394 3919 μέντοι
2419 3844 2514 3898 καὶ
2535 3840 2919 3912 κακανδρείας,
2947 3838 3022 3903 ὡς
3055 3835 3161 3890 ὑπό
3188 3851 3251 3905 γε
3274 3831 3449 3888 δεινοῦ
3475 3851 3535 3885 τε
3571 3831 3665 3886 καὶ

2079 3938 2359 4011 ἀφορήτου
2387 3933 2667 4005 δείματος,
2696 3930 2796 3996 τάς
2822 3931 2879 3985 ὲν
2903 3928 3021 4000 ὄρει
3051 3926 3322 3982 ποιεῖσθαι
3355 3923 3664 3998 διατριϐάς,

2078 4030 2172 4083 καὶ
2201 4027 2410 4083 πόλεων
2443 4026 2546 4098 μὲν
2579 4024 2905 4096 ἀποφοιτᾷν,
2947 4021 3043 4076 καὶ¹
3069 4020 3181 4073 τῶν
3210 4019 3379 4073 πάλαι
3403 4015 3668 4089 τριποθήο

2078 4139 2187 4176 των
2223 4121 2409 4185 αὐτοῖς
2469 4117 2926 4189 ἐνδιαιτημάτων,
2958 4112 3277 4183 ἐπείγεσθαι
3302 4110 3360 4165 δὲ
3382 4109 3669 4164 λανθάνειν

2079 4215 2139 4268 ἐν
2169 4212 2326 4277 ὕλαις
2364 4230 2425 4267 τε
2460 4213 2554 4266 καὶ¹
2585 4211 2836 4282 λόχμαις.
2872 4207 3035 4271 Ἕθος
3070 4206 3180 4278 γὰρ
3204 4204 3363 4259 τοῦτο
3395 4204 3528 4276 δρᾷν
3552 4204 3668 4266 τοῖς

2079 4306 2184 4361 ἀνὰ
2209 4308 2389 4360 πᾶσαν
2416 4305 2514 4377 τὴν
2544 4305 2730 4377 χώραν
2751 4320 2809 4357 τε
2842 4302 2937 4356 καὶ
2961 4300 3135 4365 πόλιν,
3165 4301 3214 4353 εἰ
3235 4300 3298 4372 δή
3332 4317 3417 4363 τις
3446 4296 3667 4367 γένοιτο

2081 4396 2355 4467 πολεμίων
2396 4395 2613 4466 ἐκϐολή.
2665 4392 3011 4456 Ἀναθέοντες
3050 4389 3161 4462 γὰρ
3212 4392 3292 4453 εἰς
3340 4386 3524 4458 ὑψηλὰ
3572 4385 3671 4439 καὶ⁸

397 4481 584 4537 dilatis
615 4482 964 4553 pbarmacugm
1017 4498 1079 4537 ac
1128 4481 1420 4539 remedium
1490 4493 1597 4550 est,
1656 4484 1709 4539 in
1770 4484 1965 4541 fissurit

2083 4489 2326 4543 δύσϐατα
2358 4487 2466 4540 τῶν
2492 4486 2654 4558 ὀρῶν,
2706 4485 2872 4539 ὅπλον
2898 4483 3180 4538 ποιοῦνται
3209 4482 3307 4554 τὴν
3335 4479 3669 4552 δυσχωρίαν,

398 4588 523 4628 esse
572 4582 871 4643 petrarum.
905 4572 1158 4639 Quinimo
1205 4574 1307 4628 hoc
1353 4574 1518 4629 etiam
1550 4575 1811 4632 Servatur
1865 4578 1981 4648 ipse

398 4664 539 4717 dixit
582 4661 777 4733 populo
824 4661 1079 4718 Judaico:
1123 4663 1297 4718 «Tum
1331 4683 1350 4715 ι
1385 4664 1555 4729 enim,
1593 4668 1786 4737 inquit,
1839 4688 1858 4720 ι
1888 4672 1978 4738 qui

402 4754 454 4807 in
502 4749 687 4809 Iudaea
765 4763 910 4817 sunt,
965 4754 1170 4826 fugiant
1225 4757 1292 4810 ad
1361 4769 1590 4815 montes.
1616 4759 1661 4792 ⁸³
1694 4780 1712 4813 ι
1775 4761 1980 4831 Itaque,

399 4846 597 4917 inquit,
656 4846 1019 4917 pulcherrima
1064 4849 1259 4918 praedia
1327 4851 1378 4904 in
1422 4852 1763 4908 solitudinem
1799 4862 1856 4908 et
1931 4855 1983 4908 itt

401 4946 619 5004 \‘epreta
671 4936 1022 5011 mutabuntur
1050 4957 1065 4994 :
1094 4954 1215 4995 cum
1245 4940 1485 4997 derelicti
1516 4945 1789 5009 timerent,
1818 4945 1981 5000 etiam

401 5028 599 5096 inillis,
617 5038 673 5084 et
697 5029 906 5100 spineta
934 5030 1106 5085 solum
1131 5032 1294 5086 etiam
1320 5034 1502 5089 subire
1553 5049 1659 5089 non
1700 5036 1983 5105 permitte—

406 5132 619 5178 rentur:
653 5122 749 5177 sed
790 5121 857 5178 ad
894 5132 1109 5178 montes
1149 5124 1329 5191 potius
1391 5125 1767 5195 confugerent,
1802 5128 1984 5196 ibique

403 5214 740 5285 suspirautes
772 5216 991 5271 rusticis
1019 5217 1295 5272 laboribus
1342 5233 1561 5271 manum
1603 5219 1978 5275 admoverent.

401 5308 659 5362 Arabitur
712 5308 857 5363 enim
892 5310 1069 5365 «minis
1111 5324 1265 5364 mons
1299 5317 1353 5362 et
1379 5309 1554 5364 omnis
1605 5311 1780 5375 collis,
1810 5313 1984 5369 abhis

400 5401 495 5467 qui
535 5400 601 5454 ad
635 5414 731 5453 eos
803 5399 1142 5472 confugiunt,
1179 5401 1459 5470 cupientes
1545 5401 1819 5471 colligere,
1878 5420 1981 5459 non

401 5506 526 5557 qua:
572 5490 637 5541 ad
685 5503 815 5555 opes
857 5500 949 5543 aut
1002 5491 1302 5561 voluptates
1342 5500 1622 5559 spectant.
1673 5494 1769 5547 sed
1813 5509 1985 5562 quan-

405 5592 519 5645 tum
547 5580 614 5636 ad
660 5580 1023 5637 necessarium
1067 5598 1222 5638 usum
1269 5585 1512 5655 corporis
1563 5586 1889 5657 suppeditat,
1932 5597 1987 5644 et

476 5738 521 5777 υ
548 5737 703 5797 Joau.
733 5754 821 5807 xv,
851 5740 901 5791 l.

983 5739 1024 5771 ts
1050 5737 1212 5794 ηειηο,
1244 5756 1316 5807 γι,
1344 5742 1396 5795 7.
1476 5743 1518 5775 ⁵⁷
1544 5743 1735 5799 Matth.
1762 5759 1911 5815 xxxv,
1943 5744 2027 5799 l6.

2088 4580 2182 4635 καὶ
2209 4578 2412 4641 δειλίας
2451 4577 2742 4648 φάρμακον
2775 4576 2836 4630 τὸ
2862 4578 2921 4629 ὲν
2949 4577 3211 4646 σχισμαίς
3253 4569 3393 4627 εἶναι
3427 4571 3667 4642 πετρῶν.

2088 4672 2258 4728 Τοῦτό
2288 4689 2371 4725 τοι
2400 4671 2495 4724 καὶ
2526 4671 2688 4733 αὐτὸς
2725 4672 2755 4724 ὁ
2784 4668 2975 4740 Σωτὴρ
3009 4669 3124 4731 τοῖς
3165 4666 3432 4721 Ἰουδαίων
3462 4663 3671 4734 ἔφασκε

2090 4765 2315 4836 δήμοις·
2359 4781 2378 4815 ι
2413 4762 2547 4815 Τότε
2583 4782 2601 4813 ι
2633 4763 2776 4831 γὰρ,
2831 4761 3018 4830 φησὶν,
3073 4778 3089 4809 ι
3123 4758 3172 4811 οἱ
3212 4759 3270 4810 έν
3300 4758 3366 4828 τῇ
3414 4754 3647 4825 Ἰουδαία

2093 4855 2444 4926 φευγέτωσαν
2473 4853 2555 4918 είς
2575 4852 2644 4908 τὰ
2671 4850 2794 4925 ὅρη.
2833 4871 2851 4903 ι
2887 4848 3098 4904 Οὐκοῦν
3138 4849 3211 4902 τὰ
3258 4847 3358 4919 μὲν
3406 4844 3672 4899 κάλλιστα

2090 4950 2198 5004 τῶν
2225 4947 2440 5019 χωρίων
2489 4947 2568 5010 είς
2597 4945 2791 5017 χέρσον
2819 4942 3056 5009 ἔσονται,
3082 4941 3238 5013 φησι,
3262 4941 3357 4994 καὶ
3394 4939 3475 5002 είς
3504 4938 3674 4992 ἄκαν-

2091 5041 2211 5106 θαν,
2240 5039 2489 5094 δεδιότων
2530 5036 2638 5092 τῶν
2680 5034 3139 5107 περιλειφθέντων
3192 5034 3296 5088 κᾶν
3326 5030 3456 5100 γοῦν
3484 5033 3544 5083 ὲν
3577 5030 3676 5083 αῦ-

2090 5133 2201 5195 τοῐς
2244 5129 2520 5184 εἰσελάσαι
2558 5128 2740 5200 μόνον,
2782 5128 2816 5200 ἢ
2865 5127 2960 5182 καὶ
3011 5126 3115 5180 ὑπὸ
3162 5126 3262 5198 τῆς
3315 5122 3557 5193 ἀκάνθης
3610 5122 3675 5175 οὐ

2094 5223 2587 5298 συγχωρουμένων
2644 5220 3016 5292 ἀναφυγόντες
3068 5220 3126 5273 δὲ
3182 5218 3385 5289 μᾶλλον
3446 5217 3504 5268 ὲν
3560 5215 3676 5278 τοῖς

2093 5315 2296 5386 ὄρεσιν,
2335 5318 2455 5369 ἐκεῖ
2502 5310 2781 5377 στένοντες
2832 5312 2940 5367 τῶν
2985 5315 3066 5375 είς
3120 5312 3396 5380 γεωργίαν
3446 5306 3675 5376 ἅψονται

2096 5407 2293 5461 πόνων.
2334 5406 2811 5478 Ἀροτριαθῆσεται
2842 5405 2950 5476 γάρ
2990 5406 3097 5456 πᾶν
3126 5402 3250 5471 ὄρος
3280 5400 3374 5454 καὶ
3409 5402 3514 5461 πᾶς
3550 5398 3677 5469 βουο

2093 5497 2214 5563 νὸς,
2250 5496 2359 5550 τῶν
2402 5497 2460 5550 ὲν
2504 5497 2689 5561 αὐτοῖς
2732 5492 3120 5565 ἀναφυγόντων
3176 5490 3453 5559 συλλέγειν
3484 5488 3679 5543 ἐπιθυ-

2097 5588 2363 5661 μούντων,
2385 5588 2446 5644 οὐ
2466 5589 2532 5645 τὰ
2568 5591 2648 5655 είς
2677 5588 2904 5645 πλοῦτον
2932 5587 3026 5642 καὶ
3051 5583 3280 5658 τρυφὰς,
3310 5583 3425 5638 ἀλλ’
3458 5585 3557 5639 ὅσα
3578 5580 3681 5651 τὴν
