4030 6208
398 335 508 389 223

1391 330 1448 387 S.
1490 330 1763 387 CYDILLI
1800 331 2269 388 ALEXANDRINI
2311 330 2625 387 AliClllEP.

3546 327 3655 383 22‘

399 446 744 515 Emmanuel;
771 467 789 500 ι
816 445 1122 515 nuucjnbet
1140 447 1319 501 vocari
1344 464 1538 504 nomen
1555 448 1692 517 ejus,
1716 450 1978 505 Velociter

2096 451 2467 521 Ἐμμανουήλ·
2508 472 2529 503 ι
2575 451 2907 522 προστέταχε
2939 448 3036 503 νῦν
3075 446 3358 501 καλεῖσθαι
3393 445 3453 500 τὸ
3483 446 3658 517 ὄνομα

400 541 666 611 spoliato,
716 539 836 593 Cito
878 537 1166 608 prmdator.
1221 539 1303 592 Att
1355 554 1513 604 vero,
1566 540 1695 595 illud
1743 540 1974 609 primum

401 647 596 688 nomen
639 634 797 686 inane
835 638 921 686 est
961 638 1015 685 et
1058 629 1292 697 irritum,
1326 631 1578 685 nimirum
1622 632 1980 688 Emmanuel?
2012 612 2040 645 ⁸

400 734 455 777 et
482 722 585 776 hoe
610 721 844 776 maxime
872 718 1085 775 decebit
1113 718 1380 775 Velociter
1409 723 1666 792 spoliato,
1698 723 1819 778 Cito
1844 738 1982 792 pra:-

403 811 592 867 dator?
616 810 970 882 Nequaquam
1004 813 1146 869 istuc
1172 814 1435 881 dicimus,
1463 817 1558 869 sed
1594 815 1723 870 illud
1752 815 1981 871 dicimus

402 905 602 974 potius.
621 903 736 959 Mos
761 912 845 959 cst
865 905 1161 973 Scriptura:
1184 907 1440 960 divinitus
1465 907 1735 978 aspiratm,
1753 907 1981 961 diversis

403 996 716 1051 nominibus
743 996 1116 1053 universitatis
1146 997 1309 1052 Deum
1338 998 1609 1069 appellare
1637 1017 1651 1054 :
1679 1011 1735 1055 et
1758 1016 1786 1053 a
1819 1000 1980 1055 rebus

405 1104 502 1157 pro
534 1097 834 1156 temporum
863 1088 1074 1144 ratione
1100 1090 1270 1157 gestis
1299 1089 1590 1157 aliquando
1616 1088 1982 1143 nomencbdu-

409 1195 495 1233 ras
523 1191 650 1233 ante
678 1178 941 1234 invenire.
970 1179 1083 1236 lluc
1114 1181 1278 1235 etiam
1315 1180 1367 1233 in
1403 1179 1770 1248 ipsoChristo
1795 1179 1983 1234 obser~

408 1279 589 1324 vatum
620 1278 723 1324 cst.
761 1269 899 1323 Deus
933 1270 1074 1324 enim
1110 1285 1271 1325 verus
1305 1280 1409 1324 est.
1445 1269 1514 1325 Et
1550 1271 1804 1339 quoniam
1843 1268 1984 1326 Deus

408 1372 611 1420 natura
641 1361 937 1426 exsistens,
975 1361 1150 1415 factus
1191 1369 1275 1415 est
1314 1360 1629 1425 nobiseum,
1668 1373 1851 1414 sermo
1890 1359 1983 1429 qui

408 1454 657 1523 apparuit
683 1463 868 1507 nostra
891 1453 1093 1523 specie,
1113 1453 1356 1508 denotari
1377 1452 1746 1508 Emmanueiis
1768 1451 1986 1508 nomine

408 1544 805 1614 sapientissime
838 1547 1029 1614 possit.
1060 1543 1193 1599 Dein
1226 1544 1403 1599 factus
1435 1544 1598 1601 homo
1632 1560 1753 1599 cum
1788 1549 1986 1615 despo-

411 1635 595 1691 liasset
621 1635 900 1701 Satanam,
928 1645 978 1691 et
1013 1636 1140 1690 olim
1169 1635 1445 1707 abreptos,
1477 1638 1637 1706 eique
1670 1652 1768 1709 per
1795 1653 1987 1708 pecca-

411 1735 523 1780 tum
548 1728 867 1792 servientes,
886 1727 953 1782 ab
977 1727 1117 1782 illius
1132 1728 1412 1800 tyrannide
1422 1728 1732 1799 eripuisset,
1747 1730 1986 1786 exseruit

2079 541 2282 606 αὐτοῦ,
2339 543 2561 613 Ταχέως
2612 541 2939 606 σκύλευσον,
3011 540 3205 606 Ὀξέως
3261 539 3655 611 προνόμευσον.

2078 627 2202 703 Ἆρ’
2232 628 2326 688 οὖν
2351 635 2556 687 εἰκαῖον
2585 632 2755 703 ὄνομα
2783 631 2932 700 αὐτῷ
2960 631 3022 684 τὸ
3050 630 3287 703 πρῶτον,
3316 629 3462 683 τοῦτ’
3485 629 3657 695 ἐστιν,

2091 726 2469 798 Ἐμμανουήλ;
2501 727 2699 798 πρέποι
2717 728 2763 780 δ’
2784 727 2848 779 ἂν
2869 727 2950 780 ὅτι
2982 725 3218 798 μάλιστά
3238 740 3301 792 γε
3328 723 3412 788 τὸ,
3434 723 3658 795 Ταχέως

2080 818 2396 881 σκύλευσον,
2439 817 2636 883 Ὀξέως
2691 818 3095 889 προνόμευσον;
3142 817 3221 870 Οὐ
3251 814 3411 869 τοῦτό
3453 831 3656 885 φαμεν,

2081 910 2258 964 ἐκεῖνο
2288 910 2346 964 δὲ
2380 909 2601 980 μᾶλλον.
2643 909 2805 973 Ἕθος
2835 912 2904 981 τῇ
2938 907 3279 978 θεοπνεύστῳ
3311 907 3500 979 Γραφῇ
3539 907 3659 959 διαο

2082 1002 2271 1074 φόροις
2296 1002 2521 1073 ὀνόμασι
2574 1001 2665 1055 τὸν
2692 1001 2800 1053 τῶν
2831 1001 2998 1054 ὄντων
3029 1000 3163 1054 Θεὸν
3213 997 3528 1061 ἀποκαλεῖν,
3561 997 3659 1050 καὶ

2080 1093 2158 1156 ὡς
2205 1092 2314 1147 ἀπό
2343 1109 2407 1161 γε
2457 1092 2566 1144 τῶν
2617 1091 2758 1145 κατὰ
2804 1092 3029 1162 καιροὺς
3078 1088 3372 1161 δρωμένων
3408 1087 3520 1140 ἔσθ’
3566 1088 3658 1140 ὅτε

2083 1183 2463 1254 προσεπινοεῖν
2494 1181 2594 1245 τὰς
2637 1182 2879 1253 κλήσεις.
2926 1181 3096 1235 Τοῦτο
3122 1182 3415 1249 τετήρηται
3444 1179 3538 1232 καὶ
3569 1179 3660 1231 ἐπ’

2081 1273 2250 1330 αὑτοῦ
2295 1273 2387 1327 τοῦ
2440 1273 2714 1345 Χριστοῦ.-
2751 1273 2884 1337 Θεὸς
2928 1272 3035 1344 γάρ
3079 1273 3225 1325 ἔστιν
3250 1270 3529 1340 ἀληθινὸς.
3564 1271 3660 1323 καὶ

2082 1366 2167 1419 ὃτι
2198 1365 2295 1435 μὲν
2343 1363 2473 1428 Θεὸς
2504 1361 2580 1418 ὢν
2611 1362 3007 1432 φύσει,.γέτονε
3044 1360 3163 1432 μεθ’
3207 1359 3364 1431 ἡμῶν
3401 1360 3430 1412 ὁ
3460 1359 3656 1428 Λόγος,

2083 1458 2159 1512 ὅτ’
2193 1458 2430 1525 ὲπὲςρηνε
2477 1455 2601 1509 καθ’
2637 1455 2805 1524 ἡμᾶς,
2859 1451 3258 1523 κατασημαίνει
3309 1450 3410 1519 μὲν
3455 1448 3520 1503 ἂν
3561 1451 3660 1504 καὶ

2089 1549 2236 1620 μάλα
2286 1548 2472 1616 σαφῶς
2499 1547 2596 1612 τὸ,
2642 1545 3003 1616 Ἐμμανουήλ.
3065 1544 3282 1614 Ἐπειδὴ
3327 1543 3385 1596 δὲ
3438 1543 3660 1612 γέγονεν

2086 1639 2394 1709 ἄνθρωπος,
2456 1636 2748 1691 ὲσκύλευσε
2801 1635 2892 1689 τὸν
2939 1636 3211 1696 Σατανᾶν,
3262 1634 3357 1687 καὶ
3409 1633 3514 1704 μὴν
3564 1632 3662 1688 καὶ

2088 1731 2324 1798 ἐξείλετο
2350 1733 2448 1802 τῆς
2479 1729 2687 1783 ἐκείνου
2721 1728 3039 1797 σκαιότητος
3076 1728 3203 1788 τοὺς
3231 1725 3398 1780 πάλαι
3424 1725 3660 1795 διηρπα-

409 1827 464 1872 et
494 1817 789 1874 declaravit
815 1819 943 1873 illttd
978 1836 992 1874 :
1026 1819 1301 1873 \‘elociter
1325 1818 1593 1889 spoliato,
1621 1818 1742 1875 Cito
1776 1821 1987 1891 praeda-

2096 1823 2340 1895 σμένους,
2380 1823 2475 1875 καὶ
2504 1820 2853 1883 δουλεύοντας
2901 1818 3050 1889 αὐτῷ
3099 1817 3187 1871 διά
3223 1820 3322 1888 τῆς
3369 1816 3659 1887 ἁμαρτίας,

412 1921 514 1964 tor.
543 1910 694 1977 Quod
721 1911 918 1975 etiam,
950 1910 1209 1981 ut,Deus,
1240 1910 1664 1981 redemptionem
1696 1914 1987 1968 humanam

412 2000 772 2072 inexplicabili
800 2002 998 2057 virtute
1025 2001 1366 2071 perfecturus
1394 2003 1498 2069 sit,
1524 2005 1988 2074 pt-mtttonstravit,

410 2095 594 2150 dicens
619 2113 670 2150 ει
691 2093 1010 2165 Priusquam
1035 2096 1245 2150 noverit
1262 2111 1393 2166 puer
1410 2106 1616 2167 patrem
1637 2098 1719 2152 vel
1738 2108 1987 2167 matrem,

410 2184 619 2240 auferet
638 2187 927 2255 potentiam
954 2187 1224 2252 Damasci,
1246 2196 1302 2242 ct
1321 2188 1494 2258 spolia
1519 2188 1781 2245 Samaria:
1803 2204 1988 2245 coram

413 2292 540 2346 rege
567 2277 935 2349 Assyriorum.
971 2298 991 2331 ι
1028 2279 1335 2334 Altissimus
1366 2288 1451 2335 est
1482 2281 1675 2336 horum
1704 2283 1990 2337 verborum

412 2385 621 2435 sensus,
640 2369 795 2440 135
818 2380 871 2425 et
893 2371 1166 2426 enarratio
1188 2373 1465 2441 spiritalis.
1486 2373 1730 2428 Obducta
1747 2385 1831 2429 est
1847 2376 1990 2429 enim

409 2461 831 2515 obscuritatibus
856 2459 966 2515 fere
991 2461 1405 2529 semperdiviua
1438 2462 1632 2527 oratio,
1664 2476 1763 2516 nec
1785 2477 1850 2518 ex
1882 2463 1993 2519 his-

416 2551 554 2605 toria
584 2549 851 2621 rebusque
873 2550 974 2605 sub
999 2565 1218 2607 sensum
1244 2552 1566 2607 cadentibus
1592 2552 1981 2621 invenerimus,

413 2642 686 2696 Christum
717 2641 901 2696 statim
930 2649 1133 2708 natum,
1163 2642 1245 2697 vel
1284 2643 1618 2713 exspoliasse
1642 2644 1991 2712 Damascum,

415 2732 499 2786 vel
525 2732 795 2802 regionem
821 2733 964 2805 regis
990 2733 1336 2804 Assyriorum
1368 2773 1385 2800 ,
1431 2734 1676 2791 liberatis
1712 2738 1798 2791 bis
1837 2736 1931 2807 qui
1960 2751 1991 2791 e

423 2823 672 2878 Samaria
702 2823 758 2879 in
787 2825 903 2894 ejus
932 2825 1209 2896 regionem
1237 2826 1690 2894 deportabantur.
1717 2827 1853 2886 Cum
1894 2843 1994 2883 au-

420 2926 525 2969 tem
560 2915 878 2985 spiritaliter
915 2930 1028 2971 rem
1057 2917 1460 2986 acceperimus,
1504 2927 1619 2973 tum
1665 2919 1793 2974 hoc.
1825 2919 1985 2975 veris.

416 3008 612 3062 simum
648 3022 767 3064 esse
807 3008 1132 3066 videbimus.
1166 3009 1297 3063 Erat
1325 3010 1488 3080 igitur
1524 3011 1841 3075 Damascus,
1875 3011 1993 3067 sive

418 3099 576 3169 Syria
613 3102 886 3166 universa,
913 3112 968 3155 et
992 3102 1337 3170 Assyriorum
1376 3102 1520 3172 regio
1548 3142 1565 3168 ,
1595 3103 1806 3157 scilicet
1852 3102 1988 3158 Per—
2019 3142 2061 3201 Γ
2094 3100 2509 3173 ενηνεγμὲνους.
2547 3101 2714 3152 Ὅταν
2755 3099 2812 3151 δὲ
2842 3099 3044 3167 νοητῶς
3090 3099 3428 3166 ἐκλάῦωμεν,
3458 3099 3579 3145 τότε
3608 3099 3655 3144 ὀί

418 3206 605 3244 sarum
657 3203 711 3246 et
764 3191 1040 3247 Medorum
1077 3231 1091 3256 ,
1141 3191 1296 3247 idolis
1357 3193 1547 3259 plena,
1593 3194 1793 3249 idcirco
1847 3205 1989 3251 terra
2047 3179 2064 3200 ’
2096 3192 2313 3252 πάντως
2338 3192 2399 3244 τὺ
2444 3189 2640 3258 ἀληθὲς
2669 3188 2932 3259 ὀψόμεθα.
2964 3188 3172 3243 Οὐκοῦν
3213 3187 3248 3258 ἥ
3273 3202 3330 3239 τε
3362 3180 3655 3254 Δαμασκδς

2096 3192 2313 3252 πάντως
2338 3192 2399 3244 τὺ
2444 3189 2640 3258 ἀληθὲς
2669 3188 2932 3260 ὀψόμεθα.
2964 3188 3172 3243 Οὐκοῦν
3213 3188 3248 3258 ἤ
3273 3202 3330 3239 τε
3362 3188 3674 3254 Δαμασκὸς,

418 3206 605 3244 sarum
657 3203 711 3246 et
764 3191 1091 3256 Medorum,
1141 3191 1296 3247 idolis
1357 3193 1547 3259 plena,
1593 3194 1793 3249 idcirco
1847 3205 1989 3251 terra

420 3281 745 3350 sculptiliqu
798 3282 1029 3336 vocitata
1055 3291 1157 3349 est,
1180 3283 1231 3335 in
1254 3298 1355 3353 qua
1385 3284 1593 3339 scilicet
1614 3295 1771 3339 erant
1790 3285 1982 3341 altaria

419 3384 471 3429 et
508 3373 631 3427 fana
678 3372 856 3428 ubivis
899 3372 1182 3439 locorum,
1228 3383 1282 3429 et
1329 3376 1419 3445 qui
1472 3375 1818 3446 frequentare
1870 3379 1994 3433 fana

421 3465 564 3520 soliti
600 3475 746 3530 sunt,
784 3465 1076 3534 falsorum,
1129 3467 1383 3536 inquam,
1432 3478 1612 3521 vatum
1665 3483 1900 3538 genera,
1940 3477 1994 3524 et

420 3557 846 3621 incautatiouum
875 3557 1056 3627 periti.
1090 3555 1277 3612 Robur
1300 3569 1480 3613 autem
1511 3568 1565 3614 et
1584 3561 1985 3615 ﬁrmamentum

422 3663 609 3702 eorum
645 3663 805 3703 omne
832 3658 985 3703 erant
1015 3648 1303 3715 daemonia,
1327 3664 1448 3719 qua:
1478 3649 1673 3721 singuli
1706 3652 1979 3720 colebant,

421 3750 477 3793 et
499 3742 753 3811 princeps
784 3756 846 3794 ac
877 3741 1169 3810 prtefectus
1191 3755 1376 3796 eorum
1410 3741 1659 3796 Satanas.
1696 3741 1849 3808 Quod
1888 3742 1987 3812 igi—

427 3843 512 3885 tur
535 3832 776 3888 Damasci
795 3833 1114 3902 potentiam,
1144 3833 1392 3902 regisque
1413 3834 1782 3905 Assyriorum,
1819 3834 1869 3888 id
1890 3843 1995 3899 est,

425 3925 681 3978 Satanam
713 3962 728 3988 ,
776 3931 831 3980 et
869 3925 1141 3995 improbas
1190 3940 1255 3979 ac
1296 3925 1552 3995 profanas
1600 3926 1995 3983 danunniorum

427 4028 632 4072 turmas
657 4017 816 4071 modo
843 4031 947 4070 non
976 4016 1384 4087 depraedaturus
1412 4019 1483 4072 sit
1515 4017 1766 4073 Christus
1784 4059 1801 4085 ,
1834 4031 1997 4089 atque

424 4109 544 4179 ejus
600 4109 821 4163 servitio
880 4108 1205 4163 liberaturus
1257 4124 1352 4164 eos
1391 4100 1479 4178 qui
1539 4111 1742 4168 seducti
1792 4118 1996 4179 erant,

425 4201 591 4254 etiam
625 4212 915 4270 antequam
947 4199 1014 4255 ad
1057 4214 1173 4254 eam
1221 4210 1435 4256 mtatem
1479 4203 1782 4272 pertigerit,
1829 4217 1996 4272 quam

426 4308 639 4363 aequum
668 4304 773 4358 cst,
809 4292 953 4348 scire
976 4308 1137 4363 posse
1168 4303 1376 4362 patrem
1410 4308 1472 4348 ac
1496 4303 1723 4348 matrem
1750 4309 1946 4351 vocare
1980 4333 1997 4362 ,

427 4384 722 4438 declaravit
749 4400 870 4439 cum
899 4386 1015 4439 ait:
1060 4403 1078 4437 ι
1116 4384 1433 4454 Priusquam
1469 4386 1605 4440 sciat
1640 4400 1771 4455 puer
1792 4401 1992 4442 vocare

2087 1913 2374 1978 ἐκδείξειεν
2400 1911 2465 1966 ἂν
2497 1912 2558 1966 τδ
2577 1952 2593 1977 ,
2629 1911 2853 1982 Ταχέως
2886 1910 3199 1972 σκύλευσον,
3243 1908 3438 1975 Ὀξέως
3466 1906 3662 1978 προνό-

2092 2022 2310 2078 μευσον.
2347 2006 2470 2059 Ὀτι
2515 2004 2573 2058 δὲ
2616 2004 2691 2067 ὡς
2743 2003 2875 2067 Θεὸς
2905 2004 3166 2072 ἁφράστῳ
3193 2001 3416 2070 δυνάμει
3466 2013 3666 2070 κατορο

2090 2096 2217 2153 θοῦν
2252 2096 2576 2169 ἔμελλεντῶν
2605 2096 2700 2149 ἐπὶ
2722 2095 2824 2166 γῆς
2845 2096 2945 2165 τὴν
2973 2093 3238 2164 λύτρωσιν
3267 2089 3664 2161 προαναφαίνει

2090 2191 2298 2262 λέγων’
2341 2207 2362 2242 ι
2393 2189 2536 2243 Διότι
2595 2188 2727 2260 πρὶν
2774 2188 2808 2257 ἢ
2851 2186 3051 2255 γνῶναι
3105 2184 3167 2237 τὸ
3222 2182 3429 2236 παιδίον
3480 2181 3667 2267 καλεῖν

2092 2280 2361 2353 πατέραῆ
2397 2282 2626 2351 μητέρα,
2670 2278 2897 2349 λήψεται
2947 2276 3176 2346 δύναμιν
3220 2272 3529 2343 Δαμασκοῦ,
3575 2271 3668 2325 καὶ

2094 2372 2267 2426 σκῦλα
2301 2371 2633 2441 Σαμαρείας,
2666 2370 2955 2424 κατέναντι
2985 2366 3246 2437 βασιλέως
3284 2364 3601 2436 Ἀσσυρίων.
3641 2382 3662 2415 ι

2092 2463 2272 2527 Βαθὺς
2320 2462 2376 2515 δὲ
2429 2462 2632 2532 σξξόδρα
2682 2462 2789 2514 τῶν
2839 2458 3211 2528 προκειμένων
3274 2458 3304 2509 ὀ
3372 2454 3513 2518 νοῦς,
3572 2454 3670 2507 καὶ

2093 2554 2462 2624 πνευματικὸν
2495 2553 2555 2606 τὸ
2587 2554 2851 2624 διήγημα.
2889 2550 3212 2621 Κέκρυπται
3240 2546 3351 2617 γὰρ
3382 2543 3670 2612 άσαφείαις

2093 2645 2182 2698 ἀεί
2227 2661 2344 2707 πως
2394 2645 2423 2697 ὁ
2466 2644 2607 2706 θεῖος
2652 2642 2839 2711 λόγος’
2871 2640 2969 2708 οὐχ
3016 2630 3320 2709 εὑρήσομεν
3350 2637 3459 2705 γὰρ
3487 2635 3565 2696 ὡς
3610 2634 3672 2687 ἐν

2094 2735 2306 2808 ἱστορίᾳ
2330 2752 2389 2788 τε
2413 2734 2507 2788 καὶ
2536 2736 2595 2788 ὲν
2618 2734 2893 2802 αἰσθητοῖς
2921 2731 3260 2802 πράγμασιν,
3283 2730 3364 2781 ὅτι
3392 2725 3673 2795 γεννηθεὶς

2094 2828 2257 2892 εὐθὺς
2292 2829 2329 2881 ό.
2350 2827 2603 2899 Χριστὸς,
2631 2826 2664 2896 ἥ
2693 2824 2791 2896 τὴν
2817 2822 3106 2895 Δαμασκὸν
3134 2820 3479 2883 ἐσκύλευσεν,
3509 2817 3541 2888 ἢ
3570 2814 3672 2888 τὴν

2093 2920 2277 2993 χώραν
2315 2919 2409 2975 τοῦ
2459 2919 2723 2989 βασιλέως
2767 2915 2878 2970 τῶν
2921 2914 3222 2987 Ἀσσυρίων
3244 2951 3258 2975 ,
3310 2910 3673 2982 λυτρούμενος

2093 3012 2219 3073 τοὺς
2252 3012 2316 3063 ὲκ
2372 3010 2469 3079 τῆς
2500 3007 2811 3079 Σαμαρείας
2856 3005 2937 3068 είς
2980 3003 3077 3075 τὴν
3111 3004 3316 3057 ἐκείνου
3350 3001 3532 3072 χώραν
3564 2999 3676 3051 άπσ

2094 3100 2509 3173 ενηνεγμὲνους.
2547 3101 2714 3152 Ὅταν
2755 3098 2812 3151 δὲ
2842 3097 3044 3167 νοητῶς
3090 3094 3428 3166 ἐκλάϐωμεν,
3458 3092 3579 3145 τότε
3608 3089 3677 3162 δὴ

2095 3283 2260 3354 ἡγουν
2286 3280 2453 3353 Συρία
2483 3282 2653 3345 πᾶσα,
2688 3281 2784 3334 καὶ
2815 3279 2922 3349 μὴν
2952 3280 2985 3350 ἡ
3031 3279 3139 3332 τῶν
3176 3274 3478 3346 Ἀσσυρίων
3499 3272 3676 3344 χώρα.

2093 3378 2238 3431 τοῦτ’
2274 3377 2440 3441 ἔστιν,
2489 3378 2522 3448 ἡ
2575 3374 2801 3446 Περσῶν
2844 3392 2905 3427 τε
2963 3374 3057 3427 καὶ
3104 3371 3303 3443 Μήδων
3360 3368 3680 3441 μεμέστωτο

2099 3469 2197 3540 μὲν
2243 3467 2506 3523 είδείιλων·
2542 3468 2635 3522 καί¹
2669 3467 2761 3521 διά
2783 3466 2943 3520 τοῦτο
2983 3464 3247 3534 κέκληται
3284 3462 3360 3532 γῆ
3408 3461 3514 3518 τῶν
3550 3459 3683 3527 γλυ-

2098 3561 2279 3615 πτῶνο
2326 3556 2468 3633 ἦσαν
2508 3561 2618 3631 γὰρ
2654 3559 2826 3629 βωμοὶ
2875 3557 2970 3612 καὶ
3013 3556 3213 3627 τεμένη
3250 3551 3548 3622 πανταχοῦ,
3584 3548 3682 3602 καὶ

2096 3653 2146 3705 oi
2176 3653 2288 3715 τοῖς
2334 3651 2619 3723 τεμένεσιν
2663 3650 3062 3721 ὲμφιλοχωρεῖν
3106 3645 3386 3708 εἰωθότες,
3442 3642 3588 3712 φημὶ
3615 3641 3682 3711 δὴ

2097 3740 2166 3795 τά
2205 3739 2312 3794 τῶν
2343 3739 2761 3810 ψευδομάντεων
2808 3738 2962 3808 γένη,
2995 3736 3091 3789 xui.
3130 3730 3213 3797 οἷς
3263 3737 3296 3803 ἡ
3327 3731 3490 3801 τέχνη
3544 3727 3681 3799 πρὸς

2098 3831 2373 3900 γοήτειαν.
2404 3830 2563 3882 Πᾶσα
2614 3827 2671 3881 δὲ
2718 3827 2922 3882 τούτων
2964 3827 2998 3898 ἡ
3038 3824 3268 3894 δύναμις
3317 3817 3408 3893 ἦν,
3439 3819 3508 3873 τά
3552 3817 3685 3886 παρ’

2098 3921 2347 3985 ἑκάστοις
2376 3920 2784 3993 θρησκευόμενα
2815 3919 3089 3989 δαιμόνια,
3107 3917 3200 3970 καὶ
3229 3916 3259 3968 ὁ
3285 3912 3489 3967 τούτων
3518 3906 3689 3979 ἠγοῦ-

2100 4027 2260 4081 μενος
2294 4011 2555 4074 Σατανᾶς.
2588 4010 2719 4065 Ὅτε
2749 4008 2927 4062 τοίνυν
2949 4005 3142 4077 ἔμελλε
3171 4006 3270 4077 τήν
3302 4020 3360 4056 τε
3391 3995 3686 4072 Δαμασκοῦ

2097 4101 2347 4172 δύναμιν,
2384 4101 2479 4154 καὶ
2519 4099 2624 4171 μὴν
2658 4100 2752 4153 καὶ
2788 4098 2887 4168 τὴν
2915 4097 3008 4151 τοῦ
3043 4095 3305 4165 βασιλέως
3335 4091 3443 4145 τῶν
3484 4090 3685 4142 ’Δσσυο

2100 4196 2263 4269 ρίων,
2310 4194 2455 4249 τοῦτ’
2501 4193 2618 4246 ἐστι
2660 4192 2752 4245 τὸν
2797 4190 3042 4243 Σατανᾶν
3092 4187 3187 4242 καλ
3229 4185 3297 4239 τὰ
3341 4184 3556 4254 πονηρὲ
3593 4182 3689 4237 καὶ

2103 4291 2306 4365 βεϐηλα
2334 4289 2441 4343 τῶν
2469 4285 2758 4357 δαιμονίων
2795 4282 2980 4354 στίφη,
3016 4279 3302 4352 μονονουχὶ
3345 4276 3690 4346 καταληῖσα-

2102 4382 2226 4436 σθαι
2255 4379 2510 4451 Χριστὸς,
2564 4372 2869 4438 ἀπαλλάξαι
2907 4389 2967 4427 τε
2994 4372 3095 4442 τῆς
3128 4369 3220 4423 ὑπ’
3263 4367 3412 4438 αὒτῷ
3449 4364 3694 4430 δουλείας

430 4486 635 4544 patrem
662 4476 743 4531 vel
775 4488 1025 4541 matrem,
1063 4479 1363 4546 potentiam
1404 4477 1651 4533 Damasci
1701 4478 1934 4534 auferet.
1975 4497 1993 4529 ι

2103 4475 2230 4538 τοὺς
2257 4470 2673 4543 ἠπατημένους,
2706 4467 2800 4520 καὶ
2838 4465 2968 4537 πρὶν
3004 4461 3219 4533 ἡλικίας
3252 4459 3570 4530 σωματικῆς
3608 4457 3695 4522 εἰς

429 4566 670 4634 Aufr-ret,
706 4583 823 4636 pro,
860 4568 1291 4638 depopulabitur.
1323 4569 1546 4623 Auferet
1571 4571 1698 4624 item
1731 4580 1786 4624 et
1815 4570 1990 4639 spolia

432 4658 718 4723 Samariw,
750 4660 799 4712 id
833 4668 936 4723 est,
974 4661 1217 4729 captivos
1264 4660 1478 4728 eripiet,
1536 4677 1635 4730 pro
1687 4661 1793 4732 illis
1830 4663 1992 4730 depu-

429 4766 624 4822 gnans.
659 4751 853 4806 Coram
886 4767 1008 4822 rege
1036 4752 1404 4823 Assyriorum,
1431 4754 1637 4808 scilicet
1665 4751 2004 4822 iutelligibiii,

435 4842 689 4898 videlicet
744 4840 966 4898 Sataua.
1000 4842 1050 4899 Is
1098 4845 1243 4898 enim
1270 4853 1389 4898 erat
1445 4845 1687 4899 Damasci
1744 4852 1798 4899 ct
1839 4844 2009 4916 Syria:

431 4935 696 5006 potentia.
742 4934 1012 4990 ldolorum
1055 4944 1234 4991 autem
1283 4936 1521 4992 cultores
1567 4951 1779 4991 omnem
1834 4936 1886 4989 in
1922 4950 2010 4991 se-

434 5029 570 5099 ipsis
604 5027 800 5084 salutis
831 5043 979 5098 spem
1007 5022 1231 5095 habere,
1283 5038 1339 5084 et
1383 5028 1683 5093 Christum,
1711 5041 1871 5096 quam
1897 5027 2009 5097 pri-

437 5136 583 5176 tuum
617 5129 775 5177 natus
821 5129 948 5186 est,
997 5131 1053 5177 et
1081 5121 1345 5189 spoliasse
1400 5119 1658 5175 Satanam
1716 5119 1873 5175 facile
1916 5127 2004 5176 cst

435 5214 639 5269 videre.
670 5213 871 5269 Scribit
921 5216 1062 5269 enim
1093 5213 1380 5268 Matthmus
1410 5230 1423 5266 :
1463 5231 1480 5265 ι
1517 5215 1653 5268 Cum
1692 5229 1820 5267 vero
1852 5213 2010 5268 Jcsus

438 5314 597 5358 natus
627 5316 770 5359 esset
828 5306 881 5359 in
931 5304 1204 5359 Bethleem
1249 5301 1448 5358 Juda‘a:
1507 5305 1696 5358 diebus
1738 5305 2009 5371 llerodis,

436 5412 566 5451 ecce
585 5395 722 5466 Magi
758 5399 825 5452 ab
855 5395 1076 5455 Oriente
1106 5409 1372 5455 venerunt
1406 5397 1775 5470 Hierosolyma
1819 5400 2005 5453 dicen-

439 5502 520 5547 tes
554 5508 568 5546 :
602 5488 701 5545 Ubi
725 5500 807 5545 est
831 5492 920 5561 qui
974 5502 1135 5548 natus
1176 5501 1260 5548 est
1314 5509 1408 5549 rex
1453 5491 1806 5547 Judsuurum?
1863 5490 2014 5546 Vidi-

439 5597 561 5640 mus
593 5580 736 5638 enim
773 5582 940 5652 ipsius
964 5585 1172 5640 stellam
1221 5586 1271 5640 in
1316 5584 1558 5651 Oriente,
1602 5595 1653 5642 et
1682 5585 1926 5641 venimus
1956 5594 2013 5637 nt

438 5673 727 5729 adoremus
757 5687 877 5728 eum
920 5674 982 5729 δ’.
1024 5693 1041 5727 ›
1078 5672 1385 5730 Adorarunt
1421 5690 1566 5746 ergo,
1594 5687 1648 5733 ct
1674 5676 2019 5734 adduxerunt

506 5790 554 5825 "
575 5791 763 5852 Matth.
790 5808 849 5860 tt,
880 5792 930 5849 Ι.

2099 4569 2258 4624 τοῦτο
2311 4565 2506 4625 ἐλθεῖν,
2540 4556 2684 4635 ᾗπερ
2731 4558 2798 4613 ἂν
2832 4558 3030 4629 πρέποι
3076 4556 3138 4609 τὸ
3184 4554 3383 4608 εἰδέναι
3431 4552 3693 4607 δύνασθαι

2103 4659 2283 4715 καλεῖν
2317 4654 2526 4724 πατέρα
2554 4651 2587 4722 ἢ
2626 4648 2860 4722 μητέρα,
2881 4646 3207 4716 διεσάφησεν
3243 4642 3413 4698 εἰπών
3433 4659 3445 4672 ·
3492 4660 3511 4693 ι
3546 4639 3695 4695 Διάτι

2106 4752 2236 4821 πρὶν
2263 4750 2296 4820 ἢ
2335 4747 2536 4816 γνῶναι
2562 4744 2622 4798 τὸ
2649 4741 2858 4803 παιδίον
2890 4738 3074 4793 καλεῖν
3107 4738 3321 4807 πατέρα
3366 4735 3400 4807 ἢ
3449 4733 3688 4805 μητέρα,

2105 4842 2332 4915 λήψεται
2382 4839 2482 4908 τὴν
2521 4834 2750 4907 δόναμιν
2782 4830 3096 4903 Δαμασκοῦ.
3141 4851 3158 4882 ι
3199 4831 3273 4883 Τὸ
3299 4829 3381 4894 δὲ,
3425 4829 3694 4899 Λήψεται.

2111 4937 2231 4989 ἀντὶ
2252 4932 2370 4993 τοῦ,
2412 4927 2770 5000 Χειρώσεται.
2822 4923 3068 4997 Λήψεται
3113 4922 3171 4976 δὲ
3230 4920 3433 4993 ὁμοίως
3480 4918 3574 4972 καὶ
3624 4917 3699 4971 τά

2115 5028 2287 5082 σκῦλα
2349 5020 2683 5095 Σαμαρείας.
2753 5020 2910 5073 Τοῦτ’
2967 5017 3151 5082 ἐστιν,
3208 5011 3504 5078 ἀπαλλάξει
3568 5012 3697 5074 τοὺς

2115 5116 2491 5190 αἰχμαλώτους
2520 5114 2836 5184 πολεμήσας
2870 5109 3011 5181 ὑπὲρ
3044 5106 3244 5162 αὐτῶν.
3289 5106 3570 5159 ’Δπέναντι
3598 5102 3699 5157 τοῦ

2118 5207 2379 5280 βασιλέως
2422 5202 2739 5274 Ἀσσυρίων.
2773 5200 2880 5254 Τοῦ
2927 5197 3120 5267 νοητοῦ
3156 5195 3422 5267 δηλονότι,
3457 5193 3602 5264 φημὶ
3631 5192 3699 5263 δὴ

2114 5299 2209 5354 τοῦ
2237 5297 2469 5351 Σατανᾶ.
2516 5292 2687 5356 Αὐτὸς
2721 5290 2829 5361 γὰρ
2857 5285 2925 5360 ἦν
2957 5288 3050 5342 καὶ
3079 5288 3112 5356 ἡ
3165 5285 3477 5355 Δαμασκὸς,
3526 5282 3619 5336 καὶ
3662 5282 3699 5352 ἡ

2118 5391 2317 5461 Συρίας
2351 5388 2597 5456 δύναμις.
2633 5385 2752 5436 Ὅτι
2782 5380 2876 5435 καὶ
2904 5380 2953 5431 οἱ
2981 5379 3089 5431 τῶν
3121 5373 3356 5429 εἰδώλων
3389 5388 3701 5445 προσκυνη-

2119 5483 2209 5537 ταὶ
2254 5483 2433 5535 πᾶσαν
2461 5477 2674 5547 ἔχουσιν
2714 5472 2798 5527 ἐπ’
2825 5471 3006 5533 αὐτοῖς
3044 5467 3141 5541 τὴν
3180 5467 3278 5539 τῆς
3314 5464 3588 5537 σωτηρίας
3613 5462 3703 5514 ὲλ-

2123 5575 2249 5628 πίδαι
2278 5561 2452 5626 ·“’οτι
2481 5568 2537 5622 δὲ
2588 5563 2910 5619 ἐσκύλευσεν
2962 5562 2988 5613 ὀ
3016 5557 3248 5630 Χριστὸς
3286 5557 3378 5611 τὸν
3427 5553 3698 5618 Σατανᾶν,

2123 5664 2517 5739 γεγεννημένος
2542 5660 2722 5727 εὐθὺς,
2754 5654 3136 5725 ἀταλαίπωρον
3174 5653 3322 5707 ἰδεῖν.
3353 5649 3558 5721 Γράφει
3588 5644 3703 5719 γάρ
