4002 6212
389 285 500 345 .w

1541 302 1605 356 ΙΝ
1647 303 1871 358 ISAIAM
1915 305 2038 359 Llll.
2081 305 2118 360 l.
2162 307 2368 365 Olu’l‘.
2417 309 2474 366 ν.

3529 332 3637 390 τεο

393 411 423 460 ό
478 408 792 473 ὓῐατθαῖος·
835 430 852 462 ι
907 413 1010 465 Τού
1043 413 1097 467 δὲ
1145 415 1315 486 Ἰησοῦ
1368 422 1717 491 γεννηθέντος
1765 427 1822 478 ἐν
1867 426 1939 497 Βη

2071 443 2260 482 aurum
2307 438 2363 483 ct
2415 431 2556 495 thus,
2601 442 2655 487 et
2699 435 2994 504 myrrham.
3051 438 3278 495 Videsne
3323 457 3431 511 quo
3481 455 3636 511 pacto

395 500 556 569 θλεὲμ
589 499 692 569 τῆς
734 503 990 567 Ἰουδαίας
1018 507 1073 558 ἐν
1119 509 1352 579 ἡμέραις
1400 512 1634 582 Ἡρώδου
1681 515 1774 568 τοῦ
1814 516 1968 586 βασι-

397 589 560 653 λέως,
604 591 716 644 ἰδοὺ
753 593 918 662 μάγοι
958 597 1065 648 ἀπὸ
1098 599 1369 652 ἀνατολῶν
1401 604 1756 673 παρεγένοντο
1784 624 1842 659 τε
1887 608 1968 670 εἰς

407 683 770 753 Ἱεροσόλυμα,
804 687 1050 754 λέγοντες
1070 707 1082 720 ·
1114 691 1224 742 Ποῦ
1255 693 1398 745 ἐστιν
1427 697 1454 746 ὁ
1476 697 1685 765 τεχθεὶς
1717 696 1967 767 βασιλεὺς

389 767 496 820 τῶν
541 769 850 831 Ἰουδαίωνς
891 774 1071 845 ἴδομεν
1103 776 1212 849 γὰρ
1243 781 1330 832 τὸν
1359 783 1563 852 ἀστέρα
1606 786 1768 838 αὐτοῦ
1801 789 1858 840 ἐν
1896 791 1962 860 τῇ

379 859 680 932 βΑνατολῇ,
721 866 814 916 καὶ
839 866 1072 936 ἤλθομεν
1098 874 1468 943 προσκυνῆσαι
1517 876 1684 946 αύτῷ.
1733 897 1750 929 ι
1787 880 1963 950 Προσ-

385 952 725 1022 κεκυνήκασι
770 954 899 1022 γοῦν
931 959 1026 1009 καὶ
1060 963 1406 1032 προσήγαγον
1456 967 1676 1036 γρυσίον
1699 1008 1714 1032 ,
1762 970 1855 1022 καὶ
1885 970 1964 1022 λί·

384 1038 549 1094 σανον
597 1042 692 1094 καὶ
727 1043 994 1113 σμύρναν.
1043 1048 1204 1119 Ὁρᾷς
1230 1053 1376 1116 ὅπως
1405 1055 1696 1109 ἐσκύλευσε
1737 1059 1826 1110 τὸν
1855 1061 1960 1112 Σα-

382 1131 574 1194 τανᾶν,
607 1133 702 1184 καὶ
750 1138 1146 1206 προενόμευσεν
1177 1141 1361 1208 ὀξέω;;
1397 1145 1516 1197 Ὅτι
1559 1147 1619 1198 δὲ
1651 1150 1742 1200 καὶ
1787 1152 1816 1202 ό
1863 1153 1962 1220 τῆς

380 1219 678 1290 ἐπιδημίας
707 1225 905 1288 σκοπὸς
939 1229 1018 1289 είς
1054 1228 1321 1300 λύτρωσιν
1365 1233 1550 1302 βλέπει
1576 1236 1682 1289 τῶν
1709 1239 1766 1291 ὲν
1797 1240 1957 1308 αἰχμ-

379 1309 593 1381 αλωσίᾳ
618 1316 682 1384 τῇ
713 1319 872 1386 νοητῇ
888 1319 1204 1386 γεγονότων,
1222 1339 1428 1394 καταση
1439 1343 1512 1393 μα
1608 1343 1746 1378 νειεν
1774 1329 1838 1380 ἂν
1865 1330 1956 1380 καὶ

378 1402 543 1466 αὐτὸς
593 1405 624 1456 ὁ
697 1407 969 1476 Χριστὸς,
1041 1413 1129 1466 διὰ
1199 1415 1381 1482 φωνῆς
1463 1419 1678 1470 Ἡσαΐου
1755 1420 1953 1488 λέγων’

385 1511 407 1542 ι
463 1495 688 1564 Πνεῦμα
733 1501 938 1570 Κυρίου
992 1503 1235 1574 ἐπ’ὲμὲ,
1276 1502 1335 1559 οὗ
1382 1509 1586 1562 εἵνεκεν
1635 1511 1812 1580 ἔχρεσέ
1865 1530 1950 1581 με,

2079 517 2333 572 Satanam
2366 521 2561 589 spoliet
2586 532 2640 575 et
2686 523 3024 592 (lepra-detur
3073 530 3376 586 velociter?
3437 531 3638 589 Deinde

2084 610 2348 662 advenins
2394 611 2476 664 sui
2519 626 2740 682 scopum
2794 625 2847 668 rt
2887 617 3041 670 linem
3112 619 3278 673 fuisse
3313 622 3638 690 redemptio-

2073 712 2192 749 nem
2245 712 2431 750 eorum
2496 701 2586 768 qui
2650 703 2701 754 in
2761 707 3070 773 captivitate
3123 708 3438 779 iutelligibili
3489 721 3636 778 sunt,

2071 789 2314 858 designat
2350 799 2403 843 ct
2427 791 2538 860 ipse
2562 792 2833 859 Christus,
2859 813 2987 852 voce
3020 800 3178 870 136
3220 801 3367 856 Isaia:
3402 803 3589 860 dicens
3616 822 3631 858 :

2074 898 2092 931 ι
2130 878 2365 949 Spiritus
2393 881 2599 937 Domini
2645 900 2804 953 super
2830 904 2912 940 me
2950 905 3013 942 eo
3047 895 3189 959 quod
3222 894 3376 946 unxit
3404 910 3508 959 me,
3567 896 3633 948 ad

2023 1051 2030 1059 ο
2069 972 2548 1041 cvangelizaudnm
2590 979 2914 1043 pauperibus
2965 980 3111 1035 misit
3155 997 3277 1045 me,
3318 983 3381 1038 ad
3434 986 3628 1053 prauli-

2065 1063 2296 1116 candum
2335 1064 2562 1134 captivis
2596 1066 2988 1135 remissionem,
3020 1082 3074 1125 et
3097 1074 3254 1126 carcis
3285 1075 3460 1128 visum
3499 1075 3568 1129 '°.
3605 1094 3624 1125 ι

2070 1152 2260 1208 l’sallit
2299 1155 2422 1209 item
2453 1165 2510 1210 et
2532 1156 2718 1214 beatus
2747 1159 2912 1215 David
2936 1162 3001 1216 de
3051 1163 3167 1232 ipso
3202 1181 3214 1217 :
3261 1184 3279 1216 ι
3317 1167 3630 1220 Ascendens

2066 1243 2117 1297 iu
2146 1246 2520 1314 altitudinem,
2572 1251 2837 1318 captivam
2891 1253 3044 1306 duxit
3094 1256 3460 1322 captivitatem
3498 1257 3564 1310 ⁵⁸.
3606 1276 3625 1308 ι

2065 1331 2229 1402 quue
2262 1334 2446 1389 docuit
2478 1337 2725 1403 ipsemet,
2756 1355 2874 1392 cum
2901 1341 3029 1395 dicit
3057 1358 3070 1393 :
3107 1362 3125 1393 ι
3160 1344 3289 1396 Cum
3322 1345 3631 1400 sublevatus

2063 1426 2114 1478 in
2145 1425 2310 1478 altum
2353 1426 2504 1483 fuero
2526 1431 2592 1485 de
2642 1439 2807 1497 terra,
2845 1447 3034 1489 omnes
3073 1437 3282 1489 traham
3320 1437 3385 1491 ad
3413 1453 3498 1492 me
3543 1438 3623 1507 ip-

2061 1533 2176 1570 sum
2211 1519 2285 1574 ⁸³.
2320 1537 2339 1570 ι

379 1588 844 1656 εὐαγγελίσασθαι
903 1599 1138 1679 πτωχοῖς
1203 1599 1513 1654 ἀπέσταλκε
1565 1621 1655 1673 με,
1709 1605 1944 1674 κηρύξαι
2000 1609 2362 1679 αἰχμαλώτοις
2421 1613 2634 1682 ἄφεσιν,
2670 1617 2762 1668 καὶ
2824 1618 3044 1686 τυφλοῖς
3075 1621 3387 1690 ἀνάϐλεψιν.
3428 1639 3446 1673 ι
3478 1622 3629 1675 Ψάλ-

378 1683 479 1785 λειι
510 1683 570 1737 δέ
606 1703 724 1785 ’που
790 1691 885 1743 καὶ
940 1693 969 1744 ὁ
1028 1694 1296 1764 μακάριος
1345 1697 1510 1750 Δα6“ιδ
1570 1699 1698 1769 περὶ
1777 1701 1942 1753 αὐτοῦ
1971 1719 1983 1732 ο
2027 1721 2044 1754 ι
2103 1707 2330 1771 Ἀναϐὰς
2371 1708 2450 1771 εἰς
2492 1707 2624 1778 ὕψος
2704 1683 3126 1780 ᾐχμαλώτευσεν
3169 1683 3561 1785 αἰχμαλωσίαν.
3601 1734 3622 1768 s

377 1777 488 1829 Καὶ
536 1777 697 1831 τοῦτο
738 1781 900 1843 αὐτὸς
944 1781 1182 1846 ἐδίδαξεν
1231 1785 1429 1837 εἰπών·
1468 1801 1491 1835 ι
1532 1788 1698 1842 Ὅταν
1741 1789 1942 1858 ὑψωθῶ
1978 1794 2040 1846 ἐκ
2095 1797 2194 1865 τῆς
2221 1798 2344 1867 γῆς,
2422 1798 2628 1861 πάντας
2659 1799 2871 1852 ἑλκύσω
2905 1803 3039 1872 πρὸς
3071 1805 3328 1873 ἐμαυτόν.
3373 1823 3394 1858 s

444 1869 558 1924 Kal
595 1871 920 1939 προσέθετο
951 1877 1161 1944 Κύριος
1198 1878 1469 1944 λαλῆσαί
1487 1899 1587 1949 μοι
1622 1885 1728 1938 ἔτι·
1758 1887 1858 1941 Διὰ
1890 1887 1953 1940 τὸ
1990 1900 2029 1953 Β

371 1960 458 2031 μὴ
473 1962 816 2026 βούλεσθαι
843 1965 952 2020 τὸν
977 1968 1134 2022 λαὸν
1171 1970 1384 2024 τοῦτον
1429 1972 1495 2024 τὸ
1532 1972 1688 2041 ὔδωρ
1717 1975 1822 2029 τοῦ
1862 1979 1956 2028 Σι-

375 2053 546 2122 λωὰμ
582 2053 648 2106 τὸ
675 2059 1084 2126 πορευόμενον
1135 2060 1342 2132 ἠσυχῃ
1372 2101 1386 2124 ,
1427 2063 1586 2118 ἀλλὰ
1619 2067 1954 2129 ,βούλεσθαι

373 2143 539 2211 ἔχειν
590 2147 925 2213 Ῥαασσὼν,
989 2150 1088 2203 καὶ
1136 2153 1238 2205 τὸν
1289 2154 1425 2206 υἱὸν
1471 2156 1577 2209 τοῦ
1646 2157 1952 2226 Ῥομελίου

366 2237 640 2300 ,βασιλέα
661 2239 756 2308 ἐφ’
783 2240 969 2309 ὑμῶν,
993 2242 1091 2296 διὰ
1112 2245 1286 2299 τοῦτο
1329 2247 1457 2300 ἰδοὺ
1490 2248 1692 2318 ἀνάγει
1739 2253 1953 2318 Κύριος

370 2329 465 2398 ἐφ’
484 2328 644 2399 ὑμᾶς
684 2333 752 2385 τὸ
783 2333 939 2402 ὕδωρ
974 2336 1078 2390 τοῦ
1131 2340 1398 2407 ποταμοῦ
1448 2339 1515 2394 τὸ
1551 2343 1803 2410 ἰσχυρὸν
1849 2342 1946 2395 καὶ

373 2420 554 2487 πολὺ,
589 2421 701 2475 τόν
728 2424 998 2488 βασιλέα
1031 2428 1149 2482 τῶν
1186 2431 1541 2498 Ἀσσιιρίων,
1573 2433 1668 2486 καὶ
1691 2434 1806 2501 τὴν
1845 2435 1943 2488 δό-

371 2509 488 2576 ξαν
515 2513 726 2568 αὐτοῦ.
748 2516 857 2570 Kal
892 2518 1258 2585 ἀναϐήσεται
1295 2522 1393 2575 ἐπὶ
1433 2523 1640 2577 πᾶσαν
1674 2524 1947 2594 φάραγγα

367 2601 538 2672 ὑμῶν·
559 2605 662 2658 καὶ
683 2607 1075 2675 περιπατήσει
1108 2611 1206 2664 ἐπὶ
1260 2611 1384 2666 πᾶν
1410 2615 1607 2680 τεῖχος
1635 2615 1818 2683 ὑμῶν,
1849 2616 1947 2668 καὶ

367 2694 590 2764 ἀφελεῖ
613 2698 732 2752 ἀπὸ
759 2697 873 2767 τῆς
916 2701 1200 2766 Ἰουδαίας
1247 2702 1576 2770 ἄνθρωπον,
1608 2705 1674 2770 ὃς
1697 2706 1948 2771 δυνήσε-

2132 1890 2294 1944 Vens.
2327 1890 2443 1946 5-8.
2475 1890 2539 1944 Et
2563 1893 2790 1961 perrexit
2824 1893 3076 1948 Dominus
3112 1896 3254 1964 loqui
3285 1897 3411 1950 milii
3439 1913 3459 1950 :
3491 1897 3626 1961 Quo-

2062 1980 2202 2033 niam
2238 1998 2338 2034 non
2362 1983 2468 2034 vult
2494 1983 2719 2051 populus
2751 1983 2846 2036 iste
2875 2001 3065 2052 aquam
3111 1984 3334 2049 Siloam,
3381 1987 3624 2054 ﬂuentem

2055 2072 2282 2142 placide,
2307 2075 2397 2126 sed
2424 2074 2527 2128 vult
2557 2074 2745 2127 habere
2800 2074 3040 2129 Raassou
3081 2088 3128 2128 et
3163 2077 3334 2142 [ilium
3368 2077 3620 2132 Romelire

2057 2179 2226 2231 regem
2257 2179 2413 2230 super
2468 2180 2582 2228 eos,
2616 2175 2888 2232 propterea
2950 2181 3067 2218 ecce
3106 2167 3306 2218 reducit
3366 2166 3624 2220 Dominus

2055 2270 2211 2322 super
2235 2270 2323 2307 eos
2358 2271 2547 2324 aquam
2585 2256 2736 2319 fluvii
2789 2257 3132 2309 vehementem
3167 2266 3214 2310 et
3247 2257 3619 2323 abundantem,

2055 2360 2223 2414 regem
2259 2345 2594 2414 Assyriorum
2627 2355 2678 2399 et
2731 2348 2952 2414 gloriam
3005 2348 3137 2417 ejus.
3176 2349 3243 2401 Et
3281 2352 3521 2404 ascendet
3567 2351 3620 2405 in

2051 2451 2254 2488 omnem
2310 2435 2495 2489 vallem
2557 2447 2804 2500 vestram,
2848 2449 2894 2491 et
2956 2443 3374 2509 supergredietur
3415 2457 3618 2494 omnem

2052 2544 2258 2579 murum
2314 2540 2560 2593 restrum,
2617 2539 2666 2582 et
2706 2531 2909 2599 auferet
2948 2549 2979 2584 a
3011 2530 3204 2586 Judaza
3244 2532 3504 2586 honiiuem
3528 2532 3620 2602 qui

2053 2619 2241 2683 poterit
2285 2629 2441 2688 caput
2465 2619 2661 2686 levare,
2689 2631 2777 2674 aut
2822 2632 3073 2690 pra'stare
3105 2623 3328 2693 aliquid.
3366 2623 3432 2676 Et
3466 2632 3617 2678 erunt

2053 2716 2228 2760 castra
2261 2709 2395 2777 ejus,
2435 2720 2491 2762 ut
2520 2710 2767 2778 impleant
2803 2711 3133 2766 latitudinem
3160 2714 3387 2781 regionis
3411 2724 3539 2768 trite.

368 2808 466 2844 ται
491 2793 762 2860 κεφαλὴν
795 2788 1011 2863 ripam)
1055 2796 1321 2851 δυνατὸν
1350 2799 1838 2855 συντελέσασθιιί
1870 2818 1944 2855 τι.
1987 2800 2095 2854 Καὶ
2156 2801 2326 2856 ἕσται
2365 2804 2403 2872 ἠ
2467 2804 2811 2873 παρεμϐολὴ
2859 2805 3068 2870 αὑτοῦ,
3119 2805 3271 2860 ὥστε
3304 2805 3617 2877 πληρῶσαι

366 2884 444 2935 τὰ
477 2882 676 2951 πλάτη
706 2884 815 2954 τῆς
843 2884 1036 2954 χώρας
1071 2906 1209 2943 σου.

446 2973 567 3026 Ὅτι
609 2976 757 3046 παρὰ
802 2993 865 3044 γε
909 2978 968 3029 τὸ
1001 2979 1192 3042 εἰωθὸς
1231 2979 1556 3052 ἀνθρώποις,
1587 2985 1712 3055 ξένη
1741 3003 1800 3038 τε
1848 2987 1941 3038 καὶ

363 3062 696 3132 ἁξιάγαστος
733 3066 886 3119 ἔσται
915 3068 1006 3120 τοῦ
1059 3071 1404 3143 Ἐμμανουὴλ
1440 3075 1816 3147 ήγὲννησις,ἡ
1854 3077 1942 3129 διὰ

2119 2982 2488 3037 Emmanuelis
2513 2982 2876 3046 nativitatem,
2894 2989 3093 3051 prmter
3116 2996 3461 3036 communem
3481 2998 3613 3037 cou-

2049 3072 2382 3128 suetudinem
2421 3086 2612 3125 novatn
2645 3071 2952 3124 hominibus
2989 3069 3326 3138 peregrinam
3351 3079 3406 3123 et
3432 3071 3606 3124 admi-

363 3157 463 3226 τῆς
498 3156 662 3224 ἁγίας
691 3157 989 3228 Παρθένου,
1035 3161 1130 3214 καὶ
1171 3163 1252 3215 ὅτι
1295 3163 1557 3217 πλείστων
1591 3183 1647 3218 τε
1687 3169 1825 3220 ὅσων
1851 3168 1943 3220 καὶ

2052 3165 2294 3226 rabilem,
2335 3178 2402 3217 ex
2425 3171 2610 3218 sancta
2645 3160 2886 3231 Virgine,
2942 3161 3405 3230 plurimorumque
3429 3176 3492 3215 ac
3526 3162 3614 3216 in-

363 3247 848 3318 περιφανεστάτων
879 3249 1096 3322 ἀληθῶς
1135 3252 1471 3324 θεοσημειῶν
1512 3258 1939 3326 ἀποτελεσθήσε-

365 3337 490 3390 σθαι
537 3338 681 3393 κατὰ
705 3341 933 3411 καιροὺς
959 3339 1018 3394 εὗ
1054 3343 1195 3412 μάλα
1228 3345 1537 3416 διειρηκὼς,
1570 3350 1940 3402 ἀποκαλύπτει

362 3423 442 3494 ct?!
467 3427 721 3499 προφήτῃ
763 3427 966 3493 λοιπὸν,
1027 3431 1118 3483 καὶ
1159 3431 1257 3502 τὴν
1315 3433 1578 3504 ἐσομένην
1628 3438 1746 3489 κατ’
1774 3437 1936 3491 αὑτοῦ

359 3514 474 3570 τῶν
507 3517 778 3570 Ἰουδαίων
806 3520 1064 3575 ἀπόνοιαν
1088 3522 1227 3574 κατά
1255 3539 1317 3590 γε
1347 3523 1438 3576 τὸν
1467 3525 1566 3594 τῆς
1586 3526 1939 3599 ὲνανθρωπή-

366 3624 506 3671 esui;
539 3611 752 3680 καιρόν.
791 3612 1042 3681 Ἀφίκετο
1067 3616 1247 3684 γεμὴν
1285 3618 1364 3680 είς
1395 3617 1542 3669 τόνδε
1568 3618 1656 3670 τὸν
1687 3619 1888 3688 κόσμον
1913 3622 1940 3672 ὁ

367 3700 663 3770 μονογενὴς
709 3701 806 3754 τού
862 3701 1000 3756 Θεοῦ
1049 3705 1241 3774 Λόγος,
1291 3709 1348 3760 ἐν
1385 3708 1690 3776 ὁμοιώματι
1741 3713 1941 3780 σαρκὸς

359 3791 658 3863 ἁμαρτίας,
681 3795 782 3848 οὐκ
811 3795 1028 3866 ἐμφανῆ
1051 3814 1111 3850 τε
1135 3801 1227 3850 καὶ
1255 3801 1536 3871 ὁρωμένην
1568 3801 1664 3871 τὴν
1689 3801 1785 3871 τῆς
1820 3803 1937 3854 θεο-

359 3880 610 3952 πρε-ποῦς
657 3884 932 3956 ὑπεροχῆς
980 3885 1136 3953 δόξαν
1175 3887 1332 3957 ἔχων·
1387 3889 1508 3942 οὔτε
1569 3892 1676 3962 μὴν
1707 3893 1847 3946 κατὰ
1880 3895 1940 3947 τὸ

356 3971 554 4037 εἰωθὸς
589 3973 738 4046 αὐτῷ
789 3974 906 4046 φῶς
941 3978 1108 4032 οἰκῶν
1165 3981 1476 4051 ἀπρόσιτον
1538 3983 1658 4034 οὐδὲ
1699 3987 1819 4048 ταῖς
1843 3985 1942 4053 ἁγ-

354 4063 606 4133 γελωιατς
647 4065 930 4139 ιδυνάμεσι
987 4069 1451 4143 δορυφορούμενος
1503 4074 1769 4144 ἐναργῶς·
1825 4076 1938 4129 ἀλλ’

351 4155 550 4212 οὐδ’ἐν
572 4156 698 4230 δόξῃ
750 4159 911 4231 τυχὸν
959 4163 1202 4231 ἐπιγείου
1263 4164 1556 4235 βασιλέως·
1601 4167 1832 4238 μετρίως
1883 4169 1939 4222 δὲ

354 4248 566 4320 σφόδρα
589 4250 685 4304 καὶ
715 4251 1044 4323 ὑφειμένως,
1078 4256 1173 4309 καὶ
1216 4257 1350 4309 πολὺ
1378 4257 1496 4311 λίαν
1541 4259 1798 4331 ἀψοφητί.
1831 4262 1940 4314 Καὶ

349 4337 516 4393 τοῦτο
555 4341 690 4412 ἡμῖν
727 4344 758 4396 ὁ
807 4343 940 4407 Θεὸς
1004 4346 1099 4399 καὶ
1153 4347 1340 4420 Πατὴρ
1397 4349 1484 4403 διὰ
1535 4352 1716 4422 φωνῆς
1770 4351 1938 4420 ἁγίων

349 4433 787 4504 utuinisi)wa
837 4434 1031 4504 λέγων·
1102 4457 1121 4490 ι
1171 4439 1302 4492 Ἰδοὺ
1327 4442 1602 4512 συνήσειὸ
1649 4444 1784 4506 Παῖς
1835 4460 1937 4514 μου

350 4522 671 4594 ἀγαπητὸς,
734 4527 794 4578 ἐν
839 4520 886 4596 ᾧ
943 4528 1258 4600 ηὐδόκησα·
1331 4533 1511 4602 κρίσιν
1556 4537 1668 4597 τοῖς
1729 4534 1936 4589 ἔθνεσιν

347 4613 572 4681 δξοίσει·
600 4615 705 4671 οὐκ
729 4618 922 4689 ἐρίσει,
950 4621 1069 4674 οὐδὲ
1100 4623 1422 4693 κραυγάσει,
1451 4623 1570 4676 οὐδὲ
1601 4624 1935 4696 ἀκουσθήσε-

345 4721 440 4760 ται
463 4707 526 4762 ιν
559 4708 688 4770 ταῖς
712 4707 992 4774 πλατείαις
1021 4713 1054 4782 ή
1096 4714 1246 4784 φωνὴ
1296 4713 1481 4768 αὐτοῦ.
1524 4715 1781 4787 Κάλαμον
1807 4733 1929 4770 συν-

346 4800 718 4873 τετριμμένον
754 4802 818 4856 οὗ
867 4804 1157 4871 κατεάξει,
1203 4805 1300 4860 καὶ
1347 4804 1492 4860 λίνον
1527 4809 1828 4878 τυφόμενον
1870 4809 1931 4864 οὐ

349 4891 592 4950 σϐέσει.)
632 4894 746 4950 Καὶ
779 4896 980 4967 τρόπος
1020 4897 1120 4968 μὲν
1171 4899 1355 4952 οὐτοσὶ
1391 4898 1490 4968 τῆς
1534 4899 1673 4969 μετὰ
1729 4900 1931 4971 σαρκὸς

347 4983 668 5058 οἰκονομίας
701 4984 793 5040 τοῦ
841 4987 1197 5055 Μονογενοῦς.
1242 4987 1481 5043 Ἰουδαῖοι
1513 5005 1576 5057 γε
1585 4993 1690 5060 μὴν
1730 4991 1780 5043 oi
1831 4991 1928 5044 τά-

346 5071 512 5136 λανες
543 5073 610 5128 τὸ
635 5075 726 5130 ἔπ’
765 5076 914 5148 αὐτῷ
967 5079 1292 5150 μυστήριον,
1321 5079 1353 5150 ἦ
1389 5080 1451 5132 οὐ
1505 5079 1754 5144 συνέντες
1793 5081 1929 5145 ὅλως

347 5163 523 5235 ἤγουν
569 5165 802 5230 ἀνοσίως
841 5167 1213 5241 διωθούμενοι,
1269 5169 1671 5238 κατεπεφύοντο
1706 5171 1926 5235 δεινῶς,

353 5252 458 5306 καὶ
483 5252 708 5328 ὶζήτουν
739 5257 902 5312 αὐτὸν
938 5260 1257 5314 ἀποκτεῖναι
1295 5261 1562 5330 λέγοντες·
1613 5281 1630 5313 ι
1658 5262 1793 5331 Περὶ
1829 5279 1929 5315 κα-

350 5344 453 5402 λοῦ
481 5345 644 5418 [preti
663 5351 724 5404 οὐ
754 5349 1045 5423 λιθάζομέν
1087 5371 1166 5419 σε,
1215 5355 1350 5408 ἀλλὰ
1382 5357 1509 5426 περὶ
1561 5355 1768 5426 βλασφη
1779 5355 1924 5425 μίας,

348 5442 438 5497 ὅτι
476 5439 546 5493 σὺ
569 5439 850 5513 ἄνθρωπος
879 5443 976 5507 ὢν,
1003 5449 1178 5511 ποιεῖς
1214 5449 1437 5502 σεαυτὸν
1483 5449 1632 5501 Θεὸν.
1675 5467 1692 5499 ι
1741 5451 1929 5500 Διατε-

349 5526 610 5587 “Maiam
637 5531 696 5588 δὲ
717 5535 812 5590 καὶ
861 5535 1023 5608 μέχρι
1075 5538 1274 5603 παντὸς
1319 5539 1543 5612 σκληροὶ
1577 5541 1670 5594 καὶ
1705 5539 1925 5611 ὲξήνιοι,

424 5710 472 5744 ³⁸
493 5709 597 5768 lsa.
624 5729 738 5783 ut,
768 5715 815 5771 l.
930 5720 970 5752 ’ί
995 5718 1138 5776 Psal.
1166 5735 1332 5790 uvn,
1361 5721 1444 5777 l9.

1552 5725 1596 5756 "
1618 5722 1771 5781 Joau.
1800 5723 1988 5796 $11,252.
2028 5743 2044 5754 -

2044 3254 2474 3324 signissimorum
2498 3268 2622 3307 vere
2637 3253 2939 3306 divinorum
2958 3252 3238 3321 signorum
3252 3251 3608 3319 elleetricem,

2043 3362 2142 3401 suo
2177 3358 2416 3417 tempore
2444 3347 2669 3416 pulchre
2696 3345 2987 3400 admodum
3027 3345 3321 3415 exposuit:
3353 3345 3612 3415 deinceps

2043 3438 2317 3507 propheta:
2343 3437 2538 3506 aperit,
2567 3437 2800 3490 futuram
2851 3445 3040 3491 contra
3093 3436 3244 3490 illum
3293 3438 3613 3492 inhumana-

2047 3530 2207 3584 tiouis
2251 3540 2493 3599 tempore
2533 3527 2840 3583 Iudaeorum
2872 3527 3161 3582 insaniam.
3191 3527 3345 3582 Venit
3381 3528 3432 3581 in
3456 3544 3609 3582 mun-

2044 3621 2169 3674 dum
2194 3621 2524 3690 unigenitum
2563 3620 2657 3674 Dei
2695 3619 2947 3686 Verbum,
2975 3620 3026 3674 in
3053 3620 3403 3674 similitudine
3428 3620 3612 3674 carnis

2043 3711 2246 3780 peccati
2270 3747 2286 3773 ,
2335 3725 2440 3763 non
2473 3709 2732 3763 illustrem
2766 3717 2822 3762 et
2843 3709 3192 3776 spectabilem
3222 3708 3418 3761 divinae
3471 3722 3608 3777 pra:-

2043 3803 2253 3858 stautite
2281 3802 2508 3871 gloriam
2535 3799 2759 3864 habens,
2790 3814 2890 3854 nec
2917 3815 3066 3853 more
3102 3813 3200 3853 suo
3223 3800 3400 3860 solito,
3430 3799 3603 3854 lucem

2045 3895 2301 3950 habitans
2333 3894 2690 3956 inaccessam,
2709 3905 2885 3959 neque
2909 3888 3153 3958 angelico
3165 3890 3407 3944 exercitu
3421 3891 3607 3960 splen-

2041 3987 2165 4042 dide
2198 3987 2497 4056 stipatum;
2547 3983 2658 4037 imo
2691 3997 2791 4038 nec
2843 3982 2898 4036 in
2945 3981 3113 4052 gloria
3145 3983 3391 4036 mortalis
3438 3982 3600 4051 regis.

2041 4077 2134 4131 sed
2158 4079 2400 4130 modeste
2425 4073 2737 4137 admodum,
2787 4083 2844 4128 et
2893 4073 3182 4136 submisse,
3226 4082 3283 4127 et
3336 4074 3456 4126 sine
3503 4071 3611 4126 ullo

2042 4170 2296 4239 strepitu.
2354 4166 2526 4237 [dque
2555 4168 2714 4223 nobis
2751 4167 2909 4222 Deus
2942 4174 2999 4221 et
3029 4165 3210 4230 Pater,
3273 4179 3405 4219 voce
3451 4177 3607 4220 saue-

2043 4271 2219 4317 torum
2282 4261 2533 4331 designat
2590 4261 2778 4315 dicens
2827 4275 2843 4312 :
2887 4276 2906 4310 ι
2949 4258 3088 4312 Ecce
3140 4257 3404 4326 intelliget
3435 4255 3604 4310 Filius

2041 4369 2194 4408 meus
2225 4353 2475 4419 dilectus,
2508 4351 2561 4406 in
2583 4366 2690 4421 quo
2718 4349 3023 4418 conquievi,
3058 4347 3320 4414 judicium
3348 4347 3602 4418 gentibus

2042 4446 2259 4510 iuleret,
2285 4460 2390 4499 non
2417 4443 2728 4506 contendet,
2789 4457 2963 4511 neque
3017 4439 3292 4504 clamabit,
3347 4455 3449 4495 nec
3501 4456 3602 4494 au-

2043 4538 2220 4592 dietur
2273 4538 2326 4591 in
2375 4536 2569 4605 plateis
2618 4550 2721 4590 vox
2773 4533 2924 4601 ejus,
2992 4535 3257 4588 calamum
3316 4533 3608 4588 contritum

2040 4643 2146 4681 non
2188 4627 2524 4696 confringet,
2583 4638 2638 4682 et
2692 4626 2856 4680 linttm
2907 4625 3184 4680 incensum
3249 4640 3352 4678 non
3408 4624 3608 4679 restin-

2039 4729 2164 4788 guet
2196 4719 2262 4772 ⁸³.
2323 4737 2342 4770 ι
2393 4718 2458 4772 Et
2504 4718 2590 4772 hic
2635 4716 2851 4786 quidem
2906 4717 3094 4770 modus
3160 4713 3258 4767 fuit
3323 4714 3603 4780 dispensa-

2041 4812 2204 4866 tionis
2235 4808 2508 4879 Unigenili
2549 4811 2600 4864 in
2631 4824 2814 4863 carne.
2843 4806 3014 4862 Juda‘i
3045 4817 3224 4861 autem
3258 4805 3462 4870 miseri,
3499 4804 3604 4858 hoc

2039 4905 2106 4959 de
2144 4904 2234 4958 illo
2279 4905 2590 4976 mystcrimn
2637 4919 2744 4958 non
2797 4902 3163 4972 intelligentes
3219 4900 3476 4958 omnino,
3513 4903 3607 4949 aut

2037 5005 2181 5051 certe
2210 4998 2372 5066 impie
2408 4997 2804 5065 Oppi-inuentes,
2843 4997 3082 5065 graviter
3120 5001 3308 5047 contra
3333 4990 3601 5044 exstimu-

2039 5089 2333 5152 labantnr,
2392 5088 2550 5154 eique
2585 5096 2814 5140 mortem
2877 5083 3262 5146 moliebantur,
3322 5081 3600 5136 dicentes:

2041 5180 2197 5249 137
2240 5198 2257 5230 ι
2297 5179 2378 5234 0b
2407 5179 2604 5232 bonum
2637 5191 2770 5244 opus
2798 5191 2900 5228 non
2934 5173 3235 5240 lapidamus
3261 5179 3350 5234 te,
3399 5169 3492 5223 sed
3531 5169 3601 5223 ob

2037 5271 2448 5339 blasphemiam,
2482 5269 2626 5338 quod
2653 5278 2706 5321 tu
2737 5269 2896 5321 homo
2921 5280 3043 5318 cum
3069 5263 3164 5328 sis,
3199 5262 3332 5316 facis
3369 5260 3599 5329 teipsum

2039 5359 2205 5412 Deum
2246 5359 2315 5411 ⁵⁵.
2355 5377 2375 5412 ι
2419 5357 2842 5413 Pcrscverarunt
2889 5356 3052 5407 etiam
3096 5367 3192 5420 per
3241 5351 3418 5408 omnia
3462 5365 3600 5422 pra-

2036 5446 2191 5502 lracti
2223 5456 2278 5502 et
2309 5447 2559 5509 eﬂ‘renes,
2615 5455 2670 5500 et
2710 5446 2812 5499 hoc
2841 5441 3118 5514 praeterea
3160 5444 3225 5497 ad
3269 5443 3600 5516 impietatem

2035 5539 2265 5594 accedit.
2299 5538 2652 5591 Adduxerunt
2686 5534 2828 5588 enim
2848 5533 3039 5601 Pilato,
3065 5535 3305 5591 dicentes
3332 5548 3347 5589 :
3377 5552 3396 5586 ι
3427 5529 3597 5598 Tolle,

2120 5721 2166 5755 ⁸⁸
2191 5723 2288 5779 lsa.
2313 5739 2443 5793 nn,
2470 5722 2582 5779 1-3.
2692 5721 2738 5755 ”
2759 5719 2912 5778 Joan.
2939 5735 2992 5790 κ,
3016 5717 3105 5773 35.
