4002 6212
494 347 591 405 ττι
1471 341 1527 396 S.
1567 334 1841 395 εῖλιιιιι
1883 332 2365 391 ΑιΕΧΑΝῡιιιΝι
2405 331 2724 388 Αιιειιιειδ.
2996 326 3004 335 “
3670 335 3779 391 95g

574 445 732 500 Vnus.
778 443 863 506 ll,
898 442 982 496 l2.
1036 440 1125 495 Sic
1167 440 1295 494 dicit
1350 439 1645 494 Dominus:
1696 434 1852 492 Forti
1891 434 2075 489 ntauui
2110 441 2151 496 Α

2254 428 2420 483 Οὕτω
2447 428 2608 499 λέγει
2634 430 2880 496 Κύριος·
2909 426 2988 495 Τῇ
3021 424 3241 496 ἰσχυρᾷ
3258 425 3407 496 χειρί
3423 426 3776 499 ἀπειθοῦσι,

490 535 809 604 immorigeri
838 543 979 596 sunt,
1006 530 1185 585 itineri
1235 530 1330 584 via:
1366 529 1549 599 populi
1573 530 1754 597 hujus,
1789 527 2021 580 dicentes
2048 539 2067 578 :

2194 520 2251 591 τῇ
2279 522 2491 590 πορείᾳ
2527 521 2639 591 τῆς
2676 519 2821 574 ὀδοῦ
2860 517 2968 572 τοῦ
3002 519 3156 573 λαοῦ
3195 521 3411 574 τούτου
3442 523 3739 592 λέγοντες
3762 541 3774 554 ·

494 624 789 696 Νριιιιιιηάο
815 625 1013 687 dicunt,
1048 621 1277 676 Durum.
1311 620 1579 691 Quidquid
1605 620 1741 674 enim
1767 617 1891 671 dicit
1909 633 2074 687 popu-

2200 610 2424 677 Ktjzore
2458 610 2695 672 εἴπωσι,
2731 609 3030 676 Σκληρόν.
3084 606 3217 664 Πᾶν
3247 611 3358 678 γὰρ
3403 611 3436 664 ὃ
3480 613 3600 667 ἐὰν
3636 614 3780 683 εἴπῃ

491 720 572 772 lus
603 718 707 781 hic,
740 716 933 768 durum
960 724 1059 768 est.

2174 701 2207 755 ὁ
2238 703 2390 779 λαὸς
2421 697 2623 768 οὗτος,
2654 701 2942 769 σκληρόν
2972 701 3163 755 ἐστιν.

563 808 680 861 Dixi
713 805 930 861 beatum
988 807 1304 877 prophetam
1357 815 1671 861 sanctorum
1708 801 2072 872 apostolorum

2250 798 2431 868 Ἐφην
2459 797 2543 851 ὅτι
2576 796 2685 850 τῶν
2716 795 2888 864 ἁγίων
2913 794 3228 850 ἀποστόλων
3252 796 3345 849 καὶ
3366 797 3782 866 εὐαγγελιστῶν

488 911 540 956 et
590 898 1047 970 cvangelistarum
1112 913 1400 967 personam
1449 897 1553 953 sibi
1600 896 1960 966 imposuisse,
2019 903 2068 948 et

2200 887 2235 942 ’δ
2264 888 2556 960 πρόσωπον
2585 887 2764 958 ἑαυτῷ
2798 887 3097 959 περιτιθεὶς
3114 888 3143 941 ὁ
3169 887 3438 959 μακάριος
3460 891 3780 962 προφήτης,

490 990 722 1045 movisse
756 997 947 1059 gentes
966 1004 1030 1046 ac
1061 988 1278 1046 Judzcos
1331 997 1391 1043 ut
1425 986 1644 1043 Christo
1694 985 2070 1055 subjiciantur,

2202 975 2383 1029 θνεσίν
2407 993 2465 1030 τε
2497 976 2592 1031 καὶ
2624 974 2898 1038 Ἰουδαίοις
2939 975 3208 1046 ἡττᾶσθαι
3241 975 3466 1047 Χριστῷ
3512 978 3781 1031 συνεϐού-

489 1093 658 1151 utque
696 1082 922 1137 audiant
974 1082 1150 1151 ipsum
1178 1080 1344 1136 etiam
1399 1079 1452 1134 hi
1481 1078 1572 1148 qui
1611 1077 1664 1132 in
1695 1076 2069 1132 remotissimis

2204 1081 2393 1131 tsuoev,
2417 1064 2723 1119 ὑπακοῦσαί
2745 1082 2805 1119 τε
2836 1065 2984 1137 αὐτῷ
3010 1066 3111 1119 καὶ
3157 1066 3286 1130 τοὺς
3313 1066 3508 1137 μέχρις
3528 1068 3784 1139 ἐσχάτων

490 1183 654 1228 terrae
717 1173 916 1229 liuibus
967 1170 1240 1228 habitant.
1276 1169 1478 1226 Deinde
1547 1167 1685 1223 Deus
1728 1176 1935 1221 tantum
1968 1178 2070 1219 non

2207 1156 2276 1227 ἧς
2306 1157 2428 1227 γῆς.
2462 1152 2597 1212 Εἶτα
2628 1156 2763 1221 Θεὸς
2793 1158 2931 1229 πρὸς
2967 1157 3133 1210 αὑτὸν
3161 1158 3445 1230 μονονουχὶ
3476 1158 3580 1212 καὶ
3605 1177 3783 1214 κατα-

491 1264 768 1319 demirans
809 1262 1025 1319 lsraelis
1057 1263 1471 1335 perversitatem
1501 1270 1558 1316 et
1607 1259 1870 1330 insignem
1911 1257 2071 1313 insci-

2209 1249 2474 1318 αυμάζων
2520 1249 2621 1319 τὴν
2662 1248 2756 1302 τοῦ
2790 1247 3007 1321 Ἰσραὴλ
3055 1249 3351 1320 σκαιότητα
3401 1250 3498 1304 καὶ
3544 1249 3611 1304 τδ
3662 1250 3785 1307 λίαν

489 1358 641 1424 liam,
681 1359 790 1412 ait:
830 1356 991 1429 ιω
1023 1356 1173 1412 Forti
1218 1355 1396 1410 manui
1437 1353 1768 1420 immorigeri
1810 1346 2064 1406 sunt.¢Es

2204 1339 2404 1414 μαθὲς,
2418 1338 2498 1412 Τῇ
2521 1340 2715 1411 ἰσχυρᾷ
2731 1340 2896 1412 χειρὶ,
2925 1340 3114 1411 φησὶν,
3135 1339 3475 1395 ἀπειθοῦσιν.
3515 1360 3537 1393 s
3559 1342 3784 1397 Παναλ-

491 1449 636 1505 enim
673 1447 1359 1520 prarpoteusset‘infracta,
1384 1455 1459 1501 .et
1480 1443 1824 1513 omnipotens
1855 1442 2071 1496 dextera

2208 1431 2275 1502 ὴς
2292 1434 2420 1504 γὰρ,
2458 1450 2477 1485 ι
2513 1432 2609 1485 καὶ
2638 1431 2962 1503 ἄθραυστος,
2991 1431 3087 1485 καὶ
3116 1432 3294 1486 πάντα
3332 1432 3600 1503 ἰσχύουσα
3633 1433 3788 1501 δεξιά

492 1538 583 1592 Dei
639 1516 693 1592 et
742 1516 922 1592 Patris
944 1536 1137 1601 Filius,
1177 1550 1276 1607 per
1315 1549 1475 1605 quem
1529 1533 1736 1597 omnia,
1787 1540 1841 1585 et
1874 1531 1927 1584 in
1965 1544 2072 1600 quo

2207 1520 2267 1574 οῦ
2298 1520 2435 1574 Θεοῦ
2462 1522 2561 1576 καῖ
2592 1521 2808 1593 Πατρὸς
2836 1523 2867 1574 ὁ
2906 1520 3055 1586 Υἱὸς,
3087 1522 3155 1574 δι’
3178 1516 3239 1579 οὗ
3264 1523 3333 1577 τὰ
3360 1525 3564 1590 πάντα,
3596 1526 3698 1578 καὶ
3728 1527 3787 1578 ὲν

490 1632 697 1695 onmia,
739 1631 830 1700 qui
858 1628 1094 1686 abolevit
1126 1629 1333 1692 omnia,
1366 1626 1625 1682 contrivit
1649 1625 1926 1689 Satanam,
1955 1636 2070 1693 spo-

2206 1629 2216 1663 ι
2260 1611 2330 1666 τὰ
2371 1613 2549 1667 πάντα
2571 1628 2585 1642 '
2616 1613 2646 1666 ὁ
2674 1615 3027 1685 καταργήσας
3056 1612 3304 1679 θάνατον,
3335 1614 3429 1668 καὶ
3473 1616 3786 1687 συντρίψας

491 1723 648 1777 liavit
700 1722 903 1779 inl‘cros
929 1762 946 1788 ,
994 1731 1051 1778 et
1085 1718 1421 1790 corruptioui
1462 1716 1736 1788 subjectos
1788 1717 2071 1784 incorrup—

2206 1704 2267 1758 ὸν
2297 1706 2567 1769 Σατανᾶν,
2600 1706 2698 1759 καὶ
2726 1705 3029 1769 σκυλεύσας
3053 1707 3146 1760 τὸν
3167 1707 3319 1779 ᾅδην,
3343 1709 3437 1763 καὶ
3460 1709 3784 1781 ἀφθαρσίαν

494 1816 641 1871 tione
673 1816 913 1881 donavit,
960 1824 1122 1883 atque
1151 1811 1334 1868 omnia
1371 1810 1531 1866 sicuti
1560 1809 1629 1865 ab
1668 1807 1822 1863 initio
1860 1806 2074 1861 fuerant

2204 1796 2515 1869 ωρούμενος
2564 1801 2678 1862 τοῖς
2725 1798 2835 1852 ὑπὸ
2886 1796 3114 1870 φθορὰν,
3162 1800 3255 1854 καὶ
3299 1801 3672 1868 ἀνακαινίζων
3720 1804 3784 1858 τά

488 1909 789 1966 renovavit.
840 1908 933 1963 Sic
965 1907 1059 1978 qui
1119 1907 1174 1962 in
1213 1904 1432 1961 Christo
1494 1902 1693 1958 servati
1742 1908 1889 1963 sunt,
1939 1912 2068 1954 voce

2203 1890 2358 1945 ιάντα
2388 1890 2524 1958 πρὸς
2544 1889 2606 1944 τὸ
2634 1892 2692 1945 ἐν
2722 1891 2939 1962 ἀρχαῖς.
2966 1890 3124 1945 Οὕτω
3152 1893 3247 1947 καὶ
3269 1892 3358 1947 διά
3384 1894 3485 1965 τῆς
3516 1895 3622 1949 τοῦ
3642 1896 3783 1968 ψάλ-

487 1997 772 2067 psallentis
799 1998 1024 2060 dicunt:
1066 1998 1330 2052 «Dextera
1356 1993 1565 2049 Domini
1597 1992 1777 2049 evexit
1809 2004 1919 2055 me,
1943 1992 2067 2046 dex-

2202 1995 2364 2044 ,οντος
2397 1980 2585 2052 φωνῆς
2621 1980 2673 2034 οἱ
2704 1980 2764 2033 ὲν
2788 1980 3011 2053 Χριστῷ
3037 1982 3368 2053 σεσωσμένοι
3400 1984 3594 2054 φασίν·
3633 2004 3653 2037 ι
3685 1988 3782 2038 Δε-

489 2099 606 2145 tera
652 2087 863 2146 Dantini
914 2087 1166 2159 praestitit
1212 2085 1584 2142 virtutem":
1631 2082 1844 2138 Dictum
1904 2082 2069 2136 etiam

2202 2071 2267 2138 ἱιά
2312 2072 2522 2143 Κυρίου
2568 2070 2753 2142 nemo:
2798 2089 2888 2144 με,
2917 2072 3066 2138 δεξιά
3098 2075 3304 2144 Κυρίου
3339 2075 3574 2147 ἐποίησε
3621 2074 3782 2131 δύνα-

485 2181 654 2238 estin
684 2180 950 2236 canticis:
988 2197 1008 2232 ι
1040 2180 1272 2236 Dextera
1305 2177 1514 2232 Domini
1549 2175 1829 2230 nobilitata
1853 2181 1938 2228 est
1963 2171 2065 2227 for-

2198 2181 2292 2218 ιιν.
2327 2183 2347 2217 s
2402 2163 2629 2237 Εἴρηται
2686 2163 2744 2217 δὲ
2787 2165 2883 2219 καὶ
2925 2166 2983 2218 ὲν
3026 2164 3235 2239 ᾯδαῖς’
3286 2188 3306 2219 ι
3345 2167 3409 2221 Ἥ
3454 2166 3615 2235 δεξιά
3665 2186 3778 2237 σου,

490 2271 744 2340 titudine,
798 2271 1021 2327 dextera
1058 2280 1171 2339 tua,
1223 2269 1472 2336 Domine,
1509 2267 1671 2338 fregit
1702 2264 2070 2323 inimicos”.i

2199 2259 2371 2332 Κύριε,
2399 2260 2710 2329 δεδόξασται
2740 2263 2796 2316 ὲν
2832 2263 2975 2335 ἰσχύϊ
2994 2280 3008 2295 °
3036 2265 3069 2336 ἡ
3095 2264 3245 2331 δεξιά
3276 2281 3369 2318 σου
3402 2266 3548 2337 χεὶρ,
3582 2264 3779 2338 Κύριε,

495 2361 686 2433 itaque
736 2376 803 2418 eo
858 2361 1152 2433 impietatis
1178 2372 1235 2418 et
1286 2359 1511 2417 insania:
1557 2364 1844 2421 venerunt,
1870 2362 1929 2409 ut
1951 2352 2075 2410 forti

2200 2351 2445 2425 ἱθραυσεν
2464 2355 2713 2428 ἐχθρούς.
2751 2375 2769 2409 ι
2800 2356 3010 2410 Οὐκοῦν
3035 2356 3382 2428 ἁνοσιὸτητός
3407 2375 3467 2410 τε
3491 2356 3661 2429 ὁμοῦ,
3688 2359 3780 2413 καὶ

494 2454 680 2510 manui
713 2452 874 2510 facile
893 2452 1237 2510 conservanti
1272 2439 1603 2520 immorigeri
1633 2462 1758 2505 esse
1780 2446 2074 2510 voluerint,

2198 2444 2288 2517 ιὴν
2314 2447 2411 2501 καὶ
2438 2447 2867 2519 φρενοϐλαϐείας
2893 2449 2974 2512 είς
2996 2448 3152 2502 τοῦτο
3172 2448 3586 2519 διεληλάκασιν,
3610 2449 3688 2515 ὡς
3712 2452 3778 2521 τῇ

490 2546 657 2615 idque
709 2558 810 2615 pro
846 2543 1016 2600 nihilo
1046 2542 1326 2599 duxerint.
1371 2538 1707 2610 lmmorigeri
1741 2547 1869 2595 sunt
1890 2537 2070 2604 etiam,

2205 2536 2383 2609 σχυρᾷ
2422 2536 2570 2607 χειρὶ¹
2612 2540 2681 2609 τῇ
2731 2536 2982 2612 σωζούσῃ
3022 2538 3223 2610 ῥᾳδίως
3257 2538 3503 2593 ἀπειθεῖν
3529 2538 3779 2603 ἑλέσθαι,

490 2637 692 2709 inquit,
719 2637 819 2692 viae
837 2635 1016 2707 populi
1046 2634 1231 2704 hujus,
1262 2632 1423 2705 cujus
1451 2646 1735 2702 personam
1767 2643 2070 2696 assmnens.

2200 2629 2275 2683 ιαὶ
2322 2630 2457 2698 παρ’
2485 2629 2641 2684 οὐδὲν
2680 2628 2936 2702 ἡγεῖσθαι
2984 2629 3046 2683 τὸ
3090 2630 3686 2700 πρᾶγμα.Ἀπειθοῦσι
3722 2630 3780 2685 δὲ

489 2728 653 2786 modo
691 2730 905 2785 dixerat
936 2745 951 2783 :
994 2727 1286 2784 Nobiscum
1321 2726 1483 2783 Deus.
1516 2724 1647 2792 Quae
1709 2722 1928 2780 tandem
1990 2721 2069 2776 via

2202 2721 2383 2792 »μοίως
2429 2723 2496 2794 τῇ
2546 2721 2744 2795 πορείᾳ
2784 2721 2880 2775 τοῦ
2921 2721 3054 2776 λαοῦ
3109 2721 3323 2788 τούτου,
3360 2721 3561 2794 φησίν
3610 2714 3675 2777 οὗ
3720 2723 3782 2777 τὸ

486 2830 572 2878 est
603 2820 787 2893 pepuli
817 2819 1019 2890 hujus?
1055 2819 1256 2874 Eorum
1287 2817 1382 2889 qui
1411 2815 1820 2872 Etumanuelem
1854 2816 2066 2881 habent,

2201 2813 2473 2885 τρὸσωπον
2517 2812 2805 2868 ἀναλαϐὼν
2851 2812 3088 2884 ἔφασκεν
3142 2813 3339 2879 εὐθύς·
3389 2815 3526 2869 Μεθ’
3554 2817 3716 2888 ἡμῶν
3750 2816 3781 2869 ό

488 2915 623 2971 lldes
649 2911 985 2984 evangelica,
1025 2910 1152 2966 vita:
1190 2909 1461 2966 institutio
1488 2917 1545 2964 et
1600 2909 1963 2971 conversatio,
2002 2906 2068 2964 le-

2200 2905 2545 2968 9s6;.'01:ola.
2590 2906 2646 2960 δέ
2690 2905 2778 2976 ,τίς
2807 2908 2954 2960 ἐστιν
2988 2908 3022 2978 ἡ
3059 2906 3250 2978 πορεία
3290 2906 3386 2961 τοῦ
3430 2907 3610 2976 λαοῦ;
3658 2908 3780 2963 Τῶν

485 3005 593 3078 gali
620 3015 677 3062 et
728 3004 1004 3062 umbratili
1041 3002 1261 3071 reiecta.
1297 3001 1368 3056 Et
1427 3001 1760 3071 immorigeri
1820 3009 1947 3056 sunt
1982 3001 2065 3054 via

2190 2996 2413 3067 ἑχόντων
2457 2997 2548 3051 τὸν
2600 2996 2949 3069 Ἐμμανουὴλ
2981 2998 3016 3068 ἡ
3055 2996 3235 3062 πίστις
3286 2998 3321 3071 ἡ
3369 3000 3450 3062 είς
3499 3000 3691 3066 αὐτὸν,
3737 3000 3770 3069 ἠ

486 3099 671 3170 populi
723 3096 903 3168 hujus,
953 3097 1216 3160 dicentes,
1250 3093 1330 3148 Ne
1364 3095 1581 3163 quando
1608 3093 1821 3160 dicatis,
1853 3090 2066 3146 Durum

2198 3088 2518 3161 εὖαγγελικὴ
2553 3088 2815 3152 πολιτεία,
2840 3090 3278 3165 παρεωραμένης
3303 3094 3401 3162 τῆς
3423 3092 3480 3147 ὲν
3503 3091 3660 3165 νόμῳ
3685 3092 3778 3147 καὶ

487 3155 664 3247 Dmne
712 3155 859 3246 enim
889 3155 1036 3260 quod
1099 3155 1304 3241 dixerit
1348 3155 1577 3255 populus
1609 3185 1723 3250 hic,
1757 3155 1949 3239 durum
1973 3191 2067 3238 est.

2195 3179 2260 3243 ab;
2289 3181 2348 3234 ἐν
2379 3184 2577 3244 σκιαῖς.
2597 3181 2909 3235 ’Λπειθοῦσι
2944 3182 3003 3237 δὲ
3031 3185 3099 3253 τῇ
3128 3183 3323 3255 πορείᾳ
3350 3182 3443 3237 τοῦ
3480 3182 3621 3241 λαοῦ
3654 3183 3775 3241 τού-

488 3279 771 3350 Siquidem
817 3279 989 3333 durus
1026 3273 1314 3330 videbatur
1354 3272 1553 3328 iudicis
1605 3285 1730 3326 esse
1768 3279 2068 3325 sanctorum

2194 3289 2275 3326 ron
2305 3272 2550 3340 λέγοντες
2569 3290 2582 3303 ·
2616 3275 2707 3345 Μή
2756 3291 2887 3328 ποτε
2917 3275 3133 3346 εἴπητε,
3164 3276 3425 3349 Σκληρόν.
3468 3278 3589 3333 ῐῐᾶν
3611 3279 3718 3350 γὰρ
3745 3277 3774 3332 δ

489 3369 860 3442 apostolorum
891 3381 1115 3424 sermo:
1159 3365 1288 3436 quia
1328 3364 1647 3421 circumcisa
1674 3362 1822 3416 velut
1847 3370 1903 3416 et
1940 3360 2069 3416 able-

2192 3364 2277 3418 ὲάν
2305 3366 2431 3437 εἴπῃ
2475 3368 2504 3419 ὁ
2537 3365 2665 3430 λαὸς
2694 3361 2849 3431 οὗτος
2872 3407 2887 3431 ,
2937 3367 3171 3441 σκληρόν
3209 3369 3346 3422 ἐστι.
3393 3369 3643 3443 Σκληρὸν
3666 3370 3772 3441 γὰρ

487 3469 614 3533 gata
652 3467 1051 3531 peropportune
1077 3457 1270 3513 umbra
1295 3495 1312 3522 ,
1341 3470 1447 3511 non
1481 3455 1775 3511 secundum
1808 3452 1974 3508 Mosis
2002 3452 2067 3507 le-

2192 3452 2323 3511 εἷναί
2343 3474 2461 3521 πως
2482 3459 2594 3521 τοῖς
2628 3458 2907 3523 Ἰουδαίοις
2932 3460 3105 3514 ἐδόκει
3129 3461 3241 3513 τῶν
3264 3460 3434 3531 ἁγίων
3456 3462 3772 3519 ἀποστόλων

489 3563 611 3620 gem
645 3549 829 3605 vivere
859 3562 957 3605 eos
1015 3547 1162 3620 passi
1188 3554 1337 3615 sunt,
1384 3548 1479 3602 sed
1511 3545 1815 3615 evangelica
1838 3554 1892 3599 ct
1922 3544 2069 3613 spiri-

2189 3546 2416 3615 ὑλόγος,
2444 3548 2526 3601 ὅτι
2561 3548 3003 3619 περιστέλλοντες
3046 3550 3122 3617 ὡς
3166 3552 3225 3604 ὲν
3268 3551 3445 3624 καιρῷ
3483 3552 3560 3624 τῷ
3600 3553 3769 3608 δέοντι

491 3640 733 3697 tualiter.
2182 3638 2283 3710 τὴν
2308 3640 2495 3704 σκιὰν,
2530 3638 2630 3712 ζῇν
2675 3640 2775 3693 οὐκ
2821 3640 2946 3697 εἴων
2994 3642 3137 3699 κατὰ
3178 3643 3270 3697 τὸν
3307 3644 3550 3713 Μωσέως
3583 3646 3766 3719 νόμον,

1327 3776 1340 3785 .
2183 3732 2554 3801 εὐαγγελικῶς
2583 3732 2638 3786 δὲ
2670 3732 2867 3804 μᾶλλον
2894 3733 2986 3791 καὶ
3009 3736 3415 3807 πνευματικῶς.

565 3812 732 3871 Vsus.
750 3813 835 3873 14.
853 3813 924 3871 At
941 3814 1179 3869 timorem
1195 3829 1376 3870 eorum
1394 3829 1458 3869 ns
1477 3813 1775 3879 tintueritis,
1799 3830 1889 3870 nec
1906 3814 2082 3869 turbe-

2258 3822 2369 3876 Τὸν
2400 3821 2470 3875 δὲ
2497 3822 2687 3891 φόϐον
2713 3820 2914 3876 αὐτῶν
2953 3825 3026 3878 οὐ
3053 3823 3141 3894 μὴ
3181 3824 3501 3894 φοϐηθῆτε,
3538 3825 3671 3883 οὐδ’
3697 3826 3765 3883 οὐ

490 3908 643 3974 mini,
687 3906 973 3965 Dominum
1006 3908 1176 3977 ipsum
1220 3907 1408 3978 gloria:
1451 3918 1636 3964 sancte
1676 3908 1852 3975 colite,
1889 3918 1937 3962 et
1979 3907 2070 3962 erit

2185 3913 2263 3982 μὴ
2300 3912 2657 3983 ταραχθῆτε,
2681 3916 2900 3983 Κύριον
2917 3914 3106 3970 αὐτὸν
3132 3917 3439 3988 ἁγιάσατε,
3461 3919 3562 3973 καὶ
3589 3918 3765 3986 αὐτὸς

488 4000 601 4069 ipss
638 4000 797 4054 timor
826 4008 971 4055 tuus.
997 3995 1071 4054 Et
1123 4000 1170 4053 si
1210 3999 1311 4069 ipsi
1357 3998 1588 4069 confisus
1623 3999 1807 4068 fueris,
1852 4002 1950 4054 erit
1988 4001 2068 4055 tib:

2182 4006 2355 4061 ἔσται
2386 4019 2487 4061 σοι
2515 4009 2724 4077 φόϐος.
2750 4008 2859 4062 Kal
2897 4007 3008 4061 ἐὰν
3037 4007 3131 4061 ἐπ’
3157 4008 3321 4075 αὐτῷ
3347 4012 3648 4081 πεποιθὼς
3673 4006 3761 4085 ᾖς.

489 4088 985 4160 sanctiﬁcationi,et
1023 4105 1132 4146 non
1170 4098 1231 4145 ιιι
1264 4089 1433 4162 lapidi
1459 4091 1766 4161 olensiom‘s
1790 4094 2069 4160 occurram

2184 4098 2353 4153 ἔσται
2376 4112 2477 4152 σοι
2508 4099 2597 4165 είς
2624 4098 2912 4169 ἁγίασμα,
2951 4099 3048 4153 καί
3093 4101 3207 4170 οὐχ
3249 4101 3331 4169 ὡς
3359 4102 3540 4157 λίθου
3579 4118 3764 4173 προσ-

489 4185 558 4252 si,
597 4199 691 4239 nec
724 4193 782 4239 ut
807 4190 969 4254 petra:
996 4183 1189 4241 ruina.

2186 4188 2435 4259 κόμματι
2456 4189 2878 4260 συναντήσετε
2899 4190 3080 4259 αὐτῷ,
3107 4193 3235 4248 οὐδ’
3254 4194 3335 4264 ὡς
3367 4194 3589 4266 πέτρας
3616 4196 3766 4253 πτώ-

2176 4298 2337 4353 μανι.

559 4366 699 4422 Cum
785 4365 1170 4435 perstrinxerit
1220 4372 1350 4421 ante
1432 4365 1952 4440 llierosolymltauos
2024 4378 2083 4426 ut

2252 4374 2754 4448 ιΙροαιτιασάμενος
2781 4377 2908 4441 τοὺς
2949 4376 3008 4445 ἐξ
3041 4377 3256 4451 Ἰσραὴλ
3277 4378 3353 4444 ὡς
3380 4379 3632 4437 ἀπειθεῖν
3656 4382 3767 4438 ἑλο-

492 4458 874 4561 immorigeros
928 4457 1031 4514 viae
1077 4456 1281 4530 populi,
1320 4457 1619 4517 Christiani
1674 4463 1953 4531 nimirum,
2023 4472 2072 4521 et

2186 4466 2381 4537 μένους
2410 4469 2476 4539 τῇ
2505 4467 2702 4540 πορείᾳ
2727 4467 2821 4522 τοῦ
2853 4468 3004 4536 λαοῦ,
3024 4468 3118 4525 τοῦ
3146 4473 3204 4525 ὲν
3236 4472 3458 4546 Χριστῷ
3485 4473 3647 4547 δῆλον
3666 4476 3762 4539 ὅτι,

492 4548 737 4619 mysticis
791 4558 1106 4605 sanctorum
1171 4550 1539 4621 apostolorum
1594 4551 2071 4612 institutionibus:

2184 4559 2279 4613 καὶ
2325 4562 2446 4623 ταῖς
2492 4559 2601 4614 τῶν
2630 4562 2802 4630 ἁγίων
2829 4562 3140 4617 ἀποστόλων
3172 4566 3608 4636 μυσταγωγίαις,
3641 4567 3764 4641 μεθ-

489 4637 796 4695 orationem
855 4640 1248 4698 consolationis
1300 4642 1515 4713 plenam
1557 4644 1626 4701 sd
1658 4660 1754 4701 eos
1780 4650 2069 4716 convertit,

2185 4648 2364 4721 ίστησι
2396 4650 2531 4722 πρὸς
2563 4652 2761 4716 αὐτοὺς
2787 4652 2879 4706 τὸν
2909 4654 3006 4725 τῆς
3034 4656 3437 4727 παρακλήσεως
3459 4637 3655 4727 λόγον,
3675 4659 3764 4713 καὶ

489 4740 546 4788 et
572 4730 831 4787 invictum
855 4730 1095 4790 animum
1133 4731 1237 4788 illis
1269 4734 1440 4801 addit,
1466 4750 1572 4791 non
1600 4737 1796 4792 debere
1821 4739 2069 4810 inquiens

2183 4739 2490 4811 ἄθραυστον
2540 4742 2724 4805 αὐτοῖς
2778 4743 3132 4815 ἐνεργάζεται
3175 4744 3321 4811 νοῦν,
3356 4748 3432 4820 μὴ
3464 4747 3528 4821 δὴ
3571 4750 3763 4823 χρῆναι

490 4821 686 4876 timere
724 4832 841 4886 eos,
894 4819 987 4888 qui
1019 4818 1125 4875 illis
1152 4819 1488 4892 immorigeri
1531 4831 1676 4890 sunt,
1732 4838 1833 4880 nec
1853 4828 2070 4883 omnino

2184 4832 2359 4902 λέγων
2390 4832 2619 4887 δεδιέναι
2663 4836 2791 4899 τοὺς
2829 4836 3189 4903 ἀπειθοῦντας
3234 4818 3441 4904 αὐτοῖς,
3663 4818 3763 4913 μὴν

492 4918 714 4983 propter
736 4924 925 4966 eorum
960 4909 1216 4965 ferociam
1264 4913 1612 4971 tumultuari:
1645 4915 1741 4971 sed
1766 4916 1879 4972 Deo
1897 4919 2072 4987 potius

2183 4924 2322 4990 ὅλως
2348 4925 2440 4980 τὸν
2473 4928 2538 4981 ὲκ
2567 4927 2667 4999 τῆς
2712 4929 2935 4984 ἐκείνων
2964 4931 3286 5004 σκαιότητος
3316 4909 3762 5005 εἰσδέγεσθαινθόι

495 5003 757 5069 conlisos,
792 5002 1041 5058 hostibus
1064 5000 1290 5072 juvenili
1323 5004 1606 5063 alacritate
1655 5008 1949 5064 insultare:
1981 5024 2075 5077 pro

2181 5015 2364 5087 ρυ6ον’
2392 5015 2802 5089 τεθαρρηκότας
2841 5019 2899 5077 δὲ
2933 5021 3134 5092 μᾶλλον
3176 5000 3278 5076 *ἐπὶ
3326 5000 3761 5095 Θεῷξτκατανεα-

489 5105 643 5154 certo
663 5095 923 5152 habentes
969 5110 1093 5151 eum
1137 5110 1287 5151 arma
1329 5095 1462 5168 ipsis
1506 5095 1625 5154 fore
1659 5107 1717 5155 et
1746 5113 1928 5154 arcem
1970 5100 2069 5155 lor-

2182 5105 2451 5161 νιεύεσθαι
2483 5109 2593 5163 τῶν
2623 5110 2857 5187 ἐχθρῶν
2884 5109 2943 5170 εὖ
2974 5115 3183 5181 εἰδότας
3218 5116 3304 5177 ὅτι
3343 5117 3438 5173 καὶ
3467 5117 3634 5175 ὅπλον
3678 5115 3762 5173 αὐ-

490 5187 773 5245 titudinis:
816 5200 985 5258 seque
1023 5184 1186 5242 facile
1222 5198 1577 5259 superaturos
1625 5204 1722 5247 eos
1746 5191 1837 5262 qui
1864 5193 2070 5248 restite-

2191 5201 2290 5262 τοῖς
2337 5199 2511 5268 ἔσται,
2547 5184 2657 5256 καῖ
2679 5203 2891 5282 πύργος
2927 5206 3132 5279 ἰσχύος,
3165 5207 3262 5265 καὶ
3309 5209 3771 5281 κατακρατήσοψ.

489 5277 621 5332 rint.
663 5277 802 5336 Hinc
843 5280 959 5335 ait:
1011 5278 1288 5337 Timorem
1313 5295 1498 5335 eorum
1535 5295 1605 5336 ne
1634 5282 1948 5350 timueritis,
1982 5299 2069 5340 ne-

2180 5307 2264 5346 σιν
2285 5291 2520 5358 εὐκόλως
2544 5294 2654 5353 τῶν
2674 5277 3107 5369 ἀνθεστηκότων.
3128 5298 3400 5374 Ταύτῃτοί
3431 5277 3632 5371 (primi;
3662 5295 3757 5353 Τὸν

486 5379 595 5434 que
662 5370 982 5463 turbemini.
1021 5370 1114 5425 Sin
1167 5370 1296 5425 velit
1341 5370 1608 5440 quispiam
1657 5372 1771 5426 haec
1819 5375 2066 5432 subtilius

2178 5383 2235 5439 δὲ
2261 5383 2425 5455 φόϐον
2449 5386 2627 5441 αὐτῶν
2652 5386 2715 5440 οὐ
2746 5386 2821 5461 μὴ
2854 5386 3150 5461 φοϐηθῆτε,
3181 5370 3312 5444 οὐδε
3327 5370 3659 5463 ταραχθῆτε.
3698 5386 3757 5442 Ei

486 5454 742 5553 scrutari,
780 5457 932 5529 ιιι
958 5472 1012 5515 et
1041 5462 1148 5518 alio
1175 5462 1336 5518 modo
1366 5461 1468 5517 hoc
1501 5460 1683 5518 licebit
1705 5463 2066 5535 interpretari:

2178 5475 2235 5528 δὲ
2276 5454 2341 5546 δή
2382 5490 2468 5540 τις
2515 5454 2759 5548 βοῦλοιτο
2801 5454 2925 5543 ταῖς
3135 5454 3509 5553 πῳκειμέᾦν
3536 5454 3757 5543 ἐννοίαις

487 5544 571 5644 sic
623 5552 805 5598 autem
855 5561 1028 5606 resse
1088 5553 1275 5610 habet.
1340 5552 1513 5610 Judaei
1554 5555 1700 5614 enim
1736 5571 1842 5615 non
1881 5572 2067 5631 parum

2185 5544 2366 5638 lexva
2403 5544 2603 5625 ἐνιέναι
2633 5567 2724 5625 τὸν
2760 5569 2902 5638 νοῦν,
2936 5571 3028 5627 καὶ
3058 5544 3389 5649 καθίετερον
3420 5574 3553 5632 αὐτὸ
3580 5572 3757 5649 νοήσει

547 5700 606 5787 ,⁵⁸
625 5697 1054 5772 Psai.cxvtt.16.
1128 5708 1174 5742 τ’
1198 5710 1369 5768 Exod.
1391 5729 1481 5784 xv,
1506 5715 1561 5775 6,
2132 5680 2163 5737 ε

1791 5731 1904 5755 5‘3!"

1746 5757 1819 5785 12%;.
1834 5753 1860 5784 ’
