  <div class='ocr_page' id='page_1' title='image "/cluster/home/n/w/nwhite01/storage/ocr_20150623/70/hvd.32044073501991/123.png"; bbox 0 0 4002 6212; ppageno 0'>
   <div class='ocr_carea' id='block_1_1' title="bbox 386 184 499 240">
    <p class='ocr_par' dir='ltr' id='par_1_1' title="bbox 386 184 499 240">
     <span class='ocr_line' id='line_1_1' title="bbox 386 184 499 240; baseline 0.018 -2"><span class='ocrx_word' id='word_1_1' title='bbox 386 184 499 240; x_wconf 66' lang='grc' dir='ltr'><strong>εδδ</strong></span> 
     </span>
    </p>
   </div>
   <div class='ocr_carea' id='block_1_2' title="bbox 1347 180 2591 240">
    <p class='ocr_par' dir='ltr' id='par_1_2' title="bbox 1347 180 2591 240">
     <span class='ocr_line' id='line_1_2' title="bbox 1347 180 2591 240; baseline 0.002 -3"><span class='ocrx_word' id='word_1_2' title='bbox 1347 181 1406 237; x_wconf 91' lang='lat' dir='ltr'><strong>S.</strong></span> <span class='ocrx_word' id='word_1_3' title='bbox 1446 180 1722 236; x_wconf 72' lang='lat' dir='ltr'><strong>CYRlLlJ</strong></span> <span class='ocrx_word' id='word_1_4' title='bbox 1771 180 2237 238; x_wconf 68' lang='lat' dir='ltr'><strong>ALEXANDRINI</strong></span> <span class='ocrx_word' id='word_1_5' title='bbox 2278 183 2591 240; x_wconf 73' lang='lat' dir='ltr'><strong>ARCHIEP.</strong></span> 
     </span>
    </p>
   </div>
   <div class='ocr_carea' id='block_1_3' title="bbox 3551 185 3668 239">
    <p class='ocr_par' dir='ltr' id='par_1_3' title="bbox 3551 185 3668 239">
     <span class='ocr_line' id='line_1_3' title="bbox 3551 185 3668 239; baseline 0.034 -3"><span class='ocrx_word' id='word_1_6' title='bbox 3551 185 3668 239; x_wconf 68' lang='lat'><strong>256</strong></span> 
     </span>
    </p>
   </div>
   <div class='ocr_carea' id='block_1_4' title="bbox 396 299 1969 375">
    <p class='ocr_par' dir='ltr' id='par_1_4' title="bbox 396 299 1969 372">
     <span class='ocr_line' id='line_1_4' title="bbox 396 299 1969 372; baseline -0.003 -14"><span class='ocrx_word' id='word_1_7' title='bbox 396 305 660 372; x_wconf 84' lang='lat' dir='ltr'><strong>scriptum</strong></span> <span class='ocrx_word' id='word_1_8' title='bbox 707 310 809 357; x_wconf 87' lang='lat' dir='ltr'><strong>est.</strong></span> <span class='ocrx_word' id='word_1_9' title='bbox 880 299 1240 356; x_wconf 80' lang='lat' dir='ltr'><strong>Confirmahit</strong></span> <span class='ocrx_word' id='word_1_10' title='bbox 1283 311 1462 354; x_wconf 83' lang='lat' dir='ltr'><strong>autem</strong></span> <span class='ocrx_word' id='word_1_11' title='bbox 1513 301 1725 355; x_wconf 86' lang='lat' dir='ltr'><strong>divinus</strong></span> <span class='ocrx_word' id='word_1_12' title='bbox 1776 299 1969 354; x_wconf 83' lang='lat' dir='ltr'><strong>Paulus</strong></span> 
     </span>
    </p>
   </div>
   <div class='ocr_carea' id='block_1_5' title="bbox 2073 299 3673 375">
    <p class='ocr_par' dir='ltr' id='par_1_5' title="bbox 2073 301 3673 375">
     <span class='ocr_line' id='line_1_5' title="bbox 2073 301 3673 375; baseline -0.003 -20"><span class='ocrx_word' id='word_1_13' title='bbox 2073 305 2183 365; x_wconf 90' lang='grc' dir='ltr'>τοῖς</span> <span class='ocrx_word' id='word_1_14' title='bbox 2246 302 2483 375; x_wconf 77' lang='grc' dir='ltr'><strong>πατέρες</strong></span> <span class='ocrx_word' id='word_1_15' title='bbox 2537 305 2628 357; x_wconf 69' lang='lat' dir='ltr'><strong>xui.</strong></span> <span class='ocrx_word' id='word_1_16' title='bbox 2678 304 2780 357; x_wconf 75' lang='grc' dir='ltr'>υίοὶ</span> <span class='ocrx_word' id='word_1_17' title='bbox 2841 303 2977 375; x_wconf 70' lang='grc' dir='ltr'>ἅμα.</span> <span class='ocrx_word' id='word_1_18' title='bbox 3039 305 3076 357; x_wconf 84' lang='grc' dir='ltr'><strong><em>Γ</em></strong></span> <span class='ocrx_word' id='word_1_19' title='bbox 3080 305 3241 359; x_wconf 84' lang='grc' dir='ltr'>είτων</span> <span class='ocrx_word' id='word_1_20' title='bbox 3281 304 3375 358; x_wconf 68' lang='grc' dir='ltr'><strong>καὶ</strong></span> <span class='ocrx_word' id='word_1_21' title='bbox 3431 301 3673 371; x_wconf 71' lang='grc' dir='ltr'>πλησίον</span> 
     </span>
    </p>
   </div>
   <div class='ocr_carea' id='block_1_6' title="bbox 396 388 1968 462">
    <p class='ocr_par' dir='ltr' id='par_1_6' title="bbox 396 388 1968 462">
     <span class='ocr_line' id='line_1_6' title="bbox 396 388 1968 462; baseline -0.003 -11"><span class='ocrx_word' id='word_1_22' title='bbox 396 401 582 451; x_wconf 87' lang='lat' dir='ltr'><strong>dicens</strong></span> <span class='ocrx_word' id='word_1_23' title='bbox 612 412 626 450; x_wconf 95' lang='lat'><strong>:</strong></span> <span class='ocrx_word' id='word_1_24' title='bbox 659 395 882 449; x_wconf 69' lang='lat' dir='ltr'><strong>«Omnia</strong></span> <span class='ocrx_word' id='word_1_25' title='bbox 935 408 1151 462; x_wconf 73' lang='lat' dir='ltr'><strong>possunt</strong></span> <span class='ocrx_word' id='word_1_26' title='bbox 1182 393 1235 445; x_wconf 90' lang='lat' dir='ltr'><strong>in</strong></span> <span class='ocrx_word' id='word_1_27' title='bbox 1265 388 1483 448; x_wconf 90' lang='lat' dir='ltr'><strong>Christo</strong></span> <span class='ocrx_word' id='word_1_28' title='bbox 1518 391 1609 462; x_wconf 85' lang='lat' dir='ltr'><strong>qui</strong></span> <span class='ocrx_word' id='word_1_29' title='bbox 1649 392 1968 446; x_wconf 85' lang='lat' dir='ltr'><strong>corroborat</strong></span> 
     </span>
    </p>
   </div>
   <div class='ocr_carea' id='block_1_7' title="bbox 399 477 1986 560">
    <p class='ocr_par' dir='ltr' id='par_1_7' title="bbox 399 477 1986 560">
     <span class='ocr_line' id='line_1_7' title="bbox 399 477 1986 560; baseline -0.001 -20"><span class='ocrx_word' id='word_1_30' title='bbox 399 503 484 542; x_wconf 89' lang='lat' dir='ltr'><strong>me</strong></span> <span class='ocrx_word' id='word_1_31' title='bbox 516 487 617 541; x_wconf 78' lang='grc'><strong>⁸³.»</strong></span> <span class='ocrx_word' id='word_1_32' title='bbox 652 485 952 554; x_wconf 85' lang='lat' dir='ltr'><strong>Capientur</strong></span> <span class='ocrx_word' id='word_1_33' title='bbox 1008 499 1157 554; x_wconf 87' lang='lat' dir='ltr'><strong>ergo,</strong></span> <span class='ocrx_word' id='word_1_34' title='bbox 1195 477 1390 554; x_wconf 86' lang='lat' dir='ltr'><strong>inquit,</strong></span> <span class='ocrx_word' id='word_1_35' title='bbox 1449 483 1542 554; x_wconf 88' lang='lat' dir='ltr'><strong>qui</strong></span> <span class='ocrx_word' id='word_1_36' title='bbox 1578 500 1682 538; x_wconf 90' lang='lat' dir='ltr'><strong>non</strong></span> <span class='ocrx_word' id='word_1_37' title='bbox 1739 485 1986 560; x_wconf 70' lang='lat' dir='ltr'><strong>credunt,</strong></span> 
     </span>
    </p>
   </div>
   <div class='ocr_carea' id='block_1_8' title="bbox 399 573 1968 640">
    <p class='ocr_par' dir='ltr' id='par_1_8' title="bbox 399 573 1968 640">
     <span class='ocr_line' id='line_1_8' title="bbox 399 573 1968 640; baseline -0.003 -10"><span class='ocrx_word' id='word_1_38' title='bbox 399 577 644 631; x_wconf 85' lang='lat' dir='ltr'><strong>homines</strong></span> <span class='ocrx_word' id='word_1_39' title='bbox 675 577 728 629; x_wconf 92' lang='lat' dir='ltr'><strong>in</strong></span> <span class='ocrx_word' id='word_1_40' title='bbox 783 574 1073 629; x_wconf 75' lang='lat' dir='ltr'><strong>securitate</strong></span> <span class='ocrx_word' id='word_1_41' title='bbox 1117 576 1460 629; x_wconf 85' lang='lat' dir='ltr'><strong>exsistentcs.</strong></span> <span class='ocrx_word' id='word_1_42' title='bbox 1495 573 1765 640; x_wconf 87' lang='lat' dir='ltr'><strong>Quantum</strong></span> <span class='ocrx_word' id='word_1_43' title='bbox 1825 575 1968 628; x_wconf 91' lang='lat' dir='ltr'><strong>enim</strong></span> 
     </span>
    </p>
   </div>
   <div class='ocr_carea' id='block_1_9' title="bbox 395 666 1970 738">
    <p class='ocr_par' dir='ltr' id='par_1_9' title="bbox 395 666 1970 738">
     <span class='ocr_line' id='line_1_9' title="bbox 395 666 1970 738; baseline -0.001 -18"><span class='ocrx_word' id='word_1_44' title='bbox 395 674 604 738; x_wconf 77' lang='lat' dir='ltr'><strong>spectat</strong></span> <span class='ocrx_word' id='word_1_45' title='bbox 630 666 696 720; x_wconf 89' lang='lat' dir='ltr'><strong>ad</strong></span> <span class='ocrx_word' id='word_1_46' title='bbox 737 681 1026 735; x_wconf 89' lang='lat' dir='ltr'><strong>supernum</strong></span> <span class='ocrx_word' id='word_1_47' title='bbox 1060 667 1317 721; x_wconf 79' lang='lat' dir='ltr'><strong>auxilium</strong></span> <span class='ocrx_word' id='word_1_48' title='bbox 1357 668 1500 737; x_wconf 89' lang='lat' dir='ltr'><strong>quod</strong></span> <span class='ocrx_word' id='word_1_49' title='bbox 1550 666 1803 721; x_wconf 86' lang='lat' dir='ltr'><strong>lsraelitis</strong></span> <span class='ocrx_word' id='word_1_50' title='bbox 1825 680 1970 720; x_wconf 91' lang='lat' dir='ltr'><strong>sem-</strong></span> 
     </span>
    </p>
   </div>
   <div class='ocr_carea' id='block_1_10' title="bbox 393 756 1972 830">
    <p class='ocr_par' dir='ltr' id='par_1_10' title="bbox 393 756 1972 830">
     <span class='ocr_line' id='line_1_10' title="bbox 393 756 1972 830; baseline 0.001 -18"><span class='ocrx_word' id='word_1_51' title='bbox 393 772 495 830; x_wconf 87' lang='lat' dir='ltr'><strong>per</strong></span> <span class='ocrx_word' id='word_1_52' title='bbox 527 756 718 824; x_wconf 88' lang='lat' dir='ltr'><strong>adfuit,</strong></span> <span class='ocrx_word' id='word_1_53' title='bbox 752 759 840 811; x_wconf 85' lang='lat' dir='ltr'><strong>vix</strong></span> <span class='ocrx_word' id='word_1_54' title='bbox 877 758 993 828; x_wconf 89' lang='lat' dir='ltr'><strong>capi</strong></span> <span class='ocrx_word' id='word_1_55' title='bbox 1022 765 1274 829; x_wconf 86' lang='lat' dir='ltr'><strong>poterant</strong></span> <span class='ocrx_word' id='word_1_56' title='bbox 1306 767 1399 811; x_wconf 89' lang='lat' dir='ltr'><strong>aut</strong></span> <span class='ocrx_word' id='word_1_57' title='bbox 1443 756 1742 827; x_wconf 77' lang='lat' dir='ltr'><strong>expugnari</strong></span> <span class='ocrx_word' id='word_1_58' title='bbox 1774 756 1842 811; x_wconf 90' lang='lat' dir='ltr'><strong>ab</strong></span> <span class='ocrx_word' id='word_1_59' title='bbox 1869 756 1972 813; x_wconf 75' lang='lat' dir='ltr'><strong>Eni-</strong></span> 
     </span>
    </p>
   </div>
   <div class='ocr_carea' id='block_1_11' title="bbox 398 848 1971 919">
    <p class='ocr_par' dir='ltr' id='par_1_11' title="bbox 398 848 1971 919">
     <span class='ocr_line' id='line_1_11' title="bbox 398 848 1971 919; baseline 0 -16"><span class='ocrx_word' id='word_1_60' title='bbox 398 849 578 913; x_wconf 89' lang='lat' dir='ltr'><strong>micis,</strong></span> <span class='ocrx_word' id='word_1_61' title='bbox 640 848 754 903; x_wconf 88' lang='lat' dir='ltr'><strong>sive</strong></span> <span class='ocrx_word' id='word_1_62' title='bbox 793 850 1147 919; x_wconf 83' lang='lat' dir='ltr'><strong>aspectabiles</strong></span> <span class='ocrx_word' id='word_1_63' title='bbox 1181 849 1253 904; x_wconf 92' lang='lat' dir='ltr'><strong>illi</strong></span> <span class='ocrx_word' id='word_1_64' title='bbox 1298 857 1502 916; x_wconf 89' lang='lat' dir='ltr'><strong>essent,</strong></span> <span class='ocrx_word' id='word_1_65' title='bbox 1532 849 1647 903; x_wconf 89' lang='lat' dir='ltr'><strong>sive</strong></span> <span class='ocrx_word' id='word_1_66' title='bbox 1669 849 1971 918; x_wconf 79' lang='lat' dir='ltr'><strong>inaspecta-</strong></span> 
     </span>
    </p>
   </div>
   <div class='ocr_carea' id='block_1_12' title="bbox 396 938 1973 1012">
    <p class='ocr_par' dir='ltr' id='par_1_12' title="bbox 396 938 1973 1012">
     <span class='ocr_line' id='line_1_12' title="bbox 396 938 1973 1012; baseline -0.001 -19"><span class='ocrx_word' id='word_1_67' title='bbox 396 938 551 996; x_wconf 84' lang='lat' dir='ltr'><strong>biles.</strong></span> <span class='ocrx_word' id='word_1_68' title='bbox 578 939 723 994; x_wconf 76' lang='lat' dir='ltr'><strong>Dixit</strong></span> <span class='ocrx_word' id='word_1_69' title='bbox 745 941 888 994; x_wconf 90' lang='lat' dir='ltr'><strong>enim</strong></span> <span class='ocrx_word' id='word_1_70' title='bbox 915 940 1111 995; x_wconf 85' lang='lat' dir='ltr'><strong>alicubi</strong></span> <span class='ocrx_word' id='word_1_71' title='bbox 1144 939 1283 995; x_wconf 81' lang='lat' dir='ltr'><strong>Deus</strong></span> <span class='ocrx_word' id='word_1_72' title='bbox 1301 941 1365 995; x_wconf 86' lang='lat' dir='ltr'><strong>de</strong></span> <span class='ocrx_word' id='word_1_73' title='bbox 1387 940 1717 996; x_wconf 83' lang='lat' dir='ltr'><strong>Jerusalem:</strong></span> <span class='ocrx_word' id='word_1_74' title='bbox 1755 940 1849 995; x_wconf 65' lang='lat' dir='ltr'><strong>«Et</strong></span> <span class='ocrx_word' id='word_1_75' title='bbox 1875 955 1973 1012; x_wconf 89' lang='lat' dir='ltr'><strong>ego</strong></span> 
     </span>
    </p>
   </div>
   <div class='ocr_carea' id='block_1_13' title="bbox 394 1031 1971 1104">
    <p class='ocr_par' dir='ltr' id='par_1_13' title="bbox 394 1031 1971 1104">
     <span class='ocr_line' id='line_1_13' title="bbox 394 1031 1971 1104; baseline 0.002 -19"><span class='ocrx_word' id='word_1_76' title='bbox 394 1047 489 1086; x_wconf 86' lang='lat' dir='ltr'><strong>ero</strong></span> <span class='ocrx_word' id='word_1_77' title='bbox 517 1031 617 1097; x_wconf 87' lang='lat' dir='ltr'><strong>illi,</strong></span> <span class='ocrx_word' id='word_1_78' title='bbox 674 1033 808 1086; x_wconf 91' lang='lat' dir='ltr'><strong>dicit</strong></span> <span class='ocrx_word' id='word_1_79' title='bbox 829 1031 1110 1096; x_wconf 84' lang='lat' dir='ltr'><strong>Dominus,</strong></span> <span class='ocrx_word' id='word_1_80' title='bbox 1167 1047 1353 1085; x_wconf 89' lang='lat' dir='ltr'><strong>murus</strong></span> <span class='ocrx_word' id='word_1_81' title='bbox 1372 1032 1508 1103; x_wconf 86' lang='lat' dir='ltr'><strong>ignis</strong></span> <span class='ocrx_word' id='word_1_82' title='bbox 1533 1033 1971 1104; x_wconf 85' lang='lat' dir='ltr'><strong>circumquaque,</strong></span> 
     </span>
    </p>
   </div>
   <div class='ocr_carea' id='block_1_14' title="bbox 396 1123 1973 1195">
    <p class='ocr_par' dir='ltr' id='par_1_14' title="bbox 396 1123 1973 1195">
     <span class='ocr_line' id='line_1_14' title="bbox 396 1123 1973 1195; baseline 0.003 -17"><span class='ocrx_word' id='word_1_83' title='bbox 396 1135 456 1178; x_wconf 87' lang='lat' dir='ltr'><strong>et</strong></span> <span class='ocrx_word' id='word_1_84' title='bbox 495 1126 549 1177; x_wconf 92' lang='lat' dir='ltr'><strong>in</strong></span> <span class='ocrx_word' id='word_1_85' title='bbox 599 1124 825 1195; x_wconf 78' lang='lat' dir='ltr'><strong>gloriam</strong></span> <span class='ocrx_word' id='word_1_86' title='bbox 870 1138 967 1179; x_wconf 90' lang='lat' dir='ltr'><strong>ero</strong></span> <span class='ocrx_word' id='word_1_87' title='bbox 999 1124 1052 1178; x_wconf 90' lang='lat' dir='ltr'><strong>in</strong></span> <span class='ocrx_word' id='word_1_88' title='bbox 1087 1124 1264 1179; x_wconf 88' lang='lat' dir='ltr'><strong>medio</strong></span> <span class='ocrx_word' id='word_1_89' title='bbox 1297 1123 1527 1193; x_wconf 72' lang='lat' dir='ltr'><strong>ejus“.r</strong></span> <span class='ocrx_word' id='word_1_90' title='bbox 1567 1124 1830 1180; x_wconf 54' lang='lat' dir='ltr'><strong>Ca‘terum</strong></span> <span class='ocrx_word' id='word_1_91' title='bbox 1885 1127 1973 1182; x_wconf 82' lang='lat' dir='ltr'><strong>tibi</strong></span> 
     </span>
    </p>
   </div>
   <div class='ocr_carea' id='block_1_15' title="bbox 396 1214 1976 1286">
    <p class='ocr_par' dir='ltr' id='par_1_15' title="bbox 396 1214 1976 1286">
     <span class='ocr_line' id='line_1_15' title="bbox 396 1214 1976 1286; baseline 0.003 -17"><span class='ocrx_word' id='word_1_92' title='bbox 396 1216 755 1286; x_wconf 80' lang='lat' dir='ltr'><strong>impegerunt,</strong></span> <span class='ocrx_word' id='word_1_93' title='bbox 790 1226 844 1270; x_wconf 85' lang='lat' dir='ltr'><strong>et</strong></span> <span class='ocrx_word' id='word_1_94' title='bbox 893 1216 945 1270; x_wconf 95' lang='lat' dir='ltr'><strong>in</strong></span> <span class='ocrx_word' id='word_1_95' title='bbox 997 1214 1269 1271; x_wconf 89' lang='lat' dir='ltr'><strong>Christum</strong></span> <span class='ocrx_word' id='word_1_96' title='bbox 1302 1215 1647 1273; x_wconf 58' lang='lat' dir='ltr'><strong>tﬁnulentius</strong></span> <span class='ocrx_word' id='word_1_97' title='bbox 1671 1219 1976 1274; x_wconf 85' lang='lat' dir='ltr'><strong>deblatera-</strong></span> 
     </span>
    </p>
   </div>
   <div class='ocr_carea' id='block_1_16' title="bbox 395 1307 1972 1380">
    <p class='ocr_par' dir='ltr' id='par_1_16' title="bbox 395 1307 1972 1380">
     <span class='ocr_line' id='line_1_16' title="bbox 395 1307 1972 1380; baseline 0.001 -18"><span class='ocrx_word' id='word_1_98' title='bbox 395 1317 542 1372; x_wconf 89' lang='lat' dir='ltr'><strong>runt,</strong></span> <span class='ocrx_word' id='word_1_99' title='bbox 565 1308 711 1362; x_wconf 90' lang='lat' dir='ltr'><strong>omni</strong></span> <span class='ocrx_word' id='word_1_100' title='bbox 745 1307 1043 1363; x_wconf 89' lang='lat' dir='ltr'><strong>munitione</strong></span> <span class='ocrx_word' id='word_1_101' title='bbox 1075 1317 1130 1362; x_wconf 89' lang='lat' dir='ltr'><strong>et</strong></span> <span class='ocrx_word' id='word_1_102' title='bbox 1156 1307 1468 1362; x_wconf 86' lang='lat' dir='ltr'><strong>defensione</strong></span> <span class='ocrx_word' id='word_1_103' title='bbox 1497 1319 1606 1362; x_wconf 88' lang='lat' dir='ltr'><strong>tam</strong></span> <span class='ocrx_word' id='word_1_104' title='bbox 1632 1308 1972 1380; x_wconf 88' lang='lat' dir='ltr'><strong>intelligibili,</strong></span> 
     </span>
    </p>
   </div>
   <div class='ocr_carea' id='block_1_17' title="bbox 394 1396 1973 1468">
    <p class='ocr_par' dir='ltr' id='par_1_17' title="bbox 394 1396 1973 1468">
     <span class='ocr_line' id='line_1_17' title="bbox 394 1396 1973 1468; baseline 0.002 -18"><span class='ocrx_word' id='word_1_105' title='bbox 394 1413 554 1466; x_wconf 83' lang='lat' dir='ltr'><strong>quam</strong></span> <span class='ocrx_word' id='word_1_106' title='bbox 575 1397 817 1451; x_wconf 84' lang='lat' dir='ltr'><strong>sensibili</strong></span> <span class='ocrx_word' id='word_1_107' title='bbox 844 1396 1082 1451; x_wconf 89' lang='lat' dir='ltr'><strong>destituti</strong></span> <span class='ocrx_word' id='word_1_108' title='bbox 1103 1396 1412 1466; x_wconf 86' lang='lat' dir='ltr'><strong>desertique</strong></span> <span class='ocrx_word' id='word_1_109' title='bbox 1443 1397 1494 1451; x_wconf 88' lang='lat' dir='ltr'><strong>iu</strong></span> <span class='ocrx_word' id='word_1_110' title='bbox 1519 1397 1717 1452; x_wconf 89' lang='lat' dir='ltr'><strong>mundo</strong></span> <span class='ocrx_word' id='word_1_111' title='bbox 1755 1399 1973 1468; x_wconf 88' lang='lat' dir='ltr'><strong>degunt.</strong></span> 
     </span>
    </p>
   </div>
   <div class='ocr_carea' id='block_1_18' title="bbox 394 1487 1977 1560">
    <p class='ocr_par' dir='ltr' id='par_1_18' title="bbox 394 1487 1977 1560">
     <span class='ocr_line' id='line_1_18' title="bbox 394 1487 1977 1560; baseline 0.005 -18"><span class='ocrx_word' id='word_1_112' title='bbox 394 1489 477 1542; x_wconf 80' lang='lat' dir='ltr'><strong>Ad</strong></span> <span class='ocrx_word' id='word_1_113' title='bbox 509 1487 646 1542; x_wconf 86' lang='lat' dir='ltr'><strong>alios</strong></span> <span class='ocrx_word' id='word_1_114' title='bbox 673 1489 840 1553; x_wconf 89' lang='lat' dir='ltr'><strong>enim,</strong></span> <span class='ocrx_word' id='word_1_115' title='bbox 871 1488 923 1540; x_wconf 90' lang='lat' dir='ltr'><strong>id</strong></span> <span class='ocrx_word' id='word_1_116' title='bbox 947 1497 1051 1554; x_wconf 82' lang='lat' dir='ltr'><strong>est,</strong></span> <span class='ocrx_word' id='word_1_117' title='bbox 1080 1487 1144 1541; x_wconf 88' lang='lat' dir='ltr'><strong>ad</strong></span> <span class='ocrx_word' id='word_1_118' title='bbox 1173 1499 1360 1558; x_wconf 83' lang='lat' dir='ltr'><strong>gentes</strong></span> <span class='ocrx_word' id='word_1_119' title='bbox 1387 1489 1640 1560; x_wconf 78' lang='lat' dir='ltr'><strong>migravit</strong></span> <span class='ocrx_word' id='word_1_120' title='bbox 1672 1490 1977 1550; x_wconf 85' lang='lat' dir='ltr'><strong>Servatoris</strong></span> 
     </span>
    </p>
   </div>
   <div class='ocr_carea' id='block_1_19' title="bbox 393 1579 1974 1656">
    <p class='ocr_par' dir='ltr' id='par_1_19' title="bbox 393 1579 1974 1656">
     <span class='ocr_line' id='line_1_19' title="bbox 393 1579 1974 1656; baseline 0.004 -22"><span class='ocrx_word' id='word_1_121' title='bbox 393 1579 588 1650; x_wconf 81' lang='lat' dir='ltr'><strong>gratia.</strong></span> <span class='ocrx_word' id='word_1_122' title='bbox 614 1597 632 1631; x_wconf 78' lang='grc' dir='ltr'><strong>ι</strong></span> <span class='ocrx_word' id='word_1_123' title='bbox 657 1579 822 1633; x_wconf 82' lang='lat' dir='ltr'><strong>Erunt</strong></span> <span class='ocrx_word' id='word_1_124' title='bbox 852 1581 1068 1648; x_wconf 81' lang='lat' dir='ltr'><strong>quidem</strong></span> <span class='ocrx_word' id='word_1_125' title='bbox 1099 1589 1247 1646; x_wconf 87' lang='lat' dir='ltr'><strong>tunc,</strong></span> <span class='ocrx_word' id='word_1_126' title='bbox 1277 1598 1295 1630; x_wconf 72' lang='grc' dir='ltr'><strong>ι</strong></span> <span class='ocrx_word' id='word_1_127' title='bbox 1324 1581 1518 1649; x_wconf 83' lang='lat' dir='ltr'><strong>inquit,</strong></span> <span class='ocrx_word' id='word_1_128' title='bbox 1551 1599 1570 1632; x_wconf 78' lang='grc' dir='ltr'><strong>ι</strong></span> <span class='ocrx_word' id='word_1_129' title='bbox 1593 1582 1858 1639; x_wconf 76' lang='lat' dir='ltr'><strong>manifesti</strong></span> <span class='ocrx_word' id='word_1_130' title='bbox 1884 1585 1974 1656; x_wconf 89' lang='lat' dir='ltr'><strong>qui</strong></span> 
     </span>
    </p>
   </div>
   <div class='ocr_carea' id='block_1_20' title="bbox 2070 391 3659 467">
    <p class='ocr_par' dir='ltr' id='par_1_20' title="bbox 2070 391 3659 467">
     <span class='ocr_line' id='line_1_20' title="bbox 2070 391 3659 467; baseline -0.003 -23"><span class='ocrx_word' id='word_1_131' title='bbox 2070 392 2232 445; x_wconf 65' lang='grc' dir='ltr'>αὐτοῦ</span> <span class='ocrx_word' id='word_1_132' title='bbox 2256 392 2579 447; x_wconf 84' lang='grc' dir='ltr'>ἀπολοῦνται</span> <span class='ocrx_word' id='word_1_133' title='bbox 2601 410 2616 424; x_wconf 79' lang='lat'><strong><em>°</em></strong></span> <span class='ocrx_word' id='word_1_134' title='bbox 2651 395 2826 448; x_wconf 88' lang='grc' dir='ltr'>καίτοι</span> <span class='ocrx_word' id='word_1_135' title='bbox 2845 394 2952 448; x_wconf 89' lang='grc' dir='ltr'><strong>τῶν</strong></span> <span class='ocrx_word' id='word_1_136' title='bbox 2980 396 3037 447; x_wconf 84' lang='grc' dir='ltr'>ὲν</span> <span class='ocrx_word' id='word_1_137' title='bbox 3061 393 3281 467; x_wconf 83' lang='grc' dir='ltr'>Χριστῷ</span> <span class='ocrx_word' id='word_1_138' title='bbox 3306 391 3633 461; x_wconf 76' lang='grc' dir='ltr'>κεκλημένω</span> <span class='ocrx_word' id='word_1_139' title='bbox 3657 421 3659 423; x_wconf 65' lang='grc' dir='ltr'><strong>ι</strong></span> 
     </span>
    </p>
   </div>
   <div class='ocr_carea' id='block_1_21' title="bbox 2069 480 3626 557">
    <p class='ocr_par' dir='ltr' id='par_1_21' title="bbox 2069 480 3626 557">
     <span class='ocr_line' id='line_1_21' title="bbox 2069 480 3626 557; baseline -0.003 -19"><span class='ocrx_word' id='word_1_140' title='bbox 2069 485 2150 548; x_wconf 84' lang='grc' dir='ltr'><strong>είς</strong></span> <span class='ocrx_word' id='word_1_141' title='bbox 2182 485 2450 556; x_wconf 75' lang='grc' dir='ltr'>ἁγιασμδν</span> <span class='ocrx_word' id='word_1_142' title='bbox 2489 487 2587 556; x_wconf 84' lang='grc' dir='ltr'>οὐχ</span> <span class='ocrx_word' id='word_1_143' title='bbox 2615 480 2718 540; x_wconf 85' lang='grc' dir='ltr'>ὧδε</span> <span class='ocrx_word' id='word_1_144' title='bbox 2750 486 3002 556; x_wconf 78' lang='grc' dir='ltr'>ἐχόντων.</span> <span class='ocrx_word' id='word_1_145' title='bbox 3022 487 3195 557; x_wconf 78' lang='grc' dir='ltr'>’ἰσχὺς</span> <span class='ocrx_word' id='word_1_146' title='bbox 3223 485 3333 556; x_wconf 85' lang='grc' dir='ltr'><strong>γὰρ</strong></span> <span class='ocrx_word' id='word_1_147' title='bbox 3354 483 3533 538; x_wconf 78' lang='grc' dir='ltr'>αὐτῶν</span> <span class='ocrx_word' id='word_1_148' title='bbox 3568 498 3626 533; x_wconf 69' lang='grc' dir='ltr'><strong>κε</strong></span> 
     </span>
    </p>
   </div>
   <div class='ocr_carea' id='block_1_22' title="bbox 2071 575 3638 650">
    <p class='ocr_par' dir='ltr' id='par_1_22' title="bbox 2071 575 3638 650">
     <span class='ocr_line' id='line_1_22' title="bbox 2071 575 3638 650; baseline -0.013 -6"><span class='ocrx_word' id='word_1_149' title='bbox 2071 575 2304 648; x_wconf 77' lang='grc' dir='ltr'>ὕμνησις</span> <span class='ocrx_word' id='word_1_150' title='bbox 2343 579 2371 631; x_wconf 80' lang='grc' dir='ltr'>ὁ</span> <span class='ocrx_word' id='word_1_151' title='bbox 2416 579 2637 649; x_wconf 85' lang='grc' dir='ltr'>Κύριος,</span> <span class='ocrx_word' id='word_1_152' title='bbox 2667 579 2808 634; x_wconf 77' lang='grc' dir='ltr'>κατὰ</span> <span class='ocrx_word' id='word_1_153' title='bbox 2840 579 2901 632; x_wconf 77' lang='grc' dir='ltr'>τὸ</span> <span class='ocrx_word' id='word_1_154' title='bbox 2942 577 3351 650; x_wconf 83' lang='grc' dir='ltr'>γεγραμμένον.</span> <span class='ocrx_word' id='word_1_155' title='bbox 3409 575 3520 627; x_wconf 77' lang='grc' dir='ltr'>Καὶ</span> <span class='ocrx_word' id='word_1_156' title='bbox 3573 589 3638 624; x_wconf 86' lang='grc' dir='ltr'><strong>πι</strong></span> 
     </span>
    </p>
   </div>
   <div class='ocr_carea' id='block_1_23' title="bbox 2073 664 3670 740">
    <p class='ocr_par' dir='ltr' id='par_1_23' title="bbox 2073 664 3670 740">
     <span class='ocr_line' id='line_1_23' title="bbox 2073 664 3670 740; baseline -0.005 -16"><span class='ocrx_word' id='word_1_157' title='bbox 2073 671 2337 724; x_wconf 84' lang='grc' dir='ltr'>στώσεται</span> <span class='ocrx_word' id='word_1_158' title='bbox 2362 671 2537 740; x_wconf 81' lang='grc' dir='ltr'>λέγων</span> <span class='ocrx_word' id='word_1_159' title='bbox 2568 673 2605 725; x_wconf 80' lang='grc' dir='ltr'>ὁ</span> <span class='ocrx_word' id='word_1_160' title='bbox 2625 670 2912 736; x_wconf 84' lang='grc' dir='ltr'><strong>θεσπέσιος</strong></span> <span class='ocrx_word' id='word_1_161' title='bbox 2941 673 3152 735; x_wconf 86' lang='grc' dir='ltr'>Παῦλος</span> <span class='ocrx_word' id='word_1_162' title='bbox 3173 689 3186 701; x_wconf 85' lang='grc'><strong>·</strong></span> <span class='ocrx_word' id='word_1_163' title='bbox 3224 690 3240 723; x_wconf 85' lang='grc' dir='ltr'><strong>ι</strong></span> <span class='ocrx_word' id='word_1_164' title='bbox 3275 669 3460 723; x_wconf 81' lang='grc' dir='ltr'><strong>Πάντα</strong></span> <span class='ocrx_word' id='word_1_165' title='bbox 3491 664 3670 735; x_wconf 74' lang='grc' dir='ltr'>ἰσχύω</span> 
     </span>
    </p>
   </div>
   <div class='ocr_carea' id='block_1_24' title="bbox 2069 758 3670 837">
    <p class='ocr_par' dir='ltr' id='par_1_24' title="bbox 2069 758 3670 837">
     <span class='ocr_line' id='line_1_24' title="bbox 2069 758 3670 837; baseline -0.006 -19"><span class='ocrx_word' id='word_1_166' title='bbox 2069 765 2129 820; x_wconf 80' lang='grc' dir='ltr'>ὲν</span> <span class='ocrx_word' id='word_1_167' title='bbox 2153 764 2230 835; x_wconf 83' lang='grc' dir='ltr'>τῷ</span> <span class='ocrx_word' id='word_1_168' title='bbox 2268 765 2652 836; x_wconf 76' lang='grc' dir='ltr'><strong>ἐνδυναμοῦντί</strong></span> <span class='ocrx_word' id='word_1_169' title='bbox 2684 784 2753 837; x_wconf 89' lang='grc' dir='ltr'><strong>με</strong></span> <span class='ocrx_word' id='word_1_170' title='bbox 2794 764 3034 836; x_wconf 81' lang='grc' dir='ltr'><strong>Χριστῷ.</strong></span> <span class='ocrx_word' id='word_1_171' title='bbox 3067 784 3084 817; x_wconf 76' lang='grc' dir='ltr'><strong>ι</strong></span> <span class='ocrx_word' id='word_1_172' title='bbox 3121 762 3448 818; x_wconf 79' lang='grc' dir='ltr'>Ἀλώσονται</span> <span class='ocrx_word' id='word_1_173' title='bbox 3485 758 3670 812; x_wconf 81' lang='grc' dir='ltr'>τοίνυν</span> 
     </span>
    </p>
   </div>
   <div class='ocr_carea' id='block_1_25' title="bbox 2072 853 3664 932">
    <p class='ocr_par' dir='ltr' id='par_1_25' title="bbox 2072 853 3664 932">
     <span class='ocr_line' id='line_1_25' title="bbox 2072 853 3664 932; baseline -0.005 -19"><span class='ocrx_word' id='word_1_174' title='bbox 2072 860 2122 913; x_wconf 79' lang='grc' dir='ltr'>οἱ</span> <span class='ocrx_word' id='word_1_175' title='bbox 2152 859 2528 926; x_wconf 87' lang='grc' dir='ltr'>ἀπιστοῦντες,</span> <span class='ocrx_word' id='word_1_176' title='bbox 2564 861 2748 932; x_wconf 75' lang='grc' dir='ltr'>φησὶν,</span> <span class='ocrx_word' id='word_1_177' title='bbox 2779 859 3059 931; x_wconf 78' lang='grc' dir='ltr'>ἄνθρωποι</span> <span class='ocrx_word' id='word_1_178' title='bbox 3094 859 3154 912; x_wconf 83' lang='grc' dir='ltr'>ὲν</span> <span class='ocrx_word' id='word_1_179' title='bbox 3185 854 3456 925; x_wconf 62' lang='grc' dir='ltr'>ἀσφαλείᾳ.</span> <span class='ocrx_word' id='word_1_180' title='bbox 3485 853 3664 915; x_wconf 74' lang='grc' dir='ltr'>ὄντες.</span> 
     </span>
    </p>
   </div>
   <div class='ocr_carea' id='block_1_26' title="bbox 2075 942 3668 1023">
    <p class='ocr_par' dir='ltr' id='par_1_26' title="bbox 2075 942 3668 1023">
     <span class='ocr_line' id='line_1_26' title="bbox 2075 942 3668 1023; baseline -0.006 -20"><span class='ocrx_word' id='word_1_181' title='bbox 2075 950 2240 1003; x_wconf 87' lang='grc' dir='ltr'>Ὅσον</span> <span class='ocrx_word' id='word_1_182' title='bbox 2272 949 2372 1020; x_wconf 82' lang='grc' dir='ltr'>μὲν</span> <span class='ocrx_word' id='word_1_183' title='bbox 2413 948 2522 1020; x_wconf 77' lang='grc' dir='ltr'><strong>γὰρ</strong></span> <span class='ocrx_word' id='word_1_184' title='bbox 2553 945 2693 1023; x_wconf 79' lang='grc' dir='ltr'>ἧκεν</span> <span class='ocrx_word' id='word_1_185' title='bbox 2723 952 2802 1014; x_wconf 86' lang='grc' dir='ltr'><strong>είς</strong></span> <span class='ocrx_word' id='word_1_186' title='bbox 2834 949 2930 1020; x_wconf 83' lang='grc' dir='ltr'>τὴν</span> <span class='ocrx_word' id='word_1_187' title='bbox 2958 947 3163 1002; x_wconf 79' lang='grc' dir='ltr'>ἄνωθεν</span> <span class='ocrx_word' id='word_1_188' title='bbox 3202 945 3523 1016; x_wconf 81' lang='grc' dir='ltr'>ἐπικουρίαν</span> <span class='ocrx_word' id='word_1_189' title='bbox 3562 942 3668 1012; x_wconf 75' lang='grc' dir='ltr'><strong>τὴν</strong></span> 
     </span>
    </p>
   </div>
   <div class='ocr_carea' id='block_1_27' title="bbox 2075 1030 3663 1114">
    <p class='ocr_par' dir='ltr' id='par_1_27' title="bbox 2075 1030 3663 1114">
     <span class='ocr_line' id='line_1_27' title="bbox 2075 1030 3663 1114; baseline -0.001 -19"><span class='ocrx_word' id='word_1_190' title='bbox 2075 1042 2394 1114; x_wconf 77' lang='grc' dir='ltr'>ὑπάρξασαν</span> <span class='ocrx_word' id='word_1_191' title='bbox 2418 1043 2504 1096; x_wconf 77' lang='grc' dir='ltr'><strong>ἀεὶ</strong></span> <span class='ocrx_word' id='word_1_192' title='bbox 2529 1045 2643 1105; x_wconf 90' lang='grc' dir='ltr'>τοῖς</span> <span class='ocrx_word' id='word_1_193' title='bbox 2672 1041 2730 1109; x_wconf 75' lang='grc' dir='ltr'><strong>ἐξ</strong></span> <span class='ocrx_word' id='word_1_194' title='bbox 2768 1041 3004 1111; x_wconf 78' lang='grc' dir='ltr'>Ἰσραὴλ,</span> <span class='ocrx_word' id='word_1_195' title='bbox 3034 1038 3299 1096; x_wconf 75' lang='grc' dir='ltr'>ἀνάλωτοι</span> <span class='ocrx_word' id='word_1_196' title='bbox 3327 1053 3471 1100; x_wconf 91' lang='grc' dir='ltr'>τινες</span> <span class='ocrx_word' id='word_1_197' title='bbox 3492 1030 3663 1106; x_wconf 79' lang='grc' dir='ltr'>ἦσαν.</span> 
     </span>
    </p>
   </div>
   <div class='ocr_carea' id='block_1_28' title="bbox 2075 1121 3662 1202">
    <p class='ocr_par' dir='ltr' id='par_1_28' title="bbox 2075 1121 3662 1202">
     <span class='ocr_line' id='line_1_28' title="bbox 2075 1121 3662 1202; baseline -0.008 -16"><span class='ocrx_word' id='word_1_198' title='bbox 2075 1133 2172 1186; x_wconf 72' lang='grc' dir='ltr'><strong>καὶ</strong></span> <span class='ocrx_word' id='word_1_199' title='bbox 2225 1132 2708 1202; x_wconf 80' lang='grc' dir='ltr'>δυσκαταμάχητοι</span> <span class='ocrx_word' id='word_1_200' title='bbox 2757 1134 2868 1194; x_wconf 88' lang='grc' dir='ltr'>τοῖς</span> <span class='ocrx_word' id='word_1_201' title='bbox 2919 1129 3154 1201; x_wconf 75' lang='grc' dir='ltr'>ἐχθροῖς,</span> <span class='ocrx_word' id='word_1_202' title='bbox 3203 1129 3416 1198; x_wconf 77' lang='grc' dir='ltr'>ὁρατοῖς</span> <span class='ocrx_word' id='word_1_203' title='bbox 3453 1142 3514 1178; x_wconf 89' lang='grc' dir='ltr'><strong>τε</strong></span> <span class='ocrx_word' id='word_1_204' title='bbox 3561 1121 3662 1176; x_wconf 72' lang='grc' dir='ltr'>καὶ</span> 
     </span>
    </p>
   </div>
   <div class='ocr_carea' id='block_1_29' title="bbox 2076 1216 3661 1296">
    <p class='ocr_par' dir='ltr' id='par_1_29' title="bbox 2076 1216 3661 1296">
     <span class='ocr_line' id='line_1_29' title="bbox 2076 1216 3661 1296; baseline -0.008 -17"><span class='ocrx_word' id='word_1_205' title='bbox 2076 1225 2502 1296; x_wconf 71' lang='grc' dir='ltr'>ἀοράτοις.Ἐφη</span> <span class='ocrx_word' id='word_1_206' title='bbox 2534 1225 2641 1295; x_wconf 80' lang='grc' dir='ltr'>γάρ</span> <span class='ocrx_word' id='word_1_207' title='bbox 2666 1241 2766 1277; x_wconf 87' lang='grc' dir='ltr'><strong>που</strong></span> <span class='ocrx_word' id='word_1_208' title='bbox 2800 1224 2930 1286; x_wconf 77' lang='grc' dir='ltr'>Θεὸς</span> <span class='ocrx_word' id='word_1_209' title='bbox 2960 1221 3088 1291; x_wconf 80' lang='grc' dir='ltr'><strong>περὶ</strong></span> <span class='ocrx_word' id='word_1_210' title='bbox 3126 1221 3227 1290; x_wconf 79' lang='grc' dir='ltr'><strong>τῆς</strong></span> <span class='ocrx_word' id='word_1_211' title='bbox 3264 1216 3625 1290; x_wconf 76' lang='grc' dir='ltr'>Ἰερουσαλήμ</span> <span class='ocrx_word' id='word_1_212' title='bbox 3646 1231 3661 1245; x_wconf 79' lang='grc' dir='ltr'><strong>ο</strong></span> 
     </span>
    </p>
   </div>
   <div class='ocr_carea' id='block_1_30' title="bbox 2083 1308 3664 1389">
    <p class='ocr_par' dir='ltr' id='par_1_30' title="bbox 2083 1308 3664 1389">
     <span class='ocr_line' id='line_1_30' title="bbox 2083 1308 3664 1389; baseline -0.006 -21"><span class='ocrx_word' id='word_1_213' title='bbox 2083 1335 2101 1368; x_wconf 83' lang='grc' dir='ltr'><strong>ι</strong></span> <span class='ocrx_word' id='word_1_214' title='bbox 2133 1319 2241 1370; x_wconf 70' lang='grc' dir='ltr'>Καὶ</span> <span class='ocrx_word' id='word_1_215' title='bbox 2287 1315 2397 1386; x_wconf 84' lang='grc' dir='ltr'><strong>ἐγὼ</strong></span> <span class='ocrx_word' id='word_1_216' title='bbox 2429 1317 2621 1387; x_wconf 78' lang='grc' dir='ltr'>ἔσομαι</span> <span class='ocrx_word' id='word_1_217' title='bbox 2664 1315 3005 1389; x_wconf 64' lang='grc' dir='ltr'>αύτῇ,).ἐγει</span> <span class='ocrx_word' id='word_1_218' title='bbox 3050 1313 3457 1384; x_wconf 82' lang='grc' dir='ltr'>Κύριος,τεῖχος</span> <span class='ocrx_word' id='word_1_219' title='bbox 3489 1308 3664 1379; x_wconf 75' lang='grc' dir='ltr'>πυρὸς</span> 
     </span>
    </p>
   </div>
   <div class='ocr_carea' id='block_1_31' title="bbox 2081 1400 3658 1476">
    <p class='ocr_par' dir='ltr' id='par_1_31' title="bbox 2081 1400 3658 1476">
     <span class='ocr_line' id='line_1_31' title="bbox 2081 1400 3658 1476; baseline -0.008 -14"><span class='ocrx_word' id='word_1_220' title='bbox 2081 1409 2357 1474; x_wconf 77' lang='grc' dir='ltr'>κυκλόθεν,</span> <span class='ocrx_word' id='word_1_221' title='bbox 2388 1409 2483 1462; x_wconf 79' lang='grc' dir='ltr'><strong>καὶ</strong></span> <span class='ocrx_word' id='word_1_222' title='bbox 2531 1410 2612 1472; x_wconf 80' lang='grc' dir='ltr'>εἰς</span> <span class='ocrx_word' id='word_1_223' title='bbox 2658 1407 2816 1473; x_wconf 85' lang='grc' dir='ltr'>δόξαν</span> <span class='ocrx_word' id='word_1_224' title='bbox 2862 1407 3054 1476; x_wconf 77' lang='grc' dir='ltr'>ἔσομαι</span> <span class='ocrx_word' id='word_1_225' title='bbox 3104 1406 3161 1458; x_wconf 80' lang='grc' dir='ltr'>ἐν</span> <span class='ocrx_word' id='word_1_226' title='bbox 3210 1403 3360 1473; x_wconf 84' lang='grc' dir='ltr'><strong>μέσῳ</strong></span> <span class='ocrx_word' id='word_1_227' title='bbox 3403 1400 3600 1470; x_wconf 79' lang='grc' dir='ltr'>αὐτῆς.</span> <span class='ocrx_word' id='word_1_228' title='bbox 3637 1415 3658 1449; x_wconf 70' lang='grc' dir='ltr'>ι</span> 
     </span>
    </p>
   </div>
   <div class='ocr_carea' id='block_1_32' title="bbox 2092 1487 3663 1569">
    <p class='ocr_par' dir='ltr' id='par_1_32' title="bbox 2092 1487 3663 1569">
     <span class='ocr_line' id='line_1_32' title="bbox 2092 1487 3663 1569; baseline -0.006 -19"><span class='ocrx_word' id='word_1_229' title='bbox 2092 1497 2308 1569; x_wconf 80' lang='grc' dir='ltr'>Ἐπειδὴ</span> <span class='ocrx_word' id='word_1_230' title='bbox 2328 1497 2385 1550; x_wconf 79' lang='grc' dir='ltr'>δὲ</span> <span class='ocrx_word' id='word_1_231' title='bbox 2411 1497 2915 1568; x_wconf 82' lang='grc' dir='ltr'>προσκεκρούκασιν</span> <span class='ocrx_word' id='word_1_232' title='bbox 2937 1492 3392 1566; x_wconf 83' lang='grc' dir='ltr'>ὲμπαροινοῦντες</span> <span class='ocrx_word' id='word_1_233' title='bbox 3414 1487 3663 1560; x_wconf 79' lang='grc' dir='ltr'>Χριστῷ,</span> 
     </span>
    </p>
   </div>
   <div class='ocr_carea' id='block_1_33' title="bbox 2079 1577 3666 1662">
    <p class='ocr_par' dir='ltr' id='par_1_33' title="bbox 2079 1577 3666 1662">
     <span class='ocr_line' id='line_1_33' title="bbox 2079 1577 3666 1662; baseline -0.009 -18"><span class='ocrx_word' id='word_1_234' title='bbox 2079 1588 2258 1658; x_wconf 82' lang='grc' dir='ltr'><strong>πάσης</strong></span> <span class='ocrx_word' id='word_1_235' title='bbox 2301 1588 2600 1656; x_wconf 77' lang='grc' dir='ltr'>ἀσφαλείας</span> <span class='ocrx_word' id='word_1_236' title='bbox 2647 1587 2865 1658; x_wconf 75' lang='grc' dir='ltr'>ἔρημοι,</span> <span class='ocrx_word' id='word_1_237' title='bbox 2895 1585 3094 1655; x_wconf 79' lang='grc' dir='ltr'>νοητῆς</span> <span class='ocrx_word' id='word_1_238' title='bbox 3147 1600 3207 1662; x_wconf 82' lang='grc' dir='ltr'><strong>τε</strong></span> <span class='ocrx_word' id='word_1_239' title='bbox 3259 1582 3350 1635; x_wconf 72' lang='grc' dir='ltr'>καὶ</span> <span class='ocrx_word' id='word_1_240' title='bbox 3396 1577 3666 1648; x_wconf 80' lang='grc' dir='ltr'><strong>αἰσθητῆς</strong></span> 
     </span>
    </p>
   </div>
   <div class='ocr_carea' id='block_1_34' title="bbox 393 1667 1969 1749">
    <p class='ocr_par' dir='ltr' id='par_1_34' title="bbox 393 1671 1969 1748">
     <span class='ocr_line' id='line_1_34' title="bbox 393 1671 1969 1748; baseline 0.004 -24"><span class='ocrx_word' id='word_1_241' title='bbox 393 1673 744 1748; x_wconf 74' lang='lat' dir='ltr'><strong>ohsignantur</strong></span> <span class='ocrx_word' id='word_1_242' title='bbox 769 1672 936 1741; x_wconf 81' lang='lat' dir='ltr'><strong>legem</strong></span> <span class='ocrx_word' id='word_1_243' title='bbox 962 1686 1028 1725; x_wconf 89' lang='lat' dir='ltr'><strong>ne</strong></span> <span class='ocrx_word' id='word_1_244' title='bbox 1060 1672 1287 1726; x_wconf 85' lang='lat' dir='ltr'><strong>discant.</strong></span> <span class='ocrx_word' id='word_1_245' title='bbox 1316 1690 1334 1723; x_wconf 74' lang='grc' dir='ltr'><strong>ι</strong></span> <span class='ocrx_word' id='word_1_246' title='bbox 1362 1671 1429 1726; x_wconf 84' lang='grc' dir='ltr'>Ει</span> <span class='ocrx_word' id='word_1_247' title='bbox 1451 1673 1500 1726; x_wconf 93' lang='lat' dir='ltr'><strong>hi</strong></span> <span class='ocrx_word' id='word_1_248' title='bbox 1525 1674 1740 1742; x_wconf 88' lang='lat' dir='ltr'><strong>quinam</strong></span> <span class='ocrx_word' id='word_1_249' title='bbox 1762 1677 1969 1730; x_wconf 84' lang='lat' dir='ltr'><strong>tandem</strong></span> 
     </span>
    </p>
   </div>
   <div class='ocr_carea' id='block_1_35' title="bbox 2073 1667 3668 1749">
    <p class='ocr_par' dir='ltr' id='par_1_35' title="bbox 2076 1667 3668 1749">
     <span class='ocr_line' id='line_1_35' title="bbox 2076 1667 3668 1749; baseline -0.007 -17"><span class='ocrx_word' id='word_1_250' title='bbox 2076 1677 2409 1733; x_wconf 78' lang='grc' dir='ltr'>διατελοῦσιν</span> <span class='ocrx_word' id='word_1_251' title='bbox 2451 1681 2508 1733; x_wconf 80' lang='grc' dir='ltr'>ἐν</span> <span class='ocrx_word' id='word_1_252' title='bbox 2557 1680 2764 1749; x_wconf 85' lang='grc' dir='ltr'>κόσμῳ.</span> <span class='ocrx_word' id='word_1_253' title='bbox 2797 1676 3252 1745; x_wconf 76' lang='grc' dir='ltr'>Μεταπεφοὶτηκε</span> <span class='ocrx_word' id='word_1_254' title='bbox 3279 1673 3387 1743; x_wconf 83' lang='grc' dir='ltr'><strong>γὰρ</strong></span> <span class='ocrx_word' id='word_1_255' title='bbox 3425 1672 3504 1732; x_wconf 86' lang='grc' dir='ltr'><strong>είς</strong></span> <span class='ocrx_word' id='word_1_256' title='bbox 3544 1667 3668 1722; x_wconf 76' lang='grc' dir='ltr'><strong>ἑτέ-</strong></span> 
     </span>
    </p>
   </div>
   <div class='ocr_carea' id='block_1_36' title="bbox 397 1753 1976 1830">
    <p class='ocr_par' dir='ltr' id='par_1_36' title="bbox 397 1753 1976 1830">
     <span class='ocr_line' id='line_1_36' title="bbox 397 1753 1976 1830; baseline 0.004 -16"><span class='ocrx_word' id='word_1_257' title='bbox 397 1764 567 1817; x_wconf 80' lang='lat' dir='ltr'><strong>snnt?</strong></span> <span class='ocrx_word' id='word_1_258' title='bbox 607 1763 708 1830; x_wconf 87' lang='lat' dir='ltr'><strong>Qui</strong></span> <span class='ocrx_word' id='word_1_259' title='bbox 736 1753 787 1817; x_wconf 88' lang='lat' dir='ltr'><strong>in</strong></span> <span class='ocrx_word' id='word_1_260' title='bbox 817 1763 1036 1818; x_wconf 88' lang='lat' dir='ltr'><strong>Christo</strong></span> <span class='ocrx_word' id='word_1_261' title='bbox 1052 1761 1299 1816; x_wconf 74' lang='lat' dir='ltr'><strong>videlicet</strong></span> <span class='ocrx_word' id='word_1_262' title='bbox 1319 1772 1373 1816; x_wconf 90' lang='lat' dir='ltr'><strong>et</strong></span> <span class='ocrx_word' id='word_1_263' title='bbox 1401 1765 1575 1819; x_wconf 78' lang='lat' dir='ltr'><strong>vocati</strong></span> <span class='ocrx_word' id='word_1_264' title='bbox 1593 1766 1976 1821; x_wconf 83' lang='lat' dir='ltr'><strong>ctsanclificati</strong></span> 
     </span>
    </p>
   </div>
   <div class='ocr_carea' id='block_1_37' title="bbox 392 1854 1975 1928">
    <p class='ocr_par' dir='ltr' id='par_1_37' title="bbox 392 1854 1975 1928">
     <span class='ocr_line' id='line_1_37' title="bbox 392 1854 1975 1928; baseline 0.007 -24"><span class='ocrx_word' id='word_1_265' title='bbox 392 1871 494 1923; x_wconf 72' lang='lat' dir='ltr'><strong>per</strong></span> <span class='ocrx_word' id='word_1_266' title='bbox 558 1854 841 1926; x_wconf 79' lang='lat' dir='ltr'><strong>Spiritum,</strong></span> <span class='ocrx_word' id='word_1_267' title='bbox 900 1870 929 1908; x_wconf 90' lang='lat' dir='ltr'><strong>a</strong></span> <span class='ocrx_word' id='word_1_268' title='bbox 993 1855 1187 1924; x_wconf 86' lang='lat' dir='ltr'><strong>quibus</strong></span> <span class='ocrx_word' id='word_1_269' title='bbox 1246 1855 1376 1909; x_wconf 90' lang='lat' dir='ltr'><strong>illud</strong></span> <span class='ocrx_word' id='word_1_270' title='bbox 1429 1865 1554 1926; x_wconf 86' lang='lat' dir='ltr'><strong>apte</strong></span> <span class='ocrx_word' id='word_1_271' title='bbox 1601 1857 1702 1912; x_wconf 89' lang='lat' dir='ltr'><strong>dici</strong></span> <span class='ocrx_word' id='word_1_272' title='bbox 1752 1866 1975 1928; x_wconf 73' lang='lat' dir='ltr'><strong>pOS‘et:</strong></span> 
     </span>
    </p>
   </div>
   <div class='ocr_carea' id='block_1_38' title="bbox 395 1944 1970 2016">
    <p class='ocr_par' dir='ltr' id='par_1_38' title="bbox 395 1944 1970 2016">
     <span class='ocr_line' id='line_1_38' title="bbox 395 1944 1970 2016; baseline 0.002 -18"><span class='ocrx_word' id='word_1_273' title='bbox 395 1968 419 1998; x_wconf 67' lang='grc' dir='ltr'><strong>ι</strong></span> <span class='ocrx_word' id='word_1_274' title='bbox 440 1948 723 2016; x_wconf 61' lang='lat' dir='ltr'><strong>signatum</strong></span> <span class='ocrx_word' id='word_1_275' title='bbox 738 1953 996 2014; x_wconf 87' lang='lat' dir='ltr'><strong>estsuper</strong></span> <span class='ocrx_word' id='word_1_276' title='bbox 1013 1959 1108 1999; x_wconf 92' lang='lat' dir='ltr'><strong>nos</strong></span> <span class='ocrx_word' id='word_1_277' title='bbox 1127 1944 1306 1998; x_wconf 83' lang='lat' dir='ltr'><strong>lumen</strong></span> <span class='ocrx_word' id='word_1_278' title='bbox 1325 1946 1501 2000; x_wconf 82' lang='lat' dir='ltr'><strong>vultus</strong></span> <span class='ocrx_word' id='word_1_279' title='bbox 1517 1946 1614 2010; x_wconf 90' lang='lat' dir='ltr'><strong>tui,</strong></span> <span class='ocrx_word' id='word_1_280' title='bbox 1633 1947 1936 2004; x_wconf 77' lang='lat' dir='ltr'><strong>Domine”.</strong></span> <span class='ocrx_word' id='word_1_281' title='bbox 1952 1967 1970 2001; x_wconf 71' lang='grc' dir='ltr'><strong>ι</strong></span> 
     </span>
    </p>
   </div>
   <div class='ocr_carea' id='block_1_39' title="bbox 391 2037 1978 2110">
    <p class='ocr_par' dir='ltr' id='par_1_39' title="bbox 391 2037 1978 2110">
     <span class='ocr_line' id='line_1_39' title="bbox 391 2037 1978 2110; baseline 0.002 -18"><span class='ocrx_word' id='word_1_282' title='bbox 391 2039 579 2110; x_wconf 80' lang='lat' dir='ltr'><strong>Imago</strong></span> <span class='ocrx_word' id='word_1_283' title='bbox 603 2039 803 2108; x_wconf 85' lang='lat' dir='ltr'><strong>quippe</strong></span> <span class='ocrx_word' id='word_1_284' title='bbox 833 2046 887 2092; x_wconf 88' lang='lat' dir='ltr'><strong>et</strong></span> <span class='ocrx_word' id='word_1_285' title='bbox 915 2037 1211 2092; x_wconf 88' lang='lat' dir='ltr'><strong>similitudo</strong></span> <span class='ocrx_word' id='word_1_286' title='bbox 1237 2047 1291 2093; x_wconf 89' lang='lat' dir='ltr'><strong>et</strong></span> <span class='ocrx_word' id='word_1_287' title='bbox 1316 2047 1570 2108; x_wconf 88' lang='lat' dir='ltr'><strong>tanquam</strong></span> <span class='ocrx_word' id='word_1_288' title='bbox 1597 2037 1763 2094; x_wconf 78' lang='lat' dir='ltr'><strong>facies</strong></span> <span class='ocrx_word' id='word_1_289' title='bbox 1793 2039 1885 2094; x_wconf 90' lang='lat' dir='ltr'><strong>Dei</strong></span> <span class='ocrx_word' id='word_1_290' title='bbox 1923 2050 1978 2095; x_wconf 89' lang='lat' dir='ltr'><strong>ct</strong></span> 
     </span>
    </p>
   </div>
   <div class='ocr_carea' id='block_1_40' title="bbox 387 2129 1974 2200">
    <p class='ocr_par' dir='ltr' id='par_1_40' title="bbox 387 2129 1974 2200">
     <span class='ocr_line' id='line_1_40' title="bbox 387 2129 1974 2200; baseline 0 -14"><span class='ocrx_word' id='word_1_291' title='bbox 387 2133 573 2188; x_wconf 72' lang='lat' dir='ltr'><strong>Patris</strong></span> <span class='ocrx_word' id='word_1_292' title='bbox 593 2140 681 2186; x_wconf 84' lang='lat' dir='ltr'><strong>est</strong></span> <span class='ocrx_word' id='word_1_293' title='bbox 705 2129 895 2185; x_wconf 88' lang='lat' dir='ltr'><strong>Filius.</strong></span> <span class='ocrx_word' id='word_1_294' title='bbox 918 2129 1122 2184; x_wconf 90' lang='lat' dir='ltr'><strong>Lumen</strong></span> <span class='ocrx_word' id='word_1_295' title='bbox 1141 2141 1318 2184; x_wconf 85' lang='lat' dir='ltr'><strong>autem</strong></span> <span class='ocrx_word' id='word_1_296' title='bbox 1345 2130 1520 2184; x_wconf 86' lang='lat' dir='ltr'><strong>abillo</strong></span> <span class='ocrx_word' id='word_1_297' title='bbox 1545 2131 1596 2184; x_wconf 92' lang='lat' dir='ltr'><strong>in</strong></span> <span class='ocrx_word' id='word_1_298' title='bbox 1620 2147 1715 2186; x_wconf 92' lang='lat' dir='ltr'><strong>nos</strong></span> <span class='ocrx_word' id='word_1_299' title='bbox 1730 2132 1974 2200; x_wconf 78' lang='lat' dir='ltr'><strong>missum,</strong></span> 
     </span>
    </p>
   </div>
   <div class='ocr_carea' id='block_1_41' title="bbox 394 2223 1976 2292">
    <p class='ocr_par' dir='ltr' id='par_1_41' title="bbox 394 2223 1976 2292">
     <span class='ocr_line' id='line_1_41' title="bbox 394 2223 1976 2292; baseline 0.001 -16"><span class='ocrx_word' id='word_1_300' title='bbox 394 2236 477 2277; x_wconf 77' lang='lat' dir='ltr'><strong>est</strong></span> <span class='ocrx_word' id='word_1_301' title='bbox 531 2223 764 2292; x_wconf 87' lang='lat' dir='ltr'><strong>Spiritus</strong></span> <span class='ocrx_word' id='word_1_302' title='bbox 797 2233 1015 2277; x_wconf 89' lang='lat' dir='ltr'><strong>sanctus</strong></span> <span class='ocrx_word' id='word_1_303' title='bbox 1051 2237 1145 2291; x_wconf 88' lang='lat' dir='ltr'><strong>per</strong></span> <span class='ocrx_word' id='word_1_304' title='bbox 1178 2237 1337 2290; x_wconf 83' lang='lat' dir='ltr'><strong>quem</strong></span> <span class='ocrx_word' id='word_1_305' title='bbox 1380 2223 1731 2292; x_wconf 83' lang='lat' dir='ltr'><strong>obsignamur</strong></span> <span class='ocrx_word' id='word_1_306' title='bbox 1760 2224 1824 2277; x_wconf 89' lang='lat' dir='ltr'><strong>ad</strong></span> <span class='ocrx_word' id='word_1_307' title='bbox 1867 2226 1976 2292; x_wconf 84' lang='lat' dir='ltr'><strong>pri-</strong></span> 
     </span>
    </p>
   </div>
   <div class='ocr_carea' id='block_1_42' title="bbox 387 2313 1974 2384">
    <p class='ocr_par' dir='ltr' id='par_1_42' title="bbox 387 2313 1974 2384">
     <span class='ocr_line' id='line_1_42' title="bbox 387 2313 1974 2384; baseline 0 -16"><span class='ocrx_word' id='word_1_308' title='bbox 387 2331 539 2369; x_wconf 75' lang='lat' dir='ltr'><strong>1tth</strong></span> <span class='ocrx_word' id='word_1_309' title='bbox 563 2313 856 2384; x_wconf 82' lang='lat' dir='ltr'><strong>imaginem</strong></span> <span class='ocrx_word' id='word_1_310' title='bbox 874 2314 1153 2368; x_wconf 80' lang='lat' dir='ltr'><strong>reformati</strong></span> <span class='ocrx_word' id='word_1_311' title='bbox 1177 2329 1272 2383; x_wconf 88' lang='lat' dir='ltr'><strong>per</strong></span> <span class='ocrx_word' id='word_1_312' title='bbox 1292 2315 1796 2369; x_wconf 85' lang='lat' dir='ltr'><strong>sanctificationem.</strong></span> <span class='ocrx_word' id='word_1_313' title='bbox 1824 2314 1974 2370; x_wconf 76' lang='lat' dir='ltr'><strong>Facti</strong></span> 
     </span>
    </p>
   </div>
   <div class='ocr_carea' id='block_1_43' title="bbox 393 2403 1976 2474">
    <p class='ocr_par' dir='ltr' id='par_1_43' title="bbox 393 2403 1976 2474">
     <span class='ocr_line' id='line_1_43' title="bbox 393 2403 1976 2474; baseline 0.003 -18"><span class='ocrx_word' id='word_1_314' title='bbox 393 2404 538 2457; x_wconf 81' lang='lat' dir='ltr'><strong>enim</strong></span> <span class='ocrx_word' id='word_1_315' title='bbox 555 2419 742 2458; x_wconf 88' lang='lat' dir='ltr'><strong>sumus</strong></span> <span class='ocrx_word' id='word_1_316' title='bbox 755 2403 819 2456; x_wconf 89' lang='lat' dir='ltr'><strong>ad</strong></span> <span class='ocrx_word' id='word_1_317' title='bbox 835 2403 1122 2472; x_wconf 77' lang='lat' dir='ltr'><strong>imaginem</strong></span> <span class='ocrx_word' id='word_1_318' title='bbox 1141 2413 1193 2457; x_wconf 87' lang='lat' dir='ltr'><strong>et</strong></span> <span class='ocrx_word' id='word_1_319' title='bbox 1208 2403 1614 2458; x_wconf 86' lang='lat' dir='ltr'><strong>similitudinem</strong></span> <span class='ocrx_word' id='word_1_320' title='bbox 1638 2404 1726 2458; x_wconf 90' lang='lat' dir='ltr'><strong>Dei</strong></span> <span class='ocrx_word' id='word_1_321' title='bbox 1746 2406 1836 2474; x_wconf 88' lang='lat' dir='ltr'><strong>qui</strong></span> <span class='ocrx_word' id='word_1_322' title='bbox 1856 2420 1976 2460; x_wconf 89' lang='lat' dir='ltr'><strong>con-</strong></span> 
     </span>
    </p>
   </div>
   <div class='ocr_carea' id='block_1_44' title="bbox 393 2486 1973 2565">
    <p class='ocr_par' dir='ltr' id='par_1_44' title="bbox 393 2486 1973 2565">
     <span class='ocr_line' id='line_1_44' title="bbox 393 2486 1973 2565; baseline 0.002 -17"><span class='ocrx_word' id='word_1_323' title='bbox 393 2486 829 2550; x_wconf 47' lang='lat' dir='ltr'><strong>didit.&#39;Evadent</strong></span> <span class='ocrx_word' id='word_1_324' title='bbox 854 2493 1016 2564; x_wconf 85' lang='lat' dir='ltr'><strong>igitur</strong></span> <span class='ocrx_word' id='word_1_325' title='bbox 1052 2493 1103 2547; x_wconf 88' lang='lat' dir='ltr'><strong>in</strong></span> <span class='ocrx_word' id='word_1_326' title='bbox 1134 2491 1652 2562; x_wconf 82' lang='lat' dir='ltr'><strong>wanifestationem,</strong></span> <span class='ocrx_word' id='word_1_327' title='bbox 1695 2496 1888 2565; x_wconf 88' lang='lat' dir='ltr'><strong>inquit,</strong></span> <span class='ocrx_word' id='word_1_328' title='bbox 1921 2497 1973 2551; x_wconf 88' lang='lat' dir='ltr'><strong>id</strong></span> 
     </span>
    </p>
   </div>
   <div class='ocr_carea' id='block_1_45' title="bbox 395 2585 1974 2658">
    <p class='ocr_par' dir='ltr' id='par_1_45' title="bbox 395 2585 1974 2658">
     <span class='ocr_line' id='line_1_45' title="bbox 395 2585 1974 2658; baseline 0.003 -20"><span class='ocrx_word' id='word_1_329' title='bbox 395 2596 499 2652; x_wconf 63' lang='lat' dir='ltr'><strong>est.</strong></span> <span class='ocrx_word' id='word_1_330' title='bbox 530 2588 767 2657; x_wconf 87' lang='lat' dir='ltr'><strong>insignes</strong></span> <span class='ocrx_word' id='word_1_331' title='bbox 788 2597 838 2640; x_wconf 88' lang='lat' dir='ltr'><strong>et</strong></span> <span class='ocrx_word' id='word_1_332' title='bbox 859 2587 966 2640; x_wconf 81' lang='lat' dir='ltr'><strong>lteo</strong></span> <span class='ocrx_word' id='word_1_333' title='bbox 981 2585 1272 2648; x_wconf 88' lang='lat' dir='ltr'><strong>notissimi,</strong></span> <span class='ocrx_word' id='word_1_334' title='bbox 1291 2596 1346 2639; x_wconf 93' lang='lat' dir='ltr'><strong>ct</strong></span> <span class='ocrx_word' id='word_1_335' title='bbox 1375 2587 1424 2639; x_wconf 88' lang='lat' dir='ltr'><strong>in</strong></span> <span class='ocrx_word' id='word_1_336' title='bbox 1444 2586 1600 2658; x_wconf 61' lang='lat'><strong>143</strong></span> <span class='ocrx_word' id='word_1_337' title='bbox 1621 2589 1820 2642; x_wconf 90' lang='lat' dir='ltr'><strong>mundo</strong></span> <span class='ocrx_word' id='word_1_338' title='bbox 1844 2604 1974 2644; x_wconf 89' lang='lat' dir='ltr'><strong>con-</strong></span> 
     </span>
    </p>
   </div>
   <div class='ocr_carea' id='block_1_46' title="bbox 393 2677 1974 2750">
    <p class='ocr_par' dir='ltr' id='par_1_46' title="bbox 393 2677 1974 2750">
     <span class='ocr_line' id='line_1_46' title="bbox 393 2677 1974 2750; baseline 0 -15"><span class='ocrx_word' id='word_1_339' title='bbox 393 2681 585 2750; x_wconf 89' lang='lat' dir='ltr'><strong>spicui,</strong></span> <span class='ocrx_word' id='word_1_340' title='bbox 605 2680 696 2750; x_wconf 91' lang='lat' dir='ltr'><strong>qui</strong></span> <span class='ocrx_word' id='word_1_341' title='bbox 715 2690 904 2734; x_wconf 88' lang='lat' dir='ltr'><strong>sancto</strong></span> <span class='ocrx_word' id='word_1_342' title='bbox 919 2677 1118 2747; x_wconf 85' lang='lat' dir='ltr'><strong>Spiritu</strong></span> <span class='ocrx_word' id='word_1_343' title='bbox 1133 2677 1396 2748; x_wconf 81' lang='lat' dir='ltr'><strong>obsignati</strong></span> <span class='ocrx_word' id='word_1_344' title='bbox 1413 2691 1557 2743; x_wconf 88' lang='lat' dir='ltr'><strong>sunt,</strong></span> <span class='ocrx_word' id='word_1_345' title='bbox 1577 2690 1749 2734; x_wconf 89' lang='lat' dir='ltr'><strong>utnon</strong></span> <span class='ocrx_word' id='word_1_346' title='bbox 1763 2679 1974 2736; x_wconf 79' lang='lat' dir='ltr'><strong>discant</strong></span> 
     </span>
    </p>
   </div>
   <div class='ocr_carea' id='block_1_47' title="bbox 396 2769 1974 2844">
    <p class='ocr_par' dir='ltr' id='par_1_47' title="bbox 396 2769 1974 2844">
     <span class='ocr_line' id='line_1_47' title="bbox 396 2769 1974 2844; baseline 0.004 -22"><span class='ocrx_word' id='word_1_347' title='bbox 396 2777 588 2843; x_wconf 70' lang='lat' dir='ltr'><strong>legem.</strong></span> <span class='ocrx_word' id='word_1_348' title='bbox 611 2772 860 2842; x_wconf 84' lang='lat' dir='ltr'><strong>Nunquid</strong></span> <span class='ocrx_word' id='word_1_349' title='bbox 899 2772 1063 2839; x_wconf 76' lang='lat' dir='ltr'><strong>igitur</strong></span> <span class='ocrx_word' id='word_1_350' title='bbox 1087 2769 1477 2827; x_wconf 84' lang='lat' dir='ltr'><strong>abstinebimus</strong></span> <span class='ocrx_word' id='word_1_351' title='bbox 1497 2788 1523 2826; x_wconf 94' lang='lat' dir='ltr'><strong>a</strong></span> <span class='ocrx_word' id='word_1_352' title='bbox 1544 2773 1776 2828; x_wconf 91' lang='lat' dir='ltr'><strong>lectione</strong></span> <span class='ocrx_word' id='word_1_353' title='bbox 1805 2772 1974 2844; x_wconf 80' lang='lat' dir='ltr'><strong>legis?</strong></span> 
     </span>
    </p>
   </div>
   <div class='ocr_carea' id='block_1_48' title="bbox 393 2866 1968 2936">
    <p class='ocr_par' dir='ltr' id='par_1_48' title="bbox 393 2866 1968 2936">
     <span class='ocr_line' id='line_1_48' title="bbox 393 2866 1968 2936; baseline 0.001 -18"><span class='ocrx_word' id='word_1_354' title='bbox 393 2867 554 2936; x_wconf 80' lang='lat' dir='ltr'><strong>Atqui</strong></span> <span class='ocrx_word' id='word_1_355' title='bbox 575 2867 652 2921; x_wconf 86' lang='lat' dir='ltr'><strong>sic</strong></span> <span class='ocrx_word' id='word_1_356' title='bbox 667 2866 992 2933; x_wconf 74' lang='lat' dir='ltr'><strong>intelligere,</strong></span> <span class='ocrx_word' id='word_1_357' title='bbox 1009 2867 1192 2933; x_wconf 90' lang='lat' dir='ltr'><strong>quidni</strong></span> <span class='ocrx_word' id='word_1_358' title='bbox 1215 2867 1466 2920; x_wconf 83' lang='lat' dir='ltr'><strong>inscitum</strong></span> <span class='ocrx_word' id='word_1_359' title='bbox 1487 2868 1558 2921; x_wconf 86' lang='lat' dir='ltr'><strong>sit</strong></span> <span class='ocrx_word' id='word_1_360' title='bbox 1585 2877 1639 2923; x_wconf 92' lang='lat' dir='ltr'><strong>et</strong></span> <span class='ocrx_word' id='word_1_361' title='bbox 1655 2868 1968 2934; x_wconf 84' lang='lat' dir='ltr'><strong>absurdum,</strong></span> 
     </span>
    </p>
   </div>
   <div class='ocr_carea' id='block_1_49' title="bbox 392 2959 1967 3031">
    <p class='ocr_par' dir='ltr' id='par_1_49' title="bbox 392 2959 1967 3031">
     <span class='ocr_line' id='line_1_49' title="bbox 392 2959 1967 3031; baseline 0.003 -19"><span class='ocrx_word' id='word_1_362' title='bbox 392 2977 515 3016; x_wconf 79' lang='lat' dir='ltr'><strong>cum</strong></span> <span class='ocrx_word' id='word_1_363' title='bbox 535 2960 674 3024; x_wconf 82' lang='lat' dir='ltr'><strong>Deus</strong></span> <span class='ocrx_word' id='word_1_364' title='bbox 691 2960 833 3015; x_wconf 89' lang='lat' dir='ltr'><strong>dicat</strong></span> <span class='ocrx_word' id='word_1_365' title='bbox 857 2961 1178 3030; x_wconf 81' lang='lat' dir='ltr'><strong>perspicue:</strong></span> <span class='ocrx_word' id='word_1_366' title='bbox 1204 2977 1221 3010; x_wconf 82' lang='grc' dir='ltr'><strong>ι</strong></span> <span class='ocrx_word' id='word_1_367' title='bbox 1246 2959 1535 3030; x_wconf 85' lang='lat' dir='ltr'><strong>Pr0pterea</strong></span> <span class='ocrx_word' id='word_1_368' title='bbox 1565 2961 1755 3031; x_wconf 80' lang='lat' dir='ltr'><strong>loquor</strong></span> <span class='ocrx_word' id='word_1_369' title='bbox 1780 2962 1967 3016; x_wconf 85' lang='lat' dir='ltr'><strong>vobis:</strong></span> 
     </span>
    </p>
   </div>
   <div class='ocr_carea' id='block_1_50' title="bbox 2083 1764 3663 1840">
    <p class='ocr_par' dir='ltr' id='par_1_50' title="bbox 2083 1764 3663 1840">
     <span class='ocr_line' id='line_1_50' title="bbox 2083 1764 3663 1840; baseline -0.006 -17"><span class='ocrx_word' id='word_1_370' title='bbox 2083 1787 2230 1840; x_wconf 87' lang='grc' dir='ltr'>ρους,</span> <span class='ocrx_word' id='word_1_371' title='bbox 2263 1769 2408 1824; x_wconf 78' lang='grc' dir='ltr'>τοῦτ’</span> <span class='ocrx_word' id='word_1_372' title='bbox 2425 1769 2562 1831; x_wconf 79' lang='grc' dir='ltr'>ἔστι,</span> <span class='ocrx_word' id='word_1_373' title='bbox 2584 1771 2710 1832; x_wconf 78' lang='grc' dir='ltr'>τοὺς</span> <span class='ocrx_word' id='word_1_374' title='bbox 2731 1769 2792 1834; x_wconf 77' lang='grc' dir='ltr'>ἐξ</span> <span class='ocrx_word' id='word_1_375' title='bbox 2821 1768 3039 1838; x_wconf 79' lang='grc' dir='ltr'>ὲθνῶνή</span> <span class='ocrx_word' id='word_1_376' title='bbox 3068 1765 3163 1821; x_wconf 78' lang='grc' dir='ltr'><strong>τοῦ</strong></span> <span class='ocrx_word' id='word_1_377' title='bbox 3192 1765 3456 1829; x_wconf 78' lang='grc' dir='ltr'>σώζοντος</span> <span class='ocrx_word' id='word_1_378' title='bbox 3477 1764 3663 1833; x_wconf 74' lang='grc' dir='ltr'>χάρις.</span> 
     </span>
    </p>
   </div>
   <div class='ocr_carea' id='block_1_51' title="bbox 2055 1854 3666 1933">
    <p class='ocr_par' dir='ltr' id='par_1_51' title="bbox 2055 1854 3666 1933">
     <span class='ocr_line' id='line_1_51' title="bbox 2055 1854 3666 1933; baseline -0.007 -17"><span class='ocrx_word' id='word_1_379' title='bbox 2055 1865 2335 1917; x_wconf 73' lang='grc' dir='ltr'>«Ἔσονται</span> <span class='ocrx_word' id='word_1_380' title='bbox 2386 1861 2442 1915; x_wconf 82' lang='grc' dir='ltr'>δὲ</span> <span class='ocrx_word' id='word_1_381' title='bbox 2491 1863 2609 1915; x_wconf 84' lang='grc' dir='ltr'>τότε</span> <span class='ocrx_word' id='word_1_382' title='bbox 2636 1859 3113 1933; x_wconf 75' lang='grc' dir='ltr'>,φησὶν,φσνεροὶ,</span> <span class='ocrx_word' id='word_1_383' title='bbox 3148 1861 3198 1911; x_wconf 79' lang='grc' dir='ltr'><strong>οἱ</strong></span> <span class='ocrx_word' id='word_1_384' title='bbox 3234 1854 3666 1926; x_wconf 75' lang='grc' dir='ltr'>σφραγιζόμενοι</span> 
     </span>
    </p>
   </div>
   <div class='ocr_carea' id='block_1_52' title="bbox 2078 1935 3666 2026">
    <p class='ocr_par' dir='ltr' id='par_1_52' title="bbox 2078 1935 3666 2026">
     <span class='ocr_line' id='line_1_52' title="bbox 2078 1935 3666 2026; baseline -0.007 -18"><span class='ocrx_word' id='word_1_385' title='bbox 2078 1955 2168 2008; x_wconf 83' lang='grc' dir='ltr'><strong>τὸν</strong></span> <span class='ocrx_word' id='word_1_386' title='bbox 2214 1954 2378 2024; x_wconf 83' lang='grc' dir='ltr'>νόμον</span> <span class='ocrx_word' id='word_1_387' title='bbox 2418 1953 2512 2008; x_wconf 88' lang='grc' dir='ltr'><strong>τοῦ</strong></span> <span class='ocrx_word' id='word_1_388' title='bbox 2564 1953 2638 2025; x_wconf 83' lang='grc' dir='ltr'>μὴ</span> <span class='ocrx_word' id='word_1_389' title='bbox 2689 1935 3053 2026; x_wconf 56' lang='grc' dir='ltr'>μαθεῖνῆΚαὶ</span> <span class='ocrx_word' id='word_1_390' title='bbox 3098 1951 3242 2012; x_wconf 87' lang='grc' dir='ltr'>τίνες</span> <span class='ocrx_word' id='word_1_391' title='bbox 3277 1950 3340 2002; x_wconf 82' lang='grc' dir='ltr'><strong>ἂν</strong></span> <span class='ocrx_word' id='word_1_392' title='bbox 3371 1944 3479 2002; x_wconf 84' lang='grc' dir='ltr'>εἷεν</span> <span class='ocrx_word' id='word_1_393' title='bbox 3511 1941 3666 2000; x_wconf 75' lang='grc' dir='ltr'>οῦτοι</span> 
     </span>
    </p>
   </div>
   <div class='ocr_carea' id='block_1_53' title="bbox 2078 2039 3668 2118">
    <p class='ocr_par' dir='ltr' id='par_1_53' title="bbox 2078 2039 3668 2118">
     <span class='ocr_line' id='line_1_53' title="bbox 2078 2039 3668 2118; baseline -0.006 -17"><span class='ocrx_word' id='word_1_394' title='bbox 2078 2049 2272 2114; x_wconf 83' lang='grc' dir='ltr'>πάλιν;</span> <span class='ocrx_word' id='word_1_395' title='bbox 2304 2048 2366 2101; x_wconf 74' lang='lat' dir='ltr'><strong>Oi</strong></span> <span class='ocrx_word' id='word_1_396' title='bbox 2409 2048 2466 2100; x_wconf 82' lang='grc' dir='ltr'>ἐν</span> <span class='ocrx_word' id='word_1_397' title='bbox 2499 2045 2719 2118; x_wconf 79' lang='grc' dir='ltr'>Χριστῷ</span> <span class='ocrx_word' id='word_1_398' title='bbox 2755 2046 2996 2117; x_wconf 86' lang='grc' dir='ltr'>δηλονότι</span> <span class='ocrx_word' id='word_1_399' title='bbox 3027 2043 3434 2113; x_wconf 84' lang='grc' dir='ltr'>δεδικαιωμένοι</span> <span class='ocrx_word' id='word_1_400' title='bbox 3467 2058 3526 2093; x_wconf 87' lang='grc' dir='ltr'><strong>τε</strong></span> <span class='ocrx_word' id='word_1_401' title='bbox 3566 2039 3668 2093; x_wconf 77' lang='grc' dir='ltr'>καὶ</span> 
     </span>
    </p>
   </div>
   <div class='ocr_carea' id='block_1_54' title="bbox 2079 2128 3666 2211">
    <p class='ocr_par' dir='ltr' id='par_1_54' title="bbox 2079 2128 3666 2211">
     <span class='ocr_line' id='line_1_54' title="bbox 2079 2128 3666 2211; baseline -0.008 -18"><span class='ocrx_word' id='word_1_402' title='bbox 2079 2138 2399 2211; x_wconf 66' lang='grc' dir='ltr'>ἡγιαιμένοι</span> <span class='ocrx_word' id='word_1_403' title='bbox 2427 2137 2515 2189; x_wconf 79' lang='grc' dir='ltr'><strong>διὰ</strong></span> <span class='ocrx_word' id='word_1_404' title='bbox 2542 2137 2636 2189; x_wconf 87' lang='grc' dir='ltr'><strong>τοῦ</strong></span> <span class='ocrx_word' id='word_1_405' title='bbox 2669 2136 3010 2206; x_wconf 75' lang='grc' dir='ltr'>Πνεύματος*</span> <span class='ocrx_word' id='word_1_406' title='bbox 3044 2129 3124 2195; x_wconf 75' lang='grc' dir='ltr'>οἷς</span> <span class='ocrx_word' id='word_1_407' title='bbox 3163 2133 3228 2186; x_wconf 83' lang='grc' dir='ltr'><strong>ἂν</strong></span> <span class='ocrx_word' id='word_1_408' title='bbox 3258 2130 3551 2202; x_wconf 84' lang='grc' dir='ltr'>ἁρμόσειεν</span> <span class='ocrx_word' id='word_1_409' title='bbox 3583 2128 3666 2180; x_wconf 80' lang='grc' dir='ltr'>εί-</span> 
     </span>
    </p>
   </div>
   <div class='ocr_carea' id='block_1_55' title="bbox 2080 2218 3666 2298">
    <p class='ocr_par' dir='ltr' id='par_1_55' title="bbox 2080 2218 3666 2298">
     <span class='ocr_line' id='line_1_55' title="bbox 2080 2218 3666 2298; baseline -0.006 -16"><span class='ocrx_word' id='word_1_410' title='bbox 2080 2233 2228 2282; x_wconf 88' lang='grc' dir='ltr'>πεῖν·</span> <span class='ocrx_word' id='word_1_411' title='bbox 2253 2247 2271 2278; x_wconf 77' lang='grc' dir='ltr'><strong>ι</strong></span> <span class='ocrx_word' id='word_1_412' title='bbox 2320 2226 2660 2298; x_wconf 78' lang='grc' dir='ltr'>Ἐσημειὼθη</span> <span class='ocrx_word' id='word_1_413' title='bbox 2692 2227 2775 2294; x_wconf 76' lang='grc' dir='ltr'><strong>ἐφ’</strong></span> <span class='ocrx_word' id='word_1_414' title='bbox 2805 2226 2954 2296; x_wconf 74' lang='grc' dir='ltr'>ἡμᾶς</span> <span class='ocrx_word' id='word_1_415' title='bbox 2980 2223 3041 2276; x_wconf 81' lang='grc' dir='ltr'><strong>τὸ</strong></span> <span class='ocrx_word' id='word_1_416' title='bbox 3086 2221 3198 2291; x_wconf 69' lang='grc' dir='ltr'><strong>φῶς</strong></span> <span class='ocrx_word' id='word_1_417' title='bbox 3244 2223 3337 2274; x_wconf 87' lang='grc' dir='ltr'><strong>τοῦ</strong></span> <span class='ocrx_word' id='word_1_418' title='bbox 3368 2218 3666 2290; x_wconf 82' lang='grc' dir='ltr'>προσώπου</span> 
     </span>
    </p>
   </div>
   <div class='ocr_carea' id='block_1_56' title="bbox 2080 2315 3667 2391">
    <p class='ocr_par' dir='ltr' id='par_1_56' title="bbox 2080 2315 3667 2391">
     <span class='ocr_line' id='line_1_56' title="bbox 2080 2315 3667 2391; baseline -0.005 -16"><span class='ocrx_word' id='word_1_419' title='bbox 2080 2339 2194 2384; x_wconf 89' lang='grc' dir='ltr'>σου,</span> <span class='ocrx_word' id='word_1_420' title='bbox 2232 2320 2427 2391; x_wconf 87' lang='grc' dir='ltr'>Κύριε.</span> <span class='ocrx_word' id='word_1_421' title='bbox 2457 2339 2475 2372; x_wconf 69' lang='grc' dir='ltr'><strong>ι</strong></span> <span class='ocrx_word' id='word_1_422' title='bbox 2509 2318 2687 2372; x_wconf 71' lang='grc' dir='ltr'>Είκὼν</span> <span class='ocrx_word' id='word_1_423' title='bbox 2715 2319 2812 2389; x_wconf 77' lang='grc' dir='ltr'><strong>μὲν</strong></span> <span class='ocrx_word' id='word_1_424' title='bbox 2841 2319 2948 2388; x_wconf 83' lang='grc' dir='ltr'><strong>γὰρ</strong></span> <span class='ocrx_word' id='word_1_425' title='bbox 2975 2317 3068 2370; x_wconf 74' lang='grc' dir='ltr'><strong>καὶ</strong></span> <span class='ocrx_word' id='word_1_426' title='bbox 3091 2315 3348 2386; x_wconf 79' lang='grc' dir='ltr'>ὁμοίωσις</span> <span class='ocrx_word' id='word_1_427' title='bbox 3383 2316 3476 2368; x_wconf 73' lang='grc' dir='ltr'><strong>καὶ</strong></span> <span class='ocrx_word' id='word_1_428' title='bbox 3497 2315 3667 2367; x_wconf 72' lang='grc' dir='ltr'>οίονεὶ</span> 
     </span>
    </p>
   </div>
   <div class='ocr_carea' id='block_1_57' title="bbox 2079 2404 3666 2483">
    <p class='ocr_par' dir='ltr' id='par_1_57' title="bbox 2079 2404 3666 2483">
     <span class='ocr_line' id='line_1_57' title="bbox 2079 2404 3666 2483; baseline -0.006 -18"><span class='ocrx_word' id='word_1_429' title='bbox 2079 2412 2366 2483; x_wconf 85' lang='grc' dir='ltr'>πρόσωπον</span> <span class='ocrx_word' id='word_1_430' title='bbox 2398 2409 2491 2463; x_wconf 88' lang='grc' dir='ltr'><strong>τοῦ</strong></span> <span class='ocrx_word' id='word_1_431' title='bbox 2528 2409 2662 2462; x_wconf 81' lang='grc' dir='ltr'>Θεοῦ</span> <span class='ocrx_word' id='word_1_432' title='bbox 2698 2410 2792 2462; x_wconf 80' lang='grc' dir='ltr'>καὶ</span> <span class='ocrx_word' id='word_1_433' title='bbox 2821 2410 3035 2480; x_wconf 76' lang='grc' dir='ltr'>Πατρὸς</span> <span class='ocrx_word' id='word_1_434' title='bbox 3059 2409 3088 2460; x_wconf 90' lang='grc' dir='ltr'>ὁ</span> <span class='ocrx_word' id='word_1_435' title='bbox 3123 2407 3268 2466; x_wconf 80' lang='grc' dir='ltr'>Υἱός.</span> <span class='ocrx_word' id='word_1_436' title='bbox 3291 2405 3410 2468; x_wconf 82' lang='grc' dir='ltr'>Φῶς</span> <span class='ocrx_word' id='word_1_437' title='bbox 3428 2405 3486 2458; x_wconf 80' lang='grc' dir='ltr'>δὲ</span> <span class='ocrx_word' id='word_1_438' title='bbox 3516 2404 3577 2457; x_wconf 84' lang='grc' dir='ltr'>τὸ</span> <span class='ocrx_word' id='word_1_439' title='bbox 3600 2404 3666 2468; x_wconf 80' lang='grc' dir='ltr'>ἐξ</span> 
     </span>
    </p>
   </div>
   <div class='ocr_carea' id='block_1_58' title="bbox 2077 2497 3664 2574">
    <p class='ocr_par' dir='ltr' id='par_1_58' title="bbox 2077 2497 3664 2574">
     <span class='ocr_line' id='line_1_58' title="bbox 2077 2497 3664 2574; baseline -0.006 -15"><span class='ocrx_word' id='word_1_440' title='bbox 2077 2503 2242 2560; x_wconf 76' lang='grc' dir='ltr'>αὑτοῦ</span> <span class='ocrx_word' id='word_1_441' title='bbox 2278 2504 2630 2574; x_wconf 82' lang='grc' dir='ltr'>πεμπόμενον</span> <span class='ocrx_word' id='word_1_442' title='bbox 2661 2504 2739 2564; x_wconf 82' lang='grc' dir='ltr'>εἰς</span> <span class='ocrx_word' id='word_1_443' title='bbox 2768 2503 2916 2572; x_wconf 77' lang='grc' dir='ltr'>ἡμᾶς</span> <span class='ocrx_word' id='word_1_444' title='bbox 2953 2501 3013 2554; x_wconf 85' lang='grc' dir='ltr'>τὺ</span> <span class='ocrx_word' id='word_1_445' title='bbox 3044 2499 3266 2570; x_wconf 82' lang='grc' dir='ltr'>Πνεῦμα</span> <span class='ocrx_word' id='word_1_446' title='bbox 3297 2497 3358 2552; x_wconf 76' lang='grc' dir='ltr'>τὸ</span> <span class='ocrx_word' id='word_1_447' title='bbox 3392 2499 3565 2566; x_wconf 76' lang='grc' dir='ltr'>ἅγιον,</span> <span class='ocrx_word' id='word_1_448' title='bbox 3587 2498 3664 2550; x_wconf 84' lang='grc' dir='ltr'>δι’</span> 
     </span>
    </p>
   </div>
   <div class='ocr_carea' id='block_1_59' title="bbox 2073 2589 3668 2666">
    <p class='ocr_par' dir='ltr' id='par_1_59' title="bbox 2073 2589 3668 2666">
     <span class='ocr_line' id='line_1_59' title="bbox 2073 2589 3668 2666; baseline -0.004 -17"><span class='ocrx_word' id='word_1_449' title='bbox 2073 2593 2133 2650; x_wconf 73' lang='grc' dir='ltr'>οὗ</span> <span class='ocrx_word' id='word_1_450' title='bbox 2156 2594 2678 2666; x_wconf 68' lang='grc' dir='ltr'>κατεσφραγίσμεθα</span> <span class='ocrx_word' id='word_1_451' title='bbox 2699 2593 2830 2664; x_wconf 86' lang='grc' dir='ltr'>πρὸς</span> <span class='ocrx_word' id='word_1_452' title='bbox 2851 2592 3034 2646; x_wconf 87' lang='grc' dir='ltr'>είκόνα</span> <span class='ocrx_word' id='word_1_453' title='bbox 3056 2592 3156 2662; x_wconf 83' lang='grc' dir='ltr'><strong>τὴν</strong></span> <span class='ocrx_word' id='word_1_454' title='bbox 3176 2589 3399 2660; x_wconf 82' lang='grc' dir='ltr'>πρώτην</span> <span class='ocrx_word' id='word_1_455' title='bbox 3421 2590 3668 2659; x_wconf 76' lang='grc' dir='ltr'>ἀναμορ-</span> 
     </span>
    </p>
   </div>
   <div class='ocr_carea' id='block_1_60' title="bbox 2075 2681 3666 2760">
    <p class='ocr_par' dir='ltr' id='par_1_60' title="bbox 2075 2681 3666 2760">
     <span class='ocr_line' id='line_1_60' title="bbox 2075 2681 3666 2760; baseline -0.004 -19"><span class='ocrx_word' id='word_1_456' title='bbox 2075 2689 2332 2760; x_wconf 82' lang='grc' dir='ltr'>φούμενοι</span> <span class='ocrx_word' id='word_1_457' title='bbox 2371 2687 2435 2740; x_wconf 76' lang='grc' dir='ltr'><strong>δι’</strong></span> <span class='ocrx_word' id='word_1_458' title='bbox 2465 2685 2753 2756; x_wconf 81' lang='grc' dir='ltr'>ἀγιασμοῦ.</span> <span class='ocrx_word' id='word_1_459' title='bbox 2794 2683 3144 2756; x_wconf 87' lang='grc' dir='ltr'>ΙΙεποιήμεθα</span> <span class='ocrx_word' id='word_1_460' title='bbox 3193 2683 3296 2752; x_wconf 73' lang='grc' dir='ltr'>γὰρ</span> <span class='ocrx_word' id='word_1_461' title='bbox 3330 2684 3450 2734; x_wconf 79' lang='grc' dir='ltr'>κατ’</span> <span class='ocrx_word' id='word_1_462' title='bbox 3471 2681 3666 2735; x_wconf 74' lang='grc' dir='ltr'>εἰκόνα</span> 
     </span>
    </p>
   </div>
   <div class='ocr_carea' id='block_1_61' title="bbox 2074 2771 3664 2848">
    <p class='ocr_par' dir='ltr' id='par_1_61' title="bbox 2074 2771 3664 2848">
     <span class='ocr_line' id='line_1_61' title="bbox 2074 2771 3664 2848; baseline -0.007 -16"><span class='ocrx_word' id='word_1_463' title='bbox 2074 2776 2167 2832; x_wconf 65' lang='grc' dir='ltr'>καὶ</span> <span class='ocrx_word' id='word_1_464' title='bbox 2216 2779 2473 2848; x_wconf 82' lang='grc' dir='ltr'>ὁμοίωσιν</span> <span class='ocrx_word' id='word_1_465' title='bbox 2517 2777 2610 2830; x_wconf 86' lang='grc' dir='ltr'><strong>τοῦ</strong></span> <span class='ocrx_word' id='word_1_466' title='bbox 2667 2775 2951 2837; x_wconf 81' lang='grc' dir='ltr'>κτίσαντος</span> <span class='ocrx_word' id='word_1_467' title='bbox 3007 2773 3432 2828; x_wconf 81' lang='grc' dir='ltr'>Θεοῦ.Ἔσονται</span> <span class='ocrx_word' id='word_1_468' title='bbox 3476 2771 3664 2824; x_wconf 81' lang='grc' dir='ltr'>τοίνυν</span> 
     </span>
    </p>
   </div>
   <div class='ocr_carea' id='block_1_62' title="bbox 2075 2865 3663 2943">
    <p class='ocr_par' dir='ltr' id='par_1_62' title="bbox 2075 2865 3663 2943">
     <span class='ocr_line' id='line_1_62' title="bbox 2075 2865 3663 2943; baseline -0.006 -19"><span class='ocrx_word' id='word_1_469' title='bbox 2075 2872 2316 2943; x_wconf 70' lang='grc' dir='ltr'>φανεροὶ,</span> <span class='ocrx_word' id='word_1_470' title='bbox 2347 2871 2500 2941; x_wconf 82' lang='grc' dir='ltr'>φησὶ,</span> <span class='ocrx_word' id='word_1_471' title='bbox 2539 2869 2683 2923; x_wconf 80' lang='grc' dir='ltr'>τοῦτ’</span> <span class='ocrx_word' id='word_1_472' title='bbox 2706 2869 2874 2930; x_wconf 76' lang='grc' dir='ltr'>ἐστιν,</span> <span class='ocrx_word' id='word_1_473' title='bbox 2905 2868 3160 2938; x_wconf 75' lang='grc' dir='ltr'>ἐπίσημοι</span> <span class='ocrx_word' id='word_1_474' title='bbox 3185 2867 3280 2920; x_wconf 76' lang='grc' dir='ltr'><strong>καὶ</strong></span> <span class='ocrx_word' id='word_1_475' title='bbox 3306 2865 3427 2936; x_wconf 84' lang='grc' dir='ltr'><strong>Θεῷ</strong></span> <span class='ocrx_word' id='word_1_476' title='bbox 3457 2881 3663 2935; x_wconf 78' lang='grc' dir='ltr'>γνωρι-</span> 
     </span>
    </p>
   </div>
   <div class='ocr_carea' id='block_1_63' title="bbox 2077 2955 3659 3033">
    <p class='ocr_par' dir='ltr' id='par_1_63' title="bbox 2077 2955 3659 3033">
     <span class='ocr_line' id='line_1_63' title="bbox 2077 2955 3659 3033; baseline -0.005 -19"><span class='ocrx_word' id='word_1_477' title='bbox 2077 2961 2335 3033; x_wconf 82' lang='grc' dir='ltr'>μὼτατοι,</span> <span class='ocrx_word' id='word_1_478' title='bbox 2362 2962 2456 3016; x_wconf 79' lang='grc' dir='ltr'><strong>καὶ</strong></span> <span class='ocrx_word' id='word_1_479' title='bbox 2479 2961 2800 3032; x_wconf 86' lang='grc' dir='ltr'>διαπρεπεῖς</span> <span class='ocrx_word' id='word_1_480' title='bbox 2821 2961 2878 3012; x_wconf 82' lang='grc' dir='ltr'>ἐν</span> <span class='ocrx_word' id='word_1_481' title='bbox 2905 2958 3094 3028; x_wconf 80' lang='grc' dir='ltr'>κόσμῳ</span> <span class='ocrx_word' id='word_1_482' title='bbox 3110 2975 3122 2987; x_wconf 93' lang='grc'><strong>·</strong></span> <span class='ocrx_word' id='word_1_483' title='bbox 3155 2957 3204 3010; x_wconf 83' lang='grc' dir='ltr'><strong>οἱ</strong></span> <span class='ocrx_word' id='word_1_484' title='bbox 3224 2955 3302 3027; x_wconf 81' lang='grc' dir='ltr'>τῷ</span> <span class='ocrx_word' id='word_1_485' title='bbox 3321 2957 3461 3028; x_wconf 75' lang='grc' dir='ltr'>ἁγίῳ</span> <span class='ocrx_word' id='word_1_486' title='bbox 3480 2972 3622 3010; x_wconf 85' lang='grc' dir='ltr'>κατα</span> <span class='ocrx_word' id='word_1_487' title='bbox 3637 2983 3659 2996; x_wconf 79' lang='grc' dir='ltr'><strong>ο</strong></span> 
     </span>
    </p>
   </div>
   <div class='ocr_carea' id='block_1_64' title="bbox 390 3046 1969 3124">
    <p class='ocr_par' dir='ltr' id='par_1_64' title="bbox 390 3052 1969 3121">
     <span class='ocr_line' id='line_1_64' title="bbox 390 3052 1969 3121; baseline -0.001 -12"><span class='ocrx_word' id='word_1_488' title='bbox 390 3053 580 3109; x_wconf 81' lang='lat' dir='ltr'><strong>Otnnis</strong></span> <span class='ocrx_word' id='word_1_489' title='bbox 594 3053 770 3108; x_wconf 84' lang='lat' dir='ltr'><strong>scriba</strong></span> <span class='ocrx_word' id='word_1_490' title='bbox 795 3052 988 3107; x_wconf 90' lang='lat' dir='ltr'><strong>doctus</strong></span> <span class='ocrx_word' id='word_1_491' title='bbox 1006 3054 1055 3106; x_wconf 89' lang='lat' dir='ltr'><strong>in</strong></span> <span class='ocrx_word' id='word_1_492' title='bbox 1077 3067 1241 3121; x_wconf 83' lang='lat' dir='ltr'><strong>regno</strong></span> <span class='ocrx_word' id='word_1_493' title='bbox 1265 3053 1522 3107; x_wconf 71' lang='lat' dir='ltr'><strong>caelorum</strong></span> <span class='ocrx_word' id='word_1_494' title='bbox 1547 3055 1737 3107; x_wconf 82' lang='lat' dir='ltr'><strong>similis</strong></span> <span class='ocrx_word' id='word_1_495' title='bbox 1763 3066 1848 3108; x_wconf 87' lang='lat' dir='ltr'><strong>est</strong></span> <span class='ocrx_word' id='word_1_496' title='bbox 1874 3053 1969 3108; x_wconf 89' lang='lat' dir='ltr'><strong>ho-</strong></span> 
     </span>
    </p>
   </div>
   <div class='ocr_carea' id='block_1_65' title="bbox 2073 3046 3657 3124">
    <p class='ocr_par' dir='ltr' id='par_1_65' title="bbox 2077 3046 3657 3124">
     <span class='ocr_line' id='line_1_65' title="bbox 2077 3046 3657 3124; baseline -0.001 -20"><span class='ocrx_word' id='word_1_497' title='bbox 2077 3053 2498 3124; x_wconf 72' lang='grc' dir='ltr'>σφραγιζόμενοι</span> <span class='ocrx_word' id='word_1_498' title='bbox 2547 3049 2845 3122; x_wconf 87' lang='grc' dir='ltr'>Πνεύματι,</span> <span class='ocrx_word' id='word_1_499' title='bbox 2884 3048 2978 3102; x_wconf 86' lang='grc' dir='ltr'><strong>τοῦ</strong></span> <span class='ocrx_word' id='word_1_500' title='bbox 3013 3047 3085 3120; x_wconf 81' lang='grc' dir='ltr'>μὴ</span> <span class='ocrx_word' id='word_1_501' title='bbox 3120 3047 3312 3117; x_wconf 84' lang='grc' dir='ltr'>μαθεῖν</span> <span class='ocrx_word' id='word_1_502' title='bbox 3344 3047 3435 3100; x_wconf 85' lang='grc' dir='ltr'><strong>τὸν</strong></span> <span class='ocrx_word' id='word_1_503' title='bbox 3465 3046 3657 3118; x_wconf 72' lang='grc' dir='ltr'>νόμον.</span> 
     </span>
    </p>
   </div>
   <div class='ocr_carea' id='block_1_66' title="bbox 392 3143 1967 3212">
    <p class='ocr_par' dir='ltr' id='par_1_66' title="bbox 392 3143 1967 3212">
     <span class='ocr_line' id='line_1_66' title="bbox 392 3143 1967 3212; baseline 0.003 -15"><span class='ocrx_word' id='word_1_504' title='bbox 392 3145 522 3197; x_wconf 82' lang='lat' dir='ltr'><strong>mini</strong></span> <span class='ocrx_word' id='word_1_505' title='bbox 546 3144 722 3206; x_wconf 86' lang='lat' dir='ltr'><strong>diviti,</strong></span> <span class='ocrx_word' id='word_1_506' title='bbox 744 3144 834 3212; x_wconf 86' lang='lat' dir='ltr'><strong>qui</strong></span> <span class='ocrx_word' id='word_1_507' title='bbox 858 3143 1127 3212; x_wconf 80' lang='lat' dir='ltr'><strong>depromit</strong></span> <span class='ocrx_word' id='word_1_508' title='bbox 1149 3159 1212 3198; x_wconf 83' lang='lat' dir='ltr'><strong>ex</strong></span> <span class='ocrx_word' id='word_1_509' title='bbox 1240 3147 1496 3199; x_wconf 87' lang='lat' dir='ltr'><strong>thesauro</strong></span> <span class='ocrx_word' id='word_1_510' title='bbox 1523 3161 1620 3200; x_wconf 88' lang='lat' dir='ltr'><strong>suo</strong></span> <span class='ocrx_word' id='word_1_511' title='bbox 1639 3160 1774 3200; x_wconf 86' lang='lat' dir='ltr'><strong>nova</strong></span> <span class='ocrx_word' id='word_1_512' title='bbox 1802 3157 1855 3200; x_wconf 91' lang='lat' dir='ltr'><strong>et</strong></span> <span class='ocrx_word' id='word_1_513' title='bbox 1875 3161 1967 3201; x_wconf 78' lang='lat' dir='ltr'><strong>ve-</strong></span> 
     </span>
    </p>
   </div>
   <div class='ocr_carea' id='block_1_67' title="bbox 391 3231 1963 3301">
    <p class='ocr_par' dir='ltr' id='par_1_67' title="bbox 391 3231 1963 3301">
     <span class='ocr_line' id='line_1_67' title="bbox 391 3231 1963 3301; baseline 0.003 -15"><span class='ocrx_word' id='word_1_514' title='bbox 391 3248 504 3288; x_wconf 83' lang='lat' dir='ltr'><strong>tera</strong></span> <span class='ocrx_word' id='word_1_515' title='bbox 527 3232 628 3286; x_wconf 77' lang='grc'><strong>⁸⁸.»</strong></span> <span class='ocrx_word' id='word_1_516' title='bbox 658 3231 843 3301; x_wconf 81' lang='lat' dir='ltr'><strong>Itaque</strong></span> <span class='ocrx_word' id='word_1_517' title='bbox 865 3236 1006 3286; x_wconf 88' lang='lat' dir='ltr'><strong>scire</strong></span> <span class='ocrx_word' id='word_1_518' title='bbox 1039 3233 1253 3300; x_wconf 86' lang='lat' dir='ltr'><strong>quidem</strong></span> <span class='ocrx_word' id='word_1_519' title='bbox 1285 3233 1452 3301; x_wconf 79' lang='lat' dir='ltr'><strong>legem</strong></span> <span class='ocrx_word' id='word_1_520' title='bbox 1485 3249 1590 3288; x_wconf 87' lang='lat' dir='ltr'><strong>non</strong></span> <span class='ocrx_word' id='word_1_521' title='bbox 1617 3248 1963 3291; x_wconf 88' lang='lat' dir='ltr'><strong>recusamus:</strong></span> 
     </span>
    </p>
   </div>
   <div class='ocr_carea' id='block_1_68' title="bbox 387 3323 1963 3395">
    <p class='ocr_par' dir='ltr' id='par_1_68' title="bbox 387 3323 1963 3395">
     <span class='ocr_line' id='line_1_68' title="bbox 387 3323 1963 3395; baseline 0.001 -18"><span class='ocrx_word' id='word_1_522' title='bbox 387 3337 442 3379; x_wconf 84' lang='lat' dir='ltr'><strong>at</strong></span> <span class='ocrx_word' id='word_1_523' title='bbox 458 3326 758 3379; x_wconf 86' lang='lat' dir='ltr'><strong>cavendum</strong></span> <span class='ocrx_word' id='word_1_524' title='bbox 783 3333 960 3376; x_wconf 83' lang='lat' dir='ltr'><strong>tamen</strong></span> <span class='ocrx_word' id='word_1_525' title='bbox 982 3339 1048 3378; x_wconf 92' lang='lat' dir='ltr'><strong>ne</strong></span> <span class='ocrx_word' id='word_1_526' title='bbox 1069 3323 1138 3376; x_wconf 86' lang='lat' dir='ltr'><strong>ita</strong></span> <span class='ocrx_word' id='word_1_527' title='bbox 1162 3323 1416 3387; x_wconf 85' lang='lat' dir='ltr'><strong>sciamus,</strong></span> <span class='ocrx_word' id='word_1_528' title='bbox 1442 3334 1566 3379; x_wconf 89' lang='lat' dir='ltr'><strong>utet</strong></span> <span class='ocrx_word' id='word_1_529' title='bbox 1582 3325 1766 3380; x_wconf 87' lang='lat' dir='ltr'><strong>vivere</strong></span> <span class='ocrx_word' id='word_1_530' title='bbox 1783 3327 1963 3395; x_wconf 87' lang='lat' dir='ltr'><strong>cupia-</strong></span> 
     </span>
    </p>
   </div>
   <div class='ocr_carea' id='block_1_69' title="bbox 383 3410 1968 3484">
    <p class='ocr_par' dir='ltr' id='par_1_69' title="bbox 383 3410 1968 3484">
     <span class='ocr_line' id='line_1_69' title="bbox 383 3410 1968 3484; baseline -0.001 -14"><span class='ocrx_word' id='word_1_531' title='bbox 383 3428 507 3470; x_wconf 81' lang='lat' dir='ltr'><strong>mus</strong></span> <span class='ocrx_word' id='word_1_532' title='bbox 534 3413 777 3484; x_wconf 86' lang='lat' dir='ltr'><strong>legaliter</strong></span> <span class='ocrx_word' id='word_1_533' title='bbox 797 3421 852 3467; x_wconf 89' lang='lat' dir='ltr'><strong>et</strong></span> <span class='ocrx_word' id='word_1_534' title='bbox 873 3411 1116 3468; x_wconf 81' lang='lat' dir='ltr'><strong>.ludaice.</strong></span> <span class='ocrx_word' id='word_1_535' title='bbox 1145 3410 1260 3467; x_wconf 88' lang='lat' dir='ltr'><strong>Non</strong></span> <span class='ocrx_word' id='word_1_536' title='bbox 1293 3414 1434 3467; x_wconf 90' lang='lat' dir='ltr'><strong>enim</strong></span> <span class='ocrx_word' id='word_1_537' title='bbox 1457 3415 1619 3469; x_wconf 80' lang='lat' dir='ltr'><strong>boves</strong></span> <span class='ocrx_word' id='word_1_538' title='bbox 1642 3413 1968 3471; x_wconf 87' lang='lat' dir='ltr'><strong>sacrificabi-</strong></span> 
     </span>
    </p>
   </div>
   <div class='ocr_carea' id='block_1_70' title="bbox 391 3505 1967 3581">
    <p class='ocr_par' dir='ltr' id='par_1_70' title="bbox 391 3505 1967 3581">
     <span class='ocr_line' id='line_1_70' title="bbox 391 3505 1967 3581; baseline 0.001 -21"><span class='ocrx_word' id='word_1_539' title='bbox 391 3521 530 3573; x_wconf 71' lang='lat' dir='ltr'><strong>unus,</strong></span> <span class='ocrx_word' id='word_1_540' title='bbox 564 3520 739 3575; x_wconf 88' lang='lat' dir='ltr'><strong>neque</strong></span> <span class='ocrx_word' id='word_1_541' title='bbox 755 3505 951 3560; x_wconf 90' lang='lat' dir='ltr'><strong>hostiis</strong></span> <span class='ocrx_word' id='word_1_542' title='bbox 969 3505 1212 3560; x_wconf 87' lang='lat' dir='ltr'><strong>cruentis</strong></span> <span class='ocrx_word' id='word_1_543' title='bbox 1230 3506 1602 3561; x_wconf 89' lang='lat' dir='ltr'><strong>universorum</strong></span> <span class='ocrx_word' id='word_1_544' title='bbox 1625 3505 1788 3581; x_wconf 80' lang='lat' dir='ltr'><strong>Deum</strong></span> <span class='ocrx_word' id='word_1_545' title='bbox 1807 3521 1967 3561; x_wconf 81' lang='lat' dir='ltr'><strong>vene-</strong></span> 
     </span>
    </p>
   </div>
   <div class='ocr_carea' id='block_1_71' title="bbox 387 3596 1966 3667">
    <p class='ocr_par' dir='ltr' id='par_1_71' title="bbox 387 3596 1966 3667">
     <span class='ocr_line' id='line_1_71' title="bbox 387 3596 1966 3667; baseline -0.001 -14"><span class='ocrx_word' id='word_1_546' title='bbox 387 3600 652 3666; x_wconf 81' lang='lat' dir='ltr'><strong>rabimur,</strong></span> <span class='ocrx_word' id='word_1_547' title='bbox 686 3608 740 3653; x_wconf 88' lang='lat' dir='ltr'><strong>at</strong></span> <span class='ocrx_word' id='word_1_548' title='bbox 768 3597 1065 3667; x_wconf 82' lang='lat' dir='ltr'><strong>spiritalem</strong></span> <span class='ocrx_word' id='word_1_549' title='bbox 1085 3596 1880 3667; x_wconf 73' lang='lat' dir='ltr'><strong>cultumillipotiusofferemus</strong></span> <span class='ocrx_word' id='word_1_550' title='bbox 1911 3598 1966 3652; x_wconf 90' lang='lat' dir='ltr'><strong>in</strong></span> 
     </span>
    </p>
   </div>
   <div class='ocr_carea' id='block_1_72' title="bbox 383 3690 1964 3757">
    <p class='ocr_par' dir='ltr' id='par_1_72' title="bbox 383 3690 1964 3757">
     <span class='ocr_line' id='line_1_72' title="bbox 383 3690 1964 3757; baseline 0.001 -15"><span class='ocrx_word' id='word_1_551' title='bbox 383 3691 605 3746; x_wconf 76' lang='lat' dir='ltr'><strong>odorem</strong></span> <span class='ocrx_word' id='word_1_552' title='bbox 668 3693 1069 3745; x_wconf 70' lang='lat' dir='ltr'><strong>suaveolentizc.</strong></span> <span class='ocrx_word' id='word_1_553' title='bbox 1122 3690 1291 3744; x_wconf 85' lang='lat' dir='ltr'><strong>Sicuti</strong></span> <span class='ocrx_word' id='word_1_554' title='bbox 1351 3690 1519 3755; x_wconf 90' lang='lat' dir='ltr'><strong>enim,</strong></span> <span class='ocrx_word' id='word_1_555' title='bbox 1564 3691 1640 3744; x_wconf 85' lang='lat' dir='ltr'><strong>ait</strong></span> <span class='ocrx_word' id='word_1_556' title='bbox 1685 3691 1964 3757; x_wconf 73' lang='lat' dir='ltr'><strong>Servatur,</strong></span> 
     </span>
    </p>
   </div>
   <div class='ocr_carea' id='block_1_73' title="bbox 391 3783 1966 3853">
    <p class='ocr_par' dir='ltr' id='par_1_73' title="bbox 391 3783 1966 3853">
     <span class='ocr_line' id='line_1_73' title="bbox 391 3783 1966 3853; baseline 0.001 -17"><span class='ocrx_word' id='word_1_557' title='bbox 391 3783 566 3839; x_wconf 70' lang='lat' dir='ltr'><strong>tDeus</strong></span> <span class='ocrx_word' id='word_1_558' title='bbox 595 3783 819 3853; x_wconf 84' lang='lat' dir='ltr'><strong>spiritus</strong></span> <span class='ocrx_word' id='word_1_559' title='bbox 841 3794 945 3847; x_wconf 83' lang='lat' dir='ltr'><strong>est,</strong></span> <span class='ocrx_word' id='word_1_560' title='bbox 965 3796 1019 3836; x_wconf 89' lang='lat' dir='ltr'><strong>et</strong></span> <span class='ocrx_word' id='word_1_561' title='bbox 1046 3783 1135 3853; x_wconf 86' lang='lat' dir='ltr'><strong>qui</strong></span> <span class='ocrx_word' id='word_1_562' title='bbox 1160 3784 1385 3837; x_wconf 88' lang='lat' dir='ltr'><strong>adorant</strong></span> <span class='ocrx_word' id='word_1_563' title='bbox 1409 3783 1577 3847; x_wconf 88' lang='lat' dir='ltr'><strong>illum,</strong></span> <span class='ocrx_word' id='word_1_564' title='bbox 1600 3783 1650 3836; x_wconf 88' lang='lat' dir='ltr'><strong>in</strong></span> <span class='ocrx_word' id='word_1_565' title='bbox 1684 3784 1875 3853; x_wconf 87' lang='lat' dir='ltr'><strong>spiritu</strong></span> <span class='ocrx_word' id='word_1_566' title='bbox 1914 3791 1966 3837; x_wconf 87' lang='lat' dir='ltr'><strong>et</strong></span> 
     </span>
    </p>
   </div>
   <div class='ocr_carea' id='block_1_74' title="bbox 389 3874 1968 3943">
    <p class='ocr_par' dir='ltr' id='par_1_74' title="bbox 389 3874 1968 3943">
     <span class='ocr_line' id='line_1_74' title="bbox 389 3874 1968 3943; baseline 0.003 -19"><span class='ocrx_word' id='word_1_567' title='bbox 389 3877 614 3930; x_wconf 80' lang='lat' dir='ltr'><strong>veritate</strong></span> <span class='ocrx_word' id='word_1_568' title='bbox 633 3885 846 3943; x_wconf 86' lang='lat' dir='ltr'><strong>oportet</strong></span> <span class='ocrx_word' id='word_1_569' title='bbox 868 3875 1094 3929; x_wconf 84' lang='lat' dir='ltr'><strong>adorare</strong></span> <span class='ocrx_word' id='word_1_570' title='bbox 1121 3876 1187 3929; x_wconf 77' lang='grc'><strong>⁵⁷.</strong></span> <span class='ocrx_word' id='word_1_571' title='bbox 1215 3895 1232 3926; x_wconf 79' lang='grc' dir='ltr'><strong>ι</strong></span> <span class='ocrx_word' id='word_1_572' title='bbox 1265 3875 1415 3941; x_wconf 85' lang='lat' dir='ltr'><strong>Quod</strong></span> <span class='ocrx_word' id='word_1_573' title='bbox 1443 3883 1623 3929; x_wconf 86' lang='lat' dir='ltr'><strong>autem</strong></span> <span class='ocrx_word' id='word_1_574' title='bbox 1650 3883 1838 3930; x_wconf 87' lang='lat' dir='ltr'><strong>sancto</strong></span> <span class='ocrx_word' id='word_1_575' title='bbox 1856 3874 1968 3942; x_wconf 87' lang='lat' dir='ltr'><strong>Spi-</strong></span> 
     </span>
    </p>
   </div>
   <div class='ocr_carea' id='block_1_75' title="bbox 385 3967 1967 4038">
    <p class='ocr_par' dir='ltr' id='par_1_75' title="bbox 385 3967 1967 4038">
     <span class='ocr_line' id='line_1_75' title="bbox 385 3967 1967 4038; baseline -0.001 -18"><span class='ocrx_word' id='word_1_576' title='bbox 385 3969 492 4022; x_wconf 87' lang='lat' dir='ltr'><strong>ritu</strong></span> <span class='ocrx_word' id='word_1_577' title='bbox 513 3967 812 4038; x_wconf 85' lang='lat' dir='ltr'><strong>obsignatis</strong></span> <span class='ocrx_word' id='word_1_578' title='bbox 831 3973 894 4020; x_wconf 82' lang='lat' dir='ltr'><strong>ad</strong></span> <span class='ocrx_word' id='word_1_579' title='bbox 912 3971 1202 4021; x_wconf 89' lang='lat' dir='ltr'><strong>novitatem</strong></span> <span class='ocrx_word' id='word_1_580' title='bbox 1220 3969 1368 4030; x_wconf 68' lang='lat' dir='ltr'><strong>vitae,</strong></span> <span class='ocrx_word' id='word_1_581' title='bbox 1390 3983 1642 4037; x_wconf 85' lang='lat' dir='ltr'><strong>magnum</strong></span> <span class='ocrx_word' id='word_1_582' title='bbox 1664 3968 1733 4020; x_wconf 89' lang='lat' dir='ltr'><strong>sit</strong></span> <span class='ocrx_word' id='word_1_583' title='bbox 1752 3967 1967 4035; x_wconf 85' lang='lat' dir='ltr'><strong>dispen-</strong></span> 
     </span>
    </p>
   </div>
   <div class='ocr_carea' id='block_1_76' title="bbox 385 4057 1967 4130">
    <p class='ocr_par' dir='ltr' id='par_1_76' title="bbox 385 4057 1967 4130">
     <span class='ocr_line' id='line_1_76' title="bbox 385 4057 1967 4130; baseline 0.001 -19"><span class='ocrx_word' id='word_1_584' title='bbox 385 4060 810 4130; x_wconf 84' lang='lat' dir='ltr'><strong>dium,ve|lejam</strong></span> <span class='ocrx_word' id='word_1_585' title='bbox 831 4061 1009 4113; x_wconf 86' lang='lat' dir='ltr'><strong>vivere</strong></span> <span class='ocrx_word' id='word_1_586' title='bbox 1023 4059 1288 4113; x_wconf 86' lang='lat' dir='ltr'><strong>etversari</strong></span> <span class='ocrx_word' id='word_1_587' title='bbox 1303 4057 1544 4124; x_wconf 84' lang='lat' dir='ltr'><strong>Judaice,</strong></span> <span class='ocrx_word' id='word_1_588' title='bbox 1561 4059 1767 4114; x_wconf 85' lang='lat' dir='ltr'><strong>scilicet</strong></span> <span class='ocrx_word' id='word_1_589' title='bbox 1781 4072 1967 4114; x_wconf 89' lang='lat' dir='ltr'><strong>sccuu-</strong></span> 
     </span>
    </p>
   </div>
   <div class='ocr_carea' id='block_1_77' title="bbox 385 4151 1966 4223">
    <p class='ocr_par' dir='ltr' id='par_1_77' title="bbox 385 4151 1966 4223">
     <span class='ocr_line' id='line_1_77' title="bbox 385 4151 1966 4223; baseline 0.004 -20"><span class='ocrx_word' id='word_1_590' title='bbox 385 4155 509 4206; x_wconf 82' lang='lat' dir='ltr'><strong>dum</strong></span> <span class='ocrx_word' id='word_1_591' title='bbox 550 4153 682 4223; x_wconf 81' lang='lat' dir='ltr'><strong>legis</strong></span> <span class='ocrx_word' id='word_1_592' title='bbox 703 4152 971 4214; x_wconf 83' lang='lat' dir='ltr'><strong>umbram,</strong></span> <span class='ocrx_word' id='word_1_593' title='bbox 1017 4151 1264 4219; x_wconf 86' lang='lat' dir='ltr'><strong>probabit</strong></span> <span class='ocrx_word' id='word_1_594' title='bbox 1305 4153 1492 4206; x_wconf 88' lang='lat' dir='ltr'><strong>beatus</strong></span> <span class='ocrx_word' id='word_1_595' title='bbox 1529 4151 1966 4222; x_wconf 82' lang='lat' dir='ltr'><strong>Paulusloquens</strong></span> 
     </span>
    </p>
   </div>
   <div class='ocr_carea' id='block_1_78' title="bbox 385 4242 1966 4312">
    <p class='ocr_par' dir='ltr' id='par_1_78' title="bbox 385 4242 1966 4312">
     <span class='ocr_line' id='line_1_78' title="bbox 385 4242 1966 4312; baseline 0.002 -16"><span class='ocrx_word' id='word_1_596' title='bbox 385 4243 469 4297; x_wconf 91' lang='lat' dir='ltr'><strong>his</strong></span> <span class='ocrx_word' id='word_1_597' title='bbox 487 4244 577 4312; x_wconf 88' lang='lat' dir='ltr'><strong>qui</strong></span> <span class='ocrx_word' id='word_1_598' title='bbox 609 4253 730 4312; x_wconf 86' lang='lat' dir='ltr'><strong>post</strong></span> <span class='ocrx_word' id='word_1_599' title='bbox 766 4243 924 4298; x_wconf 80' lang='lat' dir='ltr'><strong>fidem</strong></span> <span class='ocrx_word' id='word_1_600' title='bbox 950 4243 1013 4297; x_wconf 84' lang='lat' dir='ltr'><strong>ad</strong></span> <span class='ocrx_word' id='word_1_601' title='bbox 1039 4243 1240 4297; x_wconf 82' lang='lat' dir='ltr'><strong>cultum</strong></span> <span class='ocrx_word' id='word_1_602' title='bbox 1276 4242 1615 4297; x_wconf 87' lang='lat' dir='ltr'><strong>umbratilem</strong></span> <span class='ocrx_word' id='word_1_603' title='bbox 1647 4245 1789 4298; x_wconf 86' lang='lat' dir='ltr'><strong>velut</strong></span> <span class='ocrx_word' id='word_1_604' title='bbox 1821 4253 1966 4300; x_wconf 89' lang='lat' dir='ltr'><strong>retro</strong></span> 
     </span>
    </p>
   </div>
   <div class='ocr_carea' id='block_1_79' title="bbox 382 4333 1962 4402">
    <p class='ocr_par' dir='ltr' id='par_1_79' title="bbox 382 4333 1962 4402">
     <span class='ocr_line' id='line_1_79' title="bbox 382 4333 1962 4402; baseline 0.001 -18"><span class='ocrx_word' id='word_1_605' title='bbox 382 4333 862 4386; x_wconf 68' lang='lat' dir='ltr'><strong>abeuutuExorsi</strong></span> <span class='ocrx_word' id='word_1_606' title='bbox 906 4333 1289 4402; x_wconf 84' lang='lat' dir='ltr'><strong>spiritu,nuuc</strong></span> <span class='ocrx_word' id='word_1_607' title='bbox 1333 4347 1494 4386; x_wconf 85' lang='lat' dir='ltr'><strong>carne</strong></span> <span class='ocrx_word' id='word_1_608' title='bbox 1535 4333 1962 4387; x_wconf 77' lang='lat' dir='ltr'><strong>consummanti—</strong></span> 
     </span>
    </p>
   </div>
   <div class='ocr_carea' id='block_1_80' title="bbox 2070 3137 3657 3215">
    <p class='ocr_par' dir='ltr' id='par_1_80' title="bbox 2070 3137 3657 3215">
     <span class='ocr_line' id='line_1_80' title="bbox 2070 3137 3657 3215; baseline -0.007 -17"><span class='ocrx_word' id='word_1_609' title='bbox 2070 3140 2194 3215; x_wconf 66' lang='grc' dir='ltr'><strong>’Ἆρ’</strong></span> <span class='ocrx_word' id='word_1_610' title='bbox 2227 3140 2319 3198; x_wconf 80' lang='grc' dir='ltr'><strong>οὖν</strong></span> <span class='ocrx_word' id='word_1_611' title='bbox 2367 3142 2682 3212; x_wconf 79' lang='grc' dir='ltr'>ἀφεξόμεθα</span> <span class='ocrx_word' id='word_1_612' title='bbox 2734 3141 2842 3194; x_wconf 89' lang='grc' dir='ltr'><strong>τῶν</strong></span> <span class='ocrx_word' id='word_1_613' title='bbox 2893 3139 3132 3210; x_wconf 84' lang='grc' dir='ltr'>νομικῶν</span> <span class='ocrx_word' id='word_1_614' title='bbox 3168 3137 3657 3206; x_wconf 76' lang='grc' dir='ltr'>ἁναγνωσμάτωνς</span> 
     </span>
    </p>
   </div>
   <div class='ocr_carea' id='block_1_81' title="bbox 2070 3221 3657 3302">
    <p class='ocr_par' dir='ltr' id='par_1_81' title="bbox 2070 3221 3657 3302">
     <span class='ocr_line' id='line_1_81' title="bbox 2070 3221 3657 3302; baseline -0.007 -15"><span class='ocrx_word' id='word_1_615' title='bbox 2070 3233 2264 3287; x_wconf 86' lang='grc' dir='ltr'>Καίτοι</span> <span class='ocrx_word' id='word_1_616' title='bbox 2314 3232 2432 3296; x_wconf 89' lang='grc' dir='ltr'><strong>πῶς</strong></span> <span class='ocrx_word' id='word_1_617' title='bbox 2476 3233 2577 3285; x_wconf 82' lang='grc' dir='ltr'><strong>οὐκ</strong></span> <span class='ocrx_word' id='word_1_618' title='bbox 2617 3231 2824 3302; x_wconf 81' lang='grc' dir='ltr'>ἀμαθὲς</span> <span class='ocrx_word' id='word_1_619' title='bbox 2857 3230 2916 3283; x_wconf 78' lang='grc' dir='ltr'><strong>τδ</strong></span> <span class='ocrx_word' id='word_1_620' title='bbox 2963 3224 3064 3282; x_wconf 84' lang='grc' dir='ltr'>ὦδε</span> <span class='ocrx_word' id='word_1_621' title='bbox 3103 3229 3263 3292; x_wconf 90' lang='grc' dir='ltr'>νοεῖν,</span> <span class='ocrx_word' id='word_1_622' title='bbox 3298 3223 3528 3296; x_wconf 80' lang='grc' dir='ltr'>Χριστοῦ</span> <span class='ocrx_word' id='word_1_623' title='bbox 3563 3221 3657 3278; x_wconf 70' lang='grc' dir='ltr'><strong>λέ-</strong></span> 
     </span>
    </p>
   </div>
   <div class='ocr_carea' id='block_1_82' title="bbox 2069 3315 3656 3395">
    <p class='ocr_par' dir='ltr' id='par_1_82' title="bbox 2069 3315 3656 3395">
     <span class='ocr_line' id='line_1_82' title="bbox 2069 3315 3656 3395; baseline -0.006 -17"><span class='ocrx_word' id='word_1_624' title='bbox 2069 3342 2256 3392; x_wconf 78' lang='grc' dir='ltr'>γοντος</span> <span class='ocrx_word' id='word_1_625' title='bbox 2303 3323 2581 3395; x_wconf 64' lang='grc' dir='ltr'><strong>ιὶναργῶς⁹</strong></span> <span class='ocrx_word' id='word_1_626' title='bbox 2638 3342 2656 3374; x_wconf 70' lang='grc' dir='ltr'><strong>ι</strong></span> <span class='ocrx_word' id='word_1_627' title='bbox 2686 3322 2785 3375; x_wconf 81' lang='grc' dir='ltr'><strong>Διὰ</strong></span> <span class='ocrx_word' id='word_1_628' title='bbox 2830 3319 2988 3375; x_wconf 85' lang='grc' dir='ltr'>τοῦτο</span> <span class='ocrx_word' id='word_1_629' title='bbox 3035 3319 3179 3386; x_wconf 78' lang='grc' dir='ltr'><strong>λέγω</strong></span> <span class='ocrx_word' id='word_1_630' title='bbox 3234 3319 3384 3388; x_wconf 86' lang='grc' dir='ltr'>ὑμῖν,</span> <span class='ocrx_word' id='word_1_631' title='bbox 3414 3317 3497 3370; x_wconf 85' lang='grc' dir='ltr'>ὃτι</span> <span class='ocrx_word' id='word_1_632' title='bbox 3544 3315 3656 3378; x_wconf 79' lang='grc' dir='ltr'><strong>πᾶς</strong></span> 
     </span>
    </p>
   </div>
   <div class='ocr_carea' id='block_1_83' title="bbox 2069 3406 3652 3485">
    <p class='ocr_par' dir='ltr' id='par_1_83' title="bbox 2069 3406 3652 3485">
     <span class='ocr_line' id='line_1_83' title="bbox 2069 3406 3652 3485; baseline -0.006 -18"><span class='ocrx_word' id='word_1_633' title='bbox 2069 3413 2431 3485; x_wconf 80' lang='grc' dir='ltr'>γραμματεὺς</span> <span class='ocrx_word' id='word_1_634' title='bbox 2470 3409 2830 3483; x_wconf 78' lang='grc' dir='ltr'>μαθητευθεὶς</span> <span class='ocrx_word' id='word_1_635' title='bbox 2860 3413 2924 3482; x_wconf 83' lang='grc' dir='ltr'>τῇ</span> <span class='ocrx_word' id='word_1_636' title='bbox 2973 3407 3222 3480; x_wconf 80' lang='grc' dir='ltr'>βασιλείᾳ</span> <span class='ocrx_word' id='word_1_637' title='bbox 3244 3408 3354 3460; x_wconf 88' lang='grc' dir='ltr'><strong>τῶν</strong></span> <span class='ocrx_word' id='word_1_638' title='bbox 3383 3406 3652 3477; x_wconf 78' lang='grc' dir='ltr'>οὐρανῶν,</span> 
     </span>
    </p>
   </div>
   <div class='ocr_carea' id='block_1_84' title="bbox 2069 3500 3654 3576">
    <p class='ocr_par' dir='ltr' id='par_1_84' title="bbox 2069 3500 3654 3576">
     <span class='ocr_line' id='line_1_84' title="bbox 2069 3500 3654 3576; baseline -0.004 -16"><span class='ocrx_word' id='word_1_639' title='bbox 2069 3505 2251 3576; x_wconf 84' lang='grc' dir='ltr'>ὅμοιός</span> <span class='ocrx_word' id='word_1_640' title='bbox 2300 3508 2449 3560; x_wconf 78' lang='grc' dir='ltr'>ἐστιν</span> <span class='ocrx_word' id='word_1_641' title='bbox 2497 3503 2770 3575; x_wconf 83' lang='grc' dir='ltr'>ἀνθρώπῳ</span> <span class='ocrx_word' id='word_1_642' title='bbox 2821 3503 3080 3573; x_wconf 85' lang='grc' dir='ltr'>πλουσίῳ,</span> <span class='ocrx_word' id='word_1_643' title='bbox 3113 3503 3261 3565; x_wconf 82' lang='grc' dir='ltr'>ὅστις</span> <span class='ocrx_word' id='word_1_644' title='bbox 3295 3500 3547 3554; x_wconf 75' lang='grc' dir='ltr'>ἐκϐάλλει</span> <span class='ocrx_word' id='word_1_645' title='bbox 3587 3501 3654 3553; x_wconf 78' lang='grc' dir='ltr'>ἐκ</span> 
     </span>
    </p>
   </div>
   <div class='ocr_carea' id='block_1_85' title="bbox 2067 3594 3651 3672">
    <p class='ocr_par' dir='ltr' id='par_1_85' title="bbox 2067 3594 3651 3672">
     <span class='ocr_line' id='line_1_85' title="bbox 2067 3594 3651 3672; baseline -0.003 -21"><span class='ocrx_word' id='word_1_646' title='bbox 2067 3599 2161 3652; x_wconf 90' lang='grc' dir='ltr'><strong>τοῦ</strong></span> <span class='ocrx_word' id='word_1_647' title='bbox 2202 3598 2475 3672; x_wconf 84' lang='grc' dir='ltr'>θησαυροῦ</span> <span class='ocrx_word' id='word_1_648' title='bbox 2519 3597 2684 3652; x_wconf 79' lang='grc' dir='ltr'>αὐτοῦ</span> <span class='ocrx_word' id='word_1_649' title='bbox 2717 3595 2879 3649; x_wconf 81' lang='grc' dir='ltr'>καινὰ</span> <span class='ocrx_word' id='word_1_650' title='bbox 2909 3596 3003 3649; x_wconf 79' lang='grc' dir='ltr'><strong>καὶ</strong></span> <span class='ocrx_word' id='word_1_651' title='bbox 3046 3594 3270 3650; x_wconf 80' lang='grc' dir='ltr'>παλαιά.</span> <span class='ocrx_word' id='word_1_652' title='bbox 3301 3614 3320 3646; x_wconf 75' lang='grc' dir='ltr'><strong><em>ι</em></strong></span> <span class='ocrx_word' id='word_1_653' title='bbox 3356 3594 3562 3648; x_wconf 85' lang='grc' dir='ltr'>Οὐκοῦν</span> <span class='ocrx_word' id='word_1_654' title='bbox 3587 3595 3651 3647; x_wconf 83' lang='grc' dir='ltr'>οὐ</span> 
     </span>
    </p>
   </div>
   <div class='ocr_carea' id='block_1_86' title="bbox 2069 3687 3653 3763">
    <p class='ocr_par' dir='ltr' id='par_1_86' title="bbox 2069 3687 3653 3763">
     <span class='ocr_line' id='line_1_86' title="bbox 2069 3687 3653 3763; baseline -0.004 -17"><span class='ocrx_word' id='word_1_655' title='bbox 2069 3692 2486 3763; x_wconf 86' lang='grc' dir='ltr'>παραιτούμεθα</span> <span class='ocrx_word' id='word_1_656' title='bbox 2535 3691 2632 3762; x_wconf 84' lang='grc' dir='ltr'>μὲν</span> <span class='ocrx_word' id='word_1_657' title='bbox 2678 3690 2737 3743; x_wconf 75' lang='grc' dir='ltr'>τὸ</span> <span class='ocrx_word' id='word_1_658' title='bbox 2777 3689 2972 3742; x_wconf 80' lang='grc' dir='ltr'>εἰδέναι</span> <span class='ocrx_word' id='word_1_659' title='bbox 3000 3689 3091 3742; x_wconf 81' lang='grc' dir='ltr'><strong>τὸν</strong></span> <span class='ocrx_word' id='word_1_660' title='bbox 3121 3689 3286 3758; x_wconf 86' lang='grc' dir='ltr'>νόμον</span> <span class='ocrx_word' id='word_1_661' title='bbox 3306 3704 3319 3718; x_wconf 75' lang='grc'><strong><em>⁸</em></strong></span> <span class='ocrx_word' id='word_1_662' title='bbox 3365 3687 3425 3741; x_wconf 86' lang='grc' dir='ltr'><strong>τό</strong></span> <span class='ocrx_word' id='word_1_663' title='bbox 3454 3705 3516 3756; x_wconf 86' lang='grc' dir='ltr'>γε</span> <span class='ocrx_word' id='word_1_664' title='bbox 3542 3687 3653 3758; x_wconf 79' lang='grc' dir='ltr'>μὴν</span> 
     </span>
    </p>
   </div>
   <div class='ocr_carea' id='block_1_87' title="bbox 2067 3780 3652 3854">
    <p class='ocr_par' dir='ltr' id='par_1_87' title="bbox 2067 3780 3652 3854">
     <span class='ocr_line' id='line_1_87' title="bbox 2067 3780 3652 3854; baseline -0.003 -18"><span class='ocrx_word' id='word_1_665' title='bbox 2067 3783 2240 3848; x_wconf 72' lang='grc' dir='ltr'>οὕτως</span> <span class='ocrx_word' id='word_1_666' title='bbox 2289 3783 2509 3851; x_wconf 79' lang='grc' dir='ltr'>εἰδέναι,</span> <span class='ocrx_word' id='word_1_667' title='bbox 2547 3782 2799 3854; x_wconf 84' lang='grc' dir='ltr'>φευκτὸν,</span> <span class='ocrx_word' id='word_1_668' title='bbox 2831 3782 2971 3835; x_wconf 81' lang='grc' dir='ltr'>ὥστε</span> <span class='ocrx_word' id='word_1_669' title='bbox 3001 3781 3094 3836; x_wconf 76' lang='grc' dir='ltr'>καὶ</span> <span class='ocrx_word' id='word_1_670' title='bbox 3121 3781 3220 3853; x_wconf 79' lang='grc' dir='ltr'>ζῇν</span> <span class='ocrx_word' id='word_1_671' title='bbox 3251 3780 3465 3834; x_wconf 80' lang='grc' dir='ltr'>ἑλέσθαι</span> <span class='ocrx_word' id='word_1_672' title='bbox 3498 3797 3652 3852; x_wconf 80' lang='grc' dir='ltr'>νομι-</span> 
     </span>
    </p>
   </div>
   <div class='ocr_carea' id='block_1_88' title="bbox 2067 3875 3650 3949">
    <p class='ocr_par' dir='ltr' id='par_1_88' title="bbox 2067 3875 3650 3949">
     <span class='ocr_line' id='line_1_88' title="bbox 2067 3875 3650 3949; baseline -0.001 -19"><span class='ocrx_word' id='word_1_673' title='bbox 2067 3877 2200 3941; x_wconf 74' lang='grc' dir='ltr'>κῶς,</span> <span class='ocrx_word' id='word_1_674' title='bbox 2236 3879 2403 3949; x_wconf 73' lang='grc' dir='ltr'>ἤγουν</span> <span class='ocrx_word' id='word_1_675' title='bbox 2433 3876 2757 3938; x_wconf 82' lang='grc' dir='ltr'>Ἰουδαϊκῶς.</span> <span class='ocrx_word' id='word_1_676' title='bbox 2792 3877 2866 3930; x_wconf 79' lang='grc' dir='ltr'><strong>Οὐ</strong></span> <span class='ocrx_word' id='word_1_677' title='bbox 2896 3876 3005 3948; x_wconf 84' lang='grc' dir='ltr'><strong>γάρ</strong></span> <span class='ocrx_word' id='word_1_678' title='bbox 3032 3894 3116 3930; x_wconf 89' lang='grc' dir='ltr'><strong>τοι</strong></span> <span class='ocrx_word' id='word_1_679' title='bbox 3155 3875 3281 3946; x_wconf 87' lang='grc' dir='ltr'>βοῦς</span> <span class='ocrx_word' id='word_1_680' title='bbox 3311 3875 3650 3947; x_wconf 79' lang='grc' dir='ltr'>ἱερεύσομεν,</span> 
     </span>
    </p>
   </div>
   <div class='ocr_carea' id='block_1_89' title="bbox 2065 3967 3652 4040">
    <p class='ocr_par' dir='ltr' id='par_1_89' title="bbox 2065 3967 3652 4040">
     <span class='ocr_line' id='line_1_89' title="bbox 2065 3967 3652 4040; baseline -0.001 -18"><span class='ocrx_word' id='word_1_681' title='bbox 2065 3967 2187 4022; x_wconf 74' lang='grc' dir='ltr'>οὕτε</span> <span class='ocrx_word' id='word_1_682' title='bbox 2219 3970 2323 4040; x_wconf 80' lang='grc' dir='ltr'><strong>μὴν</strong></span> <span class='ocrx_word' id='word_1_683' title='bbox 2349 3971 2468 4032; x_wconf 86' lang='grc' dir='ltr'>ταῖς</span> <span class='ocrx_word' id='word_1_684' title='bbox 2486 3968 2552 4021; x_wconf 77' lang='grc' dir='ltr'>δι’</span> <span class='ocrx_word' id='word_1_685' title='bbox 2577 3968 2822 4039; x_wconf 80' lang='grc' dir='ltr'>αἱμάτων</span> <span class='ocrx_word' id='word_1_686' title='bbox 2854 3968 3066 4032; x_wconf 87' lang='grc' dir='ltr'>θυσίαις</span> <span class='ocrx_word' id='word_1_687' title='bbox 3093 3969 3394 4039; x_wconf 80' lang='grc' dir='ltr'>τιμήσομεν</span> <span class='ocrx_word' id='word_1_688' title='bbox 3428 3968 3519 4022; x_wconf 80' lang='grc' dir='ltr'><strong>τὸν</strong></span> <span class='ocrx_word' id='word_1_689' title='bbox 3541 3968 3652 4021; x_wconf 88' lang='grc' dir='ltr'><strong>τῶν</strong></span> 
     </span>
    </p>
   </div>
   <div class='ocr_carea' id='block_1_90' title="bbox 2066 4060 3654 4133">
    <p class='ocr_par' dir='ltr' id='par_1_90' title="bbox 2066 4060 3654 4133">
     <span class='ocr_line' id='line_1_90' title="bbox 2066 4060 3654 4133; baseline -0.001 -19"><span class='ocrx_word' id='word_1_690' title='bbox 2066 4063 2202 4115; x_wconf 83' lang='grc' dir='ltr'>ὅλων</span> <span class='ocrx_word' id='word_1_691' title='bbox 2245 4062 2395 4114; x_wconf 85' lang='grc' dir='ltr'>Θεόν.</span> <span class='ocrx_word' id='word_1_692' title='bbox 2432 4060 2818 4130; x_wconf 73' lang='grc' dir='ltr'>Πνευματικὴν</span> <span class='ocrx_word' id='word_1_693' title='bbox 2862 4060 2916 4114; x_wconf 84' lang='grc' dir='ltr'><strong>δὲ</strong></span> <span class='ocrx_word' id='word_1_694' title='bbox 2969 4061 3167 4132; x_wconf 79' lang='grc' dir='ltr'>μᾶλλον</span> <span class='ocrx_word' id='word_1_695' title='bbox 3203 4060 3654 4133; x_wconf 84' lang='grc' dir='ltr'>προσκομιοῦμεν</span> 
     </span>
    </p>
   </div>
   <div class='ocr_carea' id='block_1_91' title="bbox 2067 4149 3661 4233">
    <p class='ocr_par' dir='ltr' id='par_1_91' title="bbox 2067 4149 3661 4233">
     <span class='ocr_line' id='line_1_91' title="bbox 2067 4149 3661 4233; baseline 0 -26"><span class='ocrx_word' id='word_1_696' title='bbox 2067 4151 2215 4224; x_wconf 82' lang='grc' dir='ltr'><strong>αὺτῷ</strong></span> <span class='ocrx_word' id='word_1_697' title='bbox 2246 4153 2504 4233; x_wconf 56' lang='grc' dir='ltr'>λατρείαν</span> <span class='ocrx_word' id='word_1_698' title='bbox 2554 4153 2636 4214; x_wconf 83' lang='grc' dir='ltr'><strong>είς</strong></span> <span class='ocrx_word' id='word_1_699' title='bbox 2683 4149 2859 4221; x_wconf 74' lang='grc' dir='ltr'>ὀσμὴν</span> <span class='ocrx_word' id='word_1_700' title='bbox 2907 4151 3260 4215; x_wconf 84' lang='grc' dir='ltr'>εύωδίας.Ὣς</span> <span class='ocrx_word' id='word_1_701' title='bbox 3291 4152 3402 4222; x_wconf 84' lang='grc' dir='ltr'><strong>γάρ</strong></span> <span class='ocrx_word' id='word_1_702' title='bbox 3431 4168 3600 4221; x_wconf 82' lang='grc' dir='ltr'>φησιν</span> <span class='ocrx_word' id='word_1_703' title='bbox 3623 4150 3661 4207; x_wconf 76' lang='grc' dir='ltr'><strong>ὀ</strong></span> 
     </span>
    </p>
   </div>
   <div class='ocr_carea' id='block_1_92' title="bbox 2073 4241 3656 4316">
    <p class='ocr_par' dir='ltr' id='par_1_92' title="bbox 2073 4241 3656 4316">
     <span class='ocr_line' id='line_1_92' title="bbox 2073 4241 3656 4316; baseline -0.001 -19"><span class='ocrx_word' id='word_1_704' title='bbox 2073 4245 2281 4316; x_wconf 80' lang='grc' dir='ltr'><strong>Σωτήρ’</strong></span> <span class='ocrx_word' id='word_1_705' title='bbox 2316 4262 2334 4295; x_wconf 84' lang='grc' dir='ltr'><strong>ι</strong></span> <span class='ocrx_word' id='word_1_706' title='bbox 2361 4243 2584 4314; x_wconf 83' lang='grc' dir='ltr'>Πνεῦμα</span> <span class='ocrx_word' id='word_1_707' title='bbox 2611 4246 2639 4296; x_wconf 82' lang='grc' dir='ltr'>ὁ</span> <span class='ocrx_word' id='word_1_708' title='bbox 2659 4243 2811 4307; x_wconf 77' lang='grc' dir='ltr'>Θεὸς,</span> <span class='ocrx_word' id='word_1_709' title='bbox 2833 4242 2926 4296; x_wconf 71' lang='grc' dir='ltr'><strong>καὶ</strong></span> <span class='ocrx_word' id='word_1_710' title='bbox 2947 4244 3074 4306; x_wconf 73' lang='grc' dir='ltr'>τοὺς</span> <span class='ocrx_word' id='word_1_711' title='bbox 3091 4241 3531 4314; x_wconf 80' lang='grc' dir='ltr'>προσκυνοῦντας</span> <span class='ocrx_word' id='word_1_712' title='bbox 3553 4243 3656 4295; x_wconf 69' lang='grc' dir='ltr'>αὐε-</span> 
     </span>
    </p>
   </div>
   <div class='ocr_carea' id='block_1_93' title="bbox 2065 4330 3666 4405">
    <p class='ocr_par' dir='ltr' id='par_1_93' title="bbox 2065 4330 3666 4405">
     <span class='ocr_line' id='line_1_93' title="bbox 2065 4330 3666 4405; baseline -0.004 -19"><span class='ocrx_word' id='word_1_713' title='bbox 2065 4335 2156 4388; x_wconf 72' lang='grc' dir='ltr'>τὸν</span> <span class='ocrx_word' id='word_1_714' title='bbox 2189 4337 2245 4388; x_wconf 83' lang='grc' dir='ltr'><strong>ὲν</strong></span> <span class='ocrx_word' id='word_1_715' title='bbox 2276 4335 2545 4405; x_wconf 87' lang='grc' dir='ltr'>πνεύματι</span> <span class='ocrx_word' id='word_1_716' title='bbox 2581 4333 2675 4387; x_wconf 75' lang='grc' dir='ltr'><strong>καὶ</strong></span> <span class='ocrx_word' id='word_1_717' title='bbox 2720 4333 2946 4405; x_wconf 79' lang='grc' dir='ltr'>ἀληθείᾳ</span> <span class='ocrx_word' id='word_1_718' title='bbox 2983 4333 3064 4386; x_wconf 88' lang='grc' dir='ltr'><strong>δεῖ</strong></span> <span class='ocrx_word' id='word_1_719' title='bbox 3093 4334 3434 4404; x_wconf 78' lang='grc' dir='ltr'>προσκυνεῖν.</span> <span class='ocrx_word' id='word_1_720' title='bbox 3466 4349 3486 4382; x_wconf 75' lang='grc' dir='ltr'><strong>ι</strong></span> <span class='ocrx_word' id='word_1_721' title='bbox 3528 4330 3666 4382; x_wconf 82' lang='grc' dir='ltr'><strong>Ὄτ.</strong></span> 
     </span>
    </p>
   </div>
   <div class='ocr_carea' id='block_1_94' title="bbox 383 4403 1969 4497">
    <p class='ocr_par' dir='ltr' id='par_1_94' title="bbox 383 4423 1959 4494">
     <span class='ocr_line' id='line_1_94' title="bbox 383 4423 1959 4494; baseline 0.001 -18"><span class='ocrx_word' id='word_1_722' title='bbox 383 4423 547 4476; x_wconf 71' lang='grc' dir='ltr'>ιιίθθτι</span> <span class='ocrx_word' id='word_1_723' title='bbox 566 4423 639 4479; x_wconf 82' lang='lat' dir='ltr'><strong>Et</strong></span> <span class='ocrx_word' id='word_1_724' title='bbox 658 4438 845 4478; x_wconf 87' lang='lat' dir='ltr'><strong>rursus</strong></span> <span class='ocrx_word' id='word_1_725' title='bbox 871 4441 882 4478; x_wconf 95' lang='lat'><strong>:</strong></span> <span class='ocrx_word' id='word_1_726' title='bbox 905 4442 923 4475; x_wconf 76' lang='grc' dir='ltr'>σ</span> <span class='ocrx_word' id='word_1_727' title='bbox 937 4424 1066 4478; x_wconf 90' lang='lat' dir='ltr'><strong>Dico</strong></span> <span class='ocrx_word' id='word_1_728' title='bbox 1086 4433 1262 4478; x_wconf 81' lang='lat' dir='ltr'><strong>autem</strong></span> <span class='ocrx_word' id='word_1_729' title='bbox 1282 4424 1433 4478; x_wconf 82' lang='lat' dir='ltr'><strong>vobis</strong></span> <span class='ocrx_word' id='word_1_730' title='bbox 1449 4427 1590 4494; x_wconf 91' lang='lat' dir='ltr'><strong>quod</strong></span> <span class='ocrx_word' id='word_1_731' title='bbox 1605 4425 1648 4479; x_wconf 89' lang='lat' dir='ltr'><strong>si</strong></span> <span class='ocrx_word' id='word_1_732' title='bbox 1672 4424 1959 4478; x_wconf 85' lang='lat' dir='ltr'><strong>circumci-</strong></span> 
     </span>
    </p>
   </div>
   <div class='ocr_carea' id='block_1_95' title="bbox 2073 4403 3663 4497">
    <p class='ocr_par' dir='ltr' id='par_1_95' title="bbox 2073 4424 3663 4497">
     <span class='ocr_line' id='line_1_95' title="bbox 2073 4424 3663 4497; baseline -0.004 -17"><span class='ocrx_word' id='word_1_733' title='bbox 2073 4427 2122 4480; x_wconf 61' lang='lat'><strong>5:</strong></span> <span class='ocrx_word' id='word_1_734' title='bbox 2171 4430 2283 4490; x_wconf 85' lang='grc' dir='ltr'>τοῖς</span> <span class='ocrx_word' id='word_1_735' title='bbox 2333 4425 2412 4497; x_wconf 81' lang='grc' dir='ltr'>τῷ</span> <span class='ocrx_word' id='word_1_736' title='bbox 2462 4426 2601 4497; x_wconf 80' lang='grc' dir='ltr'>ἁγίῳ</span> <span class='ocrx_word' id='word_1_737' title='bbox 2649 4426 2926 4497; x_wconf 84' lang='grc' dir='ltr'>Πνεύματι</span> <span class='ocrx_word' id='word_1_738' title='bbox 2976 4424 3541 4494; x_wconf 77' lang='grc' dir='ltr'>κατεσφραγισμένοις</span> <span class='ocrx_word' id='word_1_739' title='bbox 3571 4424 3663 4488; x_wconf 47' lang='grc' dir='ltr'><strong>εἰς</strong></span> 
     </span>
    </p>
   </div>
   <div class='ocr_carea' id='block_1_96' title="bbox 384 4515 1960 4586">
    <p class='ocr_par' dir='ltr' id='par_1_96' title="bbox 384 4515 1960 4586">
     <span class='ocr_line' id='line_1_96' title="bbox 384 4515 1960 4586; baseline 0.003 -21"><span class='ocrx_word' id='word_1_740' title='bbox 384 4516 608 4577; x_wconf 84' lang='lat' dir='ltr'><strong>damtni,</strong></span> <span class='ocrx_word' id='word_1_741' title='bbox 632 4516 882 4569; x_wconf 79' lang='lat' dir='ltr'><strong>Christus</strong></span> <span class='ocrx_word' id='word_1_742' title='bbox 913 4518 1062 4569; x_wconf 90' lang='lat' dir='ltr'><strong>vobis</strong></span> <span class='ocrx_word' id='word_1_743' title='bbox 1085 4516 1214 4570; x_wconf 90' lang='lat' dir='ltr'><strong>nihil</strong></span> <span class='ocrx_word' id='word_1_744' title='bbox 1248 4517 1506 4586; x_wconf 85' lang='lat' dir='ltr'><strong>proderit.</strong></span> <span class='ocrx_word' id='word_1_745' title='bbox 1535 4515 1832 4571; x_wconf 86' lang='lat' dir='ltr'><strong>Abalienati</strong></span> <span class='ocrx_word' id='word_1_746' title='bbox 1860 4515 1960 4586; x_wconf 80' lang='lat' dir='ltr'><strong>igi-</strong></span> 
     </span>
    </p>
   </div>
   <div class='ocr_carea' id='block_1_97' title="bbox 384 4603 1956 4677">
    <p class='ocr_par' dir='ltr' id='par_1_97' title="bbox 384 4603 1956 4677">
     <span class='ocr_line' id='line_1_97' title="bbox 384 4603 1956 4677; baseline 0 -19"><span class='ocrx_word' id='word_1_747' title='bbox 384 4617 474 4659; x_wconf 90' lang='lat' dir='ltr'><strong>tur</strong></span> <span class='ocrx_word' id='word_1_748' title='bbox 509 4603 640 4658; x_wconf 87' lang='lat' dir='ltr'><strong>estis</strong></span> <span class='ocrx_word' id='word_1_749' title='bbox 671 4622 699 4657; x_wconf 83' lang='lat' dir='ltr'><strong>a</strong></span> <span class='ocrx_word' id='word_1_750' title='bbox 739 4605 974 4668; x_wconf 82' lang='lat' dir='ltr'><strong>Christo,</strong></span> <span class='ocrx_word' id='word_1_751' title='bbox 1005 4609 1312 4675; x_wconf 83' lang='lat' dir='ltr'><strong>quicunque</strong></span> <span class='ocrx_word' id='word_1_752' title='bbox 1346 4608 1397 4661; x_wconf 90' lang='lat' dir='ltr'><strong>in</strong></span> <span class='ocrx_word' id='word_1_753' title='bbox 1425 4607 1538 4677; x_wconf 86' lang='lat' dir='ltr'><strong>lege</strong></span> <span class='ocrx_word' id='word_1_754' title='bbox 1564 4605 1956 4676; x_wconf 72' lang='lat' dir='ltr'><strong>iustificamini,</strong></span> 
     </span>
    </p>
   </div>
   <div class='ocr_carea' id='block_1_98' title="bbox 382 4695 1957 4766">
    <p class='ocr_par' dir='ltr' id='par_1_98' title="bbox 382 4695 1957 4766">
     <span class='ocr_line' id='line_1_98' title="bbox 382 4695 1957 4766; baseline -0.001 -16"><span class='ocrx_word' id='word_1_755' title='bbox 382 4696 555 4764; x_wconf 72' lang='lat' dir='ltr'><strong>gratia</strong></span> <span class='ocrx_word' id='word_1_756' title='bbox 589 4695 886 4750; x_wconf 84' lang='lat' dir='ltr'><strong>excidistis.</strong></span> <span class='ocrx_word' id='word_1_757' title='bbox 925 4695 1030 4749; x_wconf 74' lang='lat' dir='ltr'><strong>Nos</strong></span> <span class='ocrx_word' id='word_1_758' title='bbox 1067 4697 1209 4750; x_wconf 87' lang='lat' dir='ltr'><strong>enim</strong></span> <span class='ocrx_word' id='word_1_759' title='bbox 1238 4713 1332 4766; x_wconf 80' lang='lat' dir='ltr'><strong>per</strong></span> <span class='ocrx_word' id='word_1_760' title='bbox 1367 4696 1522 4751; x_wconf 83' lang='lat' dir='ltr'><strong>fidem</strong></span> <span class='ocrx_word' id='word_1_761' title='bbox 1557 4710 1704 4766; x_wconf 80' lang='lat' dir='ltr'><strong>spem</strong></span> <span class='ocrx_word' id='word_1_762' title='bbox 1733 4695 1957 4763; x_wconf 49' lang='lat' dir='ltr'><strong>justitia-</strong></span> 
     </span>
    </p>
   </div>
   <div class='ocr_carea' id='block_1_99' title="bbox 381 4787 905 4856">
    <p class='ocr_par' dir='ltr' id='par_1_99' title="bbox 381 4787 905 4856">
     <span class='ocr_line' id='line_1_99' title="bbox 381 4787 905 4856; baseline -0.008 -14"><span class='ocrx_word' id='word_1_763' title='bbox 381 4798 764 4856; x_wconf 84' lang='lat' dir='ltr'><strong>exspectamus</strong></span> <span class='ocrx_word' id='word_1_764' title='bbox 787 4787 851 4838; x_wconf 78' lang='lat'><strong>“.</strong></span> <span class='ocrx_word' id='word_1_765' title='bbox 888 4805 905 4838; x_wconf 72' lang='grc' dir='ltr'><strong>ι</strong></span> 
     </span>
    </p>
   </div>
   <div class='ocr_carea' id='block_1_100' title="bbox 2073 4512 3738 4596">
    <p class='ocr_par' dir='ltr' id='par_1_100' title="bbox 2073 4512 3738 4596">
     <span class='ocr_line' id='line_1_100' title="bbox 2073 4512 3738 4596; baseline -0.005 -22"><span class='ocrx_word' id='word_1_766' title='bbox 2073 4521 2363 4591; x_wconf 78' lang='grc' dir='ltr'>καινότητα</span> <span class='ocrx_word' id='word_1_767' title='bbox 2409 4518 2574 4588; x_wconf 75' lang='grc' dir='ltr'>ζωῆς,</span> <span class='ocrx_word' id='word_1_768' title='bbox 2609 4517 2782 4588; x_wconf 81' lang='grc' dir='ltr'>ζημία</span> <span class='ocrx_word' id='word_1_769' title='bbox 2837 4517 3004 4584; x_wconf 82' lang='grc' dir='ltr'>πολλὴ</span> <span class='ocrx_word' id='word_1_770' title='bbox 3054 4516 3116 4569; x_wconf 73' lang='grc' dir='ltr'>τὸ</span> <span class='ocrx_word' id='word_1_771' title='bbox 3166 4515 3336 4569; x_wconf 82' lang='grc' dir='ltr'>θέλειν</span> <span class='ocrx_word' id='word_1_772' title='bbox 3367 4515 3450 4568; x_wconf 80' lang='grc' dir='ltr'>ἔτι</span> <span class='ocrx_word' id='word_1_773' title='bbox 3501 4512 3659 4567; x_wconf 65' lang='grc' dir='ltr'>πολιν·</span> <span class='ocrx_word' id='word_1_774' title='bbox 3730 4575 3738 4596; x_wconf 52' lang='lat'>.</span> 
     </span>
    </p>
   </div>
   <div class='ocr_carea' id='block_1_101' title="bbox 2063 4602 3656 4680">
    <p class='ocr_par' dir='ltr' id='par_1_101' title="bbox 2063 4602 3656 4680">
     <span class='ocr_line' id='line_1_101' title="bbox 2063 4602 3656 4680; baseline -0.005 -16"><span class='ocrx_word' id='word_1_775' title='bbox 2063 4609 2315 4664; x_wconf 76' lang='grc' dir='ltr'>τεύεσθαί</span> <span class='ocrx_word' id='word_1_776' title='bbox 2353 4626 2411 4662; x_wconf 87' lang='grc' dir='ltr'><strong>τε</strong></span> <span class='ocrx_word' id='word_1_777' title='bbox 2461 4611 2556 4662; x_wconf 76' lang='grc' dir='ltr'><strong>καὶ</strong></span> <span class='ocrx_word' id='word_1_778' title='bbox 2607 4610 2708 4680; x_wconf 77' lang='grc' dir='ltr'><strong>ζῇν</strong></span> <span class='ocrx_word' id='word_1_779' title='bbox 2745 4607 3071 4672; x_wconf 75' lang='grc' dir='ltr'>Ἰουδαϊκῶς,</span> <span class='ocrx_word' id='word_1_780' title='bbox 3105 4608 3224 4678; x_wconf 68' lang='grc' dir='ltr'>ἦτοι</span> <span class='ocrx_word' id='word_1_781' title='bbox 3246 4605 3386 4660; x_wconf 85' lang='grc' dir='ltr'>κατὰ</span> <span class='ocrx_word' id='word_1_782' title='bbox 3417 4604 3519 4674; x_wconf 83' lang='grc' dir='ltr'><strong>τὴν</strong></span> <span class='ocrx_word' id='word_1_783' title='bbox 3553 4602 3656 4657; x_wconf 76' lang='grc' dir='ltr'><strong>τοῦ</strong></span> 
     </span>
    </p>
   </div>
   <div class='ocr_carea' id='block_1_102' title="bbox 2063 4696 3654 4772">
    <p class='ocr_par' dir='ltr' id='par_1_102' title="bbox 2063 4696 3654 4772">
     <span class='ocr_line' id='line_1_102' title="bbox 2063 4696 3654 4772; baseline -0.003 -17"><span class='ocrx_word' id='word_1_784' title='bbox 2063 4703 2228 4772; x_wconf 71' lang='grc' dir='ltr'>νόμον</span> <span class='ocrx_word' id='word_1_785' title='bbox 2275 4700 2455 4764; x_wconf 74' lang='grc' dir='ltr'>σκιὰν,</span> <span class='ocrx_word' id='word_1_786' title='bbox 2484 4701 2814 4754; x_wconf 77' lang='grc' dir='ltr'>πιστώσεται</span> <span class='ocrx_word' id='word_1_787' title='bbox 2856 4700 3033 4766; x_wconf 83' lang='grc' dir='ltr'>λέγων</span> <span class='ocrx_word' id='word_1_788' title='bbox 3062 4701 3089 4752; x_wconf 79' lang='grc' dir='ltr'>ὁ</span> <span class='ocrx_word' id='word_1_789' title='bbox 3121 4699 3392 4769; x_wconf 80' lang='grc' dir='ltr'>μακάριος</span> <span class='ocrx_word' id='word_1_790' title='bbox 3435 4696 3654 4760; x_wconf 85' lang='grc' dir='ltr'>Παῦλος</span> 
     </span>
    </p>
   </div>
   <div class='ocr_carea' id='block_1_103' title="bbox 2069 4789 3654 4862">
    <p class='ocr_par' dir='ltr' id='par_1_103' title="bbox 2069 4789 3654 4862">
     <span class='ocr_line' id='line_1_103' title="bbox 2069 4789 3654 4862; baseline -0.003 -18"><span class='ocrx_word' id='word_1_791' title='bbox 2069 4796 2179 4855; x_wconf 80' lang='grc' dir='ltr'>τοῖς</span> <span class='ocrx_word' id='word_1_792' title='bbox 2226 4792 2366 4862; x_wconf 73' lang='grc' dir='ltr'>μετὰ</span> <span class='ocrx_word' id='word_1_793' title='bbox 2410 4791 2508 4862; x_wconf 75' lang='grc' dir='ltr'><strong>τὴν</strong></span> <span class='ocrx_word' id='word_1_794' title='bbox 2559 4792 2742 4844; x_wconf 87' lang='grc' dir='ltr'>πίστιν</span> <span class='ocrx_word' id='word_1_795' title='bbox 2803 4791 2994 4844; x_wconf 82' lang='grc' dir='ltr'>ἁνόπιν</span> <span class='ocrx_word' id='word_1_796' title='bbox 3061 4789 3252 4861; x_wconf 79' lang='grc' dir='ltr'>ὥσπερ</span> <span class='ocrx_word' id='word_1_797' title='bbox 3315 4789 3503 4855; x_wconf 81' lang='grc' dir='ltr'>ἰοῦσιν,</span> <span class='ocrx_word' id='word_1_798' title='bbox 3570 4792 3654 4851; x_wconf 79' lang='grc' dir='ltr'><strong>είς</strong></span> 
     </span>
    </p>
   </div>
   <div class='ocr_carea' id='block_1_104' title="bbox 379 4879 3654 4955">
    <p class='ocr_par' dir='ltr' id='par_1_104' title="bbox 379 4879 3654 4955">
     <span class='ocr_line' id='line_1_104' title="bbox 379 4879 3654 4955; baseline 0.001 -23"><span class='ocrx_word' id='word_1_799' title='bbox 379 4879 637 4952; x_wconf 81' lang='grc' dir='ltr'>λατρείαν</span> <span class='ocrx_word' id='word_1_800' title='bbox 678 4879 775 4951; x_wconf 76' lang='grc' dir='ltr'><strong>τὴν</strong></span> <span class='ocrx_word' id='word_1_801' title='bbox 814 4882 870 4933; x_wconf 83' lang='grc' dir='ltr'><strong>ἐν</strong></span> <span class='ocrx_word' id='word_1_802' title='bbox 898 4882 1114 4944; x_wconf 75' lang='grc' dir='ltr'>σκιαῖςο</span> <span class='ocrx_word' id='word_1_803' title='bbox 1150 4900 1168 4931; x_wconf 79' lang='grc' dir='ltr'><strong>ι</strong></span> <span class='ocrx_word' id='word_1_804' title='bbox 1193 4881 1578 4954; x_wconf 79' lang='grc' dir='ltr'>Ἐναρξάμενοι</span> <span class='ocrx_word' id='word_1_805' title='bbox 1609 4883 1901 4953; x_wconf 79' lang='grc' dir='ltr'>πνεύματι,</span> <span class='ocrx_word' id='word_1_806' title='bbox 1935 4882 2029 4936; x_wconf 87' lang='grc' dir='ltr'><strong>νῦν</strong></span> <span class='ocrx_word' id='word_1_807' title='bbox 2065 4887 2227 4955; x_wconf 69' lang='grc' dir='ltr'>σαρκὶ</span> <span class='ocrx_word' id='word_1_808' title='bbox 2261 4885 2615 4938; x_wconf 79' lang='grc' dir='ltr'>ἐπιτελεῖσθε.</span> <span class='ocrx_word' id='word_1_809' title='bbox 2649 4904 2668 4937; x_wconf 76' lang='grc' dir='ltr'><strong>ι</strong></span> <span class='ocrx_word' id='word_1_810' title='bbox 2702 4885 2811 4938; x_wconf 79' lang='grc' dir='ltr'>Καὶ</span> <span class='ocrx_word' id='word_1_811' title='bbox 2845 4884 3005 4938; x_wconf 84' lang='grc' dir='ltr'>πάλιν</span> <span class='ocrx_word' id='word_1_812' title='bbox 3027 4900 3040 4913; x_wconf 88' lang='grc'><strong>·</strong></span> <span class='ocrx_word' id='word_1_813' title='bbox 3071 4903 3088 4936; x_wconf 85' lang='grc' dir='ltr'><strong>ι</strong></span> <span class='ocrx_word' id='word_1_814' title='bbox 3119 4885 3277 4953; x_wconf 82' lang='grc' dir='ltr'><strong>Λέγω</strong></span> <span class='ocrx_word' id='word_1_815' title='bbox 3309 4882 3364 4936; x_wconf 82' lang='grc' dir='ltr'>δὲ</span> <span class='ocrx_word' id='word_1_816' title='bbox 3395 4884 3546 4953; x_wconf 69' lang='grc' dir='ltr'>ὑμῖι,</span> <span class='ocrx_word' id='word_1_817' title='bbox 3568 4883 3654 4936; x_wconf 77' lang='grc' dir='ltr'>ὅτι</span> 
     </span>
    </p>
   </div>
   <div class='ocr_carea' id='block_1_105' title="bbox 379 4976 1983 5051">
    <p class='ocr_par' dir='ltr' id='par_1_105' title="bbox 379 4976 1983 5051">
     <span class='ocr_line' id='line_1_105' title="bbox 379 4976 1983 5051; baseline 0.002 -21"><span class='ocrx_word' id='word_1_818' title='bbox 379 4976 477 5030; x_wconf 76' lang='grc' dir='ltr'><strong>ἐὰν</strong></span> <span class='ocrx_word' id='word_1_819' title='bbox 533 4977 956 5048; x_wconf 72' lang='grc' dir='ltr'>περιτέμνησθε,</span> <span class='ocrx_word' id='word_1_820' title='bbox 1008 4977 1244 5048; x_wconf 75' lang='grc' dir='ltr'>Χριστὸς</span> <span class='ocrx_word' id='word_1_821' title='bbox 1299 4980 1443 5049; x_wconf 72' lang='grc' dir='ltr'>ὑμᾶς</span> <span class='ocrx_word' id='word_1_822' title='bbox 1487 4981 1639 5033; x_wconf 80' lang='grc' dir='ltr'>οὐδὲν</span> <span class='ocrx_word' id='word_1_823' title='bbox 1688 4979 1983 5051; x_wconf 74' lang='grc' dir='ltr'>ὠφελήσει.</span> 
     </span>
    </p>
   </div>
   <div class='ocr_carea' id='block_1_106' title="bbox 2055 4976 3654 5050">
    <p class='ocr_par' dir='ltr' id='par_1_106' title="bbox 2055 4976 3654 5050">
     <span class='ocr_line' id='line_1_106' title="bbox 2055 4976 3654 5050; baseline -0.002 -18"><span class='ocrx_word' id='word_1_824' title='bbox 2055 4979 2556 5050; x_wconf 78' lang='grc' dir='ltr'>Ἀπηλλοτριώθητε</span> <span class='ocrx_word' id='word_1_825' title='bbox 2581 4996 2596 5045; x_wconf 90' lang='grc'><strong>;</strong></span> <span class='ocrx_word' id='word_1_826' title='bbox 2621 4979 2730 5032; x_wconf 86' lang='grc' dir='ltr'>ἀπὸ</span> <span class='ocrx_word' id='word_1_827' title='bbox 2781 4978 3019 5050; x_wconf 82' lang='grc' dir='ltr'>Χριστοῦ</span> <span class='ocrx_word' id='word_1_828' title='bbox 3044 5017 3060 5043; x_wconf 94' lang='grc'><strong>,</strong></span> <span class='ocrx_word' id='word_1_829' title='bbox 3103 4978 3157 5031; x_wconf 76' lang='grc' dir='ltr'><strong>οἴ</strong></span> <span class='ocrx_word' id='word_1_830' title='bbox 3203 4988 3358 5040; x_wconf 82' lang='grc' dir='ltr'>τινες</span> <span class='ocrx_word' id='word_1_831' title='bbox 3396 4977 3457 5029; x_wconf 78' lang='grc' dir='ltr'>ἐν</span> <span class='ocrx_word' id='word_1_832' title='bbox 3496 4976 3654 5047; x_wconf 82' lang='grc' dir='ltr'>νόμῳ</span> 
     </span>
    </p>
   </div>
   <div class='ocr_carea' id='block_1_107' title="bbox 383 5069 3287 5145">
    <p class='ocr_par' dir='ltr' id='par_1_107' title="bbox 383 5069 3287 5145">
     <span class='ocr_line' id='line_1_107' title="bbox 383 5069 3287 5145; baseline 0 -23"><span class='ocrx_word' id='word_1_833' title='bbox 383 5069 585 5135; x_wconf 75' lang='grc' dir='ltr'>βιοῦτε,</span> <span class='ocrx_word' id='word_1_834' title='bbox 620 5071 720 5140; x_wconf 82' lang='grc' dir='ltr'>τῆς</span> <span class='ocrx_word' id='word_1_835' title='bbox 769 5071 990 5142; x_wconf 76' lang='grc' dir='ltr'>χάριτος</span> <span class='ocrx_word' id='word_1_836' title='bbox 1025 5069 1338 5134; x_wconf 75' lang='grc' dir='ltr'>ἐξεπέσατε.</span> <span class='ocrx_word' id='word_1_837' title='bbox 1385 5073 1578 5143; x_wconf 80' lang='grc' dir='ltr'>Ἡμεῖς</span> <span class='ocrx_word' id='word_1_838' title='bbox 1627 5075 1735 5145; x_wconf 72' lang='grc' dir='ltr'>γὰρ</span> <span class='ocrx_word' id='word_1_839' title='bbox 1781 5074 1870 5126; x_wconf 82' lang='grc' dir='ltr'>διὰ</span> <span class='ocrx_word' id='word_1_840' title='bbox 1908 5076 2142 5137; x_wconf 83' lang='grc' dir='ltr'>πίστεως</span> <span class='ocrx_word' id='word_1_841' title='bbox 2199 5073 2390 5126; x_wconf 82' lang='grc' dir='ltr'>ἐλπίδα</span> <span class='ocrx_word' id='word_1_842' title='bbox 2416 5071 2765 5143; x_wconf 78' lang='grc' dir='ltr'>δικαιοσύνης</span> <span class='ocrx_word' id='word_1_843' title='bbox 2795 5070 3228 5141; x_wconf 83' lang='grc' dir='ltr'>ἀπεκδεχόμεθα.</span> <span class='ocrx_word' id='word_1_844' title='bbox 3269 5089 3287 5122; x_wconf 75' lang='grc' dir='ltr'><strong><em>ι</em></strong></span> 
     </span>
    </p>
   </div>
   <div class='ocr_carea' id='block_1_108' title="bbox 453 5161 1958 5236">
    <p class='ocr_par' dir='ltr' id='par_1_108' title="bbox 453 5161 1958 5236">
     <span class='ocr_line' id='line_1_108' title="bbox 453 5161 1958 5236; baseline 0.003 -20"><span class='ocrx_word' id='word_1_845' title='bbox 453 5163 614 5218; x_wconf 67' lang='lat' dir='ltr'><strong>Vens.</strong></span> <span class='ocrx_word' id='word_1_846' title='bbox 670 5163 753 5216; x_wconf 77' lang='grc' dir='ltr'><strong>Π.</strong></span> <span class='ocrx_word' id='word_1_847' title='bbox 790 5162 858 5217; x_wconf 83' lang='lat' dir='ltr'><strong>Et</strong></span> <span class='ocrx_word' id='word_1_848' title='bbox 888 5165 1056 5216; x_wconf 80' lang='lat' dir='ltr'><strong>dicet:</strong></span> <span class='ocrx_word' id='word_1_849' title='bbox 1087 5161 1413 5232; x_wconf 70' lang='lat' dir='ltr'><strong>Exspectabo</strong></span> <span class='ocrx_word' id='word_1_850' title='bbox 1461 5166 1621 5219; x_wconf 80' lang='lat' dir='ltr'><strong>Deum</strong></span> <span class='ocrx_word' id='word_1_851' title='bbox 1666 5167 1754 5236; x_wconf 80' lang='lat' dir='ltr'><strong>qui</strong></span> <span class='ocrx_word' id='word_1_852' title='bbox 1777 5168 1958 5220; x_wconf 77' lang='lat' dir='ltr'><strong>avertit</strong></span> 
     </span>
    </p>
   </div>
   <div class='ocr_carea' id='block_1_109' title="bbox 382 5251 1960 5324">
    <p class='ocr_par' dir='ltr' id='par_1_109' title="bbox 382 5251 1960 5324">
     <span class='ocr_line' id='line_1_109' title="bbox 382 5251 1960 5324; baseline 0.002 -21"><span class='ocrx_word' id='word_1_853' title='bbox 382 5251 568 5316; x_wconf 80' lang='lat' dir='ltr'><strong>faciem</strong></span> <span class='ocrx_word' id='word_1_854' title='bbox 625 5269 776 5304; x_wconf 80' lang='lat' dir='ltr'><strong>suam</strong></span> <span class='ocrx_word' id='word_1_855' title='bbox 830 5270 860 5305; x_wconf 90' lang='lat' dir='ltr'><strong>a</strong></span> <span class='ocrx_word' id='word_1_856' title='bbox 889 5254 1044 5306; x_wconf 70' lang='lat' dir='ltr'><strong>dumo</strong></span> <span class='ocrx_word' id='word_1_857' title='bbox 1080 5254 1270 5321; x_wconf 79' lang='lat' dir='ltr'><strong>Jacob,</strong></span> <span class='ocrx_word' id='word_1_858' title='bbox 1313 5264 1358 5308; x_wconf 79' lang='lat' dir='ltr'><strong>et</strong></span> <span class='ocrx_word' id='word_1_859' title='bbox 1387 5256 1653 5323; x_wconf 79' lang='lat' dir='ltr'><strong>conﬁdens</strong></span> <span class='ocrx_word' id='word_1_860' title='bbox 1689 5273 1778 5310; x_wconf 81' lang='lat' dir='ltr'><strong>ero</strong></span> <span class='ocrx_word' id='word_1_861' title='bbox 1805 5271 1960 5324; x_wconf 74' lang='lat' dir='ltr'><strong>super</strong></span> 
     </span>
    </p>
   </div>
   <div class='ocr_carea' id='block_1_110' title="bbox 383 5361 518 5397">
    <p class='ocr_par' dir='ltr' id='par_1_110' title="bbox 383 5361 518 5397">
     <span class='ocr_line' id='line_1_110' title="bbox 383 5361 518 5397; baseline 0.015 -3"><span class='ocrx_word' id='word_1_862' title='bbox 383 5361 518 5397; x_wconf 69' lang='grc' dir='ltr'>ιιιηι.</span> 
     </span>
    </p>
   </div>
   <div class='ocr_carea' id='block_1_111' title="bbox 452 5523 966 5593">
    <p class='ocr_par' dir='ltr' id='par_1_111' title="bbox 452 5523 966 5593">
     <span class='ocr_line' id='line_1_111' title="bbox 452 5523 966 5593; baseline 0.01 -17"><span class='ocrx_word' id='word_1_863' title='bbox 452 5524 500 5554; x_wconf 76' lang='grc'><strong>⁸³</strong></span> <span class='ocrx_word' id='word_1_864' title='bbox 525 5523 754 5593; x_wconf 84' lang='lat' dir='ltr'><strong>Philipp.</strong></span> <span class='ocrx_word' id='word_1_865' title='bbox 781 5529 966 5588; x_wconf 74' lang='lat' dir='ltr'><strong>iv.15.</strong></span> 
     </span>
    </p>
   </div>
   <div class='ocr_carea' id='block_1_112' title="bbox 381 5593 946 5660">
    <p class='ocr_par' dir='ltr' id='par_1_112' title="bbox 381 5593 946 5660">
     <span class='ocr_line' id='line_1_112' title="bbox 381 5593 946 5660; baseline 0.002 -9"><span class='ocrx_word' id='word_1_866' title='bbox 381 5594 426 5629; x_wconf 75' lang='grc'><strong>⁸⁸</strong></span> <span class='ocrx_word' id='word_1_867' title='bbox 452 5593 628 5651; x_wconf 58' lang='grc' dir='ltr'><strong>(ἔπιθι.</strong></span> <span class='ocrx_word' id='word_1_868' title='bbox 653 5610 703 5659; x_wconf 88' lang='lat' dir='ltr'><strong>v,</strong></span> <span class='ocrx_word' id='word_1_869' title='bbox 725 5597 780 5659; x_wconf 74' lang='lat'><strong>2,</strong></span> <span class='ocrx_word' id='word_1_870' title='bbox 812 5598 862 5660; x_wconf 67' lang='grc'>4,</span> <span class='ocrx_word' id='word_1_871' title='bbox 894 5598 946 5653; x_wconf 79' lang='grc'><strong>5.</strong></span> 
     </span>
    </p>
   </div>
   <div class='ocr_carea' id='block_1_113' title="bbox 2136 5162 3654 5234">
    <p class='ocr_par' dir='ltr' id='par_1_113' title="bbox 2136 5162 3654 5234">
     <span class='ocr_line' id='line_1_113' title="bbox 2136 5162 3654 5234; baseline -0.002 -15"><span class='ocrx_word' id='word_1_872' title='bbox 2136 5165 2245 5219; x_wconf 83' lang='lat' dir='ltr'><strong>Kal</strong></span> <span class='ocrx_word' id='word_1_873' title='bbox 2299 5164 2450 5234; x_wconf 65' lang='grc' dir='ltr'>ἐμεῖ’</span> <span class='ocrx_word' id='word_1_874' title='bbox 2483 5163 2653 5219; x_wconf 85' lang='grc' dir='ltr'>Μενῶ</span> <span class='ocrx_word' id='word_1_875' title='bbox 2700 5164 2808 5218; x_wconf 77' lang='grc' dir='ltr'><strong>τὸν</strong></span> <span class='ocrx_word' id='word_1_876' title='bbox 2859 5165 3011 5218; x_wconf 81' lang='grc' dir='ltr'><strong>Θεὸν</strong></span> <span class='ocrx_word' id='word_1_877' title='bbox 3063 5163 3532 5231; x_wconf 67' lang='grc' dir='ltr'>ἀποστρέψαντα</span> <span class='ocrx_word' id='word_1_878' title='bbox 3581 5162 3654 5216; x_wconf 80' lang='grc' dir='ltr'>τὸ</span> 
     </span>
    </p>
   </div>
   <div class='ocr_carea' id='block_1_114' title="bbox 2066 5255 3656 5325">
    <p class='ocr_par' dir='ltr' id='par_1_114' title="bbox 2066 5255 3656 5325">
     <span class='ocr_line' id='line_1_114' title="bbox 2066 5255 3656 5325; baseline 0 -17"><span class='ocrx_word' id='word_1_879' title='bbox 2066 5258 2391 5325; x_wconf 77' lang='grc' dir='ltr'>πρόσωπον</span> <span class='ocrx_word' id='word_1_880' title='bbox 2427 5255 2614 5310; x_wconf 86' lang='grc' dir='ltr'>αὑτοῦ</span> <span class='ocrx_word' id='word_1_881' title='bbox 2647 5256 2766 5311; x_wconf 75' lang='grc' dir='ltr'><strong>ἀπὸ</strong></span> <span class='ocrx_word' id='word_1_882' title='bbox 2797 5256 2904 5311; x_wconf 84' lang='grc' dir='ltr'><strong>τοῦ</strong></span> <span class='ocrx_word' id='word_1_883' title='bbox 2941 5255 3112 5311; x_wconf 76' lang='grc' dir='ltr'>οἴκου</span> <span class='ocrx_word' id='word_1_884' title='bbox 3161 5255 3387 5324; x_wconf 77' lang='grc' dir='ltr'>Ἰακὼϐ,</span> <span class='ocrx_word' id='word_1_885' title='bbox 3422 5255 3520 5309; x_wconf 77' lang='grc' dir='ltr'>καὶ</span> <span class='ocrx_word' id='word_1_886' title='bbox 3554 5271 3656 5309; x_wconf 64' lang='grc' dir='ltr'>περ</span> 
     </span>
    </p>
   </div>
   <div class='ocr_carea' id='block_1_115' title="bbox 2067 5347 2866 5417">
    <p class='ocr_par' dir='ltr' id='par_1_115' title="bbox 2067 5347 2866 5417">
     <span class='ocr_line' id='line_1_115' title="bbox 2067 5347 2866 5417; baseline 0.001 -16"><span class='ocrx_word' id='word_1_887' title='bbox 2067 5348 2286 5415; x_wconf 80' lang='grc' dir='ltr'>ποιθὼς</span> <span class='ocrx_word' id='word_1_888' title='bbox 2313 5349 2530 5417; x_wconf 77' lang='grc' dir='ltr'>ἔσομαι</span> <span class='ocrx_word' id='word_1_889' title='bbox 2557 5349 2650 5403; x_wconf 80' lang='grc' dir='ltr'><strong>ἐπ’</strong></span> <span class='ocrx_word' id='word_1_890' title='bbox 2685 5347 2866 5413; x_wconf 81' lang='grc' dir='ltr'>αὐτῷ.</span> 
     </span>
    </p>
   </div>
   <div class='ocr_carea' id='block_1_116' title="bbox 1045 5527 1969 5598">
    <p class='ocr_par' dir='ltr' id='par_1_116' title="bbox 1045 5529 1969 5598">
     <span class='ocr_line' id='line_1_116' title="bbox 1045 5529 1969 5598; baseline -0.004 -12"><span class='ocrx_word' id='word_1_891' title='bbox 1045 5533 1089 5562; x_wconf 70' lang='grc'><strong>⁸⁵</strong></span> <span class='ocrx_word' id='word_1_892' title='bbox 1111 5533 1342 5586; x_wconf 73' lang='grc' dir='ltr'><strong>Ζ·ι‹·Ιιτιι·.</strong></span> <span class='ocrx_word' id='word_1_893' title='bbox 1369 5531 1511 5598; x_wconf 67' lang='lat'><strong>11,5.</strong></span> <span class='ocrx_word' id='word_1_894' title='bbox 1590 5529 1636 5560; x_wconf 77' lang='grc'><strong>⁸³</strong></span> <span class='ocrx_word' id='word_1_895' title='bbox 1662 5529 1800 5584; x_wconf 76' lang='lat' dir='ltr'><strong>Psal.</strong></span> <span class='ocrx_word' id='word_1_896' title='bbox 1828 5545 1901 5592; x_wconf 86' lang='lat' dir='ltr'><strong>Iv,</strong></span> <span class='ocrx_word' id='word_1_897' title='bbox 1927 5529 1969 5582; x_wconf 53' lang='grc' dir='ltr'>7η</span> 
     </span>
    </p>
   </div>
   <div class='ocr_carea' id='block_1_117' title="bbox 2073 5527 3629 5598">
    <p class='ocr_par' dir='ltr' id='par_1_117' title="bbox 2073 5527 3629 5597">
     <span class='ocr_line' id='line_1_117' title="bbox 2073 5527 3629 5597; baseline 0.003 -14"><span class='ocrx_word' id='word_1_898' title='bbox 2073 5529 2101 5558; x_wconf 54' lang='grc' dir='ltr'>λε</span> <span class='ocrx_word' id='word_1_899' title='bbox 2128 5530 2291 5583; x_wconf 61' lang='lat' dir='ltr'><strong>Matth</strong></span> <span class='ocrx_word' id='word_1_900' title='bbox 2344 5546 2463 5593; x_wconf 76' lang='lat' dir='ltr'><strong>xm,</strong></span> <span class='ocrx_word' id='word_1_901' title='bbox 2521 5529 2607 5588; x_wconf 75' lang='lat'><strong>52.</strong></span> <span class='ocrx_word' id='word_1_902' title='bbox 2687 5529 2730 5561; x_wconf 74' lang='grc' dir='ltr'><strong>’τ</strong></span> <span class='ocrx_word' id='word_1_903' title='bbox 2755 5527 2909 5583; x_wconf 84' lang='lat' dir='ltr'><strong>Joau.</strong></span> <span class='ocrx_word' id='word_1_904' title='bbox 2940 5543 3013 5597; x_wconf 82' lang='lat' dir='ltr'><strong>iv,</strong></span> <span class='ocrx_word' id='word_1_905' title='bbox 3036 5529 3123 5584; x_wconf 65' lang='lat'><strong>‘24.</strong></span> <span class='ocrx_word' id='word_1_906' title='bbox 3206 5531 3250 5563; x_wconf 75' lang='lat'><strong>&quot;</strong></span> <span class='ocrx_word' id='word_1_907' title='bbox 3274 5530 3450 5585; x_wconf 72' lang='lat' dir='ltr'><strong>G-ilat.</strong></span> <span class='ocrx_word' id='word_1_908' title='bbox 3479 5544 3564 5594; x_wconf 83' lang='lat' dir='ltr'><strong>tu,</strong></span> <span class='ocrx_word' id='word_1_909' title='bbox 3593 5528 3629 5588; x_wconf 69' lang='grc' dir='ltr'>ὅ</span> 
     </span>
    </p>
   </div>
  </div>
