4002 6212
364 211 469 268 9.59

1347 199 1405 255 ε.
1449 195 1722 254 οῐιιιιιι
1763 192 2229 250 ΑιΕχΑΝυιιιλἹ
2271 192 2592 250 ARCHIEP.

3534 182 3651 238 240

369 337 503 377 voce
537 317 818 392 psallentis
852 336 866 374 :
901 335 918 369 ι
947 314 1295 372 Annuntiabo
1343 328 1543 370 nomen
1585 321 1732 365 tuum
1773 310 1946 364 fratri-

2059 310 2201 364 Υἱοῦ.
2235 313 2379 382 Ἔφη
2411 309 2518 381 γάρ
2541 309 2630 364 διὰ
2655 308 2755 382 τῆς
2776 308 2869 364 τοῦ
2893 308 3202 372 Ψάλλοντος
3224 306 3429 378 φωνῆς·
3461 324 3480 358 ο
3513 308 3649 361 Ἀπ-

371 418 472 471 bus
501 416 637 468 meis
665 413 736 466 τ’.
785 429 804 463 s
849 407 1045 465 Verum
1076 409 1354 463 enimvero
1386 405 1509 461 licet
1540 405 1708 458 frater
1747 401 1941 465 factus,

367 519 422 562 et
471 503 862 576 primogenitus
897 509 1146 556 nostrum
1182 509 1400 570 prepter
1433 495 1826 552 humanitatem
1859 492 1944 546 di-

367 607 488 650 ctus
531 595 622 658 sit,
668 591 882 646 tametsi
921 591 1064 647 Deus
1101 591 1173 646 sit
1200 599 1254 645 et
1286 589 1454 644 Filius
1475 589 1732 658 unigena,
1764 595 1944 639 tamen

372 689 529 762 145
547 687 771 757 gloriam
791 685 930 754 ejus,
949 695 1005 741 et
1023 699 1184 754 super
1200 699 1416 740 onmem
1439 693 1748 738 creaturam
1764 679 1915 735 exeel
1930 708 1948 720 -

367 783 588 835 tentiam
615 794 720 834 non
757 779 1094 848 ignoramus.
1133 777 1348 831 Scimus
1385 791 1515 832 vero
1539 789 1638 829 nos
1663 774 1762 843 ipsi
1787 789 1815 827 a
1838 770 1948 826 Deo

367 885 422 928 et
468 873 630 927 l’atre
678 868 1096 936 donatos.Quod
1118 871 1232 942 ipse
1265 871 1540 925 invenitur
1570 869 1718 924 Patri
1753 880 1807 922 et
1838 867 1950 922 Deo

366 965 578 1020 crel-sti
624 965 872 1020 dixisse:
921 981 939 1016 ι
976 963 1124 1030 Quos
1170 963 1363 1018 dedisti
1420 961 1551 1016 mihi
1602 975 1668 1016 es
1719 959 1944 1024 mundo,

369 1059 444 1113 tui
491 1068 671 1121 erant,
715 1066 770 1109 et
802 1055 931 1110 mihi
969 1055 1088 1109 illos
1119 1054 1318 1109 dedisti
1351 1053 1422 1111 ".
1455 1071 1473 1106 ι
1512 1053 1773 1108 Dominus
1805 1051 1986 1132 enim.

367 1152 611 1206 omnium
669 1157 752 1206 est
801 1159 993 1203 natura
1040 1147 1234 1211 Filius,
1269 1157 1323 1201 et
1367 1146 1423 1200 in
1457 1144 1639 1201 omnia
1675 1159 1794 1214 qua:
1821 1150 1949 1197 sunt

367 1255 578 1309 creata,
629 1258 750 1297 cum
792 1241 898 1297 Deo
947 1247 1003 1296 et
1053 1239 1215 1295 Patre
1251 1254 1475 1309 regnum
1507 1237 1738 1292 obtinet.
1765 1236 1834 1289 At
1861 1233 1950 1289 ubi

370 1339 538 1393 homo
589 1336 762 1391 factus
788 1343 895 1401 est,
923 1333 1009 1390 cui
1049 1333 1231 1388 omnia
1263 1331 1566 1400 adjudieata
1593 1339 1718 1383 sunt
1747 1337 1802 1381 et
1828 1327 1951 1382 data

366 1431 648 1496 divinitus,
700 1430 952 1499 accipere
993 1427 1193 1482 dicitur
1229 1440 1291 1480 ea
1329 1438 1560 1493 quorum
1601 1421 1811 1476 essistit
1852 1421 1951 1473 Do-

369 1525 548 1578 minus
592 1531 648 1576 ut
680 1520 822 1576 Deus
865 1536 882 1574 :
947 1539 966 1572 ο
999 1519 1219 1574 Postula
1267 1517 1438 1582 enim,
1475 1515 1670 1584 inquit,
1703 1530 1732 1567 a
1760 1528 1865 1579 me,
1899 1522 1953 1568 et

370 1613 509 1667 dabo
566 1611 662 1665 tibi
719 1620 907 1681 gentes
967 1609 1340 1664 hznreditatem
1381 1616 1546 1670 tuam,
1578 1612 1633 1659 et
1665 1604 1954 1674 possessio-

370 1720 492 1758 nem
528 1713 670 1756 tuam
697 1702 962 1755 terminos
988 1711 1146 1754 terra:
1185 1697 1251 1750 ⁷⁸.
1288 1717 1306 1748 ι
1341 1695 1590 1750 Exsultat
1621 1710 1751 1764 ergo
1784 1695 1836 1747 in
1869 1693 1953 1747 his

370 1797 462 1866 ῳιὶ
532 1797 606 1849 illi
659 1795 852 1859 ﬁdunt,
906 1795 958 1848 id
1014 1802 1118 1857 est,
1160 1793 1212 1846 in
1262 1792 1348 1846 his
1383 1790 1474 1862 qui
1530 1789 1704 1844 vocati
1735 1799 1854 1844 sunt
1885 1786 1954 1842 ad

372 1888 704 1957 agnitionem
739 1886 986 1941 veritatis
1041 1900 1135 1955 per
1172 1883 1366 1947 tidem,
1421 1893 1477 1938 et
1526 1898 1688 1937 manu
1745 1889 1954 1935 tantum

372 1995 477 2034 non
515 1988 768 2046 protensa
817 1991 912 2031 eos
962 1984 1230 2030 monstrat
1278 1973 1464 2028 dicens
1493 1993 1505 2028 :
1538 1991 1557 2025 ι
1593 1972 1735 2027 Ecce
1766 1986 1866 2041 ego
1901 1978 1957 2025 et

371 2071 522 2141 pueri
574 2083 710 2138 quos
753 2067 900 2122 dedit
939 2067 1070 2121 mihi
1106 2065 1264 2121 Deus.
1291 2084 1310 2117 ι
1349 2064 1480 2132 Quis
1513 2064 1676 2135 igitur
1707 2066 1798 2134 qui
1835 2065 1950 2118 hac

369 2161 616 2231 Ιοιιιιίιυτ
641 2161 666 2213 ?
719 2159 972 2215 videlicet
1020 2157 1364 2223 Emmanuel,
1389 2157 1484 2228 qui
1517 2157 1646 2224 erit,
1677 2156 1872 2226 inquit,
1900 2156 1955 2208 in

371 2256 526 2323 signa
552 2263 607 2307 et
629 2261 844 2308 ostenta
870 2253 921 2306 in
945 2251 1129 2318 lsrael,
1162 2265 1192 2306 a
1222 2250 1452 2307 Domino
1471 2249 1711 2304 Sabaoth
1737 2247 1828 2318 qui
1852 2247 1954 2302 ha-

373 2349 512 2401 bitat
547 2346 599 2398 in
631 2355 814 2399 monte
845 2345 1001 2400 Sion.
1038 2344 1173 2399 Nam
1202 2355 1263 2399 ut
1304 2347 1528 2400 credant
1567 2354 1725 2398 teme
1762 2339 1952 2396 incola:

367 2453 498 2494 eum
531 2437 622 2506 qui
655 2447 848 2491 natura
887 2436 1031 2492 Deus
1052 2448 1159 2502 est,
1192 2435 1394 2490 factum
1426 2449 1548 2490 esse
1573 2433 1874 2497 hominem,
1901 2441 1956 2486 et

374 2530 466 2598 qui
521 2526 892 2582 universitatis
937 2525 1198 2580 Dominus
1253 2524 1492 2590 exsistit,
1549 2523 1693 2578 servi
1723 2520 1956 2576 formam

368 2631 619 2694 gestasse
653 2622 866 2684 ratione
893 2617 1316 2688 dispensationis
1354 2633 1467 2674 sua:
1493 2625 1717 2688 prapter
1743 2630 1865 2680 nos,
1894 2629 1958 2670 ac

374 2716 731 2784 complurima
779 2729 878 2786 per
919 2711 1169 2768 Iudaeam
1203 2711 1352 2782 signa
1387 2720 1670 2780 operatum
1705 2724 1846 2776 esse,
1875 2708 1958 2764 di-

377 2811 625 2879 vinaeque
648 2808 977 2878 praestantiae
1016 2807 1401 2862 documentum
1445 2805 1807 2860 clarissimum
1849 2803 1959 2859 edi-

2051 403 2267 472 αγγελῶ
2296 403 2356 457 τὸ
2395 403 2566 473 δνομά
2599 419 2692 456 σου
2717 405 2828 466 τοῖς
2873 401 3125 471 ἀδελφοῖς
3169 418 3292 472 μου.
3332 418 3350 452 ι
3392 398 3542 469 Πλὴν
3594 400 3648 453 ει

2049 495 2140 547 καὶ
2165 494 2384 562 γέγονεν
2407 493 2652 562 ἀδελφὸς,
2680 495 2776 548 κα⁸ι
2802 494 3211 565 κεχρημάτικεν
3240 492 3398 564 ἡμῶν
3431 491 3650 563 πρωτό-

2048 603 2204 650 τοκος
2237 585 2324 639 διὰ
2355 586 2415 639 τὸ
2458 585 2820 658 ἀνθρώπινον,
2851 585 3027 640 καίτοι
3056 584 3188 648 Θεὸς
3217 584 3510 657 ὑπάρχων,
3547 582 3649 637 καὶ

2050 677 2177 741 Υἱὸς
2217 679 2533 751 μονογενὴς,
2565 679 2680 732 ἀλλ’
2709 679 2810 733 οὐκ
2837 681 3082 750 ὴγνοήκσ
3093 695 3192 749 μεν
3229 678 3396 732 αὑτοῦ
3429 678 3529 748 τὴν
3559 677 3650 731 δό-

2053 769 2167 836 ξαν,
2191 771 2284 824 καὶ
2305 769 2400 841 τὴν
2423 771 2561 824 κατὰ
2589 772 2771 842 πάσης
2794 771 3025 834 κτίσεως
3049 772 3149 824 ὑπε
3161 772 3345 842 ροχήν.
3377 771 3568 840 Ἴσμεν
3586 769 3648 822 δὲ

2050 861 2132 912 ὅτι
2160 859 2420 930 δεδόμεθα
2445 859 2594 932 αὐτῷ
2624 860 2773 931 παρὰ
2793 860 2928 914 Θεοῦ
2961 860 3054 915 καὶ
3084 861 3320 930 Πατρός.
3354 860 3464 913 Καὶ
3486 858 3650 913 τοῦτο

2051 951 2214 1015 αὐτὸς
2243 945 2556 1023 εὑρίσκεται
2595 951 2770 1020 λέγων
2832 952 2972 1024 πρὸς
3001 953 3094 1007 τὸν
3138 954 3196 1007 ἐν
3239 956 3352 1016 τοῖς
3392 953 3648 1024 οὐρανοῖς

2051 1042 2272 1114 Πατέρα
2308 1043 2403 1097 καὶ
2431 1043 2584 1096 Θεόν·
2618 1062 2637 1096 ι
2675 1042 2784 1108 Οὓς
2810 1043 3049 1108 δέδωκάς
3092 1061 3182 1116 μοι
3212 1045 3278 1098 ἐκ
3310 1043 3402 1098 τοῦ
3434 1045 3647 1116 κόσμου

2053 1134 2136 1186 σοὶ
2170 1129 2330 1205 ἦσαν,
2377 1135 2546 1205 κάμοὶ
2587 1135 2785 1198 αὑτοὺς
2819 1134 3046 1199 ἔδωκας.
3092 1154 3110 1188 ι
3162 1134 3364 1206 Κύριος
3404 1136 3500 1206 μὲν
3532 1135 3650 1208 γὰρ

2050 1225 2158 1278 τῶν
2192 1225 2329 1279 ὅλων
2367 1227 2484 1280 ἐστλ⁵
2528 1227 2670 1280 κατὰ
2705 1226 2866 1295 φύσιν
2892 1229 2921 1280 6
2956 1226 3104 1290 Υἱός
3149 1227 3244 1280 καὶ
3275 1227 3652 1299 συγκατάρχει

2054 1319 2255 1382 παντὸς
2280 1317 2507 1390 γενητοῦ
2543 1319 2621 1390 τῷ
2651 1319 2770 1390 Θεῷ
2809 1320 2904 1374 καὶ
2951 1319 3148 1392 Πατρί.
3193 1321 3412 1393 Ἐπειδὴ
3437 1322 3532 1374 καὶ
3556 1322 3654 1389 τέο

2054 1429 2209 1482 γονεν
2239 1412 2545 1482 ἄνθρωπος,
2578 1405 2623 1480 ᾧ
2663 1411 2844 1465 πάντα
2889 1412 3007 1464 ἐστὶ
3048 1411 3304 1465 Θεόσδοτα.
3344 1413 3437 1466 καὶ
3467 1414 3654 1466 είσκεο

2054 1503 2289 1574 κριμένα
2317 1501 2535 1571 λέγεται
2563 1503 2770 1568 λαϐεῖν,
2804 1495 2878 1556 ὧν
2918 1502 3130 1574 ὑπῆρχε
3168 1501 3356 1572 κύριος
3385 1502 3462 1557 ὡς
3491 1503 3649 1565 Θεὸς*

2060 1615 2077 1646 ‹
2109 1597 2337 1666 Αἷτησαι
2372 1594 2501 1665 γὰρ,
2537 1613 2555 1647 ι
2594 1595 2749 1666 φησὶ,
2792 1611 2813 1647 s
2849 1593 2980 1663 παρ’
3013 1592 3173 1665 ἐμοῦ,
3219 1595 3312 1647 καὶ
3353 1593 3512 1647 δώσω
3566 1611 3654 1648 σοι

2056 1689 2182 1760 ἔθνη
2223 1689 2321 1761 τὴν
2360 1687 2728 1762 κληρονομίαν
2759 1705 2873 1751 σου,
2917 1688 3010 1742 καὶ
3049 1687 3146 1758 τὴν
3180 1688 3512 1758 κατάσχεσίν
3553 1705 3652 1742 σου

2054 1780 2123 1833 τὰ
2151 1779 2362 1851 πέρατα
2395 1779 2494 1848 τῆς
2535 1778 2659 1848 γῆς.
2699 1797 2717 1830 ι
2773 1779 3161 1848 Ἑπιγάννυται
3199 1779 3382 1832 τοίνυν
3411 1782 3524 1842 τοῖς
3559 1781 3652 1831 ἐπ’

2057 1873 2208 1942 αὐτῷ
2248 1871 2586 1933 πεποιοόσιν,
2631 1869 2777 1923 τοῦτ’
2809 1870 2946 1936 ἔστι,
2995 1873 3106 1934 τοῖς
3154 1871 3513 1942 κεκλημένοις
3567 1872 3654 1936 εἰς

2057 1966 2356 2034 ἐπίγνωσιν
2388 1962 2647 2034 ἀληθείας
2690 1962 2781 2016 διὰ
2816 1963 2915 2034 τῆς
2955 1962 3210 2028 πίστεωςο
3251 1964 3409 2036 μόνον
3437 1964 3494 2018 δὲ
3529 1965 3656 2035 οὐχὶ

2057 2061 2152 2114 καὶ
2175 2061 2336 2130 χεῖρα
2353 2057 2654 2130 προτείνων
2668 2056 3074 2121 καταδείκνυσι,
3095 2057 3289 2127 λέγων·
3316 2077 3335 2109 ι
3377 2059 3508 2113 ’1δοὺ
3538 2059 3655 2128 ἐγὼ

2056 2153 2152 2206 κα)⁸
2173 2151 2244 2205 τὰ
2271 2149 2478 2215 παιδία,
2514 2149 2550 2204 ἆ
2587 2167 2677 2221 μοι
2709 2150 2910 2205 ἔδωκεν
2943 2152 2973 2204 6
2997 2150 3148 2214 Θεός.
3183 2171 3202 2203 s
3233 2150 3330 2216 Τίς
3355 2148 3448 2206 οὖν
3474 2153 3656 2207 ταῦτα

2056 2245 2260 2314 λέγων;
2293 2245 2322 2297 6
2351 2243 2700 2316 Ἐμμανουήλ
2724 2243 2988 2314 δηλονότι.
3018 2245 3115 2305 Ὃς
3145 2243 3316 2309 ἔσται,
3351 2247 3536 2315 φησὶν,
3570 2249 3657 2310 είς

2059 2339 2261 2409 σημεῖα
2295 2337 2390 2391 καὶ
2421 2336 2625 2409 τέρατα
2651 2337 2710 2389 ἐν
2740 2334 2819 2406 τῷ
2859 2335 3077 2408 Ἰσραὴλ
3109 2339 3261 2408 παρὰ
3288 2337 3496 2408 Κυρίου
3543 2338 3658 2390 Σα-

2057 2428 2228 2494 ϐαὼθ,
2258 2428 2318 2492 ὃς
2343 2430 2590 2481 κατοικεῖ
2622 2429 2679 2480 ἐν
2704 2427 2780 2498 τῷ
2804 2427 2920 2499 ὄρει
2947 2427 3106 2484 Σιών.
3141 2429 3259 2482 Ἵνα
3285 2429 3395 2501 γὰρ
3423 2431 3655 2482 πιστεύ-

2060 2538 2208 2576 σειαν
2240 2522 2290 2573 οἱ
2323 2519 2464 2574 κατὰ
2495 2521 2673 2574 πᾶσαν
2702 2520 2802 2590 τὴν
2831 2523 2960 2592 γῆν,
2987 2521 3068 2574 ὅτι
3095 2521 3228 2586 Θεὸς
3256 2521 3332 2575 ὣν
3359 2522 3520 2592 φύςει
3553 2525 3655 2592 γέ-

2058 2631 2215 2684 γονεν
2237 2613 2541 2686 ἄνθρωπος,
2567 2613 2791 2669 καὶτῶν
2829 2613 2969 2668 ὅλων
2999 2614 3260 2686 ὑπάρχων
3283 2615 3508 2688 Κύριος,
3549 2619 3659 2688 τὴν

2057 2707 2152 2762 τοῦ
2195 2707 2381 2762 δούλου
2423 2709 2702 2780 πεφόρηκε
2741 2707 2956 2780 μορφὴν
2990 2710 3348 2781 οἰκονομικῶς
3383 2710 3448 2765 δι’
3479 2713 3658 2783 ἡμᾶς’

2060 2801 2290 2856 πλεῖστά
2314 2819 2374 2856 τε
2405 2802 2506 2856 ὅσα
2535 2803 2677 2856 κατὰ
2698 2801 2798 2874 τὴν
2827 2802 3080 2857 Ἰουδαίαν
3105 2803 3399 2874 εἰργάσατο
3425 2809 3660 2876 σημεῖα,

376 2904 542 2967 disse,
597 2910 759 2972 atque
790 2915 851 2955 ea
879 2901 1117 2972 perfecta
1145 2915 1267 2970 quae
1291 2899 1599 2970 opinionem
1628 2897 1871 2954 omnium
1904 2903 1954 2951 et

2060 2897 2155 2950 καὶ
2218 2897 2317 2968 τῆς
2364 2895 2513 2960 Θείας
2581 2896 2853 2966 ὑπεροχῆς
2919 2898 3315 2969 ἐνεργεστάτην
3376 2897 3660 2964 ἀπόδειξιν

371 2999 674 3051 orationem
711 3003 989 3065 superant,
1027 3003 1269 3050 mortuos
1295 2992 1606 3059 excitando,
1651 2989 1954 3047 immundos

2061 2993 2369 3062 ἐποιήσατο·
2405 2990 2473 3044 τὰ
2503 2989 2822 3062 παραδόξως
2862 3006 2921 3042 τε
2983 2990 3078 3044 καὶ
3130 2989 3273 3062 ὑπὲρ
3313 2990 3469 3059 λόγον
3517 2993 3654 3044 ἀπο.

374 3091 602 3158 spiritus
661 3089 1015 3158 increpando,
1071 3087 1341 3155 caecisque
1373 3087 1545 3142 visum
1587 3100 1683 3154 pro
1719 3083 1954 3152 suojure

2061 3086 2383 3156 τελούμεναο
2430 3083 2592 3138 τοῦτο
2655 3083 2754 3156 μὲν
2803 3083 3031 3155 νεκροὺς
3085 3084 3346 3153 ἀναστάς,
3395 3083 3554 3139 τοῦτο
3595 3085 3661 3140 δὲ

375 3194 430 3232 et
477 3181 806 3235 auctoritate
865 3179 1166 3249 largiendo.
1222 3177 1462 3234 Judaicm
1493 3186 1673 3232 autem
1699 3176 1963 3248 perversi-

380 3270 506 3324 tatis
527 3280 579 3323 et
610 3270 904 3339 impietatis
929 3269 1262 3336 criminatio,
1286 3269 1604 3340 prophetica
1630 3269 1738 3323 erit
1758 3268 1957 3324 oratio.

379 3362 544 3431 Signa
590 3362 734 3416 enim
787 3371 840 3414 et
881 3371 1095 3416 Ostenta
1137 3376 1166 3414 a
1198 3361 1425 3416 Domino
1472 3358 1714 3415 Sabaoth
1741 3359 1833 3429 qui
1867 3361 1962 3414 ha-

373 3453 519 3507 bitat
574 3452 628 3507 in
687 3461 868 3507 monte
927 3452 1078 3520 Sion,
1133 3451 1281 3507 facta
1310 3453 1490 3508 dicit:
1529 3451 1618 3508 isti
1665 3465 1796 3506 vero
1824 3450 1961 3506 nihil

379 3560 486 3602 non
537 3553 591 3599 et
645 3559 827 3598 rerum
867 3552 921 3598 et
956 3544 1248 3599 verborum
1298 3545 1587 3615 impiorum
1637 3545 1960 3600 intentatum

379 3635 769 3706 relinquentes,
801 3635 1180 3704 blasphemare
1206 3636 1322 3691 ausi
1351 3644 1476 3689 sunt
1496 3635 1776 3690 dicentes:
1805 3651 1828 3686 ι
1859 3631 1962 3689 Hic

380 3744 486 3783 non
542 3729 691 3799 ejicit
743 3727 1007 3784 daemonia
1065 3729 1167 3784 nisi
1212 3743 1307 3800 per
1338 3727 1626 3785 Beelzebul
1658 3727 1959 3800 principem

379 3822 769 3876 dannoniorum
805 3821 876 3877 ".
908 3837 927 3874 ι

455 4104 620 4160 γης.
657 4105 746 4171 19,
772 4101 864 4158 20.
900 4101 964 4157 Et
999 4103 1044 4157 si
1073 4103 1304 4157 dixerint
1325 4101 1463 4156 vobis
1485 4118 1502 4153 :
1533 4086 1800 4172 Requirite
1821 4107 1962 4154 vates

2061 3175 2393 3248 ἀκαθάρτοις
2439 3175 2746 3246 πνεύμασιν
2787 3175 3078 3246 ἐπιτιμῶν’
3124 3177 3218 3229 καὶ
3256 3176 3476 3246 τυφλοῖς
3507 3176 3563 3230 δὲ
3594 3181 3663 3230 τὸ

2063 3269 2282 3340 βλέπειν
2333 3271 2390 3322 ἐν
2434 3268 2656 3340 ἐξουσίᾳ
2708 3268 3074 3340 δωρούμενος.
3111 3269 3407 3340 Ἕγκλημα
3455 3270 3513 3323 δὲ
3557 3274 3664 3341 τῆς

2075 3358 2343 3413 Ἰουδαίων
2380 3359 2704 3431 σκαιότητος
2744 3359 2840 3412 καὶ
2883 3358 3222 3423 δυσσεϐείας,
3262 3362 3290 3413 ὁ
3321 3361 3662 3432 προφητικδς

2063 3454 2214 3508 ἔσται
2244 3452 2420 3522 λόγος.
2450 3451 2532 3506 Τά
2559 3453 2660 3535 μὲν
2689 3452 2798 3525 γὰρ
2822 3455 3025 3523 σημεῖα
3052 3453 3144 3506 καὶ
3172 3453 3242 3507 τὰ
3265 3454 3470 3524 τέρατα
3504 3456 3662 3524 παρὰ

2061 3543 2268 3617 Κυρίου
2314 3543 2543 3597 Σαϐαὼθ
2586 3542 2680 3598 τοῦ
2721 3543 3104 3609 κατοικοῦντος
3157 3545 3215 3598 ἐν
3247 3545 3326 3616 τῷ
3370 3546 3486 3617 ὄρει.
3518 3546 3663 3599 Σιὼν

2062 3636 2389 3710 γεγενῆσθαί
2415 3654 2600 3708 φησιν.
2634 3637 2696 3690 ῡί
2739 3636 2795 3690 δὲ
2826 3637 3214 3692 τῶνέκτόπων
3243 3639 3278 3709 ἦ
3315 3639 3662 3712 πραγμάτων

2062 3732 2097 3804 ἢ
2143 3732 2317 3802 λόγων
2347 3731 2764 3802 ἀνεπιτήδευτον
2793 3729 2990 3796 ἐῶντες
3022 3732 3199 3799 οὐδὲν,
3235 3733 3540 3806 δυσφημεῖν
3561 3736 3663 3788 άπ-

2063 3833 2306 3903 ετόλμων
2362 3830 2632 3899 λέγοντεςθ
2673 3847 2692 3881 ι
2737 3821 2906 3894 Οὗτος
2959 3830 3060 3883 οὑκ
3117 3830 3373 3884 ἐκϐάλλει
3430 3831 3500 3885 τὰ
3539 3832 3662 3886 δαιο

2066 3922 2226 3994 μόνια
2269 3923 2320 3974 εἰ
2369 3921 2445 3992 μὴ
2484 3921 2540 3974 ἐν
2582 3920 2911 3986 Βεελζεϐοὑλ
2948 3920 3027 3993 τῷ
3075 3922 3298 3994 ἄρχοντι
3330 3923 3438 3977 τῶν
3466 3924 3664 3995 δαιμο-

2063 4016 2212 4069 νίων.
2252 4033 2271 4066 ι

2134 4106 2244 4160 Καὶ
2267 4104 2377 4161 ἐὰν
2397 4107 2615 4162 εἴπωσι
2648 4109 2805 4176 πρὸς
2830 4107 3005 4179 ὑμᾶς·
3034 4107 3347 4176 Ζητήσατε
3369 4109 3512 4176 τοὺς
3537 4111 3661 4166 ἀπὸ

382 4200 444 4253 de
497 4211 639 4252 terra
688 4211 860 4251 vocem
911 4196 1138 4261 edentes,
1182 4195 1552 4263 rentritoquos,
1582 4195 1874 4260 vanidicos,
1913 4203 1954 4247 et

2063 4194 2176 4266 τῆς
2214 4195 2329 4267 γῆς
2373 4197 2749 4267 φωνοῦντας,
2803 4198 2904 4252 καὶ
2951 4198 3097 4264 τοὺς
3151 4199 3666 4271 ἐγγαστριμύθους

381 4291 472 4356 qui
509 4292 572 4344 de
601 4301 776 4344 ventre
816 4289 1124 4359 loquuntur,
1158 4302 1326 4341 nonne
1351 4302 1474 4356 gens
1499 4290 1568 4340 ad
1593 4286 1757 4340 Deum
1779 4286 1954 4340 suum!

2065 4287 2206 4354 τοὺς
2231 4287 2728 4357 κενολογοῦντας,
2754 4286 2812 4340 ot
2837 4287 2906 4341 ἐκ
2930 4287 3041 4355 τῆς
3072 4289 3308 4355 κοιλίας
3321 4291 3660 4360 φωνοῦσιν,

387 4385 528 4451 Quid
573 4385 846 4439 consulitis
891 4385 953 4437 de
1007 4383 1136 4437 vivis
1186 4392 1418 4436 mortuos
1447 4381 1473 4435 7
1525 4378 1708 4449 Legem
1736 4380 1874 4434 enim
1911 4381 1954 4434 in

2068 4381 2179 4434 οὐκ
2219 4379 2396 4445 ἔθνος
2433 4379 2584 4449 πρὸς
2612 4379 2762 4435 Θεὸν
2793 4381 3021 4445 αὑτοῦ;
3060 4381 3126 4437 Τί
3162 4381 3476 4452 ἐκζητοῦσι
3524 4389 3666 4454 περὶ

383 4475 750 4546 ndjumcntum
808 4477 976 4543 dedit,
1028 4485 1082 4530 ut
1141 4474 1369 4527 dicant:
1401 4471 1522 4527 Non
1571 4473 1702 4527 sicut
1755 4471 1954 4525 verbum

2071 4469 2188 4525 τῶν
2275 4469 2506 4532 ζώντων
2561 4471 2705 4538 τοὺς
2763 4475 3060 4541 νεκρούς;
3133 4477 3336 4547 IVde
3399 4478 3513 4548 γὰρ
3577 4482 3668 4545 είς

383 4572 546 4636 istud,
581 4571 766 4640 dequo
787 4587 888 4626 non
916 4580 987 4625 est
1003 4571 1145 4625 dona
1166 4569 1294 4623 dare
1317 4583 1410 4637 pro
1438 4569 1567 4635 ipso.

2064 4563 2356 4630 βοήθειαν
2411 4563 2656 4633 ἔδωκεν,
2707 4566 2808 4622 ἵνα
2846 4567 3123 4623 εἴπωσιν*
3135 4569 3256 4638 Οὐχ
3289 4570 3371 4637 ὡς
3395 4571 3463 4624 τὸ
3494 4570 3668 4641 ῥῆμα

2069 4655 2244 4712 τοῦτο
2312 4656 2446 4728 περὶ
2515 4653 2588 4715 οὗ
2652 4661 2766 4714 οὐκ
2831 4651 2989 4714 ἐστι’
3020 4659 3181 4730 δῶρα
3247 4661 3460 4718 δοῦναι
3527 4665 3667 4734 περὶ

2070 4750 2282 4806 αὐτοῦ.

458 4849 840 4907 lnstrnctionls
921 4849 1132 4920 plenam
1188 4853 1492 4908 orationem
1550 4855 1796 4924 pratexit
1847 4854 1954 4924 ipse

2141 4861 2526 4932 Κατηχητικὸν
2562 4861 2840 4932 ἐξυφαίνει
2868 4867 3026 4937 λόγον
3058 4869 3223 4933 αὐτὸς
3249 4870 3278 4922 6
3315 4871 3667 4946 Ἐμμανουὴλ

385 4943 728 5010 Emmanuel,
751 4944 833 4998 his
846 4943 937 5013 qui
959 4958 1108 5013 spem
1137 4944 1191 4998 in
1212 4945 1329 5014 ipso
1356 4945 1518 5018 146
1537 4958 1854 5016 posuerunt,
1875 4964 1946 5017 qu

2069 4953 2182 5014 τοῖς
2237 4951 2430 5005 ἐλπίδα
2476 4951 2726 5022 θεμένοις
2754 4957 2834 5019 είς
2867 4959 3049 5023 αὑτὸν,
3091 4962 3141 5015 οἳ
3198 4943 3670 5036 κατελογίσθησάν

391 5037 819 5094 numerabantur
855 5037 907 5091 in
944 5037 1089 5100 ﬁliis,
1133 5047 1188 5093 et
1239 5037 1340 5108 ipsi
1376 5055 1406 5091 a
1452 5037 1564 5093 Deo
1589 5050 1639 5094 et
1677 5040 1835 5096 Patre
1861 5041 1948 5095 dat

2077 5043 2175 5113 μὲν
2205 5045 2264 5095 ἐν
2295 5043 2524 5107 τέκνοις·
2548 5045 2786 5101 δέδονται
2807 5049 3046 5124 δέαὑτῷ
3078 5054 3230 5125 παρὰ
3261 5055 3396 5108 Θεοῦ
3427 5059 3520 5110 καὶ
3554 5059 3670 5111 Πα-

391 5139 558 5198 sunt,
618 5137 677 5183 ιιι
712 5127 992 5183 Servatori
1017 5136 1072 5181 et
1101 5124 1475 5198 Redemptori,
1522 5137 1579 5184 et
1619 5131 1947 5186 Vivitiratori

2074 5134 2223 5204 τρδς,
2259 5134 2336 5198 ὡς
2383 5137 2600 5210 Σωτῆρι
2645 5141 2738 5193 καὶ
2792 5117 3052 5216 Λυτρωτῇ
3106 5117 3199 5200 udi.
3252 5149 3531 5220 Ζωοποιῷ,
3572 5153 3671 5205 καὶ

390 5223 592 5291 quique
643 5220 954 5275 illuminare
1005 5219 1172 5282 valet,
1218 5220 1475 5288 omnique
1517 5221 1662 5275 malo
1709 5221 1954 5290 liberare,

2077 5228 2480 5296 καταφωτίξειν
2524 5231 2780 5300 ἰσχύοντι,
2815 5237 2910 5288 καὶ
2934 5239 3137 5301 παντὸς
3175 5241 3540 5296 ἀπαλλάττειν
3569 5261 3671 5296 κα-

389 5324 446 5364 et
471 5313 561 5382 qui
596 5329 692 5368 eos
717 5313 971 5368 omnibus
1011 5312 1188 5366 modis
1221 5327 1248 5364 a
1282 5311 1527 5381 pristinis
1566 5313 1806 5366 moribus
1851 5314 1954 5380 pri-

2073 5316 2208 5371 x-z-G-
2247 5319 2509 5392 ἀφίστησι
2553 5323 2610 5376 δὲ
2650 5325 2849 5391 αὐτοὺς
2897 5329 3206 5399 ὁλοτρόπως
3259 5334 3368 5387 τῶν
3422 5335 3671 5405 ἀρχαίων

391 5419 586 5470 unaque
613 5403 884 5459 dementia
915 5404 1176 5459 vindicat.
1206 5404 1302 5458 Est
1347 5404 1492 5457 enim
1529 5403 1580 5457 in
1615 5419 1767 5459 more
1798 5405 1954 5459 idolo-

2073 5410 2242 5478 ἠθῶν,
2272 5414 2366 5466 καὶ
2395 5416 2822 5484 φρενοϐλαϐείας
2849 5421 2948 5491 τῆς
2979 5422 3221 5495 πρώτης.
3249 5426 3410 5491 "EGO;
3558 5429 3672 5497 γὰρ

392 5504 510 5542 rum
566 5491 863 5550 cultoribus
888 5535 904 5561 ,
958 5494 1236 5549 oraculum
1269 5494 1657 5549 dminoniorum
1689 5496 1954 5566 amplecti,

2072 5505 2183 5566 τοῖς
2212 5506 2321 5556 τῶν
2361 5507 2596 5564 εἰδώλων
2630 5515 3050 5585 προσκυνηταῖς,
3080 5518 3207 5583 τοὺς
3238 5526 3301 5572 ἐκ
3333 5519 3440 5572 τῶν
3477 5521 3675 5591 δαιμο-

459 5646 507 5677 ⁷²
528 5645 670 5702 Psal.
692 5663 804 5718 ut,
823 5648 912 5706 23.
986 5651 1035 5684 ⁷³
1055 5649 1212 5707 Joau.
1242 5668 1374 5719 xui,
1401 5654 1453 5709 9.
1529 5653 1576 5686 "
1601 5654 1743 5710 Psal.
1770 5673 1832 5719 ιι,
1857 5656 1909 5710 8.
1989 5657 2033 5688 ⁷⁸
2059 5656 2248 5713 Matth.
2279 5676 2371 5723 xu,
2395 5661 2484 5716 24.
