4002 6212
209 355 318 409 2H

1375 358 1443 414 IN
1482 358 1721 415 ISAIAH
1759 357 1890 414 LIB.
1925 358 1966 413 l.
2010 357 2216 416 OR'AT.
2260 357 2324 413 Υ.

3389 367 3496 420 ⁸2-ίὲ

210 476 348 530 νίων
380 477 664 548 χρησμοὺς
705 475 956 548 ἀγαπᾷν,
1006 479 1099 532 καὶ
1140 477 1441 548 κενολόγοις
1473 480 1584 533 τισὶ
1629 495 1816 549 νεκρο-

1921 487 1974 535 ει
2028 480 2332 549 vaniloquis
2382 477 2708 550 quibusdam
2779 478 3194 533 necromanticis
3245 479 3512 534 εάιιιιιτες.

218 566 453 636 μάντεσι
498 565 859 634 προσκεῖσθαι
903 567 1096 636 φιλεῖν,
1146 569 1196 621 οῖ
1235 567 1451 637 λέγουσι
1483 569 1582 640 μέν
1613 568 1813 639 ἀληθὲς

216 657 401 711 οὐδέν·
451 655 839 728 ἀνερεύγονται
891 658 949 712 δὲ
1007 658 1194 731 ὥσπερ
1247 660 1307 714 τὸ
1371 663 1450 724 είς
1505 659 1630 713 νοῦν
1677 655 1814 732 ἧκον

219 749 431 812 ἁπλῶς.
488 749 628 802 Ἀλλ’
658 749 840 820 ὑμεῖς,
869 750 1023 820 φησὶ,
1049 751 1153 804 κᾶν
1189 753 1238 805 εί
1273 752 1549 825 προσίοιτό
1581 769 1688 816 τις,
1720 750 1813 804 λέ-

220 857 353 908 γων·
391 841 680 912 Ζητήσατε
711 845 839 905 τοὺς
875 843 984 897 ἀπὸ
1027 844 1127 914 τῆς
1165 847 1267 915 γῆς
1299 844 1631 913 φωνοῦντας,
1668 842 1814 897 τοῦτ’

219 933 358 993 ἐστι,
379 935 526 1003 ,τοὺς
562 937 1065 1006 προσποιουμένους
1093 938 1385 1009 ἀναφέρειν
1413 937 1539 1001 τοὺς
1565 936 1811 1009 νεκρούς·

219 1023 314 1077 κὰ
366 1023 562 1095 ῶσπερ
611 1025 670 1090 ἐξ
713 1026 840 1097 ᾅδου
876 1027 1145 1081 ποιεῖσθαι
1188 1028 1286 1091 τὰς
1332 1029 1611 1099 μαντείας·
1647 1029 1816 1099 ἤγουν

219 1117 348 1179 τοὺς
407 1117 903 1188 ἐγγαστριμύθους·
942 1120 991 1172 οἳ
1047 1119 1468 1191 προσποιοῦνται
1518 1121 1616 1191 μὲν
1660 1119 1818 1184 θεούς

220 1223 376 1270 τινας
399 1206 547 1276 ἔχειν
571 1209 650 1271 είς
679 1207 778 1278 τὴν
804 1208 1029 1274 κοιλίαν,
1060 1209 1202 1263 οὕτω
1229 1229 1286 1264 τε
1312 1215 1424 1275 τοῖς
1440 1210 1723 1284 προσιοῦσι
1749 1211 1819 1266 τὰ

223 1297 372 1368 παρ’
397 1298 630 1351 ἐκείνων
679 1298 878 1361 λαλεῖν,
915 1301 990 1370 μὴ
1017 1302 1304 1372 προσίεσθε
1348 1305 1446 1374 τὴν
1482 1303 1815 1375 συμϐουλήν.

222 1385 471 1439 Φωνοῦσι
505 1387 614 1458 γὰρ
641 1388 749 1441 ἀπὸ
778 1389 944 1459 μόνης
965 1391 1064 1460 τῆς
1096 1393 1304 1446 ἑαυτῶν
1330 1393 1558 1460 κοιλίας,
1595 1395 1687 1448 καλ⁵
1719 1397 1820 1449 οὐκ

225 1480 366 1532 εἰσὶν
397 1479 556 1543 ἔθνος
587 1481 824 1545 συνετὸν,
859 1481 998 1536 ῶστε
1033 1485 1127 1536 καὶ
1156 1483 1496 1556 ἀναζητῆσαι
1535 1486 1689 1552 Θεὸν,
1725 1486 1820 1541 καὶ

227 1570 360 1640 παρ’
400 1568 573 1623 αὑτοῦ
621 1588 676 1624 τι
727 1571 933 1642 μαθεῖν.
970 1573 1172 1642 Λέγετε
1228 1575 1286 1628 δὲ
1323 1578 1434 1639 τοῖς
1461 1578 1644 1631 ἐκεῖνα
1682 1595 1820 1648 συμ-

229 1662 578 1715 ϐουλεύουσι·
620 1663 686 1716 Τί
717 1663 1005 1734 ἐκζητοῦσι
1035 1667 1163 1736 περὶ
1191 1665 1300 1720 τῶν
1331 1667 1548 1732 ζώντων
1576 1669 1700 1734 τοὺς
1731 1687 1818 1723 νε-

231 1754 432 1825 κρούς;
469 1755 602 1828 ὁρᾷς
633 1755 782 1818 ὅπως
823 1755 1191 1825 ἀπεργάζεται
1234 1757 1708 1827 νουνεχεστάτους;
1744 1758 1817 1811 Οὐ

1919 587 2103 638 scere,
2134 572 2223 642 qui
2253 572 2365 626 veri
2396 571 2613 640 quidem
2666 569 2801 624 nihil
2827 569 3034 635 dicunt,
3070 571 3163 624 sed
3197 571 3341 624 velut
3370 586 3496 625 eru-

1917 672 2066 720 ctant
2094 662 2356 732 quidquid
2390 672 2592 716 temere
2625 662 2678 715 in
2715 671 2947 715 mentem
2983 662 3149 715 venit.
3180 661 3344 729 Atqui
3376 677 3494 725 vos.

1917 755 2130 824 inquit,
2179 754 2394 810 etiamsi
2445 753 2668 808 accedat
2719 753 2859 819 quis,
2908 766 2971 806 ac
3000 753 3144 805 dicat
3176 770 3188 805 :
3218 753 3497 806 Consulite

1915 856 2068 901 vates
2117 845 2183 900 de
2224 853 2367 898 terra
2402 859 2590 898 vocem
2613 844 2856 904 edentes,
2890 841 2942 896 id
2971 852 3076 908 est,
3117 843 3207 911 qui
3236 843 3497 896 simulant

1916 952 1978 992 se
2028 946 2269 992 mortuos
2318 937 2600 998 reducere,
2649 944 2704 989 et
2739 933 2887 988 velut
2934 948 3001 988 ex
3028 934 3213 988 inlcris
3255 935 3338 986 edi
3375 949 3498 986 ora.

1918 1031 2073 1098 cula;
2108 1031 2223 1086 sive
2244 1030 2638 1100 ventriloquos,
2665 1030 2756 1098 qui
2785 1030 2990 1098 lingunt
3008 1029 3136 1082 deos
3155 1043 3212 1082 se
3235 1031 3496 1097 quosdam

1917 1123 2120 1178 habere
2165 1123 2216 1176 in
2245 1131 2455 1185 ventre,
2491 1131 2546 1177 et
2587 1121 2659 1175 ita
2693 1121 3018 1175 adeuntibus
3053 1123 3168 1175 haec
3201 1121 3268 1173 ab
3305 1119 3410 1172 illis
3441 1132 3499 1172 se

1922 1214 2124 1277 dicere,
2152 1213 2440 1268 consilium
2474 1213 2638 1268 nolite
2671 1215 2980 1270 admittere.
3007 1214 3050 1266 Δ
3078 1228 3178 1267 suo
3201 1213 3344 1266 enim
3381 1213 3498 1267 solo

1919 1313 2112 1358 ventre
2143 1304 2378 1357 sonitum
2410 1305 2594 1368 edunt,
2628 1318 2728 1357 nec
2758 1313 2882 1358 sunt
2907 1318 3038 1372 gens
3073 1302 3401 1371 intelligens,
3440 1310 3498 1354 ut

1921 1395 2006 1449 vel
2059 1397 2224 1450 Deum
2268 1394 2576 1460 consulant,
2620 1393 2703 1448 vel
2738 1394 2805 1447 ab
2838 1393 2928 1446 illo
2959 1394 3169 1448 discant
3197 1393 3492 1461 quidpiam.

1921 1485 2097 1541 Dicite
2146 1501 2276 1541 vero
2320 1487 2407 1540 his
2459 1487 2551 1555 qui
2593 1501 2654 1539 ea
2690 1484 3022 1539 consulunt:
3063 1485 3201 1551 Quid
3248 1494 3501 1552 quaerunt

1922 1588 2166 1633 mortuos
2187 1579 2252 1633 de
2282 1578 2671 1643 vivis?v’iden’,
2703 1592 2810 1646 quo
2835 1587 2995 1647 pacto
3022 1592 3116 1630 eos
3151 1576 3337 1630 reddat
3370 1591 3500 1643 pru-

1921 1670 2320 1726 dentissimos?
2359 1668 2475 1724 Non
2528 1671 2672 1724 enim
2716 1671 2889 1724 solum
2938 1670 3181 1738 praecipit
3213 1685 3240 1722 a
3277 1683 3500 1737 perver-

1923 1758 2083 1813 sitate
2124 1772 2222 1812 sua
2257 1765 2311 1811 ει
2340 1756 2575 1811 amentia
2621 1759 2913 1822 desistere,
2949 1763 3041 1813 sed
3074 1760 3238 1812 etiam
3263 1759 3414 1825 jubet
3443 1769 3507 1810 ιιι

230 1845 340 1918 γὰρ
377 1846 542 1914 μόνον
587 1846 887 1917 ἀποφοιτᾷν
918 1847 1193 1900 ἐπιτάττει
1232 1847 1333 1918 τῆς
1371 1849 1595 1902 ἐκείνων
1639 1849 1820 1902 σκαιό-

1925 1849 2008 1904 his
2056 1850 2148 1919 qui
2185 1857 2391 1915 errant,
2431 1851 2554 1902 boni
2616 1849 2958 1903 consultores
3008 1851 3261 1903 evadant.
3327 1848 3500 1905 Dicite

232 1954 396 2009 τητος
427 1938 527 1990 καὶ
555 1938 999 2008 φρενοϐλαϐείας,
1031 1939 1166 1993 ἀλλὰ
1210 1939 1322 2011 γδφ
1350 1941 1444 1993 καὶ
1484 1941 1821 2010 συμϐούλους

234 2025 497 2096 ἀγαθοὺς,
546 2030 660 2091 τοῖς
710 2028 1145 2100 πεπλανημένοις
1188 2030 1437 2098 γενέσθαι
1473 2032 1818 2101 προστάττει.

233 2119 436 2188 Δέγετε
460 2120 592 2192 γὰρ,
615 2119 771 2191 φησί·
801 2119 864 2174 Τί
885 2119 1172 2192 ἐκζητοῦσι
1195 2121 1322 2193 περὶ
1338 2122 1446 2176 τῶν
1462 2122 1678 2189 ζώντων
1696 2126 1821 2188 τοὺς

235 2209 498 2282 νεκροῠς;
543 2211 724 2274 κοινὸς
769 2211 877 2282 γὰρ
925 2212 1016 2264 καὶ
1071 2211 1408 2284 ἀνθρώπινος
1463 2214 1493 2266 ὁ
1542 2213 1818 2286 λογισμός.

235 2303 396 2357 Ποῖον
433 2303 547 2374 γὰρ
591 2302 660 2356 ἂν
708 2302 821 2372 ἔχοι
859 2302 1014 2369 λόγον
1057 2304 1116 2357 τὸ
1149 2304 1410 2376 διερωτᾷν
1449 2305 1655 2360 ἐθέλειν
1693 2309 1822 2379 περὶ

235 2394 342 2448 τῶν
391 2393 477 2447 ἔτι
522 2391 741 2458 ζώντων
769 2394 896 2457 τοὺς
924 2395 980 2446 ἐν
1006 2398 1070 2465 τῇ
1097 2398 1166 2466 γῇ
1199 2397 1505 2467 κειμένους,
1543 2399 1576 2468 ἢ
1613 2399 1670 2452 ἐν
1696 2398 1820 2470 ᾅδου

234 2485 398 2556 τυχὸν
425 2486 729 2556 γενομένας
761 2485 968 2555 ψυχάς;
1002 2487 1112 2539 Καὶ
1144 2487 1263 2540 καθ’
1303 2488 1487 2560 ἕτερον
1511 2489 1567 2543 δὲ
1598 2493 1818 2562 τρόπον,

239 2578 449 2650 ἀμαθὲς
475 2579 754 2642 παντελῶς
779 2581 1223 2650 νεκυομαντείαις
1248 2583 1555 2654 προσέχειν,
1586 2585 1681 2638 καὶ
1702 2589 1822 2651 ταῖς

239 2671 346 2726 τῶν
391 2670 609 2743 γοητῶν
643 2671 992 2740 ψευδοεπίαις
1033 2673 1082 2726 οἳ
1113 2677 1302 2744 νεκρὸν
1337 2675 1517 2744 έχουσι
1554 2677 1646 2730 τὸν
1676 2678 1819 2746 νοῦν,

241 2762 332 2816 καὶ
350 2756 469 2817 οἷον
500 2761 891 2834 ἀπεψυγμένην
913 2763 1156 2835 καρδίαν.
1190 2765 1264 2818 Οὐ
1288 2767 1397 2838 γὰρ
1428 2769 1572 2821 ἴσασι
1592 2769 1682 2823 τὸν
1711 2769 1821 2825 τῶν

239 2852 372 2907 ὅλων
402 2853 756 2923 δημιουργὸν,
789 2854 889 2906 οὐκ
911 2855 1124 2926 ἔχουσιν
1157 2857 1214 2910 ἐν
1238 2859 1421 2922 αὐτοῖς
1441 2860 1531 2912 τὸν
1560 2859 1821 2925 ζωοποιὸν

239 2959 332 2998 του
372 2943 520 2998 Θεοῦ
547 2943 716 3013 λόγον.
747 2945 870 2999 Elei.
897 2946 951 2998 δὲ
984 2947 1121 3018 πρὸς
1148 2948 1326 3014 τοῦτο,
1364 2952 1457 3004 καὶ
1485 2955 1694 3024 νεκρῶν
1726 2953 1819 3025 ἕρ.

240 3052 352 3104 των
389 3036 735 3108 ἐπιμεληταί.
771 3039 896 3102 Πῶς
921 3035 1016 3093 οὖν
1055 3041 1103 3093 oi
1133 3038 1355 3106 ζῶντες,
1386 3042 1530 3096 τοῦτ’
1565 3044 1730 3110 ἔστιν,
1770 3049 1818 3100 οἱ

240 3129 338 3202 τὴν
375 3129 588 3184 ἄνωθεν
627 3129 840 3200 ἔχοντες
878 3131 936 3185 ἐν
978 3132 1189 3195 ἑαυτοῖς
1215 3133 1561 3204 ζωοποίησιν,
1594 3137 1685 3189 καὶ
1725 3138 1818 3193 τὸν

1880 1999 1892 2009 ,
1923 1941 2066 1994 ειιίιιι
2098 1981 2114 2008 ,
2173 1940 2348 2009 inquit
2376 1957 2390 1993 :
2444 1940 2582 2006 Quid
2634 1950 2882 2008 qntmunt
2916 1939 2984 1992 de
3034 1941 3173 1994 vivis
3206 1948 3452 1995 mortuos
3475 1941 3502 1993 τ

1922 2033 2239 2091 Communis
2285 2036 2428 2090 enim
2483 2037 2596 2089 haec
2641 2044 2722 2089 est
2772 2042 2826 2088 et
2874 2035 3108 2088 humana
3158 2034 3319 2088 ratio.
3359 2032 3498 2099 Quid

1923 2126 2069 2179 enim
2125 2125 2352 2180 rationis
2399 2125 2562 2179 habet
2615 2124 2680 2178 de
2733 2123 2815 2178 his
2841 2124 2930 2192 qui
2959 2123 3254 2177 etiamnum
3291 2123 3498 2188 vivunt,

1926 2217 2172 2272 homines
2225 2218 2276 2272 in
2335 2228 2476 2272 terra
2527 2217 2793 2285 jaccntes,
2835 2216 3168 2278 velanimas
3213 2230 3333 2286 qum
3361 2215 3499 2268 forte

1925 2318 2053 2363 sunt
2078 2309 2218 2378 apud
2256 2308 2461 2364 inferos
2505 2308 2814 2363 sciscitari?
2843 2307 2983 2374 Quin
3014 2307 3120 2361 alio
3148 2306 3310 2361 etiam
3341 2305 3500 2359 modo

1925 2401 2186 2455 insulsum
2242 2409 2298 2455 et
2353 2401 2592 2470 ineptum
2643 2411 2728 2455 est
2779 2400 3189 2463 necromanliis,
3240 2395 3499 2466 falsisque

1924 2493 2378 2563 praestigiatorum
2442 2493 2658 2558 verbis,
2719 2492 2810 2563 qui
2861 2501 3096 2546 mentem
3145 2501 3412 2545 mortuam
3445 2501 3501 2544 et

1924 2587 2161 2640 animum
2190 2586 2341 2655 quasi
2371 2586 2696 2640 exstinctum
2730 2585 2949 2649 habent,
2970 2583 3266 2639 attendere.
3292 2583 3500 2636 Etenim

1924 2677 2298 2730 universitatis
2342 2675 2591 2744 opificem
2644 2676 2914 2746 ignorant,
2963 2689 3062 2728 nec
3099 2674 3300 2728 habent
3334 2673 3386 2726 in
3414 2686 3504 2727 se-

1924 2767 2057 2836 ipsis
2084 2769 2352 2822 viventem
2387 2768 2478 2821 Dei
2502 2782 2808 2821 sermonem
2835 2780 2850 2818 :
2875 2767 2942 2820 ad
2971 2766 3084 2819 haec
3102 2774 3313 2820 mortua
3337 2778 3502 2834 opera

1923 2868 2202 2913 exercent.
2259 2857 2376 2925 Quo
2407 2859 2563 2912 modo
2593 2857 2757 2926 igitur
2788 2858 2878 2925 qui
2913 2857 3118 2920 vivunt,
3151 2858 3251 2912 hoc
3279 2864 3380 2920 est,
3411 2859 3502 2925 qui

1924 2966 2220 3020 supernam
2278 2952 2330 3004 in
2387 2965 2446 3005 se
2480 2950 2682 3004 habent
2717 2950 3154 3013 vivificationem,
3185 2959 3238 3004 et
3267 2949 3386 3002 vivo
3411 2947 3502 3004 Dei

1922 3041 2101 3098 Verbo
2128 3042 2282 3096 dilati
2318 3050 2465 3106 sunt,
2498 3042 2563 3095 de
2586 3039 2718 3110 ipsis
2745 3049 2992 3094 mortuos
3018 3039 3349 3093 consulunt?
3374 3037 3504 3094 llam

1923 3151 2074 3206 ergo,
2134 3135 2330 3204 inquit,
2387 3133 2572 3199 dicite,
2617 3131 2925 3186 addentes:
2986 3129 3184 3204 Legem
3241 3133 3291 3186 in
3347 3133 3502 3202 adju-

241 3222 420 3286 ζῶντα
445 3220 542 3276 τοῦ
575 3221 712 3275 Θεοῦ
745 3222 916 3289 Λόγον
941 3223 1444 3294 ἐκπεπλουτηκότες
1479 3229 1604 3298 περὶ
1639 3228 1819 3282 αὐτῶν

1929 3236 2171 3282 mentum
2206 3226 2383 3291 dedit,
2433 3225 2485 3278 id
2529 3233 2632 3289 est,
2685 3199 3089 3293 evangelicam;
3121 3233 3178 3276 ιιι
3208 3222 3298 3293 qui
3340 3223 3386 3277 ei
3414 3199 3504 3277 at-

240 3311 490 3384 ἐρωτῶσι
517 3311 646 3376 τοὺς
673 3311 937 3384 νεκρούς;
974 3313 1160 3367 Ταῦτα
1202 3315 1376 3370 τοίνυν
1417 3317 1624 3386 λέγετε,
1666 3321 1820 3391 φησὶ,

241 3404 627 3476 προστιθέντες
675 3405 758 3458 ὅτι
803 3405 965 3475 νόμον
1009 3409 1088 3470 είς
1128 3406 1375 3478 βοήθειαν
1414 3409 1632 3478 ἔδωκεν,
1679 3413 1822 3467 τοῦτ’

240 3495 379 3560 εστι,
411 3496 506 3550 τὸν
547 3495 920 3570 εὐαγγελικὺν,
962 3498 1028 3551 ἵν’
1066 3500 1116 3551 οί
1157 3502 1512 3570 προσέχοντες
1554 3503 1702 3574 αὐτῷ
1736 3503 1825 3558 λέ-

239 3602 438 3653 γωσιν·
467 3587 583 3657 οὐχ
606 3587 684 3652 ὡς
714 3588 775 3640 τὸ
802 3589 952 3659 ρἦα
976 3589 1152 3655 τοῦτο,
1177 3592 1306 3662 περὶ
1323 3585 1384 3645 οὗ
1418 3595 1520 3647 οὐκ
1544 3594 1658 3648 ἔστι
1678 3597 1825 3667 δῶρα

241 3677 431 3733 δοῦναι
461 3679 592 3749 περὶ
618 3680 804 3733 αὐτοῦ.
834 3681 1080 3735 Πωλοῦσι
1109 3683 1205 3754 μὲν
1236 3684 1344 3755 γὰρ
1364 3685 1426 3738 τὸ
1453 3687 1663 3755 ψεῦδος,
1691 3689 1739 3741 oi
1757 3688 1827 3742 τὰ

242 3771 307 3822 ἐκ
341 3769 516 3840 μόνης
543 3769 641 3840 τῆς
663 3771 872 3824 ἑαυτῶν
902 3773 1130 3842 καρδίας
1158 3773 1461 3839 λαλοῦντες·
1488 3778 1516 3829 ὁ
1548 3779 1604 3831 δέ
1630 3797 1692 3848 γε
1725 3797 1826 3832 σω-

240 3866 437 3935 τήριος
477 3865 573 3918 καὶ
628 3865 834 3935 ἀληθὴς
882 3864 975 3917 τοῦ
1013 3866 1148 3920 Θεοῦ
1190 3870 1371 3938 νόμος,
1411 3870 1553 3923 τοῦτ’
1582 3871 1718 3936 ἔστι,
1767 3873 1827 3926 τὸ

244 3957 530 4025 θέσπισμα
556 3954 616 4009 τὸ
645 3955 1016 4023 εὐαγγελικὺν,
1047 3956 1075 4008 ὂ
1098 3959 1304 4012 δέδοται
1339 3961 1476 4031 πρὸς
1509 3963 1828 4034 ἐπικουρίαν

245 4047 358 4102 τῶν
387 4046 483 4100 ἐπὶ
510 4047 612 4118 τῆς
643 4051 768 4119 γῆς,
804 4047 904 4101 οὐκ
946 4049 1091 4103 ἔστιν
1134 4051 1208 4116 ὡς
1237 4052 1297 4104 τὸ
1327 4053 1479 4123 ῥῆμα
1523 4054 1698 4121 τοῦτο,
1735 4057 1830 4129 δη-

243 4139 424 4192 λονότι
447 4140 559 4194 τῶν
587 4141 1016 4212 ψευδομάντεων.
1060 4143 1197 4196 Ἀλλ’
1219 4144 1324 4197 οὐδ’
1343 4145 1461 4197 ἐστι
1486 4145 1632 4218 δῶρα
1648 4149 1829 4203 δοῦναι

246 4231 378 4303 περὶ
405 4233 599 4288 αὐτοῦ.
635 4235 723 4298 Ὦς
751 4237 861 4308 γὰρ
888 4236 1022 4308 ἔφην
1052 4237 1255 4308 ἀρτίως
1277 4236 1538 4292 ώνοῦνταί
1568 4257 1710 4303 τινες
1741 4243 1833 4312 ἀρ-

1925 3319 2170 3382 tcndnnt,
2197 3317 2376 3370 dicant
2407 3334 2420 3371 :
2445 3313 2561 3369 Non
2589 3315 2729 3369 sicut
2759 3314 2980 3369 verbum
3005 3313 3147 3368 istud
3179 3315 3243 3368 de
3266 3329 3372 3384 quo
3397 3329 3514 3370 non

1923 3410 2048 3464 licet
2073 3411 2206 3464 dona
2233 3413 2362 3462 dare
2394 3424 2490 3478 pro
2519 3407 2654 3476 ipso.
2687 3405 2788 3472 Qui
2812 3421 3045 3476 namque
3061 3420 3129 3460 ex
3146 3420 3243 3459 suo
3267 3405 3503 3473 ipsorum

1924 3503 2083 3556 corde
2110 3501 2222 3555 solo
2255 3502 2565 3570 loquuntur,
2593 3500 2831 3554 vendunt
2861 3499 3237 3552 mendacium:
3277 3505 3332 3551 at
3361 3497 3508 3552 salu-

1927 3595 2057 3648 laris
2118 3602 2171 3646 ct
2217 3608 2342 3645 vera
2371 3601 2451 3646 est
2483 3592 2572 3645 Dei
2602 3593 2708 3657 lex,
2735 3592 2787 3645 id
2813 3599 2918 3653 est,
2940 3590 3218 3644 oraculum
3237 3589 3509 3656 evangeli-

1925 3699 2070 3747 cum,
2097 3683 2252 3756 147
2277 3685 2418 3752 quod
2434 3684 2484 3735 in
2502 3682 2866 3750 adjumcntum
2885 3682 3189 3735 mortalium
3207 3678 3527 3743 confertur,

1927 3795 2032 3833 non
2091 3788 2171 3832 cst
2215 3778 2301 3830 isti
2337 3775 2505 3830 verbo
2537 3773 2736 3834 simile,
2771 3771 3262 3826 scilicetl'alsorum
3301 3777 3502 3823 vatum.

1930 3870 2034 3925 Sed
2083 3884 2255 3937 neque
2312 3867 2437 3920 licet
2487 3866 2626 3919 dona
2681 3863 2812 3917 dare
2843 3877 2942 3932 pro
2977 3861 3086 3916 illo.
3119 3860 3421 3930 Siquidem,
3447 3868 3509 3914 ut

1925 3963 2034 4032 jam
2068 3962 2200 4027 dixi,
2257 3959 2478 4028 quidam
2511 3965 2737 4028 argento
2772 3956 3171 4009 incautatorum
3204 3968 3338 4005 vana
3369 3951 3504 4005 vati-

1929 4053 2069 4108 cinia
2102 4060 2307 4106 emunt.
2359 4049 2587 4103 Praestat
2623 4057 2800 4101 autem
2843 4045 3144 4101 volentibus
3168 4043 3385 4098 caeleste
3420 4057 3512 4094 va-

1933 4145 2201 4206 ticinium,
2250 4157 2344 4210 per
2386 4139 2528 4208 quod
2565 4138 2630 4191 ad
2669 4137 2848 4190 omnia
2875 4136 3014 4190 bona
3045 4135 3256 4188 deducti
3292 4147 3503 4194 sumus,

1932 4236 2058 4305 quin
2101 4234 2260 4286 etiam
2299 4245 2419 4302 quae
2448 4230 2623 4284 futura
2653 4237 2801 4291 sunt,
2836 4237 2890 4281 et
2920 4227 3030 4280 fieri
3064 4225 3282 4288 debent,
3313 4222 3512 4277 didici-

247 4324 461 4391 τυρίοις
501 4325 603 4389 τὰς
637 4326 748 4380 τῶν
779 4329 992 4398 γοητῶν
1031 4327 1401 4397 ψευδοεπείας.
1439 4329 1731 4400 Πρόκειται
1775 4332 1820 4384 δὲ

1934 4339 2074 4380 ιιιιιε.
2100 4324 2200 4378 Cui
2224 4323 2365 4376 enim
2386 4323 2672 4375 obscurum
2698 4330 2797 4382 est,
2821 4318 2972 4372 nobis
2992 4317 3128 4371 bona
3159 4315 3504 4390 facientibus,

245 4420 364 4480 τοῖς
395 4416 644 4472 ἐθέλουσι
674 4420 735 4474 τὺ
758 4420 1006 4491 οὐράνιον
1034 4421 1330 4492 θέσπισμα,
1359 4422 1425 4476 δι’
1466 4416 1527 4476 οὗ
1561 4424 1697 4493 πρὸς
1724 4425 1820 4477 πᾶι

1933 4427 1989 4473 ει
2023 4419 2291 4474 sinceram
2321 4416 2642 4470 charilatem
2676 4413 2894 4468 Christo
2935 4411 3305 4474 servantibus,
3328 4409 3525 4463 omnia-

245 4507 430 4599 ὁτιοῦν
455 4510 572 4562 τῶν
591 4511 812 4580 ἀγαθῶν
838 4515 1282 4587 πεποδηγήμεθα.
1306 4518 1416 4569 Καὶ
1445 4517 1550 4588 μὴν
1571 4517 1670 4571 ὅσα
1697 4521 1820 4588 χρῆι

1936 4508 2053 4564 fore
2089 4524 2153 4565 ex
2189 4510 2352 4563 animi
2382 4508 2649 4563 sententia
2681 4493 2703 4561 ?
2750 4505 2942 4560 Beatos
2980 4504 3245 4573 siquidem
3272 4502 3509 4558 ostendit

248 4597 361 4651 τῶν
420 4599 729 4668 μελλόντων
782 4601 1034 4669 γενέσθαι
1089 4603 1505 4676 μεμαθήκαμεν.
1557 4607 1674 4661 Τίνι
1725 4607 1820 4678 γὰρ

1938 4609 1993 4656 ει
2043 4602 2096 4655 in
2135 4603 2236 4656 hoc
2267 4601 2489 4666 mundo,
2524 4608 2578 4654 et
2612 4599 2664 4652 in
2693 4597 2874 4651 futuro
2905 4595 3123 4652 saeculo.
3162 4595 3377 4650 Prostat
3406 4593 3505 4646 ita-

247 4691 577 4760 ἁσυμφανές
623 4693 707 4746 ὄντι
749 4697 1076 4766 πράττουσιν
1114 4700 1246 4768 ἡμῖν
1285 4698 1353 4750 τὰ
1403 4697 1603 4767 ἀγαθὰ,
1649 4698 1742 4752 καὶ
1774 4699 1820 4751 τὲ

1939 4704 2056 4761 que-
2093 4691 2297 4760 absque
2343 4699 2568 4759 argento
2621 4698 2675 4742 et
2719 4687 2865 4742 omni
2920 4688 3083 4751 dono,
3121 4685 3205 4740 his
3241 4686 3330 4755 qui
3365 4686 3520 4739 scire

247 4781 476 4850 γνήσιον
525 4783 628 4853 τῆς
674 4785 898 4857 ἀγάπης
954 4789 1180 4860 τηροῦσι
1232 4791 1470 4861 Χριστῷ,
1510 4793 1619 4845 πᾶν
1657 4793 1820 4845 ὀτιοῦι

1941 4783 2128 4838 volunt
2161 4784 2343 4837 datam
2370 4797 2490 4838 esse
2520 4797 2548 4836 a
2573 4782 2791 4837 Christo
2825 4781 2995 4851 legem
3022 4782 3077 4834 in
3113 4781 3509 4850 adjumentum.
3558 4769 3566 4791 '

249 4872 410 4926 ἔσται
448 4877 584 4930 κατ’
606 4877 813 4949 εὐχήν;
845 4881 1164 4952 Μακαρίους
1200 4882 1308 4954 γὰρ
1341 4885 1744 4957 ἀποφαίνειςκαὶ
1777 4886 1820 4938 ἐι

1937 4877 1993 4932 ld
2027 4885 2204 4932 autem
2247 4889 2380 4931 voce
2426 4875 2576 4931 Isaia:
2630 4874 2902 4944 sapienter
2949 4874 3148 4928 dictum
3183 4883 3266 4925 est
3305 4891 3318 4927 :
3362 4889 3380 4922 ι
3410 4870 3511 4936 Qui

247 4966 392 5037 τῷδε
424 4967 504 5038 τῷ
540 4970 754 5042 κόσμῳ,
789 4972 882 5026 καὶ
929 4975 1009 5037 είς
1039 4974 1206 5028 αἰῶνα
1237 4974 1328 5028 τὸν
1371 4975 1652 5046 μέλλοντα.
1694 4976 1820 5046 Πρό·

1940 4969 2128 5033 sititis,
2187 4968 2366 5023 venite
2424 4968 2488 5022 ad
2544 4981 2772 5036 aquam;
2830 4974 2885 5019 et
2917 4963 3008 5033 qui
3049 4978 3152 5017 non
3183 4963 3394 5018 habetis
3425 4975 3511 5014 ar-

251 5073 431 5111 κειται
459 5059 664 5124 τοίνυν,
705 5061 970 5134 ἀργυρίου
1017 5081 1075 5117 τε
1121 5065 1262 5136 δίχα,
1296 5067 1389 5119 καὶ
1431 5065 1602 5136 δώρου
1638 5066 1820 5129 παντὸς

1943 5070 2184 5134 gentem,
2220 5069 2410 5115 euntes
2436 5059 2602 5113 emite
2629 5060 2834 5126 absque
2858 5063 3080 5125 argento
3110 5065 3162 5107 et
3190 5053 3364 5121 pretio
3385 5050 3452 5102 ".
3486 5069 3505 5100 ι

249 5150 312 5202 τὸ
349 5151 555 5204 εἰδέναι
590 5155 705 5216 τοῖς
742 5153 983 5208 ἐθέλουσι
1024 5157 1114 5210 τὸν
1167 5157 1386 5211 δοθέντα
1455 5158 1605 5229 παρὰ
1644 5155 1882 5230 Χριστοῦ
1935 5156 2096 5227 νόμον
2163 5156 2240 5217 εἰς
2296 5152 2633 5224 ἐπικουρίαν.
2696 5151 2804 5204 Καὶ
2851 5149 3006 5202 τοῦτο
3044 5143 3114 5219 ἦν
3151 5149 3276 5216 ἄρα,
3320 5145 3380 5197 τὸ
3425 5143 3513 5197 διὰ

251 5247 446 5316 φωνῆς
501 5246 721 5302 Ἡσαΐου
809 5250 989 5321 σοφῶς
1038 5253 1344 5322 εἰρημένον·
1406 5272 1424 5306 ι
1484 5255 1548 5307 Οί
1613 5253 1872 5324 διψῶντες
1939 5249 2235 5323 πορεύεσθε
2294 5250 2382 5320 ἐφ’
2432 5249 2594 5319 ὕδωρ,
2659 5249 2754 5302 καὶ
2820 5247 2933 5300 ὅσοι
3004 5243 3078 5316 μὴ
3136 5241 3286 5313 ἔχετε
3339 5240 3518 5313 ἀργύ-

254 5356 414 5411 ριον,
479 5335 794 5407 βαδίσαντες
851 5343 1160 5414 ἀγοράσατε
1223 5343 1352 5398 ἄνευ
1415 5347 1680 5419 ἀργυρίου
1748 5347 1842 5401 καὶ
1879 5343 2061 5416 τιμῆς.
2088 5361 2107 5395 ι

321 5429 436 5484 Καὶ
477 5429 611 5498 ἥξει
631 5433 722 5502 ἐφ’
761 5435 916 5505 ὑμᾶς
939 5437 1178 5505 σκληρὰ
1206 5440 1399 5509 λιμὸς,
1429 5441 1527 5495 καὶ
1554 5441 1723 5496 ἔσται
1754 5441 1820 5507 ὡς

2037 5435 2202 5491 Vens.
2229 5435 2324 5500 2i,
2358 5435 2447 5488 2'2.
2489 5432 2560 5487 Et
2591 5431 2802 5486 invadet
2825 5445 2910 5484 vos
2945 5429 3078 5483 dum
3101 5429 3286 5498 fames,
3315 5439 3362 5483 et
3389 5430 3510 5493 erit,

252 5520 332 5576 ἂν
369 5523 733 5592 stent-dante,
780 5528 1213 5596 ,λυπηθήσεσθε
1235 5570 1250 5594 ,
1286 5531 1385 5585 καὶ
1425 5531 1622 5598 κακῶς
1651 5531 1820 5600 ἐρεῖτε

1941 5539 1996 5584 ut
2024 5530 2291 5592 esurialis,
2313 5523 2768 5589 cautristabimini,
2808 5532 2855 5576 et
2926 5521 3060 5576 male
3085 5523 3267 5576 dicetis
3289 5523 3526 5593 principi,

253 5614 362 5665 τὸν
398 5612 674 5683 ἄρχοντα,
721 5617 819 5670 καί
863 5617 934 5671 τὰ
970 5619 1201 5690 πάτρια.
1245 5621 1351 5677 Καὶ
1395 5622 1820 5693 ἀναϐλέψω-τα.

1944 5622 2302 5693 institutisque
2319 5619 2531 5691 patriis.
2569 5616 2637 5672 Et
2661 5616 2946 5672 susvicieut
2982 5617 3036 5670 in
3068 5618 3248 5671 celum
3285 5631 3523 5681 sursum,

329 5773 371 5805 "
393 5773 498 5830 lea.
521 5792 610 5842 LV,
645 5778 692 5833 1.
