4002 6212
483 347 590 406 243

1470 347 1528 408 S.
1570 345 1848 406 CYRILLl
1886 343 2360 402 ALEXANDRINI
2401 342 2723 402 ARCHIEP.

3659 340 3772 394 au

482 471 533 516 et
558 462 614 514 in
644 471 839 514 terram
873 460 1115 527 deorsum
1139 458 1435 529 inspiciam.
1461 457 1597 515 Ecre
1626 467 1802 514 autem
1828 458 2075 529 afﬂictio,

2196 460 2269 526 τίς
2305 457 2415 515 τὸν
2462 455 2728 527 οὐρανὸν
2753 452 2899 515 ἀνω,
2945 449 3044 505 καὶ
3073 450 3160 517 είς
3185 446 3299 517 τὴν
3338 446 3456 518 γῆν
3496 446 3657 501 κάτω
3681 447 3775 517 ἐμ-

483 561 534 607 ct
565 550 828 623 angustia,
882 561 929 604 et
961 550 1129 620 caligo
1154 558 1201 603 et
1223 561 1424 619 egestas
1458 559 1707 621 angusta,
1758 560 1804 605 et
1852 549 2077 604 tenebra:

483 662 539 702 ut
572 660 673 699 non
697 645 934 708 rideatis,
966 651 1013 696 el
1040 658 1144 696 non
1165 641 1369 712 deﬁciet
1410 642 1529 714 ;qni
1573 643 1629 697 in
1663 642 1907 713 angustia
1960 641 2078 711 {ue-

483 735 553 790 rit
586 749 749 804 usque
784 730 856 787 ad
886 741 1109 801 tempus.

554 909 867 967 Orationem
901 909 968 964 ad
1013 917 1392 965 contumacem
1432 918 1671 981 gentem,
1721 909 1769 962 id
1810 910 2079 975 cst,lsr:t-

481 1004 618 1058 clem
660 1002 937 1072 transfert,
970 1003 1208 1075 quicum
1231 1001 1461 1073 amplam
1492 1013 1548 1058 et
1566 1001 1895 1057 uberrimam
1941 1017 2075 1057 con-

481 1096 806 1152 solationem
831 1096 1095 1153 divinitus
1121 1106 1605 1168 consequerentur,
1636 1103 1691 1150 et
1725 1096 1857 1167 legis
1919 1094 2078 1151 insti-

484 1190 618 1246 tutis
650 1199 702 1245 et
735 1191 1020 1262 praeceptis
1048 1190 1249 1245 aﬂ'atirn
1285 1190 1680 1262 opulenterque
1713 1188 2077 1254 abundarent,

483 1281 761 1335 Christum
795 1291 998 1348 tamen,
1027 1282 1278 1352 quamris
1321 1286 1425 1337 hoc
1466 1281 1534 1335 ad
1582 1281 1869 1335 utilitatem
1923 1293 2079 1335 suam

488 1373 759 1443 proﬁcere
792 1373 1182 1446 intelligerent,
1211 1389 1318 1429 non
1338 1373 1697 1428 admiserunt.
1733 1370 1870 1427 Hinc
1897 1369 2083 1425 detur-

489 1465 604 1520 bati
645 1475 773 1521 sunt
811 1467 879 1521 ab
906 1481 968 1522 ea
997 1481 1117 1538 quae
1141 1480 1265 1521 cum
1297 1463 1387 1519 illo
1412 1473 1497 1521 est
1535 1463 1940 1536 conjunctione,
1974 1459 2080 1517 sci.

488 1557 617 1612 licet
646 1559 745 1613 sub
770 1558 1182 1630 intelligentiam
1206 1557 1419 1614 cadenti
1451 1567 1506 1612 ct
1524 1554 1822 1626 spirituali,
1845 1563 1900 1608 et
1928 1551 2080 1626 quasi

491 1648 637 1705 fame
686 1649 1075 1720 disperierunt.
1116 1650 1263 1705 Dixit
1312 1650 1458 1704 enim
1517 1645 1890 1707 universitatis
1940 1643 2084 1699 Deus

490 1753 624 1795 voce
654 1740 1092 1811 prophetarum:
1144 1757 1165 1793 ι
1232 1738 1373 1795 Ecce
1426 1737 1621 1793 induco
1669 1735 1864 1790 famem
1922 1749 2085 1804 super

2181 550 2540 620 ϐλέψονται·
2596 546 2697 604 καὶ
2731 544 2863 601 ίδοὺ
2907 544 3120 612 θλίψις
3160 539 3260 595 καί
3290 541 3326 609 ἡ
3376 538 3770 608 στενοχωρία,

2184 646 2282 699 καί
2313 645 2555 709 σκότος,
2591 640 2813 708 ἀπορία
2856 635 3067 705 στενὴ,
3119 633 3218 688 καὶ
3252 635 3475 700 σκότος
3501 630 3666 688 ὥστε
3684 630 3772 702 μὴ

2173 736 2453 803 βλέπειν,
2484 733 2585 789 καὶ
2614 736 2726 789 οὐκ
2750 728 3198 801 ἀπορηθιξσεται
3232 730 3264 781 ό
3296 727 3366 781 ἐν
3397 726 3775 796 στενοχωρίᾳ
3824 742 3825 745 ‘

2178 830 2264 885 ὢν
2289 829 2403 895 ἕως
2440 827 2670 896 καιροῦ.

2250 920 2590 991 Μετατίθησι
2634 918 2725 972 τὸν
2771 917 2929 986 λόγον
2968 916 3064 969 ἐπὶ
3113 915 3177 969 τὸ
3232 912 3540 984 ἀπειθῆσαν
3597 910 3776 974 ἔθνος,

2178 1010 2323 1069 τοῦτ’
2356 1012 2494 1075 ἔστι,
2520 1011 2609 1065 τὸν
2646 1008 2883 1082 Ἰσραὴλ,
2918 1009 2968 1063 οἳ
3004 1008 3101 1062 καὶ
3132 1007 3393 1064 πλατεῖαν
3423 1004 3651 1076 ἔχοντες
3687 1004 3783 1058 καὶ

2182 1103 2473 1175 ἀμφιλαφῆ
2517 1103 2615 1173 τὴν
2660 1104 2725 1156 ὲκ
2762 1100 2898 1155 Θεοῦ
2927 1099 3298 1173 παράκλησιν,
3345 1097 3442 1152 καὶ
3475 1099 3597 1160 ταῖς
3626 1113 3783 1168 νομι-

2182 1201 2305 1262 καίς
2347 1197 2700 1268 εἰσηγήσεσιν
2728 1193 3107 1266 ἐντρυφῶντες
3154 1191 3451 1256 πλουσίως,
3501 1189 3580 1253 εἰς
3612 1206 3680 1258 γε
3722 1189 3785 1242 τὸ

2181 1287 2381 1342 εἰδέναι
2431 1286 2491 1341 τὸ
2537 1285 2727 1340 τελοῦν
2784 1285 2864 1348 εἰς
2914 1284 3103 1354 δνησιν
3163 1281 3226 1336 οὐ
3277 1282 3636 1352 προσήκαντο
3689 1279 3784 1332 τὸν

2182 1380 2437 1450 Χριστόν.
2469 1377 2656 1451 Ταύτῃ
2684 1394 2768 1432 τοι
2806 1375 2902 1430 καὶ
2929 1373 3275 1445 ὠλισθήκασι
3306 1373 3408 1442 τῆς
3444 1364 3580 1443 πρὸς
3618 1369 3787 1423 αὑτὸν

2187 1471 2522 1542 οἰκειότητος
2558 1470 2757 1541 νοητῆς
2805 1467 3050 1539 δηλονότι
3092 1466 3188 1527 καὶ
3224 1463 3609 1535 πνευματικῆς
3631 1502 3647 1525 ,
3692 1462 3789 1515 καὶ

2184 1557 2297 1617 οἷον
2324 1560 2467 1633 λιμῷ
2492 1558 2830 1615 διολώλασιν.
2861 1558 3005 1629 Ἔφη
3034 1556 3143 1629 γὰρ
3174 1556 3203 1610 ὀ
3233 1554 3342 1608 τῶν
3364 1554 3501 1608 ὅλων
3523 1553 3666 1617 Θεὸς
3695 1551 3787 1606 διὰ

2184 1655 2369 1726 φωνῆς
2411 1652 2726 1725 προφητῶν.
2764 1669 2783 1703 ι
2826 1650 2957 1705 Ἰδοὺ
2984 1647 3096 1718 ἐγὼ
3128 1648 3321 1716 ἐπάγω
3349 1646 3508 1717 λιμὸν
3541 1646 3642 1698 ἐπὶ
3688 1644 3791 1713 τῆς

2185 1747 2323 1818 γῆς,
2368 1746 2516 1815 λέγει
2561 1744 2799 1817 Κύριος
2872 1742 2931 1795 οὑ
2982 1740 3145 1811 λιμὸν
3188 1742 3390 1811 ἄρτου,
3447 1738 3568 1791 οὐδὲ
3625 1736 3791 1806 δίψαν

490 1840 718 1900 terram,
755 1831 888 1885 dicit
938 1830 1222 1897 Dominus,
1276 1846 1381 1885 non
1437 1830 1634 1883 famem
1682 1828 1862 1899 panis,
1912 1839 2088 1894 neque

2196 1836 2407 1902 ὓδατος,
2439 1835 2577 1890 ἀλλὰ
2619 1833 2779 1905 λιμὸν
2806 1831 2900 1887 τοῦ
2935 1830 3168 1885 ἀκοῦσαι
3210 1831 3303 1883 τὸν
3332 1827 3487 1897 λόγον
3536 1825 3787 1898 Κυρίου·

490 1921 636 1976 sitim
697 1936 891 1992 aqua},
967 1925 1062 1977 sed
1123 1921 1320 1976 famem
1381 1919 1635 1976 audiendi
1697 1921 1919 1973 verbum
1980 1915 2090 1970 Do-

490 2013 646 2069 mini.
708 2013 776 2069 Et
824 2015 891 2070 ab
937 2013 1147 2070 oriente
1211 2029 1384 2085 usque
1430 2013 1497 2068 ad
1553 2027 1804 2068 occasum
1858 2011 2092 2065 circum-

491 2106 836 2163 cursitabnnt
890 2118 1196 2178 quaerentes
1242 2107 1464 2164 verbum
1506 2104 1714 2161 Domini
1762 2112 1816 2159 et
1863 2118 1969 2158 non
2009 2101 2092 2154 in-

493 2198 799 2255 venient".
837 2217 857 2252 ι
894 2197 1121 2266 Quando
1147 2198 1336 2269 igitur,
1414 2196 1611 2264 inquit,
1667 2195 1914 2267 principe
1961 2192 2089 2247 vita:

493 2288 803 2355 interfecto,
830 2305 1053 2361 gravem
1099 2300 1155 2346 et
1188 2289 1583 2345 intolerabilem
1631 2287 1825 2343 t‘nrnern
1862 2288 2094 2343 sustine-

494 2382 644 2447 bitis,
668 2396 976 2436 sermonem
1012 2382 1128 2445 Dei,
1164 2396 1363 2451 panem
1389 2380 1481 2450 qui
1521 2380 1589 2435 de
1615 2379 1757 2433 caelo
1788 2378 2087 2441 descendit,

494 2476 583 2544 qui
616 2474 708 2529 dat
738 2474 940 2528 mundo
970 2473 1158 2541 vitam,
1190 2489 1295 2527 non
1320 2472 1603 2538 habentes,
1636 2482 1765 2526 tunc
1788 2485 1937 2531 vero.
1966 2479 2092 2523 tunc

495 2566 769 2631 esurielis,
805 2576 860 2620 et
894 2564 1012 2634 ejus
1042 2566 1183 2635 quod
1243 2564 1502 2619 acciderit
1551 2578 1712 2619 sensu
1762 2564 1891 2618 tacti
1929 2559 2093 2634 148

496 2657 725 2729 principi
768 2667 822 2713 et
858 2658 1048 2726 patriis
1098 2657 1356 2713 institutis
1395 2656 1751 2712 maledicetis.
1808 2652 1920 2710 lloc
1963 2654 2091 2724 quid

496 2750 600 2805 sibi
666 2750 827 2806 vult?
863 2749 1171 2806 Judaeorum
1235 2751 1489 2806 nimirum
1543 2748 1809 2819 praefecti,
1863 2746 2088 2811 Scrilne,

498 2842 644 2921 dico,
680 2850 734 2897 et
761 2836 1044 2909 Pharisaei,
1083 2839 1486 2896 multitudinem
1524 2839 1625 2895 sibi
1669 2838 1939 2894 subditam
1969 2852 2092 2891 con-

499 2943 583 2989 tra
621 2934 968 2989 Servatorem
1025 2933 1269 2989 omnium
1312 2931 1588 2990 Christum
1650 2932 1926 2988 concitare
1983 2945 2090 2985 non

498 3025 845 3082 destiterunt.
876 3024 994 3094 Quo
1038 3034 1216 3081 autem
1271 3026 1676 3082 excusationem
1726 3040 1837 3080 sua:
1902 3030 2091 3080 contra

499 3116 649 3172 illum
670 3117 892 3172 insania:
914 3117 1294 3182 obtenderent,
1321 3117 1635 3188 religionem
1666 3115 1829 3171 Mosis
1852 3125 1904 3171 et
1934 3116 2082 3186 leges

500 3209 825 3280 allogabant.
863 3208 996 3263 Nam
1033 3208 1498 3279 persequebantur
1546 3208 1826 3265 dicentes:
1868 3226 1889 3260 ι
1925 3206 1980 3262 Si
2008 3223 2095 3263 es-

502 3311 587 3357 set
618 3299 774 3355 aDeo
807 3300 898 3354 hic
921 3299 1107 3367 homo,
1153 3314 1261 3355 non
1317 3300 1567 3356 solvisset
1626 3300 2031 3366 Sabbatum";
2070 3318 2090 3350 ι

502 3392 733 3462 ideoque
756 3401 1139 3463 persuaserunt
1170 3400 1229 3446 ut
1277 3405 1399 3447 eum
1454 3408 1549 3448 ceu
1592 3392 1725 3464 legis
1774 3392 2098 3461 przcvarica-

504 3494 681 3541 torem
716 3493 1187 3554 persequerentur.
1216 3484 1442 3553 Quando
1472 3484 1659 3555 igitur,
1691 3485 1886 3553 inquit,
1904 3498 2000 3539 vos
2029 3482 2098 3539 ab

501 3578 615 3638 illis
644 3578 855 3634 seducti
892 3577 1201 3634 esuricritis
1259 3596 1273 3633 :
1308 3588 1436 3634 tunc
1479 3577 1815 3633 maledicetis
1854 3575 2099 3632 omnium

510 3682 754 3729 vestrum
812 3671 1069 3743 principi,
1098 3680 1153 3727 et
1188 3672 1378 3742 patriis
1409 3670 1627 3736 ritibus,
1658 3670 1763 3727 hoc
1809 3678 1917 3736 est,
1964 3667 2100 3738 legis

504 3762 770 3817 institutis
804 3770 859 3817 et
903 3763 1410 3819 consuetudinibus.
1454 3762 1511 3817 ln
1577 3762 1892 3816 memoriam
1951 3758 2097 3815 enim

505 3852 842 3910 revocabitis
873 3868 903 3909 a
933 3854 1162 3910 ducibus
1197 3869 1292 3911 vos
1318 3855 1640 3911 concitatos.
1687 3853 1755 3909 Et
1794 3853 2097 3925 principum

508 3956 808 4017 praetextus
840 3958 1004 4017 atque
1075 3946 1353 4002 exerrsatio
1409 3946 1633 4002 insanize
1698 3946 1857 4016 hujus
1911 3955 2100 4002 contra

508 4040 783 4098 Christum
822 4048 984 4095 erant
1023 4039 1181 4109 patrii
1228 4040 1385 4104 ritus,
1432 4039 1488 4094 id
1513 4050 1618 4107 est,
1683 4039 2102 4096 consuetudines

510 4144 569 4191 et
603 4133 942 4199 traditiones,
986 4146 1092 4186 non
1134 4130 1297 4186 modo
1330 4146 1453 4201 qum
1490 4124 1556 4187 ex'
1609 4131 1727 4204 lege
1806 4132 2099 4198 tinxerunt,

509 4227 603 4285 sed
621 4227 784 4284 etiam
813 4239 933 4297 quae
969 4238 1035 4279 ex
1059 4223 1214 4279 vanis
1241 4223 1719 4281 observationibus
1745 4233 2100 4297 acceperunt,

510 4319 796 4383 doctrinm,
852 4315 1106 4372 mandata
1149 4314 1448 4370 hominum.
1514 4314 1703 4371 Aderit
1735 4315 1899 4386 igitur
1950 4316 2103 4372 vobis

512 4408 648 4465 dura
697 4409 888 4473 futues,
939 4406 1289 4478 quantumvis
1359 4421 1576 4462 sursum
1605 4416 1660 4461 et
1684 4406 1932 4464 deorsum
1981 4423 2104 4480 per-

2194 1930 2289 1986 καὶ
2317 1928 2425 1984 ἀπὸ
2454 1925 2739 1982 ἀνατολῶν.
2768 1925 2873 1988 ἕως
2902 1921 3142 1994 δυσμῶν,
3188 1918 3667 1992 περιδραμοῦνται
3697 1916 3793 1987 Cr,-

2146 2011 2159 2026 ⁸
2192 2021 2415 2084 τοῦντες
2436 2019 2526 2074 τὸν
2549 2019 2706 2088 λόγον
2724 2017 2955 2089 Κυρίου,
2984 2015 3079 2070 καὶ
3102 2014 3164 2067 οῦ
3195 2018 3271 2086 μὴ
3294 2011 3561 2085 εὕρωσιν,
3580 2010 3790 2064 ν”Οταν

2193 2111 2394 2178 τοίνυν,
2430 2112 2589 2184 φησὶ,
2622 2108 2715 2164 τὸν
2746 2107 2991 2181 ἀρχηγὸν
3026 2110 3125 2180 τῆς
3159 2106 3305 2177 ζωῆς
3334 2103 3789 2167 ἀποκτείναντες,

2195 2202 2434 2275 σκληρὸν
2481 2202 2578 2258 καὶ
2622 2200 2902 2255 δύσοιστον
2944 2198 3254 2270 ὑπομένητε
3305 2194 3485 2266 λιμὸν,
3536 2195 3640 2247 τὸν
3697 2191 3789 2246 τοῦ

2192 2296 2329 2351 Θεοῦ
2374 2294 2532 2366 λόγον
2573 2293 2675 2348 οὐκ
2720 2292 2959 2365 ἔχοντες,
2995 2291 3086 2347 τὸν
3114 2290 3280 2362 ἄρτον
3311 2288 3403 2341 τὸν
3429 2286 3487 2353 ἐξ
3524 2284 3791 2357 οὐρανοῦ,

2191 2388 2285 2444 τὸν
2315 2389 2462 2460 ζωὴν
2485 2387 2695 2441 διδόντα
2727 2385 2805 2457 τῷ
2844 2385 3058 2455 κόσμῳ,
3083 2382 3207 2435 τότε
3236 2382 3544 2451 πεινήσετε.
3575 2380 3699 2434 Καὶ
3728 2378 3792 2448 δὴ

2194 2482 2291 2536 καὶ
2344 2482 2426 2545 εἰς
2479 2478 2741 2550 αἴσθησιν
2785 2476 2881 2533 τοῦ
2935 2473 3347 2547 συμϐεϐηκότος
3408 2474 3604 2541 ὲνηνεγ
3618 2471 3791 2541 μένοι,

2198 2572 2387 2638 κακῶς
2419 2573 2596 2645 ἐρεῖτε
2624 2571 2717 2624 τὸν
2739 2570 2977 2642 ἄρχοντα
3007 2568 3105 2622 καί
3128 2566 3202 2620 τὰ
3229 2566 3456 2637 πάτρια.
3485 2562 3601 2617 Καὶ
3646 2563 3698 2617 τί
3731 2562 3794 2633 δὴ

2193 2666 2351 2721 τοῦτό
2392 2667 2578 2733 ἐστινς
2622 2666 2685 2719 Οἱ
2734 2663 2835 2735 μὲν
2862 2661 2971 2735 γὰρ
3003 2660 3113 2716 τῶν
3149 2658 3417 2714 Ἰουδαίων
3451 2653 3792 2727 καθηγηταὶ,

2193 2762 2549 2834 Γραμματεῖς
2580 2758 2644 2830 δὴ
2671 2757 2817 2826 λέγω
2848 2758 2942 2810 καί
2965 2753 3321 2826 Φαρισαίους,
3351 2747 3793 2821 παροτρύνοντες

2193 2857 2256 2911 οὺ
2297 2852 2704 2915 διαλελοίπασι,
2750 2848 2895 2904 κατὰ
2935 2845 3033 2901 τοῦ
3074 2845 3297 2898 πάντων
3329 2842 3487 2913 ήμῶν
3530 2837 3797 2912 Σωτῆρος

2194 2944 2457 3018 Χριστοῦ,
2493 2943 2593 3013 τὴν
2643 2939 2750 2995 ὑπὸ
2777 2941 2937 3010 χεῖρα
2966 2934 3195 3005 πληθύν.
3233 2932 3344 2988 Καὶ
3376 2930 3660 3002 πρόφασιν
3691 2929 3793 2998 τῆς

2195 3040 2317 3094 κατ’
2353 3033 2519 3090 αὑτοῦ
2551 3033 2750 3106 μανίας
2777 3031 3047 3102 ἐδέχοντο,
3085 3028 3186 3099 τὴν
3226 3029 3306 3090 είς
3352 3024 3559 3080 Μωσέα
3591 3041 3664 3077 τε
3699 3022 3796 3077 καὶ

2195 3130 2359 3200 νόμον
2402 3126 2557 3181 αἰδῶ.
2598 3124 2848 3179 Ἐδίωκον
2899 3122 3011 3194 γὰρ
3053 3121 3335 3190 λέγοντες·
3382 3137 3401 3170 ι
3435 3117 3499 3171 El
3524 3111 3609 3187 ,ἦν
3636 3109 3794 3177 οὗτος

2200 3219 2356 3291 παρὰ
2385 3217 2521 3274 Θεοῦ
2551 3218 2580 3270 ὁ
2606 3217 2913 3290 ἄνθρωπος,
2944 3215 3046 3270 οὐκ
3076 3214 3141 3268 ἂν
3169 3213 3292 3266 ἔλυε
3333 3210 3395 3266 τὸ
3422 3208 3710 3265 Σάϐϐατον
3766 3226 3788 3261 ι

2199 3312 2411 3368 Οὐκοῦν
2447 3311 2522 3374 ὡς
2550 3310 2973 3382 παρανομοῦντα
2995 3307 3211 3363 διώκειν
3243 3306 3312 3361 ἂν
3341 3303 3580 3359 ἔπειθον.
3619 3304 3795 3358 ’Ὅταν

2198 3390 2637 3475 τοίνυνξφησὶ),
2697 3404 2856 3474 ὑμεῖς
2899 3403 2949 3457 oi
3003 3401 3133 3472 παρ’
3181 3402 3406 3454 ἐκείνων
3445 3396 3796 3470 ἠπατημένοι

2201 3498 2512 3569 πεινήσετε,
2542 3496 2666 3553 τότε
2697 3494 2883 3557 κακῶς
2916 3495 3092 3565 ἐρεῖτε
3138 3493 3319 3573 πάντα
3366 3490 3520 3561 ὑμῶν
3551 3489 3797 3560 ἄρχοντα

2200 3589 2390 3645 καὶτὰ
2415 3589 2643 3660 πάτρια,
2678 3585 2826 3641 τοῦτ’
2859 3585 2997 3650 ἔστι,
3032 3587 3101 3639 τὰ
3130 3585 3229 3654 ἑθη
3259 3584 3327 3638 τὰ
3361 3584 3591 3654 νόμιμα.
3630 3583 3791 3635 Ἀνα-

2205 3678 2581 3752 μνησθῆσεσθε
2608 3678 2718 3749 γὰρ
2736 3678 2821 3731 ὅτι
2852 3675 3210 3748 παρώτρυνον
3232 3675 3376 3746 ὑμᾶς
3398 3676 3447 3727 οἱ
3470 3671 3602 3744 ὴγού
3612 3686 3785 3743 μενον

2203 3771 2299 3826 καὶ
2327 3769 2435 3823 τῶν
2462 3768 2740 3840 ἀρχόντων
2770 3768 2805 3839 ἠ
2843 3766 3121 3839 πρόφασις
3150 3761 3219 3838 ἦν
3243 3765 3344 3835 τῆς
3370 3762 3516 3819 κατὰ
3548 3756 3785 3834 Χριστοῦ

2206 3863 2401 3936 μανίας
2428 3861 2497 3916 τὰ
2529 3861 2769 3932 πάτρια·
2800 3859 2947 3935 τοῦτ’
2991 3859 3131 3921 ἐστι,
3167 3858 3237 3913 τὰ
3276 3857 3374 3929 εθη
3401 3857 3496 3911 καὶ
3521 3856 3580 3909 αἱ
3609 3869 3789 3923 παρα-

2201 3956 2399 4020 δόσεις,
2426 3954 2522 4009 καὶ
2547 3954 2668 4024 οὐχὶ
2695 3952 2762 4024 δὴ
2791 3952 3009 4015 πάντως
3028 3952 3087 4004 αἱ
3110 3950 3201 4005 διὰ
3225 3945 3568 4021 νόμου,ὰλλὰ
3593 3948 3693 4000 καὶ
3718 3943 3785 3998 τὰ

2203 4048 2263 4116 ἐξ
2290 4045 2513 4102 είκαίων
2546 4046 2926 4118 ἑπιτηρὴσεων
2958 4043 3206 4114 ἐδέχοντο
3225 4039 3575 4102 διδασκαλίας
3604 4036 3790 4092 ὲντὰλ·

2208 4153 2354 4212 ματα
2374 4134 2701 4209 ἀνθρώπων.
2735 4136 2931 4190 Ἔσται
2972 4134 3153 4187 τοίνυν
3179 4133 3266 4202 ἐφ’
3296 4132 3443 4202 ὑμᾶς
3468 4127 3685 4200 σκληρὰ
3712 4127 3789 4179 λι-

2209 4228 2329 4300 μὸς,
2359 4227 2473 4285 ἄνω
2498 4243 2558 4280 τε
2582 4226 2676 4282 καὶ
2701 4226 2852 4282 κάτω
2876 4223 3334 4297 περιϐλεπῳενοι
3358 4221 3454 4275 καὶ
3481 4218 3787 4289 πανταχόσε

2207 4322 2518 4395 βλέποντες.
2553 4320 2674 4393 ἢτοι
2706 4320 2798 4373 τὸν
2828 4319 2926 4390 τῆς
2973 4315 3219 4380 διανοίας
3250 4312 3529 4385 ὀφθαλμὸν
3566 4310 3792 4383 περιφέ-

2209 4430 2416 4486 ροντες,
2450 4413 2637 4486 ἕτερον
2666 4411 2819 4467 οὐδὲν
2860 4409 3080 4481 ὄψεσθε,
3112 4408 3301 4481 φησὶν,
3345 4409 3394 4460 εί
3439 4405 3514 4476 μὴ
3558 4403 3791 4478 ἀπορίαν

511 4501 774 4568 lustretis,
800 4510 857 4556 et
880 4501 1227 4571 undiquaque
1256 4499 1732 4570 circumspiciatis,
1763 4509 1925 4569 atque
1948 4516 2093 4555 men-

2206 4505 2400 4578 στενὴν
2462 4506 2557 4560 καὶ
2602 4504 2793 4567 σκότος
2814 4543 2829 4569 ,
2880 4492 3033 4557 ὥστε¹
3073 4501 3241 4574 μηδὲν
3290 4497 3551 4556 δύνασθαί
3590 4514 3647 4552 τι
3687 4494 3791 4559 τῶν

513 4594 587 4667 tis
620 4592 805 4650 oculos
831 4591 1253 4657 circumfer-alis,
1285 4592 1452 4659 aliud,
1519 4592 1714 4663 inquit,
1776 4593 1909 4649 nihil
1950 4594 2100 4648 vide-

512 4684 643 4741 bitis
670 4692 866 4753 praeter
888 4692 1183 4756 egestatem
1206 4693 1491 4755 angustam
1515 4695 1571 4740 et
1599 4686 1871 4750 tenebras,
1887 4694 1946 4741 ut
1966 4685 2101 4742 nihil

517 4778 662 4849 quod
687 4777 819 4832 utile
840 4776 913 4831 sit
941 4777 1203 4835 cernatis.
1233 4778 1388 4845 Quod
1417 4788 1597 4835 autem
1632 4779 1798 4835 dicit:
1826 4796 1846 4830 ι
1869 4778 1983 4835 Non
2007 4781 2103 4836 de-

513 4873 662 4930 ﬁciet
688 4871 781 4944 qui
821 4871 876 4927 in
902 4872 1151 4944 angustia
1190 4881 1298 4939 est,
1333 4889 1507 4946 usque
1532 4874 1599 4931 ad
1634 4883 1878 4944 tempus;
1906 4893 1928 4930 ι
1964 4891 2103 4947 pra:-

513 4967 645 5024 dicit
671 4967 865 5023 iterum
919 4967 1261 5024 vocationem
1300 4968 1566 5041 gentium.
1597 4966 1700 5037 Qui
1745 4958 1891 5027 enim
1934 4981 2103 5036 nunc,

515 5060 716 5131 inquit,
747 5061 962 5116 suntin
995 5060 1247 5133 angustia
1290 5062 1511 5118 etiame
1571 5063 1876 5120 divinarum
1943 5064 2106 5122 disci-

515 5152 786 5222 plinarum
812 5162 941 5213 sunt
967 5154 1235 5225 oppressi,
1304 5170 1412 5211 non
1456 5155 1880 5214 confundentur.
1923 5157 2106 5230 Siqui-

521 5243 643 5298 dem
682 5245 787 5302 illis
838 5245 1269 5304 benedictionem
1334 5246 1607 5317 impertiet
1660 5248 1996 5315 Emmanuel,
2049 5251 2107 5306 et

521 5348 754 5405 apponet
798 5354 955 5396 escas
986 5338 1317 5410 spirituales,
1346 5348 1400 5394 et
1440 5341 1676 5396 divinam
1724 5328 1832 5397 illis
1876 5343 2106 5401 instruet

522 5438 788 5489 mensam,
815 5429 942 5486 illud
966 5433 1186 5490 dicens:
1227 5432 1401 5500 Edite,
1434 5431 1622 5496 bibite,
1645 5441 1701 5487 et
1735 5432 2104 5503 inebriamini,

474 5556 477 5561 .
523 5516 830 5587 propinqui.
855 5519 974 5575 Erit
1008 5539 1140 5581 vero
1173 5526 1296 5593 hoc,
1332 5525 1527 5597 inquit,
1558 5538 1733 5595 usque
1760 5526 1829 5587 ad
1866 5535 2107 5597 tempus,

526 5608 708 5703 idest,
760 5622 867 5664 non
924 5617 1203 5681 perveniet
1258 5633 1401 5674 nunc
1456 5618 1523 5677 ad
1592 5620 1822 5686 exitum,
1891 5622 2110 5693 quando

600 5771 646 5804 ττ
673 5767 837 5825 Amos
859 5767 1198 5836 vut,ll,12.
1268 5771 1321 5833 7'
1341 5769 1499 5826 Joan.
1528 5775 1716 5843 13,56.

2196 4598 2487 4673 χρησίμων
2513 4594 3441 4667 βλέπεινάΚαὶούκάπορηθήσεται
3468 4593 3497 4645 ὁ
3517 4591 3577 4644 ὲν
3607 4604 3789 4644 στενο-

2198 4692 2374 4764 Χωρίᾳ
2406 4689 2483 4745 ὢν
2513 4690 2620 4756 ἕως
2659 4686 3297 4761 καιροῦ.ιΠροαγορεύει
3342 4683 3506 4740 πάλιν
3546 4682 3646 4757 τὴν
3685 4680 3791 4734 τῶν

2199 4782 2369 4839 ὲθνῶν
2400 4782 2616 4853 κλῆσιν.
2634 4785 2698 4837 Οί
2722 4782 2832 4855 γὰρ
2846 4781 2942 4837 νῦν
2970 4778 3344 4852 δντες,φησὶν,
3374 4778 3434 4830 ἐν
3459 4770 3792 4845 στενοχωρίᾳ
3878 4836 3889 4849 ,

2200 4878 2297 4932 καὶ
2342 4875 2488 4949 λιμῷ
2519 4876 2632 4930 τῶν
2663 4876 2824 4939 θείων
2881 4875 3219 4948 μαθημάτων
3266 4870 3648 4942 πεπιεσμένοι,
3695 4866 3792 4921 οὐκ

2205 4971 2667 5044 ἀπορηθήσονται.
2695 4972 2982 5043 Χαριεῖται
3004 4969 3114 5041 γὰρ
3144 4968 3328 5031 αὐτοῖς
3358 4966 3459 5048 τῂν
3489 4962 3739 5031 εὐλογίαν
3765 4959 3794 5012 ό

2220 5065 2277 5119 Ἐ
2285 5063 2594 5137 μμανουὴλ,
2614 5065 2708 5119 καὶ
2725 5064 3033 5137 παραθήσει
3048 5061 3256 5135 τροφὰς
3272 5060 3371 5123 τὰς
3389 5052 3791 5128 πνευματικὰς,

2207 5159 2303 5216 καὶ
2331 5159 2430 5232 τὴν
2461 5157 2614 5213 θείαν
2653 5159 2839 5222 αὐτοῖς
2878 5156 3125 5213 ἁπλὼσει
3169 5152 3473 5228 τράπεζαν.
3504 5151 3685 5204 ἐκεῖνο
3717 5144 3795 5199 1r-

2207 5267 2353 5322 γων·
2394 5250 2604 5319 Φάγετε
2640 5252 2736 5309 καὶ
2765 5249 2939 5311 πίετε,
2969 5250 3064 5304 καὶ
3097 5244 3425 5319 μεθύσθητε,
3463 5242 3515 5296 oi
3543 5237 3789 5311 πλησίον.

2213 5343 2408 5399 Ἔσται
2428 5342 2486 5397 δὲ
2504 5342 2684 5409 τοῦτο,
2710 5342 2893 5414 φησιν,
2910 5341 3015 5406 ἕως
3032 5335 3247 5412 καιροῦ,
3273 5336 3416 5392 τοῦτ’
3434 5331 3676 5400 ἔστιν,οὐ
3699 5326 3796 5382 νῦν

2213 5438 2297 5501 είς
2323 5436 2500 5509 πέρας
2520 5436 2800 5506 οἰχήσεται
2816 5477 2836 5506 ,
2888 5433 2980 5487 ὅτε
3003 5433 3098 5487 καὶ
3124 5433 3153 5486 ὁ
3179 5434 3282 5503 τῆς
3308 5426 3649 5501 προφητείας
3672 5419 3797 5491 περὶ

2214 5529 2394 5584 αὐτῶν
2427 5528 2618 5599 γέγονε
2652 5527 2835 5597 λόγος.
2871 5523 2986 5579 ἀλλ’
3012 5527 3070 5579 ὲν
3101 5523 3278 5595 καιρῷ
3300 5522 3376 5594 τῷ
3401 5521 3575 5576 δέοντι
3595 5514 3716 5572 καθ’
3738 5513 3798 5568 ὃν

2215 5622 2515 5694 ὲπιλάμψει
2571 5624 2683 5686 τοῖς
2723 5619 2818 5675 ἰπὶ
2866 5618 2972 5690 γῆς
3022 5619 3065 5671 δ
3094 5614 3465 5689 Ἐμμανουήλ.
3514 5613 3652 5667 Τότε
3692 5606 3807 5678 γὰρ
