4002 6212
269 302 389 358 245

281 415 550 486 κέκληται
581 415 692 470 τῶν
728 417 901 473 ἐθνῶν
937 416 1224 495 ήπληθύς.

356 698 534 754 Τοῦτο
561 699 800 768 πρῶτον
823 704 942 766 πίε,
965 707 1116 774 ταχὺ
1143 711 1318 775 ποίει,
1344 695 1502 781 χώρα
1526 719 1864 784 Ζαϐουλὼν,

255 792 310 876 ⁴ἡ
345 789 421 859 γῆ
438 793 806 863 Νεφθαλείμ.
831 796 972 862 ὁδὸς
995 798 1337 869 θαλάσσης,
1365 806 1470 874 καὶ,
1499 809 1554 860 οἱ
1577 812 1776 864 λοιποὶ
1814 817 1869 867 οὶ

281 881 391 949 τὴν
439 886 750 951 παραλίαν
791 887 891 940 καὶ
932 888 1124 957 πέραν
1188 895 1293 948 τοῦ
1342 897 1656 968 Ἰορδάνου,
1696 905 1870 958 Γαλι-

272 977 420 1028 λαιά
455 975 576 1028 τῶν
598 976 812 1033 ἐθνῶν.
857 981 911 1032 Ὁ
937 983 1088 1048 λαὸς
1127 987 1161 1038 ό
1189 991 1592 1060 πορευόμενος
1629 994 1698 1048 ἐν
1723 997 1868 1049 σκό-

271 1081 381 1130 τει,
433 1066 593 1121 ἴδετε
635 1068 763 1137 φῶς
801 1071 975 1142 μέγα.
1027 1078 1090 1129 Oi
1124 1083 1544 1150 κατοικοῦντες
1598 1084 1669 1139 ἐν
1707 1087 1867 1159 χώρα

269 1157 373 1209 καὶ
410 1158 484 1212 ὲν
519 1159 668 1228 σκιᾷ
710 1163 991 1230 θανάτου,
1035 1167 1162 1237 φῶς
1189 1171 1416 1242 λάμψει
1445 1175 1539 1245 ἐφ’
1576 1177 1726 1247 ὑμᾶς
1747 1197 1761 1212 ο
1789 1157 1866 1237 ⁷τι)

281 1250 590 1306 πλεῖστον
617 1256 724 1310 τοῦ
750 1258 925 1323 λαοῦ,
959 1259 990 1312 δ
1026 1263 1363 1334 κατήγαγες
1400 1267 1472 1320 ἐν
1509 1271 1864 1342 εὐφροσύνῃ

271 1357 413 1396 σουο
473 1344 575 1398 καὶ
635 1349 1159 1417 εὐφρανθήσονται
1218 1355 1478 1412 ἐνώπιόν
1521 1376 1640 1416 σου
1687 1364 1770 1427 ὡς
1811 1369 1865 1420 οἱ

271 1437 738 1507 εὐφραινόμενοι
768 1442 839 1496 ἐν
873 1443 1098 1513 ἀμητῷ,
1132 1449 1231 1502 καὶ
1269 1449 1342 1503 ὃν
1389 1455 1610 1521 τρόπον
1639 1460 1694 1510 οἱ
1718 1458 1864 1512 διαι-

267 1529 559 1596 ρούμενοι
587 1532 811 1586 σκύλα.

347 1620 573 1693 Σκληρᾷ
611 1640 670 1676 τε
695 1624 840 1696 λιμῷ
880 1629 974 1680 καὶ
1013 1632 1196 1700 μέντοι
1239 1636 1333 1688 καὶ
1366 1638 1569 1711 ἀπορία
1598 1658 1859 1696 καταπιε-

276 1714 578 1784 σοήσεσθαι
613 1716 788 1786 λέγων
846 1721 973 1783 τοὺς
1003 1724 1246 1779 ἀπειθεῖν
1280 1731 1591 1802 ᾑρημένους
1615 1735 1691 1804 τῷ
1732 1737 1862 1806 Ἑμ-

1459 316 1530 371 IN
1569 317 1800 376 ISAIAM
1839 321 1970 380 LIB.
2015 325 2056 379 l.
2097 324 2308 384 ORAT.
2347 327 2409 382 V.

1907 456 1948 512 Α
1980 439 2328 508 propheticus
2371 454 2551 499 sermo
2587 443 2654 501 de
2701 445 2807 502 illls
2843 447 3061 505 habitus
3114 460 3216 520 est,
3287 456 3380 509 sed
3421 465 3560 511 tem-

2081 225 2118 264 I

3450 343 3563 398 966

1972 543 2104 598 pore
2137 535 2444 600 commodo,
2500 550 2608 606 quo
2674 541 2991 597 mortalibus
3025 541 3305 600 illucescet
3347 546 3566 602 Emma-

1972 621 2132 675 nuel:
2172 632 2300 678 tunc
2333 627 2478 679 enim
2522 637 2709 684 vocata
2765 639 2845 686 est
2880 634 3122 702 gentium
3181 636 3494 693 multitudo-

2037 712 2166 769 CAP.
2196 713 2285 772 IX.
2322 715 2484 773 Vens.
2513 719 2624 774 1-5.
2658 719 2769 780 Hoc
2796 723 3024 792 primunt
3057 726 3191 787 bibe.
3221 729 3322 782 cilo
3349 731 3454 797 Iac.
3484 751 3569 788 ηι-

1969 804 2056 874 gio
2096 802 2359 872 Zabulou,
2391 819 2533 863 terra
2566 808 2933 880 Nephthalim,
2974 818 3052 870 via
3089 821 3272 884 maris,
3341 832 3388 874 et
3432 827 3563 879 reli-

1966 897 2058 966 qui
2100 899 2377 961 maritimi,
2434 910 2486 954 et
2533 911 2679 958 trans
2707 903 3018 972 Iordanem,
3047 907 3272 964 Galliam
3300 902 3555 981 gentium.

1969 989 2204 1059 Populus
2229 993 2318 1058 qui
2340 994 2575 1049 ambulat
2603 998 2658 1051 itt
2701 999 2945 1064 tenebris,
3000 999 3170 1054 videte
3218 1003 3384 1058 lucem
3435 1022 3554 1058 ma-

1967 1096 2160 1150 gnam:
2185 1084 2276 1152 qui
2312 1085 2564 1140 habitatis
2589 1087 2649 1141 in
2676 1091 2883 1158 regione
2910 1098 2957 1143 et
2986 1092 3170 1146 umbra
3209 1095 3414 1158 mortis,
3465 1095 3558 1148 (ua:

1968 1171 2196 1225 illucebit
2228 1175 2387 1228 vobis.
2419 1175 2660 1231 Maxima
2701 1195 2824 1246 pars
2854 1180 3033 1247 papuli
3076 1199 3231 1252 quant
3291 1185 3556 1239 deduxiin

1968 1262 2020 1314 iu
2049 1264 2236 1318 (milia
2273 1277 2386 1332 tua,
2415 1279 2461 1321 et
2503 1269 2824 1324 (relabuntur
2887 1288 3065 1325 coram
3131 1287 3198 1338 te,
3266 1285 3321 1328 ut
3371 1276 3412 1330 ii
3469 1280 3557 1347 qui

1975 1354 2226 1409 la'lmilur
2265 1357 2318 1410 in
2347 1375 2530 1425 messe,
2579 1371 2625 1414 et
2671 1372 2724 1413 ut
2749 1363 2787 1414 ii
2813 1365 2903 1432 qui
2945 1365 3186 1418 dividunt
3223 1367 3412 1434 spolia.

2039 1633 2200 1705 149
2234 1635 2292 1689 Et
2323 1636 2455 1692 dura
2486 1639 2626 1694 fame
2654 1652 2710 1696 et
2767 1643 2946 1713 inopia
3015 1652 3338 1717 premendos
3395 1653 3561 1715 dixit,

1964 1727 2053 1794 qui
2087 1727 2242 1782 [idem
2281 1728 2618 1786 Emmanueli
2655 1734 2852 1790 habere
2905 1750 3245 1805 recusarunt,
3302 1758 3406 1797 non
3453 1754 3550 1798 ἰιι-

278 1803 558 1873 μανουὴλ,
602 1807 703 1859 οὐκ
753 1809 1196 1885 ἀπορηθήσεσθαι
1243 1820 1370 1883 τοὺς
1419 1825 1476 1875 ἐν
1531 1828 1859 1900 στενοχωρίᾳ

1967 1831 2087 1872 men
2118 1819 2423 1877 defecturos
2453 1823 2544 1891 qui
2581 1825 2633 1878 in
2674 1830 2924 1898 angustia
2971 1832 3166 1886 versati
3206 1845 3354 1896 sunt.
3382 1852 3550 1904 usque

276 1896 628 1966 προειρηκὼς
659 1900 763 1964 ἓως
787 1905 1002 1974 καιροῦ,
1042 1908 1183 1960 κατὰ
1203 1927 1266 1977 γε
1298 1912 1394 1983 τὴν
1424 1914 1523 1985 ἤδη
1559 1920 1861 1985 προαποδο-

278 1985 469 2041 θεῖσαν
489 1989 749 2047 διάνοιαν.
782 1997 1042 2064 ’Λρχεται
1069 1999 1264 2070 δηλοῦν
1293 2006 1386 2058 καὶ
1412 2005 1552 2070 τίνες
1578 2011 1627 2062 οἱ
1655 2013 1862 2080 πρῶτοι

277 2080 706 2150 πιστεύσαντες,
737 2088 834 2140 καὶ
866 2091 1088 2162 ἀπαρχὴ
1129 2097 1413 2163 γεγονότες
1442 2100 1551 2154 τῶν
1591 2105 1862 2176 κεκλημέ-

274 2187 385 2224 νων
433 2173 516 2236 είς
571 2175 866 2243 ἐπίγνωσιν
912 2181 1004 2233 τοῦ
1044 2181 1388 2259 Ἐμμανουὴλ
1430 2190 1525 2243 τοῦ
1576 2173 1859 2261 λέγοντος*

288 2261 426 2316 Ἰδοὺ
462 2262 575 2331 ἐγὼ
599 2267 785 2321 καὶτὰ
813 2270 998 2324 παιδία
1027 2273 1062 2327 ἆ
1093 2292 1182 2344 μοι
1211 2276 1411 2332 ἔδωκεν
1438 2282 1465 2334 ὁ
1497 2281 1648 2346 θεὸς,
1677 2283 1737 2347 ὃς
1769 2286 1887 2340 καὶ,

275 2352 502 2421 γέγονεν
530 2358 612 2420 είς
639 2361 846 2429 σημεῖά
865 2379 923 2415 τε
946 2365 1038 2418 καὶ
1067 2366 1272 2438 τέρατα
1297 2371 1355 2423 ἐν
1379 2372 1457 2442 τῷ
1483 2372 1616 2442 οἴκῳ
1645 2374 1863 2447 Ἰσραὴλ

275 2446 434 2516 παρᾶ
478 2450 685 2521 Κυρίου
731 2453 958 2510 Σαϐαὼθ
1002 2459 1094 2512 τοῦ
1123 2463 1504 2530 κατοικοῦντος
1541 2469 1598 2520 ἐν
1629 2467 1708 2539 τῷ
1744 2446 1862 2540 ὄρει

275 2537 439 2592 Σιιὶιν.
470 2542 605 2594 Φασὶ
631 2545 742 2620 γάρ
777 2564 880 2600 που
926 2549 1020 2602 καὶ
1049 2551 1172 2626 ὅρια
1213 2555 1499 2610 Ζαϐουλὼν
1525 2558 1616 2612 καὶ
1639 2537 1860 2629 Νεφθα-

275 2631 406 2702 λεὶμ
431 2635 496 2704 τῇ
531 2634 807 2708 Τιϐεριάδι
847 2643 1213 2712 παρακεῖσθαι
1253 2645 1438 2729 λίμνῃ,
1477 2651 1569 2704 καὶ
1612 2653 1670 2704 ἐν
1706 2655 1863 2724 ἐσχα-

275 2726 423 2790 τιαῖς
447 2723 584 2781 εἶναι
609 2729 708 2800 τῆς
749 2733 1017 2788 Ἰουδαίων
1039 2736 1244 2807 χώρας,
1267 2723 1343 2804 ὡς
1373 2741 1570 2815 ὅμορον
1593 2723 1860 2816 ὑπάρχειν

274 2818 344 2886 τῇ
379 2818 495 2872 τῶν
521 2819 687 2873 ἐθνῶν
716 2823 995 2898 Γαλιλαίᾳ,
1039 2828 1236 2902 ἐτέρας
1276 2831 1443 2902 οὔσης
1490 2835 1590 2906 τῆς
1627 2837 1762 2908 πρὸς
1791 2843 1858 2910 τῇ

273 2908 549 2963 Φοινίκων
581 2912 752 2985 χώρᾳ.
812 2917 910 2970 Ἐκ
937 2918 1142 2973 τούτων
1185 2923 1315 2992 φασὶ
1361 2924 1594 2994 μάλιστα
1626 2926 1734 2981 τῶν
1761 2908 1862 2998 φυξ

273 2999 390 3053 λῶν
415 3003 542 3066 τοὺς
573 3005 762 3074 ἁγίους
792 3008 1124 3076 ἀποστόλους
1150 3015 1408 3082 γενέσθαι
1439 3017 1581 3072 κατὰ
1618 3021 1678 3072 τδ
1718 3019 1862 3073 πλεῖο

275 3109 422 3148 στον.
453 3096 562 3148 Καὶ
580 3096 708 3164 γοῦν
731 3099 799 3153 τὰ
823 3103 1068 3174 περὶτῆς
1097 3105 1342 3176 κλήσεως
1358 3109 1555 3178 αὐτῶν,
1583 3112 1860 3177 Ματθαῖος

1966 1907 2031 1961 ad
2078 1916 2286 1977 tempus
2326 1911 2580 1980 praelatus
2625 1926 2727 1981 est,
2759 1917 2912 1986 juxta
2947 1921 3094 1988 prius
3150 1923 3366 1978 allatam
3432 1943 3555 1980 sett-
3608 1936 3616 1943 ‘

1967 2001 2212 2054 tentiam.
2254 2001 2479 2058 Orditur
2515 2006 2889 2063 demonstrare
2915 2012 3008 2080 qui
3059 2014 3168 2067 sint
3239 2016 3396 2084 primi
3454 2020 3544 2086 qui

1965 2091 2331 2159 crediderunt,
2361 2104 2414 2150 et
2439 2097 2532 2168 qui
2564 2099 2816 2167 primitiae
2845 2104 3057 2159 luerunt
3091 2121 3279 2162 eorum
3305 2111 3395 2179 qui
3452 2127 3550 2163 νοω

1965 2181 2072 2236 cati
2099 2193 2224 2237 sunt
2251 2187 2316 2239 ad
2343 2189 2668 2257 agnitionem
2691 2191 3050 2250 Emmanuelis
3074 2237 3089 2263 ,
3116 2197 3377 2255 dicentis:
3404 2201 3542 2255 Ecce

1965 2285 2064 2340 ego
2093 2280 2147 2326 et
2180 2276 2333 2344 pueri
2377 2293 2512 2346 quos
2567 2281 2698 2335 mihi
2735 2283 2876 2337 dedit
2904 2284 3064 2347 Deus.
3108 2295 3161 2340 et
3201 2289 3291 2359 qui
3338 2301 3457 2344 erat
3495 2293 3548 2345 in

1966 2362 2124 2417 domo
2151 2365 2312 2421 Israel
2345 2368 2396 2422 in
2432 2370 2585 2441 signa
2618 2381 2672 2426 et
2706 2383 2917 2428 ostenta
2944 2391 2973 2428 a
3014 2377 3240 2434 Domino
3287 2379 3548 2446 Sabaodi,

1963 2455 2056 2522 qui
2080 2456 2288 2512 habitat
2315 2459 2368 2513 in
2392 2469 2578 2516 monte
2594 2461 2747 2518 Sion.
2777 2465 3014 2522 Narrant
3039 2470 3184 2524 enim
3215 2470 3350 2527 lines
3365 2471 3549 2528 Zabu-

1964 2544 2055 2599 lon
2092 2555 2148 2601 et
2185 2547 2529 2619 Nephthalim
2560 2553 2833 2611 Tiberiadi
2867 2567 3061 2629 stagno
3105 2561 3375 2632 adiacere,
3413 2565 3548 2620 etin

1963 2639 2225 2695 extremis
2254 2643 2498 2710 partibus
2531 2643 2770 2704 Iudaicae
2804 2652 3041 2720 regionis
3071 2667 3211 2721 esse,
3285 2664 3346 2709 ut
3403 2654 3548 2711 Gali.

1963 2727 2076 2784 ima:
2114 2732 2353 2801 gentium
2380 2735 2490 2790 sint
2537 2738 2911 2804 conterminae,
2984 2757 3105 2796 nam
3140 2742 3306 2799 altera
3346 2756 3428 2800 est
3491 2747 3548 2800 in

1967 2820 2184 2890 regione
2216 2823 2550 2880 Plitenicum.
2588 2827 2663 2881 Ex
2695 2828 2779 2884 his
2810 2831 3048 2886 maxime
3076 2833 3324 2888 tribubus
3362 2834 3547 2887 dicunt

1964 2909 2254 2981 plerosque
2288 2923 2600 2970 sanctorum
2637 2918 3006 2984 apostolorum
3046 2933 3188 2974 esse.
3223 2921 3290 2976 Et
3329 2924 3554 2991 quidem

1965 3001 2034 3056 de
2075 3017 2262 3059 eorum
2298 3009 2585 3062 vocatione
2644 3008 2926 3065 Matthaeus
2986 3011 3174 3068 beatus
3219 3016 3547 3084 evangelista

1967 3096 2121 3152 nobis
2146 3113 2430 3164 enarrans,
2471 3101 2702 3172 primum
2735 3105 2953 3172 quidem
2997 3120 3092 3174 per
3132 3106 3266 3161 lines
3296 3101 3543 3161 Zabulou

272 3183 407 3252 ἡμῖν
446 3185 473 3236 ὁ
504 3186 777 3258 μακάριος
803 3193 1198 3267 εὐαγγελιστὴς
1227 3197 1612 3268 ἐξηγούμενος,
1641 3200 1857 3270 πρῶτον

1964 3198 2014 3246 et
2051 3189 2394 3261 Neplithalim
2421 3193 2606 3250 Jesum
2645 3195 2885 3265 deducit,
2936 3208 3120 3270 postea
3197 3200 3548 3270 quemadmo-

277 3275 379 3343 μὲν
406 3275 735 3348 ἀποκομίζει
767 3281 859 3334 τὸν
897 3284 1107 3356 Ἰησοῦν
1144 3288 1203 3340 ἐν
1242 3288 1410 3357 ὁρίοις
1445 3289 1731 3344 Ζαϐουλὼν
1763 3292 1859 3345 καὶ

272 3366 614 3439 Νεφθαλείμ.
651 3367 784 3425 Εἶτα
824 3374 944 3429 τίνα
970 3379 1169 3447 τρόπον
1202 3379 1536 3446 ἀπολέκτους
1564 3385 1858 3454 ἐποιήσατο

273 3459 402 3523 τοὺς
435 3462 626 3530 ἁγίους
651 3466 1000 3534 ἀποστόλους,
1036 3475 1377 3544 προσεπάγει
1415 3477 1622 3546 σαφῶς.
1653 3480 1856 3549 Γράφει

269 3551 330 3605 δὲ
355 3553 500 3607 οὕτω
535 3559 665 3628 περὶ
695 3560 963 3631 Χριστοῦ·
1000 3582 1018 3615 ι
1055 3565 1164 3619 Καὶ
1197 3567 1513 3623 καταλιπὼν
1544 3569 1642 3642 τὴν
1674 3571 1859 3636 Ναζα-

272 3643 370 3714 ρὲο
404 3645 575 3715 ἐλθὼν
601 3651 921 3721 κατῴκησεν
942 3655 1020 3715 είς
1059 3657 1433 3731 Καπερναοὺμ
1472 3661 1571 3733 τὴν
1605 3663 1857 3733 παραθα-

269 3733 495 3790 λάττιον
530 3742 583 3793 ἐν
607 3743 776 3811 ὁρίοις
803 3746 1092 3802 Ζαϐουλὼν
1116 3751 1210 3804 καλ⁵
1233 3753 1575 3826 Νεφθαλεὶμ,
1600 3756 1687 3810 ἵνα
1717 3757 1856 3828 πλη-

273 3827 424 3899 ρωθῇ
456 3831 516 3883 τὸ
550 3834 712 3903 ῥηθὲν
743 3837 832 3891 διὰ
870 3839 1092 3895 Ἡσαΐου
1118 3841 1387 3912 λέγοντος·
1433 3848 1508 3917 Γῆ
1550 3827 1856 3913 Ζαϐουλὼν,

272 3921 374 3972 καὶ
412 3923 484 3992 γῆ
514 3926 832 4000 Νεφθαλείμ
869 3932 986 3998 ὁδὸς
1019 3933 1298 4010 θαλάσσης
1351 3941 1526 4011 πέραν
1562 3941 1856 4013 Ἰορδάνου,

271 4012 537 4068 Γαλιλαία
564 4018 672 4070 τῶν
696 4019 884 4087 ἐθνῶν,
901 4024 931 4076 ὁ
958 4024 1084 4090 λαὸς
1110 4028 1421 4100 καθήμενος
1440 4033 1498 4085 ἐν
1529 4012 1710 4087 σκότει
1741 4035 1858 4104 φῶς

271 4104 349 4158 ἴδε
389 4108 554 4178 μέγα,
590 4113 683 4166 καὶ
711 4118 824 4178 τοῖς
849 4117 1182 4189 καθημένοις
1212 4124 1271 4176 ἐν
1300 4123 1454 4196 χώρα
1476 4126 1569 4179 καὶ
1597 4129 1724 4198 σκιᾷ
1759 4128 1856 4180 θα-

271 4195 460 4261 νάτου,
491 4202 608 4268 φῶς
638 4203 909 4259 ἀνέτειλεν
951 4210 1156 4273 αὐτοῖς.
1195 4233 1213 4264 ι
1251 4215 1596 4285 Προσεπάγει
1640 4218 1698 4272 δὲ
1731 4218 1856 4272 τού-

269 4306 387 4354 τοις
407 4308 422 4320 ο
462 4312 482 4343 ι
520 4295 843 4365 Περιπατῶν
873 4301 930 4354 δὲ
958 4303 1108 4375 παρὰ
1139 4305 1238 4375 τὴν
1271 4306 1544 4361 θάλασσαν
1574 4309 1672 4378 τῆς
1699 4310 1856 4363 Γαλι-

269 4379 432 4444 λαίας
499 4382 576 4435 ίδε
630 4384 724 4438 δύο
774 4387 1076 4459 ἀδελφοὺς,
1131 4393 1352 4462 Σίμωνα
1412 4394 1504 4448 τὸν
1566 4395 1857 4466 λεγόμενον

271 4474 504 4544 Πέτρον,
539 4478 632 4530 καὶ
672 4479 926 4551 Ἀνδρέαν
953 4483 1045 4537 τὸν
1079 4483 1306 4552 ἀδελφὺν
1341 4486 1526 4552 αὑτοῦ,
1562 4487 1856 4559 βάλλοντας

269 4566 692 4640 ἀμφίϐληστρον
736 4573 815 4635 εἰς
860 4575 961 4646 τὴν
1006 4575 1303 4630 θάλασσαν’
1331 4573 1472 4649 ἦσαν
1506 4579 1616 4651 γὰρ
1649 4579 1850 4644 ἁλιεῖς·

271 4659 366 4712 καὶ
400 4655 556 4713 εἶπεν
600 4663 787 4726 αὐτοῖς
817 4667 844 4719 ὁ
895 4667 1124 4738 Ἰησοῦςο
1166 4669 1330 4722 Δεῦτε
1370 4670 1545 4724 ὀπίσω
1600 4689 1724 4744 μου,
1760 4674 1856 4727 καὶ

274 4755 484 4823 ποιήσω
513 4755 658 4826 ὑμᾶς
675 4756 1114 4824 γενέσθαιὰλιείς
1138 4761 1542 4834 ἀνθρώπων.οἱ
1570 4765 1626 4818 δὲ
1655 4765 1855 4831 εὐθέως

268 4846 500 4914 ἀφέντες
529 4848 598 4902 τὰ
625 4849 821 4905 δίκτυα
865 4853 1235 4927 ἠκολούθησαν
1283 4857 1449 4928 αὐτῷ.
1498 4858 1608 4912 Καὶ
1643 4858 1852 4930 προϐὰς

270 4938 480 4992 ἐκεῖθεν
520 4939 658 4995 εἶδεν
683 4942 876 5008 ἄλλους
904 4945 997 4999 δύο
1024 4947 1308 5016 ἀδελφοὺς,
1346 4949 1603 5003 Ἰάκωϐον
1634 4950 1726 5004 τὸν
1755 4950 1849 5004 τοῦ

270 5029 580 5095 Ζεϐεδαίου,
625 5033 720 5087 καὶ
758 5034 1013 5106 Ἰωάννην
1058 5037 1150 5090 τὸν
1193 5037 1418 5107 ἀδελφὺν
1465 5038 1631 5092 αὐτοῦ
1680 5042 1737 5092 ἐν
1779 5039 1856 5110 τῷ

271 5120 442 5192 πλοίῳ
478 5123 617 5193 μετά
647 5125 934 5182 Ζεϐεδαίου
963 5127 1058 5181 τοῦ
1106 5129 1310 5201 πατρὸς
1355 5129 1555 5189 αὐτῶν.
1594 5132 1856 5202 καταρτί-

270 5213 466 5277 ζοντας
498 5217 567 5269 τὰ
592 5217 785 5272 δίκτυα
814 5220 1014 5287 αὐτῶν,
1052 5221 1144 5275 καὶ
1171 5221 1433 5276 ἐκάλεσεν
1459 5222 1679 5286 αὐτούς.
1713 5224 1776 5277 0i.
1796 5223 1853 5277 δὲ

267 5305 481 5370 εὐθέως
519 5309 745 5376 ἀφέντες
788 5312 848 5364 τὸ
904 5313 1089 5367 πλοῖον
1132 5317 1226 5369 καὶ
1281 5316 1371 5370 τὸν
1422 5317 1636 5387 πατέρα
1673 5317 1852 5370 αὐτῶν

267 5397 646 5468 ἠκολούθησαν
678 5403 850 5474 αὐτῷ.
888 5424 906 5456 ι
955 5407 1150 5460 Ἰστέον
1199 5409 1256 5461 δὲ
1302 5409 1382 5463 ὅτι
1427 5409 1524 5481 τὴν
1573 5410 1852 5463 θάλασσαν

268 5493 368 5562 τῆς
396 5491 683 5558 Γαλιλαίας
713 5495 810 5566 τὴν
827 5498 1116 5568 Τιϐεριάδα
1133 5500 1329 5571 λίμνην
1354 5502 1414 5555 τὸ
1437 5503 1679 5574 Γράμμα
1715 5504 1850 5575 φησὶ

264 5582 329 5635 τὸ
357 5584 534 5656 ἱερόν·
568 5587 697 5640 ἔνθα
728 5589 821 5641 καὶ
844 5589 1112 5662 ηὕρηνται
1143 5592 1240 5664 τὴν
1266 5592 1370 5646 τῶν
1405 5595 1600 5650 ἀλιέων
1640 5597 1850 5668 μετιόν-

336 5746 384 5777 ”
411 5745 602 5809 Manli.
640 5763 708 5815 ιν,
734 5748 916 5805 13-17.
998 5750 1041 5780 ⁸⁸
1072 5753 1200 5806 ibid.
1229 5752 1414 5807 18-22.

1962 3282 2088 3338 dum
2121 3284 2380 3355 delegerit
2419 3295 2638 3343 sanctos
2663 3291 2962 3359 apostolos,
2995 3294 3288 3362 prudenter
3322 3293 3547 3364 subjun-

1960 3375 2066 3444 git,
2109 3375 2296 3448 sicque
2325 3381 2390 3434 de
2429 3379 2647 3436 Christo
2682 3384 2912 3440 scribit:
2943 3403 2961 3436 ι
3025 3385 3092 3440 Ει
3141 3385 3329 3441 relicto
3373 3384 3550 3442 Naza-

1959 3469 2078 3523 reth
2099 3509 2113 3536 ,
2135 3470 2411 3542 profectus
2443 3472 2707 3530 habitavit
2738 3476 2791 3531 in
2817 3476 3219 3547 Capliarnaum,
3259 3478 3396 3533 mari
3424 3479 3550 3534 lini-

1964 3561 2176 3630 limam,
2224 3567 2279 3620 in
2312 3566 2507 3624 finibus
2540 3566 2777 3625 Zabulon
2802 3579 2857 3625 et
2889 3570 3229 3642 Neplithalim
3255 3613 3274 3639 ,
3325 3581 3381 3626 ut
3439 3574 3540 3627 itn~

1961 3654 2202 3724 pleretur
2243 3659 2385 3726 quod
2430 3660 2630 3715 dictum
2666 3670 2750 3716 est
2788 3663 2856 3717 ab
2896 3662 3033 3717 Isaia
3070 3666 3330 3734 propheta
3362 3665 3542 3719 (licen-

1965 3755 2014 3801 te
2051 3763 2067 3803 :
2105 3747 2272 3803 Terra
2309 3749 2576 3816 Zabulon,
2612 3761 2666 3806 et
2699 3763 2842 3808 terra
2862 3752 3229 3822 Nephthalim,
3262 3759 3347 3808 via
3381 3760 3545 3808 maris

1961 3837 2101 3892 ultra
2172 3838 2502 3906 Jordanem,
2555 3841 2774 3897 Galiltea
2829 3845 3106 3913 gentium;
3170 3846 3404 3916 populus
3454 3849 3542 3915 qui

1958 3931 2101 3986 sedit
2126 3932 2176 3985 in
2213 3932 2468 4000 tenebris,
2501 3933 2674 3988 lucem
2695 3934 2828 3989 vidit
2865 3951 3136 4006 magnam,
3157 3946 3210 3991 et
3231 3939 3543 3992 sedentibus

1962 4023 2014 4076 in
2060 4025 2278 4092 regione
2315 4032 2370 4079 et
2404 4026 2597 4079 umbra
2650 4027 2862 4092 mortis,
2921 4026 3012 4081 lux
3049 4037 3169 4083 orta
3205 4037 3288 4082 est
3318 4029 3399 4083 eis
3423 4029 3487 4082 ⁷⁸.
3521 4049 3538 4079 ι

1959 4114 2123 4170 Addit
2149 4131 2278 4170 vero
2317 4117 2432 4172 bis:
2467 4133 2486 4168 ι
2528 4116 2895 4176 Obambulans
2916 4120 3213 4190 verojuxta
3246 4136 3394 4177 mare
3428 4123 3540 4178 Ga-

1961 4206 2132 4272 lilaeze,
2163 4208 2298 4262 vidit
2327 4208 2459 4265 duos
2489 4207 2708 4276 fratres,
2751 4210 3024 4268 Simonem
3059 4214 3262 4269 dictum
3297 4214 3538 4280 Petrum,

1959 4307 2013 4352 et
2060 4300 2335 4354 Andream
2365 4299 2589 4356 fratrem
2627 4301 2764 4370 ejus,
2794 4303 3059 4372 iacientes
3088 4305 3223 4360 retia
3255 4305 3308 4360 iu
3341 4323 3493 4363 mare
3523 4325 3538 4362 :

1959 4403 2117 4447 erant
2152 4394 2296 4448 enim
2325 4394 2659 4464 piscatores:
2687 4411 2750 4452 ac
2787 4398 2922 4452 dixit
2957 4397 3062 4453 illis
3109 4400 3267 4455 Jesus
3303 4417 3318 4454 :
3351 4399 3541 4456 Venite

1961 4492 2082 4553 post
2117 4499 2222 4552 me,
2274 4484 2551 4540 etfaciam
2591 4502 2684 4544 vos
2739 4489 3038 4558 piscatores
3086 4492 3387 4548 hominum.
3445 4495 3542 4549 At-

1963 4591 2070 4646 que
2097 4576 2193 4642 illi,
2231 4579 2493 4634 contiuuo
2527 4579 2729 4635 relictis
2772 4580 2998 4651 retibus,
3043 4585 3214 4640 secuti
3243 4595 3368 4640 sunt
3394 4602 3536 4642 eum.

1961 4667 2089 4724 Inde
2115 4683 2434 4738 progressus
2470 4671 2605 4726 vidit
2630 4671 2765 4727 alios
2790 4673 2926 4730 duos
2993 4673 3212 4744 fratres,
3281 4676 3541 4733 Iacobum

1963 4761 2130 4817 lilium
2171 4763 2438 4829 Zebedaei,
2465 4773 2518 4820 et
2543 4763 2805 4821 Joannem
2839 4768 3062 4824 fratrem
3097 4769 3213 4837 ejus
3277 4771 3329 4824 in
3397 4772 3541 4832 navi,

1960 4871 2082 4912 cum
2112 4855 2373 4912 Zebedaeo
2404 4867 2558 4926 patre
2596 4873 2714 4924 suo,
2769 4861 3069 4916 sarcientes
3127 4876 3224 4916 sua
3281 4863 3413 4917 retia
3437 4904 3451 4929 ,
3485 4873 3540 4916 et

1962 4947 2174 5001 vocavit
2205 4962 2300 5002 eos
2340 4967 2354 5003 :
2406 4948 2569 5018 hique
2607 4950 2853 5020 protinus
2895 4951 3082 5007 relicta
3137 4953 3258 5006 navi
3295 4962 3351 5008 et
3387 4960 3540 5022 patrc

1955 5055 2072 5105 suo,
2103 5042 2272 5095 secuti
2300 5050 2425 5096 sunt
2451 5057 2573 5095 eum
2595 5042 2661 5096 '°.
2695 5061 2713 5094 ι
2740 5042 3030 5098 Sciendum
3051 5058 3181 5100 vero
3207 5042 3538 5112 Scripturam

1956 5147 2172 5187 sacram
2193 5132 2372 5187 dicere
2405 5147 2554 5188 mare
2577 5132 2812 5189 Galilaeae
2847 5133 3192 5190 Tiberiadem
3220 5135 3418 5200 lacum,
3449 5134 3560 5189 ubi.

1956 5224 2127 5281 divini
2173 5227 2423 5300 discipuli
2457 5231 2803 5300 piscatoriam
2836 5243 3004 5284 artem
3027 5243 3286 5284 exercere
3328 5227 3534 5283 inventi

1956 5327 2101 5373 sunt.
2149 5317 2301 5376 Facit
2333 5321 2495 5392 igitur
2530 5323 2690 5378 verba
2727 5321 2887 5392 150
2916 5324 2967 5376 in
3003 5322 3287 5391 praesentia
3322 5321 3536 5374 univer.

1959 5411 2136 5467 sitatis
2169 5413 2309 5469 Deus
2341 5431 2472 5471 voce
2503 5416 2796 5486 prophetia,
2834 5414 2980 5467 velut
3050 5413 3112 5466 ad
3149 5413 3398 5484 regiones
3423 5412 3538 5468 sive

1960 5504 2208 5558 civitates
2247 5506 2417 5560 tribus
2442 5505 2680 5560 Zabulou
2729 5515 2781 5559 et
2810 5502 3175 5576 N.-phlba|i:n,
3209 5521 3330 5576 qua:
3379 5503 3538 5558 Tibe-

1960 5593 2320 5666 t‘iadistagno
2382 5606 2533 5653 erant
2584 5597 2858 5653 confines:
2920 5597 3118 5668 quibus
3171 5607 3378 5653 tantum
3433 5612 3542 5652 non
