4030 6208
1105 80 1142 123 δ

386 233 493 291 ‘247

1344 314 1345 317 η
1377 235 1436 291 S.
1479 231 1759 291 CYBILLI
1802 229 2278 291 ALEXANDRINI
2315 229 2641 289 ARCHIEP.

3553 225 3662 281 ειε

389 352 643 409 salutaris
680 350 929 422 poculum
965 350 1294 421 impartitur,
1324 359 1380 406 et
1443 351 1627 407 vinum
1697 352 1950 422 prOpinat

2092 366 2177 413 τες
2220 348 2417 421 τέχνην
2463 350 2512 404 οἱ
2554 348 2832 405 θεσπέσιοι
2883 345 3142 421 μαθηταί.
3185 343 3426 399 Ποιεῖται
3481 339 3662 395 τοίνυν

389 443 704 499 exhilarans
741 458 836 499 cor
866 441 1120 507 hominis,
1155 442 1596 513 praedicationem
1627 443 1881 500 videlicet
1909 442 1975 499 de

390 534 632 590 Christo.
662 532 795 596 Hoc,
836 533 1031 603 inquit,
1091 532 1326 602 primum
1359 532 1510 603 bibe,
1568 533 1882 601 citot‘acito,
1921 533 1976 590 id

392 630 496 693 est,
519 608 559 683 ὀ
588 627 737 698 regio
769 626 1008 682 Zabulon
1046 642 1109 683 ac
1134 625 1507 698 Nepbthalim,
1553 627 1812 697 suscipite
1837 642 1975 699 prae-

392 722 712 778 dicationem
753 719 1068 775 salutarem.
1097 719 1202 775 Sed
1242 719 1408 776 facite
1448 720 1574 786 cito,
1615 718 1667 774 id
1694 728 1799 786 est,
1835 719 1975 774 citra

392 827 603 868 omnem
662 825 893 866 moram.
971 809 1212 877 Celeres,
1284 811 1362 867 uti
1434 811 1705 878 dicebam,
1758 810 1977 866 fuerunt

395 903 664 974 discipuli,
695 913 749 959 et
780 904 937 959 valde
961 904 1214 959 alacriter
1245 903 1312 958 ad
1360 904 1688 960 credendum
1757 903 1977 969 Christo

392 994 767 1070 prosilierunt.
812 996 948 1051 Nam
974 999 1230 1051 continuo
1264 996 1468 1059 relictis
1505 997 1710 1052 retibus
1740 1008 1794 1053 et
1825 1007 1980 1067 patre

393 1106 513 1155 suo,
542 1090 716 1145 secuti
748 1099 916 1155 sunt;
951 1097 1009 1144 et
1041 1103 1142 1144 nec
1166 1088 1321 1159 longa
1354 1089 1694 1144 institutione
1719 1088 1823 1144 illis
1843 1103 1978 1159 npus

392 1179 517 1235 fuit.
566 1179 1032 1235 Audieruntcnim
1059 1197 1072 1234 :
1106 1197 1127 1231 ι
1185 1178 1372 1234 Venite
1400 1187 1525 1248 post
1552 1193 1658 1245 me,
1691 1186 1746 1233 et
1779 1176 1977 1233 faciam

393 1291 490 1330 vos
520 1275 818 1344 piscatores
849 1271 1147 1327 hominum
1172 1289 1190 1337 ;
1221 1281 1277 1326 et
1308 1270 1478 1326 secuti
1508 1280 1637 1326 sunt
1666 1285 1789 1331 eum
1845 1268 1915 1323 ⁸¹.
1950 1287 1970 1320 ι

394 1367 519 1423 Pari
548 1368 707 1423 modo
736 1374 789 1421 et
814 1375 1049 1421 caeteros
1079 1375 1296 1420 sanctos
1326 1363 1597 1431 apostolos
1626 1371 1847 1418 vocatos
1897 1363 1978 1417 in-

395 1462 697 1522 veniemus,
729 1467 784 1512 et
817 1457 870 1511 in
907 1456 1243 1528 disciplinam
1284 1454 1487 1510 Christi
1552 1468 1611 1510 se
1667 1454 1976 1509 tradidisse.

397 1550 603 1606 Scribit
619 1548 762 1604 enim
777 1548 1013 1604 Joannes
1034 1549 1113 1603 sic
1135 1548 1201 1603 de
1214 1546 1501 1603 Servatore
1523 1555 1711 1602 nostro
1725 1547 1975 1605 Christo:

403 1664 422 1697 ι
457 1640 680 1699 Postero
726 1642 811 1699 die
843 1641 1187 1696 voluitexire
1228 1640 1281 1694 in
1320 1638 1621 1707 Galilaeam,
1670 1649 1724 1694 et
1778 1639 1981 1709 reperit

400 1735 725 1804 Philippum;
761 1743 815 1788 et
849 1733 980 1789 dicit
1002 1733 1049 1789 ei
1084 1732 1262 1798 Jesus,
1308 1730 1549 1801 Sequere
1592 1747 1696 1787 me.
1725 1708 1859 1786 Erat
1885 1746 1982 1785 au-
2012 1708 2055 1763 Β

400 1837 504 1880 tem
537 1823 816 1893 Philippus
865 1838 896 1877 a
930 1822 1216 1877 Bethsaida
1280 1820 1501 1878 civitate
1537 1822 1767 1878 Andrea:
1795 1830 1850 1877 et
1880 1822 1982 1876 Pe-

400 1917 488 1971 tri.
527 1916 746 1983 Reperit
772 1913 1051 1981 Philippus
1080 1910 1491 1977 Nathanaelem,
1526 1921 1581 1967 et
1624 1912 1754 1967 dicit
1780 1914 1866 1966 ei:
1907 1912 1984 1967 De

398 2020 505 2075 quo
538 2004 761 2073 scripsit
793 2002 967 2058 Moses
993 2003 1045 2056 in
1087 2000 1225 2072 lege,
1264 2010 1319 2055 et
1348 2002 1643 2071 prophetae,
1674 2001 1983 2056 invenimus

396 2096 582 2153 Jesum
641 2096 811 2152 filium
868 2094 1067 2166 Ioseph
1121 2092 1460 2149 Nazarenum
1506 2094 1576 2149 ⁸⁸.
1636 2112 1657 2147 ι
1708 2093 1808 2150 Ubi
1853 2109 1984 2149 vero

398 2190 628 2245 accessit
666 2190 733 2245 ad
772 2187 981 2253 Jesum,
1042 2203 1108 2242 ac
1169 2187 1437 2243 dicentem
1486 2187 1704 2242 demum
1737 2188 1985 2243 audivit:

405 2304 426 2338 ι
460 2283 781 2353 Priusquam
830 2292 881 2337 te
905 2281 1184 2352 Philippus
1223 2292 1465 2349 vocaret,
1512 2297 1635 2337 cum
1690 2296 1841 2337 esses
1885 2280 1986 2335 sub

400 2377 528 2443 lico,
562 2373 811 2431 videbant
845 2383 916 2440 te,
971 2390 989 2425 ι
1025 2374 1252 2428 credidit
1282 2375 1552 2444 protinus,
1614 2382 1669 2429 et
1707 2373 1983 2438 clamavit,

400 2470 586 2524 dicens
620 2487 634 2524 :
671 2486 688 2520 ι
728 2464 923 2532 Rabbi,
957 2474 1011 2519 tu
1041 2480 1101 2521 es
1128 2464 1297 2522 Filius
1339 2465 1455 2532 Dei,
1491 2474 1545 2519 tu
1581 2480 1641 2520 es
1677 2480 1771 2521 rex
1804 2464 1984 2521 Israe-

403 2560 468 2617 lis
499 2560 566 2617 ⁸³.
606 2579 625 2613 ι
661 2560 870 2614 Rursus
899 2557 1210 2623 Betltsaida,
1237 2557 1304 2613 de
1330 2572 1435 2628 qua
1463 2556 1740 2627 Philippus
1786 2568 1840 2612 et
1878 2557 1986 2613 Na-

404 2652 620 2711 thanael
651 2651 862 2707 oriundi
894 2659 1042 2714 sunt,
1069 2649 1350 2720 adjacebat
1380 2650 1514 2704 mari
1547 2648 1840 2706 Tiberiadi.
1872 2649 1985 2705 Me-

404 2746 561 2802 minit
589 2746 714 2800 item
756 2745 946 2799 beatus
975 2743 1144 2797 David
1162 2741 1446 2798 electionis
1480 2742 1889 2812 discipulorum,
1931 2751 1981 2800 et

404 2840 621 2908 inquit:
658 2856 675 2891 t
717 2836 828 2891 lllic
862 2835 1140 2907 Beniamin
1168 2833 1354 2905 junior
1410 2835 1464 2890 in
1517 2846 1759 2907 stupore,
1787 2836 1988 2906 princi-

405 2945 500 2995 pes
526 2929 684 2994 Juda,
714 2931 877 2986 duces
900 2944 1115 2992 eorum,
1141 2930 1415 2998 principes
1464 2928 1734 2994 Zabulon,
1776 2930 1990 3000 princi-

407 3033 501 3084 pes
529 3016 872 3087 Nephthalim
898 3017 1151 3086 “.tQuod
1183 3029 1366 3075 autem
1398 3020 1832 3091 divinidiscipuli
1872 3021 1988 3076 suis

2076 442 2202 506 τοὺς
2225 441 2415 511 λόγους
2444 444 2473 496 ό
2488 443 2597 498 τῶν
2624 443 2762 498 ὅλων
2784 442 2916 507 Θεὸς
2931 441 3020 497 διὰ
3048 440 3236 511 φωνῆς
3253 437 3350 492 τοῦ
3378 436 3665 508 προφήτου

2076 533 2215 605 πρὸς
2243 534 2304 587 τὸ
2344 535 2541 606 παρὸν,
2567 534 2643 600 ὡς
2673 535 2810 608 πρός
2836 552 2897 588 τε
2933 534 3032 596 τὰς
3059 530 3244 603 χώρας
3276 530 3397 600 ἦτοι
3436 529 3537 591 τὰς
3567 528 3667 581 πό-

2075 624 2190 688 λεις
2228 625 2331 695 τῆς
2377 626 2549 695 φυλῆς
2581 625 2869 681 Ζαϐουλὼν
2906 627 3000 682 καὶ
3030 623 3378 694 Νεφθαλεὶμ,
3421 622 3479 677 αἶ
3521 638 3668 693 παρ·

2078 717 2286 771 έκειντο
2312 717 2379 789 τῇ
2409 718 2688 790 Τιϐεριάδι
2719 720 2886 793 λίμνῃ
2906 735 2918 748 ·
2955 719 3050 773 καὶ
3085 714 3369 788 μονονουχὶ
3401 715 3667 786 ποτήριον

2076 809 2266 872 αὑταῖς
2292 810 2386 863 τοῦ
2424 813 2693 882 σωτηρίου
2719 812 2913 877 διδοὺς,
2941 813 3037 866 καὶ
3063 807 3205 865 οἶνον
3234 809 3528 880 προσάγων
3562 808 3661 861 τὸν

2078 902 2438 972 εὐφραίνοντα
2458 904 2687 974 καρδίαν
2717 903 3025 976 ἀνθρώπου,
3044 903 3106 956 τὸ
3128 904 3392 973 κήρυγμα
3415 899 3666 969 δηλονότι

2077 993 2140 1047 τὸ
2185 994 2313 1065 περὶ
2353 994 2613 1065 Χριστοῦ.
2664 995 2835 1049 Τοῦτο
2894 994 3109 1065 πρῶτον
3156 995 3270 1058 πίε,
3325 993 3480 1063 φησὶ,
3524 991 3666 1062 ταχὺ

2080 1087 2248 1150 ποίει,
2297 1085 2441 1140 τοῦτ’
2486 1086 2655 1151 ἐστιν,
2689 1081 2734 1141 ὧ
2792 1085 2944 1158 χώρα
2990 1086 3276 1141 Ζαϐουλὼν
3320 1086 3417 1139 καὶ
3456 1083 3669 1152 Νεφθα-

2081 1178 2230 1249 λεὶμ,
2251 1177 2472 1250 δέχεσθε
2500 1178 2562 1232 τὸ
2591 1179 2658 1251 κή
2670 1196 2857 1250 ρυγμα
2876 1180 2938 1234 τὸ
2970 1180 3260 1250 σωτήριον.
3279 1176 3442 1231 Ἀλλὰ
3461 1178 3667 1231 ποιεῖτε

2082 1269 2243 1339 ταχὺ,
2271 1267 2416 1322 τοῦτ’
2440 1268 2556 1323 ἐστι
2576 1317 2590 1336 ,
2626 1270 2944 1341 μελλησμοῦ
2975 1269 3096 1339 δίχα
3125 1269 3349 1331 παντὸς.
3391 1267 3562 1333 Ὀξεῖς
3581 1266 3666 1332 δὲ,

2085 1360 2162 1424 ώς
2193 1359 2351 1431 ἔφην,
2379 1362 2426 1413 οἱ
2454 1359 2718 1432 μαθηταὶ,
2748 1361 2844 1414 καὶ
2867 1361 2986 1414 λίαν
3018 1360 3254 1430 ἑτοίμως
3290 1360 3458 1422 ἰόντες
3486 1358 3578 1411 ἐπὶ
3603 1357 3671 1411 τὸ

2087 1454 2376 1507 πιστεῦσαι
2404 1454 2645 1525 Χριστῷ.
2684 1454 3084 1524 Ἦκολούθησαν
3109 1452 3219 1525 γὰρ
3243 1452 3404 1516 εὐθὺς
3437 1451 3671 1523 ἀφέντες

2085 1548 2153 1600 τὰ
2183 1547 2373 1601 δίκτυα
2403 1546 2498 1600 καὶ
2528 1547 2621 1600 τὸν
2652 1547 2886 1620 πατέρα,
2926 1548 3018 1600 καὶ
3055 1545 3445 1617 μυσταγωγίας
3483 1544 3673 1606 αὐτοῖς

2086 1637 2309 1710 ἐδέησεν
2338 1639 2398 1692 ού
2432 1640 2918 1710 μακρᾶς.Ἥκουον
2943 1639 3051 1709 γάρ
3071 1655 3084 1668 ·
3111 1656 3130 1689 ι
3155 1637 3319 1691 Δεῦτε
3340 1636 3515 1689 ὀπίσω
3540 1651 3670 1705 μου,

2088 1731 2181 1783 καὶ
2228 1731 2438 1801 ποιήσω
2485 1732 2630 1802 ὑμᾶς
2678 1731 2930 1800 γενέσθαι
2978 1731 3150 1794 ἁλιεῖς
3207 1729 3529 1801 ἀνθρώπων,
3574 1728 3673 1782 καὶ

2088 1822 2460 1894 ἠκολούθησαν
2498 1821 2665 1893 αὐτῷ.
2709 1843 2727 1876 ι
2791 1823 2949 1877 Κατὰ
2995 1824 3089 1876 τὸν
3140 1818 3257 1875 ἴσον
3314 1822 3515 1892 τρόπον
3575 1818 3675 1872 καὶ

2086 1916 2307 1987 ἑτέρους
2336 1916 2445 1970 τῶν
2488 1917 2660 1986 ἁγίων
2690 1918 3007 1971 ἀποστόλων
3035 1915 3411 1986 κεκλημένους
3443 1913 3674 1983 εὑρήσο·

2090 2026 2211 2077 μεν,
2250 2009 2347 2062 καὶ
2381 2010 2753 2080 πεποιηκότας
2779 2011 2879 2079 τῆς
2904 2010 2996 2062 ἐπὶ
3024 2005 3247 2080 Χριστῷ
3281 2004 3677 2076 μυσταγωγίας

2085 2102 2176 2155 τὸν
2207 2101 2387 2171 λόγον.
2417 2102 2625 2173 Γράφει
2659 2104 2769 2174 γὰρ
2811 2105 3068 2173 Ἰωάννης
3111 2102 3209 2155 ὡδὶ
3253 2100 3380 2172 περὶ
3416 2098 3512 2153 τοῦ
3542 2098 3677 2151 πάν-

2085 2213 2193 2250 των
2220 2195 2376 2266 ἡμῶν
2407 2196 2661 2267 Σωτῆρος
2699 2194 2969 2267 Χριστοῦ·
3003 2218 3020 2246 ι
3059 2195 3138 2264 Τῇ
3171 2192 3434 2261 ἐπαύριον
3472 2189 3678 2261 1Ιδγθέληε-

2088 2302 2180 2339 σεν
2211 2285 2445 2351 ἐξελθεῖν
2476 2288 2557 2348 είς
2589 2286 2685 2357 τὴν
2715 2286 3004 2340 Γαλιλαίαν
3026 2300 3039 2313 ·
3069 2285 3162 2338 καὶ
3195 2283 3443 2355 εὑρίσκει
3484 2281 3680 2334 Φίλιπ-

2086 2394 2211 2441 πον,
2239 2377 2334 2430 καὶ
2367 2376 2512 2445 λέγει
2538 2377 2730 2448 αύτῶδ
2765 2376 2995 2449 Ἰησοῦς·
3028 2375 3335 2430 Ἀκολούθει
3360 2391 3470 2445 μοι.
3489 2367 3597 2426 Ἦν
3616 2372 3681 2427 δὲ

2085 2469 2115 2520 ὁ
2160 2468 2429 2531 Φίλιππος
2482 2467 2590 2522 ἀπὸ
2624 2467 2903 2539 Βηθσαϊδὰ
2951 2469 3015 2520 ἐκ
3057 2467 3156 2538 τῆς
3198 2465 3382 2538 χώρας
3423 2463 3680 2533 Ἀνδρέου

2088 2561 2184 2616 καὶ
2232 2560 2464 2632 Πέτρου.
2509 2559 2770 2631 Εύρίσκει
2814 2559 3081 2624 Φίλιππος
3118 2558 3211 2612 τὸν
3242 2556 3537 2637 Ναθαναὴλ
3583 2554 3686 2609 καὶ

2085 2653 2235 2723 λέγει
2272 2651 2454 2723 αὐτῷ·
2497 2654 2592 2705 Ὃν
2625 2651 2830 2723 ἔγραψε
2866 2651 3074 2720 Μωσῆς
3106 2653 3163 2707 ἐν
3198 2649 3277 2720 τῷ
3305 2649 3479 2720 νόμῳ,
3508 2646 3600 2701 καὶ
3628 2645 3683 2699 οῖ

2087 2745 2384 2818 προφῆται,
2424 2743 2741 2816 εὑρήκαμεν
2810 2740 3021 2813 Ἰησοῦν
3055 2742 3170 2797 υἱὸν
3206 2739 3301 2793 τοῦ
3350 2738 3549 2807 Ἰωσὴφ
3585 2735 3683 2790 τόν

2089 2838 2198 2892 ἀπὸ
2223 2835 2499 2909 Ναζαρέθ.
2532 2854 2551 2886 ι
2575 2833 2793 2907 Ἐπειδὴ
2816 2833 2873 2892 δὲ
2903 2835 3130 2903 ἀφίκετο
3159 2832 3296 2904 πρὸς
3324 2831 3414 2885 τὸν
3446 2827 3680 2902 Ἰησοῦν,

2089 2926 2209 2984 εῐτα
2236 2929 2487 2997 λέγοντος
2509 2929 2731 3000 ἤκουσε·
2755 2947 2773 2980 ι
2800 2926 2911 2998 Πρὸ
2928 2924 3022 2979 τοῦ
3054 2942 3114 2979 σε
3142 2925 3406 2977 Φίλιππον
3433 2921 3684 2991 φωνῆσαι

2090 3024 2220 3079 ὅντα
2265 3024 2496 3095 ύπὸπὴν
2547 3025 2720 3082 συκῆν
2764 3018 2903 3075 εἶδόν
2945 3037 3031 3083 σε,
3060 3038 3078 3071 ι
3121 3018 3456 3073 πεπίστευκε
3502 3030 3685 3086 παρα-

407 3110 736 3179 temporibus
783 3125 888 3165 non
915 3112 1012 3169 soli
1032 3110 1258 3166 vocandi
1288 3122 1492 3179 essent,
1528 3114 1619 3167 sed
1649 3113 1810 3171 etiam
1851 3111 1989 3167 mul-

2092 3117 2301 3188 χρῆμα,
2332 3117 2425 3170 καὶ
2452 3115 2514 3187 δὴ
2541 3116 2635 3169 καὶ
2670 3114 2943 3185 ἀνέκραγε
2980 3111 3156 3178 λέγων
3177 3127 3190 3140 σ
3225 3128 3243 3159 ι
3283 3108 3457 3171 Ῥαϐὶ,
3488 3107 3551 3159 σὺ
3578 3101 3631 3161 sl
3650 3105 3686 3158 ὁ

408 3198 580 3252 titudo
605 3199 869 3268 gentium,
914 3200 1184 3269 designat,
1216 3200 1503 3269 inquiens:
1551 3200 1618 3254 Et
1658 3201 1852 3269 reliqui
1881 3215 1994 3254 ma-

411 3286 576 3340 ritimi
607 3287 748 3340 ultra
801 3287 1116 3353 Jordanem,
1170 3289 1390 3348 Galilzea
1451 3293 1714 3361 gentium,
1768 3291 1996 3362 populus

408 3378 500 3452 qui
533 3378 775 3434 ambulat
815 3380 867 3435 iu
913 3380 1174 3445 tenebris,
1205 3381 1378 3436 lucem
1432 3383 1566 3437 vidit
1616 3398 1889 3453 magnam;
1940 3390 1996 3437 et

408 3471 500 3539 qui
540 3469 800 3526 habitatis
838 3470 890 3527 in
928 3472 1147 3540 regione
1173 3487 1234 3528 ac
1264 3473 1451 3527 umbra
1486 3474 1695 3540 mortis,
1742 3472 1831 3528 lux
1870 3473 1994 3530 illu-

414 3564 558 3619 ccbit
585 3564 752 3621 vobis.
792 3564 1117 3620 incedebant
1136 3565 1279 3621 cuitu
1314 3565 1424 3633 jam
1448 3566 1668 3634 perinde
1696 3575 1753 3620 ut
1787 3577 1994 3636 gentes,

410 3666 465 3711 et
489 3658 1055 3713 commemorabantur
1103 3657 1156 3712 in
1217 3658 1319 3714 hoc
1377 3659 1597 3724 mundo,
1659 3658 1997 3727 tanquamiu

412 3758 593 3813 nocte,
664 3762 720 3805 et
778 3751 829 3805 iu
896 3751 1154 3819 tenebris,
1240 3760 1523 3822 propterea
1607 3752 1749 3821 quod
1817 3750 1997 3806 lmnen

420 3840 575 3913 151
616 3858 759 3897 vera:
790 3843 881 3898 Dei
911 3844 1241 3913 cognitionis
1273 3845 1324 3898 itt
1356 3845 1538 3899 animo
1566 3858 1672 3899 non
1716 3842 1997 3907 haberent,

415 3936 510 3989 sed
555 3944 773 3990 ruerent
799 3935 952 4005 quasi
988 3936 1041 3990 itt
1075 3951 1291 4007 omnem
1331 3935 1566 4003 foveam,
1612 3946 1667 3991 et
1710 3935 1763 3990 in
1799 3936 1998 3990 malum

417 4026 583 4081 veluti
640 4027 706 4080 ad
751 4028 997 4096 quemvis
1045 4025 1277 4097 lapidem
1314 4027 1696 4099 impingerent.
1745 4026 2005 4082 Habitare

420 4135 547 4175 vero
574 4134 670 4176 eos
713 4121 767 4174 in
806 4120 1028 4190 regione
1055 4128 1112 4175 et
1147 4120 1335 4175 umbra
1373 4122 1559 4176 mortis
1595 4122 1701 4187 ait,
1742 4122 1887 4191 quod
1931 4121 2003 4175 sit

420 4215 561 4281 apud
605 4228 730 4279 eos,
778 4220 907 4282 puta
948 4212 1002 4267 in
1054 4210 1362 4281 regionibus
1405 4227 1627 4277 eorum,
1669 4213 1813 4267 aliud
1868 4211 2003 4267 nihil

421 4320 583 4375 quam
615 4305 727 4361 sola
760 4304 950 4360 nebula
996 4313 1051 4359 et
1082 4304 1275 4375 caligo,
1311 4304 1507 4358 mentis
1548 4303 1795 4359 videlicet
1827 4314 1882 4359 ct
1920 4305 2004 4358 in-

424 4396 764 4466 telligentiae,
817 4398 1019 4468 quique
1060 4397 1170 4452 sint
1215 4397 1386 4451 instar
1428 4405 1784 4461 mortuorum,
1823 4396 2001 4451 adhuc

2098 3210 2227 3273 Υἱὸς
2280 3209 2374 3263 τοῦ
2423 3208 2582 3273 Θεοῦ,
2630 3210 2694 3262 σὺ
2745 3204 2797 3261 εἶ
2842 3209 2870 3261 ὁ
2915 3205 3169 3277 βασιλεὺς
3216 3203 3312 3257 τοῦ
3375 3200 3613 3272 Ἰσραήλ.
3655 3216 3678 3251 ι

2096 3299 2371 3372 Βηθσαϊδὰ
2400 3299 2457 3353 δὲ
2483 3299 2643 3353 πάλιν
2674 3297 2733 3364 ἐξ
2878 3299 2907 3351 ὁ
2933 3297 3200 3358 Φίλιππος
3238 3289 3307 3366 ἦν
3341 3291 3437 3347 καὶ
3466 3290 3566 3361 μέν
3599 3304 3685 3344 τοι

2097 3390 2413 3462 Ναθαναὴλ,
2464 3390 2760 3461 παρέκειτο
2819 3392 2884 3461 τῇ
2918 3424 2923 3429 ι
2952 3388 3197 3459 θαλάσσῃ
3248 3387 3314 3456 τῇ
3378 3380 3682 3453 Τιϐεριάδι.

2098 3483 2474 3556 Διαμέμνηται
2519 3482 2577 3535 δὲ
2608 3482 2701 3535 κοιλ⁸
2741 3482 2769 3533 ὁ
2822 3481 3091 3552 μακάριος
3120 3477 3284 3531 Δαὸὶδ
3311 3477 3421 3546 τῆς.
3445 3473 3554 3527 τῶν
3580 3488 3686 3543 μα·

2099 3576 2279 3648 θητῶν
2318 3576 2702 3647 ἀναρρήσεως,
2751 3572 2845 3627 καί
2891 3587 3085 3642 φησιν⁸
3132 3589 3149 3621 t
3194 3566 3341 3622 Ἐκεῖ
3391 3564 3687 3634 Βενιαμεὶν

2100 3665 2365 3736 νεώτερος
2405 3667 2462 3718 ἐν
2491 3665 2766 3730 ἐκστάσει,
2811 3663 3068 3734 ἄρχοντες
3102 3658 3273 3713 Ἰούδα
3295 3657 3562 3728 ἡγεμόνες
3582 3654 3688 3708 ab.

2098 3757 2230 3811 τῶν·
2262 3758 2518 3830 ἄρχοντες
2541 3754 2847 3820 Ζαϐουλὼν,
2879 3753 3137 3825 ἄρχοντες
3156 3748 3491 3818 Νεφθαλείμ.
3520 3764 3539 3797 ι
3561 3743 3689 3799 Ὅτι

2100 3849 2154 3904 δὲ
2202 3849 2424 3919 ἔμελλον
2465 3850 2525 3902 οὐ
2570 3849 2719 3918 μόνοι
2759 3846 3130 3917 κληθήσεσθαι
3172 3842 3315 3896 κατὰ
3361 3839 3590 3910 καιροὺς
3636 3837 3691 3889 οῖ

2103 3940 2384 3994 θεσπέσιοι
2426 3940 2692 4012 μαθηταὶ,
2721 3938 2858 3992 ἀλλὰ
2889 3938 2997 4010 γὰρ
3028 3936 3121 3989 καὶ
3144 3937 3203 3988 αἱ
3232 3935 3340 3987 τῶν
3369 3931 3539 3985 ἐθνῶν
3564 3928 3694 3997 ἀγέ-

2102 4034 2214 4098 λαι,
2249 4030 2591 4101 καταμηνύει
2628 4029 2958 4099 λέγων’Καὶ
2989 4030 3037 4082 οἱ
3074 4027 3251 4080 λοιποὶ
3300 4026 3348 4078 οἱ
3387 4022 3485 4094 τὴν
3509 4020 3695 4091 παρά-

2103 4125 2215 4179 λιον
2247 4124 2340 4179 καὶ
2383 4125 2560 4195 πέραν
2587 4122 2680 4178 τοῦ
2730 4120 3020 4193 Ἰορδάνου,
3068 4117 3330 4174 Γαλιλαία
3357 4115 3467 4169 τῶν
3495 4112 3692 4177 ἐθνῶν,

2103 4218 2132 4271 ὁ
2180 4217 2307 4280 λαὸς
2350 4218 2378 4270 ό
2409 4214 2775 4286 πορευόμενος
2811 4213 2869 4267 ἐν
2927 4210 3113 4267 σκότει
3150 4209 3265 4279 φῶς
3307 4206 3381 4260 ἴδε
3419 4206 3581 4276 μέγα.
3625 4204 3696 4259 Οἱ

2104 4308 2482 4388 κατρικοῦντες
2508 4309 2565 4359 ἐν
2596 4305 2748 4376 χώρᾳ
2776 4305 2869 4358 καὶ
2902 4304 3031 4374 σκιᾷ
3059 4301 3316 4363 θανάτου,
3342 4299 3460 4369 φῶς
3483 4294 3696 4367 λάμψει

2115 4401 2198 4467 ἐφ’
2240 4400 2404 4469 ὑμᾶς.
2450 4396 2727 4460 Ἐϐἀδιζον
2771 4395 2878 4467 γὰρ
2912 4394 3101 4464 ῶσπερ
3147 4395 3196 4445 oi
3243 4394 3301 4459 ἐξ
3350 4389 3542 4452 ἐθνῶν,
3596 4389 3703 4445 καὶ

428 4489 693 4542 viventes.
731 4488 1031 4558 Corporum
1061 4503 1294 4558 namque
1320 4488 1507 4543 umbra
1557 4490 1778 4544 omnino
1814 4503 1991 4543 eorum

2110 4491 2375 4562 διέτριῧον
2405 4491 2462 4543 ἐν
2488 4488 2623 4559 τῷδε
2658 4488 2735 4560 τῷ
2784 4488 2976 4558 κόσμῳ
3000 4504 3013 4516 ·
3049 4486 3302 4556 καθάπερ
3346 4485 3397 4536 οί
3436 4485 3491 4536 ἐν
3535 4484 3701 4539 νυκτὶ

429 4581 630 4634 formas
665 4580 929 4645 imitatur,
961 4590 1016 4636 et
1052 4590 1310 4650 quantum
1353 4582 1417 4635 ad
1450 4568 1650 4651 'ﬁgttrre
1690 4580 2003 4635 similitudi-

431 4686 554 4726 nem
588 4671 802 4729 attinet.
837 4671 980 4725 nulla
1018 4672 1228 4727 ratione
1260 4673 1553 4740 discrepat.
1610 4671 1775 4725 Deum
1822 4681 2003 4727 autem

432 4765 644 4821 nescire
676 4764 766 4834 qui
812 4772 1000 4817 natura
1037 4771 1201 4817 estet
1234 4778 1360 4818 vere
1394 4765 1554 4829 Deus,
1588 4764 1817 4818 imitatio
1869 4779 2006 4832 quo-

2112 4584 2205 4639 καὶ
2239 4584 2296 4636 ἐν
2330 4581 2528 4652 σκότῳ,
2556 4580 2644 4634 διὰ
2673 4597 2755 4633 τοι
2798 4579 2859 4632 τὸ
2883 4580 2996 4648 φῶς
3025 4580 3125 4632 οὐκ
3151 4578 3294 4648 ἔχειν
3322 4579 3403 4639 είς
3442 4575 3566 4629 νοῦν
3595 4577 3702 4646 τῆς

2112 4674 2344 4744 ἀληθοῦς
2374 4672 2725 4742 θεογνωσίας,
2769 4671 2989 4724 πίπτειν
3025 4671 3082 4724 δὲ
3109 4671 3298 4741 ὥσπερ
3326 4669 3470 4722 κατὰ
3497 4667 3703 4738 βόθρου

2114 4765 2345 4825 παντός·
2379 4762 2474 4815 καὶ
2508 4754 2599 4814 οἷὰ
2628 4777 2710 4823 τις
2742 4759 2876 4829 λίθῳ
2909 4760 3072 4813 παντὶ
3118 4759 3479 4831 προσπταίειν
3513 4756 3701 4828 κακῷ.

433 4855 723 4912 dummodo
771 4861 855 4909 est
892 4863 948 4909 et
990 4854 1180 4908 umbra
1222 4855 1435 4913 mortis.
1470 4854 1734 4910 Caeterum
1767 4853 1871 4908 illis
1906 4853 1991 4910 Ιιοι

2115 4855 2405 4907 Κατοικεῖν
2425 4852 2482 4906 δὲ
2507 4853 2705 4916 αὐτοὺς
2734 4854 2790 4904 ἐν
2806 4850 2960 4924 χώρᾳ
2983 4852 3076 4906 καὶ
3105 4854 3234 4923 σκιᾷ
3251 4851 3482 4905 θανάτου
3505 4848 3699 4919 φησὶν,

435 4947 625 5003 morbo
661 4945 1034 5001 laborantibus
1089 4944 1179 5000 lux
1211 4960 1401 5016 magna
1447 4944 1669 5011 affulsit,
1719 4956 1841 5015 post
1887 4959 1991 5000 ean

2115 4943 2201 4997 διὰ
2233 4942 2294 4995 τὸ
2333 4938 2471 4996 εἶναι
2515 4944 2645 5015 παρ’
2679 4943 2862 5007 αὐτοῖς
2888 4984 2902 5007 ,
2940 4944 3106 5013 ἤγουν
3125 4946 3200 4996 ἐν
3233 4945 3355 5007 ταῖς
3388 4941 3568 4996 αὐτῶν
3597 4938 3706 5010 χώ·

432 5058 595 5114 quam
627 5042 739 5110 ipse
771 5038 1025 5096 Christus
1056 5037 1257 5105 intulit,
1292 5037 1573 5093 oraculum
1601 5053 1817 5109 quoque
1840 5054 1991 5094 evan-

2119 5036 2463 5106 ραις,’ἐτερον
2490 5035 2660 5098 οὐδὲν,
2688 5036 2827 5108 πλὴν
2851 5038 2934 5090 ὅτι
2961 5037 3129 5107 μόνην
3156 5038 3323 5107 ἀχλὺν
3350 5036 3445 5091 καὶ
3479 5034 3704 5098 σκότον,

433 5133 681 5207 gelicum.
720 5131 847 5187 lude
872 5130 973 5185 fuit
1016 5132 1247 5185 maxima
1279 5144 1404 5197 pars
1436 5130 1613 5199 populi
1655 5146 1817 5201 quam
1841 5131 1991 5188 dedu-

2116 5127 2207 5180 τὸν
2233 5128 2421 5198 νοητὸν
2450 5128 2710 5199 δηλονότι,
2743 5124 2882 5185 εἶναι
2908 5128 2962 5182 δὲ
2989 5127 3178 5200 ὥσπερ
3208 5129 3265 5181 ἐν
3298 5124 3553 5197 ὁμοιώσει
3587 5122 3705 5176 τῶν

434 5226 565 5280 εἰςιὶ
600 5228 652 5279 in
679 5225 862 5280 laetitia
893 5208 1002 5279 tua.
1055 5221 1221 5277 Multo
1262 5221 1406 5275 enim
1452 5221 1633 5292 plures
1669 5238 1734 5275 ex
1761 5224 1991 5294 gentibu:

2116 5219 2446 5283 τεθνεώτων,
2481 5221 2659 5280 καίτοι
2697 5223 2905 5288 ζῶντας
2940 5222 3039 5278 ἐτι.
3077 5223 3139 5275 Ἠ
3173 5223 3270 5293 μὲν
3312 5218 3422 5290 γὰρ
3457 5218 3568 5272 τῶν
3601 5234 3709 5270 σω-

436 5316 613 5368 vocati
652 5326 799 5377 sunt,
834 5324 1025 5384 printer
1066 5326 1159 5368 eos
1201 5312 1292 5381 qui
1336 5326 1403 5367 ex
1441 5311 1603 5367 Israel
1644 5312 2012 5369 crediderunt.

441 5403 641 5471 Itaque,
669 5404 859 5472 inquit,
892 5405 1062 5477 lucem
1115 5405 1246 5459 vidit
1289 5418 1561 5474 magnam,
1609 5404 1844 5458 maxima
1892 5419 2018 5473 pars

441 5493 619 5569 populi
638 5509 797 5564 quem
828 5495 1094 5551 deduxisti
1126 5497 1177 5551 in
1211 5496 1414 5554 laetitia.
1437 5496 1592 5565 illud,
1618 5515 1636 5549 ι
1669 5496 1968 5563 Deduxisti,
1991 5516 2011 5552 ι

511 5652 554 5691 ει
587 5650 776 5713 Matth.
807 5667 880 5721 ιν,
915 5653 994 5712 ιο.
1072 5641 1265 5710 διιοιιι
1294 5674 1329 5724 ι,
1363 5656 1552 5713 ιε-ιε.
1627 5656 1824 5714 “ibid.
1863 5654 2045 5712 ιτ-ιθ.

2124 5311 2308 5384 μάτων
2363 5314 2489 5368 σκιὰ
2539 5318 2786 5384 μιμεῖται
2819 5314 3036 5376 πάντως
3086 5312 3264 5366 αὐτῶν
3310 5310 3382 5365 τὰ
3417 5310 3704 5381 σχήματα,

2122 5403 2488 5476 παραλλάττει
2513 5404 2570 5458 δὲ
2605 5405 2743 5470 ὅλως
2787 5404 2907 5460 κατ’
2929 5404 3120 5459 οὐδένα
3155 5405 3379 5477 τρόπον,
3409 5404 3532 5458 ὅσον
3562 5396 3707 5472 ἧκεν

2122 5498 2202 5563 είς
2234 5497 2535 5569 ἐμφέρειαν
2573 5496 2670 5570 τὴν
2703 5498 2778 5564 ὡς
2813 5499 2870 5554 ἐν
2902 5498 3145 5570 σχήματι
3192 5497 3338 5569 λέγω
3358 5515 3370 5530 ·
3402 5496 3493 5551 τὸν
3530 5493 3587 5549 δέ
3633 5508 3709 5561 τι

2122 5654 2166 5687 ⁸⁸
2195 5653 2333 5710 Ρεςηι.
2354 5669 2522 5720 van,
2548 5609 2643 5713 iii.
