4030 6208
445 259 547 315 9.51

1445 249 1503 306 S.
1546 245 1824 304 CYRILLI
1866 240 2341 304 ALEXANDRINI
2379 239 2701 298 ARCHIEP.

3622 235 3737 290 9ῗᾶ

451 373 580 428 tatis
611 370 779 424 Deum
826 367 1086 425 Israelita:
1138 365 1474 436 temporibus
1512 364 1790 427 iudicum,
1825 362 1890 416 ad
1932 360 2052 417 lm-

2193 357 2529 430 ποκείμενοι.
2563 355 2858 428 Μέμνηται
2893 351 2952 408 δὲ
2987 353 3150 408 πάλιν
3199 323 3435 424 ίστορίας
3475 347 3738 420 κειμένης

452 466 706 535 pietatem
738 477 950 517 morum
987 459 1221 514 devoluti
1257 467 1410 520 sunt,
1441 457 1719 526 Deumque
1745 454 2010 526 opitulato

454 570 568 609 rem
609 569 672 606 ac
703 552 969 606 vindicem
1010 550 1258 605 molestia
1303 546 1636 612 alfecerunt,
1670 546 1827 600 idolis
1876 544 2045 610 affixi,

456 644 816 714 operibusque
868 657 1089 697 suarum
1141 654 1397 695 manuum
1431 638 1633 692 cultum
1663 638 2045 692 attribueutes.

459 738 596 791 llinc
636 734 943 790 Madianitis
989 733 1170 788 traditi
1206 741 1353 794 sunt,
1389 731 1477 800 qui
1505 730 1810 784 universam
1839 743 2026 783 eorum

462 839 664 883 terram
697 825 1000 897 depopulati
1033 833 1180 888 sunt,
1213 827 1374 879 urbes
1407 834 1461 878 et
1489 821 1731 884 castella,
1769 829 1823 876 et
1852 835 1970 890 qua
1997 821 2050 875 in

461 920 606 989 agris
651 928 826 981 erant,
866 917 1228 986 diripuerunt.
1283 923 1602 984 tantumque
1659 913 1907 968 timorem
1946 915 2052 968 mi-

463 1009 600 1063 seris
633 1006 999 1072 incusserunl,
1027 1015 1085 1058 ut
1122 1005 1175 1059 in
1209 1005 1428 1073 rupibus
1454 1003 1838 1067 habitaverint,
1868 1011 1924 1057 et
1969 1003 2054 1056 in-

465 1112 715 1154 accessos
764 1105 976 1151 montes
1017 1107 1398 1164 petrarumque
1428 1109 1625 1163 specus
1653 1093 1755 1148 sibi
1787 1093 2053 1163 parariut,

465 1191 694 1258 diraque
729 1203 792 1242 ac
831 1189 1086 1241 diuturna
1131 1188 1308 1240 inedia
1357 1183 1604 1252 oppressi
1655 1183 1880 1237 fuerint.
1918 1178 2059 1238 Gra-

465 1280 609 1334 viter
635 1290 812 1334 autem
847 1278 1163 1334 fatiscentes
1195 1293 1259 1331 ac
1300 1276 1615 1330 laborantes
1649 1275 2059 1329 commiseratus

468 1369 634 1433 Deus,
669 1384 831 1423 manu
876 1383 940 1423 ac
985 1368 1290 1424 ministerio
1324 1366 1600 1422 Getleonis
1641 1365 1898 1429 asseruit,
1963 1366 2058 1434 qui

470 1463 794 1519 Madianitas
839 1465 1070 1531 devicit,
1117 1474 1173 1518 et
1220 1463 1548 1518 necessitate
1593 1460 1940 1529 impendente
1997 1473 2061 1514 ac

471 1555 620 1623 virga
657 1553 908 1610 lsraelem
951 1555 1217 1609 liberavit.
1261 1551 1336 1606 ita
1370 1567 1498 1622 ergo
1531 1571 1551 1605 ι
1582 1553 1866 1620 dissipavit
1901 1549 2060 1620 153

473 1655 786 1702 exacturum
810 1647 1039 1717 virgam,
1069 1648 1209 1701 sicut
1239 1647 1292 1700 in
1327 1645 1415 1698 die
1445 1643 1697 1698 Madiam.
1734 1663 1752 1696 ι
1789 1643 2061 1710 Quemad-

2150 453 2208 506 ὲν
2239 453 2304 523 τῇ
2337 451 2506 522 βίϐλῳ
2535 449 2645 504 τῶν
2672 447 2913 518 Κριτῶν.
2945 446 3100 500 Ἔστι
3129 445 3186 499 δὲ
3215 443 3375 515 αὕτη.
3405 441 3743 496 Καταλελοι-

2151 543 2314 606 πότες
2341 543 2450 614 γὰρ
2486 542 2578 596 τὸν
2609 539 2715 595 τῶν
2748 539 2883 594 ὅλων
2916 538 3050 592 Θεὸν
3096 538 3146 591 οἰ
3183 537 3242 603 ἐξ
3283 534 3498 606 Ἰσραὴλ
3529 535 3586 586 ὲν
3620 536 3742 596 ταῖς

2151 633 2260 688 τῶν
2307 633 2527 707 Κριτῶν
2573 635 2848 705 ἡμέραις,
2887 631 3185 702 ἐτράποντο
3231 629 3368 701 πρὸς
3417 627 3744 695 ἀνοσιότητα

2155 730 2394 802 τρόπων,
2427 729 2521 782 καὶ
2541 728 2908 797 λελυπηκότες
2932 727 2992 780 οὐ
3024 725 3261 798 μετρίως
3284 723 3375 776 τὸν
3394 720 3747 799 ἐπαμύνοντα

2156 822 2310 887 Θεὸν,
2357 821 2598 885 εἰδώλοις
2646 819 3056 893 προσκείμενοι,
3098 818 3192 872 καὶ
3237 820 3348 880 τοῖς
3398 815 3580 886 ἔργοις
3629 812 3747 865 τῶν

2163 913 2308 968 ἰδίων
2338 912 2540 984 χειρῶν
2585 912 2957 984 προσάγοντες
2985 909 3262 980 λατρείας.
3317 905 3506 978 Ταύτῃ
3534 923 3617 958 τοι
3658 905 3745 957 δέ-

2156 1005 2336 1058 δονται
2371 1007 2482 1067 τοῖς
2514 1003 2891 1076 Μαδιηναίοις·
2936 1002 2985 1055 οἳ
3032 1005 3217 1056 πᾶσαν
3257 999 3439 1053 αὐτῶν
3484 997 3719 1066 κατελητ

2161 1097 2315 1162 ζοντο
2345 1096 2469 1166 γῆν,
2508 1096 2692 1159 πόλεις
2720 1113 2780 1148 τε
2813 1095 2908 1148 καὶ
2968 1091 3164 1163 κώμας
3205 1090 3617 1162 διαρπάζοντες,
3651 1089 3752 1140 καὶ

2161 1192 2228 1244 τὰ
2243 1192 2301 1243 ὲν
2321 1192 2532 1260 ἀγροῖς.
2561 1189 2673 1242 Καὶ
2700 1187 2957 1240 τοσοῦτον
2982 1185 3374 1257 ἐνεποιήσαντο
3402 1184 3514 1246 τοῖς
3541 1180 3754 1243 ἀθλίοις

2161 1283 2224 1336 τὸ
2245 1282 2426 1352 δεῖμα,
2446 1281 2587 1335 ὥστε
2619 1280 2714 1335 καὶ
2744 1279 2951 1350 πέτρας
2982 1277 3180 1339 αὐτοὺς
3207 1274 3422 1328 ἑλέσθαι
3449 1275 3753 1337 κατοικεῖν,

2165 1372 2260 1426 καὶ
2305 1373 2372 1426 τὰ
2411 1371 2655 1426 δύσϐατα
2682 1370 2788 1424 τῶν
2816 1369 2979 1440 ὀρῶν,
3021 1368 3118 1422 καὶ
3159 1367 3262 1430 τὰς
3309 1366 3418 1418 τῶν
3468 1364 3761 1434 σπηλαίων

2165 1461 2632 1534 περιεργάζεσθαι
2668 1457 3015 1521 καταδύσεις,
3065 1456 3244 1528 ἀγρίῳ
3284 1472 3345 1508 τε
3393 1455 3490 1508 καὶ
3553 1451 3763 1524 μακρῷ

2167 1553 2588 1609 καταθλίϐεσθαι
2645 1552 2812 1624 λιμῷ.
2863 1550 3234 1622 Κεκμηκότας
3299 1548 3356 1602 δὲ
3402 1547 3463 1601 ού
3517 1547 3764 1618 μετρίως

2178 1647 2329 1717 ἠλέει
2360 1645 2516 1710 Θεὸς,
2544 1641 2663 1700 εἶτα
2699 1645 2940 1698 σέσωκεν
2971 1643 3168 1705 αὐτοὺς
3198 1642 3286 1695 διὰ
3311 1639 3495 1711 χειρὸς
3521 1636 3764 1704 Γεδεὼν,

475 1737 693 1793 modum
721 1740 865 1791 enim
902 1748 1028 1791 tunc
1071 1737 1398 1791 intolerabili
1436 1734 1727 1808 tyrannide
1767 1749 2062 1802 oppressos

2186 1741 2222 1802 i;
2259 1738 2512 1806 νενίκηκε
2561 1738 2688 1799 τοὺς
2742 1734 3149 1804 Μαδιηναίους,
3203 1731 3500 1803 ἠλευθέρου
3554 1746 3615 1783 τε
3672 1728 3769 1782 τὸν

475 1829 697 1898 eripuit,
731 1829 1012 1900 tyrannica
1050 1838 1208 1896 gente
1237 1828 1481 1896 expulsa,
1515 1829 1592 1882 sic
1621 1842 1717 1882 eos
1746 1836 2064 1880 exactorum

475 1921 629 1989 virga
657 1920 880 1989 depulsa
915 1929 969 1974 et
1003 1920 1211 1988 abiecta
1257 1929 1447 1988 gentes
1471 1921 1839 1975 conservavit.
1892 1921 2066 1975 Exac-

481 2019 630 2065 tores
653 2025 782 2065 vero
803 2009 1035 2078 appellat
1061 2011 1236 2078 ipsum
1267 2009 1549 2073 Satanam,
1576 2010 1801 2079 ipsaque
1825 2024 1946 2063 cum
1976 2008 2065 2064 illo

479 2101 766 2165 daemonia,
809 2100 1010 2170 quibus
1063 2100 1150 2155 hic
1183 2115 1380 2170 scopus
1420 2101 1576 2169 quasi
1619 2101 1929 2169 propositus
1959 2109 2062 2166 est,

479 2201 542 2250 ut
578 2203 798 2266 peccata
831 2204 1090 2250 consueta
1123 2194 1279 2264 quasi
1321 2193 1548 2264 vectigal
1581 2209 1675 2248 seu
1715 2193 1972 2247 tributum
1998 2191 2065 2246 ab

480 2287 798 2343 hominibus
824 2291 1064 2358 exigant.
1090 2287 1323 2344 Omnino
1352 2289 1498 2344 enim
1529 2288 1598 2343 ab
1618 2302 1687 2343 eo
1712 2287 1807 2357 qui
1835 2286 2062 2342 scortari

483 2379 621 2434 solet
650 2378 1063 2444 scortationem,
1105 2380 1174 2434 ab
1202 2394 1269 2435 eo
1302 2380 1396 2448 qui
1429 2379 1597 2433 furari
1647 2378 1786 2434 solet
1837 2377 2067 2442 furtum,

484 2481 544 2526 ut
571 2472 805 2542 suppilet
847 2482 1028 2529 vestes
1058 2474 1142 2528 vel
1187 2472 1402 2528 furetur
1436 2472 1779 2543 simpliciter,
1803 2480 1858 2526 et
1890 2487 1919 2524 a
1955 2471 2070 2526 sin-

487 2564 628 2635 gulis
658 2565 872 2619 demum
921 2564 1232 2620 hominibus
1277 2566 1330 2620 in
1370 2565 1566 2634 quibus
1599 2565 1786 2619 insunt
1816 2562 2068 2630 allectus,

489 2666 552 2707 ea
596 2667 716 2720 qua:
764 2653 1058 2709 familiaria
1104 2655 1211 2710 illis
1259 2664 1389 2710 sunt.
1430 2663 1488 2710 et
1529 2655 1702 2709 amica
1755 2661 2070 2723 reposcunt.

491 2741 670 2810 Unde,
717 2745 928 2816 opinor,
971 2761 1140 2801 sacrae
1167 2745 1388 2803 Littera:
1429 2747 1688 2815 quosdam
1730 2761 1918 2802 vocem
1959 2745 2076 2814 ejus

493 2838 584 2907 qui
637 2838 836 2892 tributa
867 2839 1032 2910 exigit
1067 2855 1172 2894 nou
1201 2838 1506 2902 audientes.
1543 2839 1730 2893 beatos
1762 2838 2076 2908 praedicant.

2178 1829 2397 1901 Ἰσραὴλ
2469 1829 2566 1899 τῆς
2633 1827 3027 1898 ἑπηρτημένης
3084 1825 3268 1888 αὐτοῖς
3339 1823 3588 1892 ἀνάγκης
3667 1820 3769 1874 καὶ

2168 1921 2389 1994 ῥάϐδου.
2447 1919 2604 1974 Οὕτω
2631 1921 2811 1974 τοίνυν
2847 1917 3193 1974 διεσκέδασεν
3219 1918 3248 1970 6
3278 1915 3482 1987 Κύριος
3518 1913 3618 1984 τὴν
3651 1913 3768 1968 τῶν

2165 2013 2538 2068 ἀπαιτούντων
2571 2013 2785 2084 ῥάϐδον,
2821 2013 2898 2076 ὼς
2926 2015 2991 2084 τῇ
3032 2011 3216 2083 ἡμέρᾳ
3256 2012 3322 2082 τῇ
3369 2009 3464 2063 ἐπὶ
3510 2009 3768 2078 Μαδίαμ.

2175 2105 2263 2168 Ὠς
2305 2102 2415 2175 γὰρ
2457 2104 2728 2176 ἐρρύσατο
2759 2104 2880 2157 τότε
2913 2103 3038 2166 τοὺς
3078 2105 3198 2166 ταῖς
3238 2101 3534 2172 ἀφορήτοις
3575 2101 3773 2153 πλεον-

2173 2193 2344 2260 εξίαις
2379 2194 2899 2265 ὲνησχημένους,,τὸ
2925 2192 3283 2248 πλεονεκτοῦν
3302 2192 3562 2257 ἐξελάσας
3583 2191 3768 2254 ἔθνος.

2171 2286 2317 2341 οὓτω
2353 2286 2562 2341 σέσωκε
2608 2289 2735 2350 τοὺς
2782 2286 2841 2353 ἐξ
2881 2286 3073 2351 ἐθνῶν,
3113 2285 3210 2357 τὴν
3250 2285 3359 2340 τῶν
3389 2284 3775 2340 ἀπαιτούντων

2175 2379 2374 2443 ὲλάσας
2407 2379 2624 2451 ῥάϐδον.
2653 2377 3047 2442 ’Δπαιτοῦντας
3080 2377 3140 2432 δέ
3167 2395 3350 2448 φησιν,
3382 2377 3544 2430 αὐτόν
3582 2394 3645 2430 τε
3674 2377 3774 2430 τὸν

2178 2471 2448 2536 Σατανᾶν,
2501 2473 2596 2525 καὶ
2631 2471 2701 2525 τὰ
2729 2470 3006 2542 δαιμόνια,
3036 2467 3118 2535 οἷς
3148 2471 3176 2523 6
3205 2470 3406 2535 σκοπὸς
3432 2469 3581 2540 καὶὴ
3615 2471 3780 2524 πᾶσα

2181 2563 2424 2635 σπουδὴ,
2493 2566 2555 2617 τὸ
2619 2564 2877 2618 ἀπαιτεῖν
2941 2562 3266 2634 ἀνθρώπους
3334 2562 3583 2634 καθάπερ
3646 2563 3782 2616 τινὰ

2181 2653 2408 2725 δασμὸν,
2429 2653 2463 2727 ἣ
2486 2654 2637 2718 τέλος
2664 2655 2765 2719 τὰς
2793 2655 3044 2726 συνήθεις
3071 2652 3368 2726 ἁμαρτίας.
3401 2653 3632 2724 Ζητοῦσι
3663 2655 3782 2724 γὰρ

2183 2746 2400 2810 πάντως
2421 2787 2436 2811 ,
2469 2747 2579 2801 ἀπὸ
2615 2748 2716 2818 μὲν
2757 2749 2854 2801 τοῦ
2901 2746 3190 2819 πορνεύειν
3225 2748 3479 2809 εἰωθότος
3509 2746 3610 2816 τὴν
3637 2762 3782 2816 stop-

2187 2841 2359 2906 νείαν,
2388 2840 2582 2894 ἀπὸ-δὲ
2614 2839 2708 2894 τοῦ
2748 2839 3005 2897 κλέπτειν
3054 2839 3153 2910 τὴν
3187 2839 3448 2910 κλεψίαν,
3504 2834 3674 2906 ῆγουν
3720 2839 3784 2890 τὸ

491 2931 820 2986 λωποδυτεῖν
855 2933 1061 2998 ἁπλῶς,
1104 2934 1198 2987 καί
1243 2934 1328 3001 ἐφ’
1363 2932 1596 2988 ἑκάστου
1649 2931 1758 2986 τῶν
1796 2932 1854 2986 ἐν
1898 2931 2128 2986 πάθεσιν
2177 2933 2378 2998 ὄντων,
2428 2932 2496 2986 τὰ
2539 2933 2690 3004 αὑτῷ
2737 2933 2942 3004 συνήθη
2985 2933 3079 2986 καὶ
3118 2933 3268 3002 φίλα.
3311 2932 3477 2986 Ὅθεν
3518 2926 3670 3001 οἶμαι
3717 2929 3781 2984 τὸ

493 3026 733 3099 Γράμμα
749 3027 810 3081 τὸ
856 3028 1001 3099 ἱερὸν
1034 3027 1327 3101 μακαρίζει
1365 3027 1538 3093 τινὰς,
1569 3027 1645 3092 ὡς
1674 3027 1750 3098 μὴ
1781 3028 2123 3092 ἀκούσαντας
2151 3030 2250 3101 τὴν
2277 3030 2372 3084 τού
2403 3031 2698 3101 φορολόγου
2733 3031 2939 3101 φωνήν.

567 3119 733 3174 Vens.
781 3118 846 3180 6,
899 3119 952 3171 'i.
1009 3119 1151 3184 Quia
1205 3135 1410 3172 omnem
1461 3118 1650 3172 stolam
1708 3124 2154 3188 congregatnmc

497 3209 717 3279 fraude,
761 3220 808 3264 et
851 3220 1039 3264 vestem
1076 3227 1192 3264 cum
1229 3212 1642 3265 commutatione
1684 3210 1988 3277 restituent,
2037 3221 2084 3266 et

502 3302 674 3356 uolent
713 3318 826 3355 esse
852 3304 969 3371 igne
998 3303 1276 3370 combusti.
1301 3302 1441 3368 Quin
1467 3319 1597 3367 puer
1624 3313 1776 3357 natus
1800 3315 1876 3357 est
1912 3305 2082 3368 nobis,

463 3433 468 3440 ι
499 3402 552 3448 et
580 3393 726 3462 ﬁlius
759 3395 917 3448 datus
943 3405 1020 3448 est
1053 3396 1223 3461 nobis,
1257 3396 1411 3464 cujus
1449 3395 1776 3465 principatus
1811 3394 1986 3463 factus
2012 3405 2086 3450 est

500 3499 661 3551 super
693 3486 965 3538 humerum
1000 3485 1134 3555 ejus,
1165 3496 1210 3538 et
1249 3485 1518 3540 vocabitur
1556 3501 1742 3539 nomen
1769 3484 1882 3554 ejus
1914 3486 2088 3556 magni

502 3575 716 3630 consilii
745 3575 1001 3646 Angelus.
1061 3577 1174 3647 Ego
1224 3578 1363 3632 enim
1409 3576 1671 3630 adducam
1714 3593 1892 3641 pacem
1935 3595 2092 3645 super

500 3669 787 3739 principes,
811 3687 989 3739 pacem
1014 3680 1060 3724 et
1099 3672 1380 3724 sanitatem
1411 3685 1614 3724 eorum.
1634 3669 1862 3740 Magnus
1888 3671 2089 3740 princi-

502 3772 660 3832 patus
691 3763 827 3831 ejus,
850 3774 897 3817 et
927 3765 1076 3833 pacis
1108 3763 1223 3833 ejus
1254 3780 1356 3818 non
1385 3763 1482 3818 erit
1513 3763 1638 3832 ﬁnis
1668 3777 1687 3815 :
1715 3780 1872 3832 super
1899 3765 2092 3818 saliunt

505 3853 748 3919 Davidis,
777 3865 826 3908 et
858 3871 1073 3923 regnum
1095 3856 1228 3923 ejus,
1257 3865 1313 3908 ut
1345 3864 1481 3909 recte
1509 3855 1648 3909 illud
1683 3856 2020 3908 adminislret
2044 3864 2092 3908 et

505 3947 816 4006 auxilietur.
842 3948 894 4000 in
913 3947 1126 4014 justitia
1153 3957 1200 3998 et
1229 3947 1284 3998 in
1303 3947 1513 4015 judicio
1543 3947 1598 4000 in
1627 3963 1829 4000 omnem
1848 3947 2094 4014 deinceps

504 4040 889 4096 alernitalem.
926 4036 1084 4092 Zelus
1117 4037 1328 4092 Domini
1357 4037 1595 4093 Sabaoth
1629 4040 1750 4108 fecit
1783 4040 1917 4095 lucc.

579 4328 801 4385 ‘Vocatte
858 4335 987 4382 sunt
1045 4328 1112 4383 ad
1164 4325 1497 4395 agnitionem
1567 4323 1938 4380 Emmanuelis
2001 4339 2098 4394 per

2265 3120 2383 3173 Ὅτε
2419 3117 2628 3174 πᾶσαν
2651 3119 2893 3186 στολὴν
2932 3117 3428 3188 ἐπισυνηγμένην
3460 3118 3640 3182 δόλῳ,
3681 3119 3784 3172 καί

2189 3210 2424 3279 ἱμάτιον
2439 3214 2568 3280 μετ’
2599 3209 2877 3281 ἀλλαγῆς
2897 3211 3304 3266 ἀποτίσουσιν
3319 3228 3334 3242 ο
3358 3211 3454 3264 καί
3487 3210 3787 3275 θελήσου-

2187 3316 2311 3362 σιν,
2365 3303 2418 3354 εἰ
2464 3299 2845 3370 ἐγενήθησαν
2896 3302 3318 3370 πυρίκαυστοι.
3368 3301 3488 3355 Ὅτι
3536 3301 3786 3355 παιδίον

2189 3392 2481 3462 ἐγεννήθη
2521 3393 2668 3462 ἡμῖν
2701 3382 2990 3460 υίὸς,’καί
3023 3393 3204 3461 ἐδόθη
3237 3393 3403 3462 ἡμῖν,
3436 3390 3508 3450 οὗ
3547 3396 3586 3462 ἡ
3619 3395 3784 3464 ἀρχὴ

2189 3485 2484 3554 ἐγεννήθη
2544 3487 2643 3540 ἐπὶ
2703 3486 2810 3540 τοῦ
2859 3486 3022 3556 ὤμου
3085 3488 3295 3553 αὑτοῦ,
3355 3488 3451 3540 καὶ
3507 3488 3785 3542 καλεῖται

2191 3579 2381 3647 ὄνομα
2405 3577 2594 3632 αὐτοῦ
2620 3578 2893 3648 μεγάλης
2911 3577 3152 3645 ,βουλῆς
3175 3578 3452 3648 ἄγγελος.
3499 3579 3638 3648 Ἐγὼ
3669 3579 3785 3647 γὰρ

2187 3668 2315 3734 ἄξω
2360 3669 2613 3739 εἰρήνην
2666 3669 2765 3723 ἐπὶ
2813 3669 2956 3735 τοὺς
3008 3669 3324 3739 ἄρχοντας,
3384 3669 3633 3740 εἰρήνην
3684 3669 3788 3723 καί

2192 3763 2426 3831 ὑγίειαν
2449 3761 2666 3817 αὐτῶν.
2698 3762 2942 3832 Μεγάλη
2975 3765 3013 3831 ἡ
3036 3763 3192 3832 ἁρχὴ
3217 3765 3425 3830 αὑτοῦ,
3455 3765 3553 3818 καὶ
3574 3761 3683 3831 τῆς
3713 3766 3788 3817 εἰ·

2186 3853 2386 3924 mirus
2421 3856 2610 3909 αὐτοῦ
2653 3856 2764 3909 οὐκ
2812 3856 2984 3909 ἔσται
3036 3858 3240 3925 ὄριον·
3279 3857 3374 3910 ἐπὶ
3426 3857 3534 3910 τὸν
3566 3858 3788 3924 θρόνον

2195 3947 2376 4002 Δαϐἰδ
2401 3949 2500 4003 καὶ
2530 3947 2648 4018 τὴν
2673 3950 3006 4014 ,βασιλειαν
3037 3950 3248 4015 αὑτοῦ,
3281 3948 3654 4016 κατορθῶσαι
3678 3951 3789 4002 ar}-

2193 4041 2340 4109 τὴν.
2398 4042 2497 4095 καί
2548 4042 2974 4098 ἀντιλαϐέσθαι
3025 4041 3241 4111 αὐτῆς,
3294 4043 3364 4095 ἐν
3405 4040 3788 4108 δικαιοσύνῃ,

2198 4133 2299 4187 καί.
2327 4132 2397 4187 ἐν
2425 4133 2679 4203 κρίματι,
2718 4134 2838 4188 ἀπὸ
2863 4133 2972 4188 τοῦ
3007 4134 3145 4199 νῦν,
3189 4134 3286 4188 καί
3317 4137 3406 4201 εὶς
3450 4133 3556 4187 τὸν
3600 4131 3793 4186 αἰῶνα

2199 4227 2453 4295 χρόνονο
2481 4230 2514 4280 ό
2544 4223 2724 4295 ζῆλος
2755 4227 2976 4295 Κυρίου
3013 4225 3257 4282 Σαϐαὼθ
3285 4227 3526 4293 ποιήσει
3573 4225 3788 4280 ταῦτα.

2272 4319 2552 4390 Κέκληται
2591 4321 2687 4389 μὲν
2716 4321 2796 4382 εἰς
2831 4319 3127 4388 ἐπίγνωσιν
3159 4319 3254 4374 τοῦ
3295 4317 3643 4390 Ἐμμανουὴλ
3700 4317 3794 4372 διὰ

505 4431 736 4476 sanctos
761 4421 1034 4489 apostolos
1074 4419 1318 4488 reliquiae
1359 4416 1601 4480 lsraelis,
1643 4424 1850 4472 vocata:
1888 4425 2014 4471 sunt
2043 4431 2072 4471 e

2202 4411 2312 4465 τῶν
2337 4413 2510 4482 άγίων
2539 4412 2857 4467 ἀποστόλων
2900 4413 2961 4466 τὸ
3001 4413 3354 4483 κατάλειμμα
3395 4411 3490 4465 τοῦ
3534 4410 3790 4482 Ἰσραήλο

505 4523 729 4583 gentes.
771 4476 981 4582 duippc
1027 4476 1282 4568 dicebat:
1341 4513 1508 4584 Regio
1549 4476 1810 4577 zabulou,
1852 4519 1907 4565 et
1953 4520 2077 4566 terr:

2206 4476 2502 4575 κέκληνται
2528 4503 2586 4555 δὲ
2616 4503 2710 4556 καὶ
2736 4503 2806 4556 τὰ
2836 4501 2988 4575 ἔθνη.
3014 4503 3124 4556 Καὶ
3157 4476 3291 4570 γούν
3313 4501 3550 4570 ἔφασκεν
3567 4517 3581 4532 ·
3615 4476 3795 4570 Χῶρα

505 4602 889 4670 Neplithalim;
945 4603 1142 4672 quibus
1181 4604 1374 4660 deinde
1426 4603 1629 4664 subdit,
1690 4601 1908 4657 Galilma
1973 4616 2105 4674 gen-

513 4698 673 4758 tium,
710 4693 938 4764 populus
979 4696 1068 4763 qtti
1109 4695 1261 4748 sedet
1301 4695 1353 4750 in
1387 4695 1644 4761 tenebris,
1678 4693 1890 4748 videbat
1931 4694 2103 4749 lucem

511 4803 790 4857 magnam,
848 4787 1020 4841 lucem
1079 4787 1324 4842 videlicet
1357 4802 1452 4854 pcr
1486 4786 1784 4852 Christum,
1815 4785 1906 4856 qui
1945 4785 2106 4841 intel-

512 4879 754 4950 ligentiae
776 4877 895 4933 luce
920 4893 1022 4933 non
1050 4887 1261 4950 gentem
1283 4877 1633 4934 lsraeliticam
1651 4877 1784 4945 iam,
1809 4878 1904 4932 sed
1933 4887 2104 4933 totum

516 4985 788 5030 terrarum
825 4971 1014 5027 orbem
1046 4971 1346 5027 collustrat.
1377 4972 1530 5039 Quod
1576 4980 1755 5026 autem
1788 4970 2094 5025 collustrati

515 5067 714 5124 diaboli
762 5066 982 5121 malitia:
1017 5063 1208 5137 jugum
1240 5080 1438 5121 exuere
1492 5065 1810 5135 virgamque
1859 5063 2100 5135 ell'ugere

515 5157 804 5223 deberent,
848 5157 1005 5230 plene
1033 5157 1397 5220 confirmavit,
1429 5173 1552 5211 cum
1585 5157 1733 5212 addit
1761 5175 1774 5212 :
1803 5157 2096 5226 Propterea

520 5251 743 5306 tolletur
766 5252 958 5323 jugum
1004 5250 1147 5320 quod
1175 5248 1282 5303 illis
1307 5249 1618 5318 impositum
1647 5257 1750 5314 est,
1778 5259 1831 5304 et
1863 5249 2011 5318 virga
2046 5248 2099 5300 in

519 5344 660 5397 collo
689 5359 897 5398 eorum.
929 5345 1142 5398 Atenim
1175 5341 1421 5396 videmus
1453 5341 1537 5394 bis
1567 5340 1657 5410 qui
1690 5349 1958 5393 creaturze
1989 5353 2104 5392 ser-

521 5435 673 5491 viunt
715 5445 768 5490 et
805 5453 969 5505 opera
1003 5455 1261 5493 manuum
1293 5452 1512 5493 suarum
1543 5435 1792 5497 adorant,
1823 5433 2104 5488 diabolicae

522 5527 745 5584 malitia:
805 5527 994 5597 jugum
1058 5530 1401 5594 incubuisse;
1459 5527 1713 5583 lsraelitis
1755 5527 1917 5578 etiam
1973 5525 2104 5595 legis

522 5619 736 5690 pondus
779 5633 884 5673 non
923 5618 1223 5692 ferendum,
1252 5629 1306 5673 et
1343 5636 1480 5676 unus
1511 5634 1639 5674 vere
1674 5617 2098 5672 intolerandum.

524 5711 805 5783 Siquidem
860 5710 1000 5768 beati
1050 5710 1296 5780 discipuli
1351 5712 1814 5782 reprehenderunt
1858 5724 1972 5773 eos,
2017 5709 2107 5779 qui

2177 4595 2489 4651 -Ζαϐουλὼν
2513 4596 2607 4649 καί
2628 4597 2698 4666 γῆ
2728 4594 3074 4666 Νεφθαλείμ·
3103 4587 3223 4648 εἰτα
3252 4593 3462 4657 τούτοις
3486 4593 3793 4664 ἐπήγαγεν,

2202 4685 2466 4740 Γαλιλαία
2487 4685 2597 4738 τῶν
2641 4685 2813 4739 ἐθνῶν
2834 4700 2847 4714 ⁸
2887 4687 2915 4739 6
2946 4685 3076 4750 λαὸς
3103 4686 3132 4738 6
3181 4684 3494 4756 καθήμενος
3524 4685 3582 4736 ὲν
3607 4682 3796 4736 σκότει

2204 4779 2322 4849 φῶς
2345 4775 2451 4832 εἶδε
2490 4779 2658 4850 μέγα,
2687 4778 2748 4831 τὸ
2781 4778 2872 4832 διὰ
2919 4779 3156 4851 Χριστοῦ
3189 4779 3432 4849 δηλονότι
3477 4779 3796 4846 καταφωτί-

2206 4871 2390 4936 ζοντος
2416 4870 2642 4943 νοητῶς,
2676 4872 2774 4941 οὐχ
2808 4870 2867 4923 ἓν
2899 4870 3053 4934 ἔθνος
3082 4870 3164 4924 ἔτι
3191 4871 3254 4925 τὸ
3290 4871 3350 4936 ἐξ
3389 4871 3629 4943 Ἰσραὴλ.
3656 4869 3798 4942 σύμ-

2207 4982 2386 5020 πασαν
2415 4965 2473 5018 δὲ
2512 4964 2710 5035 μᾶλλον
2743 4964 2843 5036 τὴν
2883 4963 2976 5016 ὑπ’
3014 4963 3261 5037 οὐρανόν.
3296 4965 3418 5019 ’Ότι
3463 4963 3690 5038 ἔμελλόν
3746 4967 3797 5018 οἰ

2209 5057 2614 5128 πεφωτισμένοι
2666 5057 2766 5127 τῆς
2788 5056 2884 5111 τοῦ
2925 5057 3177 5111 διαϐόλου
3219 5057 3542 5129 σκαῐότητος
3587 5055 3796 5110 ἀποδύ-

2211 5153 2407 5207 σασθαι
2436 5151 2743 5220 τὺννζυγδν,
2775 5151 3063 5222 διαφυγεῖν
3094 5169 3152 5206 τε
3184 5151 3282 5224 τὴν
3323 5151 3540 5225 ῥάϐδον,
3579 5150 3800 5223 πεπλη-

2213 5244 2485 5318 ροφόρηκε
2526 5244 2831 5317 προτιθείς·
2865 5246 3010 5298 Διότι
3051 5247 3482 5318 ἀφαιρεθήσεται
3510 5247 3538 5300 6
3577 5244 3743 5314 ζυγὸς
3769 5247 3798 5296 6

2210 5338 2298 5392 ἐπ’
2315 5339 2497 5391 αὐτῶν
2525 5338 2795 5408 κείμενος,
2824 5338 2920 5392 καί
2947 5340 2979 5408 ή
2999 5337 3191 5408 ῥάϐδος
3225 5340 3258 5410 ἠ
3290 5338 3383 5392 ὲπί
3404 5337 3498 5391 τοῦ
3521 5338 3796 5410 τραχήλου

2210 5431 2409 5486 αὐτῶν.
2443 5430 2583 5483 Ἀλλ’
2615 5432 2830 5501 ὁρῶμεν
2847 5431 2928 5484 ὅτι
2957 5433 3068 5495 τοῖς
3087 5431 3186 5502 μὲν
3211 5435 3284 5503 τῇ
3302 5432 3478 5485 κτίσει
3506 5430 3798 5503 λελατρευ-

2209 5525 2330 5578 κόσι
2362 5526 2456 5578 καὶ
2496 5525 2610 5588 τοῖς
2645 5523 2828 5596 ἔργοις
2854 5523 2963 5578 τῶν
3005 5524 3153 5578 ἰδίων
3190 5525 3392 5596 χειρῶν
3423 5542 3790 5596 προσκεκυνη-

2217 5615 2389 5682 κόσιν,
2421 5619 2448 5670 6
2470 5617 2567 5687 τῆς
2593 5614 2904 5686 διαϐολικῆς
2933 5616 3254 5688 σκαιότητος
3278 5618 3584 5689 ὲπέρριπτο
3613 5617 3793 5684 ζυγός⁸

2215 5711 2326 5774 τοῖς
2358 5727 2416 5779 γε
2451 5707 2633 5782 μὴνὲξ
2675 5707 2890 5780 Ἰσραὴλ
2925 5708 2984 5763 τὺ
3019 5708 3109 5762 τοῦ
3144 5709 3308 5782 νόμον
3351 5708 3794 5780 δυσδιακόμιστον
