4002 6212
345 334 460 390 253

1527 335 1595 393 IN
1633 338 1864 394 ISAIAM
1905 341 2034 398 LIB.
2079 343 2116 400 Ι.
2159 343 2367 409 ORAT.
2409 349 2470 406 ν.

3524 363 3628 417 9.54

346 459 538 530 ἄχθος,
569 456 668 512 καὶ
710 455 993 512 δύσοιστον
1027 457 1250 529 ἀληθῶς
1286 459 1526 530 φορτίον.
1573 461 1684 514 Καὶ
1720 461 1850 530 γοῦν
1891 464 1944 517 οί

2051 479 2170 538 post
2207 469 2369 544 154
2401 471 2558 528 (idem
2596 473 2663 529 ad
2699 474 2947 546 legalium
2993 475 3427 531 observationem
3467 493 3632 547 quos-

353 553 615 623 μακάριοι
650 551 893 622 μαθηταὶ
943 554 1057 614 τοῖς
1089 551 1226 622 μετά
1252 552 1351 623 τὴν
1377 553 1559 608 πίστιν
1588 554 1950 608 ἀναπείθουσι

348 662 505 708 τινας
539 644 611 697 τά
645 646 704 697 ὲν
736 643 888 715 νόμῳ
931 647 1119 715 τηρεῖν
1169 646 1442 716 ἐπετίμων
1476 647 1745 715 λέγοντες·
1781 666 1798 697 ι
1837 649 1946 702 Καὶ

348 737 449 792 νῦν
492 737 546 790 τί
597 737 890 808 πειράζετε
918 736 1010 790 τὸν
1040 738 1172 790 Θεὸν
1203 739 1472 791 ἐπιθεῖναι
1509 738 1674 808 ζυγὸν
1718 740 1811 792 ἐπὶ
1855 740 1946 792 τὸν

350 831 632 902 τράχηλον
661 829 770 882 τῶν
804 829 1080 899 μαθητῶν,
1109 830 1167 882 ὃν
1193 829 1316 882 οὔτε
1348 833 1532 900 ἡμεῖς.
1561 830 1682 884 οὔτε
1709 832 1758 884 οἱ
1791 831 1949 884 πατέ-

351 940 447 994 ρες
463 922 623 992 ἡμῶν
647 919 945 990 ἰσχύσαμεν
964 919 1227 990 βαστάσαι
1247 937 1260 982 ς
1290 939 1308 972 ο
1330 920 1676 991 Δυσφόρητος
1691 917 1784 974 οὖν
1806 922 1946 987 ἄγαν

347 1017 464 1077 τοῖς
515 1015 577 1080 ἐξ
622 1013 839 1084 Ἰσραὴλ
888 1016 916 1066 6
953 1013 1047 1066 τοῦ
1097 1013 1262 1084 νόμου
1313 1015 1511 1082 ζυγός·
1547 1015 1639 1067 καὶ
1695 1017 1830 1084 πρός
1882 1031 1945 1082 γε

348 1107 513 1161 τοῦτο
541 1107 602 1159 τὸ
632 1106 712 1158 ἔτι
743 1104 1166 1177 φορτικώτερον,
1209 1108 1241 1177 ή
1281 1106 1391 1159 τῶν
1424 1107 1734 1178 Φαρισαίων
1762 1107 1947 1159 σκαιό-

347 1216 453 1269 της
480 1197 799 1268 συνέτριϐεν
833 1197 894 1250 οὐ
934 1196 1171 1267 μετρίως
1202 1196 1581 1269 συνθραύουσα
1624 1199 1743 1260 ταῖς
1771 1197 1948 1266 ἀπλη-

352 1293 559 1355 στίαις.
606 1291 1076 1363 Ἐρασιχρήματοι
1111 1289 1219 1360 γὰρ
1265 1292 1314 1343 ot
1367 1291 1463 1360 τῆς
1512 1291 1782 1343 Ἰουδαίων
1819 1307 1946 1343 συν-

350 1385 582 1454 αγωγῆς
605 1383 920 1454 ἡγούμενοι,
950 1382 1045 1436 καὶ
1076 1382 1276 1436 σκοπὸν
1298 1382 1512 1452 ἔχοντες
1531 1382 1626 1435 ἕνα
1654 1383 1711 1435 τὸ
1735 1398 1942 1434 παντα-

351 1478 511 1548 χόθεν
543 1476 849 1544 συλλέγειν,
885 1475 978 1529 καὶ
1021 1475 1456 1539 καταϐιάζεσθαι
1482 1475 1609 1537 τοὺς
1644 1474 1748 1528 ὑπὸ
1788 1478 1948 1544 χεῖρα

349 1569 533 1632 λαούς.
577 1568 787 1622 Οὐκοῦν
817 1568 1020 1637 πρέποι
1064 1567 1130 1619 ἂν
1160 1566 1257 1620 καὶ
1298 1566 1440 1637 μάλα
1479 1566 1655 1636 ὀρθῶς
1692 1567 1785 1618 καὶ
1821 1566 1946 1635 περί

357 1679 424 1730 γε
458 1661 571 1714 τῶν
613 1661 672 1727 ἐξ
722 1659 958 1731 ’ῐσραήλο
993 1678 1011 1710 ι
1047 1661 1168 1713 Ὅτι
1201 1659 1630 1731 ἀφαιρεθήσεται
1657 1661 1684 1711 6
1728 1658 1890 1726 ζυγὸς
1919 1659 1948 1710 6

350 1756 437 1807 ἐπ’
469 1754 653 1808 αὐτῶν
692 1753 962 1823 κείμενος,
997 1751 1089 1804 καὶ
1121 1753 1154 1821 ἡ
1187 1750 1380 1822 ῥάϐδος
1415 1753 1447 1820 ἠ
1489 1751 1583 1804 ἐπὶ
1613 1751 1706 1802 τοῦ
1744 1751 1949 1820 τραχή-

348 1846 445 1899 λου
491 1845 702 1898 αὐτῶν.
743 1863 760 1897 ι
797 1844 1018 1897 Ῥάϐδον
1042 1844 1097 1896 δὲ
1135 1843 1277 1896 κατά
1308 1843 1368 1896 τὸ
1413 1843 1579 1905 εἰκὸς,
1617 1841 1713 1912 τὴν
1742 1843 1806 1894 ὲκ
1837 1839 1945 1893 τῶν

349 1935 676 2006 ἡγουμένων
705 1935 965 2006 ὀνομάζει
992 1934 1331 2001 πλεονεξίαν,
1357 1934 1529 1986 διάτοι
1555 1933 1616 1986 τὸ
1643 1931 1943 1986 ἀπονεῦσαι

350 2028 543 2092 δεινῶς
573 2029 652 2092 είς
679 2027 1042 2100 φιλοκερδίας.
1080 2025 1298 2096 Ταύτης
1329 2025 1492 2079 ἕνεκα
1521 2024 1622 2090 τῆς
1663 2024 1862 2086 αἰτίας.
1893 2023 1944 2074 οἱ

350 2121 600 2185 δείλαιοι,
632 2121 728 2174 καὶ
763 2119 922 2174 αὑτὸν
945 2119 1277 2172 ἀπεκτόνασι
1309 2119 1400 2171 τὸν
1429 2118 1574 2171 Υίόν.
1613 2118 1808 2170 Καίτοι
1836 2115 1945 2187 γὰρ

354 2215 560 2277 ἰδόντες
599 2213 684 2266 ὅτι
719 2211 881 2274 αὑτός
925 2213 1072 2264 ἐστιν
1104 2214 1132 2264 ὁ
1174 2205 1943 2286 κληρονόμος,ιΕῐπανὲνὲαυ-

350 2309 486 2369 τοῖς,
517 2305 686 2376 φησίν
710 2321 723 2334 ·
817 2303 982 2356 Δεῦτε
1015 2302 1429 2372 ἀποκτείνωμεν
1454 2302 1638 2365 αὑτὸν,
1677 2306 1771 2355 καὶ
1803 2300 1944 2371 σχῶ-

357 2415 459 2469 μεν
489 2398 706 2460 ἑαυτοῖς
747 2395 846 2467 τήν
892 2393 1259 2465 κληρονομίαν
1299 2392 1486 2448 αὐτοῦ.
1537 2413 1556 2447 ι
1595 2394 1718 2447 Ὅτι
1766 2394 1945 2446 τοίνυν

352 2490 589 2561 δυσσεϐῆ
625 2489 722 2542 καὶ
764 2487 978 2542 ἀνόσιον
1009 2486 1224 2557 ἔχοντες
1260 2487 1351 2540 τὸν
1392 2487 1484 2540 ἐπὶ
1540 2485 1677 2557 τῷδε
1719 2485 1942 2548 σκοπὸν,

351 2583 550 2654 ἥδιστα
587 2581 654 2636 ἂν
676 2581 784 2634 τῶν
812 2581 984 2634 ὅντων
1007 2582 1193 2644 αὐτοῖς
1229 2581 1488 2634 ἁπάντων
1526 2579 1826 2650 ὑπέμειναν
1848 2577 1946 2648 τὴν

353 2676 593 2745 ζημίαν;
650 2673 682 2744 ἢ
724 2674 833 2728 ῖδον
867 2671 1253 2742 ὲπιλάμψαντα
1275 2671 1355 2742 τῷ
1387 2671 1576 2742 κόσμῳ
1609 2670 1701 2722 τὸν
1738 2670 1949 2739 Ἐμμα-

354 2769 544 2840 νονὴλ,
578 2767 906 2836 ὑπεμφαίνει
939 2765 1148 2834 λέγων’
1177 2783 1196 2815 ι
1231 2767 1353 2818 Ὅτι
1378 2765 1559 2818 πᾶσαν
1597 2763 1789 2833 στολὴν
1828 2765 1948 2816 ἐπι-

354 2858 711 2931 συνηγμένην
761 2857 916 2927 δόλῳ,
977 2859 1072 2911 καὶ
1117 2858 1329 2928 ἱμάτιον
1384 2857 1524 2926 μετά
1572 2855 1944 2925 καταλλαγῆς,

352 2951 696 3014 ἀποτίσουσι,
733 2950 826 3004 καὶ
853 2949 1170 3021 θελήσουσιν
1210 2951 1257 3002 εί
1294 2948 1632 3019 ἐγενήθησαν
1672 2948 1938 3018 πυρίκαυ-

355 3061 493 3098 στοι.
522 3044 643 3096 Ὅτι
659 3041 866 3096 παιδίον
888 3040 1146 3112 ἐγεννήθη
1175 3041 1447 3110 ήμῖν,υίδς
1468 3040 1560 3092 καὶ
1581 3039 1736 3110 ἐδόθη
1757 3041 1906 3110 ἡμῖν.
1924 3059 1942 3092 ι

363 3137 462 3190 Ἐκ
488 3135 643 3188 δόλου
678 3133 778 3206 μὲν
818 3133 925 3203 γὰρ
957 3134 1051 3186 καὶ
1082 3133 1317 3201 ἀπάτης,
1352 3134 1445 3186 καὶ
1484 3132 1591 3185 ἀπὸ
1618 3131 1712 3185 τοῦ
1740 3131 1948 3204 κρίνειν

353 3229 457 3280 οὐκ
494 3227 694 3297 ὀρθῶς,
730 3227 828 3298 τὴν
858 3225 964 3278 τῶν
987 3227 1287 3296 χρημάτων
1322 3226 1567 3297 ἄθροισιν
1597 3227 1943 3298 ἐποιήσαντο,

353 3319 518 3390 φησίν
541 3335 556 3349 ⁸
589 3318 705 3372 ἀλλ’
733 3317 830 3389 ήδῦ
862 3318 954 3370 καὶ
996 3317 1148 3387 φίλον
1186 3319 1391 3381 αὐτοῖς,
1429 3319 1524 3372 καὶ⁸
1566 3318 1730 3390 μέχρι
1771 3318 1947 3388 αὐτῆς

353 3412 455 3482 τῆς
507 3409 836 3482 περιστολῆς
890 3411 982 3462 καὶ
1033 3410 1141 3463 τῶν
1191 3411 1425 3480 ἱματίων
1483 3411 1619 3480 μετά
1672 3410 1945 3464 καταλλα-

352 3502 482 3574 γῆς,
519 3502 667 3558 τοῦτ’
693 3502 829 3564 ἔστι,
857 3504 997 3572 μετά
1023 3501 1362 3573 προσθήκης,
1393 3501 1829 3572 ἀποπέμψασθαι
1854 3502 1947 3556 καὶ

355 3594 680 3660 ἀποϐαλεῖν,
729 3593 928 3664 μᾶλλον
967 3594 1024 3647 δὲ
1055 3593 1524 3664 φησὶ·ι,ὴθέλησαν
1561 3592 1947 3665 καταφλεχθῆ-

351 3705 447 3742 ναι
475 3687 567 3740 καὶ
589 3687 744 3757 πυρὶ,
783 3683 1180 3756 δυσφοροῦντες
1217 3665 1386 3753 ἀγαν,
1417 3686 1498 3738 ὅτι
1535 3685 1748 3739 παιδίον
1796 3688 1950 3756 ὲγεν-

351 3782 493 3855 νήθη
525 3783 654 3852 ήμίν
691 3779 828 3844 υἱός.
878 3776 1314 3849 Πεπιστευμένοι
1344 3777 1453 3849 γὰρ
1494 3776 1587 3830 τὸν
1626 3777 1948 3834 δεσποτικὸν

354 3873 682 3945 ἀμπελῶνα,
710 3873 839 3936 τοὺς
879 3871 1128 3939 καρποὺς
1164 3869 1440 3940 ἠθέλησαν
1473 3868 1617 3940 ἔχειν
1660 3870 1815 3924 αὐτοὶ
1855 3871 1951 3924 καὶ

353 3967 532 4040 μόνοι,
581 3965 1040 4037 προσκομίζοντες
1095 3963 1174 4034 τῷ
1214 3963 1450 4036 δεσπότῃ
1477 3963 1538 4016 τὸ
1585 3963 1806 4035 σύμπαν
1855 3964 1949 4018 οὐ-

351 4060 468 4114 δέν.
511 4059 728 4113 Παιδίον
756 4059 810 4112 δὲ
842 4058 1017 4127 λέγων
1043 4055 1424 4126 γεγεννῆσθαι,
1451 4056 1716 4128 διελέγχει
1760 4055 1950 4127 σαφῶς

347 4152 456 4222 τῆς
487 4151 597 4204 τῶν
621 4149 940 4220 Μανιχαίων
965 4149 1124 4219 δόξης
1150 4149 1209 4202 τὸ
1239 4149 1491 4220 ἀδρανὲς,
1523 4149 1571 4202 οἳ
1613 4148 1948 4219 παραιτοῦν-

345 4263 446 4300 ται
470 4244 672 4324 λέγειν,
704 4244 786 4296 ὅτι
814 4243 1002 4311 γέγονε
1041 4241 1174 4314 σὰρξ
1204 4244 1232 4294 6
1252 4242 1424 4310 Λόγος
1449 4257 1463 4272 ο
1499 4239 1645 4294 τοῦτ’
1679 4241 1815 4304 ἐστι,
1846 4241 1947 4310 τήν

347 4335 514 4410 ἡμῶν
563 4333 843 4407 πεφόρηκε
879 4333 1057 4404 σάρκα
1097 4333 1164 4388 δι’
1194 4335 1342 4405 ἡμᾶς
1384 4333 1763 4405 οἰκονομικῶς,
1811 4335 1948 4388 Ἀλλ’

351 4430 404 4482 εί
437 4426 717 4506 βούλονται
744 4429 962 4497 φρονεῖν
997 4425 1194 4496 ὀρθῶς,
1228 4427 1320 4479 καὶ
1349 4427 1448 4497 τῆς
1485 4427 1696 4480 ἑαυτῶν
1723 4427 1948 4480 δυσϐου-

2049 558 2170 613 dam
2205 563 2574 630 perpulerunt,
2604 564 2889 620 dicentes:
2931 584 2948 616 ι
2989 566 3050 619 Et
3085 583 3225 619 nunc.
3251 567 3377 635 quid
3410 567 3632 621 tentatis

2052 651 2254 718 Deum,
2291 665 2350 708 ut
2397 655 2689 726 imponatis
2739 655 2926 726 jugum
2971 661 3168 712 cervici
3205 659 3632 726 .discipulornm,

2049 747 2190 814 quod
2231 762 2402 815 neque
2438 762 2532 800 nos
2562 763 2737 816 neque
2767 761 2946 818 patres
2979 750 3144 802 nostri
3183 759 3399 818 portare
3455 752 3631 818 potui-

2052 852 2170 891 tnus
2195 836 2278 891 ’σί
2306 857 2324 889 ι
2353 838 2692 892 Intolerabile
2722 842 2884 911 igitur
2913 842 3198 894 admodum
3229 841 3484 894 lsraclitis
3514 851 3634 894 erat

2056 931 2194 1002 legis
2236 931 2448 1001 jngum,
2485 942 2538 986 et
2569 933 2712 1000 quod
2755 936 2929 989 adhuc
2964 937 3183 999 gravius
3210 943 3316 997 est,
3353 949 3445 987 eos
3496 934 3634 987 l‘ha-

2049 1025 2329 1078 risacornm
2373 1027 2575 1078 malitia
2615 1026 2755 1079 hami
2794 1028 3158 1090 mediocriter,
3200 1026 3494 1080 insatiabili
3532 1042 3632 1079 cu-

2049 1118 2271 1187 piditate
2311 1115 2563 1187 frangens
2601 1129 2654 1172 et
2686 1121 3015 1186 opprimens.
3063 1119 3230 1171 Erant
3277 1119 3422 1172 enim
3471 1133 3632 1187 pecu-

2050 1210 2260 1262 niarum
2333 1225 2580 1264 amantes
2639 1208 2950 1264 Iudaeorum
3009 1227 3298 1282 synagogas
3355 1211 3630 1275 ductores,

2049 1315 2326 1368 unumque
2358 1302 2498 1355 hunc
2531 1318 2752 1370 scopum
2789 1317 2897 1371 pra:
2950 1317 3008 1356 se
3055 1303 3341 1367 habentes,
3373 1310 3430 1354 ut
3465 1301 3633 1354 unde-

2048 1407 2261 1462 cunque
2297 1393 2644 1461 colligerent,
2691 1393 3052 1462 populumque
3095 1395 3370 1445 subditum
3423 1391 3634 1445 violen-

2052 1484 2274 1538 tissimis
2329 1483 2502 1537 modis
2551 1491 2869 1536 tractarent.
2924 1484 3110 1552 Itaque
3163 1483 3468 1537 rectissime
3525 1481 3630 1534 dici

2052 1573 2251 1642 poterit
2307 1573 2374 1626 de
2431 1573 2689 1629 lsraelitis
2739 1576 2902 1628 etiam
2945 1574 3237 1629 :Tolletnr
3285 1573 3470 1642 iugum
3529 1572 3634 1625 illis

2051 1665 2386 1732 impositum,
2415 1674 2469 1719 et
2494 1667 2640 1734 virga
2669 1681 2786 1734 qua:
2811 1677 2893 1721 est
2919 1667 2970 1719 in
3002 1666 3140 1721 collo
3167 1680 3381 1718 eorum.
3410 1663 3630 1732 Virgam

2049 1767 2227 1809 autem
2287 1773 2570 1826 procerum
2635 1761 2988 1828 rapacitatem
3049 1760 3332 1812 nominare
3395 1757 3630 1822 videtur,

1983 1831 2186 1916 Bquod
2239 1851 2480 1903 aVaritiae
2530 1851 2800 1920 impendio
2854 1849 3016 1904 dediti
3068 1849 3287 1903 fuerint.
3350 1847 3499 1904 Ilanc
3555 1849 3627 1900 ob

2046 1955 2265 2026 cansa‘m
2311 1941 2492 1994 miseri
2551 1941 2724 2008 ipsum
2775 1941 2936 1994 etiam
2970 1941 3164 1995 Filium
3217 1939 3630 1994 interfecerunt.

2047 2034 2365 2102 Quanquam
2388 2036 2528 2089 enim
2549 2034 2796 2089 sciebant
2819 2050 2937 2088 eum
2966 2049 3086 2088 esse
3115 2033 3402 2095 han-edem,
3438 2051 3456 2082 ι
3480 2029 3632 2100 Apud

2045 2141 2106 2180 se
2140 2127 2422 2190 dixerunt,
2472 2126 2664 2194 inquit,
2709 2125 2938 2190 Adeste,
3002 2124 3310 2177 occidanms
3368 2136 3526 2187 cum,
3581 2128 3632 2174 et

2049 2217 2344 2272 habeamus
2377 2217 2533 2271 nobis
2568 2216 2938 2270 hmreditatem
2990 2213 3107 2282 ejns
3133 2215 3197 2266 ⁸⁷.
3235 2233 3252 2266 ι
3283 2212 3434 2279 Quod
3471 2211 3634 2281 igitur

2048 2309 2271 2378 impium
2325 2320 2379 2362 ct
2423 2308 2690 2362 nefarium
2743 2321 2966 2376 scopum
3020 2303 3282 2360 habentes
3324 2299 3632 2355 Juda‘ornm

2047 2401 2307 2470 prazfecli,
2333 2402 2582 2454 omnium
2616 2401 2878 2455 bonorum
2906 2413 3129 2452 suorum
3157 2397 3428 2464 iacturam
3463 2393 3634 2448 liben-

2050 2493 2257 2547 tissime
2298 2493 2669 2562 pertulissent,
2708 2492 2887 2560 potius
2920 2505 3080 2559 quam
3109 2491 3368 2542 ’viderent
3414 2485 3634 2540 illuces-

2049 2593 2260 2636 ccntem
2319 2585 2520 2636 mundo
2570 2582 3000 2646 Ennnannelem,
3033 2578 3343 2633 subindicat
3396 2577 3630 2630 dicens:

2054 2693 2074 2726 ι
2105 2679 2329 2727 Umnem
2361 2674 2552 2727 stolam
2581 2683 2964 2742 congregatam
2995 2670 3138 2733 dolo,
3175 2679 3227 2723 et
3262 2676 3469 2721 vestem
3509 2681 3631 2719 cum

2059 2768 2484 2822 commutatione
2535 2767 2845 2829 restituent,
2879 2775 2933 2817 et
2985 2762 3162 2818 volent
3213 2762 3318 2832 igni
3365 2755 3632 2815 combusti

2049 2875 2190 2915 esse.
2221 2860 2356 2926 Quia
2398 2874 2528 2929 puer
2563 2869 2722 2912 natus
2747 2867 2830 2910 est
2871 2856 3046 2921 nobis,
3077 2865 3127 2908 et
3176 2855 3318 2908 [ilius
3363 2855 3516 2905 datus
3552 2859 3636 2904 est

2050 2954 2223 3007 nobis.
2257 2972 2275 3004 ι
2303 2951 2374 3004 Ex
2396 2951 2518 3004 dolo
2546 2951 2688 3004 enim
2714 2958 2762 3001 et
2791 2948 2998 3010 l'ramle,
3031 2954 3085 3021 et
3117 2961 3180 2999 ex
3210 2947 3395 3010 iniquo
3421 2942 3627 3010 judicio

2049 3059 2212 3114 opum
2257 3051 2646 3097 coacervatum
2674 3039 2968 3102 cunmlum,
3003 3037 3177 3104 inquit
3210 3051 3223 3087 :
3262 3043 3634 3086 Verumtamen

2046 3135 2342 3204 jncUndum
2407 3133 2510 3186 illis
2571 3143 2625 3186 et
2679 3140 2890 3199 gratum
2947 3127 3170 3190 l‘uisSet,
3230 3124 3390 3179 etiam
3453 3123 3631 3191 ipsum

2053 3227 2310 3281 amictum
2341 3235 2394 3280 et
2427 3235 2627 3290 vestes,
2660 3239 2783 3278 cum
2831 3220 3254 3290 permutatiOue,
3287 3216 3340 3270 id
3371 3226 3477 3280 est,
3507 3229 3630 3267 cum

2049 3329 2298 3390 quaestu,
2346 3317 2616 3372 dimittere
2659 3326 2714 3369 et
2753 3313 3023 3384 abjicere,
3066 3310 3174 3364 imo
3221 3324 3384 3374 vero,
3435 3306 3632 3375 inquit,

2050 3410 2372 3464 maluissent
2411 3407 2652 3462 comburi
2684 3405 2847 3459 etiam
2883 3405 3033 3474 igne,
3075 3402 3358 3471 mgerrime
3394 3400 3630 3454 ferentes

2049 3515 2278 3571 puerum
2318 3511 2500 3552 natum
2553 3511 2678 3551 esse
2721 3494 2899 3560 nobis,
2929 3504 2983 3546 et
3028 3493 3194 3546 lilium
3235 3491 3418 3545 datum
3457 3489 3630 3543 nobis.

2049 3590 2256 3656 Quibus
2294 3589 2437 3642 enim
2484 3587 2676 3650 herilis
2715 3588 2884 3638 vineae
2911 3599 3041 3639 cura
3086 3580 3372 3636 commissa
3427 3579 3630 3641 fuerat,

2050 3682 2106 3736 hi
2155 3681 2254 3734 soli
2304 3680 2512 3734 fructus
2562 3679 2664 3733 sibi
2715 3677 2969 3731 volebant
3021 3675 3254 3737 habere,
3311 3673 3442 3724 hero
3494 3669 3630 3723 nihil

2050 3788 2274 3846 prorsus
2297 3771 2612 3828 aﬂerentes.
2644 3770 2879 3824 Puerdm
2905 3777 3087 3822 autem
3112 3774 3295 3819 natum
3328 3781 3446 3818 cum
3477 3762 3630 3828 dicit,

2051 3867 2420 3922 inﬁrmitatem
2453 3863 2874 3917 Manichmorum
2904 3858 3176 3926 opinionis
3215 3856 3496 3910 evidenter
3541 3869 3633 3908 c0-

2049 3960 2248 4030 arguit,
2284 3957 2374 4028 qui
2421 3962 2654 4011 renuunt
2681 3947 2880 4017 dicere.
2911 3952 3148 4009 Verbum
3179 3963 3398 4004 carnem
3431 3948 3631 4000 iactum

2049 4072 2193 4123 esse,
2223 4057 2274 4112 id
2309 4064 2414 4121 est,
2450 4063 2691 4108 nostram
2722 4065 2947 4104 carnem
2987 4057 3209 4118 propter
3242 4060 3341 4100 nos
3385 4051 3632 4113 portasse

2049 4163 2145 4218 per
2165 4145 2639 4216 dispensationem.
2665 4139 2828 4209 Atqui
2867 4138 2912 4192 si
2940 4147 3084 4191 recte
3121 4150 3309 4203 sapere
3338 4131 3632 4192 voluerint,

2048 4252 2102 4298 et
2152 4255 2307 4296 suam
2359 4239 2596 4308 ipsorum
2647 4231 3009 4288 temeritatem
3052 4230 3346 4292 damnare,
3394 4240 3460 4280 ne
3497 4239 3632 4278 con-

2051 4334 2335 4390 tumeliose
2402 4337 2719 4403 pervertant
2781 4329 2944 4380 verba
3021 4325 3296 4394 praphctze
3362 4317 3624 4380 dicentis,

2057 4442 2288 4497 puerum
2355 4424 2513 4478 nobis
2577 4433 2762 4476 natum
2818 4431 3000 4475 esse:
3049 4415 3136 4468 ubi
3193 4414 3393 4467 ctenim
3455 4409 3634 4480 proles

348 4517 476 4581 λῐας
499 4503 995 4587 καταψηφίζεσθαι,
1029 4515 1103 4586 μὴ
1126 4514 1541 4586 ἀτιμαζέτωσαν
1560 4516 1660 4581 τὰς
1692 4517 1787 4570 τοῦ
1815 4535 1946 4588 προ·

2053 4535 2177 4573 vere
2215 4525 2341 4572 nata
2391 4526 2474 4571 est
2519 4529 2582 4570 ex
2635 4512 2882 4576 muliere,
2911 4510 3003 4581 qui
3049 4507 3201 4562 locus
3251 4519 3374 4559 csse
3416 4503 3633 4573 poterit,

352 4611 528 4680 φήτου
583 4609 801 4679 φωνὰς,
853 4609 1061 4663 παιδίον
1097 4611 1226 4681 ἡμῖν
1260 4609 1622 4681 γεγεννῆσθαι
1668 4610 1939 4682 λέγοντος.

353 4698 533 4754 ὐπου
568 4701 678 4772 γὰρ
700 4701 858 4765 τόκος
887 4701 951 4754 ὲκ
987 4701 1247 4770 γυναικὸς
1273 4701 1511 4772 ἀληθῶς,
1542 4704 1695 4756 ποῖον
1731 4703 1797 4758 ἂν
1830 4704 1944 4776 ἔχει

348 4792 517 4846 τόπον
539 4793 601 4846 τὸ
641 4793 859 4864 δοκήσει
902 4793 998 4847 καὶ
1025 4795 1174 4865 σκιᾷ,
1205 4795 1297 4848 καὶ
1324 4795 1400 4858 ὡς
1438 4796 1497 4848 ὲν
1541 4795 1730 4867 μόναις
1772 4799 1945 4851 εἰπεῖν

352 4886 684 4955 φαντασίαις
733 4885 1057 4958 γεγενῆσθαι
1108 4885 1208 4958 τὴν
1241 4886 1574 4958 ἐπιδημίαν;
1624 4887 1764 4958 πλὴν
1813 4889 1944 4960 ἡμῖν

350 4977 596 5032 δεδόσθαι
632 4978 765 5048 φησὶ
791 4977 883 5030 τὸν
910 4978 1043 5033 υἱόν.
1074 4977 1268 5046 Γέγονε
1290 4978 1398 5049 γὰρ
1428 4978 1715 5050 ἄνθρωπος
1742 4981 1771 5033 6
1788 4998 1946 5052 μονο-

350 5071 518 5142 γενὴς
559 5069 654 5122 τοῦ
703 5069 838 5122 Θεοῦ
870 5071 1041 5138 Λόγος
1067 5072 1128 5124 ού
1168 5070 1236 5123 δι’
1273 5070 1484 5138 ἑαυτὸν,
1524 5072 1855 5126 ἀνακαινιῶν
1889 5073 1947 5126 δὲ

357 5163 559 5234 μᾶλλον
581 5161 650 5214 τά
680 5160 800 5214 καθ’
826 5163 973 5232 ἡμᾶς
993 5165 1072 5226 είς
1097 5163 1157 5216 τὸ
1186 5163 1280 5215 ἀπ’
1309 5164 1503 5234 ἀρχῆς,
1529 5164 1622 5217 καὶ
1651 5165 1751 5236 τῆς
1780 5166 1949 5220 ἀπάν-

355 5271 469 5306 των
501 5253 645 5322 ζωῆς
673 5253 1012 5326 ἀντίλυτρον,
1051 5255 1111 5308 τὸ
1146 5253 1278 5308 ῖδιον
1309 5255 1472 5326 σῶμα
1494 5259 1846 5329 προσκομιῶν
1869 5261 1950 5324 εἰς

353 5345 537 5417 ὀσμὴν
555 5346 778 5410 εὐωδίας
799 5348 876 5417 τῷ
897 5347 1017 5417 Θεῷ
1039 5347 1134 5400 κα)⁸
1162 5349 1357 5418 Πατρί.
1381 5348 1714 5419 Γεγενῆσθαι
1734 5351 1792 5404 δέ
1812 5369 1946 5422 φησι

353 5435 459 5508 τὴν
474 5436 647 5508 ἀρχὴν
672 5437 838 5490 αὑτοῦ
856 5440 948 5492 ἐπὶ
959 5438 1053 5492 τοῦ
1075 5438 1226 5509 ῶμου
1244 5439 1429 5503 αὑτοῦ,
1448 5440 1696 5495 καὶδοκεῖ
1717 5444 1814 5514 μέν
1839 5461 1947 5497 τισι

350 5529 597 5583 τοιοῦτόν
637 5547 691 5583 τι
750 5533 911 5585 νοεῖν.
956 5531 1174 5602 Ἐπειδὴ
1225 5532 1354 5601 γὰρ,
1395 5537 1581 5603 φησιν,
1631 5535 1808 5606 ἑαυτῷ
1854 5536 1946 5590 τὸν

357 5622 594 5694 σταυρὸν
623 5622 706 5684 εἰς
747 5619 928 5694 ὤμους
983 5623 1122 5693 ἔχων
1156 5626 1194 5678 6.
1218 5625 1419 5695 Κύριος
1473 5625 1631 5696 ήμῶν
1677 5628 1882 5698 Ἰησοῦς
1915 5631 1944 5682 6

431 5771 474 5803 “
501 5781 828 5848 Act.xv,10.
908 5784 949 5813 "
978 5782 1164 5838 Matth.
1203 5798 1309 5848 xxi,
1347 5785 1433 5840 53.

2055 4609 2213 4682 155
2247 4609 2501 4678 Opinione
2549 4613 2605 4661 et
2639 4604 2828 4658 umbra
2877 4600 2963 4656 vel
2995 4598 3109 4655 sola
3140 4595 3318 4667 specie
3347 4595 3638 4647 adventum

2051 4706 2167 4776 ejus
2195 4700 2402 4758 fuisse?
2447 4698 2646 4754 Verum
2681 4695 2810 4751 dicit
2845 4693 3003 4750 nobis
3047 4692 3230 4746 datum
3275 4702 3395 4744 esse
3444 4686 3637 4739 liliumt

2052 4797 2247 4852 Factus
2274 4793 2513 4850 estenim
2543 4791 2703 4845 homo
2730 4788 3062 4859 unigenitum
3103 4783 3193 4838 Dei
3237 4781 3490 4844 Verbum,
3531 4789 3636 4829 non

2051 4898 2272 4958 propter
2296 4885 2553 4955 seipsum,
2571 4883 2676 4937 sed
2689 4882 2868 4951 potius
2891 4885 2949 4932 ut
2974 4886 3212 4932 nostram
3236 4871 3629 4930 conditionem,

2053 4980 2212 5035 sicuti
2250 4977 2408 5032 fuita
2437 4975 2726 5046 principio,
2771 4979 3132 5033 restauraret,
3181 4974 3234 5030 et
3285 4974 3343 5018 ut
3390 4961 3636 5015 omnium

2053 5075 2177 5129 vita:
2211 5072 2446 5143 pretium
2505 5084 2568 5123 ac
2626 5066 3050 5136 redemptionem
3109 5074 3262 5115 suum
3294 5069 3492 5124 corpus
3527 5053 3638 5108 Deo

2049 5175 2104 5220 et
2136 5165 2278 5219 Patri
2308 5165 2360 5218 in
2397 5163 2618 5220 odorem
2647 5158 2932 5216 suavitatis
2967 5153 3212 5209 oﬂ'erret.
3251 5147 3477 5203 Factum
3501 5160 3634 5198 vero

2051 5257 2409 5328 principatum
2437 5256 2553 5325 ejus
2592 5255 2668 5307 ait
2703 5266 2862 5320 super
2893 5249 3174 5302 humerum
3204 5242 3342 5311 ejus,
3387 5238 3634 5293 videtur-

2053 5366 2158 5420 que
2181 5349 2456 5420 nonnullis
2486 5345 2789 5417 huiusmodi
2820 5340 3092 5413 quidpiam
3125 5337 3458 5406 intelligere:
3488 5332 3637 5400 Ωιιοη

2058 5445 2202 5499 niam
2227 5444 2392 5507 enim,
2420 5409 2614 5510 l/INIUll,
2633 5452 2847 5495 crucem
2865 5443 3088 5506 portans
3112 5429 3354 5487 humeris
3377 5428 3641 5484 Dominus

2057 5547 2242 5593 noster
2262 5533 2418 5590 Jcsus
2439 5535 2706 5596 Christus,
2731 5532 2796 5584 ad
2819 5529 3119 5600 passionem
3150 5523 3440 5580 salutarem
3467 5522 3636 5586 venit,

2055 5643 2108 5688 et
2142 5631 2408 5688 exaltatus
2459 5638 2558 5695 est,
2613 5638 2665 5682 et
2717 5625 2898 5682 urbem
2961 5632 3224 5679 terrarum
3271 5637 3367 5694 per
3396 5620 3636 5691 seipsum
