4002 6212
254 284 362 342 255
1241 284 1300 341 8.
1334 283 1615 342 GYRILLI
1654 281 2124 340 ALEXANDRINI
2164 281 2489 340 ARCHIEP.
3419 277 3534 332 258

254 397 485 453 obtinuit
510 415 523 451 :
556 396 681 454 hinc
726 398 891 454 fuisse
924 398 1127 456 dicitur
1151 401 1490 473 principatus
1519 402 1640 475 ejus
1668 417 1833 472 super

1950 401 2188 473 Κριστὸς,
2221 401 2356 474 πρὸς
2381 402 2444 456 τὸ
2475 402 2744 473 σωτήριον
2772 397 2858 470 εἴη
2900 396 3093 462 πάθος,
3122 393 3315 466 ὑψώθη
3341 394 3402 448 δὲ
3436 396 3538 449 καὶ

257 492 483 545 humero
516 489 650 559 ejus.
690 491 857 545 llabet
890 506 1017 547 vero
1048 492 1251 564 aliquid
1283 494 1687 565 probabilitatis
1715 497 1831 552 haec

254 579 451 643 oratio,
478 592 576 632 nec
610 581 874 634 sententia
923 590 1071 637 recte
1123 584 1298 652 posita
1324 586 1683 655 vituperanda
1712 595 1831 654 est,

256 669 300 721 si
326 671 449 738 quis
473 683 589 722 eam
614 668 940 725 laudandam
973 674 1297 744 susceperit.
1325 676 1831 733 Videtur-nimirum

257 760 345 815 bic
381 761 728 829 propheticus
765 776 945 818 sermo
984 765 1271 822 humerum
1302 769 1576 838 appellare
1615 769 1837 824 fortitu—

256 846 434 905 dinem
475 868 489 905 :
531 867 692 906 onme
720 853 987 923 siquidem
1042 858 1206 912 robur
1229 871 1472 914 nostrum
1506 860 1557 914 in
1598 861 1836 916 brachiis

255 952 310 996 et
345 943 587 998 humeris
630 945 793 999 situm
833 954 937 1002 est.
989 948 1055 1002 Et
1085 950 1303 1019 quidem
1335 951 1617 1006 brachium
1650 950 1741 1006 Dei
1772 967 1836 1008 ac

261 1032 439 1088 Patris
476 1035 672 1090 dicitur
702 1036 889 1094 Filius.
941 1058 961 1093 ι
1004 1042 1248 1109 Domine,
1287 1044 1453 1108 enim,
1486 1045 1681 1114 inquit,
1716 1048 1838 1116 quis

257 1125 486 1180 credidit
541 1129 745 1182 auditui
798 1139 1017 1194 nostro.
1058 1142 1112 1188 et
1161 1132 1438 1189 brachium
1481 1138 1690 1191 Domini
1750 1138 1838 1193 cui

259 1218 553 1273 revelatum
576 1233 659 1275 est
680 1222 762 1277 "7
795 1241 814 1274 ι
846 1222 1132 1293 Imperavit
1156 1242 1285 1294 ergo
1305 1228 1421 1282 orbi
1449 1238 1714 1284 terrarum
1743 1244 1838 1285 sua

264 1309 435 1378 ipsius
464 1313 705 1380 potentia
736 1311 986 1369 Christus
1023 1333 1036 1368 :
1066 1318 1265 1385 quippe
1323 1316 1581 1373 fortitudo
1612 1333 1696 1375 est
1746 1318 1838 1375 Dei

258 1414 324 1453 ac
352 1398 552 1456 Patris.
592 1400 829 1465 Vocatur
874 1414 1133 1473 praeterea
1167 1415 1223 1461 et
1260 1408 1440 1477 tnagni
1491 1408 1699 1464 consilii
1729 1411 1841 1466 Att-

262 1491 433 1562 geins,
456 1494 705 1551 videlicet
738 1496 830 1552 Dei
861 1506 915 1552 et
944 1496 1143 1553 Patris.
1172 1501 1531 1557 Attestabitur
1562 1515 1745 1559 autem
1772 1504 1842 1561 de

263 1584 350 1641 his
406 1585 629 1655 loquens
660 1589 875 1659 sapiens
919 1589 1155 1647 Joannes
1207 1610 1221 1647 :
1270 1611 1290 1645 t
1333 1594 1435 1662 Qui
1478 1598 1687 1666 accepit
1723 1598 1843 1668 ejus

267 1676 635 1732 testimonium
671 1718 687 1745 ,
742 1680 788 1735 is
860 1682 1165 1752 obsignavit
1226 1683 1397 1739 Deum
1455 1702 1646 1742 verum
1696 1703 1839 1745 esse.

1935 493 2249 565 κεκράτηκε
2287 493 2386 565 τῆς
2417 494 2509 547 ὑπ’
2545 491 2773 564 οὐρανὸν
2803 490 2869 544 δι’
2903 487 3097 551 αὐτοῦ.
3127 486 3304 561 ταύτῃ
3324 503 3408 540 τοι
3440 486 3538 541 καὶ

1933 584 2189 655 γενέσθαι
2214 585 2435 655 λέγεται
2464 586 2498 657 ή
2531 583 2673 656 ἀρχὴ
2694 582 2860 638 αὐτοῦ
2894 583 2990 636 ἐπὶ
3021 579 3118 635 τοῦ
3150 578 3305 651 ὤμου
3341 578 3532 634 αὑτοῦ.

1939 676 2094 746 Ἔχει
2116 675 2172 729 δὲ
2202 675 2263 728 τὸ
2290 674 2516 729 πιθανὸν
2547 676 2575 728 6
2606 674 2783 742 λόγος,
2823 673 2919 727 καὶ
2939 671 3040 726 οὐκ
3079 669 3413 742 ἀτιμαστέον
3433 669 3538 741 τὴν

1936 764 2145 821 ἔννοιαν
2192 765 2367 837 ὀρθῶς
2402 751 2652 836 ἔχουσαν,
2694 764 2799 819 κᾶν
2849 765 2900 816 εἰ
2947 762 3124 817 ἓλοιτό
3160 779 3246 825 τις
3292 763 3538 815 ἐπαινεῖν

1936 856 2129 928 αὑτήν.
2166 857 2354 912 Ἐοικε
2384 856 2440 910 δὲ
2463 856 2552 910 τὸν
2571 850 2720 922 ὦμον
2747 858 2776 910 6
2797 854 3139 927 προφητικὸς
3165 856 3299 925 ήμῖν
3323 856 3383 908 ἐν
3406 852 3538 907 τού-

1935 962 2051 1007 τοις
2081 944 2238 1014 λόγος
2289 946 2390 1016 τὴν
2441 947 2593 1016 ἰσχὺν
2628 944 2913 1015 βούλεσθαι
2959 944 3175 1015 δηλοῦν.
3226 945 3382 998 Πᾶσα
3423 945 3537 1017 γὰρ

1938 1035 2095 1106 ήμῶν
2120 1036 2274 1106 ἰσχὺς
2306 1038 2363 1089 ὲν
2399 1035 2647 1107 βραχίοσι
2677 1053 2738 1088 τε
2768 1036 2862 1089 καὶ
2908 1034 3104 1106 ὤμοις.
3141 1035 3252 1089 Καὶ
3292 1035 3425 1104 γοῦν
3454 1035 3535 1089 εί-

1943 1145 2103 1199 ρηται
2127 1129 2276 1195 δεξιὰ
2297 1129 2393 1183 καὶ
2425 1129 2661 1201 βραχίων
2687 1127 2781 1182 τοῦ
2811 1127 2947 1182 Θεοῦ
2974 1128 3068 1182 καί
3089 1128 3305 1199 Πατρὸς
3330 1132 3359 1183 6
3381 1128 3533 1193 Υἱός.

1945 1219 2150 1292 (Κύριε
2171 1240 2190 1274 ι
2215 1220 2345 1292 γὰρ,
2365 1223 2516 1292 φησὶ,
2543 1240 2562 1273 ι
2589 1221 2671 1285 τίς
2684 1222 2970 1275 ἐπίστευσε
2986 1223 3208 1293 τῇ-ἀκοῇ
3226 1221 3386 1293 ήμῶν
3406 1240 3420 1288 ;
3440 1222 3537 1276 καὶ

1939 1315 1968 1367 6
1985 1312 2223 1385 βραχίων
2243 1313 2449 1385 Κυρίου
2472 1314 2576 1368 τίνι
2603 1313 2964 1384 ἀπεκαλύφθη
2983 1330 3028 1379 ;ι
3050 1310 3226 1386 *Ηρξε
3245 1314 3538 1384 τοίνυντῆς

1942 1406 2035 1460 ὑπ’
2071 1406 2300 1478 οὐρανὸν
2342 1405 2433 1460 διὰ
2474 1405 2574 1476 τῆς
2620 1405 2814 1460 ἑαυτοῦ
2847 1399 3131 1476 δυνάμεως
3178 1407 3206 1458 6
3252 1405 3489 1475 Χριστός
3519 1422 3531 1435 ·

1945 1499 2097 1571 ἰσχὺς
2131 1500 2241 1570 γάρ
2270 1501 2385 1553 ἐστι
2407 1498 2502 1553 τοῦ
2527 1496 2662 1553 Θεοῦ
2686 1500 2777 1553 καὶ
2797 1501 3031 1571 Πατρός.
3061 1498 3338 1569 Κέχληται
3361 1499 3417 1553 δὲ
3440 1500 3539 1553 καὶ

1946 1589 2192 1661 μεγάλης
2220 1588 2421 1661 βουλῆς
2449 1588 2734 1658 Ἄγγελος,
2764 1588 2923 1659 δῆλον
2951 1588 3009 1642 δὲ
3040 1589 3121 1643 ὅτι
3150 1587 3243 1642 τοῦ
3269 1587 3403 1641 Θεοῦ
3441 1589 3541 1642 καὶ

1946 1681 2179 1753 Πατρός.
2228 1681 2339 1734 Καὶ
2391 1682 2733 1753 μαρτυρήσει
2781 1680 2954 1749 λέγων
3003 1680 3031 1733 6
3075 1678 3236 1749 σοφὸς
3283 1680 3540 1749 Ἰωάννης

265 1768 433 1835 Quem
465 1772 609 1825 enim
641 1771 789 1827 misit
816 1772 976 1841 Deus,
1010 1777 1174 1832 verba
1206 1777 1301 1833 Dei
1327 1778 1567 1851 loquitur
1601 1781 1670 1837 ⁸⁸.
1712 1802 1733 1836 ι
1776 1782 1843 1838 Ει

1950 1773 2074 1845 περί
2101 1770 2303 1827 αὐτοῦ’
2347 1789 2366 1823 ι
2412 1772 2472 1828 '0
2514 1770 2808 1843 λαμϐάνων
2861 1770 3027 1824 αὐτοῦ
3064 1767 3164 1841 τὴν
3228 1768 3543 1840 μαρτυρίαν

268 1859 381 1926 ipse
408 1859 539 1915 dicit
571 1861 775 1916 sanctis
805 1863 1064 1932 apostolis
1094 1882 1109 1920 :
1145 1883 1165 1917 ι
1210 1864 1322 1922 Vos
1354 1869 1513 1924 amici
1548 1871 1652 1926 mei
1685 1872 1840 1938 estis,

266 1950 309 2002 si
340 1948 581 2004 feceritis
610 1966 730 2020 quae
775 1966 875 2021 ego
927 1955 1184 2024 praecipio
1212 1957 1386 2013 vobis.
1439 1957 1556 2015 Non
1598 1961 1712 2031 jam
1748 1976 1843 2018 vos

265 2041 390 2095 dico
419 2054 630 2107 servos,
684 2042 811 2112 quia
871 2057 1063 2101 servus
1101 2063 1207 2103 non
1251 2049 1501 2120 intelligit
1540 2053 1667 2122 quid
1712 2053 1845 2110 facit

271 2132 527 2187 dominus
569 2132 710 2203 ejus.
747 2132 851 2190 \‘os
883 2144 1060 2191 autent
1101 2139 1210 2193 dixi
1242 2141 1470 2208 amicos,
1500 2143 1626 2210 quia
1662 2144 1844 2200 omnia

267 2238 389 2289 quas
419 2224 596 2279 audivi
627 2240 656 2279 a
688 2224 846 2281 Patre
885 2242 1025 2291 meo,
1062 2230 1294 2300 patefeci
1338 2234 1490 2289 vobis
1515 2234 1583 2292 ".
1622 2253 1641 2287 ι
1669 2235 1845 2308 Magni

268 2314 452 2384 itaque
477 2316 689 2371 consilii
725 2314 990 2387 Angelum
1029 2321 1130 2377 hac
1155 2322 1223 2377 de
1253 2339 1311 2378 re
1346 2326 1591 2380 nominat
1626 2327 1845 2382 Emma-

269 2408 503 2462 nucleiu.
564 2408 851 2480 Postquam
909 2422 1091 2470 autem
1148 2414 1323 2469 factus
1362 2427 1445 2471 est
1483 2417 1677 2483 homo,
1732 2419 1847 2489 ipse

268 2499 510 2577 omnium
555 2514 585 2555 a
645 2516 704 2556 se
758 2514 1032 2574 gestorum
1079 2506 1188 2559 vim
1237 2516 1293 2561 et
1342 2508 1597 2563 virtutem
1634 2510 1743 2566 Deo
1780 2527 1847 2569 ac

274 2589 417 2644 Patri
455 2592 722 2648 attribuit.
755 2592 906 2661 Quod
936 2597 1110 2665 ipsum
1145 2596 1288 2653 Deus
1317 2613 1381 2654 ac
1408 2599 1567 2654 Pater
1597 2600 1712 2670 ipse
1748 2618 1848 2673 per

274 2688 386 2735 haec
420 2683 574 2737 nobis
619 2686 853 2740 ostendit
883 2727 901 2752 ,
930 2703 1051 2742 cum
1102 2690 1174 2744 ait
1213 2708 1226 2745 :
1258 2690 1369 2761 Ego
1398 2691 1544 2746 enim
1578 2693 1843 2751 adducam

272 2788 458 2839 pacem
485 2790 646 2845 super
672 2777 967 2848 principes,
1000 2794 1184 2849 pacem
1222 2794 1276 2836 et
1312 2783 1599 2838 sanitatem
1633 2800 1845 2842 eorunt.

276 2864 467 2920 Pacem
521 2868 846 2938 ipsissimam
902 2872 1106 2929 sanctis
1152 2874 1413 2943 apostolis
1475 2886 1533 2931 ut
1567 2892 1721 2932 suam
1785 2893 1850 2934 ac

274 2955 543 3023 propriam
594 2958 742 3013 dedit
792 2958 1064 3016 Christus.
1116 2961 1311 3018 Omnia
1353 2966 1499 3020 enim
1547 2981 1670 3037 quas
1724 2977 1850 3025 sunt

277 3044 503 3112 Patris,
545 3059 672 3104 sunt
713 3049 849 3118 ejus.
884 3051 1120 3119 Dicebat
1160 3055 1332 3111 item:
1374 3074 1393 3108 ι
1444 3055 1641 3112 Pacem
1674 3073 1848 3114 meatu

272 3143 342 3198 do
372 3141 544 3208 vobis,
576 3158 764 3212 pacem
795 3159 969 3200 meam
1018 3146 1269 3216 relinquo
1299 3149 1451 3205 vobis
1476 3150 1548 3204 '°.
1574 3169 1594 3204 ι
1637 3150 1693 3206 Si
1720 3167 1851 3208 vero
1877 3129 1922 3188 θ

272 3230 484 3287 dicatur
539 3235 656 3301 ipse
699 3233 1016 3292 Emmanuel
1070 3254 1252 3307 pacem
1293 3250 1346 3295 et
1387 3242 1673 3298 sanitatem
1703 3246 1853 3301 acci-

271 3335 402 3392 pere
424 3362 439 3386 ,
470 3323 644 3393 cogita
693 3325 822 3378 mihi
867 3342 1054 3381 rursus
1082 3328 1542 3398 dispensationis,
1585 3333 1637 3386 in
1663 3349 1850 3404 carne,

277 3417 550 3488 singulare
589 3417 750 3488 156
771 3420 1078 3474 consilium.
1106 3422 1330 3493 Accepit
1352 3425 1498 3479 enim
1523 3441 1711 3496 pacem
1736 3444 1855 3497 quae

272 3520 353 3566 est
381 3525 446 3565 ex
483 3510 685 3565 mundo
715 3510 989 3576 videlicet,
1023 3511 1183 3568 Patre
1213 3515 1262 3569 ei
1285 3518 1530 3572 tradente
1559 3520 1763 3584 omnia,
1800 3529 1857 3576 et

275 3611 333 3656 ut
369 3616 554 3671 pacem
579 3617 704 3673 erga
761 3603 934 3673 ipsum
982 3606 1219 3661 habeant
1274 3609 1655 3677 persuadente.
1705 3611 1855 3667 illum

276 3692 571 3762 adorando,
604 3696 863 3767 regnique
885 3696 1004 3767 ejus
1028 3700 1215 3769 jngum
1242 3702 1605 3771 suscipiendo.
1628 3722 1647 3757 ι
1685 3702 1857 3762 Nemo

274 3785 416 3841 enim
483 3795 681 3856 potest,
744 3808 765 3841 ι
804 3791 1002 3861 inquit,
1034 3808 1054 3843 ι
1086 3794 1274 3849 venire
1298 3794 1363 3848 ad
1410 3810 1517 3862 me,
1555 3796 1657 3853 nisi
1698 3794 1858 3853 Pater

274 3877 364 3947 qui
403 3879 551 3933 misit
585 3896 694 3944 me,
729 3884 962 3937 traxerit
985 3899 1109 3939 eum
1141 3886 1207 3939 ⁹¹.
1250 3905 1269 3939 ι
1298 3886 1664 3943 Prnclamavit
1691 3890 1854 3945 etiam

274 3969 471 4026 alicubi
511 3973 727 4040 sapiens
756 3974 925 4030 Isaias
951 3995 965 4031 :
1005 3995 1025 4025 ι
1052 3977 1342 4035 Faciamus
1369 3995 1556 4048 pacem
1587 3984 1660 4049 ei,
1695 3982 1859 4040 facia-

277 4074 394 4115 mus
425 4076 609 4131 pacem
639 4064 955 4120 accedentes
996 4068 1062 4121 ad
1098 4082 1221 4121 eum
1253 4069 1320 4123 “.
1365 4087 1385 4121 ι
1429 4070 1643 4142 Accipit
1674 4073 1857 4145 itaque

273 4165 460 4219 pacem
497 4169 526 4207 a
562 4154 743 4221 Patre,
791 4157 857 4209 ad
905 4172 1027 4211 eum
1063 4174 1223 4228 quem
1260 4159 1372 4215 dixi
1405 4164 1642 4219 modum.
1681 4165 1855 4222 Audi-

281 4245 456 4299 vimus
473 4245 738 4315 siquidem
769 4263 893 4303 eum
928 4247 1295 4319 alloquentetn
1338 4249 1555 4308 Patrem
1586 4267 1641 4313 et
1684 4256 1853 4314 Deum

280 4336 554 4395 celeslem
590 4357 604 4393 :
639 4358 657 4391 ι
682 4342 830 4407 Quos
854 4341 1047 4397 dedisti
1083 4343 1211 4396 ntihi
1236 4359 1300 4398 ex
1331 4345 1556 4413 mundo,
1584 4350 1854 4419 tuierant,

280 4441 345 4480 ac
379 4427 498 4483 illos
551 4431 681 4485 mihi
730 4434 921 4488 dedisti
958 4433 1023 4488 ”.
1072 4451 1091 4485 ι
1125 4434 1336 4505 Accipit
1369 4435 1497 4491 item
1533 4439 1851 4508 sanitatem,

280 4520 331 4572 id
354 4527 456 4583 cst.
505 4537 537 4576 e
587 4525 814 4580 mortuis
838 4528 960 4582 vitae
991 4531 1420 4586 renovationem.
1442 4529 1575 4585 Cum
1600 4531 1744 4586 enim
1775 4533 1861 4586 in-

281 4609 524 4667 lirmatus
581 4615 855 4683 paululum
901 4619 1130 4687 dicatur,
1173 4624 1317 4693 quod
1354 4624 1662 4694 permiserit
1695 4625 1850 4683 carni

280 4715 412 4764 sum,
441 4704 612 4771 gratia
655 4706 747 4760 Dei
776 4722 873 4776 pro
897 4711 1147 4767 omnibus
1183 4724 1410 4770 mortem
1437 4725 1678 4787 gustare,
1702 4718 1853 4771 sani-

283 4800 445 4848 tatem
507 4797 738 4867 accipit,
801 4804 1203 4860 renovationem
1249 4808 1374 4863 vita:
1418 4808 1650 4878 accipit,
1694 4809 1858 4880 idque

282 4900 469 4942 rursus
531 4886 646 4956 ipse
696 4892 965 4959 prmstitit.
1006 4893 1278 4955 Excitavit
1310 4901 1455 4956 enim
1504 4917 1662 4958 suum
1720 4911 1858 4957 tem-

272 4977 448 5045 plum,
484 4995 606 5035 cum
636 4982 749 5052 ipse
769 4985 840 5041 sit
867 4990 1106 5055 potentia
1133 4990 1331 5051 Patris.
1364 4994 1423 5052 Si
1450 4996 1594 5050 enim
1630 4996 1747 5063 ipse
1772 5003 1856 5051 est

284 5075 613 5130 resurrectio
649 5085 705 5131 et
746 5077 874 5142 vita,
913 5083 1041 5150 quid
1076 5086 1288 5139 tandem
1319 5090 1387 5139 ad
1429 5087 1853 5143 viviﬁcationem

281 5162 640 5224 desiderasset
673 5170 824 5225 vita?
862 5171 928 5226 Et
961 5175 1005 5228 si
1055 5176 1282 5230 aliorum
1314 5191 1542 5245 corpora
1579 5179 1852 5233 excitasse

281 5259 612 5325 conspicitur
662 5278 757 5318 sua
811 5281 998 5322 rursus
1024 5267 1071 5320 vi
1104 5282 1168 5321 ac
1198 5270 1462 5337 potentia,
1510 5269 1698 5336 quidni
1727 5279 1857 5325 ante

282 5341 511 5400 aliorum
556 5365 786 5421 corpora
837 5373 993 5412 suum
1045 5359 1381 5414 excitasset?
1415 5358 1626 5414 Alfatur
1670 5370 1852 5416 autem

284 5434 398 5503 ipse
429 5434 644 5496 Judteos
673 5460 688 5496 :
718 5463 737 5496 ι
775 5446 978 5513 Solvite
1028 5450 1282 5522 templum
1330 5452 1464 5518 boc,
1499 5459 1553 5506 ct
1593 5449 1645 5505 iu
1681 5452 1852 5511 tribus

1946 1866 2280 1938 ἐσφράγισεν
2323 1866 2405 1920 ὅτι
2444 1867 2473 1919 6
2514 1864 2649 1929 Θεὸς
2690 1864 2897 1936 ἀληθής
2932 1865 3099 1917 ἐστιν.
3147 1861 3244 1915 Ὃν
3286 1861 3397 1931 γὰρ
3432 1862 3541 1915 ἁπ-

1945 1954 2185 2010 έστειλεν
2212 1958 2239 2009 6
2256 1956 2412 2019 Θεὸς,
2443 1954 2511 2008 τὰ
2537 1955 2759 2027 ῥήματα
2780 1952 2874 2007 τοῦ
2896 1951 3032 2006 Θεοῦ
3057 1950 3228 2005 λαλεῖ.
3258 1969 3277 2001 ι
3312 1951 3423 2003 Καὶ
3444 1949 3542 2003 a6-

1944 2046 2037 2111 τὸς
2058 2046 2114 2100 δέ
2146 2046 2246 2100 πού
2272 2064 2408 2118 φησι
2428 2048 2540 2110 τοῖς
2579 2046 2756 2115 ἁγίοις
2789 2043 3134 2107 ἀποστόλοιςο
3169 2061 3188 2094 ι
3233 2041 3424 2112 Ὑμεῖς
3448 2041 3541 2111 φί-

1945 2137 2027 2192 λοι
2054 2135 2155 2208 μού
2181 2140 2327 2202 ἐστε,
2361 2137 2454 2191 ἐὰν
2485 2138 2771 2208 ποιήσητε,
2802 2135 2838 2190 ἃ
2884 2134 2995 2204 ἐγὼ
3025 2132 3343 2204 ἐντέλλομαι
3385 2133 3541 2203 ὑμῖν.

1948 2228 2147 2283 Οὐκέτι
2175 2228 2320 2297 λέγω
2362 2230 2505 2300 ὑμᾶς
2533 2227 2774 2293 δούλους,
2805 2227 2889 2280 ὅτι
2927 2227 2954 2278 ὁ
2977 2224 3161 2288 δοῦλος
3194 2225 3294 2279 οὐκ
3337 2217 3447 2278 οἵδε
3487 2222 3545 2278 τί

1948 2326 2096 2377 ποιεῖ
2140 2322 2358 2376 αὐτοῦό
2402 2320 2625 2393 Κύριος.
2670 2320 2845 2391 Ὑμᾶς
2870 2319 2928 2373 δὲ
2950 2318 3150 2391 εἴρηκα
3198 2317 3409 2388 φίλους,
3457 2317 3544 2370 ὅτι

1951 2413 2130 2468 πάντα
2177 2412 2212 2467 ἃ
2246 2414 2454 2483 ἥκουσα
2497 2411 2651 2484 παρὰ
2695 2410 2789 2464 τοῦ
2839 2396 3053 2481 Πατρός
3098 2426 3221 2480 μου,
3266 2406 3545 2479 ἐγνώρισα

1949 2506 2395 2578 ὑμῖν.›Μεγὰλης
2431 2502 2525 2559 οὖν
2567 2503 2677 2575 ἄρα
2722 2502 2919 2575 βουλῆς
2958 2501 3190 2570 ἄγγελον
3239 2501 3441 2570 ταύτης
3480 2517 3545 2556 τι

1948 2597 2113 2651 ἓνεκα
2136 2597 2235 2667 τῆς
2273 2597 2453 2659 αἰτίας
2485 2595 2743 2667 ὀνομάζει
2788 2596 2880 2649 τὸν
2913 2593 3287 2666 Ἐμμανουήλ.
3323 2593 3547 2666 Ἐπειδὴ

1948 2685 2007 2739 δὲ
2034 2684 2257 2755 γέγονεν
2288 2684 2595 2757 ἄνθρωπος,
2626 2686 2788 2749 αὐτός
2831 2702 2891 2738 τε
2926 2683 3162 2738 ἀνετίθει
3186 2683 3266 2755 τῷ
3303 2684 3421 2753 Θεῷ
3446 2685 3547 2738 καὶ

1950 2776 2126 2848 Πατρί
2200 2776 2298 2848 τὴν
2349 2778 2436 2846 ἐφ’
2470 2774 2640 2830 ἅπασι
2686 2779 2799 2840 τοῖς
2847 2778 2979 2845 παρ’
3027 2774 3191 2832 αὑτοῦ
3246 2775 3545 2847 δρωμένοις

1951 2867 2230 2939 ἐνέργειαν
2262 2885 2321 2922 τε
2360 2870 2457 2922 καὶ
2501 2867 2754 2939 δύναμιν,
2789 2869 2883 2921 καὶ
2928 2869 3091 2931 αὐτὸς
3117 2868 3174 2921 δὲ
3218 2867 3307 2922 διὰ
3338 2866 3546 2923 τούτων

1952 2963 2086 3034 ημῖν
2116 2963 2144 3015 6
2170 2960 2302 3026 Θεὸς
2330 2962 2426 3016 καὶ
2456 2962 2668 3033 Πατὴρ,
2703 2961 2836 3015 αὐτὸ
2864 2960 2930 3032 δή
2953 2960 3110 3014 τοῦτο
3134 2960 3436 3033 παραδηλοί
3456 2960 3546 3015 M-

1951 3070 2084 3123 γων·
2131 3052 2271 3122 Ἐγὼ
2299 3053 2408 3125 γὰρ
2435 3052 2548 3121 ἄξω
2568 3053 2790 3124 εἰρήνην
2817 3052 2906 3106 ιὶπἰ
2939 3052 3065 3115 τοὺς
3083 3052 3545 3125 ἅρχοντας,εἰρή-

1955 3162 2053 3216 νην
2083 3144 2178 3198 καί
2202 3143 2412 3213 ὑγίειαν
2466 3142 2669 3198 αὐτῶν.
2702 3143 2812 3212 Τὴν
2846 3141 2945 3213 μὲν
2984 3135 3148 3195 οὖσαν
3176 3143 3401 3213 εἰρήνην
3430 3144 3545 3206 τοῖς

1956 3235 2130 3306 ἁγίοις
2179 3233 2521 3298 ἀποστόλοις,
2569 3233 2645 3298 ὡς
2696 3233 2833 3286 ἰδίαν
2882 3231 3054 3286 ἐδίδου
3098 3232 3351 3305 Χριστός.
3387 3231 3547 3293 Ἐστι

1954 3329 2064 3399 γὰρ
2097 3326 2263 3382 αὑτοῦ
2301 3327 2477 3381 πάντα
2515 3325 2584 3380 τὰ
2624 3324 2719 3379 τοῦ
2765 3325 3000 3396 Πατρὸς,
3032 3324 3126 3377 καὶ
3161 3324 3227 3395 δὴ
3266 3323 3360 3377 καὶ
3412 3322 3546 3392 εφα-

1957 3436 2115 3475 σκεν·
2149 3438 2168 3471 ι
2205 3419 2442 3490 Εἰρήνην
2464 3418 2565 3489 τὴν
2590 3419 2729 3488 ἐμὴν
2756 3416 2948 3487 δίδωμι
2984 3416 3114 3488 ὑμῖν
3134 3430 3148 3444 ·
3179 3416 3404 3487 εἰρήνην
3442 3414 3549 3484 τὴν

1956 3512 2096 3583 ἐμὴν
2149 3511 2352 3581 ἀφίημι
2387 3510 2534 3580 ὑμῖν.
2572 3529 2592 3559 ι
2625 3510 2689 3562 Εἰ
2722 3508 2779 3561 δὲ
2822 3508 2887 3580 δὴ
2934 3507 3146 3577 λέγοιτο
3177 3507 3273 3560 καὶ
3320 3504 3484 3569 αὐτὸς
3516 3507 3546 3561 6

1969 3603 2316 3675 Ἐμμανουήλ
2364 3603 2588 3674 εἰρήνην
2636 3603 2729 3656 καὶ
2776 3602 2988 3670 ὑγίειαν
3036 3600 3243 3666 λαὸεῖν,
3287 3601 3400 3654 νόει
3446 3599 3546 3670 μὲν

1958 3693 2120 3749 πάλιν
2147 3696 2243 3767 τῆς
2277 3694 2415 3765 μετὰ
2446 3694 2648 3766 σαρκὸς
2674 3694 2988 3765 οἰκονομίας
3019 3695 3080 3747 τὸ
3111 3693 3385 3764 εὐτεχνές.
3404 3692 3545 3747 Ἐδέο

1957 3804 2081 3859 χετο
2103 3787 2214 3859 γὰρ
2242 3788 2467 3859 εἰρήνην
2487 3787 2588 3857 τὴν
2614 3786 2722 3840 ἀπὸ
2745 3786 2840 3841 τοῦ
2861 3787 3067 3859 κόσμου
3085 3787 3351 3859 δηλονότι,
3375 3803 3545 3858 προσ·

1958 3879 2182 3949 άγοντος
2208 3880 2355 3951 αὐτῷ
2383 3879 2704 3951 σύμπαντας
2735 3879 2830 3935 τοῦ
2852 3881 3086 3952 Πατρὸς,
3111 3879 3206 3933 καὶ
3240 3881 3547 3951 εἰρηνευειν

1958 3973 2094 4045 πρὸς
2119 3971 2281 4028 αὐτὸν
2301 3971 2706 4037 ἁναπείθοντος,
2721 3973 2811 4027 διά
2822 3989 2887 4042 γε
2905 3972 2998 4026 τοῦ
3023 3975 3348 4045 προσκυνεῖν
3370 3971 3548 4042 αὐτῷ,

1958 4067 2053 4121 καὶ
2081 4065 2172 4119 τὸν
2205 4065 2306 4135 τῆς
2340 4062 2619 4134 βασιλείας
2651 4063 2819 4117 αὑτοῦ
2861 4064 3115 4135 δέχεσθαι
3148 4064 3333 4135 ζυγόν.
3375 4083 3395 4116 ι
3439 4060 3544 4117 06-

1956 4156 2067 4221 δείς
2097 4156 2203 4230 γὰρ
2231 4156 2475 4219 δύναται,
2519 4175 2536 4207 ι
2569 4157 2753 4226 ῳησίν,
2787 4174 2806 4207 ι
2847 4155 3023 4210 ἐλθεῖν
3058 4154 3195 4227 πρὸς
3220 4154 3309 4226 μὲ,
3341 4154 3438 4208 ἐὰν
3471 4154 3547 4225 μὴ

1956 4251 1986 4304 6
2027 4249 2216 4321 Πατὴρ
2247 4247 2520 4322 όπέμψας
2553 4265 2621 4320 με
2654 4247 2858 4320 ἑλκύσῃ
2902 4247 3083 4302 αὐτόν.
3129 4265 3149 4299 ι
3196 4248 3547 4318 Προσανακε-

1958 4343 2156 4414 κράγει
2187 4343 2244 4397 δέ
2289 4359 2391 4396 που
2443 4342 2536 4396 καὶ
2580 4344 2609 4396 6
2656 4341 2818 4410 σοφὸς
2859 4341 3121 4404 Ἡσαΐας·
3160 4359 3179 4392 ι
3223 4342 3546 4411 Ποιήσωμεν

1961 4436 2181 4506 εἰρήνην
2224 4432 2392 4503 αὐτῷ,
2429 4433 2747 4503 ποιήσωμεν
2808 4433 3032 4504 εἰρήνην
3078 4432 3126 4485 οἰ
3172 4431 3481 4503 ἐρχόμενοι.
3523 4449 3544 4484 ι

1962 4525 2185 4598 Δέχεται
2214 4525 2313 4598 μὲν
2340 4522 2431 4580 οὖν
2455 4526 2554 4598 τὴν
2582 4527 2804 4598 εἰρήνην
2833 4526 2985 4597 παρὰ
3015 4525 3108 4579 τοῦ
3137 4526 3372 4597 Πατρὸς.
3405 4525 3545 4580 κατὰ

1959 4616 2108 4671 τόνδε
2124 4616 2214 4669 τὸν
2236 4616 2459 4688 τρόπον,
2487 4617 2564 4678 ὡς
2580 4616 2736 4688 ἔφην.
2781 4616 3130 4688 Ἀκηκόαμεν
3150 4616 3259 4688 γὰρ
3269 4614 3435 4670 αὐτοῦ
3460 4615 3544 4669 λέ-

1958 4724 2143 4779 γοντος
2171 4708 2309 4779 πρὸς
2348 4708 2439 4761 τὸν
2472 4709 2530 4762 ἐν
2556 4711 2669 4773 τοῖς
2706 4709 2956 4781 οὐρανοῖς
2996 4710 3217 4781 Πατέρα
3259 4709 3353 4763 καί
3381 4708 3545 4763 Υἰόν·

1963 4820 1983 4854 ι
2017 4800 2124 4863 Οὓς
2157 4799 2389 4864 δέδωκάς
2412 4817 2504 4873 μοι
2535 4802 2600 4855 ἐκ
2615 4801 2709 4855 τοῦ
2737 4802 2967 4875 κόσμου,
2999 4802 3082 4857 σοὶ
3104 4798 3269 4875 ἦσαν,
3298 4802 3393 4857 καὶ
3421 4802 3544 4874 ἐμοὶ

1956 4893 2153 4957 αὐτοὺς
2194 4892 2420 4957 ἔδωκας.
2458 4912 2477 4947 ι
2516 4874 2819 4965 Δέχεταίδὲ
2848 4895 2942 4948 καί
2968 4874 3201 4965 ὑγίειαν,
3233 4894 3380 4949 τοῦτ’
3406 4894 3544 4961 ἐστι,

1957 4985 2058 5056 τὴν
2099 4987 2163 5039 ὲκ
2214 4985 2423 5058 νεκρῶν
2465 4984 2780 5040 ἀναϐίωσιν.
2836 4974 3056 5058 Ἐπειδὴ
3090 4985 3200 5059 γὰρ
3242 4985 3543 5058 ἀσθενῆσαι

1958 5079 2175 5147 λέγεται
2200 5077 2396 5150 βραχὺ,
2423 5078 2513 5132 διά
2530 5096 2613 5132 τοι
2635 5078 2696 5132 τὸ
2719 5080 2927 5149 ἐφεῖναι
2946 5082 3014 5151 τῇ
3042 5078 3147 5151 ἰδίᾳ
3173 5080 3337 5152 σαρκί
3358 5078 3544 5153 χάριτι

1958 5172 2092 5227 Θεοῦ
2132 5172 2273 5246 ὑπὲρ
2306 5173 2523 5228 πάντων
2566 5172 2868 5242 γεύσασθαι
2903 5171 3157 5237 θανάτου,
3185 5173 3399 5243 δέχεται
3444 5174 3548 5244 τὴν

1959 5266 2194 5335 ὑγίειαν,
2227 5265 2373 5321 τοῦτ’
2413 5266 2550 5329 ἔστι,
2579 5266 2678 5338 τὴν
2719 5265 3036 5329 ἀναϐίωσιν,
3069 5265 3164 5318 καὶ
3199 5263 3356 5318 τοῦτο
3381 5264 3542 5318 πάλιν

1961 5359 2264 5432 ἐνεργήσας
2289 5359 2471 5424 αὑτός.
2506 5359 2735 5430 Ἦγειρε
2762 5357 2871 5428 γὰρ
2902 5358 2992 5411 τὸν
3024 5356 3222 5412 ἑαυτοῦ
3262 5356 3411 5418 ναὸν,
3443 5355 3535 5409 a6-

1959 5450 2052 5514 τὸς
2096 5450 2356 5521 ὑπάρχων
2387 5450 2418 5521 ή
2460 5449 2690 5519 δύναμις
2730 5448 2825 5502 τοῦ
2857 5448 3092 5514 Πατρός.
3128 5447 3189 5501 Εἰ
3227 5446 3338 5520 γὰρ
3383 5446 3541 5510 αὑτός

353 5617 396 5705 τ’
426 5615 525 5670 lsa.
560 5622 752 5705 muni.
831 5625 876 5657 ⁸⁸
904 5627 1060 5686 Joan.
1092 5650 1173 5699 ut,
1198 5637 1283 5690 55.
1359 5638 1406 5669 ⁸³
1432 5637 1586 5694 Joan.
1626 5653 1712 5705 μ’,
1742 5638 1823 5703 Η.

2010 5639 2056 5671 ⁹⁰
2089 5637 2242 5695 Joau.
2270 5652 2381 5703 xw,
2409 5635 2496 5689 27.
2578 5636 2617 5667 "
2650 5633 2806 5691 Joan.
2832 5649 2905 5700 vt,
2929 5631 3020 5699 66,
3096 5633 3141 5667 ⁹¹
3169 5631 3268 5687 lsa.
3293 5644 3465 5693 um,
3487 5626 3543 5683 5.

286 5689 332 5722 ⁸⁸
352 5686 503 5745 Joan.
533 5706 665 5758 xm,
687 5694 739 5748 9.

3981 2396 4002 2423 Ἴ

3980 2563 4002 2597 ἱ

3981 2644 4002 2694 .i

3980 2755 4002 2790 .1

3980 2846 4002 2878 ιλ

3978 2942 4002 2978 n

3978 3036 4002 3068 Ἴ
