4030 6208
428 298 536 353 959

1413 283 1470 336 S.
1510 276 1784 337 CYRILLI
1827 267 2298 332 ALEXANDBINI
2337 263 2655 324 ARCIIIEP.

3575 249 3684 307 260

431 429 487 471 et
510 409 757 476 fastuosi,
785 419 840 465 et
860 408 986 463 elati
1020 406 1226 466 animo,
1250 403 1363 472 qui,
1395 408 1515 455 tota
1536 396 1785 452 Samaria
1810 410 1838 448 a
1870 393 1991 447 l'ttn-
2021 451 2023 453 ,

2129 390 2222 452 ta;
2241 406 2257 422 ο
2288 386 2588 458 ὑπέροπτοι
2620 381 2729 455 γὰρ
2771 380 2866 435 καὶ
2915 377 3192 442 ἀλαζόνες,
3222 373 3318 428 καὶ
3362 370 3556 442 ὑψηλοὶ
3587 369 3691 433 τὰς

433 503 700 559 dameutis
735 512 997 554 concussa
1040 505 1093 549 et
1125 495 1407 554 convulsa,
1439 488 1712 558 captivum
1745 483 2000 538 lsraeletn

432 604 713 666 ceperunt,
755 590 890 645 etin
933 597 1145 641 montes
1185 585 1468 639 Persarum
1501 590 1555 634 et
1592 577 1870 632 Medorum
1908 574 2004 626 ah-

432 659 725 741 dtrxerunt.
765 679 1023 734 Absoluto
1066 678 1284 745 itaque,
1319 674 1394 727 uti
1429 671 1676 726 dicebam
1705 708 1719 732 ,
1751 659 2005 721 vaticinio

435 780 501 831 de
540 772 918 833 Emmanuele,
968 770 1143 823 denuo
1194 767 1498 821 institutum
1533 762 1703 833 158
1743 758 2007 830 principio

434 882 654 936 scopum
688 862 1054 934 prosequitur,
1095 869 1148 914 et
1204 858 1468 912 Samaria:
1515 854 1880 908 vastationem
1909 866 2006 904 ex-

433 959 610 1028 ponit,
643 969 764 1010 cum
794 956 867 1008 ait
900 971 913 1006 :
948 973 968 1005 ι
1002 952 1228 1006 Mortem
1258 948 1438 1004 emisit
1471 947 1610 1002 Deus
1642 947 1695 999 in
1738 943 1925 1006 Jacob,
1953 950 2008 996 et

438 1047 634 1103 invasit
661 1045 934 1100 lsraelem.
963 1061 982 1095 ι
1017 1040 1303 1096 Sciendum
1340 1048 1516 1092 autem
1551 1034 1894 1089 Hebraeorum
1924 1035 2008 1084 in-

438 1136 904 1205 terpretationem,
932 1143 1265 1196 cretei-osque
1310 1128 1650 1198 expositores
1684 1139 1780 1193 pro
1810 1129 2007 1184 morte,

437 1243 741 1283 sermonem
775 1227 1042 1296 posuisse.
1070 1242 1088 1274 ι
1121 1221 1436 1277 Sermonem
1459 1219 1622 1281 enim,
1645 1216 1838 1284 inquit,
1863 1214 2010 1267 misit

439 1319 698 1374 Dominus
745 1333 907 1388 super
941 1315 1129 1371 Jacoh.
1161 1333 1178 1366 ι
1207 1312 1377 1379 Quem
1418 1307 1768 1365 sermonem?
1819 1319 2012 1372 nempe

437 1414 887 1464 Condemnantem
909 1422 1002 1460 eos
1046 1404 1141 1474 qui
1182 1401 1515 1471 impietatem
1544 1405 1927 1455 exercuerunt,
1957 1401 2012 1446 et

439 1517 629 1571 preuas
687 1501 1016 1568 irrogantem
1071 1497 1138 1549 iis
1201 1495 1311 1562 qui,
1344 1493 1459 1560 ipso
1503 1486 1721 1554 relicto,
1759 1483 2012 1552 operibus

441 1605 663 1645 suarum
715 1605 974 1643 tnanuum
1023 1585 1443 1654 procubuerunt.
1478 1578 1603 1634 Sive
1635 1578 1795 1644 igitur
1817 1577 1963 1629 dicat
1993 1590 2008 1627 :

441 1680 667 1734 Mortem
711 1680 856 1734 misit
908 1679 1080 1735 Deus,
1115 1676 1230 1728 sive
1279 1670 1737 1731 maledictionem,
1775 1666 1859 1721 vel
1895 1681 2011 1720 scr-

2105 478 2307 550 φρένας
2363 477 2671 547 γεγόνασιν.
2711 474 2774 527 Οἳ
2807 473 2900 526 καὶ
2935 472 3115 524 πᾶσαν
3153 469 3217 521 ὲκ
3262 464 3476 536 βάθρων
3522 478 3692 515 κατα-

2106 572 2380 633 σείσαντες
2437 569 2536 639 τὴν
2581 564 2916 636 Σαμαρείαν,
2991 557 3132 614 εἷλον
3197 555 3541 627 αἰχμάλωτον
3596 552 3693 604 τὸν

2118 660 2353 733 Ἰσραὴλ,
2414 659 2510 711 καὶ
2563 656 2907 727 ἀπεκόμισαν
2957 655 3038 715 είς
3084 650 3152 704 τὰ
3185 649 3288 721 ὄρη
3328 644 3554 716 Περσῶν
3597 645 3695 697 καὶ

2105 756 2324 826 Μήδων.
2361 751 2704 821 Διαπερανας
2752 747 2952 811 τοίνυν,
2984 744 3060 807 ὡς
3105 742 3261 812 ἔφην,
3299 739 3400 810 τὴν
3447 738 3692 809 ἀνάρρη-

2109 863 2195 899 σιν
2224 844 2319 898 τοῦ
2376 839 2741 913 Ἐμμανουήλ,
2773 838 2966 891 ἕπεται
2993 835 3058 903 δὴ
3089 833 3252 888 πάλιν
3283 829 3360 901 τῷ
3399 830 3456 881 tv
3498 829 3697 897 ἀρχαῖς

2106 936 2426 1010 προτεθέντι
2459 931 2667 1004 σκοπῷ,
2710 931 2802 984 καὶ
2853 929 2951 1000 τῆς
2997 923 3313 996 Σαμαρείας
3338 921 3436 992 τὴν
3494 919 3695 990 δῄωσιν

2107 1031 2396 1100 ἀφηγεῖται
2448 1027 2654 1093 λέγων·
2693 1042 2712 1075 α
2753 1022 2990 1077 Θάνατον
3031 1015 3318 1071 ἀπέστειλε
3361 1012 3564 1081 Κύριος
3602 1012 3697 1063 ἐπὶ

2121 1120 2340 1186 Ἰακὼϐ,
2367 1119 2462 1173 καὶ
2494 1115 2656 1189 ἦλθεν
2677 1116 2762 1168 ἐπ’
2804 1112 3036 1184 Ἰσραήλ.
3072 1129 3090 1161 ι
3130 1107 3326 1161 Ἰστέον
3352 1105 3408 1158 δὲ
3433 1105 3515 1156 ὃτι
3544 1103 3636 1156 καὶ
3659 1103 3695 1171 ἡ

2107 1213 2217 1265 τῶν
2253 1210 2521 1281 Ἑϐραίων
2555 1208 2785 1270 ἕκδοσις,
2828 1205 2924 1258 καὶ
2986 1203 3162 1272 ἕτεροι
3192 1199 3246 1252 δὲ
3279 1197 3387 1250 τῶν
3427 1197 3694 1266 ἑρμηνευ-

2109 1305 2240 1369 τῶν,
2263 1304 2384 1358 ἀντὶ
2407 1300 2501 1354 τοῦ
2539 1301 2769 1354 Θανάτου
2791 1296 3065 1350 τεθείκασι
3090 1291 3266 1358 λόγον.
3289 1309 3309 1340 ‹
3333 1289 3502 1356 Λόγον
3525 1307 3543 1338 ι
3563 1285 3693 1356 γὰρ,

2109 1397 2292 1468 φησὶν,
2325 1412 2344 1446 ι
2387 1391 2704 1448 ἀπέστειλεν
2727 1392 2754 1444 6
2784 1387 2986 1459 Κύριος
3019 1385 3110 1438 ἐπὶ
3149 1381 3368 1444 Ἰακὼϐ,
3398 1382 3493 1433 καὶ
3525 1375 3695 1448 ἦλθεν

2111 1492 2206 1544 ἐπὶ
2246 1486 2478 1559 Ἰσραήλ.
2511 1506 2530 1538 ι
2566 1484 2736 1552 Λόγον
2762 1482 2819 1534 δὲ
2838 1482 3050 1542 ὁποῖον;
3076 1471 3514 1534 Καταδικάζοντα
3541 1469 3698 1540 δηλο-

2111 1581 2221 1635 νότι
2265 1579 2373 1632 τῶν
2419 1575 2790 1647 ἠσεϐηκότων,
2835 1571 2931 1624 καὶ
2975 1565 3295 1621 ὑποτιθέντα
3333 1564 3542 1623 ποιναῖς
3574 1560 3703 1621 τοὺς

2112 1672 2272 1726 αὑτὸν
2327 1670 2423 1740 μὲν
2483 1663 2964 1724 καταλελοιπότας,
3020 1654 3535 1730 προσκεκυνηκότας
3587 1651 3701 1712 τοῖς

443 1787 682 1835 ηιθιιειιι,
707 1769 788 1821 vis
834 1765 1222 1820 sententiarum
1252 1777 1358 1816 non
1387 1758 1491 1814 erit
1521 1759 1780 1821 absurda,
1821 1755 1914 1810 sed
1945 1755 2010 1806 ad

2124 1764 2297 1837 ἔργοις
2339 1762 2447 1814 τῶν
2489 1761 2633 1812 ἰδίων
2665 1755 2883 1827 χειρῶν.
2940 1751 3132 1805 Εἰτοῦν
3182 1749 3411 1816 λέγοιτο,
3462 1743 3703 1797 Θάνατον

445 1877 610 1916 unum
653 1867 708 1911 et
756 1857 1004 1910 eumdem
1060 1868 1282 1921 sc0pum
1341 1851 1541 1905 tendet.
1575 1847 1869 1902 ~Czeterutn
1926 1844 2015 1900 hic

447 1951 773 2006 attentionem
802 1945 970 2013 injicit
1010 1943 1251 1998 historia:
1275 1983 1290 2008 ,
1328 1955 1492 2010 quam
1532 1938 1784 1993 brevibus
1815 1936 2012 1990 dicam.

445 2043 540 2098 Sic
589 2053 818 2109 namque
869 2039 956 2090 vix
1020 2037 1183 2090 etiam
1236 2031 1582 2088 manifestum
1633 2029 1826 2084 evadet
1874 2025 2018 2096 quod

445 2142 752 2186 enarratur.
808 2113 1122 2197 liejnarunt
1193 2125 1356 2194 igitur
1406 2122 1635 2176 diversis
1687 2119 2018 2188 temporibus

449 2221 842 2292 Hierosolymis
888 2220 944 2274 in
982 2217 1117 2273 Juda
1149 2226 1314 2285 atque
1345 2212 1512 2269 Jacob
1542 2211 1643 2266 viri
1681 2219 1792 2264 tum
1844 2207 2016 2278 probi,

451 2328 563 2370 tum
607 2313 868 2383 improbi,
911 2325 1012 2365 nec
1057 2309 1248 2364 minus
1271 2309 1324 2363 in
1356 2305 1541 2369 isracl,
1575 2301 1933 2372 Ephraemita:
1963 2300 2018 2352 in

451 2409 722 2466 Samaria.
752 2405 886 2460 Nam
911 2414 1028 2459 erat
1055 2417 1120 2456 ex
1161 2399 1304 2455 tribu
1339 2399 1589 2465 Ephraim
1620 2396 1784 2450 etiam
1814 2393 2020 2460 prinms

451 2515 637 2553 eorum
671 2512 762 2551 rex
793 2493 1171 2553 Jcrobuamus,
1199 2490 1338 2543 (ilius
1367 2485 1581 2552 Nahati,
1625 2486 1716 2555 qui
1746 2494 1806 2538 ut
1828 2481 2021 2536 vitulos

451 2603 645 2642 aureos
673 2587 962 2640 adorarent
981 2583 1272 2652 persuasit.
1306 2579 1502 2632 Eorum
1535 2592 1667 2645 ergo
1702 2580 1792 2645 qui
1829 2587 2022 2643 regna-

452 2692 644 2737 verunt
675 2675 1085 2748 Hierosolymis,
1126 2688 1188 2727 ac
1216 2673 1270 2726 in
1315 2669 1585 2734 Samaria,
1621 2668 1787 2723 certis
1818 2675 2023 2734 tempo-

454 2786 575 2826 rum
627 2769 852 2833 vicibus,
905 2763 1231 2832 complures,
1261 2761 1335 2814 uti
1390 2758 1541 2820 dixi,
1595 2755 1761 2810 Detnn
1794 2752 2025 2807 oﬂende—

455 2870 601 2927 runt,
623 2857 885 2926 intrepide
903 2855 1109 2926 profani
1132 2852 1448 2916 idololatrar,
1468 2850 1757 2904 adorantes
1778 2843 2022 2898 militiam

450 2953 598 3018 «eli,
635 2951 899 3021 lignisth
947 2959 1001 3002 et
1038 2944 1305 3016 lapidibus
1354 2943 1517 3010 impie
1553 2939 1872 2996 servientes.
1917 2934 2023 2988 Cu-

445 3043 686 3115 jusmodi
743 3041 910 3095 etiam
957 3038 1056 3094 fuit
1107 3037 1195 3091 ille
1245 3035 1534 3096 ACllalllS,
1568 3031 1662 3101 qui
1711 3043 1838 3083 suos
1889 3025 2024 3080 adeo

453 3136 653 3190 liberos
721 3147 817 3202 per
870 3130 1049 3198 ignem
1118 3126 1376 3189 traduxit,
1429 3123 1766 3194 plurimaque
1836 3126 2024 3174 contra

458 3223 794 3279 Hierusalem
835 3220 972 3274 mala
1011 3227 1095 3272 est
1137 3215 1480 3270 machinatus
1504 3256 1518 3280 ,
1556 3223 1717 3282 atque
1752 3211 1805 3264 in
1851 3210 2026 3279 ipsum

453 3315 552 3370 Dei
589 3313 847 3380 templum
912 3322 1281 3378 transgressus
1321 3316 1423 3361 est.
1489 3305 1606 3372 Quo
1641 3319 1672 3358 e
1714 3302 1890 3356 medio
1933 3315 2029 3370 per

455 3417 687 3462 mortem
744 3402 976 3465 sublato,
1011 3399 1242 3469 capessit
1299 3407 1571 3468 sceptrum
1627 3394 1918 3458 Ezechias,
1950 3407 2032 3447 re-

455 3507 656 3568 gnante
712 3496 763 3548 in
825 3493 1067 3548 Samaria
1117 3505 1276 3559 super
1312 3488 1505 3542 lsraele
1559 3501 1652 3541 seu
1701 3486 1872 3540 decim
1928 3484 2029 3537 tri-

387 3649 403 3665 .
456 3591 652 3654 bubus,
693 3586 827 3641 Osea
858 3584 965 3637 tilio
998 3581 1108 3635 Elae
1141 3599 1154 3634 :
1187 3595 1292 3649 quo
1336 3593 1554 3648 regnum
1577 3575 1987 3629 administrante
2013 3610 2029 3636 ,

457 3681 655 3737 bellum
705 3677 965 3732 Samaria:
1014 3673 1195 3728 intulit
1257 3672 1605 3741 Assyriorum
1671 3683 1785 3735 rex,
1823 3679 1879 3722 et
1925 3681 2029 3721 una

458 3788 580 3829 cum
603 3786 664 3826 ea
699 3770 840 3838 cepit
871 3779 925 3822 et
966 3766 1162 3819 umltas
1211 3763 1346 3817 alias
1381 3763 1544 3816 urbes
1574 3757 1793 3814 Iudaeae.
1828 3759 2032 3814 Deinde

459 3878 597 3916 vero
625 3871 768 3932 post,
799 3859 1226 3914 Seunacherimo
1271 3865 1468 3910 terram
1519 3852 1830 3907 Judteorntu
1853 3852 2033 3906 incur-

461 3965 637 4019 sante,
683 3952 1117 4023 quandoquidem
1164 3948 1283 4015 pius
1325 3957 1442 4000 erat
1474 3944 1762 4009 Ezechias,
1810 3944 2032 3997 mirabi-

461 4046 589 4100 liter
642 4045 783 4099 Deus
847 4040 1146 4096 Jerusalem
1202 4038 1566 4091 conservavit.
1614 4036 1708 4090 Est
1745 4043 1922 4088 autem
1954 4034 2034 4090 sic

463 4136 723 4204 scriptum
749 4142 943 4202 quarto
963 4131 1100 4184 libro
1116 4127 1426 4195 Regnorum
1443 4126 1508 4158 ’δ’
1527 4142 1542 4181 :
1562 4125 1777 4180 Factum
1797 4136 1878 4180 est
1893 4138 2035 4179 anno

466 4237 660 4298 quarto
685 4226 829 4295 regis
849 4222 1100 4276 Ezechiae
1127 4219 1250 4288 :qui
1279 4219 1376 4271 fuit
1392 4232 1565 4272 atinus
1589 4219 1854 4286 septimus
1877 4215 2033 4272 Osca

469 4322 562 4375 lilii
591 4319 722 4384 Ehe,
758 4318 899 4387 regis
927 4313 1126 4368 israel:
1159 4311 1552 4378 expeditionem
1591 4310 1720 4364 fecit
1747 4309 2032 4363 Salmana-

2115 1834 2403 1910 ἀπέστειλε
2434 1853 2462 1904 6
2491 1851 2646 1916 Θεὸς,
2683 1846 2856 1900 sit:on
2893 1843 3056 1915 Ἀρὰν
3089 1844 3122 1913 ἢ
3156 1841 3334 1909 λόγον,
3383 1839 3482 1890 οὐκ
3523 1834 3703 1903 ἀσύμ·

2116 1947 2278 2009 ϐατος
2331 1945 2482 1998 ἔσται
2525 1941 2632 1996 τῶν
2701 1936 2919 1992 ἐννοιῶν
2963 1939 2996 2006 ἡ
3038 1933 3286 2003 δύναμις,
3343 1928 3605 1999 βαδιεῖται
3644 1924 3703 1978 δὲ

2121 2038 2320 2110 μᾶλλον
2342 2038 2421 2100 είς
2441 2035 2537 2087 tva
2561 2050 2621 2085 τε
2652 2032 2746 2085 καὶ
2776 2031 2869 2084 τὸν
2916 2027 3078 2080 αὐτὸν
3121 2022 3340 2078 σκοπόν.
3396 2017 3706 2088 Διαμὲμνηο

2117 2109 2207 2184 ταί
2234 2147 2298 2198 γε
2329 2127 2434 2199 μὴν
2460 2125 2697 2197 ἱστορίας
2731 2124 2790 2176 tv
2817 2120 3043 2184 τούτοις,
3071 2117 3137 2188 ἥν
3173 2114 3282 2187 ἐρῶ
3317 2112 3404 2166 διὰ
3437 2109 3703 2181 Βραχέων.

2124 2228 2318 2281 Ἔσται
2353 2225 2460 2295 γὰρ
2489 2222 2634 2276 οὕτω
2661 2220 2745 2275 καὶ
2771 2219 2924 2290 μόλις
2952 2211 3262 2282 καταφανὲς
3283 2210 3342 2262 τὸ
3354 2207 3703 2279 δηλούμενον.

2121 2316 2548 2372 Βεϐασιλευκασι
2578 2313 2756 2366 τοίνυν
2786 2309 2928 2364 κατὰ
2955 2305 3179 2376 καιροὺς
3228 2305 3286 2355 tv
3326 2302 3440 2362 τοῖς
3475 2299 3705 2369 Ἰεροσο-

2120 2411 2312 2482 λύμοις
2363 2409 2456 2460 ἐπὶ
2497 2407 2588 2459 τδν
2653 2404 2876 2466 Ἰούδαν,
2924 2401 3042 2471 ἦτοι
3090 2397 3179 2448 τὸν
3243 2390 3461 2454 Ἰακὼϐ,
3517 2388 3710 2458 ἄνδρες

2121 2479 2314 2572 ἀγαθοί
2345 2518 2404 2553 τε
2437 2499 2528 2553 καὶ
2552 2495 2811 2568 πονηροί·
2838 2494 2990 2547 οὐδὲν
3029 2491 3088 2544 δὲ
3133 2483 3296 2559 ἦττον
3342 2484 3438 2538 καὶ
3481 2481 3575 2535 ἐπὶ
3615 2479 3710 2532 τὸν

2133 2567 2350 2664 Ἰσραὴλ
2381 2591 2430 2644 οἱ
2457 2593 2521 2644 ὲκ
2563 2589 2735 2658 φυλῆς
2781 2582 3105 2655 Ἐφραῒμὲν
3133 2583 3199 2650 τῇ
3248 2574 3550 2646 Σαμαρείᾳ.
3599 2567 3710 2624 Ἦν

2122 2663 2230 2756 γὰρ
2263 2686 2327 2736 ὲκ
2357 2683 2530 2752 φυλῆς
2586 2678 2824 2749 Ἑφραῒμ
2855 2679 2948 2732 καὶ
2990 2679 3018 2731 6
3069 2673 3282 2744 πρῶτος
3330 2667 3510 2723 αὐτῶν
3546 2663 3711 2735 βεϐα-

2124 2754 2386 2850 σιλευκὼς
2417 2771 2700 2844 Ἰεροϐοὰμ
2729 2772 2757 2823 6
2793 2771 2887 2823 τοῦ
2914 2767 3124 2830 Νάϐατ,
3153 2765 3211 2826 ὂς
3259 2762 3353 2815 καὶ
3383 2761 3503 2822 ταῖς
3537 2754 3711 2825 Sapio

2122 2867 2271 2920 λεσιν
2327 2864 2493 2919 αὑτοῦ
2522 2865 2641 2926 ταῖς
2671 2864 2900 2933 χρυσαῖς
2927 2859 3179 2912 ἀνέπεισε
3217 2851 3562 2924 προσκυνεῖν.
3588 2846 3712 2899 Τῶν

2123 2958 2301 3011 τοίνυν
2365 2956 2507 3010 κατὰ
2565 2955 2789 3025 καιροὺς
2846 2947 3312 3021 βεϐασιλευκότων
3375 2943 3432 2996 ἓν
3483 2957 3543 2995 τε
3599 2939 3712 3001 τοῖς

2138 3048 2528 3121 Ἰεροσολύμοις
2555 3047 2650 3101 καὶ
2692 3047 2749 3099 tv
2780 3047 2844 3115 τῇ
2886 3040 3169 3112 Σαμαρείᾳ
3200 3038 3437 3090 πλεῖστοι
3481 3033 3709 3101 γεγόνα-

2129 3157 2236 3207 σιν,
2261 3140 2337 3204 ὡς
2370 3139 2524 3208 ἔφην,
2549 3135 2668 3208 Θεῴ
2707 3132 3142 3206 προσκρούοντες
3168 3129 3361 3194 ἀδεῶς,
3404 3123 3618 3198 βέϐηλοί
3651 3139 3708 3176 τε

2127 3234 2222 3287 καὶ
2283 3228 2688 3299 εἰδωλολάτραι,
2738 3221 3169 3296 προσκυνοῦντες
3229 3221 3296 3289 τῇ
3351 3215 3577 3286 στρατιᾷ
3614 3213 3710 3266 τοῦ

2127 3324 2378 3398 οὐρανοῦ,
2403 3322 2580 3389 ξύλοις
2600 3337 2659 3374 τε
2682 3320 2774 3374 καὶ
2804 3318 2972 3379 λίθοις
2998 3314 3224 3376 ἀνοσίως
3250 3307 3672 3378 λελατρευκότες
3698 3324 3711 3339 ο

2127 3415 2309 3479 ὁποῖός
2361 3432 2446 3478 τις
2495 3409 2563 3484 ἦν
2607 3413 2700 3465 καὶ
2749 3405 2907 3473 οὗτος
2947 3410 2979 3461 6
3021 3404 3215 3475 Ἄχας,
3265 3403 3322 3466 ὃς
3379 3399 3569 3454 καὶτὰ
3609 3397 3715 3450 ἴδια

2127 3507 2295 3560 τέκνα
2321 3505 2546 3575 διήγαγε
2578 3503 2665 3556 διὰ
2695 3501 2886 3572 πυρὸς,
2931 3498 3158 3553 πλεῖστά
3195 3513 3256 3549 τε
3305 3495 3406 3548 ὅσα
3448 3489 3590 3544 κατὰ
3614 3488 3714 3557 τὴν

2140 3595 2207 3648 Ὶε
2217 3613 2306 3666 ρου
2316 3594 2448 3662 σαλὴ
2457 3611 2494 3662 μ
2514 3592 2803 3663 εἰργάσατο
2824 3588 2987 3649 κακὰ,
3007 3604 3082 3639 πα
3090 3584 3423 3656 ρανενόμηκε
3440 3581 3494 3633 δὲ
3517 3579 3609 3632 καὶ
3634 3578 3715 3639 είς

2131 3685 2291 3738 αὑτὸν
2335 3683 2425 3735 τὸν
2450 3678 2768 3734 Θείοννεών.
2817 3675 3040 3746 Ἐπειδὴ
3081 3675 3137 3727 δὲ
3178 3674 3399 3741 γέγονεν
3442 3672 3506 3721 ὲκ
3543 3668 3714 3738 μέσου

2133 3771 2347 3844 θανάτῳ
2421 3771 2881 3842 κατειλημμένος,
2941 3767 3242 3836 διαδέχεται
3309 3764 3369 3817 τὸ
3435 3762 3717 3830 σκῆπτρον

2145 3867 2412 3937 Ἐζεκίας.
2438 3863 2806 3935 βασιλεύοντος
2833 3864 2890 3914 ὲν
2927 3863 2993 3932 τῇ
3033 3857 3312 3929 Σαμαρείᾳ
3339 3855 3431 3909 τοῦ
3476 3851 3716 3923 Ἰσραὴλ,

2132 3959 2252 4030 ἦτοι
2284 3957 2390 4009 τῶν
2413 3956 2544 4009 δέκα
2574 3953 2752 4023 φυλῶν
2780 3952 2938 4023 Ὠσηὲ
2984 3951 3102 4004 υἱοῦ
3135 3949 3286 4003 Ἠλά.
3326 3941 3400 4001 Οὗ
3433 3945 3717 4006 διέποντος

2133 4052 2233 4122 τὴν
2275 4048 2550 4121 βασιλείαν
2595 4046 3026 4117 κατεστράτευσε
3052 4043 3153 4112 τῆς
3187 4038 3499 4111 Σαμαρείας
3533 4037 3563 4089 6
3605 4034 3718 4087 τῶν

2147 4141 2446 4212 Ἀσσυρίων
2487 4137 2760 4212 βασιλεύς.
2803 4136 3080 4200 Συνεξεῖλε
3113 4134 3170 4186 δὲ
3215 4132 3350 4201 αὐτῇ
3385 4130 3479 4183 καὶ
3514 4126 3722 4190 πολλὰς

2136 4235 2328 4306 ἑτέρας
2379 4234 2476 4305 τῆς
2515 4230 2772 4293 Ἰουδαίας
2812 4228 3018 4292 πόλεις.
3059 4223 3190 4280 Εἶτα
3224 4223 3361 4295 μετὰ
3415 4218 3576 4274 τοῦτο
3616 4217 3720 4271 τοῦ

2137 4326 2490 4398 Σενναχειρὶμ
2548 4323 2976 4392 κατατρέχοντος
3033 4318 3129 4390 τὴν
3173 4316 3434 4370 Ἰουδαίαν
3505 4311 3721 4365 σέσωκε

466 4426 625 4467 sarus
650 4427 743 4465 rex
764 4410 1108 4478 Assyriorum
1131 4405 1182 4459 in
1210 4403 1531 4468 Samariam,
1551 4415 1777 4469 eantque
1797 4401 2023 4465 obsedit,

2136 4417 2268 4479 Θεὸς
2323 4415 2637 4486 παραδόξως
2683 4414 2781 4483 τὴν
2837 4409 3192 4481 Ἰερουσαλὴμ
3249 4402 3505 4466 εὐσεϐοῦς
3561 4400 3720 4463 ὄντος

463 4519 526 4557 ea
553 4515 674 4573 post
704 4503 995 4556 triennium
1015 4509 1168 4567 capta
1201 4510 1344 4550 anno
1365 4503 1521 4550 sexto
1537 4491 1803 4556 Ezechiae,
1822 4492 1915 4560 qui
1935 4492 2034 4545 fuit

462 4608 638 4648 annus
671 4591 832 4661 159
867 4607 1039 4644 nonus
1061 4589 1214 4645 Osca:
1253 4589 1393 4658 regis
1425 4583 1610 4639 Israel.
1657 4583 1722 4638 Et
1742 4593 1898 4652 capta
1953 4591 2038 4637 ost

465 4683 741 4748 Samaria,
777 4692 832 4736 et
865 4682 1104 4734 traduxit
1141 4695 1235 4734 rex
1269 4679 1611 4748 Assyriorum
1655 4675 1956 4731 Samariam
1984 4675 2037 4728 itt

464 4775 742 4846 Assyrios,
787 4782 840 4828 et
874 4772 929 4827 in
965 4773 1116 4838 Alae,
1152 4781 1207 4824 et
1246 4772 1298 4825 in
1344 4771 1510 4826 Ahior
1550 4767 1714 4824 ﬂuvio
1753 4765 1959 4833 Gozan,
1983 4774 2039 4820 et

467 4869 522 4922 in
589 4866 862 4921 montibus
919 4878 1015 4919 eos
1075 4862 1356 4918 collocavit
1407 4860 1709 4924 Medorum,
1753 4871 1820 4913 eo
1893 4857 2036 4927 quod

469 4975 578 5016 non
637 4958 960 5013 audiverunt
1012 4968 1199 5012 vocent
1256 4954 1467 5010 Domini
1535 4951 1630 5007 Dei
1662 4950 1763 5012 sui,
1806 4957 1862 5004 et
1920 4948 2038 5001 vio-

464 5054 650 5110 larunt
677 5050 850 5106 l'tedus
878 5053 1014 5118 ejus,
1039 5047 1172 5103 nihil
1211 5063 1399 5104 eorum
1437 5059 1555 5114 qua:
1584 5042 1838 5112 praecepit
1866 5041 2040 5095 Moses

468 5158 661 5200 servus
705 5142 919 5197 Domini
953 5140 1294 5204 audiverunt,
1344 5151 1447 5192 nec
1502 5133 1767 5189 fecerunt.
1824 5132 2042 5186 Decimo

473 5246 652 5289 autem
709 5243 902 5304 quarto
953 5248 1096 5286 anno
1137 5229 1281 5300 regis
1335 5226 1600 5290 Ezechiae,
1623 5222 1866 5279 ascendit
1900 5222 2042 5276 Sen-

470 5327 814 5382 nacherimus
867 5341 961 5381 rex
1015 5324 1363 5394 Assyriorum
1411 5319 1465 5374 in
1507 5317 1668 5372 urbes
1703 5315 1900 5371 Judaete
1930 5329 2042 5368 mu-

469 5416 634 5481 nitas,
666 5431 866 5486 easque
912 5415 1216 5486 occupavit.
1278 5411 1344 5466 Et
1389 5411 1503 5467 haec
1523 5410 1740 5480 quidem
1771 5422 1838 5463 ex
1869 5407 2042 5463 sacris

471 5506 719 5562 Litteris.
750 5507 903 5572 Quod
942 5519 1120 5562 autem
1179 5505 1538 5578 depopulatus
1599 5502 1672 5559 sit
1727 5499 2036 5557 Samariam

546 5664 613 5698 sto
654 5661 719 5718 ιγ
749 5662 878 5734 Reg.
915 5677 1066 5728 XVIII,
1098 5664 1131 5718 9
1164 5679 1316 5734 εθςίι·

2144 4507 2404 4578 Ἐζεχίου.
2453 4507 2765 4576 Γέγραπται
2817 4503 2874 4555 δὲ
2909 4501 3080 4565 οὕτως
3125 4502 3183 4554 tv
3203 4502 3269 4570 τῇ
3311 4496 3546 4567 τετάρτῃ
3607 4494 3720 4546 τῶν

2123 4597 2451 4652 Βασιλειῶν·
2503 4595 2614 4650 Καὶ
2672 4595 2888 4664 ἐγένετο
2940 4594 2998 4646 ὲν
3053 4592 3132 4662 τῷ
3181 4592 3290 4644 ἔτει
3336 4589 3415 4660 τῷ
3473 4585 3722 4657 τετάρτῳ

2135 4689 2342 4759 βασιλεί
2385 4686 2619 4757 Ἐζεκίᾳ,
2651 4686 2810 4748 αὐτὸς
2832 4686 2862 4738 6
2884 4682 3124 4746 ἐνιαυτὸς
3149 4681 3378 4750 ἕϐδομος
3436 4677 3516 4749 τῷ
3557 4677 3724 4748 Ὠσηὲ

2134 4779 2236 4850 υἱῷ
2263 4779 2394 4832 me
2426 4777 2634 4848 βασιλεῖ
2665 4775 2902 4848 Ἰσραὴλ,
2937 4773 3102 4844 ἀνέϐη
3134 4769 3536 4841 Σαλαμανασὰρ
3564 4767 3725 4838 βασι-

2133 4871 2260 4934 λεὺς
2296 4869 2594 4940 Ἀσσυρίων
2618 4869 2709 4922 ἐπὶ
2736 4867 3048 4937 Σαμάρειαν
3079 4865 3173 4918 καὶ
3201 4863 3507 4933 ἐπολιόρκει
3525 4860 3722 4930 αὐτήν.

2135 4963 2246 5018 Καὶ
2302 4959 2627 5015 κατελάδετο
2657 4957 2828 5030 αὐτὴν
2860 4957 2968 5011 ἀπὸ
3017 4955 3206 5018 τέλους
3243 4955 3412 5026 τριῶν
3459 4950 3617 5015 ἐτῶν,
3658 4951 3724 5003 ὲν

2137 5053 2247 5106 ἔτει
2275 5053 2418 5121 ἕκτῳ
2446 5051 2522 5121 τῷ
2561 5050 2794 5122 Ἐζεκίᾳ,
2827 5049 2988 5112 αὐτὸς
3026 5051 3054 5102 6
3083 5046 3326 5109 ἐνιαυτὸς
3381 5043 3600 5104 ἐννατος
3637 5040 3724 5110 τῷ

2149 5146 2307 5217 Ὠσηὲ
2356 5143 2563 5216 βασιλεῖ
2624 5143 2860 5216 Ἰσραήλ.
2893 5142 3005 5196 Kal.
3057 5137 3362 5210 συνελήφθη
3414 5135 3721 5205 Σαμάρειαν

2142 5235 2239 5291 καὶ
2265 5234 2512 5306 ἀπῴκισε
2538 5233 2787 5303 βασιλεὺς
2836 5231 3137 5300 Ἀσσυρίων
3162 5230 3261 5297 τὴν
3300 5225 3614 5297 Σαμάρειαν
3640 5223 3722 5284 είς

2090 5389 2096 5392 _
2157 5327 2494 5398 Ἀσσυρίους,
2548 5328 2639 5377 καὶ
2693 5323 2887 5395 ἔθηκεν
2934 5321 3130 5383 αὐτοὺς
3189 5320 3248 5372 tv
3313 5316 3471 5370 Ἀλαὲ
3516 5313 3610 5368 καὶ
3660 5314 3723 5363 ἐν

2157 5414 2358 5488 Ἀὸιὼρ
2379 5414 2608 5486 ποταμῷ
2633 5414 2838 5480 Γωζᾶν,
2874 5413 2970 5466 καὶ
2991 5413 3070 5474 είς
3101 5410 3168 5464 τὰ
3193 5411 3295 5480 ὅρη
3330 5407 3551 5476 Μήδωνο
3607 5401 3722 5457 ἁνίΓ

2146 5501 2240 5576 ὧν,
2271 5508 2352 5562 δτι
2381 5507 2479 5560 οὐκ
2531 5506 2766 5576 ἥκουσαν
2789 5502 2973 5576 φωνῆς
3001 5501 3210 5574 Κυρίου
3234 5498 3327 5552 τοῦ
3354 5496 3489 5550 Θεοῦ
3519 5494 3728 5565 αὐτῶν,
