2001 3106
147 150 201 179 261

735 145 770 174 ΙΝ
788 144 907 175 ιεΑιΑιι
927 143 993 173 LIB.
1016 144 1036 172 l.
1057 144 1163 175 ORAT.
1181 146 1226 175 Vl.

1744 144 1799 172 962

149 208 200 236 καὶ
222 206 382 242 παρεξῦησαν
407 205 455 241 τὴν
477 205 610 242 διαθήκην
621 206 714 239 αὑτοῦ,
736 207 825 234 πάντα
842 206 894 234 ὅσα
913 207 942 233 ἑν

1010 204 1236 236 Sennacherimns
1263 207 1435 242 expeditione
1452 206 1521 235 facta
1550 209 1646 234 contra
1667 204 1798 233 llieroso~

149 253 276 281 ετσίλατο
290 252 395 288 Μωσῆς
410 253 425 279 6
438 252 532 285 δοῦλος
545 253 661 289 Κυρίου.
677 254 725 280 καὶ
745 253 795 280 οὐκ
816 253 948 289 ἥκουσαν,

150 299 201 327 καὶ
217 298 268 325 οὒκ
288 298 430 334 ἐποίησαν.
446 299 502 325 Καὶ
527 298 566 334 τῷ
578 298 871 334 τεσσαρεσκαιδεκάτη»
893 298 950 326 ἔτει

150 343 288 379 βασιλέως
324 342 457 378 Ἐζεκίου,
486 343 571 379 ἀνέϐη
597 344 794 379 Σενναχειρεὶμ
823 343 951 379 βασιλεὺς

156 388 312 424 Ἀσσυρίων
327 388 375 415 ἰπὶ
384 388 434 420 τὰς
445 388 539 420 πόλεις
548 389 599 424 τῆς
619 389 751 421 Ἰουδαίας
767 389 818 422 τὰς
837 390 949 426 ὀχυρὰς,

149 435 199 462 καὶ
217 434 366 461 συνέλαδεν
388 434 484 466 αὑτάς.
513 435 568 462 Καὶ
592 436 672 462 ταυτὶ
690 436 741 470 μὲν
754 436 787 463 ἐκ
799 436 853 463 τῶν
870 436 951 472 ιερῶν

150 480 342 516 Γραμμάτων.
374 481 435 506 Ὀτι
454 480 481 507 δὲ
512 481 672 516 πεπόρθηκε
694 483 744 517 τὴν
764 482 921 517 Σαμάρειαν
938 484 952 509 ὁ

150 526 359 562 Σενναχειρεὶμ,
373 526 526 553 ἀναϐαίνων
542 527 612 553 κατὰ
625 527 680 553 τῶν
701 528 904 563 Ἰεροσολύμων,
923 528 952 561 ἐξ

148 569 190 598 ὢν
203 572 287 604 αὐτὸς
299 572 438 608 γέγραψεν
459 573 472 599 6
497 573 631 608 μακάριος
649 573 762 606 Ἡσαΐας
776 575 790 600 6
807 575 952 610 προφήτης

151 618 270 653 ἀκονητὶ
289 617 446 653 summa.
466 618 687 654 Προσπεφώνηκε
704 619 759 654 γὰρ
772 619 859 651 οὕτως
892 620 952 646 Ῥα-

149 665 247 700 ψάκης
257 666 315 697 τοῖς
329 664 495 700 καθημένοις
515 666 544 691 ὲν
556 664 595 699 τῷ
608 665 706 700 τείχειο
728 665 771 700 Μὴ
793 666 866 700 ὑμᾶς
882 666 951 692 ἁπα-

151 712 229 738 τᾶτω
252 711 387 746 Ἑζεκίας,
399 711 486 745 λέγων
496 718 503 725 '
523 712 552 738 ’0
563 711 630 743 Θεὸς
646 712 723 746 ὑμῶν
742 712 854 747 ῥύσεται
868 712 951 746 ὑμᾶς.

151 758 201 792 Μὴ
215 757 369 793 ἐρρύσαντο
379 756 404 782 0!
419 756 476 783 θεοὶ
489 755 544 782 τῶν
561 756 647 782 ἐθνῶν
659 757 775 788 ἕκαστος
793 756 842 792 τὴν
855 756 953 783 ἑαυτοῦ

153 803 249 838 χώραν
266 803 299 829 ἐκ
321 802 414 838 χειρδς
441 802 572 837 βασιλέως
593 802 761 837 Ἀσσυρίωνς
778 802 832 829 Ποῦ
852 802 925 829 ἐστιν
941 803 954 829 6

153 848 216 879 (iu-6;
243 847 358 883 Ὀμάθα,
377 848 423 874 καὶ
449 847 551 882 Ἀρφάθ
564 856 572 878 ;
587 848 634 874 καὶ
647 847 699 874 ποῦ
714 848 814 874 tame
831 847 890 879 θεὸς
903 847 953 882 τῆς

153 894 261 925 πόλεως
288 892 498 928 Σεπφαρουείμς
529 893 566 928 μὴ
593 893 718 920 ἐδύναντο
746 893 831 919 σῶσαι
860 893 953 928 Σαμά-

155 945 235 972 ρειαν
252 937 284 964 ἐκ
305 937 395 972 χειρός
414 945 481 972 μου;
498 937 676 972 Προανῄρηκε
706 937 795 963 τοίνυν
823 937 871 972 τὴν
895 938 955 964 Σα-

155 983 276 1017 μάρειαν
288 983 302 1009 6
315 983 509 1018 Σενναχειρεὶμ
526 984 586 1014 ταῖς
602 982 695 1014 ἄλλαις
717 982 786 1018 ὁμοῦ
810 983 903 1018 πόλεσι
924 992 954 1010 τε

154 1030 206 1056 καὶ
217 1028 343 1064 χώραις·
370 1027 430 1056 εἶτα
460 1029 661 1065 πεπολιόρκηκε
689 1029 738 1064 τὴν
766 1017 953 1065 Ἰερουσαλήμ.

162 1075 277 1110 Ἐπειδὴ
293 1074 349 1110 γὰρ
363 1076 414 1110 τῆς
430 1075 504 1107 θείας
515 1075 725 1110 κατεφλυάρησε
742 1075 830 1110 δόξης,
843 1075 954 1110 ἐξῆλθεν

155 1119 275 1154 ἅγγελος
289 1119 366 1155 παρὰ
380 1120 494 1155 Κυρίου,
513 1120 558 1146 καὶ
575 1119 678 1146 ἀνεῖλεν
701 1121 733 1146 ἐκ
749 1119 798 1154 τῆς
815 1120 952 1154 παρεμϐο·

155 1167 208 1202 λῆς
222 1166 277 1193 τῶν
297 1166 448 1202 Ἀσσυρίων
466 1167 494 1192 ἐν
511 1167 559 1202 μιᾷ
580 1167 657 1193 νυκτὶ
685 1167 782 1194 ἑκατὸν
801 1168 847 1194 καὶ
866 1168 956 1203 ὀγδοή-

157 1221 243 1241 κοντα
273 1213 355 1240 πέντε
381 1212 511 1248 χιλιάδας.
543 1214 647 1240 Οὐκοῦν
674 1213 823 1249 ἐπειδήπερ
843 1215 956 1249 ἀφίκετο

159 1259 211 1294 μὶν
233 1258 305 1286 κατὰ
327 1258 382 1286 τῶν
404 1259 599 1294 Ἰεροσολύμων
620 1261 634 1286 6
653 1261 856 1296 Σενναχειρεὶμ,
889 1269 957 1296 προ-

158 1306 249 1333 ανεῖλε
265 1305 294 1332 δὲ
314 1306 364 1341 τὴν
388 1306 546 1341 Σαμάρειαν
576 1306 644 1333 Θεοῦ
671 1307 837 1343 παραδόντος
861 1308 955 1343 αὐτὴν,

157 1352 246 1379 διὰτοι
259 1352 292 1378 τὸ
308 1351 375 1388 δρᾷν
387 1352 495 1379 ἑλέσθαι
512 1352 547 1379 τὰ
564 1352 649 1388 χείρω
671 1353 726 1379 τῶν
747 1354 777 1380 ἐν
798 1355 855 1385 τοῖς
878 1354 956 1389 Ἰερο-

159 1398 302 1433 σολύμοις,
329 1398 484 1433 ἀναγκαίως
515 1399 581 1434 φησί
594 1408 601 1414 ·
626 1408 635 1425 ι
664 1399 783 1427 Θάνατον
814 1400 956 1427 ἀπέστειλε

160 1444 268 1480 Κύριος
282 1444 328 1472 ἐπὶ
347 1444 455 1477 Ἰακὼϐ,
476 1445 522 1471 καὶ
539 1443 621 1481 ἦλθεν
641 1446 687 1472 ἐπὶ
714 1447 834 1482 Ἰσραήλ.
859 1457 868 1472 ι
886 1447 956 1473 Ἀλλ’

160 1490 355 1526 ἑμπέπρησται
384 1491 434 1526 μὲν
457 1492 473 1526 ἡ
502 1492 645 1527 Σαμάρεια
671 1493 700 1519 ὲν
765 1492 927 1528 κατῴκησεν
943 1493 957 1519 6

1002 253 1085 290 lyma,
1102 261 1135 281 ex
1157 254 1200 282 his
1222 262 1283 289 qua
1299 254 1395 282 beatus
1409 253 1493 281 Isaias
1516 253 1646 289 propheta
1677 251 1798 286 scripsit.

1002 300 1077 328 nuilo
1092 300 1201 336 negotio
1215 300 1378 328 videbimus.
1399 299 1534 328 Clamavit
1550 298 1684 334 siquidem
1702 296 1800 331 Rhap-

1001 353 1080 374 saces
1101 346 1142 373 his
1161 345 1206 381 qui
1230 345 1362 373 sederunt
1391 345 1418 373 in
1443 344 1590 376 mcenibus,
1609 343 1680 370 hunc
1699 342 1726 371 in
1740 348 1801 370 mo-

1002 392 1066 419 dum
1085 398 1092 417 :
1112 390 1151 419 Ne
1173 390 1250 418 vobis
1277 391 1399 425 imponat
1425 389 1565 422 Ezechias,
1585 389 1679 416 dicens
1700 396 1708 415 :
1727 386 1799 415 Deus

1002 443 1094 465 vester
1132 437 1230 472 eripiet
1261 443 1320 464 vos.
1336 435 1405 463 Nam
1433 435 1592 470 eripuerunt
1613 433 1650 461 dii
1676 433 1798 468 gentium

1004 492 1079 511 suam
1099 485 1214 519 quisque
1235 482 1371 517 regionem
1391 489 1406 508 e
1418 488 1497 508 manu
1515 480 1586 515 regis
1603 478 1798 514 Assyriorum!

1005 530 1055 558 Ubi
1077 536 1119 557 est
1135 530 1202 557 deus
1229 528 1338 560 Amath.
1351 532 1378 555 et
1404 526 1546 561 Arphath?
1562 531 1590 553 et
1609 526 1653 553 ubi
1673 526 1739 553 deus
1757 526 1797 553 ci-

1004 575 1094 602 vitatis
1114 573 1295 609 Sepharaim?
1310 572 1379 599 Num
1399 571 1552 600 Samariam
1582 578 1597 598 a
1614 578 1695 598 manu
1737 578 1797 597 mea

1005 621 1150 649 defendere
1171 619 1313 655 poterant?
1332 618 1437 646 Evertit
1462 618 1589 646 nimirum
1617 621 1680 644 ante
1700 616 1798 643 Sama-

1005 669 1073 696 riam
1102 667 1344 699 Sennacherimus,
1364 674 1426 693 cum
1455 662 1614 692 aliis'simnl
1638 663 1750 691 urbibus
1772 667 1801 690 et

1007 715 1171 750 regionibus,
1197 721 1230 741 ac
1260 715 1368 741 demum
1390 712 1540 740 Jerusalem
1575 711 1691 739 obsedit.
1715 710 1800 738 Post—

1005 769 1087 796 quam
1113 760 1184 787 enim
1203 759 1231 787 in
1252 759 1370 786 divinam
1403 759 1569 793 maiestatem
1597 758 1654 784 haec
1686 755 1798 791 dicteria

1002 806 1124 839 iecisset,
1142 812 1268 838 egressus
1301 811 1315 830 a
1346 802 1460 831 Domino
1492 801 1618 836 angelus,
1642 800 1741 828 occidit
1765 807 1799 826 ex

1007 852 1104 879 castris
1129 851 1302 886 Assyriorum
1332 857 1386 877 una
1423 854 1502 876 nocte
1533 852 1640 875 centum
1668 851 1696 874 et
1723 850 1800 873 octo-

1006 897 1081 932 ginta
1108 896 1228 930 quinque
1250 895 1342 922 millia.
1357 894 1423 921 Cum
1442 894 1525 928 igitur
1541 892 1742 927 expeditionem
1761 890 1800 918 fe-

1006 943 1087 970 cisset
1115 946 1210 968 contra
1237 940 1423 975 Hierosolyma
1444 938 1686 970 Sennacherimus,
1703 937 1801 964 Sama-

1007 988 1045 1015 ria
1081 989 1156 1022 prius
1197 991 1341 1021 occupata,
1358 986 1413 1013 Deo
1449 986 1574 1012 tradente
1617 991 1688 1015 eam.
1728 983 1800 1016 quod

1007 1034 1137 1069 nequiora
1153 1034 1193 1061 bis
1221 1041 1280 1067 qua‘
1300 1031 1495 1067 Hierosolymis
1519 1030 1589 1057 facta
1616 1034 1691 1062 sunt,
1709 1033 1801 1064 patra-

1008 1081 1086 1111 verit,
1103 1080 1259 1107 necessario
1277 1079 1361 1113 inquit
1378 1087 1385 1105 :
1401 1087 1410 1104 ι
1423 1077 1536 1104 Mortem
1560 1076 1651 1103 emisit
1677 1075 1748 1102 Deus
1772 1074 1800 1102 in

1006 1127 1100 1158 Jacob,
1116 1131 1143 1153 et
1173 1126 1272 1153 invasit
1301 1124 1393 1152 Israel.
1415 1133 1425 1150 ι
1443 1124 1477 1151 At
1503 1124 1613 1150 incensa
1640 1127 1681 1150 est
1704 1122 1802 1150 civitas

1008 1172 1249 1203 Samaritanorum,
1271 1171 1297 1197 in
1327 1178 1380 1205 qua
1407 1170 1541 1197 habitavit
1579 1168 1674 1200 lsrael,
1698 1168 1724 1195 id
1748 1173 1800 1199 est.

1007 1219 1101 1245 decem
1131 1218 1227 1249 tribus,
1243 1221 1269 1243 et
1295 1215 1415 1243 l‘uiiditus
1442 1216 1532 1249 periit.
1553 1214 1618 1241 Erat
1643 1221 1724 1248 porro
1755 1220 1800 1240 sa-

1008 1263 1125 1298 pientiae,
1147 1263 1239 1294 credo,
1266 1267 1295 1288 ut
1318 1262 1444 1295 deinceps
1467 1260 1684 1291 considerarent,
1703 1258 1729 1286 hi
1754 1258 1801 1293 qui

1007 1309 1035 1337 in
1059 1317 1091 1337 ea
1124 1309 1210 1336 relicti
1231 1313 1321 1341 erant,
1350 1308 1433 1335 Deum
1460 1307 1608 1339 ollendere,
1624 1313 1685 1334 esse
1712 1306 1802 1340 rcipsa

1007 1356 1197 1391 gravissimum
1208 1364 1214 1382 :
1225 1355 1286 1382 dein
1301 1356 1351 1382 hoc
1367 1355 1474 1389 cognito
1487 1358 1514 1381 et
1527 1357 1680 1388 perspecto,
1694 1352 1803 1387 placare

1007 1401 1138 1428 oll‘ensum
1166 1402 1276 1428 omnino
1294 1406 1429 1435 oportere,
1443 1405 1470 1427 et
1488 1399 1681 1426 mutationibus
1703 1399 1729 1425 in
1747 1405 1804 1425 me-

1009 1446 1060 1474 lius
1088 1447 1221 1481 mitigare.
1251 1446 1327 1479 Quod
1358 1445 1385 1472 hi
1414 1453 1466 1472 non
1490 1444 1626 1475 fecerunt,
1658 1451 1747 1477 neque
1774 1443 1802 1470 iIt

1009 1494 1128 1521 animum
1153 1494 1332 1526 induxerunt,
1355 1493 1425 1519 unde
1449 1496 1539 1518 mente
1561 1490 1633 1524 capti
1661 1489 1805 1516 ambitiose

167 1535 288 1572 Ἰσραὴλ.
302 1536 376 1564 τοῦτ’
398 1536 483 1569 ἐστιν,
499 1537 527 1563 αἱ
550 1536 615 1564 δέκα
633 1537 726 1572 φυλαὶ,
750 1538 795 1564 καὶ
819 1537 957 1565 ἀπόλωλεν

1010 1539 1078 1575 iacta
1084 1545 1155 1572 runt,
1171 1549 1179 1566 ι
1194 1538 1305 1566 Lateres
1313 1538 1479 1568 ceciderunt,
1489 1537 1536 1564 sed
1545 1536 1644 1568 venite,
1654 1535 1805 1562 incidamus

160 1582 303 1615 ὀλοτιλῶς.
319 1581 376 1610 Ἦν
388 1583 417 1610 δὲ
440 1581 516 1619 οἶμαι
533 1583 614 1618 σοφὸν
633 1584 759 1619 ἐννοῆσαι
779 1583 872 1611 λοιπὸν
894 1585 957 1615 τοὺς

160 1629 382 1666 παριληφθάντας
417 1630 446 1656 ἐν
472 1630 551 1665 αὐτῇ,
569 1630 610 1656 ὃτι
634 1630 664 1656 τὸ
692 1630 873 1666 προσκρούειν
899 1630 959 1666 Θεῷ

160 1676 340 1713 παγχάλεπον
365 1676 473 1710 ἀληθῶς
486 1685 492 1693 ·
523 1674 584 1703 εἷτα
613 1676 693 1704 τοῦτο
713 1677 892 1711 διεγνωκότας
913 1678 960 1703 ex.

163 1721 354 1757 μειλίσσεσθαι
368 1722 415 1748 τὸν
422 1721 609 1756 λελυπημένον
623 1722 723 1757 χρῆναι
735 1722 821 1756 δήπου
839 1722 958 1753 πάντως,

163 1769 210 1796 καὶ
222 1770 285 1801 ταῖς
298 1769 340 1800 εἰς
356 1768 387 1794 τὺ
401 1767 512 1803 ἄμεινον
533 1767 695 1803 μεταϐολαῖς
713 1767 960 1802 καταμαλθάσσειν

163 1815 411 1851 παρωτρυμμένον.
432 1815 464 1841 οἱ
484 1815 513 1841 δὲ
531 1814 611 1841 τοῦτο
632 1814 680 1849 μὲν
703 1814 753 1840 οὐκ
780 1814 875 1849 ἔδρων,
899 1814 960 1840 οὐδὲ

162 1863 205 1894 εις
234 1860 297 1888 ναῦν
311 1861 431 1897 ὶδέχοντό
456 1860 556 1887 ποθεν’
574 1860 768 1895 ἀπονοούμενοι
794 1860 823 1887 δὲ
849 1860 897 1887 καὶ
920 1861 961 1886 ἔτι

165 1907 301 1944 μιιζάνως
319 1907 448 1942 ἔφασκον·
471 1916 480 1933 ι
495 1906 605 1934 Ηλίνθοι
627 1906 814 1938 πεπτώκασιν,
834 1906 903 1933 ἀλλὰ
916 1907 962 1933 λα-

164 1951 308 1987 ξεύσωμεν
328 1951 430 1983 λίθους,
458 1951 505 1979 καὶ
530 1951 657 1986 κὰψωμεν
673 1951 842 1986 συκαμίνους
856 1952 904 1978 καὶ
919 1952 961 1979 κέ-

163 1996 257 2033 δρους,
269 1996 317 2024 καὶ
323 1996 450 2032 οἰκοδομή
455 2005 545 2032 σωμεν
552 1997 658 2027 ἑαυτοῖς
668 1996 784 2032 πύργον.
798 2007 807 2022 ι
824 1998 855 2024 Ὢ
863 1997 962 2033 πολλῆς

163 2042 298 2079 ἀμαθίας.
314 2041 378 2074 Πῶς
390 2043 446 2078 γὰρ
458 2042 507 2069 οὐκ
529 2041 582 2068 ἔδει
599 2042 699 2077 μᾶλλον
719 2043 817 2069 εἰπεῖν⁸
840 2044 962 2078 Προσκε-

164 2088 327 2126 κρούκαμιν
349 2088 380 2122 ἑξ
409 2087 539 2119 ἁδουλίας
558 2088 597 2123 τῷ
621 2089 709 2115 πάντα
744 2088 862 2124 ἰσχύοντι
883 2089 961 2123 Θεῴ;

164 2135 298 2163 ’Βλωσάν
310 2143 341 2162 τι
355 2134 457 2171 ταύτης
473 2134 554 2161 ἓνεκα
566 2135 615 2169 τῆς
629 2135 729 2167 αἰτίας,
757 2136 785 2161 αἱ
809 2135 875 2170 παρ’
897 2135 963 2170 ἡμῖν

163 2182 260 2215 πόλεις
284 2190 316 2209 τε
344 2181 392 2209 καὶ
418 2181 522 2216 κῶμαι.
556 2181 648 2213 Δεῦτε,
676 2182 736 2212 ταῖς
762 2180 963 2215 μεταγνώσεσιν

1009 1587 1122 1621 lapides.
1139 1586 1290 1613 incidamus
1308 1592 1474 1620 sycomoros,
1491 1589 1519 1611 et
1531 1585 1639 1616 cedros,
1650 1587 1678 1610 et
1688 1581 1805 1609 aediﬁce-

1010 1641 1070 1660 mus
1085 1633 1162 1660 nobis
1180 1632 1244 1667 ipsis
1265 1632 1373 1658 turrim.
1392 1639 1401 1657 ι
1416 1629 1439 1658 0
1456 1637 1580 1665 inagitata
1593 1628 1744 1657 inscitiam!
1763 1628 1805 1655 Att

1011 1687 1063 1707 non
1086 1680 1188 1713 aequius
1207 1678 1356 1714 leoerat
1378 1677 1482 1710 dicere,
1498 1675 1666 1705 Ollendimus
1679 1682 1728 1710 per
1739 1675 1806 1702 stul-

1012 1725 1096 1752 titiam
1106 1730 1133 1752 et
1145 1724 1349 1760 incogitantiam
1361 1723 1573 1758 omnipotentem
1583 1721 1686 1750 Deum?
1698 1721 1805 1748 Vexatm

1011 1775 1074 1798 sunt
1099 1771 1168 1797 hanc
1188 1769 1223 1796 ob
1242 1777 1351 1796 causam
1365 1769 1446 1795 urbes
1462 1773 1560 1795 nostra:
1578 1772 1605 1794 et
1622 1767 1692 1794 vici:
1705 1767 1804 1797 venite,

1012 1818 1082 1844 hanc
1105 1817 1172 1843 iram
1196 1814 1382 1850 resipiscenlia
1400 1813 1599 1842 exoneremus?
1621 1814 1655 1840 At
1679 1812 1706 1839 hi
1724 1812 1806 1838 mini-

1013 1870 1056 1890 me
1082 1864 1175 1890 isthaee
1201 1862 1340 1893 dixerunt,
1357 1861 1404 1888 sed
1418 1859 1503 1888 divini
1540 1859 1634 1885 auxilii
1661 1858 1806 1885 securitate

1012 1914 1039 1937 et
1068 1909 1193 1944 prasidio
1215 1906 1410 1935 contumeliose
1432 1909 1598 1939 contempto,
1624 1904 1804 1931 dictitabant:

1016 1965 1025 1982 ι
1045 1955 1157 1984 Urbium
1175 1953 1306 1981 Samaria:
1334 1952 1404 1979 muri
1425 1951 1558 1979 exsuucti
1577 1955 1641 1978 sunt
1666 1959 1700 1978 ex
1721 1950 1807 1977 latere

1015 2003 1121 2028 vitioso.
1146 2001 1222 2033 Quod
1253 2001 1276 2027 si
1302 2006 1350 2027 nos
1388 1999 1492 2033 lapides
1521 1998 1662 2031 caedimus,
1676 2002 1703 2025 et
1735 1997 1805 2032 ligna

1015 2049 1181 2082 incorrupta,
1196 2052 1364 2081 sycomoros,
1387 2044 1508 2079 inquam,
1523 2049 1551 2071 et
1566 2044 1662 2071 eedros
1691 2043 1805 2077 adapta-

1014 2095 1145 2126 vcrimus,
1167 2092 1319 2125 turrimque
1337 2090 1514 2123 ereiterimusI
1536 2097 1588 2117 non
1607 2089 1748 2123 capiemur
1773 2088 1806 2114 ab

1015 2139 1148 2169 hostibus,
1164 2140 1191 2164 et
1214 2137 1304 2164 invicti
1330 2136 1509 2163 manebimus.
1529 2136 1581 2168 Qui
1601 2142 1677 2170 ergo,
1706 2134 1806 2169 inquit.

1016 2186 1073 2212 haec
1099 2184 1214 2219 superbe
1225 2188 1252 2210 et
1271 2183 1342 2210 elato
1362 2181 1443 2209 curde
1470 2183 1573 2213 dicunt,
1595 2181 1692 2213 scient,
1705 2180 1731 2207 id
1752 2185 1806 2210 est.

163 2225 419 2263 ἁποφορτισὼμεθα
445 2227 494 2262 τὴν
517 2227 611 2262 ὀργήν.
640 2227 671 2253 Οἰ
691 2226 720 2253 δὲ
741 2227 821 2253 ταυτὶ
846 2226 896 2261 μὲν
915 2227 957 2253 οὐ)

1018 2231 1124 2265 discent
1142 2236 1247 2261 rursus,
1275 2235 1329 2262 quo
1358 2227 1466 2254 tandem
1503 2226 1599 2254 evadet
1637 2226 1689 2253 hoc
1728 2233 1806 2253 suum

164 2275 289 2308 ἔφασκον
303 2281 311 2288 ·
333 2272 556 2308 περιυϐρίζοντες
567 2272 596 2298 δὲ
609 2272 710 2307 μᾶλλον
731 2272 781 2308 τῆς
805 2273 965 2308 ἐπικουρίας

164 2321 217 2356 τῆς
234 2319 311 2356 παρὰ
325 2319 394 2346 Θεοῦ
415 2319 466 2354 τὴν
483 2319 633 2353 ἀσφάλειαν
651 2318 770 2353 ἔφασκον
795 2318 836 2344 ὅτι
862 2317 897 2344 τὰ
912 2318 967 2344 τῶν

167 2366 275 2394 πόλεων
287 2365 368 2401 τιίχη
381 2365 435 2392 τῶν
448 2365 519 2392 κατὰ
529 2366 578 2400 τὴν
586 2365 744 2400 Σαμάρειαν
759 2364 905 2399 πεποίηντο
917 2364 966 2399 μὲν

167 2415 201 2443 ἐκ
213 2412 325 2442 πλίνθου
335 2411 450 2450 σαθρᾶς.
469 2413 531 2440 Ἐὰν
542 2412 569 2440 δὲ
579 2412 669 2444 λίθους
676 2412 860 2447 λαξεὺσωμεν,
870 2412 917 2439 καὶ
933 2411 967 2447 τᾲ

166 2461 281 2498 ἄσηπτα
293 2461 349 2489 τῶν
362 2460 460 2495 ξύλων,
483 2460 647 2494 συκαμίνους
659 2459 688 2486 δὲ
716 2467 752 2494 φη
758 2459 843 2494 μὶ,ιια“ι
854 2459 965 2494 κέδρους

167 2507 336 2544 ἁρμόσωμιν
354 2507 449 2538 αὐτοῖς
461 2506 510 2533 καὶ
523 2506 720 2541 ἀναστήσωμεν
735 2505 850 2540 πύργον,
861 2505 965 2533 ἀνάλω-

167 2555 212 2582 τοί
229 2562 261 2582 τι
274 2553 394 2589 ἑσόμιθα
412 2554 470 2584 τοῖς
486 2551 604 2588 ἐχθροῖς,
625 2552 672 2578 καὶ
694 2551 844 2587 ἀπόρθητοι
871 2551 966 2587 μενοῦ-

170 2609 234 2637 μιν.
249 2598 387 2628 οι-τοίνυν
401 2598 502 2631 ταῦτα,
529 2597 623 2633 φησὶν,
639 2598 682 2631 ἐφ’
698 2596 775 2633 ῦσρει
798 2597 846 2624 καὶ
875 2595 964 2632 ὑψηλῇ

167 2645 271 2682 καρδία
281 2645 419 2681 λέγοντες,
441 2644 602 2680 γνώσονται,
621 2643 694 2670 τοῦτ’
708 2643 777 2676 ἐστι,
797 2644 964 2678 μαθήσονται

166 2688 264 2721 πάλιν,
283 2689 344 2716 ὅποι
366 2689 433 2716 ποτὶ
463 2688 595 2724 βαδιεῖται
609 2688 641 2714 τὸ
660 2688 773 2723 σκέμμα
788 2688 899 2721 αὐτοῖς,
918 2692 965 2716 καὶ

1017 2279 1183 2311 institutum,
1198 2282 1226 2305 et
1237 2276 1307 2312 quod
1325 2283 1419 2302 rursus
1435 2275 1460 2301 in
1474 2274 1619 2309 perniciem
1631 2273 1712 2300 cadet
1729 2278 1807 2299 suum

1017 2324 1170 2353 consilium.
1191 2323 1335 2351 Sciendum
1350 2327 1440 2349 autem
1464 2325 1525 2356 post
1541 2319 1721 2347 vastationem
1741 2317 1809 2345 Sen-

1018 2371 1180 2404 nacherimi,
1197 2367 1502 2405 temporibusJeremize,
1513 2366 1808 2394 Nabuchodonosornm

1017 2416 1137 2445 Iudaeam
1167 2422 1338 2451 oppugnasse
1365 2419 1392 2441 et
1420 2414 1535 2448 cepisse.
1563 2420 1596 2439 ac
1619 2416 1742 2439 vastasse
1766 2414 1808 2436 tu-

1021 2470 1074 2493 tam
1105 2464 1268 2495 Samariam,
1294 2463 1433 2497 ipsamque
1450 2462 1517 2488 adeo
1540 2459 1701 2487 Jerusalem.
1726 2457 1808 2484 Proin
1834 2446 1840 2455 ί

1019 2513 1153 2548 propheta
1190 2510 1322 2539 Jereinias
1357 2510 1410 2536 ait:
1439 2518 1448 2534 ι
1468 2506 1625 2534 Maledictus
1651 2505 1696 2539 qui
1733 2510 1809 2538 spem

1019 2556 1101 2583 habet
1127 2557 1153 2582 in
1184 2555 1305 2588 homine,
1323 2558 1350 2581 et
1378 2553 1466 2579 llrmat
1491 2558 1601 2578 carnem
1624 2548 1728 2577 brachii
1755 2548 1809 2579 sui,

1019 2607 1046 2630 et
1065 2610 1080 2630 a
1099 2602 1214 2630 Domino
1231 2601 1344 2630 discedit
1361 2608 1408 2628 cor
1424 2599 1483 2634 ejus
1499 2597 1532 2625 ³⁸.
1557 2606 1566 2623 ι
1585 2594 1710 2623 Servabit
1736 2593 1809 2621 enim

1019 2652 1099 2671 nemo
1109 2651 1189 2677 .eum,
1201 2643 1248 2679 qui
1275 2644 1373 2671 divinae
1393 2643 1439 2669 irae
1453 2639 1587 2668 obnoxius
1601 2640 1642 2664 est
1655 2645 1662 2663 :
1680 2645 1690 2661 ι
1702 2634 1810 2662 Manum

1018 2690 1091 2718 enim
1100 2690 1236 2718 excelsam
1249 2690 1310 2724 quis
1318 2693 1422 2715 avertet
1433 2687 1477 2714 “2
1495 2696 1505 2712 ι
1522 2684 1602 2712 sicuti
1615 2683 1745 2717 scriptum
1757 2685 1809 2708 est.

167 2737 210 2764 ὕει
238 2735 320 2765 πάλιν
343 2735 534 2771 ἐκτελευτήσει
565 2734 635 2770 πρὸς
666 2733 776 2771 ὄλεθρον
803 2736 820 2770 ἡ
853 2734 934 2771 βουλὴ
959 2737 1061 2769 αὐτοῖς.
1094 2736 1193 2763 Ὶστέον
1207 2735 1235 2762 δὲ
1253 2736 1294 2762 ὅτι
1320 2734 1390 2769 μετὰ
1410 2733 1459 2768 τὴν
1482 2731 1615 2767 πόρθησιν
1639 2729 1686 2756 τοῦ
1709 2729 1811 2756 Σεννα‹

168 2783 280 2821 χειρςὶμ
308 2783 338 2809 ὲν
361 2782 470 2818 καιροῖς
494 2781 629 2826 ξιερεμίον
643 2801 650 2815 ,
673 2781 849 2817 πεπολέμηκε
874 2783 925 2818 τὴν
950 2783 1080 2811 Ἰουδαίαν
1105 2784 1120 2809 ὸ
1143 2782 1377 2818 Ναϐουχοδονόσορ
1392 2777 1448 2808 εἷλέ
1457 2788 1487 2807 τε
1502 2778 1594 2808 πᾶσαν
1611 2777 1680 2806 κατὰ
1699 2775 1810 2811 κράτος.

205 2873 229 2890 ³⁸
241 2874 344 2903 Jerem.
360 2882 427 2909 xvii,
441 2874 468 2904 5.
505 2875 528 2890 "
543 2873 596 2903 lsa.
608 2854 666 2909 av,
687 2873 734 2903 2⁸1.
