  <div class='ocr_page' id='page_1' title='image "/cluster/home/n/w/nwhite01/storage/ocr_20150623/70/hvd.32044073501991/137.png"; bbox 0 0 4002 6212; ppageno 0'>
   <div class='ocr_carea' id='block_1_1' title="bbox 411 212 3693 284">
    <p class='ocr_par' dir='ltr' id='par_1_1' title="bbox 411 212 3693 284">
     <span class='ocr_line' id='line_1_1' title="bbox 411 212 3693 284; baseline -0.003 -1"><span class='ocrx_word' id='word_1_1' title='bbox 411 228 518 284; x_wconf 76' lang='lat'><strong>265</strong></span> <span class='ocrx_word' id='word_1_2' title='bbox 1403 217 1463 274; x_wconf 86' lang='lat' dir='ltr'><strong>S.</strong></span> <span class='ocrx_word' id='word_1_3' title='bbox 1503 212 1783 274; x_wconf 72' lang='lat' dir='ltr'><strong>CYRILLl</strong></span> <span class='ocrx_word' id='word_1_4' title='bbox 1825 213 2300 272; x_wconf 77' lang='lat' dir='ltr'><strong>ALEXANDle</strong></span> <span class='ocrx_word' id='word_1_5' title='bbox 2338 213 2659 273; x_wconf 79' lang='lat' dir='ltr'><strong>ARCHIEP.</strong></span> <span class='ocrx_word' id='word_1_6' title='bbox 3585 213 3693 274; x_wconf 53' lang='grc' dir='ltr'><strong>ωσι</strong></span> 
     </span>
    </p>
   </div>
   <div class='ocr_carea' id='block_1_2' title="bbox 415 329 3692 416">
    <p class='ocr_par' dir='ltr' id='par_1_2' title="bbox 415 329 3692 416">
     <span class='ocr_line' id='line_1_2' title="bbox 415 329 3692 416; baseline -0.005 -13"><span class='ocrx_word' id='word_1_7' title='bbox 415 349 511 405; x_wconf 69' lang='grc' dir='ltr'><strong>καὶ</strong></span> <span class='ocrx_word' id='word_1_8' title='bbox 575 344 892 416; x_wconf 82' lang='grc' dir='ltr'><strong>πεπόρθηκε</strong></span> <span class='ocrx_word' id='word_1_9' title='bbox 940 343 1038 413; x_wconf 80' lang='grc' dir='ltr'><strong>τὴν</strong></span> <span class='ocrx_word' id='word_1_10' title='bbox 1087 339 1420 412; x_wconf 80' lang='grc' dir='ltr'><strong>Σαμάρειαν,</strong></span> <span class='ocrx_word' id='word_1_11' title='bbox 1482 338 1576 392; x_wconf 72' lang='grc' dir='ltr'><strong>καὶ</strong></span> <span class='ocrx_word' id='word_1_12' title='bbox 1619 335 1788 409; x_wconf 78' lang='grc' dir='ltr'><strong>αὐτὴν</strong></span> <span class='ocrx_word' id='word_1_13' title='bbox 1839 337 1936 392; x_wconf 71' lang='grc' dir='ltr'><strong>καὶ</strong></span> <span class='ocrx_word' id='word_1_14' title='bbox 1971 337 2071 408; x_wconf 76' lang='grc' dir='ltr'><strong>τὴν</strong></span> <span class='ocrx_word' id='word_1_15' title='bbox 2114 336 2492 410; x_wconf 85' lang='grc' dir='ltr'><strong>Ἰερουσαλήμ.</strong></span> <span class='ocrx_word' id='word_1_16' title='bbox 2524 333 2732 389; x_wconf 80' lang='grc' dir='ltr'><strong>Οὐκοῦν</strong></span> <span class='ocrx_word' id='word_1_17' title='bbox 2761 349 2926 405; x_wconf 84' lang='grc' dir='ltr'><strong>φησιν</strong></span> <span class='ocrx_word' id='word_1_18' title='bbox 2972 334 3001 386; x_wconf 98' lang='lat'><strong>6</strong></span> <span class='ocrx_word' id='word_1_19' title='bbox 3047 335 3332 406; x_wconf 70' lang='grc' dir='ltr'><strong>προφήτης</strong></span> <span class='ocrx_word' id='word_1_20' title='bbox 3387 329 3692 404; x_wconf 76' lang='grc' dir='ltr'><strong>ἰερεμίαςο</strong></span> 
     </span>
    </p>
   </div>
   <div class='ocr_carea' id='block_1_3' title="bbox 419 426 3696 507">
    <p class='ocr_par' dir='ltr' id='par_1_3' title="bbox 419 426 3696 507">
     <span class='ocr_line' id='line_1_3' title="bbox 419 426 3696 507; baseline -0.005 -12"><span class='ocrx_word' id='word_1_21' title='bbox 419 461 439 494; x_wconf 86' lang='grc'><em>‹</em></span> <span class='ocrx_word' id='word_1_22' title='bbox 499 439 949 507; x_wconf 79' lang='grc' dir='ltr'><strong>Ἐπικατάρατος,</strong></span> <span class='ocrx_word' id='word_1_23' title='bbox 981 436 1035 499; x_wconf 81' lang='grc' dir='ltr'><strong>ὃς</strong></span> <span class='ocrx_word' id='word_1_24' title='bbox 1058 433 1156 505; x_wconf 78' lang='grc' dir='ltr'><strong>τὴν</strong></span> <span class='ocrx_word' id='word_1_25' title='bbox 1185 431 1372 486; x_wconf 88' lang='grc' dir='ltr'><strong>ἐλπίδα</strong></span> <span class='ocrx_word' id='word_1_26' title='bbox 1404 430 1516 502; x_wconf 80' lang='grc' dir='ltr'><strong>ἔχει</strong></span> <span class='ocrx_word' id='word_1_27' title='bbox 1542 432 1628 484; x_wconf 84' lang='grc' dir='ltr'><strong>ἐπ’</strong></span> <span class='ocrx_word' id='word_1_28' title='bbox 1656 430 1963 503; x_wconf 78' lang='grc' dir='ltr'><strong>ἄνθρωπον.</strong></span> <span class='ocrx_word' id='word_1_29' title='bbox 2000 431 2111 485; x_wconf 72' lang='grc' dir='ltr'><strong>Καὶ</strong></span> <span class='ocrx_word' id='word_1_30' title='bbox 2167 432 2414 504; x_wconf 74' lang='grc' dir='ltr'><strong>στηρίξει</strong></span> <span class='ocrx_word' id='word_1_31' title='bbox 2448 431 2628 502; x_wconf 83' lang='grc' dir='ltr'>σάρκα</span> <span class='ocrx_word' id='word_1_32' title='bbox 2659 429 2944 500; x_wconf 85' lang='grc' dir='ltr'><strong>βραχίονος</strong></span> <span class='ocrx_word' id='word_1_33' title='bbox 3006 427 3196 483; x_wconf 79' lang='grc' dir='ltr'><strong>αὑτοῦ.</strong></span> <span class='ocrx_word' id='word_1_34' title='bbox 3245 448 3264 480; x_wconf 77' lang='grc' dir='ltr'><strong><em>ι</em></strong></span> <span class='ocrx_word' id='word_1_35' title='bbox 3291 426 3559 481; x_wconf 82' lang='grc' dir='ltr'><strong>Διασώσει</strong></span> <span class='ocrx_word' id='word_1_36' title='bbox 3589 428 3696 498; x_wconf 79' lang='grc' dir='ltr'><strong>γὰρ</strong></span> 
     </span>
    </p>
   </div>
   <div class='ocr_carea' id='block_1_4' title="bbox 416 519 3697 598">
    <p class='ocr_par' dir='ltr' id='par_1_4' title="bbox 416 519 3697 598">
     <span class='ocr_line' id='line_1_4' title="bbox 416 519 3697 598; baseline -0.004 -10"><span class='ocrx_word' id='word_1_37' title='bbox 416 535 591 598; x_wconf 78' lang='grc' dir='ltr'><strong>οὐδεὶς</strong></span> <span class='ocrx_word' id='word_1_38' title='bbox 620 533 710 585; x_wconf 84' lang='grc' dir='ltr'><strong>τὸν</strong></span> <span class='ocrx_word' id='word_1_39' title='bbox 737 531 843 584; x_wconf 81' lang='grc' dir='ltr'><strong>ὑπὸ</strong></span> <span class='ocrx_word' id='word_1_40' title='bbox 878 527 1026 581; x_wconf 81' lang='grc' dir='ltr'>θείαν</span> <span class='ocrx_word' id='word_1_41' title='bbox 1057 525 1225 598; x_wconf 81' lang='grc' dir='ltr'><strong>ὀργὴν</strong></span> <span class='ocrx_word' id='word_1_42' title='bbox 1259 523 1539 593; x_wconf 77' lang='grc' dir='ltr'><strong>γεγονότα.</strong></span> <span class='ocrx_word' id='word_1_43' title='bbox 1576 542 1594 574; x_wconf 82' lang='grc' dir='ltr'><strong>ι</strong></span> <span class='ocrx_word' id='word_1_44' title='bbox 1632 523 1742 594; x_wconf 79' lang='grc' dir='ltr'><strong>Τὴν</strong></span> <span class='ocrx_word' id='word_1_45' title='bbox 1767 523 1877 595; x_wconf 86' lang='grc' dir='ltr'><strong>γὰρ</strong></span> <span class='ocrx_word' id='word_1_46' title='bbox 1911 526 2072 595; x_wconf 82' lang='grc' dir='ltr'><strong>χεῖρα</strong></span> <span class='ocrx_word' id='word_1_47' title='bbox 2098 523 2200 595; x_wconf 84' lang='grc' dir='ltr'><strong>τὴν</strong></span> <span class='ocrx_word' id='word_1_48' title='bbox 2229 523 2437 596; x_wconf 80' lang='grc' dir='ltr'><strong>ὑψηλὴν</strong></span> <span class='ocrx_word' id='word_1_49' title='bbox 2463 523 2544 587; x_wconf 88' lang='grc' dir='ltr'><strong>τίς</strong></span> <span class='ocrx_word' id='word_1_50' title='bbox 2567 522 2920 594; x_wconf 76' lang='grc' dir='ltr'><strong>ἀποστρέψει,</strong></span> <span class='ocrx_word' id='word_1_51' title='bbox 2955 540 2974 574; x_wconf 78' lang='grc' dir='ltr'><strong><em>ι</em></strong></span> <span class='ocrx_word' id='word_1_52' title='bbox 3006 521 3146 575; x_wconf 84' lang='grc' dir='ltr'><strong>κατὰ</strong></span> <span class='ocrx_word' id='word_1_53' title='bbox 3175 521 3236 574; x_wconf 79' lang='grc' dir='ltr'><strong>τὸ</strong></span> <span class='ocrx_word' id='word_1_54' title='bbox 3277 519 3697 592; x_wconf 70' lang='grc' dir='ltr'><strong>γεγραμμένονς</strong></span> 
     </span>
    </p>
   </div>
   <div class='ocr_carea' id='block_1_5' title="bbox 493 613 2018 688">
    <p class='ocr_par' dir='ltr' id='par_1_5' title="bbox 493 619 2001 688">
     <span class='ocr_line' id='line_1_5' title="bbox 493 619 2001 688; baseline -0.007 -6"><span class='ocrx_word' id='word_1_55' title='bbox 493 629 656 682; x_wconf 76' lang='lat' dir='ltr'><strong>Vsus.</strong></span> <span class='ocrx_word' id='word_1_56' title='bbox 697 626 782 687; x_wconf 84' lang='grc' dir='ltr'><strong>Η,</strong></span> <span class='ocrx_word' id='word_1_57' title='bbox 806 623 892 677; x_wconf 72' lang='grc'><strong>12.</strong></span> <span class='ocrx_word' id='word_1_58' title='bbox 936 619 1004 674; x_wconf 83' lang='grc' dir='ltr'><strong>Ει</strong></span> <span class='ocrx_word' id='word_1_59' title='bbox 1031 621 1213 674; x_wconf 84' lang='lat' dir='ltr'><strong>allidet</strong></span> <span class='ocrx_word' id='word_1_60' title='bbox 1241 619 1379 674; x_wconf 78' lang='lat' dir='ltr'><strong>Deus</strong></span> <span class='ocrx_word' id='word_1_61' title='bbox 1418 628 1784 688; x_wconf 75' lang='lat' dir='ltr'><strong>consurgentes</strong></span> <span class='ocrx_word' id='word_1_62' title='bbox 1817 627 2001 671; x_wconf 88' lang='lat' dir='ltr'><strong>contra</strong></span> 
     </span>
    </p>
   </div>
   <div class='ocr_carea' id='block_1_6' title="bbox 2124 613 3702 688">
    <p class='ocr_par' dir='ltr' id='par_1_6' title="bbox 2173 613 3702 686">
     <span class='ocr_line' id='line_1_6' title="bbox 2173 613 3702 686; baseline -0.005 -13"><span class='ocrx_word' id='word_1_63' title='bbox 2173 619 2283 674; x_wconf 73' lang='grc' dir='ltr'><strong>Καὶ</strong></span> <span class='ocrx_word' id='word_1_64' title='bbox 2317 617 2493 686; x_wconf 78' lang='grc' dir='ltr'><strong>ράξει</strong></span> <span class='ocrx_word' id='word_1_65' title='bbox 2544 621 2576 672; x_wconf 86' lang='grc' dir='ltr'><strong>ό</strong></span> <span class='ocrx_word' id='word_1_66' title='bbox 2647 617 2785 681; x_wconf 81' lang='grc' dir='ltr'><strong>Θεὸς</strong></span> <span class='ocrx_word' id='word_1_67' title='bbox 2839 616 2982 683; x_wconf 89' lang='grc' dir='ltr'><strong>τοὺς</strong></span> <span class='ocrx_word' id='word_1_68' title='bbox 3031 614 3554 683; x_wconf 75' lang='grc' dir='ltr'><strong>ἐπανισταμένους</strong></span> <span class='ocrx_word' id='word_1_69' title='bbox 3607 613 3702 686; x_wconf 77' lang='grc' dir='ltr'><strong>ἐπ,</strong></span> 
     </span>
    </p>
   </div>
   <div class='ocr_carea' id='block_1_7' title="bbox 418 705 2018 780">
    <p class='ocr_par' dir='ltr' id='par_1_7' title="bbox 418 709 2003 780">
     <span class='ocr_line' id='line_1_7' title="bbox 418 709 2003 780; baseline -0.009 -2"><span class='ocrx_word' id='word_1_70' title='bbox 418 732 647 778; x_wconf 77' lang='lat' dir='ltr'><strong>montem</strong></span> <span class='ocrx_word' id='word_1_71' title='bbox 687 714 837 779; x_wconf 83' lang='lat' dir='ltr'><strong>Sion,</strong></span> <span class='ocrx_word' id='word_1_72' title='bbox 877 724 924 768; x_wconf 84' lang='lat' dir='ltr'><strong>et</strong></span> <span class='ocrx_word' id='word_1_73' title='bbox 964 713 1138 767; x_wconf 73' lang='lat' dir='ltr'><strong>hostes</strong></span> <span class='ocrx_word' id='word_1_74' title='bbox 1185 709 1484 780; x_wconf 74' lang='lat' dir='ltr'><strong>dissipabit,</strong></span> <span class='ocrx_word' id='word_1_75' title='bbox 1513 709 1732 780; x_wconf 78' lang='lat' dir='ltr'><strong>Syriam</strong></span> <span class='ocrx_word' id='word_1_76' title='bbox 1796 725 1829 763; x_wconf 89' lang='lat' dir='ltr'><strong>a</strong></span> <span class='ocrx_word' id='word_1_77' title='bbox 1876 709 2003 764; x_wconf 73' lang='lat' dir='ltr'><strong>solis</strong></span> 
     </span>
    </p>
   </div>
   <div class='ocr_carea' id='block_1_8' title="bbox 2124 705 3700 780">
    <p class='ocr_par' dir='ltr' id='par_1_8' title="bbox 2124 705 3700 778">
     <span class='ocr_line' id='line_1_8' title="bbox 2124 705 3700 778; baseline -0.001 -16"><span class='ocrx_word' id='word_1_78' title='bbox 2124 710 2249 778; x_wconf 83' lang='grc' dir='ltr'><strong>5ρος</strong></span> <span class='ocrx_word' id='word_1_79' title='bbox 2278 709 2432 764; x_wconf 84' lang='grc' dir='ltr'><strong>Σιὼν</strong></span> <span class='ocrx_word' id='word_1_80' title='bbox 2473 709 2568 762; x_wconf 81' lang='grc' dir='ltr'><strong>ἐπ’</strong></span> <span class='ocrx_word' id='word_1_81' title='bbox 2604 709 2848 775; x_wconf 83' lang='grc' dir='ltr'><strong>αὐτοὺς,</strong></span> <span class='ocrx_word' id='word_1_82' title='bbox 2874 707 3144 773; x_wconf 75' lang='grc' dir='ltr'><strong>καὶτοὺς</strong></span> <span class='ocrx_word' id='word_1_83' title='bbox 3168 706 3423 776; x_wconf 84' lang='grc' dir='ltr'><strong>ἐχθροὺς</strong></span> <span class='ocrx_word' id='word_1_84' title='bbox 3459 705 3700 760; x_wconf 80' lang='grc' dir='ltr'><strong>διασκε-</strong></span> 
     </span>
    </p>
   </div>
   <div class='ocr_carea' id='block_1_9' title="bbox 420 793 2018 874">
    <p class='ocr_par' dir='ltr' id='par_1_9' title="bbox 420 801 2004 874">
     <span class='ocr_line' id='line_1_9' title="bbox 420 801 2004 874; baseline -0.005 -9"><span class='ocrx_word' id='word_1_85' title='bbox 420 823 558 874; x_wconf 86' lang='lat' dir='ltr'><strong>ortu,</strong></span> <span class='ocrx_word' id='word_1_86' title='bbox 609 821 654 862; x_wconf 82' lang='lat' dir='ltr'><strong>et</strong></span> <span class='ocrx_word' id='word_1_87' title='bbox 702 807 912 861; x_wconf 71' lang='lat' dir='ltr'><strong>Graecas</strong></span> <span class='ocrx_word' id='word_1_88' title='bbox 951 823 984 861; x_wconf 91' lang='lat' dir='ltr'><strong>a</strong></span> <span class='ocrx_word' id='word_1_89' title='bbox 1015 806 1140 858; x_wconf 73' lang='lat' dir='ltr'><strong>satis</strong></span> <span class='ocrx_word' id='word_1_90' title='bbox 1192 820 1407 867; x_wconf 81' lang='lat' dir='ltr'><strong>occasu,</strong></span> <span class='ocrx_word' id='word_1_91' title='bbox 1466 804 1555 874; x_wconf 84' lang='lat' dir='ltr'><strong>qui</strong></span> <span class='ocrx_word' id='word_1_92' title='bbox 1590 801 1846 857; x_wconf 73' lang='lat' dir='ltr'><strong>Israelom</strong></span> <span class='ocrx_word' id='word_1_93' title='bbox 1894 811 2004 857; x_wconf 80' lang='lat' dir='ltr'><strong>toto</strong></span> 
     </span>
    </p>
   </div>
   <div class='ocr_carea' id='block_1_10' title="bbox 2124 793 3734 874">
    <p class='ocr_par' dir='ltr' id='par_1_10' title="bbox 2124 793 3734 872">
     <span class='ocr_line' id='line_1_10' title="bbox 2124 793 3734 872; baseline -0.001 -16"><span class='ocrx_word' id='word_1_94' title='bbox 2124 802 2284 858; x_wconf 66' lang='grc' dir='ltr'><strong>Βάσει</strong></span> <span class='ocrx_word' id='word_1_95' title='bbox 2311 819 2325 833; x_wconf 71' lang='grc' dir='ltr'><strong>ο</strong></span> <span class='ocrx_word' id='word_1_96' title='bbox 2365 803 2589 872; x_wconf 78' lang='grc' dir='ltr'><strong>Συρίαν</strong></span> <span class='ocrx_word' id='word_1_97' title='bbox 2639 804 2732 872; x_wconf 72' lang='grc' dir='ltr'><strong>ἐφ’</strong></span> <span class='ocrx_word' id='word_1_98' title='bbox 2785 804 2964 872; x_wconf 75' lang='grc' dir='ltr'><strong>ἡλίου</strong></span> <span class='ocrx_word' id='word_1_99' title='bbox 3035 800 3371 866; x_wconf 78' lang='grc' dir='ltr'><strong>ἀνατολῶν,</strong></span> <span class='ocrx_word' id='word_1_100' title='bbox 3412 799 3513 854; x_wconf 76' lang='grc' dir='ltr'><strong>καὶ</strong></span> <span class='ocrx_word' id='word_1_101' title='bbox 3565 793 3734 868; x_wconf 64' lang='grc' dir='ltr'><strong>τοὺς</strong></span> 
     </span>
    </p>
   </div>
   <div class='ocr_carea' id='block_1_11' title="bbox 421 901 826 955">
    <p class='ocr_par' dir='ltr' id='par_1_11' title="bbox 421 901 826 955">
     <span class='ocr_line' id='line_1_11' title="bbox 421 901 826 955; baseline -0.002 -1"><span class='ocrx_word' id='word_1_102' title='bbox 421 917 510 955; x_wconf 80' lang='lat' dir='ltr'><strong>ore</strong></span> <span class='ocrx_word' id='word_1_103' title='bbox 562 901 826 953; x_wconf 75' lang='lat' dir='ltr'><strong>devorent.</strong></span> 
     </span>
    </p>
   </div>
   <div class='ocr_carea' id='block_1_12' title="bbox 493 1061 2012 1140">
    <p class='ocr_par' dir='ltr' id='par_1_12' title="bbox 493 1061 2012 1140">
     <span class='ocr_line' id='line_1_12' title="bbox 493 1061 2012 1140; baseline -0.009 -11"><span class='ocrx_word' id='word_1_104' title='bbox 493 1073 628 1130; x_wconf 90' lang='lat' dir='ltr'><strong>Cum</strong></span> <span class='ocrx_word' id='word_1_105' title='bbox 691 1069 924 1140; x_wconf 89' lang='lat' dir='ltr'><strong>percutit</strong></span> <span class='ocrx_word' id='word_1_106' title='bbox 981 1067 1121 1121; x_wconf 87' lang='lat' dir='ltr'><strong>Deus</strong></span> <span class='ocrx_word' id='word_1_107' title='bbox 1176 1065 1248 1120; x_wconf 90' lang='lat' dir='ltr'><strong>ob</strong></span> <span class='ocrx_word' id='word_1_108' title='bbox 1292 1063 1457 1118; x_wconf 87' lang='lat' dir='ltr'><strong>multa</strong></span> <span class='ocrx_word' id='word_1_109' title='bbox 1509 1071 1752 1133; x_wconf 83' lang='lat' dir='ltr'><strong>peccata,</strong></span> <span class='ocrx_word' id='word_1_110' title='bbox 1805 1061 2012 1116; x_wconf 87' lang='lat' dir='ltr'><strong>inducit</strong></span> 
     </span>
    </p>
   </div>
   <div class='ocr_carea' id='block_1_13' title="bbox 424 1152 2010 1222">
    <p class='ocr_par' dir='ltr' id='par_1_13' title="bbox 424 1152 2010 1222">
     <span class='ocr_line' id='line_1_13' title="bbox 424 1152 2010 1222; baseline -0.01 -4"><span class='ocrx_word' id='word_1_111' title='bbox 424 1162 769 1218; x_wconf 74' lang='lat' dir='ltr'><strong>credentibus</strong></span> <span class='ocrx_word' id='word_1_112' title='bbox 824 1157 1110 1220; x_wconf 85' lang='lat' dir='ltr'><strong>medelam,</strong></span> <span class='ocrx_word' id='word_1_113' title='bbox 1175 1164 1232 1207; x_wconf 90' lang='lat' dir='ltr'><strong>ut</strong></span> <span class='ocrx_word' id='word_1_114' title='bbox 1304 1161 1560 1222; x_wconf 81' lang='lat' dir='ltr'><strong>appareat</strong></span> <span class='ocrx_word' id='word_1_115' title='bbox 1611 1152 1861 1206; x_wconf 85' lang='lat' dir='ltr'><strong>omnibus</strong></span> <span class='ocrx_word' id='word_1_116' title='bbox 1892 1165 2010 1204; x_wconf 90' lang='lat' dir='ltr'><strong>mo-</strong></span> 
     </span>
    </p>
   </div>
   <div class='ocr_carea' id='block_1_14' title="bbox 426 1236 2012 1316">
    <p class='ocr_par' dir='ltr' id='par_1_14' title="bbox 426 1236 2012 1316">
     <span class='ocr_line' id='line_1_14' title="bbox 426 1236 2012 1316; baseline -0.011 -10"><span class='ocrx_word' id='word_1_117' title='bbox 426 1253 530 1316; x_wconf 85' lang='lat' dir='ltr'><strong>dis,</strong></span> <span class='ocrx_word' id='word_1_118' title='bbox 588 1249 792 1314; x_wconf 88' lang='lat' dir='ltr'><strong>dolore,</strong></span> <span class='ocrx_word' id='word_1_119' title='bbox 853 1247 1098 1312; x_wconf 86' lang='lat' dir='ltr'><strong>inquam,</strong></span> <span class='ocrx_word' id='word_1_120' title='bbox 1160 1253 1215 1295; x_wconf 92' lang='lat' dir='ltr'><strong>et</strong></span> <span class='ocrx_word' id='word_1_121' title='bbox 1274 1239 1642 1294; x_wconf 83' lang='lat' dir='ltr'><strong>consolatione</strong></span> <span class='ocrx_word' id='word_1_122' title='bbox 1706 1239 1773 1291; x_wconf 91' lang='lat' dir='ltr'><strong>ad</strong></span> <span class='ocrx_word' id='word_1_123' title='bbox 1837 1236 2012 1307; x_wconf 70' lang='lat' dir='ltr'><strong>pwni-</strong></span> 
     </span>
    </p>
   </div>
   <div class='ocr_carea' id='block_1_15' title="bbox 428 1325 2010 1395">
    <p class='ocr_par' dir='ltr' id='par_1_15' title="bbox 428 1325 2010 1395">
     <span class='ocr_line' id='line_1_15' title="bbox 428 1325 2010 1395; baseline -0.009 -3"><span class='ocrx_word' id='word_1_124' title='bbox 428 1339 651 1392; x_wconf 88' lang='lat' dir='ltr'><strong>tentiam</strong></span> <span class='ocrx_word' id='word_1_125' title='bbox 717 1347 933 1388; x_wconf 73' lang='lat' dir='ltr'><strong>vocare.</strong></span> <span class='ocrx_word' id='word_1_126' title='bbox 961 1328 1026 1383; x_wconf 83' lang='lat' dir='ltr'><strong>Et</strong></span> <span class='ocrx_word' id='word_1_127' title='bbox 1085 1344 1226 1382; x_wconf 91' lang='lat' dir='ltr'><strong>nunc</strong></span> <span class='ocrx_word' id='word_1_128' title='bbox 1275 1327 1453 1382; x_wconf 89' lang='lat' dir='ltr'><strong>simile</strong></span> <span class='ocrx_word' id='word_1_129' title='bbox 1501 1326 1756 1395; x_wconf 79' lang='lat' dir='ltr'><strong>quiddam</strong></span> <span class='ocrx_word' id='word_1_130' title='bbox 1791 1325 1876 1379; x_wconf 87' lang='lat' dir='ltr'><strong>his</strong></span> <span class='ocrx_word' id='word_1_131' title='bbox 1919 1326 2010 1394; x_wconf 87' lang='lat' dir='ltr'><strong>qui</strong></span> 
     </span>
    </p>
   </div>
   <div class='ocr_carea' id='block_1_16' title="bbox 427 1413 2016 1494">
    <p class='ocr_par' dir='ltr' id='par_1_16' title="bbox 427 1413 2016 1494">
     <span class='ocr_line' id='line_1_16' title="bbox 427 1413 2016 1494; baseline -0.01 -14"><span class='ocrx_word' id='word_1_132' title='bbox 427 1427 783 1494; x_wconf 82' lang='lat' dir='ltr'><strong>direptionem</strong></span> <span class='ocrx_word' id='word_1_133' title='bbox 832 1419 974 1488; x_wconf 84' lang='lat' dir='ltr'><strong>passi</strong></span> <span class='ocrx_word' id='word_1_134' title='bbox 1017 1425 1162 1482; x_wconf 85' lang='lat' dir='ltr'><strong>sunt,</strong></span> <span class='ocrx_word' id='word_1_135' title='bbox 1201 1415 1561 1484; x_wconf 85' lang='lat' dir='ltr'><strong>appromittit,</strong></span> <span class='ocrx_word' id='word_1_136' title='bbox 1595 1413 1866 1483; x_wconf 74' lang='lat' dir='ltr'><strong>habetque</strong></span> <span class='ocrx_word' id='word_1_137' title='bbox 1932 1413 2016 1466; x_wconf 89' lang='lat' dir='ltr'><strong>hi-</strong></span> 
     </span>
    </p>
   </div>
   <div class='ocr_carea' id='block_1_17' title="bbox 432 1505 2013 1579">
    <p class='ocr_par' dir='ltr' id='par_1_17' title="bbox 432 1505 2013 1579">
     <span class='ocr_line' id='line_1_17' title="bbox 432 1505 2013 1579; baseline -0.009 -11"><span class='ocrx_word' id='word_1_138' title='bbox 432 1515 598 1568; x_wconf 87' lang='lat' dir='ltr'><strong>storia</strong></span> <span class='ocrx_word' id='word_1_139' title='bbox 645 1509 1084 1579; x_wconf 78' lang='lat' dir='ltr'><strong>explicationem,</strong></span> <span class='ocrx_word' id='word_1_140' title='bbox 1118 1507 1260 1573; x_wconf 85' lang='lat' dir='ltr'><strong>quod</strong></span> <span class='ocrx_word' id='word_1_141' title='bbox 1296 1505 1630 1572; x_wconf 81' lang='lat' dir='ltr'><strong>prepositum</strong></span> <span class='ocrx_word' id='word_1_142' title='bbox 1681 1512 1783 1566; x_wconf 90' lang='lat' dir='ltr'><strong>est,</strong></span> <span class='ocrx_word' id='word_1_143' title='bbox 1829 1516 2013 1570; x_wconf 85' lang='lat' dir='ltr'><strong>quam,</strong></span> 
     </span>
    </p>
   </div>
   <div class='ocr_carea' id='block_1_18' title="bbox 430 1583 2011 1659">
    <p class='ocr_par' dir='ltr' id='par_1_18' title="bbox 430 1583 2011 1659">
     <span class='ocr_line' id='line_1_18' title="bbox 430 1583 2011 1659; baseline -0.008 -11"><span class='ocrx_word' id='word_1_144' title='bbox 430 1609 487 1650; x_wconf 87' lang='grc' dir='ltr'>ιιι</span> <span class='ocrx_word' id='word_1_145' title='bbox 551 1596 702 1659; x_wconf 86' lang='lat' dir='ltr'><strong>dixi,</strong></span> <span class='ocrx_word' id='word_1_146' title='bbox 749 1603 1180 1646; x_wconf 86' lang='lat' dir='ltr'><strong>commemorare</strong></span> <span class='ocrx_word' id='word_1_147' title='bbox 1237 1586 1424 1656; x_wconf 81' lang='lat' dir='ltr'><strong>paucis</strong></span> <span class='ocrx_word' id='word_1_148' title='bbox 1468 1592 1553 1640; x_wconf 79' lang='lat' dir='ltr'><strong>est</strong></span> <span class='ocrx_word' id='word_1_149' title='bbox 1613 1599 1857 1639; x_wconf 89' lang='lat' dir='ltr'><strong>necesse.</strong></span> <span class='ocrx_word' id='word_1_150' title='bbox 1919 1583 2011 1638; x_wconf 87' lang='lat' dir='ltr'><strong>Ul-</strong></span> 
     </span>
    </p>
   </div>
   <div class='ocr_carea' id='block_1_19' title="bbox 432 1663 2015 1734">
    <p class='ocr_par' dir='ltr' id='par_1_19' title="bbox 432 1663 2015 1734">
     <span class='ocr_line' id='line_1_19' title="bbox 432 1663 2015 1734; baseline -0.009 0"><span class='ocrx_word' id='word_1_151' title='bbox 432 1681 620 1734; x_wconf 89' lang='lat' dir='ltr'><strong>timum</strong></span> <span class='ocrx_word' id='word_1_152' title='bbox 673 1678 816 1732; x_wconf 90' lang='lat' dir='ltr'><strong>enim</strong></span> <span class='ocrx_word' id='word_1_153' title='bbox 855 1675 1055 1729; x_wconf 90' lang='lat' dir='ltr'><strong>bellum</strong></span> <span class='ocrx_word' id='word_1_154' title='bbox 1093 1681 1282 1726; x_wconf 89' lang='lat' dir='ltr'><strong>contra</strong></span> <span class='ocrx_word' id='word_1_155' title='bbox 1327 1670 1637 1723; x_wconf 83' lang='lat' dir='ltr'><strong>universam</strong></span> <span class='ocrx_word' id='word_1_156' title='bbox 1685 1663 1931 1722; x_wconf 71' lang='lat' dir='ltr'><strong>Judazam</strong></span> <span class='ocrx_word' id='word_1_157' title='bbox 1961 1676 2015 1721; x_wconf 87' lang='lat' dir='ltr'><strong>et</strong></span> 
     </span>
    </p>
   </div>
   <div class='ocr_carea' id='block_1_20' title="bbox 432 1760 2016 1830">
    <p class='ocr_par' dir='ltr' id='par_1_20' title="bbox 432 1760 2016 1830">
     <span class='ocr_line' id='line_1_20' title="bbox 432 1760 2016 1830; baseline -0.009 -4"><span class='ocrx_word' id='word_1_158' title='bbox 432 1771 741 1827; x_wconf 81' lang='lat' dir='ltr'><strong>Samariam</strong></span> <span class='ocrx_word' id='word_1_159' title='bbox 791 1783 819 1822; x_wconf 89' lang='lat' dir='ltr'><strong>a</strong></span> <span class='ocrx_word' id='word_1_160' title='bbox 869 1765 1398 1821; x_wconf 80' lang='lat' dir='ltr'><strong>Nabuchodonosoro</strong></span> <span class='ocrx_word' id='word_1_161' title='bbox 1439 1772 1648 1830; x_wconf 79' lang='lat' dir='ltr'><strong>gestum</strong></span> <span class='ocrx_word' id='word_1_162' title='bbox 1683 1771 1788 1823; x_wconf 89' lang='lat' dir='ltr'><strong>est,</strong></span> <span class='ocrx_word' id='word_1_163' title='bbox 1828 1760 1878 1814; x_wconf 91' lang='lat' dir='ltr'><strong>in</strong></span> <span class='ocrx_word' id='word_1_164' title='bbox 1909 1773 2016 1827; x_wconf 90' lang='lat' dir='ltr'><strong>quo</strong></span> 
     </span>
    </p>
   </div>
   <div class='ocr_carea' id='block_1_21' title="bbox 431 1847 2016 1918">
    <p class='ocr_par' dir='ltr' id='par_1_21' title="bbox 431 1847 2016 1918">
     <span class='ocr_line' id='line_1_21' title="bbox 431 1847 2016 1918; baseline -0.004 -9"><span class='ocrx_word' id='word_1_165' title='bbox 431 1856 649 1910; x_wconf 88' lang='lat' dir='ltr'><strong>abducti</strong></span> <span class='ocrx_word' id='word_1_166' title='bbox 679 1863 805 1908; x_wconf 87' lang='lat' dir='ltr'><strong>sunt</strong></span> <span class='ocrx_word' id='word_1_167' title='bbox 845 1849 1069 1918; x_wconf 80' lang='lat' dir='ltr'><strong>captivi,</strong></span> <span class='ocrx_word' id='word_1_168' title='bbox 1093 1860 1147 1902; x_wconf 90' lang='lat' dir='ltr'><strong>et</strong></span> <span class='ocrx_word' id='word_1_169' title='bbox 1169 1847 1418 1902; x_wconf 81' lang='lat' dir='ltr'><strong>hOStibus</strong></span> <span class='ocrx_word' id='word_1_170' title='bbox 1457 1847 1799 1916; x_wconf 82' lang='lat' dir='ltr'><strong>septuaginta</strong></span> <span class='ocrx_word' id='word_1_171' title='bbox 1844 1850 2016 1902; x_wconf 71' lang='lat' dir='ltr'><strong>annos</strong></span> 
     </span>
    </p>
   </div>
   <div class='ocr_carea' id='block_1_22' title="bbox 431 1929 2018 2002">
    <p class='ocr_par' dir='ltr' id='par_1_22' title="bbox 431 1929 2018 2002">
     <span class='ocr_line' id='line_1_22' title="bbox 431 1929 2018 2002; baseline -0.007 -8"><span class='ocrx_word' id='word_1_172' title='bbox 431 1939 755 1994; x_wconf 87' lang='lat' dir='ltr'><strong>servierunt.</strong></span> <span class='ocrx_word' id='word_1_173' title='bbox 786 1934 1054 2002; x_wconf 87' lang='lat' dir='ltr'><strong>Tempore</strong></span> <span class='ocrx_word' id='word_1_174' title='bbox 1095 1947 1222 1986; x_wconf 85' lang='lat' dir='ltr'><strong>vero</strong></span> <span class='ocrx_word' id='word_1_175' title='bbox 1274 1931 1368 1985; x_wconf 67' lang='lat' dir='ltr'><strong>ira:</strong></span> <span class='ocrx_word' id='word_1_176' title='bbox 1395 1940 1615 1997; x_wconf 80' lang='lat' dir='ltr'><strong>exacto,</strong></span> <span class='ocrx_word' id='word_1_177' title='bbox 1647 1929 2018 1985; x_wconf 78' lang='lat' dir='ltr'><strong>universitatis</strong></span> 
     </span>
    </p>
   </div>
   <div class='ocr_carea' id='block_1_23' title="bbox 434 2018 2015 2088">
    <p class='ocr_par' dir='ltr' id='par_1_23' title="bbox 434 2018 2015 2088">
     <span class='ocr_line' id='line_1_23' title="bbox 434 2018 2015 2088; baseline -0.006 -6"><span class='ocrx_word' id='word_1_178' title='bbox 434 2031 574 2082; x_wconf 86' lang='lat' dir='ltr'><strong>Deus</strong></span> <span class='ocrx_word' id='word_1_179' title='bbox 629 2028 824 2080; x_wconf 88' lang='lat' dir='ltr'><strong>iterum</strong></span> <span class='ocrx_word' id='word_1_180' title='bbox 895 2023 1156 2077; x_wconf 87' lang='lat' dir='ltr'><strong>misertus</strong></span> <span class='ocrx_word' id='word_1_181' title='bbox 1214 2030 1320 2087; x_wconf 87' lang='lat' dir='ltr'><strong>est,</strong></span> <span class='ocrx_word' id='word_1_182' title='bbox 1376 2018 1663 2088; x_wconf 79' lang='lat' dir='ltr'><strong>eﬂ‘ecitque</strong></span> <span class='ocrx_word' id='word_1_183' title='bbox 1721 2034 1779 2072; x_wconf 87' lang='lat' dir='ltr'><strong>ut</strong></span> <span class='ocrx_word' id='word_1_184' title='bbox 1836 2019 2015 2073; x_wconf 87' lang='lat' dir='ltr'><strong>remit-</strong></span> 
     </span>
    </p>
   </div>
   <div class='ocr_carea' id='block_1_24' title="bbox 433 2111 2019 2185">
    <p class='ocr_par' dir='ltr' id='par_1_24' title="bbox 433 2111 2019 2185">
     <span class='ocr_line' id='line_1_24' title="bbox 433 2111 2019 2185; baseline -0.006 -11"><span class='ocrx_word' id='word_1_185' title='bbox 433 2129 699 2183; x_wconf 84' lang='lat' dir='ltr'><strong>terentur,</strong></span> <span class='ocrx_word' id='word_1_186' title='bbox 742 2132 864 2172; x_wconf 87' lang='lat' dir='ltr'><strong>cmn</strong></span> <span class='ocrx_word' id='word_1_187' title='bbox 935 2113 1110 2185; x_wconf 86' lang='lat' dir='ltr'><strong>Cyrus</strong></span> <span class='ocrx_word' id='word_1_188' title='bbox 1161 2113 1302 2168; x_wconf 80' lang='lat' dir='ltr'><strong>ﬁlius</strong></span> <span class='ocrx_word' id='word_1_189' title='bbox 1359 2112 1642 2183; x_wconf 82' lang='lat' dir='ltr'><strong>Cambysis</strong></span> <span class='ocrx_word' id='word_1_190' title='bbox 1698 2111 2019 2182; x_wconf 83' lang='lat' dir='ltr'><strong>Babylonios</strong></span> 
     </span>
    </p>
   </div>
   <div class='ocr_carea' id='block_1_25' title="bbox 432 2202 2019 2282">
    <p class='ocr_par' dir='ltr' id='par_1_25' title="bbox 432 2202 2019 2282">
     <span class='ocr_line' id='line_1_25' title="bbox 432 2202 2019 2282; baseline -0.008 -14"><span class='ocrx_word' id='word_1_191' title='bbox 432 2212 756 2282; x_wconf 78' lang='lat' dir='ltr'><strong>subegisset.</strong></span> <span class='ocrx_word' id='word_1_192' title='bbox 783 2208 919 2265; x_wconf 86' lang='lat' dir='ltr'><strong>Cum</strong></span> <span class='ocrx_word' id='word_1_193' title='bbox 953 2222 1082 2262; x_wconf 90' lang='lat' dir='ltr'><strong>vero</strong></span> <span class='ocrx_word' id='word_1_194' title='bbox 1108 2206 1175 2260; x_wconf 88' lang='lat' dir='ltr'><strong>ad</strong></span> <span class='ocrx_word' id='word_1_195' title='bbox 1209 2213 1452 2261; x_wconf 85' lang='lat' dir='ltr'><strong>sanctam</strong></span> <span class='ocrx_word' id='word_1_196' title='bbox 1480 2205 1757 2259; x_wconf 90' lang='lat' dir='ltr'><strong>civitatem</strong></span> <span class='ocrx_word' id='word_1_197' title='bbox 1814 2202 2019 2256; x_wconf 83' lang='lat' dir='ltr'><strong>reversi</strong></span> 
     </span>
    </p>
   </div>
   <div class='ocr_carea' id='block_1_26' title="bbox 431 2296 2018 2371">
    <p class='ocr_par' dir='ltr' id='par_1_26' title="bbox 431 2296 2018 2371">
     <span class='ocr_line' id='line_1_26' title="bbox 431 2296 2018 2371; baseline -0.007 -12"><span class='ocrx_word' id='word_1_198' title='bbox 431 2311 636 2366; x_wconf 88' lang='lat' dir='ltr'><strong>essent,</strong></span> <span class='ocrx_word' id='word_1_199' title='bbox 685 2302 780 2371; x_wconf 84' lang='lat' dir='ltr'><strong>qui</strong></span> <span class='ocrx_word' id='word_1_200' title='bbox 831 2310 1038 2355; x_wconf 90' lang='lat' dir='ltr'><strong>tantum</strong></span> <span class='ocrx_word' id='word_1_201' title='bbox 1091 2312 1458 2352; x_wconf 71' lang='lat' dir='ltr'><strong>rerumnarum</strong></span> <span class='ocrx_word' id='word_1_202' title='bbox 1507 2296 1860 2367; x_wconf 84' lang='lat' dir='ltr'><strong>pertulerant,</strong></span> <span class='ocrx_word' id='word_1_203' title='bbox 1898 2310 2018 2364; x_wconf 74' lang='lat' dir='ltr'><strong>eam</strong></span> 
     </span>
    </p>
   </div>
   <div class='ocr_carea' id='block_1_27' title="bbox 433 2389 2020 2460">
    <p class='ocr_par' dir='ltr' id='par_1_27' title="bbox 433 2389 2020 2460">
     <span class='ocr_line' id='line_1_27' title="bbox 433 2389 2020 2460; baseline -0.008 -8"><span class='ocrx_word' id='word_1_204' title='bbox 433 2399 620 2452; x_wconf 88' lang='lat' dir='ltr'><strong>denuo.</strong></span> <span class='ocrx_word' id='word_1_205' title='bbox 648 2395 876 2450; x_wconf 82' lang='lat' dir='ltr'><strong>reticere</strong></span> <span class='ocrx_word' id='word_1_206' title='bbox 899 2392 1202 2456; x_wconf 89' lang='lat' dir='ltr'><strong>voluerunt,</strong></span> <span class='ocrx_word' id='word_1_207' title='bbox 1243 2391 1407 2460; x_wconf 84' lang='lat' dir='ltr'><strong>idque</strong></span> <span class='ocrx_word' id='word_1_208' title='bbox 1441 2389 1708 2454; x_wconf 85' lang='lat' dir='ltr'><strong>lecerunt,</strong></span> <span class='ocrx_word' id='word_1_209' title='bbox 1749 2389 2020 2443; x_wconf 86' lang='lat' dir='ltr'><strong>divinum-</strong></span> 
     </span>
    </p>
   </div>
   <div class='ocr_carea' id='block_1_28' title="bbox 433 2479 2020 2560">
    <p class='ocr_par' dir='ltr' id='par_1_28' title="bbox 433 2479 2020 2560">
     <span class='ocr_line' id='line_1_28' title="bbox 433 2479 2020 2560; baseline -0.007 -16"><span class='ocrx_word' id='word_1_210' title='bbox 433 2505 541 2560; x_wconf 84' lang='lat' dir='ltr'><strong>que</strong></span> <span class='ocrx_word' id='word_1_211' title='bbox 574 2488 730 2559; x_wconf 74' lang='lat'><strong>16],</strong></span> <span class='ocrx_word' id='word_1_212' title='bbox 775 2501 932 2542; x_wconf 89' lang='lat' dir='ltr'><strong>suum</strong></span> <span class='ocrx_word' id='word_1_213' title='bbox 984 2485 1240 2553; x_wconf 86' lang='lat' dir='ltr'><strong>templum</strong></span> <span class='ocrx_word' id='word_1_214' title='bbox 1319 2491 1713 2538; x_wconf 85' lang='lat' dir='ltr'><strong>restauraruut.</strong></span> <span class='ocrx_word' id='word_1_215' title='bbox 1755 2479 2020 2536; x_wconf 75' lang='lat' dir='ltr'><strong>Caeterum</strong></span> 
     </span>
    </p>
   </div>
   <div class='ocr_carea' id='block_1_29' title="bbox 435 2573 2020 2648">
    <p class='ocr_par' dir='ltr' id='par_1_29' title="bbox 435 2573 2020 2648">
     <span class='ocr_line' id='line_1_29' title="bbox 435 2573 2020 2648; baseline -0.006 -11"><span class='ocrx_word' id='word_1_216' title='bbox 435 2583 560 2637; x_wconf 88' lang='lat' dir='ltr'><strong>licet</strong></span> <span class='ocrx_word' id='word_1_217' title='bbox 611 2591 758 2634; x_wconf 88' lang='lat' dir='ltr'><strong>tanta</strong></span> <span class='ocrx_word' id='word_1_218' title='bbox 815 2577 956 2648; x_wconf 87' lang='lat' dir='ltr'><strong>passi</strong></span> <span class='ocrx_word' id='word_1_219' title='bbox 1007 2576 1258 2639; x_wconf 81' lang='lat' dir='ltr'><strong>fuissent,</strong></span> <span class='ocrx_word' id='word_1_220' title='bbox 1307 2585 1363 2628; x_wconf 89' lang='lat' dir='ltr'><strong>et</strong></span> <span class='ocrx_word' id='word_1_221' title='bbox 1406 2581 1646 2628; x_wconf 81' lang='lat' dir='ltr'><strong>veterum</strong></span> <span class='ocrx_word' id='word_1_222' title='bbox 1701 2573 2020 2640; x_wconf 82' lang='lat' dir='ltr'><strong>delictorum</strong></span> 
     </span>
    </p>
   </div>
   <div class='ocr_carea' id='block_1_30' title="bbox 434 2658 2023 2738">
    <p class='ocr_par' dir='ltr' id='par_1_30' title="bbox 434 2658 2023 2738">
     <span class='ocr_line' id='line_1_30' title="bbox 434 2658 2023 2738; baseline -0.006 -16"><span class='ocrx_word' id='word_1_223' title='bbox 434 2682 627 2738; x_wconf 73' lang='lat' dir='ltr'><strong>[)(Bllas</strong></span> <span class='ocrx_word' id='word_1_224' title='bbox 657 2664 906 2727; x_wconf 87' lang='lat' dir='ltr'><strong>luissent,</strong></span> <span class='ocrx_word' id='word_1_225' title='bbox 941 2661 1109 2717; x_wconf 89' lang='lat' dir='ltr'><strong>nihilo</strong></span> <span class='ocrx_word' id='word_1_226' title='bbox 1145 2669 1326 2715; x_wconf 85' lang='lat' dir='ltr'><strong>tamen</strong></span> <span class='ocrx_word' id='word_1_227' title='bbox 1377 2659 1555 2714; x_wconf 84' lang='lat' dir='ltr'><strong>minus</strong></span> <span class='ocrx_word' id='word_1_228' title='bbox 1611 2660 1677 2714; x_wconf 87' lang='lat' dir='ltr'><strong>de</strong></span> <span class='ocrx_word' id='word_1_229' title='bbox 1709 2658 1920 2728; x_wconf 75' lang='lat' dir='ltr'><strong>integro</strong></span> <span class='ocrx_word' id='word_1_230' title='bbox 1953 2673 2023 2714; x_wconf 76' lang='lat' dir='ltr'><strong>ex</strong></span> 
     </span>
    </p>
   </div>
   <div class='ocr_carea' id='block_1_31' title="bbox 436 2742 2021 2816">
    <p class='ocr_par' dir='ltr' id='par_1_31' title="bbox 436 2742 2021 2816">
     <span class='ocr_line' id='line_1_31' title="bbox 436 2742 2021 2816; baseline -0.006 -8"><span class='ocrx_word' id='word_1_231' title='bbox 436 2753 637 2808; x_wconf 81' lang='lat' dir='ltr'><strong>invidia</strong></span> <span class='ocrx_word' id='word_1_232' title='bbox 677 2750 870 2805; x_wconf 57' lang='lat' dir='ltr'><strong>vicinae</strong></span> <span class='ocrx_word' id='word_1_233' title='bbox 913 2761 1104 2816; x_wconf 77' lang='lat' dir='ltr'><strong>gentes</strong></span> <span class='ocrx_word' id='word_1_234' title='bbox 1181 2759 1452 2816; x_wconf 61' lang='lat' dir='ltr'><strong>aggressa:</strong></span> <span class='ocrx_word' id='word_1_235' title='bbox 1485 2753 1633 2800; x_wconf 86' lang='lat' dir='ltr'><strong>sunt.</strong></span> <span class='ocrx_word' id='word_1_236' title='bbox 1689 2742 1802 2799; x_wconf 82' lang='lat' dir='ltr'><strong>Nec</strong></span> <span class='ocrx_word' id='word_1_237' title='bbox 1877 2744 2021 2799; x_wconf 88' lang='lat' dir='ltr'><strong>enim</strong></span> 
     </span>
    </p>
   </div>
   <div class='ocr_carea' id='block_1_32' title="bbox 435 2837 2022 2903">
    <p class='ocr_par' dir='ltr' id='par_1_32' title="bbox 435 2837 2022 2903">
     <span class='ocr_line' id='line_1_32' title="bbox 435 2837 2022 2903; baseline -0.004 -5"><span class='ocrx_word' id='word_1_238' title='bbox 435 2846 688 2901; x_wconf 84' lang='lat' dir='ltr'><strong>volebant</strong></span> <span class='ocrx_word' id='word_1_239' title='bbox 763 2841 1064 2897; x_wconf 83' lang='lat' dir='ltr'><strong>Jerusalem</strong></span> <span class='ocrx_word' id='word_1_240' title='bbox 1137 2838 1496 2903; x_wconf 86' lang='lat' dir='ltr'><strong>iuvalescere,</strong></span> <span class='ocrx_word' id='word_1_241' title='bbox 1573 2837 1809 2892; x_wconf 77' lang='lat' dir='ltr'><strong>maxime</strong></span> <span class='ocrx_word' id='word_1_242' title='bbox 1890 2851 2022 2891; x_wconf 81' lang='lat' dir='ltr'><strong>vero</strong></span> 
     </span>
    </p>
   </div>
   <div class='ocr_carea' id='block_1_33' title="bbox 433 2928 2024 3004">
    <p class='ocr_par' dir='ltr' id='par_1_33' title="bbox 433 2928 2024 3004">
     <span class='ocr_line' id='line_1_33' title="bbox 433 2928 2024 3004; baseline -0.006 -11"><span class='ocrx_word' id='word_1_243' title='bbox 433 2943 675 2993; x_wconf 86' lang='lat' dir='ltr'><strong>omnium</strong></span> <span class='ocrx_word' id='word_1_244' title='bbox 724 2938 951 2991; x_wconf 88' lang='lat' dir='ltr'><strong>aliorum</strong></span> <span class='ocrx_word' id='word_1_245' title='bbox 991 2933 1114 3004; x_wconf 89' lang='lat' dir='ltr'><strong>Syri</strong></span> <span class='ocrx_word' id='word_1_246' title='bbox 1167 2931 1352 2997; x_wconf 89' lang='lat' dir='ltr'><strong>vicini,</strong></span> <span class='ocrx_word' id='word_1_247' title='bbox 1392 2940 1447 2985; x_wconf 89' lang='lat' dir='ltr'><strong>et</strong></span> <span class='ocrx_word' id='word_1_248' title='bbox 1495 2928 1815 2986; x_wconf 85' lang='lat' dir='ltr'><strong>Damasceni</strong></span> <span class='ocrx_word' id='word_1_249' title='bbox 1869 2945 2024 2984; x_wconf 87' lang='lat' dir='ltr'><strong>acer-</strong></span> 
     </span>
    </p>
   </div>
   <div class='ocr_carea' id='block_1_34' title="bbox 437 3021 2024 3087">
    <p class='ocr_par' dir='ltr' id='par_1_34' title="bbox 437 3021 2024 3087">
     <span class='ocr_line' id='line_1_34' title="bbox 437 3021 2024 3087; baseline -0.004 -5"><span class='ocrx_word' id='word_1_250' title='bbox 437 3029 658 3084; x_wconf 85' lang='lat' dir='ltr'><strong>bissime</strong></span> <span class='ocrx_word' id='word_1_251' title='bbox 722 3025 1068 3082; x_wconf 79' lang='lat' dir='ltr'><strong>infestarunt.</strong></span> <span class='ocrx_word' id='word_1_252' title='bbox 1122 3021 1319 3077; x_wconf 70' lang='lat' dir='ltr'><strong>\‘erum</strong></span> <span class='ocrx_word' id='word_1_253' title='bbox 1381 3021 1488 3076; x_wconf 86' lang='lat' dir='ltr'><strong>Deo</strong></span> <span class='ocrx_word' id='word_1_254' title='bbox 1533 3031 1806 3087; x_wconf 82' lang='lat' dir='ltr'><strong>servante,</strong></span> <span class='ocrx_word' id='word_1_255' title='bbox 1837 3031 1890 3076; x_wconf 90' lang='lat' dir='ltr'><strong>et</strong></span> <span class='ocrx_word' id='word_1_256' title='bbox 1919 3022 2024 3076; x_wconf 91' lang='lat' dir='ltr'><strong>illis</strong></span> 
     </span>
    </p>
   </div>
   <div class='ocr_carea' id='block_1_35' title="bbox 436 3115 2022 3191">
    <p class='ocr_par' dir='ltr' id='par_1_35' title="bbox 436 3115 2022 3191">
     <span class='ocr_line' id='line_1_35' title="bbox 436 3115 2022 3191; baseline -0.009 -11"><span class='ocrx_word' id='word_1_257' title='bbox 436 3123 670 3191; x_wconf 85' lang='lat' dir='ltr'><strong>captivis</strong></span> <span class='ocrx_word' id='word_1_258' title='bbox 764 3127 1140 3181; x_wconf 88' lang='lat' dir='ltr'><strong>suecurrente,</strong></span> <span class='ocrx_word' id='word_1_259' title='bbox 1181 3115 1306 3169; x_wconf 85' lang='lat' dir='ltr'><strong>victi</strong></span> <span class='ocrx_word' id='word_1_260' title='bbox 1374 3124 1536 3169; x_wconf 88' lang='lat' dir='ltr'><strong>sunt:</strong></span> <span class='ocrx_word' id='word_1_261' title='bbox 1596 3122 1788 3181; x_wconf 78' lang='lat' dir='ltr'><strong>gentes</strong></span> <span class='ocrx_word' id='word_1_262' title='bbox 1875 3115 2022 3168; x_wconf 90' lang='lat' dir='ltr'><strong>enim</strong></span> 
     </span>
    </p>
   </div>
   <div class='ocr_carea' id='block_1_36' title="bbox 437 3207 2024 3285">
    <p class='ocr_par' dir='ltr' id='par_1_36' title="bbox 437 3207 2024 3285">
     <span class='ocr_line' id='line_1_36' title="bbox 437 3207 2024 3285; baseline -0.006 -16"><span class='ocrx_word' id='word_1_263' title='bbox 437 3210 778 3285; x_wconf 84' lang='lat' dir='ltr'><strong>superarunt.</strong></span> <span class='ocrx_word' id='word_1_264' title='bbox 835 3208 1040 3264; x_wconf 89' lang='lat' dir='ltr'><strong>Deinde</strong></span> <span class='ocrx_word' id='word_1_265' title='bbox 1097 3215 1343 3274; x_wconf 83' lang='lat' dir='ltr'><strong>tempore</strong></span> <span class='ocrx_word' id='word_1_266' title='bbox 1395 3207 1802 3275; x_wconf 80' lang='lat' dir='ltr'><strong>progrediente,</strong></span> <span class='ocrx_word' id='word_1_267' title='bbox 1828 3207 2024 3261; x_wconf 82' lang='lat' dir='ltr'><strong>Antio-</strong></span> 
     </span>
    </p>
   </div>
   <div class='ocr_carea' id='block_1_37' title="bbox 2113 894 3704 966">
    <p class='ocr_par' dir='ltr' id='par_1_37' title="bbox 2113 894 3704 966">
     <span class='ocr_line' id='line_1_37' title="bbox 2113 894 3704 966; baseline -0.001 -15"><span class='ocrx_word' id='word_1_268' title='bbox 2113 898 2426 964; x_wconf 76' lang='grc' dir='ltr'><strong>Ἕλληνας</strong></span> <span class='ocrx_word' id='word_1_269' title='bbox 2447 897 2548 966; x_wconf 66' lang='grc' dir='ltr'><strong>ἀφ’</strong></span> <span class='ocrx_word' id='word_1_270' title='bbox 2575 897 2758 964; x_wconf 75' lang='grc' dir='ltr'><strong>ἡλίου</strong></span> <span class='ocrx_word' id='word_1_271' title='bbox 2785 895 3055 966; x_wconf 82' lang='grc' dir='ltr'><strong>δυσμῶν,</strong></span> <span class='ocrx_word' id='word_1_272' title='bbox 3098 895 3240 962; x_wconf 85' lang='grc' dir='ltr'><strong>τοὺς</strong></span> <span class='ocrx_word' id='word_1_273' title='bbox 3269 894 3704 962; x_wconf 80' lang='grc' dir='ltr'><strong>κατεσθίοντας</strong></span> 
     </span>
    </p>
   </div>
   <div class='ocr_carea' id='block_1_38' title="bbox 2111 985 3083 1056">
    <p class='ocr_par' dir='ltr' id='par_1_38' title="bbox 2111 985 3083 1056">
     <span class='ocr_line' id='line_1_38' title="bbox 2111 985 3083 1056; baseline 0.002 -18"><span class='ocrx_word' id='word_1_274' title='bbox 2111 986 2220 1038; x_wconf 79' lang='grc' dir='ltr'><strong>τὸν</strong></span> <span class='ocrx_word' id='word_1_275' title='bbox 2260 985 2507 1054; x_wconf 75' lang='grc' dir='ltr'><strong>Ἰσραὴλ</strong></span> <span class='ocrx_word' id='word_1_276' title='bbox 2530 985 2653 1052; x_wconf 80' lang='grc' dir='ltr'><strong>ὅλῳ</strong></span> <span class='ocrx_word' id='word_1_277' title='bbox 2695 986 2775 1053; x_wconf 81' lang='grc' dir='ltr'><strong>τῷ</strong></span> <span class='ocrx_word' id='word_1_278' title='bbox 2812 987 3083 1056; x_wconf 83' lang='grc' dir='ltr'><strong>στόματι.</strong></span> 
     </span>
    </p>
   </div>
   <div class='ocr_carea' id='block_1_39' title="bbox 2187 1078 3706 1151">
    <p class='ocr_par' dir='ltr' id='par_1_39' title="bbox 2187 1078 3706 1151">
     <span class='ocr_line' id='line_1_39' title="bbox 2187 1078 3706 1151; baseline 0.001 -21"><span class='ocrx_word' id='word_1_279' title='bbox 2187 1079 2316 1130; x_wconf 85' lang='grc' dir='ltr'><strong>Ὅτε</strong></span> <span class='ocrx_word' id='word_1_280' title='bbox 2352 1078 2579 1148; x_wconf 87' lang='grc' dir='ltr'><strong>πλήττει</strong></span> <span class='ocrx_word' id='word_1_281' title='bbox 2615 1079 2750 1141; x_wconf 77' lang='grc' dir='ltr'><strong>θεὸς</strong></span> <span class='ocrx_word' id='word_1_282' title='bbox 2785 1078 2873 1132; x_wconf 81' lang='grc' dir='ltr'><strong>διὰ</strong></span> <span class='ocrx_word' id='word_1_283' title='bbox 2916 1078 3118 1142; x_wconf 80' lang='grc' dir='ltr'><strong>πολλὰς</strong></span> <span class='ocrx_word' id='word_1_284' title='bbox 3156 1079 3454 1151; x_wconf 83' lang='grc' dir='ltr'><strong>ἁμαρτίας,</strong></span> <span class='ocrx_word' id='word_1_285' title='bbox 3513 1080 3706 1147; x_wconf 81' lang='grc' dir='ltr'><strong>ἐπάγει</strong></span> 
     </span>
    </p>
   </div>
   <div class='ocr_carea' id='block_1_40' title="bbox 2113 1169 3709 1241">
    <p class='ocr_par' dir='ltr' id='par_1_40' title="bbox 2113 1169 3709 1241">
     <span class='ocr_line' id='line_1_40' title="bbox 2113 1169 3709 1241; baseline 0.002 -21"><span class='ocrx_word' id='word_1_286' title='bbox 2113 1170 2222 1232; x_wconf 80' lang='grc' dir='ltr'><strong>τοῖς</strong></span> <span class='ocrx_word' id='word_1_287' title='bbox 2256 1169 2547 1223; x_wconf 77' lang='grc' dir='ltr'><strong>πεπονθόσι</strong></span> <span class='ocrx_word' id='word_1_288' title='bbox 2573 1169 2670 1241; x_wconf 80' lang='grc' dir='ltr'><strong>τὴν</strong></span> <span class='ocrx_word' id='word_1_289' title='bbox 2702 1169 2976 1240; x_wconf 85' lang='grc' dir='ltr'><strong>μώτωσιν,</strong></span> <span class='ocrx_word' id='word_1_290' title='bbox 3005 1171 3092 1223; x_wconf 81' lang='grc' dir='ltr'><strong>ἵνα</strong></span> <span class='ocrx_word' id='word_1_291' title='bbox 3117 1169 3480 1240; x_wconf 81' lang='grc' dir='ltr'><strong>φαίνηταιδιᾰ</strong></span> <span class='ocrx_word' id='word_1_292' title='bbox 3510 1171 3709 1233; x_wconf 82' lang='grc' dir='ltr'><strong>παντὸς</strong></span> 
     </span>
    </p>
   </div>
   <div class='ocr_carea' id='block_1_41' title="bbox 2113 1258 3710 1331">
    <p class='ocr_par' dir='ltr' id='par_1_41' title="bbox 2113 1258 3710 1331">
     <span class='ocr_line' id='line_1_41' title="bbox 2113 1258 3710 1331; baseline 0.001 -21"><span class='ocrx_word' id='word_1_293' title='bbox 2113 1258 2317 1330; x_wconf 83' lang='grc' dir='ltr'><strong>τρόπου</strong></span> <span class='ocrx_word' id='word_1_294' title='bbox 2363 1259 2544 1314; x_wconf 84' lang='grc' dir='ltr'><strong>καλῶν</strong></span> <span class='ocrx_word' id='word_1_295' title='bbox 2578 1262 2657 1324; x_wconf 85' lang='grc' dir='ltr'><strong>είς</strong></span> <span class='ocrx_word' id='word_1_296' title='bbox 2694 1261 3068 1331; x_wconf 75' lang='grc' dir='ltr'><strong>μετάγνωσιν,</strong></span> <span class='ocrx_word' id='word_1_297' title='bbox 3099 1261 3188 1314; x_wconf 80' lang='grc' dir='ltr'><strong>διὰ</strong></span> <span class='ocrx_word' id='word_1_298' title='bbox 3239 1277 3298 1314; x_wconf 84' lang='grc' dir='ltr'><strong>τε</strong></span> <span class='ocrx_word' id='word_1_299' title='bbox 3350 1260 3518 1314; x_wconf 84' lang='grc' dir='ltr'><strong>πόνου</strong></span> <span class='ocrx_word' id='word_1_300' title='bbox 3572 1260 3710 1330; x_wconf 70' lang='grc' dir='ltr'><strong>φημὶ</strong></span> 
     </span>
    </p>
   </div>
   <div class='ocr_carea' id='block_1_42' title="bbox 2117 1351 3710 1423">
    <p class='ocr_par' dir='ltr' id='par_1_42' title="bbox 2117 1351 3710 1423">
     <span class='ocr_line' id='line_1_42' title="bbox 2117 1351 3710 1423; baseline -0.001 -19"><span class='ocrx_word' id='word_1_301' title='bbox 2117 1351 2211 1405; x_wconf 77' lang='grc' dir='ltr'><strong>καὶ</strong></span> <span class='ocrx_word' id='word_1_302' title='bbox 2243 1353 2660 1423; x_wconf 81' lang='grc' dir='ltr'><strong>παρακλήσεως.</strong></span> <span class='ocrx_word' id='word_1_303' title='bbox 2707 1353 2959 1407; x_wconf 76' lang='grc' dir='ltr'><strong>Τοιοῦτόν</strong></span> <span class='ocrx_word' id='word_1_304' title='bbox 2991 1370 3042 1405; x_wconf 92' lang='grc' dir='ltr'><strong>τι</strong></span> <span class='ocrx_word' id='word_1_305' title='bbox 3070 1353 3161 1406; x_wconf 81' lang='grc' dir='ltr'><strong>καὶ</strong></span> <span class='ocrx_word' id='word_1_306' title='bbox 3188 1352 3284 1407; x_wconf 80' lang='grc' dir='ltr'><strong>νῦν</strong></span> <span class='ocrx_word' id='word_1_307' title='bbox 3318 1356 3430 1415; x_wconf 76' lang='grc' dir='ltr'><strong>τοῖς</strong></span> <span class='ocrx_word' id='word_1_308' title='bbox 3476 1353 3710 1406; x_wconf 80' lang='grc' dir='ltr'><strong>παθοῦσι</strong></span> 
     </span>
    </p>
   </div>
   <div class='ocr_carea' id='block_1_43' title="bbox 2115 1443 3714 1516">
    <p class='ocr_par' dir='ltr' id='par_1_43' title="bbox 2115 1443 3714 1516">
     <span class='ocr_line' id='line_1_43' title="bbox 2115 1443 3714 1516; baseline 0 -20"><span class='ocrx_word' id='word_1_309' title='bbox 2115 1443 2215 1514; x_wconf 80' lang='grc' dir='ltr'><strong>τὴν</strong></span> <span class='ocrx_word' id='word_1_310' title='bbox 2239 1443 2439 1514; x_wconf 78' lang='grc' dir='ltr'><strong>δῄωσιν</strong></span> <span class='ocrx_word' id='word_1_311' title='bbox 2477 1445 2897 1514; x_wconf 83' lang='grc' dir='ltr'><strong>ἐπαγγέλλεται.</strong></span> <span class='ocrx_word' id='word_1_312' title='bbox 2949 1444 3179 1516; x_wconf 82' lang='grc' dir='ltr'><strong>Ἱστορία</strong></span> <span class='ocrx_word' id='word_1_313' title='bbox 3205 1445 3262 1499; x_wconf 81' lang='grc' dir='ltr'><strong>δὲ</strong></span> <span class='ocrx_word' id='word_1_314' title='bbox 3297 1445 3562 1498; x_wconf 85' lang='grc' dir='ltr'><strong>ἀπόδοσιν</strong></span> <span class='ocrx_word' id='word_1_315' title='bbox 3605 1446 3714 1515; x_wconf 75' lang='grc' dir='ltr'><strong>ἔχει</strong></span> 
     </span>
    </p>
   </div>
   <div class='ocr_carea' id='block_1_44' title="bbox 2115 1534 3716 1608">
    <p class='ocr_par' dir='ltr' id='par_1_44' title="bbox 2115 1534 3716 1608">
     <span class='ocr_line' id='line_1_44' title="bbox 2115 1534 3716 1608; baseline 0 -20"><span class='ocrx_word' id='word_1_316' title='bbox 2115 1534 2178 1588; x_wconf 85' lang='grc' dir='ltr'><strong>τὸ</strong></span> <span class='ocrx_word' id='word_1_317' title='bbox 2209 1538 2589 1608; x_wconf 86' lang='grc' dir='ltr'><strong>προκείμενον,</strong></span> <span class='ocrx_word' id='word_1_318' title='bbox 2613 1537 2682 1608; x_wconf 78' lang='grc' dir='ltr'><strong>ἦν</strong></span> <span class='ocrx_word' id='word_1_319' title='bbox 2710 1538 3027 1606; x_wconf 85' lang='grc' dir='ltr'><strong>ἀναγκαῖον,</strong></span> <span class='ocrx_word' id='word_1_320' title='bbox 3055 1538 3131 1602; x_wconf 81' lang='grc' dir='ltr'><strong>ὡς</strong></span> <span class='ocrx_word' id='word_1_321' title='bbox 3155 1537 3312 1607; x_wconf 79' lang='grc' dir='ltr'><strong>ἔφην,</strong></span> <span class='ocrx_word' id='word_1_322' title='bbox 3343 1538 3432 1591; x_wconf 80' lang='grc' dir='ltr'><strong>διὰ</strong></span> <span class='ocrx_word' id='word_1_323' title='bbox 3464 1538 3716 1608; x_wconf 79' lang='grc' dir='ltr'><strong>βραχέων</strong></span> 
     </span>
    </p>
   </div>
   <div class='ocr_carea' id='block_1_45' title="bbox 2117 1629 3715 1702">
    <p class='ocr_par' dir='ltr' id='par_1_45' title="bbox 2117 1629 3715 1702">
     <span class='ocr_line' id='line_1_45' title="bbox 2117 1629 3715 1702; baseline 0.002 -21"><span class='ocrx_word' id='word_1_324' title='bbox 2117 1630 2312 1682; x_wconf 72' lang='grc' dir='ltr'><strong>εἰπεῖν.</strong></span> <span class='ocrx_word' id='word_1_325' title='bbox 2342 1631 2659 1694; x_wconf 83' lang='grc' dir='ltr'><strong>Τελευταίος</strong></span> <span class='ocrx_word' id='word_1_326' title='bbox 2695 1631 2795 1701; x_wconf 78' lang='grc' dir='ltr'><strong>μὲν</strong></span> <span class='ocrx_word' id='word_1_327' title='bbox 2833 1630 2942 1702; x_wconf 84' lang='grc' dir='ltr'><strong>γὰρ</strong></span> <span class='ocrx_word' id='word_1_328' title='bbox 2989 1629 3131 1684; x_wconf 82' lang='grc' dir='ltr'><strong>κατὰ</strong></span> <span class='ocrx_word' id='word_1_329' title='bbox 3191 1630 3372 1698; x_wconf 83' lang='grc' dir='ltr'><strong>πάσης</strong></span> <span class='ocrx_word' id='word_1_330' title='bbox 3425 1631 3569 1698; x_wconf 77' lang='grc' dir='ltr'><strong>ὁμοῦ</strong></span> <span class='ocrx_word' id='word_1_331' title='bbox 3623 1631 3715 1701; x_wconf 82' lang='grc' dir='ltr'><strong>τῆ;</strong></span> 
     </span>
    </p>
   </div>
   <div class='ocr_carea' id='block_1_46' title="bbox 2130 1725 3716 1800">
    <p class='ocr_par' dir='ltr' id='par_1_46' title="bbox 2130 1725 3716 1800">
     <span class='ocr_line' id='line_1_46' title="bbox 2130 1725 3716 1800; baseline -0.001 -20"><span class='ocrx_word' id='word_1_332' title='bbox 2130 1728 2394 1792; x_wconf 88' lang='grc' dir='ltr'><strong>Ἰουδαίας</strong></span> <span class='ocrx_word' id='word_1_333' title='bbox 2428 1769 2442 1793; x_wconf 91' lang='grc'><strong>,</strong></span> <span class='ocrx_word' id='word_1_334' title='bbox 2473 1727 2568 1782; x_wconf 85' lang='grc' dir='ltr'><strong>καὶ</strong></span> <span class='ocrx_word' id='word_1_335' title='bbox 2619 1729 2718 1800; x_wconf 77' lang='grc' dir='ltr'><strong>μέν</strong></span> <span class='ocrx_word' id='word_1_336' title='bbox 2744 1746 2831 1782; x_wconf 88' lang='grc' dir='ltr'><strong>τοι</strong></span> <span class='ocrx_word' id='word_1_337' title='bbox 2862 1727 2958 1782; x_wconf 80' lang='grc' dir='ltr'><strong>καὶ</strong></span> <span class='ocrx_word' id='word_1_338' title='bbox 2997 1727 3097 1798; x_wconf 83' lang='grc' dir='ltr'><strong>τῆς</strong></span> <span class='ocrx_word' id='word_1_339' title='bbox 3140 1726 3473 1798; x_wconf 72' lang='grc' dir='ltr'><strong>Σαμαρείας,</strong></span> <span class='ocrx_word' id='word_1_340' title='bbox 3508 1728 3538 1780; x_wconf 91' lang='lat'><strong>6</strong></span> <span class='ocrx_word' id='word_1_341' title='bbox 3571 1725 3716 1798; x_wconf 69' lang='grc' dir='ltr'><strong>παρὰ</strong></span> 
     </span>
    </p>
   </div>
   <div class='ocr_carea' id='block_1_47' title="bbox 2117 1817 3716 1890">
    <p class='ocr_par' dir='ltr' id='par_1_47' title="bbox 2117 1817 3716 1890">
     <span class='ocr_line' id='line_1_47' title="bbox 2117 1817 3716 1890; baseline -0.001 -18"><span class='ocrx_word' id='word_1_342' title='bbox 2117 1819 2211 1873; x_wconf 80' lang='grc' dir='ltr'><strong>τοῦ</strong></span> <span class='ocrx_word' id='word_1_343' title='bbox 2241 1820 2710 1890; x_wconf 78' lang='grc' dir='ltr'><strong>Ναὸουχοδονόσορ</strong></span> <span class='ocrx_word' id='word_1_344' title='bbox 2741 1819 2976 1890; x_wconf 85' lang='grc' dir='ltr'><strong>πόλεμος</strong></span> <span class='ocrx_word' id='word_1_345' title='bbox 3008 1819 3238 1888; x_wconf 87' lang='grc' dir='ltr'><strong>γίνεται,</strong></span> <span class='ocrx_word' id='word_1_346' title='bbox 3296 1817 3392 1872; x_wconf 76' lang='grc' dir='ltr'><strong>καὶ</strong></span> <span class='ocrx_word' id='word_1_347' title='bbox 3443 1819 3716 1888; x_wconf 81' lang='grc' dir='ltr'><strong>ἀπεκομί-</strong></span> 
     </span>
    </p>
   </div>
   <div class='ocr_carea' id='block_1_48' title="bbox 2121 1911 3717 1984">
    <p class='ocr_par' dir='ltr' id='par_1_48' title="bbox 2121 1911 3717 1984">
     <span class='ocr_line' id='line_1_48' title="bbox 2121 1911 3717 1984; baseline -0.001 -18"><span class='ocrx_word' id='word_1_348' title='bbox 2121 1914 2328 1984; x_wconf 89' lang='grc' dir='ltr'><strong>σθησαν</strong></span> <span class='ocrx_word' id='word_1_349' title='bbox 2394 1912 2767 1982; x_wconf 73' lang='grc' dir='ltr'><strong>αἰχμάλωτοι,</strong></span> <span class='ocrx_word' id='word_1_350' title='bbox 2837 1912 2932 1966; x_wconf 76' lang='grc' dir='ltr'><strong>καὶ</strong></span> <span class='ocrx_word' id='word_1_351' title='bbox 3017 1911 3425 1966; x_wconf 87' lang='grc' dir='ltr'><strong>δεδουλεύκασιν</strong></span> <span class='ocrx_word' id='word_1_352' title='bbox 3507 1912 3717 1983; x_wconf 82' lang='grc' dir='ltr'><strong>ἐχθροῖς</strong></span> 
     </span>
    </p>
   </div>
   <div class='ocr_carea' id='block_1_49' title="bbox 2051 1981 3716 2077">
    <p class='ocr_par' dir='ltr' id='par_1_49' title="bbox 2051 1981 3716 2077">
     <span class='ocr_line' id='line_1_49' title="bbox 2051 1981 3716 2077; baseline 0 -19"><span class='ocrx_word' id='word_1_353' title='bbox 2051 1981 2092 2036; x_wconf 76' lang='grc' dir='ltr'><strong>Β</strong></span> <span class='ocrx_word' id='word_1_354' title='bbox 2123 1981 2628 2077; x_wconf 79' lang='grc' dir='ltr'><strong>ἐϐδομήκονταέτη,</strong></span> <span class='ocrx_word' id='word_1_355' title='bbox 2669 2003 2889 2076; x_wconf 80' lang='grc' dir='ltr'><strong>Ἐπειδὴ</strong></span> <span class='ocrx_word' id='word_1_356' title='bbox 2917 2005 2974 2058; x_wconf 81' lang='grc' dir='ltr'><strong>δέ</strong></span> <span class='ocrx_word' id='word_1_357' title='bbox 2997 2005 3454 2076; x_wconf 81' lang='grc' dir='ltr'><strong>συμπεπέρασται</strong></span> <span class='ocrx_word' id='word_1_358' title='bbox 3473 1981 3593 2069; x_wconf 83' lang='grc' dir='ltr'><strong>τοῖς</strong></span> <span class='ocrx_word' id='word_1_359' title='bbox 3611 1981 3716 2059; x_wconf 64' lang='grc' dir='ltr'><strong>⁷ἀπὸ</strong></span> 
     </span>
    </p>
   </div>
   <div class='ocr_carea' id='block_1_50' title="bbox 2122 2097 3716 2171">
    <p class='ocr_par' dir='ltr' id='par_1_50' title="bbox 2122 2097 3716 2171">
     <span class='ocr_line' id='line_1_50' title="bbox 2122 2097 3716 2171; baseline 0 -19"><span class='ocrx_word' id='word_1_360' title='bbox 2122 2098 2219 2167; x_wconf 77' lang='grc' dir='ltr'><strong>τῆς</strong></span> <span class='ocrx_word' id='word_1_361' title='bbox 2247 2099 2418 2170; x_wconf 83' lang='grc' dir='ltr'><strong>ὀργῆς</strong></span> <span class='ocrx_word' id='word_1_362' title='bbox 2446 2101 2474 2152; x_wconf 89' lang='lat'><strong>6</strong></span> <span class='ocrx_word' id='word_1_363' title='bbox 2500 2099 2714 2171; x_wconf 77' lang='grc' dir='ltr'><strong>καιρὸς,</strong></span> <span class='ocrx_word' id='word_1_364' title='bbox 2780 2098 3087 2170; x_wconf 78' lang='grc' dir='ltr'><strong>κατηλέησε</strong></span> <span class='ocrx_word' id='word_1_365' title='bbox 3150 2098 3312 2153; x_wconf 80' lang='grc' dir='ltr'><strong>πάλιν</strong></span> <span class='ocrx_word' id='word_1_366' title='bbox 3347 2100 3376 2153; x_wconf 87' lang='lat'><strong>6</strong></span> <span class='ocrx_word' id='word_1_367' title='bbox 3416 2097 3534 2151; x_wconf 80' lang='grc' dir='ltr'><strong>τῶν</strong></span> <span class='ocrx_word' id='word_1_368' title='bbox 3587 2098 3716 2152; x_wconf 80' lang='grc' dir='ltr'><strong>ὅλων</strong></span> 
     </span>
    </p>
   </div>
   <div class='ocr_carea' id='block_1_51' title="bbox 2121 2190 3714 2263">
    <p class='ocr_par' dir='ltr' id='par_1_51' title="bbox 2121 2190 3714 2263">
     <span class='ocr_line' id='line_1_51' title="bbox 2121 2190 3714 2263; baseline 0.001 -19"><span class='ocrx_word' id='word_1_369' title='bbox 2121 2191 2276 2256; x_wconf 80' lang='grc' dir='ltr'><strong>Θεὸς,</strong></span> <span class='ocrx_word' id='word_1_370' title='bbox 2304 2193 2398 2245; x_wconf 73' lang='grc' dir='ltr'><strong>καὶ</strong></span> <span class='ocrx_word' id='word_1_371' title='bbox 2421 2191 2487 2263; x_wconf 81' lang='grc' dir='ltr'><strong>δὴ</strong></span> <span class='ocrx_word' id='word_1_372' title='bbox 2510 2193 2604 2246; x_wconf 80' lang='grc' dir='ltr'><strong>καὶ</strong></span> <span class='ocrx_word' id='word_1_373' title='bbox 2637 2191 2896 2263; x_wconf 80' lang='grc' dir='ltr'><strong>ἀνεθῆναι</strong></span> <span class='ocrx_word' id='word_1_374' title='bbox 2923 2190 3359 2263; x_wconf 87' lang='grc' dir='ltr'><strong>παρεσκεύασεν,</strong></span> <span class='ocrx_word' id='word_1_375' title='bbox 3400 2191 3594 2262; x_wconf 82' lang='grc' dir='ltr'><strong>Κύρου</strong></span> <span class='ocrx_word' id='word_1_376' title='bbox 3630 2192 3714 2245; x_wconf 73' lang='grc' dir='ltr'><strong>τοῦ</strong></span> 
     </span>
    </p>
   </div>
   <div class='ocr_carea' id='block_1_52' title="bbox 2123 2282 3716 2354">
    <p class='ocr_par' dir='ltr' id='par_1_52' title="bbox 2123 2282 3716 2354">
     <span class='ocr_line' id='line_1_52' title="bbox 2123 2282 3716 2354; baseline -0.001 -17"><span class='ocrx_word' id='word_1_377' title='bbox 2123 2282 2422 2354; x_wconf 72' lang='grc' dir='ltr'><strong>Καμϐύσου</strong></span> <span class='ocrx_word' id='word_1_378' title='bbox 2459 2284 2808 2354; x_wconf 73' lang='grc' dir='ltr'><strong>νενικηκότος</strong></span> <span class='ocrx_word' id='word_1_379' title='bbox 2853 2283 2979 2348; x_wconf 82' lang='grc' dir='ltr'><strong>τοὺς</strong></span> <span class='ocrx_word' id='word_1_380' title='bbox 3037 2282 3434 2347; x_wconf 77' lang='grc' dir='ltr'><strong>Βαϐυλωνίους.</strong></span> <span class='ocrx_word' id='word_1_381' title='bbox 3507 2282 3716 2354; x_wconf 78' lang='grc' dir='ltr'><strong>Ἐπειδὴ</strong></span> 
     </span>
    </p>
   </div>
   <div class='ocr_carea' id='block_1_53' title="bbox 2121 2374 3716 2449">
    <p class='ocr_par' dir='ltr' id='par_1_53' title="bbox 2121 2374 3716 2449">
     <span class='ocr_line' id='line_1_53' title="bbox 2121 2374 3716 2449; baseline -0.001 -19"><span class='ocrx_word' id='word_1_382' title='bbox 2121 2375 2310 2449; x_wconf 80' lang='grc' dir='ltr'><strong>δὲτὴν</strong></span> <span class='ocrx_word' id='word_1_383' title='bbox 2359 2377 2520 2446; x_wconf 80' lang='grc' dir='ltr'><strong>ἁγίαν</strong></span> <span class='ocrx_word' id='word_1_384' title='bbox 2545 2377 2806 2446; x_wconf 80' lang='grc' dir='ltr'><strong>ἀφίκοντο</strong></span> <span class='ocrx_word' id='word_1_385' title='bbox 2852 2376 3008 2430; x_wconf 89' lang='grc' dir='ltr'><strong>πόλιν</strong></span> <span class='ocrx_word' id='word_1_386' title='bbox 3054 2377 3104 2429; x_wconf 83' lang='grc' dir='ltr'><strong>οἱ</strong></span> <span class='ocrx_word' id='word_1_387' title='bbox 3138 2375 3540 2443; x_wconf 84' lang='grc' dir='ltr'><strong>πεπονηκότες,</strong></span> <span class='ocrx_word' id='word_1_388' title='bbox 3596 2374 3716 2429; x_wconf 84' lang='grc' dir='ltr'><strong>ἀνα·</strong></span> 
     </span>
    </p>
   </div>
   <div class='ocr_carea' id='block_1_54' title="bbox 2122 2467 3718 2542">
    <p class='ocr_par' dir='ltr' id='par_1_54' title="bbox 2122 2467 3718 2542">
     <span class='ocr_line' id='line_1_54' title="bbox 2122 2467 3718 2542; baseline -0.004 -16"><span class='ocrx_word' id='word_1_389' title='bbox 2122 2472 2379 2542; x_wconf 78' lang='grc' dir='ltr'><strong>τειχίζειν</strong></span> <span class='ocrx_word' id='word_1_390' title='bbox 2407 2471 2597 2542; x_wconf 71' lang='grc' dir='ltr'><strong>ἤθελον</strong></span> <span class='ocrx_word' id='word_1_391' title='bbox 2631 2471 2821 2542; x_wconf 84' lang='grc' dir='ltr'><strong>αὐτήν.</strong></span> <span class='ocrx_word' id='word_1_392' title='bbox 2866 2470 2977 2524; x_wconf 79' lang='grc' dir='ltr'><strong>Καὶ</strong></span> <span class='ocrx_word' id='word_1_393' title='bbox 3010 2469 3076 2542; x_wconf 87' lang='grc' dir='ltr'><strong>δὴ</strong></span> <span class='ocrx_word' id='word_1_394' title='bbox 3104 2470 3197 2524; x_wconf 77' lang='grc' dir='ltr'><strong>καὶ</strong></span> <span class='ocrx_word' id='word_1_395' title='bbox 3249 2469 3598 2539; x_wconf 76' lang='grc' dir='ltr'><strong>πεπράκασι,</strong></span> <span class='ocrx_word' id='word_1_396' title='bbox 3632 2467 3718 2521; x_wconf 67' lang='grc' dir='ltr'><strong>καὶ</strong></span> 
     </span>
    </p>
   </div>
   <div class='ocr_carea' id='block_1_55' title="bbox 2123 2553 3716 2632">
    <p class='ocr_par' dir='ltr' id='par_1_55' title="bbox 2123 2553 3716 2632">
     <span class='ocr_line' id='line_1_55' title="bbox 2123 2553 3716 2632; baseline -0.006 -14"><span class='ocrx_word' id='word_1_397' title='bbox 2123 2557 2215 2618; x_wconf 80' lang='grc' dir='ltr'><strong>τὸν</strong></span> <span class='ocrx_word' id='word_1_398' title='bbox 2236 2563 2378 2616; x_wconf 84' lang='grc' dir='ltr'><strong>θεῖον</strong></span> <span class='ocrx_word' id='word_1_399' title='bbox 2397 2561 2576 2616; x_wconf 77' lang='grc' dir='ltr'><strong>αὐτῶν</strong></span> <span class='ocrx_word' id='word_1_400' title='bbox 2601 2561 2957 2632; x_wconf 81' lang='grc' dir='ltr'><strong>ἀνεδείμαντο</strong></span> <span class='ocrx_word' id='word_1_401' title='bbox 2980 2559 3138 2614; x_wconf 84' lang='grc' dir='ltr'><strong>νεών.</strong></span> <span class='ocrx_word' id='word_1_402' title='bbox 3187 2558 3326 2612; x_wconf 85' lang='grc' dir='ltr'><strong>Ἀλλ’</strong></span> <span class='ocrx_word' id='word_1_403' title='bbox 3347 2557 3503 2612; x_wconf 73' lang='grc' dir='ltr'><strong>οὐδὲν</strong></span> <span class='ocrx_word' id='word_1_404' title='bbox 3519 2553 3716 2627; x_wconf 62' lang='grc' dir='ltr'><strong>ἧττον,</strong></span> 
     </span>
    </p>
   </div>
   <div class='ocr_carea' id='block_1_56' title="bbox 2125 2648 3720 2723">
    <p class='ocr_par' dir='ltr' id='par_1_56' title="bbox 2125 2648 3720 2723">
     <span class='ocr_line' id='line_1_56' title="bbox 2125 2648 3720 2723; baseline -0.004 -14"><span class='ocrx_word' id='word_1_405' title='bbox 2125 2655 2306 2711; x_wconf 86' lang='grc' dir='ltr'><strong>καίτοι</strong></span> <span class='ocrx_word' id='word_1_406' title='bbox 2355 2652 2595 2708; x_wconf 84' lang='grc' dir='ltr'><strong>τοσαῦτα</strong></span> <span class='ocrx_word' id='word_1_407' title='bbox 2651 2651 2969 2720; x_wconf 85' lang='grc' dir='ltr'><strong>πεπονθόσι,</strong></span> <span class='ocrx_word' id='word_1_408' title='bbox 3029 2651 3126 2706; x_wconf 72' lang='grc' dir='ltr'><strong>καὶ</strong></span> <span class='ocrx_word' id='word_1_409' title='bbox 3163 2650 3264 2715; x_wconf 83' lang='grc' dir='ltr'><strong>τὰς</strong></span> <span class='ocrx_word' id='word_1_410' title='bbox 3315 2650 3424 2704; x_wconf 85' lang='grc' dir='ltr'><strong>τῶν</strong></span> <span class='ocrx_word' id='word_1_411' title='bbox 3473 2648 3720 2723; x_wconf 79' lang='grc' dir='ltr'><strong>ἀρχαίων</strong></span> 
     </span>
    </p>
   </div>
   <div class='ocr_carea' id='block_1_57' title="bbox 2127 2739 3720 2819">
    <p class='ocr_par' dir='ltr' id='par_1_57' title="bbox 2127 2739 3720 2819">
     <span class='ocr_line' id='line_1_57' title="bbox 2127 2739 3720 2819; baseline -0.006 -17"><span class='ocrx_word' id='word_1_412' title='bbox 2127 2746 2616 2819; x_wconf 78' lang='grc' dir='ltr'><strong>πλημμελημάτων</strong></span> <span class='ocrx_word' id='word_1_413' title='bbox 2669 2745 2978 2800; x_wconf 86' lang='grc' dir='ltr'><strong>ἐκτετικόσι</strong></span> <span class='ocrx_word' id='word_1_414' title='bbox 3037 2743 3211 2806; x_wconf 80' lang='grc' dir='ltr'><strong>δίκας,</strong></span> <span class='ocrx_word' id='word_1_415' title='bbox 3261 2741 3572 2811; x_wconf 78' lang='grc' dir='ltr'><strong>ἐπεφύοντο</strong></span> <span class='ocrx_word' id='word_1_416' title='bbox 3619 2739 3720 2793; x_wconf 82' lang='grc' dir='ltr'><strong>πά-</strong></span> 
     </span>
    </p>
   </div>
   <div class='ocr_carea' id='block_1_58' title="bbox 2125 2831 3720 2909">
    <p class='ocr_par' dir='ltr' id='par_1_58' title="bbox 2125 2831 3720 2909">
     <span class='ocr_line' id='line_1_58' title="bbox 2125 2831 3720 2909; baseline -0.006 -15"><span class='ocrx_word' id='word_1_417' title='bbox 2125 2841 2208 2894; x_wconf 91' lang='grc' dir='ltr'><strong>λιν</strong></span> <span class='ocrx_word' id='word_1_418' title='bbox 2239 2843 2304 2894; x_wconf 85' lang='grc' dir='ltr'><strong>ἐκ</strong></span> <span class='ocrx_word' id='word_1_419' title='bbox 2333 2836 2634 2909; x_wconf 84' lang='grc' dir='ltr'><strong>βασκανίας</strong></span> <span class='ocrx_word' id='word_1_420' title='bbox 2673 2835 2744 2890; x_wconf 81' lang='grc' dir='ltr'><strong>τὰ</strong></span> <span class='ocrx_word' id='word_1_421' title='bbox 2787 2835 3042 2908; x_wconf 86' lang='grc' dir='ltr'><strong>περίοικα</strong></span> <span class='ocrx_word' id='word_1_422' title='bbox 3091 2834 3202 2888; x_wconf 85' lang='grc' dir='ltr'><strong>τῶν</strong></span> <span class='ocrx_word' id='word_1_423' title='bbox 3259 2831 3449 2886; x_wconf 84' lang='grc' dir='ltr'><strong>ἐθνῶν.</strong></span> <span class='ocrx_word' id='word_1_424' title='bbox 3511 2833 3588 2888; x_wconf 85' lang='grc' dir='ltr'><strong>Ού</strong></span> <span class='ocrx_word' id='word_1_425' title='bbox 3617 2831 3720 2902; x_wconf 74' lang='grc' dir='ltr'><strong>γὰρ</strong></span> 
     </span>
    </p>
   </div>
   <div class='ocr_carea' id='block_1_59' title="bbox 2126 2922 3719 3004">
    <p class='ocr_par' dir='ltr' id='par_1_59' title="bbox 2126 2922 3719 3004">
     <span class='ocr_line' id='line_1_59' title="bbox 2126 2922 3719 3004; baseline -0.006 -20"><span class='ocrx_word' id='word_1_426' title='bbox 2126 2930 2317 3004; x_wconf 78' lang='grc' dir='ltr'><strong>ἡθελον</strong></span> <span class='ocrx_word' id='word_1_427' title='bbox 2383 2930 2600 3001; x_wconf 74' lang='grc' dir='ltr'><strong>ἰσχῦσαι</strong></span> <span class='ocrx_word' id='word_1_428' title='bbox 2624 2929 2726 2999; x_wconf 81' lang='grc' dir='ltr'><strong>τὴν</strong></span> <span class='ocrx_word' id='word_1_429' title='bbox 2779 2927 3156 3000; x_wconf 78' lang='grc' dir='ltr'><strong>Ἰερουσαλήμ.</strong></span> <span class='ocrx_word' id='word_1_430' title='bbox 3204 2924 3459 2979; x_wconf 73' lang='grc' dir='ltr'><strong>Μάλιστα</strong></span> <span class='ocrx_word' id='word_1_431' title='bbox 3519 2925 3579 2977; x_wconf 82' lang='grc' dir='ltr'><strong>δὲ</strong></span> <span class='ocrx_word' id='word_1_432' title='bbox 3619 2922 3719 2976; x_wconf 81' lang='grc' dir='ltr'><strong>τῶν</strong></span> 
     </span>
    </p>
   </div>
   <div class='ocr_carea' id='block_1_60' title="bbox 2127 3017 3718 3090">
    <p class='ocr_par' dir='ltr' id='par_1_60' title="bbox 2127 3017 3718 3090">
     <span class='ocr_line' id='line_1_60' title="bbox 2127 3017 3718 3090; baseline -0.004 -13"><span class='ocrx_word' id='word_1_433' title='bbox 2127 3024 2303 3077; x_wconf 79' lang='grc' dir='ltr'><strong>ἄλλων</strong></span> <span class='ocrx_word' id='word_1_434' title='bbox 2337 3023 2591 3077; x_wconf 82' lang='grc' dir='ltr'><strong>ἁπάντων</strong></span> <span class='ocrx_word' id='word_1_435' title='bbox 2623 3021 2906 3075; x_wconf 78' lang='grc' dir='ltr'><strong>ἐπέκειντο</strong></span> <span class='ocrx_word' id='word_1_436' title='bbox 2930 3020 3144 3090; x_wconf 82' lang='grc' dir='ltr'><strong>δριμεῖς</strong></span> <span class='ocrx_word' id='word_1_437' title='bbox 3171 3019 3220 3070; x_wconf 86' lang='grc' dir='ltr'><strong>οί</strong></span> <span class='ocrx_word' id='word_1_438' title='bbox 3247 3018 3354 3071; x_wconf 82' lang='grc' dir='ltr'><strong>ἀπὸ</strong></span> <span class='ocrx_word' id='word_1_439' title='bbox 3383 3017 3486 3088; x_wconf 82' lang='grc' dir='ltr'><strong>τῆς</strong></span> <span class='ocrx_word' id='word_1_440' title='bbox 3527 3018 3718 3089; x_wconf 78' lang='grc' dir='ltr'><strong>Συρίας</strong></span> 
     </span>
    </p>
   </div>
   <div class='ocr_carea' id='block_1_61' title="bbox 2125 3108 3714 3186">
    <p class='ocr_par' dir='ltr' id='par_1_61' title="bbox 2125 3108 3714 3186">
     <span class='ocr_line' id='line_1_61' title="bbox 2125 3108 3714 3186; baseline -0.006 -17"><span class='ocrx_word' id='word_1_441' title='bbox 2125 3117 2225 3186; x_wconf 83' lang='grc' dir='ltr'><strong>τῆς</strong></span> <span class='ocrx_word' id='word_1_442' title='bbox 2261 3115 2502 3184; x_wconf 79' lang='grc' dir='ltr'><strong>γείτονος</strong></span> <span class='ocrx_word' id='word_1_443' title='bbox 2549 3113 2644 3167; x_wconf 74' lang='grc' dir='ltr'><strong>καὶ</strong></span> <span class='ocrx_word' id='word_1_444' title='bbox 2693 3115 2792 3183; x_wconf 83' lang='grc' dir='ltr'><strong>τῆς</strong></span> <span class='ocrx_word' id='word_1_445' title='bbox 2851 3108 3168 3180; x_wconf 77' lang='grc' dir='ltr'><strong>Δαμασκοῦ.</strong></span> <span class='ocrx_word' id='word_1_446' title='bbox 3227 3108 3374 3178; x_wconf 85' lang='grc' dir='ltr'><strong>Πλὴν</strong></span> <span class='ocrx_word' id='word_1_447' title='bbox 3418 3111 3714 3177; x_wconf 84' lang='grc' dir='ltr'><strong>νενίκηντο.</strong></span> 
     </span>
    </p>
   </div>
   <div class='ocr_carea' id='block_1_62' title="bbox 2125 3202 3719 3274">
    <p class='ocr_par' dir='ltr' id='par_1_62' title="bbox 2125 3202 3719 3274">
     <span class='ocr_line' id='line_1_62' title="bbox 2125 3202 3719 3274; baseline -0.004 -14"><span class='ocrx_word' id='word_1_448' title='bbox 2125 3207 2261 3260; x_wconf 76' lang='grc' dir='ltr'><strong>Θεοῦ</strong></span> <span class='ocrx_word' id='word_1_449' title='bbox 2346 3204 2610 3270; x_wconf 76' lang='grc' dir='ltr'><strong>σώζοντός</strong></span> <span class='ocrx_word' id='word_1_450' title='bbox 2661 3221 2721 3257; x_wconf 89' lang='grc' dir='ltr'><strong>τε</strong></span> <span class='ocrx_word' id='word_1_451' title='bbox 2776 3203 2870 3256; x_wconf 57' lang='grc' dir='ltr'><strong>καὶ⁸</strong></span> <span class='ocrx_word' id='word_1_452' title='bbox 2914 3203 3288 3274; x_wconf 85' lang='grc' dir='ltr'><strong>ἐπαμύνοντος</strong></span> <span class='ocrx_word' id='word_1_453' title='bbox 3343 3204 3456 3264; x_wconf 83' lang='grc' dir='ltr'><strong>τοῖς</strong></span> <span class='ocrx_word' id='word_1_454' title='bbox 3513 3202 3580 3255; x_wconf 83' lang='grc' dir='ltr'><strong>ἐκ</strong></span> <span class='ocrx_word' id='word_1_455' title='bbox 3627 3202 3719 3262; x_wconf 72' lang='grc' dir='ltr'><strong>τῆς</strong></span> 
     </span>
    </p>
   </div>
   <div class='ocr_carea' id='block_1_63' title="bbox 437 3286 2018 3379">
    <p class='ocr_par' dir='ltr' id='par_1_63' title="bbox 437 3299 2018 3372">
     <span class='ocr_line' id='line_1_63' title="bbox 437 3299 2018 3372; baseline -0.005 -10"><span class='ocrx_word' id='word_1_456' title='bbox 437 3308 594 3370; x_wconf 79' lang='lat' dir='ltr'><strong>chus,</strong></span> <span class='ocrx_word' id='word_1_457' title='bbox 621 3305 706 3358; x_wconf 89' lang='lat' dir='ltr'><strong>cui</strong></span> <span class='ocrx_word' id='word_1_458' title='bbox 757 3317 1057 3372; x_wconf 76' lang='lat' dir='ltr'><strong>cognomen</strong></span> <span class='ocrx_word' id='word_1_459' title='bbox 1111 3309 1230 3355; x_wconf 89' lang='lat' dir='ltr'><strong>erat</strong></span> <span class='ocrx_word' id='word_1_460' title='bbox 1280 3299 1609 3367; x_wconf 85' lang='lat' dir='ltr'><strong>Epiphanes,</strong></span> <span class='ocrx_word' id='word_1_461' title='bbox 1653 3315 1876 3369; x_wconf 75' lang='lat' dir='ltr'><strong>regnum</strong></span> <span class='ocrx_word' id='word_1_462' title='bbox 1947 3310 2018 3354; x_wconf 90' lang='lat' dir='ltr'><strong>te-</strong></span> 
     </span>
    </p>
   </div>
   <div class='ocr_carea' id='block_1_64' title="bbox 2124 3286 3718 3379">
    <p class='ocr_par' dir='ltr' id='par_1_64' title="bbox 2128 3286 3718 3369">
     <span class='ocr_line' id='line_1_64' title="bbox 2128 3286 3718 3369; baseline -0.005 -18"><span class='ocrx_word' id='word_1_463' title='bbox 2128 3295 2526 3369; x_wconf 85' lang='grc' dir='ltr'><strong>αίχμαλωσίας.</strong></span> <span class='ocrx_word' id='word_1_464' title='bbox 2557 3295 2954 3365; x_wconf 83' lang='grc' dir='ltr'><strong>Κεκρατήκασι</strong></span> <span class='ocrx_word' id='word_1_465' title='bbox 3005 3294 3114 3365; x_wconf 85' lang='grc' dir='ltr'><strong>γὰρ</strong></span> <span class='ocrx_word' id='word_1_466' title='bbox 3159 3294 3270 3348; x_wconf 81' lang='grc' dir='ltr'><strong>τῶν</strong></span> <span class='ocrx_word' id='word_1_467' title='bbox 3313 3293 3551 3364; x_wconf 83' lang='grc' dir='ltr'><strong>ἐχθρῶν.</strong></span> <span class='ocrx_word' id='word_1_468' title='bbox 3589 3286 3718 3346; x_wconf 81' lang='grc' dir='ltr'><strong>Εἶτα</strong></span> 
     </span>
    </p>
   </div>
   <div class='ocr_carea' id='block_1_65' title="bbox 437 3391 2020 3459">
    <p class='ocr_par' dir='ltr' id='par_1_65' title="bbox 437 3391 2020 3459">
     <span class='ocr_line' id='line_1_65' title="bbox 437 3391 2020 3459; baseline -0.003 -10"><span class='ocrx_word' id='word_1_469' title='bbox 437 3411 574 3450; x_wconf 89' lang='lat' dir='ltr'><strong>nens</strong></span> <span class='ocrx_word' id='word_1_470' title='bbox 624 3394 789 3457; x_wconf 65' lang='lat' dir='ltr'><strong>Asia,</strong></span> <span class='ocrx_word' id='word_1_471' title='bbox 817 3391 1058 3448; x_wconf 82' lang='lat' dir='ltr'><strong>ol&#39;lensus</strong></span> <span class='ocrx_word' id='word_1_472' title='bbox 1099 3405 1182 3447; x_wconf 89' lang='lat' dir='ltr'><strong>cst</strong></span> <span class='ocrx_word' id='word_1_473' title='bbox 1214 3394 1267 3447; x_wconf 92' lang='lat' dir='ltr'><strong>in</strong></span> <span class='ocrx_word' id='word_1_474' title='bbox 1305 3408 1450 3455; x_wconf 90' lang='lat' dir='ltr'><strong>eum,</strong></span> <span class='ocrx_word' id='word_1_475' title='bbox 1486 3391 1575 3458; x_wconf 90' lang='lat' dir='ltr'><strong>qui</strong></span> <span class='ocrx_word' id='word_1_476' title='bbox 1613 3399 1722 3444; x_wconf 89' lang='lat' dir='ltr'><strong>tum</strong></span> <span class='ocrx_word' id='word_1_477' title='bbox 1763 3391 2020 3459; x_wconf 88' lang='lat' dir='ltr'><strong>temporis</strong></span> 
     </span>
    </p>
   </div>
   <div class='ocr_carea' id='block_1_66' title="bbox 434 3478 2017 3558">
    <p class='ocr_par' dir='ltr' id='par_1_66' title="bbox 434 3478 2017 3558">
     <span class='ocr_line' id='line_1_66' title="bbox 434 3478 2017 3558; baseline -0.009 -14"><span class='ocrx_word' id='word_1_478' title='bbox 434 3486 772 3558; x_wconf 63' lang='lat' dir='ltr'><strong>Egyptiaca</strong></span> <span class='ocrx_word' id='word_1_479' title='bbox 825 3494 982 3539; x_wconf 69' lang='lat' dir='ltr'><strong>terrae</strong></span> <span class='ocrx_word' id='word_1_480' title='bbox 1026 3498 1249 3553; x_wconf 85' lang='lat' dir='ltr'><strong>regnum</strong></span> <span class='ocrx_word' id='word_1_481' title='bbox 1303 3484 1600 3550; x_wconf 85' lang='lat' dir='ltr'><strong>occupabat</strong></span> <span class='ocrx_word' id='word_1_482' title='bbox 1646 3478 2017 3544; x_wconf 79' lang='lat' dir='ltr'><strong>Ptolemaeum,</strong></span> 
     </span>
    </p>
   </div>
   <div class='ocr_carea' id='block_1_67' title="bbox 437 3573 2022 3650">
    <p class='ocr_par' dir='ltr' id='par_1_67' title="bbox 437 3573 2022 3650">
     <span class='ocr_line' id='line_1_67' title="bbox 437 3573 2022 3650; baseline -0.004 -16"><span class='ocrx_word' id='word_1_483' title='bbox 437 3580 738 3650; x_wconf 68' lang='lat' dir='ltr'><strong>proelioque</strong></span> <span class='ocrx_word' id='word_1_484' title='bbox 821 3576 1112 3632; x_wconf 91' lang='lat' dir='ltr'><strong>commisso</strong></span> <span class='ocrx_word' id='word_1_485' title='bbox 1171 3574 1345 3629; x_wconf 83' lang='lat' dir='ltr'><strong>victus</strong></span> <span class='ocrx_word' id='word_1_486' title='bbox 1426 3583 1532 3638; x_wconf 88' lang='lat' dir='ltr'><strong>est,</strong></span> <span class='ocrx_word' id='word_1_487' title='bbox 1574 3575 1770 3644; x_wconf 80' lang='lat' dir='ltr'><strong>vixque</strong></span> <span class='ocrx_word' id='word_1_488' title='bbox 1843 3573 2022 3627; x_wconf 79' lang='lat' dir='ltr'><strong>salvus</strong></span> 
     </span>
    </p>
   </div>
   <div class='ocr_carea' id='block_1_68' title="bbox 436 3664 2018 3739">
    <p class='ocr_par' dir='ltr' id='par_1_68' title="bbox 436 3664 2018 3739">
     <span class='ocr_line' id='line_1_68' title="bbox 436 3664 2018 3739; baseline -0.004 -16"><span class='ocrx_word' id='word_1_489' title='bbox 436 3668 644 3739; x_wconf 71' lang='lat' dir='ltr'><strong>eliugit.</strong></span> <span class='ocrx_word' id='word_1_490' title='bbox 701 3666 778 3722; x_wconf 85' lang='lat' dir='ltr'><strong>Ne</strong></span> <span class='ocrx_word' id='word_1_491' title='bbox 812 3682 940 3721; x_wconf 77' lang='lat' dir='ltr'><strong>vero</strong></span> <span class='ocrx_word' id='word_1_492' title='bbox 961 3666 1182 3720; x_wconf 89' lang='lat' dir='ltr'><strong>omnino</strong></span> <span class='ocrx_word' id='word_1_493' title='bbox 1224 3681 1282 3720; x_wconf 87' lang='lat' dir='ltr'><strong>re</strong></span> <span class='ocrx_word' id='word_1_494' title='bbox 1312 3664 1511 3720; x_wconf 80' lang='lat' dir='ltr'><strong>inlecta</strong></span> <span class='ocrx_word' id='word_1_495' title='bbox 1543 3665 1762 3719; x_wconf 89' lang='lat' dir='ltr'><strong>domum</strong></span> <span class='ocrx_word' id='word_1_496' title='bbox 1796 3665 2018 3730; x_wconf 85' lang='lat' dir='ltr'><strong>rediret,</strong></span> 
     </span>
    </p>
   </div>
   <div class='ocr_carea' id='block_1_69' title="bbox 440 3755 2020 3830">
    <p class='ocr_par' dir='ltr' id='par_1_69' title="bbox 440 3755 2020 3830">
     <span class='ocr_line' id='line_1_69' title="bbox 440 3755 2020 3830; baseline -0.004 -15"><span class='ocrx_word' id='word_1_497' title='bbox 440 3761 584 3816; x_wconf 89' lang='lat' dir='ltr'><strong>nullo</strong></span> <span class='ocrx_word' id='word_1_498' title='bbox 653 3762 856 3830; x_wconf 86' lang='lat' dir='ltr'><strong>potitus</strong></span> <span class='ocrx_word' id='word_1_499' title='bbox 927 3758 1168 3812; x_wconf 60' lang='lat' dir='ltr'><strong>victoriae</strong></span> <span class='ocrx_word' id='word_1_500' title='bbox 1258 3764 1633 3819; x_wconf 88' lang='lat' dir='ltr'><strong>monumento,</strong></span> <span class='ocrx_word' id='word_1_501' title='bbox 1675 3755 1818 3811; x_wconf 86' lang='lat' dir='ltr'><strong>bello</strong></span> <span class='ocrx_word' id='word_1_502' title='bbox 1874 3755 2020 3809; x_wconf 90' lang='lat' dir='ltr'><strong>illato</strong></span> 
     </span>
    </p>
   </div>
   <div class='ocr_carea' id='block_1_70' title="bbox 435 3847 2022 3920">
    <p class='ocr_par' dir='ltr' id='par_1_70' title="bbox 435 3847 2022 3920">
     <span class='ocr_line' id='line_1_70' title="bbox 435 3847 2022 3920; baseline -0.005 -12"><span class='ocrx_word' id='word_1_503' title='bbox 435 3854 634 3908; x_wconf 71' lang='lat' dir='ltr'><strong>Jutlaea:</strong></span> <span class='ocrx_word' id='word_1_504' title='bbox 661 3851 1030 3920; x_wconf 85' lang='lat' dir='ltr'><strong>Hierosolyma</strong></span> <span class='ocrx_word' id='word_1_505' title='bbox 1073 3849 1380 3918; x_wconf 84' lang='lat' dir='ltr'><strong>occupavit,</strong></span> <span class='ocrx_word' id='word_1_506' title='bbox 1415 3859 1472 3902; x_wconf 87' lang='lat' dir='ltr'><strong>et</strong></span> <span class='ocrx_word' id='word_1_507' title='bbox 1501 3852 1602 3904; x_wconf 91' lang='lat' dir='ltr'><strong>sub</strong></span> <span class='ocrx_word' id='word_1_508' title='bbox 1635 3861 1878 3917; x_wconf 30' lang='lat' dir='ltr'><strong>manum;</strong></span> <span class='ocrx_word' id='word_1_509' title='bbox 1899 3847 2022 3900; x_wconf 88' lang='lat' dir='ltr'><strong>diti-</strong></span> 
     </span>
    </p>
   </div>
   <div class='ocr_carea' id='block_1_71' title="bbox 435 3935 2021 4011">
    <p class='ocr_par' dir='ltr' id='par_1_71' title="bbox 435 3935 2021 4011">
     <span class='ocr_line' id='line_1_71' title="bbox 435 3935 2021 4011; baseline -0.004 -15"><span class='ocrx_word' id='word_1_510' title='bbox 435 3957 704 4011; x_wconf 89' lang='lat' dir='ltr'><strong>onemque</strong></span> <span class='ocrx_word' id='word_1_511' title='bbox 732 3939 1196 4009; x_wconf 75' lang='lat' dir='ltr'><strong>redigeus,omnia</strong></span> <span class='ocrx_word' id='word_1_512' title='bbox 1245 3953 1375 3992; x_wconf 88' lang='lat' dir='ltr'><strong>vasa</strong></span> <span class='ocrx_word' id='word_1_513' title='bbox 1423 3953 1580 3994; x_wconf 89' lang='lat' dir='ltr'><strong>sacra</strong></span> <span class='ocrx_word' id='word_1_514' title='bbox 1625 3939 1886 4006; x_wconf 88' lang='lat' dir='ltr'><strong>diripiens</strong></span> <span class='ocrx_word' id='word_1_515' title='bbox 1915 3935 2021 4006; x_wconf 88' lang='lat' dir='ltr'><strong>Ly-</strong></span> 
     </span>
    </p>
   </div>
   <div class='ocr_carea' id='block_1_72' title="bbox 437 4027 2022 4101">
    <p class='ocr_par' dir='ltr' id='par_1_72' title="bbox 437 4027 2022 4101">
     <span class='ocr_line' id='line_1_72' title="bbox 437 4027 2022 4101; baseline -0.002 -15"><span class='ocrx_word' id='word_1_516' title='bbox 437 4034 574 4086; x_wconf 87' lang='lat' dir='ltr'><strong>siam</strong></span> <span class='ocrx_word' id='word_1_517' title='bbox 603 4029 894 4101; x_wconf 85' lang='lat' dir='ltr'><strong>quemdam</strong></span> <span class='ocrx_word' id='word_1_518' title='bbox 938 4029 1129 4084; x_wconf 89' lang='lat' dir='ltr'><strong>ducem</strong></span> <span class='ocrx_word' id='word_1_519' title='bbox 1155 4027 1354 4084; x_wconf 66' lang='lat' dir='ltr'><strong>Iudaea)</strong></span> <span class='ocrx_word' id='word_1_520' title='bbox 1409 4029 1674 4098; x_wconf 67' lang='lat' dir='ltr'><strong>praefecit,</strong></span> <span class='ocrx_word' id='word_1_521' title='bbox 1693 4043 1756 4083; x_wconf 86' lang='lat' dir='ltr'><strong>ac</strong></span> <span class='ocrx_word' id='word_1_522' title='bbox 1797 4028 2022 4099; x_wconf 70' lang='lat' dir='ltr'><strong>praelec-</strong></span> 
     </span>
    </p>
   </div>
   <div class='ocr_carea' id='block_1_73' title="bbox 439 4119 2018 4178">
    <p class='ocr_par' dir='ltr' id='par_1_73' title="bbox 439 4119 2018 4178">
     <span class='ocr_line' id='line_1_73' title="bbox 439 4119 2018 4178; baseline -0.001 -1"><span class='ocrx_word' id='word_1_523' title='bbox 439 4135 615 4178; x_wconf 89' lang='lat' dir='ltr'><strong>tnram</strong></span> <span class='ocrx_word' id='word_1_524' title='bbox 632 4122 679 4177; x_wconf 92' lang='lat' dir='ltr'><strong>ei</strong></span> <span class='ocrx_word' id='word_1_525' title='bbox 705 4121 956 4176; x_wconf 88' lang='lat' dir='ltr'><strong>tuendam</strong></span> <span class='ocrx_word' id='word_1_526' title='bbox 973 4134 1034 4174; x_wconf 87' lang='lat' dir='ltr'><strong>ac</strong></span> <span class='ocrx_word' id='word_1_527' title='bbox 1051 4119 1481 4174; x_wconf 87' lang='lat' dir='ltr'><strong>conservandam</strong></span> <span class='ocrx_word' id='word_1_528' title='bbox 1510 4120 2018 4175; x_wconf 88' lang='lat' dir='ltr'><strong>demandavit.Tum</strong></span> 
     </span>
    </p>
   </div>
   <div class='ocr_carea' id='block_1_74' title="bbox 436 4201 2020 4285">
    <p class='ocr_par' dir='ltr' id='par_1_74' title="bbox 436 4201 2020 4285">
     <span class='ocr_line' id='line_1_74' title="bbox 436 4201 2020 4285; baseline -0.003 -13"><span class='ocrx_word' id='word_1_529' title='bbox 436 4216 726 4280; x_wconf 71' lang='lat' dir='ltr'><strong>Antiocho,</strong></span> <span class='ocrx_word' id='word_1_530' title='bbox 744 4229 904 4285; x_wconf 87' lang='lat' dir='ltr'><strong>quem</strong></span> <span class='ocrx_word' id='word_1_531' title='bbox 936 4212 1378 4277; x_wconf 88' lang='lat' dir='ltr'><strong>commemoravi,</strong></span> <span class='ocrx_word' id='word_1_532' title='bbox 1397 4212 1463 4268; x_wconf 82' lang='lat' dir='ltr'><strong>ad</strong></span> <span class='ocrx_word' id='word_1_533' title='bbox 1498 4228 1655 4268; x_wconf 87' lang='lat' dir='ltr'><strong>suum</strong></span> <span class='ocrx_word' id='word_1_534' title='bbox 1678 4201 1900 4283; x_wconf 74' lang='lat' dir='ltr'><strong>regnum</strong></span> <span class='ocrx_word' id='word_1_535' title='bbox 1931 4229 2020 4268; x_wconf 86' lang='lat' dir='ltr'><strong>re-</strong></span> 
     </span>
    </p>
   </div>
   <div class='ocr_carea' id='block_1_75' title="bbox 434 4305 2019 4379">
    <p class='ocr_par' dir='ltr' id='par_1_75' title="bbox 434 4305 2019 4379">
     <span class='ocr_line' id='line_1_75' title="bbox 434 4305 2019 4379; baseline -0.001 -16"><span class='ocrx_word' id='word_1_536' title='bbox 434 4309 830 4375; x_wconf 74' lang='lat' dir='ltr'><strong>verso,bellum</strong></span> <span class='ocrx_word' id='word_1_537' title='bbox 862 4317 1112 4379; x_wconf 77' lang='lat' dir='ltr'><strong>gerentes</strong></span> <span class='ocrx_word' id='word_1_538' title='bbox 1158 4305 1324 4362; x_wconf 79' lang='lat' dir='ltr'><strong>Judaei</strong></span> <span class='ocrx_word' id='word_1_539' title='bbox 1355 4320 1476 4360; x_wconf 90' lang='lat' dir='ltr'><strong>cum</strong></span> <span class='ocrx_word' id='word_1_540' title='bbox 1530 4305 1690 4377; x_wconf 80' lang='lat' dir='ltr'><strong>Lysia</strong></span> <span class='ocrx_word' id='word_1_541' title='bbox 1741 4305 2019 4375; x_wconf 69' lang='lat' dir='ltr'><strong>praefecto,</strong></span> 
     </span>
    </p>
   </div>
   <div class='ocr_carea' id='block_1_76' title="bbox 435 4397 2018 4472">
    <p class='ocr_par' dir='ltr' id='par_1_76' title="bbox 435 4397 2018 4472">
     <span class='ocr_line' id='line_1_76' title="bbox 435 4397 2018 4472; baseline 0 -17"><span class='ocrx_word' id='word_1_542' title='bbox 435 4401 784 4472; x_wconf 77' lang='lat' dir='ltr'><strong>subegerunt.</strong></span> <span class='ocrx_word' id='word_1_543' title='bbox 803 4400 919 4467; x_wconf 86' lang='lat' dir='ltr'><strong>Quo</strong></span> <span class='ocrx_word' id='word_1_544' title='bbox 945 4399 1182 4469; x_wconf 79' lang='lat' dir='ltr'><strong>cognito,</strong></span> <span class='ocrx_word' id='word_1_545' title='bbox 1206 4397 1503 4453; x_wconf 79' lang='lat' dir='ltr'><strong>Antiochus</strong></span> <span class='ocrx_word' id='word_1_546' title='bbox 1529 4412 1640 4467; x_wconf 69' lang='lat' dir='ltr'><strong>prae</strong></span> <span class='ocrx_word' id='word_1_547' title='bbox 1661 4397 1848 4454; x_wconf 87' lang='lat' dir='ltr'><strong>dolore</strong></span> <span class='ocrx_word' id='word_1_548' title='bbox 1863 4397 2018 4455; x_wconf 86' lang='lat' dir='ltr'><strong>obiit.</strong></span> 
     </span>
    </p>
   </div>
   <div class='ocr_carea' id='block_1_77' title="bbox 437 4488 2021 4560">
    <p class='ocr_par' dir='ltr' id='par_1_77' title="bbox 437 4488 2021 4560">
     <span class='ocr_line' id='line_1_77' title="bbox 437 4488 2021 4560; baseline 0 -16"><span class='ocrx_word' id='word_1_549' title='bbox 437 4492 714 4546; x_wconf 82' lang='lat' dir='ltr'><strong>Promittit</strong></span> <span class='ocrx_word' id='word_1_550' title='bbox 754 4491 938 4560; x_wconf 86' lang='lat' dir='ltr'><strong>itaque</strong></span> <span class='ocrx_word' id='word_1_551' title='bbox 977 4491 1237 4546; x_wconf 75' lang='lat' dir='ltr'><strong>auxilium</strong></span> <span class='ocrx_word' id='word_1_552' title='bbox 1281 4490 1648 4544; x_wconf 85' lang='lat' dir='ltr'><strong>universitatis</strong></span> <span class='ocrx_word' id='word_1_553' title='bbox 1692 4489 1829 4543; x_wconf 88' lang='lat' dir='ltr'><strong>Deus</strong></span> <span class='ocrx_word' id='word_1_554' title='bbox 1855 4505 1884 4543; x_wconf 91' lang='lat' dir='ltr'><strong>a</strong></span> <span class='ocrx_word' id='word_1_555' title='bbox 1915 4488 2021 4544; x_wconf 76' lang='lat' dir='ltr'><strong>Na-</strong></span> 
     </span>
    </p>
   </div>
   <div class='ocr_carea' id='block_1_78' title="bbox 436 4581 2021 4652">
    <p class='ocr_par' dir='ltr' id='par_1_78' title="bbox 436 4581 2021 4652">
     <span class='ocr_line' id='line_1_78' title="bbox 436 4581 2021 4652; baseline 0.003 -21"><span class='ocrx_word' id='word_1_556' title='bbox 436 4581 887 4639; x_wconf 69' lang='lat' dir='ltr'><strong>huehodonosoro</strong></span> <span class='ocrx_word' id='word_1_557' title='bbox 917 4583 1134 4650; x_wconf 88' lang='lat' dir='ltr'><strong>quidem</strong></span> <span class='ocrx_word' id='word_1_558' title='bbox 1164 4582 1426 4645; x_wconf 88' lang='lat' dir='ltr'><strong>subactis,</strong></span> <span class='ocrx_word' id='word_1_559' title='bbox 1443 4581 1812 4652; x_wconf 83' lang='lat' dir='ltr'><strong>captivitatem</strong></span> <span class='ocrx_word' id='word_1_560' title='bbox 1840 4592 2021 4637; x_wconf 88' lang='lat' dir='ltr'><strong>tamen</strong></span> 
     </span>
    </p>
   </div>
   <div class='ocr_carea' id='block_1_79' title="bbox 2124 3383 3717 3464">
    <p class='ocr_par' dir='ltr' id='par_1_79' title="bbox 2124 3383 3717 3464">
     <span class='ocr_line' id='line_1_79' title="bbox 2124 3383 3717 3464; baseline -0.009 -17"><span class='ocrx_word' id='word_1_561' title='bbox 2124 3392 2318 3464; x_wconf 87' lang='grc' dir='ltr'><strong>χρόνου</strong></span> <span class='ocrx_word' id='word_1_562' title='bbox 2369 3388 2662 3459; x_wconf 71' lang='grc' dir='ltr'><strong>προϊόντος,</strong></span> <span class='ocrx_word' id='word_1_563' title='bbox 2724 3387 2996 3458; x_wconf 82' lang='grc' dir='ltr'><strong>Ἀντίοχος</strong></span> <span class='ocrx_word' id='word_1_564' title='bbox 3056 3388 3084 3439; x_wconf 90' lang='grc' dir='ltr'><strong>ὀ</strong></span> <span class='ocrx_word' id='word_1_565' title='bbox 3124 3387 3355 3458; x_wconf 79' lang='grc' dir='ltr'><strong>ἐπίκλην</strong></span> <span class='ocrx_word' id='word_1_566' title='bbox 3421 3383 3717 3457; x_wconf 74' lang='grc' dir='ltr'><strong>Ἐπιφανὴς</strong></span> 
     </span>
    </p>
   </div>
   <div class='ocr_carea' id='block_1_80' title="bbox 2125 3478 3714 3555">
    <p class='ocr_par' dir='ltr' id='par_1_80' title="bbox 2125 3478 3714 3555">
     <span class='ocr_line' id='line_1_80' title="bbox 2125 3478 3714 3555; baseline -0.006 -17"><span class='ocrx_word' id='word_1_567' title='bbox 2125 3482 2426 3555; x_wconf 80' lang='grc' dir='ltr'><strong>βασιλεύων</strong></span> <span class='ocrx_word' id='word_1_568' title='bbox 2454 3480 2554 3551; x_wconf 82' lang='grc' dir='ltr'><strong>τῆς</strong></span> <span class='ocrx_word' id='word_1_569' title='bbox 2603 3479 2807 3545; x_wconf 81' lang='grc' dir='ltr'><strong>Ἀσίας,</strong></span> <span class='ocrx_word' id='word_1_570' title='bbox 2840 3479 3144 3550; x_wconf 82' lang='grc' dir='ltr'><strong>λελύπηται</strong></span> <span class='ocrx_word' id='word_1_571' title='bbox 3184 3480 3282 3548; x_wconf 81' lang='grc' dir='ltr'><strong>μὲν</strong></span> <span class='ocrx_word' id='word_1_572' title='bbox 3319 3478 3455 3548; x_wconf 84' lang='grc' dir='ltr'><strong>πρὸς</strong></span> <span class='ocrx_word' id='word_1_573' title='bbox 3496 3479 3591 3531; x_wconf 85' lang='grc' dir='ltr'><strong>τὸν</strong></span> <span class='ocrx_word' id='word_1_574' title='bbox 3623 3479 3714 3546; x_wconf 83' lang='grc' dir='ltr'><strong>βα-</strong></span> 
     </span>
    </p>
   </div>
   <div class='ocr_carea' id='block_1_81' title="bbox 2125 3570 3715 3645">
    <p class='ocr_par' dir='ltr' id='par_1_81' title="bbox 2125 3570 3715 3645">
     <span class='ocr_line' id='line_1_81' title="bbox 2125 3570 3715 3645; baseline -0.006 -14"><span class='ocrx_word' id='word_1_575' title='bbox 2125 3577 2406 3632; x_wconf 86' lang='grc' dir='ltr'><strong>σιλεύοντα</strong></span> <span class='ocrx_word' id='word_1_576' title='bbox 2428 3575 2490 3628; x_wconf 81' lang='grc' dir='ltr'><strong>τὸ</strong></span> <span class='ocrx_word' id='word_1_577' title='bbox 2531 3574 2787 3645; x_wconf 76' lang='grc' dir='ltr'><strong>τηνικάδε</strong></span> <span class='ocrx_word' id='word_1_578' title='bbox 2840 3573 2942 3644; x_wconf 80' lang='grc' dir='ltr'><strong>τῆς</strong></span> <span class='ocrx_word' id='word_1_579' title='bbox 2996 3573 3311 3641; x_wconf 80' lang='grc' dir='ltr'><strong>Αἰγυπτίων</strong></span> <span class='ocrx_word' id='word_1_580' title='bbox 3373 3572 3476 3641; x_wconf 81' lang='grc' dir='ltr'><strong>γῆς</strong></span> <span class='ocrx_word' id='word_1_581' title='bbox 3528 3570 3715 3624; x_wconf 82' lang='grc' dir='ltr'><strong>Πτολε-</strong></span> 
     </span>
    </p>
   </div>
   <div class='ocr_carea' id='block_1_82' title="bbox 2127 3663 3710 3740">
    <p class='ocr_par' dir='ltr' id='par_1_82' title="bbox 2127 3663 3710 3740">
     <span class='ocr_line' id='line_1_82' title="bbox 2127 3663 3710 3740; baseline -0.007 -17"><span class='ocrx_word' id='word_1_582' title='bbox 2127 3671 2322 3740; x_wconf 83' lang='grc' dir='ltr'><strong>μαῖον’</strong></span> <span class='ocrx_word' id='word_1_583' title='bbox 2398 3668 2776 3739; x_wconf 80' lang='grc' dir='ltr'><strong>συγκροτήσας</strong></span> <span class='ocrx_word' id='word_1_584' title='bbox 2841 3665 2895 3718; x_wconf 85' lang='grc' dir='ltr'><strong>δέ</strong></span> <span class='ocrx_word' id='word_1_585' title='bbox 2965 3665 3221 3735; x_wconf 90' lang='grc' dir='ltr'><strong>πόλεμον,</strong></span> <span class='ocrx_word' id='word_1_586' title='bbox 3284 3663 3538 3733; x_wconf 87' lang='grc' dir='ltr'><strong>νενίκητο</strong></span> <span class='ocrx_word' id='word_1_587' title='bbox 3600 3663 3710 3734; x_wconf 85' lang='grc' dir='ltr'><strong>μὲν,</strong></span> 
     </span>
    </p>
   </div>
   <div class='ocr_carea' id='block_1_83' title="bbox 2121 3757 3712 3832">
    <p class='ocr_par' dir='ltr' id='par_1_83' title="bbox 2121 3757 3712 3832">
     <span class='ocr_line' id='line_1_83' title="bbox 2121 3757 3712 3832; baseline -0.003 -17"><span class='ocrx_word' id='word_1_588' title='bbox 2121 3760 2410 3824; x_wconf 79' lang='grc' dir='ltr'><strong>διεσώζετο</strong></span> <span class='ocrx_word' id='word_1_589' title='bbox 2437 3760 2493 3813; x_wconf 80' lang='grc' dir='ltr'><strong>δὲ</strong></span> <span class='ocrx_word' id='word_1_590' title='bbox 2529 3760 2703 3832; x_wconf 86' lang='grc' dir='ltr'><strong>μόλις.</strong></span> <span class='ocrx_word' id='word_1_591' title='bbox 2734 3761 2853 3812; x_wconf 81' lang='grc' dir='ltr'><strong>Ἵνα</strong></span> <span class='ocrx_word' id='word_1_592' title='bbox 2895 3758 2953 3812; x_wconf 82' lang='grc' dir='ltr'><strong>δὲ</strong></span> <span class='ocrx_word' id='word_1_593' title='bbox 3007 3758 3081 3830; x_wconf 82' lang='grc' dir='ltr'><strong>μὴ</strong></span> <span class='ocrx_word' id='word_1_594' title='bbox 3128 3758 3411 3828; x_wconf 82' lang='grc' dir='ltr'><strong>ἄπρακτος</strong></span> <span class='ocrx_word' id='word_1_595' title='bbox 3440 3757 3712 3819; x_wconf 79' lang='grc' dir='ltr'><strong>παντελῶς</strong></span> 
     </span>
    </p>
   </div>
   <div class='ocr_carea' id='block_1_84' title="bbox 2121 3851 3708 3926">
    <p class='ocr_par' dir='ltr' id='par_1_84' title="bbox 2121 3851 3708 3926">
     <span class='ocr_line' id='line_1_84' title="bbox 2121 3851 3708 3926; baseline -0.001 -21"><span class='ocrx_word' id='word_1_596' title='bbox 2121 3853 2321 3926; x_wconf 84' lang='grc' dir='ltr'><strong>δράμοι</strong></span> <span class='ocrx_word' id='word_1_597' title='bbox 2385 3852 2591 3918; x_wconf 74' lang='grc' dir='ltr'><strong>οἴκαδε,</strong></span> <span class='ocrx_word' id='word_1_598' title='bbox 2649 3852 2802 3906; x_wconf 82' lang='grc' dir='ltr'><strong>οὐδὲν</strong></span> <span class='ocrx_word' id='word_1_599' title='bbox 2853 3851 2992 3922; x_wconf 84' lang='grc' dir='ltr'><strong>ἔχων</strong></span> <span class='ocrx_word' id='word_1_600' title='bbox 3031 3851 3133 3923; x_wconf 78' lang='grc' dir='ltr'><strong>τῆς</strong></span> <span class='ocrx_word' id='word_1_601' title='bbox 3185 3853 3342 3923; x_wconf 87' lang='grc' dir='ltr'><strong>νίκης</strong></span> <span class='ocrx_word' id='word_1_602' title='bbox 3391 3851 3708 3922; x_wconf 81' lang='grc' dir='ltr'><strong>ὑπόμνημα,</strong></span> 
     </span>
    </p>
   </div>
   <div class='ocr_carea' id='block_1_85' title="bbox 2123 3935 3707 4014">
    <p class='ocr_par' dir='ltr' id='par_1_85' title="bbox 2123 3935 3707 4014">
     <span class='ocr_line' id='line_1_85' title="bbox 2123 3935 3707 4014; baseline -0.001 -17"><span class='ocrx_word' id='word_1_603' title='bbox 2123 3943 2558 4014; x_wconf 87' lang='grc' dir='ltr'><strong>κατεστράτευσε</strong></span> <span class='ocrx_word' id='word_1_604' title='bbox 2588 3941 2688 4012; x_wconf 81' lang='grc' dir='ltr'><strong>τῆς</strong></span> <span class='ocrx_word' id='word_1_605' title='bbox 2737 3941 3019 4008; x_wconf 84' lang='grc' dir='ltr'><strong>Ἰουδαίας,</strong></span> <span class='ocrx_word' id='word_1_606' title='bbox 3077 3935 3189 3995; x_wconf 72' lang='grc' dir='ltr'><strong>εἷλε</strong></span> <span class='ocrx_word' id='word_1_607' title='bbox 3221 3941 3292 3996; x_wconf 77' lang='grc' dir='ltr'><strong>τὰ</strong></span> <span class='ocrx_word' id='word_1_608' title='bbox 3339 3943 3707 4014; x_wconf 78' lang='grc' dir='ltr'><strong>Ἱεροσόλυμα.</strong></span> 
     </span>
    </p>
   </div>
   <div class='ocr_carea' id='block_1_86' title="bbox 2124 4033 3710 4105">
    <p class='ocr_par' dir='ltr' id='par_1_86' title="bbox 2124 4033 3710 4105">
     <span class='ocr_line' id='line_1_86' title="bbox 2124 4033 3710 4105; baseline -0.001 -17"><span class='ocrx_word' id='word_1_609' title='bbox 2124 4035 2220 4088; x_wconf 81' lang='grc' dir='ltr'><strong>καὶ</strong></span> <span class='ocrx_word' id='word_1_610' title='bbox 2271 4034 2378 4087; x_wconf 80' lang='grc' dir='ltr'><strong>ὑπὸ</strong></span> <span class='ocrx_word' id='word_1_611' title='bbox 2420 4037 2580 4105; x_wconf 83' lang='grc' dir='ltr'><strong>χεῖρα</strong></span> <span class='ocrx_word' id='word_1_612' title='bbox 2599 4033 2989 4096; x_wconf 81' lang='grc' dir='ltr'><strong>λαϐὼν,πάντα</strong></span> <span class='ocrx_word' id='word_1_613' title='bbox 3012 4033 3081 4089; x_wconf 82' lang='grc' dir='ltr'><strong>τὰ</strong></span> <span class='ocrx_word' id='word_1_614' title='bbox 3112 4033 3278 4104; x_wconf 88' lang='grc' dir='ltr'><strong>σκεύη</strong></span> <span class='ocrx_word' id='word_1_615' title='bbox 3311 4035 3379 4087; x_wconf 86' lang='grc' dir='ltr'><strong>τὰ</strong></span> <span class='ocrx_word' id='word_1_616' title='bbox 3406 4035 3541 4103; x_wconf 76' lang='grc' dir='ltr'><strong>ἅγια</strong></span> <span class='ocrx_word' id='word_1_617' title='bbox 3566 4038 3710 4104; x_wconf 75' lang='grc' dir='ltr'><strong>διαρο</strong></span> 
     </span>
    </p>
   </div>
   <div class='ocr_carea' id='block_1_87' title="bbox 2124 4125 3710 4199">
    <p class='ocr_par' dir='ltr' id='par_1_87' title="bbox 2124 4125 3710 4199">
     <span class='ocr_line' id='line_1_87' title="bbox 2124 4125 3710 4199; baseline -0.003 -16"><span class='ocrx_word' id='word_1_618' title='bbox 2124 4128 2326 4194; x_wconf 81' lang='grc' dir='ltr'><strong>πάσας,</strong></span> <span class='ocrx_word' id='word_1_619' title='bbox 2358 4127 2564 4180; x_wconf 84' lang='grc' dir='ltr'><strong>Λυσίαν</strong></span> <span class='ocrx_word' id='word_1_620' title='bbox 2591 4125 2715 4180; x_wconf 83' lang='grc' dir='ltr'><strong>τινὰ</strong></span> <span class='ocrx_word' id='word_1_621' title='bbox 2745 4126 3049 4198; x_wconf 82' lang='grc' dir='ltr'><strong>στρατηγὸν</strong></span> <span class='ocrx_word' id='word_1_622' title='bbox 3081 4126 3323 4199; x_wconf 86' lang='grc' dir='ltr'><strong>ἐνίδρυσε</strong></span> <span class='ocrx_word' id='word_1_623' title='bbox 3352 4129 3417 4199; x_wconf 78' lang='grc' dir='ltr'><strong>τῇ</strong></span> <span class='ocrx_word' id='word_1_624' title='bbox 3467 4126 3710 4198; x_wconf 81' lang='grc' dir='ltr'><strong>Ἰουδαίᾳ,</strong></span> 
     </span>
    </p>
   </div>
   <div class='ocr_carea' id='block_1_88' title="bbox 2124 4217 3712 4290">
    <p class='ocr_par' dir='ltr' id='par_1_88' title="bbox 2124 4217 3712 4290">
     <span class='ocr_line' id='line_1_88' title="bbox 2124 4217 3712 4290; baseline -0.001 -18"><span class='ocrx_word' id='word_1_625' title='bbox 2124 4221 2313 4290; x_wconf 83' lang='grc' dir='ltr'><strong>τηρεῖν</strong></span> <span class='ocrx_word' id='word_1_626' title='bbox 2364 4217 2628 4283; x_wconf 78' lang='grc' dir='ltr'><strong>ἐπιτάξας</strong></span> <span class='ocrx_word' id='word_1_627' title='bbox 2691 4217 2842 4288; x_wconf 76' lang='grc' dir='ltr'><strong>αὐτῷ</strong></span> <span class='ocrx_word' id='word_1_628' title='bbox 2901 4217 3002 4289; x_wconf 81' lang='grc' dir='ltr'><strong>τὴν</strong></span> <span class='ocrx_word' id='word_1_629' title='bbox 3051 4218 3247 4290; x_wconf 86' lang='grc' dir='ltr'><strong>ἀρχήν.</strong></span> <span class='ocrx_word' id='word_1_630' title='bbox 3327 4218 3554 4290; x_wconf 78' lang='grc' dir='ltr'><strong>Ἐπειδὴ</strong></span> <span class='ocrx_word' id='word_1_631' title='bbox 3607 4218 3659 4272; x_wconf 77' lang='grc' dir='ltr'><strong>δὲ</strong></span> <span class='ocrx_word' id='word_1_632' title='bbox 3687 4220 3712 4270; x_wconf 91' lang='lat'><strong>6</strong></span> 
     </span>
    </p>
   </div>
   <div class='ocr_carea' id='block_1_89' title="bbox 2129 4309 3710 4383">
    <p class='ocr_par' dir='ltr' id='par_1_89' title="bbox 2129 4309 3710 4383">
     <span class='ocr_line' id='line_1_89' title="bbox 2129 4309 3710 4383; baseline -0.001 -19"><span class='ocrx_word' id='word_1_633' title='bbox 2129 4310 2530 4382; x_wconf 77' lang='grc' dir='ltr'><strong>μνημονευθεὶς</strong></span> <span class='ocrx_word' id='word_1_634' title='bbox 2601 4309 2875 4380; x_wconf 82' lang='grc' dir='ltr'><strong>Ἀντίοχος</strong></span> <span class='ocrx_word' id='word_1_635' title='bbox 2927 4311 3008 4374; x_wconf 75' lang='grc' dir='ltr'><strong>εἰς</strong></span> <span class='ocrx_word' id='word_1_636' title='bbox 3045 4309 3146 4381; x_wconf 79' lang='grc' dir='ltr'><strong>τὴν</strong></span> <span class='ocrx_word' id='word_1_637' title='bbox 3178 4310 3372 4364; x_wconf 79' lang='grc' dir='ltr'><strong>ἑαυτοῦ</strong></span> <span class='ocrx_word' id='word_1_638' title='bbox 3405 4309 3710 4383; x_wconf 81' lang='grc' dir='ltr'><strong>δεδράμηκε</strong></span> 
     </span>
    </p>
   </div>
   <div class='ocr_carea' id='block_1_90' title="bbox 2127 4401 3712 4474">
    <p class='ocr_par' dir='ltr' id='par_1_90' title="bbox 2127 4401 3712 4474">
     <span class='ocr_line' id='line_1_90' title="bbox 2127 4401 3712 4474; baseline -0.001 -16"><span class='ocrx_word' id='word_1_639' title='bbox 2127 4402 2404 4474; x_wconf 86' lang='grc' dir='ltr'><strong>βασιλείαν</strong></span> <span class='ocrx_word' id='word_1_640' title='bbox 2429 4444 2443 4468; x_wconf 95' lang='grc'><strong>,</strong></span> <span class='ocrx_word' id='word_1_641' title='bbox 2494 4401 2944 4474; x_wconf 78' lang='grc' dir='ltr'><strong>πεπολεμήκασιν</strong></span> <span class='ocrx_word' id='word_1_642' title='bbox 2993 4403 3042 4456; x_wconf 81' lang='lat' dir='ltr'><strong>oi</strong></span> <span class='ocrx_word' id='word_1_643' title='bbox 3113 4403 3358 4456; x_wconf 85' lang='grc' dir='ltr'><strong>Ἰουδαῖοι</strong></span> <span class='ocrx_word' id='word_1_644' title='bbox 3409 4403 3587 4474; x_wconf 78' lang='grc' dir='ltr'><strong>Λυσίᾳ</strong></span> <span class='ocrx_word' id='word_1_645' title='bbox 3639 4401 3712 4472; x_wconf 81' lang='grc' dir='ltr'><strong>τῷ</strong></span> 
     </span>
    </p>
   </div>
   <div class='ocr_carea' id='block_1_91' title="bbox 2126 4495 3712 4569">
    <p class='ocr_par' dir='ltr' id='par_1_91' title="bbox 2126 4495 3712 4569">
     <span class='ocr_line' id='line_1_91' title="bbox 2126 4495 3712 4569; baseline 0.001 -21"><span class='ocrx_word' id='word_1_646' title='bbox 2126 4495 2437 4567; x_wconf 85' lang='grc' dir='ltr'><strong>στρατηγῷ,</strong></span> <span class='ocrx_word' id='word_1_647' title='bbox 2499 4496 2594 4550; x_wconf 75' lang='grc' dir='ltr'><strong>καὶ</strong></span> <span class='ocrx_word' id='word_1_648' title='bbox 2652 4498 2988 4569; x_wconf 84' lang='grc' dir='ltr'><strong>νενικήκασι.</strong></span> <span class='ocrx_word' id='word_1_649' title='bbox 3052 4495 3239 4551; x_wconf 78' lang='grc' dir='ltr'><strong>Ταῦτα</strong></span> <span class='ocrx_word' id='word_1_650' title='bbox 3295 4496 3358 4568; x_wconf 80' lang='grc' dir='ltr'><strong>δὴ</strong></span> <span class='ocrx_word' id='word_1_651' title='bbox 3453 4497 3645 4569; x_wconf 86' lang='grc' dir='ltr'><strong>μαθὼν</strong></span> <span class='ocrx_word' id='word_1_652' title='bbox 3686 4498 3712 4549; x_wconf 92' lang='lat'><strong>6</strong></span> 
     </span>
    </p>
   </div>
   <div class='ocr_carea' id='block_1_92' title="bbox 2137 4587 3710 4661">
    <p class='ocr_par' dir='ltr' id='par_1_92' title="bbox 2137 4587 3710 4661">
     <span class='ocr_line' id='line_1_92' title="bbox 2137 4587 3710 4661; baseline 0.001 -21"><span class='ocrx_word' id='word_1_653' title='bbox 2137 4587 2406 4658; x_wconf 84' lang='grc' dir='ltr'><strong>Ἀντίοχος</strong></span> <span class='ocrx_word' id='word_1_654' title='bbox 2449 4589 2515 4642; x_wconf 84' lang='grc' dir='ltr'><strong>ἐκ</strong></span> <span class='ocrx_word' id='word_1_655' title='bbox 2571 4587 2749 4660; x_wconf 90' lang='grc' dir='ltr'><strong>λύπης</strong></span> <span class='ocrx_word' id='word_1_656' title='bbox 2795 4590 3041 4661; x_wconf 78' lang='grc' dir='ltr'><strong>τελευτᾷ.</strong></span> <span class='ocrx_word' id='word_1_657' title='bbox 3115 4589 3487 4660; x_wconf 83' lang='grc' dir='ltr'><strong>’Υπισχνεῖται</strong></span> <span class='ocrx_word' id='word_1_658' title='bbox 3537 4591 3710 4646; x_wconf 84' lang='grc' dir='ltr'><strong>τοίνυν</strong></span> 
     </span>
    </p>
   </div>
   <div class='ocr_carea' id='block_1_93' title="bbox 436 4669 2018 4755">
    <p class='ocr_par' dir='ltr' id='par_1_93' title="bbox 436 4669 2017 4740">
     <span class='ocr_line' id='line_1_93' title="bbox 436 4669 2017 4740; baseline 0.001 -14"><span class='ocrx_word' id='word_1_659' title='bbox 436 4674 568 4728; x_wconf 89' lang='lat' dir='ltr'><strong>licet</strong></span> <span class='ocrx_word' id='word_1_660' title='bbox 619 4685 764 4740; x_wconf 68' lang='lat' dir='ltr'><strong>aegre</strong></span> <span class='ocrx_word' id='word_1_661' title='bbox 819 4669 1225 4740; x_wconf 79' lang='lat' dir='ltr'><strong>ell‘ugientibus,</strong></span> <span class='ocrx_word' id='word_1_662' title='bbox 1262 4684 1318 4727; x_wconf 90' lang='lat' dir='ltr'><strong>et</strong></span> <span class='ocrx_word' id='word_1_663' title='bbox 1345 4673 1418 4726; x_wconf 89' lang='lat' dir='ltr'><strong>ait</strong></span> <span class='ocrx_word' id='word_1_664' title='bbox 1453 4691 1467 4726; x_wconf 86' lang='lat'><strong>:</strong></span> <span class='ocrx_word' id='word_1_665' title='bbox 1507 4690 1526 4724; x_wconf 77' lang='grc' dir='ltr'><strong>ι</strong></span> <span class='ocrx_word' id='word_1_666' title='bbox 1559 4671 1626 4726; x_wconf 86' lang='grc' dir='ltr'><strong>Ει</strong></span> <span class='ocrx_word' id='word_1_667' title='bbox 1662 4670 1848 4727; x_wconf 90' lang='lat' dir='ltr'><strong>allidet</strong></span> <span class='ocrx_word' id='word_1_668' title='bbox 1878 4673 2017 4728; x_wconf 86' lang='lat' dir='ltr'><strong>Deus</strong></span> 
     </span>
    </p>
   </div>
   <div class='ocr_carea' id='block_1_94' title="bbox 2124 4669 3711 4755">
    <p class='ocr_par' dir='ltr' id='par_1_94' title="bbox 2124 4679 3711 4755">
     <span class='ocr_line' id='line_1_94' title="bbox 2124 4679 3711 4755; baseline 0.003 -23"><span class='ocrx_word' id='word_1_669' title='bbox 2124 4679 2218 4751; x_wconf 80' lang='grc' dir='ltr'><strong>τὴν</strong></span> <span class='ocrx_word' id='word_1_670' title='bbox 2247 4679 2570 4752; x_wconf 85' lang='grc' dir='ltr'><strong>ἐπικουρίαν</strong></span> <span class='ocrx_word' id='word_1_671' title='bbox 2601 4681 2630 4733; x_wconf 93' lang='lat'><strong>6</strong></span> <span class='ocrx_word' id='word_1_672' title='bbox 2661 4680 2771 4736; x_wconf 83' lang='grc' dir='ltr'><strong>τῶν</strong></span> <span class='ocrx_word' id='word_1_673' title='bbox 2802 4681 2941 4735; x_wconf 82' lang='grc' dir='ltr'><strong>ὅλων</strong></span> <span class='ocrx_word' id='word_1_674' title='bbox 2969 4681 3101 4745; x_wconf 81' lang='grc' dir='ltr'><strong>Θεὸς</strong></span> <span class='ocrx_word' id='word_1_675' title='bbox 3124 4685 3239 4744; x_wconf 83' lang='grc' dir='ltr'><strong>τοῖς</strong></span> <span class='ocrx_word' id='word_1_676' title='bbox 3272 4681 3711 4755; x_wconf 69' lang='grc' dir='ltr'><strong>πεπορθημένας</strong></span> 
     </span>
    </p>
   </div>
   <div class='ocr_carea' id='block_1_95' title="bbox 439 4762 2018 4847">
    <p class='ocr_par' dir='ltr' id='par_1_95' title="bbox 439 4762 2018 4836">
     <span class='ocr_line' id='line_1_95' title="bbox 439 4762 2018 4836; baseline 0.003 -17"><span class='ocrx_word' id='word_1_677' title='bbox 439 4768 783 4834; x_wconf 77' lang='lat' dir='ltr'><strong>insurgentes</strong></span> <span class='ocrx_word' id='word_1_678' title='bbox 805 4769 994 4818; x_wconf 87' lang='lat' dir='ltr'><strong>contra</strong></span> <span class='ocrx_word' id='word_1_679' title='bbox 1016 4772 1254 4818; x_wconf 89' lang='lat' dir='ltr'><strong>montem</strong></span> <span class='ocrx_word' id='word_1_680' title='bbox 1277 4762 1426 4818; x_wconf 87' lang='lat' dir='ltr'><strong>Sion.</strong></span> <span class='ocrx_word' id='word_1_681' title='bbox 1454 4764 1708 4835; x_wconf 70' lang='lat' dir='ltr'><strong>i_Audiii’,</strong></span> <span class='ocrx_word' id='word_1_682' title='bbox 1733 4781 1838 4836; x_wconf 90' lang='lat' dir='ltr'><strong>quo</strong></span> <span class='ocrx_word' id='word_1_683' title='bbox 1862 4775 2018 4836; x_wconf 89' lang='lat' dir='ltr'><strong>pacto</strong></span> 
     </span>
    </p>
   </div>
   <div class='ocr_carea' id='block_1_96' title="bbox 2124 4762 3712 4847">
    <p class='ocr_par' dir='ltr' id='par_1_96' title="bbox 2124 4773 3712 4847">
     <span class='ocr_line' id='line_1_96' title="bbox 2124 4773 3712 4847; baseline 0.002 -20"><span class='ocrx_word' id='word_1_684' title='bbox 2124 4773 2231 4828; x_wconf 82' lang='grc' dir='ltr'><strong>ὑπὸ</strong></span> <span class='ocrx_word' id='word_1_685' title='bbox 2258 4773 2352 4827; x_wconf 76' lang='grc' dir='ltr'><strong>τοῦ</strong></span> <span class='ocrx_word' id='word_1_686' title='bbox 2394 4774 2888 4846; x_wconf 76' lang='grc' dir='ltr'><strong>Ναὸουχοδονόσορ,</strong></span> <span class='ocrx_word' id='word_1_687' title='bbox 2941 4775 3266 4844; x_wconf 82' lang='grc' dir='ltr'><strong>διαφυγοῦσι</strong></span> <span class='ocrx_word' id='word_1_688' title='bbox 3298 4777 3357 4830; x_wconf 78' lang='grc' dir='ltr'><strong>δὲ.</strong></span> <span class='ocrx_word' id='word_1_689' title='bbox 3411 4777 3570 4847; x_wconf 82' lang='grc' dir='ltr'><strong>μόλις</strong></span> <span class='ocrx_word' id='word_1_690' title='bbox 3616 4775 3712 4845; x_wconf 79' lang='grc' dir='ltr'><strong>τὴν</strong></span> 
     </span>
    </p>
   </div>
   <div class='ocr_carea' id='block_1_97' title="bbox 436 4857 2018 4941">
    <p class='ocr_par' dir='ltr' id='par_1_97' title="bbox 436 4857 2017 4927">
     <span class='ocr_line' id='line_1_97' title="bbox 436 4857 2017 4927; baseline 0.001 -17"><span class='ocrx_word' id='word_1_691' title='bbox 436 4857 600 4911; x_wconf 75' lang='lat' dir='ltr'><strong>etiam</strong></span> <span class='ocrx_word' id='word_1_692' title='bbox 658 4857 750 4926; x_wconf 88' lang='lat' dir='ltr'><strong>qui</strong></span> <span class='ocrx_word' id='word_1_693' title='bbox 811 4857 1289 4924; x_wconf 82' lang='lat' dir='ltr'><strong>percntit,sanat?</strong></span> <span class='ocrx_word' id='word_1_694' title='bbox 1328 4860 1417 4926; x_wconf 88' lang='lat' dir='ltr'><strong>qui</strong></span> <span class='ocrx_word' id='word_1_695' title='bbox 1475 4867 1602 4912; x_wconf 89' lang='lat' dir='ltr'><strong>sunt</strong></span> <span class='ocrx_word' id='word_1_696' title='bbox 1641 4872 1772 4927; x_wconf 72' lang='lat' dir='ltr'><strong>ergo</strong></span> <span class='ocrx_word' id='word_1_697' title='bbox 1834 4859 2017 4913; x_wconf 82' lang='lat' dir='ltr'><strong>insur-</strong></span> 
     </span>
    </p>
   </div>
   <div class='ocr_carea' id='block_1_98' title="bbox 2124 4857 3709 4941">
    <p class='ocr_par' dir='ltr' id='par_1_98' title="bbox 2124 4867 3709 4941">
     <span class='ocr_line' id='line_1_98' title="bbox 2124 4867 3709 4941; baseline 0.002 -21"><span class='ocrx_word' id='word_1_698' title='bbox 2124 4867 2497 4938; x_wconf 73' lang='grc' dir='ltr'><strong>αἰχμαλωσίαν</strong></span> <span class='ocrx_word' id='word_1_699' title='bbox 2512 4869 2696 4940; x_wconf 75' lang='grc' dir='ltr'><strong>φησίψ</strong></span> <span class='ocrx_word' id='word_1_700' title='bbox 2723 4887 2740 4920; x_wconf 74' lang='grc' dir='ltr'><strong>ε</strong></span> <span class='ocrx_word' id='word_1_701' title='bbox 2760 4868 2870 4922; x_wconf 81' lang='grc' dir='ltr'><strong>Καὶ</strong></span> <span class='ocrx_word' id='word_1_702' title='bbox 2888 4867 3041 4941; x_wconf 60' lang='lat' dir='ltr'><strong>passi</strong></span> <span class='ocrx_word' id='word_1_703' title='bbox 3065 4871 3094 4923; x_wconf 90' lang='lat'><strong>6</strong></span> <span class='ocrx_word' id='word_1_704' title='bbox 3113 4869 3244 4933; x_wconf 87' lang='grc' dir='ltr'><strong>Θεὸς</strong></span> <span class='ocrx_word' id='word_1_705' title='bbox 3273 4870 3400 4934; x_wconf 76' lang='grc' dir='ltr'><strong>τοὺς</strong></span> <span class='ocrx_word' id='word_1_706' title='bbox 3421 4871 3709 4924; x_wconf 78' lang='grc' dir='ltr'><strong>ἐπανισταο</strong></span> 
     </span>
    </p>
   </div>
   <div class='ocr_carea' id='block_1_99' title="bbox 435 4948 2018 5031">
    <p class='ocr_par' dir='ltr' id='par_1_99' title="bbox 435 4948 2018 5024">
     <span class='ocr_line' id='line_1_99' title="bbox 435 4948 2018 5024; baseline 0.001 -21"><span class='ocrx_word' id='word_1_707' title='bbox 435 4960 625 5020; x_wconf 69' lang='lat' dir='ltr'><strong>gentes</strong></span> <span class='ocrx_word' id='word_1_708' title='bbox 653 4949 676 5002; x_wconf 75' lang='grc' dir='ltr'><em>ἳ</em></span> <span class='ocrx_word' id='word_1_709' title='bbox 713 4949 869 5020; x_wconf 89' lang='lat' dir='ltr'><strong>Syria</strong></span> <span class='ocrx_word' id='word_1_710' title='bbox 939 4965 968 5004; x_wconf 87' lang='lat' dir='ltr'><strong>a</strong></span> <span class='ocrx_word' id='word_1_711' title='bbox 1008 4948 1149 5024; x_wconf 1' lang='lat' dir='ltr'><strong>solis,</strong></span> <span class='ocrx_word' id='word_1_712' title='bbox 1185 4960 1329 5013; x_wconf 90' lang='lat' dir='ltr'><strong>ortu,</strong></span> <span class='ocrx_word' id='word_1_713' title='bbox 1351 4960 1406 5005; x_wconf 88' lang='lat' dir='ltr'><strong>et</strong></span> <span class='ocrx_word' id='word_1_714' title='bbox 1435 4948 1609 5005; x_wconf 73' lang='lat' dir='ltr'><strong>Graeci</strong></span> <span class='ocrx_word' id='word_1_715' title='bbox 1648 4965 1678 5004; x_wconf 87' lang='lat' dir='ltr'><strong>a</strong></span> <span class='ocrx_word' id='word_1_716' title='bbox 1711 4951 1837 5006; x_wconf 90' lang='lat' dir='ltr'><strong>solis</strong></span> <span class='ocrx_word' id='word_1_717' title='bbox 1861 4966 2018 5006; x_wconf 86' lang='lat' dir='ltr'><strong>occa-</strong></span> 
     </span>
    </p>
   </div>
   <div class='ocr_carea' id='block_1_100' title="bbox 2124 4948 3709 5031">
    <p class='ocr_par' dir='ltr' id='par_1_100' title="bbox 2127 4959 3709 5031">
     <span class='ocr_line' id='line_1_100' title="bbox 2127 4959 3709 5031; baseline 0.004 -19"><span class='ocrx_word' id='word_1_718' title='bbox 2127 4959 2322 5031; x_wconf 80' lang='grc' dir='ltr'><strong>μένους</strong></span> <span class='ocrx_word' id='word_1_719' title='bbox 2357 4960 2443 5013; x_wconf 76' lang='grc' dir='ltr'><strong>ἐπ’</strong></span> <span class='ocrx_word' id='word_1_720' title='bbox 2473 4961 2598 5030; x_wconf 76' lang='grc' dir='ltr'><strong>ὅρος</strong></span> <span class='ocrx_word' id='word_1_721' title='bbox 2630 4959 2768 5015; x_wconf 89' lang='grc' dir='ltr'><strong>Σιὼν</strong></span> <span class='ocrx_word' id='word_1_722' title='bbox 2801 4962 2887 5013; x_wconf 87' lang='grc' dir='ltr'><strong>ἐπ’</strong></span> <span class='ocrx_word' id='word_1_723' title='bbox 2915 4961 3134 5024; x_wconf 85' lang='grc' dir='ltr'><strong>αὐτούς.</strong></span> <span class='ocrx_word' id='word_1_724' title='bbox 3159 4979 3180 5015; x_wconf 67' lang='grc' dir='ltr'><strong>υ</strong></span> <span class='ocrx_word' id='word_1_725' title='bbox 3226 4964 3470 5028; x_wconf 81' lang='grc' dir='ltr'><strong>Ἀκούεις</strong></span> <span class='ocrx_word' id='word_1_726' title='bbox 3502 4966 3650 5027; x_wconf 74' lang='grc' dir='ltr'><strong>ὅπως</strong></span> <span class='ocrx_word' id='word_1_727' title='bbox 3682 4965 3709 5017; x_wconf 92' lang='lat'><strong>6</strong></span> 
     </span>
    </p>
   </div>
   <div class='ocr_carea' id='block_1_101' title="bbox 436 5041 2018 5126">
    <p class='ocr_par' dir='ltr' id='par_1_101' title="bbox 436 5041 2018 5112">
     <span class='ocr_line' id='line_1_101' title="bbox 436 5041 2018 5112; baseline -0.001 -16"><span class='ocrx_word' id='word_1_728' title='bbox 436 5059 519 5096; x_wconf 76' lang='lat' dir='ltr'><strong>sn.</strong></span> <span class='ocrx_word' id='word_1_729' title='bbox 564 5041 788 5097; x_wconf 68' lang='lat' dir='ltr'><strong>Graecus</strong></span> <span class='ocrx_word' id='word_1_730' title='bbox 846 5042 990 5097; x_wconf 91' lang='lat' dir='ltr'><strong>enim</strong></span> <span class='ocrx_word' id='word_1_731' title='bbox 1067 5055 1264 5112; x_wconf 82' lang='lat' dir='ltr'><strong>genere</strong></span> <span class='ocrx_word' id='word_1_732' title='bbox 1315 5051 1432 5095; x_wconf 80' lang='lat' dir='ltr'><strong>erat</strong></span> <span class='ocrx_word' id='word_1_733' title='bbox 1491 5042 1813 5108; x_wconf 83' lang='lat' dir='ltr'><strong>Antiochus,</strong></span> <span class='ocrx_word' id='word_1_734' title='bbox 1845 5043 1936 5111; x_wconf 91' lang='lat' dir='ltr'><strong>qui</strong></span> <span class='ocrx_word' id='word_1_735' title='bbox 1985 5055 2018 5094; x_wconf 88' lang='lat' dir='ltr'><strong>e</strong></span> 
     </span>
    </p>
   </div>
   <div class='ocr_carea' id='block_1_102' title="bbox 2124 5041 3704 5126">
    <p class='ocr_par' dir='ltr' id='par_1_102' title="bbox 2125 5049 3704 5126">
     <span class='ocr_line' id='line_1_102' title="bbox 2125 5049 3704 5126; baseline 0.003 -24"><span class='ocrx_word' id='word_1_736' title='bbox 2125 5049 2336 5120; x_wconf 79' lang='grc' dir='ltr'><strong>πλήξας</strong></span> <span class='ocrx_word' id='word_1_737' title='bbox 2381 5052 2474 5104; x_wconf 71' lang='grc' dir='ltr'><strong>καὶ</strong></span> <span class='ocrx_word' id='word_1_738' title='bbox 2525 5054 2722 5121; x_wconf 82' lang='grc' dir='ltr'><strong>μωτοῖ;</strong></span> <span class='ocrx_word' id='word_1_739' title='bbox 2796 5053 2940 5117; x_wconf 88' lang='grc' dir='ltr'><strong>τίνες</strong></span> <span class='ocrx_word' id='word_1_740' title='bbox 2999 5049 3096 5107; x_wconf 79' lang='grc' dir='ltr'><strong>οὗν</strong></span> <span class='ocrx_word' id='word_1_741' title='bbox 3139 5054 3188 5108; x_wconf 87' lang='grc' dir='ltr'><strong>οί</strong></span> <span class='ocrx_word' id='word_1_742' title='bbox 3243 5057 3704 5126; x_wconf 84' lang='grc' dir='ltr'><strong>ἐπανιστάμενοι;</strong></span> 
     </span>
    </p>
   </div>
   <div class='ocr_carea' id='block_1_103' title="bbox 437 5133 2018 5220">
    <p class='ocr_par' dir='ltr' id='par_1_103' title="bbox 437 5133 2017 5206">
     <span class='ocr_line' id='line_1_103' title="bbox 437 5133 2017 5206; baseline -0.001 -19"><span class='ocrx_word' id='word_1_743' title='bbox 437 5134 749 5191; x_wconf 76' lang='lat' dir='ltr'><strong>Macedonia</strong></span> <span class='ocrx_word' id='word_1_744' title='bbox 777 5148 1048 5206; x_wconf 86' lang='lat' dir='ltr'><strong>eruperat.</strong></span> <span class='ocrx_word' id='word_1_745' title='bbox 1083 5135 1156 5188; x_wconf 89' lang='lat' dir='ltr'><strong>Ea</strong></span> <span class='ocrx_word' id='word_1_746' title='bbox 1177 5149 1307 5188; x_wconf 79' lang='lat' dir='ltr'><strong>vero</strong></span> <span class='ocrx_word' id='word_1_747' title='bbox 1333 5143 1415 5188; x_wconf 88' lang='lat' dir='ltr'><strong>est</strong></span> <span class='ocrx_word' id='word_1_748' title='bbox 1447 5135 1512 5186; x_wconf 85' lang='lat' dir='ltr'><strong>ad</strong></span> <span class='ocrx_word' id='word_1_749' title='bbox 1541 5150 1790 5189; x_wconf 88' lang='lat' dir='ltr'><strong>occasum</strong></span> <span class='ocrx_word' id='word_1_750' title='bbox 1820 5151 1834 5186; x_wconf 89' lang='lat'><strong>:</strong></span> <span class='ocrx_word' id='word_1_751' title='bbox 1867 5133 2017 5203; x_wconf 65' lang='lat' dir='ltr'><strong>quip«</strong></span> 
     </span>
    </p>
   </div>
   <div class='ocr_carea' id='block_1_104' title="bbox 2124 5133 3705 5220">
    <p class='ocr_par' dir='ltr' id='par_1_104' title="bbox 2124 5141 3705 5220">
     <span class='ocr_line' id='line_1_104' title="bbox 2124 5141 3705 5220; baseline 0.003 -25"><span class='ocrx_word' id='word_1_752' title='bbox 2124 5143 2290 5214; x_wconf 88' lang='grc' dir='ltr'><strong>Συρία</strong></span> <span class='ocrx_word' id='word_1_753' title='bbox 2329 5141 2422 5213; x_wconf 76' lang='grc' dir='ltr'><strong>ἀφ’</strong></span> <span class='ocrx_word' id='word_1_754' title='bbox 2448 5145 2594 5214; x_wconf 83' lang='grc' dir='ltr'><strong>ἡλίου</strong></span> <span class='ocrx_word' id='word_1_755' title='bbox 2629 5145 2924 5211; x_wconf 86' lang='grc' dir='ltr'><strong>ἀνατολῶν,</strong></span> <span class='ocrx_word' id='word_1_756' title='bbox 2967 5149 3061 5203; x_wconf 73' lang='grc' dir='ltr'><strong>καὶ</strong></span> <span class='ocrx_word' id='word_1_757' title='bbox 3088 5149 3136 5201; x_wconf 80' lang='lat' dir='ltr'><strong>oi</strong></span> <span class='ocrx_word' id='word_1_758' title='bbox 3166 5147 3538 5219; x_wconf 67' lang='grc' dir='ltr'><strong>⁸Ελληνεςάφ’</strong></span> <span class='ocrx_word' id='word_1_759' title='bbox 3563 5149 3705 5220; x_wconf 78' lang='grc' dir='ltr'><strong>ἡλίου</strong></span> 
     </span>
    </p>
   </div>
   <div class='ocr_carea' id='block_1_105' title="bbox 435 5226 2018 5313">
    <p class='ocr_par' dir='ltr' id='par_1_105' title="bbox 435 5226 2017 5296">
     <span class='ocr_line' id='line_1_105' title="bbox 435 5226 2017 5296; baseline 0 -16"><span class='ocrx_word' id='word_1_760' title='bbox 435 5243 501 5295; x_wconf 89' lang='lat' dir='ltr'><strong>pe</strong></span> <span class='ocrx_word' id='word_1_761' title='bbox 569 5244 694 5296; x_wconf 88' lang='lat' dir='ltr'><strong>pars</strong></span> <span class='ocrx_word' id='word_1_762' title='bbox 761 5229 1061 5285; x_wconf 86' lang='lat' dir='ltr'><strong>occidentis</strong></span> <span class='ocrx_word' id='word_1_763' title='bbox 1113 5239 1197 5284; x_wconf 84' lang='lat' dir='ltr'><strong>est</strong></span> <span class='ocrx_word' id='word_1_764' title='bbox 1245 5226 1596 5281; x_wconf 84' lang='lat' dir='ltr'><strong>Macedonum</strong></span> <span class='ocrx_word' id='word_1_765' title='bbox 1668 5227 1834 5296; x_wconf 79' lang='lat' dir='ltr'><strong>regio,</strong></span> <span class='ocrx_word' id='word_1_766' title='bbox 1899 5241 2017 5280; x_wconf 87' lang='lat' dir='ltr'><strong>ma-</strong></span> 
     </span>
    </p>
   </div>
   <div class='ocr_carea' id='block_1_106' title="bbox 2124 5226 3705 5313">
    <p class='ocr_par' dir='ltr' id='par_1_106' title="bbox 2124 5235 3705 5313">
     <span class='ocr_line' id='line_1_106' title="bbox 2124 5235 3705 5313; baseline 0.002 -24"><span class='ocrx_word' id='word_1_767' title='bbox 2124 5235 2362 5308; x_wconf 85' lang='grc' dir='ltr'><strong>δυσμῶν.</strong></span> <span class='ocrx_word' id='word_1_768' title='bbox 2407 5237 2608 5310; x_wconf 84' lang='grc' dir='ltr'><strong>Ἕλλην</strong></span> <span class='ocrx_word' id='word_1_769' title='bbox 2635 5239 2743 5309; x_wconf 83' lang='grc' dir='ltr'><strong>γὰρ</strong></span> <span class='ocrx_word' id='word_1_770' title='bbox 2775 5236 2843 5310; x_wconf 79' lang='grc' dir='ltr'><strong>ἦν</strong></span> <span class='ocrx_word' id='word_1_771' title='bbox 2871 5241 2931 5293; x_wconf 86' lang='grc' dir='ltr'><strong>τὸ</strong></span> <span class='ocrx_word' id='word_1_772' title='bbox 2958 5241 3116 5308; x_wconf 81' lang='grc' dir='ltr'><strong>γένος</strong></span> <span class='ocrx_word' id='word_1_773' title='bbox 3159 5241 3189 5293; x_wconf 87' lang='grc' dir='ltr'>ὁ</span> <span class='ocrx_word' id='word_1_774' title='bbox 3254 5242 3546 5313; x_wconf 78' lang='grc' dir='ltr'><strong>Ἀντίοχος,</strong></span> <span class='ocrx_word' id='word_1_775' title='bbox 3591 5245 3618 5294; x_wconf 87' lang='grc' dir='ltr'><em>ὁ</em></span> <span class='ocrx_word' id='word_1_776' title='bbox 3646 5243 3705 5292; x_wconf 84' lang='grc' dir='ltr'><strong>ἐκ</strong></span> 
     </span>
    </p>
   </div>
   <div class='ocr_carea' id='block_1_107' title="bbox 437 5317 2018 5401">
    <p class='ocr_par' dir='ltr' id='par_1_107' title="bbox 437 5317 2016 5390">
     <span class='ocr_line' id='line_1_107' title="bbox 437 5317 2016 5390; baseline 0.002 -21"><span class='ocrx_word' id='word_1_777' title='bbox 437 5318 581 5369; x_wconf 70' lang='lat' dir='ltr'><strong>xime</strong></span> <span class='ocrx_word' id='word_1_778' title='bbox 609 5322 826 5385; x_wconf 87' lang='lat' dir='ltr'><strong>quando</strong></span> <span class='ocrx_word' id='word_1_779' title='bbox 878 5321 1041 5376; x_wconf 84' lang='lat' dir='ltr'><strong>veluti</strong></span> <span class='ocrx_word' id='word_1_780' title='bbox 1086 5335 1182 5390; x_wconf 91' lang='lat' dir='ltr'><strong>per</strong></span> <span class='ocrx_word' id='word_1_781' title='bbox 1227 5317 1688 5388; x_wconf 84' lang='lat' dir='ltr'><strong>comparationem</strong></span> <span class='ocrx_word' id='word_1_782' title='bbox 1735 5317 1911 5386; x_wconf 88' lang='lat' dir='ltr'><strong>quoad</strong></span> <span class='ocrx_word' id='word_1_783' title='bbox 1939 5319 2016 5372; x_wconf 88' lang='lat' dir='ltr'><strong>si-</strong></span> 
     </span>
    </p>
   </div>
   <div class='ocr_carea' id='block_1_108' title="bbox 2124 5317 3703 5401">
    <p class='ocr_par' dir='ltr' id='par_1_108' title="bbox 2124 5324 3703 5401">
     <span class='ocr_line' id='line_1_108' title="bbox 2124 5324 3703 5401; baseline 0.002 -23"><span class='ocrx_word' id='word_1_784' title='bbox 2124 5324 2464 5389; x_wconf 83' lang='grc' dir='ltr'><strong>Μακεδονίας</strong></span> <span class='ocrx_word' id='word_1_785' title='bbox 2521 5328 2860 5398; x_wconf 83' lang='grc' dir='ltr'><strong>ὁρμώμενος.</strong></span> <span class='ocrx_word' id='word_1_786' title='bbox 2933 5330 3077 5400; x_wconf 72' lang='grc' dir='ltr'><strong>Πρὸς</strong></span> <span class='ocrx_word' id='word_1_787' title='bbox 3150 5331 3385 5401; x_wconf 82' lang='grc' dir='ltr'><strong>δυσμαῖς</strong></span> <span class='ocrx_word' id='word_1_788' title='bbox 3446 5333 3504 5387; x_wconf 84' lang='grc' dir='ltr'><strong>δὲ</strong></span> <span class='ocrx_word' id='word_1_789' title='bbox 3549 5331 3703 5399; x_wconf 78' lang='grc' dir='ltr'><strong>αὕτη.</strong></span> 
     </span>
    </p>
   </div>
   <div class='ocr_carea' id='block_1_109' title="bbox 437 5407 2018 5500">
    <p class='ocr_par' dir='ltr' id='par_1_109' title="bbox 437 5407 2017 5491">
     <span class='ocr_line' id='line_1_109' title="bbox 437 5407 2017 5491; baseline 0.003 -32"><span class='ocrx_word' id='word_1_790' title='bbox 437 5416 547 5459; x_wconf 90' lang='lat' dir='ltr'><strong>tum</strong></span> <span class='ocrx_word' id='word_1_791' title='bbox 613 5410 679 5460; x_wconf 85' lang='lat' dir='ltr'><strong>de</strong></span> <span class='ocrx_word' id='word_1_792' title='bbox 745 5409 952 5491; x_wconf 82' lang='lat' dir='ltr'><strong>Graecis</strong></span> <span class='ocrx_word' id='word_1_793' title='bbox 1007 5411 1345 5482; x_wconf 80' lang='lat' dir='ltr'><strong>intelligitur.</strong></span> <span class='ocrx_word' id='word_1_794' title='bbox 1417 5407 1541 5482; x_wconf 89' lang='lat' dir='ltr'><strong>Syri</strong></span> <span class='ocrx_word' id='word_1_795' title='bbox 1607 5417 1787 5464; x_wconf 87' lang='lat' dir='ltr'><strong>autem</strong></span> <span class='ocrx_word' id='word_1_796' title='bbox 1836 5410 1889 5465; x_wconf 91' lang='lat' dir='ltr'><strong>hi</strong></span> <span class='ocrx_word' id='word_1_797' title='bbox 1960 5419 2017 5464; x_wconf 90' lang='lat' dir='ltr'><strong>et</strong></span> 
     </span>
    </p>
   </div>
   <div class='ocr_carea' id='block_1_110' title="bbox 2124 5407 3703 5500">
    <p class='ocr_par' dir='ltr' id='par_1_110' title="bbox 2124 5415 3703 5500">
     <span class='ocr_line' id='line_1_110' title="bbox 2124 5415 3703 5500; baseline 0.011 -33"><span class='ocrx_word' id='word_1_798' title='bbox 2124 5415 2438 5489; x_wconf 79' lang='grc' dir='ltr'><strong>Μέροςγὰρ</strong></span> <span class='ocrx_word' id='word_1_799' title='bbox 2472 5417 2572 5488; x_wconf 81' lang='grc' dir='ltr'><strong>τῆς</strong></span> <span class='ocrx_word' id='word_1_800' title='bbox 2627 5419 2899 5492; x_wconf 82' lang='grc' dir='ltr'><strong>Ἑσπέρας</strong></span> <span class='ocrx_word' id='word_1_801' title='bbox 2929 5423 2962 5490; x_wconf 83' lang='grc' dir='ltr'>ἡ</span> <span class='ocrx_word' id='word_1_802' title='bbox 3003 5421 3110 5476; x_wconf 83' lang='grc' dir='ltr'><strong>τῶν</strong></span> <span class='ocrx_word' id='word_1_803' title='bbox 3165 5425 3492 5479; x_wconf 87' lang='grc' dir='ltr'><strong>Μακεδόνων</strong></span> <span class='ocrx_word' id='word_1_804' title='bbox 3537 5423 3703 5500; x_wconf 69' lang='grc' dir='ltr'><strong>χώραν</strong></span> 
     </span>
    </p>
   </div>
   <div class='ocr_carea' id='block_1_111' title="bbox 433 5494 2018 5588">
    <p class='ocr_par' dir='ltr' id='par_1_111' title="bbox 433 5494 2017 5588">
     <span class='ocr_line' id='line_1_111' title="bbox 433 5494 2017 5588; baseline 0.004 -36"><span class='ocrx_word' id='word_1_805' title='bbox 433 5494 780 5588; x_wconf 77' lang='lat' dir='ltr'><strong>Damasceni.</strong></span> <span class='ocrx_word' id='word_1_806' title='bbox 819 5501 1306 5566; x_wconf 81' lang='lat' dir='ltr'><strong>Quoniamautem</strong></span> <span class='ocrx_word' id='word_1_807' title='bbox 1360 5503 1428 5559; x_wconf 84' lang='lat' dir='ltr'><strong>de</strong></span> <span class='ocrx_word' id='word_1_808' title='bbox 1483 5501 1689 5558; x_wconf 71' lang='lat' dir='ltr'><strong>Graecis</strong></span> <span class='ocrx_word' id='word_1_809' title='bbox 1732 5503 1832 5567; x_wconf 84' lang='lat' dir='ltr'><strong>ait,</strong></span> <span class='ocrx_word' id='word_1_810' title='bbox 1853 5502 2017 5558; x_wconf 90' lang='lat' dir='ltr'><strong>devo-</strong></span> 
     </span>
    </p>
   </div>
   <div class='ocr_carea' id='block_1_112' title="bbox 2124 5494 3706 5588">
    <p class='ocr_par' dir='ltr' id='par_1_112' title="bbox 2125 5494 3706 5588">
     <span class='ocr_line' id='line_1_112' title="bbox 2125 5494 3706 5588; baseline 0.005 -28"><span class='ocrx_word' id='word_1_811' title='bbox 2125 5506 2341 5577; x_wconf 77' lang='grc' dir='ltr'><strong>μάλισθ’</strong></span> <span class='ocrx_word' id='word_1_812' title='bbox 2360 5510 2487 5564; x_wconf 83' lang='grc' dir='ltr'><strong>ὅταν</strong></span> <span class='ocrx_word' id='word_1_813' title='bbox 2519 5512 2594 5575; x_wconf 85' lang='grc' dir='ltr'><strong>ὡς</strong></span> <span class='ocrx_word' id='word_1_814' title='bbox 2617 5513 2750 5582; x_wconf 84' lang='grc' dir='ltr'><strong>πρὸς</strong></span> <span class='ocrx_word' id='word_1_815' title='bbox 2781 5514 3067 5585; x_wconf 85' lang='grc' dir='ltr'><strong>σύγκρισιν</strong></span> <span class='ocrx_word' id='word_1_816' title='bbox 3096 5520 3330 5583; x_wconf 80' lang='grc' dir='ltr'><strong>νοεῖται,</strong></span> <span class='ocrx_word' id='word_1_817' title='bbox 3369 5519 3512 5573; x_wconf 84' lang='grc' dir='ltr'><strong>κατά</strong></span> <span class='ocrx_word' id='word_1_818' title='bbox 3527 5494 3587 5588; x_wconf 77' lang='grc' dir='ltr'><strong>γε</strong></span> <span class='ocrx_word' id='word_1_819' title='bbox 3614 5494 3706 5584; x_wconf 70' lang='grc' dir='ltr'><strong>τὴν</strong></span> 
     </span>
    </p>
   </div>
   <div class='ocr_carea' id='block_1_113' title="bbox 437 5587 2018 5682">
    <p class='ocr_par' dir='ltr' id='par_1_113' title="bbox 437 5587 1998 5663">
     <span class='ocr_line' id='line_1_113' title="bbox 437 5587 1998 5663; baseline 0.007 -21"><span class='ocrx_word' id='word_1_820' title='bbox 437 5598 618 5642; x_wconf 83' lang='lat' dir='ltr'><strong>rantes</strong></span> <span class='ocrx_word' id='word_1_821' title='bbox 676 5587 927 5647; x_wconf 81' lang='lat' dir='ltr'><strong>lsraelem</strong></span> <span class='ocrx_word' id='word_1_822' title='bbox 991 5601 1102 5650; x_wconf 87' lang='lat' dir='ltr'><strong>toto</strong></span> <span class='ocrx_word' id='word_1_823' title='bbox 1146 5609 1263 5660; x_wconf 85' lang='lat' dir='ltr'><strong>ore.</strong></span> <span class='ocrx_word' id='word_1_824' title='bbox 1321 5595 1624 5663; x_wconf 84' lang='lat' dir='ltr'><strong>sciendum,</strong></span> <span class='ocrx_word' id='word_1_825' title='bbox 1676 5595 1998 5653; x_wconf 78' lang='lat' dir='ltr'><strong>Antiochum</strong></span> 
     </span>
    </p>
   </div>
   <div class='ocr_carea' id='block_1_114' title="bbox 2124 5587 3704 5682">
    <p class='ocr_par' dir='ltr' id='par_1_114' title="bbox 2124 5587 3704 5682">
     <span class='ocr_line' id='line_1_114' title="bbox 2124 5587 3704 5682; baseline 0.004 -29"><span class='ocrx_word' id='word_1_826' title='bbox 2124 5599 2278 5670; x_wconf 67' lang='lat' dir='ltr'><strong>item,</strong></span> <span class='ocrx_word' id='word_1_827' title='bbox 2315 5603 2422 5654; x_wconf 83' lang='grc' dir='ltr'><strong>τῶν</strong></span> <span class='ocrx_word' id='word_1_828' title='bbox 2472 5604 2564 5674; x_wconf 67' lang='grc' dir='ltr'><strong>ἀφ’</strong></span> <span class='ocrx_word' id='word_1_829' title='bbox 2597 5604 2749 5672; x_wconf 75' lang='grc' dir='ltr'><strong>ἡλίου</strong></span> <span class='ocrx_word' id='word_1_830' title='bbox 2791 5607 3085 5664; x_wconf 84' lang='grc' dir='ltr'><strong>ἀνατολῶν,</strong></span> <span class='ocrx_word' id='word_1_831' title='bbox 3135 5609 3296 5682; x_wconf 85' lang='grc' dir='ltr'><strong>Σύροι</strong></span> <span class='ocrx_word' id='word_1_832' title='bbox 3341 5612 3396 5665; x_wconf 69' lang='grc' dir='ltr'><strong>δὲ</strong></span> <span class='ocrx_word' id='word_1_833' title='bbox 3431 5587 3575 5665; x_wconf 75' lang='grc' dir='ltr'><strong>οὖτοι</strong></span> <span class='ocrx_word' id='word_1_834' title='bbox 3615 5607 3704 5662; x_wconf 71' lang='grc' dir='ltr'><strong>καὶ</strong></span> 
     </span>
    </p>
   </div>
  </div>
