4002 6212
282 296 392 349 265

1402 285 1467 341 ΙΝ
1505 285 1740 343 ISAIAM
1778 284 1906 340 LIB.
1950 284 1988 339 l.
2029 284 2239 340 ORAT.
2281 282 2370 338 Vl.

3429 252 3533 335 εει

282 410 662 482 Δαμασκηνοί.
706 408 920 479 Ἐπειδὴ
966 409 1021 461 δέ
1056 424 1187 478 φησι
1233 406 1362 477 περὶ
1416 404 1525 459 τῶν
1578 403 1865 475 Ἑλλήνων,

1993 402 2265 460 :rudeliter
2288 413 2343 459 et
2397 402 2760 457 inhumaniter
2793 402 3051 472 impetum
3105 400 3157 456 in
3217 400 3432 457 Judteos
3462 403 3538 455 Γυ-

285 507 415 567 τοίις
482 502 866 564 κατεσθίοντας
915 500 1006 553 τὸν
1066 497 1282 570 Ἰσραὴλ
1334 496 1439 566 ὅλῳ
1472 496 1550 566 τῷ
1618 496 1865 565 στόματι,

295 596 465 650 ἰστέον
503 597 587 649 ὅτι
618 594 788 663 ὠμῶς
815 610 872 647 τε
904 594 999 647 καὶ
1025 589 1406 661 ἀπανθρώπως
1445 589 1867 660 προσενήνεκται

285 690 403 751 τοῖς
437 684 714 749 Ἰουδαίοις
745 688 775 739 ὁ
817 685 1104 754 Ἀντίοχος,
1153 683 1247 737 καὶ
1296 683 1699 761 ἀναριθμήτους
1765 681 1869 732 ἁπ-

287 778 516 830 έκτονεν
559 775 797 846 οἰκτρῶς
818 793 879 827 τε
916 776 1010 829 καὶ
1065 774 1332 838 ἐλεεινῶς,
1371 774 1459 826 ὅτε
1500 773 1598 826 καὶ
1628 771 1869 844 ῆθλησαν

285 868 336 920 cl
363 865 705 929 Μακαϐαῖοι,
757 865 852 919 καὶ
893 865 964 917 τὰ
1018 863 1191 935 σεμνά
1232 863 1341 916 τῶν
1390 862 1599 933 ἀνδρῶν
1648 862 1871 915 ἐκείνων

288 959 611 1028 πέπρακται
654 957 970 1028 νικητήρια.
1019 954 1203 1009 Ταῦτα
1250 954 1308 1007 δὲ
1367 953 1626 1025 Ἰώσηπος
1671 956 1872 1025 ἱστορεῖ

283 1052 346 1104 ὲν
366 1054 433 1122 τῇ
464 1050 599 1123 περὶ
633 1049 813 1104 αὐτῶν
840 1048 1027 1119 βίϐλῳ.
1064 1046 1423 1101 Κατεσθίουσί
1446 1064 1511 1115 γε
1541 1047 1649 1117 μὴν
1676 1046 1869 1116 Έλλή..

282 1158 393 1196 νων
416 1140 609 1204 παῖδες
653 1140 745 1193 καὶ
766 1139 966 1210 ἑτέρως
992 1138 1082 1191 τὸν
1127 1138 1359 1209 Ἰσραὴλ,
1398 1138 1491 1191 καὶ
1530 1138 1677 1200 ὅπως
1700 1140 1871 1190 εἰπεῖν

283 1232 611 1299 ἀναγκαῖον.
665 1230 728 1282 Di
755 1228 853 1299 μὲν
885 1228 996 1298 γὰρ
1029 1229 1157 1297 παρ’
1192 1229 1375 1290 αὐτοῖς
1403 1228 1624 1297 ποιηταὶ
1658 1228 1750 1280 καὶ
1786 1227 1871 1279 λο-

285 1323 474 1393 γάδες,
498 1323 579 1386 εἰς
600 1321 769 1390 ἄκρον
795 1321 1023 1391 ἥκοντες
1049 1320 1406 1388 εὐγλωττίας,
1434 1322 1528 1374 καὶ
1562 1321 1623 1373 τό
1649 1336 1712 1387 γε
1738 1316 1872 1391 ἧκον

282 1418 369 1478 εἰς
397 1414 614 1482 λόγους,
644 1413 805 1466 δεινοί
849 1430 908 1465 τε
932 1412 1084 1475 ὄντες
1115 1413 1209 1466 καὶ
1237 1414 1410 1481 σοφοὶ,
1435 1412 1873 1483 συναρπάζουσιν

286 1507 401 1561 ἐσθ’
450 1508 543 1560 ὅτε
593 1505 686 1558 τὸν
724 1505 910 1573 νοητὸν
955 1502 1190 1575 Ἰσραὴλ,
1225 1502 1371 1556 τοῦτ’
1405 1503 1541 1564 ἔστι,
1606 1505 1699 1557 καὶ
1752 1503 1874 1557 νοῦν

285 1599 506 1670 ὁρῶντα
549 1595 705 1658 Θεὸν,
755 1594 848 1648 καὶ
893 1594 1145 1649 ἀπατῶσι
1181 1595 1307 1657 τοὺς
1340 1593 1440 1664 ἥδη
1482 1594 1876 1658 πιστεύσαντας

287 1691 370 1753 εἰς
388 1685 650 1761 Χριστὸν,
672 1685 818 1739 ὥστε
846 1686 939 1739 καὶ
989 1685 1203 1739 ἑλέσθαι
1231 1686 1328 1739 σὺν
1362 1687 1546 1750 αὐτοῖς
1591 1689 1655 1756 τῇ
1700 1687 1874 1739 κτίσει

290 1779 451 1852 παρὰ
496 1778 594 1833 τὸν
643 1777 905 1831 κτίσαντα
946 1778 1287 1846 προσκυνεῖν.
1321 1770 1479 1831 Οὗτοι
1506 1776 1876 1830 κατεσθίουσιν

288 1873 400 1943 ὅλῳ
432 1869 527 1941 ,τῷ
586 1869 817 1938 στόματι
868 1867 959 1921 τὸν
1007 1867 1243 1940 Ἰσραὴλ,
1292 1862 1373 1931 οἷς
1422 1868 1484 1921 ού
1524 1867 1872 1938 προσεκτέον.

290 1960 472 2030 Δόγου
507 1961 613 2036 μιν
641 1958 750 2031 γὰρ
783 1957 1103 2028 λαμπρότης
1156 1957 1337 2028 ἔργοις
1379 1957 1603 2027 ἀγαθοῖς
1636 1961 1684 2011 εί
1708 1958 1880 2029 ὁρῷτο

292 2052 619 2126 σύνδρομος,
648 2050 803 2105 ἔσται
827 2050 921 2104 καὶ
963 2049 1145 2120 δεκτὴ,
1182 2050 1274 2102 καὶ
1306 2050 1605 2107 ἀνδάνουσα
1631 2050 1708 2119 τῷ
1740 2051 1877 2120 Θεῷ.

295 2143 442 2215 Ψιλη
466 2142 528 2196 δὲ
560 2141 652 2196 καὶ
685 2141 822 2212 μόνη
860 2140 911 2192 τί
953 2139 1020 2193 ἂν
1068 2140 1249 2210 ἕτερον
1297 2140 1382 2210 εἴη
1431 2139 1634 2205 λοιπὸν,
1675 2140 1708 2208 ἢ
1741 2140 1881 2192 καθά

295 2250 466 2306 φησιν
523 2235 555 2287 ὁ
625 2230 938 2303 σοφώτατος
994 2232 1233 2296 Παῦλος,
1303 2253 1319 2283 ι
1350 2234 1547 2304 χαλκὸς
1604 2234 1772 2304 ἠχῶν,
1847 2236 1879 2305 ἢ

294 2314 579 2397 κύβδαλον
624 2324 926 2390 ἀλαλάζον;
961 2344 979 2376 ι

284 2462 293 2467 .
378 2418 517 2474 Ἐπί
546 2417 781 2482 τούτοις
814 2416 1042 2470 ἅπασιν
1071 2418 1182 2470 οὐκ
1219 2418 1572 2486 ἀπεστράφη
1607 2421 1641 2471 ό
1670 2418 1877 2486 θυμὸς,

301 2510 443 2568 w'
492 2511 585 2565 ἔτι
628 2511 665 2577 ἡ
728 2508 856 2577 χεὶρ
900 2508 1132 2576 ὑψηλή.
1175 2510 1283 2563 Kal
1330 2506 1563 2572 admit;
1612 2511 1723 2562 οὐκ
1772 2510 1883 2563 ἀπ-

296 2599 576 2672 εστράφη
604 2599 718 2668 ἕως
744 2594 823 2655 οὗ
844 2598 1105 2668 ἐπλήγη,
1139 2599 1237 2653 καὶ
1262 2600 1366 2653 τὸν
1387 2603 1601 2671 Κύριον
1629 2602 1738 2654 οὐκ
1757 2601 1880 2672 ἐζήο

300 2709 523 2763 tuear.

372 2787 598 2841 Σέσωκε
634 2787 728 2856 μὲν
774 2785 883 2857 γὰρ
915 2787 946 2839 ὁ
978 2786 1085 2840 τῶν
1128 2788 1263 2841 ὅλων
1310 2788 1441 2852 Θεὸς
1491 2790 1584 2842 καὶ
1626 2789 1885 2862 πλημμε-

301 2877 511 2932 λοῦντα
551 2876 641 2929 τὸν
681 2876 911 2949 Ἰσραὴλ,
946 2879 1040 2931 καὶ
1069 2876 1366 2950 δεδώρηται
1408 2880 1504 2949 τὴν
1544 2880 1882 2951 ἐπικουρίαν,

302 2972 453 3025 ὥστε
504 2969 595 3023 καὶ
634 2970 849 3039 μείζους
887 2968 1141 3038 γενέσθαι
1176 2970 1284 3023 τῶν
1310 2974 1374 3023 ἐκ
1409 2971 1607 3042 Συρίας
1644 2971 1745 3040 τῆς
1776 2970 1888 3039 γεί-

1970 494 2133 558 cisse;
2178 501 2232 547 et
2287 490 2707 547 innumerabiles
2765 492 3020 546 miserum
3070 492 3122 545 in
3160 492 3379 546 modum
3435 502 3543 545 tru-

1971 583 2177 639 cidasse
2202 597 2217 636 :
2246 583 2467 653 quando
2516 590 2572 637 et
2624 580 2912 637 Machabzei
2948 590 3241 648 certarunt,
3277 582 3546 638 illustres-

1971 689 2076 742 que
2126 675 2197 737 de
2257 674 2360 728 illis
2410 673 2717 727 hominibus
2770 672 3052 729 celebrata:
3097 684 3224 729 sunt
3281 675 3538 733 victoriae.

1973 760 2264 815 Historiam
2311 763 2452 817 hanc
2524 762 2688 816 refert
2729 760 2998 831 Iosephus
3069 764 3123 817 in
3171 764 3309 818 libro
3381 779 3543 834 quem

1971 855 2036 907 de
2074 868 2137 909 eo
2178 855 2530 924 conscripsit.
2572 856 2839 910 Devorant
2875 864 2928 910 et
2974 856 3080 910 alio
3139 857 3300 913 modo
3369 855 3542 913 Graeci

1974 946 2251 1013 lsraelem,
2328 947 2488 1017 idque
2557 963 2662 1016 quo
2728 959 2884 1017 pacto
2947 948 3066 1017 ﬁat,
3102 958 3183 1005 est
3237 950 3541 1006 dicendum.

1974 1037 2106 1091 Nam
2136 1048 2308 1107 poetze
2350 1054 2537 1093 eorum
2571 1051 2623 1093 et
2668 1048 2934 1104 oratores,
2994 1040 3061 1094 ad
3114 1055 3383 1096 summum
3436 1044 3548 1113 api-

1977 1142 2095 1183 cem
2149 1130 2416 1184 facundiae
2475 1132 2874 1197 pervenientes,
2932 1140 2992 1187 et
3031 1131 3244 1188 dicendi
3291 1132 3547 1188 facultate

1975 1233 2317 1291 praestantes,
2346 1239 2410 1277 ac
2450 1224 2547 1279 viri
2589 1225 2877 1293 sapientes,
2911 1226 3158 1281 lsraelem
3191 1228 3545 1295 spiritunlem,

1979 1314 2137 1384 162
2181 1314 2231 1367 id
2266 1323 2373 1378 est,
2409 1323 2641 1369 mentem
2692 1314 3192 1386 contemplatricem
3249 1318 3365 1383 Dei,
3411 1319 3550 1372 arri-

1977 1407 2151 1474 piunt,
2185 1414 2240 1461 et
2272 1420 2367 1461 eos
2405 1407 2498 1475 qui
2526 1407 2638 1476 jam
2671 1408 2723 1462 in
2754 1407 3030 1463 Christum
3064 1409 3430 1475 crediderunt,
3461 1427 3547 1467 se-

1977 1499 2199 1559 ducunt,
2234 1506 2290 1550 ut
2324 1498 2511 1552 malint
2543 1514 2663 1553 cum
2700 1499 2831 1567 ipsis
2870 1507 3173 1553 creaturam
3227 1516 3339 1569 prae
3386 1502 3549 1557 Crea-

1978 1596 2096 1639 tore
2125 1586 2373 1641 adorare.
2426 1584 2485 1639 lli
2524 1597 2634 1641 toto
2664 1601 2760 1639 ore
2804 1587 3054 1643 lsraelem
3099 1588 3381 1654 devorant,
3429 1591 3550 1660 qui-

1979 1677 2082 1732 bus
2118 1692 2225 1731 non
2254 1688 2338 1731 est
2377 1677 2784 1733 attendendum.
2849 1679 3115 1748 Splendor
3157 1682 3303 1736 enim
3347 1683 3550 1739 oratio-

1980 1770 2068 1824 nis
2111 1771 2154 1823 si
2192 1785 2317 1824 eum
2369 1770 2626 1841 cperibus
2672 1771 2827 1827 bonis
2879 1774 3203 1844 coniunctus
3254 1774 3547 1839 videretur,

1980 1869 2124 1915 esset
2179 1869 2400 1929 accepta
2447 1870 2502 1914 et
2535 1860 2644 1916 Deo
2678 1862 2896 1930 placens
2937 1864 3133 1920 oratio.
3152 1864 3306 1922 Nuda
3343 1873 3549 1931 autem,

1980 1961 2035 2004 et
2080 1953 2343 2019 solitaria,
2384 1953 2515 2021 quid
2577 1954 2720 2008 aliud
2779 1968 2943 2021 porro
2983 1955 3072 2018 sit,
3104 1970 3291 2026 quam,
3343 1968 3403 2011 ut
3463 1973 3548 2013 sa-

1982 2041 2350 2108 pientissimus
2376 2041 2571 2096 Paulus
2609 2042 2748 2095 ait"
2781 2060 2793 2096 :
2831 2060 2848 2092 ι
2889 2058 2963 2099 tes
2989 2058 3189 2099 sonans
3217 2045 3300 2099 vel
3343 2047 3553 2115 cymba-

1981 2130 2089 2183 lum
2151 2131 2418 2185 tinniens?
2442 2150 2459 2182 ι

2057 2412 2219 2467 Vens.
2255 2414 2342 2467 15.
2384 2412 2451 2467 In
2482 2414 2563 2467 his
2599 2415 2836 2467 omnibus
2875 2430 2979 2468 nou
3010 2431 3224 2469 aversus
3255 2429 3326 2470 est
3382 2417 3554 2485 furor,

1984 2509 2073 2560 sed
2089 2508 2380 2561 etiamnum
2403 2522 2593 2560 manus
2617 2506 2820 2561 excelsa
2846 2516 2918 2560 est
2940 2520 2960 2559 :
2987 2518 3034 2560 et
3055 2508 3279 2577 populus
3305 2525 3410 2563 non
3441 2526 3558 2563 con-

1984 2614 2165 2654 versus
2194 2607 2292 2664 est,
2322 2598 2485 2652 donec
2506 2602 2780 2669 percussus
2804 2610 2898 2665 est,
2952 2611 2999 2653 et
3032 2599 3312 2656 Dominum
3343 2619 3446 2657 non
3467 2620 3559 2657 ea:-

1983 2692 2326 2760 quisivcrunt.

2054 2780 2189 2838 Nam
2240 2784 2479 2838 servavit
2512 2785 2882 2839 universitatis
2924 2785 3065 2841 Deus
3102 2786 3354 2844 lsraelem
3396 2792 3557 2845 etiam

1989 2874 2412 2943 delinquentcm,
2443 2888 2497 2932 et
2537 2876 2656 2929 lnlil
2679 2877 2975 2945 suppetias,
3017 2878 3152 2933 adeo
3182 2889 3242 2933 ut
3269 2880 3420 2952 Syris
3441 2882 3565 2938 lini-

1991 2966 2133 3020 timis
2169 2980 2224 3019 ct
2272 2968 2583 3021 hominibus
2634 2968 3060 3024 occidentalibus
3092 2968 3255 3025 fuerit
3292 2974 3559 3042 superior,

301 3078 480 3125 τονος,
516 3061 611 3114 καὶ
644 3060 753 3115 τῶν
782 3061 874 3129 ἀφ’
909 3060 1061 3130 ἡλίου
1104 3060 1346 3131 δυσμῶν,
1375 3061 1424 3113 οἳ
1470 3062 1759 3132 κατήσθιον
1786 3062 1884 3113 αύ-

1993 3065 2080 3133 ηιιί
2109 3079 2230 3118 ειιιιι
2264 3073 2374 3118 toto
2402 3077 2496 3118 ore
2521 3062 2878 3123 devorarent.
2909 3062 3132 3128 Verum,
3160 3062 3355 3134 inquit,
3392 3066 3443 3120 in
3479 3067 3567 3123 his

305 3157 397 3210 τὸν
415 3154 525 3224 ὅλῳ
552 3153 631 3223 τῷ
654 3152 901 3221 στόματι.
923 3151 1069 3222 Πλὴν
1091 3154 1119 3205 ὁ
1144 3152 1229 3204 ἐπ’
1252 3151 1432 3215 αὐτοῖς
1453 3150 1623 3222 θυμὸς
1656 3151 1881 3223 Κυρίου,

305 3246 495 3316 φησὶν,
523 3244 625 3297 ούκ
654 3244 1005 3312 ἀπεστράφη,
1055 3240 1200 3295 τοῦτ’
1254 3241 1422 3305 ἔστιν,
1463 3242 1524 3294 οὐ
1568 3241 1882 3313 κατέληξεν,

307 3335 488 3407 ὑψηλὴ
509 3335 566 3387 δὲ
592 3332 793 3404 μᾶλλον
822 3332 1242 3404 ἀπομεμένηκεν
1273 3333 1305 3403 η
1334 3332 1428 3385 τοῦ
1462 3334 1711 3397 παίοντος
1741 3336 1882 3407 χεὶρ,

308 3426 547 3496 ἑτοίμως
575 3424 773 3494 ἔχουσα
818 3424 1059 3494 δηλονότι
1109 3423 1322 3493 πληγὰς
1352 3424 1534 3489 αὐτοῖς
1570 3427 1663 3478 καὶ
1692 3428 1885 3499 ἐτέρας

308 3519 653 3586 ἐπενεγκεῖν.
697 3516 796 3568 Διά
827 3514 986 3567 ποίαν
1028 3515 1240 3579 αἰτίαν;
1275 3516 1348 3568 Ού
1402 3515 1508 3587 γὰρ
1536 3518 1884 3591 ἀπεστράφη,

304 3612 478 3682 φησὶν
510 3613 540 3663 ὁ
566 3607 714 3671 λαὸς,
754 3607 876 3660 οὐδὲ
912 3606 1021 3659 τῶν
1058 3607 1202 3660 ἰδίων
1229 3608 1498 3678 ἀπέσχετο
1528 3608 1883 3680 πλημμελῶν.

202 3754 205 3761 ς
306 3705 433 3760 Οὐκ
468 3700 759 3770 ὲξεζήτησε
785 3699 878 3751 τὸν
924 3697 1149 3769 Κύριον,
1182 3698 1273 3753 διά
1313 3715 1376 3768 γε
1421 3699 1482 3752 τὸ
1513 3699 1793 3769 βούλεσθαι
1820 3704 1889 3756 τά

308 3797 468 3865 αύτῳ
511 3792 768 3846 δοκοῦντα
806 3792 898 3844 καὶ
930 3791 1059 3860 φίλα
1102 3792 1319 3862 φρονεῖν
1346 3808 1406 3844 τε
1436 3792 1528 3845 καὶ
1568 3793 1720 3864 δρᾷν.
1776 3798 1888 3848 Με-

313 3885 585 3955 μενήκασι
614 3881 672 3935 δὲ
703 3879 958 3953 τοιαύτην
995 3878 1209 3950 ἔχοντες
1235 3882 1333 3953 τὴν
1365 3880 1609 3955 γνώμην,
1639 3885 1797 3957 ἄχρις
1824 3885 1889 3939 ἂν

308 3977 501 4038 αὐτοῖς
531 3977 565 4045 ή
599 3973 779 4044 ὑψηλή
824 3990 883 4025 τε
926 3973 1022 4025 καὶ
1053 3972 1331 4045 παναλκὴς
1364 3976 1718 4048 ὲπενήνεκται
1750 3977 1887 4048 χείρ.

311 4069 452 4123 Ποία
487 4066 544 4119 δὲ
576 4066 738 4119 πάλιν
776 4066 810 4135 ὴ
860 4064 1147 4135 μετέκεινα
1196 4065 1400 4138 πληγὴ,
1435 4066 1552 4130 πῶς
1596 4067 1695 4120 οὐκ
1745 4067 1892 4133 ἀξιον

312 4162 483 4225 ἰδεῖν;
511 4159 830 4220 Τελευταῖος
862 4156 960 4228 μὲν
987 4157 1116 4228 γὰρ,
1149 4157 1225 4221 ὼς
1251 4157 1410 4229 ἔφην,
1440 4160 1470 4212 ὁ
1498 4159 1894 4230 Ναϐουχοδονό-

310 4267 415 4322 σορ
447 4244 561 4302 εἷλε
586 4248 685 4320 τὴν
722 4246 986 4301 Ἰουδαίαν
1032 4249 1233 4302 πᾶσαν.
1260 4247 1563 4319 Μετῴκησε
1591 4249 1648 4302 δὲ
1681 4250 1775 4303 καὶ
1804 4250 1894 4304 τὸν

323 4340 550 4412 Ἰσραὴλ
580 4342 659 4403 εἰς
691 4339 759 4393 τά
786 4339 888 4410 ὅρη
918 4338 1145 4409 Περσῶν
1174 4338 1269 4393 καὶ
1296 4339 1517 4410 Μήδων.
1562 4340 1778 4412 Ἐπειδὴ
1817 4341 1893 4407 δὲ,

1994 3151 2146 3208 furor
2179 3152 2388 3207 Domini
2434 3167 2540 3207 non
2586 3167 2810 3208 aversus
2858 3163 2963 3218 est,
3000 3153 3050 3209 id
3090 3165 3198 3222 est,
3242 3172 3346 3212 non
3381 3158 3563 3228 desiit,

1998 3244 2093 3301 sed
2119 3246 2333 3300 excelsa
2363 3244 2623 3301 remansit
2648 3243 2890 3299 ferientis
2946 3260 3158 3310 manus,
3195 3258 3380 3316 parata
3412 3250 3557 3306 videv

1995 3338 2122 3394 licet
2147 3337 2253 3393 illis
2281 3350 2335 3391 et
2362 3336 2546 3407 plagas
2578 3336 2709 3393 alias
2738 3337 2998 3408 inﬂigere.
3029 3337 3198 3405 Quam
3227 3344 3296 3396 oh
3314 3342 3570 3398 causam?

1994 3430 2113 3490 Non
2152 3432 2318 3497 enim,
2353 3433 2547 3499 inquit,
2582 3445 2876 3486 conversus
2911 3443 2992 3486 est
3026 3435 3275 3503 populus,
3312 3450 3411 3491 uec
3443 3451 3568 3507 pec-

1997 3538 2123 3577 care
2165 3523 2391 3578 destitit.
2441 3520 2557 3576 Non
2590 3522 2837 3590 quaesivit
2872 3522 3173 3588 Dominum,
3210 3535 3265 3579 ut
3298 3541 3418 3595 quae
3466 3530 3565 3598 ipsi

1996 3611 2229 3678 placent,
2262 3619 2318 3664 et
2358 3625 2480 3678 qua:
2523 3620 2675 3680 grata
2730 3621 2851 3664 sunt
2892 3626 2954 3663 ea
3011 3614 3212 3666 sentire
3272 3616 3455 3682 velint,
3514 3628 3568 3670 et

2001 3715 2162 3770 agere
2201 3719 2214 3753 :
2249 3701 2344 3754 sed
2379 3715 2445 3755 eo
2480 3702 2660 3753 animo
2708 3715 2920 3767 semper
2971 3701 3207 3768 fuerunt,
3266 3705 3437 3760 donec
3464 3706 3568 3761 illis

1997 3793 2210 3847 excelsa
2264 3804 2318 3847 et
2370 3792 2436 3847 ad
2496 3791 2676 3845 omnia
2725 3792 3138 3846 instructissima
3192 3809 3382 3851 mamis
3423 3797 3567 3852 illata

1998 3892 2099 3938 est.
2132 3882 2263 3949 Qua:
2322 3897 2534 3937 rursum
2569 3881 2730 3937 fuerit
2761 3882 2876 3936 hac
2913 3881 3067 3954 plaga
3108 3886 3351 3951 ulterior,
3392 3901 3568 3942 annon

1998 3989 2177 4043 operae
2198 3975 2426 4042 pretium
2457 3983 2541 4028 est
2576 3973 2793 4028 videre?
2825 3973 3126 4030 Novissime
3149 3978 3319 4044 enim,
3342 3988 3397 4032 ut
3424 3979 3570 4034 dice-

2001 4068 2146 4130 bam,
2182 4064 2738 4122 Nabuchodouosorus
2767 4067 2911 4137 cepit
2954 4082 3169 4122 omnem
3209 4066 3467 4132 Iudaeam.
3518 4081 3573 4124 et

2002 4168 2261 4227 prteterea
2309 4145 2629 4223 Samariam:
2672 4168 2727 4214 et
2760 4160 3006 4213 lsraelem
3041 4161 3094 4214 in
3126 4168 3334 4215 montes
3376 4158 3572 4216 Persa-

2004 4263 2124 4302 rum
2175 4258 2230 4303 et
2277 4248 2552 4303 Medorum
2613 4248 2910 4303 transtulit.
2974 4247 3280 4313 Caeterum,
3349 4259 3408 4303 ut
3456 4249 3569 4319 jam

2005 4340 2138 4406 dixi,
2167 4339 2348 4409 elapso
2369 4340 2697 4408 captivitatis
2733 4350 2990 4409 tempore,
3010 4339 3062 4392 in
3091 4337 3329 4394 Iudaeam
3369 4342 3573 4397 reducti

311 4433 394 4497 ὡς
420 4433 580 4503 ἔφην,
609 4431 710 4502 ἢδη
758 4430 1189 4501 πεπερασμένων
1229 4430 1338 4484 τῶν
1382 4432 1479 4502 τῆς
1522 4432 1885 4504 αἰχμαλωσίας

2009 4432 2387 4487 habitaverunt
2414 4431 2820 4502 Hierosolymis,
2851 4445 2955 4485 non
2992 4432 3103 4502 jam
3137 4432 3190 4486 in
3214 4433 3347 4488 ditas
3404 4434 3575 4487 tribus

312 4523 564 4595 καιρῶν,
593 4520 1033 4593 ἀνεκομίσθησαν
1070 4524 1151 4585 εἰς
1190 4522 1289 4593 τὴν
1329 4522 1609 4587 Ἰουδαίαν,
1647 4524 1743 4578 καὶ
1772 4542 1903 4578 κατ-

312 4618 575 4690 ῳκηκασι
606 4615 705 4686 τὴν
739 4614 1110 4685 Ἰερουσαλὴμ,
1138 4613 1323 4667 οὐκέτι
1344 4614 1691 4687 διῃρημένων
1717 4617 1796 4678 εἰς
1810 4616 1904 4669 δύο

312 4710 428 4765 τῶν
452 4707 660 4777 φυλῶν,
701 4706 816 4759 ἀλλ’
842 4707 921 4769 εἰς
968 4706 1065 4760 ἕνα
1105 4708 1289 4759 λοιπὸν
1331 4708 1381 4759 cl
1431 4706 1631 4771 πάντες
1681 4707 1905 4776 βασιλέα

312 4796 704 4869 γεγενημένοι.
754 4794 927 4848 Τοῦτο
962 4795 1072 4867 7&9
1115 4791 1183 4866 ἦν
1222 4796 1283 4848 τὸ
1318 4795 1384 4848 δι’
1426 4796 1545 4860 ἑνὸς
1591 4796 1700 4849 τῶν
1734 4798 1903 4867 ἁγίων

316 4886 622 4961 προφητῶν
653 4886 964 4957 είρημένοψ
990 4904 1009 4936 ι
1039 4887 1148 4939 Καὶ
1178 4885 1537 4957 ἀναδήσονται
1565 4890 1628 4941 ἐκ
1656 4888 1753 4959 τῆς
1781 4890 1903 4959 γῆς,

317 4982 415 5035 καὶ
456 4981 713 5050 θήσονται
752 4979 965 5041 ἑαυτοῖς
990 4978 1166 5049 ἀρχὴν
1192 4977 1342 5047 μίαν.
1380 4997 1398 5029 ι
1424 4978 1577 5032 Μετὰ
1616 4980 1795 5033 τοίνυν
1845 4981 1906 5033 τὸ

316 5076 386 5125 ἐκ
417 5075 518 5143 τῆς
546 5069 925 5141 αἰχμαλωσίας
951 5069 1312 5139 ὑπονοστῆσαι
1340 5067 1660 5139 σύμπαντας
1702 5072 1781 5134 εἰς
1808 5070 1906 5140 τὴν

331 5164 625 5229 Ἰουδαίαν,
660 5162 1106 5233 πεπολεμήκασιν
1135 5163 1317 5225 αὐτοῖς
1350 5163 1396 5215 οἱ
1425 5162 1533 5215 ἀπὸ
1562 5163 1781 5233 Συρίας,
1814 5163 1908 5217 καὶ

320 5259 376 5310 οἱ
420 5258 511 5325 ἀφ’
562 5255 715 5326 ἡλίου
769 5254 1065 5320 ἀνατολῶν,
1119 5254 1256 5326 πλὴν
1313 5255 1571 5326 ἥττηνται
1622 5254 1714 5307 καὶ
1756 5254 1909 5308 αὐτοὶ

322 5348 761 5421 προασπίζοντος
785 5346 920 5400 Θεοῦ
962 5345 1070 5399 τῶν
1098 5345 1541 5419 λελυτρωμένων.
1574 5341 1706 5399 Εἶτα
1734 5345 1909 5399 διατε-

321 5441 585 5495 τελέκασι
605 5440 697 5493 τὸν
738 5438 943 5511 μεταξὺ
972 5437 1165 5509 καιρὸν
1193 5438 1355 5509 μέχρι
1391 5437 1489 5506 τῆς
1534 5436 1626 5490 τοῦ
1655 5436 1906 5508 Σωτῆρος

319 5534 487 5607 ἡμῶν
517 5532 812 5603 ἐπιδημίας
826 5532 887 5585 ού
915 5530 1116 5595 ζῶντες
1137 5531 1349 5595 αἰσίως,
1376 5528 1497 5583 οὔτε
1524 5530 1630 5600 μὴν
1657 5532 1734 5593 εἰς
1764 5531 1909 5584 ἅπαν

402 5696 446 5728 ’τ
473 5695 491 5746 l
522 5692 655 5747 Cor.
680 5706 803 5757 xm,
844 5690 897 5744 l.
972 5689 1020 5721 "
1042 5687 1180 5744 Osee
1209 5705 1249 5751 ι,
1282 5689 1364 5743 ll.

572 5786 849 5847 ΡΑτιιοι..
891 5785 1004 5846 Gn.
1050 5783 1222 5845 LXX.

2008 4522 2188 4587 divisi,
2231 4523 2325 4578 sed
2365 4522 2458 4576 uni
2498 4523 2749 4591 deinceps
2791 4537 2981 4577 omnes
3021 4524 3129 4591 regi
3161 4524 3379 4580 subditi.
3464 4524 3577 4581 Hoc

2005 4615 2149 4668 enim
2170 4614 2237 4667 ab
2266 4629 2376 4668 uno
2407 4622 2715 4669 sanctorum
2749 4614 3131 4682 prophetarum
3169 4616 3370 4672 dictum
3410 4627 3527 4673 erat
3558 4637 3572 4673 :

2013 4724 2031 4758 ι
2071 4704 2138 4759 Ει
2160 4706 2455 4761 ascenderit
2488 4715 2704 4771 eterra,
2727 4716 2780 4760 et
2811 4707 3142 4762 constituent
3172 4708 3273 4763 sibi
3310 4710 3580 4780 principa-

2009 4806 2121 4849 tum
2150 4811 2311 4850 uuum
2339 4796 2407 4849 ³⁸.
2443 4814 2462 4847 ι
2506 4793 2693 4867 Itaque
2730 4808 3013 4867 postquam
3039 4800 3214 4853 cuncti
3246 4813 3310 4853 ex
3352 4800 3579 4867 captivi-

2007 4895 2118 4940 tate
2154 4886 2204 4940 in
2234 4888 2473 4941 Judaeam
2512 4889 2805 4954 redierunt,
2849 4891 3047 4945 bellum
3093 4891 3146 4944 in
3180 4904 3275 4945 eos
3324 4903 3578 4957 suscepe-

2011 4982 2274 5049 runt,qui
2317 4996 2345 5032 τι
2403 4980 2580 5051 Syria,
2622 4989 2676 5034 et
2715 4981 2807 5049 qui
2850 4983 2919 5036 ab
2967 4991 3089 5037 ortu
3138 4981 3268 5037 solis
3298 4992 3577 5045 venerant,

2010 5071 2099 5138 qui
2134 5081 2309 5124 tamen
2340 5072 2536 5127 devicti
2578 5080 2724 5135 sunt,
2782 5070 2889 5126 Deo
2933 5070 3190 5126 liberatos
3234 5069 3387 5138 quasi
3428 5078 3583 5123 scuto

2011 5168 2349 5232 protegente.
2410 5163 2673 5233 Deinceps
2725 5177 2852 5218 vero
2910 5168 3320 5231 perseverarunt
3377 5160 3579 5214 interea

2013 5254 2289 5322 temporis,
2335 5269 2505 5325 usque
2553 5258 2619 5311 ad
2676 5255 2980 5312 Servatoris
3041 5253 3208 5307 nostri
3270 5252 3581 5314 adventum.

2015 5358 2124 5398 non
2152 5346 2396 5400 viventes
2447 5360 2653 5411 sancte,
2707 5360 2807 5401 uec
2850 5343 3070 5398 omnino
3120 5357 3147 5395 ιι
3204 5342 3447 5412 pristinis
3478 5341 3583 5396 illis

2018 5436 2161 5490 vitiis
2205 5436 2539 5503 recedentes,
2585 5438 2677 5492 sed
2720 5451 2819 5491 nec
2872 5436 3088 5501 decore,
3145 5448 3243 5490 nec
3292 5435 3583 5490 secundum

2016 5528 2187 5599 legem
2224 5541 2543 5597 versantes,
2602 5528 2862 5600 valdeque
2895 5526 3227 5599 negligentes
3274 5536 3330 5584 et
3371 5525 3587 5583 incurii.

3194 5781 3227 5842 9
