4002 6212
361 324 464 376 εὶϐῗ

1351 329 1407 381 s.
1451 325 1720 382 CYltlLLI
1757 309 2228 379 summotum
2264 323 2584 380 ARCHILP.

3520 327 3628 380 998

367 441 714 512 163‘Cum
773 442 936 496 etiam
993 457 1089 512 per
1146 457 1358 498 onmem
1414 455 1678 500 terrarum
1745 445 1918 499 orben‘

2038 441 2144 494 τῶν
2195 442 2435 513 ἀρχαίων
2484 443 2708 496 ἐκείνων
2757 441 3094 513 πλημμελῶν
3130 435 3628 514 ἀποφοιτήσαντες,

361 537 587 591 emicuit
625 534 876 590 Christus
924 534 1194 604 (apparuit
1233 536 1375 590 enim
1407 536 1560 591 nobis
1591 536 1730 592 Deus
1760 537 1940 591 Domi-

363 643 484 692 nus,
511 627 667 697 juxta
700 624 987 681 Psallentis
1021 641 1204 682 vocem
1235 627 1326 697 ”),
1359 626 1763 684 ellrenationem
1788 643 1940 682 suam

363 719 724 779 retinuerunt,
772 725 827 769 et
858 733 978 788 qua:
1023 717 1104 771 fas
1150 733 1254 773 non
1297 728 1436 783 erat,
1485 730 1785 788 patrarunt,
1843 735 1941 773 nec

362 810 584 863 verbum
641 807 758 874 ejus
795 819 1131 878 receperunt,
1176 824 1273 862 nec
1316 809 1474 863 {idem
1522 810 1822 864 coluerunt.
1873 809 1939 862 At

359 899 486 966 quid
510 900 624 953 ha'c
653 898 812 953 dico?
845 898 1011 968 lmpie
1051 900 1378 954 contumelia
1414 899 1726 963 aﬂ'ecerunt,
1778 910 1832 954 et
1877 916 1940 956 eo

360 989 657 1060 impietatis
689 993 1042 1054 devenerunt,
1065 1004 1121 1044 ut
1149 1001 1204 1045 et
1228 991 1374 1045 cruci
1416 992 1709 1058 traderent,
1745 1002 1798 1048 et
1843 994 1939 1047 ho~

360 1083 558 1137 minem
590 1099 711 1135 eum
760 1093 1030 1150 sanctum,
1062 1093 1174 1136 tum
1205 1083 1433 1152 justum,
1467 1093 1747 1154 negarent,
1791 1100 1935 1139 mor-

359 1187 574 1242 temque
603 1175 724 1226 vitae
762 1173 990 1242 principi
1037 1174 1500 1238 macltinarcntnr,
1528 1174 1748 1243 impium
1778 1173 1935 1242 justi-

359 1267 562 1329 ticanti,
601 1279 655 1319 et
685 1267 786 1320 hac
821 1267 886 1319 de
916 1281 1080 1320 causa
1110 1266 1378 1320 universae
1425 1275 1582 1321 terra:
1637 1266 1826 1320 incolis
1874 1267 1938 1319 il—

357 1360 672 1421 lnceseenti,
711 1365 769 1412 ut
797 1366 1023 1411 mortem
1045 1359 1310 1424 aboleret,
1335 1368 1388 1410 et
1425 1359 1628 1427 peccati
1665 1357 1932 1422 aculeum,

357 1451 603 1505 hebetem
633 1463 687 1505 et
723 1449 1049 1505 ineliicacem
1077 1449 1333 1504 eﬂiceret.
1365 1448 1629 1504 Omnibus
1677 1447 1826 1503 hisce
1870 1449 1934 1501 de

290 1609 307 1630 κ
353 1544 538 1598 causis
571 1557 762 1597 manus
792 1541 1036 1596 ferientis
1067 1541 1267 1595 mansit
1295 1540 1528 1605 excelsa,
1562 1549 1615 1594 et
1647 1538 1799 1592 furor
1831 1555 1932 1593 non

354 1644 435 1688 est
463 1649 710 1690 aversus.
749 1634 989 1703 Expositi
1015 1634 1158 1688 enim
1201 1643 1326 1687 sunt
1373 1633 1684 1695 vastationi,
1735 1629 1934 1699 Vespa-

354 1728 506 1781 siano
547 1737 601 1782 et
645 1726 768 1780 Tito
813 1741 932 1780 cum
975 1725 1079 1780 illis
1122 1723 1584 1794 belligerantibus,
1632 1731 1934 1790 cunctaque

2043 533 2180 587 ἀλλά
2226 534 2334 604 γὰρ
2373 535 2619 597 ἐκτόπως
2667 534 2762 587 καὶ
2817 534 3148 604 παρανόμως
3195 535 3629 604 πολιτευόμενοι.

2043 626 2141 678 καὶ
2193 626 2313 679 λίαν
2342 627 2725 696 ἠμελημένως.
2774 626 2991 697 Ἐπειδὴ
3044 625 3101 678 δὲ
3139 628 3255 690 τοῖς
3296 627 3400 680 ἀνά
3445 630 3635 682 πᾶσαν

2042 715 2136 786 τὴν
2172 715 2264 768 ὑπ’
2299 717 2527 787 οὐρανὸν
2580 715 2896 784 ἐπέλαμψεν
2941 715 2969 766 ό
3022 716 3276 786 Χριστός.
3352 719 3630 787 Ἐπέφανε

2041 804 2149 875 γὰρ
2195 806 2326 875 ἡμῖν
2367 804 2520 869 Θεὸς,
2575 803 2713 856 κατὰ
2752 803 2850 873 τὴν
2905 803 2998 856 τοῦ
3057 805 3352 874 ψάλλοντος
3403 809 3628 880 φωνήνο

2039 896 2374 966 τετηρήκασι
2407 895 2468 947 τὸ
2496 895 2726 967 ὲξήνιον,
2759 896 2853 948 καὶ
2895 895 3218 966 δεδράκασιν
3250 897 3286 951 δ.
3319 899 3394 968 μὴ
3442 898 3624 967 θέμις,

2039 987 2100 1039 οὐ
2148 988 2556 1059 προσηκάμενοι
2607 990 2696 1044 τὸν
2736 990 2867 1060 παρ’
2900 987 3065 1042 αὐτοῦ
3116 987 3292 1056 λόγον,
3326 991 3388 1043 οὐ
3442 989 3624 1043 πίστει

2041 1075 2391 1144 τιμήσαντες.
2448 1078 2558 1130 Καὶ
2620 1079 2671 1131 τί
2716 1078 2891 1131 ταῦτα
2941 1078 3118 1146 λέγω;
3168 1079 3625 1150 Περιυὸρίζοντες

2039 1169 2286 1234 ἀνοσίως,
2341 1171 2626 1225 καθίκοντο
2675 1173 2730 1226 δὲ
2783 1171 3101 1235 δυσσεϐείας
3156 1174 3235 1235 είς
3292 1171 3469 1238 τοῦτο,
3524 1174 3625 1228 καὶ

2040 1261 2384 1332 ἀνοσιότητος
2412 1264 2647 1334 τρόπων,
2680 1263 2820 1318 ὥστε
2870 1266 2962 1317 καὶ
2994 1264 3212 1336 σταυρῷ
3259 1265 3620 1334 παραδοῦναι,

2039 1352 2132 1404 καὶ
2161 1352 2250 1405 τὸν
2299 1355 2453 1421 ἅγιον
2500 1355 2593 1407 καὶ
2642 1354 2852 1408 δίκαιον
2882 1355 3241 1426 ἀρνήσασθαι,
3273 1356 3370 1408 καὶ
3405 1355 3624 1426 Θανάτῳ

2038 1443 2329 1514 πειρᾶσθαι
2384 1445 2696 1516 περιϐαλεῖν
2747 1445 2838 1499 τὸν
2885 1444 3126 1517 ἀρχηγὸν
3169 1445 3269 1516 τῆς
3312 1446 3476 1517 ζωῆς,
3525 1445 3624 1499 τὸν

2035 1534 2349 1589 δικαιοῦντα
2379 1538 2470 1589 τὸν
2499 1538 2672 1608 ἀσεϐῆ
2693 1555 2707 1569 ο
2755 1539 2849 1592 καὶ
2876 1538 3079 1609 ταύτης
3120 1538 3280 1592 ἕνεκα
3303 1541 3402 1608 τῆς
3438 1538 3624 1600 αίτίας

2036 1623 2415 1694 ἐπιλάμψαντα
2463 1629 2574 1689 τοῖς
2625 1627 2728 1681 ἀνὰ
2769 1629 2948 1682 πᾶσαν
3001 1628 3100 1698 τὴν
3130 1631 3256 1698 γῆν,
3293 1627 3380 1680 ἵνα
3410 1643 3621 1698 καταρ-

2039 1716 2181 1786 γήσῃ
2215 1715 2461 1778 θάνατον,
2502 1717 2598 1770 καὶ
2643 1717 2872 1790 ἀδρανὲς
2902 1721 3160 1790 ἀποφήνῃ
3199 1720 3296 1790 τῆς
3344 1718 3623 1789 ἁμαρτίας

357 1817 722 1872 Rmnanorunt
752 1833 935 1880 manu,
984 1817 1197 1885 quando
1231 1822 1284 1868 et
1313 1814 1553 1868 funditus
1598 1813 1780 1869 miseri
1813 1828 1918 1882 per-

2030 1807 2090 1860 τδ
2127 1808 2367 1878 κέντρον.
2421 1809 2636 1863 Τούτων
2687 1811 3094 1886 ἕνεκαλπάντων
3137 1813 3170 1883 ἡ
3220 1810 3313 1864 τοῦ
3362 1812 3619 1875 παίοντος

356 1913 553 1973 ierunt,
615 1910 767 1977 juxta
824 1907 1132 1963 Servatoris
1180 1920 1390 1970 vocem,
1429 1906 1647 1958 incensa
1691 1903 1926 1971 regione,

353 2002 612 2056 convulso
642 2001 761 2071 ipso
787 1999 1009 2068 templo,
1042 1979 1370 2068 omni‘noqne
1390 2003 1698 2061 eorruente,
1724 1994 1932 2062 utlapis

351 2091 514 2160 lapidi
576 2089 859 2158 impositus
917 2102 1024 2142 non
1090 2086 1516 2157 conspiceretur.
1595 2083 1931 2140 Connivente

353 2181 517 2249 igitur
553 2183 617 2234 ad
649 2189 833 2234 nostra
865 2179 1058 2234 delicta
1090 2178 1439 2233 misericorde
1468 2176 1596 2241 Deo,
1637 2176 1930 2244 incogitan-

353 2282 430 2325 tcs
462 2287 581 2324 esse
619 2273 842 2325 omnino
871 2270 1248 2339 gravissimum
1281 2279 1385 2332 est,
1422 2269 1783 2336 omnibusque
1815 2282 1931 2321 nio-

351 2366 432 2415 dis
463 2363 752 2417 convenire
780 2364 922 2425 dico,
954 2373 1010 2417 ut
1052 2361 1312 2416 offensum
1353 2362 1643 2430 placemus.
1687 2359 1797 2412 Etsi
1835 2359 1929 2410 de-

349 2456 654 2523 linquentes
694 2455 938 2509 cumulat
975 2453 1271 2518 benefit-iis,
1314 2467 1378 2505 ac
1415 2451 1786 2506 inobedicntes
1831 2466 1928 2519 pro

348 2563 444 2599 sua
471 2545 757 2599 clementia
782 2554 1092 2599 conservat.
1128 2543 1205 2598 Ne
1230 2545 1300 2597 sit
1332 2542 1494 2611 igitur
1527 2543 1579 2595 in
1618 2542 1772 2596 nobis
1811 2542 1927 2595 ani-

350 2653 470 2693 mus
495 2638 824 2693 obstinatior
858 2651 954 2691 nec
982 2637 1046 2689 ad
1072 2635 1351 2689 sentienda
1395 2635 1510 2703 ejns
1553 2635 1691 2689 dona
1717 2636 1924 2698 tardus,

346 2727 441 2780 sed
473 2740 570 2794 per
592 2740 653 2780 ea
677 2726 873 2796 quibus
920 2725 1068 2779 novit
1111 2725 1272 2778 etiam
1324 2724 1596 2794 improbos
1651 2724 1925 2780 beneﬁciis

252 2842 258 2849 -
346 2815 580 2883 adicere,
612 2833 710 2886 per
736 2818 849 2872 haec
887 2817 1000 2886 ipsa
1049 2833 1148 2872 nos
1194 2818 1261 2873 ad
1305 2818 1633 2889 agnitionem
1677 2816 1922 2886 benigni-

347 2910 476 2965 tatis
525 2910 643 2978 ejus
686 2911 1081 2980 pervenientes,
1142 2912 1208 2966 de
1247 2911 1537 2980 praateritis
1591 2909 1924 2980 paenitudine

346 3004 632 3068 ducamur,
671 3013 1019 3072 nostramque
1070 3004 1396 3058 voluntatem
1454 3003 1520 3056 ad
1578 3001 1920 3057 serviendum

342 3095 415 3157 ei,
443 3105 496 3148 et
522 3095 587 3149 ad
611 3095 936 3163 probitatem
972 3111 1177 3148 mormn
1215 3095 1644 3165 amplectendam
1688 3108 1921 3148 conver-

343 3194 537 3236 tantus.

2040 1897 2159 1967 χεὶρ
2213 1897 2636 1969 ἀπομεμένηκεν
2688 1900 2884 1971 ὑψηλὴ,
2940 1902 3032 1954 καὶ
3087 1903 3116 1954 ό
3160 1901 3328 1972 θυμὸς
3369 1902 3466 1954 οὐκ
3509 1902 3618 1954 ἀπ-

2039 1992 2303 2060 εστράφη.
2359 1990 2603 2044 Δέδονται
2639 1991 2748 2062 γάρ
2795 1993 2854 2054 ἐς
2900 1993 3200 2064 ἐρήμωσιν,
3235 1991 3618 2063 πολεμούντων

2037 2079 2218 2144 αὐτοῖς
2245 2082 2651 2136 Οὐεσπασιανοῦ
2681 2099 2740 2136 τε
2774 2083 2870 2136 καὶ
2915 2083 3097 2148 Τίτου,
3145 2083 3239 2137 καὶ
3287 2084 3502 2154 ἀπάσης
3553 2083 3617 2137 δὲ

2036 2171 2156 2240 τῆς,
2185 2173 2472 2242 Ῥωμαίων
2521 2175 2720 2245 χειρὸς,
2779 2175 2868 2228 ὅτε
2921 2175 3016 2228 κα)⁸
3069 2175 3240 2246 ἄρδην
3289 2177 3338 2228 oi
3387 2176 3620 2238 τάλανες

2041 2263 2404 2328 ἀπολώλασιν,
2457 2265 2974 2337 κατεμπρησθείσης
3027 2268 3208 2330 αὐτοῖς
3259 2267 3358 2338 τῆς
3405 2266 3618 2338 χώρας.

2037 2355 2528 2425 κατασεσεισμένου
2557 2356 2614 2409 δὲ
2642 2355 2806 2411 αὐτοῦ
2833 2357 2926 2411 τοῦ
2957 2357 3108 2423 ναοῦ,
3140 2359 3234 2412 καὶ
3263 2361 3619 2422 πεπτωκότος

2034 2445 2114 2506 εἰς
2146 2445 2314 2507 ἅπαν,
2350 2444 2491 2498 ὥστε
2524 2444 2670 2500 λίθον
2703 2447 2796 2500 ἐπὶ
2817 2447 2948 2518 λίθῳ
2975 2447 3049 2518 μὴ
3074 2447 3302 2519 ὁρᾶσθαι
3336 2447 3615 2518 κείμενον,

2034 2536 2176 2589 κατὰ
2205 2537 2304 2608 τὴν
2331 2536 2424 2590 τοῦ
2467 2539 2719 2610 Σωτῆρος
2749 2542 2950 2612 φωνήν.
2998 2541 3469 2608 Ἀνεξικακοῦντος
3498 2541 3618 2594 τοί-

2033 2645 2127 2682 νυν
2178 2629 2270 2681 ἐπὶ
2300 2631 2413 2692 τοῖς
2448 2630 2607 2700 ἡμῶν
2643 2631 2948 2704 πταίσμασι
2998 2632 3118 2686 τοῦ“
3144 2633 3616 2704 φιλοικτείρμονος

2032 2716 2169 2771 Θεοῦ
2219 2721 2280 2772 τὸ
2323 2721 2669 2777 ἀπονοεῖσθαι
2723 2724 3094 2794 παγχάλεπον,
3150 2727 3346 2796 χρῆναι
3377 2725 3434 2779 δέ
3468 2742 3619 2795 φημι.

2030 2811 2118 2864 διὰ
2166 2811 2366 2876 παντὸς
2397 2815 2546 2883 ἡμᾶς
2577 2816 3018 2885 ὲκμειλίσσεσθαι
3047 2817 3248 2886 τρόπου
3297 2817 3615 2888 λελυπημέ-

2032 2921 2142 2959 νον.
2195 2904 2306 2959 Καὶ
2356 2907 2432 2977 μὴ
2468 2907 2920 2978 πλημμελοῦντας
2968 2911 3280 2981 εὐεργετεῖ·
3344 2911 3504 2975 σώζει
3548 2911 3616 2964 δὲ

2031 2996 2276 3050 ἀπειθεῖν
2314 2998 2616 3069 ᾑρημένους
2643 2999 2730 3052 διὰ
2751 2999 2848 3072 τὴν
2874 3001 3020 3072 αὐτῷ
3049 3002 3364 3073 πρέπουσαν
3409 3003 3615 3072 ἡμερό-

2028 3107 2187 3160 τητα.
2219 3090 2420 3160 Μηδεὶς
2462 3087 2559 3146 οῦν
2588 3091 2727 3146 ἔστω
2769 3094 3000 3166 σκληρὸς
3041 3096 3098 3149 ὲν
3149 3097 3300 3166 ἡμῖν,
3331 3097 3464 3166 μήτε
3497 3095 3614 3164 μὴν

1944 3178 1986 3232 C
2024 3181 2221 3251 βραδὺς
2252 3182 2331 3244 είς
2381 3182 2633 3254 αἴσθησιν
2675 3185 2784 3239 τῶν
2830 3188 2962 3257 παρ’
3008 3186 3171 3240 αὐτοῦ
3224 3184 3610 3258 χαρισμάτων,

353 3272 514 3326 Ἀλλά
540 3273 607 3326 δι’
637 3267 711 3326 ὧν
737 3274 878 3340 ἔγνω
908 3275 1000 3325 καὶ
1025 3275 1123 3325 οὐκ
1146 3275 1304 3338 ὄντας
1325 3276 1561 3343 ἀγαθοὺς
1587 3277 1914 3348 εὐεργετεῖν,
1955 3275 2044 3328 διὰ
2111 3274 2313 3327 τούτων
2346 3275 2545 3341 αὐτῶν,
2594 3278 2654 3341 ἐς
2694 3279 2990 3348 ἐπίγνωσιν
3029 3279 3128 3350 τῆς
3167 3279 3388 3351 ἐνούσης
3457 3278 3613 3350 αὐτῷ

340 3365 746 3437 φιλανθρωπίας
801 3367 1104 3434 ἐρχόμενοι,
1177 3368 1675 3438 μεταγινώσκωμεν
1723 3369 1815 3422 ἐπὶ
1855 3370 1970 3432 τοῖς
2020 3368 2398 3439 παρῳχηκόσι.
2454 3370 2934 3442 Μεταπλάττωμεν
2974 3373 3029 3426 δὲ
3083 3373 3144 3426 τὸ
3203 3373 3334 3426 [διον
3392 3373 3609 3444 θέλημα

340 3458 474 3530 πρὸς
497 3460 559 3512 τὸ
589 3459 784 3529 χρῆναι
817 3459 1090 3526 δουλεύειν
1123 3461 1291 3529 αὐτῷ,
1326 3462 1418 3513 καὶ
1447 3462 1572 3524 τοὺς
1603 3462 1706 3532 τῆς
1738 3463 2040 3525 ἐπιεικείας
2069 3459 2388 3514 ἀνθελέσθαι
2419 3463 2670 3532 τρόπους.

418 3551 578 3605 Vsus.
621 3550 810 3606 14-16.
839 3549 903 3604 Et
929 3554 1125 3619 auferet
1167 3553 1421 3606 Dominus
1461 3555 1648 3608 Israeli
1682 3564 1834 3623 caput
1865 3565 1910 3607 et

335 3646 584 3710 caudam,
608 3659 856 3714 magnum
899 3654 948 3698 et
993 3662 1211 3715 parvum
1236 3663 1340 3700 una
1368 3648 1491 3709 die;
1513 3665 1706 3710 senem,
1752 3659 1798 3701 et
1826 3663 1912 3702 eos

325 3739 421 3804 qui
461 3736 622 3804 [acies
649 3736 1006 3802 admirantur,
1035 3739 1128 3792 hoc
1159 3738 1473 3808 principium
1497 3751 1592 3804 est,
1623 3751 1668 3792 et
1694 3741 1914 3808 prophe-

333 3839 462 3890 tam,
494 3837 540 3879 et
568 3827 656 3894 qui
690 3826 840 3880 docet
870 3829 1075 3896 iniqua,
1120 3830 1164 3883 is
1196 3838 1274 3884 est
1299 3833 1490 3884 cauda.
1541 3829 1604 3882 Et
1640 3843 1788 3884 erunt
1821 3835 1910 3900 qui

331 3919 539 3971 beatum
570 3918 744 3972 dicent
771 3919 1022 3987 populum
1048 3921 1206 3984 hunc,
1244 3923 1562 3989 reducentes,
1589 3932 1637 3976 et
1660 3928 1912 3976 arduum!

333 4021 387 4062 ut
421 4010 667 4064 devorent
698 4025 806 4065 eos.

405 4180 540 4246 Quia
571 4177 840 4233 excelsam
869 4191 1086 4230 manum
1121 4177 1173 4231 in
1206 4192 1396 4232 omnes
1425 4191 1728 4249 porrectaut
1755 4181 1905 4244 dicit,

329 4268 523 4320 nedum
553 4267 689 4320 iram
717 4264 949 4319 divinant
979 4263 1139 4319 linem
1176 4265 1480 4321 habituram
1505 4269 1742 4324 declarat
1770 4270 1906 4325 dilu-

325 4357 465 4418 cide,
499 4364 554 4410 et
584 4354 803 4424 quinam
843 4361 1143 4424 temporum
1188 4353 1406 4425 delapsu
1440 4355 1653 4414 futurus
1690 4360 1760 4416 sit
1794 4376 1908 4417 nlo-

2093 3554 2204 3608 Kal
2241 3555 2458 3625 ἀφελεῖ
2491 3557 2710 3624 Κύριος
2740 3556 2858 3610 ἀπὸ
2916 3555 3150 3624 Ἰσραὴλ
3199 3558 3472 3626 κεφαλὴν
3501 3558 3604 3612 καὶ

2020 3648 2225 3714 οὐρὰν,
2255 3649 2444 3718 μέγαν
2486 3648 2583 3737 καὶ
2621 3648 2837 3737 paper
2879 3649 2951 3703 ἐν
2973 3649 3080 3718 μιᾷ
3112 3650 3320 3718 ἡμέρᾳ,
3353 3652 3602 3720 πρεσϐύ-

2019 3751 2133 3801 την
2165 3737 2264 3789 καὶ
2296 3737 2438 3803 τοὺς
2479 3736 2552 3790 τὰ
2581 3736 2872 3804 πρόσωπα
2904 3737 3330 3806 θαυμάζοντας
3363 3741 3512 3808 αὕτη
3557 3743 3600 3810 ἠ

2019 3826 2174 3895 ἀρχή
2209 3845 2222 3857 ο
2268 3829 2364 3881 καὶ
2417 3827 2749 3898 προφήτην,
2797 3829 2895 3883 καί
2952 3829 3316 3884 διδάσκοντα
3371 3831 3595 3900 ἄνομα·

2021 3915 2198 3984 οὗτος
2236 3922 2271 3985 ἡ
2321 3920 2487 3988 οἰιρά.
2524 3921 2628 3974 Καὶ
2657 3921 2902 3975 ἔσονται
2947 3925 2999 3976 οἱ
3041 3922 3461 3991 μακαρίζοντες
3491 3925 3598 3978 τόν

2018 4011 2170 4064 λαὸν
2220 4011 2436 4064 τοῦτον
2489 4011 2837 4077 πλανῶντες
2860 4052 2873 4075 ,
2923 4013 3020 4065 καὶ
3073 4013 3388 4067 π.2ανῶσιν
3437 4015 3598 4076 ὅπως

2019 4102 2392 4157 καταπιωσιν
2418 4104 2658 4169 αὐτούς.

2099 4189 2339 4262 ’Υψηλὴν
2359 4193 2652 4264 ἀπομεῑναι
2685 4192 2782 4264 τὴν
2810 4192 2904 4246 τοῦ
2940 4193 3190 4258 παίοντος
3223 4195 3382 4266 χεῖρα
3399 4194 3592 4263 λέγων,

2013 4277 2208 4334 οὔποτε
2241 4281 2340 4352 τὴν
2375 4283 2526 4336 θείαν
2571 4283 2741 4355 ὀργὴν
2790 4283 3092 4354 καταλῆξαι
3139 4285 3238 4355 τὴν
3283 4285 3370 4338 ἐπ’
3408 4284 3595 4349 αὐτοῖς

2013 4373 2307 4444 ἀφηγεῖται
2360 4374 2649 4446 λαμπρῶς,
2711 4377 2805 4431 καὶ
2863 4377 3045 4440 ὁποῖός
3098 4394 3180 4441 τις
3241 4375 3394 4430 ἔσται
3451 4377 3597 4431 κατά

325 4450 425 4501 dus
455 4463 626 4517 pinna:
668 4449 736 4503 ab
780 4446 886 4504 illis
929 4447 1226 4518 exigendae.
1271 4447 1560 4506 Auferetur
1614 4454 1780 4518 enim,
1834 4455 1908 4508 in-

2026 4467 2238 4535 ιαιροὺς
2265 4466 2366 4535 τῆς
2408 4467 2914 4540 ὲπενεχθησομένης
2965 4469 3147 4533 αὐτοῖς
3186 4469 3368 4533 αἰκίας
3411 4471 3440 4523 ό
3465 4470 3592 4541 τρόο

323 4538 460 4604 quit,
485 4553 586 4590 una
615 4539 724 4601 die,
754 4536 808 4590 id
833 4545 934 4601 est,
968 4536 1128 4592 simul
1173 4552 1280 4593 uno
1316 4547 1575 4608 tempore,
1627 4541 1788 4614 164
1828 4544 1904 4598 vi-

323 4623 518 4678 delicet
556 4625 679 4680 belli
737 4623 1129 4692 Romanorum,
1181 4638 1340 4698 caput
1409 4640 1464 4686 et
1524 4635 1714 4687 cauda.
1766 4635 1904 4701 Quid

312 4723 500 4766 autem
537 4714 638 4768 hoc
666 4715 968 4784 aanigtnatis
1000 4719 1091 4778 sit.
1132 4721 1386 4788 explicat,
1426 4735 1548 4775 cum
1593 4723 1668 4778 ait
1726 4742 1738 4777 :
1794 4723 1904 4779 Ma-

315 4821 485 4876 gnum
517 4817 569 4861 et
593 4823 843 4876 parvum,
884 4809 933 4861 id
968 4820 1072 4874 est,
1101 4819 1154 4864 et
1189 4813 1450 4868 illustrem
1482 4825 1538 4868 et
1578 4817 1889 4872 obscurum.

331 4895 438 4953 Eos
463 4900 628 4952 etiam
656 4898 748 4967 qui
789 4898 923 4963 sint,
961 4915 1152 4956 rursus
1178 4902 1536 4973 demonstrat,
1563 4922 1686 4962 cum
1709 4910 1854 4964 addit
1880 4927 1893 4962 :

321 4989 539 5052 Senem,
581 5001 636 5043 et
678 5002 771 5042 eos
813 4988 905 5058 qui
954 4988 1120 5045 facies
1171 4994 1532 5052 admirantur.
1573 4995 1799 5064 Quibus,
1840 5009 1898 5054 ut

318 5096 418 5150 ego
456 5081 672 5150 quidem
707 5094 926 5146 censeo,
957 5082 1131 5136 innuit
1185 5084 1386 5138 tribum
1441 5102 1560 5155 qua:
1610 5089 1894 5144 sacerdotii

321 5185 519 5227 munus
551 5173 737 5228 sortita
777 5179 880 5234 est,
926 5172 975 5225 id
1012 5181 1113 5236 est,
1143 5186 1235 5226 cos
1259 5174 1350 5240 qui
1389 5185 1604 5231 suntex
1635 5179 1894 5248 sanguine

318 5261 582 5331 Levitico,
626 5280 761 5335 quos
801 5264 964 5318 etiam
997 5262 1179 5332 populi
1211 5264 1407 5318 subditi
1447 5267 1688 5323 seniores
1719 5269 1893 5324 nomi-

318 5353 538 5406 nabant.
572 5356 638 5407 Et
660 5372 790 5410 sane
818 5355 988 5409 divini
1019 5354 1264 5423 discipuli
1303 5371 1398 5410 eos
1426 5356 1504 5410 sic
1531 5359 1891 5427 appellabant,

315 5442 601 5496 dicentes:
639 5464 656 5492 ι
706 5447 989 5518 Principes
1036 5449 1216 5517 populi
1276 5461 1327 5501 et
1378 5450 1642 5520 seniores,
1693 5454 1737 5508 si
1794 5471 1892 5511 nos

317 5532 474 5585 hodie
514 5532 580 5586 de
617 5535 876 5593 beneﬁcio
907 5541 961 5595 in
996 5539 1268 5597 hominem
1317 5541 1590 5597 inﬁrmum
1621 5545 1888 5603 collatoin

387 5689 430 5720 "
457 5684 592 5738 Psnl.
617 5698 783 5750 C'Wll,
813 5689 902 5744 27.

2005 4573 2122 4620 πος.
2180 4558 2634 4628 Ἀφαιρεθήσεται
2683 4561 2811 4632 γὰρ,
2875 4561 3060 4631 φησὶν,
3110 4560 3217 4616 ἀπὸ
3269 4560 3484 4633 Ἰσραὴλ
3533 4564 3592 4616 ὲν

2003 4647 2184 4717 ἡμέρᾳ
2217 4651 2337 4719 μιᾷ,
2366 4650 2507 4702 τοῦτ’
2540 4651 2675 4714 ἔστι,
2715 4652 2836 4705 καθ’
2867 4653 2964 4706 ἓνα
2987 4653 3196 4725 καιρὸν,
3224 4652 3382 4724 δῆλον
3419 4654 3475 4707 δὲ
3502 4656 3589 4708 ὅτι

2007 4737 2224 4801 πάντως
2255 4757 2356 4792 που
2391 4742 2480 4793 τὸν
2511 4742 2604 4794 τοῦ
2652 4743 3016 4815 πολέμουτοῦ
3066 4745 3218 4815 παρά
3276 4745 3585 4816 Ῥωμαίων,

2004 4828 2242 4898 κεφαλήν
2277 4846 2333 4881 τε
2368 4833 2461 4884 καὶ
2503 4833 2690 4902 ούράν.
2727 4835 2837 4888 Καὶ
2865 4835 2916 4887 τί
2960 4835 3020 4888 τὸ
3069 4835 3320 4906 αἴνιγμα,
3356 4836 3588 4906 διερμη-

2005 4917 2170 4981 νεύει,
2223 4919 2414 4986 λέγων,
2469 4922 2642 4991 μέγαν
2689 4925 2782 4976 καὶ
2830 4925 3042 4997 μικρδν,
3074 4925 3218 4978 τοῦτ’
3253 4926 3392 4988 ἐστι,
3428 4943 3586 4996 περι-

2005 5012 2146 5079 φανῆ
2176 5027 2232 5060 τε
2266 5013 2360 5064 καὶ
2384 5011 2615 5083 ἄσημον.
2652 5017 2760 5070 Καὶ
2789 5018 2929 5080 τίνες
2976 5020 3042 5071 ἂν
3072 5013 3178 5070 εἷεν
3216 5013 3378 5083 οὗτοι,
3423 5020 3589 5070 πάλιν

2003 5099 2396 5167 προσαπὲδειξε
2448 5103 2793 5174 προστιθείςο
2843 5107 3182 5179 Πρεσϐύτην,
3228 5109 3476 5172 καὶτοὺς
3517 5107 3588 5159 τὰ

2002 5190 2267 5259 πρόσωπα
2328 5193 2736 5264 θαυμάζοντας.
2792 5199 3053 5269 Σημαίνει
3109 5201 3166 5253 δὲ
3218 5201 3304 5254 διὰ
3351 5200 3580 5265 τούτων,

2005 5278 2252 5350 καθάπερ
2307 5283 2553 5354 ἐγῷμαι,
2605 5286 2702 5359 τὴν
2751 5289 2999 5360 ίερᾶσθαι
3062 5290 3329 5360 λαχοῦσαν
3385 5291 3579 5360 φυλὴν.

1999 5371 2143 5425 τοῦτ’
2179 5373 2313 5433 ἔστι,
2345 5377 2469 5439 τοὺς
2509 5375 2567 5441 ἐξ
2613 5378 2844 5448 αἳματος
2877 5379 3028 5446 Λευῖ,
3063 5379 3155 5443 οὓς
3201 5381 3297 5434 καὶ
3340 5379 3579 5451 πρεσϐυ-

2000 5464 2189 5534 τέρους
2239 5465 2519 5536 ὠνόμαζον
2576 5472 2625 5522 οἱ
2675 5471 2779 5525 ὑπὸ
2828 5476 2984 5544 χεῖρα
3035 5473 3174 5526 λαοί.
3213 5475 3322 5528 Καὶ
3365 5472 3495 5541 γοῦν
3528 5473 3580 5526 o!

2000 5554 2274 5609 θεσπέσιοι
2325 5557 2561 5629 μαθηταὶ
2609 5565 3142 5636 προσπεφωνήκασιν
3189 5568 3392 5630 αὐτοῖς,
3434 5563 3584 5618 οὕτω
