  <div class='ocr_page' id='page_1' title='image "/cluster/home/n/w/nwhite01/storage/ocr_20150623/70/hvd.32044073501991/140.png"; bbox 0 0 4002 6212; ppageno 0'>
   <div class='ocr_carea' id='block_1_1' title="bbox 315 310 421 365">
    <p class='ocr_par' dir='ltr' id='par_1_1' title="bbox 315 310 421 365">
     <span class='ocr_line' id='line_1_1' title="bbox 315 310 421 365; baseline 0 -1"><span class='ocrx_word' id='word_1_1' title='bbox 315 310 421 365; x_wconf 78' lang='lat'><strong>269</strong></span> 
     </span>
    </p>
   </div>
   <div class='ocr_carea' id='block_1_2' title="bbox 1448 323 2395 387">
    <p class='ocr_par' dir='ltr' id='par_1_2' title="bbox 1448 323 2395 387">
     <span class='ocr_line' id='line_1_2' title="bbox 1448 323 2395 387; baseline 0.008 -10"><span class='ocrx_word' id='word_1_2' title='bbox 1448 323 1516 378; x_wconf 82' lang='grc' dir='ltr'><strong>ΙΝ</strong></span> <span class='ocrx_word' id='word_1_3' title='bbox 1552 324 1785 382; x_wconf 77' lang='lat' dir='ltr'><strong>ISAIAM</strong></span> <span class='ocrx_word' id='word_1_4' title='bbox 1824 326 1952 384; x_wconf 83' lang='lat' dir='ltr'><strong>LIB.</strong></span> <span class='ocrx_word' id='word_1_5' title='bbox 1994 330 2037 384; x_wconf 86' lang='grc' dir='ltr'><strong>Ι.</strong></span> <span class='ocrx_word' id='word_1_6' title='bbox 2075 328 2285 387; x_wconf 76' lang='lat' dir='ltr'><strong>ORAT.</strong></span> <span class='ocrx_word' id='word_1_7' title='bbox 2326 331 2395 386; x_wconf 71' lang='lat' dir='ltr'><strong>Vl</strong></span> 
     </span>
    </p>
   </div>
   <div class='ocr_carea' id='block_1_3' title="bbox 3454 336 3586 392">
    <p class='ocr_par' dir='ltr' id='par_1_3' title="bbox 3454 336 3586 392">
     <span class='ocr_line' id='line_1_3' title="bbox 3454 336 3586 392; baseline -0.038 -1"><span class='ocrx_word' id='word_1_8' title='bbox 3454 336 3586 392; x_wconf 68' lang='grc'>’⁸270</span> 
     </span>
    </p>
   </div>
   <div class='ocr_carea' id='block_1_4' title="bbox 314 438 1894 521">
    <p class='ocr_par' dir='ltr' id='par_1_4' title="bbox 314 438 1894 512">
     <span class='ocr_line' id='line_1_4' title="bbox 314 438 1894 512; baseline -0.003 -17"><span class='ocrx_word' id='word_1_9' title='bbox 314 445 603 511; x_wconf 77' lang='grc' dir='ltr'><strong>λέγοντες⁸</strong></span> <span class='ocrx_word' id='word_1_10' title='bbox 640 459 661 493; x_wconf 88' lang='grc' dir='ltr'><strong>ι</strong></span> <span class='ocrx_word' id='word_1_11' title='bbox 701 441 995 512; x_wconf 75' lang='grc' dir='ltr'><strong>’Ἄρχοντες</strong></span> <span class='ocrx_word' id='word_1_12' title='bbox 1019 439 1112 494; x_wconf 86' lang='grc' dir='ltr'><strong>τοῦ</strong></span> <span class='ocrx_word' id='word_1_13' title='bbox 1151 438 1281 494; x_wconf 87' lang='grc' dir='ltr'><strong>λαοῦ</strong></span> <span class='ocrx_word' id='word_1_14' title='bbox 1310 441 1404 493; x_wconf 76' lang='grc' dir='ltr'><strong>καὶ</strong></span> <span class='ocrx_word' id='word_1_15' title='bbox 1432 439 1811 511; x_wconf 76' lang='grc' dir='ltr'><strong>πρεσϐύτεροι,</strong></span> <span class='ocrx_word' id='word_1_16' title='bbox 1858 440 1894 491; x_wconf 80' lang='grc' dir='ltr'><strong>εὶ</strong></span> 
     </span>
    </p>
   </div>
   <div class='ocr_carea' id='block_1_5' title="bbox 1998 438 3591 521">
    <p class='ocr_par' dir='ltr' id='par_1_5' title="bbox 2012 445 3591 521">
     <span class='ocr_line' id='line_1_5' title="bbox 2012 445 3591 521; baseline 0.008 -22"><span class='ocrx_word' id='word_1_17' title='bbox 2012 445 2270 515; x_wconf 83' lang='lat' dir='ltr'><strong>iudicium</strong></span> <span class='ocrx_word' id='word_1_18' title='bbox 2304 464 2587 519; x_wconf 81' lang='lat' dir='ltr'><strong>vocamur,</strong></span> <span class='ocrx_word' id='word_1_19' title='bbox 2619 455 2891 521; x_wconf 90' lang='lat' dir='ltr'><strong>quomodo</strong></span> <span class='ocrx_word' id='word_1_20' title='bbox 2929 454 3019 508; x_wconf 92' lang='lat' dir='ltr'><strong>ille</strong></span> <span class='ocrx_word' id='word_1_21' title='bbox 3054 465 3299 512; x_wconf 85' lang='lat' dir='ltr'><strong>servatus</strong></span> <span class='ocrx_word' id='word_1_22' title='bbox 3351 459 3443 521; x_wconf 90' lang='lat' dir='ltr'><strong>sit,</strong></span> <span class='ocrx_word' id='word_1_23' title='bbox 3497 477 3591 513; x_wconf 79' lang='lat' dir='ltr'><strong>tto-</strong></span> 
     </span>
    </p>
   </div>
   <div class='ocr_carea' id='block_1_6' title="bbox 319 529 1904 606">
    <p class='ocr_par' dir='ltr' id='par_1_6' title="bbox 319 529 1904 606">
     <span class='ocr_line' id='line_1_6' title="bbox 319 529 1904 606; baseline -0.003 -20"><span class='ocrx_word' id='word_1_24' title='bbox 319 537 483 606; x_wconf 74' lang='grc' dir='ltr'><strong>ἡμεῖς</strong></span> <span class='ocrx_word' id='word_1_25' title='bbox 520 533 765 605; x_wconf 79' lang='grc' dir='ltr'><strong>σήμερον</strong></span> <span class='ocrx_word' id='word_1_26' title='bbox 793 531 1211 604; x_wconf 81' lang='grc' dir='ltr'><strong>ἀνακρουόμεθα</strong></span> <span class='ocrx_word' id='word_1_27' title='bbox 1242 533 1336 584; x_wconf 77' lang='grc' dir='ltr'><strong>ἐπὶ</strong></span> <span class='ocrx_word' id='word_1_28' title='bbox 1365 530 1654 602; x_wconf 70' lang='grc' dir='ltr'><strong>εὐεργεσίᾳ</strong></span> <span class='ocrx_word' id='word_1_29' title='bbox 1691 529 1904 602; x_wconf 78' lang='grc' dir='ltr'><strong>ἀνθρώ-</strong></span> 
     </span>
    </p>
   </div>
   <div class='ocr_carea' id='block_1_7' title="bbox 315 619 1903 691">
    <p class='ocr_par' dir='ltr' id='par_1_7' title="bbox 315 619 1903 691">
     <span class='ocr_line' id='line_1_7' title="bbox 315 619 1903 691; baseline 0.001 -15"><span class='ocrx_word' id='word_1_30' title='bbox 315 642 423 678; x_wconf 82' lang='grc' dir='ltr'><strong>που</strong></span> <span class='ocrx_word' id='word_1_31' title='bbox 454 622 738 687; x_wconf 78' lang='grc' dir='ltr'><strong>ἀσθενοῦς,</strong></span> <span class='ocrx_word' id='word_1_32' title='bbox 763 625 822 677; x_wconf 84' lang='grc' dir='ltr'><strong>ὲν</strong></span> <span class='ocrx_word' id='word_1_33' title='bbox 852 624 959 678; x_wconf 89' lang='grc' dir='ltr'><strong>τίνι</strong></span> <span class='ocrx_word' id='word_1_34' title='bbox 985 619 1140 688; x_wconf 79' lang='grc' dir='ltr'><strong>οὗτος</strong></span> <span class='ocrx_word' id='word_1_35' title='bbox 1168 624 1459 686; x_wconf 81' lang='grc' dir='ltr'><strong>σέσωσται,</strong></span> <span class='ocrx_word' id='word_1_36' title='bbox 1492 624 1730 691; x_wconf 85' lang='grc' dir='ltr'><strong>γνωστὸν</strong></span> <span class='ocrx_word' id='word_1_37' title='bbox 1763 623 1903 678; x_wconf 77' lang='grc' dir='ltr'><strong>ἔστω</strong></span> 
     </span>
    </p>
   </div>
   <div class='ocr_carea' id='block_1_8' title="bbox 315 710 1901 788">
    <p class='ocr_par' dir='ltr' id='par_1_8' title="bbox 315 710 1901 788">
     <span class='ocr_line' id='line_1_8' title="bbox 315 710 1901 788; baseline -0.001 -18"><span class='ocrx_word' id='word_1_38' title='bbox 315 719 450 787; x_wconf 77' lang='grc' dir='ltr'><strong>ὑμῖν</strong></span> <span class='ocrx_word' id='word_1_39' title='bbox 483 716 581 770; x_wconf 83' lang='grc' dir='ltr'><strong>καὶ</strong></span> <span class='ocrx_word' id='word_1_40' title='bbox 610 717 776 771; x_wconf 80' lang='grc' dir='ltr'><strong>παντὶ</strong></span> <span class='ocrx_word' id='word_1_41' title='bbox 816 715 895 787; x_wconf 80' lang='grc' dir='ltr'><strong>τῷ</strong></span> <span class='ocrx_word' id='word_1_42' title='bbox 928 715 1064 786; x_wconf 84' lang='grc' dir='ltr'><strong>λαῷ,</strong></span> <span class='ocrx_word' id='word_1_43' title='bbox 1106 710 1191 770; x_wconf 84' lang='grc' dir='ltr'><strong>’ὅτι</strong></span> <span class='ocrx_word' id='word_1_44' title='bbox 1238 720 1296 769; x_wconf 83' lang='grc' dir='ltr'><strong>ὲν</strong></span> <span class='ocrx_word' id='word_1_45' title='bbox 1334 717 1412 788; x_wconf 84' lang='grc' dir='ltr'><strong>τῷ</strong></span> <span class='ocrx_word' id='word_1_46' title='bbox 1443 718 1668 787; x_wconf 82' lang='grc' dir='ltr'><strong>ὀνόματι</strong></span> <span class='ocrx_word' id='word_1_47' title='bbox 1727 714 1901 787; x_wconf 83' lang='grc' dir='ltr'><strong>Ἰησοῦ</strong></span> 
     </span>
    </p>
   </div>
   <div class='ocr_carea' id='block_1_9' title="bbox 314 804 1902 881">
    <p class='ocr_par' dir='ltr' id='par_1_9' title="bbox 314 804 1902 881">
     <span class='ocr_line' id='line_1_9' title="bbox 314 804 1902 881; baseline 0.001 -19"><span class='ocrx_word' id='word_1_48' title='bbox 314 806 556 880; x_wconf 78' lang='grc' dir='ltr'><strong>Χριστοῦ</strong></span> <span class='ocrx_word' id='word_1_49' title='bbox 586 807 682 861; x_wconf 88' lang='grc' dir='ltr'><strong>τοῦ</strong></span> <span class='ocrx_word' id='word_1_50' title='bbox 720 806 1071 880; x_wconf 80' lang='grc' dir='ltr'><strong>Ναζωραίου.</strong></span> <span class='ocrx_word' id='word_1_51' title='bbox 1116 828 1134 860; x_wconf 73' lang='grc' dir='ltr'><strong>ι</strong></span> <span class='ocrx_word' id='word_1_52' title='bbox 1168 804 1326 866; x_wconf 75' lang='grc' dir='ltr'><strong>Οὗτοι</strong></span> <span class='ocrx_word' id='word_1_53' title='bbox 1358 809 1466 881; x_wconf 81' lang='grc' dir='ltr'><strong>γὰρ</strong></span> <span class='ocrx_word' id='word_1_54' title='bbox 1511 813 1560 863; x_wconf 90' lang='grc' dir='ltr'><strong>οἱ</strong></span> <span class='ocrx_word' id='word_1_55' title='bbox 1599 809 1902 880; x_wconf 83' lang='grc' dir='ltr'><strong>πρεσδύτε-</strong></span> 
     </span>
    </p>
   </div>
   <div class='ocr_carea' id='block_1_10' title="bbox 316 902 1903 979">
    <p class='ocr_par' dir='ltr' id='par_1_10' title="bbox 316 902 1903 979">
     <span class='ocr_line' id='line_1_10' title="bbox 316 902 1903 979; baseline 0.002 -25"><span class='ocrx_word' id='word_1_56' title='bbox 316 919 422 979; x_wconf 77' lang='lat' dir='ltr'><strong>pot,</strong></span> <span class='ocrx_word' id='word_1_57' title='bbox 456 902 561 974; x_wconf 80' lang='grc' dir='ltr'><strong>τὴν</strong></span> <span class='ocrx_word' id='word_1_58' title='bbox 608 902 704 955; x_wconf 82' lang='grc' dir='ltr'><strong>τοῦ</strong></span> <span class='ocrx_word' id='word_1_59' title='bbox 752 902 964 972; x_wconf 89' lang='grc' dir='ltr'><strong>κρίνειν</strong></span> <span class='ocrx_word' id='word_1_60' title='bbox 1008 902 1221 973; x_wconf 75' lang='grc' dir='ltr'><strong>ἔχοντες</strong></span> <span class='ocrx_word' id='word_1_61' title='bbox 1266 903 1538 971; x_wconf 73' lang='grc' dir='ltr'><strong>ἐξουσίαν,</strong></span> <span class='ocrx_word' id='word_1_62' title='bbox 1587 905 1687 957; x_wconf 73' lang='grc' dir='ltr'><strong>οὐκ</strong></span> <span class='ocrx_word' id='word_1_63' title='bbox 1730 902 1903 975; x_wconf 79' lang='grc' dir='ltr'><strong>ὀρθὰς</strong></span> 
     </span>
    </p>
   </div>
   <div class='ocr_carea' id='block_1_11' title="bbox 310 993 1899 1067">
    <p class='ocr_par' dir='ltr' id='par_1_11' title="bbox 310 993 1899 1067">
     <span class='ocr_line' id='line_1_11' title="bbox 310 993 1899 1067; baseline 0.003 -22"><span class='ocrx_word' id='word_1_64' title='bbox 310 993 413 1057; x_wconf 77' lang='grc' dir='ltr'><strong>τὰς</strong></span> <span class='ocrx_word' id='word_1_65' title='bbox 448 993 539 1063; x_wconf 78' lang='grc' dir='ltr'><strong>ἐφ’</strong></span> <span class='ocrx_word' id='word_1_66' title='bbox 575 994 793 1064; x_wconf 71' lang='grc' dir='ltr'><strong>ἑκάστῳ</strong></span> <span class='ocrx_word' id='word_1_67' title='bbox 826 994 936 1046; x_wconf 79' lang='grc' dir='ltr'><strong>τῶν</strong></span> <span class='ocrx_word' id='word_1_68' title='bbox 981 994 1112 1065; x_wconf 83' lang='grc' dir='ltr'><strong>παρ’</strong></span> <span class='ocrx_word' id='word_1_69' title='bbox 1150 996 1334 1059; x_wconf 78' lang='grc' dir='ltr'><strong>αὐτοῖς</strong></span> <span class='ocrx_word' id='word_1_70' title='bbox 1381 998 1715 1067; x_wconf 80' lang='grc' dir='ltr'><strong>κρινομένων</strong></span> <span class='ocrx_word' id='word_1_71' title='bbox 1753 999 1899 1050; x_wconf 73' lang='grc' dir='ltr'><strong>ἑποι-</strong></span> 
     </span>
    </p>
   </div>
   <div class='ocr_carea' id='block_1_12' title="bbox 307 1084 1899 1160">
    <p class='ocr_par' dir='ltr' id='par_1_12' title="bbox 307 1084 1899 1160">
     <span class='ocr_line' id='line_1_12' title="bbox 307 1084 1899 1160; baseline 0.003 -22"><span class='ocrx_word' id='word_1_72' title='bbox 307 1084 471 1139; x_wconf 86' lang='grc' dir='ltr'><strong>οῦντο</strong></span> <span class='ocrx_word' id='word_1_73' title='bbox 497 1085 733 1156; x_wconf 70' lang='grc' dir='ltr'><strong>ψήφους,</strong></span> <span class='ocrx_word' id='word_1_74' title='bbox 770 1086 1196 1157; x_wconf 82' lang='grc' dir='ltr'><strong>δωροδοκοῦντες</strong></span> <span class='ocrx_word' id='word_1_75' title='bbox 1226 1089 1535 1160; x_wconf 80' lang='grc' dir='ltr'><strong>ἀπλήστως,</strong></span> <span class='ocrx_word' id='word_1_76' title='bbox 1572 1091 1666 1144; x_wconf 76' lang='grc' dir='ltr'><strong>καὶ</strong></span> <span class='ocrx_word' id='word_1_77' title='bbox 1692 1088 1759 1143; x_wconf 84' lang='grc' dir='ltr'><strong>τὰ</strong></span> <span class='ocrx_word' id='word_1_78' title='bbox 1790 1089 1899 1143; x_wconf 86' lang='grc' dir='ltr'><strong>τῶν</strong></span> 
     </span>
    </p>
   </div>
   <div class='ocr_carea' id='block_1_13' title="bbox 310 1176 1901 1249">
    <p class='ocr_par' dir='ltr' id='par_1_13' title="bbox 310 1176 1901 1249">
     <span class='ocr_line' id='line_1_13' title="bbox 310 1176 1901 1249; baseline 0.005 -20"><span class='ocrx_word' id='word_1_79' title='bbox 310 1176 593 1231; x_wconf 84' lang='grc' dir='ltr'><strong>πλουσίων</strong></span> <span class='ocrx_word' id='word_1_80' title='bbox 644 1176 1022 1249; x_wconf 79' lang='grc' dir='ltr'><strong>θαυμάζοντες</strong></span> <span class='ocrx_word' id='word_1_81' title='bbox 1062 1179 1332 1248; x_wconf 87' lang='grc' dir='ltr'><strong>πρόσωπα</strong></span> <span class='ocrx_word' id='word_1_82' title='bbox 1354 1220 1367 1244; x_wconf 93' lang='grc'><strong>,</strong></span> <span class='ocrx_word' id='word_1_83' title='bbox 1422 1181 1599 1236; x_wconf 85' lang='grc' dir='ltr'><strong>καίτοι</strong></span> <span class='ocrx_word' id='word_1_84' title='bbox 1654 1182 1747 1235; x_wconf 88' lang='grc' dir='ltr'><strong>τοῦ</strong></span> <span class='ocrx_word' id='word_1_85' title='bbox 1808 1182 1901 1237; x_wconf 87' lang='grc' dir='ltr'><strong>διὰ</strong></span> 
     </span>
    </p>
   </div>
   <div class='ocr_carea' id='block_1_14' title="bbox 308 1268 1898 1345">
    <p class='ocr_par' dir='ltr' id='par_1_14' title="bbox 308 1268 1898 1345">
     <span class='ocr_line' id='line_1_14' title="bbox 308 1268 1898 1345; baseline 0.004 -23"><span class='ocrx_word' id='word_1_86' title='bbox 308 1268 564 1332; x_wconf 77' lang='grc' dir='ltr'>Μωσέως</span> <span class='ocrx_word' id='word_1_87' title='bbox 609 1270 947 1341; x_wconf 82' lang='grc' dir='ltr'><strong>κεκραγότος</strong></span> <span class='ocrx_word' id='word_1_88' title='bbox 979 1270 1177 1341; x_wconf 84' lang='grc' dir='ltr'><strong>νόμου·</strong></span> <span class='ocrx_word' id='word_1_89' title='bbox 1227 1291 1245 1323; x_wconf 79' lang='grc' dir='ltr'><strong>ι</strong></span> <span class='ocrx_word' id='word_1_90' title='bbox 1302 1273 1492 1344; x_wconf 84' lang='grc' dir='ltr'><strong>Κρῖμα</strong></span> <span class='ocrx_word' id='word_1_91' title='bbox 1530 1274 1735 1328; x_wconf 84' lang='grc' dir='ltr'><strong>δίκαιον</strong></span> <span class='ocrx_word' id='word_1_92' title='bbox 1777 1275 1898 1345; x_wconf 85' lang='grc' dir='ltr'><strong>κρί-</strong></span> 
     </span>
    </p>
   </div>
   <div class='ocr_carea' id='block_1_15' title="bbox 308 1359 1897 1436">
    <p class='ocr_par' dir='ltr' id='par_1_15' title="bbox 308 1359 1897 1436">
     <span class='ocr_line' id='line_1_15' title="bbox 308 1359 1897 1436; baseline 0.006 -25"><span class='ocrx_word' id='word_1_93' title='bbox 308 1374 463 1411; x_wconf 83' lang='grc' dir='ltr'><strong>νατε·</strong></span> <span class='ocrx_word' id='word_1_94' title='bbox 510 1377 530 1410; x_wconf 74' lang='grc' dir='ltr'><strong>ι</strong></span> <span class='ocrx_word' id='word_1_95' title='bbox 557 1359 653 1413; x_wconf 75' lang='grc' dir='ltr'><strong>καὶ</strong></span> <span class='ocrx_word' id='word_1_96' title='bbox 683 1360 765 1422; x_wconf 76' lang='grc' dir='ltr'><strong>τὸ,</strong></span> <span class='ocrx_word' id='word_1_97' title='bbox 794 1379 814 1411; x_wconf 82' lang='grc' dir='ltr'><strong>ι</strong></span> <span class='ocrx_word' id='word_1_98' title='bbox 839 1360 915 1413; x_wconf 82' lang='grc' dir='ltr'><strong>Οὐ</strong></span> <span class='ocrx_word' id='word_1_99' title='bbox 942 1360 1088 1433; x_wconf 77' lang='grc' dir='ltr'><strong>λήψῃ</strong></span> <span class='ocrx_word' id='word_1_100' title='bbox 1124 1362 1415 1435; x_wconf 85' lang='grc' dir='ltr'><strong>πρόσωπον</strong></span> <span class='ocrx_word' id='word_1_101' title='bbox 1437 1366 1495 1417; x_wconf 80' lang='grc' dir='ltr'><strong>ὲν</strong></span> <span class='ocrx_word' id='word_1_102' title='bbox 1526 1366 1727 1436; x_wconf 84' lang='grc' dir='ltr'><strong>κρίσει,</strong></span> <span class='ocrx_word' id='word_1_103' title='bbox 1764 1386 1781 1417; x_wconf 77' lang='lat' dir='ltr'><strong>i</strong></span> <span class='ocrx_word' id='word_1_104' title='bbox 1814 1384 1897 1421; x_wconf 85' lang='grc' dir='ltr'><strong>τι-</strong></span> 
     </span>
    </p>
   </div>
   <div class='ocr_carea' id='block_1_16' title="bbox 310 1450 1899 1531">
    <p class='ocr_par' dir='ltr' id='par_1_16' title="bbox 310 1450 1899 1531">
     <span class='ocr_line' id='line_1_16' title="bbox 310 1450 1899 1531; baseline 0.006 -28"><span class='ocrx_word' id='word_1_105' title='bbox 310 1450 503 1514; x_wconf 79' lang='grc' dir='ltr'><strong>θέντος</strong></span> <span class='ocrx_word' id='word_1_106' title='bbox 548 1455 823 1524; x_wconf 82' lang='grc' dir='ltr'><strong>πανταχῆ.</strong></span> <span class='ocrx_word' id='word_1_107' title='bbox 883 1453 1033 1524; x_wconf 80' lang='grc' dir='ltr'><strong>Αὕτη</strong></span> <span class='ocrx_word' id='word_1_108' title='bbox 1076 1454 1279 1520; x_wconf 89' lang='grc' dir='ltr'><strong>τοίνυν,</strong></span> <span class='ocrx_word' id='word_1_109' title='bbox 1307 1458 1489 1527; x_wconf 68' lang='grc' dir='ltr'><strong>φησιν,</strong></span> <span class='ocrx_word' id='word_1_110' title='bbox 1527 1460 1560 1530; x_wconf 76' lang='grc' dir='ltr'>ἡ</span> <span class='ocrx_word' id='word_1_111' title='bbox 1595 1460 1736 1531; x_wconf 82' lang='grc' dir='ltr'><strong>ἀρχή</strong></span> <span class='ocrx_word' id='word_1_112' title='bbox 1759 1477 1772 1490; x_wconf 78' lang='grc' dir='ltr'><strong>ο</strong></span> <span class='ocrx_word' id='word_1_113' title='bbox 1811 1461 1899 1513; x_wconf 90' lang='grc' dir='ltr'><strong>λε-</strong></span> 
     </span>
    </p>
   </div>
   <div class='ocr_carea' id='block_1_17' title="bbox 309 1542 1899 1621">
    <p class='ocr_par' dir='ltr' id='par_1_17' title="bbox 309 1542 1899 1621">
     <span class='ocr_line' id='line_1_17' title="bbox 309 1542 1899 1621; baseline 0.007 -25"><span class='ocrx_word' id='word_1_114' title='bbox 309 1542 535 1605; x_wconf 81' lang='grc' dir='ltr'><strong>λόγιστο</strong></span> <span class='ocrx_word' id='word_1_115' title='bbox 564 1543 623 1597; x_wconf 78' lang='grc' dir='ltr'><strong>δὲ</strong></span> <span class='ocrx_word' id='word_1_116' title='bbox 661 1544 757 1598; x_wconf 73' lang='grc' dir='ltr'><strong>καὶ</strong></span> <span class='ocrx_word' id='word_1_117' title='bbox 798 1547 876 1608; x_wconf 82' lang='grc' dir='ltr'><strong>είς</strong></span> <span class='ocrx_word' id='word_1_118' title='bbox 910 1548 1170 1620; x_wconf 79' lang='grc' dir='ltr'><strong>κεφαλήν.</strong></span> <span class='ocrx_word' id='word_1_119' title='bbox 1224 1549 1449 1621; x_wconf 80' lang='grc' dir='ltr'><strong>Κεφαλὴ</strong></span> <span class='ocrx_word' id='word_1_120' title='bbox 1498 1549 1609 1621; x_wconf 80' lang='grc' dir='ltr'><strong>γὰρ</strong></span> <span class='ocrx_word' id='word_1_121' title='bbox 1637 1550 1781 1605; x_wconf 84' lang='grc' dir='ltr'><strong>λαῶν</strong></span> <span class='ocrx_word' id='word_1_122' title='bbox 1826 1553 1899 1607; x_wconf 84' lang='grc' dir='ltr'><strong>ἱε-</strong></span> 
     </span>
    </p>
   </div>
   <div class='ocr_carea' id='block_1_18' title="bbox 313 1635 1897 1715">
    <p class='ocr_par' dir='ltr' id='par_1_18' title="bbox 313 1635 1897 1715">
     <span class='ocr_line' id='line_1_18' title="bbox 313 1635 1897 1715; baseline 0.006 -29"><span class='ocrx_word' id='word_1_123' title='bbox 313 1635 465 1707; x_wconf 77' lang='grc' dir='ltr'><strong>ρεὺς,</strong></span> <span class='ocrx_word' id='word_1_124' title='bbox 500 1636 633 1689; x_wconf 72' lang='grc' dir='ltr'><strong>ὅταν</strong></span> <span class='ocrx_word' id='word_1_125' title='bbox 661 1636 738 1700; x_wconf 84' lang='grc' dir='ltr'><strong>ὡς</strong></span> <span class='ocrx_word' id='word_1_126' title='bbox 769 1638 856 1705; x_wconf 73' lang='grc' dir='ltr'><strong>ἐφ’</strong></span> <span class='ocrx_word' id='word_1_127' title='bbox 889 1638 1008 1702; x_wconf 79' lang='grc' dir='ltr'><strong>ἐνὸς</strong></span> <span class='ocrx_word' id='word_1_128' title='bbox 1030 1642 1228 1694; x_wconf 84' lang='grc' dir='ltr'><strong>νοεῖται</strong></span> <span class='ocrx_word' id='word_1_129' title='bbox 1260 1640 1530 1710; x_wconf 83' lang='grc' dir='ltr'><strong>σώματος.</strong></span> <span class='ocrx_word' id='word_1_130' title='bbox 1559 1643 1897 1715; x_wconf 74' lang='grc' dir='ltr'><strong>Συναφαιρε-</strong></span> 
     </span>
    </p>
   </div>
   <div class='ocr_carea' id='block_1_19' title="bbox 313 1726 1899 1807">
    <p class='ocr_par' dir='ltr' id='par_1_19' title="bbox 313 1726 1899 1807">
     <span class='ocr_line' id='line_1_19' title="bbox 313 1726 1899 1807; baseline 0.006 -28"><span class='ocrx_word' id='word_1_131' title='bbox 313 1726 581 1797; x_wconf 78' lang='grc' dir='ltr'><strong>θήσεσθαι</strong></span> <span class='ocrx_word' id='word_1_132' title='bbox 614 1727 673 1782; x_wconf 79' lang='grc' dir='ltr'><strong>δὲ</strong></span> <span class='ocrx_word' id='word_1_133' title='bbox 710 1727 789 1799; x_wconf 84' lang='grc' dir='ltr'><strong>τῷ</strong></span> <span class='ocrx_word' id='word_1_134' title='bbox 835 1730 1115 1804; x_wconf 81' lang='grc' dir='ltr'><strong>πρεσόύτῃ</strong></span> <span class='ocrx_word' id='word_1_135' title='bbox 1151 1732 1285 1803; x_wconf 78' lang='grc' dir='ltr'><strong>φησὶ</strong></span> <span class='ocrx_word' id='word_1_136' title='bbox 1329 1734 1423 1788; x_wconf 76' lang='grc' dir='ltr'><strong>καὶ</strong></span> <span class='ocrx_word' id='word_1_137' title='bbox 1471 1736 1757 1807; x_wconf 79' lang='grc' dir='ltr'><strong>προφήτην</strong></span> <span class='ocrx_word' id='word_1_138' title='bbox 1804 1737 1899 1789; x_wconf 62' lang='grc' dir='ltr'><strong>καὶ¹</strong></span> 
     </span>
    </p>
   </div>
   <div class='ocr_carea' id='block_1_20' title="bbox 2016 541 3588 615">
    <p class='ocr_par' dir='ltr' id='par_1_20' title="bbox 2016 541 3588 615">
     <span class='ocr_line' id='line_1_20' title="bbox 2016 541 3588 615; baseline 0.006 -24"><span class='ocrx_word' id='word_1_139' title='bbox 2016 551 2127 594; x_wconf 92' lang='lat' dir='ltr'><strong>tum</strong></span> <span class='ocrx_word' id='word_1_140' title='bbox 2157 541 2228 593; x_wconf 90' lang='lat' dir='ltr'><strong>sit</strong></span> <span class='ocrx_word' id='word_1_141' title='bbox 2259 542 2434 605; x_wconf 81' lang='lat' dir='ltr'><strong>vobis,</strong></span> <span class='ocrx_word' id='word_1_142' title='bbox 2471 552 2527 597; x_wconf 88' lang='lat' dir='ltr'><strong>et</strong></span> <span class='ocrx_word' id='word_1_143' title='bbox 2562 544 2658 598; x_wconf 87' lang='grc' dir='ltr'><strong>ιοιί</strong></span> <span class='ocrx_word' id='word_1_144' title='bbox 2683 545 2900 614; x_wconf 90' lang='lat' dir='ltr'><strong>populo,</strong></span> <span class='ocrx_word' id='word_1_145' title='bbox 2931 548 3074 615; x_wconf 90' lang='lat' dir='ltr'><strong>quod</strong></span> <span class='ocrx_word' id='word_1_146' title='bbox 3111 550 3163 601; x_wconf 89' lang='lat' dir='ltr'><strong>in</strong></span> <span class='ocrx_word' id='word_1_147' title='bbox 3203 549 3421 605; x_wconf 85' lang='lat' dir='ltr'><strong>nomine</strong></span> <span class='ocrx_word' id='word_1_148' title='bbox 3462 547 3588 602; x_wconf 79' lang='lat' dir='ltr'><strong>.lesu</strong></span> 
     </span>
    </p>
   </div>
   <div class='ocr_carea' id='block_1_21' title="bbox 2014 631 3592 712">
    <p class='ocr_par' dir='ltr' id='par_1_21' title="bbox 2014 631 3592 712">
     <span class='ocr_line' id='line_1_21' title="bbox 2014 631 3592 712; baseline 0.006 -27"><span class='ocrx_word' id='word_1_149' title='bbox 2014 631 2252 688; x_wconf 62' lang='grc' dir='ltr'><strong>Ναυπαιί</strong></span> <span class='ocrx_word' id='word_1_150' title='bbox 2282 634 2322 688; x_wconf 90' lang='grc'><strong>¹.</strong></span> <span class='ocrx_word' id='word_1_151' title='bbox 2358 652 2378 686; x_wconf 74' lang='grc' dir='ltr'><strong>ι</strong></span> <span class='ocrx_word' id='word_1_152' title='bbox 2410 634 2471 689; x_wconf 86' lang='lat' dir='ltr'><strong>lli</strong></span> <span class='ocrx_word' id='word_1_153' title='bbox 2504 638 2647 689; x_wconf 83' lang='lat' dir='ltr'><strong>enim</strong></span> <span class='ocrx_word' id='word_1_154' title='bbox 2674 638 2937 702; x_wconf 87' lang='lat' dir='ltr'><strong>seniores.</strong></span> <span class='ocrx_word' id='word_1_155' title='bbox 2976 656 3142 709; x_wconf 88' lang='lat' dir='ltr'><strong>penes</strong></span> <span class='ocrx_word' id='word_1_156' title='bbox 3176 656 3313 711; x_wconf 89' lang='lat' dir='ltr'><strong>quos</strong></span> <span class='ocrx_word' id='word_1_157' title='bbox 3340 641 3592 712; x_wconf 78' lang='lat' dir='ltr'><strong>judican-</strong></span> 
     </span>
    </p>
   </div>
   <div class='ocr_carea' id='block_1_22' title="bbox 2012 725 3592 806">
    <p class='ocr_par' dir='ltr' id='par_1_22' title="bbox 2012 725 3592 806">
     <span class='ocr_line' id='line_1_22' title="bbox 2012 725 3592 806; baseline 0.008 -30"><span class='ocrx_word' id='word_1_158' title='bbox 2012 725 2063 777; x_wconf 88' lang='lat' dir='ltr'><strong>di</strong></span> <span class='ocrx_word' id='word_1_159' title='bbox 2095 735 2332 793; x_wconf 76' lang='lat' dir='ltr'><strong>potestas</strong></span> <span class='ocrx_word' id='word_1_160' title='bbox 2359 738 2498 791; x_wconf 83' lang='lat' dir='ltr'><strong>erat,</strong></span> <span class='ocrx_word' id='word_1_161' title='bbox 2530 744 2635 783; x_wconf 90' lang='lat' dir='ltr'><strong>non</strong></span> <span class='ocrx_word' id='word_1_162' title='bbox 2666 740 2843 785; x_wconf 88' lang='lat' dir='ltr'><strong>rectas</strong></span> <span class='ocrx_word' id='word_1_163' title='bbox 2875 733 2940 785; x_wconf 91' lang='lat' dir='ltr'><strong>de</strong></span> <span class='ocrx_word' id='word_1_164' title='bbox 2983 734 3144 787; x_wconf 84' lang='lat' dir='ltr'><strong>rebus</strong></span> <span class='ocrx_word' id='word_1_165' title='bbox 3187 734 3413 806; x_wconf 76' lang='lat' dir='ltr'><strong>singulis</strong></span> <span class='ocrx_word' id='word_1_166' title='bbox 3454 733 3592 788; x_wconf 87' lang='lat' dir='ltr'><strong>tule—</strong></span> 
     </span>
    </p>
   </div>
   <div class='ocr_carea' id='block_1_23' title="bbox 2017 820 3590 892">
    <p class='ocr_par' dir='ltr' id='par_1_23' title="bbox 2017 820 3590 892">
     <span class='ocr_line' id='line_1_23' title="bbox 2017 820 3590 892; baseline 0.006 -24"><span class='ocrx_word' id='word_1_167' title='bbox 2017 827 2144 870; x_wconf 84' lang='lat' dir='ltr'><strong>runt</strong></span> <span class='ocrx_word' id='word_1_168' title='bbox 2186 820 2506 884; x_wconf 75' lang='lat' dir='ltr'><strong>sententias,</strong></span> <span class='ocrx_word' id='word_1_169' title='bbox 2567 821 2853 877; x_wconf 85' lang='lat' dir='ltr'><strong>insatiabili</strong></span> <span class='ocrx_word' id='word_1_170' title='bbox 2889 824 3182 892; x_wconf 85' lang='lat' dir='ltr'><strong>cupiditate</strong></span> <span class='ocrx_word' id='word_1_171' title='bbox 3233 840 3453 879; x_wconf 88' lang='lat' dir='ltr'><strong>munera</strong></span> <span class='ocrx_word' id='word_1_172' title='bbox 3494 840 3590 879; x_wconf 62' lang='lat' dir='ltr'><strong>ea.</strong></span> 
     </span>
    </p>
   </div>
   <div class='ocr_carea' id='block_1_24' title="bbox 2012 909 3589 987">
    <p class='ocr_par' dir='ltr' id='par_1_24' title="bbox 2012 909 3589 987">
     <span class='ocr_line' id='line_1_24' title="bbox 2012 909 3589 987; baseline 0.008 -28"><span class='ocrx_word' id='word_1_173' title='bbox 2012 909 2241 976; x_wconf 84' lang='lat' dir='ltr'><strong>pientes,</strong></span> <span class='ocrx_word' id='word_1_174' title='bbox 2291 919 2344 964; x_wconf 89' lang='lat' dir='ltr'><strong>et</strong></span> <span class='ocrx_word' id='word_1_175' title='bbox 2399 913 2769 980; x_wconf 85' lang='lat' dir='ltr'><strong>proximorum</strong></span> <span class='ocrx_word' id='word_1_176' title='bbox 2808 915 2975 970; x_wconf 81' lang='lat' dir='ltr'><strong>facies</strong></span> <span class='ocrx_word' id='word_1_177' title='bbox 3012 916 3365 978; x_wconf 73' lang='lat' dir='ltr'><strong>admirantes.</strong></span> <span class='ocrx_word' id='word_1_178' title='bbox 3413 933 3589 987; x_wconf 84' lang='lat' dir='ltr'><strong>quan-</strong></span> 
     </span>
    </p>
   </div>
   <div class='ocr_carea' id='block_1_25' title="bbox 2013 1001 3585 1083">
    <p class='ocr_par' dir='ltr' id='par_1_25' title="bbox 2013 1001 3585 1083">
     <span class='ocr_line' id='line_1_25' title="bbox 2013 1001 3585 1083; baseline 0.01 -30"><span class='ocrx_word' id='word_1_179' title='bbox 2013 1001 2209 1056; x_wconf 84' lang='lat' dir='ltr'><strong>tumvis</strong></span> <span class='ocrx_word' id='word_1_180' title='bbox 2235 1002 2317 1056; x_wconf 85' lang='lat' dir='ltr'><strong>lex</strong></span> <span class='ocrx_word' id='word_1_181' title='bbox 2354 1020 2450 1072; x_wconf 89' lang='lat' dir='ltr'><strong>per</strong></span> <span class='ocrx_word' id='word_1_182' title='bbox 2480 1005 2661 1061; x_wconf 76' lang='lat' dir='ltr'><strong>Mosen</strong></span> <span class='ocrx_word' id='word_1_183' title='bbox 2689 1007 2949 1065; x_wconf 88' lang='lat' dir='ltr'><strong>clamaret</strong></span> <span class='ocrx_word' id='word_1_184' title='bbox 2983 1028 2996 1064; x_wconf 93' lang='lat'><strong>:</strong></span> <span class='ocrx_word' id='word_1_185' title='bbox 3030 1029 3049 1061; x_wconf 80' lang='grc' dir='ltr'><strong>ι</strong></span> <span class='ocrx_word' id='word_1_186' title='bbox 3082 1009 3347 1066; x_wconf 69' lang='lat' dir='ltr'><strong>Iudicium</strong></span> <span class='ocrx_word' id='word_1_187' title='bbox 3380 1013 3585 1083; x_wconf 85' lang='lat' dir='ltr'><strong>justum</strong></span> 
     </span>
    </p>
   </div>
   <div class='ocr_carea' id='block_1_26' title="bbox 2003 1093 3587 1174">
    <p class='ocr_par' dir='ltr' id='par_1_26' title="bbox 2003 1093 3587 1174">
     <span class='ocr_line' id='line_1_26' title="bbox 2003 1093 3587 1174; baseline 0.008 -29"><span class='ocrx_word' id='word_1_188' title='bbox 2003 1093 2060 1159; x_wconf 84' lang='lat' dir='ltr'><strong>ju</strong></span> <span class='ocrx_word' id='word_1_189' title='bbox 2082 1094 2243 1147; x_wconf 88' lang='lat' dir='ltr'><strong>licate</strong></span> <span class='ocrx_word' id='word_1_190' title='bbox 2273 1097 2295 1127; x_wconf 80' lang='grc'>⁸</span> <span class='ocrx_word' id='word_1_191' title='bbox 2324 1115 2335 1149; x_wconf 90' lang='lat'><strong>:</strong></span> <span class='ocrx_word' id='word_1_192' title='bbox 2377 1116 2394 1147; x_wconf 75' lang='grc' dir='ltr'><strong>ι</strong></span> <span class='ocrx_word' id='word_1_193' title='bbox 2438 1108 2491 1150; x_wconf 68' lang='grc' dir='ltr'><strong>ιιι</strong></span> <span class='ocrx_word' id='word_1_194' title='bbox 2524 1097 2722 1167; x_wconf 84' lang='lat' dir='ltr'><strong>ubique</strong></span> <span class='ocrx_word' id='word_1_195' title='bbox 2773 1100 3071 1156; x_wconf 89' lang='lat' dir='ltr'><strong>inculcaret</strong></span> <span class='ocrx_word' id='word_1_196' title='bbox 3108 1120 3122 1156; x_wconf 90' lang='lat'><strong>:</strong></span> <span class='ocrx_word' id='word_1_197' title='bbox 3154 1120 3173 1153; x_wconf 87' lang='grc' dir='ltr'><strong>ι</strong></span> <span class='ocrx_word' id='word_1_198' title='bbox 3207 1102 3319 1158; x_wconf 82' lang='lat' dir='ltr'><strong>Non</strong></span> <span class='ocrx_word' id='word_1_199' title='bbox 3357 1104 3587 1174; x_wconf 80' lang='lat' dir='ltr'><strong>accipies</strong></span> 
     </span>
    </p>
   </div>
   <div class='ocr_carea' id='block_1_27' title="bbox 2010 1188 3584 1266">
    <p class='ocr_par' dir='ltr' id='par_1_27' title="bbox 2010 1188 3584 1266">
     <span class='ocr_line' id='line_1_27' title="bbox 2010 1188 3584 1266; baseline 0.01 -29"><span class='ocrx_word' id='word_1_200' title='bbox 2010 1200 2296 1254; x_wconf 81' lang='lat' dir='ltr'><strong>personam</strong></span> <span class='ocrx_word' id='word_1_201' title='bbox 2362 1188 2413 1241; x_wconf 87' lang='lat' dir='ltr'><strong>in</strong></span> <span class='ocrx_word' id='word_1_202' title='bbox 2462 1189 2666 1258; x_wconf 79' lang='lat' dir='ltr'><strong>judicio</strong></span> <span class='ocrx_word' id='word_1_203' title='bbox 2702 1191 2744 1244; x_wconf 86' lang='grc'><strong>³.</strong></span> <span class='ocrx_word' id='word_1_204' title='bbox 2794 1210 2813 1243; x_wconf 76' lang='grc' dir='ltr'><strong>ι</strong></span> <span class='ocrx_word' id='word_1_205' title='bbox 2861 1191 2972 1246; x_wconf 89' lang='lat' dir='ltr'><strong>Hoc</strong></span> <span class='ocrx_word' id='word_1_206' title='bbox 3024 1201 3108 1248; x_wconf 89' lang='lat' dir='ltr'><strong>est</strong></span> <span class='ocrx_word' id='word_1_207' title='bbox 3152 1194 3335 1264; x_wconf 78' lang='lat' dir='ltr'><strong>igitur.</strong></span> <span class='ocrx_word' id='word_1_208' title='bbox 3391 1190 3584 1266; x_wconf 82' lang='lat' dir='ltr'><strong>inquit.</strong></span> 
     </span>
    </p>
   </div>
   <div class='ocr_carea' id='block_1_28' title="bbox 2009 1276 3584 1355">
    <p class='ocr_par' dir='ltr' id='par_1_28' title="bbox 2009 1276 3584 1355">
     <span class='ocr_line' id='line_1_28' title="bbox 2009 1276 3584 1355; baseline 0.009 -27"><span class='ocrx_word' id='word_1_209' title='bbox 2009 1276 2358 1347; x_wconf 88' lang='lat' dir='ltr'><strong>principium.</strong></span> <span class='ocrx_word' id='word_1_210' title='bbox 2390 1279 2637 1335; x_wconf 87' lang='lat' dir='ltr'><strong>Habetur</strong></span> <span class='ocrx_word' id='word_1_211' title='bbox 2655 1296 2784 1337; x_wconf 86' lang='lat' dir='ltr'><strong>vero</strong></span> <span class='ocrx_word' id='word_1_212' title='bbox 2815 1283 2979 1338; x_wconf 89' lang='lat' dir='ltr'><strong>etiam</strong></span> <span class='ocrx_word' id='word_1_213' title='bbox 3007 1296 3186 1354; x_wconf 90' lang='lat' dir='ltr'><strong>caput.</strong></span> <span class='ocrx_word' id='word_1_214' title='bbox 3221 1286 3397 1355; x_wconf 87' lang='lat' dir='ltr'><strong>Caput</strong></span> <span class='ocrx_word' id='word_1_215' title='bbox 3439 1289 3584 1342; x_wconf 91' lang='lat' dir='ltr'><strong>cuint</strong></span> 
     </span>
    </p>
   </div>
   <div class='ocr_carea' id='block_1_29' title="bbox 2007 1366 3587 1448">
    <p class='ocr_par' dir='ltr' id='par_1_29' title="bbox 2007 1366 3587 1448">
     <span class='ocr_line' id='line_1_29' title="bbox 2007 1366 3587 1448; baseline 0.01 -32"><span class='ocrx_word' id='word_1_216' title='bbox 2007 1366 2185 1434; x_wconf 80' lang='lat' dir='ltr'><strong>pepuli</strong></span> <span class='ocrx_word' id='word_1_217' title='bbox 2232 1369 2510 1433; x_wconf 84' lang='lat' dir='ltr'><strong>sacerdos,</strong></span> <span class='ocrx_word' id='word_1_218' title='bbox 2561 1373 2777 1440; x_wconf 83' lang='lat' dir='ltr'><strong>quando</strong></span> <span class='ocrx_word' id='word_1_219' title='bbox 2828 1374 2974 1427; x_wconf 90' lang='lat' dir='ltr'><strong>velut</strong></span> <span class='ocrx_word' id='word_1_220' title='bbox 3026 1376 3085 1444; x_wconf 79' lang='lat' dir='ltr'><strong>in</strong></span> <span class='ocrx_word' id='word_1_221' title='bbox 3123 1391 3229 1431; x_wconf 90' lang='lat' dir='ltr'><strong>uno</strong></span> <span class='ocrx_word' id='word_1_222' title='bbox 3274 1378 3587 1448; x_wconf 74' lang='lat' dir='ltr'><strong>intelligitur</strong></span> 
     </span>
    </p>
   </div>
   <div class='ocr_carea' id='block_1_30' title="bbox 2004 1457 3585 1538">
    <p class='ocr_par' dir='ltr' id='par_1_30' title="bbox 2004 1457 3585 1538">
     <span class='ocr_line' id='line_1_30' title="bbox 2004 1457 3585 1538; baseline 0.009 -31"><span class='ocrx_word' id='word_1_223' title='bbox 2004 1470 2253 1525; x_wconf 87' lang='lat' dir='ltr'><strong>corpore.</strong></span> <span class='ocrx_word' id='word_1_224' title='bbox 2300 1457 2668 1514; x_wconf 86' lang='lat' dir='ltr'><strong>Auferendum</strong></span> <span class='ocrx_word' id='word_1_225' title='bbox 2719 1477 2847 1516; x_wconf 82' lang='lat' dir='ltr'><strong>vero</strong></span> <span class='ocrx_word' id='word_1_226' title='bbox 2881 1463 2958 1519; x_wconf 87' lang='lat' dir='ltr'><strong>ait</strong></span> <span class='ocrx_word' id='word_1_227' title='bbox 3009 1479 3131 1520; x_wconf 89' lang='lat' dir='ltr'><strong>cum</strong></span> <span class='ocrx_word' id='word_1_228' title='bbox 3174 1481 3324 1533; x_wconf 88' lang='lat' dir='ltr'><strong>sene,</strong></span> <span class='ocrx_word' id='word_1_229' title='bbox 3362 1479 3416 1524; x_wconf 89' lang='lat' dir='ltr'><strong>et</strong></span> <span class='ocrx_word' id='word_1_230' title='bbox 3456 1483 3585 1538; x_wconf 88' lang='lat' dir='ltr'><strong>pro-</strong></span> 
     </span>
    </p>
   </div>
   <div class='ocr_carea' id='block_1_31' title="bbox 2006 1553 3585 1628">
    <p class='ocr_par' dir='ltr' id='par_1_31' title="bbox 2006 1553 3585 1628">
     <span class='ocr_line' id='line_1_31' title="bbox 2006 1553 3585 1628; baseline 0.008 -24"><span class='ocrx_word' id='word_1_231' title='bbox 2006 1553 2221 1619; x_wconf 89' lang='lat' dir='ltr'><strong>phetam</strong></span> <span class='ocrx_word' id='word_1_232' title='bbox 2241 1563 2294 1607; x_wconf 89' lang='lat' dir='ltr'><strong>et</strong></span> <span class='ocrx_word' id='word_1_233' title='bbox 2317 1554 2599 1609; x_wconf 88' lang='lat' dir='ltr'><strong>docentem</strong></span> <span class='ocrx_word' id='word_1_234' title='bbox 2640 1556 2824 1625; x_wconf 89' lang='lat' dir='ltr'><strong>iniqua</strong></span> <span class='ocrx_word' id='word_1_235' title='bbox 2863 1573 3063 1628; x_wconf 91' lang='lat' dir='ltr'><strong>:quem</strong></span> <span class='ocrx_word' id='word_1_236' title='bbox 3112 1561 3243 1616; x_wconf 91' lang='lat' dir='ltr'><strong>dicit</strong></span> <span class='ocrx_word' id='word_1_237' title='bbox 3292 1576 3412 1617; x_wconf 83' lang='lat' dir='ltr'><strong>esse</strong></span> <span class='ocrx_word' id='word_1_238' title='bbox 3458 1577 3585 1617; x_wconf 87' lang='lat' dir='ltr'><strong>cau-</strong></span> 
     </span>
    </p>
   </div>
   <div class='ocr_carea' id='block_1_32' title="bbox 2004 1641 3582 1721">
    <p class='ocr_par' dir='ltr' id='par_1_32' title="bbox 2004 1641 3582 1721">
     <span class='ocr_line' id='line_1_32' title="bbox 2004 1641 3582 1721; baseline 0.01 -29"><span class='ocrx_word' id='word_1_239' title='bbox 2004 1642 2150 1704; x_wconf 87' lang='lat' dir='ltr'><strong>dam,</strong></span> <span class='ocrx_word' id='word_1_240' title='bbox 2179 1641 2282 1696; x_wconf 92' lang='lat' dir='ltr'><strong>hoc</strong></span> <span class='ocrx_word' id='word_1_241' title='bbox 2311 1652 2413 1707; x_wconf 85' lang='lat' dir='ltr'><strong>est.</strong></span> <span class='ocrx_word' id='word_1_242' title='bbox 2447 1643 2499 1697; x_wconf 93' lang='lat' dir='ltr'><strong>id</strong></span> <span class='ocrx_word' id='word_1_243' title='bbox 2528 1646 2668 1710; x_wconf 86' lang='lat' dir='ltr'><strong>quod</strong></span> <span class='ocrx_word' id='word_1_244' title='bbox 2696 1647 2964 1715; x_wconf 88' lang='lat' dir='ltr'><strong>sequitur.</strong></span> <span class='ocrx_word' id='word_1_245' title='bbox 3004 1649 3171 1705; x_wconf 84' lang='lat' dir='ltr'><strong>Erant</strong></span> <span class='ocrx_word' id='word_1_246' title='bbox 3197 1652 3341 1705; x_wconf 87' lang='lat' dir='ltr'><strong>enim</strong></span> <span class='ocrx_word' id='word_1_247' title='bbox 3364 1653 3582 1721; x_wconf 88' lang='lat' dir='ltr'><strong>quidam</strong></span> 
     </span>
    </p>
   </div>
   <div class='ocr_carea' id='block_1_33' title="bbox 2005 1730 3579 1806">
    <p class='ocr_par' dir='ltr' id='par_1_33' title="bbox 2005 1730 3579 1806">
     <span class='ocr_line' id='line_1_33' title="bbox 2005 1730 3579 1806; baseline 0.008 -22"><span class='ocrx_word' id='word_1_248' title='bbox 2005 1731 2145 1799; x_wconf 86' lang='lat' dir='ltr'><strong>apud</strong></span> <span class='ocrx_word' id='word_1_249' title='bbox 2178 1730 2392 1787; x_wconf 71' lang='lat' dir='ltr'><strong>Judacos</strong></span> <span class='ocrx_word' id='word_1_250' title='bbox 2420 1734 2509 1803; x_wconf 87' lang='lat' dir='ltr'><strong>qui</strong></span> <span class='ocrx_word' id='word_1_251' title='bbox 2542 1734 2711 1804; x_wconf 81' lang='lat' dir='ltr'><strong>legem</strong></span> <span class='ocrx_word' id='word_1_252' title='bbox 2734 1752 2763 1788; x_wconf 90' lang='lat' dir='ltr'><strong>a</strong></span> <span class='ocrx_word' id='word_1_253' title='bbox 2802 1738 3204 1806; x_wconf 85' lang='lat' dir='ltr'><strong>sapientissimo</strong></span> <span class='ocrx_word' id='word_1_254' title='bbox 3227 1738 3372 1796; x_wconf 82' lang='lat' dir='ltr'><strong>llose</strong></span> <span class='ocrx_word' id='word_1_255' title='bbox 3398 1742 3579 1796; x_wconf 86' lang='lat' dir='ltr'><strong>datam</strong></span> 
     </span>
    </p>
   </div>
   <div class='ocr_carea' id='block_1_34' title="bbox 307 1804 1894 1901">
    <p class='ocr_par' dir='ltr' id='par_1_34' title="bbox 307 1804 1892 1899">
     <span class='ocr_line' id='line_1_34' title="bbox 307 1804 1892 1899; baseline 0.004 -26"><span class='ocrx_word' id='word_1_256' title='bbox 307 1819 638 1875; x_wconf 81' lang='grc' dir='ltr'><strong>διδάσκοντα</strong></span> <span class='ocrx_word' id='word_1_257' title='bbox 667 1821 864 1891; x_wconf 76' lang='grc' dir='ltr'><strong>ἄνομα.</strong></span> <span class='ocrx_word' id='word_1_258' title='bbox 896 1823 1005 1876; x_wconf 79' lang='grc' dir='ltr'><strong>Καὶ</strong></span> <span class='ocrx_word' id='word_1_259' title='bbox 1034 1823 1222 1876; x_wconf 88' lang='grc' dir='ltr'><strong>τοῦτον</strong></span> <span class='ocrx_word' id='word_1_260' title='bbox 1251 1820 1392 1879; x_wconf 77' lang='grc' dir='ltr'><strong>εἶναί</strong></span> <span class='ocrx_word' id='word_1_261' title='bbox 1420 1804 1555 1896; x_wconf 82' lang='grc' dir='ltr'><strong>φησι</strong></span> <span class='ocrx_word' id='word_1_262' title='bbox 1707 1804 1892 1899; x_wconf 73' lang='grc' dir='ltr'><strong>οὐρὰν,</strong></span> 
     </span>
    </p>
   </div>
   <div class='ocr_carea' id='block_1_35' title="bbox 1998 1804 3581 1901">
    <p class='ocr_par' dir='ltr' id='par_1_35' title="bbox 2003 1804 3581 1901">
     <span class='ocr_line' id='line_1_35' title="bbox 2003 1804 3581 1901; baseline 0.008 -27"><span class='ocrx_word' id='word_1_263' title='bbox 2003 1824 2501 1891; x_wconf 81' lang='lat' dir='ltr'><strong>interpretabantur</strong></span> <span class='ocrx_word' id='word_1_264' title='bbox 2546 1827 2785 1895; x_wconf 79' lang='lat' dir='ltr'><strong>quidem,</strong></span> <span class='ocrx_word' id='word_1_265' title='bbox 2841 1804 2935 1884; x_wconf 75' lang='lat' dir='ltr'><strong>sed</strong></span> <span class='ocrx_word' id='word_1_266' title='bbox 2996 1845 3251 1899; x_wconf 78' lang='lat' dir='ltr'><strong>perverse</strong></span> <span class='ocrx_word' id='word_1_267' title='bbox 3290 1832 3581 1901; x_wconf 80' lang='lat' dir='ltr'><strong>faciebant,</strong></span> 
     </span>
    </p>
   </div>
   <div class='ocr_carea' id='block_1_36' title="bbox 307 1910 1896 1991">
    <p class='ocr_par' dir='ltr' id='par_1_36' title="bbox 307 1910 1896 1991">
     <span class='ocr_line' id='line_1_36' title="bbox 307 1910 1896 1991; baseline 0.006 -27"><span class='ocrx_word' id='word_1_268' title='bbox 307 1910 457 1966; x_wconf 79' lang='grc' dir='ltr'><strong>τοῦτ’</strong></span> <span class='ocrx_word' id='word_1_269' title='bbox 494 1912 635 1975; x_wconf 73' lang='grc' dir='ltr'><strong>ἐστι,</strong></span> <span class='ocrx_word' id='word_1_270' title='bbox 664 1912 727 1966; x_wconf 79' lang='grc' dir='ltr'><strong>τὸ</strong></span> <span class='ocrx_word' id='word_1_271' title='bbox 757 1913 1042 1983; x_wconf 76' lang='grc' dir='ltr'><strong>ἑπόμενον.</strong></span> <span class='ocrx_word' id='word_1_272' title='bbox 1077 1910 1257 1969; x_wconf 72' lang='grc' dir='ltr'><strong>τΗσαν</strong></span> <span class='ocrx_word' id='word_1_273' title='bbox 1298 1917 1397 1987; x_wconf 83' lang='grc' dir='ltr'><strong>μὲν</strong></span> <span class='ocrx_word' id='word_1_274' title='bbox 1432 1916 1542 1989; x_wconf 83' lang='grc' dir='ltr'><strong>γάρ</strong></span> <span class='ocrx_word' id='word_1_275' title='bbox 1577 1932 1721 1983; x_wconf 84' lang='grc' dir='ltr'><strong>τινες</strong></span> <span class='ocrx_word' id='word_1_276' title='bbox 1744 1919 1896 1991; x_wconf 82' lang='grc' dir='ltr'><strong>παρὰ</strong></span> 
     </span>
    </p>
   </div>
   <div class='ocr_carea' id='block_1_37' title="bbox 307 2002 1896 2083">
    <p class='ocr_par' dir='ltr' id='par_1_37' title="bbox 307 2002 1896 2083">
     <span class='ocr_line' id='line_1_37' title="bbox 307 2002 1896 2083; baseline 0.006 -27"><span class='ocrx_word' id='word_1_277' title='bbox 307 2004 420 2067; x_wconf 82' lang='grc' dir='ltr'><strong>τοῖς</strong></span> <span class='ocrx_word' id='word_1_278' title='bbox 452 2002 748 2070; x_wconf 80' lang='grc' dir='ltr'><strong>Ἰουδαίοις,</strong></span> <span class='ocrx_word' id='word_1_279' title='bbox 784 2005 874 2059; x_wconf 78' lang='grc' dir='ltr'><strong>τὸν</strong></span> <span class='ocrx_word' id='word_1_280' title='bbox 901 2005 991 2059; x_wconf 79' lang='grc' dir='ltr'><strong>διὰ</strong></span> <span class='ocrx_word' id='word_1_281' title='bbox 1028 2005 1118 2059; x_wconf 87' lang='grc' dir='ltr'><strong>τοῦ</strong></span> <span class='ocrx_word' id='word_1_282' title='bbox 1154 2008 1428 2078; x_wconf 76' lang='grc' dir='ltr'><strong>πανσόφου</strong></span> <span class='ocrx_word' id='word_1_283' title='bbox 1466 2010 1707 2074; x_wconf 81' lang='grc' dir='ltr'>Μωσέως</span> <span class='ocrx_word' id='word_1_284' title='bbox 1752 2013 1896 2083; x_wconf 82' lang='grc' dir='ltr'><strong>διερ-</strong></span> 
     </span>
    </p>
   </div>
   <div class='ocr_carea' id='block_1_38' title="bbox 311 2095 1916 2173">
    <p class='ocr_par' dir='ltr' id='par_1_38' title="bbox 311 2095 1916 2173">
     <span class='ocr_line' id='line_1_38' title="bbox 311 2095 1916 2173; baseline 0.007 -27"><span class='ocrx_word' id='word_1_285' title='bbox 311 2095 644 2167; x_wconf 79' lang='grc' dir='ltr'><strong>μηνεύοντες</strong></span> <span class='ocrx_word' id='word_1_286' title='bbox 695 2096 879 2167; x_wconf 75' lang='grc' dir='ltr'><strong>νόμον⁹</strong></span> <span class='ocrx_word' id='word_1_287' title='bbox 926 2099 1098 2171; x_wconf 73' lang='grc' dir='ltr'><strong>ἔδρων</strong></span> <span class='ocrx_word' id='word_1_288' title='bbox 1129 2100 1184 2153; x_wconf 78' lang='grc' dir='ltr'><strong>δὲ</strong></span> <span class='ocrx_word' id='word_1_289' title='bbox 1225 2100 1386 2154; x_wconf 84' lang='grc' dir='ltr'><strong>τοῦτο</strong></span> <span class='ocrx_word' id='word_1_290' title='bbox 1420 2096 1916 2173; x_wconf 69' lang='grc' dir='ltr'><strong>διεστραμμένως,³</strong></span> 
     </span>
    </p>
   </div>
   <div class='ocr_carea' id='block_1_39' title="bbox 304 2185 1915 2272">
    <p class='ocr_par' dir='ltr' id='par_1_39' title="bbox 304 2185 1915 2272">
     <span class='ocr_line' id='line_1_39' title="bbox 304 2185 1915 2272; baseline 0.005 -31"><span class='ocrx_word' id='word_1_291' title='bbox 304 2189 424 2252; x_wconf 75' lang='grc' dir='ltr'><strong>τοῖς</strong></span> <span class='ocrx_word' id='word_1_292' title='bbox 444 2185 539 2241; x_wconf 80' lang='grc' dir='ltr'><strong>διὰ</strong></span> <span class='ocrx_word' id='word_1_293' title='bbox 566 2189 1018 2259; x_wconf 66' lang='grc' dir='ltr'><strong>Μωσέωςελόγοις</strong></span> <span class='ocrx_word' id='word_1_294' title='bbox 1051 2192 1345 2260; x_wconf 78' lang='grc' dir='ltr'><strong>ἐπάγοντες</strong></span> <span class='ocrx_word' id='word_1_295' title='bbox 1376 2193 1477 2246; x_wconf 80' lang='grc' dir='ltr'><strong>οὐκ</strong></span> <span class='ocrx_word' id='word_1_296' title='bbox 1517 2193 1690 2265; x_wconf 80' lang='grc' dir='ltr'><strong>ὀρθῶς</strong></span> <span class='ocrx_word' id='word_1_297' title='bbox 1718 2211 1915 2272; x_wconf 9' lang='grc' dir='ltr'><strong>παρα-γ</strong></span> 
     </span>
    </p>
   </div>
   <div class='ocr_carea' id='block_1_40' title="bbox 306 2278 1896 2354">
    <p class='ocr_par' dir='ltr' id='par_1_40' title="bbox 306 2278 1896 2354">
     <span class='ocr_line' id='line_1_40' title="bbox 306 2278 1896 2354; baseline 0.003 -20"><span class='ocrx_word' id='word_1_298' title='bbox 306 2278 487 2345; x_wconf 77' lang='grc' dir='ltr'><strong>δόσεις</strong></span> <span class='ocrx_word' id='word_1_299' title='bbox 512 2280 814 2352; x_wconf 77' lang='grc' dir='ltr'><strong>ἀγράφους,</strong></span> <span class='ocrx_word' id='word_1_300' title='bbox 849 2283 1163 2353; x_wconf 72' lang='grc' dir='ltr'><strong>ἐντάλματα</strong></span> <span class='ocrx_word' id='word_1_301' title='bbox 1188 2282 1490 2354; x_wconf 81' lang='grc' dir='ltr'><strong>ἀνθρώπων</strong></span> <span class='ocrx_word' id='word_1_302' title='bbox 1515 2285 1610 2339; x_wconf 74' lang='grc' dir='ltr'><strong>καὶ</strong></span> <span class='ocrx_word' id='word_1_303' title='bbox 1640 2285 1896 2339; x_wconf 84' lang='grc' dir='ltr'><strong>διδασκα-</strong></span> 
     </span>
    </p>
   </div>
   <div class='ocr_carea' id='block_1_41' title="bbox 308 2366 1889 2450">
    <p class='ocr_par' dir='ltr' id='par_1_41' title="bbox 308 2366 1889 2450">
     <span class='ocr_line' id='line_1_41' title="bbox 308 2366 1889 2450; baseline 0.006 -26"><span class='ocrx_word' id='word_1_304' title='bbox 308 2371 456 2436; x_wconf 86' lang='grc' dir='ltr'><strong>λίας.</strong></span> <span class='ocrx_word' id='word_1_305' title='bbox 491 2366 659 2429; x_wconf 75' lang='grc' dir='ltr'><strong>οὗτοι</strong></span> <span class='ocrx_word' id='word_1_306' title='bbox 687 2373 783 2426; x_wconf 75' lang='grc' dir='ltr'><strong>τὸν</strong></span> <span class='ocrx_word' id='word_1_307' title='bbox 821 2374 929 2427; x_wconf 83' lang='grc' dir='ltr'><strong>τῶν</strong></span> <span class='ocrx_word' id='word_1_308' title='bbox 970 2375 1241 2429; x_wconf 84' lang='grc' dir='ltr'><strong>Ἰουδαίων</strong></span> <span class='ocrx_word' id='word_1_309' title='bbox 1280 2377 1658 2449; x_wconf 84' lang='grc' dir='ltr'><strong>πεπλανήκασι</strong></span> <span class='ocrx_word' id='word_1_310' title='bbox 1696 2379 1889 2450; x_wconf 81' lang='grc' dir='ltr'><strong>δῆμον,</strong></span> 
     </span>
    </p>
   </div>
   <div class='ocr_carea' id='block_1_42' title="bbox 182 2459 1893 2539">
    <p class='ocr_par' dir='ltr' id='par_1_42' title="bbox 182 2459 1893 2539">
     <span class='ocr_line' id='line_1_42' title="bbox 182 2459 1893 2539; baseline 0.007 -28"><span class='ocrx_word' id='word_1_311' title='bbox 182 2484 191 2491; x_wconf 82' lang='lat'><strong><em>~</em></strong></span> <span class='ocrx_word' id='word_1_312' title='bbox 308 2459 407 2513; x_wconf 77' lang='grc' dir='ltr'><strong>καὶ</strong></span> <span class='ocrx_word' id='word_1_313' title='bbox 433 2459 641 2532; x_wconf 75' lang='grc' dir='ltr'><strong>γαῦρον</strong></span> <span class='ocrx_word' id='word_1_314' title='bbox 686 2463 897 2534; x_wconf 77' lang='grc' dir='ltr'><strong>ἐγείραι</strong></span> <span class='ocrx_word' id='word_1_315' title='bbox 946 2464 1087 2518; x_wconf 82' lang='grc' dir='ltr'><strong>κατὰ</strong></span> <span class='ocrx_word' id='word_1_316' title='bbox 1132 2464 1368 2536; x_wconf 82' lang='grc' dir='ltr'><strong>Χριστοῦ</strong></span> <span class='ocrx_word' id='word_1_317' title='bbox 1424 2469 1759 2539; x_wconf 83' lang='grc' dir='ltr'><strong>πεποιήκασι</strong></span> <span class='ocrx_word' id='word_1_318' title='bbox 1801 2471 1893 2523; x_wconf 80' lang='grc' dir='ltr'><strong>τὸν</strong></span> 
     </span>
    </p>
   </div>
   <div class='ocr_carea' id='block_1_43' title="bbox 307 2551 1893 2626">
    <p class='ocr_par' dir='ltr' id='par_1_43' title="bbox 307 2551 1893 2626">
     <span class='ocr_line' id='line_1_43' title="bbox 307 2551 1893 2626; baseline 0.006 -21"><span class='ocrx_word' id='word_1_319' title='bbox 307 2552 532 2624; x_wconf 72' lang='grc' dir='ltr'><strong>αὐχένα.</strong></span> <span class='ocrx_word' id='word_1_320' title='bbox 600 2553 821 2626; x_wconf 82' lang='grc' dir='ltr'><strong>Ἐπειδὴ</strong></span> <span class='ocrx_word' id='word_1_321' title='bbox 865 2555 1044 2609; x_wconf 88' lang='grc' dir='ltr'><strong>τοίνυν</strong></span> <span class='ocrx_word' id='word_1_322' title='bbox 1081 2556 1295 2610; x_wconf 82' lang='grc' dir='ltr'><strong>εἵποντο</strong></span> <span class='ocrx_word' id='word_1_323' title='bbox 1329 2557 1423 2611; x_wconf 76' lang='grc' dir='ltr'><strong>καὶ</strong></span> <span class='ocrx_word' id='word_1_324' title='bbox 1449 2551 1593 2612; x_wconf 76' lang='grc' dir='ltr'><strong>οὗτοι</strong></span> <span class='ocrx_word' id='word_1_325' title='bbox 1627 2562 1746 2624; x_wconf 85' lang='grc' dir='ltr'><strong>ταῖς</strong></span> <span class='ocrx_word' id='word_1_326' title='bbox 1786 2560 1893 2615; x_wconf 80' lang='grc' dir='ltr'><strong>τῶν</strong></span> 
     </span>
    </p>
   </div>
   <div class='ocr_carea' id='block_1_44' title="bbox 310 2642 1909 2723">
    <p class='ocr_par' dir='ltr' id='par_1_44' title="bbox 310 2642 1909 2723">
     <span class='ocr_line' id='line_1_44' title="bbox 310 2642 1909 2723; baseline 0.008 -27"><span class='ocrx_word' id='word_1_327' title='bbox 310 2642 506 2714; x_wconf 70' lang='grc' dir='ltr'><strong>ἱερέων</strong></span> <span class='ocrx_word' id='word_1_328' title='bbox 527 2643 797 2715; x_wconf 76' lang='grc' dir='ltr'><strong>γνώμαις,</strong></span> <span class='ocrx_word' id='word_1_329' title='bbox 829 2646 879 2699; x_wconf 77' lang='grc' dir='ltr'><strong>οἳ</strong></span> <span class='ocrx_word' id='word_1_330' title='bbox 912 2647 1007 2700; x_wconf 74' lang='grc' dir='ltr'><strong>καὶ</strong></span> <span class='ocrx_word' id='word_1_331' title='bbox 1036 2647 1095 2701; x_wconf 71' lang='grc' dir='ltr'><strong>ἐν</strong></span> <span class='ocrx_word' id='word_1_332' title='bbox 1134 2648 1283 2713; x_wconf 80' lang='grc' dir='ltr'><strong>τάξει</strong></span> <span class='ocrx_word' id='word_1_333' title='bbox 1328 2650 1569 2705; x_wconf 78' lang='grc' dir='ltr'><strong>τέθειντο</strong></span> <span class='ocrx_word' id='word_1_334' title='bbox 1592 2653 1693 2722; x_wconf 85' lang='grc' dir='ltr'><strong>τῆς</strong></span> <span class='ocrx_word' id='word_1_335' title='bbox 1719 2670 1909 2723; x_wconf 41' lang='grc' dir='ltr'><strong>κεφασ,</strong></span> 
     </span>
    </p>
   </div>
   <div class='ocr_carea' id='block_1_45' title="bbox 306 2726 1913 2811">
    <p class='ocr_par' dir='ltr' id='par_1_45' title="bbox 306 2726 1913 2811">
     <span class='ocr_line' id='line_1_45' title="bbox 306 2726 1913 2811; baseline 0.011 -31"><span class='ocrx_word' id='word_1_336' title='bbox 306 2726 430 2797; x_wconf 82' lang='grc' dir='ltr'><strong>λῆς,</strong></span> <span class='ocrx_word' id='word_1_337' title='bbox 464 2728 633 2801; x_wconf 67' lang='grc' dir='ltr'><strong>οὐρὰν</strong></span> <span class='ocrx_word' id='word_1_338' title='bbox 660 2728 947 2801; x_wconf 80' lang='grc' dir='ltr'><strong>ὠνόμασεν</strong></span> <span class='ocrx_word' id='word_1_339' title='bbox 987 2734 1206 2799; x_wconf 83' lang='grc' dir='ltr'><strong>αὐτούς.</strong></span> <span class='ocrx_word' id='word_1_340' title='bbox 1271 2735 1360 2800; x_wconf 83' lang='grc' dir='ltr'><strong>Ὠς</strong></span> <span class='ocrx_word' id='word_1_341' title='bbox 1391 2738 1502 2809; x_wconf 73' lang='grc' dir='ltr'><strong>γὰρ</strong></span> <span class='ocrx_word' id='word_1_342' title='bbox 1550 2740 1707 2811; x_wconf 72' lang='grc' dir='ltr'><strong>ἔφην,</strong></span> <span class='ocrx_word' id='word_1_343' title='bbox 1763 2740 1913 2796; x_wconf 82' lang='grc' dir='ltr'><strong>δταν’</strong></span> 
     </span>
    </p>
   </div>
   <div class='ocr_carea' id='block_1_46' title="bbox 303 2819 1893 2906">
    <p class='ocr_par' dir='ltr' id='par_1_46' title="bbox 303 2819 1893 2906">
     <span class='ocr_line' id='line_1_46' title="bbox 303 2819 1893 2906; baseline 0.01 -34"><span class='ocrx_word' id='word_1_344' title='bbox 303 2819 387 2884; x_wconf 80' lang='grc' dir='ltr'><strong>ὡς</strong></span> <span class='ocrx_word' id='word_1_345' title='bbox 417 2821 508 2889; x_wconf 68' lang='grc' dir='ltr'><strong>ἐφ’</strong></span> <span class='ocrx_word' id='word_1_346' title='bbox 536 2820 654 2884; x_wconf 63' lang='grc' dir='ltr'><strong>ἑνὸς</strong></span> <span class='ocrx_word' id='word_1_347' title='bbox 675 2823 885 2895; x_wconf 82' lang='grc' dir='ltr'><strong>νοῶμεν</strong></span> <span class='ocrx_word' id='word_1_348' title='bbox 918 2824 1191 2896; x_wconf 84' lang='grc' dir='ltr'><strong>σώματος,</strong></span> <span class='ocrx_word' id='word_1_349' title='bbox 1220 2828 1408 2883; x_wconf 77' lang='grc' dir='ltr'><strong>ἕπεται</strong></span> <span class='ocrx_word' id='word_1_350' title='bbox 1449 2830 1666 2896; x_wconf 83' lang='grc' dir='ltr'><strong>πάντως</strong></span> <span class='ocrx_word' id='word_1_351' title='bbox 1697 2835 1729 2904; x_wconf 86' lang='grc' dir='ltr'><strong>ἠ</strong></span> <span class='ocrx_word' id='word_1_352' title='bbox 1757 2835 1893 2906; x_wconf 75' lang='grc' dir='ltr'><strong>οὐρὰ</strong></span> 
     </span>
    </p>
   </div>
   <div class='ocr_carea' id='block_1_47' title="bbox 303 2911 1891 2995">
    <p class='ocr_par' dir='ltr' id='par_1_47' title="bbox 303 2911 1891 2995">
     <span class='ocr_line' id='line_1_47' title="bbox 303 2911 1891 2995; baseline 0.011 -30"><span class='ocrx_word' id='word_1_353' title='bbox 303 2912 376 2983; x_wconf 78' lang='grc' dir='ltr'><strong>τῇ</strong></span> <span class='ocrx_word' id='word_1_354' title='bbox 409 2911 643 2985; x_wconf 71' lang='grc' dir='ltr'><strong>κεφαλῇ.</strong></span> <span class='ocrx_word' id='word_1_355' title='bbox 685 2914 901 2987; x_wconf 76' lang='grc' dir='ltr'><strong>Ἐπειδὴ</strong></span> <span class='ocrx_word' id='word_1_356' title='bbox 933 2916 988 2969; x_wconf 86' lang='grc' dir='ltr'><strong>δὲ</strong></span> <span class='ocrx_word' id='word_1_357' title='bbox 1030 2920 1315 2991; x_wconf 72' lang='grc' dir='ltr'><strong>προφήτας</strong></span> <span class='ocrx_word' id='word_1_358' title='bbox 1345 2922 1629 2994; x_wconf 84' lang='grc' dir='ltr'><strong>ὠνόμασεν</strong></span> <span class='ocrx_word' id='word_1_359' title='bbox 1672 2930 1891 2995; x_wconf 82' lang='grc' dir='ltr'><strong>αὐτοὺς,</strong></span> 
     </span>
    </p>
   </div>
   <div class='ocr_carea' id='block_1_48' title="bbox 303 3001 1905 3089">
    <p class='ocr_par' dir='ltr' id='par_1_48' title="bbox 303 3001 1905 3089">
     <span class='ocr_line' id='line_1_48' title="bbox 303 3001 1905 3089; baseline 0.012 -33"><span class='ocrx_word' id='word_1_360' title='bbox 303 3004 411 3078; x_wconf 84' lang='grc' dir='ltr'><strong>οὐχ</strong></span> <span class='ocrx_word' id='word_1_361' title='bbox 448 3002 640 3073; x_wconf 71' lang='grc' dir='ltr'><strong>ἁγίους</strong></span> <span class='ocrx_word' id='word_1_362' title='bbox 681 3002 823 3060; x_wconf 71' lang='grc' dir='ltr'><strong>εἶναι</strong></span> <span class='ocrx_word' id='word_1_363' title='bbox 854 3009 949 3061; x_wconf 79' lang='grc' dir='ltr'><strong>καὶ</strong></span> <span class='ocrx_word' id='word_1_364' title='bbox 982 3008 1205 3080; x_wconf 79' lang='grc' dir='ltr'><strong>ἀληθεῖς</strong></span> <span class='ocrx_word' id='word_1_365' title='bbox 1254 3012 1601 3085; x_wconf 85' lang='grc' dir='ltr'><strong>λογιούμεθα.</strong></span> <span class='ocrx_word' id='word_1_366' title='bbox 1653 3001 1905 3089; x_wconf 71' lang='grc' dir='ltr'><strong>Προστέἰ</strong></span> 
     </span>
    </p>
   </div>
   <div class='ocr_carea' id='block_1_49' title="bbox 305 3092 1892 3181">
    <p class='ocr_par' dir='ltr' id='par_1_49' title="bbox 305 3092 1892 3181">
     <span class='ocr_line' id='line_1_49' title="bbox 305 3092 1892 3181; baseline 0.013 -35"><span class='ocrx_word' id='word_1_367' title='bbox 305 3092 457 3148; x_wconf 68' lang='lat' dir='ltr'><strong>buxa</strong></span> <span class='ocrx_word' id='word_1_368' title='bbox 502 3092 613 3166; x_wconf 74' lang='grc' dir='ltr'><strong>γὰρ</strong></span> <span class='ocrx_word' id='word_1_369' title='bbox 654 3094 738 3162; x_wconf 74' lang='grc' dir='ltr'><strong>τὸ,</strong></span> <span class='ocrx_word' id='word_1_370' title='bbox 772 3097 855 3150; x_wconf 84' lang='grc' dir='ltr'><strong>δτι</strong></span> <span class='ocrx_word' id='word_1_371' title='bbox 889 3097 1235 3154; x_wconf 82' lang='grc' dir='ltr'><strong>διδάσκουσιν</strong></span> <span class='ocrx_word' id='word_1_372' title='bbox 1284 3101 1482 3175; x_wconf 77' lang='grc' dir='ltr'><strong>ἄνομα.</strong></span> <span class='ocrx_word' id='word_1_373' title='bbox 1533 3106 1679 3181; x_wconf 83' lang='grc' dir='ltr'><strong>Πλὴν</strong></span> <span class='ocrx_word' id='word_1_374' title='bbox 1713 3110 1892 3167; x_wconf 77' lang='grc' dir='ltr'><strong>ἐκεῖνό</strong></span> 
     </span>
    </p>
   </div>
   <div class='ocr_carea' id='block_1_50' title="bbox 306 3181 1890 3271">
    <p class='ocr_par' dir='ltr' id='par_1_50' title="bbox 306 3181 1890 3271">
     <span class='ocr_line' id='line_1_50' title="bbox 306 3181 1890 3271; baseline 0.009 -31"><span class='ocrx_word' id='word_1_375' title='bbox 306 3201 514 3257; x_wconf 77' lang='grc' dir='ltr'><strong>φαμινο</strong></span> <span class='ocrx_word' id='word_1_376' title='bbox 528 3181 715 3242; x_wconf 82' lang='grc' dir='ltr'><strong>Ἦσαν</strong></span> <span class='ocrx_word' id='word_1_377' title='bbox 749 3187 851 3258; x_wconf 70' lang='grc' dir='ltr'><strong>μὲν</strong></span> <span class='ocrx_word' id='word_1_378' title='bbox 875 3187 985 3260; x_wconf 79' lang='grc' dir='ltr'><strong>γὰρ</strong></span> <span class='ocrx_word' id='word_1_379' title='bbox 1003 3191 1062 3243; x_wconf 82' lang='grc' dir='ltr'><strong>ὲν</strong></span> <span class='ocrx_word' id='word_1_380' title='bbox 1086 3190 1165 3261; x_wconf 81' lang='grc' dir='ltr'><strong>τῷ</strong></span> <span class='ocrx_word' id='word_1_381' title='bbox 1207 3192 1422 3266; x_wconf 81' lang='grc' dir='ltr'><strong>Ἰσραὴλ</strong></span> <span class='ocrx_word' id='word_1_382' title='bbox 1448 3195 1890 3271; x_wconf 81' lang='grc' dir='ltr'><strong>ψευδοπροφῆται</strong></span> 
     </span>
    </p>
   </div>
   <div class='ocr_carea' id='block_1_51' title="bbox 2006 1913 3581 1979">
    <p class='ocr_par' dir='ltr' id='par_1_51' title="bbox 2006 1913 3581 1979">
     <span class='ocr_line' id='line_1_51' title="bbox 2006 1913 3581 1979; baseline 0.006 -11"><span class='ocrx_word' id='word_1_383' title='bbox 2006 1913 2258 1970; x_wconf 83' lang='lat' dir='ltr'><strong>Mosaicis</strong></span> <span class='ocrx_word' id='word_1_384' title='bbox 2296 1916 2477 1971; x_wconf 82' lang='lat' dir='ltr'><strong>verbis</strong></span> <span class='ocrx_word' id='word_1_385' title='bbox 2514 1917 2832 1972; x_wconf 79' lang='lat' dir='ltr'><strong>inducentes</strong></span> <span class='ocrx_word' id='word_1_386' title='bbox 2862 1919 3001 1974; x_wconf 81' lang='lat' dir='ltr'><strong>haud</strong></span> <span class='ocrx_word' id='word_1_387' title='bbox 3051 1931 3197 1976; x_wconf 88' lang='lat' dir='ltr'><strong>recte</strong></span> <span class='ocrx_word' id='word_1_388' title='bbox 3260 1922 3581 1979; x_wconf 87' lang='lat' dir='ltr'><strong>traditiones</strong></span> 
     </span>
    </p>
   </div>
   <div class='ocr_carea' id='block_1_52' title="bbox 2004 2007 3577 2080">
    <p class='ocr_par' dir='ltr' id='par_1_52' title="bbox 2004 2007 3577 2080">
     <span class='ocr_line' id='line_1_52' title="bbox 2004 2007 3577 2080; baseline 0.006 -21"><span class='ocrx_word' id='word_1_389' title='bbox 2004 2020 2108 2059; x_wconf 87' lang='lat' dir='ltr'><strong>non</strong></span> <span class='ocrx_word' id='word_1_390' title='bbox 2139 2007 2389 2076; x_wconf 88' lang='lat' dir='ltr'><strong>scriptas,</strong></span> <span class='ocrx_word' id='word_1_391' title='bbox 2441 2013 2693 2064; x_wconf 88' lang='lat' dir='ltr'><strong>mandata</strong></span> <span class='ocrx_word' id='word_1_392' title='bbox 2744 2011 3023 2066; x_wconf 85' lang='lat' dir='ltr'><strong>hominum</strong></span> <span class='ocrx_word' id='word_1_393' title='bbox 3062 2024 3227 2080; x_wconf 88' lang='lat' dir='ltr'><strong>atque</strong></span> <span class='ocrx_word' id='word_1_394' title='bbox 3284 2013 3577 2070; x_wconf 87' lang='lat' dir='ltr'><strong>doctrinas.</strong></span> 
     </span>
    </p>
   </div>
   <div class='ocr_carea' id='block_1_53' title="bbox 2009 2096 3579 2174">
    <p class='ocr_par' dir='ltr' id='par_1_53' title="bbox 2009 2096 3579 2174">
     <span class='ocr_line' id='line_1_53' title="bbox 2009 2096 3579 2174; baseline 0.006 -23"><span class='ocrx_word' id='word_1_395' title='bbox 2009 2096 2073 2151; x_wconf 86' lang='lat' dir='ltr'><strong>lli</strong></span> <span class='ocrx_word' id='word_1_396' title='bbox 2105 2097 2383 2154; x_wconf 87' lang='lat' dir='ltr'><strong>.ludaicam</strong></span> <span class='ocrx_word' id='word_1_397' title='bbox 2433 2100 2640 2170; x_wconf 87' lang='lat' dir='ltr'><strong>plebem</strong></span> <span class='ocrx_word' id='word_1_398' title='bbox 2687 2104 3036 2173; x_wconf 85' lang='lat' dir='ltr'><strong>deceperunt.</strong></span> <span class='ocrx_word' id='word_1_399' title='bbox 3081 2116 3134 2157; x_wconf 89' lang='lat' dir='ltr'><strong>et</strong></span> <span class='ocrx_word' id='word_1_400' title='bbox 3188 2113 3244 2157; x_wconf 89' lang='lat' dir='ltr'><strong>ut</strong></span> <span class='ocrx_word' id='word_1_401' title='bbox 3289 2106 3579 2174; x_wconf 84' lang='lat' dir='ltr'><strong>superbam</strong></span> 
     </span>
    </p>
   </div>
   <div class='ocr_carea' id='block_1_54' title="bbox 2003 2189 3577 2266">
    <p class='ocr_par' dir='ltr' id='par_1_54' title="bbox 2003 2189 3577 2266">
     <span class='ocr_line' id='line_1_54' title="bbox 2003 2189 3577 2266; baseline 0.008 -25"><span class='ocrx_word' id='word_1_402' title='bbox 2003 2189 2275 2245; x_wconf 84' lang='lat' dir='ltr'><strong>cervicem</strong></span> <span class='ocrx_word' id='word_1_403' title='bbox 2344 2203 2533 2247; x_wconf 89' lang='lat' dir='ltr'><strong>contra</strong></span> <span class='ocrx_word' id='word_1_404' title='bbox 2597 2192 2875 2250; x_wconf 85' lang='lat' dir='ltr'><strong>Christum</strong></span> <span class='ocrx_word' id='word_1_405' title='bbox 2943 2195 3199 2266; x_wconf 77' lang='lat' dir='ltr'><strong>erigeret,</strong></span> <span class='ocrx_word' id='word_1_406' title='bbox 3262 2195 3577 2255; x_wconf 73' lang='lat' dir='ltr'><strong>ea&#39;ecerunt.</strong></span> 
     </span>
    </p>
   </div>
   <div class='ocr_carea' id='block_1_55' title="bbox 2002 2279 3579 2358">
    <p class='ocr_par' dir='ltr' id='par_1_55' title="bbox 2002 2279 3579 2358">
     <span class='ocr_line' id='line_1_55' title="bbox 2002 2279 3579 2358; baseline 0.007 -25"><span class='ocrx_word' id='word_1_407' title='bbox 2002 2279 2265 2346; x_wconf 78' lang='lat' dir='ltr'><strong>Quoniam</strong></span> <span class='ocrx_word' id='word_1_408' title='bbox 2301 2282 2464 2354; x_wconf 83' lang='lat' dir='ltr'><strong>igitur</strong></span> <span class='ocrx_word' id='word_1_409' title='bbox 2496 2286 2865 2353; x_wconf 76' lang='lat' dir='ltr'><strong>sequebantur</strong></span> <span class='ocrx_word' id='word_1_410' title='bbox 2908 2286 2960 2341; x_wconf 90' lang='lat' dir='ltr'><strong>hi</strong></span> <span class='ocrx_word' id='word_1_411' title='bbox 2992 2301 3207 2358; x_wconf 89' lang='lat' dir='ltr'><strong>quoque</strong></span> <span class='ocrx_word' id='word_1_412' title='bbox 3235 2290 3579 2344; x_wconf 85' lang='lat' dir='ltr'><strong>sacerdotum</strong></span> 
     </span>
    </p>
   </div>
   <div class='ocr_carea' id='block_1_56' title="bbox 2000 2374 3579 2448">
    <p class='ocr_par' dir='ltr' id='par_1_56' title="bbox 2000 2374 3579 2448">
     <span class='ocr_line' id='line_1_56' title="bbox 2000 2374 3579 2448; baseline 0.005 -21"><span class='ocrx_word' id='word_1_413' title='bbox 2000 2374 2321 2441; x_wconf 85' lang='lat' dir='ltr'><strong>sententias,</strong></span> <span class='ocrx_word' id='word_1_414' title='bbox 2358 2375 2448 2443; x_wconf 86' lang='lat' dir='ltr'><strong>qui</strong></span> <span class='ocrx_word' id='word_1_415' title='bbox 2498 2375 2552 2430; x_wconf 90' lang='lat' dir='ltr'><strong>in</strong></span> <span class='ocrx_word' id='word_1_416' title='bbox 2602 2376 2791 2432; x_wconf 90' lang='lat' dir='ltr'><strong>ordine</strong></span> <span class='ocrx_word' id='word_1_417' title='bbox 2828 2378 3054 2448; x_wconf 87' lang='lat' dir='ltr'><strong>locoque</strong></span> <span class='ocrx_word' id='word_1_418' title='bbox 3093 2379 3286 2448; x_wconf 76' lang='lat' dir='ltr'><strong>capitis</strong></span> <span class='ocrx_word' id='word_1_419' title='bbox 3331 2381 3579 2436; x_wconf 80' lang='lat' dir='ltr'><strong>collocati</strong></span> 
     </span>
    </p>
   </div>
   <div class='ocr_carea' id='block_1_57' title="bbox 1997 2466 3577 2532">
    <p class='ocr_par' dir='ltr' id='par_1_57' title="bbox 1997 2466 3577 2532">
     <span class='ocr_line' id='line_1_57' title="bbox 1997 2466 3577 2532; baseline 0.004 -14"><span class='ocrx_word' id='word_1_420' title='bbox 1997 2475 2145 2530; x_wconf 87' lang='lat' dir='ltr'><strong>sunt,</strong></span> <span class='ocrx_word' id='word_1_421' title='bbox 2178 2479 2273 2520; x_wconf 87' lang='lat' dir='ltr'><strong>eos</strong></span> <span class='ocrx_word' id='word_1_422' title='bbox 2306 2467 2532 2520; x_wconf 86' lang='lat' dir='ltr'><strong>caudam</strong></span> <span class='ocrx_word' id='word_1_423' title='bbox 2558 2467 2875 2521; x_wconf 84' lang='lat' dir='ltr'><strong>nominavit.</strong></span> <span class='ocrx_word' id='word_1_424' title='bbox 2900 2466 3056 2532; x_wconf 79' lang='lat' dir='ltr'><strong>Nam,</strong></span> <span class='ocrx_word' id='word_1_425' title='bbox 3084 2477 3140 2520; x_wconf 93' lang='lat' dir='ltr'><strong>ut</strong></span> <span class='ocrx_word' id='word_1_426' title='bbox 3166 2469 3433 2532; x_wconf 88' lang='lat' dir='ltr'><strong>dicebam,</strong></span> <span class='ocrx_word' id='word_1_427' title='bbox 3456 2484 3577 2524; x_wconf 90' lang='lat' dir='ltr'><strong>cum</strong></span> 
     </span>
    </p>
   </div>
   <div class='ocr_carea' id='block_1_58' title="bbox 1997 2556 3580 2633">
    <p class='ocr_par' dir='ltr' id='par_1_58' title="bbox 1997 2556 3580 2633">
     <span class='ocr_line' id='line_1_58' title="bbox 1997 2556 3580 2633; baseline 0.005 -24"><span class='ocrx_word' id='word_1_428' title='bbox 1997 2556 2063 2610; x_wconf 84' lang='lat' dir='ltr'><strong>de</strong></span> <span class='ocrx_word' id='word_1_429' title='bbox 2094 2572 2203 2612; x_wconf 85' lang='lat' dir='ltr'><strong>uno</strong></span> <span class='ocrx_word' id='word_1_430' title='bbox 2250 2557 2599 2628; x_wconf 67' lang='lat' dir='ltr'><strong>intelligimus</strong></span> <span class='ocrx_word' id='word_1_431' title='bbox 2648 2575 2894 2629; x_wconf 83' lang='lat' dir='ltr'><strong>corpore,</strong></span> <span class='ocrx_word' id='word_1_432' title='bbox 2947 2562 3117 2615; x_wconf 77' lang='lat' dir='ltr'><strong>cauda</strong></span> <span class='ocrx_word' id='word_1_433' title='bbox 3158 2575 3373 2633; x_wconf 80' lang='lat' dir='ltr'><strong>semper</strong></span> <span class='ocrx_word' id='word_1_434' title='bbox 3419 2575 3580 2633; x_wconf 81' lang='lat' dir='ltr'><strong>caput</strong></span> 
     </span>
    </p>
   </div>
   <div class='ocr_carea' id='block_1_59' title="bbox 1997 2648 3576 2722">
    <p class='ocr_par' dir='ltr' id='par_1_59' title="bbox 1997 2648 3576 2722">
     <span class='ocr_line' id='line_1_59' title="bbox 1997 2648 3576 2722; baseline 0.004 -19"><span class='ocrx_word' id='word_1_435' title='bbox 1997 2648 2368 2718; x_wconf 88' lang='lat' dir='ltr'><strong>subsequitur.</strong></span> <span class='ocrx_word' id='word_1_436' title='bbox 2421 2649 2557 2704; x_wconf 86' lang='lat' dir='ltr'><strong>Cum</strong></span> <span class='ocrx_word' id='word_1_437' title='bbox 2606 2659 2785 2706; x_wconf 88' lang='lat' dir='ltr'><strong>autem</strong></span> <span class='ocrx_word' id='word_1_438' title='bbox 2838 2652 3127 2721; x_wconf 88' lang='lat' dir='ltr'><strong>prophetas</strong></span> <span class='ocrx_word' id='word_1_439' title='bbox 3178 2654 3409 2722; x_wconf 79' lang='lat' dir='ltr'><strong>appellat</strong></span> <span class='ocrx_word' id='word_1_440' title='bbox 3459 2666 3576 2718; x_wconf 83' lang='lat' dir='ltr'><strong>eos,</strong></span> 
     </span>
    </p>
   </div>
   <div class='ocr_carea' id='block_1_60' title="bbox 1995 2740 3578 2816">
    <p class='ocr_par' dir='ltr' id='par_1_60' title="bbox 1995 2740 3578 2816">
     <span class='ocr_line' id='line_1_60' title="bbox 1995 2740 3578 2816; baseline 0.003 -22"><span class='ocrx_word' id='word_1_441' title='bbox 1995 2740 2220 2796; x_wconf 88' lang='lat' dir='ltr'><strong>minime</strong></span> <span class='ocrx_word' id='word_1_442' title='bbox 2259 2752 2481 2799; x_wconf 87' lang='lat' dir='ltr'><strong>sanctos</strong></span> <span class='ocrx_word' id='word_1_443' title='bbox 2520 2758 2661 2809; x_wconf 89' lang='lat' dir='ltr'><strong>esse,</strong></span> <span class='ocrx_word' id='word_1_444' title='bbox 2702 2753 2757 2797; x_wconf 89' lang='lat' dir='ltr'><strong>et</strong></span> <span class='ocrx_word' id='word_1_445' title='bbox 2788 2759 2947 2799; x_wconf 85' lang='lat' dir='ltr'><strong>veros</strong></span> <span class='ocrx_word' id='word_1_446' title='bbox 2996 2745 3320 2810; x_wconf 86' lang='lat' dir='ltr'><strong>putabimus.</strong></span> <span class='ocrx_word' id='word_1_447' title='bbox 3367 2744 3578 2816; x_wconf 73' lang='lat' dir='ltr'><strong>Adiecit</strong></span> 
     </span>
    </p>
   </div>
   <div class='ocr_carea' id='block_1_61' title="bbox 1995 2833 3573 2906">
    <p class='ocr_par' dir='ltr' id='par_1_61' title="bbox 1995 2833 3573 2906">
     <span class='ocr_line' id='line_1_61' title="bbox 1995 2833 3573 2906; baseline -0.001 -16"><span class='ocrx_word' id='word_1_448' title='bbox 1995 2833 2138 2890; x_wconf 87' lang='lat' dir='ltr'><strong>enim</strong></span> <span class='ocrx_word' id='word_1_449' title='bbox 2189 2848 2286 2890; x_wconf 84' lang='lat' dir='ltr'><strong>eos</strong></span> <span class='ocrx_word' id='word_1_450' title='bbox 2325 2835 2521 2891; x_wconf 83' lang='lat' dir='ltr'><strong>docere</strong></span> <span class='ocrx_word' id='word_1_451' title='bbox 2570 2836 2772 2906; x_wconf 88' lang='lat' dir='ltr'><strong>iniqua.</strong></span> <span class='ocrx_word' id='word_1_452' title='bbox 2834 2836 3027 2890; x_wconf 82' lang='lat' dir='ltr'><strong>Verum</strong></span> <span class='ocrx_word' id='word_1_453' title='bbox 3080 2836 3206 2890; x_wconf 87' lang='lat' dir='ltr'><strong>illud</strong></span> <span class='ocrx_word' id='word_1_454' title='bbox 3264 2838 3498 2893; x_wconf 82' lang='lat' dir='ltr'><strong>dicimus</strong></span> <span class='ocrx_word' id='word_1_455' title='bbox 3560 2858 3573 2889; x_wconf 87' lang='lat'><strong>:</strong></span> 
     </span>
    </p>
   </div>
   <div class='ocr_carea' id='block_1_62' title="bbox 1994 2924 3577 2997">
    <p class='ocr_par' dir='ltr' id='par_1_62' title="bbox 1994 2924 3577 2997">
     <span class='ocr_line' id='line_1_62' title="bbox 1994 2924 3577 2997; baseline 0.001 -18"><span class='ocrx_word' id='word_1_456' title='bbox 1994 2925 2165 2980; x_wconf 72' lang='lat' dir='ltr'><strong>Erant</strong></span> <span class='ocrx_word' id='word_1_457' title='bbox 2216 2924 2468 2981; x_wconf 86' lang='lat' dir='ltr'><strong>videlicet</strong></span> <span class='ocrx_word' id='word_1_458' title='bbox 2508 2927 2559 2979; x_wconf 91' lang='lat' dir='ltr'><strong>in</strong></span> <span class='ocrx_word' id='word_1_459' title='bbox 2605 2924 2771 2980; x_wconf 76' lang='lat' dir='ltr'><strong>Israel</strong></span> <span class='ocrx_word' id='word_1_460' title='bbox 2820 2928 3303 2997; x_wconf 64' lang='lat' dir='ltr'><strong>pseudoprophcte</strong></span> <span class='ocrx_word' id='word_1_461' title='bbox 3348 2928 3577 2983; x_wconf 76' lang='lat' dir='ltr'><strong>diversis</strong></span> 
     </span>
    </p>
   </div>
   <div class='ocr_carea' id='block_1_63' title="bbox 1998 3017 3574 3088">
    <p class='ocr_par' dir='ltr' id='par_1_63' title="bbox 1998 3017 3574 3088">
     <span class='ocr_line' id='line_1_63' title="bbox 1998 3017 3574 3088; baseline 0.002 -19"><span class='ocrx_word' id='word_1_462' title='bbox 1998 3018 2359 3088; x_wconf 88' lang='lat' dir='ltr'><strong>temporibus.</strong></span> <span class='ocrx_word' id='word_1_463' title='bbox 2410 3026 2521 3071; x_wconf 90' lang='lat' dir='ltr'><strong>tum</strong></span> <span class='ocrx_word' id='word_1_464' title='bbox 2576 3017 2780 3071; x_wconf 85' lang='lat' dir='ltr'><strong>scilicet</strong></span> <span class='ocrx_word' id='word_1_465' title='bbox 2843 3033 2963 3071; x_wconf 88' lang='lat' dir='ltr'><strong>cum</strong></span> <span class='ocrx_word' id='word_1_466' title='bbox 3016 3018 3179 3072; x_wconf 86' lang='lat' dir='ltr'><strong>etiam</strong></span> <span class='ocrx_word' id='word_1_467' title='bbox 3230 3028 3414 3073; x_wconf 82' lang='lat' dir='ltr'><strong>essent</strong></span> <span class='ocrx_word' id='word_1_468' title='bbox 3460 3020 3574 3073; x_wconf 80' lang='lat' dir='ltr'><strong>veri</strong></span> 
     </span>
    </p>
   </div>
   <div class='ocr_carea' id='block_1_64' title="bbox 1994 3104 3574 3177">
    <p class='ocr_par' dir='ltr' id='par_1_64' title="bbox 1994 3104 3574 3177">
     <span class='ocr_line' id='line_1_64' title="bbox 1994 3104 3574 3177; baseline 0 -16"><span class='ocrx_word' id='word_1_469' title='bbox 1994 3107 2288 3177; x_wconf 79' lang='lat' dir='ltr'><strong>prophetae.</strong></span> <span class='ocrx_word' id='word_1_470' title='bbox 2344 3104 2473 3162; x_wconf 88' lang='lat' dir='ltr'><strong>Post</strong></span> <span class='ocrx_word' id='word_1_471' title='bbox 2542 3105 2872 3175; x_wconf 82' lang='lat' dir='ltr'><strong>captivitatis</strong></span> <span class='ocrx_word' id='word_1_472' title='bbox 2921 3116 3099 3162; x_wconf 88' lang='lat' dir='ltr'><strong>autem</strong></span> <span class='ocrx_word' id='word_1_473' title='bbox 3159 3116 3399 3177; x_wconf 85' lang='lat' dir='ltr'><strong>tempora</strong></span> <span class='ocrx_word' id='word_1_474' title='bbox 3462 3116 3574 3168; x_wconf 87' lang='lat' dir='ltr'><strong>tttm</strong></span> 
     </span>
    </p>
   </div>
   <div class='ocr_carea' id='block_1_65' title="bbox 1995 3201 3571 3269">
    <p class='ocr_par' dir='ltr' id='par_1_65' title="bbox 1995 3201 3571 3269">
     <span class='ocr_line' id='line_1_65' title="bbox 1995 3201 3571 3269; baseline -0.002 -11"><span class='ocrx_word' id='word_1_475' title='bbox 1995 3203 2164 3259; x_wconf 85' lang='lat' dir='ltr'><strong>fuisse</strong></span> <span class='ocrx_word' id='word_1_476' title='bbox 2187 3201 2344 3269; x_wconf 88' lang='lat' dir='ltr'><strong>alios,</strong></span> <span class='ocrx_word' id='word_1_477' title='bbox 2391 3214 2551 3257; x_wconf 86' lang='lat' dir='ltr'><strong>nemo</strong></span> <span class='ocrx_word' id='word_1_478' title='bbox 2583 3202 2865 3257; x_wconf 86' lang='lat' dir='ltr'><strong>commode</strong></span> <span class='ocrx_word' id='word_1_479' title='bbox 2909 3208 2965 3255; x_wconf 90' lang='lat' dir='ltr'><strong>et</strong></span> <span class='ocrx_word' id='word_1_480' title='bbox 3008 3215 3134 3256; x_wconf 86' lang='lat' dir='ltr'><strong>vere</strong></span> <span class='ocrx_word' id='word_1_481' title='bbox 3189 3202 3385 3256; x_wconf 76' lang='lat' dir='ltr'><strong>dixerit</strong></span> <span class='ocrx_word' id='word_1_482' title='bbox 3428 3201 3571 3255; x_wconf 86' lang='lat' dir='ltr'><strong>:nisi</strong></span> 
     </span>
    </p>
   </div>
   <div class='ocr_carea' id='block_1_66' title="bbox 307 3274 1894 3365">
    <p class='ocr_par' dir='ltr' id='par_1_66' title="bbox 307 3274 1888 3365">
     <span class='ocr_line' id='line_1_66' title="bbox 307 3274 1888 3365; baseline 0.008 -36"><span class='ocrx_word' id='word_1_483' title='bbox 307 3274 453 3330; x_wconf 72' lang='grc' dir='ltr'><strong>κατὰ</strong></span> <span class='ocrx_word' id='word_1_484' title='bbox 479 3278 732 3349; x_wconf 78' lang='grc' dir='ltr'><strong>καιροὺς,</strong></span> <span class='ocrx_word' id='word_1_485' title='bbox 766 3277 1011 3350; x_wconf 83' lang='grc' dir='ltr'><strong>δηλονότι</strong></span> <span class='ocrx_word' id='word_1_486' title='bbox 1046 3280 1172 3335; x_wconf 85' lang='grc' dir='ltr'><strong>καθ’</strong></span> <span class='ocrx_word' id='word_1_487' title='bbox 1202 3283 1298 3345; x_wconf 83' lang='grc' dir='ltr'><strong>οὓς</strong></span> <span class='ocrx_word' id='word_1_488' title='bbox 1333 3279 1477 3355; x_wconf 77' lang='grc' dir='ltr'><strong>ἦσαν</strong></span> <span class='ocrx_word' id='word_1_489' title='bbox 1505 3289 1552 3340; x_wconf 89' lang='grc' dir='ltr'><strong>οί</strong></span> <span class='ocrx_word' id='word_1_490' title='bbox 1586 3291 1726 3344; x_wconf 80' lang='grc' dir='ltr'><strong>κατὰ</strong></span> <span class='ocrx_word' id='word_1_491' title='bbox 1752 3292 1888 3365; x_wconf 68' lang='grc' dir='ltr'><strong>ἀλή-</strong></span> 
     </span>
    </p>
   </div>
   <div class='ocr_carea' id='block_1_67' title="bbox 1998 3274 3579 3365">
    <p class='ocr_par' dir='ltr' id='par_1_67' title="bbox 1998 3292 3579 3364">
     <span class='ocr_line' id='line_1_67' title="bbox 1998 3292 3579 3364; baseline -0.002 -13"><span class='ocrx_word' id='word_1_492' title='bbox 1998 3296 2139 3351; x_wconf 91' lang='lat' dir='ltr'><strong>forte</strong></span> <span class='ocrx_word' id='word_1_493' title='bbox 2166 3296 2289 3364; x_wconf 87' lang='lat' dir='ltr'><strong>quis</strong></span> <span class='ocrx_word' id='word_1_494' title='bbox 2321 3309 2415 3350; x_wconf 91' lang='lat' dir='ltr'><strong>eos</strong></span> <span class='ocrx_word' id='word_1_495' title='bbox 2436 3295 2604 3357; x_wconf 89' lang='lat' dir='ltr'><strong>dicat,</strong></span> <span class='ocrx_word' id='word_1_496' title='bbox 2636 3307 2774 3363; x_wconf 91' lang='lat' dir='ltr'><strong>quos</strong></span> <span class='ocrx_word' id='word_1_497' title='bbox 2813 3292 3077 3350; x_wconf 83' lang='lat' dir='ltr'><strong>Gamaliel</strong></span> <span class='ocrx_word' id='word_1_498' title='bbox 3121 3292 3256 3363; x_wconf 72' lang='lat' dir='ltr'><strong>legis</strong></span> <span class='ocrx_word' id='word_1_499' title='bbox 3286 3295 3501 3360; x_wconf 82' lang='lat' dir='ltr'><strong>&#39;doctor.</strong></span> <span class='ocrx_word' id='word_1_500' title='bbox 3524 3303 3579 3348; x_wconf 89' lang='lat' dir='ltr'><strong>et</strong></span> 
     </span>
    </p>
   </div>
   <div class='ocr_carea' id='block_1_68' title="bbox 306 3367 1892 3452">
    <p class='ocr_par' dir='ltr' id='par_1_68' title="bbox 306 3367 1892 3452">
     <span class='ocr_line' id='line_1_68' title="bbox 306 3367 1892 3452; baseline 0.011 -31"><span class='ocrx_word' id='word_1_501' title='bbox 306 3367 462 3424; x_wconf 75' lang='grc' dir='ltr'><strong>θειαν</strong></span> <span class='ocrx_word' id='word_1_502' title='bbox 490 3368 787 3441; x_wconf 62' lang='grc' dir='ltr'><strong>προφῆται.</strong></span> <span class='ocrx_word' id='word_1_503' title='bbox 819 3369 973 3425; x_wconf 84' lang='grc' dir='ltr'><strong>Μετὰ</strong></span> <span class='ocrx_word' id='word_1_504' title='bbox 1011 3372 1070 3426; x_wconf 78' lang='grc' dir='ltr'><strong>δέ</strong></span> <span class='ocrx_word' id='word_1_505' title='bbox 1111 3389 1175 3442; x_wconf 91' lang='grc' dir='ltr'><strong>γε</strong></span> <span class='ocrx_word' id='word_1_506' title='bbox 1207 3374 1334 3440; x_wconf 84' lang='grc' dir='ltr'><strong>τοὺς</strong></span> <span class='ocrx_word' id='word_1_507' title='bbox 1378 3378 1478 3448; x_wconf 85' lang='grc' dir='ltr'><strong>τῆς</strong></span> <span class='ocrx_word' id='word_1_508' title='bbox 1513 3381 1892 3452; x_wconf 76' lang='grc' dir='ltr'><strong>αἰχμαλωσίας</strong></span> 
     </span>
    </p>
   </div>
   <div class='ocr_carea' id='block_1_69' title="bbox 306 3455 1891 3536">
    <p class='ocr_par' dir='ltr' id='par_1_69' title="bbox 306 3455 1891 3536">
     <span class='ocr_line' id='line_1_69' title="bbox 306 3455 1891 3536; baseline 0.015 -30"><span class='ocrx_word' id='word_1_509' title='bbox 306 3455 555 3527; x_wconf 76' lang='grc' dir='ltr'><strong>καιροὺς,</strong></span> <span class='ocrx_word' id='word_1_510' title='bbox 594 3456 881 3529; x_wconf 80' lang='grc' dir='ltr'><strong>ἀραρότως</strong></span> <span class='ocrx_word' id='word_1_511' title='bbox 921 3460 1097 3515; x_wconf 72' lang='grc' dir='ltr'><strong>εἰπεῖν</strong></span> <span class='ocrx_word' id='word_1_512' title='bbox 1140 3464 1241 3516; x_wconf 81' lang='grc' dir='ltr'><strong>οὐκ</strong></span> <span class='ocrx_word' id='word_1_513' title='bbox 1284 3464 1351 3518; x_wconf 82' lang='grc' dir='ltr'><strong>ἂν</strong></span> <span class='ocrx_word' id='word_1_514' title='bbox 1395 3466 1613 3523; x_wconf 82' lang='grc' dir='ltr'><strong>δύναιτό</strong></span> <span class='ocrx_word' id='word_1_515' title='bbox 1654 3488 1761 3536; x_wconf 91' lang='grc' dir='ltr'><strong>τις,</strong></span> <span class='ocrx_word' id='word_1_516' title='bbox 1807 3474 1891 3529; x_wconf 84' lang='grc' dir='ltr'><strong>ὅτι</strong></span> 
     </span>
    </p>
   </div>
   <div class='ocr_carea' id='block_1_70' title="bbox 304 3628 1889 3726">
    <p class='ocr_par' dir='ltr' id='par_1_70' title="bbox 304 3628 1889 3726">
     <span class='ocr_line' id='line_1_70' title="bbox 304 3628 1889 3726; baseline 0.013 -37"><span class='ocrx_word' id='word_1_517' title='bbox 304 3635 554 3701; x_wconf 72' lang='grc' dir='ltr'><strong>ἐκείνους</strong></span> <span class='ocrx_word' id='word_1_518' title='bbox 586 3636 761 3706; x_wconf 79' lang='grc' dir='ltr'><strong>λέγοι,</strong></span> <span class='ocrx_word' id='word_1_519' title='bbox 787 3632 863 3692; x_wconf 85' lang='grc' dir='ltr'><strong>ὧν</strong></span> <span class='ocrx_word' id='word_1_520' title='bbox 893 3641 987 3695; x_wconf 78' lang='grc' dir='ltr'><strong>καὶ</strong></span> <span class='ocrx_word' id='word_1_521' title='bbox 1013 3641 1378 3715; x_wconf 84' lang='grc' dir='ltr'><strong>διαμέμνηται</strong></span> <span class='ocrx_word' id='word_1_522' title='bbox 1416 3628 1889 3726; x_wconf 34' lang='grc' dir='ltr'><strong>Γαμεὶλίὴλᾮδμολ</strong></span> 
     </span>
    </p>
   </div>
   <div class='ocr_carea' id='block_1_71' title="bbox 301 3725 1888 3818">
    <p class='ocr_par' dir='ltr' id='par_1_71' title="bbox 301 3725 1888 3818">
     <span class='ocr_line' id='line_1_71' title="bbox 301 3725 1888 3818; baseline 0.016 -38"><span class='ocrx_word' id='word_1_523' title='bbox 301 3725 629 3793; x_wconf 78' lang='grc' dir='ltr'><strong>διδάσκαλος</strong></span> <span class='ocrx_word' id='word_1_524' title='bbox 662 3729 761 3793; x_wconf 77' lang='grc' dir='ltr'><strong>ὢν,</strong></span> <span class='ocrx_word' id='word_1_525' title='bbox 806 3734 901 3786; x_wconf 73' lang='grc' dir='ltr'><strong>καὶ</strong></span> <span class='ocrx_word' id='word_1_526' title='bbox 937 3734 1120 3804; x_wconf 82' lang='grc' dir='ltr'><strong>τίμιος</strong></span> <span class='ocrx_word' id='word_1_527' title='bbox 1160 3740 1323 3794; x_wconf 77' lang='grc' dir='ltr'><strong>παντὶ</strong></span> <span class='ocrx_word' id='word_1_528' title='bbox 1364 3741 1444 3812; x_wconf 85' lang='grc' dir='ltr'><strong>τῷ</strong></span> <span class='ocrx_word' id='word_1_529' title='bbox 1482 3741 1614 3814; x_wconf 83' lang='grc' dir='ltr'><strong>λαῷ,</strong></span> <span class='ocrx_word' id='word_1_530' title='bbox 1650 3748 1792 3802; x_wconf 84' lang='grc' dir='ltr'><strong>κατά</strong></span> <span class='ocrx_word' id='word_1_531' title='bbox 1826 3767 1888 3818; x_wconf 86' lang='grc' dir='ltr'><strong>γε</strong></span> 
     </span>
    </p>
   </div>
   <div class='ocr_carea' id='block_1_72' title="bbox 302 3819 1886 3904">
    <p class='ocr_par' dir='ltr' id='par_1_72' title="bbox 302 3819 1886 3904">
     <span class='ocr_line' id='line_1_72' title="bbox 302 3819 1886 3904; baseline 0.015 -32"><span class='ocrx_word' id='word_1_532' title='bbox 302 3819 369 3873; x_wconf 77' lang='grc' dir='ltr'><strong>τὸ</strong></span> <span class='ocrx_word' id='word_1_533' title='bbox 396 3822 787 3893; x_wconf 80' lang='grc' dir='ltr'><strong>γεγραμμένον</strong></span> <span class='ocrx_word' id='word_1_534' title='bbox 808 3824 868 3877; x_wconf 72' lang='grc' dir='ltr'><strong>ιν</strong></span> <span class='ocrx_word' id='word_1_535' title='bbox 892 3828 1013 3890; x_wconf 81' lang='grc' dir='ltr'><strong>ταῖς</strong></span> <span class='ocrx_word' id='word_1_536' title='bbox 1043 3827 1283 3898; x_wconf 81' lang='grc' dir='ltr'><strong>Πράξεσι</strong></span> <span class='ocrx_word' id='word_1_537' title='bbox 1310 3832 1420 3885; x_wconf 86' lang='grc' dir='ltr'><strong>τῶν</strong></span> <span class='ocrx_word' id='word_1_538' title='bbox 1451 3836 1623 3904; x_wconf 84' lang='grc' dir='ltr'><strong>ἁγίων</strong></span> <span class='ocrx_word' id='word_1_539' title='bbox 1652 3840 1886 3895; x_wconf 84' lang='grc' dir='ltr'><strong>ἀποστό-</strong></span> 
     </span>
    </p>
   </div>
   <div class='ocr_carea' id='block_1_73' title="bbox 303 3910 1888 4001">
    <p class='ocr_par' dir='ltr' id='par_1_73' title="bbox 303 3910 1888 4001">
     <span class='ocr_line' id='line_1_73' title="bbox 303 3910 1888 4001; baseline 0.015 -37"><span class='ocrx_word' id='word_1_540' title='bbox 303 3910 433 3967; x_wconf 83' lang='grc' dir='ltr'><strong>λων.</strong></span> <span class='ocrx_word' id='word_1_541' title='bbox 510 3913 955 3988; x_wconf 76' lang='grc' dir='ltr'><strong>Προσπεφώνηκε</strong></span> <span class='ocrx_word' id='word_1_542' title='bbox 1012 3919 1119 3993; x_wconf 81' lang='grc' dir='ltr'><strong>γὰρ</strong></span> <span class='ocrx_word' id='word_1_543' title='bbox 1181 3922 1324 3977; x_wconf 75' lang='grc' dir='ltr'><strong>οὕτω</strong></span> <span class='ocrx_word' id='word_1_544' title='bbox 1377 3929 1506 3998; x_wconf 77' lang='grc' dir='ltr'><strong>περὶ</strong></span> <span class='ocrx_word' id='word_1_545' title='bbox 1553 3929 1661 3983; x_wconf 84' lang='grc' dir='ltr'><strong>τῶν</strong></span> <span class='ocrx_word' id='word_1_546' title='bbox 1718 3934 1888 4001; x_wconf 83' lang='grc' dir='ltr'><strong>ἁγίων</strong></span> 
     </span>
    </p>
   </div>
   <div class='ocr_carea' id='block_1_74' title="bbox 301 4003 1887 4097">
    <p class='ocr_par' dir='ltr' id='par_1_74' title="bbox 301 4003 1887 4097">
     <span class='ocr_line' id='line_1_74' title="bbox 301 4003 1887 4097; baseline 0.013 -39"><span class='ocrx_word' id='word_1_547' title='bbox 673 4011 785 4072; x_wconf 79' lang='grc' dir='ltr'><strong>τοῖς</strong></span> <span class='ocrx_word' id='word_1_548' title='bbox 813 4011 873 4064; x_wconf 68' lang='grc' dir='ltr'><strong>ἐν</strong></span> <span class='ocrx_word' id='word_1_549' title='bbox 906 4012 985 4082; x_wconf 80' lang='grc' dir='ltr'><strong>τῷ</strong></span> <span class='ocrx_word' id='word_1_550' title='bbox 1025 4015 1306 4088; x_wconf 79' lang='grc' dir='ltr'><strong>συνεδρίῳ,</strong></span> <span class='ocrx_word' id='word_1_551' title='bbox 1340 4018 1550 4087; x_wconf 74' lang='grc' dir='ltr'><strong>λέγων’</strong></span> <span class='ocrx_word' id='word_1_552' title='bbox 1591 4041 1612 4072; x_wconf 75' lang='grc' dir='ltr'><strong>ι</strong></span> <span class='ocrx_word' id='word_1_553' title='bbox 1662 4025 1887 4097; x_wconf 75' lang='grc' dir='ltr'><strong>’Ἄνδρες</strong></span> 
     </span>
    </p>
   </div>
   <div class='ocr_carea' id='block_1_75' title="bbox 315 4094 1885 4187">
    <p class='ocr_par' dir='ltr' id='par_1_75' title="bbox 315 4094 1885 4187">
     <span class='ocr_line' id='line_1_75' title="bbox 315 4094 1885 4187; baseline 0.015 -37"><span class='ocrx_word' id='word_1_554' title='bbox 315 4094 671 4187; x_wconf 77' lang='grc' dir='ltr'><strong>Ἰσραηλῖται.</strong></span> <span class='ocrx_word' id='word_1_555' title='bbox 716 4101 1014 4173; x_wconf 72' lang='grc' dir='ltr'><strong>προσέχετε</strong></span> <span class='ocrx_word' id='word_1_556' title='bbox 1050 4106 1265 4171; x_wconf 79' lang='grc' dir='ltr'><strong>ἑαυτοῖς</strong></span> <span class='ocrx_word' id='word_1_557' title='bbox 1304 4112 1395 4165; x_wconf 76' lang='grc' dir='ltr'><strong>ἐπὶ</strong></span> <span class='ocrx_word' id='word_1_558' title='bbox 1428 4115 1540 4178; x_wconf 78' lang='grc' dir='ltr'><strong>τοῖς</strong></span> <span class='ocrx_word' id='word_1_559' title='bbox 1576 4094 1885 4187; x_wconf 77' lang='grc' dir='ltr'><strong>ἀνθρώποις</strong></span> 
     </span>
    </p>
   </div>
   <div class='ocr_carea' id='block_1_76' title="bbox 298 4184 1884 4272">
    <p class='ocr_par' dir='ltr' id='par_1_76' title="bbox 298 4184 1884 4272">
     <span class='ocr_line' id='line_1_76' title="bbox 298 4184 1884 4272; baseline 0.013 -33"><span class='ocrx_word' id='word_1_560' title='bbox 298 4184 541 4251; x_wconf 76' lang='grc' dir='ltr'><strong>τούτοις,</strong></span> <span class='ocrx_word' id='word_1_561' title='bbox 581 4186 636 4242; x_wconf 88' lang='grc' dir='ltr'><strong>τί</strong></span> <span class='ocrx_word' id='word_1_562' title='bbox 665 4189 887 4259; x_wconf 72' lang='grc' dir='ltr'><strong>μέλλετε</strong></span> <span class='ocrx_word' id='word_1_563' title='bbox 916 4193 1201 4265; x_wconf 71' lang='grc' dir='ltr'><strong>πράσσειν.</strong></span> <span class='ocrx_word' id='word_1_564' title='bbox 1238 4198 1351 4269; x_wconf 78' lang='grc' dir='ltr'><strong>Πρὸ</strong></span> <span class='ocrx_word' id='word_1_565' title='bbox 1394 4200 1504 4272; x_wconf 84' lang='grc' dir='ltr'><strong>γὰρ</strong></span> <span class='ocrx_word' id='word_1_566' title='bbox 1541 4184 1749 4259; x_wconf 84' lang='grc' dir='ltr'><strong>τούτων</strong></span> <span class='ocrx_word' id='word_1_567' title='bbox 1775 4206 1884 4260; x_wconf 82' lang='grc' dir='ltr'><strong>τῶν</strong></span> 
     </span>
    </p>
   </div>
   <div class='ocr_carea' id='block_1_77' title="bbox 299 4276 1885 4369">
    <p class='ocr_par' dir='ltr' id='par_1_77' title="bbox 299 4276 1885 4369">
     <span class='ocr_line' id='line_1_77' title="bbox 299 4276 1885 4369; baseline 0.014 -39"><span class='ocrx_word' id='word_1_568' title='bbox 299 4276 531 4369; x_wconf 61' lang='grc' dir='ltr'><strong>ἡμεμῇ</strong></span> <span class='ocrx_word' id='word_1_569' title='bbox 570 4279 768 4353; x_wconf 72' lang='grc' dir='ltr'><strong>ἀνέστη</strong></span> <span class='ocrx_word' id='word_1_570' title='bbox 795 4284 999 4348; x_wconf 75' lang='grc' dir='ltr'><strong>θευδᾶς</strong></span> <span class='ocrx_word' id='word_1_571' title='bbox 1040 4286 1211 4356; x_wconf 78' lang='grc' dir='ltr'><strong>λέγων</strong></span> <span class='ocrx_word' id='word_1_572' title='bbox 1244 4291 1366 4345; x_wconf 77' lang='grc' dir='ltr'><strong>τινὰ</strong></span> <span class='ocrx_word' id='word_1_573' title='bbox 1396 4290 1534 4349; x_wconf 75' lang='grc' dir='ltr'><strong>εἶναι</strong></span> <span class='ocrx_word' id='word_1_574' title='bbox 1564 4297 1753 4350; x_wconf 76' lang='grc' dir='ltr'><strong>ἑαυτὸν</strong></span> <span class='ocrx_word' id='word_1_575' title='bbox 1785 4300 1885 4369; x_wconf 77' lang='grc' dir='ltr'><strong>μέ-</strong></span> 
     </span>
    </p>
   </div>
   <div class='ocr_carea' id='block_1_78' title="bbox 298 4364 1887 4460">
    <p class='ocr_par' dir='ltr' id='par_1_78' title="bbox 298 4364 1887 4460">
     <span class='ocr_line' id='line_1_78' title="bbox 298 4364 1887 4460; baseline 0.014 -39"><span class='ocrx_word' id='word_1_576' title='bbox 298 4384 431 4438; x_wconf 79' lang='grc' dir='ltr'><strong>γαν,</strong></span> <span class='ocrx_word' id='word_1_577' title='bbox 465 4364 517 4439; x_wconf 76' lang='grc' dir='ltr'>ᾧ</span> <span class='ocrx_word' id='word_1_578' title='bbox 560 4374 892 4448; x_wconf 76' lang='grc' dir='ltr'><strong>προσεκλίθη</strong></span> <span class='ocrx_word' id='word_1_579' title='bbox 936 4378 1146 4449; x_wconf 86' lang='grc' dir='ltr'><strong>ἀνδρῶν</strong></span> <span class='ocrx_word' id='word_1_580' title='bbox 1198 4383 1430 4454; x_wconf 76' lang='grc' dir='ltr'><strong>ἀριθμὸς</strong></span> <span class='ocrx_word' id='word_1_581' title='bbox 1474 4387 1606 4439; x_wconf 75' lang='grc' dir='ltr'><strong>ὡσεὶ</strong></span> <span class='ocrx_word' id='word_1_582' title='bbox 1629 4364 1887 4460; x_wconf 76' lang='grc' dir='ltr'><strong>τετρακο-</strong></span> 
     </span>
    </p>
   </div>
   <div class='ocr_carea' id='block_1_79' title="bbox 303 4460 1887 4551">
    <p class='ocr_par' dir='ltr' id='par_1_79' title="bbox 303 4460 1887 4551">
     <span class='ocr_line' id='line_1_79' title="bbox 303 4460 1887 4551; baseline 0.011 -35"><span class='ocrx_word' id='word_1_583' title='bbox 303 4460 481 4517; x_wconf 77' lang='grc' dir='ltr'><strong>σίων·</strong></span> <span class='ocrx_word' id='word_1_584' title='bbox 521 4462 871 4540; x_wconf 78' lang='grc' dir='ltr'><strong>δςὰνῃρέθη.</strong></span> <span class='ocrx_word' id='word_1_585' title='bbox 916 4470 1028 4522; x_wconf 79' lang='grc' dir='ltr'><strong>Καὶ</strong></span> <span class='ocrx_word' id='word_1_586' title='bbox 1066 4471 1269 4536; x_wconf 78' lang='grc' dir='ltr'><strong>πάντες</strong></span> <span class='ocrx_word' id='word_1_587' title='bbox 1321 4475 1433 4529; x_wconf 82' lang='grc' dir='ltr'><strong>ὅσοι</strong></span> <span class='ocrx_word' id='word_1_588' title='bbox 1479 4477 1694 4531; x_wconf 80' lang='grc' dir='ltr'><strong>εἵποντο</strong></span> <span class='ocrx_word' id='word_1_589' title='bbox 1738 4479 1887 4551; x_wconf 86' lang='grc' dir='ltr'><strong>αὑτῷ</strong></span> 
     </span>
    </p>
   </div>
   <div class='ocr_carea' id='block_1_80' title="bbox 301 4552 1887 4628">
    <p class='ocr_par' dir='ltr' id='par_1_80' title="bbox 301 4552 1887 4628">
     <span class='ocr_line' id='line_1_80' title="bbox 301 4552 1887 4628; baseline 0.011 -20"><span class='ocrx_word' id='word_1_590' title='bbox 301 4552 660 4627; x_wconf 70' lang='grc' dir='ltr'><strong>διελύθησαν,</strong></span> <span class='ocrx_word' id='word_1_591' title='bbox 708 4557 802 4612; x_wconf 76' lang='grc' dir='ltr'><strong>καὶ</strong></span> <span class='ocrx_word' id='word_1_592' title='bbox 846 4560 1093 4628; x_wconf 75' lang='grc' dir='ltr'><strong>ἐγένοντο</strong></span> <span class='ocrx_word' id='word_1_593' title='bbox 1143 4564 1222 4628; x_wconf 77' lang='grc' dir='ltr'><strong>εἰς</strong></span> <span class='ocrx_word' id='word_1_594' title='bbox 1270 4565 1444 4621; x_wconf 84' lang='grc' dir='ltr'><strong>οὐδέν.</strong></span> <span class='ocrx_word' id='word_1_595' title='bbox 1498 4568 1651 4622; x_wconf 80' lang='grc' dir='ltr'><strong>Μετὰ</strong></span> <span class='ocrx_word' id='word_1_596' title='bbox 1698 4569 1887 4625; x_wconf 86' lang='grc' dir='ltr'><strong>τοῦτον</strong></span> 
     </span>
    </p>
   </div>
   <div class='ocr_carea' id='block_1_81' title="bbox 1993 3388 3574 3464">
    <p class='ocr_par' dir='ltr' id='par_1_81' title="bbox 1993 3388 3574 3464">
     <span class='ocr_line' id='line_1_81' title="bbox 1993 3388 3574 3464; baseline -0.003 -21"><span class='ocrx_word' id='word_1_597' title='bbox 1993 3388 2154 3464; x_wconf 75' lang='lat'><strong>165</strong></span> <span class='ocrx_word' id='word_1_598' title='bbox 2187 3390 2274 3444; x_wconf 90' lang='lat' dir='ltr'><strong>vir</strong></span> <span class='ocrx_word' id='word_1_599' title='bbox 2320 3391 2419 3444; x_wconf 89' lang='lat' dir='ltr'><strong>toti</strong></span> <span class='ocrx_word' id='word_1_600' title='bbox 2468 3389 2667 3460; x_wconf 88' lang='lat' dir='ltr'><strong>populo</strong></span> <span class='ocrx_word' id='word_1_601' title='bbox 2726 3388 3053 3443; x_wconf 83' lang='lat' dir='ltr'><strong>venerabilis</strong></span> <span class='ocrx_word' id='word_1_602' title='bbox 3108 3389 3574 3446; x_wconf 86' lang='lat' dir='ltr'><strong>commemoravit.</strong></span> 
     </span>
    </p>
   </div>
   <div class='ocr_carea' id='block_1_82' title="bbox 1995 3480 3573 3552">
    <p class='ocr_par' dir='ltr' id='par_1_82' title="bbox 1995 3480 3573 3552">
     <span class='ocr_line' id='line_1_82' title="bbox 1995 3480 3573 3552; baseline -0.002 -17"><span class='ocrx_word' id='word_1_603' title='bbox 1995 3482 2451 3552; x_wconf 87' lang='lat' dir='ltr'><strong>quemadmodum</strong></span> <span class='ocrx_word' id='word_1_604' title='bbox 2482 3482 2740 3552; x_wconf 77' lang='lat' dir='ltr'><strong>scriptum</strong></span> <span class='ocrx_word' id='word_1_605' title='bbox 2774 3492 2856 3535; x_wconf 85' lang='lat' dir='ltr'><strong>est</strong></span> <span class='ocrx_word' id='word_1_606' title='bbox 2889 3480 2941 3534; x_wconf 93' lang='lat' dir='ltr'><strong>in</strong></span> <span class='ocrx_word' id='word_1_607' title='bbox 2982 3481 3134 3535; x_wconf 80' lang='lat' dir='ltr'><strong>Actis</strong></span> <span class='ocrx_word' id='word_1_608' title='bbox 3184 3480 3573 3551; x_wconf 86' lang='lat' dir='ltr'><strong>apostolorum.</strong></span> 
     </span>
    </p>
   </div>
   <div class='ocr_carea' id='block_1_83' title="bbox 1994 3569 3573 3638">
    <p class='ocr_par' dir='ltr' id='par_1_83' title="bbox 1994 3569 3573 3638">
     <span class='ocr_line' id='line_1_83' title="bbox 1994 3569 3573 3638; baseline -0.001 -13"><span class='ocrx_word' id='word_1_609' title='bbox 1994 3572 2085 3626; x_wconf 84' lang='lat' dir='ltr'><strong>Sic</strong></span> <span class='ocrx_word' id='word_1_610' title='bbox 2118 3571 2262 3625; x_wconf 90' lang='lat' dir='ltr'><strong>enim</strong></span> <span class='ocrx_word' id='word_1_611' title='bbox 2305 3574 2371 3626; x_wconf 86' lang='lat' dir='ltr'><strong>de</strong></span> <span class='ocrx_word' id='word_1_612' title='bbox 2398 3572 2605 3625; x_wconf 84' lang='lat' dir='ltr'><strong>sanetis</strong></span> <span class='ocrx_word' id='word_1_613' title='bbox 2651 3570 2908 3638; x_wconf 83' lang='lat' dir='ltr'><strong>apostolis</strong></span> <span class='ocrx_word' id='word_1_614' title='bbox 2969 3569 3160 3624; x_wconf 74' lang='lat' dir='ltr'><strong>affatus</strong></span> <span class='ocrx_word' id='word_1_615' title='bbox 3203 3580 3286 3625; x_wconf 88' lang='lat' dir='ltr'><strong>est</strong></span> <span class='ocrx_word' id='word_1_616' title='bbox 3335 3584 3432 3625; x_wconf 87' lang='lat' dir='ltr'><strong>eos</strong></span> <span class='ocrx_word' id='word_1_617' title='bbox 3484 3570 3573 3637; x_wconf 85' lang='lat' dir='ltr'><strong>qui</strong></span> 
     </span>
    </p>
   </div>
   <div class='ocr_carea' id='block_1_84' title="bbox 1991 3660 3575 3729">
    <p class='ocr_par' dir='ltr' id='par_1_84' title="bbox 1991 3660 3575 3729">
     <span class='ocr_line' id='line_1_84' title="bbox 1991 3660 3575 3729; baseline -0.003 -12"><span class='ocrx_word' id='word_1_618' title='bbox 1991 3673 2149 3717; x_wconf 88' lang='lat' dir='ltr'><strong>erant</strong></span> <span class='ocrx_word' id='word_1_619' title='bbox 2178 3664 2232 3716; x_wconf 94' lang='lat' dir='ltr'><strong>in</strong></span> <span class='ocrx_word' id='word_1_620' title='bbox 2263 3663 2536 3717; x_wconf 88' lang='lat' dir='ltr'><strong>concilio:</strong></span> <span class='ocrx_word' id='word_1_621' title='bbox 2579 3680 2597 3713; x_wconf 87' lang='grc' dir='ltr'><strong>ι</strong></span> <span class='ocrx_word' id='word_1_622' title='bbox 2638 3661 2749 3715; x_wconf 84' lang='lat' dir='ltr'><strong>Viri</strong></span> <span class='ocrx_word' id='word_1_623' title='bbox 2796 3660 3076 3723; x_wconf 61' lang='lat' dir='ltr'><strong>Israelita,</strong></span> <span class='ocrx_word' id='word_1_624' title='bbox 3127 3680 3145 3713; x_wconf 75' lang='grc' dir='ltr'><strong>ι</strong></span> <span class='ocrx_word' id='word_1_625' title='bbox 3198 3661 3387 3729; x_wconf 86' lang='lat' dir='ltr'><strong>inquit.</strong></span> <span class='ocrx_word' id='word_1_626' title='bbox 3432 3679 3453 3712; x_wconf 84' lang='grc' dir='ltr'><strong>ι</strong></span> <span class='ocrx_word' id='word_1_627' title='bbox 3493 3671 3575 3714; x_wconf 77' lang='lat' dir='ltr'><strong>at-</strong></span> 
     </span>
    </p>
   </div>
   <div class='ocr_carea' id='block_1_85' title="bbox 1994 3752 3566 3821">
    <p class='ocr_par' dir='ltr' id='par_1_85' title="bbox 1994 3752 3566 3821">
     <span class='ocr_line' id='line_1_85' title="bbox 1994 3752 3566 3821; baseline -0.003 -12"><span class='ocrx_word' id='word_1_628' title='bbox 1994 3754 2199 3809; x_wconf 82' lang='lat' dir='ltr'><strong>tendite</strong></span> <span class='ocrx_word' id='word_1_629' title='bbox 2238 3755 2390 3808; x_wconf 89' lang='lat' dir='ltr'><strong>vobis</strong></span> <span class='ocrx_word' id='word_1_630' title='bbox 2426 3754 2582 3821; x_wconf 85' lang='lat' dir='ltr'><strong>ipsis,</strong></span> <span class='ocrx_word' id='word_1_631' title='bbox 2606 3752 2733 3821; x_wconf 90' lang='lat' dir='ltr'><strong>quid</strong></span> <span class='ocrx_word' id='word_1_632' title='bbox 2775 3753 2840 3805; x_wconf 90' lang='lat' dir='ltr'><strong>de</strong></span> <span class='ocrx_word' id='word_1_633' title='bbox 2876 3752 3184 3806; x_wconf 89' lang='lat' dir='ltr'><strong>hominibus</strong></span> <span class='ocrx_word' id='word_1_634' title='bbox 3224 3754 3306 3805; x_wconf 89' lang='lat' dir='ltr'><strong>his</strong></span> <span class='ocrx_word' id='word_1_635' title='bbox 3336 3752 3457 3806; x_wconf 88' lang='lat' dir='ltr'><strong>sitis</strong></span> <span class='ocrx_word' id='word_1_636' title='bbox 3484 3754 3566 3805; x_wconf 83' lang='lat' dir='ltr'><strong>fa-</strong></span> 
     </span>
    </p>
   </div>
   <div class='ocr_carea' id='block_1_86' title="bbox 1991 3839 3570 3911">
    <p class='ocr_par' dir='ltr' id='par_1_86' title="bbox 1991 3839 3570 3911">
     <span class='ocr_line' id='line_1_86' title="bbox 1991 3839 3570 3911; baseline -0.001 -13"><span class='ocrx_word' id='word_1_637' title='bbox 1991 3843 2153 3899; x_wconf 87' lang='lat' dir='ltr'><strong>cturi.</strong></span> <span class='ocrx_word' id='word_1_638' title='bbox 2186 3842 2319 3896; x_wconf 83' lang='lat' dir='ltr'><strong>Nam</strong></span> <span class='ocrx_word' id='word_1_639' title='bbox 2348 3851 2476 3896; x_wconf 88' lang='lat' dir='ltr'><strong>ante</strong></span> <span class='ocrx_word' id='word_1_640' title='bbox 2499 3840 2599 3895; x_wconf 89' lang='lat' dir='ltr'><strong>hos</strong></span> <span class='ocrx_word' id='word_1_641' title='bbox 2635 3841 2751 3894; x_wconf 89' lang='lat' dir='ltr'><strong>dies</strong></span> <span class='ocrx_word' id='word_1_642' title='bbox 2782 3850 3006 3895; x_wconf 81' lang='lat' dir='ltr'><strong>exortus</strong></span> <span class='ocrx_word' id='word_1_643' title='bbox 3048 3852 3132 3895; x_wconf 87' lang='lat' dir='ltr'><strong>est</strong></span> <span class='ocrx_word' id='word_1_644' title='bbox 3171 3839 3443 3906; x_wconf 81' lang='lat' dir='ltr'><strong>Theudas,</strong></span> <span class='ocrx_word' id='word_1_645' title='bbox 3480 3846 3570 3911; x_wconf 89' lang='lat' dir='ltr'><strong>qui</strong></span> 
     </span>
    </p>
   </div>
   <div class='ocr_carea' id='block_1_87' title="bbox 1991 3931 3572 4001">
    <p class='ocr_par' dir='ltr' id='par_1_87' title="bbox 1991 3931 3572 4001">
     <span class='ocr_line' id='line_1_87' title="bbox 1991 3931 3572 4001; baseline -0.003 -12"><span class='ocrx_word' id='word_1_646' title='bbox 1991 3934 2207 3989; x_wconf 82' lang='lat' dir='ltr'><strong>dicebat</strong></span> <span class='ocrx_word' id='word_1_647' title='bbox 2239 3948 2299 3987; x_wconf 89' lang='lat' dir='ltr'><strong>sc</strong></span> <span class='ocrx_word' id='word_1_648' title='bbox 2329 3945 2450 3986; x_wconf 84' lang='lat' dir='ltr'><strong>esse</strong></span> <span class='ocrx_word' id='word_1_649' title='bbox 2479 3931 2783 4000; x_wconf 84' lang='lat' dir='ltr'><strong>quempiam</strong></span> <span class='ocrx_word' id='word_1_650' title='bbox 2839 3946 3115 4001; x_wconf 80' lang='lat' dir='ltr'><strong>maguum.</strong></span> <span class='ocrx_word' id='word_1_651' title='bbox 3176 3933 3261 3987; x_wconf 89' lang='lat' dir='ltr'><strong>cui</strong></span> <span class='ocrx_word' id='word_1_652' title='bbox 3317 3949 3572 3986; x_wconf 74' lang='lat' dir='ltr'><strong>numerus</strong></span> 
     </span>
    </p>
   </div>
   <div class='ocr_carea' id='block_1_88' title="bbox 1994 4024 3570 4096">
    <p class='ocr_par' dir='ltr' id='par_1_88' title="bbox 1994 4024 3570 4096">
     <span class='ocr_line' id='line_1_88' title="bbox 1994 4024 3570 4096; baseline -0.001 -17"><span class='ocrx_word' id='word_1_653' title='bbox 1994 4027 2272 4080; x_wconf 90' lang='lat' dir='ltr'><strong>hominum</strong></span> <span class='ocrx_word' id='word_1_654' title='bbox 2306 4028 2424 4096; x_wconf 88' lang='lat' dir='ltr'><strong>plus</strong></span> <span class='ocrx_word' id='word_1_655' title='bbox 2456 4025 2633 4078; x_wconf 91' lang='lat' dir='ltr'><strong>minus</strong></span> <span class='ocrx_word' id='word_1_656' title='bbox 2664 4024 3183 4094; x_wconf 77' lang='lat' dir='ltr'><strong>quadringentorum</strong></span> <span class='ocrx_word' id='word_1_657' title='bbox 3220 4025 3463 4079; x_wconf 78' lang='lat' dir='ltr'><strong>adhzcsit.</strong></span> <span class='ocrx_word' id='word_1_658' title='bbox 3508 4025 3570 4078; x_wconf 76' lang='lat' dir='ltr'><strong>Et</strong></span> 
     </span>
    </p>
   </div>
   <div class='ocr_carea' id='block_1_89' title="bbox 1995 4116 3571 4186">
    <p class='ocr_par' dir='ltr' id='par_1_89' title="bbox 1995 4116 3571 4186">
     <span class='ocr_line' id='line_1_89' title="bbox 1995 4116 3571 4186; baseline -0.001 -14"><span class='ocrx_word' id='word_1_659' title='bbox 1995 4118 2041 4173; x_wconf 90' lang='lat' dir='ltr'><strong>is</strong></span> <span class='ocrx_word' id='word_1_660' title='bbox 2066 4118 2312 4173; x_wconf 86' lang='lat' dir='ltr'><strong>sublatus</strong></span> <span class='ocrx_word' id='word_1_661' title='bbox 2343 4126 2448 4182; x_wconf 85' lang='lat' dir='ltr'><strong>est,</strong></span> <span class='ocrx_word' id='word_1_662' title='bbox 2484 4125 2538 4171; x_wconf 89' lang='lat' dir='ltr'><strong>et</strong></span> <span class='ocrx_word' id='word_1_663' title='bbox 2583 4126 2849 4186; x_wconf 87' lang='lat' dir='ltr'><strong>quotquot</strong></span> <span class='ocrx_word' id='word_1_664' title='bbox 2880 4118 3142 4185; x_wconf 86' lang='lat' dir='ltr'><strong>parebant</strong></span> <span class='ocrx_word' id='word_1_665' title='bbox 3190 4117 3240 4172; x_wconf 89' lang='lat' dir='ltr'><strong>ei</strong></span> <span class='ocrx_word' id='word_1_666' title='bbox 3285 4116 3468 4180; x_wconf 85' lang='lat' dir='ltr'><strong>deleti.</strong></span> <span class='ocrx_word' id='word_1_667' title='bbox 3516 4127 3571 4171; x_wconf 90' lang='lat' dir='ltr'><strong>et</strong></span> 
     </span>
    </p>
   </div>
   <div class='ocr_carea' id='block_1_90' title="bbox 1992 4206 3570 4265">
    <p class='ocr_par' dir='ltr' id='par_1_90' title="bbox 1992 4206 3570 4265">
     <span class='ocr_line' id='line_1_90' title="bbox 1992 4206 3570 4265; baseline -0.003 0"><span class='ocrx_word' id='word_1_668' title='bbox 1992 4212 2059 4265; x_wconf 86' lang='lat' dir='ltr'><strong>ad</strong></span> <span class='ocrx_word' id='word_1_669' title='bbox 2086 4211 2313 4265; x_wconf 91' lang='lat' dir='ltr'><strong>nihilum</strong></span> <span class='ocrx_word' id='word_1_670' title='bbox 2353 4210 2561 4264; x_wconf 88' lang='lat' dir='ltr'><strong>redacti</strong></span> <span class='ocrx_word' id='word_1_671' title='bbox 2589 4220 2736 4264; x_wconf 82' lang='lat' dir='ltr'><strong>sunt.</strong></span> <span class='ocrx_word' id='word_1_672' title='bbox 2772 4207 2897 4265; x_wconf 87' lang='lat' dir='ltr'><strong>Post</strong></span> <span class='ocrx_word' id='word_1_673' title='bbox 2927 4210 3068 4263; x_wconf 90' lang='lat' dir='ltr'><strong>hunc</strong></span> <span class='ocrx_word' id='word_1_674' title='bbox 3095 4218 3316 4263; x_wconf 79' lang='lat' dir='ltr'><strong>exortus</strong></span> <span class='ocrx_word' id='word_1_675' title='bbox 3357 4217 3442 4262; x_wconf 83' lang='lat' dir='ltr'><strong>est</strong></span> <span class='ocrx_word' id='word_1_676' title='bbox 3474 4206 3570 4262; x_wconf 80' lang='lat' dir='ltr'><strong>Ju-</strong></span> 
     </span>
    </p>
   </div>
   <div class='ocr_carea' id='block_1_91' title="bbox 1994 4300 3569 4370">
    <p class='ocr_par' dir='ltr' id='par_1_91' title="bbox 1994 4300 3569 4370">
     <span class='ocr_line' id='line_1_91' title="bbox 1994 4300 3569 4370; baseline -0.003 -13"><span class='ocrx_word' id='word_1_677' title='bbox 1994 4304 2089 4357; x_wconf 88' lang='lat' dir='ltr'><strong>das</strong></span> <span class='ocrx_word' id='word_1_678' title='bbox 2122 4301 2377 4357; x_wconf 69' lang='lat' dir='ltr'><strong>Galilaaus</strong></span> <span class='ocrx_word' id='word_1_679' title='bbox 2425 4303 2760 4370; x_wconf 87' lang='lat' dir='ltr'><strong>temporibus</strong></span> <span class='ocrx_word' id='word_1_680' title='bbox 2815 4300 3213 4369; x_wconf 84' lang='lat' dir='ltr'><strong>descriptionis.</strong></span> <span class='ocrx_word' id='word_1_681' title='bbox 3263 4309 3320 4354; x_wconf 88' lang='lat' dir='ltr'><strong>et</strong></span> <span class='ocrx_word' id='word_1_682' title='bbox 3371 4300 3569 4353; x_wconf 85' lang='lat' dir='ltr'><strong>avertit</strong></span> 
     </span>
    </p>
   </div>
   <div class='ocr_carea' id='block_1_92' title="bbox 1992 4391 3567 4465">
    <p class='ocr_par' dir='ltr' id='par_1_92' title="bbox 1992 4391 3567 4465">
     <span class='ocr_line' id='line_1_92' title="bbox 1992 4391 3567 4465; baseline -0.003 -17"><span class='ocrx_word' id='word_1_683' title='bbox 1992 4393 2246 4465; x_wconf 87' lang='lat' dir='ltr'><strong>populum</strong></span> <span class='ocrx_word' id='word_1_684' title='bbox 2287 4401 2409 4463; x_wconf 88' lang='lat' dir='ltr'><strong>post</strong></span> <span class='ocrx_word' id='word_1_685' title='bbox 2446 4406 2552 4447; x_wconf 88' lang='lat' dir='ltr'><strong>se:</strong></span> <span class='ocrx_word' id='word_1_686' title='bbox 2586 4393 2679 4447; x_wconf 89' lang='lat' dir='ltr'><strong>sed</strong></span> <span class='ocrx_word' id='word_1_687' title='bbox 2719 4400 2774 4445; x_wconf 93' lang='lat' dir='ltr'><strong>et</strong></span> <span class='ocrx_word' id='word_1_688' title='bbox 2821 4391 2867 4445; x_wconf 87' lang='lat' dir='ltr'><strong>is</strong></span> <span class='ocrx_word' id='word_1_689' title='bbox 2912 4392 3093 4460; x_wconf 85' lang='lat' dir='ltr'><strong>periit,</strong></span> <span class='ocrx_word' id='word_1_690' title='bbox 3132 4400 3190 4445; x_wconf 91' lang='lat' dir='ltr'><strong>et</strong></span> <span class='ocrx_word' id='word_1_691' title='bbox 3238 4404 3428 4446; x_wconf 89' lang='lat' dir='ltr'><strong>omnes</strong></span> <span class='ocrx_word' id='word_1_692' title='bbox 3476 4392 3567 4460; x_wconf 91' lang='lat' dir='ltr'><strong>qui</strong></span> 
     </span>
    </p>
   </div>
   <div class='ocr_carea' id='block_1_93' title="bbox 1992 4482 3569 4556">
    <p class='ocr_par' dir='ltr' id='par_1_93' title="bbox 1992 4482 3569 4556">
     <span class='ocr_line' id='line_1_93' title="bbox 1992 4482 3569 4556; baseline -0.003 -16"><span class='ocrx_word' id='word_1_693' title='bbox 1992 4486 2349 4556; x_wconf 83' lang='lat' dir='ltr'><strong>parebautei,</strong></span> <span class='ocrx_word' id='word_1_694' title='bbox 2382 4485 2614 4555; x_wconf 85' lang='lat' dir='ltr'><strong>dispersi</strong></span> <span class='ocrx_word' id='word_1_695' title='bbox 2648 4490 2774 4538; x_wconf 91' lang='lat' dir='ltr'><strong>sunt</strong></span> <span class='ocrx_word' id='word_1_696' title='bbox 2808 4483 2850 4536; x_wconf 67' lang='lat'><strong>‘.</strong></span> <span class='ocrx_word' id='word_1_697' title='bbox 2897 4503 2915 4535; x_wconf 77' lang='grc' dir='ltr'><strong>ι</strong></span> <span class='ocrx_word' id='word_1_698' title='bbox 2964 4482 3333 4538; x_wconf 75' lang='lat' dir='ltr'><strong>Auferendum</strong></span> <span class='ocrx_word' id='word_1_699' title='bbox 3387 4484 3569 4553; x_wconf 86' lang='lat' dir='ltr'><strong>itaque</strong></span> 
     </span>
    </p>
   </div>
   <div class='ocr_carea' id='block_1_94' title="bbox 1991 4578 3570 4650">
    <p class='ocr_par' dir='ltr' id='par_1_94' title="bbox 1991 4578 3570 4650">
     <span class='ocr_line' id='line_1_94' title="bbox 1991 4578 3570 4650; baseline -0.004 -15"><span class='ocrx_word' id='word_1_700' title='bbox 1991 4582 2124 4636; x_wconf 89' lang='lat' dir='ltr'><strong>dicit</strong></span> <span class='ocrx_word' id='word_1_701' title='bbox 2162 4591 2345 4650; x_wconf 88' lang='lat' dir='ltr'><strong>caput,</strong></span> <span class='ocrx_word' id='word_1_702' title='bbox 2381 4588 2439 4634; x_wconf 88' lang='lat' dir='ltr'><strong>et</strong></span> <span class='ocrx_word' id='word_1_703' title='bbox 2474 4578 2724 4643; x_wconf 89' lang='lat' dir='ltr'><strong>caudam,</strong></span> <span class='ocrx_word' id='word_1_704' title='bbox 2768 4578 2921 4646; x_wconf 83' lang='lat' dir='ltr'><strong>juxta</strong></span> <span class='ocrx_word' id='word_1_705' title='bbox 2959 4591 3083 4632; x_wconf 89' lang='lat' dir='ltr'><strong>eum</strong></span> <span class='ocrx_word' id='word_1_706' title='bbox 3133 4591 3351 4632; x_wconf 89' lang='lat' dir='ltr'><strong>sensum</strong></span> <span class='ocrx_word' id='word_1_707' title='bbox 3409 4590 3570 4646; x_wconf 87' lang='lat' dir='ltr'><strong>quem</strong></span> 
     </span>
    </p>
   </div>
   <div class='ocr_carea' id='block_1_95' title="bbox 298 4643 1894 4743">
    <p class='ocr_par' dir='ltr' id='par_1_95' title="bbox 298 4643 1889 4729">
     <span class='ocr_line' id='line_1_95' title="bbox 298 4643 1889 4729; baseline 0.013 -37"><span class='ocrx_word' id='word_1_708' title='bbox 298 4643 506 4718; x_wconf 71' lang='grc' dir='ltr'><strong>ἀνέστη</strong></span> <span class='ocrx_word' id='word_1_709' title='bbox 569 4645 771 4711; x_wconf 83' lang='grc' dir='ltr'><strong>Ἰούδας</strong></span> <span class='ocrx_word' id='word_1_710' title='bbox 814 4649 843 4701; x_wconf 88' lang='grc' dir='ltr'><strong>ό</strong></span> <span class='ocrx_word' id='word_1_711' title='bbox 882 4648 1185 4717; x_wconf 81' lang='grc' dir='ltr'><strong>Γαλιλαῖος,</strong></span> <span class='ocrx_word' id='word_1_712' title='bbox 1227 4654 1285 4706; x_wconf 81' lang='grc' dir='ltr'><strong>ὲν</strong></span> <span class='ocrx_word' id='word_1_713' title='bbox 1335 4656 1456 4718; x_wconf 82' lang='grc' dir='ltr'><strong>ταῖς</strong></span> <span class='ocrx_word' id='word_1_714' title='bbox 1508 4655 1744 4727; x_wconf 81' lang='grc' dir='ltr'><strong>ἡμέραις</strong></span> <span class='ocrx_word' id='word_1_715' title='bbox 1787 4658 1889 4729; x_wconf 81' lang='grc' dir='ltr'><strong>τῆς</strong></span> 
     </span>
    </p>
   </div>
   <div class='ocr_carea' id='block_1_96' title="bbox 1998 4643 3574 4743">
    <p class='ocr_par' dir='ltr' id='par_1_96' title="bbox 1998 4643 3574 4739">
     <span class='ocr_line' id='line_1_96' title="bbox 1998 4643 3574 4739; baseline -0.004 -11"><span class='ocrx_word' id='word_1_716' title='bbox 1998 4689 2135 4729; x_wconf 78' lang='lat' dir='ltr'><strong>nunc</strong></span> <span class='ocrx_word' id='word_1_717' title='bbox 2173 4643 2524 4729; x_wconf 78' lang='lat' dir='ltr'><strong>reddidimus.</strong></span> <span class='ocrx_word' id='word_1_718' title='bbox 2561 4643 2912 4727; x_wconf 39' lang='lat' dir='ltr'><strong>Verum—fore</strong></span> <span class='ocrx_word' id='word_1_719' title='bbox 2963 4667 3117 4734; x_wconf 86' lang='lat' dir='ltr'><strong>dicit.</strong></span> <span class='ocrx_word' id='word_1_720' title='bbox 3166 4669 3256 4739; x_wconf 91' lang='lat' dir='ltr'><strong>qui</strong></span> <span class='ocrx_word' id='word_1_721' title='bbox 3299 4643 3444 4723; x_wconf 75' lang='lat' dir='ltr'><strong>hunc</strong></span> <span class='ocrx_word' id='word_1_722' title='bbox 3480 4683 3574 4737; x_wconf 78' lang='lat' dir='ltr'><strong>po-</strong></span> 
     </span>
    </p>
   </div>
   <div class='ocr_carea' id='block_1_97' title="bbox 297 4735 1887 4813">
    <p class='ocr_par' dir='ltr' id='par_1_97' title="bbox 297 4735 1887 4813">
     <span class='ocr_line' id='line_1_97' title="bbox 297 4735 1887 4813; baseline 0.011 -24"><span class='ocrx_word' id='word_1_723' title='bbox 297 4735 656 4809; x_wconf 77' lang='grc' dir='ltr'><strong>ἀπογραφῆς,</strong></span> <span class='ocrx_word' id='word_1_724' title='bbox 706 4739 801 4793; x_wconf 70' lang='grc' dir='ltr'><strong>καὶ</strong></span> <span class='ocrx_word' id='word_1_725' title='bbox 845 4739 1126 4813; x_wconf 73' lang='grc' dir='ltr'><strong>ἀπέστησε</strong></span> <span class='ocrx_word' id='word_1_726' title='bbox 1172 4743 1299 4798; x_wconf 86' lang='grc' dir='ltr'><strong>λαὸν</strong></span> <span class='ocrx_word' id='word_1_727' title='bbox 1349 4745 1525 4800; x_wconf 83' lang='grc' dir='ltr'><strong>ὀπίσω</strong></span> <span class='ocrx_word' id='word_1_728' title='bbox 1552 4748 1734 4803; x_wconf 82' lang='grc' dir='ltr'><strong>αὐτοῦ.</strong></span> <span class='ocrx_word' id='word_1_729' title='bbox 1771 4749 1887 4806; x_wconf 81' lang='grc' dir='ltr'><strong>Κόι-</strong></span> 
     </span>
    </p>
   </div>
   <div class='ocr_carea' id='block_1_98' title="bbox 297 4827 1886 4911">
    <p class='ocr_par' dir='ltr' id='par_1_98' title="bbox 297 4827 1886 4911">
     <span class='ocr_line' id='line_1_98' title="bbox 297 4827 1886 4911; baseline 0.009 -32"><span class='ocrx_word' id='word_1_730' title='bbox 297 4829 480 4890; x_wconf 83' lang='grc' dir='ltr'><strong>κεῖνος</strong></span> <span class='ocrx_word' id='word_1_731' title='bbox 536 4827 809 4893; x_wconf 81' lang='grc' dir='ltr'><strong>ἀπώλετο,</strong></span> <span class='ocrx_word' id='word_1_732' title='bbox 864 4830 963 4885; x_wconf 78' lang='grc' dir='ltr'><strong>καὶ</strong></span> <span class='ocrx_word' id='word_1_733' title='bbox 1011 4832 1213 4897; x_wconf 84' lang='grc' dir='ltr'><strong>πάντες</strong></span> <span class='ocrx_word' id='word_1_734' title='bbox 1260 4834 1376 4891; x_wconf 80' lang='grc' dir='ltr'><strong>ὅσοι</strong></span> <span class='ocrx_word' id='word_1_735' title='bbox 1428 4837 1706 4893; x_wconf 73' lang='grc' dir='ltr'><strong>ἐπείθοντο</strong></span> <span class='ocrx_word' id='word_1_736' title='bbox 1736 4840 1886 4911; x_wconf 82' lang='grc' dir='ltr'><strong>αὐτῷ</strong></span> 
     </span>
    </p>
   </div>
   <div class='ocr_carea' id='block_1_99' title="bbox 291 4917 1885 5000">
    <p class='ocr_par' dir='ltr' id='par_1_99' title="bbox 291 4917 1885 5000">
     <span class='ocr_line' id='line_1_99' title="bbox 291 4917 1885 5000; baseline 0.009 -30"><span class='ocrx_word' id='word_1_737' title='bbox 291 4917 819 4991; x_wconf 81' lang='grc' dir='ltr'><strong>διεσκορπίσθησαν.</strong></span> <span class='ocrx_word' id='word_1_738' title='bbox 859 4940 878 4973; x_wconf 73' lang='grc' dir='ltr'><strong>ι</strong></span> <span class='ocrx_word' id='word_1_739' title='bbox 913 4922 1399 4996; x_wconf 75' lang='grc' dir='ltr'><strong>Ἀφαιρεθήσεσθαι</strong></span> <span class='ocrx_word' id='word_1_740' title='bbox 1423 4928 1604 4982; x_wconf 87' lang='grc' dir='ltr'><strong>τοίνυν</strong></span> <span class='ocrx_word' id='word_1_741' title='bbox 1631 4933 1766 5000; x_wconf 71' lang='grc' dir='ltr'><strong>φησι</strong></span> <span class='ocrx_word' id='word_1_742' title='bbox 1789 4948 1885 4987; x_wconf 80' lang='grc' dir='ltr'><strong>κε·-</strong></span> 
     </span>
    </p>
   </div>
   <div class='ocr_carea' id='block_1_100' title="bbox 296 5009 1906 5098">
    <p class='ocr_par' dir='ltr' id='par_1_100' title="bbox 296 5009 1906 5098">
     <span class='ocr_line' id='line_1_100' title="bbox 296 5009 1906 5098; baseline 0.011 -37"><span class='ocrx_word' id='word_1_743' title='bbox 296 5009 478 5081; x_wconf 78' lang='grc' dir='ltr'><strong>φαλὴν</strong></span> <span class='ocrx_word' id='word_1_744' title='bbox 535 5010 632 5064; x_wconf 80' lang='grc' dir='ltr'><strong>καὶ</strong></span> <span class='ocrx_word' id='word_1_745' title='bbox 684 5010 888 5084; x_wconf 75' lang='grc' dir='ltr'><strong>οὐρὰν,</strong></span> <span class='ocrx_word' id='word_1_746' title='bbox 933 5015 1078 5070; x_wconf 81' lang='grc' dir='ltr'><strong>κατά</strong></span> <span class='ocrx_word' id='word_1_747' title='bbox 1118 5032 1183 5084; x_wconf 89' lang='grc' dir='ltr'><strong>γε</strong></span> <span class='ocrx_word' id='word_1_748' title='bbox 1226 5017 1327 5090; x_wconf 80' lang='grc' dir='ltr'><strong>τὴν</strong></span> <span class='ocrx_word' id='word_1_749' title='bbox 1377 5019 1579 5089; x_wconf 78' lang='grc' dir='ltr'><strong>ἀρτίως</strong></span> <span class='ocrx_word' id='word_1_750' title='bbox 1617 5023 1749 5091; x_wconf 80' lang='grc' dir='ltr'><strong>ἡμῖν</strong></span> <span class='ocrx_word' id='word_1_751' title='bbox 1768 5039 1906 5098; x_wconf 82' lang='grc' dir='ltr'><strong>προ-</strong></span> 
     </span>
    </p>
   </div>
   <div class='ocr_carea' id='block_1_101' title="bbox 290 5109 1923 5195">
    <p class='ocr_par' dir='ltr' id='par_1_101' title="bbox 290 5109 1923 5195">
     <span class='ocr_line' id='line_1_101' title="bbox 290 5109 1923 5195; baseline 0.014 -32"><span class='ocrx_word' id='word_1_752' title='bbox 290 5109 655 5167; x_wconf 59' lang='lat' dir='ltr'><strong>«meum</strong></span> <span class='ocrx_word' id='word_1_753' title='bbox 699 5111 960 5170; x_wconf 84' lang='grc' dir='ltr'><strong>διάνοιαν.</strong></span> <span class='ocrx_word' id='word_1_754' title='bbox 1012 5117 1158 5190; x_wconf 82' lang='grc' dir='ltr'><strong>Πλὴν</strong></span> <span class='ocrx_word' id='word_1_755' title='bbox 1198 5122 1325 5184; x_wconf 84' lang='grc' dir='ltr'><strong>τοὺς</strong></span> <span class='ocrx_word' id='word_1_756' title='bbox 1367 5125 1770 5195; x_wconf 78' lang='grc' dir='ltr'><strong>μακαρίζοντας</strong></span> <span class='ocrx_word' id='word_1_757' title='bbox 1789 5137 1883 5192; x_wconf 76' lang='grc' dir='ltr'><strong>τὸν</strong></span> <span class='ocrx_word' id='word_1_758' title='bbox 1906 5178 1923 5186; x_wconf 83' lang='lat'><strong>-</strong></span> 
     </span>
    </p>
   </div>
   <div class='ocr_carea' id='block_1_102' title="bbox 288 5217 1878 5304">
    <p class='ocr_par' dir='ltr' id='par_1_102' title="bbox 288 5217 1878 5304">
     <span class='ocr_line' id='line_1_102' title="bbox 288 5217 1878 5304; baseline 0.016 -34"><span class='ocrx_word' id='word_1_759' title='bbox 288 5217 426 5272; x_wconf 68' lang='grc' dir='ltr'><strong>λαὸν</strong></span> <span class='ocrx_word' id='word_1_760' title='bbox 466 5218 659 5275; x_wconf 86' lang='grc' dir='ltr'><strong>τοῦτον</strong></span> <span class='ocrx_word' id='word_1_761' title='bbox 697 5222 1019 5290; x_wconf 86' lang='grc' dir='ltr'><strong>πλανῶντας</strong></span> <span class='ocrx_word' id='word_1_762' title='bbox 1064 5226 1283 5285; x_wconf 83' lang='grc' dir='ltr'><strong>ἔσεσθαί</strong></span> <span class='ocrx_word' id='word_1_763' title='bbox 1337 5249 1490 5304; x_wconf 85' lang='grc' dir='ltr'><strong>φησι,</strong></span> <span class='ocrx_word' id='word_1_764' title='bbox 1523 5236 1617 5290; x_wconf 69' lang='grc' dir='ltr'><strong>καὶ</strong></span> <span class='ocrx_word' id='word_1_765' title='bbox 1660 5239 1878 5295; x_wconf 83' lang='grc' dir='ltr'><strong>πλανῶ-</strong></span> 
     </span>
    </p>
   </div>
   <div class='ocr_carea' id='block_1_103' title="bbox 292 5313 1876 5398">
    <p class='ocr_par' dir='ltr' id='par_1_103' title="bbox 292 5313 1876 5398">
     <span class='ocr_line' id='line_1_103' title="bbox 292 5313 1876 5398; baseline 0.015 -33"><span class='ocrx_word' id='word_1_766' title='bbox 292 5329 385 5366; x_wconf 84' lang='grc' dir='ltr'><strong>σιν</strong></span> <span class='ocrx_word' id='word_1_767' title='bbox 421 5313 569 5378; x_wconf 77' lang='grc' dir='ltr'><strong>ὅπως</strong></span> <span class='ocrx_word' id='word_1_768' title='bbox 604 5318 950 5374; x_wconf 85' lang='grc' dir='ltr'><strong>καταπίωσιν</strong></span> <span class='ocrx_word' id='word_1_769' title='bbox 984 5321 1203 5387; x_wconf 83' lang='grc' dir='ltr'><strong>αὐτούς·</strong></span> <span class='ocrx_word' id='word_1_770' title='bbox 1246 5326 1294 5378; x_wconf 82' lang='grc' dir='ltr'><strong>οἱ</strong></span> <span class='ocrx_word' id='word_1_771' title='bbox 1332 5326 1440 5398; x_wconf 78' lang='grc' dir='ltr'><strong>γὰρ</strong></span> <span class='ocrx_word' id='word_1_772' title='bbox 1469 5327 1577 5381; x_wconf 88' lang='grc' dir='ltr'><strong>τῶν</strong></span> <span class='ocrx_word' id='word_1_773' title='bbox 1609 5331 1876 5389; x_wconf 81' lang='grc' dir='ltr'><strong>Ἰουδαίων</strong></span> 
     </span>
    </p>
   </div>
   <div class='ocr_carea' id='block_1_104' title="bbox 287 5405 1876 5494">
    <p class='ocr_par' dir='ltr' id='par_1_104' title="bbox 287 5405 1876 5494">
     <span class='ocr_line' id='line_1_104' title="bbox 287 5405 1876 5494; baseline 0.012 -35"><span class='ocrx_word' id='word_1_774' title='bbox 287 5405 608 5478; x_wconf 76' lang='grc' dir='ltr'><strong>καθηγηταὶ</strong></span> <span class='ocrx_word' id='word_1_775' title='bbox 649 5408 748 5480; x_wconf 81' lang='grc' dir='ltr'><strong>τὴν</strong></span> <span class='ocrx_word' id='word_1_776' title='bbox 801 5410 953 5482; x_wconf 86' lang='grc' dir='ltr'><strong>ἱεράν</strong></span> <span class='ocrx_word' id='word_1_777' title='bbox 1002 5428 1063 5465; x_wconf 86' lang='grc' dir='ltr'><strong>τε</strong></span> <span class='ocrx_word' id='word_1_778' title='bbox 1112 5414 1206 5467; x_wconf 77' lang='grc' dir='ltr'><strong>καὶ</strong></span> <span class='ocrx_word' id='word_1_779' title='bbox 1254 5414 1405 5469; x_wconf 87' lang='grc' dir='ltr'><strong>θείαν</strong></span> <span class='ocrx_word' id='word_1_780' title='bbox 1456 5424 1876 5494; x_wconf 81' lang='grc' dir='ltr'><strong>πεπιστευμένοι</strong></span> 
     </span>
    </p>
   </div>
   <div class='ocr_carea' id='block_1_105' title="bbox 246 5500 1875 5583">
    <p class='ocr_par' dir='ltr' id='par_1_105' title="bbox 246 5500 1875 5583">
     <span class='ocr_line' id='line_1_105' title="bbox 246 5500 1875 5583; baseline 0.012 -33"><span class='ocrx_word' id='word_1_781' title='bbox 246 5572 251 5583; x_wconf 22' lang='grc' dir='ltr'><strong>ν</strong></span> <span class='ocrx_word' id='word_1_782' title='bbox 286 5500 521 5571; x_wconf 79' lang='grc' dir='ltr'><strong>σκηνὴν,</strong></span> <span class='ocrx_word' id='word_1_783' title='bbox 562 5502 784 5566; x_wconf 74' lang='grc' dir='ltr'><strong>καὶτὰς</strong></span> <span class='ocrx_word' id='word_1_784' title='bbox 822 5504 964 5557; x_wconf 85' lang='grc' dir='ltr'><strong>κατὰ</strong></span> <span class='ocrx_word' id='word_1_785' title='bbox 995 5504 1194 5575; x_wconf 86' lang='grc' dir='ltr'><strong>νόμους</strong></span> <span class='ocrx_word' id='word_1_786' title='bbox 1224 5505 1415 5573; x_wconf 88' lang='grc' dir='ltr'><strong>θυσίας</strong></span> <span class='ocrx_word' id='word_1_787' title='bbox 1448 5512 1714 5567; x_wconf 80' lang='grc' dir='ltr'><strong>ἐπιτελεῖν</strong></span> <span class='ocrx_word' id='word_1_788' title='bbox 1758 5517 1875 5569; x_wconf 85' lang='grc' dir='ltr'><strong>ὲπι-</strong></span> 
     </span>
    </p>
   </div>
   <div class='ocr_carea' id='block_1_106' title="bbox 286 5592 1874 5671">
    <p class='ocr_par' dir='ltr' id='par_1_106' title="bbox 286 5592 1874 5671">
     <span class='ocr_line' id='line_1_106' title="bbox 286 5592 1874 5671; baseline 0.011 -27"><span class='ocrx_word' id='word_1_789' title='bbox 286 5592 640 5662; x_wconf 79' lang='grc' dir='ltr'><strong>τεταγμένοι,</strong></span> <span class='ocrx_word' id='word_1_790' title='bbox 699 5593 1042 5666; x_wconf 79' lang='grc' dir='ltr'><strong>προῦτρεπον</strong></span> <span class='ocrx_word' id='word_1_791' title='bbox 1086 5599 1166 5661; x_wconf 85' lang='grc' dir='ltr'><strong>είς</strong></span> <span class='ocrx_word' id='word_1_792' title='bbox 1218 5599 1553 5671; x_wconf 76' lang='grc' dir='ltr'><strong>δωροφορίας</strong></span> <span class='ocrx_word' id='word_1_793' title='bbox 1597 5608 1724 5669; x_wconf 76' lang='grc' dir='ltr'><strong>τοὺς</strong></span> <span class='ocrx_word' id='word_1_794' title='bbox 1766 5607 1874 5661; x_wconf 81' lang='grc' dir='ltr'><strong>ὑπὸ</strong></span> 
     </span>
    </p>
   </div>
   <div class='ocr_carea' id='block_1_107' title="bbox 386 5742 826 5809">
    <p class='ocr_par' dir='ltr' id='par_1_107' title="bbox 386 5742 826 5809">
     <span class='ocr_line' id='line_1_107' title="bbox 386 5742 826 5809; baseline -0.009 -8"><span class='ocrx_word' id='word_1_795' title='bbox 386 5746 402 5775; x_wconf 81' lang='grc'><strong><em>⁸</em></strong></span> <span class='ocrx_word' id='word_1_796' title='bbox 431 5746 555 5801; x_wconf 79' lang='lat' dir='ltr'><strong>Act.</strong></span> <span class='ocrx_word' id='word_1_797' title='bbox 582 5759 655 5809; x_wconf 71' lang='grc' dir='ltr'><strong>ιν,</strong></span> <span class='ocrx_word' id='word_1_798' title='bbox 675 5742 826 5798; x_wconf 81' lang='lat' dir='ltr'><strong>8-l0.</strong></span> 
     </span>
    </p>
   </div>
   <div class='ocr_carea' id='block_1_108' title="bbox 1992 4763 3574 4839">
    <p class='ocr_par' dir='ltr' id='par_1_108' title="bbox 1992 4763 3574 4839">
     <span class='ocr_line' id='line_1_108' title="bbox 1992 4763 3574 4839; baseline -0.004 -17"><span class='ocrx_word' id='word_1_799' title='bbox 1992 4766 2174 4839; x_wconf 89' lang='lat' dir='ltr'><strong>pulum</strong></span> <span class='ocrx_word' id='word_1_800' title='bbox 2203 4766 2415 4821; x_wconf 85' lang='lat' dir='ltr'><strong>felicem</strong></span> <span class='ocrx_word' id='word_1_801' title='bbox 2447 4764 2764 4836; x_wconf 67' lang='lat' dir='ltr'><strong>praedicent,</strong></span> <span class='ocrx_word' id='word_1_802' title='bbox 2811 4763 3156 4828; x_wconf 86' lang='lat' dir='ltr'><strong>seducentes,</strong></span> <span class='ocrx_word' id='word_1_803' title='bbox 3211 4772 3268 4817; x_wconf 91' lang='lat' dir='ltr'><strong>et</strong></span> <span class='ocrx_word' id='word_1_804' title='bbox 3318 4764 3574 4818; x_wconf 81' lang='lat' dir='ltr'><strong>seductu-</strong></span> 
     </span>
    </p>
   </div>
   <div class='ocr_carea' id='block_1_109' title="bbox 1992 4853 3572 4926">
    <p class='ocr_par' dir='ltr' id='par_1_109' title="bbox 1992 4853 3572 4926">
     <span class='ocr_line' id='line_1_109' title="bbox 1992 4853 3572 4926; baseline -0.006 -12"><span class='ocrx_word' id='word_1_805' title='bbox 1992 4876 2102 4926; x_wconf 91' lang='lat' dir='ltr'><strong>ros,</strong></span> <span class='ocrx_word' id='word_1_806' title='bbox 2139 4869 2197 4913; x_wconf 88' lang='lat' dir='ltr'><strong>ut</strong></span> <span class='ocrx_word' id='word_1_807' title='bbox 2246 4857 2576 4914; x_wconf 84' lang='lat' dir='ltr'><strong>absorbeant</strong></span> <span class='ocrx_word' id='word_1_808' title='bbox 2619 4871 2731 4910; x_wconf 87' lang='lat' dir='ltr'><strong>eos.</strong></span> <span class='ocrx_word' id='word_1_809' title='bbox 2766 4853 3078 4911; x_wconf 68' lang='lat' dir='ltr'><strong>Iudaeorum</strong></span> <span class='ocrx_word' id='word_1_810' title='bbox 3118 4855 3262 4911; x_wconf 86' lang='lat' dir='ltr'><strong>enim</strong></span> <span class='ocrx_word' id='word_1_811' title='bbox 3297 4868 3572 4923; x_wconf 77' lang='lat' dir='ltr'><strong>proceres.</strong></span> 
     </span>
    </p>
   </div>
   <div class='ocr_carea' id='block_1_110' title="bbox 1991 4947 3567 5023">
    <p class='ocr_par' dir='ltr' id='par_1_110' title="bbox 1991 4947 3567 5023">
     <span class='ocr_line' id='line_1_110' title="bbox 1991 4947 3567 5023; baseline -0.007 -16"><span class='ocrx_word' id='word_1_812' title='bbox 1991 4955 2187 5023; x_wconf 85' lang='lat' dir='ltr'><strong>quibus</strong></span> <span class='ocrx_word' id='word_1_813' title='bbox 2234 4966 2448 5007; x_wconf 87' lang='lat' dir='ltr'><strong>sacrum</strong></span> <span class='ocrx_word' id='word_1_814' title='bbox 2511 4948 2856 5017; x_wconf 81' lang='lat' dir='ltr'><strong>divinumque</strong></span> <span class='ocrx_word' id='word_1_815' title='bbox 2895 4947 3302 5003; x_wconf 87' lang='lat' dir='ltr'><strong>tabernaculum</strong></span> <span class='ocrx_word' id='word_1_816' title='bbox 3341 4961 3567 5001; x_wconf 86' lang='lat' dir='ltr'><strong>concre-</strong></span> 
     </span>
    </p>
   </div>
   <div class='ocr_carea' id='block_1_111' title="bbox 1991 5033 3565 5110">
    <p class='ocr_par' dir='ltr' id='par_1_111' title="bbox 1991 5033 3565 5110">
     <span class='ocr_line' id='line_1_111' title="bbox 1991 5033 3565 5110; baseline -0.008 -13"><span class='ocrx_word' id='word_1_817' title='bbox 1991 5044 2163 5098; x_wconf 89' lang='lat' dir='ltr'><strong>ditutn</strong></span> <span class='ocrx_word' id='word_1_818' title='bbox 2198 5051 2303 5108; x_wconf 89' lang='lat' dir='ltr'><strong>est,</strong></span> <span class='ocrx_word' id='word_1_819' title='bbox 2335 5050 2392 5095; x_wconf 87' lang='lat' dir='ltr'><strong>et</strong></span> <span class='ocrx_word' id='word_1_820' title='bbox 2425 5038 2517 5110; x_wconf 89' lang='lat' dir='ltr'><strong>qui</strong></span> <span class='ocrx_word' id='word_1_821' title='bbox 2548 5038 2615 5092; x_wconf 88' lang='lat' dir='ltr'><strong>ad</strong></span> <span class='ocrx_word' id='word_1_822' title='bbox 2648 5036 2917 5092; x_wconf 80' lang='lat' dir='ltr'><strong>sacriﬁcia</strong></span> <span class='ocrx_word' id='word_1_823' title='bbox 2939 5036 3093 5104; x_wconf 80' lang='lat' dir='ltr'><strong>juxta</strong></span> <span class='ocrx_word' id='word_1_824' title='bbox 3121 5034 3291 5105; x_wconf 78' lang='lat' dir='ltr'><strong>legem</strong></span> <span class='ocrx_word' id='word_1_825' title='bbox 3320 5033 3565 5087; x_wconf 79' lang='lat' dir='ltr'><strong>facienda</strong></span> 
     </span>
    </p>
   </div>
   <div class='ocr_carea' id='block_1_112' title="bbox 1990 5126 3564 5212">
    <p class='ocr_par' dir='ltr' id='par_1_112' title="bbox 1990 5126 3564 5212">
     <span class='ocr_line' id='line_1_112' title="bbox 1990 5126 3564 5212; baseline -0.007 -22"><span class='ocrx_word' id='word_1_826' title='bbox 1990 5134 2271 5190; x_wconf 88' lang='lat' dir='ltr'><strong>constituti</strong></span> <span class='ocrx_word' id='word_1_827' title='bbox 2292 5142 2465 5197; x_wconf 88' lang='lat' dir='ltr'><strong>erant,</strong></span> <span class='ocrx_word' id='word_1_828' title='bbox 2496 5131 2751 5204; x_wconf 89' lang='lat' dir='ltr'><strong>populum</strong></span> <span class='ocrx_word' id='word_1_829' title='bbox 2784 5129 2885 5184; x_wconf 87' lang='lat' dir='ltr'><strong>sibi</strong></span> <span class='ocrx_word' id='word_1_830' title='bbox 2918 5128 3189 5212; x_wconf 82' lang='lat' dir='ltr'><strong>subditum</strong></span> <span class='ocrx_word' id='word_1_831' title='bbox 3217 5127 3283 5181; x_wconf 92' lang='lat' dir='ltr'><strong>ad</strong></span> <span class='ocrx_word' id='word_1_832' title='bbox 3299 5126 3564 5181; x_wconf 89' lang='lat' dir='ltr'><strong>donorum</strong></span> 
     </span>
    </p>
   </div>
   <div class='ocr_carea' id='block_1_113' title="bbox 1990 5215 3558 5285">
    <p class='ocr_par' dir='ltr' id='par_1_113' title="bbox 1990 5215 3558 5285">
     <span class='ocr_line' id='line_1_113' title="bbox 1990 5215 3558 5285; baseline -0.002 -13"><span class='ocrx_word' id='word_1_833' title='bbox 1990 5221 2289 5277; x_wconf 79' lang='lat' dir='ltr'><strong>oblationes</strong></span> <span class='ocrx_word' id='word_1_834' title='bbox 2314 5220 2763 5285; x_wconf 88' lang='lat' dir='ltr'><strong>cohortabantur,</strong></span> <span class='ocrx_word' id='word_1_835' title='bbox 2803 5218 2993 5271; x_wconf 87' lang='lat' dir='ltr'><strong>beatos</strong></span> <span class='ocrx_word' id='word_1_836' title='bbox 3022 5230 3116 5271; x_wconf 89' lang='lat' dir='ltr'><strong>eos</strong></span> <span class='ocrx_word' id='word_1_837' title='bbox 3142 5215 3386 5270; x_wconf 89' lang='lat' dir='ltr'><strong>dicentes</strong></span> <span class='ocrx_word' id='word_1_838' title='bbox 3419 5229 3558 5278; x_wconf 90' lang='lat' dir='ltr'><strong>esse.</strong></span> 
     </span>
    </p>
   </div>
   <div class='ocr_carea' id='block_1_114' title="bbox 1991 5307 3571 5383">
    <p class='ocr_par' dir='ltr' id='par_1_114' title="bbox 1991 5307 3571 5383">
     <span class='ocr_line' id='line_1_114' title="bbox 1991 5307 3571 5383; baseline -0.004 -15"><span class='ocrx_word' id='word_1_839' title='bbox 1991 5316 2037 5368; x_wconf 89' lang='lat' dir='ltr'><strong>si</strong></span> <span class='ocrx_word' id='word_1_840' title='bbox 2089 5313 2302 5369; x_wconf 83' lang='lat' dir='ltr'><strong>abunde</strong></span> <span class='ocrx_word' id='word_1_841' title='bbox 2343 5321 2572 5383; x_wconf 85' lang='lat' dir='ltr'><strong>utraque</strong></span> <span class='ocrx_word' id='word_1_842' title='bbox 2602 5325 2762 5366; x_wconf 88' lang='lat' dir='ltr'><strong>manu</strong></span> <span class='ocrx_word' id='word_1_843' title='bbox 2809 5307 3101 5372; x_wconf 78' lang='lat' dir='ltr'><strong>oﬁ&#39;errent,</strong></span> <span class='ocrx_word' id='word_1_844' title='bbox 3158 5307 3320 5378; x_wconf 90' lang='lat' dir='ltr'><strong>idque</strong></span> <span class='ocrx_word' id='word_1_845' title='bbox 3368 5310 3571 5363; x_wconf 86' lang='lat' dir='ltr'><strong>acriter</strong></span> 
     </span>
    </p>
   </div>
   <div class='ocr_carea' id='block_1_115' title="bbox 1992 5400 3567 5474">
    <p class='ocr_par' dir='ltr' id='par_1_115' title="bbox 1992 5400 3567 5474">
     <span class='ocr_line' id='line_1_115' title="bbox 1992 5400 3567 5474; baseline -0.003 -14"><span class='ocrx_word' id='word_1_846' title='bbox 1992 5407 2332 5470; x_wconf 87' lang='lat' dir='ltr'><strong>factitabant,</strong></span> <span class='ocrx_word' id='word_1_847' title='bbox 2374 5422 2481 5461; x_wconf 91' lang='lat' dir='ltr'><strong>non</strong></span> <span class='ocrx_word' id='word_1_848' title='bbox 2525 5404 2801 5474; x_wconf 81' lang='lat' dir='ltr'><strong>religionis</strong></span> <span class='ocrx_word' id='word_1_849' title='bbox 2844 5417 2971 5472; x_wconf 75' lang='lat' dir='ltr'><strong>erga</strong></span> <span class='ocrx_word' id='word_1_850' title='bbox 3027 5400 3193 5456; x_wconf 87' lang='lat' dir='ltr'><strong>Deum</strong></span> <span class='ocrx_word' id='word_1_851' title='bbox 3245 5416 3375 5456; x_wconf 90' lang='lat' dir='ltr'><strong>cura</strong></span> <span class='ocrx_word' id='word_1_852' title='bbox 3414 5403 3567 5469; x_wconf 79' lang='lat' dir='ltr'><strong>tacti,</strong></span> 
     </span>
    </p>
   </div>
   <div class='ocr_carea' id='block_1_116' title="bbox 1993 5493 3566 5569">
    <p class='ocr_par' dir='ltr' id='par_1_116' title="bbox 1993 5493 3566 5569">
     <span class='ocr_line' id='line_1_116' title="bbox 1993 5493 3566 5569; baseline -0.003 -16"><span class='ocrx_word' id='word_1_853' title='bbox 1993 5499 2086 5553; x_wconf 88' lang='lat' dir='ltr'><strong>sed</strong></span> <span class='ocrx_word' id='word_1_854' title='bbox 2121 5515 2277 5554; x_wconf 88' lang='lat' dir='ltr'><strong>suum</strong></span> <span class='ocrx_word' id='word_1_855' title='bbox 2308 5507 2574 5569; x_wconf 68' lang='lat' dir='ltr'><strong>quaestum</strong></span> <span class='ocrx_word' id='word_1_856' title='bbox 2606 5506 2935 5567; x_wconf 89' lang='lat' dir='ltr'><strong>spectantes.</strong></span> <span class='ocrx_word' id='word_1_857' title='bbox 2962 5493 3071 5550; x_wconf 87' lang='lat' dir='ltr'><strong>llac</strong></span> <span class='ocrx_word' id='word_1_858' title='bbox 3102 5495 3334 5562; x_wconf 88' lang='lat' dir='ltr'><strong>ratione,</strong></span> <span class='ocrx_word' id='word_1_859' title='bbox 3367 5497 3566 5566; x_wconf 83' lang='lat' dir='ltr'><strong>inquit,</strong></span> 
     </span>
    </p>
   </div>
   <div class='ocr_carea' id='block_1_117' title="bbox 1993 5589 3568 5657">
    <p class='ocr_par' dir='ltr' id='par_1_117' title="bbox 1993 5589 3568 5657">
     <span class='ocr_line' id='line_1_117' title="bbox 1993 5589 3568 5657; baseline -0.001 -9"><span class='ocrx_word' id='word_1_860' title='bbox 1993 5593 2275 5657; x_wconf 87' lang='lat' dir='ltr'><strong>seducunt,</strong></span> <span class='ocrx_word' id='word_1_861' title='bbox 2310 5602 2368 5647; x_wconf 91' lang='lat' dir='ltr'><strong>ut</strong></span> <span class='ocrx_word' id='word_1_862' title='bbox 2398 5595 2723 5647; x_wconf 76' lang='lat' dir='ltr'><strong>absorbcant</strong></span> <span class='ocrx_word' id='word_1_863' title='bbox 2755 5606 2866 5646; x_wconf 90' lang='lat' dir='ltr'><strong>eos.</strong></span> <span class='ocrx_word' id='word_1_864' title='bbox 2906 5589 3041 5646; x_wconf 88' lang='lat' dir='ltr'><strong>Cum</strong></span> <span class='ocrx_word' id='word_1_865' title='bbox 3090 5589 3235 5646; x_wconf 89' lang='lat' dir='ltr'><strong>enim</strong></span> <span class='ocrx_word' id='word_1_866' title='bbox 3273 5590 3568 5647; x_wconf 87' lang='lat' dir='ltr'><strong>insatiabili</strong></span> 
     </span>
    </p>
   </div>
   <div class='ocr_carea' id='block_1_118' title="bbox 904 5742 2222 5811">
    <p class='ocr_par' dir='ltr' id='par_1_118' title="bbox 904 5742 2222 5811">
     <span class='ocr_line' id='line_1_118' title="bbox 904 5742 2222 5811; baseline 0.004 -15"><span class='ocrx_word' id='word_1_867' title='bbox 904 5744 923 5772; x_wconf 75' lang='lat'><strong><em>‘</em></strong></span> <span class='ocrx_word' id='word_1_868' title='bbox 951 5742 1104 5797; x_wconf 88' lang='lat' dir='ltr'><strong>Dcttt.</strong></span> <span class='ocrx_word' id='word_1_869' title='bbox 1147 5759 1183 5806; x_wconf 84' lang='grc' dir='ltr'><strong>ι,</strong></span> <span class='ocrx_word' id='word_1_870' title='bbox 1226 5744 1307 5797; x_wconf 78' lang='lat' dir='ltr'><strong>lli.</strong></span> <span class='ocrx_word' id='word_1_871' title='bbox 1388 5742 1407 5773; x_wconf 88' lang='grc'><strong>³</strong></span> <span class='ocrx_word' id='word_1_872' title='bbox 1435 5742 1567 5798; x_wconf 86' lang='lat' dir='ltr'><strong>ibid.</strong></span> <span class='ocrx_word' id='word_1_873' title='bbox 1598 5744 1677 5798; x_wconf 84' lang='grc' dir='ltr'><strong>Π.</strong></span> <span class='ocrx_word' id='word_1_874' title='bbox 1757 5746 1777 5777; x_wconf 67' lang='grc'>⁵</span> <span class='ocrx_word' id='word_1_875' title='bbox 1804 5746 1923 5802; x_wconf 82' lang='lat' dir='ltr'><strong>Act.</strong></span> <span class='ocrx_word' id='word_1_876' title='bbox 1956 5763 2006 5811; x_wconf 92' lang='lat' dir='ltr'><strong>v,</strong></span> <span class='ocrx_word' id='word_1_877' title='bbox 2037 5747 2222 5801; x_wconf 75' lang='lat'><strong>35-57.</strong></span> 
     </span>
    </p>
   </div>
  </div>
