4002 6212
387 321 451 377 ῖί
1338 316 1395 373 s.
1437 313 1709 370 cvntLLt
1750 311 2222 368 ALEXANDRINI
2266 309 2582 368 answer.
3500 312 3611 365 ετξ

349 430 665 487 divitiarum
698 427 993 499 cupiditate
1028 435 1359 490 tenerentur,
1410 435 1469 479 ut
1505 426 1638 490 dixi,
1682 439 1787 480 non
1829 424 1926 477 do-

2037 425 2182 493 χεῖρα
2233 421 2414 487 λαοὺς,
2479 420 2771 493 μακαρίους
2827 419 3023 484 αὐτοὺς
3057 417 3193 473 εἶναι
3238 419 3511 488 λέγοντες,
3557 426 3613 475 εί

346 521 831 595 cebant|popnlos,
867 520 1010 590 quod
1052 521 1357 589 oportebat,
1409 518 1676 588 implendo
1719 518 1918 587 legem,

2037 512 2359 585 προσάγοιεν
2401 510 2749 583 ἀμφιλαφῶς.
2799 510 3006 582 Ἐδρων
3057 509 3114 562 δὲ
3163 508 3320 562 τοῦτο
3369 512 3611 582 πικρῶς,

351 611 727 669 universitatis
757 610 924 664 Deum
960 608 1177 680 placare
1224 627 1238 662 :
1292 610 1386 663 sed
1436 608 1788 663 hortabantur
1829 621 1927 675 po-

2037 604 2094 657 οὐ
2122 604 2220 674 τῆς
2254 606 2333 666 είς
2367 603 2499 656 Θεὸν
2531 601 2711 665 αἰδοῦς
2747 600 3217 671 μεταποιούμενοι,
3244 600 3338 653 καὶ
3372 604 3612 670 πεφρον-

346 706 453 759 tius
483 704 722 758 utetiam
750 701 887 754 ultra
928 700 1210 755 facultates
1236 700 1597 755 oblationibus
1632 698 1873 752 colerent
1911 702 1923 737 ε

2037 694 2264 757 τικότες,
2303 694 2416 747 ἀλλ’
2449 697 2528 757 είς
2550 695 2647 756 τὰς
2680 694 2829 762 σφῶν
2870 692 3047 746 αὐτῶν
3081 691 3316 762 ὁρῶντες
3352 691 3609 763 φιλοκερ·

345 798 423 863 ob,
451 807 688 861 eamque
735 808 954 846 Causam
995 805 1166 860 neque
1222 790 1322 860 ipsi
1364 789 1521 845 ﬁdem
1568 788 1929 844 Christianam

2037 786 2169 848 δίας.
2198 786 2381 856 Ταύτῃ
2414 803 2516 847 τοι,
2550 786 2702 854 φησὶ,
2747 784 3038 845 πλανῶσιν,
3071 785 3218 847 ὅπως
3268 785 3613 838 καταπίωσιν

343 884 572 955 amplexi
597 894 740 949 sunt,
777 884 871 939 sed
910 881 1072 937 veluti
1095 882 1277 936 clauso
1320 895 1483 951 regno
1533 878 1810 943 caelorum,
1863 892 1931 932 ne

2037 874 2250 939 αὐτούς.
2328 874 2639 945 ’Δκόρεστοι
2700 874 2811 946 γάρ
2866 874 3037 937 ὄντες,
3093 874 3168 936 ὡς
3214 872 3382 943 ἔφην,
3429 875 3508 935 είς
3548 876 3614 927 τὸ

344 978 480 1031 alios
550 976 770 1045 quidem
848 990 912 1030 eo
997 972 1203 1043 ingredi
1276 972 1653 1042 permiserunt.
1716 968 1929 1023 Etenim

2037 966 2323 1037 βούλεσθαι
2363 968 2633 1024 πλουτεῖν.
2684 967 2782 1036 οὐχ
2829 966 2910 1019 ὅτι
2943 966 3231 1035 προσήκει,
3275 965 3365 1018 διὰ
3390 964 3484 1017 τοῦ
3518 964 3613 1018 τὸν

344 1066 591 1138 legalium
637 1068 821 1120 umbra
854 1064 1057 1128 deleta,
1107 1077 1162 1119 et
1206 1061 1510 1131 evangelica
1550 1059 1927 1130 praedicatione

2037 1060 2197 1129 νόμον
2231 1058 2447 1113 ἑλέσθαι
2474 1058 2732 1131 πληροῦν,
2757 1057 2849 1111 τὸν
2872 1055 2980 1109 τῶν
3002 1055 3136 1108 ὅλων
3170 1056 3434 1125 εὐφρᾶναι
3475 1055 3613 1107 Θεὸν

334 1168 595 1228 suscepta
627 1159 878 1213 sciebant
913 1158 1148 1228 typicum
1194 1164 1248 1210 et
1288 1162 1569 1210 cruentum
1601 1150 1803 1205 cultum
1834 1163 1926 1218 pe-

2037 1152 2306 1205 ἐδίδασκον
2352 1155 2478 1215 τοὺς
2521 1152 2717 1214 λαοὺςο
2777 1149 3115 1221 προῦτρεπον
3165 1147 3221 1199 δὲ
3273 1147 3471 1218 μᾶλλον
3510 1149 3609 1200 καὶ

320 1250 490 1304 .nitus
521 1258 880 1313 cessaturum,
928 1256 982 1301 et
1014 1249 1230 1301 invecto
1264 1244 1410 1299 cultu
1469 1241 1724 1312 spiritali,
1784 1240 1924 1295 desi-

2037 1245 2147 1305 ιαϊς
2215 1243 2354 1313 ὑπὲρ
2419 1243 2645 1313 δύναμιν
2705 1242 3130 1313 καταγεραίρειν
3196 1243 3608 1310 προσαγωγαίς.

341 1352 462 1394 tura
492 1340 785 1396 sacrificia.
818 1339 995 1407 Atque
1023 1338 1138 1391 haec
1173 1336 1390 1404 quidem
1419 1343 1538 1387 erat
1579 1331 1921 1400 inexplebilis

2037 1335 2247 1406 Ταύτης
2271 1335 2380 1407 γὰρ
2404 1336 2566 1389 ἕνεκα
2586 1335 2689 1405 τῆς
2712 1334 2911 1398 αἰτίας,
2941 1333 3067 1388 οὕτε
3088 1333 3245 1388 αὐτοὶ
3265 1333 3612 1404 προσήκαντο

352 1435 585 1501 ipsorum
618 1417 870 1486 avaritiae.
890 1431 1097 1499 integra
1124 1428 1355 1483 eversio.

2037 1425 2126 1497 τὴν
2178 1426 2362 1481 πίστιν
2410 1428 2511 1500 τὴν
2558 1430 2637 1492 είς
2684 1426 2951 1499 Χριστὸν,
2993 1426 3267 1490 κλείοντες
3308 1426 3366 1479 δὲ
3417 1424 3614 1494 ὥσπερ

356 1526 456 1595 τὴν
479 1524 752 1594 βασιλείαν
801 1522 909 1575 τῶν
958 1519 1235 1592 οὐρανῶν,
1295 1517 1401 1571 οὐδ’
1461 1516 1679 1586 ἐτέρους
1734 1512 1991 1567 εἰσελθεῖν
2045 1518 2526 1591 συγκεχωρήκασιν
2570 1517 2650 1581 είς
2698 1516 2888 1588 αὑτήν.
2940 1514 3177 1588 ’ῌδεσαν
3228 1514 3336 1586 γάρ
3377 1514 3459 1568 ὅτι
3508 1514 3613 1583 τῆς

350 1615 493 1670 κατά
550 1614 713 1684 νόμον
759 1612 1034 1683 ἀργούσης
1079 1613 1254 1673 σκιᾶς,
1305 1611 1398 1663 καὶ
1436 1609 1544 1661 τῶν
1577 1606 1947 1675 εὐαγγελικῶν
1981 1609 2352 1679 κηρυγμάτων
2379 1609 2820 1680 εἰσδεδεγμένων,
2853 1608 3195 1663 πεπαύσεται
3224 1609 3442 1672 πάντως
3475 1609 3509 1679 ἡ
3548 1608 3614 1659 ὲν

349 1710 541 1773 τύποις
596 1710 691 1764 καὶ
728 1708 793 1761 δι’
822 1706 1069 1777 αἱμάτων
1138 1705 1380 1775 λατρεία,
1415 1705 1712 1774 ἀργήσουσι
1752 1703 1810 1755 δὲ
1855 1702 1948 1757 καὶ
1991 1702 2193 1769 θυσίαι,
2239 1705 2339 1776 τῆς
2382 1706 2440 1759 ὲν
2483 1705 2752 1775 πνεύματι
2789 1705 3039 1778 λατρείας
3094 1706 3607 1776 εἰσκεκομισμένης.

354 1804 528 1858 Τοῦτο
571 1802 631 1856 δὲ
669 1802 949 1872 ἀναίρεσις
990 1798 1257 1865 παντελὴς
1305 1796 1405 1866 τῆς
1446 1795 1674 1866 ἐνούσης
1728 1796 1912 1858 αὐτοῖς
1938 1796 2232 1867 ἀκορέστου
2277 1799 2636 1871 φιλοκερδίας.

420 1898 585 1953 Vens.
622 1896 706 1949 l7.
756 1894 990 1949 Proinde
1042 1891 1320 1960 juvenibus
1357 1905 1536 1943 eorum
1560 1904 1663 1943 non
1694 1888 1926 1944 delecta-

2097 1894 2200 1947 Διά
2229 1893 2403 1947 τοῦτο
2431 1894 2531 1947 ἐπὶ
2580 1894 2723 1961 τοὺς
2756 1896 3117 1961 νεανίσκους
3140 1895 3338 1963 αὐτῷν
3364 1898 3473 1949 οὐκ
3510 1901 3616 1953 εὑ-

346 1992 490 2043 bitur
510 1987 677 2052 Deus,
704 1995 751 2041 et
774 1984 1095 2055 pupillorum
1129 1983 1380 2051 ipsorum,
1411 1990 1457 2034 et
1493 1980 1923 2047 eiduarumipso-

2037 1983 2437 2052 φρανθήσεται
2467 1989 2500 2039 ὁ
2523 1986 2685 2052 Θεὸς,
2723 1987 2819 2040 καὶ
2858 1986 2998 2053 τοὺς
3038 1984 3334 2055 ὀρφανοὺς
3373 1987 3574 2041 αὐτῶν
3595 2030 3611 2049 ,

343 2099 459 2136 runt
504 2097 606 2135 non
657 2076 1004 2139 miserebitur,
1043 2076 1169 2144 quia
1203 2089 1381 2127 omnes
1403 2072 1568 2141 iniqui
1613 2072 1924 2141 etintprobi,

2037 2071 2264 2138 καὶτὰς
2308 2074 2499 2142 χήρας
2528 2075 2734 2130 αὐτῶν
2772 2077 2884 2131 οὐκ
2941 2075 3209 2141 ἐλεήσει,
3257 2076 3345 2130 ὅτι
3388 2076 3619 2142 πάντες

342 2182 391 2227 et
421 2187 576 2227 omne
599 2187 656 2225 os
678 2169 911 2240 loquitur
938 2166 1158 2237 injusta.

416 2260 649 2316 Deducit
726 2273 821 2312 nos
888 2261 1183 2311 etiamnum
1253 2257 1372 2310 haec
1426 2256 1602 2309 oratio
1666 2252 1931 2324 exemplis

351 2352 680 2411 illustribus,
718 2352 782 2403 ad
812 2364 872 2403 ea
903 2364 1021 2414 qua:
1066 2363 1284 2402 sensum
1327 2346 1490 2417 166
1542 2346 1830 2409 excedunt,
1877 2354 1931 2398 et

342 2444 447 2498 sub
476 2440 882 2511 intelligentiam
908 2438 1170 2492 recidunt.
1201 2434 1434 2490 Juvenes
1461 2436 1605 2491 enim
1654 2436 1744 2490 hic
1775 2436 1926 2501 dicit,

347 2546 452 2586 non
487 2543 700 2597 semper
739 2526 946 2580 viribus
984 2525 1249 2593 corporis,
1303 2532 1395 2578 aut
1437 2524 1617 2579 carnis
1647 2525 1929 2592 pubertate

336 2622 625 2687 ﬂorentes,
666 2619 779 2689 sed
842 2618 1066 2672 denotat
1124 2615 1306 2670 verius
1372 2629 1466 2670 eos
1505 2614 1595 2685 qui
1649 2614 1816 2668 animi
1875 2624 1930 2667 et

350 2710 531 2765 cordis
594 2707 761 2763 robur
823 2705 1106 2775 spirituale
1177 2704 1403 2769 habent,
1442 2713 1500 2757 ut
1542 2701 1752 2773 possint
1778 2701 1932 2771 juve-

349 2802 446 2856 nili
479 2801 766 2856 alacritate
823 2807 966 2853 recte
995 2796 1145 2852 obire
1202 2809 1286 2860 ea,
1329 2794 1470 2850 unde
1509 2795 1746 2848 illuStres
1804 2807 1931 2847 eva-

353 2897 507 2957 dant,
553 2893 768 2961 Deoque
828 2888 1239 2957 spectatissimi,
1299 2886 1558 2956 omnique
1591 2898 1929 2957 generepra-

336 2988 532 3043 nhitatis
560 2984 842 3040 cumulati.
876 2981 976 3046 Qui
1005 2980 1107 3034 hac
1144 2987 1269 3033 sunt
1309 2976 1645 3042 habitudine,
1676 2990 1770 3032 eos
1797 2975 1931 3029 allo-

350 3082 535 3151 quitur
564 3080 727 3134 etiam
787 3079 975 3131 beatus
1031 3071 1291 3132 Joannes.
1340 3070 1589 3140 inquiens
1624 3087 1639 3124 :
1675 3089 1695 3122 ι
1739 3068 1930 3155 Scriba

349 3171 522 3235 vobis,
576 3168 970 3231 adolescentec,
1019 3165 1271 3233 quoniam
1316 3161 1489 3217 fortes
1526 3160 1679 3225 estis,
1708 3169 1763 3213 et
1791 3158 1927 3212 viei-

2029 2164 2240 2236 ἄνομοι
2262 2167 2361 2222 καὶ
2402 2167 2670 2235 πονηροὶ,
2702 2167 2801 2221 καὶ
2826 2166 2948 2223 πᾶν
2987 2168 3182 2237 στόμα
3207 2167 3390 2221 λαλεῖ
3410 2168 3615 2224 ἄδικα.

2112 2256 2405 2328 Ἀποφέρει
2424 2258 2518 2311 καὶ
2536 2256 2631 2312 νῦν
2652 2259 2681 2310 ὁ
2702 2258 2859 2326 λόγος
2879 2258 3047 2329 ἡμᾶς,
3067 2259 3131 2310 ὲκ
3151 2256 3617 2327 παραδειγμάτων

2028 2347 2310 2417 ἐμφανῶν,
2337 2350 2415 2411 είς
2447 2347 2515 2401 τὰ
2540 2348 2682 2419 ὑπὲρ
2704 2347 2956 2417 αἴσθησίν
2997 2365 3056 2400 τε
3106 2348 3201 2400 καὶ
3237 2348 3422 2417 νοητά.
3467 2348 3620 2400 Νεα-

2030 2440 2250 2503 νίσκους
2271 2440 2378 2509 γὰρ
2426 2439 2613 2492 ἐνθάδε
2644 2440 2828 2511 φησὶν,
2858 2440 2977 2509 οὐχὶ
3018 2439 3188 2510 δήπου
3229 2438 3445 2502 πάντως
3485 2440 3619 2502 τοὺς

2030 2527 2087 2579 ὲν
2122 2526 2392 2597 εὐρωστίᾳ
2446 2525 2713 2596 σώματος,
2744 2527 2861 2596 ἦτοι
2914 2527 3040 2588 τοὺς
3073 2529 3130 2579 ὲν
3174 2526 3378 2597 ἀκμαῖς
3427 2544 3486 2579 τε
3517 2528 3619 2579 καὶ

2028 2615 2138 2688 ἤδη
2186 2619 2445 2687 σαρκικῇ,
2499 2616 2751 2688 σημαίνει
2803 2617 2859 2671 δὲ
2910 2616 3110 2688 μᾶλλον
3169 2619 3294 2685 τοὺς
3346 2618 3505 2691 οἵπερ
3540 2618 3615 2671 ἂν

2029 2708 2202 2779 ἔχοιεν
2228 2710 2309 2771 είς
2337 2707 2461 2762 νοῦν
2490 2710 2584 2761 καὶ
2610 2709 2838 2780 καρδίαν
2868 2712 3018 2780 ίσχὺν
3064 2712 3166 2782 τὴν
3214 2713 3621 2784 πνευματικὴν.

2030 2796 2172 2851 ὥστε
2199 2796 2459 2849 δύνασθαι
2485 2797 2784 2869 κατορθοῦν
2813 2799 2908 2851 καὶ
2961 2800 3104 2869 μάλα
3133 2803 3395 2866 νεανικῶς
3425 2803 3491 2855 τὰ
3543 2804 3619 2855 δι’

2032 2880 2109 2941 ὧν
2140 2887 2353 2940 ἔσονται
2397 2888 2660 2960 λαμπροὶ,
2714 2890 2809 2944 καὶ
2855 2890 2974 2961 Θεῷ
3026 2894 3463 2963 γνωριμώτατοι,
3518 2896 3621 2949 καὶ

2033 2980 2250 3049 ἀπάσης
2305 2979 2603 3043 ἐπιεικείας
2630 2979 2875 3050 ἔμπλεοι.
2911 2984 3037 3046 Τοῖς
3076 2976 3177 3040 ὧδε
3217 2985 3319 3055 τὴν
3348 2985 3460 3051 ἕξιν
3495 2986 3621 3038 δια-

2033 3071 2329 3141 κειμένοις,
2355 3073 2452 3125 καὶ
2485 3074 2515 3126 ὁ
2538 3073 2807 3144 μακάριος
2856 3074 3109 3147 Ἰωάννης
3152 3078 3621 3150 προσπεφώνηκε,

2033 3163 2228 3231 λέγων’
2249 3182 2268 3215 ι
2297 3162 2499 3233 Γράφω
2519 3165 2667 3235 ὑμῖν,
2688 3166 2978 3229 νεανίσκοι,
3008 3169 3090 3220 ὅτι
3121 3169 3330 3240 ἰσχυροί
3350 3171 3491 3233 ἐστε,
3521 3172 3626 3222 καὶ

360 3260 461 3313 stis
531 3258 728 3312 malum
758 3258 800 3309 ⁵.
840 3274 857 3306 ι
895 3257 1161 3309 Caeterum
1225 3261 1349 3305 ante
1400 3248 1707 3304 Servatoris
1758 3248 1925 3302 nostri

2037 3252 2349 3322 νενικήκατε
2382 3252 2476 3305 τὸν
2504 3253 2762 3325 πονηρόν.
2815 3272 2834 3307 ι
2881 3255 3042 3308 Ἀλλά
3090 3256 3197 3326 πρὸ
3244 3257 3341 3327 μὲν
3387 3260 3481 3328 τῆς
3522 3259 3625 3311 τοῦ

357 3351 648 3406 adventum
694 3349 1017 3401 cxsuternnt
1055 3343 1272 3412 quidam
1305 3341 1469 3395 etiam
1517 3339 1656 3408 apud
1682 3335 1921 3399 Iudaeos,

351 3442 444 3511 qui
477 3455 563 3504 eo,
596 3451 752 3508 quem
789 3439 898 3504 jam
932 3433 1067 3496 dixi,
1132 3430 1289 3485 modo
1332 3429 1545 3485 fortiter
1606 3441 1766 3497 agere
1814 3437 1929 3481 stu-

351 3531 631 3585 duerunt:
669 3533 725 3579 et
760 3524 992 3577 mandati
1046 3521 1183 3574 citra
1247 3516 1720 3588 reprehensionem
1772 3530 1929 3571 exse-

350 3617 556 3691 quendi
626 3614 948 3679 voluntate,
1017 3620 1072 3665 et
1150 3608 1407 3679 legalium
1486 3616 1927 3663 ornamentorum

353 3711 659 3782 splendore.
685 3707 800 3762 Non
837 3714 994 3760 erant
1025 3712 1205 3758 autem
1246 3717 1274 3755 a
1331 3702 1442 3756 Deo
1481 3699 1685 3769 reiecti.
1742 3701 1931 3754 Adhuc

321 3843 334 3853 .c
353 3804 496 3858 enim
538 3810 754 3869 tempus
780 3808 900 3853 erat
939 3795 1143 3849 umbra:
1205 3792 1430 3865 legalis:
1472 3800 1663 3847 etcum
1703 3808 1932 3859 evange-

353 3895 458 3950 lica
521 3907 585 3947 ac
641 3889 947 3946 Christiana
1009 3888 1114 3941 vita
1156 3890 1394 3941 nondum
1453 3884 1716 3954 patefacta
1765 3893 1929 3947 esset,

329 4028 332 4033 ~
360 3988 476 4043 haec
504 3986 718 4052 quidem
752 3990 911 4036 erant
964 3995 1185 4032 summa:
1225 3978 1417 4032 laudis.
1455 3976 1546 4031 Sic
1570 3978 1829 4046 scriptum
1850 3985 1932 4030 est

355 4081 422 4133 de
455 4077 716 4132 Zacltaria
788 4082 842 4126 et
885 4068 1161 4123 Elizabeth
1197 4088 1209 4123 :
1247 4087 1264 4119 ι
1296 4067 1419 4122 Fuit
1477 4069 1662 4121 diebus
1706 4066 1933 4122 Herodis

328 4173 512 4242 -regis
549 4168 750 4225 Iudaea:
807 4162 1062 4220 sacerdos
1093 4163 1334 4230 quidam,
1373 4160 1586 4215 nomine
1616 4159 1930 4225 Zacharias,

355 4278 422 4319 ex
457 4263 578 4318 vice
629 4260 789 4322 Abia,
844 4266 899 4310 ct
933 4270 1070 4308 uxor
1104 4255 1152 4307 ei
1183 4270 1212 4308 e
1254 4252 1464 4306 filiabus
1487 4251 1689 4318 Aaron,
1731 4251 1815 4305 cui
1849 4266 1935 4304 no-

358 4370 479 4411 men
507 4364 626 4410 erat
680 4350 983 4407 Elizabeth.
1012 4347 1178 4400 Erant
1226 4359 1353 4397 vero
1387 4344 1518 4411 justi
1560 4345 1719 4398 ambo
1745 4357 1933 4397 coram

359 4445 491 4508 Deo,
523 4440 865 4497 ambulantes
929 4438 980 4492 in
1038 4433 1319 4504 praeceptis
1363 4442 1420 4488 et
1455 4430 1935 4501 justifieatinnibus

325 4535 572 4589 .Domini
611 4534 730 4589 sine
785 4528 1002 4600 querela
1035 4528 1074 4581 ⁸.
1114 4546 1132 4578 ι
1167 4527 1246 4581 Atl
1305 4526 1450 4580 hunc
1494 4527 1710 4581 modum
1770 4526 1933 4580 etiam

2036 3341 2287 3410 Σωτῆρος
2312 3342 2469 3413 ἡμῶν
2500 3343 2818 3414 ἐπιδημίας,
2841 3346 3097 3415 γεγόνασί
3133 3365 3296 3413 τινες,
3329 3350 3424 3403 καὶ
3462 3350 3622 3419 παρὰ

2028 3436 2141 3497 τοῖς
2167 3433 2461 3498 Ἰουδαίοις,
2494 3436 2614 3489 καθ’
2637 3436 2696 3490 ὃν
2724 3437 2859 3510 ἔφην
2887 3440 3093 3510 ἀρτίως
3123 3442 3344 3512 τρόπον,
3376 3442 3627 3515 ἀνδρίζε-

2038 3524 2162 3577 σθαι
2200 3523 2655 3595 μεμελετηκότες,
2690 3527 2779 3581 διὰ
2809 3527 2902 3581 τοῦ
2932 3530 3023 3581 καὶ⁸
3050 3531 3371 3602 ἀμωμήτως
3397 3531 3622 3586 ἑλέσθαι

2032 3615 2274 3687 πληροῦν
2297 3616 2394 3686 τὴν
2420 3618 2815 3689 παραδοθεῖσαν
2838 3619 3079 3692 ἐντολὴν,
3115 3622 3209 3673 καὶ
3231 3624 3344 3684 τοῖς
3372 3621 3511 3675 κατά
3539 3623 3625 3675 v6-

2035 3726 2135 3778 μον
2154 3710 2468 3779 αὐχήμασιν
2493 3711 2817 3782 διαπρέπειν
2846 3711 3104 3767 δύνασθαι
3141 3713 3233 3768 καὶ
3279 3714 3421 3783 μάλα
3455 3714 3620 3767 πλου-

2035 3798 2182 3862 σίως.
2223 3796 2405 3854 Ἦσαν
2431 3801 2488 3854 δὲ
2523 3802 2624 3854 οὐκ
2675 3802 2973 3874 ἀπόϐλητοι
3028 3805 3179 3875 παρὰ
3219 3805 3359 3875 Θεῷ.
3407 3806 3616 3877 Καιρὸς

2033 3890 2142 3961 γὰρ
2177 3886 2244 3961 ἦν
2271 3890 2352 3944 ἐτι
2372 3891 2478 3962 ’τῆς
2501 3893 2560 3945 ὲν
2590 3894 2740 3966 νόμῳ
2774 3898 2953 3961 σκιᾶς,
2982 3899 3077 3951 καὶ
3123 3898 3223 3966 τῆς
3251 3898 3614 3968 εὖαγγελικῆς

2033 3983 2125 4035 καὶ
2154 3983 2211 4035 ὲν
2239 3983 2459 4055 Χριστῷ
2498 3984 2771 4050 πολιτείας
2825 3986 2976 4041 οὔπω
3031 3990 3513 4060 πεφανερωμένης,
3547 3991 3608 4041 ἐν

2033 4073 2279 4138 ἐπαίνοις
2297 4072 2366 4147 ἦν
2387 4079 2570 4132 ἐκεῖνα
2602 4079 2830 4144 πολλοῖς.
2854 4081 3008 4134 Οὕτω
3037 4082 3131 4135 καὶ
3150 4082 3461 4154 γέγραπται
3485 4085 3617 4154 περί

2043 4184 2103 4220 τε
2138 4170 2409 4240 Ζαχαρίου
2461 4170 2552 4225 καὶ
2612 4170 2911 4234 Ἐλιζάϐεθσ
2961 4190 2981 4224 σ
3016 4173 3261 4241 Ἐγένετο
3309 4174 3365 4227 δὲ
3412 4177 3470 4227 ἐν
3496 4177 3623 4238 ταῖς

2038 4258 2274 4330 ἡμέραις
2315 4258 2552 4331 Ἡρώδου
2587 4260 2680 4313 τοῦ
2723 4261 2988 4331 βασιλέως
3019 4264 3117 4334 τῆς
3155 4264 3411 4327 Ἰουδαίας
3441 4265 3624 4335 ἱερεύς

2035 4366 2140 4413 τις,
2174 4350 2398 4421 ὀνόματι
2419 4352 2715 4423 Ζαχαρίας,
2743 4352 2802 4419 ἐξ
2826 4354 3134 4425 ἐφημερίας
3159 4355 3333 4419 ⁹Δ6ιᾶ,
3360 4356 3454 4407 καὶ
3480 4355 3623 4427 γυνὴ

2044 4440 2211 4494 αὐτοῦ
2235 4442 2300 4493 ὲκ
2344 4441 2453 4494 τῶν
2484 4441 2799 4514 Θυγατέρων
2832 4442 3065 4513 Ἀαρὼν,
3092 4447 3185 4498 καὶ
3220 4445 3280 4497 τὸ
3302 4446 3472 4515 ὄνομα
3519 4446 3622 4499 αὑ-

2038 4530 2138 4600 τῆς
2178 4531 2484 4596 Ἐλιζάὃεθ.
2520 4528 2702 4587 Ἦσαν
2729 4533 2785 4587 δὲ
2818 4534 3018 4589 δίκαιοι
3044 4536 3343 4608 ἀμφότεροι
3380 4538 3623 4591 ἐναντίον

357 4622 846 4692 sanctipmpbetze
890 4623 1160 4684 vixerunt,
1190 4618 1400 4688 opinor.
1433 4616 1687 4683 Quinimo
1725 4616 1931 4673 divinus

2044 4624 2139 4678 τοῦ
2168 4623 2328 4688 Θεοῦ,
2358 4626 2712 4697 πορευόμενοι
2743 4628 2800 4680 ἐν
2839 4629 3042 4692 πάσαις
3097 4632 3219 4693 ταῖς
3248 4631 3488 4694 ἐντολαῖς
3526 4633 3623 4685 καὶ

357 4714 589 4778 Paulus,
640 4713 765 4766 licet
825 4712 1108 4765 manifeste
1160 4710 1309 4765 dicat
1355 4723 1414 4763 se
1482 4707 1650 4763 fuisse
1702 4708 1753 4763 in
1807 4708 1938 4779 legis

353 4806 568 4879 justitia
646 4802 1034 4871 inculpatum,
1110 4801 1187 4854 ait
1243 4811 1418 4855 tamen
1472 4817 1485 4854 :
1538 4818 1556 4851 ι
1599 4799 1729 4866 Quae
1805 4800 1936 4855 mihi

360 4902 510 4956 lucro
542 4905 722 4963 erant,
755 4896 868 4949 haec
912 4895 1048 4948 duco
1075 4902 1292 4963 promer
1308 4891 1580 4948 Christum
1614 4894 1808 4948 damna
1832 4893 1875 4947 '.
1914 4912 1932 4944 ι

358 4992 547 5062 Itaque
579 4998 705 5044 ante
737 4987 1029 5041 adventum
1067 4985 1306 5039 omnium
1333 4995 1578 5041 nostrum
1634 4984 1939 5040 Servatoris

351 5083 582 5145 .Christi,
621 5078 864 5136 nonnulli
932 5078 1090 5132 laude
1139 5077 1306 5145 ipsius
1362 5077 1492 5145 legis
1545 5078 1843 5146 conspicui,
1880 5086 1932 5130 et

362 5171 528 5227 fortes
554 5181 715 5226 erant
746 5178 801 5224 et
823 5168 1118 5239 juveniles.
1146 5170 1211 5219 At
1241 5166 1770 5235 postapparitionem
1793 5165 1929 5231 ejus,

350 5266 906 5334 praedicationemque
920 5259 1191 5330 Evangelii
1216 5268 1499 5314 cessarunt
1530 5258 1739 5327 legalia,
1761 5267 1935 5313 trans-

364 5355 461 5406 ivit
494 5356 678 5410 umbra
743 5358 797 5410 in
855 5356 1256 5415 veritatem,ac
1308 5349 1605 5419 spiritualis
1667 5364 1932 5418 verusque

357 5444 539 5499 cultus
570 5456 651 5499 est
688 5447 1047 5502 introductus.
1111 5444 1291 5511 Quare
1318 5457 1424 5496 non
1461 5440 1759 5496 delectatur
1790 5441 1930 5496 Deus

363 5535 665 5591 Iudaeorum
712 5538 1032 5608 juvenibus,
1069 5540 1119 5592 id
1175 5545 1281 5603 est,
1324 5536 1413 5606 qni
1476 5533 1702 5589 viriliter
1751 5535 1928 5589 adhuc

436 5693 454 5725 ⁵
485 5690 501 5744 l
529 5690 682 5745 Joan.
711 5705 768 5754 tt,
803 5690 889 5744 15.
968 5691 1136 5745 “Luc.
1169 5708 1206 5755 t,
1231 5693 1285 5760 5,
1314 5691 1367 5747 6.
1441 5693 1459 5723 ⁷
1495 5690 1730 5761 Philipp.
1765 5707 1844 5754 ιιι,
1867 5692 1918 5747 7.

2043 4715 2377 4786 δικαιώμασι
2417 4715 2512 4770 τοῦ
2560 4719 2765 4789 Κυρίου
2821 4718 3119 4789 ἄμεμπτοι.
3153 4740 3170 4771 ι
3230 4722 3385 4774 Κατά
3433 4721 3623 4775 τοῦτον

2043 4804 2198 4879 οἶμαι
2227 4808 2510 4862 διαϐιῶναι
2550 4809 2640 4863 τὸν
2689 4810 2887 4881 τρόπον
2925 4813 3020 4865 καὶ
3067 4815 3263 4876 αὐτοὺς
3286 4816 3411 4876 τοὺς
3433 4814 3621 4881 ἁγίους
3710 4820 3721 4827 ”

2037 4902 2341 4972 προφήτας.
2368 4903 2478 4955 Καὶ
2519 4903 2627 4973 μὴν
2672 4902 2769 4955 καὶ
2811 4906 2839 4956 ὁ
2893 4903 3181 4971 θεσπέσιος
3212 4905 3424 4969 Παῦλος
3446 4907 3626 4959 καίτοι

2034 4991 2207 5059 λέγων
2236 4992 2558 5061 ἀναφανδὸν,
2587 4994 2669 5047 ὅτι
2718 4994 2911 5064 γέγονε
2953 4997 3094 5050 κατά
3137 4997 3485 5067 δικαιοσύνην
3525 4998 3627 5068 τὴν

2040 5084 2096 5136 ἐν
2126 5085 2277 5153 νόμῳ
2305 5084 2610 5155 ἄμεμπτος·
2654 5104 2674 5137 ι
2710 5086 2871 5141 Ἀλλὰ
2888 5088 2941 5140 τί
2964 5082 3033 5159 ἦν
3062 5104 3153 5158 μοι
3173 5088 3392 5160 κέρδος;
3428 5086 3628 5148 ταῦτα.

2040 5173 2225 5242 φησὶν,
2259 5175 2474 5246 ἥγημαι
2492 5177 2586 5239 ,διὰ
2614 5177 2704 5231 τὸν
2733 5178 2967 5250 Χριστὸν
2996 5178 3248 5249 ζημίαν.»
3274 5176 3484 5231 Οὐκοῦν
3519 5175 3631 5246 πρὸ

2043 5263 2142 5333 μὲν
2171 5266 2271 5337 τῆς
2302 5267 2595 5339 ἐπιδημίας
2626 5269 2721 5323 τοῦ
2769 5271 2986 5325 πάντων
3022 5271 3181 5341 ἡμῶν
3215 5271 3466 5341 Σωτῆρος
3489 5269 3630 5338 Χρι-

2042 5355 2204 5423 στοῦ,
2264 5362 2374 5421 τοῖς
2421 5360 2562 5413 κατὰ
2629 5361 2792 5431 νόμον
2852 5363 3164 5433 αῦχήμασιν
3217 5359 3631 5429 εὐδοκιμοῦντες

2036 5466 2201 5514 τινες,
2235 5450 2470 5522 ἀνδρεῖοί
2512 5468 2570 5503 τε
2622 5448 2782 5523 ἦσαν,
2831 5455 2926 5507 καὶ
2963 5453 3218 5508 νεανικοί.
3260 5453 3415 5509 Μετὰ
3445 5451 3501 5505 δὲ
3527 5451 3631 5522 τὴν

2036 5540 2358 5608 ἐπιφάνειαν
2392 5541 2580 5609 αὑτοῦ,
2616 5546 2710 5598 καὶ
2732 5545 2793 5598 τὸ
2830 5546 3093 5618 κήρυγμα
3134 5547 3195 5599 τὸ
3232 5543 3584 5614 εῦαγγελικὸν
3606 5582 3624 5608 ν
