4002 6212
366 296 472 358 επ
1352 304 1410 363 S.
1451 300 1723 361 CYRILLI
1759 290 2228 357 ALEXANDRINI
2265 293 2583 355 ARCHIEI’.
3322 348 3329 355 .
3498 295 3607 350 270

363 414 509 470 dictu
562 416 803 486 ineptum
839 418 1101 490 est),sed
1163 421 1542 492 iniquitatibus
1592 425 1918 496 implicatos,

2038 418 2085 471 ιδ
2105 418 2356 489 πρᾶγμα·
2384 413 2542 469 τοῦτο
2570 411 2678 483 γάρ
2707 409 2900 481 εὔηθες
2921 411 2955 481 ἢ
2984 409 3179 480 νοεῖνῆ
3219 408 3422 478 λέγειν·
3471 410 3610 464 ἀλλὰ

362 506 455 577 qui
476 521 542 562 eo
565 506 780 562 demum
811 508 1171 579 improbitatis
1200 527 1411 569 morum
1450 516 1693 582 veniunt,
1736 526 1794 571 ut
1821 532 1927 573 non

356 598 466 667 jam
505 596 698 667 lniqui,
728 598 820 652 sed
854 599 1034 654 verius
1081 600 1338 671 iniquitas
1372 604 1603 660 debeant
1639 606 1925 661 nominari.

361 687 425 740 lli
452 687 618 755 igitur
644 688 800 757 quasi
827 688 970 759 ignis
1012 690 1300 758 ardebunt,
1352 693 1547 764 inquit,
1601 695 1654 751 id
1680 704 1783 761 εει,
1821 695 1926 766 ipsi

358 777 499 848 ignis
520 787 700 832 erunt.
725 777 895 834 Nemo
932 781 1077 836 enim
1108 782 1246 839 alios
1266 782 1537 839 flammam
1582 785 1686 840 illis
1710 785 1926 849 inferet,

355 867 451 922 sed
486 867 589 937 ipsi
619 869 685 923 ad
715 869 815 926 hoc
848 872 953 926 sibi
970 873 1114 929 inter
1139 890 1198 930 se
1223 875 1516 931 sufﬁcient.
1575 874 1892 932 Sttrcenden
1911 904 1927 916 -

360 966 450 1011 tur
477 958 641 1013 etiam
671 961 825 1029 quasi
854 962 1023 1020 herba
1070 969 1242 1033 arida,
1287 976 1345 1023 et
1383 979 1442 1023 ut
1489 968 1729 1024 densitas
1768 968 1930 1023 silva-

356 1062 498 1103 rum.
534 1047 692 1105 Furit
739 1051 885 1107 enim
935 1068 1148 1124 semper
1190 1054 1427 1121 flamma,
1475 1058 1520 1112 si
1570 1057 1622 1113 in
1647 1059 1928 1112 materiam

357 1146 564 1207 ustam,
603 1141 849 1210 herbam,
882 1144 1123 1215 inquam,
1158 1148 1387 1214 aridam,
1420 1159 1477 1203 et
1498 1149 1641 1219 ligna
1661 1149 1930 1205 silvestria

358 1229 583 1285 incidat.
621 1231 796 1287 Credo
819 1246 997 1290 autem
1045 1254 1165 1306 ego,
1197 1239 1573 1308 propheticum
1624 1254 1928 1296 sermonem

354 1321 505 1376 ltisce
544 1323 722 1378 verbis
755 1327 908 1380 nobis
950 1327 1065 1383 haec
1111 1329 1247 1384 velle
1274 1330 1647 1386 demonstrare
1680 1346 1697 1384 :
1728 1329 1930 1400 Vespa-

355 1411 507 1466 siano
550 1415 688 1468 enim
720 1426 770 1469 et
813 1415 954 1478 Tito.
982 1418 1433 1486 quemadmodum
1454 1418 1563 1487 jam
1598 1434 1757 1489 supra
1798 1419 1930 1484 dixi,

360 1502 696 1557 vastantibus
732 1502 992 1571 ludat-am,
1031 1509 1297 1577 urbesque
1325 1508 1443 1578 ejus
1476 1508 1931 1578 oppugnantibus,

363 1593 594 1646 maxima
623 1608 733 1648 erat
760 1597 996 1665 undique
1019 1598 1384 1665 tumultuatio,
1412 1600 1605 1668 partim
1638 1598 1780 1656 fame
1801 1613 1934 1654 con-

358 1682 588 1750 ficien'e,
638 1686 833 1754 partim
883 1688 1079 1757 ubique
1114 1689 1388 1744 seditiosis
1434 1690 1764 1755 hominibus,
1820 1700 1929 1743 tum

2030 508 2155 571 τοὺς
2182 510 2302 571 ταῖς
2328 506 2580 576 ἀνομίαις
2617 500 3082 575 κατηχθημινους,
3153 501 3390 572 ἧκοντάς
3419 518 3477 553 τε
3504 501 3608 572 ἤδη

2031 596 2168 668 πρὸς
2193 597 2352 650 τοῦτο
2381 594 2703 664 σκαιότητος
2751 592 2987 663 τρόπων,
3016 591 3094 654 ὡς
3123 590 3318 661 μηκέτι
3355 590 3456 659 μὲν
3478 591 3607 642 ἀνό-

2034 705 2187 759 μους,
2226 687 2456 757 ἀνομίαν
2503 685 2560 739 δὲ
2612 684 2812 754 μᾶλλον
2865 681 3227 753 ὀνομάζεσθαι
3282 680 3413 734 δεῖν.
3445 673 3606 733 οὗτοι

2029 779 2316 850 τοιγαροῦν
2350 779 2426 841 ὡς
2452 776 2564 848 πῦρ
2624 775 3006 847 καυθήσονται,
3064 775 3219 844 φησι,
3248 773 3393 826 τοῦτ’
3434 772 3607 833 ἐστιν,

2033 871 2187 924 αὐτοὶ
2240 869 2362 924 καθ’
2388 868 2595 923 ἑαυτῶν
2621 867 2943 938 γενήσονται
2970 864 3100 937 πῦρ.
3159 862 3235 918 Οὐ
3273 863 3381 935 γὰρ
3418 863 3610 933 ἕτερός

2030 977 2114 1023 τις
2136 960 2346 1012 ἐποίσει
2367 959 2467 1029 τὴν
2495 958 2672 1026 φλόγα
2699 957 2901 1022 αὐτοῖς,
2929 955 3047 1011 ἀλλ’
3077 954 3405 1025 ἀρκέσουσιν
3436 954 3607 1023 ἀλλή-

2031 1051 2143 1115 λοις
2162 1052 2240 1115 είς
2277 1050 2439 1104 τοῦτο
2465 1051 2638 1104 αὐτοί.
2689 1048 3068 1121 Καυθήσονται
3111 1046 3169 1100 δὲ
3197 1047 3274 1110 ὡς
3330 1046 3608 1117 ἀγρωστις

2032 1143 2192 1215 ξηρά,
2219 1143 2315 1197 καὶ
2339 1142 2416 1206 ὡς
2444 1142 2581 1212 δάση
2606 1140 2849 1213 δρυμῶν.
2897 1140 3194 1195 Μαίνονται
3220 1138 3330 1210 γὰρ
3377 1139 3462 1192 ἀεί
3489 1156 3610 1202 πως

2032 1237 2089 1288 αί
2117 1234 2333 1303 φλόγες,
2363 1235 2445 1297 είς
2466 1232 2601 1303 ῦλην
2654 1231 2917 1286 πεσοῦσαι
2969 1232 3065 1303 τὴν
3111 1230 3596 1300 εύκατάπρηστονο

2032 1328 2305 1397 ἄγρωστιν
2337 1324 2396 1379 δέ
2447 1342 2591 1396 φημι
2634 1322 2733 1394 τὴν
2782 1322 2972 1394 ξηρὰν,
3014 1322 3107 1375 καὶ
3151 1321 3222 1375 τά
3278 1324 3337 1375 ὲν
3382 1320 3606 1391 δρυμοῖς

2035 1416 2187 1481 ξύλα.
2218 1411 2389 1488 Οἶμαι
2438 1415 2496 1469 δὲ
2540 1413 2716 1484 ἔγωγε
2764 1414 2853 1467 τὸν
2885 1413 3215 1484 προφητικὸν
3270 1412 3400 1482 ἡμῖν
3448 1411 3609 1481 λόγον

2034 1510 2216 1563 ἐκεῖνα
2249 1506 2535 1578 βούλεσθαι
2572 1504 2767 1575 δηλοῦν
2817 1507 2874 1558 ὲν
2925 1503 3158 1567 τούτοιςο
3194 1500 3606 1557 Οὐεσπασιανοῦ

2033 1596 2141 1668 γάρ
2174 1598 2269 1651 καὶ
2319 1596 2500 1659 Τίτου,
2542 1594 2792 1664 καθάπερ
2836 1592 2936 1664 ήδη
2970 1593 3250 1663 προεῖπον,
3278 1590 3605 1661 καταδῃούνο

2034 1705 2140 1742 των
2165 1687 2266 1759 τὴν
2313 1686 2591 1750 Ἰουδαίαν,
2624 1685 2720 1739 καὶ
2769 1686 2869 1748 τὰς
2902 1685 2961 1738 ὲν
3009 1683 3146 1753 αὐτῇ
3182 1680 3611 1752 πολιορκούντων

360 1776 546 1831 domos
576 1776 984 1848 diripientibus,
1023 1789 1135 1835 tum
1180 1796 1273 1835 eos
1312 1783 1402 1851 qui
1447 1783 1766 1839 videbantur
1797 1783 1932 1837 insi-

2038 1778 2239 1841 πόλεις,
2278 1778 2526 1841 πλεῖστος
2549 1773 2663 1848 ἧνό
2694 1778 2754 1829 ὲν
2784 1777 2997 1845 ἑκάστῳ
3030 1773 3277 1845 θόρυϐος.
3312 1772 3471 1827 τοῦτο
3503 1774 3610 1843 μὲν

360 1868 576 1936 gniores
625 1871 1016 1935 invadentibus,
1058 1883 1118 1927 ιιι
1143 1874 1400 1929 intestina
1447 1874 1743 1930 incolarum
1778 1875 1931 1930 moli-

364 1958 506 2012 mina
551 1958 667 2028 ipso
698 1973 925 2016 externo
952 1965 1199 2032 graviora
1235 1965 1574 2021 exsisterent.
1602 1965 1801 2022 Horum
1840 1965 1934 2022 Jo-

360 2049 561 2118 sephus
606 2052 807 2107 diserte
861 2065 1101 2108 contexit
1152 2057 1455 2111 historiam.
1504 2057 1666 2126 Ergo,
1720 2057 1925 2127 inquit,

363 2140 631 2194 ardebunt
674 2156 770 2196 ceu
824 2145 876 2198 in
920 2146 1187 2200 densitate
1246 2146 1413 2201 silvae.
1467 2149 1749 2218 Agrestem
1806 2160 1932 2201 vero

363 2231 585 2288 herbam
628 2236 908 2289 etaridam
939 2238 1369 2308 densitatemque
1417 2239 1586 2304 silvze,
1627 2238 1929 2309 gregariam

361 2323 574 2378 turbam
621 2340 743 2377 eum
794 2326 974 2381 dicere
1020 2327 1278 2383 arbitror.
1315 2327 1483 2383 Divisi
1535 2341 1689 2383 erant
1734 2327 1933 2398 quippe

362 2411 650 2468 adversum
679 2428 737 2468 se
767 2416 870 2483 ipsi
905 2416 957 2469 in
1001 2415 1265 2472 factiones
1289 2427 1345 2471 et
1367 2418 1586 2473 dissidia
1628 2418 1927 2488 populares.

363 2501 628 2574 Deinceps
682 2520 809 2561 vero
838 2510 905 2560 ad
949 2521 1044 2562 eos
1072 2508 1164 2577 qui
1195 2508 1515 2563 videbantur
1536 2523 1657 2563 esse
1694 2509 1923 2577 aliquid,

361 2596 562 2652 mlunt
615 2608 999 2667 perventurum
1051 2614 1211 2669 porro
1268 2600 1542 2665 ostendit,
1591 2602 1824 2655 dicens:
1867 2602 1931 2654 Et

363 2690 781 2760 devorabitquae
806 2690 858 2745 in
881 2692 1107 2746 circuitu
1126 2701 1249 2746 sunt
1264 2691 1479 2747 collium
1513 2692 1715 2747 omnia.
1735 2691 1929 2758 Colles,

363 2792 515 2852 puto,
566 2792 721 2837 vocat
770 2797 864 2838 eos
890 2784 979 2851 qni
1005 2793 1268 2853 przestant
1321 2784 1465 2849 aliis,
1513 2793 1568 2840 et
1593 2785 1675 2838 vel
1736 2784 1929 2855 gloria,

363 2874 445 2929 vel
474 2874 686 2943 opibus,
736 2875 819 2930 vel
862 2876 968 2930 alio
995 2876 1245 2946 quopiam
1280 2875 1438 2931 modo
1488 2876 1777 2932 excellunt.
1808 2877 1929 2932 .Iam

364 2966 495 3033 dixi,
525 2966 591 3020 iis
618 2969 708 3036 qui
741 2967 1134 3036 splendidiores
1160 2983 1279 3024 esse
1313 2969 1650 3033 videbantur,
1697 2970 1932 3040 graviter

364 3054 466 3108 vim
500 3059 691 3115 fecisse
709 3060 810 3130 qui
849 3060 903 3115 in
934 3075 1150 3132 quaque
1186 3061 1403 3116 civitate
1449 3062 1744 3116 seditiones
1802 3076 1932 3116 con-

365 3146 536 3199 citare
576 3146 719 3201 soliti
754 3156 931 3210 erant,
986 3148 1121 3203 adeo
1156 3157 1214 3203 ut
1257 3148 1524 3219 desperati
1583 3149 1825 3206 facerent
1870 3165 1931 3206 ea

366 3255 482 3304 quae
513 3252 580 3291 ne
598 3239 710 3308 ipsa
737 3238 950 3307 quidem
968 3237 1200 3293 hostium
1220 3255 1409 3295 manus
1429 3240 1719 3310 aliquando
1739 3241 1931 3310 egerit.

369 3328 589 3392 Bttner,
626 3331 817 3400 inquit,
851 3331 903 3385 in
937 3331 1013 3383 ira
1056 3330 1256 3387 furoris
1285 3332 1516 3388 Domini.
1554 3334 1824 3388 Succensa
1853 3343 1935 3388 est

366 3420 509 3475 enim
542 3421 619 3474 sic
652 3420 898 3475 universa
934 3434 1079 3477 terra
1099 3421 1427 3479 Judzeorum.
1458 3423 1588 3490 Quae
1631 3439 1759 3480 vero
1790 3437 1935 3481 recte

368 3514 524 3576 dixit,
556 3529 675 3567 cum
734 3513 822 3568 illa
878 3515 1034 3583 plana
1083 3513 1300 3572 fecisset
1345 3517 1709 3581 audientibus,
1750 3518 1934 3574 statim

368 3607 605 3661 adnectit
641 3625 655 3661 :
685 3606 752 3662 Et
802 3608 907 3663 erit
963 3609 1191 3679 populus
1245 3608 1391 3664 velut
1437 3609 1545 3681 igni
1603 3626 1932 3667 succensus:

367 3697 530 3752 homo
558 3698 745 3754 fratris
784 3701 898 3755 suis
936 3716 1042 3754 non
1083 3700 1446 3757 miserebitur.
1477 3701 1936 3769 Quemadmodum

368 3789 513 3843 enim
549 3789 639 3857 qui
701 3791 870 3845 bobus
917 3790 1093 3859 ignem
1128 3790 1437 3854 admovent,
1486 3789 1841 3845 exstimulant
1871 3789 1938 3843 ad

369 3880 527 3955 iram,
566 3879 914 3949 el‘liciuntque
955 3890 1011 3933 nt
1048 3880 1313 3936 ferociore
1363 3881 1561 3948 impetu
1604 3878 1937 3933 feranturin

372 3987 469 4027 eos
523 3987 659 4043 quos
727 3974 989 4041 impetum
1019 3989 1032 4026 :
1065 3974 1145 4026 sic
1187 3974 1311 4035 erit,
1342 3971 1535 4040 inquit,
1568 3971 1938 4039 unusquisque

371 4065 618 4135 populus,
657 4065 802 4119 velut
840 4064 952 4134 igni
998 4064 1269 4118 incensus.
1307 4063 1534 4117 Violenti
1562 4054 1706 4116 enim
1741 4072 1797 4116 et
1837 4064 1939 4114 int-

371 4156 753 4211 miscrieordes
773 4165 952 4221 erunt,
970 4163 1024 4208 et
1039 4152 1233 4209 fratres
1255 4170 1356 4207 non
1384 4164 1698 4224 agnoscent,
1718 4166 1872 4208 acres
1887 4165 1941 4206 et

371 4256 639 4318 agrestes,
665 4262 730 4302 ac
764 4245 879 4301 fero
904 4246 1086 4301 animo
1118 4245 1345 4301 invicem
1369 4262 1581 4311 omnes,
1616 4257 1669 4301 et
1702 4246 1938 4299 ferarum

376 4338 545 4392 instar
577 4352 698 4406 qua:
739 4336 901 4409 169
930 4336 1071 4391 fame
1109 4345 1391 4399 acuuntur,
1417 4346 1469 4389 et
1499 4336 1683 4390 rabide
1712 4344 1944 4406 aguntur

2033 1869 2194 1940 λιμοῦ
2221 1870 2644 1940 κατατήκοντος,
2679 1866 2840 1920 τοῦτο
2867 1866 2925 1920 δὲ
2951 1864 3060 1918 τῶν
3110 1866 3167 1919 ὲν
3217 1865 3424 1938 ἑκάστῃ
3472 1880 3607 1917 στα-

2034 1961 2270 2017 σιαστῶν
2302 1962 2486 2025 οἴκους
2528 1976 2587 2013 τε
2644 1956 3073 2029 διαρπαζόντων,
3128 1957 3507 2027 ἐπιφυομένων
3547 1955 3607 2008 δὲ

2032 2057 2144 2117 τοῖς
2187 2052 2437 2107 δοκοῦσιν
2497 2048 2634 2104 εἶναι
2694 2049 3179 2120 διαφανεστέροις,
3229 2048 3304 2110 ὡς
3353 2046 3611 2115 γενέσθαι

2034 2141 2431 2215 φορτικώτερον
2462 2142 2555 2195 τὸν
2583 2138 2782 2206 ἔξωθεν
2809 2139 2986 2210 μάχης
3007 2137 3077 2191 τά
3112 2140 3177 2192 ὲκ
3197 2137 3306 2191 τῶν
3338 2133 3615 2189 ἐνοικούνο

2033 2257 2139 2294 των
2165 2241 2511 2311 τολμήματα.
2542 2234 2727 2289 Ταῦτα
2762 2233 2822 2288 δὲ
2851 2232 3040 2304 σαφῶς
3090 2231 3349 2303 Ἰώσηπος
3382 2230 3608 2298 ἱστορεῖ.

2034 2330 2243 2386 Οὐκοῦν
2276 2326 2646 2400 καυθήσεσθαί
2671 2342 2835 2397 φησιν
2884 2326 2943 2379 ἐν
2988 2326 3100 2386 τοῖς
3128 2322 3315 2377 δάσεσι
3347 2320 3441 2375 τοῦ
3476 2320 3615 2391 59n-

2036 2422 2158 2493 μοῦ,
2180 2424 2456 2494 ἄγρωστιν
2501 2417 2654 2493 οἶμαι
2689 2419 2893 2491 ξηρὰν,
2947 2417 3040 2469 καὶ
3097 2414 3234 2482 δάση
3259 2412 3464 2485 δρυμοῦ
3509 2412 3614 2482 τὴν

2032 2514 2291 2582 ἀγελαίαν
2321 2512 2531 2584 πληθὺν
2563 2511 2863 2583 ὀνομάζων.
2937 2506 3281 2579 Ἐμερίζοντο
3323 2504 3431 2575 γὰρ
3484 2501 3614 2557 κατ’

2042 2607 2285 2678 ἀλλήλων
2311 2607 2393 2669 είς
2424 2604 2689 2676 διχονοίας
2720 2603 2814 2657 καὶ
2844 2603 3062 2662 στάσεις
3087 2600 3138 2652 οἱ
3187 2597 3367 2668 δῆμοι.
3403 2596 3523 2647 ’Ὁτι
3549 2593 3613 2647 δὲ

2034 2701 2127 2752 καὶ
2157 2697 2263 2752 τῶν
2289 2694 2426 2752 εἷναί
2447 2715 2502 2750 τι
2521 2695 2821 2750 δοκούντων
2854 2692 3050 2763 ἀψεται
3091 2690 3152 2743 τὸ
3202 2687 3399 2750 κακὸν,
3440 2701 3617 2756 προσ-

2033 2790 2320 2860 ἀποφαίνει
2347 2789 2538 2859 λέγων·
2563 2788 2671 2842 Καὶ
2689 2784 3165 2855 συγκαταφάγεται
3198 2780 3266 2834 τά
3292 2778 3473 2848 κύκλῳ
3499 2775 3615 2831 τῶν

2036 2882 2241 2954 βουνῶν
2271 2881 2469 2936 πάντα·
2507 2880 2729 2951 βουνοὺς
2761 2874 2916 2949 οἶμαι
2944 2876 3118 2943 λέγων
3144 2874 3270 2937 τοὺς
3302 2870 3409 2924 τῶν
3433 2868 3614 2924 ἄλλων

2036 2971 2489 3044 ύπερκειμένους,
2518 2970 2615 3024 καὶ
2640 2967 3030 3038 ἀνεστηκότας,
3063 2964 3096 3036 ἢ
3143 2962 3283 3017 κατά
3306 2963 3403 3033 τὴν
3428 2958 3608 3024 δόξαν,

2036 3061 2240 3132 ἤκατά
2290 3062 2382 3115 τὸν
2443 3058 2693 3123 πλοῦτον,
2741 3057 2776 3128 ἢ
2828 3056 2950 3111 καθ’
3002 3054 3189 3127 ἔτερόν
3229 3071 3348 3108 τινα
3386 3052 3611 3123 τρόπον.

2042 3155 2219 3224 Ἐφην
2245 3152 2302 3206 δὲ
2332 3152 2559 3224 ἀρτίως,
2606 3152 2689 3205 ὅτι
2721 3153 2833 3213 τοῖς
2875 3145 3016 3203 εἷναι
3074 3144 3290 3201 δοκοῦσι
3339 3143 3616 3214 λαμπροῖς

2037 3243 2306 3311 ἐπεφύετο
2368 3241 2558 3307 δεινῶς
2597 3241 2657 3295 τὸ
2717 3244 2775 3295 ὲν
2831 3241 3038 3313 ἑκάστῃ
3096 3238 3247 3292 πόλει
3301 3233 3615 3299 στασιάζειν

2038 3334 2250 3398 εἰωθὸς,
2280 3334 2355 3397 ὼς
2382 3334 2441 3386 ὲν
2468 3332 2775 3397 ἀπογνώσει
2832 3332 2987 3403 δρᾷν,
3017 3330 3053 3385 ἃ
3094 3330 3215 3401 μηδ’
3255 3328 3320 3382 ἂν
3359 3326 3494 3395 αὑτὴ
3528 3326 3616 3378 δέ-

2037 3427 2237 3498 δρακεν
2262 3425 2371 3478 ἐσθ’
2409 3426 2496 3478 ὅτε
2537 3423 2645 3478 τῶν
2688 3423 2960 3495 πολεμίων
3002 3424 3036 3493 ἡ
3092 3421 3233 3492 χείρ.
3268 3420 3378 3474 Καὶ
3405 3416 3613 3476 ταῦτα,

2040 3518 2195 3589 φησὶ,
2219 3517 2308 3572 διά
2336 3516 2507 3588 θυμὸν
2540 3517 2710 3588 ὀργῆς
2748 3515 2972 3584 Κυρίου.
3032 3512 3446 3582 Συγκέκαυσται
3503 3509 3616 3580 γάρ

2038 3611 2208 3674 οὕτως
2236 3612 2270 3682 ἡ
2302 3610 2563 3681 σύμπασα
2610 3611 2719 3662 τῶν
2762 3608 3031 3662 Ἰουδαίων
3079 3606 3173 3676 γῆ.
3210 3604 3277 3657 Ἀ
3313 3603 3368 3656 δὲ
3392 3603 3615 3673 εἴρηκεν

2039 3701 2473 3773 αἰνιγματωδῶς,
2505 3701 2679 3754 ταῦτα
2705 3702 2816 3764 τοῖς
2859 3697 3231 3771 ἀκροωμένοις
3296 3695 3443 3764 σαφῆ
3481 3694 3616 3746 καθ-

2042 3795 2213 3861 ιστάς,
2240 3795 2577 3866 προσεπάγει
2610 3791 2973 3864 παραχρῆμα·
2998 3791 3109 3845 Καὶ
3133 3789 3286 3844 ἔσται
3312 3791 3342 3843 ὁ
3374 3786 3499 3849 λαὸς
3536 3783 3615 3849 ὡς

2041 3890 2146 3943 ὑπὸ
2168 3890 2338 3961 πυρὸς
2384 3886 2882 3956 κατακεκαυμένος.
2920 3884 3236 3953 Ἀνθρωπος
3275 3880 3366 3935 τὸν
3389 3878 3616 3946 ἀδελφὸν

2042 3979 2206 4035 αὑτοῦ
2234 3980 2334 4031 οὐκ
2358 3978 2590 4048 ἐλεήσει.
2626 3976 2839 4046 Ὥσπερ
2869 3976 2975 4047 γάρ
2996 3975 3045 4028 οἱ
3075 3974 3295 4044 μόσχοις
3321 3970 3615 4037 ἐπάγοντες

2042 4069 2177 4141 πῦρ,
2207 4061 2620 4139 παραϐήγουσιν
2655 4069 2737 4129 εἰς
2765 4065 2956 4138 ὀργάς,
3010 4064 3102 4118 καὶ
3145 4062 3244 4124 τὰς
3294 4058 3415 4114 καθ’
3447 4052 3522 4112 ὧν
3548 4058 3616 4111 ἀν

2045 4159 2175 4212 ἴοιεν
2198 4158 2420 4226 ἐφόδους
2448 4155 2759 4227 άδρωτέρας
2779 4153 3049 4208 ποιεῖσθαι
3081 4149 3610 4229 παρασκευάζουσιν·

2041 4249 2204 4311 οὕτω,
2240 4249 2394 4320 φησὶ,
2441 4248 2534 4302 καὶ
2588 4248 2814 4310 ἕκαστος
2858 4246 3010 4299 ἔσται
3060 4243 3167 4298 τῶν
3218 4242 3362 4296 λαῶν
3407 4239 3481 4303 ὡς
3510 4238 3619 4291 ὑπὸ
3710 4279 3725 4287 -

2045 4343 2215 4415 πυρὸς
2248 4340 2743 4411 κατακεκαυμένος.
2785 4335 3053 4407 ’(ιρμηταί
3085 4352 3144 4388 τε
3184 4334 3295 4404 γάρ
3333 4332 3425 4386 καὶ⁵
3455 4329 3618 4398 ἀφιλ-

375 4429 429 4483 in
451 4429 658 4498 aliquos
684 4446 698 4483 :
735 4429 1082 4484 declinabunt
1110 4428 1178 4481 ad
1206 4427 1545 4492 dextram,et
1566 4426 1729 4481 edent
1753 4442 1782 4480 a
1805 4427 1934 4480 sini-

2043 4434 2433 4505 οικτείρμονες,
2480 4434 2574 4487 καὶ¹
2624 4432 2886 4502 ἀδελφοὺς
2915 4431 3017 4484 οὐκ
3071 4427 3307 4491 εἰδότες,
3346 4423 3509 4479 δεινοί
3556 4439 3619 4475 τε

376 4519 525 4583 stris,
562 4518 614 4572 id
653 4525 757 4583 est,
793 4518 897 4573 huc
929 4530 985 4573 et
1015 4517 1139 4572 illuc
1162 4525 1564 4584 convertentur,
1595 4516 1713 4571 illos
1738 4535 1767 4567 a
1811 4519 1940 4570 dex—

378 4607 477 4661 tris
507 4596 833 4673 mordentes,
867 4607 969 4662 hos
1001 4624 1030 4661 a
1055 4608 1209 4673 laeva,
1238 4615 1519 4677 parcentes
1556 4606 1777 4672 nemini,
1802 4606 1942 4658 insu-

379 4696 545 4752 tiabili
603 4697 892 4766 cupiditate
942 4701 1147 4767 seipsos
1194 4698 1476 4754 invadendi
1514 4697 1785 4753 ardentes.
1829 4698 1941 4750 Non

381 4790 543 4851 enim,
590 4789 794 4859 inquit,
862 4791 1148 4845 satiabitur
1185 4794 1344 4847 homo
1399 4793 1685 4848 comedens
1745 4808 1940 4848 carnes

383 4881 586 4938 brachii
624 4882 727 4936 sui.
759 4882 803 4937 Ο
832 4898 943 4936 rem
977 4884 1164 4936 miram
1215 4893 1270 4938 et
1320 4884 1725 4947 incredibilem!
1783 4882 1937 4945 Non,

380 4974 574 5045 inquit,
609 4971 710 5029 sibi
737 4972 868 5044 ipsis
894 4984 1260 5043 cotnparccnl,
1282 4990 1349 5030 ex
1379 4975 1658 5044 impotenti
1692 4975 1941 5028 videlicet

371 5068 614 5126 insania.
646 5063 908 5135 Prorupta
938 5066 1081 5120 enim
1126 5064 1290 5138 semel
1316 5072 1371 5118 et
1391 5065 1671 5132 desperata
1722 5062 1942 5118 audacia

387 5158 533 5223 freti,
569 5157 634 5211 ad
657 5157 836 5212 omnia
863 5156 1170 5225 turpissima
1194 5155 1458 5209 acerrime
1484 5152 1774 5223 etjuvenili
1799 5166 1947 5206 more

385 5249 808 5318 progredientur.
845 5248 1032 5302 Postea
1096 5247 1227 5300 dicit
1265 5261 1278 5298 :
1312 5243 1571 5297 Cometlet
1632 5243 1775 5297 enim
1826 5240 1943 5294 Ma-

375 5353 568 5396 nasses
611 5341 886 5410 Ephraim,
914 5351 970 5396 et
1002 5338 1258 5411 Epltraim
1306 5337 1628 5391 Manassem.
1689 5335 1942 5403 Epitraim

377 5442 513 5483 vero
546 5438 602 5484 et
644 5429 923 5487 Manasses
972 5431 1196 5485 fuerunt
1222 5429 1327 5485 duo
1380 5426 1596 5492 fratres,
1631 5438 1684 5480 et
1730 5425 1820 5479 lilii
1856 5423 1948 5480 «Ιοο

371 5521 534 5592 seplt.
560 5520 628 5573 At
649 5535 821 5589 neque
843 5526 985 5580 inter
1015 5524 1293 5595 sanguinis
1320 5521 1583 5579 charitate
1607 5518 1945 5589 coniunctos,

378 5611 577 5682 inquit.
626 5620 819 5665 natura
867 5614 978 5681 ipsa
1026 5625 1153 5671 tunc
1203 5631 1384 5687 pacem
1435 5611 1947 5679 constituetzleges

379 5696 866 5769 consanguinitatis
906 5698 1090 5756 inanes
1139 5715 1296 5757 erunt
1355 5714 1409 5758 et
1466 5702 1650 5756 irritae.
1711 5701 1943 5769 Surgent

2046 4528 2139 4580 καὶ
2173 4525 2497 4597 ἀγριόουμοι
2551 4524 2750 4586 πάντες
2787 4523 3002 4575 ἔσονται
3052 4520 3168 4574 κατ’
3209 4516 3473 4587 ἀλλήλων,
3522 4515 3622 4567 καὶ

2045 4616 2249 4687 Θηρίων
2282 4616 2436 4686 δίκην
2491 4613 2633 4683 λιμῷ
2666 4612 3017 4683 τεθηγμένων
3072 4611 3153 4672 είς
3197 4604 3492 4677 ἀγριότητα
3520 4603 3619 4674 τὴν

2045 4707 2186 4762 κατά
2209 4721 2390 4759 τινων’
2431 4703 2769 4758 ὲκκλινοῦσιν
2801 4705 2876 4765 εἰς
2908 4708 2975 4756 τά
3029 4697 3197 4767 δεξιὰ,
3231 4695 3325 4750 καλ⁵
3355 4694 3617 4763 φάγονται

2044 4804 2109 4854 ἐκ
2135 4799 2243 4853 τῶν
2274 4796 2593 4868 ἀριστερῶν·
2624 4794 2768 4848 τοῦτ’
2793 4794 2959 4857 ἐστιν,
3011 4792 3133 4863 τῇδε
3185 4788 3406 4844 κάκεῖσε
3458 4803 3617 4856 περι-

2048 4891 2470 4963 στραφήσονται.
2509 4885 2905 4947 καταδακόντες
2934 4884 3060 4948 τοὺς
3077 4887 3140 4937 ἐκ
3158 4883 3368 4949 δεξιῶν,
3407 4876 3535 4941 τοὺέ
3560 4879 3620 4944 ἐξ

2047 4983 2365 5053 εὐωνύμων,
2431 4979 2735 5050 φειδόμενοί
2793 4994 2852 5032 τε
2910 4976 3173 5047 μηδαμῶς
3221 4974 3463 5036 οὐδενὸς,
3525 4971 3620 5024 καὶ

2046 5076 2339 5145 ἀκόρεστον
2360 5070 2576 5143 ἔχοντες
2605 5071 2706 5138 τῆς
2752 5071 2869 5125 κατ’
2900 5068 3143 5137 ἀλλήλων
3174 5066 3360 5134 ἐφόδου
3392 5064 3482 5116 τὸν
3516 5062 3618 5114 πό-

2048 5167 2158 5223 θον.
2188 5163 2265 5220 Οὺ
2304 5163 2412 5235 γάρ
2451 5164 2526 5233 μὴ
2552 5161 2837 5233 ἐμπλησθῇ
2860 5199 2874 5222 ,
2894 5159 3077 5229 φησιν.
3112 5157 3393 5225 ἄνθρωπος
3426 5152 3619 5206 ἐσθίων

2048 5258 2146 5319 τὰς
2202 5256 2410 5328 σάρκας
2465 5254 2559 5307 τοῦ
2610 5252 2891 5323 βραχίονος
2962 5247 3152 5303 αὑτοῦ.
3202 5248 3266 5299 Ὠ
3315 5243 3616 5315 παραδόξου

2049 5344 2405 5416 πράγματοςι
2464 5342 2598 5397 Οὐδὲ
2645 5340 2852 5395 ἑαυτῶν
2901 5340 3197 5410 φείσονται,
3246 5335 3432 5406 φησὶν,
3460 5335 3534 5398 ὼς
3562 5331 3623 5398 ἐξ

2049 5436 2287 5506 ἀκράτου
2330 5433 2545 5504 μανίας.
2594 5430 2995 5500 Ἀπεγνωκότες
3021 5430 3130 5501 γάρ
3170 5425 3317 5491 ἅπαξ
3343 5427 3474 5498 πρὸς
3512 5426 3620 5476 πᾶν

2047 5526 2224 5580 ὁτιοῦν
2247 5525 2354 5579 τῶν
2379 5522 2769 5579 ἐκτοπωτάτων
2816 5521 3121 5591 βαδιοῦνται
3172 5518 3454 5579 νεανικῶς.
3487 5510 3621 5568 Εἶτά

2051 5634 2235 5686 φησιν,
2268 5618 2349 5669 ὅτι
2377 5615 2612 5683 Φάγεται
2640 5613 2748 5683 γάρ
2786 5611 3083 5681 Μανασσῆς
3103 5609 3199 5686 τοῦ
3225 5605 3487 5679 Ἐφραῖμ,
3524 5604 3623 5660 καὶ

2064 5707 2301 5776 ἐφρείῖμ
2334 5704 2425 5757 τοῦ
2458 5703 2744 5771 Μανασσῆ·
2788 5700 3028 5771 Ἐφραίμ
3064 5701 3119 5755 δὲ
3178 5700 3268 5752 καὶ
3325 5698 3623 5764 Μανασσῆς
