4002 6212
259 293 375 356 9.77
1416 289 1483 350 IN
1521 292 1758 350 ISAIMI
1796 294 1860 349 ιι

1970 296 2008 351 l.
2047 295 2253 350 ORAT.
2295 294 2376 351 Vl.
3398 299 3504 356 278

258 416 359 472 δύο
387 412 674 484 γεγόνασιν
728 409 964 480 ἀδελφοὶ,
1014 410 1107 463 καὶ⁸
1149 408 1341 479 Ἰωσὴφ
1383 408 1507 462 υἱοί.
1548 408 1686 461 um
1723 407 1841 463 οὐδὲ

1970 410 2088 463 illi"!
2145 408 2282 463 alius
2336 410 2388 463 in
2440 408 2603 463 alium
2659 407 2871 471 fratres,
2931 419 2986 463 et
3026 410 3211 467 eodem
3262 410 3508 481 prognati

265 505 379 568 τοῖς
424 501 486 566 ἐξ
535 500 787 570 αἵματος,
831 497 1013 567 φησὶν,
1056 498 1136 559 εἰς
1187 495 1422 549 διάθεσιν
1474 493 1838 565 συνημμένοις

1970 501 2192 565 emine,
2240 517 2377 557 unus
2435 500 2489 555 in
2543 515 2746 570 unum,
2800 501 2905 556 duo
2961 501 3012 555 in
3081 502 3330 557 alterum.
3400 501 3557 572 (Συ-κ

270 592 564 666 βραϐεύσει
615 592 739 647 τότε
788 590 886 660 τὴν
941 589 1164 661 εἰρήνην
1208 589 1241 658 ἡ
1304 585 1485 656 φύσις·
1536 585 1841 657 ἀργήσουσι

1970 593 2126 647 nedet
2185 608 2397 662 nempe,
2477 594 2681 663 inquit,
2755 591 3029 649 Manasses
3085 593 3378 662 Ephraim.
3457 605 3510 648 et

262 686 370 754 τῆς
414 681 733 752 συγγενείας
784 681 835 733 οἰ
882 680 1056 751 νόμοι.
1106 677 1686 748 Κατεξαναστήσονται
1732 672 1842 746 γὰρ

1970 683 2200 750 -Σριιγιιίηι
2251 683 2573 749 Manassem,
2618 685 2869 753 quoniam
2909 685 3068 739 simul
3099 682 3294 740 Jndam
3346 701 3513 754 oppuo

265 775 518 847 ἀλλήλων
547 773 770 843 ἀδελφοὶ
826 772 921 826 καὶ⁴
972 771 1287 842 ὁμόσποροι,
1325 763 1404 833 εἷς
1431 784 1491 821 τε
1521 768 1644 821 καθ’
1703 767 1840 830 ἐνὸς,

268 871 363 924 καὶ
391 865 519 921 καθ’
576 865 764 937 ἐτέρου
792 862 904 917 δύο.
943 863 1178 931 Φάγεται
1222 860 1350 930 γὰρ,
1388 860 1542 931 φησὶ,
1575 859 1873 928 Μανασσῆς

266 959 363 1014 τοῦ
422 955 687 1029 Ἐφραίμ,
720 955 815 1009 καὶ
854 950 1095 1027 Ἐφραῒμ
1147 951 1240 1004 τοῦ
1270 950 1560 1019 Μανασσῆ,
1608 949 1691 1002 ὅτι
1728 947 1846 1017 ἅμα

267 1050 700 1123 πολιορκήσουσι
747 1046 840 1107 τὸν
872 1043 1094 1098 Ἰούδαν.
1147 1040 1470 1113 Συγχύσεως
1515 1036 1608 1093 οὖν
1637 1038 1748 1108 ἄρα
1778 1035 1848 1091 τὰ

271 1146 453 1199 πάντα
488 1142 829 1213 μεμίστωτο,
864 1138 960 1191 καὶ
987 1136 1274 1206 ἀδιάκριτα
1302 1124 1436 1187 πᾶσι
1468 1131 1537 1186 τὰ
1568 1131 1627 1198 ἐξ
1651 1127 1844 1201 ὀργῆς,

270 1236 367 1290 καὶ
393 1235 517 1290 καθ’
548 1227 626 1286 ὧν
674 1233 735 1287 ού
762 1231 940 1298 θέμις,
995 1228 1089 1282 καὶ
1118 1226 1248 1297 παρ’
1291 1218 1366 1278 ὧν
1417 1224 1481 1277 ού
1530 1223 1709 1288 θέμις.
1738 1222 1848 1280 Καὶ

270 1325 433 1379 ταυτὶ
488 1323 608 1395 μὲν,
638 1322 714 1386 ὠς
755 1320 914 1391 ἔφην,
944 1316 1230 1389 ἱστορικῶς
1275 1317 1393 1380 ταῖς
1437 1314 1546 1368 τῶν
1582 1313 1849 1369 Ἰουδαίων

275 1418 506 1487 ἀγέλαις
528 1413 725 1485 συνέϐη
756 1411 968 1466 παθεῖν.
1001 1406 1455 1481 Παραφυλακτέον
1483 1404 1541 1459 δὲ
1586 1406 1681 1459 καὶ
1720 1405 1850 1477 ἡμῖν

273 1512 482 1574 αὐτοῖς.
513 1507 816 1573 Κολάζεται
846 1504 955 1575 γὰρ
995 1502 1057 1555 τδ
1093 1501 1375 1571 δυσήκοον,
1422 1499 1517 1552 καὶ
1556 1497 1609 1551 ετ
1645 1514 1728 1561 τις
1770 1498 1851 1560 είς

276 1601 438 1656 τοῦτο
478 1599 659 1657 πέσοι,
687 1596 764 1660 ὡς
814 1595 919 1649 ὑπὸ
952 1591 1124 1664 πυρὸς
1168 1590 1536 1660 καυθήσεται,
1584 1586 1851 1656 καταφλε-

275 1693 485 1765 γούσης
505 1690 673 1746 αὐτὸν
700 1688 795 1743 καὶ
824 1686 1090 1759 σαρκικῆς
1128 1684 1341 1755 ἡδονῆς,
1364 1682 1459 1735 καὶ
1483 1680 1692 1752 θερμῆς
1730 1681 1851 1735 ἐπι-

1947 776 2185 842 guabunt
2213 792 2226 827 ε
2257 775 2439 842 itaque
2478 775 2797 830 confusione
2825 774 3028 845 repleta
3060 784 3185 830 sunt
3229 777 3427 842 omnia,
3456 786 3515 831 et

1952 865 2003 917 in
2033 879 2169 934 quos
2199 880 2304 919 non
2340 865 2633 932 licebat,\et
2679 883 2709 920 ιι
2756 866 2951 935 quibus
2990 881 3094 921 non
3124 866 3336 932 licebat,
3392 883 3516 936 per-

1952 955 2155 1010 miscue
2195 954 2346 1012 furor
2383 956 2493 1027 egit
2516 956 2718 1011 omnia.
2752 956 2821 1011 Et
2854 959 2966 1012 haec
2991 957 3207 1026 quidem
3234 956 3510 1018 biStoricc,

1951 1045 2402 1115 quemadmodum
2453 1046 2586 1112 dixi,
2631 1048 2792 1103 coetui
2826 1046 3131 1102 Iudaeorum
3179 1048 3514 1102 acciderunt.

1953 1133 2118 1189 Nobis
2155 1144 2334 1189 autem
2389 1136 2519 1207 ipsis
2554 1138 2716 1192 etiam
2766 1139 3070 1192 cavendum
3127 1146 3227 1193 est.
3288 1137 3518 1193 Ponitur

1953 1227 2096 1282 enim
2148 1227 2533 1293 inobedientia,
2591 1240 2646 1285 et
2692 1231 2745 1285 in
2806 1246 2965 1301 quam
3014 1231 3261 1302 quisquis
3304 1231 3515 1294 recidit,

1956 1325 2211 1385 tanquam
2228 1317 2337 1385 igni
2361 1319 2729 1387 comburetnr,
2753 1336 2984 1390 eumque
3008 1331 3062 1376 et
3112 1320 3347 1376 carnalis
3375 1321 3520 1375 volu-

1955 1417 2099 1476 ptas,
2164 1419 2221 1463 et
2278 1409 2476 1465 ardens
2511 1411 2778 1481 cupiditas
2834 1413 3121 1468 incendent
3159 1430 3171 1465 :
3210 1427 3272 1466 ac
3318 1412 3423 1466 erit
3470 1413 3517 1465 ei

1958 1502 2104 1554 intus
2171 1500 2223 1553 in
2273 1501 2457 1559 animo
2502 1517 2566 1558 ac
2607 1506 2769 1559 corde
2820 1519 2995 1575 pugna
3040 1503 3417 1569 intolerabilis,
3458 1518 3520 1557 ac

1958 1590 2200 1662 insurget
2227 1601 2415 1647 contra
2461 1593 2709 1664 spiritum
2749 1609 2897 1664 caro,
2949 1606 3003 1652 et
3045 1596 3234 1666 ingens
3274 1595 3401 1648 erit'r
3438 1594 3523 1662 ja-

1957 1685 2129 1737 ctatio
2150 1698 2214 1737 ac
2241 1682 2605 1741 tumultuatio.
2626 1685 2805 1752 Quare
2833 1686 2991 1741 sicuti
3017 1695 3071 1741 et
3086 1686 3299 1741 divinus
3324 1685 3523 1739 Paulus

280 1786 510 1857 θυμίας.
539 1780 695 1848 Ἔξει
740 1781 797 1835 δὲ
818 1782 915 1834 καὶ
938 1781 1018 1843 εἰς
1041 1778 1164 1833 νοῦν
1202 1778 1296 1830 καὶ
1328 1774 1555 1847 καρδίαν
1584 1774 1858 1845 ἀφόρητον

1970 1774 2170 1844 inquit:
2208 1792 2227 1825 ι
2249 1773 2451 1844 Spiritu
2469 1776 2758 1842 ambulate,
2787 1785 2842 1831 et
2863 1778 3208 1844 cupiditatem
3243 1777 3424 1833 carnis
3455 1792 3521 1829 ne

285 1874 490 1947 μάχην
520 1870 1050 1941 κατεξαναστήσεται
1079 1868 1187 1940 γὰρ
1200 1865 1293 1921 τοῦ
1316 1864 1623 1935 πνεύματος
1644 1865 1677 1934 ή
1697 1863 1853 1935 σὰρξ,

278 1964 381 2020 καὶ
405 1960 741 2034 ἐνθορύὸοις
787 1959 940 2013 ἔσται
983 1958 1217 2021 πολλοῖς.
1268 1956 1379 2024 Διὸ,
1445 1955 1590 2010 καθά
1635 1971 1799 2026 φησιν
1827 1956 1857 2009 ὁ

282 2052 576 2117 θεσπέσιος
605 2050 835 2114 Παῦλος
875 2068 893 2101 ι
918 2049 1007 2102 Ἐν
1036 2047 1308 2118 πνεύματι
1336 2047 1713 2118 περιπατεῖτε,
1762 2044 1861 2101 καὶ

276 2143 579 2215 ἐπιθυμίαν
611 2141 814 2215 σαρκὸς
840 2142 902 2195 ού
938 2139 1013 2213 μὴ
1040 2139 1314 2211 τελέσητε.
1348 2157 1366 2191 ι
1405 2137 1857 2208 Ὺποταττόμενοι

260 2239 389 2312 ’γὰρ
410 2236 493 2310 τῷ
505 2236 625 2309 Θεῷ
655 2235 1101 2309 περιπατήσομεν
1130 2234 1189 2285 ἐν
1224 2231 1520 2302 πνεύματι,
1550 2231 1643 2285 καὶ
1675 2229 1858 2303 κρείτ-

277 2344 407 2392 τους
428 2326 666 2398 ἐσόμεθα
699 2324 979 2397 σαρκικῶν
1000 2320 1327 2393 ἐπιθυμιῶν,
1362 2322 1460 2375 καὶ
1497 2319 1597 2384 τὰς
1622 2322 1703 2385 εἰς
1731 2319 1856 2373 νοῦν

281 2418 396 2472 ἔσω
410 2418 708 2491 νικήσομεν
733 2416 955 2489 φλόγας,
996 2416 1091 2469 καὶ
1141 2414 1504 2468 ἀστασίαστον
1546 2413 1856 2484 τηρήσομεν

1961 1863 2295 1934 periecerilis
2329 1866 2392 1921 ¹¹.
2420 1886 2440 1920 ι
2468 1866 2600 1922 Nam
2642 1868 2685 1922 si
2715 1868 2822 1923 Deo
2868 1869 3077 1924 subditi
3098 1883 3305 1932 sumus,
3341 1870 3523 1920 ambu-

1961 1955 2194 2010 labimus
2235 1957 2286 2011 in
2320 1957 2537 2025 spiritu,
2571 1966 2625 2013 et
2661 1959 2904 2013 carnales
2944 1959 3263 2029 cupiditates
3297 1972 3517 2027 supera-

1962 2048 2156 2112 bimus,
2220 2049 2567 2120 internasque
2631 2050 2792 2104 animi
2825 2048 2967 2105 faces
3008 2050 3302 2117 vincemus,
3334 2058 3391 2104 et
3430 2063 3525 2104 cor

1924 2170 1933 2177 ε
1965 2140 2306 2211 tranquilium
2352 2152 2710 2212 pacatumque
2746 2142 3205 2198 conservabimus.
3239 2142 3347 2196 Pax
3380 2142 3522 2197 enim

1966 2231 2081 2296 Dei,
2136 2232 2278 2287 sicut
2325 2234 2582 2300 scriptum
2630 2245 2714 2288 est
2760 2235 2828 2298 ¹²,
2884 2248 3004 2303 quae
3047 2242 3267 2302 superat
3311 2246 3524 2286 omnem

1963 2334 2216 2391 mentem,
2258 2326 2524 2380 custodiet
2591 2326 2751 2381 corda
2801 2336 3018 2391 nostra,
3061 2334 3114 2380 et
3175 2325 3560 2396 cogitationes

1964 2427 2197 2470 ηοειτιις.

280 2504 383 2577 τὴν
404 2507 655 2579 καρδίαν.
699 2506 765 2561 Ἦ
807 2508 915 2576 γὰρ
941 2506 1129 2576 εἰρήνη
1171 2503 1265 2557 τοῦ
1322 2502 1491 2567 Θεοῦ,
1558 2501 1703 2556 καθὰ
1759 2502 2088 2573 γέγραπται,
2121 2510 2155 2578 ή
2193 2510 2529 2580 ὑπερέχουσα
2567 2510 2741 2563 πάντα
2778 2510 2922 2573 νοῦν,
2949 2507 3247 2584 φρουρήσει
3269 2509 3363 2570 τὰς
3396 2524 3531 2577 καρο

282 2598 407 2663 δίας
437 2597 716 2671 ἡμῶνκαὶ
749 2598 819 2654 τὰ
846 2601 1087 2673 νοήματα
1118 2599 1294 2672 ήμῶν.

366 2689 496 2745 ’E'zt
542 2688 694 2746 πᾶσι
743 2692 976 2758 τούτοις
1013 2695 1123 2746 οὐκ
1167 2691 1522 2760 ἀπεστράφη
1564 2693 1598 2744 ό
1653 2688 1861 2759 θυμὸς,

282 2778 425 2838 ἀλλ’
455 2780 547 2837 ἔτι
573 2780 699 2852 χεὶρ
735 2784 977 2852 ὑψηλή.
1023 2785 1167 2837 Οὐαί
1200 2782 1323 2850 τοῖς
1350 2783 1647 2854 γράφουσι
1683 2799 1866 2852 πονη-

279 2873 451 2943 ρίαν.
493 2873 829 2944 Γράφοντες
873 2876 982 2945 γὰρ
1024 2877 1322 2945 πονηρίαν
1362 2873 1698 2945 γράφουσιν
1720 2892 1734 2906 ·
1763 2876 1863 2930 ἐκ·

288 2965 608 3032 κλίνοντος
641 2966 843 3034 κρίσιν
883 2966 1152 3037 πτωχῶν,
1198 2966 1296 3021 καί
1336 2965 1696 3035 ἁρπάζοντες
1737 2966 1864 3035 κρί-

2038 2690 2166 2749 (ΖΑΡ.
2205 2692 2273 2747 Χ.
2313 2691 2473 2747 Vsus.
2516 2693 2628 2749 1-4.
2669 2694 2735 2747 In
2779 2695 3019 2749 omnibus
3056 2695 3135 2748 his
3184 2712 3283 2749 non
3320 2714 3563 2751 aversus

1965 2789 2039 2837 est
2066 2782 2234 2852 furor,
2269 2784 2358 2837 sed
2385 2785 2556 2838 adhuc
2580 2800 2769 2840 manus
2796 2787 3024 2841 excelsa.
3060 2784 3153 2840 Va:
3180 2788 3270 2856 qui
3295 2792 3529 2841 scribunt

1965 2876 2317 2946 iniquitatem.
2351 2875 2643 2931 Scribenm
2680 2878 2820 2932 enim
2869 2878 3200 2948 iniquitatem
3256 2880 3529 2941 scribunt;

1968 2968 2289 3024 declinantes
2322 2968 2591 3039 judicium
2639 2985 2950 3038 pauperum,
2990 2980 3037 3023 et
3091 2969 3397 3039 diripientes
3439 2970 3531 3038 jus

282 3072 450 3130 ματα
487 3058 761 3126 πενήτων
790 3059 899 3114 τοῦ
941 3040 1094 3115 λαοῦ
1118 3078 1259 3130 μου,
1292 3059 1449 3115 ὥστε
1485 3061 1637 3117 εἶναι
1664 3058 1865 3127 αὐτοῖς

1970 3060 2206 3126 inopibus
2231 3061 2409 3131 populi
2428 3063 2664 3133 mei,quo
2680 3061 2863 3115 viduae
2892 3060 3117 3115 habeant
3137 3051 3350 3129 pra’dw,
3375 3061 3537 3132 170

291 3148 492 3222 χήραν
512 3151 604 3218 εις
626 3150 926 3221 ἁρπαγὴν,
957 3151 1056 3206 καί
1107 3151 1372 3221 ὀρφανὸν
1411 3153 1498 3218 είς
1533 3150 1860 3221 προνομήν.

293 3242 407 3298 Kal
428 3242 490 3296 τί
514 3241 852 3311 ποιήσωσιν
881 3242 952 3298 ἐν
978 3242 1051 3312 τῇ
1090 3242 1280 3313 ἡμέρᾳ
1325 3241 1435 3313 τῆς
1483 3242 1865 3312 ἑπισκοπῆς;

307 3333 373 3390 Ἡ
394 3334 507 3404 γὰρ
528 3333 739 3403 θλίψις
759 3334 902 3405 ὑμῖν
929 3336 1229 3405 πόρρωθεν
1265 3334 1417 3403 ἧξεν
1436 3334 1534 3390 καί
1563 3334 1714 3403 πρὸς
1737 3335 1871 3390 τινα

295 3426 765 3497 καταφσύεεσθε,
807 3426 915 3482 τοῦ
946 3426 1363 3496 βωθηθῆναυ
1399 3426 1498 3481 καί
1540 3426 1658 3480 ποῦ
1692 3442 1865 3480 κατα-

294 3516 528 3587 λήψετε
577 3516 692 3587 τὴν
730 3517 919 3584 δόξαν
952 3518 1139 3589 ὑμῶν,
1171 3518 1277 3573 τοῦ
1316 3518 1403 3589 μὴ
1457 3517 1742 3588 ἐμπεσεῖν
1784 3520 1870 3583 είς

295 3609 649 3680 rixemur;

375 3702 506 3754 Ὅτι
528 3700 628 3765 τὰς
657 3700 767 3755 τῶν
799 3701 1066 3757 Ἰουδαίων
1095 3701 1401 3773 συμφορὰς,
1428 3700 1522 3754 καὶ
1549 3699 1618 3755 τὰ
1639 3700 1871 3771 ἐσόμενα

300 3790 476 3863 βλάϐη
520 3791 608 3847 διὰ
648 3793 749 3861 τῆς
796 3791 903 3846 τῶν
947 3791 1219 3862 πολεμίων
1264 3790 1483 3862 χειρὸς,
1542 3788 1874 3860 πλατύτερον

300 3884 436 3954 ἡμῖν
484 3884 515 3935 ὁ
565 3884 896 3956 προφητικδς
950 3882 1226 3954 ἐξηγεῖται
1273 3883 1451 3953 λόγος,
1481 3882 1603 3936 τότε
1649 3880 1714 3953 δὴ
1750 3880 1871 3935 λίαν

305 3976 489 4046 σοφῶς
528 3994 589 4031 τε
636 3980 730 4033 καὶ
771 3977 1129 4049 οἰκονομικῶς
1157 3977 1408 4049 ἐπιφέρει
1432 3975 1531 4041 τὰς
1558 3975 1756 4039 αἰτίας,
1788 3975 1873 4043 ἐφ’

296 4061 394 4132 αἷς
441 4068 473 4120 ὁ
500 4068 608 4122 τῶν
638 4067 774 4123 ὅλων
806 4068 1103 4140 λελύπηται
1146 4068 1298 4134 Θεὸς,
1327 4068 1423 4122 atat
1450 4067 1705 4139 πειρᾶται
1731 4064 1876 4122 διδά-

302 4176 459 4215 σκειν
483 4160 566 4213 ὅτι
597 4159 777 4231 ψῆφος
800 4161 887 4215 ἐπ’
916 4162 1098 4225 αὐτοῖς
1121 4160 1243 4216 ὁσία
1264 4161 1454 4231 γέγονε
1481 4159 1720 4216 καλοῦσα
1740 4159 1876 4231 πρὸς

300 4254 479 4325 δίκην.
511 4254 589 4308 Ui)
614 4254 724 4326 γὰρ
751 4254 951 4319 ἀδίκως
989 4255 1286 4310 ἐκτείνεται
1317 4255 1507 4309 δίκτυα
1556 4256 1873 4326 πτερωτοῖς,

303 4345 451 4401 κατὰ
477 4345 541 4399 τὸ
566 4346 973 4417 γεγραμμένον.
1004 4347 1140 4401 Οὐαὶ
1173 4346 1373 4413 τοίνυν,
1408 4347 1562 4416 φησι,
1586 4348 1698 4408 τοῖς
1741 4345 1878 4417 γρά-

1966 3162 2015 3207 et
2041 3152 2266 3221 pupillos
2294 3153 2567 3221 diripiant.
2617 3152 2758 3218 Quid
2793 3168 2909 3207 vero
2934 3152 3132 3222 facient
3163 3152 3216 3206 in
3239 3153 3322 3206 die
3344 3153 3530 3207 visita-

1968 3246 2163 3302 tionis?
2206 3245 2433 3317 Aﬁlictio
2463 3246 2601 3300 enim
2643 3246 2782 3300 vobis
2828 3245 2892 3299 de
2937 3245 3086 3315 longe
3140 3249 3323 3299 veniet.
3352 3244 3418 3299 Et
3467 3246 3534 3297 ad

1968 3353 2118 3405 quem
2146 3337 2471 3409 perfugietia,
2502 3346 2560 3390 ut
2591 3337 2849 3391 auxilium
2887 3337 3321 3407 consequamini?
3349 3340 3416 3391 Et
3448 3336 3551 3389 ubi-

1973 3425 2270 3495 reiinquetis
2318 3427 2539 3497 gloriam
2576 3439 2820 3493 vestram,
2885 3444 2946 3481 ne
2987 3429 3232 3481 incidatis
3269 3429 3320 3479 in
3371 3429 3532 3480 abdu-

1971 3517 2237 3570 nionem?

2042 3716 2174 3771 Cum
2214 3716 2517 3771 Juda'orunt
2556 3716 2912 3777 calamitates,
2949 3724 3002 3767 ut
3053 3714 3389 3769 incommoda
3436 3717 3538 3791 bu-

1975 3806 2083 3862 stili
2132 3820 2289 3860 manu
2341 3804 2541 3870 futura,
2574 3804 2734 3859 latius
2782 3804 2941 3860 nobis
2989 3803 3333 3874 propheticus
3362 3818 3561 3860 sermo

1974 3897 2214 3968 exponit,
2266 3905 2390 3955 tunc
2442 3894 2862 3969 prudentissime
2915 3910 3129 3966 quoque
3180 3903 3235 3950 et
3294 3896 3541 3965 apposite

1977 3990 2139 4046 infert
2184 4003 2397 4053 causas,
2431 3998 2649 4059 propter
2675 4002 2810 4060 quas
2856 3987 3226 4043 universitatis
3272 3986 3416 4043 Deus
3456 3987 3540 4043 of.

1977 4085 2163 4140 l‘ensus
2200 4092 2302 4148 est,
2340 4084 2642 4153 docereque
2704 4089 2951 4145 conatur,
2992 4094 3213 4135 causam
3252 4081 3389 4135 hanc
3422 4093 3541 4133 esse

1978 4183 2220 4230 sanctum
2262 4173 2532 4225 decretum
2567 4167 2688 4232 Dei,
2726 4169 2791 4221 ad
2842 4181 3055 4239 poenam
3096 4166 3376 4221 vocantis.
3427 4165 3539 4220 Non

1978 4264 2121 4319 enim
2166 4262 2362 4331 injuste
2417 4260 2709 4315 tenduntur
2749 4260 2881 4313 retia
2921 4257 3247 4321 volucribus,
3290 4256 3444 4326 juxta
3491 4258 3540 4309 id

1979 4356 2122 4426 quod
2158 4355 2416 4424 scriptum
2461 4362 2565 4408 est.
2614 4350 2704 4406 Vae
2732 4350 2918 4420 igitur,
2947 4349 3144 4419 inquit,
3179 4348 3270 4419 qui
3299 4348 3544 4402 scribunt

304 4454 469 4509 φουσι
491 4437 776 4509 πονηρίαν.
803 4438 1111 4511 Γράφοντες
1132 4438 1239 4510 γὰρ
1264 4438 1529 4510 πονηρίαν
1554 4437 1865 4508 γράφουσιν,

1982 4447 2339 4516 iniquitatem.
2374 4443 2682 4499 Scribentes
2710 4442 2855 4495 enim
2905 4439 3240 4509 iniquitatem
3274 4438 3539 4500 scribunt,

302 4528 650 4592 ἐκκλίνοντες
671 4528 851 4600 κρίσιν
878 4530 1128 4600 πτωχῶν,
1163 4530 1259 4584 καὶ
1281 4529 1617 4600 ἁρπάζοντες
1635 4528 1878 4600 κρίματα

306 4622 556 4692 πενήτων
606 4621 702 4674 τοῦ
748 4620 878 4675 λαοῦ
928 4618 1237 4692 μου.*Ησαν
1290 4620 1388 4691 μὲν
1434 4619 1543 4688 γὰρ
1589 4618 1740 4691 παρὰ
1769 4621 1882 4679 τοῖς

313 4712 596 4777 Ἰουδαίοις
637 4712 688 4766 οἰ
742 4712 1065 4785 καλούμενοι
1112 4712 1688 4784 γραμματεῖς.”Εργον
1715 4710 1774 4764 δὲ
1813 4706 1882 4781 ἦν

301 4805 489 4869 αὐτοῖς
523 4804 618 4859 τὸν
650 4806 735 4874 ἐφ’
764 4805 981 4875 ἑκάστῳ
1033 4804 1318 4876 πράγματι
1347 4803 1441 4859 τοῦ
1481 4802 1645 4874 νόμου
1685 4802 1883 4857 σκοπὸν

303 4900 418 4962 τοῖς
442 4896 688 4952 ἐθέλουσι
717 4898 909 4968 μαθεῖν
931 4898 1077 4968 σαφῆ
1100 4914 1160 4952 τε
1186 4899 1379 4962 ποιεῖν,
1415 4898 1510 4951 καὶ
1540 4899 1652 4960 τοῖς
1681 4897 1743 4949 τὸ
1765 4896 1880 4951 δια-

303 4994 513 5064 κρίνειν
567 4993 728 5056 λαοὺς
773 4990 1272 5063 ἐγκεχειρισμένοις
1325 4988 1395 5042 τὰ
1423 4989 1597 5044 τοιάδε
1644 4988 1876 5061 προσσα·

304 5086 443 5140 λεῖν.
465 5085 779 5155 Γέγραπται
801 5082 882 5145 δέ,
904 5082 988 5136 ὄτι
1016 5100 1035 5134 ι
1060 5080 1225 5151 Χείλη
1242 5079 1431 5152 ίερέως
1446 5079 1737 5148 φυλάξεται
1759 5078 1878 5149 κρί-

307 5193 420 5242 σιν,
452 5177 549 5231 καί¹
576 5177 739 5246 νόμον
790 5175 1182 5246 ἐκζητήσουσιν
1222 5175 1287 5226 ἐκ
1332 5173 1596 5243 στόματος
1628 5171 1814 5226 αὑτοῦ.
1856 5193 1873 5223 ι

318 5266 657 5337 Ἦττώμενοι
714 5266 891 5321 τοίνυν
957 5265 1198 5339 αἰσχρῶν
1251 5264 1573 5336 λημματίων
1595 5302 1611 5329 ,
1665 5263 1882 5325 ἀδίκους

304 5356 598 5412 ἐποιοῦντο
622 5357 722 5421 τὰς
755 5358 1098 5430 συγγραφὰς,
1128 5356 1191 5410 τὸ
1217 5355 1296 5422 τῷ
1327 5354 1459 5427 θείῳ
1512 5355 1663 5427 νόμῳ
1695 5353 1884 5409 δοκοῦν

306 5448 547 5514 ἀνοσίως
589 5449 1081 5521 ἐκκαπηλεύοντες,
1122 5449 1215 5509 καί⁵
1259 5447 1419 5504 olom
1462 5448 1747 5520 μίσγοντες
1792 5448 1883 5500 τὸν

304 5538 452 5597 οἶνον
489 5542 669 5608 ὕδατι,
701 5542 795 5596 καὶ
818 5541 881 5599 τὸ
906 5540 1141 5613 καθαρὸν
1163 5538 1447 5611 ἀργύριον,
1476 5540 1731 5609 ἀδόκιμον
1749 5538 1883 5594 ἀπο-

399 5699 438 5728 ¹¹
481 5695 662 5752 Galat.
703 5713 753 5753 ν.
790 5698 873 5750 lli.
954 5699 994 5727 "
1031 5695 1264 5760 Philipp.
1300 5694 1446 5762 tv,7.

1978 4543 2358 4608 detorquentes
2393 4535 2655 4606 judicium
2693 4547 3011 4602 pauperum,
3033 4539 3088 4587 et
3128 4531 3422 4600 eripientes
3457 4530 3544 4596 jus

1979 4630 2227 4701 inapibus
2270 4628 2449 4699 populi
2502 4626 2628 4681 mei.
2665 4623 3001 4678 Exstiterunt
3040 4623 3239 4678 etenim
3277 4623 3414 4691 apud
3447 4620 3541 4676 Ju-

1980 4726 2123 4777 dteos
2158 4721 2383 4785 Scribat,
2435 4728 2493 4771 ut
2527 4723 2809 4780 vocantur,
2842 4728 3070 4784 quorum
3129 4711 3363 4767 ollicinm
3403 4722 3541 4775 erat,

1982 4813 2112 4883 legis
2145 4826 2363 4881 scopum
2401 4825 2464 4863 ac
2503 4808 2555 4861 in
2598 4822 2811 4876 quaque
2853 4819 2912 4860 re
2959 4819 3177 4859 sensum
3217 4802 3547 4873 quibuslibet

1984 4904 2193 4956 discere
2235 4898 2536 4953 volentibus
2570 4896 2862 4961 explicare,
2901 4907 2954 4950 et
3000 4895 3198 4965 quibus
3230 4895 3550 4961 judicaudu-

1988 5008 2104 5044 rum
2136 4990 2452 5059 populorum
2491 5002 2682 5041 munus
2706 4997 2825 5039 erat
2857 4986 3235 5040 demandatum
3280 4984 3393 5037 haec
3416 4999 3544 5052 sug-

1985 5096 2193 5152 gerere.
2221 5079 2493 5149 Scriptum
2546 5094 2672 5133 vero
2700 5088 2784 5132 est
2823 5094 2835 5130 :
2879 5094 2899 5127 ι
2927 5075 3095 5130 Labia
3130 5074 3431 5127 sacerdotis
3460 5089 3552 5125 cu-

1986 5171 2221 5226 stodicnt
2237 5170 2518 5240 judicium,
2537 5178 2588 5224 el
2606 5170 2775 5240 legem
2797 5167 3081 5237 exquirunt
3108 5165 3174 5217 ab
3193 5178 3288 5217 ore
3308 5162 3424 5229 ejus
3445 5162 3506 5213 ⁸³.
3523 5182 3568 5213 »-

1989 5265 2171 5331 ltaque
2212 5263 2379 5331 turpis
2428 5270 2662 5330 quaestus
2692 5259 2942 5315 illecebra
2974 5256 3102 5311 victi
3134 5256 3299 5309 libros
3334 5254 3555 5323 iniquus

1989 5356 2321 5421 scribebant,
2352 5354 2482 5425 legis
2507 5364 2736 5409 mentem
2768 5352 2932 5423 impie
2958 5357 3345 5419 cauponantes,
3365 5334 3421 5403 εἰ
3444 5347 3553 5401 vel-

1991 5459 2047 5501 ut
2098 5448 2280 5502 vinum
2338 5462 2491 5517 aqua:
2551 5447 2860 5510 miscentes,
2891 5453 2946 5497 et
2999 5455 3191 5513 purum
3248 5449 3553 5507 argentum,

1988 5539 2343 5595 adulterinum
2382 5538 2757 5603 reddentcs,ut
2792 5535 3005 5591 viduam
3037 5533 3231 5603 injuria
3257 5532 3565 5595 adicerent,

1546 5693 1591 5727 ³³
1613 5694 1898 5752 “abdidi.
1930 5693 1978 5746 7.
