4002 6212
400 284 506 338 9.79

1382 296 1438 351 S.
1480 296 1753 353 CYRILLI
1792 298 2262 358 ALEXANDRINI
2300 301 2617 363 ARCHIEP.

3542 306 3643 367 ἔξω

403 411 458 455 et
503 397 778 472 eriperent
816 406 905 474 jus
965 409 1306 477 pauperibus,
1339 427 1400 467 ac
1438 416 1739 485 orphanum
1799 416 1960 472 veluti

2082 423 2365 488 ραίνοντες,
2390 422 2476 477 ἵνα
2498 427 2671 493 χήραν
2693 425 2937 487 ἀδικῶσι,
2963 429 3058 480 καὶ
3083 426 3372 499 άρπάζωσι
3396 428 3641 499 κρίματα

404 492 638 561 praedam
671 494 900 565 aliquam
927 498 1190 556 ditescere
1227 500 1535 560 volentibus
1568 505 1724 560 facile
1747 509 1965 576 exposi-

406 589 515 635 tam
546 583 897 652 subiicerent.
929 588 1018 651 At,
1055 589 1247 658 inquit,
1279 590 1390 658 isti,
1416 594 1545 663 quid
1576 594 1778 649 facient
1805 596 1859 650 in
1881 596 1970 653 die

403 669 769 727 visitationis?
813 673 1149 734 Visitationis
1197 690 1379 736 autem
1441 684 1582 739 diem
1634 694 1792 741 vocat
1846 688 1968 743 belli

406 768 638 829 tempus,
678 777 785 832 quo
817 765 1052 836 inspexit
1082 769 1227 826 Deus
1271 772 1571 829 scribentes
1607 776 1967 844 iniquitatem,

405 857 458 903 et
489 860 636 906 recta
670 852 805 925 legis
827 855 1033 926 judicia
1067 860 1474 931 detorquentes.
1503 863 1632 930 Quze
1667 866 1810 920 enim
1842 881 1971 937 opes

403 937 559 998 vobis
593 945 1044 1016 opitulabuntur?
1081 951 1277 1022 inquit.
1340 954 1585 1022 Quonam
1638 968 1798 1029 pacto
1844 974 1972 1014 con-

405 1045 747 1106 gregatarum
785 1055 817 1094 a
861 1042 1014 1099 vobis
1041 1059 1219 1099 rerum
1260 1062 1328 1101 ex
1368 1050 1590 1105 avaritia
1634 1054 1973 1108 coacervatio

400 1127 649 1193 juvabit?
681 1128 937 1200 lnjuriam
991 1134 1216 1201 fecistis,
1249 1141 1569 1209 corrupistis
1606 1142 1799 1213 legem,
1844 1159 1970 1213 pro-

406 1218 665 1276 culcastis
715 1225 999 1281 consilium
1059 1228 1381 1299 legislatoris
1412 1234 1559 1302 :jam
1601 1249 1709 1305 quo
1757 1238 1971 1292 tandem

406 1310 686 1366 evadetis?
717 1315 843 1384 quid
892 1317 1056 1373 etiam
1105 1321 1292 1390 agetis,
1344 1330 1437 1377 aut
1480 1324 1607 1393 quid
1652 1324 1969 1395 loquemini,

408 1415 516 1467 quo
563 1400 830 1475 eﬂ‘ugiatis
871 1408 1012 1464 diem
1086 1412 1452 1469 visitationis?
1487 1415 1718 1473 Aliiiclio
1774 1420 1971 1474 etenim

409 1491 564 1547 vobis
608 1509 638 1546 a
679 1494 839 1567 longe
864 1501 1061 1555 veniet.
1093 1500 1411 1574 Pugnabam
1448 1506 1644 1576 quippe
1668 1505 1839 1564 Judaei
1870 1525 1973 1566 saa-

411 1596 707 1650 penumero
724 1587 980 1646 adversus
1003 1596 1219 1649 accolas
1236 1607 1443 1664 gentes,
1470 1597 1733 1657 Idumaeos
1754 1602 1972 1672 inquam

410 1681 462 1728 et
488 1673 766 1743 Elamitas,
796 1688 850 1735 et
875 1680 1153 1750 Moabitas,
1187 1693 1242 1740 et
1275 1683 1460 1758 Syros,
1496 1697 1550 1744 et
1581 1690 1671 1761 qui
1701 1689 1971 1748 Philistlni
2052 1690 2056 1694 ’

412 1767 665 1824 dicuntur
695 1789 711 1827 :
739 1775 1027 1845 evenitque
1057 1786 1118 1831 ut
1156 1778 1340 1833 multis
1378 1781 1649 1847 meliores,
1679 1798 1741 1837 ac
1772 1784 1823 1836 in
1877 1799 1972 1849 pu-
2007 1770 2046 1825 Β

409 1872 513 1926 gna
547 1861 854 1929 superiores
897 1865 1224 1941 viderentur.
1259 1865 1366 1922 Sed
1413 1884 1578 1933 nunc,
1645 1872 1849 1941 inquit,
1895 1871 1973 1926 af-

409 1947 575 2003 ﬂictio
608 1958 786 2005 vestra
837 1954 1024 2022 procul
1073 1955 1272 2022 veniet,
1318 1958 1471 2028 171
1507 1959 1560 2014 id
1602 1969 1704 2025 est,
1738 1977 1841 2016 non
1882 1965 1976 2015 ad-

407 2053 599 2093 versus
625 2040 884 2098 ldumaaos
906 2045 1056 2100 vobis
1092 2056 1369 2101 certamen
1391 2051 1515 2115 erit,
1556 2067 1659 2105 non
1689 2052 1971 2108 adversum

408 2124 670 2186 Moabitas
719 2133 938 2199 bellum,
971 2137 1067 2191 sed
1102 2130 1209 2193 nec
1258 2142 1520 2196 adversus
1562 2142 1700 2197 ullos
1740 2144 1971 2211 accolas,

406 2237 543 2290 quos
585 2223 873 2293 aliquando
916 2228 1225 2299 subegistis,
1267 2241 1321 2285 et
1372 2248 1437 2287 ex
1486 2234 1673 2302 prtelio
1717 2233 1973 2302 majorem

409 2312 621 2370 laudem
656 2320 1171 2385 consecuti,coroua
1198 2325 1530 2380 nobilissima
1557 2327 1788 2382 redimiti
1820 2328 1971 2380 estis:

409 2406 502 2459 sed
556 2421 700 2462 nunc
722 2409 875 2465 vobis
917 2410 1136 2467 afﬂictio
1167 2416 1349 2484 procul
1402 2418 1598 2472 veniet.
1630 2416 1849 2472 Videtur
1877 2433 1972 2471 au-

413 2509 518 2553 tem
568 2498 693 2554 hinc
718 2500 803 2557 vel
835 2503 1181 2575 Assyriorum
1227 2506 1614 2575 incursionem,
1654 2510 1735 2564 vel
1779 2508 1977 2564 Roma-

411 2603 601 2644 norum
653 2591 1017 2650 subindicare.
1053 2594 1184 2650 Nam
1219 2606 1273 2651 et
1304 2597 1355 2650 lii
1397 2608 1452 2651 et
1486 2597 1559 2650 illi
1612 2615 1641 2652 e
1686 2597 1977 2668 longinquo

413 2691 692 2740 venerunt.
710 2682 1060 2742 lncumbente
1094 2703 1221 2742 vero
1259 2688 1569 2755 afﬂictione,
1591 2689 1679 2744 ubi
1709 2688 1977 2761 relinque-

414 2776 483 2829 tis
509 2784 746 2832 vestram
796 2777 1042 2848 gloriam,
1082 2790 1139 2833 ut
1173 2796 1279 2835 non
1320 2780 1570 2836 incidatis
1604 2782 1655 2834 in
1701 2780 1978 2837 abductio—

413 2872 572 2926 nem?
605 2870 868 2942 Fregistis
909 2873 1076 2936 enim,
1108 2873 1303 2942 inquit,
1338 2888 1479 2942 sape
1504 2875 1707 2938 hostes,
1732 2884 1788 2929 et
1827 2875 1978 2928 iuva-

412 2965 661 3020 dentibus
718 2964 1016 3029 restitistis,
1041 2980 1106 3019 ac
1147 2966 1309 3021 urbes
1367 2976 1421 3019 et
1492 2968 1739 3036 regiones
1770 2977 1978 3021 vestras

414 3060 817 3116 eonservastis:
851 3077 997 3117 nunc
1038 3075 1217 3119 autem
1245 3064 1469 3135 gloriam
1512 3064 1667 3119 istam
1697 3065 1784 3119 ubi
1811 3064 1975 3118 relin-

412 3155 625 3223 quetis?
646 3155 867 3212 Cadetis
894 3157 1038 3211 enim
1064 3173 1280 3223 omnes,
1315 3157 1653 3221 fortitudine,
1684 3173 1802 3226 quae
1836 3170 1979 3225 saepe

414 3256 600 3301 contra
644 3249 779 3303 alios
822 3248 1005 3315 valuit,
1036 3250 1180 3306 nullo
1221 3252 1378 3306 modo
1427 3266 1520 3306 vos
1562 3251 1805 3320 iuvante.
1840 3249 1979 3317 Quid

416 3337 560 3389 enim
591 3336 798 3392 facietis
833 3347 891 3391 ut
922 3353 1026 3393 non
1050 3332 1316 3395 'incidatis
1347 3341 1398 3393 in
1431 3338 1846 3393 abductionem?
1870 3339 1979 3390 Ab-

416 3428 724 3483 ductionem
756 3438 929 3495 vocat,
954 3429 1152 3485 illatam
1182 3432 1311 3502 ipsis
1337 3431 1405 3485 ab
1428 3432 1506 3486 ira
1532 3431 1736 3494 divina,
1756 3440 1810 3488 et
1836 3430 1983 3486 belli—

416 3533 531 3572 cam
555 3518 937 3575 calamitatem.
958 3520 1067 3576 Deo
1090 3522 1340 3576 nimirum
1366 3520 1649 3576 inducente
1669 3520 1983 3589 delinquen-

417 3610 559 3665 tibus
594 3614 939 3682 pmnas,quis
960 3615 1200 3669 avertet?
1218 3615 1322 3668 Aut
1345 3629 1448 3684 qua
1473 3614 1681 3668 ratione
1703 3613 1794 3683 qui
1812 3626 1983 3683 paenae

380 3712 471 3764 ,et
510 3702 772 3773 supplicio
803 3702 1022 3759 obnoxii
1071 3714 1227 3768 sunt,
1263 3703 1633 3773 juvabuntur?
1679 3702 1845 3758 nulla.
1885 3702 1983 3757 Et-

417 3798 560 3851 enim
586 3808 640 3851 et
668 3797 883 3854 divinus
910 3798 1076 3853 David
1106 3799 1291 3868 psallit
1322 3798 1546 3854 dicens:
1585 3815 1604 3848 ι
1635 3796 1880 3861 Domine,
1917 3810 1985 3851 ne

425 3888 475 3942 in
508 3888 692 3946 furore
719 3900 811 3943 tuo
844 3904 1040 3959 arguas
1064 3905 1171 3955 me,
1203 3904 1374 3958 neque
1412 3889 1465 3942 in
1498 3888 1576 3942 ira
1611 3896 1701 3941 tua
1724 3886 1985 3954 corripias

422 3998 507 4035 me
528 3983 590 4036 ¹¹ι.
623 4003 643 4036 ι
678 3984 743 4037 Ει
777 3998 965 4037 rursus
997 4001 1010 4036 :
1055 4002 1073 4034 ι
1101 3981 1180 4036 Tu
1204 3997 1264 4037 es
1304 3982 1587 4046 terribilis,
1612 3991 1667 4036 et
1691 3981 1810 4049 quis
1849 3978 1983 4033 resi-

420 4085 527 4129 stet
561 4076 696 4131 tibi?
726 4088 791 4129 ex
831 4084 954 4128 tunc
994 4074 1073 4127 ira
1120 4082 1206 4127 tua
1247 4072 1312 4127 ".
1343 4092 1361 4124 ι
1397 4072 1695 4128 Amolietur
1722 4070 1985 4140 siquidem

421 4167 656 4223 divinam
697 4166 859 4220 iram.
885 4179 1060 4220 nemo.
1092 4166 1157 4219 At
1200 4178 1319 4219 eam
1361 4166 1515 4232 quasi
1562 4161 1768 4218 emollit
1816 4162 1987 4230 pinni-

421 4260 589 4315 teutia
626 4275 642 4313 :
680 4258 825 4325 imo,
873 4274 939 4314 ne
976 4259 1246 4329 quatietur
1296 4256 1511 4326 quidem
1558 4270 1782 4326 prorsus
1825 4255 1989 4322 impe-

425 4354 587 4417 rium,
628 4353 673 4407 si
702 4354 823 4422 quis
869 4352 997 4408 velit
1060 4361 1206 4407 recte
1262 4359 1318 4405 et
1352 4348 1588 4420 legitime
1615 4359 1669 4403 et
1691 4348 1986 4403 secundum

423 4443 762 4499 oraculorum
795 4444 910 4513 ejus
933 4444 1124 4513 placita
1161 4442 1359 4496 vivere.
1753 4474 1767 4488 ο

2072 515 2340 583 πενήτων,
2373 517 2465 569 καὶ
2514 520 2625 579 τοῖς
2676 518 2739 570 ἐκ
2789 517 3100 584 πλεονεξίας
3129 521 3317 582 κακοῖς
3361 519 3646 587 ὑπάγωσιν

2070 605 2325 674 ὀρφανὸν,
2358 606 2610 678 καθάπερ
2630 609 2748 662 τινὰ
2772 609 3047 679 προνομὴν
3075 612 3188 672 τοῖς
3215 610 3461 663 ἐθέλουσι
3483 609 3648 663 πλου-

2071 697 2181 746 τείν
2238 694 2469 765 ἑτοίμως
2514 696 2989 766 παρερριμμένην.
3046 695 3185 748 Ἀλλ’
3209 690 3375 761 οὗτοι,
3410 696 3565 766 φησὶ,
3595 697 3648 749 τί

2071 785 2386 853 ποιήσουσιν
2413 787 2470 838 ἐν
2502 789 2571 857 τῇ
2601 786 2783 857 ἡμέρᾳ
2809 789 2910 858 τῆς
2934 786 3272 857 ἐπισκοπῆςς
3311 785 3652 855 Ἐπισκοπῆς

2070 875 2128 928 δέ
2162 892 2323 945 φησιν
2370 876 2600 947 ἡμέραν,
2641 876 2730 930 τὸν
2769 876 2863 930 τοῦ
2910 877 3145 947 πολέμου
3188 878 3401 949 καιρὸν,
3434 877 3557 931 καθ’
3587 876 3651 930 δν

2073 966 2412 1035 ἐπεσκέψατο
2436 966 2567 1030 Θεὸς
2602 969 2728 1030 τοὺς
2754 969 3065 1039 γράφοντας
3107 967 3397 1039 πονηρίαν,
3434 968 3529 1021 καὶ
3576 969 3652 1021 τὰ

2071 1058 2205 1129 ὀρθὰ
2251 1059 2345 1111 τοῦ
2379 1059 2543 1129 νόμου
2578 1059 2823 1129 κρίματα
2863 1058 3303 1131 διαστρέφοντας.
3336 1054 3509 1121 ἶΙοῖος
3536 1057 3652 1129 γὰρ

2074 1152 2204 1220 ὑμῖν
2232 1150 2458 1213 πλοῦτος
2487 1149 2762 1220 βοηθήσει,
2794 1149 2959 1219 φησίν
2982 1165 2995 1213 ;
3037 1150 3255 1218 ὀνήσει
3279 1149 3338 1202 δὲ
3363 1148 3506 1202 κατὰ
3525 1149 3655 1202 τίνα

2072 1241 2271 1313 τρόπον
2320 1240 2428 1293 τῶν
2485 1244 2549 1294 ἐκ
2602 1239 2913 1305 πλεονεξίας
2960 1241 3086 1311 ὑμῖν
3132 1240 3560 1310 συνειλεγμένων
3612 1240 3653 1309 ή

2073 1334 2351 1405 άθροισις;
2396 1334 2741 1404 Ἡδικήσατε,
2772 1332 3163 1404 κατεφθείρατε
3186 1332 3372 1403 νόμον,
3399 1333 3657 1400 πεπατῆ-

2074 1444 2206 1480 κατε
2230 1428 2322 1481 τὸν
2364 1425 2457 1480 τοῦ
2490 1426 2779 1497 νομοθέτου
2809 1426 3028 1479 σκοπόν.
3056 1420 3191 1478 Εἶτα
3219 1426 3340 1478 ὅποι
3374 1424 3505 1478 ποτέ
3546 1423 3656 1493 βα-

2073 1517 2292 1584 διεῖσθε;
2321 1517 2373 1570 τί
2412 1516 2469 1571 δὲ
2514 1518 2607 1571 καὶ
2637 1516 2868 1587 δρῶντες
2900 1516 2933 1588 ἢ
2974 1514 3244 1584 λέγοντες,
3293 1511 3659 1584 διαφεύξεσθε

2072 1608 2172 1679 τὴν
2216 1608 2430 1679 ἡμέραν
2483 1608 2581 1678 τῆς
2628 1607 2962 1677 ἐπισκοπῆς;
3031 1606 3097 1659 'H
3142 1605 3251 1676 γὰρ
3297 1605 3474 1675 θλίψις
3517 1604 3664 1673 ὑμῖν

2079 1703 2357 1775 πόρρωθεν
2385 1702 2522 1773 ἥξει.
2544 1702 2835 1773 Ἐμάχοντο
2867 1702 2964 1771 μὲν
2990 1701 3099 1772 γὰρ
3122 1699 3363 1753 Ἰουδαῖοι
3390 1697 3661 1753 πλειστά-

2075 1812 2161 1859 κις
2187 1794 2323 1865 πρὸς
2349 1793 2417 1847 τὰ
2448 1793 2699 1865 περίοικα
2728 1793 2836 1846 τῶν
2868 1791 3404 1861 ἐθνῶν,Ἰδουμαίους
3421 1789 3483 1843 τέ
3504 1805 3663 1859 φημι

2076 1888 2170 1942 καὶ
2210 1886 2520 1958 Ἑλαμίτας.
2572 1885 2898 1949 Μωαϐίτας,
2956 1885 3049 1938 καὶ
3095 1882 3295 1954 Σύρους
3321 1923 3335 1945 ,
3384 1882 3480 1934 καὶ
3520 1878 3666 1942 τοὺς

2077 1975 2441 2047 καλουμένους
2470 1978 2799 2047 Φιλιστιείμ·
2834 1975 3114 2029 συνέϐαινε
3148 1975 3204 2027 δὲ
3252 1974 3345 2026 καὶ
3391 1970 3662 2042 ἀμείνους

2075 2067 2302 2139 ὁρᾶσθαι
2355 2067 2563 2121 πολλῶν
2604 2066 2937 2138 κρατοῦντας
2970 2067 3027 2119 ἐν
3079 2066 3296 2135 μάχαις.
3343 2061 3500 2115 Ἀλλὰ
3528 2059 3663 2125 νῦν,

2078 2161 2265 2232 φησὶν,
2299 2162 2332 2230 ή
2360 2158 2538 2229 θλίψις
2556 2160 2685 2229 ὑμῖν
2716 2157 2996 2230 πόρρωθεν
3023 2154 3163 2227 ἥξει·
3194 2153 3337 2207 τοῦτ’
3371 2152 3541 2213 ἔστιν,
3570 2150 3666 2205 Οὐ

2081 2253 2214 2325 πρὸς
2250 2249 2581 2321 Ἰδουμαίους
2608 2251 2737 2320 ὑμῖν
2765 2251 2798 2321 ή
2831 2249 3007 2320 μάχη,
3050 2248 3109 2301 οὐ
3139 2246 3275 2318 πρὸς
3300 2242 3599 2305 Μωαϐίτας
3632 2245 3671 2295 ὁ

2078 2343 2312 2412 πόλεμος
2332 2359 2344 2370 ·
2379 2342 2492 2395 ἀλλ’
2525 2341 2644 2395 οὐδὲ
2670 2341 2805 2412 πρός
2834 2358 2984 2403 τινας
3017 2339 3125 2393 τῶν
3157 2338 3391 2410 ὁμόρων,
3426 2329 3501 2389 ὧν
3535 2333 3669 2387 ἐσθ’

2077 2435 2165 2487 ὅτε
2218 2435 2311 2487 καὶ
2342 2435 2747 2505 κεκρατήκατε,
2786 2432 2879 2486 καὶ
2901 2433 2999 2503 τὴν
3032 2431 3239 2502 ἀμείνω
3266 2429 3520 2497 λαχόντες
3546 2426 3671 2497 ψῆ-

2079 2541 2176 2594 φον
2204 2526 2261 2577 ἐν
2290 2525 2438 2595 μάχῃ
2466 2524 2555 2577 τὸν
2581 2525 2681 2593 τῆς
2711 2522 2960 2587 εὐκλείας
2988 2522 3318 2592 ἀνεδήσασθε
3348 2518 3612 2589 στέφανον
3645 2534 3666 2547 ·

2079 2617 2216 2671 ἀλλὰ
2240 2616 2336 2671 νῦν
2362 2617 2490 2687 ὑμῖν
2523 2619 2555 2688 ή
2595 2615 2771 2686 θλίψις
2805 2614 3088 2688 πόρρωθεν
3115 2613 3448 2684 ἣξει.Ἔοικε
3476 2610 3536 2663 δὲ
3560 2610 3674 2664 διὰ

2078 2708 2302 2774 τούτων,
2341 2710 2375 2780 ἢ
2402 2708 2511 2762 τῶν
2547 2709 2842 2778 Ἀσσυρίων
2870 2708 2969 2779 τὴν
2994 2707 3202 2777 ἔφοδον.
3229 2706 3395 2776 ἤγουν
3418 2703 3519 2775 τὴν
3540 2702 3672 2756 τῶν

2091 2800 2377 2872 Ῥωμαίων
2423 2800 2741 2871 ⁹ὅιιτοδηλοῦν.
2786 2799 3072 2872 Πόρρωθεν
3107 2797 3217 2870 γὰρ
3248 2790 3395 2851 οῦτοί
3441 2813 3501 2849 τε
3552 2797 3675 2848 κὰ-

2081 2892 2267 2946 κεῖνοι.
2297 2890 2767 2962 Ἐπενηνεγμένης
2795 2890 2852 2942 δὲ
2881 2889 2982 2958 τῆς
3010 2887 3260 2958 θλίψεως,
3288 2884 3385 2940 ποῦ
3409 2884 3670 2954 καταλήο

2079 2982 2209 3052 ψετε
2234 2982 2332 3052 τὴν
2360 2980 2567 3035 ἐαυτῶν
2595 2980 2771 3047 δόξαν,
2800 2980 2895 3033 τοῦ
2926 2978 3000 3049 μὴ
3030 2978 3286 3048 ἐμπεσεῖν
3308 2978 3386 3039 εἰς
3406 2976 3503 3045 τὴν
3528 2978 3675 3035 ἐπαγ

2078 3077 2294 3146 γωγήν;
2324 3070 2764 3145 Κατηνδρίσασθε
2798 3071 2896 3142 μὲν
2918 3072 3028 3142 γάρ
3060 3069 3334 3133 πολλάκις,
3373 3068 3523 3138 φησὶ,
3546 3065 3673 3119 τῶν

2080 3167 2313 3239 ἐχθρῶν,
2348 3168 2443 3221 καὶ
2468 3169 2580 3229 τοῖς
2603 3164 2845 3218 ἐπιοῦσιν
2883 3162 3329 3231 άντανιστάμενοι
3379 3157 3670 3212 σεσώκατε

2079 3258 2178 3323 τὰς
2206 3259 2335 3330 παρ’
2364 3258 2492 3327 ὑμῖν
2525 3257 2707 3320 πόλεις
2741 3273 2799 3310 τε
2827 3255 2920 3308 καὶ
2963 3254 3163 3325 χώρας.
3192 3252 3327 3305 Νυνὶ
3356 3250 3410 3305 δὲ
3433 3250 3533 3319 τὴν
3562 3251 3673 3303 ἐπὶ

2079 3347 2253 3419 τούτῳ
2281 3344 2438 3412 δόξαν
2494 3346 2596 3400 ποῦ
2621 3347 2992 3415 καταλήψετες
3025 3342 3277 3398 πεσεῖσθε
3299 3341 3406 3412 γὰρ
3432 3340 3669 3403 πάντες,

2082 3443 2202 3495 κατ’
2229 3441 2419 3494 οὐδένα
2461 3440 2662 3511 τρόπον
2690 3438 3004 3508 ὠφελούσης
3036 3438 3179 3506 ὑμᾶς
3225 3436 3322 3505 τῆς
3367 3433 3506 3486 κατὰ
3546 3431 3670 3483 τῶν

2083 3534 2285 3605 ἐτέρων
2321 3533 2625 3606 εὐανδρίας.
2654 3532 2719 3584 Τί
2742 3530 2851 3603 γὰρ
2886 3530 3139 3599 ποιήσετε
3164 3527 3259 3581 τοῦ
3294 3526 3367 3598 μὴ
3396 3526 3670 3596 ἐμπεσεῖν

2082 3628 2162 3690 είς
2184 3627 2510 3694 ἐπαγωγήν;
2549 3623 2869 3694 Ἐπαγωγὴν
2892 3621 2950 3675 δέ
2984 3637 3139 3691 φησι,
3157 3620 3255 3690 τὴν
3277 3617 3670 3688 ἐπενεχθεῖσαν

2083 3716 2266 3779 αὐτοῖς
2294 3714 2369 3777 ὡς
2398 3714 2505 3767 ἀπό
2535 3729 2598 3782 γε
2637 3713 2736 3782 τῆς
2763 3711 2909 3776 θείας
2939 3712 3131 3783 ὀργῆς,
3159 3710 3253 3764 καὶ
3303 3709 3401 3781 τὴν
3448 3709 3512 3760 ἐκ
3559 3704 3665 3757 τοῦ

2084 3806 2322 3877 πολέμου
2364 3805 2669 3877 συμφοράν.
2708 3804 2844 3858 Θεοῦ
2870 3803 2978 3876 γὰρ
3008 3801 3303 3871 ἐπάγοντος
3338 3802 3451 3863 τοῖς
3474 3797 3668 3867 πλημ-

2088 3899 2308 3969 μελοῦσι
2335 3898 2432 3962 τὰς
2459 3897 2615 3959 δίκας
2642 3896 2726 3959 τίς
2749 3896 2777 3947 ὁ
2804 3895 3193 3967 ἀποστρέψωνς
3227 3893 3261 3965 ἢ
3285 3894 3435 3956 ποῖος
3458 3890 3523 3944 ἂν
3545 3893 3669 3955 τοῖς

2086 3988 2189 4042 ὑπὸ
2238 3987 2427 4058 ποινὴν
2473 3987 2568 4042 καὶ
2613 3986 2834 4041 κόλασιν
2876 3987 3228 4059 ἐπικουρήσει
3277 3983 3509 4056 τρόπος;
3560 3981 3669 4035 οὐκ

2085 4079 2231 4131 ἐστιν
2254 4077 2451 4141 οὐδείς.
2477 4077 2767 4148 Τοιγάρτοι
2796 4077 2889 4130 καὶ
2916 4077 2945 4129 ὁ
2971 4075 3259 4138 θεσπέσιος
3286 4071 3449 4127 Δαδὶό
3469 4069 3668 4141 ψάλλει

2086 4170 2180 4224 καί
2228 4184 2418 4239 φησιν·
2456 4186 2475 4219 ι
2503 4166 2696 4238 Κύριε,
2732 4164 2805 4237 μὴ
2851 4163 2930 4235 τῷ
2972 4164 3131 4236 θυμῷ
3175 4181 3268 4217 σου
3317 4157 3538 4228 ἐλέγξῃς
3570 4171 3666 4226 με,

2091 4257 2224 4329 μηδὲ
2259 4259 2325 4328 τῇ
2372 4257 2510 4328 ὀργῇ
2541 4272 2634 4307 σου
2665 4254 2960 4325 παιδεύσῃς
2988 4271 3074 4324 με.
3109 4272 3128 4306 ι
3168 4251 3278 4306 Καὶ
3305 4248 3464 4303 πάλιν
3484 4262 3497 4276 ·
3536 4263 3555 4296 ι
3587 4244 3668 4296 Σὺ

2089 4347 2316 4419 φοϐερὸς
2363 4345 2432 4409 εἴ,
2461 4347 2553 4400 καὶ
2599 4346 2683 4410 τίς
2727 4344 3108 4415 ἀντιστήσεταί
3142 4360 3256 4406 σοι;
3294 4341 3427 4396 Ἀπὸ
3457 4336 3580 4391 τότε
3626 4336 3669 4404 ἡ

2088 4440 2224 4509 ὀργή
2282 4457 2397 4492 σου.
2433 4458 2451 4489 ι
2492 4437 2847 4507 ’Δποστρέψει
2896 4436 2993 4505 μὲν
3043 4431 3136 4488 οὖν
3179 4433 3354 4494 οὐδεὶς
3385 4431 3481 4498 τὴν
3514 4427 3670 4480 θείαν

424 4540 611 4609 ὀργήν.
642 4539 1063 4610 Καταμαλάσσει
1088 4537 1145 4592 δέ
1167 4536 1356 4607 ῶσπερ
1376 4536 1596 4608 αὐτὴνή
1624 4535 1982 4605 μετάγνωσις·
2028 4532 2226 4605 μᾶλλον
2276 4532 2332 4585 δὲ
2374 4532 2483 4585 οὐδ’
2551 4533 2618 4585 ἂν
2658 4532 2792 4594 ὅλως
2857 4529 3132 4582 σαλεύοιτο
3163 4528 3259 4600 τὴν
3285 4527 3482 4598 ἀρχὴν,
3517 4526 3567 4577 εί
3604 4520 3671 4591 δὴ

427 4629 574 4703 βιοῦν
612 4629 782 4683 ἐθέλοι
821 4647 905 4693 τις
938 4630 1113 4700 ὀρθῶς
1140 4631 1232 4684 καί
1264 4629 1523 4699 ἐννόμως,
1550 4628 1642 4681 καὶ
1675 4628 1815 4681 κατά
1843 4643 1904 4695 γε
1932 4624 1992 4679 τὸ
2027 4622 2214 4679 δοκοῦν
2241 4624 2350 4685 τοῖς
2382 4622 2512 4692 παρ’
2536 4618 2697 4674 αὐτοῦ
2729 4619 3109 4688 θεσπίσμασιν.

502 4721 658 4777 Vens.
687 4720 839 4776 5-10.
861 4719 927 4773 In
957 4720 1192 4774 omnibus
1228 4720 1309 4773 his
1336 4736 1439 4774 non
1469 4736 1681 4775 auersus
1710 4730 1784 4775 est
1813 4720 1982 4789 furor,

2172 4713 2301 4770 Ἐπὶ
2347 4713 2579 4778 τούτοις
2627 4708 2817 4768 πᾶσιν
2853 4713 2964 4765 οὐκ
3003 4710 3359 4779 ἀπεστράφη
3389 4712 3423 4765 ὁ
3455 4710 3668 4778 θυμὸς,

426 4818 515 4873 sed
535 4816 819 4871 etiamnum
858 4828 1045 4866 manus
1068 4811 1291 4867 excelsa.
1339 4810 1426 4867 Va:
1447 4812 1697 4884 Assyriis,
1723 4812 1869 4882 uirga
1903 4811 1993 4880 fu-

426 4909 562 4965 roris
602 4910 723 4971 mei,
751 4915 798 4961 et
833 4907 913 4959 ira
942 4915 1016 4959 est
1055 4905 1109 4958 in
1133 4904 1373 4959 manibus
1406 4921 1605 4959 eorum.
1641 4902 1789 4957 Iram
1826 4918 1994 4958 meum

428 5006 479 5057 in
507 5010 706 5073 gentem
726 4998 960 5069 iniquam
994 4998 1221 5063 mittam,
1263 5005 1311 5049 et
1337 4996 1528 5064 populo
1564 5011 1678 5049 meo
1702 4995 1907 5050 edicam
1936 5003 1994 5047 ut

426 5094 590 5161 faciat
620 5091 807 5161 spolia,
838 5100 884 5144 et
929 5089 1137 5157 prendas
1183 5096 1325 5155 agat,
1360 5097 1407 5139 et
1445 5087 1706 5139 conculcet
1740 5085 1912 5146 urbes,
1945 5092 1992 5136 et

430 5184 630 5253 redigat
661 5198 749 5236 eas
785 5197 840 5235 tn
874 5181 1151 5248 pulverem.
1192 5177 1310 5243 Ipse
1341 5185 1513 5228 autem
1553 5189 1656 5226 non
1684 5174 1760 5227 sic
1792 5174 1992 5242 cogita-

430 5274 518 5333 vit,
542 5285 588 5327 et
624 5274 801 5327 animo
839 5288 940 5325 non
967 5272 1040 5324 sic
1068 5266 1323 5337 reputavit
1350 5279 1365 5315 :
1400 5264 1486 5317 sed
1515 5263 1731 5316 mutabit
1762 5265 1995 5317 animum

431 5374 605 5421 suum,
637 5367 693 5412 ut
732 5362 890 5413 etiam
929 5358 1195 5427 disperdat
1233 5364 1407 5425 gentes
1448 5369 1548 5406 non
1586 5339 1801 5420 paucas.
1843 5351 1994 5418 Quod

434 5450 476 5499 si
497 5448 725 5503 dixerint
752 5452 827 5503 ei:
857 5449 935 5504 Tu
949 5450 1091 5505 solus
1114 5466 1167 5504 es
1187 5450 1458 5519 princeps;
1480 5456 1528 5503 et
1550 5447 1718 5500 dicet:
1746 5444 1867 5499 Non
1887 5447 1996 5514 cepi

436 5539 692 5608 regionem
712 5554 827 5606 quia
861 5553 934 5595 est
955 5557 1113 5610 supra
1147 5541 1486 5611 Babylonem,
1507 5549 1555 5594 et
1583 5536 1885 5608 Chalancm,
1910 5539 1997 5593 ubi

510 5694 552 5727 ιδ
588 5691 727 5757 Psal.
771 5703 843 5755 Vt,
888 5693 931 5746 l.
1007 5693 1049 5724 “
1082 5692 1220 5747 l’sal.
1256 5710 1414 5758 Lxxv,
1448 5695 1499 5751 8.

2096 4808 2230 4861 ἀλλ’
2261 4805 2350 4859 ἔτι
2389 4808 2427 4873 ἡ
2464 4803 2590 4873 χείρ
2633 4801 2862 4871 ὑψηλή.
2893 4802 3037 4856 Οὐαὶ
3076 4800 3430 4868 Ἀσσυρίοις,
3477 4800 3516 4867 ἠ
3558 4798 3673 4867 15d—

2097 4898 2237 4964 ϐδος
2285 4899 2390 4953 τοῦ
2435 4896 2624 4968 θυμοῦ
2665 4913 2805 4966 μου,
2840 4895 2938 4950 καὶ
2975 4895 3014 4961 ἡ
3060 4895 3206 4965 ὀργή
3233 4894 3403 4948 ἐστιν
3433 4894 3502 4947 ἐν
3540 4892 3675 4957 ταῖς

2095 4991 2306 5060 χερσὶν
2336 4989 2554 5044 αὐτῶν.
2591 4989 2711 5056 Τὴν
2748 4988 2934 5058 ὀργήν
2961 5005 3079 5056 μου
3116 4989 3201 5052 είς
3234 4986 3407 5052 ἔθνος
3443 4984 3675 5053 ἄνομον

2094 5079 2431 5144 ἀποστελῶ,
2461 5078 2662 5146 καὶτῷ
2680 5079 2800 5150 ἐμῷ
2834 5078 2961 5144 λαῷ
2986 5076 3268 5141 συντάξω
3289 5076 3398 5130 τοῦ
3420 5073 3675 5142 ποιῆσαι

2101 5172 2302 5225 multa
2329 5171 2427 5225 καὶ
2460 5170 2790 5240 προνομὴν,
2809 5169 2904 5224 καὶ
2932 5165 3292 5223 καταπατεῖν
3312 5166 3417 5231 τὰς
3441 5166 3670 5225 πόλεις,

2103 5264 2203 5319 καὶ
2255 5264 2440 5319 θεῖναι
2483 5263 2670 5329 αὐτὰς
2712 5263 2793 5328 ὡς
2837 5261 3165 5329 κονιορτόν.
3208 5256 3402 5323 Αὐτὸς
3446 5254 3515 5308 δὲ
3556 5255 3671 5320 οὐχ

2101 5356 2287 5421 οὕτως
2315 5355 2668 5423 ἐνεθυμήθη,
2702 5353 2800 5407 καὶ
2837 5352 2910 5420 τῇ
2934 5350 3106 5420 ψυχῆ
3141 5352 3255 5418 οὐχ
3281 5348 3470 5412 οὕτως
3501 5342 3673 5400 λελό-

2103 5464 2203 5515 γισ
2206 5463 2323 5499 ται·
2359 5445 2519 5501 ἀλλά
2565 5442 2902 5507 ἀπαλλάξει
2948 5446 2980 5497 ὀ
3024 5443 3170 5508 νοῦς
3203 5438 3408 5501 αὑτοῦ,
3439 5436 3533 5491 καὶ
3563 5433 3672 5486 τοῦ

2101 5537 2525 5606 ἐξολοθρεῦσαι
2560 5537 2703 5604 ἔθνη
2750 5538 2860 5591 οὐκ
2908 5535 3099 5605 ὀλίγα.
3139 5534 3246 5589 Καὶ
3288 5533 3396 5586 ἐὰν
3422 5531 3673 5584 εἴπωσιν
