4030 6208
461 282 566 337 235

1461 278 1519 333 S.
1561 272 1839 331 εγιιιωλ
1876 269 2342 331 ALEXANDlllNl
2382 271 2694 333 ARCHIE‘P.

3603 271 3713 327 284

462 398 635 463 scum,
679 406 732 452 et
769 397 1070 452 Samariam
1098 415 1115 453 :
1141 398 1590 467 quemadmodum
1635 399 1752 469 cepi
1792 398 1914 465 bas,
1954 398 2026 453 ita

2148 397 2290 469 ὶρξαι
2337 397 2437 468 τῆς
2482 397 2574 452 ὑπ’
2601 396 2864 469 οὺρανόν;
2919 392 3064 466 Πρὸς
3109 388 3289 456 τοῦτο,
3331 389 3519 460 φησιν,
3548 388 3719 459 ὑπέρ·

460 503 649 545 omnes
693 488 941 560 regiones
971 488 1202 557 capiam.
1235 488 1476 544 Chalane
1521 489 1704 555 igitur,
1736 490 1824 544 ubi
1864 490 2030 545 turris

460 577 723 632 aediﬁcata
777 594 806 630 a
875 576 1190 646 majoribus,
1220 576 1275 632 in
1326 579 1586 633 extremis
1634 579 2031 648 quodammodo

461 668 698 725 Orientis
738 668 1000 737 partibus,
1042 669 1181 723 ultra
1223 669 1496 739 regionem
1535 682 1592 725 et
1628 679 1825 725 terram
1854 669 2029 741 Baby-

462 760 728 814 loniorum
754 762 854 814 sita
878 769 983 815 est.
1018 761 1198 829 Itaque
1231 762 1706 831 quemadmodum,
1743 763 1937 830 inquit,
1972 762 2025 815 in

466 850 596 919 ipsis
645 848 842 906 finibus
878 851 1160 906 orientalis
1204 859 1384 916 terraa,
1429 852 1531 905 mei
1587 853 1736 918 regni
1775 857 2032 907 terminos

461 942 740 1007 constitui,
767 942 884 1011 cepi
916 952 1094 996 autem
1124 941 1440 998 Damascum
1470 954 1530 1009 et
1552 940 1879 1008 Samariam,
1906 944 2030 1013 qui-

464 1036 564 1091 bus
616 1036 690 1089 dii
740 1035 976 1103 ipsorum
1027 1046 1364 1102 nequaquam
1416 1044 1820 1100 succurrerent,
1846 1034 1925 1090 sic
1976 1044 2034 1089 et

462 1128 596 1183 alias
620 1127 867 1199 regiones
896 1135 1108 1181 exteras
1135 1125 1366 1194 capiam.
1388 1124 1540 1192 Quod
1562 1135 1737 1180 autem
1762 1124 2033 1193 Rapsaces

462 1221 624 1277 verba
661 1218 900 1274 referens
946 1219 1014 1273 ab
1062 1218 1407 1287 Assyriorum
1443 1233 1589 1288 rege,
1620 1219 1936 1274 sedentibus
1977 1218 2031 1272 in

465 1326 618 1365 muro
661 1311 878 1374 dixerit,
926 1324 1145 1364 necesse
1197 1310 1371 1364 habeo
1419 1324 1866 1363 commemorare.
1908 1306 2034 1363 Haec

463 1402 591 1456 dicit
616 1416 707 1455 rex
730 1401 1109 1471 Assyriorum:
1136 1398 1214 1454 Ne
1241 1400 1479 1470 decipiat
1506 1415 1602 1455 vos
1627 1398 1889 1455 Ezechias
1920 1417 2036 1462 ser-

471 1495 720 1548 monibus
765 1495 857 1564 qui
885 1508 981 1548 vos
1021 1496 1233 1563 eripere
1270 1508 1374 1548 non
1423 1502 1692 1562 poterunt.
1738 1491 1846 1547 Nec
1892 1492 2036 1546 dicat

466 1581 618 1637 vobis
656 1583 938 1648 Ezechias,
968 1594 1281 1652 erepturum
1324 1597 1419 1636 vos
1457 1581 1657 1648 Deum;
1694 1591 1749 1637 et
1781 1593 1901 1651 post
1929 1581 2035 1639 alia

466 1687 652 1728 rursus
686 1691 699 1726 :
749 1673 886 1728 Num
919 1674 1217 1728 liberarunt
1245 1673 1318 1727 dii
1355 1673 1591 1742 gentium
1625 1688 1778 1727 suam
1806 1673 2035 1742 quisque

2136 504 2298 541 οπτον
2338 488 2535 559 ἀφήσει
2572 486 2773 557 φωνὴν,
2799 487 2975 539 έκεῖνο
3013 483 3207 551 λέγων·
3241 481 3355 536 Οὐκ
3399 477 3589 534 ἔλαϐον
3618 480 3718 549 τὴν

2136 576 2317 649 χώραν
2365 579 2475 649 τὴν
2512 578 2694 631 ἐπάνω
2741 576 3077 638 Βαϐυλῶνος,
3113 573 3209 628 καὶ
3253 571 3539 642 Χαλάννη,
3576 564 3638 624 οὗ
3688 571 3718 621 ὁ

2137 667 2346 737 πύργος
2390 668 2752 740 ᾠκοδομήθη;
2805 667 3038 721 Ἔλαϐον
3071 663 3351 736 Ἀραϐίαν,
3386 663 3482 717 καὶ
3533 663 3720 732 Δαμασ-

2143 758 2292 824 σκὺν,
2329 760 2423 813 καὶ
2450 760 2765 832 Σαμάρειαν
2782 773 2797 787 °
2824 758 2883 813 δν
2911 759 3110 831 τρόπον
3135 755 3337 819 ταύτας
3378 753 3592 820 ἔλαϐον,
3624 756 3720 807 καὶ

2139 849 2320 914 πάσας
2352 851 2453 913 τὰς
2497 849 2682 923 χώρας
2726 849 2984 921 λήψομαι.
3031 847 3303 916 Χαλάννη,
3336 840 3399 901 οὗ
3438 846 3467 898 6
3509 844 3719 916 πύργος

2138 942 2462 1015 ᾠκοδομήθη
2507 944 2660 1015 παρά
2711 941 2819 996 τῶν
2871 939 3264 1013 ἀρχαιοτέρων,
3295 940 3472 993 κεῖται
3509 938 3609 1007 μὲν
3660 936 3721 988 ὲν

2138 1036 2384 1106 ἐσχάτοις
2409 1035 2608 1106 τρόπον
2644 1034 2766 1088 τινὰ
2795 1036 2895 1106 τῆς
2932 1031 3073 1104 ἑῴας
3101 1034 3343 1103 μέρεσιν,
3368 1029 3622 1084 ἐπέκεινα
3660 1028 3720 1082 δὲ

2136 1129 2239 1200 τῆς
2262 1128 2616 1183 Βαϐυλωνίων
2653 1127 2836 1198 χώρας
2874 1144 2935 1180 τε
2964 1126 3066 1180 καὶ
3091 1124 3436 1197 γῆς.Ὤσπερ
3479 1117 3592 1186 οὖν,
3623 1138 3722 1191 φη-

2140 1221 2244 1284 σιν,
2270 1218 2330 1284 ἐξ
2361 1218 2540 1272 αὐτῶν
2569 1217 2854 1288 τερμάτων
2882 1216 2982 1287 τῆς
3019 1214 3160 1287 ἑῴας
3191 1214 3296 1284 γῆς
3342 1214 3441 1285 τῆς
3481 1209 3719 1283 ἐμαυτοῦ

2142 1309 2416 1381 βασιλείας
2444 1308 2663 1362 τέθεικα
2693 1309 2820 1372 τοὺς
2845 1307 3025 1378 ὅρους,
3055 1301 3197 1359 εἷλον
3227 1304 3286 1358 δὲ
3316 1300 3604 1374 Δαμασκὸν
3625 1300 3721 1353 καὶ

2140 1402 2473 1474 Σαμάρειαν,
2500 1398 2868 1470 ὠφελημένας·
2887 1397 3039 1453 οὐδὲν
3073 1394 3182 1450 ἀπό
3219 1412 3284 1464 γε
3311 1389 3421 1448 τ’ὧν
3447 1395 3504 1447 ὲν
3528 1393 3721 1454 αὐταῖς

2141 1496 2309 1550 θεῶν’
2343 1493 2489 1547 οὕτω
2525 1492 2908 1563 καταλήψομαι
2958 1490 3057 1544 καὶ
3105 1488 3205 1551 τὰς
3237 1486 3341 1552 ἔξω
3367 1484 3570 1557 χώρας.
3604 1483 3722 1537 Ms-

2144 1585 2378 1659 μνῆσθαι
2399 1585 2456 1638 δὲ
2479 1585 2774 1653 ἀναγκαῖον
2792 1584 2874 1637 ὃτι
2900 1582 2996 1636 καί⁹
3018 1580 3318 1651 Ῥαψάκης,
3340 1577 3436 1642 τὰς
3457 1575 3606 1647 παρά
3625 1574 3722 1629 τοῦ

2144 1677 2406 1748 βασιλέως
2438 1674 2737 1743 Ἀσσυρίων
2761 1673 3104 1743 ἀναγγέλλων
3152 1670 3358 1741 φωνὰς,
3394 1665 3726 1741 προσπεφὼ-

468 1767 738 1837 regionem
786 1781 818 1821 e
855 1782 1017 1821 manu
1056 1768 1197 1837 regis
1226 1764 1606 1837 Assyriorum?
1634 1763 1733 1819 Ubi
1778 1776 1862 1818 est
1901 1764 2034 1819 deus

2148 1784 2269 1839 νηκε
2300 1768 2413 1829 τοῖς
2447 1766 2505 1817 έν
2536 1763 2613 1835 τῷ
2640 1763 2807 1833 τείχει
2852 1759 3203 1831 καθημένοις·
3235 1756 3374 1815 Τάδε
3404 1754 3552 1823 λέγει
3581 1755 3609 1807 6
3634 1751 3726 1823 βα⁸

464 1853 683 1919 Amatli,
714 1863 768 1906 et
796 1853 1075 1922 Arpbatb?
1106 1853 1172 1909 Et
1213 1853 1304 1908 ubi
1345 1863 1432 1908 est
1460 1857 1594 1908 deus
1635 1853 1870 1907 civitatis
1908 1852 2036 1921 Sep-

465 1943 740 2009 pharaim?
760 1943 891 1998 Num
923 1955 1209 2014 potuerunt
1237 1945 1448 2014 eripere
1476 1945 1779 2001 Samariam
1813 1958 1845 2000 e
1874 1960 2031 1998 manu

468 2033 625 2087 mea?
656 2034 790 2101 Quis
822 2036 1035 2089 tandem
1066 2049 1238 2091 estex
1266 2038 1505 2091 omnium
1546 2037 1782 2108 gentium
1820 2037 2033 2091 illarum

467 2126 589 2189 .liis,
621 2128 711 2195 qui
740 2138 939 2181 terram
974 2142 1125 2182 suam
1152 2143 1220 2183 ex
1247 2144 1407 2184 manu
1440 2145 1555 2185 mea
1598 2131 1868 2193 liberavit,
1896 2145 2035 2201 quo-

469 2218 616 2272 niam
643 2217 891 2274 liberabit
908 2220 1050 2276 Deus
1072 2221 1323 2276 lsraelem
1347 2222 1415 2277 de
1451 2238 1608 2276 manu
1638 2222 2039 2279 nica?Proinde

471 2324 650 2379 regem
692 2311 1060 2381 Assyriorum,
1095 2313 1185 2381 qui
1221 2315 1288 2368 de
1346 2329 1404 2369 se
1451 2315 1735 2385 magnifice
1767 2316 1955 2378 sensit,
1987 2326 2041 2369 et

468 2398 704 2452 divinam
752 2401 1083 2470 majestatem
1124 2402 1370 2458 deridere
1401 2404 1588 2468 voluit,
1620 2405 1795 2472 pinnis
1852 2406 2038 2470 subje—

469 2501 683 2545 cmrum
714 2505 773 2545 se
800 2490 1099 2546 denuntiat.
1124 2493 1335 2547 Etenim
1363 2502 1418 2548 et
1438 2495 1592 2550 nobis
1615 2494 1745 2565 ipsis
1777 2496 2042 2563 superbiae

474 2580 694 2635 morbus
725 2581 849 2637 odio
878 2592 961 2637 est
1003 2582 1280 2639 habendus
1315 2601 1330 2638 :
1360 2599 1482 2639 cum
1514 2593 1695 2639 autem
1737 2595 1925 2640 centra
1964 2587 2043 2654 ip-

473 2685 588 2724 sam
605 2671 842 2727 divinam
876 2673 1210 2742 majestatem
1243 2673 1431 2728 audaci
1470 2674 1656 2729 animo
1680 2673 1896 2728 inflatus
1928 2673 2043 2730 fne-

474 2762 565 2826 rit,
597 2771 744 2828 tunc,
780 2773 905 2817 tunc
931 2778 1029 2829 Vae,
1055 2773 1108 2818 et
1142 2766 1357 2834 quidem
1385 2764 1706 2835 iustissime,
1739 2765 1840 2821 hoc
1864 2763 2043 2822 facere

471 2850 779 2906 volentibus
809 2852 1159 2923 irrogabitur.

2142 1859 2322 1921 σιλεὺς
2370 1855 2690 1927 Ἀσσυρίων.
2742 1854 2834 1925 Μὴ
2880 1851 3144 1907 ἀπατάτω
3194 1849 3340 1920 ὑμᾶς
3385 1847 3414 1898 ό
3469 1843 3726 1916 βασιλεὺς

2151 1948 2395 2015 Ἐζεκίας
2443 1947 2642 2015 λόγοις,
2672 1945 2721 1999 οἳ
2767 1946 2829 1999 ού
2863 1944 3182 2014 δυνήσονται
3228 1937 3495 2010 ῥύσασθαι
3538 1935 3721 2006 ὑμᾶς’

2139 2042 2235 2095 καὶ
2283 2040 2357 2111 μὴ
2400 2037 2606 2107 λεγέτω
2653 2037 2783 2106 ὑμῖν
2823 2033 3089 2098 Ἐζεκίας,
3116 2032 3199 2085 ὅτι
3238 2029 3486 2083 Ῥύσεται
3516 2025 3664 2096 ἡμᾶς
3693 2025 3727 2077 6

2138 2130 2289 2195 Θεόςυ
2335 2130 2429 2183 καὶ
2464 2127 2583 2199 μεθ’
2615 2126 2776 2198 ἕτερα
2822 2124 3004 2178 πάλιψ
3057 2120 3149 2192 Μὴ
3196 2118 3499 2191 ἐρρύσαντο
3524 2117 3572 2168 οἱ
3607 2112 3725 2167 0εοὶ

2138 2221 2246 2277 τῶν
2289 2220 2455 2274 ἐθνῶν
2498 2219 2724 2282 ἕκαστος
2752 2217 2851 2288 τὴν
2880 2214 3074 2269 ἑαυτοῦ
3104 2210 3289 2284 χώραν
3315 2211 3380 2263 ὲκ
3411 2206 3592 2279 χειρὸς
3623 2204 3722 2275 βα-

2143 2315 2335 2377 σιλέως
2389 2310 2721 2383 Ἀσσυρίωνς
2783 2308 2887 2362 ποῦ
2942 2309 3090 2361 ἐστιν
3143 2306 3173 2357 6
3223 2302 3342 2365 θεὸς
3403 2298 3572 2370 Ἐμάθ
3629 2296 3731 2351 καὶ

2153 2404 2397 2477 Ἀρφάθ;
2441 2404 2538 2458 καὶ
2584 2399 2688 2456 πού
2737 2402 2885 2454 ἐστιν
2910 2401 2938 2452 6
2974 2397 3096 2461 θεὸς
3136 2395 3234 2466 τῆς
3274 2391 3480 2454 πόλεως
3506 2390 3729 2456 Σεπφε-

2146 2496 2371 2570 ρουείμ;
2413 2495 2487 2567 μὴ
2526 2493 2777 2548 ἐδύναντο
2806 2487 3075 2562 ῥύσασθαι
3102 2484 3415 2556 Σαμάρειαν
3444 2482 3509 2534 ὲκ
3542 2478 3731 2570 χειρός

2147 2567 2284 2660 pou;
2315 2585 2400 2651 τίς
2437 2585 2547 2640 τῶν
2583 2583 2722 2638 θεῶν
2755 2582 2973 2637 πάντων
3003 2579 3111 2634 τῶν
3139 2575 3306 2631 ἐθνῶν
3332 2573 3535 2633 τούτων
3562 2567 3734 2642 ἐρρύ-

2149 2697 2278 2734 σατο
2320 2679 2422 2749 τὴν
2478 2678 2585 2748 γῆν
2628 2674 2793 2731 αὐτοῦ
2843 2674 2910 2727 ὲκ
2962 2670 3141 2744 χειρός
3189 2686 3292 2741 μου
3312 2709 3327 2734 ,
3377 2668 3459 2720 ὅτι
3506 2663 3734 2735 ῥύσεται

2160 2767 2375 2840 Ἰσραὴλ
2403 2769 2467 2822 ὲκ
2492 2766 2675 2839 χειρός
2714 2781 2848 2836 μου;
2878 2762 3110 2831 Μεγάλα
3127 2759 3318 2815 ετοίνυν
3343 2752 3734 2840 πεφροντικότα

2147 2839 2245 2912 τὸν
2294 2857 2580 2929 Ἀσσύριον
2606 2896 2623 2921 ,
2665 2855 2762 2929 καὶ
2811 2853 2912 2923 τῆς
2956 2850 3109 2916 θείας
3153 2848 3325 2921 ὀργῆς
3375 2839 3749 2914 καταμειδιᾷνν

472 2944 749 3017 ᾑρημένον
790 2946 1084 3019 ύποθήσειν
1156 2949 1554 3018 ἐπαγγέλλεται
1591 2953 1711 3016 ταῖς
1773 2950 1970 3015 δίκαις.
2024 2952 2437 3026 Ἀπηχθημένον
2465 2922 2572 3024 ’μὲν
2599 2922 2707 3025 τάξ)
2738 2952 2835 3005 καὶ
2883 2949 3013 3020 παρ’
3037 2949 3173 3019 ἡμῖν
3199 2944 3384 3006 αὐτοῖς
3405 2940 3506 3012 τῆς
3532 2934 3736 3001 ἀλαζο-

466 3037 621 3100 νείας
654 3037 716 3091 τὸ
742 3039 1109 3104 πάΘος.”Οταν
1136 3041 1193 3095 δὲ
1216 3042 1280 3114 δὴ
1313 3042 1409 3096 καὶ
1445 3044 1614 3115 αὐτῆς
1649 3045 1748 3114 τῆς
1782 3044 1934 3108 θείας
1988 3046 2464 3121 καταθρασύνηται
2487 3044 2664 3119 δόξης.
2710 3043 2832 3097 τότε
2884 3040 2950 3112 δὴ
2975 3040 3097 3094 τότε
3162 3038 3224 3092 τδ
3254 3035 3377 3091 οὐαὶ
3408 3032 3504 3086 καὶ
3526 3026 3735 3100 σφόδρα

471 3128 696 3193 δικαίως
721 3134 832 3194 τοῖς
855 3132 1014 3185 τοῦτο
1037 3133 1168 3204 δρᾷν
1197 3133 1442 3187 ἐθέλουσι
1474 3134 1879 3206 ὲποισθήσεται.

549 3223 709 3280 Vens.
749 3227 827 3281 il.
867 3224 1078 3281 Ululule
1124 3228 1391 3293 sculptilia
1448 3232 1503 3283 in
1550 3229 1847 3284 Jerusalem
1894 3240 1943 3284 et
1991 3231 2047 3283 in
2076 3234 2119 3291 C

472 3313 742 3371 Samaria.
781 3319 1234 3383 Quemadmodum
1259 3324 1395 3375 enim
1432 3322 1532 3392 feci
1556 3321 1819 3378 Samaria
1838 3322 2048 3393 ejusque

475 3406 818 3476 manufactis,
851 3410 929 3465 sic
962 3410 1158 3477 faciam
1199 3422 1247 3465 et
1278 3411 1676 3478 Jerusalem,‘ct
1721 3411 1878 3468 idolis
1912 3412 2045 3481 ejus.

551 3585 762 3642 induxit
813 3587 973 3642 modo
1023 3585 1133 3642 alta
1170 3596 1224 3642 et
1279 3588 1485 3643 tumida
1514 3588 1843 3660 cogitantem
1882 3589 2051 3660 Assy-

479 3678 643 3734 rium.
676 3677 939 3734 Samaria:
972 3680 1120 3734 enim
1156 3679 1318 3736 urbes
1338 3679 1530 3736 deleta:
1556 3695 1680 3736 cum
1712 3689 1917 3745 essent,
1946 3681 2052 3736 diis

483 3770 625 3827 falso
655 3772 980 3843 nuncupatis
1020 3788 1126 3827 non
1160 3773 1631 3839 succurrentibus,
1668 3774 1778 3829 imo
1815 3774 2051 3829 incensis

477 3863 643 3918 etiam
670 3878 791 3920 cum
820 3865 952 3935 ipsis
995 3866 1234 3922 delubris
1250 3875 1307 3922 et
1333 3866 1595 3923 altaribus
1620 3884 1634 3921 :
1666 3882 1900 3936 eumque
1918 3867 2049 3923 sub-

475 3955 646 4025 jicerc
669 3956 856 4011 αἰιίοηί
883 3972 994 4012 suae
1018 3958 1180 4029 174
1203 3958 1631 4026 Hierosolymam
1651 3959 1768 4015 sive
1785 3958 2048 4024 Judaaam,

480 4047 644 4102 etiam
680 4047 849 4103 invito
876 4049 1207 4118 sempiterno
1257 4049 1378 4118 ejus
1431 4062 1703 4108 assertore
1749 4057 1804 4105 et
1834 4066 2050 4106 conser-

481 4146 670 4191 vatore
701 4136 832 4206 Deo,
878 4139 1188 4208 cngitasset,
1239 4153 1434 4194 causas
1480 4139 1624 4197 illico
1662 4139 1839 4205 nobis,
1867 4149 1921 4195 et
1955 4155 2053 4195 cur

480 4230 598 4299 ipsa
644 4239 928 4298 caperetur
973 4228 1237 4296 Samaria,
1291 4231 1702 4300 compluresque
1739 4233 1902 4288 urbes
1951 4229 2048 4286 Ju-

475 4319 630 4386 «ιω»,
663 4322 975 4390 prophetica
1004 4321 1182 4376 oratio
1216 4319 1423 4391 adjicit.
1455 4319 1592 4376 Hine
1618 4335 1721 4377 nec
1761 4337 1896 4379 sane
1943 4323 2050 4377 im-

478 4411 676 4464 merito
703 4412 875 4480 ipsum
919 4413 1209 4482 impietatis
1248 4426 1420 4484 genus
1453 4414 1506 4467 in
1546 4414 1866 4471 memoriam
1906 4414 2054 4470 redi-

2237 3223 2601 3289 Ὀλολύεατε
2632 3221 2705 3275 τὰ
2731 3218 2966 3289 γλυπτὰ
2993 3215 3065 3270 ἐν
3103 3207 3486 3283 Ἰερουσαλὴμ
3528 3206 3627 3271 καὶ
3657 3207 3749 3262 ἐν

2152 3318 2466 3390 Σαμαρείᾳ.
2499 3317 2603 3368 ’ον
2635 3312 2857 3382 τρόπον
2879 3308 2988 3380 γὰρ
3012 3306 3274 3374 ἐποίησα
3306 3300 3602 3371 Σαμαρείᾳ
3629 3299 3735 3352 καὶ

2150 3412 2276 3478 τοῖς
2315 3406 2752 3480 χειροποιήτοις
2794 3400 3006 3470 αὐτῆς,
3042 3399 3229 3465 οὕτως
3261 3394 3494 3463 ποιήσω
3537 3392 3635 3447 καὶ
3662 3392 3738 3445 ἐν

2163 3499 2571 3571 Ἰερουσαλὴμ,
2597 3498 2697 3552 καί
2728 3495 2852 3563 τοῖς
2880 3491 3147 3557 εἰδώλοις
3166 3488 3378 3561 αὐτῆς.

2224 3593 2619 3663 Είσκεκόμικεν
2648 3589 2849 3661 ἀρτίως
2886 3584 3066 3657 ὑψηλά
3097 3584 3192 3639 καὶ
3216 3582 3495 3651 ὑπέρογκα
3524 3595 3732 3649 πεφρο-

2151 3687 2356 3759 νηκότα
2383 3686 2474 3738 τὸν
2504 3681 2806 3752 Ἀσσύριον.
2854 3674 3074 3747 Ἐπειδὴ
3112 3673 3221 3745 γὰρ
3264 3673 3363 3737 τάς
3414 3671 3511 3741 τῆς
3556 3670 3741 3741 Σαμακ

2155 3779 2305 3851 ρείας
2351 3775 2655 3846 ὠλόθρευσε
2701 3771 2884 3834 πόλεις
2925 3769 3026 3822 οὐκ
3074 3763 3504 3835 ἐπικουρούντων
3542 3762 3737 3823 αὐταῖς

2151 3872 2258 3927 τῶν
2287 3867 2653 3940 ψευδωνύμων
2704 3863 2864 3928 θεῶν,
2913 3857 3450 3931 κατεμπρησθέντων
3482 3854 3537 3907 δὲ
3572 3853 3739 3907 πάλιν

2153 3964 2335 4026 αὐτοῖς
2357 3960 2607 4030 τεμένεσι
2629 3958 2723 4011 καὶ
2752 3957 2976 4026 βωμοῖς.
3002 3948 3418 4020 Διατεθειμένου
3443 3946 3501 3999 δὲ
3531 3947 3613 3999 ὅτι
3641 3946 3741 4000 καὶ

2152 4052 2320 4124 αὐτὴν
2345 4050 2451 4105 ὑπὸ
2477 4052 2633 4120 χεῖρα
2673 4046 2897 4117 ποιῆσαι
2927 4043 3026 4116 τὴν
3075 4037 3450 4114 Ἰερουσαλὴμ,
3485 4037 3605 4106 ἤτοι
3636 4034 3740 4105 τὴν

2166 4144 2448 4209 Ἰουδαίαν,
2484 4142 2580 4196 καὶ
2620 4141 2672 4194 εἱ
2720 4137 2795 4211 μὴ
2829 4135 3070 4209 βούλοιτο
3107 4130 3269 4202 τυχὸν
3310 4132 3342 4184 6
3384 4125 3745 4201 προασπίξων

2153 4236 2326 4307 αὐτῆς
2385 4234 2471 4289 ἀεί
2526 4250 2587 4286 τε
2643 4229 2830 4295 σώζων
2875 4224 3129 4297 Χριστός,
3167 4222 3265 4286 τὰς
3293 4220 3472 4283 αίτίας
3504 4217 3669 4280 εὐθὺς
3712 4220 3744 4270 ὁ

2153 4326 2491 4401 προφητικδς
2533 4326 2665 4396 ήμῖν
2712 4318 3044 4391 παρατίθησι
3085 4314 3241 4383 λόγος
3292 4311 3386 4366 τοῦ
3436 4310 3529 4364 καὶ
3568 4308 3746 4401 αὐτην

2153 4398 2362 4476 ἁλῶναι
2405 4418 2506 4489 τὴν
2550 4413 2887 4485 Σαμάρειαν,
2935 4407 3192 4471 πλείστας
3235 4405 3471 4465 δὲδσας
3517 4398 3749 4468 καὶτῆς

481 4502 577 4566 git,
604 4517 808 4571 eosque
835 4504 1044 4559 ululare
1066 4506 1219 4572 jubet
1243 4514 1299 4560 et
1329 4504 1545 4574 plorare
1573 4522 1588 4559 :
1620 4513 1677 4560 et
1700 4515 1914 4561 tantum
1943 4521 2043 4562 non

2166 4511 2425 4574 Ἰουδαίας
2451 4508 2654 4574 πόλεις.
2687 4505 2875 4578 Ταύτῃ
2914 4517 2998 4556 τοι
3032 4500 3128 4555 καὶ
3179 4496 3325 4593 μάλα
3365 4493 3589 4593 εἰκότως
3610 4489 3746 4593 ,τῶν

478 4593 886 4662 obstupefactus
917 4613 1026 4666 pra:
1044 4597 1345 4653 defectione
1369 4614 1399 4654 a
1428 4599 1686 4669 singulari
1713 4600 1803 4653 illa
1832 4601 2050 4671 pietate,

481 4683 820 4752 proclamat:
876 4686 1090 4742 Ululate
1125 4690 1397 4759 sculptilia
1451 4691 1503 4746 in
1527 4689 1828 4748 Jerusalem
1870 4701 1925 4747 et
1956 4692 2054 4747 Sa-

482 4776 675 4831 maria.
708 4777 841 4834 Nam
866 4780 957 4835 ubi
984 4781 1163 4852 dignis
1195 4783 1496 4840 honoribus
1526 4784 1691 4839 Deum
1725 4785 2049 4842 universita-

476 4869 551 4923 tis
583 4868 760 4925 colcre
785 4872 1044 4942 oportuit,
1071 4873 1184 4928 illic
1206 4876 1595 4938 contemnitur,
1637 4885 1692 4930 et
1723 4876 1928 4931 honore
1950 4892 2050 4933 suo

475 4970 813 5031 congruente
857 4971 912 5017 et
945 4962 1127 5019 debito
1169 4963 1416 5033 privatus
1445 4975 1548 5020 est.
1579 4964 1934 5035 Sculptilibus
1973 4968 2050 5023 si-

477 5051 697 5121 quidem
734 5054 1080 5111 veneratione
1110 5055 1397 5135 attributa.
1439 5057 1556 5111 ausi
1590 5065 1719 5112 sunt
1751 5058 1932 5113 miseri
1971 5061 2051 5113 di-

482 5156 610 5197 cere
635 5145 779 5215 ligno
814 5164 827 5200 :
868 5163 888 5197 ι
925 5144 1064 5203 Deus
1105 5161 1261 5203 meus
1282 5162 1353 5228 es
1383 5154 1438 5214 tu
1466 5163 1481 5211 ;
1513 5155 1569 5201 et
1611 5146 1771 5217 lapidi
1800 5167 1813 5202 :
1845 5148 1923 5202 Tu
1956 5166 2051 5219 ge-

2151 4605 2251 4675 τῆς
2298 4599 2616 4662 δυσσεϐείας
2673 4596 2890 4669 τρόπων
2952 4593 3033 4656 είς
3099 4589 3405 4660 ἀνάμνησιν
3447 4582 3743 4675 ἀποφέρει,

2147 4674 2419 4761 ὀλολύζειν
2442 4710 2503 4746 τε
2528 4691 2746 4754 αὐτοὺς,
2780 4687 2877 4743 καὶ
2906 4681 3272 4754 κατοιμώζειν
3295 4676 3528 4734 κελεύει.
3562 4674 3749 4729 Μόνον

2145 4789 2203 4843 δὲ
2226 4787 2347 4858 οὐχὶ
2370 4780 2765 4853 κατατεθη-πὼς
2793 4780 2891 4848 τὴν
2918 4774 3223 4832 ἀπόστασιν
3249 4774 3315 4827 ὲκ
3342 4766 3617 4840 φιλοθετας
3640 4764 3747 4833 τῆς

2145 4882 2286 4949 ἀγαν
2322 4877 2615 4948 ἀναφωνεὶη
2662 4871 2999 4939 Ὀλολύξατε,
3031 4864 3250 4937 γλυπτά
3288 4865 3346 4918 έν
3388 4858 3750 4932 Ἰερουσαλὴμ

2155 4975 2251 5029 καί⁸
2278 4975 2335 5026 ὲν
2364 4968 2667 5041 Σαμαρείᾳ.
2694 4967 2866 5021 Ὅπου
2908 4963 3021 5033 γὰρ
3059 4960 3167 5014 ἔδει
3210 4954 3333 5018 ταῖς
3368 4949 3749 5041 καθηκούσαις

2154 5062 2344 5132 τιμαῖς
2384 5038 2476 5113 τὸν
2524 5038 2633 5112 τῶν
2680 5055 2817 5110 ὅλων
2864 5045 3360 5121 καταγεραίρεσθαι
3413 5040 3567 5102 Θεὸν,
3626 5038 3757 5132 ἐκεῖ

2158 5130 2488 5226 παρορᾶται,
2523 5150 2619 5204 καὶ
2645 5149 2746 5219 τῆς
2780 5145 2932 5217 αὐτῷ
2961 5140 3281 5216 πρεπούσης
3315 5154 3377 5191 τε
3406 5134 3503 5226 και
3530 5130 3750 5226 ὀφειλο-

483 5237 651 5293 nuisti
685 5253 771 5294 me
793 5238 858 5296 ⁸⁸.
894 5257 913 5292 ι
943 5241 1131 5310 Itaque
1156 5223 1307 5296 velut
1329 5238 1594 5294 attonitus
1613 5240 1898 5308 propheta,
1917 5240 2043 5295 hanc

2162 5223 2332 5317 μένης
2359 5242 2522 5315 τιμῆς
2549 5240 2858 5312 ἐπέρηται.
2882 5236 3143 5297 Γλυπτοῖς
3170 5230 3279 5303 γὰρ
3316 5228 3378 5284 τὸ
3411 5223 3749 5317 σέϐαςλάνα-

483 5330 934 5388 exclamationem
962 5332 1128 5389 facit:
1168 5333 1400 5397 scilicet,
1428 5330 1703 5401 sculptilis
1736 5332 1789 5387 in
1823 5329 2043 5388 Jerusa-

2152 5311 2337 5401 θέντες
2382 5311 2434 5389 οί
2481 5311 2738 5397 δείλαιοι,
2783 5328 3180 5400 τετολμήκασιν
3229 5321 3404 5375 εἰπεῖν
3456 5316 3534 5387 τῷ
3581 5311 3746 5382 ξύλῳ·

494 5422 599 5475 lem
648 5432 704 5478 et
753 5424 807 5478 in
854 5425 1124 5483 Samaria.
1160 5425 1474 5498 Cuiusmodi
1520 5434 1607 5482 est
1651 5428 1793 5495 quod
1826 5434 1883 5482 et
1925 5441 2043 5482 νοοε

2169 5446 2187 5477 ι
2225 5426 2357 5490 Θεός
2399 5442 2499 5497 μου
2528 5419 2580 5477 εί
2606 5422 2692 5476 σύο
2730 5418 2921 5490 καὶτῷ
2959 5416 3110 5488 λίθῳ,
3143 5414 3215 5468 Σὺ
3245 5405 3543 5482 ὲγέννησάς
3575 5420 3671 5498 με.
3714 5421 3733 5452 ι

399 5508 412 5523 ’
491 5514 743 5571 Ieremia!
764 5515 896 5570 dicit
923 5519 990 5573 de
1035 5495 1335 5577 Jerusalem
1370 5539 1383 5577 :
1418 5518 1559 5589 Quid
1605 5517 1800 5575 dilecta
1832 5517 1961 5576 fecit
1998 5519 2043 5574 iu

2165 5517 2374 5573 Οὐκοῦν
2402 5495 2526 5586 μετ’
2571 5512 2883 5583 ἐκπλήξεως
2914 5508 3077 5564 οἱονεὶ
3118 5504 3196 5577 τῷ
3226 5503 3482 5574 προφήτῃ
3522 5495 3763 5567 γέγονεν

563 5668 607 5699 ⁸⁸
636 5666 837 5725 Jerem.
874 5681 933 5733 tt,
967 5669 1053 5723 27.
