4002 6212
283 261 401 318 233

1442 274 1509 337 ΙΝ
1543 282 1779 342 ISAIAM
1817 286 1945 343 LIB.
1988 291 2029 345 l.
2065 290 2275 347 ORAT.
2323 291 2410 348 Vl.

3460 295 3568 354 ‘286

287 380 638 475 ἀναθρῶν-τίμα
692 382 756 436 τὸ
805 385 1115 456 είρημένονο
1160 389 1302 445 τοῦτ’
1348 393 1516 461 ἔστιν,
1572 400 1787 468 γλυπτά
1828 404 1886 456 ὲν

1999 406 2155 461 domo
2176 419 2294 461 mea
2316 405 2771 461 abominationem
2791 406 2817 458 ?
2838 405 2982 459 Dixit
3005 419 3172 475 porro
3196 414 3253 458 et
3280 418 3377 473 per
3399 420 3566 461 unum

302 472 667 545 Ἰερουσαλὴμ
708 475 803 529 καὶ
842 479 902 531 ἐν
935 479 1238 554 Σαμαρείᾳ.
1274 486 1528 542 Τοιοῦτόν
1565 506 1619 543 τι
1653 493 1748 545 καὶ
1792 492 1881 547 διὰ

291 564 482 634 φωνῆς
522 564 787 637 Ἱερεμίου
831 572 966 641 φησὶ
1013 574 1142 644 περὶ
1185 575 1287 646 τῆς
1341 576 1715 654 Ἰερουσαλήμ·
1749 585 1877 657 Τίὴ

289 656 630 728 ἠγαπημένη
674 660 735 712 ὲν
772 658 853 731 τῷ
884 663 1017 733 οἴκῳ
1044 681 1147 735 μου
1174 668 1397 740 ἐποίησε
1438 671 1750 744 βδέλυγμα;
1776 656 1881 748 ἐφη

291 748 350 840 δέ
381 764 488 840 που
514 750 611 803 καὶ
625 749 696 803 δι’
718 752 840 816 ἐνὸς
863 758 1166 827 προφήτου·
1185 777 1205 811 t
1229 762 1439 828 Σκοπὸς
1471 765 1712 838 Ἐφρατμ
1743 769 1884 840 μετὰ

292 838 454 907 θεοῦ,
482 842 775 914 προφήτης
820 845 985 913 παγις
1019 850 1228 917 σκολιὰ,
1267 854 1361 907 ἐπὶ
1392 856 1572 921 πάσας
1597 838 1754 924 ὁδοὺς
1781 840 1912 914 αῡ-’

294 931 412 1024 τοῦ,
432 932 636 1003 μανίαν
651 935 711 1024 έν
723 935 859 1004 οἴκῳ
874 939 1078 1011 Κυρίου
1096 943 1430 1019 κατέπηξαν.
1457 968 1476 1001 s
1513 949 1885 1024 Ἰδρυσάμενοι

294 1022 406 1092 γὰρ
424 1024 486 1077 ιν
506 1026 624 1087 τοῖς
649 1023 1045 1098 Ἰεροσολύμοις
1071 1031 1289 1104 βωμοὺς
1317 1038 1410 1090 καὶ
1424 1022 1782 1112 χειρόκμητα,
1800 1060 1884 1097 τε·

299 1113 503 1169 ούκασι
525 1118 595 1187 τῇ
627 1116 796 1177 Βαὰλ,
824 1120 917 1171 καὶ
947 1124 1014 1192 τῇ
1043 1128 1274 1198 στρατιᾷ
1299 1127 1391 1182 τοῦ
1423 1131 1673 1201 οὐρανοῦ.
1692 1133 1884 1206 Δεδρά·

294 1223 426 1262 κασι
446 1206 510 1262 δὲ
528 1210 687 1262 ταυτὶ
713 1211 806 1263 καί
835 1213 884 1264 οἱ
917 1214 974 1264 ἐν
1003 1217 1069 1286 τῇ
1103 1217 1402 1293 Σαμαρείᾳ.
1429 1225 1526 1276 "Ov
1544 1224 1747 1295 τρόπον
1773 1225 1885 1279 τοί-

294 1315 413 1358 νυν,
433 1298 626 1368 φησὶν,
655 1300 885 1371 ὶποίησα
913 1304 1216 1377 Σαμαρείᾳ,
1238 1310 1466 1376 καὶτοῖς
1487 1317 1884 1387 χειροποιήτοις

294 1391 493 1462 αὐτῆς,
513 1389 688 1456 οὕτως
706 1396 921 1466 ποιήσω
951 1399 1045 1451 καὶ
1077 1399 1453 1475 Ἰερουσαλὴμ,
1480 1407 1575 1459 καὶ
1597 1411 1708 1473 τοῖς
1734 1408 1885 1462 είδώ-

294 1481 413 1545 λοις
451 1483 646 1554 αὐτῆς.
678 1479 777 1549 Οἷς
813 1486 924 1559 γὰρ
961 1489 1166 1560 ἀδελφά
1204 1493 1275 1546 τὰ
1300 1495 1644 1567 τολμήματα,
1673 1500 1886 1563 τούτοις

294 1574 487 1630 ἕποιτο
512 1575 581 1629 ἂν
605 1576 833 1640 εἰκότως
854 1579 950 1633 καὶ
975 1582 1288 1657 ίσοπαλὴςή
1318 1586 1462 1655 δίκη.
1492 1588 1701 1643 Οὐκοῦν
1724 1589 1884 1644 έλαόε

298 1666 403 1736 μὲν
424 1670 455 1722 ὁ
485 1668 774 1741 ’Δσσύριος
808 1672 905 1726 καὶ
929 1674 1218 1745 Δαμασκὸν
1244 1679 1338 1732 καὶ
1367 1679 1701 1752 Σαμάρειαν.
1736 1683 1886 1747 Ὀδδς

1987 499 2302 566 prophetam
2328 517 2340 552 :
2363 516 2380 549 ι
2407 496 2995 568 Speculatorprraim
3014 511 3136 551 cum
3156 494 3286 561 Deo,
3303 497 3564 567 propheta

1986 588 2212 658 laqueus
2253 598 2531 644 tortuosos
2577 590 2632 643 in
2681 589 2934 644 omnibus
2963 586 3065 642 viis
3090 588 3250 657 ejus:
3293 588 3565 642 insaniam

1986 680 2039 733 in
2052 680 2212 734 domo
2229 680 2439 735 Domini
2464 678 2905 735 coniixerunt“'.
2919 697 2938 731 ι
2959 676 3256 733 Collocatis
3277 677 3419 732 enim
3443 678 3567 732 Hie-

1990 770 2275 841 rosolyma
2297 769 2560 825 altaribus
2588 779 2643 825 et
2680 767 3289 834 manucouditis,Baalo
3321 777 3379 823 ct
3419 767 3566 821 mili-

1986 863 2074 917 tia
2106 862 2228 917 caeli
2254 861 2654 916 sacriﬁcarunt.
2693 861 2845 929 Quod
2877 865 3042 916 etiam
3074 858 3339 916 Samaria
3370 857 3564 911 incolzn

1994 952 2261 1008 fecerunt.
2287 951 2750 1019 Quemadmodum
2779 950 2971 1022 igitur,
2999 950 3197 1021 inquit,
3227 948 3329 1004 ieci
3371 945 3566 1001 Sama-

1988 1045 2080 1098 ria:
2115 1052 2167 1099 et
2205 1042 2527 1098 manufaetis
2551 1042 2687 1113 ejus,
2720 1043 2802 1099 sic
2834 1041 3029 1099 iaciam
3069 1050 3124 1097 et
3166 1038 3472 1096 Jerusalem
3507 1048 3564 1093 et

1988 1132 2147 1187 idolis
2181 1132 2320 1202 ejus.
2351 1130 2592 1199 Quorum
2622 1134 2769 1188 enim
2823 1132 3020 1189 similia
3070 1141 3125 1186 et
3174 1138 3402 1201 cognata
3438 1137 3565 1183 sunt

1987 1222 2271 1286 maleﬁcia,
2305 1238 2398 1279 eos
2447 1225 2639 1279 merito
2686 1225 2989 1280 consimilis
3027 1223 3188 1279 etiam
3238 1238 3399 1294 paena
3432 1235 3564 1276 con-

1987 1325 2264 1381 sequetur.
2301 1314 2459 1385 Cepit
2499 1315 2665 1386 igitur
2703 1315 2960 1387 Assyrius
2996 1315 3317 1370 Damascum
3357 1322 3412 1367 et
3462 1310 3565 1365 Sa-

1987 1412 2211 1465 mariam
2240 1428 2253 1465 :
2281 1409 2365 1463 via
2398 1420 2577 1463 autem
2610 1409 2768 1475 hujus
2798 1409 2871 1462 rei
2897 1406 3247 1463 conﬁciendae
3268 1414 3320 1457 et
3341 1404 3558 1459 occasio

1994 1502 2238 1556 victoriae
2271 1499 2392 1568 fuit,
2422 1499 2687 1553 idolorum
2722 1497 2945 1559 elﬁctio,
2974 1512 3096 1552 cum
3142 1494 3402 1551 Samariae
3450 1503 3561 1547 tum

1988 1591 2425 1663 Hierosolymis:
2459 1590 2691 1657 ideoque
2727 1591 2809 1643 his
2855 1590 2945 1656 qui
2999 1587 3124 1641 talia
3171 1598 3386 1657 patrare
3432 1598 3564 1637 cou-

1988 1688 2301 1743 sueverunt,
2338 1679 2685 1749 dignissimas
2731 1693 2924 1747 poenas
2973 1677 3188 1733 inﬂixit.
3239 1676 3336 1731 Est
3380 1676 3564 1742 itaque

293 1756 351 1813 δὲ
376 1758 477 1814 τοῦ
501 1762 827 1833 πράγματος
849 1765 1022 1836 αὐτῷ,
1056 1768 1151 1820 καὶ
1177 1767 1270 1821 τοῦ
1308 1772 1634 1842 κατισχῦσαι
1668 1776 1882 1845 πρόφα-

1999 1787 2151 1843 grave
2182 1771 2378 1834 scelus,
2406 1780 2463 1825 et
2495 1771 2630 1825 iram
2663 1770 2899 1825 divinam
2926 1769 3081 1824 nobis
3103 1768 3338 1823 accersit
3362 1766 3564 1834 ubique

297 1867 410 1915 σῑς,
430 1852 467 1923 ἡ
499 1852 609 1906 τῶν
633 1852 867 1909 είδῶλων
898 1858 1117 1929 ποίησις
1140 1854 1229 1930 ἦν,
1256 1862 1288 1932 ή
1323 1862 1381 1915 ἐν
1407 1879 1463 1916 τε
1485 1866 1549 1935 τῇ
1578 1865 1878 1939 Σαμαρείᾳ,

296 1941 396 1996 καὶ
434 1943 552 2006 τοῖς
583 1944 997 2018 Ἱεροσολύμοις.
1026 1949 1292 2024 Ταύτῃτοι
1325 1952 1420 2006 καὶ
1457 1956 1570 2017 τοῖς
1608 1954 1675 2009 τὰ
1704 1957 1882 2011 τοιάδε

294 2032 433 2105 δρᾷν
456 2035 732 2104 εἰωθόσιν,
759 2040 861 2101 τάς
889 2042 1349 2111 πρεπωδεστάτας
1379 2041 1673 2118 έξῄτηνται
1706 2046 1880 2111 δίκας.

295 2125 553 2184 Χαλεπὸν
596 2124 691 2184 οῦν
738 2131 870 2204 ἀρα,
907 2134 1002 2187 καὶ
1033 2133 1202 2206 ὀργῆς
1240 2138 1372 2208 ἡμῖν
1407 2137 1508 2208 τῆς
1546 2140 1699 2211 παρὰ
1747 2139 1885 2194 Θεοῦ

1993 1865 2256 1920 idolorum
2286 1863 2485 1919 etiictio
2516 1881 2530 1919 :
2569 1863 2731 1933 idque
2765 1863 2928 1918 etiam
2956 1862 3000 1916 si
3047 1861 3169 1928 quis
3198 1858 3339 1914 forte
3365 1858 3468 1911 hoc
3505 1855 3561 1909 in

1991 1956 2174 2009 animo
2201 1965 2256 2010 et
2290 1964 2473 2009 mente
2504 1954 2871 2008 fabricaverit.
2900 1952 3189 2006 Abducunt
3219 1949 3365 2004 enim
3399 1946 3486 1999 illa
3528 1960 3558 1998 a

1992 2047 2279 2103 dilcCtione
2325 2047 2378 2100 in
2409 2046 2599 2109 Deum,
2633 2044 2916 2098 incantant
2945 2041 3206 2103 animum,
3241 2048 3295 2105 et
3329 2037 3395 2089 ad
3444 2048 3564 2103 qua:

1993 2155 2099 2192 non
2138 2146 2351 2207 oportet
2385 2137 2626 2192 trahunt.

296 2217 563 2293 πρόξινρν
622 2224 659 2295 ἡ
704 2224 816 2279 τῶν
877 2223 1111 2280 εἰδώλων
1168 2229 1386 2302 ποίησις
1429 2232 1725 2304 πανταχοῦ,
1781 2234 1884 2288 κᾶν
1921 2235 1973 2288 εἴ
2009 2251 2094 2297 τις
2130 2234 2210 2297 είς
2238 2232 2367 2285 νοῦν
2401 2214 2759 2301 καικαρδίαν
2791 2227 2952 2281 τοῦτο
2992 2224 3140 2299 δρῴη
3177 2222 3360 2293 τυχόν.
3399 2220 3563 2273 Ἀπο-

298 2308 462 2383 φέρει
510 2311 625 2384 γὰρ
672 2314 900 2368 κάκεῖνα
944 2314 1045 2384 τῆς
1094 2316 1174 2380 εἷς
1229 2318 1362 2374 Θεὸν
1405 2320 1647 2392 ἀγάπης,
1712 2310 2187 2391 καταγοητεύοντα
2219 2319 2318 2392 τὴν
2355 2318 2604 2391 καρδίαν,
2635 2316 2731 2371 καὶ
2791 2317 2876 2385 ἐφ’
2904 2315 2941 2370 ἀ
3010 2314 3086 2385 μὴ
3152 2309 3430 2383 προσῆκεν
3460 2305 3547 2371 ἐξ·

371 2490 485 2546 Καὶ
507 2490 682 2548 ἔσται
704 2491 853 2547 ὅταν
872 2494 1216 2567 συντελέσῃ
1238 2499 1451 2567 Κύριος
1477 2499 1675 2554 πάντα
1701 2498 1888 2554 ποιῶν

298 2582 374 2637 ἐν
402 2579 488 2648 τῷ
510 2581 639 2655 ὄρει
662 2583 836 2646 Σιὼν,
866 2586 963 2639 και
994 2587 1065 2641 ἐν
1097 2587 1512 2661 Ἰερουσαλὴμ,
1550 2590 1759 2656 ἑπάξει
1787 2573 1886 2645 ἐπι

300 2673 411 2729 τὸν
426 2673 585 2730 νοῦν
602 2674 712 2730 τὸν
725 2676 919 2747 μέγαν
939 2678 1047 2732 τὸν
1083 2680 1344 2750 ἄρχοντα
1373 2681 1494 2736 τῶν
1528 2684 1884 2752 Ἀσσυρίων,

302 2766 404 2821 καί
434 2765 538 2821 ἐπὶ
566 2766 635 2820 τὸ
654 2767 812 2836 ὕψος
837 2767 942 2836 τῆς
967 2769 1153 2837 δόξης
1176 2770 1294 2825 τῶν
1325 2771 1650 2843 ὀφθαλμῶν
1675 2773 1884 2828 αὑτοῦ.

302 2854 457 2914 εἶχε
492 2858 622 2929 τᾶρ’
657 2859 734 2929 Τῆ
787 2864 962 2932 ἰσχύϊ
1007 2862 1259 2931 ποιήσω,
1309 2867 1406 2920 καὶ
1445 2865 1520 2935 τῇ
1555 2866 1741 2936 σοφίᾳ
1775 2865 1887 2934 τῆς

302 2950 635 3019 συνέσεως,
660 2953 862 3023 ἀμελῶ
891 2954 1023 3024 ὅρια
1057 2954 1265 3020 ἐθνῶν,
1300 2957 1396 3011 καί
1423 2957 1538 3027 τὴν
1566 2958 1751 3029 ισχὺν
1782 2961 1889 3014 αὑ-

303 3044 427 3099 τῶν
461 3047 872 3115 προνομεύσω·
905 3047 1002 3101 καὶ
1040 3049 1228 3102 σείσω
1260 3050 1468 3116 πόλεις
1506 3049 1885 3121 κατοικουμέ-

2066 2495 2226 2550 Vsus.
2256 2493 2444 2549 12-”.
2479 2493 2547 2547 Et
2569 2493 2668 2547 erit
2698 2508 2817 2545 cum
2835 2489 3271 2545 consummaverit
3308 2488 3566 2544 Dominus

1989 2591 2165 2644 omnia
2198 2588 2398 2656 faciens
2440 2587 2494 2640 in
2521 2592 2697 2640 monte
2721 2581 2874 2649 Sion,
2913 2595 2958 2636 et
2994 2581 3316 2642 Jerusalem,
3356 2580 3567 2633 inducet

1986 2696 2144 2750 super
2185 2687 2406 2732 mentem
2452 2692 2717 2746 magnam,
2759 2674 3044 2744 principem
3092 2671 3460 2742 Assyriorum,
3517 2680 3567 2724 ct

1989 2787 2147 2842 super
2171 2768 2531 2824 celsitudinem
2559 2766 2746 2837 gloria
2767 2766 3039 2819 oculorum
3061 2763 3195 2825 eius.
3224 2761 3366 2816 Dixit
3388 2762 3524 2815 enim
3547 2775 3566 2815 :

1994 2863 2060 2917 In
2092 2861 2399 2931 fortitudine
2421 2859 2646 2928 faciam,
2683 2869 2728 2911 et
2779 2856 2938 2926 175
2962 2857 3220 2923 sapientia
3251 2853 3564 2918 intellectus,

1995 2954 2177 3009 tollam
2200 2952 2431 3023 gentium
2456 2952 2726 3012 terminos,
2746 2959 2791 3002 et
2821 2949 2981 3002 robur
3002 2963 3180 2999 eorum
3201 2946 3566 3012 deprwdabor.

1994 3058 2042 3101 et
2074 3046 2369 3100 concutiant
2402 3042 2554 3096 urbes
2595 3041 2883 3099 habitatas.
2924 3047 2971 3092 et
3000 3040 3175 3090 orbem
3207 3047 3361 3090 terra:
3402 3046 3568 3089 totum

303 3138 437 3205 νας,
493 3136 596 3192 καὶ
639 3137 757 3205 τὴν
798 3138 1159 3209 οίκουμένην
1187 3139 1341 3209 ὅλην
1370 3120 1793 3214 καταλήψομαι
1818 3143 1891 3214 τῇ

1999 3137 2426 3209 comprehendam
2452 3152 2635 3201 manu,
2673 3145 2719 3188 et
2754 3142 2809 3187 ut
2848 3131 3098 3186 derelicta
3125 3146 3221 3184 ova
3254 3128 3458 3183 tollam.
3502 3126 3569 3181 Et

306 3229 460 3299 χειρὶ
517 3230 598 3296 ὡς
647 3232 930 3294 νοσσιὰν,
967 3231 1065 3286 καὶ
1120 3232 1204 3299 ὡς
1250 3237 1761 3305 καταλελειμμένα
1810 3235 1895 3291 ὠά

306 3321 450 3391 ἀρᾶν
476 3322 576 3377 καὶ
599 3324 713 3377 οὐκ
734 3321 923 3387 ἔστιν,
950 3323 1018 3390 ὃς
1045 3323 1430 3395 διαφεύξεται
1449 3344 1547 3396 με,
1570 3327 1609 3396 ἢ
1642 3328 1893 3398 ἀντείπῃ

309 3431 430 3481 μοι.

380 3505 496 3559 Οὐκ
527 3504 633 3570 ἔξω
667 3508 853 3578 κοινῆς
900 3508 1226 3578 γενήσεσθαι
1263 3509 1355 3564 τὸν
1390 3509 1678 3583 ’Δσσύριον
1711 3511 1779 3566 τὰ
1806 3512 1896 3566 οῦ-

305 3614 418 3662 τως
447 3598 730 3668 ὑπέρογκα
752 3602 1134 3672 πεφροντικότα
1166 3602 1316 3673 φησι.
1344 3602 1551 3676 Κύριος
1588 3602 1699 3675 γὰρ
1728 3604 1897 3675 ὑπερ-

304 3690 540 3760 ηφάνοις
565 3691 968 3759 ἀντιτάσσεται,
991 3695 1133 3749 κατὰ
1156 3694 1220 3749 τὸ
1244 3695 1651 3768 γεγραμμένον,
1671 3696 1897 3753 καὶτῶν

307 3781 412 3851 τῆς
441 3780 758 3847 ἀλαζονείας
787 3785 1124 3854 αίτιαμάτων
1156 3787 1282 3851 τοὺς
1313 3787 1515 3860 ταύτην
1540 3786 1899 3859 νενοσηκότας

311 3872 616 3942 πράττεται
659 3873 756 3944 μὲν
780 3874 869 3928 ἀεὶ
896 3877 1023 3939 τοὺς
1051 3875 1264 3944 λόγους,
1296 3877 1585 3948 ἀποφαίνει
1616 3877 1673 3931 δὲ
1702 3877 1899 3940 αὐτοὺς

307 3965 566 4035 οἰκτροὺς
609 3966 704 4020 καὶ
735 3968 1230 4040 κατεῤῥιμμένους,
1267 3970 1344 4033 ὡς
1377 3971 1443 4024 ἂν
1473 3971 1662 4025 εἰδεῖεν
1698 3970 1773 4043 μὴ
1800 3973 1897 4023 ἐπι

305 4055 492 4130 αίρειν
514 4060 594 4122 είς
622 4056 756 4128 ὕψος
783 4058 843 4112 τὸ
880 4059 1068 4130 κέρας,
1102 4060 1242 4115 κατά
1265 4059 1329 4115 τὸ
1351 4060 1755 4142 γεγραμμένονο
1787 4055 1898 4114 εῐεν

305 4149 370 4206 δδ
408 4148 611 4220 μᾶλλον
657 4149 1027 4220 ἐπιγνώμονες
1067 4151 1167 4221 τῆς
1217 4150 1424 4204 ἑαυτῶν
1460 4151 1677 4222 φύσεώς
1705 4169 1766 4206 τε
1806 4151 1900 4206 καὶ

308 4241 624 4305 ἀσθενείας.
652 4241 821 4296 Ὅταν
847 4242 977 4314 γὰρ,
1014 4243 1167 4312 φησὶ,
1206 4243 1498 4316 συντελέσῃ
1529 4244 1702 4298 πάντα
1732 4244 1902 4298 ποιῶν

310 4336 372 4388 ὲν
408 4333 489 4405 τῷ
529 4332 647 4405 ὄρει
692 4332 849 4399 Σιὼν,
898 4336 993 4388 καὶ
1035 4336 1097 4389 ὲν
1135 4330 1511 4407 Ἰερουσαλὴμ,
1554 4334 1700 4388 τοῦτ’
1734 4334 1901 4397 ἔστιν,

309 4428 444 4480 ὅταν
473 4428 556 4488 είς
582 4425 736 4489 τέλος
764 4425 993 4497 ἔρχηται
1021 4425 1090 4479 τά
1118 4426 1217 4496 τῆς
1238 4428 1324 4479 ἐπ’
1352 4427 1536 4491 αὐτοῖς
1577 4426 1770 4497 ὀργῆς,
1804 4427 1900 4480 έπ-

1993 3248 2097 3286 non
2117 3243 2189 3286 est
2222 3231 2314 3301 qui
2337 3228 2555 3299 effugiat
2596 3242 2702 3292 me,
2742 3224 2818 3280 uel
2849 3222 3178 3279 contradicat
3210 3221 3360 3274 mihi.

2066 3502 2184 3559 Non
2210 3504 2505 3559 immunem
2535 3501 2651 3557 fore
2674 3499 2957 3571 Assyrium
2987 3514 3014 3552 a
3040 3511 3222 3568 pmna,
3250 3495 3450 3564 quippe
3477 3492 3571 3563 qui

1995 3604 2281 3666 tantopere
2340 3595 2711 3658 intumuerat,
2759 3600 3056 3646 asseverat.
3119 3587 3379 3642 Dominus
3428 3586 3571 3638 enim

1996 3686 2247 3754 superbis
2274 3685 2501 3749 resistit,
2526 3682 2683 3751 juxta
2727 3682 2778 3736 id
2817 3680 2960 3750 quod
3006 3679 3264 3748 scriptum
3293 3684 3375 3729 est
3408 3675 3474 3737 ¹’,
3517 3684 3574 3727 et

1996 3756 2185 3835 eorum
2230 3779 2322 3849 qui
2360 3776 2691 3847 arrogantia!
2721 3775 2854 3829 vitio
2901 3772 3153 3826 laborant
3183 3767 3347 3823 verba
3380 3768 3571 3837 exigit,

2000 3871 2232 3940 illosque
2259 3869 2488 3924 miseros
2528 3865 2704 3922 reddit
2729 3874 2786 3921 et
2828 3863 3122 3933 proiectos,
3152 3870 3212 3917 ut
3260 3860 3433 3915 sciant
3465 3873 3575 3913 non

2011 3978 2133 4020 esse
2162 3961 2459 4017 tollendum
2491 3974 2660 4016 cornu
2693 3959 2745 4013 in
2774 3958 2965 4021 altum,
2992 3954 3154 4011 siculi
3185 3955 3444 4023 scriptum
3469 3962 3573 4017 est,

2000 4055 2216 4126 sintque
2249 4040 2451 4109 Coriscii
2481 4051 2661 4122 potius
2705 4067 2817 4107 suae
2851 4049 3091 4120 ipsorum
3141 4055 3349 4101 natura:
3378 4055 3433 4100 et
3482 4043 3570 4097 iu-

2004 4147 2298 4200 lirmitatis.
2347 4143 2576 4212 Quando
2639 4143 2809 4207 enim,
2866 4140 3062 4212 inquit,
3114 4133 3577 4196 consummaverit

2003 4237 2181 4292 omnia
2222 4236 2427 4289 faciens
2461 4234 2513 4289 in
2548 4244 2732 4287 monte
2761 4231 2916 4298 Sion,
2946 4241 3003 4287 et
3038 4228 3359 4286 Jerusalem.
3392 4226 3443 4279 id
3469 4233 3574 4288 est,

2005 4343 2127 4382 cum
2156 4329 2249 4382 iraa
2274 4328 2326 4383 in
2352 4328 2496 4396 ipsos
2520 4325 2642 4382 linis
2668 4326 2877 4381 venerit
2901 4342 2915 4378 :
2943 4333 3068 4378 tunc
3091 4320 3310 4377 inducet
3337 4331 3575 4380 manum,

2006 4430 2061 4475 et
2108 4421 2312 4489 virgam
2362 4417 2644 4474 ferientem
2686 4428 2922 4473 mentem
2966 4428 3234 4483 magnam,
3283 4409 3576 4481 principem

310 4517 434 4584 ἀξει
460 4486 583 4572 τότε
618 4486 727 4589 τὴν*
748 4486 925 4589 χὲῖξσὶ,
968 4519 1062 4571 καὶ
1098 4486 1211 4589 τὴν⁷
1238 4486 1892 4591 καταπαίοῦσανράόδον,

2004 4509 2620 4582 AssyriorumJlentem
2647 4525 2777 4564 vero
2805 4510 2978 4573 ipsum
2997 4504 3278 4576 appellavit
3305 4516 3579 4573 magnam,

312 4611 409 4664 ἐπὶ
444 4610 538 4664 τὸν
568 4609 694 4663 νοῦν
717 4610 808 4663 τὸν
842 4610 1015 4681 μέγαν
1048 4611 1139 4663 τὸν
1169 4611 1406 4683 ἄρχοντα
1432 4611 1542 4665 τῶν
1578 4612 1895 4683 Ἀσσυρίων.

313 4702 461 4756 Νοῦν
483 4701 543 4755 δὲ
566 4701 729 4755 αὐτὸν
758 4702 1063 4755 ἀπεκάλεσε
1090 4702 1282 4772 μέγαν,
1309 4704 1370 4756 οὐ
1400 4702 1536 4773 πρὸς
1575 4703 1799 4756 ἐπαίνου
1841 4701 1902 4755 τὸ

311 4793 506 4864 χρῆμα
532 4790 699 4854 τιθεὶς
731 4790 902 4862 αὐτῷ,
932 4792 1254 4861 καταψέγων
1284 4792 1340 4844 δὲ
1368 4792 1605 4860 μᾶλλον,
1642 4792 1717 4855 ὡς
1750 4789 1902 4845 οὐδὲν

312 4880 503 4951 ἕτερον
519 4880 648 4933 ὄντα
672 4879 813 4951 πλὴν
836 4882 919 4934 ὅτι
937 4881 1093 4952 μόνον
1111 4881 1409 4953 ὑπεροψίαν
1430 4883 1525 4952 τὴν
1544 4882 1791 4954 θεομισῆ.
1807 4885 1905 4937 II:-

315 4972 561 5043 φρόνηκε
591 4972 701 5045 γὰρ
732 4973 1072 5045 ἀνθρώπινον
1104 4975 1203 5046 μὲν
1228 4974 1398 5029 οὐδέν·
1433 4976 1535 5030 ὅσα
1560 4975 1618 5029 δὲ
1650 4975 1744 5028 καὶ
1768 4976 1910 5046 τάχα

318 5064 417 5115 καὶ
452 5065 634 5117 πᾶσαν
664 5066 761 5133 τὴν
788 5064 1024 5137 γενητὴν
1063 5067 1429 5138 ὑπερνήχεται
1474 5066 1655 5137 φύσιν.
1687 5067 1909 5134 Ἐπάξει

319 5154 501 5208 τοίνυν
536 5155 629 5208 ἐπὶ
641 5155 703 5209 τὸ
719 5154 853 5225 ὕψος
868 5158 965 5228 τῆς
984 5156 1141 5227 δόξης
1158 5156 1266 5212 τῶν
1289 5158 1583 5231 ὀφθαλμῶν
1603 5160 1789 5214 αὐτοῦ·
1811 5162 1909 5231 όφ-

322 5243 549 5316 θαλμῶν
562 5245 619 5299 δέ
632 5263 795 5317 φησιν
817 5249 875 5300 ἐν
893 5247 1123 5313 τούτοις,
1147 5248 1267 5302 ἀντὶ
1279 5248 1374 5303 τοῦ
1391 5250 1499 5302 τῶν
1522 5248 1762 5315 ἐννοιῶν,
1782 5251 1898 5320 ἦτοι

321 5336 435 5390 τῶν
471 5336 888 5410 ἐνθυμημάτων.
928 5339 1140 5411 Ὑψηλά
1158 5339 1289 5412 γὰρ,
1317 5341 1393 5405 ὡς
1419 5340 1575 5412 ἔφην,
1612 5341 1706 5395 καὶ
1737 5342 1905 5413 ὺπέρ-

324 5442 465 5497 ογκα
495 5427 675 5482 ταυτί.
712 5428 843 5492 Θεὸς
873 5427 933 5481 δὲ
964 5429 1245 5501 ὑπάρχων,
1278 5429 1373 5483 καὶ
1406 5431 1485 5494 εἰς
1511 5430 1737 5503 καρδίαν
1763 5431 1904 5503 ὁρῶν

328 5517 420 5571 καὶ
445 5519 701 5588 νεφροὺς,
729 5517 884 5584 εἰδώς
902 5537 964 5573 τε
989 5520 1057 5573 τὰ
1081 5521 1457 5593 κεκρυμνιένα,
1490 5525 1583 5577 καὶ
1614 5526 1744 5595 ἡμῖν
1766 5525 1904 5580 αὐτά

401 5674 465 5704 ⁸⁸⁸
490 5674 617 5730 Ose.
651 5691 726 5737 ix.
755 5674 807 5729 8.
889 5680 928 5709 ⁶⁴³
959 5675 1073 5734 Jac.
1105 5694 1176 5744 iV,
1212 5677 1244 5733 6

2010 4619 2116 4657 non
2160 4602 2302 4657 laudi
2344 4602 2444 4657 hoc
2470 4603 2693 4657 verbum
2737 4601 2785 4655 ei
2830 4600 3094 4661 tribuens,
3129 4598 3224 4653 sed
3255 4596 3404 4650 .vitio
3446 4595 3580 4648 dans

2008 4697 2209 4764 potius,
2246 4696 2444 4765 quippe
2488 4695 2581 4764 qui
2626 4692 2759 4747 nihil
2808 4693 2951 4745 aliud
2991 4692 3063 4746 sit
3112 4706 3277 4761 quam
3326 4684 3579 4757 superbia

2012 4789 2121 4842 Deo
2152 4802 2340 4843 exosa.
2385 4786 2528 4841 Nihil
2560 4787 2706 4842 enim
2732 4790 2797 4841 de
2827 4804 2884 4840 se
2912 4786 3083 4840 sensit
3113 4783 3448 4845 humanitus,
3487 4778 3579 4833 sed

2010 4896 2134 4949 quae
2169 4896 2387 4936 omnem
2417 4886 2663 4933 naturam
2689 4879 2969 4934 mortalem
3001 4877 3269 4931 excedunt
3302 4884 3356 4929 et
3388 4885 3579 4940 super-

2008 4972 2267 5037 emineat,
2320 4970 2596 5044 cogitavit.
2647 4968 2870 5023 inducet
2915 4966 3079 5036 igitur
3122 4979 3282 5034 super
3309 4958 3583 5017 celsitudi-

2008 5080 2129 5120 nem
2173 5063 2360 5135 gloriae
2387 5063 2666 5117 oculorum
2700 5059 2861 5128 ejus.f
2883 5058 3174 5115 Oculorum
3226 5068 3352 5110 vero
3382 5052 3473 5105 hic
3504 5048 3581 5103 di-

2005 5157 2101 5223 cit,
2146 5171 2245 5226 pro
2287 5155 2604 5225 opinionum
2660 5167 2756 5208 seu
2794 5149 3210 5221 cogitationum.
3254 5144 3392 5200 Alta:
3433 5142 3579 5197 enim

2007 5259 2132 5305 sunt
2162 5248 2283 5313 illae,
2316 5257 2375 5303 ut
2400 5247 2534 5313 dixi,
2563 5258 2617 5301 et
2665 5242 3018 5316 praetumidae.
3063 5240 3207 5294 Deus
3246 5244 3426 5289 autem
3455 5245 3578 5287 cum

2005 5344 2077 5400 sit
2120 5342 2211 5413 qui
2257 5357 2351 5398 cor
2387 5339 2695 5411 introspicit
2733 5348 2789 5393 et
2828 5348 3009 5403 renes,
3056 5341 3110 5387 et
3153 5328 3243 5400 qui
3289 5325 3581 5398 perlustrat

2004 5436 2235 5502 occulta,
2255 5434 2410 5490 nobis
2429 5433 2591 5490 etiam
2620 5431 2710 5487 illa
2738 5429 2897 5500 plane
2923 5428 3281 5488 demonstrat,
3305 5428 3357 5475 et
3384 5414 3577 5487 inquit.

2008 5527 2152 5583 Dixit
2187 5529 2329 5584 enim
2359 5542 2372 5581 :
2407 5527 2460 5582 In
2501 5524 2814 5583 fortitudine
2862 5520 3080 5586 iaciam,
3111 5526 3166 5573 et
3194 5512 3461 5589 sapientia
3493 5508 3581 5566 in-
