4002 6212
339 242 443 298 sar
1325 242 1383 299 s.
1424 241 1698 297 CYRILLI
1736 242 2205 313 Atexauunm
2247 226 2566 299 ARCHlEP.
3478 240 3589 300 ass

339 353 643 426 telligentia:
671 355 854 412 tollam
908 358 1148 426 gentium
1199 358 1479 423 terminos,
1522 366 1579 415 et
1614 360 1779 415 robur
1805 374 1894 415 ea-

2009 360 2318 431 καθίστησιν
2350 362 2573 432 ἐναργῆ,
2620 359 2713 413 καί
2748 375 2933 429 φησιν.
2984 351 3121 410 Εἷπε
3161 356 3291 427 γάρσ
3330 357 3411 426 Τῇ
3438 349 3588 427 ἱσχύἶ

336 460 456 499 rum
500 446 887 516 deprzdabor,
931 456 987 502 et
1032 447 1333 503 deturbabo
1388 449 1547 505 urbes
1599 451 1891 506 habitatas.

335 531 574 589 Observa
602 535 763 605 igitur
783 535 1051 604 quomodo
1078 536 1234 605 quasi
1268 537 1470 593 auxilio
1502 553 1741 608 superno
1787 555 1895 594 non

334 639 518 693 egens,
547 625 659 680 suis
702 626 871 696 ipsius
896 626 1099 681 viribus
1131 625 1264 682 solis
1301 628 1551 684 incensus
1598 630 1692 695 sit,
1737 633 1894 700 quasi

337 717 516 772 omnia
549 731 672 786 quae
704 716 857 782 velit,
901 726 1082 785 posset
1133 717 1315 774 facere
1350 736 1364 772 :
1418 734 1586 789 seque
1618 720 1755 776 adeo
1805 736 1896 776 sa-

336 808 570 876 pientem
619 807 734 863 fore
764 816 818 863 et
868 808 944 863 rei
996 808 1251 863 militaris
1295 809 1579 875 scientem,
1621 820 1680 864 ut
1723 811 1791 866 ad
1838 826 1899 867 se

339 899 598 953 terminos
650 899 890 968 gentium
942 898 1243 955 transferre
1293 898 1572 961 facillime,
1620 906 1675 955 et
1710 913 1898 955 earum

335 987 626 1055 potentiam
663 986 1026 1058 perfringere,
1055 998 1111 1043 et
1155 989 1479 1058 depretiari,
1513 997 1568 1043 et
1601 990 1762 1046 urbes
1801 991 1900 1045 im-

336 1076 499 1131 belles
534 1077 882 1147 desertasque
907 1087 1091 1147 posset
1117 1087 1447 1135 concutere:
1488 1080 1703 1136 etiamsi
1747 1095 1901 1136 com-

335 1166 513 1235 plures
542 1177 596 1221 et
639 1167 1054 1225 innumerabiles
1097 1170 1304 1226 incolas
1347 1171 1599 1227 habeant.
1641 1172 1747 1228 Sed
1793 1190 1898 1228 non

336 1259 423 1314 bic
448 1259 601 1314 haesit
631 1259 746 1327 ejus
769 1263 1098 1331 arrogantia.
1130 1260 1305 1318 Jactat
1335 1265 1477 1318 enim
1508 1280 1567 1319 se
1587 1265 1898 1322 universum

334 1350 536 1417 orbem,
555 1360 825 1407 terrarum
860 1363 1318 1424 expugnaturum,
1352 1354 1513 1425 idque
1543 1354 1817 1420 facillime,
1846 1364 1904 1410 et

337 1451 581 1509 prompte
605 1452 659 1496 et
708 1444 840 1497 citra
872 1460 1104 1516 pugnam
1138 1460 1199 1501 se
1240 1446 1509 1501 facturum
1545 1447 1806 1514 decernit,
1837 1460 1902 1501 ac

338 1533 641 1596 constituit,
660 1542 917 1602 quantum
939 1538 1122 1593 animo
1137 1539 1352 1606 quidem
1377 1547 1609 1608 reputat.
1639 1537 1901 1607 Compre-

338 1624 567 1677 bendatn
597 1624 759 1696 176
772 1626 913 1682 enim
941 1629 1309 1683 totumorbem
1337 1638 1512 1695 terrae,
1532 1629 1672 1683 velut
1691 1629 1896 1692 nidum,

1999 453 2230 522 ποιήσω,
2290 453 2385 506 καὶ
2425 454 2492 521 τῇ
2541 451 2703 521 σοφία
2748 450 2848 519 τῆς
2902 450 3170 511 συνέσεως
3224 446 3412 515 ἀφελῶ
3460 449 3586 517 ὅρια

1999 540 2188 606 ἐθνῶν,
2232 543 2327 595 καὶ
2354 542 2454 611 τὴν
2491 542 2645 611 ἰσχὺν
2670 539 2851 593 αὐτῶν
2884 536 3262 609 προνομεύσω,
3289 537 3385 590 καὶ
3416 536 3586 589 σείσω
3644 560 3647 567 ι

1999 635 2181 699 πόλεις
2223 631 2670 702 κατοικουμένας.
2716 630 2906 701 Ἀθρει
2942 628 3006 699 δὴ
3040 622 3135 681 οὖν
3163 627 3331 690 ὅπως,
3375 626 3454 689 ὡς
3482 628 3583 696 τῆς

2000 725 2207 780 ἀνωθεν
2240 720 2558 793 ἐπικουρίας
2586 721 2647 773 οὐ
2669 720 2821 789 δεδεη
2832 718 3010 789 μένος,
3043 718 3167 780 ταῖς
3187 717 3381 770 ἑαυτοῦ
3414 717 3581 770 δυνάο

2003 831 2160 886 μεσιν
2205 812 2436 868 ἀνάπτει
2464 811 2652 882 μόναις
2684 810 2745 863 τὸ
2778 811 2957 864 πάντα
2980 807 3238 862 δύνασθαι
3275 807 3429 878 δρᾷν,
3454 808 3585 860 ὃσα-

2000 924 2107 977 περ
2131 905 2195 960 ἂν
2222 904 2479 975 βούλοιτοο
2514 902 2686 955 οἴεται
2709 900 2766 954 δὲ
2787 901 2868 954 ὅτι
2892 901 2986 955 καὶ
3024 898 3185 967 σοφὸς
3208 896 3382 959 οὑτως
3406 896 3580 962 ἐστὶν,

2000 998 2095 1051 καὶ
2118 994 2496 1067 στρατηγικὸς,
2525 994 2601 1056 ὡς
2635 992 2730 1046 καὶ
2754 990 2898 1062 μάλα
2926 989 3123 1061 ῥαδίως
3157 987 3244 1056 ἐφ’
3267 985 3460 1040 ἑαυτὸν
3487 986 3583 1039 δύ-

2001 1087 2195 1141 νασθαι
2232 1085 2492 1157 μεθιπᾷν
2531 1082 2599 1137 τά
2640 1083 2765 1154 ὅρια
2791 1080 2901 1134 τῶν
2957 1078 3147 1145 ἐθνῶν,
3177 1076 3576 1149 διαρῥηγνῦναί

1998 1196 2060 1232 τε
2100 1178 2279 1232 αὐτῶν
2306 1177 2404 1248 τὴν
2434 1178 2608 1246 ἰσχὺν,
2642 1176 2738 1229 καὶ
2774 1175 2831 1226 ὲν
2861 1172 3105 1242 προνομῇ
3150 1168 3444 1229 ποιεῖσθαι.
3486 1168 3583 1221 καὶ

2000 1269 2309 1324 κατασείειν
2352 1266 2553 1331 πόλεις,
2581 1266 2679 1319 οὐκ
2714 1262 3009 1334 ἀνάνδρους
3050 1262 3143 1315 καὶ
3180 1260 3580 1333 ἠρημωμένας,

2000 1361 2114 1414 ἀλλ’
2166 1363 2215 1413 εί
2276 1359 2370 1414 καὶ
2423 1358 2709 1419 πλείστους
2765 1357 2961 1420 ὅσους,
3023 1353 3118 1407 καὶ
3174 1350 3584 1422 ἀναριθμήτους

2001 1453 2171 1523 ἔχοιεν
2208 1453 2333 1515 τοὺς
2378 1448 2767 1510 κατοικοῦντας
2821 1448 2878 1498 ὲν
2916 1446 3124 1507 αὑταῖς.
3160 1444 3270 1496 Καὶ
3311 1444 3374 1495 οὐ
3417 1443 3593 1513 μέχρι-

1999 1544 2204 1598 τούτων
2246 1544 2314 1596 τά
2347 1543 2446 1611 τῆς
2470 1539 2785 1604 ἀλαζονείας
2813 1536 2982 1607 αὐτῷ.
3015 1534 3432 1606 Περιαυτὶζεται
3470 1536 3584 1605 γὰρ

2001 1634 2095 1688 καὶ
2126 1635 2343 1703 ἀπάσης
2383 1634 2464 1685 ὅτι
2504 1628 2907 1700 καταδράξηται
2946 1627 3044 1697 τῆς
3076 1625 3167 1679 ὑπ’
3189 1623 3437 1696 οὐρανὸν,
3486 1626 3584 1678 καὶ

335 1722 390 1768 et
416 1712 562 1768 velut
585 1717 841 1772 derelicta
867 1733 969 1774 ova
995 1719 1202 1786 tollam,
1231 1729 1286 1775 et
1322 1734 1427 1775 non
1456 1731 1544 1775 est
1567 1721 1658 1791 qui
1683 1720 1902 1791 effugiat

2009 1725 2115 1780 λίαν
2136 1725 2392 1789 εὐκόλως,
2420 1721 2652 1791 ἑτοίμως
2687 1736 2747 1771 τε
2779 1718 2873 1772 καὶ
2905 1716 3107 1787 ἀμαχεὶ
3134 1715 3459 1769 διατέθειται
3488 1715 3585 1769 καὶ

336 1804 420 1858 vel
451 1805 667 1860 resistat
694 1808 846 1863 mihi.
881 1808 927 1865 0
962 1810 1227 1880 insignem
1259 1812 1589 1881 superbiant,
1624 1826 1656 1866 ο
1695 1814 1902 1881 cogita-

338 1894 511 1950 tiones
534 1898 727 1954 stultas
760 1900 774 1953 l
805 1902 961 1969 quasi
995 1902 1153 1957 unius
1195 1902 1488 1972 passerculi
1537 1902 1700 1957 nidus
1730 1911 1901 1969 esset,

337 1989 589 2046 universa
635 1991 751 2046 haec
798 1992 1069 2059 machina,
1118 1993 1189 2047 ita
1232 2008 1350 2048 eam
1387 1994 1740 2049 considerat:
1786 1994 1903 2049 ovis

338 2079 544 2137 relictis
577 2083 646 2137 ab
675 2082 862 2139 altrice
886 2097 1008 2149 ave,
1037 2084 1204 2139 totius
1230 2093 1392 2140 terra:
1423 2084 1634 2141 incolas
1660 2084 1897 2156 confert,

336 2179 397 2225 ut
426 2171 579 2239 quasi
608 2171 776 2228 draco
819 2174 1039 2227 invadat
1079 2183 1134 2228 et
1175 2174 1491 2240 absorbeat,
1523 2176 1743 2243 oditque
1774 2189 1908 2230 con-

338 2260 687 2327 tradicentes,
731 2263 949 2325 nedum,
997 2271 1055 2317 ut
1105 2263 1185 2318 sic
1242 2264 1440 2330 dicam,
1493 2271 1791 2335 exspectat,
1845 2272 1906 2319 ut

337 2349 542 2405 obsessi
583 2366 766 2406 secum
800 2353 852 2406 in
886 2354 1213 2423 colloquium
1246 2356 1482 2409 veniant.
1510 2354 1639 2410 Hec
1677 2357 1743 2410 ad
1783 2370 1908 2427 per-

338 2454 525 2495 sonam
579 2441 746 2511 ipsius
808 2440 1023 2497 Sataua:
1074 2458 1286 2513 quoque
1344 2444 1539 2499 referri
1589 2447 1766 2504 decet.
1813 2446 1907 2503 Est

336 2536 482 2590 cnim
523 2535 612 2590 ille
641 2544 792 2605 pater
820 2538 1088 2607 superbia:
1113 2554 1126 2590 :
1157 2548 1416 2608 putatque
1451 2554 1511 2593 se
1543 2540 1727 2594 orbem
1758 2554 1907 2594 com-

338 2625 752 2693 prehensurum,
787 2628 933 2684 nullo
962 2633 1429 2685 contravenienle.
1460 2629 1532 2683 At
1562 2644 1649 2685 res
1672 2645 1777 2686 non
1828 2629 1907 2686 sic

339 2716 554 2771 (lenium
597 2719 729 2784 abit,
779 2720 888 2775 imo
931 2722 1113 2776 evenit
1146 2720 1220 2775 illi
1275 2721 1341 2777 ad
1387 2730 1687 2777 extremum
1730 2720 1906 2777 exitus

341 2822 523 2863 rerum
554 2810 711 2882 longe
737 2813 1059 2869 contrarius.
1086 2813 1298 2870 Etenim
1324 2813 1647 2869 contradixit
1681 2827 1778 2883 pro
1799 2827 1903 2868 no-

339 2899 423 2954 bis
455 2900 720 2967 Cbristus,
750 2919 849 2960 nec
878 2906 1205 2960 contradixit
1234 2905 1429 2971 solum,
1469 2905 1563 2960 sed
1588 2914 1644 2960 et
1670 2919 1768 2975 pro
1794 2906 1903 2959 vita

348 2991 590 3045 omnium
644 2994 695 3047 in
740 3003 1013 3050 certamen
1044 2996 1342 3061 descendit,
1370 3006 1425 3050 et
1462 2995 1732 3051 exitialem
1759 2995 1904 3050 illum

341 3082 490 3149 vicit,
539 3085 869 3156 pedibusque
915 3097 1224 3142 sanctorum
1254 3087 1587 3142 substravit:
1623 3103 1744 3141 nam
1773 3087 1907 3142 dixit

341 3174 467 3227 eis:
510 3191 528 3223 ι
569 3174 703 3230 Ecce
745 3176 865 3231 dedi
905 3179 1057 3232 vobis
1103 3177 1415 3232 facultatem
1457 3176 1700 3233 raleandi
1745 3193 1905 3246 super

332 3274 623 3332 serpentes
666 3277 721 3321 et
751 3270 1081 3337 scorpiones,
1119 3279 1173 3324 et
1209 3283 1371 3339 supra
1419 3283 1637 3324 omnem
1672 3278 1905 3339 potesta-

348 3368 451 3409 lt‘tll
478 3356 675 3412 inimici
707 3360 773 3411 ⁸⁸.
816 3378 850 3425 ι,

2000 1818 2187 1888 φρονεί
2211 1815 2353 1868 κατά
2378 1830 2442 1881 γε
2471 1812 2531 1865 τὸ
2556 1812 2634 1873 εἰς
2665 1808 2789 1862 νοῦν
2812 1802 2944 1879 ἧκον
2975 1806 3144 1876 αὐτῷ.
3180 1805 3583 1876 Καταλήψομαι

2000 1909 2129 1977 γάρ,
2165 1907 2317 1976 φησὶ,
2353 1905 2453 1974 τὴν
2484 1899 2807 1972 οἰκουμένην
2839 1900 2965 1970 ὅλην
2994 1897 3070 1962 ὡς
3102 1896 3341 1960 νοσσιάν,
3380 1898 3477 1950 καὶ
3504 1896 3583 1959 ὡς

2000 1996 2468 2066 καταλελειμμένα
2502 1992 2584 2046 ea
2610 1991 2749 2063 ἀρῶ,
2788 1991 2881 2043 καὶ
2906 1990 3007 2042 οὐκ
3028 1987 3171 2040 ἔστιν
3209 1987 3269 2051 ὃς
3298 1986 3582 2055 διαφεύξε-

2000 2089 2090 2144 ταί
2125 2105 2215 2159 με,
2250 2086 2283 2157 ή
2313 2085 2544 2157 ἀντείπῃ
2575 2100 2684 2154 μοι.
2726 2082 2789 2134 Ὢ
2818 2081 2997 2151 δεινῆς
3042 2078 3364 2149 ὑπεροψίας,
3414 2077 3461 2131 ὦ
3500 2076 3586 2131 λο.

2001 2178 2217 2251 γισμῶν
2264 2176 2570 2232 ἀσυνέτωνί
2625 2173 2712 2236 Ὠς
2759 2172 2876 2236 ἑνὸς
2924 2170 3204 2242 στρουθίου
3251 2169 3444 2224 καλιάν
3480 2168 3587 2239 τὴν

2005 2269 2297 2340 σύμπασαν
2349 2266 2557 2337 βλέπει,
2598 2263 2725 2327 ὠοῖς
2770 2260 3287 2333 καταλελειμμένοις
3335 2258 3441 2312 ὑπὸ
3481 2259 3584 2327 τῆς

2002 2357 2312 2428 θαλπούσης
2355 2354 2566 2427 όρνιθος
2607 2352 2933 2425 παρεικάζει
2973 2352 3101 2414 τοὺς
3129 2350 3235 2405 ἀνά
3271 2350 3455 2403 πᾶσαν
3482 2346 3583 2418 τὴν

2004 2450 2126 2519 τῆν’
2154 2448 2221 2501 ἶν’
2244 2447 2319 2509 ὡς
2343 2446 2557 2517 δράκων
2588 2440 2828 2497 ἐπελθὼν
2880 2441 3142 2513 καταπίῃ.
3173 2442 3340 2495 Μισεί
3359 2438 3415 2491 δὲ
3443 2438 3576 2500 τοὺς

2003 2540 2405 2610 ἀντιλέγοντας,
2437 2538 2533 2591 καὶ⁵
2574 2536 2682 2591 οὐδ’
2707 2535 2830 2588 ὅσον
2871 2535 3043 2586 εἰπεῖν
3083 2534 3161 2596 είς
3197 2532 3389 2600 λόγους
3428 2529 3586 2600 ἥξειν

2003 2632 2152 2704 αὑτῷ
2182 2630 2458 2702 προσδοκᾷ
2484 2629 2609 2692 τοὺς
2644 2625 3158 2700 πολιορκουμένους.
3177 2624 3346 2676 Ταυτὶ
3374 2622 3581 2693 πρέποι

2003 2723 2071 2780 ἀν
2089 2724 2183 2778 καὶ
2200 2723 2280 2785 είς
2299 2721 2361 2775 τὸ
2410 2719 2581 2774 αὐτοῦ
2606 2718 2893 2790 πρόσωπον
2918 2715 3207 2787 ἀναφέρειν
3228 2713 3325 2769 τοῦ
3346 2715 3579 2768 Σατανᾶ.

2004 2816 2115 2870 Καὶ
2139 2814 2246 2885 γάρ
2269 2815 2417 2868 ἐστιν
2446 2811 2611 2874 αὑτὸς
2633 2813 2662 2865 ὁ
2691 2811 2790 2882 τῆς
2819 2807 3198 2880 ὑπερηφανίας
3221 2807 3425 2877 πατήρ.
3457 2805 3585 2877 ’ῼή-

2005 2905 2075 2977 θη
2097 2904 2155 2959 δὲ
2181 2905 2264 2958 ὅτι
2292 2901 2666 2974 καταλήψεται
2709 2901 2808 2972 τὴν
2847 2898 3171 2970 οἰκουμένην
3197 2897 3585 2967 ἀντιπράττον-

2005 3013 2096 3062 τος
2122 2995 2357 3059 οὐδενός.
2410 2993 2548 3048 Ἀλλ’
2570 2993 2669 3065 οὐχ
2703 2990 2845 3046 οὑτω
2868 2991 3051 3045 ποθέν·
3076 2988 3340 3059 ἐκϐέϐηκε
3365 2987 3586 3058 δὲμᾶλ-

2014 3089 2105 3142 λον
2151 3086 2301 3158 αὑτῷ
2350 3086 2484 3155 πρὸς
2534 3086 2641 3139 πᾶν
2682 3082 2986 3138 τοὺναντίον
3023 3082 3130 3136 τῶν
3158 3079 3497 3153 πραγμάτων
3524 3078 3587 3132 τὸ

2010 3179 2205 3251 πέρας.
2263 3178 2578 3249 Ἀντείρηκε
2619 3177 2727 3247 γὰρ
2758 3175 2899 3247 ὑπὲρ
2934 3173 3091 3245 ἡμῶν
3131 3173 3161 3224 ὁ
3204 3170 3456 3242 Χριστός·
3493 3170 3588 3222 καὶ

2008 3269 2111 3324 οὑκ
2175 3269 2461 3341 ἀντείρηκε
2516 3268 2709 3340 μόνον,
2759 3267 2893 3322 ἀλλά
2947 3267 3040 3321 καὶ
3066 3262 3422 3335 .ὑπερήθλησε
3486 3261 3587 3331 τῆς

2008 3360 2261 3416 ἀπάντων
2322 3358 2489 3430 ζωῆς,
2534 3359 2784 3430 νενίκηκε
2836 3359 2925 3411 τὸν
2982 3357 3295 3427 ἀλητήριον,
3337 3354 3431 3407 καὶ
3474 3354 3588 3414 τοῖς

343 3448 453 3501 τῶν
514 3449 681 3517 ἁγίων
744 3452 1059 3524 ὑπέστρωσε
1113 3452 1288 3508 ποσίν.
1344 3456 1487 3526 Ἔφη
1548 3454 1677 3532 γὰρ,
1701 3456 1884 3520 αὑτοῖς
1910 3470 1923 3487 θ
1969 3472 1988 3506 ι
2048 3454 2178 3508 ’1δοὺ
2210 3453 2417 3509 δέδωκα
2455 3454 2585 3525 ὑμῖν
2659 3450 2907 3516 ἐξουσίαν
2950 3450 3139 3503 πατεῖν
3177 3446 3359 3500 ὲπάνω
3407 3443 3587 3513 δφεων

347 3538 441 3592 καὶ
497 3540 788 3611 σκορπίων,
847 3545 941 3597 καὶ
1000 3545 1092 3599 ἐπὶ
1153 3547 1332 3600 πᾶσαν
1383 3546 1482 3619 τὴν
1538 3547 1765 3619 δύναμιν
1817 3549 1912 3601 τοῦ
1952 3546 2167 3620 ἐχθροῦ.
2207 3566 2226 3601 ι

421 3628 581 3689 Vens.
619 3632 706 3700 15,
756 3636 841 3691 l6.
879 3635 1024 3690 Num
1063 3637 1380 3708 gloriabitur
1417 3640 1613 3694 securis
1662 3641 1775 3695 sine
1812 3639 1903 3694 illo

345 3724 434 3792 qui
464 3732 597 3778 secet
629 3728 728 3782 ea?
756 3743 880 3781 num
908 3729 1179 3785 attolletur
1208 3747 1354 3786 serra
1387 3732 1498 3787 sine
1534 3748 1595 3786 eo
1626 3733 1717 3802 qui
1743 3732 1906 3787 trahit

345 3816 500 3870 eam!
529 3815 783 3872 Similiter
822 3820 870 3873 si
903 3822 1019 3892 quis
1069 3822 1308 3878 (enaverit
1346 3826 1545 3895 uirgam
1576 3824 1654 3880 vel
1678 3824 1907 3895 lignum,

349 3924 515 3963 nonne
554 3909 676 3963 sic?
704 3909 807 3964 Sed
849 3914 1042 3966 emittet
1096 3914 1350 3969 Dominus
1391 3913 1625 3970 Sabaoth
1661 3916 1717 3971 in
1763 3927 1911 3970 tuum

345 3995 592 4053 honorem
630 3999 995 4068 ignominiam,
1035 4012 1083 4055 et
1133 4003 1186 4055 in
1210 4013 1371 4071 Otuam
1402 4003 1626 4075 gloriam
1656 4005 1791 4076 ignis
1822 4022 1910 4060 ar-

345 4087 472 4143 dens
495 4090 816 4144 incendetur.

414 4180 611 4249 Aperte
634 4182 908 4253 redarguit
929 4182 1214 4255 Assyrium
1242 4196 1297 4240 et
1328 4192 1529 4241 temere
1557 4185 1821 4251 inﬂatum,
1852 4195 1908 4242 et
1934 4214 1941 4221 ο
2005 4228 2010 4232 ι

347 4286 571 4340 prorsus
613 4272 856 4344 ignarum
879 4276 1019 4345 quod
1058 4289 1163 4330 non
1195 4290 1386 4331 manus
1416 4278 1534 4347 ejus
1568 4293 1705 4348 opus
1732 4276 1904 4333 fuerit

2082 3640 2177 3707 Μὴ
2204 3637 2645 3706 δοξασθήσεται
2689 3636 2870 3706 ἀξίνη
2910 3634 3057 3689 ἄνευ
3105 3631 3211 3687 τοῦ
3257 3632 3583 3696 κόπτοντος

2004 3731 2074 3785 ἐν
2098 3729 2287 3800 aerii;
2311 3732 2377 3787 Ἡ
2395 3730 2778 3800 ὑψωθήσεται
2802 3728 2990 3798 πρίων
3010 3725 3157 3779 ἀνευ
3178 3722 3283 3776 τοῦ
3301 3721 3587 3787 ἕλκοντος

2005 3824 2226 3886 αὑτόν;
2266 3820 2563 3886 Ὡσαύτως
2578 3820 2686 3874 ἐάν
2708 3837 2798 3884 τις
2816 3817 2928 3887 ᾇρη
2942 3815 3167 3885 ῥάϐδον
3185 3814 3222 3882 ἢ
3240 3814 3446 3879 ξύλον·
3474 3815 3586 3881 οὐχ

2006 3914 2225 3980 οὕτως,
2257 3915 2395 3968 ἀλλ’
2441 3911 2770 3968 ἀποστελεῖ
2807 3912 3022 3979 Κύριος
3057 3905 3299 3962 Σαϐαὼθ
3346 3907 3432 3970 είς
3473 3903 3590 3969 τὴν

2008 4005 2132 4074 σὴν
2168 4005 2344 4075 τιμὴν
2380 4005 2641 4074 ἀτιμίαν,
2680 4003 2778 4058 καί
2809 4006 2897 4070 είς
2927 4001 3042 4070 τὴν
3082 4000 3206 4069 σὴν
3239 3998 3425 4063 δόξαν
3468 3996 3587 4064 πῦρ

2014 4098 2328 4167 καιόμενον
2358 4095 2742 4162 καυθήσεται.

2084 4188 2357 4259 Διελέγχει
2388 4188 2573 4257 σαφῶς
2603 4189 2694 4242 τὸν
2728 4186 3030 4258 ’Δσσύριον,
3073 4184 3195 4255 είκῆ
3216 4199 3275 4236 τε
3301 4181 3593 4252 ἀναφυσώο

2018 4297 2199 4352 μενον,
2229 4282 2325 4333 καὶ
2353 4278 2660 4350 ὴγνοηκότα
2687 4276 2989 4341 παντελῶς,
3016 4275 3093 4339 ὡς
3116 4275 3318 4346 ἣκιστα
3367 4272 3464 4345 μὲν
3489 4271 3593 4341 τῆς

349 4365 650 4421 Samariam
697 4368 945 4436 perdere,
997 4378 1054 4423 et
1102 4383 1207 4424 una
1264 4385 1385 4423 cum
1433 4384 1495 4424 ea
1524 4370 1663 4426 alias
1694 4386 1906 4443 quoque

2015 4372 2179 4428 αὐτοῦ
2223 4374 2405 4446 χειρὸς
2443 4372 2604 4445 ἔργον
2645 4372 2836 4441 γέγονε
2881 4369 2943 4423 τὸ
2970 4367 3229 4422 ἀπολέσαι
3264 4366 3373 4436 ,τὴν
3406 4365 3597 4434 Σαμα-

349 4459 511 4513 urbes
538 4473 751 4528 capere,
774 4460 868 4515 sed
892 4460 1067 4529 potius
1099 4459 1373 4516 decretum
1401 4477 1734 4531 supremum,
1768 4465 1911 4534 quod

234 4564 237 4567 λ
349 4550 417 4603 iis
464 4550 554 4618 qui
614 4552 1024 4608 intolerabiliter
1066 4563 1191 4608 sunt
1234 4555 1404 4622 impii,
1471 4570 1571 4611 ceu
1624 4556 1910 4624 bipennem

349 4640 659 4708 quamdam,
706 4642 790 4698 vel
844 4644 1047 4715 virgam
1078 4684 1093 4709 ,
1141 4647 1224 4700 vel
1272 4646 1477 4713 lignum
1523 4645 1707 4702 infert.
1760 4647 1907 4704 Cedo

349 4734 493 4787 enim
528 4734 682 4809 mibi,
730 4735 925 4804 inquit,
968 4752 1001 4791 ο
1044 4738 1416 4794 amentissime
1444 4739 1730 4794 omnium!
1782 4755 1909 4794 num

352 4824 560 4880 securis
586 4825 902 4896 gloriabitur
934 4827 1050 4883 sine
1084 4828 1176 4884 illo
1203 4832 1297 4898 qui
1347 4840 1493 4886 secet
1523 4830 1624 4886 ea?
1655 4829 1910 4899 Bipennis

351 4918 493 4971 enim
523 4916 569 4973 si
600 4918 798 4986 optime
828 4928 1140 4980 esacuatur.
1167 4922 1516 4976 accommoda
1551 4929 1636 4977 est
1664 4923 1730 4976 ad
1765 4922 1911 4991 ligna

353 5009 467 5078 agri
491 5008 844 5065 detondeuda.
882 5009 1016 5065 Num
1047 5010 1212 5082 igitur
1261 5011 1497 5067 laudabit
1532 5013 1675 5082 quis,
1711 5013 1912 5083 inquit,

351 5099 606 5165 securim,
642 5101 794 5169 quasi
826 5101 926 5155 hoc
960 5112 1219 5169 praestare
1254 5103 1459 5173 absque
1490 5103 1765 5159 incidente
1786 5118 1912 5157 cum

351 5204 417 5240 υιι
445 5190 656 5246 valeat?
706 5192 867 5248 Serra
917 5207 1013 5263 per
1069 5209 1129 5249 se
1177 5194 1308 5264 quid
1358 5194 1574 5259 elIiciet,
1630 5194 1735 5249 nisi
1790 5194 1913 5264 quis

357 5277 580 5331 traxerit
623 5278 791 5343 illam.
837 5295 901 5337 ac
938 5296 1152 5338 rursum
1189 5282 1488 5354 depulerit?
1532 5283 1588 5338 Si
1636 5297 1763 5339 vero
1794 5283 1915 5351 quis

355 5376 544 5421 contra
568 5370 924 5444 quodcunque
970 5388 1064 5431 seu
1098 5374 1323 5447 virgam,
1352 5389 1443 5429 seu
1474 5375 1678 5443 lignum
1712 5374 1912 5440 elevet,

359 5468 537 5509 annon
564 5472 777 5516 rursum
811 5463 889 5518 sic
915 5464 1058 5520 erit?
1086 5464 1295 5524 Jacebit
1325 5464 1465 5522 enim
1490 5465 1639 5534 virga
1662 5464 1717 5521 in
1743 5475 1911 5536 terra,

428 5611 473 5643 ’°
504 5608 611 5667 Luc
665 5630 714 5675 κ.
746 5615 824 5669 ιο.

2018 4482 2188 4535 ρειαν,
2214 4465 2352 4517 ἑλεῖν
2372 4464 2428 4517 δὲ
2450 4464 2546 4515 σὺν
2571 4464 2708 4534 αὑτῇ
2735 4462 2829 4516 καλ⁵
2847 4460 2946 4523 τὰς
2968 4459 3159 4529 ἐτέρας
3185 4456 3384 4521 πόλεις,
3410 4454 3594 4524 ψήφου

2013 4554 2070 4608 δὲ
2109 4554 2309 4625 μᾶλλον
2338 4556 2437 4625 τῆς
2472 4553 2677 4608 ἀνωθεν
2712 4551 3078 4625 ἐπιφερούσης
3109 4548 3288 4603 αὐτῶν
3318 4550 3431 4611 τοῖς
3459 4547 3599 4616 ἀφό-

2018 4660 2161 4715 ρητα
2217 4642 2669 4713 δεδυσσεϐηκόσι,
2732 4642 2985 4712 καθάπερ
3042 4639 3164 4694 τινὰ
3233 4638 3490 4703 πέλεκυν,
3560 4636 3596 4707 ἢ

2017 4734 2211 4806 ῥάϐδον
2234 4735 2266 4804 ἢ
2301 4733 2474 4798 ξύλον.
2495 4733 2630 4787 Εἰπὲ
2653 4734 2761 4805 γάρ
2782 4750 2894 4804 μοι,
2918 4732 3103 4802 φησὶν,
3125 4724 3169 4784 ὦ
3192 4730 3409 4783 πάντων
3435 4727 3600 4781 ἀνού-

2019 4842 2200 4890 στατε,
2249 4826 2323 4896 μὴ
2371 4826 2529 4894 ἀξίνη
2574 4823 2963 4894 δοξασθήσεται
3005 4824 3133 4876 ἀνευ
3172 4821 3267 4875 τοῦ
3298 4822 3599 4882 κόπτοντος

2018 4914 2076 4968 ἐν
2109 4914 2266 4985 αὑτῇ.
2294 4914 2530 4976 Πέλεκυς
2556 4914 2652 4983 μὲν
2682 4912 2789 4983 γὰρ
2818 4913 3014 4983 ἄριστα
3040 4912 3372 4981 τεθηγμένος
3401 4909 3497 4961 καὶ
3520 4925 3603 4961 το⁸

2023 5007 2121 5077 μὸς
2152 5006 2468 5078 ἐπιτηδείως
2504 5004 2569 5058 ἂν
2592 5000 2705 5074 ἔχοι
2742 5003 2876 5074 πρὸς
2907 5003 2969 5055 τὸ
2998 5001 3315 5073 ἀποκείρειν
3336 4997 3601 5053 δύνασθαι

2020 5099 2089 5152 τά
2112 5102 2168 5153 ὲν
2193 5099 2381 5170 ἀγροῖς
2408 5096 2559 5162 ξύλα.
2582 5094 2708 5167 Ἆρ’
2739 5092 2831 5151 οῦν
2854 5095 3140 5150 ἐπαινέσαι
3157 5112 3242 5157 τις
3264 5094 3363 5163 τὴν
3384 5091 3597 5172 ἀξίνην,

2019 5192 2096 5255 ὡς
2140 5191 2298 5247 τοῦτο
2350 5192 2483 5262 δρᾷν
2534 5189 2857 5261 δυναμένην,
2909 5188 3028 5259 δίχα
3067 5185 3163 5240 τοῦ
3210 5185 3502 5245 κόπτοντος
3540 5186 3601 5237 ἐν

2021 5286 2199 5357 aii-ri);
2246 5286 2557 5355 Ἐνεργήσει
2589 5283 2646 5337 δὲ
2672 5284 2723 5337 τί
2751 5282 2872 5337 καθ’
2911 5280 3100 5336 ἑαυτὸν
3144 5281 3173 5333 ὁ
3203 5280 3401 5351 πρίων,
3436 5278 3484 5331 εί
3520 5278 3597 5348 μή

2019 5395 2103 5441 τις
2134 5377 2343 5431 ἒλκοιτό
2369 5394 2426 5430 τε
2461 5376 2644 5445 αὑτὸν,
2689 5375 2784 5430 καὶ
2826 5374 3162 5445 κατωθήσειε
3204 5372 3403 5434 πάλινς
3431 5371 3491 5423 Ei
3540 5369 3600 5422 δὲ

2020 5471 2081 5539 δή
2118 5487 2202 5535 τις
2227 5468 2349 5523 καθ’
2376 5467 2550 5524 ὁτιοῦν
2588 5469 2625 5538 ἢ
2660 5468 2873 5539 ῥάϐδον,
2900 5466 2934 5536 ἢ
2970 5465 3147 5533 ξύλον·
3179 5460 3268 5537 ἀρ’
3294 5463 3392 5535 οὑχ
3422 5459 3597 5527 οὕτως
