4002 6212
292 288 400 345 ‘289

1427 280 1491 334 ΙΝ
1532 280 1765 335 ISAIAM
1808 283 1938 338 LIB.
1982 283 2023 337 1.
2066 282 2274 341 ORAT.
2315 283 2408 339 Vl.

3437 278 3543 335 290

292 405 446 458 ἔσται
493 401 690 467 πάλιν;
732 368 989 454 Κείσεται
1044 402 1142 471 μὲν
1187 399 1292 470 γὰρ
1333 404 1367 470 ἡ
1402 402 1595 472 ῥάϐδος
1635 405 1714 466 εἰς
1754 403 1872 474 γῆν,

1982 413 2036 457 et
2070 403 2272 470 lignum
2313 399 2632 469 projicietur
2657 414 2671 452 :
2701 406 2755 452 at
2788 397 2832 452 si
2861 397 2984 466 quis
3019 395 3309 465 acceperit,
3346 403 3401 450 et
3445 411 3540 464 ap-

293 499 551 569 ἕρῤιπται
601 495 657 549 δὲ
705 495 800 548 καὶ
825 495 886 547 τὸ
915 495 1088 558 ξύλον,
1119 494 1230 547 ἀλλ’
1260 494 1422 557 εἴτις
1451 494 1631 548 λαϐὼν
1683 495 1878 562 ἐπάγοι

291 592 428 650 τισὶ,
458 589 580 639 τότε
607 588 671 657 δὴ
701 587 916 648 πάντως
941 587 1020 648 εἰς
1055 586 1214 655 ἔργον
1245 586 1364 654 ἥξει
1390 585 1459 638 τὰ
1489 585 1556 639 δι’
1587 587 1784 639 αὐτῶν.
1813 588 1878 639 Τί

292 678 686 745 remouendi,
711 677 1058 746 πεφρόνηκας
1097 676 1309 746 ὑψηλάς
1359 677 1424 728 Τί
1472 676 1528 729 δὲ
1575 677 1672 745 τὴν
1708 679 1878 746 ὀφρὺν

296 768 580 837 ἁνασπᾷς;
623 767 738 819 Οἴει
778 768 860 820 ὅτι
897 766 1002 836 ἰδίᾳ
1041 767 1264 836 δυνάμει
1309 767 1673 837 κατῶρθωκας
1720 769 1880 832 αὐτὸς

194 854 202 859 ’
297 857 354 907 τὸ
390 856 534 908 ἑλεῖν
572 855 672 918 τὰς
707 855 909 919 πόλεις,
941 858 996 908 ὲν
1025 857 1254 925 οὐρανοῦ
1304 857 1455 920 τάξει
1501 857 1880 928 παραληφθεὶς

299 944 448 1015 παρὰ
473 945 572 1014 τῆς
602 946 784 998 ἐκεῖνα
810 945 1067 1014 ποιούσης
1091 948 1292 1016 χειρὸς,
1323 947 1563 1017 δηλονότι
1590 950 1686 1019 τῆς
1708 949 1876 1012 θείας;

299 1039 372 1090 Οὐ
407 1037 476 1107 σὴ
501 1036 794 1106 τοιγαροῦν
824 1038 856 1104 ἡ
875 1033 1020 1100 δόξα*
1046 1036 1184 1089 Θεοῦ
1210 1037 1267 1090 δὲ
1297 1039 1495 1109 μᾶλλον
1519 1039 1612 1092 τοῦ
1630 1041 1878 1110 καθάπερ

298 1126 420 1179 τινὰ
451 1125 708 1188 πέλεκυν,
749 1125 782 1195 ἢ
822 1124 1035 1196 ῥάϐδον,
1067 1127 1100 1196 ἢ
1131 1125 1285 1192 ξύλον
1326 1128 1424 1197 τὴν
1455 1127 1552 1198 σὴν
1585 1127 1880 1198 ἐπάγοντος

206 1237 208 1239 δ
295 1217 561 1287 ὠμότητα
579 1219 691 1277 τοῖς
714 1215 862 1285 αύτῷ
882 1218 1398 1287 προσκεκρουκόσιν.
1429 1221 1565 1290 Ἐσῃ
1587 1222 1762 1274 τοίνυν
1784 1223 1879 1291 οὐχ

295 1308 465 1371 οὕτω,
491 1309 675 1378 φησὶν,
708 1308 784 1370 ὡς
799 1308 982 1379 ᾠήθης
1010 1309 1190 1372 αὑτός.
1221 1310 1358 1364 Οὔτε
1391 1312 1496 1384 μὴν
1524 1315 1583 1366 ὲν
1597 1315 1878 1384 ταυτότητι

295 1400 458 1469 δόξης
481 1399 777 1468 διαμενεῖς,
813 1399 927 1453 ἀλλ’
958 1399 1078 1453 οὐδὲ
1103 1403 1223 1463 ταῖς
1259 1401 1432 1466 οὕτως
1462 1405 1657 1475 ἀῦραῖς
1682 1407 1881 1458 ὲνσπα-

296 1491 556 1558 ταλήσεις
602 1491 808 1557 τιμαῖς.
842 1490 916 1541 Οὐ
953 1492 1018 1559 τῇ
1053 1489 1198 1558 ἰσχύϊ
1229 1493 1494 1560 ποιήσεις,
1533 1493 1654 1546 οὐδὲ
1697 1497 1760 1565 τῇ
1799 1511 1882 1547 σο-

298 1580 400 1650 φίᾳ
430 1579 533 1648 τῆς
567 1579 833 1643 συνέσεως
866 1582 1083 1648 ἀφελεῖς
1110 1583 1233 1650 ὅρια
1264 1582 1453 1637 ἐθνῶν.
1486 1585 1558 1637 Ού
1590 1587 1877 1658 καταλήψῃ

295 1671 398 1742 τὴν
423 1671 750 1741 οἰκουμένην
799 1672 874 1735 ὡς
917 1673 998 1724 ibi:
1042 1674 1529 1746 καταλελειμμένα.
1576 1677 1712 1729 Ἀλλ’
1745 1680 1879 1732 ἀπο-

1979 494 2278 561 plicaverit,
2317 501 2444 544 tunc
2476 491 2697 544 omnino
2731 504 2792 544 ea
2838 504 2958 558 qua:
3004 503 3100 558 per
3139 489 3225 541 illa
3278 488 3434 551 liunt,
3483 489 3536 541 in

1978 598 2111 651 opus
2155 582 2391 637 venient.
2437 580 2573 647 Quid
2617 595 2770 649 ergo,
2820 581 3012 650 inquit,
3057 579 3162 633 alta
3203 579 3382 646 sapis?
3417 579 3544 646 quid

1979 675 2326 742 supercilium
2371 673 2564 727 tollis?
2599 672 2988 727 Exsistimasne
3028 680 3115 724 tua
3163 672 3214 724 vi
3251 672 3350 724 hoc
3388 669 3544 739 177

1981 765 2316 834 perfunctum
2342 779 2466 820 esse
2497 774 2568 830 te,
2599 775 2906 833 utcaperes
2929 764 3112 826 nrbes,
3141 777 3262 817 cum
3291 771 3546 830 tanquam

1977 857 2392 910 instrumentum
2450 871 2478 909 a
2522 871 2680 908 manu
2727 855 2981 908 nimirum
3023 854 3224 917 divina,
3268 867 3387 921 qua:
3436 853 3549 905 haec

1979 950 2109 1003 facit
2155 949 2428 1002 adhibitus
2472 947 2683 1000 fueris?
2732 961 2837 1000 non
2888 947 3050 1015 igitur
3084 956 3174 998 tua
3215 944 3402 1014 gloria,
3454 947 3546 998 sed

1981 1041 2072 1095 Dei
2124 1041 2323 1110 potius,
2369 1040 2493 1108 quia
2550 1047 2638 1092 tua
2697 1038 3018 1092 crudelitate
3067 1046 3321 1104 tanquam
3369 1040 3548 1090 securi

1979 1127 2226 1194 quapiam
2292 1140 2385 1180 seu
2441 1125 2612 1195 virga,
2663 1139 2757 1180 seu
2815 1125 2976 1193 ligno,
3028 1125 3284 1178 adversus
3331 1138 3425 1178 eos
3452 1126 3546 1193 qui

1981 1219 2153 1286 ipsum
2179 1217 2519 1271 oﬂenderant
2554 1232 2684 1272 usus
2709 1225 2810 1271 est.
2844 1216 2958 1268 Non
2987 1217 3151 1285 igitur
3183 1216 3312 1280 eris,
3353 1215 3450 1281 ait,
3475 1216 3545 1270 ita

1979 1309 2055 1360 uti
2091 1309 2205 1377 ipse
2231 1309 2476 1377 cogitas:
2505 1322 2608 1363 nec
2640 1309 2887 1369 eumdem
2918 1307 3103 1377 gloriae
3137 1317 3375 1361 tenorem
3410 1306 3550 1361 reti.

1978 1397 2150 1462 nebis,
2173 1398 2266 1450 sed
2296 1412 2476 1466 neque
2505 1407 2611 1452 tam
2658 1396 2905 1451 delicatis
2945 1396 3243 1450 honoribus
3274 1397 3546 1461 lascivies,

1981 1501 2078 1539 nec
2109 1487 2161 1540 in
2194 1488 2512 1543 fortitudine
2548 1488 2854 1552 facies,nec
2879 1488 3144 1557 sapientia
3175 1488 3546 1558 intelligentiae

1978 1577 2130 1631 tolles
2169 1578 2404 1646 gentium
2437 1579 2718 1642 terminos,
2765 1593 2869 1632 non
2920 1579 3103 1646 capies
3137 1579 3324 1633 orbem
3371 1588 3547 1633 terra.

1978 1684 2096 1722 rum
2126 1679 2185 1723 ut
2209 1684 2310 1722 ova
2347 1668 2558 1734 relicta,
2605 1669 2698 1722 sed
2731 1671 2904 1723 mittet
2941 1669 3200 1724 Dominus
3233 1668 3466 1725 Sabaoth
3492 1672 3544 1725 in

299 1762 482 1814 στελεί
518 1760 719 1832 Κύριος
759 1761 986 1814 Σαϐαὼθ
1039 1764 1118 1824 εἰς
1159 1763 1256 1832 τὴν
1299 1763 1397 1833 σὴν
1438 1763 1601 1834 τιμὴν
1628 1766 1872 1834 ἀτιμίαν,

1983 1769 2128 1812 tuutn
2160 1759 2345 1824 decus,
2378 1761 2631 1824 dedecus,
2656 1771 2709 1815 et
2739 1761 2791 1814 in
2832 1760 3058 1829 gloriam
3089 1770 3234 1815 tuam
3286 1762 3426 1831 ignis
3460 1778 3546 1816 ar-

300 1852 398 1904 καὶ
437 1851 522 1913 εἰς
565 1849 664 1920 τὴν
707 1849 804 1920 σὴν
844 1850 1001 1916 δόξαν
1043 1850 1154 1921 πῦρ
1198 1852 1484 1919 καιόμενον
1524 1853 1872 1925 καυθήσεται.

297 1939 479 2009 Τιμὴν
507 1938 565 1990 δὲ
597 1937 759 1990 αὐτοῦ
802 1955 955 2008 φησι,
985 1939 1084 2010 τὴν
1125 1939 1215 1991 ὑπ’
1244 1939 1390 2009 αὐτῷ
1437 1942 1775 2009 πράττουσάν
1817 1960 1876 1994 τε

298 2032 394 2084 καὶ
421 2030 792 2100 ὑποκειμένην
827 2030 1104 2100 στρατιάν.
1140 2031 1257 2082 Ἐπ’
1274 2031 1408 2101 αὐτῇ
1435 2033 1540 2102 γὰρ
1573 2033 1874 2097 δεδόξαστο.

297 2119 422 2190 Πῦρ
444 2115 540 2173 οὖν
571 2119 689 2189 ἥξει
725 2119 844 2173 κατ’
885 2119 1074 2189 αὐτῆς,
1117 2119 1268 2188 φησὶ,
1296 2119 1388 2171 καὶ
1428 2121 1750 2190 καταφλέξει
1777 2123 1876 2193 τὴν

298 2211 400 2282 σὴν
422 2214 610 2281 τιμήν.
652 2211 782 2264 Τίνα
814 2212 872 2264 δὲ
899 2212 1098 2283 τρόπον
1131 2213 1223 2264 καὶ
1246 2210 1403 2264 τοῦτο
1426 2214 1632 2282 γέγονε,
1661 2216 1878 2287 διατρα·

295 2306 380 2356 νοί
412 2304 600 2369 πάλιν,
636 2305 729 2357 καὶ
755 2305 854 2357 οὐκ
885 2307 965 2367 εἰς
991 2307 1226 2376 μακράν.

367 2396 482 2449 Καὶ
530 2397 701 2450 ἔσται
752 2397 817 2450 τὸ
871 2396 995 2464 φῶς
1037 2397 1117 2462 τῷ
1158 2401 1392 2470 Ἰσραὴλ
1442 2403 1529 2465 εὶς
1581 2402 1718 2468 πῦρ,
1780 2402 1878 2454 καί

296 2487 537 2554 ἀνιάσει
571 2486 759 2541 αὐτὸν
795 2488 864 2540 ἑν
891 2489 1033 2554 πυρὶ
1064 2492 1374 2558 καιομένῳ,
1404 2493 1503 2545 καὶ
1529 2493 1772 2560 φάγεται
1797 2494 1878 2558 ὼς

296 2579 518 2647 χόρτον
540 2579 655 2647 τὴν
677 2579 854 2646 ὕλην.
887 2578 964 2646 Τῇ
988 2580 1173 2648 ἡμέρᾳ
1201 2583 1401 2650 ἐκείνῃ
1429 2582 1876 2648 ἀποσϐεσθήσε-

294 2685 394 2722 ται
441 2670 516 2722 τὰ
555 2670 684 2737 ὅρη,
739 2671 837 2724 καί
883 2675 936 2724 οἱ
977 2673 1215 2737 βουνοί,
1273 2674 1370 2727 καὶ
1417 2677 1472 2727 οἰ
1494 2674 1723 2741 δρυμοί.
1765 2674 1876 2726 Καὶ

296 2761 702 2830 καταφάγεται
733 2761 850 2815 ἀπὸ
883 2761 1090 2832 ψυχῆς
1116 2764 1227 2830 ἕως
1263 2763 1524 2831 σαρκῶν.
1558 2765 1668 2820 Καὶ
1704 2766 1874 2819 ἔσται

294 2855 331 2906 ὁ
360 2854 604 2922 φεύγων
634 2853 714 2920 ὡς
739 2855 977 2923 φεύγων
1011 2855 1129 2909 ἀπὸ
1159 2855 1384 2924 φλογὸς
1412 2855 1746 2924 καιομένης-⁸
1775 2857 1872 2910 καί

294 2942 352 2994 οὶ
405 2941 902 3010 καταλειφθέντες
935 2943 1049 2996 ἀπ’
1089 2941 1287 2997 αὐτῶν
1321 2944 1565 2998 ἔσονται
1606 2945 1870 3014 ἀριθμὸς,

296 3031 396 3084 καὶ
418 3031 659 3085 παιδίον
678 3032 891 3102 γράψει
914 3035 1154 3100 αὐτούς.

1981 1850 2115 1904 dens
2147 1852 2494 1906 accendetur.
2529 1851 2702 1907 Decus
2726 1861 2903 1905 autem
2925 1851 3041 1920 ejus
3067 1851 3199 1906 dicit
3222 1855 3541 1918 exercitum,

1980 1945 2070 2012 qui
2127 1943 2226 1998 sub
2276 1945 2395 2012 ipso
2446 1945 2711 1999 merebat.
2763 1943 2892 1997 inde
2937 1944 3080 1997 enim
3127 1944 3388 2012 gloriatus
3438 1957 3538 1999 est.

1983 2035 2124 2104 Ignis
2163 2050 2312 2105 ergo,
2362 2035 2554 2103 inquit,
2607 2034 2825 2087 invadet
2864 2033 3038 2097 illum,
3089 2041 3347 2101 tuumque
3383 2035 3545 2088 decus

1981 2128 2248 2182 amburet.
2307 2127 2768 2194 Quemadmodum
2828 2126 2992 2196 igitur
3051 2125 3153 2179 hoc
3203 2123 3403 2178 factum
3453 2125 3543 2190 sit,

1984 2233 2168 2272 rursus
2191 2219 2472 2288 explanat,
2510 2233 2608 2273 nec
2637 2218 2690 2272 id
2717 2219 2943 2285 prolixe.

2051 2390 2215 2446 Vens.
2256 2393 2442 2448 17-19.
2479 2392 2548 2446 Et
2599 2396 2697 2448 erit
2749 2395 2841 2448 lux
2896 2395 3114 2449 lsraelis
3161 2412 3254 2464 pro
3301 2397 3440 2464 igne,
3495 2410 3546 2450 et

1979 2484 2325 2552 sanetiﬁcabit
2393 2502 2509 2540 eum
2558 2487 2675 2554 igne
2717 2488 2946 2550 ardenti,
2980 2499 3025 2540 et
3059 2488 3168 2540 edet
3196 2489 3328 2541 sicut
3370 2489 3547 2554 fenum

1977 2576 2182 2630 silvam.
2231 2576 2325 2631 Die
2359 2577 2452 2632 illa
2495 2580 2890 2648 exstinguentnr
2930 2589 3154 2644 montes,
3196 2591 3243 2632 et
3291 2583 3472 2644 colles,
3500 2595 3546 2634 et

1978 2669 2168 2733 saltus,
2212 2678 2260 2722 et
2307 2670 2568 2724 devornbit
2612 2672 2673 2723 ab
2705 2673 2884 2724 animo
2923 2688 3083 2741 usque
3111 2689 3313 2726 carnes.
3348 2671 3418 2726 Et
3449 2675 3546 2726 erit

1980 2758 2187 2827 fugiens
2217 2760 2352 2812 t'elut
2387 2761 2592 2827 fugiens
2635 2779 2664 2812 ιι
2695 2763 2909 2828 ﬂamma
2959 2764 3198 2818 ardente.
3261 2764 3326 2817 Et
3362 2781 3546 2833 snper-

1976 2852 2125 2906 stites
2150 2868 2215 2906 ea:
2239 2852 2347 2905 illis
2381 2863 2531 2905 erunt
2567 2869 2834 2916 numerus,
2877 2865 2924 2906 et
2949 2857 3195 2927 parvulas
3222 2859 3407 2911 scribet
3433 2875 3541 2911 eos.

366 3100 695 3192 Δυσέφικτον
712 3100 929 3196 *σφόδρα
956 3126 1016 3178 τὸ
1039 3125 1345 3196 εἰρημένον,
1374 3129 1519 3197 καὶὴ
1552 3129 1651 3198 τῆς
1676 3129 1870 3195 λέξεως

2049 3132 2212 3188 Valde
2267 3135 2556 3188 obseurum
2601 3146 2684 3189 est
2734 3136 2874 3204 quod
2921 3136 3155 3202 dicitur,
3207 3147 3261 3191 et
3287 3139 3546 3190 orationis

296 3213 538 3284 συνθήκη
585 3215 684 3286 τὴν
730 3217 984 3269 ἀπόδοσιν
1028 3217 1140 3287 ἔχει
1182 3219 1632 3292 δυσχερεστάτην.
1687 3223 1870 3293 Σαφη-

293 3305 515 3375 νιοῦμεν
531 3306 587 3358 δὲ
615 3306 898 3370 πάλιν,τὸν
925 3306 983 3360 ἔν
1005 3325 1067 3376 γε
1095 3311 1209 3372 τοῖς
1230 3310 1609 3380 προκειμένοις
1633 3313 1870 3383 κρυπτό-

295 3411 458 3465 μενον
503 3395 654 3461 νοῦν,
683 3397 865 3450 έκεῖνα
895 3399 1305 3469 προειρηκότες·
1337 3395 1462 3453 Elis
1495 3403 1592 3471 μὲν
1631 3403 1739 3473 γὰρ
1772 3402 1870 3472 τὴν

293 3486 608 3558 Σαμάρειαν
647 3489 675 3540 6
715 3487 1114 3559 Σαλαμανασὰρ
1150 3491 1178 3542 6
1210 3489 1319 3542 τῶν
1369 3491 1668 3560 Ἀσσυρίων
1717 3491 1869 3560 βασι-

290 3576 443 3641 λεὺς,
470 3577 755 3632 ἀπέστειλε
788 3579 844 3632 δὲ
878 3580 1152 3650 Ῥαψάκην
1175 3582 1240 3634 ἐκ
1267 3582 1464 3650 Λαχείς
1485 3584 1566 3644 είς
1600 3583 1868 3652 Ἰερουσα-

292 3665 429 3736 λὴμ,
455 3666 514 3730 ὸς
539 3666 726 3732 ἐλθὼν,
757 3668 850 3720 καὶ
875 3668 1240 3738 πολιορκήσας
1269 3670 1439 3740 αὐτὴν
1467 3669 1868 3740 προσλελάληκε

290 3759 407 3818 τοῖς
449 3757 507 3808 ἐν
543 3755 622 3828 τῷ
659 3757 827 3827 τείχει
852 3744 931 3809 ’τὰ
977 3757 1125 3823 παρὰ
1154 3757 1247 3809 τοῦ
1292 3759 1642 3829 πεπομφότος
1683 3759 1865 3821 αὑτὸν,

291 3846 603 3917 προσετίθει
629 3847 687 3900 δὲ
714 3847 922 3912 τούτοις
946 3847 1043 3910 τὰς
1073 3848 1214 3901 κατὰ
1255 3849 1347 3901 τοῦ
1383 3848 1517 3902 Θεοῦ
1552 3849 1867 3920 δυσφημίας

291 3940 492 4009 λέγων,
543 3946 628 4000 ὃτι
660 3940 736 3995 Οὐ
773 3939 848 4012 μὴ
884 3941 1102 4013 ῥύσεται
1134 3942 1163 3993 6
1193 3941 1324 4004 Θεὸς
1363 3942 1466 4011 τὴν
1517 3943 1870 4014 Ἰερουσαλὴμ

291 4035 360 4086 ὲκ
385 4031 568 4102 χειρὸς
597 4031 859 4102 βασιλέως
883 4033 1200 4103 Ἀσσυρίων.
1227 4033 1370 4104 Πρὸς
1399 4034 1462 4104 δὴ
1491 4035 1557 4089 τὰ
1582 4035 1758 4088 τοιάδε
1784 4035 1869 4088 δε-

287 4122 654 4194 δυσφορηκὼς
699 4125 728 4176 6
773 4123 1024 4194 βασιλεὺς
1084 4124 1334 4190 Ἐζεκίας
1392 4125 1490 4189 τὰς
1556 4127 1691 4197 πρὸς
1737 4127 1869 4180 Θεὸν

289 4217 530 4269 ἐποιεῖτο
559 4214 711 4278 λιτὰς
729 4215 922 4284 λέγων·
951 4216 1304 4278 Είσάκουσον,
1333 4215 1525 4286 Κύριε,
1566 4217 1866 4287 είσόλεψον,

288 4308 489 4379 Κύριε,
516 4308 610 4361 καὶ
637 4307 709 4361 ίδε
732 4309 854 4371 τοὺς
871 4308 1060 4376 λόγους
1092 4308 1388 4378 Ῥαψάκου,
1411 4309 1504 4372 οὓς
1523 4309 1866 4374 ἐξαπέστειλε

1976 3232 2246 3277 structura
2318 3240 2534 3279 sensum
2608 3225 2762 3281 aifert
2818 3228 3089 3282 intellectu
3152 3228 3541 3284 diiiicillimum.

1975 3313 2374 3382 Explicahimus
2425 3326 2602 3370 autem
2659 3334 2846 3372 rursus
2891 3335 3108 3374 sensum
3151 3320 3202 3374 in
3256 3321 3339 3374 his
3366 3322 3546 3376 verbis

1978 3405 2254 3471 latentem,
2300 3407 2430 3459 illud
2480 3408 2735 3476 prmi-ali:
2782 3411 2935 3479 Cepit
2983 3412 3236 3465 nimirum
3269 3413 3548 3467 Salmana-

1976 3513 2131 3551 sarus
2176 3515 2266 3552 rex
2321 3501 2666 3569 Assyriorum
2697 3502 3018 3568 Samariam,
3050 3503 3352 3573 legavitque
3379 3519 3410 3557 e
3438 3503 3545 3557 La-

1975 3588 2103 3642 ches
2162 3590 2456 3658 Rapsacem
2511 3590 2855 3646 Jerusalem:
2907 3599 2998 3661 qui
3043 3609 3165 3647 cum
3215 3594 3543 3660 advenisset,

1975 3694 2201 3748 eamque
2245 3682 2526 3736 obsidione
2571 3684 2855 3749 cinxisset,
2893 3699 2986 3738 eos
3018 3685 3288 3752 quierant
3317 3685 3371 3737 in
3407 3697 3545 3737 mae-

1977 3770 2135 3823 nibus
2173 3768 2371 3824 affatus
2393 3781 2506 3832 est,
2539 3787 2656 3839 quae
2693 3773 2762 3826 ab
2795 3785 2859 3825 eo
2889 3773 2980 3840 qui
3013 3773 3186 3840 ipSum
3219 3773 3366 3827 misit
3391 3787 3545 3828 acce-

1976 3873 2149 3931 perat.
2191 3862 2397 3929 Quibus
2428 3863 2672 3931 adjunxit
2705 3863 3070 3932 blasphetnias
3117 3873 3172 3918 et
3196 3864 3448 3920 convicia
3492 3867 3541 3919 in

1975 3951 2185 4006 Deum:
2237 3949 2353 4006 Non
2417 3952 2702 4019 liberabit,
2758 3955 2951 4022 inquit,
3004 3955 3141 4010 Deus
3183 3953 3479 4010 Jerusalem
3514 3974 3544 4011 e

1976 4058 2134 4097 manu
2183 4046 2324 4114 regis
2364 4045 2731 4118 Assyriorum.
2779 4045 2908 4112 Qua:
2941 4047 3127 4116 iniquo
3155 4046 3332 4102 ferens
3363 4048 3545 4103 animo

1975 4131 2234 4188 Ezechias
2283 4150 2375 4190 rex
2408 4175 2424 4201 ,
2481 4135 2616 4191 fusis
2665 4138 2730 4190 ad
2789 4139 2951 4191 Deum
3000 4138 3275 4207 precibus,
3322 4139 3538 4209 inquit:

1977 4227 2204 4293 Exaudi,
2234 4228 2475 4290 Domine,
2515 4229 2719 4297 aspice,
2782 4230 3029 4293 Domine,
3078 4241 3131 4284 et
3179 4232 3542 4300 contemplare

1974 4317 2138 4370 verba
2194 4315 2493 4385 Rapsacis,
2551 4334 2672 4387 quae
2721 4320 2903 4373 emisit
2959 4335 3048 4373 rex
3081 4321 3450 4391 Assyriorum,
3485 4333 3544 4375 nt

292 4397 548 4467 βασιλεὺς
587 4399 905 4470 Ἀσσυρίων,
941 4399 1218 4463 ὀνειδίζειν
1256 4399 1387 4452 Θεὸν
1421 4401 1618 4466 ζῶντα.
1664 4402 1866 4472 Ἑπηγ-

1976 4407 2194 4477 probris
2246 4407 2414 4462 Deum
2467 4408 2735 4465 viventem
2786 4410 3163 4465 insectaretur.
3215 4412 3542 4481 Repromisit

289 4490 513 4557 τέλλετο
533 4490 590 4544 δὲ
615 4490 746 4554 Θεὸς
782 4491 879 4562 τὴν
907 4491 1180 4562 σωτηρίαν
1208 4492 1411 4554 αὐτοῖς.
1441 4494 1551 4546 Καὶ
1569 4493 1632 4563 δὴ
1663 4495 1756 4546 καὶ
1777 4494 1866 4559 ἐξ·

287 4580 454 4648 ἦλθεν
482 4579 714 4648 ἄγγελος
738 4581 966 4652 Κυρίου,
997 4581 1092 4633 καὶ
1134 4581 1342 4634 ἀνεῖλεν
1380 4583 1437 4634 ὲν
1471 4583 1568 4652 μιᾷ
1605 4581 1760 4635 νυκτὶ
1803 4586 1866 4637 ὲκ

286 4669 392 4738 τῆς
433 4655 792 4741 παρεμϐολῆς
819 4671 928 4723 τῶν
969 4670 1267 4742 Ἀσσυρίων
1307 4655 1866 4742 ἐκατὸνόγδοήκοντα

287 4763 452 4814 πέντε
495 4762 757 4831 χιλιάδας.
802 4758 876 4816 OB
909 4761 978 4832 δὴ
1020 4764 1324 4831 γεγονότος,
1385 4763 1641 4816 ὲΰάλλετο
1693 4765 1792 4834 μὲν
1812 4767 1864 4835 ιιό

287 4853 578 4922 Ἀσσύριος
629 4854 886 4923 άφορὴτῳ
916 4853 1149 4922 δείματι.
1191 4854 1452 4917 Ἀκούσας
1505 4855 1562 4908 δὲ
1606 4857 1864 4924 ἀγγελίαν

285 4941 370 4992 ὅτι
397 4941 655 5009 Σαρσαθὰ
687 4941 940 5011 βασιλεὺς
966 4943 1238 4996 Αἰθιόπων
1262 4942 1452 5013 ἐξῆλθε
1477 4946 1618 4998 κατὰ
1643 4947 1741 5015 τῆς
1771 4946 1873 5017 γῆς

287 5031 454 5084 αὑτοῦ
495 5034 594 5085 σὺν
634 5033 832 5100 ὀλίγοις
867 5033 1144 5096 παντελῶς
1188 5037 1300 5098 τοῖς
1346 5035 1869 5106 περιλελειμμένοις,

284 5122 462 5193 ᾤχετο
505 5123 705 5192 φυγάς.
747 5124 917 5177 Τοῦτο
975 5125 1068 5177 καὶ
1124 5123 1218 5177 νῦν
1270 5127 1298 5177 6
1352 5129 1687 5196 προφητικὸς
1742 5131 1872 5198 ἡμῖν

285 5215 703 5283 αἰνιγματωδῶς
725 5215 1066 5286 διερμηνεύει
1097 5216 1268 5284 λόγος.
1291 5216 1408 5279 Φῶς
1431 5218 1530 5286 μὲν
1553 5219 1659 5288 γὰρ
1683 5219 1872 5287 γέγονε

282 5305 368 5374 τῷ
433 5306 642 5375 Ἰσραὴλ
705 5309 732 5358 6
778 5307 885 5359 τῶν
929 5307 1078 5359 -ὅλων
1129 5308 1258 5369 Θεὸς
1319 5309 1408 5360 τὸν
1470 5309 1869 5377 καταφωτίζειν

290 5396 546 5466 ἰσχύοντα
573 5397 948 5469 διορισάμενος
987 5399 1169 5469 νόμον.
1212 5399 1368 5452 Ἀλλὰ
1405 5400 1581 5465 τοῦτο,
1624 5404 1777 5471 φησὶ,
1808 5402 1868 5454 τὸ

288 5489 403 5554 φῶς
433 5490 495 5540 τὸ
521 5489 770 5560 ὑπάρξαν
799 5489 874 5560 τῷ
904 5489 1136 5560 Ἰσραὴλ,
1168 5491 1228 5542 οὐ
1256 5489 1370 5557 φῶς
1409 5491 1562 5543 ἔσται
1596 5496 1707 5554 τοῖς
1746 5493 1868 5545 Ἀσ-

289 5581 493 5650 συρίων
524 5583 948 5652 στρατεύμασιν,
994 5583 1108 5636 ἀλλ’
1139 5585 1217 5646 είς
1259 5582 1370 5654 πῦρ
1402 5584 1708 5655 ὀλοθρεῦον.
1739 5586 1862 5638 ’Ότι

283 5671 343 5724 δὲ
378 5674 580 5726 οἰκεῖον
620 5674 768 5736 αὐτῷ
806 5676 898 5728 καὶ
937 5675 1348 5741 ἀνατεθειμένον
1398 5676 1610 5741 ἡγεῖται
1655 5676 1781 5729 λαὸν
1839 5679 1867 5729 6

1975 4514 2105 4554 vero
2147 4498 2290 4553 Deus
2327 4499 2553 4552 salutem
2591 4499 2697 4553 illis
2729 4519 2740 4552 :
2789 4516 3146 4570 egressusque
3175 4503 3341 4557 exivit
3374 4519 3541 4574 ange-

1975 4589 2059 4644 lus
2100 4591 2337 4655 Domini,
2361 4600 2417 4646 et
2446 4606 2551 4645 una
2580 4601 2736 4645 nocte
2759 4607 2789 4644 e
2817 4594 3015 4648 castris
3041 4595 3385 4666 Assyriorum
3415 4611 3542 4652 cen-

1979 4688 2089 4732 tum
2119 4680 2392 4749 octoginta
2423 4680 2662 4748 quinqne
2696 4681 2861 4735 millia
2889 4682 3162 4738 interemit
3189 4698 3205 4737 :
3242 4700 3348 4754 quo
3377 4685 3538 4750 facto,

1974 4768 2112 4824 ictus
2161 4780 2245 4824 est
2293 4770 2548 4839 Assyrius
2602 4771 2800 4839 ingenti
2854 4773 3066 4828 timore.
3126 4774 3362 4844 Accepto
3414 4791 3540 4831 vero

1973 4861 2160 4916 nuntio
2192 4861 2448 4916 Sarsatha
2489 4876 2666 4931 regem
2729 4862 3050 4934 EthiOpum
3105 4874 3292 4920 contra
3341 4876 3538 4920 terram

1969 4965 2120 5004 suam
2164 4952 2328 5022 178
2373 4952 2773 5020 expeditionem
2817 4955 3013 5017 facere,
3050 4969 3170 5008 cum
3207 4957 3392 5023 paucis
3424 4972 3531 5009 om-

1972 5043 2100 5096 nino
2142 5045 2345 5097 relictis
2401 5044 2532 5097 abiit
2579 5043 2858 5114 profugus.
2893 5045 3005 5098 Hoc
3044 5061 3187 5098 nunc
3227 5047 3535 5114 prophetica

1971 5133 2124 5186 nobis
2170 5134 2558 5200 interpretatur
2595 5135 2790 5188 oratio.
2837 5133 2951 5188 Lux
2997 5137 3138 5190 enim
3171 5134 3352 5190 israeli
3399 5135 3538 5190 Deus

1973 5224 2342 5278 universitatis
2391 5225 2618 5288 exstitit,
2669 5225 2758 5293 qui
2810 5223 2956 5278 solus
2996 5224 3166 5293 legem
3196 5225 3539 5294 quaaillumi-

1975 5329 2104 5368 nare
2163 5325 2339 5382 potest
2385 5315 2683 5370 constituit.
2739 5313 2844 5369 Sed
2896 5316 3031 5378 haec,
3079 5314 3271 5385 inquit,
3307 5315 3393 5369 lux
3419 5332 3538 5386 quas

1972 5404 2182 5458 exsistit
2216 5403 2423 5467 lsraeli,
2448 5419 2552 5458 non
2584 5405 2688 5458 erit
2722 5404 2808 5458 lux
2841 5405 3184 5476 Assyriorum
3218 5407 3408 5473 copiis,
3443 5414 3537 5463 sed

1973 5512 2068 5563 pro
2114 5496 2236 5566 igne
2271 5497 2380 5550 erit
2423 5496 2648 5551 exitiali.
2687 5495 2838 5560 Quod
2883 5508 3063 5552 autem
3095 5496 3539 5569 Hierosolymita-

1970 5601 2068 5638 nos
2096 5584 2372 5653 proprium
2402 5585 2504 5640 sibi
2544 5599 2608 5639 ac
2629 5596 3002 5642 consecratum
3037 5590 3291 5659 populum
3322 5590 3535 5643 univer-

1977 5677 2154 5733 sitatis
2187 5677 2326 5731 Deus
2370 5677 2685 5742 existimet,
2721 5693 2816 5749 per
2849 5679 3026 5750 ignem
3072 5683 3348 5737 ardentem
3395 5681 3534 5734 inter
3609 5753 3615 5758 Α
