4030 6208
490 309 585 366 991

1481 301 1540 356 S.
1583 297 1862 356 CYRILLI
1903 296 2374 354 ALEXANDRINI
2411 297 2730 354 ARCHIEP.

3649 292 3752 348 299

492 417 770 491 Assyrios,
807 417 1024 474 docebit
1049 429 1238 472 omnes
1265 423 1530 485 quotquot
1564 415 1766 485 ubique
1795 424 1942 468 sunt.
1967 415 2066 468 At-

2178 415 2284 468 τῶν
2315 415 2453 468 ὅλων
2474 415 2606 477 Θεὸς
2631 415 2757 475 τοὺς
2780 413 2837 466 ἐν
2866 413 2977 475 τοῖς
3005 408 3397 481 Ἱεροσολύμοις
3416 407 3503 462 διὰ
3534 406 3630 462 τοῦ
3662 424 3754 462 πο-

492 526 597 578 que
643 511 745 564 hoc
794 518 878 564 est
933 505 1076 576 quod
1092 502 1250 575 ait,'c
1273 500 1650 560 Sanctiﬁcabit
1681 520 1802 559 eum
1838 506 1960 575 igne
1988 519 2075 556 ar-

493 605 673 658 dente.
693 624 710 657 ι
731 601 883 666 Quod
925 598 1070 653 enim
1106 595 1436 652 sanctificari
1483 596 1703 660 dicitur,
1732 613 1837 650 non
1865 611 2076 665 semper

492 695 595 748 erit
618 693 794 748 omnis
818 688 1127 746 sanctitatis
1157 688 1452 758 particeps,
1475 697 1532 741 at
1561 689 1740 758 potius
1765 690 1814 741 in
1848 688 2072 758 gloriam

493 793 872 838 consecratum
933 796 1056 835 esse
1106 781 1216 836 Deo
1279 779 1571 850 Significat.
1628 778 1938 846 Cuiusmodi
1994 787 2077 833 est

492 877 636 944 quod
672 877 804 930 dicit
849 876 915 929 ad
946 874 1130 928 Mosen
1165 890 1180 925 :
1221 891 1240 923 ι
1279 872 1572 927 Sauctifica
1610 874 1740 926 mihi
1770 874 2076 940 oinne.pri-

495 969 821 1037 mogenitum
864 965 1117 1038 aperiens
1147 965 1386 1030 vulvam,
1415 967 1654 1019 mascula
1691 968 1916 1018 Domino
1942 965 2008 1017 “.
2051 982 2068 1014 ι

502 1059 566 1109 Et
599 1058 753 1122 illud,
788 1057 1096 1120 sanctitica,
1133 1058 1182 1108 in
1222 1056 1306 1109 Itis
1333 1056 1428 1118 ait,
1469 1071 1587 1125 pro,
1625 1071 1905 1110 consecro.
1937 1053 2075 1108 San-

492 1151 752 1204 ctiticabit
783 1151 968 1220 igitur,
995 1150 1190 1218 inquit,
1225 1147 1479 1202 lsraelem
1512 1149 1752 1203 universi
1787 1148 1947 1213 Dens,
1973 1150 2077 1202 hoc

492 1253 597 1305 est,
651 1244 726 1296 illi
767 1254 1140 1297 consecratum
1185 1251 1240 1294 et
1291 1240 1589 1309 repositum
1635 1239 1826 1295 efﬁciet
1864 1241 1912 1293 in
1958 1241 2077 1308 igne

492 1334 720 1387 ardente
767 1351 780 1386 :
839 1349 935 1404 per
994 1336 1170 1401 ignem
1235 1331 1514 1384 incensum
1564 1342 1748 1385 contra
1801 1333 2074 1400 Assyrios.

496 1428 680 1495 ignem
728 1438 907 1480 autem
948 1426 1181 1494 appellat
1225 1426 1334 1490 hic,
1383 1425 1720 1492 inopinatum
1771 1423 2072 1477 interitum.

494 1521 607 1576 Nisi
657 1519 802 1572 enim
843 1517 1168 1584 peculiarem
1225 1517 1327 1569 sibi
1361 1516 1607 1568 duxisset
1629 1513 1771 1566 hunc
1799 1512 2074 1581 populum,

494 1627 772 1682 nunquam
813 1609 1141 1662 incendisset
1169 1618 1360 1660 contra
1388 1605 1730 1659 adversarios
1758 1605 1958 1673 ignem,
1985 1603 2074 1672 qui

493 1703 658 1755 etiam
716 1699 1068 1767 consumpsit,
1107 1697 1246 1750 velut
1302 1696 1484 1750 fenum
1534 1695 1615 1748 vel
1645 1694 1856 1757 silvam,
1904 1692 2073 1764 Assy-

2182 506 2271 576 ρος
2297 504 2395 560 τοῦ
2429 497 2785 566 ὲκκαυθέντος
2821 505 2878 555 ὲν
2905 504 3017 565 τοῖς
3041 499 3365 570 Ἀσσυρίοις,
3397 499 3599 566 διδάξει
3630 501 3760 564 τοὺς

2177 599 2484 669 ἀπανταχῆ.
2504 599 2614 651 Καὶ
2628 596 2787 650 τοῦτό
2821 597 2938 650 ἐστι
2962 594 3043 660 τὸ,
3064 613 3080 645 ι
3116 591 3532 662 Ἀγιάσειαύτὸν
3553 595 3612 646 ὲν
3627 594 3763 663 πυρὶ

2178 691 2474 760 καιομένῳ.
2503 708 2520 741 ›
2551 691 2624 741 Τὸ
2655 689 2763 759 γὰρ
2789 687 3111 757 ἀγιάζεσθαι
3145 685 3456 756 λεγόμενον,
3481 685 3600 754 οὐχὶ
3628 702 3763 737 παν-

2178 783 2266 844 τὸς
2285 780 2560 850 ἀγιασμοῧ
2585 781 2810 850 μετέχον
2826 779 3000 841 ἔσται,
3023 777 3276 848 σημαίνει
3299 776 3353 829 δὲ
3381 775 3580 846 μᾶλλον
3598 775 3763 830 καὶτὸ

2179 874 2259 934 είς
2289 871 2448 936 δόξαν
2475 869 2889 939 ἀνατεθειμένον
2925 867 3002 937 τῷ
3032 865 3169 938 Θεῷ.
3207 861 3332 919 Οἷόν
3368 865 3421 916 τί
3453 881 3586 936 φησι
3624 865 3762 934 πρὸς

2181 963 2404 1016 Μωσέαο
2461 980 2480 1012 σ
2520 960 2774 1030 Ἀγίασὸν
2825 977 2915 1030 μοι
2961 960 3068 1013 πᾶν
3109 958 3454 1029 πρωτότοκον
3495 957 3760 1024 διανοῖγον

2182 1056 2413 1126 μήτραν,
2454 1053 2521 1107 τὰ
2551 1051 2812 1125 ἀρσενικὰ
2843 1051 2919 1123 τῷ
2951 1043 3158 1122 Κυρίῳ.
3189 1069 3208 1102 ι
3245 1049 3354 1102 Καὶ
3387 1049 3467 1111 τὸ,
3512 1049 3758 1116 ἁγίασον,

2177 1149 2235 1200 ἐν
2258 1146 2489 1209 τούτοις,
2517 1145 2637 1199 ἀντὶ
2674 1145 2788 1208 τοῦ,
2822 1143 3040 1205 ἀνάθες,
3073 1143 3256 1211 φησίν.
3292 1141 3534 1208 Ἀγιάσει
3559 1141 3759 1204 τοίνυν,

2179 1239 2333 1309 φησὶ,
2367 1239 2457 1291 τὸν
2497 1238 2712 1308 Ἰσραὴλ
2735 1237 2762 1287 6
2796 1235 2902 1288 τῶν
2929 1235 3062 1288 ὅλων
3089 1234 3242 1292 Θεὸς,
3273 1232 3417 1284 τοῦτ’
3445 1232 3609 1294 ἔστιν,
3637 1233 3765 1284 ἀνι-

2177 1331 2486 1402 τεθειμένον
2529 1330 2678 1399 αὑτῷ
2723 1329 2818 1382 καὶ
2857 1327 3153 1380 ἀπόλεκτον
3198 1327 3468 1393 ἀποφανεῖ
3513 1325 3569 1376 ὲν
3625 1323 3761 1394 πυρὶ

2178 1423 2472 1494 καιομένῳο
2503 1422 2591 1476 διὰ
2617 1421 2711 1474 τοῦ
2737 1420 2906 1492 πυρὸς
2924 1419 3018 1473 τοῦ
3047 1417 3451 1487 ὲκκεκαυμένου
3483 1417 3622 1470 κατά
3652 1417 3761 1468 τῶν

2190 1515 2510 1586 Ἀσσυρίων.
2554 1513 2673 1585 Πῦρ
2711 1513 2767 1566 δέ
2813 1530 2978 1582 φησιν
3023 1514 3082 1565 ὲν
3128 1511 3340 1570 τούτοις
3379 1509 3470 1563 τὸν
3502 1509 3765 1578 ἀδόκητον

2177 1604 2416 1676 ὀλεθρον.
2461 1605 2524 1657 Et
2579 1604 2653 1674 μὴ
2701 1604 2807 1676 γὰρ
2845 1603 2974 1656 ἴδιον
3018 1604 3205 1672 ἡγεῖτο
3247 1599 3394 1665 λαὸν,
3426 1601 3526 1652 οὐκ
3561 1598 3626 1652 ἂν
3673 1599 3761 1664 te-

2180 1698 2376 1750 έκαυσε
2411 1695 2551 1750 κατὰ
2575 1695 2683 1749 τῶν
2713 1693 2968 1746 ἐναντίων
3003 1693 3064 1745 τὸ
3090 1691 3222 1762 πῦρ.
3247 1691 3275 1744 ὃ
3298 1697 3391 1744 καὶ
3423 1689 3762 1759 δεδαπάνηκε

501 1794 702 1846 t'iorttm
749 1789 1171 1843 multitudinettt.
1217 1788 1311 1841 Illa
1368 1790 1570 1858 itaque,
1603 1786 1796 1854 inquit,
1829 1786 1939 1849 die,
1974 1786 2075 1838 hoc

2178 1787 2432 1858 καθάπερ
2459 1787 2651 1858 χόρτον
2693 1787 2726 1856 ἢ
2758 1786 2890 1856 ὓλην
2918 1785 3015 1856 τὴν
3049 1784 3156 1838 τῶν
3189 1783 3488 1853 Ἀσσυρίων
3526 1781 3758 1850 πληθύν.

495 1895 600 1948 est,
635 1885 849 1937 circiter
895 1883 1023 1936 illud
1075 1881 1353 1949 temporis,
1405 1882 2072 1948 exstinguenturmontes,

494 1987 548 2029 et
577 1975 763 2040 colles,
796 1987 849 2028 et
879 1975 1072 2034 saltus,
1103 1982 1158 2026 et
1187 1973 1468 2026 devorabit
1508 1983 1614 2025 tam
1647 1971 1882 2024 animam
1914 1985 2074 2040 quam

494 2084 710 2126 carnes.
743 2067 985 2122 Collibus
1023 2077 1077 2120 et
1111 2067 1385 2120 montibus
1413 2075 1467 2118 et
1495 2065 1646 2119 silvis
1678 2063 1904 2132 pulchre
1934 2061 2074 2116 assi-

496 2161 652 2214 milat
696 2159 843 2228 ipsas
887 2157 1236 2230 Assyriorum
1288 2155 1495 2224 copias,
1555 2167 1852 2221 earumque
1888 2151 2073 2216 duces,

498 2253 700 2320 quique
738 2251 878 2313 aliis,
908 2263 1006 2302 ceu
1051 2246 1216 2301 colles
1243 2255 1297 2300 et
1326 2255 1557 2308 montes,
1587 2243 1918 2313 praecellunt.
1969 2239 2076 2296 Ve-

496 2359 614 2396 rum
666 2342 718 2395 bi
772 2340 988 2409 quidem
1028 2339 1465 2408 exstinguentur,
1509 2335 1611 2389 hoc
1657 2343 1761 2400 est,
1819 2333 1908 2401 qni
1945 2332 2072 2386 olim

502 2431 665 2484 validi
701 2439 859 2484 erant
893 2440 948 2484 et
999 2428 1292 2491 ferventes,
1333 2427 1416 2481 vel
1474 2425 1627 2479 inviti
1681 2425 2075 2478 exanimation-

497 2531 604 2574 tur.
653 2519 767 2573 lloc
815 2519 959 2572 enim
1014 2516 1274 2578 declarat,
1305 2515 1742 2584 exstinguentur.
1780 2513 2071 2567 Devorabit

493 2612 638 2664 enim
695 2624 790 2664 eos
843 2624 1012 2674 mors,
1059 2617 1268 2661 tantum
1309 2621 1413 2661 non
1449 2607 1660 2658 animas
1689 2604 1984 2658 conficiens
2016 2613 2074 2657 et

493 2716 713 2771 corpus.
763 2701 917 2766 Quod
964 2699 1165 2752 etenim
1219 2712 1324 2752 non
1378 2695 1689 2750 interierint
1738 2695 1892 2750 simul
1953 2712 2073 2750 cum

495 2794 814 2863 rorporibus
866 2798 922 2844 et
972 2791 1183 2851 animae,
1230 2789 1402 2842 cuivis
1447 2789 1790 2857 perspicuum
1825 2796 1908 2842 est
1939 2806 1952 2843 :
1983 2802 2074 2843 ve-

495 2902 612 2940 rum
659 2885 784 2938 ltinc
835 2884 930 2936 irae
960 2884 1068 2936 vim
1101 2882 1428 2936 subindicat.
1461 2880 1570 2936 Sed
1599 2880 1725 2945 erit,
1755 2881 1948 2950 inquit,
1981 2879 2073 2950 qui

499 2978 657 3046 fugit,
691 2976 837 3028 velut
867 2974 1080 3044 fugiens
1111 2988 1138 3026 a
1162 2971 1378 3026 ﬂamma
1407 2971 1655 3036 ardente,
1679 2980 1734 3024 et
1755 2972 2075 3040 superstites

502 3084 568 3121 ex
604 3067 711 3121 illis
753 3075 913 3138 erunt
944 3078 1172 3118 numero
1203 3062 1384 3132 pauci,
1412 3072 1470 3116 ut
1492 3076 1626 3131 puer
1645 3075 1741 3116 eos
1771 3063 2068 3116 describat.

2179 1882 2313 1933 Κατ’
2343 1881 2559 1948 ἐκείνην
2587 1879 2652 1948 δὴ
2697 1874 2790 1931 οὖν
2833 1876 2933 1948 τὴν
2967 1877 3198 1947 ἡμέραν,
3242 1875 3397 1946 φησι,
3434 1873 3578 1928 τοῦτ’
3622 1873 3762 1937 ἐστι,

2178 1972 2298 2023 κατ’
2321 1971 2497 2024 ἐκεῖνο
2517 1969 2610 2025 τοῦ
2639 1969 2832 2042 καιροῦ
2859 1969 3332 2039 ἀποσϐεσθήσεται
3354 1969 3422 2023 τὰ
3443 1969 3562 2039 ὅρη,
3595 1967 3688 2020 καὶ
3712 1967 3764 2020 οί

2179 2061 2357 2134 βουνοὶ
2405 2064 2500 2117 καὶ
2543 2064 2593 2116 οί
2628 2063 2840 2133 δρυμοὶ,
2877 2062 2972 2116 καὶ
3016 2062 3395 2131 καταφάγεται
3449 2061 3556 2114 ἀπὸ
3583 2061 3765 2132 ψυχῆς

2177 2155 2282 2217 ἕως
2312 2156 2553 2226 σαρκῶν.
2591 2155 2807 2217 Βουνοῖς
2837 2154 2930 2208 καὶ
2956 2153 3181 2224 δρυμοῖς
3210 2153 3305 2206 καὶ
3325 2153 3474 2223 ὄρεσι
3506 2153 3770 2224 παρεικά-

2177 2245 2260 2309 ζει
2283 2245 2463 2311 καλῶς
2500 2247 2669 2317 αὑτήν
2701 2263 2760 2298 τε
2808 2245 2906 2315 τὴν
2932 2245 3038 2297 τῶν
3076 2245 3376 2314 Ἀσσυρίων
3408 2243 3634 2315 πληθὺν,
3667 2243 3767 2296 καὶ

2176 2340 2300 2401 τοὺς
2326 2338 2665 2409 ἡγουμένους
2696 2339 2888 2409 αὐτῆς,
2923 2338 3016 2392 καὶ
3046 2337 3155 2389 τῶν
3194 2336 3369 2390 ἄλλων
3398 2335 3767 2406 ὐπερανέχον-

2176 2446 2280 2492 τας
2313 2428 2568 2499 καθάπερ
2593 2428 2816 2498 βουνοὺς
2845 2429 2878 2499 ἢ
2909 2429 3030 2499 ὅρη.
3058 2427 3195 2480 Ἀλλ’
3222 2423 3364 2481 οὗτοι
3403 2427 3501 2497 μὲν
3526 2424 3767 2478 ἀποσσεο

2179 2518 2487 2588 σθήσονταιο
2513 2519 2656 2572 τοῦτ’
2682 2519 2849 2583 ἔστιν,
2889 2520 2939 2572 οἱ
2985 2518 3154 2572 πάλαι
3201 2516 3395 2589 θερμοὶ
3441 2517 3534 2570 καὶ
3577 2516 3770 2581 δεινοὶ,

2176 2612 2270 2664 καὶ
2290 2611 2388 2680 οὐχ
2425 2611 2643 2675 ἑκόντες
2671 2611 3173 2682 ἀποψυχθήσονται.
3203 2609 3374 2664 Τοῦτο
3401 2609 3512 2681 γὰρ
3535 2609 3597 2662 τὸ
3626 2611 3776 2662 ἀπο·

2175 2702 2590 2774 σϐεσθήσονται,
2620 2703 2790 2774 δηλοῖ.
2824 2693 3218 2772 Καταφάγεται
3251 2702 3360 2774 γὰρ
3384 2700 3580 2764 αὐτοὺς
3608 2701 3636 2752 6
3667 2699 3777 2753 θά-

2174 2813 2355 2860 νατος,
2401 2797 2686 2867 μονονουχὶ
2731 2796 2826 2850 καὶ
2860 2796 3037 2867 ψυχὰς
3077 2795 3332 2850 δαπανῶν
3380 2794 3476 2850 καὶ
3510 2792 3772 2862 σώματα.

2176 2886 2300 2938 Ὅτι
2335 2886 2436 2956 μὲν
2465 2887 2574 2956 γάρ
2592 2888 2653 2940 οὐ
2682 2887 3077 2960 συνανῄρηνται
3099 2888 3209 2951 τοῖς
3242 2885 3489 2957 σώμασιν
3517 2886 3573 2938 αἱ
3594 2884 3778 2954 ψυχαὶ

2175 2976 2336 3029 παντί
2372 2993 2450 3047 τῳ
2481 2976 2670 3045 σαφές.
2707 2976 3072 3047 ’Υπεμφαίνει
3110 2976 3166 3030 δὲ
3198 2975 3289 3032 διὰ
3328 2976 3532 3047 τούτων
3569 2975 3628 3029 τὸ
3663 2976 3776 3046 τῆς

2168 3067 2345 3138 ,ὀργῆς
2375 3041 2648 3131 εδσθενές.
2698 3041 3047 3135 Ἀλλ’-ἕσται,
3085 3070 3269 3140 φησὶν,
3299 3069 3326 3121 6
3354 3041 3590 3138 (petimur,
3627 3065 3704 3129 ὼς
3723 3041 3776 3120 -ὁ

497 3156 660 3211 Pauci
696 3156 841 3211 enim
881 3169 1127 3223 prorsus,
1171 3163 1229 3205 ut
1259 3153 1392 3217 dixi,
1425 3155 1580 3221 quasi
1616 3167 1682 3207 ex
1709 3152 1924 3207 flamma
1953 3168 2075 3208 suc-

2181 3160 2397 3230 φεύγων
2419 3151 2538 3213 ἀπο
2555 3159 2753 3230 φλογὸς
2779 3160 3096 3232 καιομένης,
3124 3162 3218 3215 καὶ
3233 3151 3291 3214 οἱ
3317 3159 3777 3228 καταλειφθέντες

497 3262 662 3302 censa
717 3247 807 3299 vix
868 3246 1202 3307 exsilientes,
1251 3245 1411 3297 simul
1459 3259 1582 3298 cum
1638 3260 1764 3316 rege
1801 3246 2071 3316 fugerunt.

500 3336 794 3392 Tantillum
847 3347 1026 3410 autem
1088 3349 1374 3388 numerum
1427 3333 1545 3390 fore
1601 3335 1778 3402 dicit,
1835 3346 1893 3390 ιιι
1923 3336 2072 3406 pueri

497 3430 677 3484 adhuc
709 3425 939 3483 infantis
970 3440 1125 3480 mens
1152 3425 1324 3494 possit
1351 3440 1474 3480 eum
1501 3428 1759 3497 consequi
1787 3436 1842 3483 et
1873 3428 2080 3482 descri-

497 3522 647 3583 bere,
669 3533 762 3574 seu
794 3518 1053 3572 dimetiri.
1091 3516 1264 3570 liabet
1288 3519 1432 3571 enim
1462 3517 1810 3574 Hebraaorum
1833 3519 2072 3581 traditio,

499 3612 662 3686 179
691 3613 837 3682 quod
870 3612 971 3666 soli
1003 3614 1189 3666 decem
1229 3626 1454 3665 numero
1484 3612 1683 3666 residui
1718 3614 2078 3666 remanserint

496 3707 584 3773 qui
619 3719 742 3758 eum
775 3701 1045 3772 Rapsace,
1088 3701 1137 3755 id
1167 3703 1307 3770 quod
1336 3702 1536 3765 evenit,
1573 3700 1685 3770 regi
1726 3703 2072 3770 Assyriorum

497 3795 896 3850 renuntiarent.
955 3792 1082 3848 Hatc
1129 3793 1397 3862 superbia:
1439 3791 1556 3862 ejus
1587 3793 1872 3860 stipendia.
1907 3791 2073 3848 Nobis

496 3901 712 3956 quoque
764 3886 852 3940 hic
902 3896 1061 3956 typus
1104 3885 1251 3939 utilis
1287 3894 1395 3939 est.
1440 3881 1648 3952 Siquis
1668 3883 1812 3937 enim
1842 3884 1975 3936 iratn
2003 3884 2076 3937 di-

497 3981 673 4032 vinam
711 3977 946 4048 eﬁ'ugere
984 3979 1134 4041 velit,
1177 3978 1507 4045 minimeque
1539 3975 1822 4043 illaqueari
1852 3975 2009 4029 titulis
2041 3992 2071 4030 a

497 4071 608 4125 Deo
633 4107 648 4134 ,
686 4079 876 4124 caveat
917 4069 1264 4122 vehementer
1292 4083 1372 4135 .nc
1419 4068 1471 4119 in
1507 4068 1726 4121 morbos
1765 4069 2074 4139 consimiles

495 4177 762 4232 paresque
786 4161 1000 4215 illorum
1024 4159 1368 4228 perversitati
1403 4159 1626 4212 incidat.

2181 3253 2272 3306 ἀπ’
2297 3250 2475 3303 αὐτῶν
2515 3251 2727 3306 ἔσονται
2758 3251 3011 3324 ἀριθμὸς,
3053 3252 3149 3306 καὶ
3182 3253 3391 3306 παιδίον
3423 3251 3624 3322 γράψει
3668 3251 3777 3304 at).-

2180 3341 2324 3405 τούς.
2369 3340 2569 3410 ὐλίγοι
2611 3342 2719 3413 γὰρ
2753 3341 3053 3407 παντελῶς,
3085 3342 3161 3406 ὡς
3207 3343 3365 3413 ἔφην,
3402 3341 3534 3394 ὡσεὶ
3568 3341 3774 3410 φλογὸς

2184 3433 2479 3504 καιομένης
2528 3435 2982 3505 ἀποπηδήσαντες
3031 3434 3186 3506 μόλις
3232 3434 3640 3506 συναπέδραμον
3681 3433 3768 3504 τῷ

2183 3525 2411 3595 βασιλεῖ.
2436 3524 2735 3589 Τοσοὺτους
2755 3526 2813 3580 δὲ
2842 3525 2981 3580 εἷναί
3011 3545 3143 3598 φησι
3167 3527 3260 3580 τὸν
3285 3526 3517 3599 ἀριθμὸν
3542 3525 3766 3589 αὐτοὺς,

2180 3617 2255 3680 ὼς
2288 3616 2362 3687 μὴ
2398 3616 2750 3688 ὑπερκεῖσθαι
2778 3619 2872 3670 καὶ
2895 3619 2994 3689 τὴν
3028 3619 3216 3682 παιδὸς
3237 3619 3317 3671 ἔτι
3345 3618 3537 3689 νηπίου
3564 3617 3765 3688 φρένα,

2179 3707 2241 3760 τὸ
2280 3706 2542 3760 δύνασθαι
2575 3708 2829 3780 γράφειν,
2879 3710 2911 3781 ἢ
2964 3711 3296 3782 ἀπομετρείν
3349 3710 3565 3773 αὐτούς.
3610 3711 3766 3779 Ἔχει

2179 3799 2287 3870 γὰρ
2310 3802 2344 3870 ἡ
2377 3795 2644 3871 Ἐϐραίων
2673 3801 2988 3871 παράδοσις,
3014 3803 3094 3855 ὅτι
3123 3803 3274 3872 μόνοι
3307 3801 3768 3873 περιελείφθησαν

2175 3889 2310 3944 δέκα
2341 3890 2434 3944 τὸν
2467 3891 2722 3962 ἀριθμὸν,
2752 3893 2802 3945 οἱ
2833 3892 2971 3963 μετά
3014 3894 3286 3964 Ῥαψάκου
3317 3895 3376 3948 τὸ
3410 3894 3626 3966 συμϐὰν
3652 3895 3764 3946 ἀπ·-

2175 3981 2531 4050 αγγείλαντες
2565 3983 2645 4053 τῷ
2686 3983 2793 4037 τῶν
2832 3985 3135 4056 Ἀσσυρίων
3179 3985 3412 4057 βασιλεῖ.
3448 3985 3630 4039 Ταῦτα
3666 3986 3770 4055 τῆς

2177 4074 2480 4146 ὑπεροψίας
2509 4074 2611 4145 τῆς
2651 4076 2861 4130 ἐκείνου
2889 4077 2958 4131 τὰ
2991 4079 3216 4148 ὀψώνια.
3260 4081 3546 4154 Χρήσιμος
3581 4078 3639 4132 δὲ
3669 4080 3771 4131 καὶ

2177 4167 2258 4230 είς
2286 4169 2436 4237 ἡμᾶς
2456 4166 2485 4219 6
2514 4165 2700 4230 τύπος.
2729 4167 2790 4220 Εί
2821 4167 2931 4240 γὰρ
2952 4169 3015 4239 δὴ
3041 4170 3282 4240 βούλοιτό
3305 4189 3387 4234 τις
3409 4172 3513 4237 ἔξω
3534 4187 3591 4222 τε
3624 4165 3773 4223 εἶναι

493 4257 593 4329 τῆς
621 4254 772 4319 Θείας
796 4253 989 4325 ὀργῆς,
1018 4252 1112 4307 καὶ
1137 4251 1212 4323 μὴ
1236 4255 1348 4316 τοῖς
1382 4250 1546 4313 θείοις
1565 4252 1838 4308 ἀναλῶναι
1863 4257 2072 4321 κακοῖς,
2115 4261 2498 4333 παραιτεῖσθαι
2560 4259 2680 4315 λίαν
2711 4260 2772 4314 τὸ
2835 4265 3010 4317 νοσεῖν
3035 4265 3238 4320 ἐθέλειν
3270 4266 3371 4337 τῆς
3396 4265 3619 4318 ἐκείνων
3644 4263 3776 4316 δυσ-

493 4349 725 4421 τροπίας
753 4347 824 4401 τὰ
845 4348 1084 4418 συγγενῆ
1117 4364 1176 4400 τε
1217 4349 1313 4400 καὶ
1338 4343 1453 4400 ἷσα.

573 4442 740 4497 Vsus.
795 4442 890 4507 ΞΟ,
920 4443 1010 4494 il.
1046 4440 1116 4494 Et
1156 4443 1254 4495 erit
1285 4441 1368 4492 die
1412 4439 1529 4504 illa,
1562 4457 1663 4494 non
1692 4441 1832 4495 ultra
1857 4442 2068 4511 adjiciet

2246 4440 2352 4495 Καὶ
2380 4439 2552 4494 ἔσται
2581 4441 2650 4495 ἐν
2681 4440 2756 4510 τῇ
2797 4443 2988 4510 ἡμέρᾳ
3027 4443 3230 4511 ἐκείνῃ
3283 4444 3480 4498 οὐκέτι
3513 4460 3771 4514 προστε-

498 4532 772 4588 residuum
817 4535 872 4586 in
925 4532 1119 4599 Israel,
1165 4545 1212 4588 et
1267 4534 1357 4604 qut
1399 4535 1656 4588 evaserint
1701 4551 1766 4589 ea:
1794 4535 1981 4601 Jacab,
2014 4551 2077 4590 ea:

499 4629 645 4680 ultra
699 4625 962 4693 conﬁdent
1008 4629 1072 4679 iis
1120 4628 1212 4697 qui
1264 4627 1520 4696 injuriam
1568 4628 1697 4692 ipsis
1730 4629 1952 4694 faciunt,
1984 4628 2075 4681 sed

501 4719 608 4772 Deo
638 4731 820 4772 sancto
854 4716 1024 4771 Israel
1053 4735 1169 4773 vere
1208 4721 1490 4788 conﬁdent.
1531 4719 1600 4774 Et
1655 4722 1756 4774 erit
1808 4721 2074 4774 residuum

495 4810 684 4876 λαιοῦ,
737 4827 894 4879 super
927 4809 1097 4864 Deum
1136 4822 1416 4878 potentem.

570 5082 974 5138 Exardescente
1004 5083 1126 5152 igne
1156 5094 1346 5137 contra
1369 5084 1670 5138 exercitum
1700 5083 2072 5154 Assyriorum,
2155 5093 2164 5098 '

449 5203 461 5211 υ
497 5175 603 5228 duo
646 5174 784 5241 haec,
833 5174 1028 5243 inquit,
1070 5175 1353 5228 commode
1396 5175 1648 5228 evenient
1682 5185 1738 5228 et
1767 5175 2026 5229 exsistent
2059 5193 2072 5228 :

497 5264 776 5334 Superbus
823 5268 967 5322 enim
1005 5265 1094 5319 ille
1120 5274 1175 5319 et
1198 5265 1484 5332 scelestus,
1527 5265 1737 5320 desinet
1764 5265 1946 5321 volens
1981 5281 2074 5319 no-

463 5354 470 5364 “
499 5355 612 5405 lens
641 5363 749 5408 tam
774 5370 936 5424 grave
970 5365 1025 5409 et
1054 5355 1300 5409 0di08ttm
1351 5354 1700 5424 supercilium
1726 5354 1932 5410 tollere.
1961 5357 2073 5408 Alt-

501 5442 600 5495 ibit
623 5445 768 5496 enim
803 5447 1111 5512 pavidus,et
1145 5456 1343 5516 praeter
1367 5447 1831 5518 exspectationem
1863 5446 2073 5502 fractus

497 5543 552 5587 et
601 5533 931 5590 debilitatus.
983 5535 1249 5609 lntelliget
1289 5538 1453 5595 etiam
1496 5554 1564 5596 ex
1595 5539 1698 5595 hac
1741 5555 1821 5605 re,
1856 5539 2070 5595 etiamsi

569 5692 614 5724 ¹¹
660 5691 824 5746 Exin].
859 5707 954 5757 XII,
982 5695 1036 5748 ἓ.

2178 4531 2429 4600 θήσεται
2465 4531 2531 4585 τὸ
2559 4531 2961 4601 καταλειφθὲν
3015 4533 3275 4601 Ἰσραὴλ,
3318 4533 3499 4588 καίοι
3538 4537 3770 4590 σωθέν-

2178 4642 2278 4690 τες
2320 4625 2426 4678 τοῦ
2478 4624 2688 4680 ἰακὼό
2727 4623 2928 4678 οὐκέτι
2967 4624 3054 4694 μὴ
3096 4627 3445 4694 πεποιθότες
3471 4623 3624 4682 ὦσιν
3667 4631 3774 4683 ἐπὶ

2178 4717 2319 4782 τοὺς
2350 4716 2762 4783 ἀδικήσαντας
2805 4716 3048 4783 αὐτοὺς,
3097 4717 3235 4771 ἀλλ’
3283 4718 3527 4772 ἔσονται
3557 4734 3773 4774 πεποι-

2179 4809 2347 4874 θότες
2371 4807 2468 4861 ἐπὶ
2514 4809 2622 4861 τὸν
2675 4807 2824 4862 Θεὸν
2851 4808 2958 4862 τὸν
3017 4809 3189 4881 ἅγιον
3241 4810 3350 4864 τοῦ
3401 4811 3652 4879 Ἰσραὴλ
3692 4811 3769 4880 τῇ
3815 4855 3829 4867 .

2177 4901 2448 4967 ἀληθείᾳ.
2498 4900 2608 4954 Καὶ
2655 4900 2828 4954 ἔσται
2868 4901 2936 4954 τὸ
2984 4900 3382 4970 καταλειφθὲν
3414 4902 3518 4955 τοῦ
3559 4901 3770 4956 Ἰακὼό

2177 4993 2275 5045 ἐπὶ
2321 4991 2470 5044 Θεὸν
2497 4993 2810 5060 ἰσχύοντα.

2261 5080 2694 5150 Ἑκκεκαυμένου
2740 5082 2834 5134 τοῦ
2895 5082 3066 5153 πυρὸς
3109 5083 3248 5136 κατά
3292 5083 3393 5152 τῆς
3461 5083 3770 5154 Ἀσσυρίων

2181 5175 2458 5244 στρατιᾶς,
2508 5173 2600 5226 δύο
2642 5174 2813 5227 ταῦτα
2847 5174 3326 5247 κατορθωθήσεται
3368 5174 3461 5226 καὶ
3505 5174 3766 5245 ὑπάρξει,

2179 5266 2343 5338 φησίν
2365 5281 2377 5295 ·
2417 5267 2445 5318 6
2487 5265 2586 5336 μὲν
2618 5267 2728 5336 γὰρ
2762 5265 2979 5331 ἀλαζών
3009 5283 3067 5318 τε
3103 5268 3198 5319 καὶ
3233 5267 3545 5337 ἀλητήριος,
3599 5285 3766 5320 κατα-

2179 5355 2330 5427 λήξει
2364 5358 2458 5410 καὶ
2486 5359 2584 5428 οὐχ
2619 5358 2761 5411 ἑκὼν
2789 5357 2888 5428 τῆς
2918 5357 3057 5410 οὕτω
3082 5359 3259 5428 δεινῆς
3295 5360 3387 5412 καὶ
3436 5359 3755 5428 ἀπηχθημέ-

2179 5467 2276 5519 νης
2325 5447 2546 5520 ὀφρύος.
2602 5450 2895 5518 Οίχήσεται
2930 5449 3036 5520 γὰρ
3086 5448 3291 5515 δεδιὼς,
3341 5451 3436 5503 καὶ
3482 5449 3764 5518 ἀδοκήτως

2181 5541 2648 5612 κατῃσχυμμένος.
2689 5539 2907 5593 Είσεται
2958 5531 3024 5592 δι”
3070 5539 3232 5594 αὑτοῦ
3283 5540 3379 5594 τοῦ
3413 5540 3764 5611 πράγματος,
