4002 6212
283 308 393 360 995

1391 300 1459 355 IN
1501 299 1730 357 ISAIAM
1764 303 1888 358 LIB.
1930 307 1967 361 Ι.
2011 307 2217 362 OllAT.
2263 310 2346 366 Vl.

3431 315 3542 372 τοι

284 424 380 476 καὶ
410 424 460 478 εί
501 419 576 492 μὴ
607 418 852 489 βούλοιτο
883 417 1064 487 τυχὸν,
1093 417 1175 470 ὅτι
1208 416 1308 487 τῆς
1344 417 1494 480 θείας
1540 420 1706 490 ὀργῆς
1735 421 1874 475 κατά

1984 439 2083 479 non
2137 426 2264 480 velit
2303 426 2568 492 fortassis,
2613 441 2671 481 se
2716 425 2914 481 divina:
2945 424 3035 480 ira:
3069 441 3328 496 organum
3351 437 3538 484 contra

281 520 392 571 τῶν
438 514 842 586 ἡμαρτηκότων
886 513 1109 581 γέγονεν
1153 515 1402 583 όργανον,
1435 515 1528 566 καὶ
1575 515 1673 566 οὑκ
1718 513 1876 576 αὐτός

282 628 390 662 που
423 609 641 669 πάντως
674 605 749 668 ὡς
783 603 844 669 ἐξ
889 604 1021 667 ἰδίας
1069 604 1250 674 ἰσχύος
1283 604 1749 674 πεπλεονέκτηκεν
1781 603 1877 655 αύ-

282 696 430 758 τούς.
467 695 578 747 Καὶ
620 693 778 745 ταυτὶ
813 692 911 762 μὲν
939 691 1016 761 τῷ
1045 692 1314 763 Βαρϐἀρῳ
1363 694 1716 764 συμϐήσεται.
1753 695 1876 757 Τοῖς

283 805 344 854 γε
374 786 482 856 μὴν
517 783 578 849 ἐξ
620 783 836 854 Ἰσραὴλ
885 783 1020 854 πρὸς
1053 783 1321 852 ὠφελείας
1370 785 1524 837 ἔσται
1571 784 1632 837 τὸ
1669 783 1873 854 θαῦμα,

287 878 378 930 καὶ
419 879 466 929 οἱ
509 875 832 929 κατάλοιποι
861 873 970 926 τῶν
1003 876 1061 928 ὲν
1095 864 1400 947 Σαμᾶρείᾳ,
1433 875 1578 928 τοῦτ’
1617 875 1752 941 ἐστι,
1782 876 1874 929 τοῦ

300 969 541 1039 Ἰσραὴλ,
597 967 692 1020 καὶ
736 965 918 1036 μέντοι
972 964 1064 1018 τοῦ
1113 965 1328 1030 Ἰακὼϐ,
1365 966 1508 1020 τοῦτ’
1547 967 1682 1032 ἐστι,
1715 968 1875 1020 πάλιν

285 1060 396 1113 τῶν
429 1059 530 1113 δύο
560 1055 743 1128 φυλῶν
771 1057 877 1110 τῶν
900 1056 1074 1109 οὐσῶν
1105 1058 1164 1108 ὲν
1185 1059 1298 1120 τοῖς
1337 1058 1747 1129 Ἱεροσολύμοις,
1778 1059 1873 1127 τῆς

283 1152 526 1224 ἀρχαίας
575 1148 1056 1204 ἀποπεπαύσονται
1107 1149 1336 1220 πλάνης,
1381 1151 1475 1203 καὶ
1520 1150 1743 1220 ψυχρῶν
1781 1150 1876 1203 καὶ

283 1245 567 1314 ἀνονήτων
612 1240 851 1294 ἐννοιῶν.
907 1241 982 1293 Οὐ
1031 1239 1140 1312 γὰρ
1179 1240 1388 1294 ἔσονται
1421 1242 1737 1304 πεποιθότες
1784 1241 1877 1293 ἐπὶ

284 1339 417 1400 τοὺς
449 1335 819 1404 ἀδικήσαντας
858 1331 1076 1394 αὐτούς.
1121 1333 1336 1401 Ἐπειδὴ
1383 1333 1490 1403 γὰρ
1525 1333 1811 1385 πέπτωκεν
1850 1334 1878 1384 ὁ

285 1429 552 1498 πολέμιος
605 1425 840 1495 ἀγγέλου
909 1425 1053 1494 χειρὶ
1102 1423 1510 1492 δαπανώμενος,
1575 1423 1876 1492 ἐγνώκασιν

285 1519 536 1591 ἀκριϐῶς
562 1519 661 1588 τὴν
699 1516 878 1570 πάντα
930 1515 1219 1585 ἰσχύουσαν
1251 1516 1344 1568 τοῦ
1378 1514 1640 1578 σώζοντος
1672 1515 1872 1580 δεξιὰν,

1983 528 2295 582 peccatores
2321 519 2616 583 exstitisse,
2648 532 2749 573 nec
2784 519 2898 572 suis
2935 533 3158 588 prorsus
3204 519 3408 572 viribus
3449 533 3544 572 eos

1982 607 2267 660 invasisse.
2330 608 2510 676 Atque
2560 609 2674 663 ha-c
2722 608 2940 674 quidem
2997 608 3228 662 barbaro
3277 609 3542 666 accident.

1983 696 2239 750 lsraelitis
2269 697 2400 751 item
2443 705 2543 757 huc
2591 699 2910 752 miraculum
2935 699 3088 753 cedet
3112 698 3161 751 in
3189 700 3542 752 commodita-

1979 797 2122 850 tem,
2176 798 2230 840 et
2291 787 2381 856 qui
2433 788 2623 855 reliqui
2685 799 2811 842 sunt
2888 790 2938 842 in
2991 785 3276 852 Samaria,
3343 787 3392 840 id
3440 797 3542 848 est.

1979 878 2194 942 lsraele,
2231 887 2281 931 et
2334 879 2382 930 in
2419 877 2604 940 Iacob,
2642 880 2739 931 hoc
2776 893 2878 942 est,
2919 879 3124 932 duabus
3148 879 3389 932 tribubus
3424 876 3546 928 Hie—

1979 968 2379 1035 rttsolylltilatlis
2408 1009 2422 1030 ,
2479 971 2545 1022 ab
2607 969 2907 1022 inveterato
2961 969 3214 1022 recedent
3245 982 3450 1030 errore,
3492 978 3546 1018 et

1979 1058 2190 1126 frigidis
2221 1074 2283 1112 ac
2313 1060 2493 1113 stultis
2524 1060 2982 1130 cogitatiunculis.
3013 1059 3127 1112 Non
3158 1060 3300 1113 enim
3332 1058 3414 1110 his
3451 1057 3542 1124 qui

1977 1146 2078 1198 sibi
2139 1147 2383 1201 fecerunt
2439 1149 2690 1219 injuriam
2735 1150 3029 1204 confident.
3073 1147 3364 1216 Postquam
3399 1145 3541 1199 enim

1978 1236 2147 1290 hostis
2191 1239 2383 1290 cecidit
2426 1254 2582 1292 manu
2633 1240 2804 1309 angeli
2863 1239 3158 1302 confectus,
3207 1239 3546 1308 onmipoten-

1981 1339 2084 1379 lt'm
2128 1331 2502 1384 conservantis
2543 1333 2816 1385 dexteram
2865 1333 3067 1400 optime
3122 1337 3540 1400 perspexerunt,

1978 1417 2263 1488 ipsumque
2305 1420 2500 1474 facient
2534 1434 2861 1477 servatorem
2893 1434 2946 1476 et
2977 1423 3264 1484 vindicem,
3312 1437 3373 1474 ac
3404 1422 3454 1473 in
3481 1435 3545 1474 eo

1975 1526 2188 1563 omnem
2217 1527 2365 1580 spem
2390 1513 2686 1580 habebunt,
2713 1515 3034 1583 despuentes
3057 1529 3151 1569 eos
3181 1529 3210 1566 a
3238 1514 3435 1582 quibus
3465 1512 3544 1565 in-

286 1610 456 1664 αύτὸν
515 1607 573 1660 δὲ
628 1607 944 1676 ποιήσονται
1008 1607 1230 1676 σωτῆρα
1275 1605 1368 1658 καὶ
1417 1604 1724 1675 λυτρωτὴν,
1783 1605 1874 1658 καὶ

1984 1598 2171 1661 iuriam
2216 1613 2560 1668 acceperunt.
2617 1602 2846 1668 Quinam
2877 1613 3055 1658 autem
3092 1603 3170 1666 hi,
3195 1612 3248 1656 et
3277 1603 3546 1671 quomodo

285 1701 378 1754 ἐπ’
454 1697 605 1767 αὐτῷ
680 1699 860 1749 πᾶσαν
911 1696 1091 1762 ἕξουσι
1159 1696 1258 1765 τήν
1332 1695 1542 1757 ἐλπίδα,
1610 1696 1876 1766 περιπτύ-

1978 1689 2226 1756 injuriam
2262 1689 2561 1754 intulerint,
2597 1705 2817 1745 necesse
2859 1691 3031 1746 habeo
3066 1691 3266 1746 dicere.
3300 1690 3548 1745 Servavit

288 1805 492 1852 σαντες
531 1789 657 1850 τοὺς
688 1785 1020 1856 ἠδικηκότας
1060 1785 1275 1846 αὐτούς.
1312 1785 1466 1846 Τίνες
1493 1783 1549 1836 δὲ
1576 1779 1740 1846 οὗτοι,
1781 1785 1874 1838 καὶ

1984 1781 2118 1832 enim
2160 1795 2253 1833 eos
2292 1781 2382 1849 qui
2431 1782 2698 1851 sanguine
2725 1779 3023 1838 Israelitico
3051 1785 3154 1838 orti
3179 1792 3302 1838 sunt
3331 1782 3548 1837 univer-

286 1883 416 1935 τίνα
461 1879 664 1950 τρόπον
707 1877 1034 1948 ἠδικήκασιν
1073 1877 1248 1929 εἰπεῖν
1294 1878 1609 1944 ἀναγκαῖον.
1660 1877 1874 1930 Σέσωκε

291 1975 398 2044 μὲν
456 1971 569 2043 γὰρ
634 1971 760 2032 τοὺς
818 1968 879 2033 ἐξ
943 1969 1171 2039 αἵματος
1235 1968 1450 2038 Ἰσραὴλ
1510 1968 1539 2020 ό
1585 1967 1693 2020 τῶν
1741 1967 1876 2020 ὅλων

287 2063 460 2127 Θεὸς,
509 2057 866 2132 προεστηκὼς
911 2075 970 2111 τε
1027 2058 1121 2110 καὶ
1167 2057 1542 2126 προασπίζων,
1599 2055 1694 2108 καὶ⁷
1742 2057 1878 2107 ἀπο-ν

287 2154 508 2223 φαίνων
550 2154 866 2223 κρείττονας
915 2148 1022 2202 τῶν
1066 2148 1493 2216 ἀνθεστηκότων.
1555 2144 1773 2215 Ἐπειδὴ
1821 2145 1876 2197 δὲ

288 2244 596 2317 ἐτράποντο
647 2241 786 2314 πρὸς
846 2241 1179 2295 ἀντίστασιν.
1223 2239 1314 2294 καὶ
1357 2240 1405 2292 οί
1462 2237 1562 2310 μὲν
1618 2237 1878 2308 δαμάλεις

288 2335 655 2404 ὲτεκτήναντο
684 2334 912 2404 χρυσᾶς·
965 2333 1013 2384 οἱ
1053 2331 1110 2384 δὲ
1145 2331 1235 2384 τὸν
1265 2327 1472 2400 Χαμὼς
1504 2328 1598 2382 καὶ
1647 2327 1877 2396 Βεελφε-

288 2426 436 2497 γὼρ,
471 2424 567 2478 καὶ
593 2423 774 2484 αὐτοῖς
802 2422 1040 2491 ἀνῆπτον
1076 2420 1137 2472 τὸ
1165 2419 1327 2482 σέὸας
1351 2435 1365 2450 ·
1399 2423 1877 2490 προσκεκυνήκασι

287 2519 350 2572 δὲ
403 2517 502 2572 καὶ
555 2517 626 2585 τῇ
671 2513 899 2584 στρατιᾷ
949 2510 1044 2564 τοῦ
1098 2510 1363 2580 ούρανοῦο
1403 2509 1690 2580 παρεδίδου
1737 2507 1880 2561 κατά

292 2608 524 2680 καιροὺς
549 2607 580 2659 ό
609 2605 717 2659 τῶν
760 2603 898 2657 ὅλων
941 2602 1074 2664 Θεὸς
1123 2603 1248 2665 τοὺς
1301 2601 1702 2672 ἀνθεστηκότας
1748 2599 1879 2652 ποτὲ

296 2701 400 2772 μὲν
425 2701 544 2762 τοῖς
583 2695 766 2767 κύκλῳ
795 2695 888 2748 καὶ
927 2692 1264 2764 περιοικοῦσι
1303 2692 1402 2764 τὴν
1443 2693 1700 2745 Ἰουδαίαν
1730 2690 1879 2744 ἔθνε-

294 2807 406 2855 σιν,
459 2786 778 2858 Ἰδουμαίοις
827 2785 885 2838 τέ
937 2802 1079 2854 φημι
1126 2785 1220 2836 καὶ
1267 2783 1607 2845 Μωαϐίταις,
1639 2784 1732 2835 καὶ
1769 2783 1881 2844 τοῖς

294 2881 358 2946 ἐξ
397 2879 601 2950 Έλάμ,
628 2877 756 2931 ποτὲ
803 2876 861 2928 δὲ
894 2877 1006 2937 τοῖς
1035 2875 1272 2943 μακρὰν,
1311 2874 1611 2944 Ἀσσυρίοις
1648 2871 1706 2924 τέ
1738 2888 1880 2942 φημι

293 2972 398 3026 καὶ
427 2968 765 3038 Αἰγυπτίοις.
798 2967 1042 3036 Πολέμου
1077 2964 1366 3036 τοιγαροῦν
1405 2966 1882 3034 κατασκήπτοντος

296 3065 396 3118 καὶ
425 3058 896 3132 περιηγγελμένου
927 3059 1041 3120 τοῖς
1071 3057 1172 3110 ἀνά
1198 3058 1377 3110 πᾶσαν
1405 3055 1502 3127 τὴν
1529 3054 1732 3126 χώραν,
1765 3054 1882 3118 πῶς

1979 1871 2158 1923 sitatis
2211 1869 2374 1935 Deus,
2427 1886 2548 1938 cum
2601 1883 2655 1925 et
2709 1873 3044 1942 praesideret,
3089 1881 3143 1926 et
3176 1873 3327 1942 quasi
3362 1872 3548 1943 clypeo

1979 1971 2362 2030 propugnaret,
2423 1970 2478 2016 et
2541 1961 2794 2016 fortiores
2868 1963 3196 2016 adversariis
3275 1961 3546 2016 redderet.

1979 2049 2270 2119 Postquam
2318 2062 2494 2106 autem
2541 2054 2606 2106 ad
2639 2052 2994 2108 defectionem
3031 2051 3205 2106 aversi
3236 2059 3381 2116 sunt,
3408 2061 3465 2104 et
3493 2051 3545 2104 hi

1977 2142 2191 2209 quidem
2220 2143 2413 2196 vitulus
2447 2159 2643 2198 aureos
2672 2144 3026 2206 fabricarum,
3060 2143 3136 2197 illi
3166 2141 3424 2204 Cbamos,
3457 2142 3546 2195 alii

1977 2231 2304 2303 Belphegor,
2342 2233 2553 2303 illisque
2599 2236 2999 2290 venerationem
3034 2235 3361 2299 tribuerunt,
3386 2244 3550 2302 atque

1977 2326 2099 2380 cmli
2153 2325 2400 2380 militiam
2443 2327 2758 2390 adorarunt,
2823 2327 2959 2381 Deus
2996 2340 3089 2381 eos
3125 2325 3441 2386 renitentes.
3497 2333 3550 2378 et

1981 2417 2334 2482 resistentes,
2380 2417 2609 2472 diversis
2667 2418 2999 2486 temporibus
3032 2418 3251 2471 tradidit
3284 2417 3548 2471 interdum

1981 2503 2227 2557 finitimis
2274 2501 2475 2558 Iudaeae.
2514 2505 2786 2574 gentibus,
2816 2504 3062 2558 ldumazis
3093 2503 3236 2566 dico,
3270 2513 3324 2557 et
3354 2501 3555 2555 Moabi-

1982 2594 2070 2656 tis,
2105 2602 2159 2648 et
2203 2593 2458 2648 Elamitis
2480 2633 2496 2658 ,
2553 2593 2714 2664 180
2747 2594 3012 2650 interdum
3042 2603 3095 2646 et
3125 2592 3279 2663 longe
3306 2593 3552 2655 remotis,

1979 2685 2239 2756 Assyriis,
2301 2685 2540 2755 inquam,
2591 2697 2646 2740 et
2694 2685 2988 2756 Egptiis.
3020 2684 3167 2740 Bello
3202 2686 3383 2754 itaque
3409 2701 3553 2756 gras-

1979 2786 2134 2830 sante
2185 2787 2238 2830 et
2291 2779 2489 2846 passim
2549 2793 2649 2846 per
2704 2789 2866 2832 totam
2911 2778 3181 2847 regionem
3213 2778 3550 2842 denuntiato,

1981 2883 2165 2922 annon
2198 2869 2368 2922 satius
2393 2878 2512 2924 erat
2539 2869 2812 2924 lsraelitas
2837 2870 3184 2924 reconciliari
3209 2869 3414 2924 oﬂ‘enso
3440 2869 3552 2923 Deo

1983 2960 2339 3027 omnipotenti
2368 2998 2383 3025 ,
2420 2969 2474 3014 et
2527 2976 2684 3014 cursu
2742 2963 2792 3014 iu
2819 2960 3010 3015 melius
3036 2970 3386 3025 commutato,
3416 2963 3550 3014 iram

1982 3053 2311 3121 depellere?
2369 3052 2662 3122 Oportebat
2719 3053 2860 3106 enim
2934 3051 3214 3122 profanam
3285 3054 3551 3107 idolorum

297 3155 403 3206 οὐκ
427 3152 652 3223 ἄμεινον
691 3150 818 3212 τοὺς
855 3147 914 3214 ὲξ
963 3147 1182 3218 Ἰσραὴλ
1224 3146 1605 3214 ἀπολογεῖσθαι
1650 3143 1881 3216 λελυπη-

1986 3144 2382 3200 multitudinem
2415 3147 2802 3210 exterminare,
2829 3157 2882 3198 et
2912 3146 3083 3215 ipsum
3110 3156 3549 3201 conservatorem

300 3243 454 3315 μένῳ
480 3239 558 3312 τῷ
577 3239 756 3293 πάντα
782 3237 1017 3308 ἰσχύοντι
1041 3236 1178 3308 Θεῷ,
1193 3237 1296 3290 ’καὶ
1321 3238 1439 3300 ταῖς
1467 3237 1545 3298 είς
1573 3235 1634 3288 τὸ
1663 3236 1884 3304 ἄμεινον

297 3334 636 3406 ἀναδρομαϊς
659 3329 1134 3395 ἀποσκευάζεσθαι
1159 3329 1258 3400 τὴν
1284 3329 1474 3399 ὀργήν;
1513 3326 1657 3380 Ἔδει
1688 3324 1797 3397 γὰρ
1823 3327 1885 3378 ἐκ

301 3425 476 3496 μέσου
521 3421 624 3494 τὴν
659 3419 884 3492 βέσηλον
926 3420 1034 3473 τῶν
1073 3419 1306 3472 εἰδώλων
1353 3416 1621 3470 ποιεῖσθαι
1655 3416 1883 3487 πληθὺν,

299 3518 398 3571 καὶ
452 3515 619 3570 αὐτὸν
671 3509 1072 3584 ἐπιγράφεσθαι
1127 3509 1349 3580 σωτῆρα
1418 3511 1511 3562 καὶ
1585 3508 1883 3578 λυτρωτήν.

309 3607 480 3663 Ἀλλά
510 3606 716 3660 τούτων
767 3605 866 3676 μὲν
895 3603 1076 3672 ὀλίγος
1111 3597 1178 3672 ἦν
1223 3600 1502 3664 παντελῶς
1539 3600 1568 3652 ὁ
1601 3601 1760 3668 λόγος
1791 3601 1890 3653 αύ-

296 3703 438 3764 τοῖς.
508 3697 872 3770 Ἐπρέσδευον
907 3695 963 3748 δὲ
1022 3693 1151 3746 ποτὲ
1210 3693 1308 3763 μὲν
1357 3692 1492 3760 πρὸς
1537 3691 1885 3758 Αἰγυπτίους,

297 3791 436 3847 ποτὲ
470 3790 530 3845 δὲ
563 3789 697 3863 πρὸς
740 3786 1078 3858 ’Δσσυρίους,
1123 3785 1218 3837 καὶ
1252 3782 1351 3846 τὰς
1395 3785 1523 3854 παρ’
1555 3783 1734 3836 αὐτῶν
1765 3785 1886 3835 ἐπι-

297 3883 528 3956 κουρίας
574 3879 822 3934 ὲκάλουν.
866 3873 1180 3939 Ἐντεῦθεν,
1222 3870 1408 3944 οἶμαι,
1450 3873 1613 3936 Θεὸς,
1648 3872 1743 3925 καί
1807 3872 1887 3924 ἔτι

300 3975 572 4046 μειζόνως
609 3972 694 4026 ἐπ’
729 3971 912 4032 αὐτοῖς
950 3966 1304 4038 κατεθήγετο.
1353 3965 1676 4035 Ἧδικήκασι
1707 3963 1886 4016 τοίνυν

294 4068 398 4122 τόν
413 4082 476 4120 τε
508 4063 749 4136 Ἰσραὴλ,
775 4060 982 4116 καὶτὸν
1011 4058 1224 4123 ’1ακὼ6,
1247 4057 1404 4110 τοῦτο
1430 4057 1527 4127 μὲν
1543 4059 1590 4110 οξ
1616 4055 1902 4125 ψευδώνυο.

297 4176 397 4231 μοι
425 4156 564 4220 θεοὶ,
591 4157 689 4225 τὴν
718 4153 869 4208 θείαν
899 4154 985 4205 ἐπ’
1016 4153 1197 4213 αὐτοῖς
1236 4149 1528 4211 καλοῦντες
1573 4149 1763 4218 ὀργὴν,
1793 4145 1887 4198 καὶ

293 4249 392 4304 ἐπ’
433 4249 620 4311 αὐτοῖς
665 4245 982 4299 πεποιθέναι
1029 4240 1573 4312 παρασκευάζοντες’
1626 4239 1780 4291 τοῦτο
1828 4237 1885 4290 δὲ

294 4339 352 4394 οι
381 4333 632 4410 χρήμασί
659 4351 718 4386 τε
743 4334 837 4388 καὶ
856 4332 1050 4403 δώροις
1079 4329 1380 4392 πωλοῦντες
1424 4328 1604 4389 αὐτοῖς
1649 4327 1749 4395 τὴν
1795 4327 1888 4379 ἀν-

295 4433 496 4500 όνητον
522 4425 862 4498 ἐπικουρίαν.
912 4419 1322 4492 Δαπανηθείσης
1352 4418 1551 4479 τοίνυν,
1602 4417 1754 4486 φησι,
1789 4415 1886 4486 τῆς

295 4522 416 4577 τῶν
447 4514 995 4590 πολεμίωνπληθύος
1021 4515 1078 4567 ὲν
1110 4513 1209 4583 μιᾷ
1247 4509 1421 4571 νυκτὶ,
1451 4507 1635 4560 λοιπὸν
1675 4506 1888 4559 ἔσονται

1985 3245 2041 3290 et
2087 3239 2485 3307 redemptorem
2528 3251 2865 3304 nuncupare.
2909 3236 3177 3290 Caeterum
3217 3236 3438 3304 hujusce
3477 3238 3552 3290 rei

1985 3328 2127 3382 nulla
2173 3329 2312 3396 apud
2345 3343 2438 3382 eos
2471 3329 2607 3382 ratio
2634 3328 2818 3380 habita
2848 3336 2951 3380 est.
2983 3325 3214 3397 Legatos
3243 3329 3384 3382 enim
3414 3343 3554 3382 nunc

1985 3419 2053 3472 ad
2103 3417 2408 3490 Egyptios,
2443 3434 2584 3473 nunc
2632 3421 2696 3472 ad
2720 3417 2974 3487 Assyrios
3012 3418 3316 3482 mittebant,
3347 3433 3554 3473 eorum-

1985 3525 2092 3578 que
2141 3511 2439 3564 subsidiuru
2486 3511 2868 3580 implorabant.
2919 3509 3077 3575 lline,
3117 3513 3370 3576 arbitror,
3417 3513 3554 3564 Deus

1986 3602 2206 3668 gravius
2235 3601 2405 3654 etiam
2433 3602 2486 3654 in
2515 3617 2610 3654 eos
2635 3605 2991 3654 exacerbatus
3019 3612 3120 3655 est.
3153 3601 3349 3670 lnjuria
3375 3601 3554 3667 itaque

1987 3689 2283 3744 affeCerunt
2324 3689 2578 3742 lsi-uelem
2634 3699 2688 3742 et
2722 3689 3006 3750 Jacobuin,
3053 3705 3174 3742 cum
3215 3690 3348 3743 falso
3379 3705 3555 3742 nouu-

1990 3782 2102 3834 nati
2132 3781 2228 3843 dii,
2267 3781 2502 3833 divinant
2538 3781 2588 3831 in
2623 3782 2764 3848 ipsos
2799 3781 2930 3832 iram
2963 3789 3273 3844 evocantes,
3297 3791 3350 3834 et
3372 3790 3427 3833 ut
3449 3782 3551 3834 sibi

1987 3872 2212 3925 fiderent
2265 3871 2556 3925 etlicieutes
2592 3887 2606 3923 :
2649 3880 2759 3922 tum
2805 3885 2933 3924 vero
2983 3871 3054 3933 hi,
3086 3874 3178 3939 qui
3225 3873 3468 3941 pecuniis
3501 3881 3556 3926 et

1987 3963 2146 4015 donis
2204 3961 2392 4015 inutile
2428 3961 2557 4029 ipsis
2589 3961 2846 4014 auxilium
2879 3961 3259 4016 divendebant.
3289 3960 3556 4017 Consum-

1988 4062 2077 4122 pta
2123 4053 2288 4123 igitur
2331 4051 2646 4106 bellantium
2682 4051 3033 4108 multitudine
3070 4069 3173 4107 una
3207 4062 3381 4119 nocte,
3409 4054 3558 4108 dein-

1987 4157 2116 4212 ceps
2163 4142 2435 4197 confident
2478 4143 2611 4206 Deo,
2655 4151 2710 4196 et
2761 4143 2879 4212 ipso
2925 4145 3298 4212 experimento
3344 4146 3555 4214 cognita

1987 4232 2282 4286 fortissima
2324 4233 2593 4288 servantis
2629 4234 2852 4287 dextera
2875 4274 2890 4297 ,
2939 4249 3042 4285 non
3088 4235 3152 4288 iis
3181 4234 3270 4303 qui
3303 4234 3554 4301 injuriam

1987 4323 2257 4389 fecerunt,
2288 4323 2581 4389 conﬁdent,
2614 4326 2708 4380 sed
2744 4326 2796 4379 in
2825 4326 2940 4396 ipso
2969 4336 3156 4380 sancto
3186 4327 3397 4380 Israelis
3432 4342 3559 4381 vere

1991 4432 2138 4486 spem
2195 4432 2349 4470 suam
2396 4416 2758 4471 eollocabunt.
2810 4416 2876 4470 Et
2932 4418 3036 4471 erit
3064 4418 3335 4471 residuum
3369 4417 3557 4483 λάροι),

1993 4523 2114 4561 cum
2137 4507 2249 4562 Deo
2278 4517 2518 4577 potente.
2549 4507 2658 4564 Nec
2683 4510 2826 4562 enim
2850 4508 3009 4578 lignis
3029 4521 3121 4564 aut
3153 4510 3418 4580 lapidibus
3441 4527 3558 4564 am-

303 4610 636 4673 πεποιθότες
662 4607 755 4662 ἐπὶ
782 4604 922 4676 Θεῷ,
945 4604 1040 4659 καὶ
1065 4603 1154 4657 διὰ
1183 4602 1372 4672 πείρας
1397 4599 1566 4667 αὐτῆς
1590 4596 1881 4666 ἐγνωκότες

1991 4597 2132 4665 plius
2181 4599 2582 4666 nitentur,sed
2623 4599 2804 4669 potius
2845 4600 2899 4654 in
2934 4599 3026 4654 illo
3058 4601 3364 4670 praesidium
3399 4601 3560 4655 collo-

293 4703 403 4775 τὴν
433 4698 690 4770 παναλκῆ
715 4697 809 4752 τοῦ
841 4695 1115 4756 σώσαντος
1141 4691 1340 4760 δεξιὰν,
1373 4691 1470 4743 οὐκ
1503 4692 1593 4742 ἐπὶ
1633 4691 1743 4750 τοῖς
1777 4687 1881 4742 ἀδι-

1989 4688 2211 4752 eabunt,
2260 4691 2352 4759 qui
2404 4689 2506 4744 fuit
2553 4703 2768 4758 semper
2819 4689 2923 4744 illis
2954 4691 3246 4774 opitulator
3279 4702 3333 4746 et
3363 4707 3563 4762 propu-

295 4795 540 4866 κήσασιν
587 4790 786 4853 αὐτοὺς
839 4789 1156 4857 ποιήσονται
1210 4782 1310 4853 τὴν
1362 4780 1577 4841 ἐλπίδι,
1637 4779 1750 4831 ἀλλ’
1801 4780 1881 4830 έπ¹

1989 4792 2204 4851 gnator,
2246 4792 2526 4837 armatura
2555 4791 2609 4837 et
2643 4798 2830 4839 murus
2858 4783 3138 4839 infractus.

295 4891 472 4948 αὐτὸν
502 4887 600 4941 τὸν
637 4884 794 4953 ἅγιον
822 4881 918 4936 τοῦ
961 4879 1177 4952 Ἰσραὴλ
1199 4880 1264 4950 τῇ
1302 4875 1550 4947 ἀληθεία.
1592 4875 1701 4928 Καὶ
1743 4874 1895 4929 ἔσται
1931 4875 1992 4928 τὸ
2028 4876 2389 4947 καταλειφθὲν
2454 4877 2549 4930 τοῦ
2619 4875 2813 4930 Ἰακὼὸ
2859 4878 2950 4929 ἐπὶ
2997 4877 3130 4932 Θεὸν
3180 4879 3452 4949 ἰσχύοντα.
3486 4879 3561 4931 Ού

298 4985 421 5055 γὰρ
473 4980 653 5049 ξύλοις
695 4977 793 5033 καὶ
841 4975 1012 5040 λίθοις
1063 4975 1143 5028 ἔτι
1190 4973 1573 5044 θαρσήσουσιν,
1625 4970 1784 5023 αὑτὸν
1839 4970 1898 5024 δὲ
1969 4972 2168 5042 μᾶλλον
2215 4975 2533 5044 ποιήσονται
2604 4971 2701 5041 τὴν
2759 4973 2948 5041 ἰσχὺν,
2996 4972 3056 5035 ὃς
3105 4974 3325 5041 γέγονεν
3381 4973 3564 5036 αὐτοῖς

297 5074 601 5150 επίωυρός
621 5089 682 5127 τε
703 5071 811 5136 ἀεὶ,
873 5071 969 5124 καὶ⁵
1009 5067 1408 5139 προασπιστὴς,
1443 5063 1606 5118 ὅπλον
1638 5065 1730 5116 καὶ
1786 5067 1958 5132 τεῖχος
1995 5065 2258 5136 ἀρῤαγές.

379 5169 490 5224 Καὶ
523 5167 634 5222 ἐὰν
679 5164 926 5234 γένηται
959 5164 992 5216 ὁ
1019 5161 1168 5226 λαὸς
1211 5157 1450 5226 Ἰσραὴλ
1493 5157 1572 5222 ὠς
1611 5156 1650 5222 ἡ
1703 5155 1895 5225 ἄμμος

295 5260 422 5330 τῆς
451 5243 793 5325 θαλάσσης,
823 5255 888 5308 τὸ
922 5251 1290 5319 κατάλειμμα
1314 5247 1674 5316 σωθήσεται.
1702 5250 1892 5316 Λόγος

298 5354 420 5426 τὰρ
457 5348 773 5407 συντελῶν
793 5349 890 5403 καί
921 5347 1272 5414 συντέμνων
1299 5343 1367 5396 ἐν
1394 5341 1771 5406 δικαιοσύνῃ,
1803 5339 1891 5393 ὅτι

295 5446 495 5516 λόγον
538 5438 1034 5510 σιντετμημένον
1077 5433 1318 5500 ποιήσει
1354 5437 1386 5486 ό
1435 5433 1580 5498 Θεὸς
1611 5433 1680 5485 ἐν
1707 5430 1782 5498 τῇ
1809 5434 1891 5483 ol-

297 5534 570 5607 κουμένῃ
602 5533 740 5601 ὅλῃ.

374 5628 500 5680 Ὅτι
525 5623 640 5678 τῶν
675 5621 924 5678 ἀπειθεῖν
955 5618 1268 5691 ᾑρημένων,
1305 5619 1400 5671 καὶ
1429 5617 1561 5669 πολὺ
1590 5617 1878 5685 νενοσηκό-

301 5737 409 5772 των
457 5718 517 5770 τὸ
576 5715 784 5787 ἀπηνὲς
837 5716 928 5768 καὶ
980 5714 1296 5784 δυσάγωγον
1348 5713 1520 5774 οὐδεὶς
1571 5712 1633 5763 ἂν
1679 5711 1890 5779 γένοιτο

2071 5157 2231 5212 Vens.
2263 5157 2356 5223 22,
2385 5157 2475 5212 23.
2505 5157 2658 5223 Quod
2683 5159 2728 5212 si
2751 5157 2910 5228 fuerit
2941 5155 3164 5223 populus
3197 5153 3418 5208 lsraelis
3455 5156 3562 5208 vel-

1998 5258 2053 5301 ut
2089 5264 2249 5301 arena
2293 5249 2474 5313 maris,
2519 5249 2752 5317 reliquie
2797 5262 2974 5301 eorum
3027 5244 3392 5300 servabuntur.
3433 5243 3564 5295 Ver-

1996 5344 2115 5392 bum
2139 5342 2274 5394 enim
2313 5356 2680 5394 consummata
2709 5351 2756 5393 et
2788 5337 3060 5392 concidens
3087 5337 3142 5389 iu
3171 5335 3409 5405 justitia,
3440 5338 3563 5406 quia

1982 5431 2257 5482 .roncisum
2295 5445 2586 5483 sermonem
2636 5428 2795 5497 {aciei
2840 5428 2978 5481 Deus
3021 5428 3074 5479 in
3115 5427 3236 5480 orbe
3265 5436 3418 5480 terrm
3444 5427 3564 5480 1ιηὶ-

1995 5537 2158 5574 i'erao.

2055 5613 2208 5679 Quod
2270 5613 2409 5667 Deus
2446 5613 2757 5680 pervicaces
2797 5621 2846 5665 et
2883 5611 3252 5668 inobedientes
3279 5626 3342 5667 ac
3397 5613 3564 5666 refra-

1995 5705 2193 5760 ctarios
2215 5704 2365 5758 nihili
2413 5704 2664 5767 instituet,
2699 5719 2878 5760 servet
2911 5716 3088 5762 autem
3126 5705 3380 5776 omnique
3407 5703 3566 5756 mise-
