4030 6208
486 324 593 379 ‘293
1378 348 1385 351 -
1470 305 1530 360 S.
1572 298 1849 360 CYRILLI
1893 291 2097 354 ALEXI

2196 288 2359 348 num
2396 284 2713 345 AHCHIEP.
2859 362 2872 371 ι
3630 276 3731 330 ens

491 431 722 491 ricordia
742 430 991 501 dignetur
1010 425 1287 481 hominem
1321 421 1649 490 morigerum
1680 425 1734 471 et
1754 428 2062 484 sequacem,

2196 408 2318 479 παρὰ
2350 406 2470 477 Θεῷ
2510 406 2687 472 λόγος,
2718 398 2878 463 σώζει
2908 415 2970 465 γε
2995 397 3099 468 μὴν
3122 396 3214 448 καὶ
3263 391 3474 462 φειδοῦς
3521 388 3736 460 ἁπάσης

2209 499 2228 501 ς
2384 498 2392 501 .
2532 495 2542 501 .
2656 493 2711 501 ι-
2838 491 2848 501 .
2925 490 2935 501 ι
2963 490 2973 501 ι
3153 485 3177 501 δ
3210 485 3222 501 \
3306 500 3313 501 ,
3343 482 3403 501 ’κγ
3442 500 3465 501 ,,
3512 483 3642 501 ειυς..
3683 476 3731 501 -τ

493 476 722 491 "wn..-
743 476 981 501 ...οη-η.
1463 476 1491 490 υ
1833 476 1848 484 _
2048 476 2051 477 γ

489 531 641 581 btsce
686 523 873 578 verbis
917 518 1072 574 nobis
1103 514 1466 585 pulcherrime
1499 509 1755 564 ostendit.
1784 504 2061 560 Profectus

2196 499 2306 564 ,ξιοῖ
2349 498 2439 550 τὸν
2492 493 2716 561 εὐπειθῆ
2767 491 2860 543 καὶ
2887 490 3119 559 εὐήνιον,
3149 485 3235 538 διὰ
3262 482 3466 536 τούτων
3510 483 3643 551 ἡμῖν
3678 476 3736 533 εὖ

490 622 571 669 est
602 610 874 681 siquidem
903 572 1159 676 Assyrius
1184 604 1237 657 in
1265 615 1478 656 onmem
1509 607 1722 670 gentem
1760 595 2060 656 Judaicam,

2196 591 2312 644 ιάλα
2337 585 2646 656 καταδηλοῑ.
2683 584 2932 651 Ἀφίκται
2962 579 3061 650 μὲν
3088 576 3196 645 γὰρ
3225 577 3253 629 6
3288 572 3571 643 Ἀσσύριος
3598 574 3739 625 κατὰ

492 658 571 669 *ν’
602 658 874 681 ν’Ί-·“----
904 658 1029 676 "“i
1079 658 1085 659 ’
1146 658 1151 659 ’
1510 658 1539 670 ν

491 716 557 755 ae
588 701 640 754 in
672 698 855 752 animo
890 689 1080 750 habuit
1122 688 1322 746 nemini
1362 703 1604 759 parcere,
1637 686 1729 742 sed
1759 684 2063 737 univerSam

2196 679 2366 741 παντὸς
2403 676 2496 730 τοῦ
2539 674 2807 728 Ἰουδαίων
2840 669 3026 732 ἔθνους
3046 684 3061 700 ο
3093 667 3186 720 καὶ
3222 664 3421 728 σκοπὸς
3469 658 3537 732 ἦν
3568 662 3737 731 αὐτῷ,

493 797 764 868 regionem
802 791 1053 862 stirpitus
1081 787 1416 845 exscindere,
1451 783 1861 849 hominibusque
1890 776 2068 832 deser-

2196 769 2459 825 ιεὶσασθαι
2511 769 2610 838 μὲν
2656 764 2889 827 οὐδενὸς,
2941 761 3108 834 ἄρδην
3144 758 3202 812 δὲ
3239 760 3416 811 πᾶσαν
3451 756 3742 825 ἀποκεῖραι

494 848 601 944 tam
651 894 708 941 et
749 848 941 940 incolis
986 895 1210 936 vacuam
1254 876 1501 931 reddere.
1534 873 1600 926 Et
1627 848 1821 925 delevit
1850 866 2064 937 quidem

2201 866 2266 937 ὴν
2298 863 2501 935 χώραν,
2534 860 2628 914 καὶ⁸
2676 856 2964 927 κένανδρον
2995 852 3295 922 ἀποφῆναι,
3325 850 3421 904 καὶ
3452 848 3558 902 τῶν
3606 849 3744 901 ενοι-

497 976 838 1040 Samariam,
883 981 939 1028 et
982 985 1088 1025 una
1134 967 1277 1037 cepit
1317 964 1515 1020 Iudaeae
1544 962 1706 1015 nrbes
1736 961 2064 1013 innumeras.

2196 955 2406 1010 ιούντων
2435 953 2661 1023 ἔρημον.
2692 949 2804 1002 Καὶ
2830 946 3134 1016 ὠλόθρευσε
3160 943 3259 1013 μὲν
3286 943 3387 1012 τὴν
3408 939 3739 1009 Σαμάρειαν,

498 1067 747 1124 Servavit
772 1074 953 1119 autem
995 1032 1322 1115 mirabiliter
1363 1051 1903 1121 Hierosolymitanos.
1937 1045 2069 1113 Qua:

2196 1047 2437 1115 ωνεξείλε
2488 1046 2555 1119 eg
2585 1044 2725 1115 αὐτῇ
2755 1042 2853 1110 τῆς
2895 1036 3153 1100 Ἰουδαίας
3195 1034 3297 1088 οὐκ
3344 1032 3745 1104 εὐαριθμήτους

496 1171 582 1219 est
608 1160 789 1229 itaque
816 1155 981 1227 hujus
1012 1153 1150 1208 ratio
1180 1150 1408 1211 ?Certe,
1444 1145 1642 1216 inquit,
1668 1141 1924 1214 quoniam
1952 1153 2069 1192 om-

2196 1141 2382 1203 τόλεις·
2418 1137 2623 1192 σέσωκε
2671 1135 2730 1188 δὲ
2777 1128 3098 1203 παραδόξως
3150 1125 3285 1190 Θεὸς
3352 1125 3478 1188 τοὺς
3528 1126 3585 1177 ὲν
3629 1125 3743 1185 τοῖς

500 1252 583 1305 nis
628 1247 799 1304 Israel
834 1245 1113 1317 impietate
1156 1256 1213 1294 se
1245 1255 1350 1293 non
1387 1230 1942 1298 commaculavit,'sed
1973 1228 2072 1281 ali-

2200 1229 2589 1302 Ιεροσολύμοις.
2634 1226 2731 1288 Τίς
2775 1219 2868 1278 οὖν
2906 1224 2935 1276 6
2978 1219 3135 1274 τοῦδε
3162 1218 3351 1286 λόγος;
3390 1213 3515 1279 Ναὶ,
3547 1214 3735 1285 φησιν.

499 1350 630 1409 quot
687 1304 1017 1392 exstiterunt
1078 1330 1234 1401 181
1290 1327 1381 1397 qui
1433 1325 1593 1395 impie
1638 1318 1984 1392 peccantibus
2017 1317 2070 1371 in

2196 1323 2360 1391 ,πειδὴ
2392 1321 2502 1392 γάρ
2529 1319 2628 1388 οὐχ
2662 1317 2806 1378 ἆπας
2850 1310 3240 1382 δεδυσσέϐηκεν
3275 1311 3304 1361 6
3347 1305 3584 1379 Ἰσραὴλ,
3629 1304 3745 1358 ἀλλ’

502 1431 669 1485 Deum
710 1397 1175 1496 indignarentur:
1200 1397 1205 1398 γ
1232 1418 1433 1475 idcirco
1465 1422 1650 1469 sancta
1683 1420 1740 1466 et
1772 1408 2071 1479 justissima

2196 1412 2311 1484 γσαν
2341 1412 2480 1481 τάχα
2514 1408 2617 1463 πού
2645 1424 2812 1471 τινες,
2845 1407 2893 1458 οἱ
2927 1403 3024 1458 καὶ
3071 1398 3459 1471 δυσφοροῦντες
3489 1397 3629 1466 ἄγαν
3653 1397 3749 1449 ἐπὶ

502 1518 774 1577 εεηίθηῑῖδ
827 1515 951 1579 mili
1001 1527 1120 1583 (ιυω
1173 1510 1227 1563 in
1260 1508 1405 1563 δοιοε
1440 1513 1726 1575 Ducam“
1748 1513 1959 1569 Ρωηῧηὶ
1983 1495 2075 1551 d0“
2172 1506 2284 1565 τοῖς
2310 1497 2660 1555 δυσσεϐοῦσιν
2687 1498 2766 1560 εἰς
2798 1495 2949 1559 Θεὸν,
2979 1492 3237 1564 ταύτῃτοι
3274 1490 3497 1559 γέγονεν
3530 1489 3651 1542 ὁσία
3687 1504 3746 1540 τε

502 1618 773 1667 cerneret.
823 1605 1024 1662 Verum
1066 1611 1245 1656 autem
1280 1611 1400 1653 esse
1431 1597 1533 1651 hoc
1558 1593 1781 1648 verbum
1819 1587 1964 1643 nullo
1992 1586 2074 1640 la-

2196 1596 2270 1649 ta.‘t
2298 1592 2614 1662 δικαιοτάτη
2657 1590 2858 1660 ψῆφος,
2900 1585 3043 1640 κατὰ
3078 1584 3253 1656 μόνων
3295 1583 3501 1652 ἄγουσα
3527 1580 3625 1651 τὴν
3670 1578 3750 1632 δί-

502 1706 635 1760 bore
664 1698 966 1755 videbimus
989 1711 1053 1750 ex
1088 1695 1172 1748 his
1195 1706 1313 1761 quae
1347 1689 1548 1757 scripta
1588 1694 1715 1740 sunt
1760 1681 1900 1751 apud
1939 1680 2075 1734 Eze-

2196 1702 2282 1755 ιην
2304 1683 2414 1737 τῶν
2438 1681 2856 1754 ἡμαρτηκότων.
2890 1678 3009 1731 Ὀτι
3035 1675 3092 1729 δέ
3122 1677 3269 1729 ἐστιν
3296 1671 3501 1743 ἀληθὴς
3527 1671 3555 1723 6
3591 1668 3749 1736 λόγος

503 1784 731 1849 chielem
782 1788 1125 1861 prophetam.
1158 1784 1306 1837 Dixit
1338 1781 1483 1835 enim
1517 1775 1883 1832 lsraelitarum
1916 1785 2079 1842 quos-

2196 1775 2408 1846 ὶπονητὶ
2440 1771 2879 1843 καταθρήσομεν,
2928 1768 3022 1822 καὶ
3049 1766 3125 1829 ὡς
3148 1765 3256 1819 ἀπό
3283 1781 3347 1834 γε
3370 1763 3480 1817 τῶν
3506 1777 3745 1831 γεγραμ-
3791 1780 3803 1788 ν

504 1887 626 1938 dam
652 1884 797 1938 visos
819 1893 942 1936 esse
968 1877 1135 1932 solem
1163 1877 1412 1935 adorare,
1429 1869 1596 1924 Deum
1617 1876 1794 1921 autem
1813 1864 2076 1919 dicentem

2196 1870 2359 1923 ιένων
2385 1869 2443 1920 ὲν
2468 1864 2547 1936 τῷ
2579 1866 2833 1935 προφήτῃ
2872 1858 3151 1929 Ἰεζεκιήλ.
3193 1857 3338 1925 Ἔφη
3389 1855 3487 1925 μὲν
3532 1854 3640 1925 γὰρ
3665 1870 3752 1906 τε·

505 1976 571 2030 de
618 1973 756 2042 ipsis
797 1969 1065 2025 audisse;
1115 1984 1135 2016 ι
1172 1962 1389 2025 Vidisti,
1437 1959 1508 2013 lili
1556 1957 1810 2019 hominis,
1842 1952 2081 2022 nunquid

2196 1959 2405 2016 θεᾶσθαι
2458 1957 2609 2019 τινὰς
2662 1954 2772 2007 τῶν
2821 1950 2881 2016 ἐξ
2938 1948 3156 2021 Ἰσραὴλ
3193 1944 3629 2019 προσκυνοῦντας
3673 1944 3753 2013 τῷ

506 2035 697 2135 parum
750 2060 852 2114 fuit
901 2057 1077 2113 domui
1126 2052 1310 2117 Israel,
1359 2060 1419 2104 ut
1484 2049 1728 2102 facerent
1771 2042 2081 2113 iniquitates

2196 2052 2336 2122 we),
2365 2048 2501 2103 Θεοῦ
2528 2047 2586 2101 δὲ
2619 2045 2872 2114 λέγοντος
2896 2042 3126 2123 ἀκοῦσαι
3152 2039 3281 2109 περὶ
3304 2037 3483 2090 αὐτῶν
3504 2052 3517 2067 ·
3558 2056 3576 2087 ι
3615 2035 3754 2088 Ἕώε

509 2132 648 2226 quas
705 2156 993 2223 patrarunt
1026 2146 1161 2201 hic?
1190 2145 1317 2216 quia
1354 2141 1711 2211 impleverunt
1752 2148 1948 2191 terram
1981 2132 2085 2186 ini-

509 2250 750 2317 quitate,
804 2251 858 2298 et
910 2237 1160 2297 conversi
1211 2246 1336 2292 sunt
1376 2243 1434 2288 ut
1481 2233 1547 2287 ad
1580 2230 1714 2284 iram
1748 2226 2087 2283 concitarent

513 2314 599 2392 me
651 2336 718 2389 ⁸¹.
754 2353 772 2388 ι
813 2332 942 2387 Dein
989 2331 1065 2385 ait
1089 2334 1117 2398 ,’
1157 2327 1445 2398 quemdam
1475 2323 1649 2378 visum
1697 2331 1821 2373 esse
1861 2314 2085 2369 talarem

511 2436 717 2483 vestem
766 2426 1053 2479 habentem
1099 2428 1155 2473 et
1192 2419 1548 2477 succinctum,
1584 2411 1672 2468 cui
1714 2401 2087 2465 dixituniver-

512 2519 690 2576 sitatis
761 2518 941 2571 Deus:
1000 2531 1019 2566 ιι
1053 2511 1287 2581 Peragra
1344 2508 1579 2562 mediam
1630 2501 1974 2563 Jerusalem,
2034 2506 2088 2553 et

515 2610 733 2682 signato
773 2609 978 2661 frontes
1031 2602 1271 2657 virorum
1317 2599 1645 2670 gementium
1699 2603 1753 2650 et
1795 2591 2085 2648 dolentium

519 2717 685 2773 super
743 2698 958 2754 cunctis
1010 2693 1388 2765 iniquitatibus
1440 2704 1561 2760 quae
1618 2688 1752 2741 ﬁunt
1809 2686 1865 2740 in
1909 2682 2090 2739 medio

515 2794 705 2861 ipsius.
742 2790 808 2845 Et
845 2789 952 2845 illis
988 2787 1125 2841 dixit
1175 2784 1426 2839 audiente
1476 2795 1605 2837 me:
1640 2778 1717 2834 lle
1740 2779 1794 2834 in
1817 2777 2088 2833 civitatem

516 2893 639 2953 post
672 2898 793 2936 cum
818 2880 921 2947 ,'et
958 2880 1168 2943 ctedite,
1199 2893 1299 2933 nec
1321 2874 1648 2945 compareite
1674 2872 1845 2928 oculis
1874 2868 2089 2933 vestris,

2182 2157 2379 2213 ρακας,
2427 2139 2509 2192 υἱὲ
2553 2133 2862 2205 ἀνθρώπου,
2902 2130 2977 2202 μὴ
3027 2129 3221 2201 μικρὸν
3261 2127 3340 2198 τῷ
3366 2128 3499 2197 οῐκῳ
3538 2125 3758 2197 Ἰσραὴλ

2181 2231 2277 2285 τοῦ
2307 2231 2480 2284 ποιεῖν
2519 2223 2904 2296 τὰς,άνομίας,
2958 2222 3023 2286 ἃς
3056 2221 3416 2291 πεποιήκασιν
3455 2212 3554 2272 ὧδε
3581 2237 3596 2282 ;
3622 2217 3761 2271 διότι

2184 2323 2424 2394 ἔπλησαν
2483 2318 2582 2390 τὴν
2630 2317 2733 2388 γῆν
2787 2315 3035 2386 ἀνομίας.
3103 2313 3212 2367 Καὶ
3266 2310 3607 2383 ἐπέστρεψαν
3662 2309 3760 2362 τοῦ

2187 2414 2517 2488 παροργίσαι
2554 2428 2641 2483 με.
2695 2428 2714 2462 ι
2748 2403 2881 2462 Εἶτά
2924 2423 3089 2477 φησιν
3136 2403 3305 2476 ἄνδρα
3343 2402 3628 2456 τεθεᾶσθαι
3661 2416 3767 2452 πο-

2182 2508 2326 2580 δήρη
2380 2523 2441 2559 τε
2488 2504 2680 2575 ἔχοντα
2717 2504 2811 2557 καὶ
2840 2498 3236 2570 διεζωσμένον·
3285 2495 3380 2550 καὶ
3428 2494 3564 2565 πρὸς
3599 2490 3769 2545 αὐτὸν

2187 2599 2363 2651 εἰπεῖν
2391 2597 2483 2650 τὸν
2510 2595 2618 2650 τῶν
2650 2594 2787 2650 ὅλων
2803 2593 2952 2647 Θεόν’
2979 2610 2998 2643 ι
3024 2584 3207 2644 Δίελθε
3240 2587 3410 2659 μέσην
3435 2584 3531 2655 τὴν
3563 2582 3767 2653 Ἰερουι

2189 2689 2396 2763 σαλὴμ,
2443 2690 2537 2744 καὶ
2562 2688 2650 2752 δὸς
2691 2686 2753 2740 τὸ
2781 2687 3003 2757 σημεῖον
3051 2684 3141 2735 ἐπὶ
3176 2682 3245 2734 τά
3282 2680 3505 2751 μέτωπα
3535 2676 3639 2729 τῶν
3664 2676 3777 2729 ἀν-

2186 2783 2330 2857 δρῶν
2359 2782 2468 2837 τῶν
2499 2778 3025 2843 καταστεναζόντων,
3054 2773 3275 2829 καὶτῶν
3295 2769 3777 2839 κατωδυνωμένων

2193 2877 2287 2930 ἐπὶ
2316 2876 2516 2939 πάσαις
2555 2875 2674 2937 ταῖς
2711 2869 2981 2941 ἀνομίαις,
3007 2868 3127 2930 ταῖς
3156 2863 3464 2936 γινομέναις
3513 2863 3571 2912 ἐν
3612 2857 3779 2930 μέσῳ

519 2991 620 3032 nec
668 2974 1026 3030 miseremini.
1068 2971 1383 3036 Seniorem,
1406 2968 1699 3039 iuniorem,
1726 2962 2011 3034 virginem,
2041 2969 2096 3015 et

2196 2968 2385 3039 αὐτῆς.
2421 2967 2532 3021 Καὶ
2555 2964 2764 3028 τούτοις
2794 2957 2947 3016 εἶπεν
2981 2957 3272 3020 ἀκούοντός
3299 2972 3399 3026 μου
3421 2972 3433 2985 ο
3459 2949 3776 3024 Πορεύεσθε

521 3067 756 3124 infantes
804 3078 859 3122 et
906 3065 1158 3120 mulieres
1210 3062 1495 3118 interﬁcite
1546 3059 1613 3114 ad
1652 3055 2092 3113 internecionem.

2198 3059 2278 3121 εἰς
2325 3056 2423 3128 τὴν
2471 3055 2622 3109 πόλιν
2668 3053 2843 3108 ὀπίσω
2888 3049 3074 3113 αὐτοῦ,
3106 3049 3200 3101 καὶ
3258 3045 3507 3108 κόπτετε,
3545 3044 3637 3096 καὶ
3691 3044 3779 3113 μὴ

527 3158 637 3214 Sed
668 3157 915 3227 quisquis
950 3156 1160 3224 signum
1186 3154 1370 3215 habet,
1399 3152 1463 3205 ad
1479 3164 1600 3203 eum
1622 3163 1689 3202 ne
1706 3146 1946 3201 accedite
1962 3144 2029 3199 ".
2068 3165 2088 3199 ι

2198 3117 2444 3221 φείδεσθε
2496 3151 2610 3212 τοῖς
2654 3145 2952 3217 ὀφθαλμοῖς
2980 3142 3152 3214 ὑμῶν.
3196 3141 3305 3194 Kal
3356 3137 3430 3209 μὴ
3486 3136 3775 3205 ἐλεήσητε,

531 3246 777 3306 Observa
812 3246 975 3317 igitur
1002 3257 1110 3313 quo
1139 3250 1296 3312 pacto
1321 3240 1570 3310 obsignet
1600 3236 1744 3292 Deus
1769 3249 1865 3291 sua
1899 3234 2093 3305 gratia,

2198 3241 2567 3315 πρεσϐύτερον
2595 3241 2689 3294 καὶ
2711 3238 3015 3299 νεανίσκον,
3048 3236 3141 3290 καὶ
3169 3233 3430 3304 παρθένον
3459 3232 3555 3284 καὶ
3581 3228 3776 3298 νήπια.

2198 3335 2290 3389 καὶ
2337 3336 2601 3404 γυναῖκας
2654 3331 3011 3387 ἀποκτείνατε
3066 3330 3145 3393 εἰς
3190 3324 3481 3394 ἐξάλειψιν.
3539 3320 3663 3373 Ἐπὶ
3717 3319 3779 3371 δὲ

2199 3428 2402 3491 πάντας
2448 3428 2535 3495 ἐφ’
2567 3425 2664 3489 οῦς
2712 3427 2829 3479 ἐστι
2876 3423 2938 3476 τὸ
2987 3422 3230 3493 σημεῖον,
3289 3417 3363 3489 μὴ
3411 3415 3688 3485 ὲγγίσητε.
3720 3446 3737 3485 1
3758 3433 3776 3463 ι

2203 3523 2391 3594 ’Δθρει
2424 3519 2488 3592 δὴ
2538 3514 2631 3573 οὖν
2674 3518 2822 3580 ὅπως
2871 3510 3300 3584 κατασφραγίζει
3339 3508 3470 3571 Θεὸς
3520 3509 3585 3577 τῇ
3640 3506 3781 3574 παρ’

2199 3612 2394 3668 ἑαυτοῦ
2414 3612 2604 3684 χάριτι
2640 3610 2732 3663 τὸν
2775 3606 2974 3678 εὐσεϐῆ
3027 3621 3086 3658 τε
3134 3604 3229 3657 καὶ
3275 3603 3514 3671 γνήσιον.
3551 3598 3659 3651 Καὶ
3686 3598 3779 3663 ἐφ’

2199 3702 2281 3770 οἷς
2330 3706 2395 3759 ἂν
2442 3704 2620 3774 ἕτεροι
2669 3698 3028 3773 προσκρούειν
3070 3693 3449 3765 ἀποτολμῶσιν
3482 3690 3648 3755 αὐτῷ,
3679 3706 3779 3757 χα-

2200 3797 2519 3852 λεπαίνοντά
2559 3812 2618 3847 τε
2646 3795 2739 3847 καὶ
2772 3790 3199 3862 κατοιμώζοντα.
3238 3784 3448 3840 Οὐκοῦν
3485 3783 3586 3836 κᾶν
3628 3782 3776 3834 εἰη..

2199 3890 2306 3942 τῶν
2341 3887 2400 3952 ἑξ
2441 3885 2656 3957 Ἰσραὴλ
2687 3884 2920 3955 ὑπάρχοι
2942 3881 3171 3952 πληθὺς,
3205 3879 3300 3932 καὶ
3319 3876 3564 3947 ψάμμοις
3592 3888 3776 3940 παρε-

2201 3978 2420 4044 κάξοιτο
2450 3979 2569 4040 ταῖς
2600 3978 2656 4029 ἐν
2693 3975 2837 4045 ὴῖόσι
2870 3972 3171 4043 κειμέναις,
3198 3970 3261 4023 τὸ
3287 3964 3635 4035 κατάλειμμα
3672 3979 3780 4014 σωα

535 4065 717 4121 saaculi
762 4062 1113 4132 temporibus,
1146 4058 1440 4129 Unigenito
1464 4058 1617 4111 nobis
1644 4056 1698 4110 in
1729 4067 1892 4109 carne
1915 4054 2097 4107 illuce-

2201 4071 2443 4141 θήσεται.
2480 4068 2591 4122 Καὶ
2625 4064 2939 4137 συμϐέϐηκε
2974 4066 3071 4133 μὲν
3104 4059 3263 4114 τοῦτο
3292 4058 3429 4113 κατὰ
3462 4057 3590 4116 τοὺς
3626 4050 3781 4115 Ἐζεο

532 4166 738 4214 scente.
775 4154 928 4211 Tunc.
956 4153 1143 4216 etiam,
1176 4159 1302 4204 tunc
1338 4149 1559 4203 verbum
1590 4145 1883 4202 concidens
1917 4146 1968 4198 in
2011 4144 2097 4212 ju-

2200 4161 2318 4231 χίου
2371 4157 2618 4230 καιρούς.
2671 4155 2898 4209 Διό).ωλε
2922 4154 3051 4225 γὰρ,
3091 4152 3166 4217 ὡς
3193 4151 3352 4222 ἔφην,
3389 4150 3423 4219 ἡ
3473 4143 3785 4215 Σαμάρεια,

534 4250 703 4314 stitia,
729 4248 954 4303 verbum
980 4243 1253 4299 concisum
1281 4254 1374 4296 seu
1401 4238 1775 4294 abbreviatum
1804 4236 1934 4292 fecit
1956 4236 2095 4289 Deus

2202 4250 2294 4306 καὶ
2356 4251 2602 4304 πλεῖσται
2653 4248 2755 4318 τῆς
2816 4246 3072 4308 Ἰουδαίας
3132 4241 3523 4313 συνεξῄρηνται
3570 4235 3785 4298 πόλεις.

536 4342 590 4395 in
643 4350 755 4395 toto
783 4340 914 4393 orbe
947 4347 1125 4392 terrae.
1168 4332 1276 4387 Lex
1313 4331 1456 4387 enim
1486 4345 1583 4401 per
1621 4328 1820 4383 Mosen
1858 4331 1981 4383 data
2007 4342 2097 4397 per

2203 4344 2521 4415 Πὲπρακται
2571 4340 2628 4394 δὲ
2674 4337 2831 4394 τοῦτο
2897 4338 2991 4391 καὶ
3030 4338 3090 4389 ὲν
3136 4334 3386 4404 ἐσχάτοις
3434 4327 3528 4384 τοῦ
3578 4326 3791 4389 αἰῶνος

488 4472 511 4482 κ
541 4434 728 4502 longas
770 4431 1024 4496 ambages
1049 4426 1217 4489 venit,
1246 4434 1302 4479 et
1340 4432 1588 4478 contorto
1617 4421 1846 4491 quodam
1872 4419 2097 4474 circuitu

2216 4437 2446 4504 καιροῖς,
2505 4430 2907 4501 ἐπιλάμψαντος
2952 4429 3083 4498 ἡμῖν
3131 4423 3224 4478 τοῦ
3252 4418 3588 4491 Μονογενοῦς
3647 4416 3795 4487 μετὰ

538 4524 681 4593 quod
730 4521 858 4574 utile
906 4529 1023 4572 erat
1077 4518 1351 4581 indicavit,
1397 4530 1490 4584 per
1523 4514 1748 4583 amigma
1776 4522 1831 4566 et
1858 4511 2097 4566 umbram

2207 4526 2426 4599 σαρκός.
2463 4526 2598 4579 Τότε
2644 4524 2751 4594 γὰρ
2783 4523 2902 4575 τότε
2936 4519 3028 4572 καὶ
3060 4517 3215 4585 λόγον
3264 4513 3574 4583 συντέμνων
3614 4509 3675 4561 ὲν
3708 4507 3795 4559 δι-

536 4614 629 4664 vix
680 4610 1014 4663 subinnuens
1074 4606 1218 4675 quod
1269 4606 1337 4660 ad
1385 4619 1538 4659 usum
1592 4601 2097 4673 atquelutilitatem

2206 4597 2466 4687 καιοσύνῃ
2500 4614 2797 4684 πεποίηκεν
2828 4614 2856 4664 6
2885 4609 3018 4671 Θεὸς
3057 4610 3116 4661 ὲν
3142 4610 3205 4676 τῇ
3235 4603 3529 4673 οἰκουμένῃ
3554 4599 3672 4671 ὅλῃ.
3728 4597 3795 4649 Ὀ

538 4699 791 4769 pertinet.
820 4696 1087 4751 Salutaris
1116 4705 1293 4750 autem
1330 4707 1384 4751 et
1410 4695 1715 4766 evangelica
1736 4694 1912 4751 oratio
1953 4693 2097 4749 nobis

2211 4706 2309 4775 μὲν
2337 4704 2446 4773 γὰρ
2487 4704 2648 4773 νόμος
2696 4702 2725 4753 6
2756 4700 2844 4753 διὰ
2886 4696 3131 4759 Μωσέως
3179 4695 3265 4747 διὰ
3320 4692 3535 4746 κύκλων
3565 4689 3796 4759 ἔρχεται

538 4785 721 4843 brevis
772 4795 856 4839 est
881 4824 898 4850 ,
952 4794 1008 4838 et
1047 4783 1209 4838 veluti
1241 4786 1459 4839 concisa
1484 4800 1548 4840 ac
1578 4793 1880 4850 contracta,
1912 4786 2097 4843 nudant

2215 4796 2462 4868 μακρῶν,
2516 4796 2607 4848 καὶ
2641 4791 2935 4865 περισκελῆ
2967 4792 3200 4842 ποιεῖται
3228 4785 3322 4840 τοῦ
3368 4783 3639 4856 χρησίμου
3690 4781 3796 4850 τὴν

542 4877 748 4934 habens
793 4876 1101 4940 veritatem,
1125 4884 1180 4929 et
1206 4875 1328 4929 vita;
1355 4875 1494 4929 viam
1517 4875 1729 4946 plenam
1755 4878 2097 4941 constituens,

2212 4887 2465 4956 δήλωσιν,
2500 4885 2565 4937 δι’
2596 4884 2916 4953 αίνίγματος
2958 4882 3053 4935 καὶ
3086 4881 3242 4943 σκιᾶς
3291 4875 3603 4945 ὑποφαίνων
3636 4872 3799 4943 μόλις

542 4986 649 5026 non
698 4968 956 5040 impedita
1012 4966 1382 5033 facultatibus,
1416 4983 1520 5024 non
1554 4969 1800 5025 obscuris
1828 4972 2097 5041 prazconiir

2214 4947 2275 5029 τὸ
2302 4974 2484 5028 τελοῦν
2509 4975 2587 5037 εἰς
2611 4947 2812 5045 ὄνησιν.
2858 4974 2916 5027 '0
2938 4972 2994 5026 δέ
3022 4989 3086 5041 γε
3120 4971 3382 5042 σωτήριός
3413 4984 3471 5021 τε
3497 4965 3590 5020 καὶ
3622 4947 3827 5032 εὐαγ-’

541 5060 815 5116 obvelata.
863 5058 1103 5128 Simplex
1141 5060 1307 5126 enim,
1353 5059 1427 5113 uti
1459 5060 1724 5123 dicebam,
1755 5075 1838 5115 est
1872 5062 2097 5115 veritati:

2217 5065 2431 5134 γελικὸς
2468 5066 2598 5136 ἡμῖν
2626 5065 2782 5134 λόγος
2821 5064 3027 5136 βραχύς
3054 5063 3113 5117 τὲ
3140 5066 3286 5116 ἐστιν
3318 5062 3413 5114 καὶ
3448 5053 3560 5113 οἷον
3599 5072 3798 5109 συντε-

546 5155 838 5225 negotium.
882 5150 1123 5207 Servata:
1168 5161 1297 5207 sunt
1329 5166 1490 5219 porro
1522 5151 1763 5220 reliquias
1789 5152 2021 5215 lsraelis,
2062 5153 2097 5207 it

2217 5174 2326 5226 τμη
2337 5156 2516 5226 μένος,
2540 5156 2657 5225 ἤτοι
2680 5156 2963 5225 σύντομος,
2989 5155 3201 5225 γυμνὴν
3227 5152 3367 5224 ἔχων
3385 5152 3485 5221 τὴν
3508 5148 3799 5218 ἀλήθειαν,

544 5256 647 5312 est,
706 5247 796 5314 qui
855 5243 961 5300 title
1015 5244 1133 5314 ejus
1170 5243 1565 5313 apparitionem
1620 5242 1919 5308 coluerunt,
1950 5243 2097 5314 182

2221 5250 2441 5321 καὶτῆς
2471 5249 2614 5319 ζωῆς
2648 5249 2745 5320 τὴν
2788 5249 2904 5303 ὁδὸν
2934 5248 3137 5318 ἐναργῆ
3180 5244 3459 5307 καθιστάς,
3500 5244 3563 5295 οὐ
3600 5241 3804 5308 δυσχε-

548 5351 671 5389 cum
703 5336 988 5389 multitudo
1021 5335 1125 5388 alia
1160 5340 1513 5387 averteretur.
1543 5330 1675 5385 Nam
1706 5333 1757 5385 in
1790 5332 1967 5401 ipsum
2001 5330 2143 5389 uni—'

551 5438 830 5478 versorum
850 5426 1198 5481 Servatorem
1220 5434 1274 5480 et
1302 5421 1589 5477 Dominum
1618 5423 1931 5477 debacchati
1965 5435 2111 5491 sunt,

550 5530 671 5567 cum
703 5524 831 5567 ante
864 5515 1155 5584 prophetas
1202 5516 1659 5580 obtruncassent,
1710 5524 1763 5568 et
1813 5515 1904 5585 qni
1961 5516 2115 5572 missi

527 3352 578 3394 et
621 3341 769 3410 pium
824 3349 881 3391 et
906 3344 1173 3401 sanctum,
1202 3344 1257 3388 et
1289 3348 1351 3387 ea
1392 3339 1611 3401 propter
1643 3344 1761 3398 qua:
1791 3329 1973 3383 caeteri
2003 3342 2099 3381 au-

527 3435 657 3489 dent
712 3445 835 3483 eum
871 3426 1170 3491 olfendere,
1221 3425 1459 3495 graviter
1491 3422 1751 3478 ferentem
1786 3429 1842 3474 et
1876 3420 2099 3475 commi-

535 3531 830 3575 serautem.
885 3519 1101 3586 Quare,
1155 3519 1368 3587 inquit,
1425 3515 1639 3570 etiamsi
1692 3526 1977 3567 numerosa
2030 3510 2101 3565 sit

529 3611 897 3667 lsraelitarum
954 3610 1262 3676 multitudo,
1289 3611 1423 3664 adeo
1460 3616 1519 3662 ut
1545 3621 1722 3661 arena:
1750 3606 1804 3660 in
1829 3604 2101 3660 littoribus

532 3701 722 3770 positae
764 3699 1067 3770 comparari
1100 3712 1262 3769 posse
1306 3695 1591 3750 videantur
1618 3733 1634 3759 ,
1667 3692 1909 3762 reliquiae
1938 3689 2101 3746 salvae

533 3802 715 3850 erunt.
737 3791 888 3859 Quod
919 3806 1050 3847 sane
1076 3788 1296 3860 contigit
1331 3788 1575 3843 Ezechiae
1607 3786 1957 3855 temporibus.
1995 3781 2101 3835 De-

530 3886 638 3942 leta
670 3893 755 3939 est
785 3883 952 3948 enim,
981 3882 1056 3936 uti
1080 3881 1192 3936 dixi
1217 3923 1232 3947 ,
1264 3878 1536 3944 Samaria,
1563 3885 1617 3931 et
1653 3891 1756 3930 una
1797 3872 2102 3942 complures

531 3975 731 4032 Iudaea:
759 3975 920 4027 urbes
948 3980 1139 4040 captae.
1173 3968 1406 4024 Factum
1426 3978 1512 4023 est
1541 3968 1705 4022 etiam
1737 3967 1849 4019 hoc
1873 3962 2098 4016 extremi

2224 5343 2343 5414 ρίας
2395 5344 2638 5414 ὲνούσηὲ,
2672 5344 2771 5397 οὐκ
2810 5343 3073 5412 ἀσαφείας
3115 5343 3259 5405 τινὸς
3300 5342 3412 5402 τοῖς
3444 5335 3804 5409 κηρύγμασιν

2222 5436 2673 5507 ἐπενηνεγμένης.
2729 5434 2957 5488 Ἀπλοῦν
2978 5435 3107 5505 γὰρ,
3140 5435 3215 5497 ὡς
3239 5433 3393 5503 ἔφην,
3418 5431 3518 5501 τῆς
3540 5427 3807 5501 ἀληθείας

2220 5528 2280 5580 τὸ
2319 5527 2527 5599 χρῆμα.
2560 5528 2830 5580 Σέσωσται
2858 5526 2915 5579 δὲ
2941 5527 3034 5578 καὶ
3072 5525 3194 5578 τότε
3222 5525 3284 5578 τὸ
3323 5522 3677 5591 κατάλειμμα
3700 5516 3808 5572 τοῦ

624 5676 669 5707 ⁸³
707 5674 902 5729 Ezeclt.
939 5690 1058 5743 vru,
1091 5676 1178 5730 Π.
1230 5680 1301 5749 ,³³
1334 5679 1530 5735 Ezech,
1568 5694 1646 5747 ιι,
1681 5677 1799 5735 4-6,
