4002 6212
335 273 441 329 303
1327 274 1382 328 S.
1427 269 1697 330 εγῑιιιιι
1741 274 1915 328 ALEX

2003 275 2202 332 IDRINI
2246 276 2558 336 ARClllEP.
3480 284 3583 339 τοι

338 390 531 460 inquit,
567 390 729 461 ιθσ
754 387 935 459 colles,
963 390 1015 445 id
1048 399 1165 454 est,
1201 405 1234 447 ο
1277 405 1370 445 vus
1401 394 1490 460 qui
1555 392 1816 448 excellitis
1855 403 1904 448 et

2007 395 2172 460 ἔστιν,
2213 399 2260 451 oi
2301 399 2626 469 προῦχοντές
2665 415 2720 452 τε
2753 399 2846 452 καὶ
2892 398 3298 469 ὑπερκείμενοι,
3342 401 3436 453 καὶ
3479 403 3584 454 τῶν

335 483 607 547 einiuetis,
679 484 906 552 aliisque
979 482 1260 537 antestatis
1319 483 1371 536 in
1413 482 1731 536 Jerusalem.
1786 481 1900 550 Qua

2005 485 2180 540 ἄλλων
2207 489 2256 540 οἱ
2304 487 2803 559 ὐπερανεστηκότες
2844 488 2902 542 ὲν
2945 489 3013 558 τῇ
3057 486 3430 558 Ἰερουσαλήμ.
3479 489 3585 560 Σηο

335 589 467 628 voce
496 575 785 642 signiﬁcat,
836 573 918 628 vel
961 574 1250 643 prophetas
1300 583 1538 638 sanctos,
1593 574 1680 628 vel
1738 575 1900 628 etiam

2007 577 2186 646 μαίνει
2211 577 2373 630 δὲδιά
2407 577 2610 631 τούτων
2654 578 2687 648 ἢ
2729 577 3012 647 προφήτας
3046 578 3254 645 ἁγίους,
3289 577 3322 647 ἢ
3350 579 3446 632 καὶ
3487 580 3584 632 αὑ-

336 667 510 731 ipsum
551 665 891 720 sacerdotum
932 667 1180 720 chorum.
1211 665 1574 719 Consolamiui
1641 675 1899 730 montem,

2005 667 2094 720 τὸν
2118 667 2210 719 τὸν
2228 665 2336 719 τῶν
2361 667 2548 736 ἱερέων
2570 667 2746 736 χορόν.
2781 664 3157 736 Παρακαλεῖτε
3183 665 3245 718 τὸ
3268 666 3412 735 ὅρος,
3436 668 3585 721 τοῦτ’

335 760 385 810 id
419 767 520 819 est,
575 771 746 810 tueam
779 756 941 810 tiliam
987 755 1140 812 Sion.
1174 756 1537 811 Consolamini
1579 763 1757 809 autem
1788 771 1896 808 ma-

2004 758 2141 820 ἐστι,
2184 758 2282 830 τὴν
2311 758 2448 830 ἐμὴν
2487 757 2763 828 θυγατέρα
2799 757 2958 811 Σιών.
2998 757 3368 828 Παρακαλείτε
3400 759 3456 812 δὲ
3487 777 3584 830 μο-

250 917 260 921 η
334 868 401 904 un
437 859 641 904 tantum
670 866 775 904 non
803 851 1199 922 contingentes,
1236 860 1289 904 et
1315 860 1720 905 contrectantes
1743 864 1830 919 car

2008 852 2214 920 νονουχὶ
2247 851 2342 903 καὶ
2388 849 2532 920 χειρὶ
2574 850 2940 918 καταψῶντες,
2981 849 3074 916 καὶ
3115 848 3464 919 ὲπαφώμενοι
3495 870 3588 904 κε-

331 956 386 995 υι
416 953 628 996 maueat
655 945 707 996 in
744 944 848 998 hac
876 944 983 996 via.
1017 943 1145 1008 Qua:
1180 950 1266 996 est
1323 951 1500 996 autem
1537 941 1672 995 illa?
1747 941 1903 994 Vide-

2006 941 2201 1011 φαλῆς,
2240 940 2379 994 ὥστε
2409 941 2666 1011 ἐμμεῖναι
2691 939 2863 1012 ταύτῃ
2885 942 2950 1008 τῇ
2984 938 3108 1010 ὁδῷ·
3140 940 3278 1012 nos?
3303 940 3358 992 δὲ
3378 941 3583 1013 ταύτῖἶδ

332 1033 454 1088 licet
488 1035 590 1088 hac
642 1034 831 1089 liducia
865 1034 918 1088 in
955 1033 1141 1088 Deum.
1176 1031 1432 1086 Promisit
1478 1033 1620 1086 enim
1682 1046 1741 1086 se
1784 1045 1903 1086 ere-

2006 1034 2084 1104 Τῇ
2131 1035 2212 1096 είς
2243 1034 2374 1087 Θεὸν
2411 1033 2734 1104 πεποιθήσει
2772 1033 3033 1101 δηλονότι.
3070 1032 3436 1102 Ἐπήγγελται
3482 1035 3585 1103 μὲν

331 1135 545 1193 pturum
574 1134 627 1178 ct
647 1133 1088 1179 conservaturum
1120 1122 1296 1186 facile,
1330 1131 1386 1187 et
1409 1120 1740 1189 dejecturum
1803 1122 1904 1175 As-

2104 1145 2132 1186 ι,
2156 1127 2237 1180 ὅτι
2267 1127 2361 1178 καὶ
2393 1125 2676 1190 ὲξελεῖται,
2708 1125 2803 1178 καὶ
2825 1123 3082 1177 διασώσει
3109 1124 3326 1195 ῥᾳδίως,
3359 1124 3450 1177 καὶ
3478 1142 3585 1178 κα-
3681 1166 3684 1169 .

331 1229 390 1284 sy
407 1216 566 1277 rium,
599 1225 654 1270 et
687 1225 950 1271 terrorem
987 1215 1102 1284 ejus
1127 1213 1492 1282 amoliturum,
1525 1221 1900 1282 corrupturum

2004 1217 2258 1272 ταϐἀλλει
2317 1217 2412 1288 [:tl.
2458 1216 2780 1288 καταϐαλεῖ]
2823 1216 2914 1270 τὸν
2952 1215 3257 1287 ’Δσσύριον,
3305 1217 3396 1268 καὶ
3442 1217 3584 1270 ἀπο·

325 1307 536 1376 jngum,
560 1316 614 1360 ct
654 1309 722 1361 ab
749 1307 895 1361 omni
915 1320 1009 1360 eos
1071 1303 1350 1376 tyrannide
1380 1304 1750 1358 liberaturum.
1776 1301 1901 1368 Sed,

2005 1310 2191 1380 στήσει
2225 1309 2316 1362 τὸν
2344 1308 2508 1377 φόὸον
2533 1307 2722 1372 αὐτοῦ,
2757 1308 2850 1362 καὶ
2884 1307 3226 1379 καταφθείρῃ
3269 1307 3358 1359 τὸν
3394 1306 3581 1375 ζυγὸν,

333 1400 524 1466 inquit,
561 1398 674 1452 haec
700 1406 860 1452 erunt
909 1397 1164 1466 quoniam
1218 1395 1271 1449 in
1303 1395 1401 1450 hac
1429 1395 1512 1448 via
1545 1393 1902 1464 perrexerint,

2005 1403 2100 1456 καὶ
2122 1402 2342 1472 ἁπάσης
2362 1401 2557 1464 αὐτοὺς
2579 1400 2880 1467 ἀπαλλάξει
2899 1399 3229 1465 πλεονεξίας.
3264 1399 3405 1451 Ἀλλ’
3430 1400 3585 1452 ἔσται

331 1491 583 1546 nimirum
648 1489 838 1544 ﬁducia
879 1490 932 1544 in
977 1489 1164 1543 Deum.
1198 1487 1380 1554 Quare
1417 1485 1766 1540 consolamiui
1817 1486 1908 1538 ho-

2007 1491 2198 1556 ταῦτα,
2229 1494 2414 1564 φησιν,
2451 1493 2578 1545 ὅταν
2620 1492 2919 1562 ἐμμείνωσι
2957 1489 3130 1563 ταύτῃ
3168 1493 3234 1560 τῇ
3267 1489 3393 1569 ῥδῷ,
3423 1490 3587 1558 δῆλον

331 1580 441 1643 die,
473 1580 523 1632 id
558 1589 662 1646 est,
700 1589 939 1649 tempore
974 1577 1049 1632 rei
1072 1577 1320 1648 gerenda:
1377 1585 1698 1646 opportuno,
1757 1583 1809 1628 et
1839 1583 1899 1628 ut

2004 1583 2061 1638 δὲ
2093 1583 2174 1636 ὅτι
2203 1585 2270 1654 τῇ
2308 1585 2386 1646 είς
2426 1583 2560 1636 Θεὸν
2603 1582 2942 1653 πεποιθήσει.
2989 1582 3081 1634 Διὸ
3115 1581 3178 1653 δὴ
3216 1581 3584 1650 παρακαλεῖτε

330 1674 600 1730 constanti
632 1689 695 1728 ac
741 1673 898 1728 lirmo
942 1672 1126 1727 animo
1171 1671 1389 1742 praedita
1421 1672 1512 1736 sit,
1543 1670 1757 1726 cllicite.
1787 1670 1902 1725 Non

2007 1672 2264 1742 σήμερον,
2295 1671 2558 1738 τουτέστι,
2583 1671 2725 1725 κατά
2747 1688 2810 1740 γε
2836 1671 2926 1722 τὸν
2953 1670 3167 1724 ἐοικότα
3196 1671 3272 1740 τῷ
3293 1670 3586 1741 πράγματι

331 1766 476 1820 enim
507 1772 683 1836 potest
713 1763 929 1819 mentiri
960 1762 1182 1827 veritas,
1215 1777 1314 1818 nec
1343 1763 1592 1833 loquetur
1623 1764 1900 1819 mendacia

2004 1763 2339 1835 καιρὸν,·καὶ
2370 1763 2652 1834 ἱδρυμένον
2677 1761 3035 1834 ὲνεργάζεσθε
3056 1761 3116 1815 τὸ
3142 1761 3397 1833 φρόνημα
3418 1761 3579 1831 αὐτῇ.

333 1855 497 1910 Βιιιιε.
528 1854 584 1910 Si
628 1855 788 1921 -cnim
818 1853 1017 1924 aliquid
1043 1853 1316 1918 annuerit,
1367 1851 1420 1907 id
1476 1854 1660 1924 utique
1713 1867 1902 1924 perve-

2007 1853 2081 1911 ού
2115 1855 2224 1926 γὰρ
2270 1854 2386 1908 ἐστι
2417 1853 2793 1925 διαψεύδεσθαι
2828 1853 2928 1924 τὴν
2967 1853 3243 1924 ἀλήθειαν,
3279 1853 3341 1906 ού
3387 1851 3587 1922 ψευδο-

333 1947 444 2000 niet
477 1947 542 1996 ad
573 1945 776 1998 exitum
797 1983 813 2009 ,
857 1945 901 1998 si
933 1958 1033 1998 nos
1076 1943 1182 1999 [ide
1237 1942 1584 2007 coluerimus,
1614 1953 1668 1999 et
1695 1945 1902 1999 sincera

2004 1945 2366 2017 επήσειΘεός.
2391 1947 2456 1999 Ei
2477 1946 2584 2017 γὰρ
2611 1945 2676 2017 δὴ
2705 1944 3053 1999 κατανεύσειέ
3081 1960 3155 2009 τι,
3177 1943 3334 1996 τοῦτο
3359 1943 3421 2012 δὴ
3447 1942 3584 1996 πάν-

331 2043 511 2089 niente
539 2047 662 2088 eum
713 2033 801 2102 qui
835 2033 1060 2089 salutem
1112 2032 1358 2102 promisit
1399 2033 1900 2090 exhilaraverimus.

2002 2053 2109 2100 τως
2131 2035 2250 2107 ἥξει
2278 2036 2414 2107 πρὸς
2443 2037 2636 2107 πέρας,
2666 2035 2796 2089 ὅταν
2816 2035 2976 2105 ἡμεῖς
3000 2035 3066 2104 τῇ
3103 2031 3283 2086 πίστει
3308 2030 3582 2102 τιμῶμεν,

332 2125 453 2180 Pari
488 2127 692 2180 ratione
737 2139 834 2181 nos
860 2126 1020 2181 etiam
1073 2124 1424 2180 consolantur
1477 2126 1671 2191 sancti,
1723 2127 1905 2182 dicen-

2005 2128 2098 2181 καὶ
2129 2128 2338 2198 γνησίῳ
2368 2127 2672 2198 φρονήματι
2719 2125 3206 2195 κατευφραίνωμεν
3263 2125 3356 2178 τὸν
3383 2123 3585 2178 διασὼ⁹

333 2227 450 2273 tes:
496 2217 750 2271 Rcsistite
801 2215 1037 2281 diabolo,
1079 2225 1134 2271 et
1179 2215 1342 2287 fugiet
1381 2231 1412 2270 a
1463 2217 1637 2273 vobis.
1681 2217 1743 2272 Et
1801 2233 1898 2273 ca-

2006 2218 2119 2283 ζειν
2145 2217 2574 2289 ἐπηγγελμένον.
2610 2216 2766 2271 Κατὰ
2792 2216 2941 2270 τόνδε
2974 2216 3062 2270 τὸν
3104 2215 3218 2268 ἴσον
3258 2214 3455 2284 τρόπον
3484 2217 3586 2270 καὶ

330 2307 737 2362 strametabitur
769 2306 996 2376 angelus
1025 2306 1235 2361 Domini
1307 2306 1359 2361 in
1427 2306 1656 2361 circuitu
1715 2307 1905 2362 timen-

2003 2310 2152 2380 ἡμᾶς
2179 2309 2377 2373 αὐτοὺς
2401 2307 2807 2380 παρακαλοῦσιν
2836 2308 2887 2360 οἱ
2922 2308 3066 2375 ἅγιοι
3095 2305 3364 2374 λέγοντες,
3404 2305 3583 2358 Ἀντί-

335 2400 465 2452 tium
507 2413 651 2463 eum,
691 2396 1156 2452 etliberahiteos.
1199 2397 1344 2452 Dixit
1407 2399 1567 2451 etiam
1600 2398 1713 2467 ipse
1774 2413 1904 2454 voce

2005 2418 2167 2470 στητε
2195 2401 2272 2472 τῷ
2298 2401 2550 2472 διαϐόλῳ,
2590 2402 2683 2455 καὶ⁵
2730 2397 2985 2469 φεύξεται
3011 2398 3105 2469 ἀφ’
3132 2397 3312 2468 ἡμῶν,
3343 2398 3459 2460 καὶ,
3495 2399 3582 2450 ὃτι

344 2490 560 2544 havidis
585 2488 653 2543 de
707 2487 851 2543 omni
896 2487 1112 2542 homine
1134 2488 1223 2557 qui
1257 2488 1448 2553 credit,
1480 2497 1530 2542 et
1561 2503 1709 2558 spem
1763 2490 1906 2544 locat

2004 2491 2362 2563 Παρεμϐαλεί
2381 2491 2610 2560 ἄγγελος
2639 2490 2842 2561 Κυρίου
2886 2489 3070 2559 κύκλῳ
3099 2489 3207 2541 τῶν
3231 2488 3583 2557 φοϐουμένων

333 2581 385 2633 ἰιι
403 2595 478 2635 eo
512 2597 527 2635 :
582 2596 605 2631 ι
644 2576 699 2632 In
743 2591 828 2632 me
855 2577 1109 2647 speravit,
1164 2586 1222 2633 et
1249 2577 1486 2632 liberabo
1514 2593 1636 2633 eum
1668 2579 1904 2647 ;clama-

2005 2582 2186 2648 αὐτὸν,
2223 2583 2317 2635 καὶ
2365 2581 2586 2653 ῥύσεται
2623 2581 2838 2644 αύτούς.
2873 2581 3016 2651 Ἔφη
3049 2581 3106 2634 δὲ
3158 2580 3251 2632 καὶ
3293 2579 3451 2640 αὐτὸς
3493 2579 3585 2630 διὰ

332 2672 406 2724 bit
441 2673 506 2726 ad
538 2685 642 2736 me,
675 2680 729 2726 et
757 2670 1037 2726 exaudiam
1075 2685 1197 2725 eum
1223 2669 1364 2723 ⁸⁸·⁸⁶.
1394 2671 1526 2724 Cum
1555 2671 1672 2740 ipso
1700 2686 1818 2726 sum
1847 2671 1903 2727 in

2004 2676 2188 2745 φωνῆς
2219 2672 2312 2728 τοῦ
2359 2675 2524 2728 Δαδὶδ
2544 2715 2560 2742 ,
2591 2674 2720 2746 περὶ
2752 2673 2956 2737 παντὸς
3000 2671 3288 2745 ἀνθρώπου
3321 2669 3583 2724 πεποιθό-

333 2763 643 2829 alliiutione,
675 2771 730 2817 et
757 2761 1008 2831 eripiam,
1074 2769 1130 2816 et
1173 2760 1487 2830 gloriﬁcabo
1527 2777 1672 2817 eum.
1719 2781 1738 2815 ι
1767 2761 1901 2817 Nam

2003 2779 2092 2826 τος
2127 2762 2213 2816 ἐπ’
2251 2763 2432 2826 αὑτὸν,
2477 2765 2570 2817 καὶ
2607 2762 2706 2834 τὴν
2733 2762 2923 2816 ἐλπίδα
2969 2761 3229 2832 Θεμένου·
3269 2779 3288 2813 ι
3327 2761 3451 2813 ὀτι
3491 2759 3583 2811 ἐπ’

329 2858 419 2926 qui
455 2857 625 2922 ipsum
663 2853 987 2924 gloriﬁcent,
1036 2865 1132 2908 eos
1165 2852 1486 2922 gloriﬁcabit
1519 2855 1757 2908 omnium
1801 2869 1899 2910 no-

2004 2853 2105 2924 ἐμὲ
2136 2853 2352 2924 ἤλπισε,
2408 2854 2504 2906 καὶ⁵
2551 2853 2786 2925 ῥύσομαι
2837 2851 3020 2905 αὐτόν.
3056 2849 3399 2922 Κεκράξεται
3438 2848 3584 2918 πρὸς

329 2959 372 3003 st
387 2963 501 3000 rum
535 2947 790 3001 Servator
818 2957 871 3000 et
887 2944 1145 3000 Dominus
1165 2942 1321 3000 Jesus
1338 2944 1606 3010 Christus,
1626 2958 1720 3014 per
1740 2960 1898 3015 quem

2005 2945 2093 3015 μὲ,
2125 2946 2219 2998 καὶ
2249 2946 2619 3014 ὲπακούσομαι
2648 2942 2831 3004 αὐτοῦ,
2872 2941 2990 3013 μετ’
3026 2941 3187 2995 αὐτοῦ
3216 2943 3331 3010 εἰμι
3369 2941 3426 2993 ὲν
3458 2939 3581 2992 θλίο

329 3049 381 3092 et
421 3053 542 3093 eum
584 3052 691 3107 qum
734 3037 874 3092 Patri
913 3053 1017 3092 una
1061 3053 1183 3094 cum
1231 3043 1422 3093 sancto
1471 3035 1682 3108 Spiritu
1728 3039 1895 3108 gloria

2007 3036 2112 3106 ψει,
2144 3039 2238 3092 καὶ
2262 3037 2568 3107 ὲξελοῦμαι,
2603 3037 2698 3089 καὶ
2720 3035 2928 3102 δοξάσω
2949 3033 3128 3088 αὐτόν,
3167 3050 3186 3084 ι
3221 3031 3442 3095 Δοξάσει
3467 3031 3587 3100 γὰρ

329 3133 392 3184 sit
426 3129 482 3182 in
514 3144 674 3183 omne
703 3144 895 3182 avum.
929 3129 1123 3184 Amen.

2002 3131 2125 3194 τοὺς
2171 3131 2491 3198 δοξάζοντας
2537 3132 2699 3186 αὐτὸν
2737 3133 2765 3185 ὁ
2807 3132 3024 3185 πάντων
3053 3128 3210 3201 ἡμῶν
3242 3126 3434 3197 Σωτὴρ
3479 3126 3582 3178 καὶ

327 3222 554 3293 Κύριος,
598 3221 804 3294 Ἰησοῦς
833 3222 1087 3294 Χριστὸς,
1118 3222 1190 3277 δι’
1217 3215 1306 3289 οὗ,
1334 3222 1430 3278 καὶ
1461 3223 1581 3294 μεθ’
1603 3214 1668 3278 οὗ
1693 3223 1770 3296 τῷ
1795 3225 1972 3299 Πατρὶ
2004 3227 2120 3299 ἅμα
2157 3227 2236 3302 τῷ
2299 3228 2439 3301 ἁγίῳ
2479 3229 2754 3300 Πνεύματι
2780 3228 2813 3299 ἡ
2844 3226 2973 3292 δόξα
3045 3226 3124 3290 εἰς
3189 3224 3316 3286 τοὺς
3352 3222 3580 3282 αἰῶνας.

341 3317 394 3366 Ἀ
405 3318 533 3384 μήν.

397 3468 518 3502 ⁸⁸³⁸
553 3467 700 3527 Psal.
730 3485 816 3538 xc,
850 3471 1035 3528 14-15.

337 3664 3551 3693 --ἪἫ-ῇ

1249 3865 1409 3937 187
1459 3856 1896 3947 BIBAION
1963 3861 2068 3954 B',
2120 3859 2477 3946 TOMOI
2539 3860 2650 3946 E'.

773 4325 792 4338 ο
889 4224 1239 4314 LIBER
1310 4223 1963 4349 SECUNDUS,
2036 4220 2335 4318 TOMI
2415 4225 3008 4335 QUINQUE.

934 4615 1168 4674 TOMUS
1232 4618 1272 4672 I.
1926 4628 1970 4683 ι)

1926 4628 1970 4683 ι)
2615 4617 2848 4672 ΤΟΜΟΣ
2885 4618 2962 4672 A’.

390 4727 517 4782 CAP.
577 4724 642 4780 Χ.
703 4727 864 4781 Vens.
917 4726 1008 4791 3'5,
1063 4728 1154 4782 3b.
1216 4727 1347 4782 Ecce
1410 4727 1720 4782 Dominator
1786 4725 1888 4778 Do-

2083 4726 2234 4782 Ἰὃοὺ
2277 4727 2354 4794 δὴ
2390 4729 2422 4781 ὀ
2460 4728 2765 4795 Δεσπότης
2794 4729 3006 4795 Κύριος
3038 4727 3298 4791 Σαϐαὼθ.
3348 4746 3574 4786 συντα-

321 4821 492 4875 minua
540 4817 810 4882 Sabaoth,
845 4819 1172 4871 conturbabit
1217 4821 1470 4889 gloriosas
1515 4836 1631 4874 cum
1680 4819 1896 4888 fortitu-

1993 4819 2162 4888 ράξει
2193 4818 2332 4884 τοὺς
2361 4819 2650 4884 ἐνδόξους
2682 4819 2831 4887 μετὰ
2871 4822 3102 4887 ἰσχύος,
3135 4821 3232 4875 καὶ
3265 4824 3319 4875 οι
3346 4824 3573 4890 ὑψηλοί

317 4914 462 4976 diue,
496 4920 544 4964 et
580 4909 704 4962 elati
735 4908 973 4977 superbia
1003 4917 1356 4974 conterentur,
1383 4921 1430 4964 el
1474 4910 1806 4978 dejicientur,
1847 4917 1895 4962 et

1997 4911 2072 4979 τῇ
2121 4911 2282 4978 ὕϐρει
2321 4910 2844 4977 συντριϐήσονται,
2883 4911 3572 4982 καίτοπεινωθιξσονται,

318 5004 501 5060 eadem
535 5002 660 5057 elati
731 5001 927 5071 gladio,
971 5018 1032 5055 ac
1087 5000 1316 5056 Libanus
1376 5019 1490 5056 cum
1525 5003 1738 5057 excelsis
1772 5018 1896 5056 cono

1997 5001 2096 5056 καί
2138 5000 2465 5055 πεσοῦνται
2493 5004 2546 5055 οί
2579 5001 2806 5070 ὑψηλοὶ
2834 5003 3114 5071 μαχαιᾎᾳ,
3157 5008 3190 5058 ὀ
3223 5003 3291 5057 δὲ
3319 5007 3575 5072 Λίϐανος

317 5096 471 5153 ridet.

1996 5095 2118 5147 σὺν
2143 5093 2262 5158 τοῖς
2290 5093 2552 5162 ὑψηλοῖς
2585 5095 2874 5150 πεσεῖται.

385 5209 441 5262 In
500 5207 637 5261 libro
661 5205 772 5276 jam
801 5207 1046 5261 absoluto
1079 5220 1256 5260 sermo
1287 5216 1403 5260 erat
1439 5205 1506 5258 de
1555 5204 1815 5273 Assyriis,
1837 5215 1891 5260 et

2079 5207 2166 5259 Ἐν
2195 5207 2290 5277 μὲν
2317 5206 2393 5278 τῷ
2439 5208 2808 5279 τετελεσμένῳ
2852 5208 3040 5279 βιϐλίῳ
3076 5208 3205 5279 περὶ
3232 5208 3339 5261 τῶν
3367 5225 3425 5261 τε
3467 5209 3575 5261 τῶν

315 5297 383 5350 de
418 5313 542 5368 rege
573 5297 882 5361 Persarum,
911 5311 1034 5351 cum
1065 5295 1247 5348 Judma
1281 5305 1335 5348 et
1360 5293 1748 5362 Hierosolymis
1780 5294 1890 5348 bel-

2008 5298 2312 5369 Ἀσσυρίων
2340 5299 2368 5350 ὁ
2402 5298 2556 5366 λόγος
2593 5295 2679 5370 ἦν,
2714 5302 2807 5353 καὶ
2836 5300 2929 5353 τοῦ
2959 5300 3027 5353 τὰ
3059 5301 3282 5371 Περσῶν
3308 5299 3575 5353 διοικοῦν-

314 5385 610 5454 ligerante,
642 5405 705 5442 ac
745 5392 838 5443 ira:
873 5389 1067 5442 divina:
1103 5385 1443 5441 severitatem
1471 5399 1539 5438 ex
1601 5384 1894 5454 improviso

1999 5405 2090 5450 τος
2118 5389 2317 5460 κράτη,
2350 5391 2880 5460 καταστρατεύοντος
2916 5393 3016 5460 μὲν
3042 5391 3140 5461 τῆς
3189 5391 3445 5452 Ἰουδαίας
3480 5392 3575 5445 καὶ

312 5476 605 5530 ευιιιὶθιιιο.
642 5475 775 5529 Nam
804 5477 987 5541 Israel,
1025 5492 1128 5531 non
1159 5491 1341 5530 arcum
1373 5476 1619 5539 tendens,
1639 5491 1743 5530 non
1765 5491 1884 5529 scu-

1997 5477 2106 5530 τῶν
2149 5479 2408 5548 Ἰεροσολύ
2419 5498 2552 5548 μων,
2587 5480 2847 5545 παθόντος
2874 5483 2930 5534 δὲ
2956 5483 3228 5554 ἀδοκήτοις
3250 5484 3316 5536 τὰ
3343 5487 3406 5538 ἐκ
3427 5483 3576 5547 θείας

317 5575 430 5622 tum
463 5564 744 5632 arripiens,
777 5583 884 5620 non
916 5570 1180 5637 equitatu,
1202 5584 1304 5623 non
1362 5577 1478 5623 arte
1535 5568 1891 5640 phalangibus

1997 5569 2188 5640 ὀργῆς.
2223 5573 2499 5626 Σέσωσται
2533 5574 2642 5644 γὰρ
2667 5575 2982 5646 παραδόξως
3009 5580 3037 5630 ὁ
3069 5578 3302 5649 Ἰσραὴλ,
3329 5581 3390 5632 ού
3423 5579 3576 5644 τόξον

317 5659 432 5730 ejus
496 5655 778 5723 r-csistcus,
841 5673 946 5712 non
1001 5661 1116 5728 lego:
1170 5661 1388 5716 militari
1458 5661 1886 5718 adversariorum

1998 5661 2254 5726 ἐντείνας.
2290 5664 2352 5716 ού
2375 5663 2567 5736 θυρεὸν
2601 5666 2873 5739 ἁρπάσας,
2901 5669 2996 5738 οὐχ
3040 5671 3294 5738 ἱππότην,
3323 5669 3384 5721 ού
3410 5669 3578 5742 τέχνῃ
