4002 6212
472 297 592 378 '301

1471 321 1528 376 S.
1570 320 1841 378 CYRlLLl
1879 321 2345 376 ALEXANDRINI
2391 321 2703 380 ARCHIEP.

3630 321 3736 376 δυο

493 433 752 491 Dominus
780 435 1040 499 Sabaoth,
1081 436 1427 492 conturbabit
1462 439 1728 507 gloriosos
1750 454 1873 494 cum
1907 439 2054 494 forti-

2165 440 2338 491 ἐκεῖνα
2369 439 2458 492 καὶ
2495 439 2588 492 νῦν
2620 441 2648 491 ό
2679 437 2786 489 τῶν
2825 435 2961 489 ὅλων
2993 436 3148 503 Θεὸς,
3175 437 3267 492 τὸν
3295 438 3418 506 περὶ
3461 436 3562 507 τῆς
3593 439 3741 491 κατά

493 528 702 582 tudine.
735 546 754 580 ι
787 526 867 580 Ad
906 527 1198 582 novitatem
1233 529 1355 584 vita:
1383 531 1730 600 evangelicae,
1757 546 1820 586 ac
1849 531 2051 586 Christi

492 618 833 688 mysterium,
859 628 1144 674 revocatet
1169 619 1431 676 reformat
1456 630 1614 676 terra:
1649 621 1873 688 incolas,
1901 637 2057 677 ever-

485 711 564 766 sis
589 711 841 764 nimirum
863 710 1102 779 antiquis
1120 711 1336 776 ritibus,
1370 712 1719 782 moribusque
1737 712 2056 768 umbraticis

488 809 542 854 et
572 799 768 868 typicis
785 800 1030 857 obtinere
1068 802 1173 858 vim
1201 817 1354 857 suam
1404 803 1636 874 amplius
1677 819 1780 858 non
1831 803 2057 858 valenti-

487 895 607 948 bus.
659 891 766 947 Sed
797 892 1061 949 adventus
1095 895 1179 949 sui
1217 895 1267 949 in
1310 895 1454 950 hunc
1502 897 1759 951 mundum
1804 897 1892 952 hic
1935 911 2059 951 seu-

483 999 586 1050 pus
621 981 741 1049 fuit,
769 984 1024 1054 venitque
1054 984 1465 1054 praedicaturus,
1502 996 1556 1041 et
1592 997 1722 1043 ante
1749 987 1884 1042 alios
1916 987 2057 1041 lsra-

484 1073 649 1138 clztis,
673 1074 818 1142 quod
857 1089 980 1144 quze
1030 1089 1200 1144 usque
1249 1074 1316 1129 ad
1381 1077 1791 1134 restaurationis
1846 1089 2057 1151 tempus

485 1163 731 1220 instituta
759 1174 948 1234 erant,
989 1165 1041 1220 id
1072 1175 1176 1228 est,
1214 1165 1295 1222 les
1332 1167 1387 1224 in
1427 1168 1604 1226 littera
1642 1170 1837 1239 posita,
1887 1186 1952 1227 ea
1991 1173 2058 1228 de

484 1263 684 1310 caetero
707 1255 865 1323 tollit,
896 1257 1078 1312 animo
1101 1257 1360 1323 lidellum,
1387 1259 1465 1314 uti
1523 1259 1788 1326 dixeram,
1819 1261 1886 1316 ad
1938 1277 2054 1318 me-

484 1343 673 1400 liorem
711 1355 765 1400 et
794 1345 1091 1415 spiritalem
1121 1347 1244 1402 vitae
1272 1346 1666 1404 institutionem
1695 1351 2052 1406 transforma-

489 1439 561 1482 ιο.
596 1429 741 1484 Nova
769 1430 910 1485 enim
941 1430 994 1485 in
1020 1429 1238 1486 Christo
1285 1434 1487 1488 omnia.
1519 1433 1586 1488 Et
1634 1435 1681 1490 si
1713 1451 1841 1492 vero
1897 1438 2056 1493 dece.

485 1523 579 1574 hat
605 1520 655 1576 ei
677 1522 1048 1591 obtemperare
1088 1539 1196 1592 prae
1238 1526 1448 1581 ueteris
1497 1524 1733 1583 Judaicte
1773 1543 2056 1600 synagoga:

488 1613 773 1678 primores,
809 1621 866 1668 et
900 1613 990 1682 qui
1014 1614 1304 1670 sacerdotii
1335 1616 1633 1674 honoribus
1677 1617 1822 1674 haud
1847 1619 2053 1676 medico

2160 529 2336 596 σάρκα
2363 528 2668 596 γεννήσεως
2703 525 2796 578 τοῦ
2827 525 3165 593 Μονογενοῦς
3203 525 3506 594 εἰσκομίζει
3554 526 3739 594 λόγον,

2153 619 2251 684 ,καὶ
2279 617 2670 690 προαναφαίνει
2693 617 2756 670 τὸ
2777 617 3072 687 μυστήριον
3091 617 3180 670 διὰ
3207 620 3388 687 φωνῆς
3415 617 3740 688 προφητῶν,

2157 709 2245 762 ἵνα
2271 708 2379 762 τῶν
2408 708 2749 780 πραγμάτων
2787 709 2868 770 είς
2898 706 3071 776 πέρας
3115 706 3513 775 ἐπιϐεϐηκότων,
3555 708 3740 778 ἀναμ-

2158 801 2376 870 φίλογον
2406 801 2612 871 δέχοιτο
2657 800 2808 871 παρὰ
2836 800 3053 853 πάντων
3076 797 3174 870 τὴν
3216 800 3418 854 πίστιν.
3452 801 3516 855 Τί
3558 801 3744 854 τοίνυν

2159 891 2321 960 φησίν
2343 907 2355 921 ·
2395 909 2414 941 ι
2463 891 2592 944 Ἰδοὺ
2620 890 2684 960 δὴ
2717 892 2744 944 ὁ
2782 889 3060 961 Δεσπότης
3086 889 3290 959 Κύριος
3318 889 3567 954 Σαϐαὼθ,
3608 885 3744 943 συν-

2154 982 2525 1054 ταράξειτοὺς
2558 981 2800 1046 ἐνδόξους
2825 981 2963 1051 μετά
3000 981 3216 1050 ἰσχύοςς
3263 1000 3281 1033 ι
3322 982 3415 1044 El;
3443 982 3744 1049 καινότητα

2157 1074 2304 1143 ζωῆς
2335 1072 2696 1144 εύαγγελικῆς
2743 1072 2806 1125 τὸ
2837 1071 2934 1126 τοῦ
2973 1071 3209 1144 Χριστοῦ
3260 1073 3558 1144 μυστήριον
3604 1073 3744 1125 ἀνα-

2161 1167 2360 1238 μορφοῖ
2389 1165 2514 1228 τοὺς
2544 1165 2636 1217 ἐπὶ
2667 1167 2765 1236 τῆς
2795 1165 2920 1234 γῆς,
2963 1162 3458 1234 ἀνατετραμμένων
3494 1163 3743 1234 δηλονότι

2158 1258 2266 1311 τῶν
2292 1256 2660 1328 ἀρχαιοτέρων
2689 1255 2848 1318 ἐθῶν,
2883 1256 2978 1308 καὶ
3011 1254 3121 1309 τῶν
3164 1258 3221 1310 ὲν
3270 1258 3450 1318 σκιαῖς
3503 1256 3596 1308 καὶ
3633 1254 3742 1309 τύ-

2163 1364 2304 1412 ποις,
2338 1349 2438 1402 οὒκ
2472 1347 2702 1418 ἑχόντων
2734 1348 2814 1400 ἐτι
2855 1345 2917 1400 τὸ
2951 1345 3213 1400 δύνασθαι
3253 1349 3490 1417 κρατεῖν.
3535 1346 3671 1399 Ἀλλ’
3708 1347 3744 1400 ὁ

2163 1441 2262 1512 μὲν
2288 1441 2386 1512 τῆς
2411 1440 2646 1509 ἀφίξεως
2666 1440 2765 1509 τῆς
2788 1440 2866 1504 εἰς
2895 1440 3042 1494 τόνδε
3070 1440 3160 1493 τὸν
3191 1439 3396 1510 κόσμον
3420 1438 3568 1509 αὐτῷ
3616 1457 3745 1492 σκο-

2161 1531 2260 1595 πὸς
2291 1531 2514 1600 γέγονεν
2561 1531 2766 1596 οὑτοσὶ,
2823 1531 2916 1583 καὶ
2953 1529 3296 1601 διακηρύξων
3351 1531 3594 1598 ἀφῖκται,
3642 1529 3746 1583 καὶ

2160 1621 2266 1694 πρό
2291 1639 2355 1690 γε
2387 1620 2495 1675 τῶν
2522 1619 2698 1675 ἄλλων
2719 1622 2830 1684 τοῖς
2851 1618 2912 1685 ἐξ
2945 1621 3185 1692 Ἰσραὴλ,
3216 1621 3298 1673 ὅτι
3325 1619 3392 1672 τὰ
3429 1619 3591 1690 μέχρι
3615 1635 3745 1672 και-

487 1702 655 1757 criter
692 1703 1123 1759 insolescebant:
1159 1704 1214 1759 hi
1267 1713 1442 1760 tamen
1469 1721 1502 1763 e
1559 1709 1832 1766 contrario
1881 1725 2056 1780 repu-

2165 1709 2258 1782 ροῦ
2292 1709 2633 1782 διορθώσεως
2671 1711 3012 1780 ἐπικείμενα,
3053 1710 3366 1775 τουτέστιν,
3391 1713 3420 1763 ό
3451 1710 3509 1761 ὲν
3554 1708 3746 1780 γράμ-

488 1797 723 1863 gnalmnt
741 1793 1055 1864 iuveniliter
1073 1811 1136 1851 ac
1159 1797 1482 1866 petulanter,
1519 1801 1841 1858 resistebant
1869 1803 2054 1874 impie,

2165 1817 2295 1872 μασι
2317 1799 2501 1871 νόμος,
2543 1799 2796 1871 καταίρει
2825 1798 3010 1858 λοιπὸν
3043 1799 3126 1860 είς
3160 1797 3332 1862 τέλος,
3369 1797 3747 1868 μεταπλαττο-

489 1895 541 1939 et
569 1886 742 1955 legem
791 1901 822 1941 a
866 1886 1016 1943 Mose
1047 1889 1445 1959 sapientissimo
1483 1893 1874 1963 promulgatam
1909 1910 2058 1952 sem-

2167 1892 2357 1963 μένης,
2413 1891 2488 1955 ὡς
2535 1890 2694 1962 ἔφην,
2739 1892 2817 1954 είς
2857 1889 2924 1943 τὰ
2969 1889 3178 1961 ἀμείνω
3220 1890 3316 1942 καὶ
3361 1888 3744 1960 πνευματικὴν

490 1977 654 2044 parin
691 1992 785 2031 ore
803 1979 1065 2034 habentes
1085 2018 1099 2044 ,
1137 1983 1456 2050 mysterium
1485 1984 1901 2052 dispensationis
1931 1985 2058 2043 Uni-

487 2068 654 2136 geniti
689 2069 744 2122 in
769 2084 955 2137 carne,
981 2081 1242 2141 quantum
1292 2076 1346 2132 in
1369 2091 1430 2131 se
1455 2084 1574 2132 erat
1609 2077 1824 2133 irritum
1878 2078 2059 2138 facere

489 2162 777 2218 volebant:
811 2164 904 2219 sed
942 2180 1104 2234 penes
1131 2181 1225 2221 eos
1249 2182 1355 2222 non
1391 2177 1508 2224 erat
1537 2171 1641 2226 hoc
1674 2179 1952 2240 praestare,
2004 2181 2059 2228 at

490 2253 728 2308 omnium
764 2251 1037 2309 Servatori
1066 2265 1118 2310 et
1146 2255 1256 2313 Deo
1292 2271 1451 2312 suum
1495 2259 1845 2328 supercilium
1887 2275 2057 2332 oppo-

491 2355 701 2409 nentes,
737 2347 858 2401 mali
895 2346 1034 2402 male
1062 2349 1358 2418 perierunt,
1389 2351 1587 2419 partim
1623 2351 1764 2408 alter
1821 2355 1874 2409 iu
1931 2355 2062 2408 alto-

489 2437 973 2507 rumassultantes,
1007 2448 1060 2493 et
1093 2439 1212 2510 lege
1255 2440 1382 2496 belli
1443 2443 1760 2501 insidiantes
1786 2484 1802 2510 ,
1859 2446 2054 2514 partim

491 2529 542 2582 in
579 2527 945 2584 ananorum
995 2544 1188 2584 manus
1217 2531 1535 2598 incidentes,
1570 2534 1662 2602 qui
1691 2535 1866 2604 ipsum
1922 2537 2054 2592 adeo

493 2622 747 2691 templum
775 2624 1146 2680 incenderunt.
1176 2624 1316 2680 Ecce
1365 2625 1525 2696 igitur
1580 2627 1894 2686 Dominator
1951 2629 2056 2682 Do-

492 2713 669 2768 minus
696 2713 933 2770 Sabaoth
969 2716 1311 2774 conturbabit
1365 2716 1629 2788 gloriosos
1660 2733 1782 2775 cum
1840 2717 2058 2774 fortitu-

490 2806 634 2859 dine.
687 2805 966 2862 Dominum
1033 2807 1270 2864 Sabaoth
1318 2814 1727 2865 conturbantem
1778 2811 2054 2877 nominat;

491 2896 830 2953 auditoribus
872 2908 1134 2953 terrorem
1174 2901 1476 2968 incutiens,
1511 2916 1578 2957 ne
1623 2902 1746 2972 quis
1774 2900 1912 2956 forte
1945 2900 2060 2956 exi-

493 2988 676 3041 stimet
702 2989 1015 3044 debiliorem
1038 2989 1156 3046 fore
1187 2992 1380 3060 ipsum,
1415 2993 1497 3047 vel
1523 2994 1686 3049 etiam
1716 2994 1889 3049 minas
1911 2993 2064 3048 adhi-

2160 1986 2435 2042 πολιτείαν
2465 1985 2564 2057 τῆς
2596 1983 2704 2039 τῶν
2743 1983 3105 2037 πιστευόντων
3141 1982 3397 2046 διανοίας.
3425 1981 3601 2036 Καινὰ
3625 1981 3744 2054 γὰρ

2159 2079 2335 2134 πάντα
2375 2078 2443 2132 τά
2489 2078 2547 2131 ὲν
2587 2076 2828 2147 Χριστῷ.
2887 2073 3049 2128 Ἀλλὰ
3088 2074 3267 2128 καίτοι
3310 2074 3743 2128 καταπείθεσθαι

2157 2167 2273 2224 δέον
2295 2164 2460 2237 αὐτῷ,
2497 2165 2591 2220 καὶ
2616 2165 2722 2235 πρό
2760 2181 2825 2233 γε
2852 2164 2959 2217 τῶν
2997 2164 3172 2218 ἄλλων
3201 2165 3300 2235 τῆς
3315 2165 3578 2219 Ἰουδαίων
3610 2183 3742 2218 συν-

2159 2259 2382 2329 αγωγῆς
2413 2258 2539 2320 τοὺς
2575 2255 3001 2328 προεστηκότας,
3035 2255 3130 2308 καὶ
3160 2258 3273 2317 τοῖς
3309 2255 3410 2325 τῆς
3441 2255 3744 2328 ἱερωσύνης

2161 2352 2471 2421 αὐχήμασιν
2506 2349 2568 2402 οὐ
2605 2347 2842 2420 μετρίως
2891 2346 3308 2417 κομπάζοντας,
3340 2349 3405 2401 ὲκ
3431 2347 3541 2402 τῶν
3576 2350 3741 2402 svmv-

2159 2441 2290 2494 τίων
2329 2437 2688 2509 ἀντεφέροντο
2739 2436 3024 2501 νεανικῶς,
3072 2437 3438 2508 ἀντέπραττον
3476 2437 3740 2505 ἁφοσίως,

2161 2530 2258 2584 καὶ
2285 2529 2374 2582 τὸν
2401 2528 2488 2582 διὰ
2520 2527 2614 2582 τοῦ
2649 2527 2928 2597 πανσόφου
2962 2528 3204 2593 Μωσέως
3227 2529 3314 2582 ἀεὶ
3337 2529 3619 2592 λαλοῦντες
3651 2531 3746 2583 v6-

2164 2645 2283 2700 μον,
2311 2627 2592 2699 ἄπρακτον
2625 2625 2948 2694 ἀποφαίνειν
2979 2625 3171 2697 ἡθελον
3198 2627 3259 2680 τό
3287 2643 3350 2695 γε
3375 2622 3509 2699 ἧκον
3537 2628 3614 2690 είς
3638 2628 3744 2680 αὐ-

2158 2721 2284 2783 τοὺς
2312 2720 2411 2791 τῆς
2449 2718 2586 2790 μετά
2609 2718 2811 2789 σαρκὸς
2838 2719 3150 2790 οἰκονομίας
3183 2718 3274 2772 τοῦ
3305 2718 3639 2787 Μονογενοῦς
3675 2720 3745 2772 τὸ

2163 2813 2340 2882 μυστή
2351 2827 2482 2882 ριον.
2500 2810 2640 2866 Ἀλλ’
2656 2806 2724 2881 ἦν
2745 2809 3035 2880 ἀνέφικτον
3054 2810 3236 2874 αὐτοῖς
3255 2809 3415 2864 τοῦτο
3435 2811 3586 2882 δρᾷν,
3611 2813 3745 2864 ἀντ-

2161 2904 2445 2972 εξάγοντες
2468 2903 2522 2956 δὲ
2565 2902 2642 2973 τῷ
2695 2902 2913 2955 πάντων
2946 2901 3158 2975 Σωτῆρι
3193 2903 3286 2954 καὶ
3316 2901 3436 2972 Θεῷ
3455 2901 3515 2956 τὸ
3541 2903 3747 2956 οἰκεῖον

2164 2995 2395 3066 θέλημα,
2426 2994 2584 3048 κακοὶ
2619 2993 2805 3058 κακῶς
2837 2993 3141 3060 διολώλασι,
3175 2994 3332 3048 τοῦτο
3365 2995 3460 3064 μὲν
3492 2994 3748 3066 ἀλλήλοις

491 3079 675 3132 huisse
706 3078 1032 3147 ineilicaces,
1059 3092 1112 3137 et
1144 3098 1263 3152 quae
1292 3086 1512 3139 omnino
1541 3085 1606 3138 ad
1637 3086 1799 3140 tinem
1837 3101 1943 3140 non
1974 3101 2063 3142 es-

2165 3090 2536 3160 ὲπιφυόμενοι,
2564 3089 2659 3143 καὶ
2684 3088 2776 3142 τὸν
2815 3087 3052 3156 πολέμου
3084 3087 3248 3158 νόμον
3279 3086 3742 3151 ἐπιϐουλεύοντες,

495 3177 615 3222 sent
643 3179 999 3238 perventum.
1036 3173 1173 3240 Quid
1216 3176 1362 3232 enim
1413 3174 1654 3230 ineﬂicax
1697 3191 1791 3232 seu
1858 3178 2062 3247 imper-

495 3261 696 3315 fectum
728 3264 832 3317 erit
859 3278 1050 3321 eurum
1094 3281 1216 3334 qua:
1241 3283 1271 3320 a
1298 3267 1528 3322 Domino
1559 3268 1820 3334 Sabaoth,
1847 3270 1950 3328 hoc
1983 3279 2066 3326 est

497 3352 858 3418 exercituum,
888 3355 1305 3423 suscipiuntur?
1331 3357 1825 3427 Conquassaturutn
1853 3374 1912 3415 se
1936 3359 2066 3417 dicit

495 3443 667 3500 «latos
690 3446 963 3513 superbia.
991 3444 1132 3501 Celsi
1182 3449 1324 3504 enim
1361 3457 1418 3504 et
1480 3447 1605 3504 elati
1649 3463 1775 3504 vere
1815 3450 2064 3518 superbia

497 3548 672 3600 crant,
693 3538 787 3606 qui
823 3553 929 3593 non
953 3541 1114 3594 modo
1141 3541 1432 3610 prophetas
1461 3549 1678 3597 sanctos
1699 3542 2056 3606 trucidarunt,

498 3640 552 3684 ct
611 3631 772 3700 19o
816 3631 1116 3688 rectissime
1161 3633 1567 3690 consulentibus
1616 3635 1952 3705 impudenter
1984 3635 2070 3689 dio

499 3733 660 3779 cunt:
700 3740 721 3775 ι
756 3723 876 3778 Alia
913 3724 1070 3783 nobis
1117 3724 1420 3794 loquimini,
1458 3735 1513 3782 et
1549 3728 1864 3782 annuntiate
1915 3727 2069 3784 nobis

499 3814 662 3870 alium
709 3818 1198 3883 erroreut‘lpsed
1229 3818 1394 3877 etiam
1463 3817 1519 3872 in
1567 3817 1740 3888 ipsum
1789 3816 2069 3872 Christum

497 3908 735 3978 linguam
767 3919 1058 3976 exacuunt,
1099 3920 1154 3966 et
1178 3925 1382 3966 cornua
1412 3911 1464 3966 in
1487 3910 1718 3966 sublime
1745 3911 1956 3977 tollunt,
1990 3921 2067 3978 et,

499 4012 562 4055 ut
590 4003 852 4072 scriptum
901 4012 1004 4068 est,
1058 4011 1246 4058 contra
1299 4001 1464 4057 Deum
1512 4003 1804 4071 loquuntur
1855 4002 2069 4072 injusti-

501 4097 631 4152 tiam
666 4097 732 4152 ³¹.
767 4100 835 4150 At
863 4097 942 4159 hi,
977 4097 1173 4165 inquit,
1201 4096 1494 4152 reddentur
1525 4095 1773 4160 humiles,
1799 4105 1854 4154 et
1878 4097 2072 4154 cadent

501 4190 698 4257 gladio.
761 4189 1085 4244 lnterieru-nt
1140 4187 1364 4252 etenim,
1419 4196 1478 4242 ut
1513 4187 1777 4252 dicebam,
1824 4188 1906 4244 vel
1947 4202 2067 4242 eum

497 4281 644 4337 Deus
712 4280 1183 4336 vehementissima
1268 4279 1349 4332 ira
1424 4276 1646 4345 inﬂicta,
1707 4280 1852 4334 velut
1909 4291 2071 4336 acuto

497 4372 684 4441 gladio
714 4387 806 4426 eos
832 4379 1197 4434 consumeret,
1237 4368 1502 4422 sacerdoti
1541 4369 1770 4440 insignia
1798 4369 2065 4437 auferret,

2163 3181 2321 3234 τοῦτο
2347 3181 2402 3234 δὲ
2434 3182 2553 3244 ταῖς
2591 3177 2875 3249 Ῥωμαίων
2923 3178 3310 3249 περιπεσόντες
3338 3176 3542 3248 χερσὶν,
3567 3176 3617 3228 οἳ
3647 3177 3746 3228 καὶ

2165 3273 2327 3327 αὑτὸν
2367 3271 2670 3342 ἐνέπρησαν
2708 3271 2800 3324 τὸν
2844 3271 2988 3325 ναόν.
3027 3270 3158 3324 Ἰδοὺ
3185 3269 3363 3322 τοίνυν
3400 3269 3429 3322 ὁ
3463 3268 3747 3337 Δεσπότης

2165 3364 2371 3434 Κύριος
2435 3361 2660 3416 Σαϐαὼθ
2728 3359 3052 3433 συνταράξει
3119 3360 3246 3424 τοὺς
3295 3358 3540 3426 ἐνδόξους
3603 3359 3748 3429 μετὰ

2170 3455 2370 3526 ἰσχύος.
2412 3453 2616 3523 Κύριον
2639 3453 2864 3507 Σαϐαὼθ
2893 3453 3144 3524 ὀνομάζει
3168 3451 3258 3505 τὸν
3284 3451 3744 3522 συνταράσσοντα,

2167 3544 2491 3600 καταπτοῶν
2534 3547 2649 3608 τοῖς
2671 3544 2889 3616 δείμασι
2931 3545 3058 3608 τοὺς
3106 3543 3508 3615 ἀκροωμένους,
3546 3544 3632 3596 ῖνα
3663 3544 3742 3615 μή

2167 3653 2252 3700 τις
2281 3636 2461 3706 οἴηται
2505 3637 2644 3706 τάχα
2690 3651 2814 3702 που,
2861 3637 2955 3691 καὶ
2987 3636 3303 3708 ἀσθενήσειν
3353 3635 3596 3706 αύτὺν,ἦ
3647 3637 3746 3690 καὶ

2166 3728 2452 3797 ἀνηνύτοις
2487 3729 2742 3792 ἀπειλαῖς
2787 3729 3090 3800 κεχρῆσθαι
3133 3728 3350 3800 μᾶλλον,
3385 3729 3479 3783 καὶ
3527 3729 3646 3798 οὐχὶ
3676 3728 3741 3799 δὴ

2169 3819 2387 3881 πάντως
2433 3818 2833 3889 ἐκϐησομέναις
2875 3819 2956 3883 είς
2988 3819 3183 3891 πέρας.
3223 3820 3288 3872 Τί
3327 3817 3439 3890 γὰρ
3483 3820 3744 3890 ἀνήνυτον

2169 3911 2324 3967 ἔσται
2369 3911 2478 3964 τῶν
2532 3912 2968 3983 ἐγχειρουμένων
3019 3912 3170 3982 παρὰ
3223 3913 3432 3982 Κυρίου
3481 3911 3741 3978 Σαϐαώθς

2169 4002 2638 4075 Συντριϐήσεσθαι
2687 4003 2744 4056 δέ
2777 4021 2912 4076 φησι
2966 4004 3104 4068 τοὺς
3149 4003 3388 4076 ὑψηλοὺς
3437 4007 3502 4075 τῇ
3565 4003 3744 4075 ὕϐρει.

2182 4094 2406 4165 ’Υψηλοὶ
2422 4095 2533 4166 γὰρ
2562 4094 2731 4159 ὅντως
2757 4099 2822 4168 τῇ
2847 4094 3003 4166 ὕϐρει
3030 4096 3335 4164 γεγόνασιν,
3365 4097 3426 4150 οὐ
3461 4097 3748 4167 προφήτας

2140 4204 2154 4216 ν
2172 4183 2360 4254 ἁγίους
2383 4185 2802 4248 ἀποκτείναντες
2835 4187 3017 4256 μόνον,
3047 4189 3140 4242 καὶ
3163 4191 3276 4250 τοῖς
3314 4186 3578 4240 κάλλιστα
3603 4203 3667 4238 συ
3677 4203 3748 4256 μ-

2171 4275 2516 4330 ϐουλεύουσιν
2543 4276 2736 4346 ἀνέδην
2759 4276 3010 4344 λέγοντες
3029 4294 3043 4308 ο
3080 4297 3099 4330 ι
3147 4278 3316 4331 Ἀλλα
3352 4280 3485 4350 ἡμῖν
3512 4277 3752 4347 λαλεῖτε,

2173 4369 2268 4421 καὶ
2299 4367 2657 4436 ἀναγγέλλετε
2689 4369 2818 4438 ἡμῖν
2841 4369 3036 4440 ἑτέραν
3068 4369 3354 4440 πλάνησιν,
3397 4387 3415 4420 ι
3463 4367 3601 4421 ἀλλά
3637 4368 3755 4438 γὰρ

501 4464 680 4519 ollicio
717 4464 1051 4533 gubernandi
1112 4462 1367 4532 populum
1427 4461 1724 4525 abdicaret,
1769 4462 1853 4516 vel
1905 4463 2063 4518 etiam

2171 4461 2263 4513 καὶ
2288 4459 2438 4530 αὐτῷ
2466 4460 2566 4531 τὴν
2597 4459 2843 4527 γλῶτταν
2879 4461 3236 4532 ἐπιθήγοντες
3263 4460 3342 4531 τῷ
3379 4460 3619 4530 Χριστῷ,
3656 4462 3756 4514 καὶ

501 4556 607 4609 alio
635 4557 796 4610 modo
823 4556 940 4611 illos
966 4570 1192 4610 casuros
1207 4555 1382 4622 gladio
1404 4555 1503 4618 ait,
1521 4554 1777 4608 nimirum
1808 4554 2066 4622 hostium,

501 4650 952 4719 quemadmodum
989 4650 1146 4704 modo
1167 4647 1298 4702 dixi.
1355 4646 1461 4701 Sed
1491 4656 1546 4700 et
1581 4645 1838 4712 Libanus,
1872 4647 2066 4716 inquit,

502 4757 626 4796 cum
677 4741 907 4794 excelsis
935 4748 1170 4795 corruet.
1211 4739 1474 4793 Libanum
1535 4738 1588 4792 in
1633 4738 1742 4803 his,
1800 4739 1959 4794 sicuti
1989 4745 2072 4792 est

503 4830 803 4900 probabile,
839 4829 1074 4898 appellat
1111 4829 1389 4897 templum,
1423 4829 1565 4898 quod
1599 4829 1920 4885 subversum
1986 4837 2070 4884 est

503 4934 554 4978 ct
586 4925 886 4985 incensum,
911 4918 1214 4990 ceciditque
1239 4921 1398 4974 simul
1425 4935 1547 4975 cum
1573 4921 1656 4976 llis
1681 4922 1770 4990 qui
1805 4921 1912 4975 alto
1945 4929 2072 4976 sunt

503 5015 811 5087 supercilio.
840 5012 1102 5068 Fastuosa
1141 5013 1286 5067 enim
1342 5022 1498 5068 erant
1543 5027 1670 5066 vere
1730 5013 2072 5067 sacerdotum

505 5110 781 5171 examina,
821 5117 878 5163 et
907 5107 1022 5177 ipse
1051 5121 1173 5160 cum
1213 5104 1319 5159 illis
1351 5103 1536 5167 Israel,
1576 5103 1664 5170 qui
1693 5103 2070 5158 universorum

505 5202 848 5256 Sci-vatorem
880 5209 935 5254 et
958 5198 1368 5266 Redemptorem
1391 5195 1654 5249 dedecore
1674 5196 2073 5261 conspurcavit.

508 5290 847 5346 Inveniemus
876 5289 1040 5346 etiam
1073 5289 1246 5358 ipsam
1293 5283 1592 5340 Jerusalem
1625 5283 1878 5353 appellari
1909 5283 2072 5340 Liba-

506 5393 654 5432 num.
687 5382 896 5435 Etenim
931 5380 1190 5451 prapheta
1240 5376 1532 5433 Zacharias
1585 5374 2074 5431 alicubidixitei":

511 5486 528 5515 ι
560 5468 738 5534 Aperi,
769 5470 991 5538 Libane,
1017 5481 1202 5542 portas
1231 5480 1370 5535 tuas,
1391 5477 1446 5523 et
1476 5469 1695 5521 devoret
1727 5466 1866 5535 ignis
1889 5467 2078 5522 cedrus

432 5592 434 5595 τ
508 5574 643 5620 tuas.
700 5563 881 5621 Ploret
927 5567 1109 5634 pinus,
1163 5562 1360 5633 quippe
1386 5557 1580 5616 cecidit
1601 5555 2078 5626 cedrus;plorate,

443 5771 445 5781 ,
520 5716 558 5745 ει
589 5713 688 5768 lsa.
729 5729 852 5778 xxx,
882 5713 963 5766 10.
1045 5713 1087 5744 ³³
1116 5711 1258 5768 Psal.
1294 5730 1473 5780 ωιτη,
1504 5717 1558 5769 6.
1638 5715 1679 5746 ³³
1713 5713 1940 5769 Ztcltar.
1976 5729 2048 5780 χι,
2082 5714 2126 5765 1.

2169 4552 2231 4606 τὸ
2257 4551 2424 4622 κέρας
2458 4552 2556 4620 μὲν
2603 4552 2683 4613 είς
2734 4549 2867 4620 ὕψος
2905 4551 3248 4620 ἐπαίροντες,
3283 4551 3500 4606 ἀδικίαν
3545 4551 3602 4604 δὲ
3657 4551 3756 4602 λα-

2170 4641 2388 4704 λοῦντες
2421 4641 2560 4694 κατά
2589 4641 2686 4694 τοῦ
2717 4641 2874 4706 Θεοῦ,
2899 4641 3042 4696 κατὰ
3075 4643 3135 4696 sb
3157 4643 3567 4713 γεγραμμένον.
3605 4640 3753 4694 Ἀλλ’

2169 4727 2312 4786 οὗτοι
2334 4731 2848 4802 ταπεινωθήσονται,
2874 4732 3030 4802 φησὶ,
3051 4733 3146 4786 καὶ
3167 4732 3461 4786 πεσοῦνται
3481 4731 3750 4802 μαχαίρᾳ.

2170 4824 2463 4878 Διολώλασι
2487 4824 2618 4894 γὰρ,
2653 4824 2728 4888 ὡς
2760 4823 2917 4894 ἔφην,
2960 4823 3118 4878 τοῦτο
3155 4824 3252 4895 μὲν
3278 4824 3599 4896 τομωτάτην
3631 4825 3758 4876 επι-

2171 4917 2425 4987 φέροντος
2473 4915 2655 4979 αὐτοῖς
2679 4916 2778 4987 τὴν
2817 4916 3010 4987 ὀργὴν,
3043 4918 3138 4969 καὶ
3171 4910 3284 4970 οἷον
3322 4915 3473 4986 ὀξείᾳ
3506 4915 3758 4987 μαχαίρᾳ
3817 4971 3830 4996 ι

2169 5006 2512 5068 δαπανῶντος
2544 5008 2742 5070 αὐτοὺς
2775 5008 2869 5060 τοῦ
2895 5007 3053 5072 Θεοῦ,
3089 5007 3186 5061 καὶ
3209 5007 3317 5060 τῶν
3345 5009 3446 5076 τῆς
3477 5005 3759 5060 δικαιοσύ-
3817 5067 3828 5086 τ

2171 5115 2271 5170 νης
2308 5099 2698 5169 ἀποκείροντος
2723 5098 3075 5170 αὐχημάτων,
3118 5100 3214 5153 καὶ
3260 5098 3356 5152 τοῦ
3391 5097 3757 5168 καθηγεῖσθαι

2172 5190 2316 5244 λαῶν
2349 5189 2790 5262 ἀποπέμποντος,
2829 5191 2996 5260 ἡγουν
3027 5191 3123 5244 καὶ
3159 5191 3281 5244 καθ’
3311 5191 3498 5260 ἕτερον
3525 5190 3756 5260 τρόπον,

2184 5284 2429 5355 μαχαίρᾳ
2461 5281 2742 5336 πεσεῖσθαί
2774 5299 2940 5353 φησιν
2969 5283 3186 5346 αὐτοὺς,
3222 5284 3286 5352 τῇ
3325 5282 3436 5335 τῶν
3481 5280 3762 5350 πολεμίων

2179 5376 2441 5447 δηλονότι,
2473 5374 2726 5444 καθάπερ
2758 5373 2893 5444 ἔφην
2937 5373 3160 5444 ἀρτίως.
3204 5373 3364 5427 Ἀλλά
3398 5375 3493 5427 καὶ
3528 5375 3559 5425 ὀ
3593 5373 3766 5426 Λίϐα-

2181 5485 2308 5531 νος,
2363 5467 2538 5537 φησὶ,
2599 5467 2696 5519 σὺν
2755 5467 2866 5526 τοῖς
2919 5464 3143 5535 ὑψηλοῖς
3192 5469 3464 5519 πεσεῖται.
3519 5464 3763 5518 Λίϐανον

2185 5560 2241 5613 ὲν
2288 5558 2496 5620 τούτοις
2550 5557 2687 5610 κατά
2739 5571 2800 5624 γε
2854 5557 2913 5610 τὸ
2959 5555 3104 5620 εἰκὸς
3157 5555 3411 5626 ὀνομάζει
3451 5555 3542 5610 τὸν
3593 5555 3763 5622 νεὼν,
