4030 6208
398 5745 423 5755 -
522 5705 566 5741 ιι
601 5699 738 5757 tan.
765 5715 876 5768 ους,
905 5699 960 5752 2.

531 315 635 372 3H

1517 309 1576 368 3.
1619 309 1893 368 CYRILLI
1933 307 2404 366 ALEXANDRINI
2440 308 2762 368 ARCHIEP.

3694 310 3792 366 Si!

531 434 778 490 continet
812 447 876 489 ac
909 440 1222 499 conservat,
1262 440 1319 488 et
1357 431 1499 501 quod
1529 432 1804 488 intirmum
1839 444 1943 496 est,
1973 432 2102 487 facit

2210 429 2372 484 αὐτόν
2400 428 2500 483 πού
2540 446 2672 500 φησι
2701 431 2792 483 τὸν
2819 429 2969 482 Υἰόν·
3011 447 3028 481 ι
3073 427 3132 483 '0
3159 425 3348 499 θρόνος
3379 444 3473 482 σου
3497 431 3526 483 6
3547 428 3682 494 Θεδς
3716 433 3795 493 είς

531 527 872 581 consistere:
910 525 1025 580 sive
1073 526 1359 580 humanam
1411 533 1698 589 naturam,
1742 539 1861 592 quae
1911 533 2119 578 tantum

2219 521 2311 574 τὸν
2342 520 2533 585 αἰῶνα,
2571 521 2766 591 ῥάϐδος
2794 521 3084 591 εὐθύτητος
3112 521 3143 590 ή
3174 520 3369 591 ῥάϐδος
3395 523 3496 592 τῆς
3522 521 3796 590 βασιλείας

533 631 650 673 non
689 626 1050 686 conquassata
1092 624 1198 684 est,
1240 624 1295 671 et
1353 617 1614 671 aerumnis
1655 624 1711 671 et
1742 614 2102 671 aﬂlictionibut

2221 628 2336 666 σου.
2377 631 2395 663 ι
2414 611 2638 674 Ῥάϐδος
2668 611 2725 664 δὲ
2755 611 2850 664 καὶ
2879 610 3104 681 ἑτέρως,
3143 609 3219 672 ὡς
3243 609 3308 663 ἂν
3339 608 3475 679 ἔχων
3505 609 3574 662 τὰ
3597 611 3792 675 πάντα,

531 712 757 772 obruta,
808 716 866 762 et
913 705 1312 777 quodammodo
1361 705 1648 762 inebriata.
1708 706 1904 762 Cantat
1958 706 2102 775 igitul

2218 702 2310 756 καὶ
2342 705 2423 768 είς
2454 703 2516 756 τὸ
2542 698 2601 756 εὖ
2630 697 2769 756 εἶναι
2803 701 3065 770 συνέχων,
3099 701 3420 754 συνεστάναι
3449 717 3507 754 τε
3537 701 3707 755 ποιῶν
3735 703 3800 756 τδ

533 801 721 854 heatus
756 799 943 863 David,
971 798 1243 853 communi
1274 799 1516 854 omnium
1549 813 1779 868 persona
1809 798 1912 853 sibi
1947 799 2118 867 impo-

533 893 633 944 sita
665 907 678 943 :
709 909 728 941 ι
762 890 924 960 Virga
945 899 1056 954 tua,
1081 899 1136 945 et
1163 888 1386 945 baculus
1405 898 1551 954 tuus,
1579 891 1690 957 ipsa
1721 905 1806 945 me
1838 889 2116 945 consolata

533 992 657 1036 sunt
682 981 747 1036 ³⁸.
789 1000 808 1033 ι
843 980 1142 1037 Continuat
1169 982 1315 1036 enim
1355 981 1532 1051 justos
1563 981 1723 1042 Deus,
1758 981 2116 1051 quemadmo-

416 1119 420 1122 .
531 1072 656 1123 dum
685 1071 947 1140 scriptum
974 1081 1059 1126 est
1080 1083 1169 1127 :et
1198 1080 1422 1128 vocatus
1443 1079 1529 1125 est
1556 1085 1688 1125 voce
1707 1071 2111 1141 prophetarum,

531 1163 764 1218 haculus
821 1163 1088 1234 gloriosus
1119 1203 1133 1229 ,
1185 1165 1337 1234 virga
1389 1164 1546 1235 192
1600 1163 2012 1235 magniﬁcentia:
2045 1165 2114 1220 ".-

407 1299 423 1305 _
531 1251 693 1322 Virga
723 1255 890 1307 etiam
918 1253 1096 1318 aliter,
1125 1253 1250 1322 quia
1298 1254 1469 1308 bonus
1508 1263 1694 1324 pastor
1719 1263 1834 1319 est,
1873 1255 2109 1308 animam

529 1357 682 1394 suam
715 1355 922 1411 ponens
963 1356 1062 1412 pro
1085 1342 1278 1396 ovibus
1303 1341 1370 1396 ³⁸.
1400 1341 1612 1396 Dictum
1649 1353 1738 1398 est
1773 1344 1940 1413 igitur
1984 1343 2033 1398 ei
2082 1358 2112 1398 a

529 1429 782 1499 quopiam
833 1445 1149 1486 sanctorum
1196 1431 1580 1499 prophetarum
1615 1450 1630 1487 ε
1674 1449 1693 1484 ι
1729 1431 1898 1488 Pasce
1938 1447 2114 1503 .popu-

530 1521 640 1574 lum
679 1530 828 1575 tuum
871 1522 924 1576 in
957 1522 1140 1592 virga,
1177 1523 1375 1577 tribum
1407 1531 1575 1588 tuam,
1602 1537 1735 1579 oves
1781 1524 2115 1580 hereditatis

530 1615 711 1669 tua)".
733 1631 750 1663 ι
769 1609 863 1664 Sin
880 1622 1057 1666 autem
1084 1612 1339 1683 cuiquam
1375 1613 1606 1682 videtur,
1635 1615 1762 1684 quia
1800 1615 1966 1686 judex
2009 1626 2111 1680 est,

528 1712 582 1754 et
639 1702 814 1756 reddit
861 1702 1088 1773 singulis
1141 1717 1240 1772 pro
1296 1703 1506 1757 ratione
1561 1717 1784 1772 operum
1846 1719 2103 1769 suorum,

2222 793 2546 864 ἡσθενηκὺς,
2589 795 2707 864 ήτοι
2761 793 2860 864 τὴν
2917 791 3207 864 ἀνθρώπου
3265 791 3446 860 φύσιν,
3510 796 3799 865 μονονουχὶ

2216 887 2674 957 κατασειομένην,
2720 887 2814 940 καὶ
2848 884 3154 956 μεθύουσαν
3197 886 3301 939 ὑπὸ
3347 885 3555 942 παθῶν.
3587 887 3799 942 Ψάλλει

2213 977 2344 1047 γοῦν
2375 981 2402 1031 6
2430 978 2702 1049 μακάριος
2738 977 2936 1043 Δαϐὶδ,
2983 977 3044 1031 τὸ
3083 977 3261 1031 κοινὸν
3317 977 3576 1032 ἁπάντων
3622 978 3798 1048 πρόσο

2213 1087 2361 1123 ωπον
2379 1069 2560 1141 ἐαυτῷ
2575 1069 2840 1141 περιθεὶς,
2865 1090 2883 1122 ι
2905 1071 2970 1123 Ἤ
2988 1069 3180 1141 ῥάϐδος
3205 1086 3320 1134 σου,
3345 1071 3494 1142 καὶὴ
3520 1069 3795 1140 βακτηρία

2215 1179 2332 1228 σου,
2353 1157 2512 1218 αὗταί
2542 1180 2610 1233 με
2635 1163 3039 1233 παρεκάλεσαν.
3073 1180 3094 1213 ι
3114 1161 3502 1233 Ὑποστηρίςει
3526 1160 3636 1230 γάρ
3662 1163 3794 1226 τοὺς

2210 1254 2458 1318 δικαίους
2476 1255 2505 1306 6
2534 1254 2740 1326 Κύριος
2770 1254 2912 1308 κατά
2939 1253 3000 1308 τὸ
3023 1253 3408 1325 γεγραμμένον
3429 1271 3442 1283 ·
3475 1253 3794 1324 ὠνόμασται

2212 1347 2269 1402 δὲ
2308 1346 2396 1400 διὰ
2433 1345 2617 1418 φωνῆς
2645 1345 2941 1417 προφητῶν
2985 1345 3259 1416 βακτηρία
3313 1344 3564 1416 εὐκλεής.
3595 1345 3797 1416 ῥάϐδος

2217 1438 2613 1510 μεγαλοσύνηςο
2662 1437 2857 1509 ῥάϐδος
2899 1436 2955 1491 δὲ
2995 1437 3090 1492 καὶ
3132 1436 3358 1507 ἑτέρως,
3402 1436 3630 1507 ἐπείπερ
3672 1436 3797 1490 ἐστὶ

2215 1529 2422 1601 ποιμὴν
2459 1528 2683 1598 ἀγαθὸς,
2711 1529 2812 1600 τὴν
2849 1528 3028 1599 ψυχήν
3061 1527 3255 1583 ἑαυτοῦ
3290 1527 3460 1591 τιθεὶς
3499 1527 3640 1596 ὑπὲρ
3671 1526 3787 1580 τῶν

2215 1619 2525 1690 προϐάτων.
2572 1619 2800 1691 Εἴρηται
2829 1619 2962 1688 γοῦν
3012 1620 3150 1690 πρὸς
3194 1618 3358 1673 αὐτὸν
3397 1619 3466 1672 δι’
3515 1619 3634 1682 ἑνὸς
3679 1619 3796 1671 τῶν

2215 1709 2386 1777 ἁγίων
2434 1707 2763 1780 προφητῶνο
2803 1727 2822 1761 ι
2856 1707 3119 1778 Ποίμαινε
3149 1708 3277 1763 λαόν
3326 1725 3420 1762 σου
3465 1708 3524 1762 ἐν
3579 1708 3790 1780 ῥάϐδῳ,

530 1791 731 1846 idcirco
769 1807 889 1846 eum
933 1801 987 1846 et
1035 1791 1385 1848 meritissimo
1413 1793 1680 1848 nominari
1724 1795 1964 1864 virgam,
2003 1796 2102 1851 rite

2211 1769 2384 1872 φυλήν
2435 1769 2566 1868 seu;
2605 1769 2853 1872 πρόϐατα
2897 1769 3266 1872 κληρονομίας
3311 1817 3428 1854 σου.
3463 1817 3484 1852 ι
3523 1769 3590 1854 El
3625 1769 3796 1869 δέ

527 1884 810 1953 intelliget.
840 1884 975 1938 Nam
1004 1885 1206 1940 dictum
1235 1894 1317 1940 est
1343 1883 1414 1950 ei,
1445 1882 1644 1940 lsraele
1675 1886 1730 1941 in
1760 1886 1907 1941 illum
1925 1886 2119 1943 debac-

527 1975 748 2040 chaute,
787 1982 841 2030 et
881 1975 1207 2044 impotenter
1245 1975 1311 2028 ad
1356 1974 1772 2032 inohedientiam
1808 1979 2101 2050 prolapso:

534 2087 552 2118 ι
587 2067 785 2122 Pasces
805 2081 898 2122 eos
930 2068 982 2122 in
1019 2068 1170 2138 virga
1209 2067 1410 2134 ferrea,
1436 2077 1493 2123 et
1525 2079 1582 2124 ut
1603 2084 1733 2125 vasa
1773 2071 1917 2140 [lgnli
1954 2087 2105 2127 com-

529 2161 736 2212 minnes
761 2173 856 2214 eos
878 2158 946 2214 “.
977 2177 998 2211 ι
1022 2157 1114 2214 Sic
1141 2159 1300 2214 nobis
1324 2159 1469 2214 illum
1489 2159 1875 2228 sapientissimi
1905 2160 2104 2233 Moysis

527 2254 611 2304 lex
668 2251 938 2320 designat.
995 2250 1306 2306 Assumitur
1366 2253 1510 2308 enim
1567 2254 1620 2308 in
1671 2263 1855 2324 typum
1901 2253 2104 2310 Christi

525 2343 692 2396 etiam
717 2343 867 2412 virga
887 2343 1118 2398 Aaronis
1139 2359 1258 2412 qua:
1278 2342 1481 2410 ﬂoruit,
1504 2352 1560 2399 et
1587 2345 1640 2399 in
1666 2344 1865 2401 Sancta
1888 2353 2107 2401 sancto-

527 2451 644 2489 rum
685 2434 830 2490 illata
867 2442 969 2490 est.
1006 2433 1368 2490 Eﬂloruerunt
1413 2437 1557 2491 enim
1601 2436 1924 2505 juglandes:
1974 2437 2104 2507 quid

522 2538 704 2598 autem
771 2540 952 2581 causa
972 2527 1077 2591 sit,
1134 2534 1190 2581 et
1243 2539 1365 2596 qua;
1419 2527 1734 2582 umbrarum
1795 2529 2102 2594 sententia,

520 2619 807 2674 dicendum
827 2627 930 2674 est.
943 2618 1172 2685 Quidam
1193 2618 1336 2674 enim
1353 2617 1742 2688 physiologiam
1760 2620 2105 2691 rationesque

522 2713 804 2768 naturales
836 2713 1136 2782 attingunt,
1166 2720 1224 2767 et
1254 2710 1522 2765 aﬂlrmant
1550 2710 1752 2782 virgam
1783 2725 1852 2767 ex
1884 2711 2102 2783 juglan-

521 2806 718 2872 dibus,
774 2805 822 2861 si
870 2805 1032 2873 capiti
1088 2803 1318 2875 alicujus
1381 2815 1714 2874 apponatur,
1770 2805 2102 2876 vigilantiam

523 2897 844 2953 naturaliter
863 2895 1092 2955 cﬂicere.
1132 2896 1316 2967 Itaque
1335 2911 1458 2953 cum
1481 2895 1752 2963 Christus,
1781 2897 1942 2952 sicuti
1976 2897 2106 2953 dicit

520 2989 583 3042 Β.
615 2987 814 3044 Paulus
840 2988 908 3054 ⁸⁸,
938 2991 1112 3059 gratia
1144 2988 1239 3044 Dei
1268 3002 1365 3058 pro
1393 2989 1650 3045 omnibus
1669 2997 1900 3046 mortem
1922 2998 2107 3060 gusta-

2204 1891 2382 1958 δοκετ,
2434 1891 2531 1944 καὶ
2594 1891 2827 1962 ἐπείπερ
2888 1890 3005 1944 ἐστὶ
3059 1891 3285 1963 κριτὴς,
3342 1890 3438 1945 καὶ
3500 1891 3795 1954 ἀποδιδοὺς

2204 1982 2419 2054 ἑκάστῳ
2454 1981 2596 2036 κατά
2622 1982 2689 2037 τὰ
2736 1981 2870 2053 ἔργα
2913 1981 3101 2046 αὑτοῦ,
3127 1980 3301 2052 ταύτῃ
3347 1998 3450 2045 τοι,
3504 1981 3596 2034 καὶ
3638 1980 3794 2051 μάλα

2207 2061 2436 2138 εἰκότως
2477 2072 2836 2144 ὀνομάζεσθαι
2863 2072 3079 2144 ῥάϐδον,
3105 2074 3286 2144 νοήσει
3321 2072 3524 2135 καλῶς.
3549 2071 3792 2143 Εἴρηται

2205 2164 2314 2235 γάρ
2371 2163 2508 2234 πρὸς
2563 2164 2763 2230 αὐτὸν,
2818 2163 3322 2235 ἐμπαροινήσαντός
3369 2179 3430 2215 τε
3487 2161 3635 2232 αὐτῷ
3690 2160 3791 2214 τοῦ

2225 2255 2462 2326 Ἰσραὴλ,
2492 2255 2586 2308 καὶ
2616 2255 2873 2326 ἀκρατῶς
2901 2254 3325 2318 ἀπονενευκότος
3351 2255 3430 2317 είς
3457 2253 3744 2307 ἀπείθειαν
3767 2269 3785 2282 ο

2213 2367 2232 2398 ι
2268 2349 2561 2419 Ποιμανείς
2590 2347 2785 2411 αὐτοὺς
2811 2348 2870 2399 ὲν
2907 2346 3088 2418 ῥάϐδῳ
3123 2346 3350 2417 σιδηρᾷ,
3380 2346 3475 2399 καὶ
3500 2345 3577 2408 ὡς
3611 2345 3792 2415 σκεύη

2205 2439 2494 2509 κεραμέως
2542 2437 2855 2510 συντρίψεις
2905 2437 3126 2502 αύτούς.
3164 2457 3182 2488 ι
3219 2437 3408 2501 Οὕτως
3443 2438 3575 2507 ήμῖν
3616 2436 3790 2489 αὐτὸν

2204 2531 2300 2583 καὶ
2349 2532 2377 2583 6
2421 2528 2516 2582 τοῦ
2565 2528 2845 2598 πανσόφου
2889 2529 3135 2592 Μωσέως
3160 2526 3562 2598 κατασημαίνει
3595 2528 3792 2598 νόμος⁶

2203 2621 2692 2694 παραλαμϐάνεται
2747 2621 2854 2693 γὰρ
2918 2621 3001 2685 εἰς
3055 2621 3230 2674 ’τύπον
3301 2618 3536 2691 Χριστοῦ
3585 2619 3683 2674 καὶ
3745 2619 3794 2691 ἡ

2204 2717 2400 2789 ῥάϐδος
2441 2715 2648 2786 Ἀαρὼν
2677 2717 2711 2787 ἡ
2744 2715 3124 2787 βλαστήσασα,
3157 2715 3254 2770 καὶ
3280 2717 3362 2779 είς
3384 2715 3453 2769 τὰ
3477 2714 3650 2784 Ἀγια
3676 2715 3797 2769 τῶν

2205 2806 2378 2876 ἁγίων
2409 2805 2894 2876 είσκεκομισμένη.
2938 2805 3232 2877 Ἐξήνθησε
3280 2805 3389 2877 γὰρ
3437 2805 3640 2877 κάρυα,
3686 2807 3798 2860 καὶ

2204 2899 2259 2953 τί
2289 2899 2354 2971 δὴ
2379 2897 2442 2950 τδ
2470 2899 2660 2971 χρῆμα
2686 2897 2796 2951 τῶν
2822 2899 2880 2952 ἐν
2913 2898 3094 2961 σκιαῖς
3123 2896 3365 2960 ἑννοιιῖιν,
3392 2898 3570 2950 εἰπεῖν
3608 2897 3796 2965 ἀναγ-

2207 2991 2380 3044 καῖον.
2411 2988 2709 3041 Ἀπτονται
2742 2987 2840 3058 μὲν
2864 2986 2974 3058 γὰρ
3021 2984 3374 3056 φυσιολογίας
3399 2985 3564 3049 τινες,
3591 2985 3690 3038 καὶ
3723 2985 3800 3057 δὴ

521 3090 677 3134 turus
703 3087 870 3145 esset,
893 3087 950 3134 et
980 3079 1257 3149 paulisper
1295 3079 1458 3135 veluti
1495 3081 1705 3137 nictans
1739 3089 1996 3151 tanquam
2033 3094 2096 3136 ex

2205 3079 2301 3135 καί
2344 3095 2476 3150 φησι
2508 3078 2607 3148 τὴν
2651 3078 2913 3148 καρυῐνην
2944 3076 3160 3148 ῥάϐδον,
3203 3076 3260 3130 εί
3301 3077 3440 3148 πρὸς
3471 3078 3541 3147 τῇ
3569 3074 3798 3148 κιφαλῇ

520 3183 715 3223 somno
743 3169 1010 3224 excitatus
1041 3179 1189 3225 esset
1212 3170 1428 3236 iterum,
1473 3179 1529 3224 et
1561 3179 1738 3226 morte
1783 3171 2100 3227 conculcata

2204 3171 2380 3226 κέοιτό
2405 3187 2589 3230 τινων.
2622 3169 2892 3232 ἀνυπνίας
2925 3163 3065 3222 εἶναι
3111 3167 3359 3238 φυσικῶς
3386 3167 3790 3238 ἐμποιητικήν.

521 3258 778 3313 divinitus
809 3259 1113 3328 revixisset,
1148 3260 1275 3316 hinc
1315 3260 1484 3328 virgas
1520 3261 1854 3332 iuglandium
1884 3279 2102 3333 compa-

523 3358 699 3402 ratur.
731 3347 841 3403 llac
867 3348 1050 3403 divina
1083 3359 1138 3404 et
1181 3349 1504 3419 intelligihili
1543 3353 1690 3422 virga
1723 3352 1934 3424 Moyses
1973 3368 2100 3424 ope-

524 3451 675 3495 ratus
699 3449 783 3496 est
817 3440 1076 3495 miracula
1103 3483 1116 3507 ,
1165 3442 1290 3496 dum
1327 3441 1584 3498 lsraelem
1629 3445 1895 3499 servitute
1936 3443 2102 3516 Egy-

521 3534 693 3601 ptiaca
717 3532 926 3598 eximit,
962 3532 1191 3603 ideoque
1233 3549 1352 3588 eam
1400 3535 1604 3601 virgam
1636 3535 1734 3591 Dei
1779 3537 2098 3592 nominavit.

524 3626 650 3679 Erat
673 3625 872 3696 quippe
915 3624 962 3680 ei
993 3627 1139 3695 virga
1167 3625 1404 3693 virtutis,
1449 3628 1592 3683 sicut
1631 3629 1891 3699 scriptum
1921 3640 2006 3685 est
2031 3629 2099 3684 “.

520 3720 654 3773 Cum
693 3719 858 3790 igitur
885 3719 1146 3788 proliheta
1186 3719 1530 3790 anigmatice
1584 3731 1638 3777 et
1671 3721 1866 3777 tectius
1897 3733 2102 3793 myste-

523 3811 657 3862 rium
680 3807 883 3863 Christi
909 3809 1262 3876 subinnuens,
1283 3823 1314 3866 e
1338 3811 1508 3880 stirpe
1529 3809 1698 3866 Jessa‘.
1713 3811 1918 3883 virgam
1943 3812 2100 3869 nobis

521 3900 724 3956 exoriri
759 3901 910 3966 dicit,
960 3910 1087 3956 tunc
1117 3902 1356 3972 quidem,
1389 3912 1516 3958 tunc
1551 3903 1716 3957 animi
1748 3905 1918 3959 oculis
1952 3904 2098 3959 illum

523 3993 856 4061 unigenitum
883 3992 975 4046 Dei
998 3993 1338 4058 Sermonem,
1357 3994 1503 4049 illum
1527 4010 1624 4065 per
1643 4011 1800 4065 quem
1823 3988 2021 4061 Omnia,
2043 4004 2100 4051 et

522 4089 576 4140 in
587 4100 694 4155 quo
713 4094 840 4140 sunt
857 4085 1061 4150 omnia,
1076 4094 1130 4139 et
1148 4085 1502 4152 incarnatum,
1517 4095 1572 4141 et
1587 4087 1856 4142 hominem
1873 4087 2098 4154 tactum,

519 4189 574 4231 et.
616 4180 681 4231 ad
718 4177 1077 4232 voluntariam
1109 4177 1529 4231 exinanitioncm
1575 4193 1634 4232 se
1684 4179 2057 4234 demittentem
2081 4219 2099 4246 ,

521 4280 573 4325 et
600 4279 819 4339 propter
840 4284 940 4323 nos
970 4268 1308 4323 nativitatem
1339 4268 1757 4336 dispensationis
1801 4285 1911 4326 suae
1937 4285 2098 4326 causa

521 4365 872 4428 subeuntem,
919 4360 1074 4427 juxta
1108 4375 1348 4424 carnem,
1381 4359 1600 4428 inquam
1622 4401 1638 4427 ,
1673 4371 1727 4416 et
1757 4377 1823 4415 ex
1872 4365 2099 4417 muliere

2198 3258 2409 3314 Οὐκοῦν
2451 3258 2748 3330 ἐπειδήπερ
2792 3257 3017 3329 Ιίμελλεν
3061 3260 3091 3312 6
3134 3257 3408 3329 Χριστὸς,
3443 3256 3629 3328 χάριτι
3684 3256 3798 3327 μὲν

2197 3349 2356 3414 Θεοῦ,
2392 3349 2534 3403 καθά
2564 3365 2730 3419 φησιν
2775 3349 2804 3400 6
2855 3350 3124 3419 μακάριος
3155 3348 3385 3412 Παῦλος,
3415 3349 3558 3420 ὑπὲρ
3581 3348 3796 3413 παντὸς

2198 3440 2498 3513 γεύσασθαι
2529 3442 2782 3507 Θανάτου,
2817 3441 2994 3513 βραχὺ
3039 3442 3097 3495 δὲ
3143 3441 3334 3513 ῶσπερ
3380 3440 3790 3506 ἀπονυστάξας,

2199 3534 2452 3605 καθάπερ
2482 3532 2543 3599 te
2570 3533 2742 3587 ῦπνου
2785 3533 3133 3605 διεγερθῆναι
3169 3533 3352 3597 πάλιν,
3395 3532 3695 3587 ἀναϐιῶναί
3729 3549 3791 3586 τε

2200 3627 2538 3700 θεοπρεπῶς,
2571 3628 2954 3699 πεπατημένου
2981 3625 3238 3682 θανάτου.
3271 3625 3458 3699 Ταύτῃ
3489 3642 3570 3679 τοι
3599 3624 3791 3695 ῥάϐδῳ

2199 3723 2432 3793 καρυῖνῃ
2463 3721 2879 3792 παρεικάζεται.
2924 3718 3023 3773 Διά
3052 3718 3257 3790 ταύτης
3295 3735 3354 3772 τε
3397 3719 3497 3788 τῆς
3530 3716 3679 3778 θείας
3722 3731 3786 3768 τε

2199 3815 2296 3867 καὶ
2313 3813 2512 3884 νοητῆς
2544 3811 2740 3882 ῥάϐδου
2796 3810 3356 3882 τεθαυματούργηκεν
3385 3811 3414 3862 6
3439 3809 3664 3878 Μωσῆς,
3682 3807 3787 3878 τῆς

2199 3908 2256 3958 ὲν
2320 3904 2581 3974 Αἰγύπτῳ
2637 3903 2886 3967 δουλείας
2953 3901 3315 3957 ἀπαλλάττων
3385 3900 3477 3954 τὸν
3539 3899 3783 3970 Ἰσραήλ.

2211 3994 2432 4049 Ῥάϐδον
2452 3994 2582 4064 γοῦν
2605 3995 2775 4064 αὐτὴν
2799 3993 3052 4065 ὠνόμαζε
3078 3992 3237 4049 Θεοῦ.
3266 3988 3460 4062 Γέγονε
3490 3991 3599 4060 γὰρ
3629 3988 3784 4060 αὐτῷ

2203 4085 2400 4156 ῥάϐδος
2429 4085 2732 4156 δυνάμεως,
2758 4084 2900 4139 κατά
2931 4085 2992 4137 τὸ
3018 4083 3428 4154 γεγραμμένον.
3464 4079 3638 4136 Ὅταν
3672 4082 3788 4133 τοί-

2199 4193 2294 4229 νυν
2320 4179 2349 4230 ό
2376 4177 2664 4248 προφήτης
2683 4175 3102 4245 αἰνιγματωδῶς
3128 4175 3189 4229 τὸ
3205 4173 3443 4245 Χριστοῦ
3475 4173 3781 4242 μυστήριον

2198 4268 2534 4338 ὑποφαίνων,
2575 4268 2641 4322 ὲκ
2681 4268 2784 4338 τῆς
2825 4268 3021 4321 Ἰεσσαὶ
3069 4267 3227 4339 ῥίζης
3267 4266 3366 4337 τὴν
3410 4264 3603 4337 ῥάϐδον
3649 4266 3789 4334 ἡμῖν

2198 4361 2539 4432 ἀναφανῆναι
2582 4360 2739 4431 λέγῃ,
2787 4359 2910 4414 τότε
2954 4359 3039 4428 δὴ,
3092 4359 3213 4412 τότε
3246 4361 3358 4421 τοῖς
3400 4359 3498 4428 τῆς
3544 4355 3789 4418 διανοίας

521 4455 910 4524 contemplans,
956 4454 1083 4509 dicit
1115 4466 1236 4508 cum
1261 4451 1520 4520 propheta
1551 4469 1564 4504 :
1594 4469 1612 4502 ι
1648 4451 1890 4520 Domine,
1916 4454 2094 4510 audiri

2204 4451 2444 4521 όμμασιν
2500 4451 2665 4505 αὐτὸν
2702 4451 2965 4522 μονογενῆ
2991 4451 3084 4504 τοῦ
3109 4449 3244 4504 Θεοῦ
3280 4449 3478 4518 Λόγου,
3507 4447 3598 4500 τὸν
3628 4447 3696 4499 δι’
3721 4441 3790 4502 οῦ

521 4560 705 4598 vocem
754 4554 936 4608 tuam,
977 4554 1032 4598 et
1079 4543 1366 4611 pertimui,
1417 4541 1642 4611 cognovi
1689 4556 1852 4611 opera
1900 4553 2011 4608 tua,
2045 4552 2100 4599 et

519 4634 794 4701 obstupui.
829 4651 848 4684 ι
887 4630 1042 4701 Virga
1073 4632 1255 4700 itaque
1282 4638 1501 4702 propter
1536 4645 1728 4685 causas
1758 4645 1894 4699 quas
1936 4633 2097 4686 modo

519 4724 1088 4788 connuemoravimus,
1135 4734 1359 4778 vocatus
1383 4731 1485 4779 est.
1520 4721 1647 4778 Flos
1693 4737 1822 4777 vero
1856 4737 2094 4791 rursum,

521 4817 776 4889 quoniam
807 4815 1043 4870 hominis
1079 4824 1269 4869 natura
1311 4815 1367 4868 in
1417 4815 1506 4870 illo
1532 4815 1599 4869 ad
1632 4814 2094 4882 incorruptionem

520 4923 575 4964 et
599 4910 666 4962 ad
696 4909 986 4962 novitatem
1017 4906 1447 4962 conversationis
1475 4905 1797 4976 evangelicae
1827 4904 2090 4962 reﬂoruit.

518 5003 690 5058 Aliter
715 5001 879 5055 etiam
919 4999 1020 5055 ﬂos
1057 5009 1276 5070 propter.
1319 5014 1541 5054 suavem
1595 4998 1942 5068 fragrantiam
1993 5000 2094 5055 sub

522 5092 929 5162 intelligentiam
981 5093 1266 5145 cadentem
1324 5089 1647 5157 appellatur.
1703 5105 1724 5140 ι
1762 5087 1872 5155 Ego
1912 5089 2092 5154 enim,

521 5185 722 5254 inquit,
767 5183 865 5238 ﬂos
912 5182 1124 5252 campi,
1178 5179 1336 5250 193
1381 5179 1548 5232 lilium
1593 5178 1916 5233 convallium
1959 5178 2027 5232 ⁵³.
2070 5198 2090 5232 ι

519 5279 645 5330 Erat
672 5291 803 5330 sane
837 5284 891 5330 et
937 5274 1092 5328 nobis
1129 5273 1291 5326 voluti
1325 5271 1473 5329 .odor
1506 5269 1723 5340 quidam
1765 5270 2094 5341 cognitionis

521 5363 613 5416 Dei
655 5371 710 5417 et
758 5361 959 5417 Patris.
1008 5359 1273 5414 Nimirum
1305 5357 1521 5414 divinus
1549 5358 1749 5414 Paulus
1781 5361 1832 5413 in
1859 5361 2089 5428 epistola

519 5453 690 5506 dit-it:
725 5469 744 5503 ι
781 5452 889 5508 Deo
941 5461 1119 5508 autem
1157 5451 1331 5524 gratia
1356 5490 1371 5518 ,
1419 5450 1512 5520 qui
1549 5466 1761 5521 semper
1799 5453 2094 5524 triumphat

2194 4543 2262 4596 τέι
2289 4542 2490 4606 πάντα,
2518 4543 2613 4596 καὶ
2642 4543 2700 4595 ὲν
2729 4535 2774 4610 ᾧ
2801 4544 2872 4596 τὰ
2901 4543 3101 4608 πάντα,
3149 4539 3566 4612 σεσαρκωμένον
3593 4554 3654 4590 τε
3689 4537 3792 4590 καὶ

2193 4636 2693 4707 ὲνανθρωπήσαντα
2722 4633 2970 4705 θεωρῶν,
3029 4634 3124 4686 καὶ
3175 4633 3257 4696 είς
3305 4631 3551 4686 ἑκούσιον
3587 4629 3791 4683 ἑαυτὸν

2194 4727 2432 4781 καθέντα
2501 4727 2754 4790 κένωσιν,
2803 4727 2901 4780 καὶ
2955 4726 3055 4798 τὴν
3107 4726 3176 4778 δι’
3223 4725 3370 4796 ἡμᾶς
3427 4721 3791 4792 οἰκονομικὴν

2201 4818 2506 4873 ἀνατλάντα
2555 4803 2832 4890 γέννησιν,
2869 4817 3013 4888 φημὶ
3043 4815 3107 4888 δὴ
3139 4815 3238 4886 τὴν
3270 4814 3412 4869 κατά
3448 4815 3630 4882 σάρκα
3681 4814 3792 4866 καὶ

2197 4911 2261 4963 ὲκ
2288 4909 2565 4978 γυναικὸς,
2595 4909 2732 4981 ὁμοῦ
2760 4909 2842 4980 τῷ
2868 4910 3121 4981 προφήτῃ
3159 4907 3337 4976 λέγει’
3379 4923 3399 4956 ι
3445 4906 3639 4976 Κύριε,
3671 4907 3789 4956 stc-

2199 5002 2413 5071 ακήκοα
2433 5001 2534 5073 τὴν
2559 5003 2729 5072 ἀκοήν
2757 5017 2873 5062 σου,
2907 5001 3002 5053 καὶ
3027 4997 3300 5070 ἐφοϐήθην
3317 5015 3329 5029 ο
3367 4996 3667 5066 κατενόησα
3710 4995 3795 5047 τὰ

2196 5089 2353 5160 ἔργα,
2380 5091 2473 5143 καὶ
2499 5090 2741 5160 ἐξέστην.
2780 5107 2798 5140 ι
2840 5089 3062 5151 Ῥάϐδος
3092 5088 3157 5158 δὴ
3202 5083 3296 5140 οὖν
3325 5086 3635 5156 ὠνόμασται
3662 5081 3792 5135 διά-
3829 5103 3842 5169 ι

2197 5198 2278 5235 τοι
2328 5182 2427 5245 τάς
2466 5182 2668 5254 ἀρτίως
2719 5183 2851 5252 ἡμῖν
2893 5180 3191 5252 εἰρημένας
3231 5179 3428 5238 αἰτίας.
3482 5173 3674 5236 ⁸Ἄνθος
3724 5173 3793 5227 δὲ

2198 5271 2363 5325 πάλιν
2383 5287 2395 5302 ·
2427 5271 2654 5326 ἀνέθαλε
2675 5272 2784 5342 γὰρ
2808 5273 2841 5342 ἡ
2864 5270 3154 5340 ἀνθρώπου
3182 5269 3345 5337 φύσις
3371 5269 3428 5319 εν
3465 5263 3615 5333 αύτῷ
3641 5262 3793 5332 πρὸς

2197 5364 2528 5435 ἀφθαρσίαν,
2578 5365 2674 5418 καὶ
2705 5366 2787 5426 εἰς
2821 5363 2988 5432 ζωὴν,
3033 5361 3128 5416 καὶ
3160 5362 3240 5422 είς
3269 5359 3568 5428 καινότητα
3621 5355 3792 5406 πολι-

2196 5455 2349 5518 τείας
2384 5453 2746 5524 εύαγγελικῆς
2771 5469 2784 5484 ·
2836 5451 2997 5513 ἄνθος
3037 5450 3094 5502 δὲ
3134 5450 3230 5502 καὶ
3277 5448 3498 5518 ἑτέρως,
3541 5444 3630 5498 διὰ
3677 5445 3792 5515 τὴν

593 5631 634 5659 ³⁸⁵
667 5629 802 5682 l'sal.
839 5646 970 5691 “tt,
999 5630 1048 5684 ι.
1126 5631 1167 5660 ³⁷
1204 5630 1400 5686 Jcrem.
1440 5649 1623 5699 xum,
1661 5633 1744 5687 l7.
1823 5635 1864 5666 ³³
1890 5634 2042 5690 Joan.
2075 5651 2099 5688 κ

2204 5633 2237 5687 i.
2318 5635 2359 5668 ³³
2391 5634 2549 5690 Mich.
2579 5648 2672 5699 Vtt,
2711 5633 2791 5688 Η.
2857 5631 2898 5664 ³ο
2932 5631 3073 5690 Paul.
3101 5646 3160 5695 tt,
3197 5630 3248 5685 9.
3316 5630 3351 5661 δ’
3394 5627 3558 5681 Hebr.
3589 5641 3649 5692 tt,
3685 5624 3789 5680 ιιι.

1038 5699 1081 5730 ⁸³
1109 5699 1261 5756 Cant.
1299 5718 1356 5768 ιι,
1393 5703 1439 5755 Ι.
