2001 3106
176 163 232 192 313

743 163 779 191 IN
799 163 918 192 ISAIAM
938 163 1003 191 LIB.
1025 164 1059 192 ΙΙ.
1080 162 1201 192 τοιιυε
1220 163 1241 191 Ι.

1754 158 1807 186 3N

177 222 279 258 νοητὴν
294 223 436 259 εὐοσμίαν.
461 233 472 249 ‹
489 223 559 258 Ἐγὼ
573 224 637 261 γὰρ,
656 234 666 251 ι
685 225 778 261 φησὶν,
796 234 805 251 ι
820 224 900 257 ἄνθος
915 223 963 250 τοῦ

1019 231 1065 252 nos
1084 224 1110 251 in
1127 224 1246 256 Christo,
1266 227 1294 251 et
1308 222 1419 250 odorem
1445 221 1548 249 notitia
1573 226 1628 248 sum
1652 218 1809 246 manifestat

178 269 284 300 πεδίου,
302 269 396 304 κρίνον
409 269 463 296 τῶν
477 270 618 298 κοιλάδων.
638 280 648 297 ι
673 271 770 305 Γέγονε
786 271 815 297 δὲ
835 271 883 298 καὶ
898 272 966 306 ἡμῖν

177 316 251 351 ὀσμή
267 324 309 347 τις
321 315 415 351 ὥσπερ
428 315 479 351 τῆς
494 316 619 349 γνώσεως
631 316 678 342 τοῦ
695 316 761 343 Θεοῦ
777 316 826 343 καὶ
845 316 965 351 Πατρός.

178 362 235 388 Καὶ
253 360 319 395 γοῦν
338 362 352 387 ό
367 360 511 392 θεσπέσιος
524 361 629 393 Παῦλος
647 360 808 392 ἐπιστέλλει,
823 360 870 387 καί
885 369 966 395 φησν

181 417 190 432 ι
210 406 255 441 Τῷ
272 406 333 441 Θεῷ
347 406 436 442 χάρις,
454 407 493 441 τῷ
509 407 622 433 πάντοτε
642 407 834 442 θριαμϐεύοντι
851 407 926 441 ἡμᾶς
939 407 967 433 ὲν

177 452 218 487 τῷ
231 452 354 487 Χριστῷ,
371 452 419 479 καὶ
443 453 493 487 τὴν
509 453 595 487 ὀσμὴν
616 453 664 487 τῆς
680 452 806 486 γνώσεως
820 452 901 479 αὑτοῦ
916 461 968 486 φα-

178 497 304 532 νεροῦντι
324 498 357 524 δι’
373 498 451 533 ἡμῶν
468 499 496 524 ὲν
519 499 599 525 παντὶ
613 499 697 533 τόπῳ,
709 500 749 525 ὄτι
765 498 884 534 Χριστοῦ
900 499 967 524 εὐω-

177 544 223 570 δία
237 544 334 578 ἐσμὲν,
356 543 394 579 τῷ
414 543 472 579 Θεῴ
493 545 522 570 ὲν
542 546 598 575 τοῖς
612 544 784 579 σωζομένοις,
801 545 848 570 καὶ
863 546 892 570 ὲν
911 545 967 575 τοίς

177 589 396 624 ἀπολλυμένοις’
415 587 456 620 οἷς
479 590 528 624 μὲν
549 590 621 625 όσμὴ
641 590 757 616 θανάτου
776 591 816 621 είς
839 590 965 622 θάνατον,

176 631 218 666 οἷς
235 634 265 661 δὲ
280 635 352 669 ὀσμὴ
366 635 438 669 ζωῆς
463 636 502 666 είς
518 634 600 670 ζωήν.
619 644 628 660 ι
647 635 738 671 Ταύτῃ
754 636 787 669 τῇ
809 635 899 671 ράδδῳ
915 643 967 670 φη-

177 681 232 710 σὶν.
245 680 305 714 ἦτοι
324 679 363 714 τῷ
375 680 448 707 ἄνθει
462 680 501 715 τῷ
513 682 545 707 ὲκ
560 681 609 716 τῆς
622 681 700 716 ῥίζης
718 682 816 707 Ἰεσσαὶ
835 682 967 716 τεχθησο-

178 724 264 759 μένῳ,
285 725 356 751 κατὰ
373 726 484 760 καιροὺς
500 726 739 753 ὲπαναπαύσεσθαι
755 726 869 762 Πνεῦμα
893 726 961 753 Θεοῦ

177 770 280 801 πολλὰς
294 770 356 805 ἔχον
367 770 416 802 τὰς
429 771 578 806 ἐνεργείας.
591 772 702 806 Πνεῦμα
713 772 767 807 γὰρ
782 772 848 799 αὐτὸ
869 772 966 807 βουλῆς

177 817 226 842 καὶ
242 817 378 848 συνέσεως
394 817 530 852 ὀνομάζει,
545 817 672 851 γνώσεώς
687 827 716 845 τε
738 820 784 845 καὶ
801 819 906 852 σοφίας,
923 819 966 844 εὑ-

177 862 288 893 σεεεὶας
305 863 351 888 καὶ
370 863 452 897 φόϐου
466 863 544 890 Θεοῦ.
561 864 652 899 Φαμὲν
666 865 704 896 δὲ,
717 865 758 891 ὃτι
771 865 821 900 τῆς
834 873 967 900 προφητι-

1020 277 1068 304 per
1083 277 1131 296 nos
1144 269 1170 296 in
1182 272 1254 296 omni
1267 268 1412 303 Ιοοογιιυῖι
1424 267 1525 295 Christi
1538 266 1625 293 bonus
1636 264 1704 292 odor
1714 271 1810 291 sumus

1018 316 1073 342 Deo
1088 316 1114 342 in
1129 315 1163 342 iis
1175 316 1219 350 qui
1237 315 1303 342 salvi
1321 315 1397 346 llunt.
1415 318 1441 340 et
1458 313 1485 340 in
1498 313 1532 340 iis
1542 312 1588 346 qui
1599 315 1729 346 pereunt;
1749 309 1809 336 aliis

1019 362 1126 396 quidem
1151 361 1218 388 odor
1241 361 1335 387 mortis
1348 360 1374 386 in
1399 363 1535 390 mortem,
1564 357 1626 383 aliis
1650 362 1715 382 vero
1741 354 1809 381 odor

1019 408 1080 434 vitae
1094 407 1119 433 in
1134 407 1217 433 vitam
1231 405 1263 432 “.
1280 415 1289 430 ι
1309 405 1413 432 Idcirco
1428 404 1454 430 in
1468 403 1519 430 hac
1536 402 1624 436 virga,
1645 407 1691 427 seu
1713 400 1739 426 ili
1757 400 1809 426 hoc

1019 452 1142 487 germine
1159 459 1190 479 ex
1208 451 1290 485 stirpe
1304 449 1398 481 Jessaa,
1414 450 1471 476 suis
1488 447 1653 481 temporibus
1667 445 1808 480 acquietu.

1019 505 1077 524 rum
1089 497 1128 524 ait
1143 496 1273 531 Spiritum
1291 495 1349 527 Dei,
1369 495 1459 522 multis
1477 493 1621 520 virtutibus
1650 496 1678 519 et
1706 491 1808 518 viribus

1019 543 1174 579 pollentem.
1195 542 1325 576 Spiritum
1346 541 1417 569 enim
1437 541 1526 574 ipsum
1550 538 1674 566 nominat
1689 536 1807 568 consilii,

1018 594 1045 616 et
1070 588 1270 623 intelligentiae,
1296 592 1324 614 et
1349 585 1526 621 cognitionis,
1552 589 1579 612 et
1606 582 1761 617 sapientiae,
1783 586 1809 608 et

1019 633 1195 665 fortitudinis,
1207 637 1234 659 et
1249 632 1396 667 religionis,
1411 636 1439 658 et
1455 629 1560 657 timoris
1573 629 1619 656 Dei
1635 628 1670 654 “.
1689 627 1808 654 Dicimus

1018 683 1107 705 autem
1125 678 1284 712 prophetam
1308 677 1333 703 in
1359 676 1411 703 hoc
1433 674 1568 709 praeconio
1589 680 1638 700 suo
1663 671 1807 699 artiﬁcium

1017 724 1057 751 sic
1084 728 1268 757 temperasse,
1292 727 1321 748 ut
1350 729 1400 748 non
1434 720 1570 747 hominem
1599 724 1703 745 merum
1731 716 1809 742 nobis

1021 771 1131 797 inducat
1146 769 1250 798 Jesum.
1265 768 1326 794 dein
1341 767 1441 802 Spiritui
1453 766 1583 796 aﬂlatum,
1596 769 1624 791 et
1633 763 1709 798 quasi
1724 761 1807 788 ιιοδιιπὶ

1018 815 1120 842 ordinis
1143 821 1174 840 ac
1196 812 1362 840 conditionis
1383 814 1473 842 esset,
1495 808 1688 835 charismatum
1703 805 1809 832 divino-

1019 868 1077 887 rum
1103 858 1261 894 participem
1286 857 1402 888 lactum,
1425 854 1473 883 sed
1499 854 1588 888 potitus
1616 852 1663 879 Dei
1689 850 1808 878 Verbum

176 908 230 942 κῆς
243 895 387 944 εὐτεχνίαξ
406 908 436 934 τδ
450 909 580 944 κήρυγμα
591 895 640 936 οὐκ
654 895 877 946 ἄνθρωπονΙῆμίν
889 895 967 945 ψιλὸν

1019 910 1164 934 humanam
1187 908 1311 931 naturam
1330 901 1508 936 assumpsisse
1532 899 1663 931 declarat,
1684 896 1808 925 cumula-

177 953 330 988 εἰσκομίζει
352 954 397 980 τὸν
426 954 550 987 Ἰησοῦν,
576 954 633 981 εἶτα
658 956 788 989 γεγονότα
812 965 966 991 πνευματο-

177 997 272 1032 φὸρον,
296 997 343 1023 καὶ
361 997 399 1028 ὡς
425 998 452 1024 ἐν
478 998 553 1030 τάξει
568 1000 600 1034 τῇ
618 999 678 1025 καθ’
699 1000 771 1035 ἡμᾶς
788 1000 966 1035 χαρισμάτων

175 1043 231 1068 τῶν
245 1042 322 1077 παρὰ
338 1042 406 1069 Θεοῦ
419 1043 549 1077 γεγονότα
574 1045 696 1079 μέτοχον,
718 1045 966 1081 ὲνανθρωπήσαντα

175 1088 205 1114 δὲ
219 1088 320 1123 μᾶλλον
342 1089 387 1115 τὸν
399 1090 446 1115 τοῦ
460 1089 527 1116 Θεοῦ
541 1090 627 1124 Λόγον
639 1091 792 1126 καταδηλοῖ,
808 1091 899 1126 πλήρη
918 1092 966 1126 μὲν

175 1133 242 1160 δνῖα
256 1134 358 1166 παντὸς
368 1134 484 1168 ἀγαθοῦ,
494 1134 525 1161 τό
537 1144 568 1169 γε
583 1133 651 1171 ἧκον
661 1137 701 1168 είς
715 1135 764 1171 τὴν
776 1136 858 1163 αὑτοῦ
875 1136 965 1171 φύσιν,

176 1180 366 1215 οἰκειουμένου
385 1181 413 1207 δὲ
427 1180 496 1215 μετὰ
510 1181 560 1216 τῆς
574 1181 784 1217 ἀνθρωπότητος
809 1182 856 1208 καὶ
870 1182 904 1208 τὰ
918 1183 966 1208 αὐ-

176 1227 239 1262 τῆς.
255 1226 336 1254 Ἰδιον
351 1226 406 1262 γὰρ
420 1226 637 1263 ἀνθρωπότητος,
654 1227 683 1253 τὸ
698 1227 803 1255 οἴκοθεν
816 1228 866 1263 μὲν
883 1227 965 1262 ἔχειν,

177 1273 226 1300 καὶ
249 1272 288 1304 ὡς
314 1272 344 1304 ἐξ
369 1272 438 1304 ιδίας
462 1273 569 1306 φύσεως
586 1272 640 1299 τῶν
662 1272 764 1299 ἄνωθεν
789 1273 966 1308 χαρισμάτων

175 1317 265 1345 οῦδὲν·
281 1327 290 1343 ι
308 1318 341 1344 Τί
358 1318 411 1353 γὰρ
429 1317 511 1352 ἔχεις,
528 1317 542 1343 ὃ
556 1318 605 1344 οὐκ
618 1318 731 1351 ἔλαϐες
749 1328 758 1344 ι
772 1318 880 1354 εἴρηται
899 1318 966 1353 πρὸς

177 1364 275 1400 αὐτὴν,
296 1363 494 1390 καταπλουτείν
515 1363 658 1398 δὲμᾶλλον
673 1363 772 1397 ἔξωθέν
795 1373 825 1390 τε
846 1365 894 1390 καὶ.
914 1365 966 1390 £1:-

175 1408 282 1441 ακτῶς,
304 1408 379 1443 παρὰ
395 1407 462 1434 Θεοῦ
481 1408 618 1443 δηλονότι,
639 1408 674 1434 τὰ
694 1408 763 1444 ὑπὲρ
781 1408 860 1443 φύσιν
886 1408 965 1435 ἰδίαν.

176 1453 256 1480 Ἔδει
286 1453 373 1481 τοίνυν
404 1453 520 1480 καθέντα
551 1454 619 1490 πρὸς
650 1454 765 1481 κένωσιν
798 1454 893 1481 ἑαυτὸν
921 1454 966 1481 τὸν

177 1499 312 1535 μονογενῆ
331 1499 379 1526 τοῦ
397 1499 465 1526 Θεοῦ
483 1499 579 1535 Λόγον,
602 1499 632 1527 τὸ
648 1500 681 1527 ὲκ
696 1500 746 1535 τῆς
769 1499 910 1531 κενώσεως
928 1500 965 1535 μὴ

175 1544 371 1581 παραιτεῖσθαι
389 1545 604 1582 σμικροπρεπὲς,
620 1546 668 1572 καὶ
690 1546 780 1581 πλήρη
797 1546 867 1572 κατὰ
885 1545 966 1580 φύσιν

176 1591 242 1619 εντα
258 1591 384 1627 δέχεσθαι
396 1591 441 1618 διὰ
453 1592 483 1619 τὸ
496 1592 677 1628 ἀνθρώπινον,
686 1592 736 1626 οὐχ
749 1591 837 1627 ἑαυτῷ
852 1591 962 1627 μᾶλλον,

176 1636 236 1664 ἀλλ’
250 1637 318 1673 ἡμῖν
336 1638 393 1669 τοῖς
411 1638 440 1664 ὲν
457 1637 545 1674 ἐνδείᾳ
566 1638 668 1669 παντὸς
682 1637 795 1671 ἀγαθοῦ.
815 1637 897 1664 Ὥστε
912 1637 964 1664 κᾶν

177 1683 204 1710 ιι
213 1682 322 1717 λέγοιτό
335 1691 399 1709 ποτε
412 1683 442 1710 τδ
454 1682 567 1718 Πνεῦμα
581 1683 683 1715 λαϐεῖν,
698 1683 786 1710 καίτοι
798 1683 913 1718 χορηγὸς
927 1682 964 1708 ὢν

177 1728 260 1760 αὐτὸς
277 1728 326 1756 τοῦ
343 1729 421 1763 ἁγίου
437 1729 603 1765 Πνεῦματος,
621 1729 668 1756 καὶ
689 1729 739 1756 οὐκ
763 1730 794 1755 ὲκ
811 1729 911 1764 μέτρου
925 1729 965 1755 δι-

177 1775 252 1807 δοὺς,
273 1774 331 1801 ἀλλ’
345 1775 383 1807 ὡς
397 1773 426 1806 ἐξ
451 1775 516 1801 ἰδίου
536 1774 719 1810 πληρώματος
739 1774 876 1809 διανέμων
900 1774 966 1801 αὐτὸ

177 1821 237 1852 τοῖς
259 1819 355 1854 ἀξίοις,
379 1820 435 1847 τῶν
456 1820 506 1856 τῆς
522 1820 663 1852 κενώσεως
687 1821 793 1856 μέτρων
813 1819 924 1846 νοείσθω
936 1819 966 1846 τὸ

180 1864 287 1898 λαϐεῖν,
297 1864 415 1892 κατευθὺ
428 1865 482 1900 γὰρ
496 1865 566 1892 οὕτω
574 1866 622 1901 τῆς
633 1864 761 1900 ἀληθείας
771 1865 883 1900 ἥξομεν.
893 1864 966 1900 Πλὴν

181 1909 271 1937 tum
295 1910 372 1946 ἄθρει
384 1917 393 1926 ⁸
411 1919 421 1936 ι
441 1910 639 1937 ’Δναπαύσεται
653 1909 708 1945 γὰρ
719 1909 763 1937 ἐπ’
774 1909 854 1936 αὐτὸν
864 1930 872 1943 ,
888 1910 964 1944 φησὶ,

180 1955 298 1991 Πνεῦμα
309 1955 357 1983 τοῦ
374 1955 452 1984 Θεοῦ,
475 1965 484 1981 ι
504 1956 613 1982 Δέδοται
630 1955 684 1990 γὰρ
712 1955 741 1982 ὲν
758 1956 854 1991 ἀρχαῖς
870 1957 904 1991 τῇ
921 1955 967 1981 τοῦ

182 2001 282 2036 γένους
299 2002 377 2038 ήμῶν
391 2002 516 2038 ἁπαρχῇ,
531 2001 664 2034 τουτέστι,
673 2000 712 2036 τῷ
729 2000 823 2036 Ἀδὰμ,
839 2000 907 2028 ἀλλὰ
922 2000 968 2035 γέ-

181 2056 246 2082 γονε
269 2047 390 2083 ῥᾴθυμος
413 2048 477 2083 περὶ
489 2048 538 2082 τὴν
557 2048 674 2083 τήρησιν
685 2046 736 2081 τῆς
750 2045 873 2081 δοθείσης
894 2045 968 2081 αὐτῷ

181 2094 485 2130 έντολῆς,κατημέλησε
496 2095 549 2121 τῶν
558 2093 812 2129 προστεταγμένων,
823 2092 968 2119 κατεϐιὸἀ-

183 2141 236 2176 σθη
243 2141 314 2176 πρὸς
322 2140 469 2176 ἁμαρτίαν,
476 2141 525 2175 οὐχ
533 2137 610 2174 εὗρεν
619 2139 770 2166 ἀνάπαυσιν
779 2139 807 2164 ἐν
816 2137 968 2173 ἀνθρώποις

183 2187 214 2214 τδ
233 2187 354 2222 πνεῦμα.
370 2196 380 2212 ι
396 2187 498 2218 Πάντες
513 2186 567 2222 γὰρ
582 2185 730 2217 ἐξέκλιναν,
747 2184 804 2219 ἅμα
820 2182 970 2218 ἡχρειώθη-

183 2239 245 2263 σαν,
261 2231 312 2258 οὒκ
324 2228 358 2266 ἧν
371 2231 386 2256 ό
403 2230 487 2257 ποιίὲιν
500 2230 679 2266 χρηστότητα,
697 2229 747 2255 οὐκ
761 2226 794 2263 ἦν
804 2227 856 2258 ἕως
874 2227 942 2258 ἑνός.
957 2237 966 2253 ι

183 2275 252 2305 Εἶτα
265 2277 377 2311 γέγονεν
388 2277 530 2312 ἄνθρωπος
544 2276 557 2302 ό
573 2275 719 2310 μονογενὴς
730 2273 776 2300 τοῦ
792 2273 859 2300 Θεοῦ
873 2273 968 2306 Λόγος,

184 2323 275 2350 καίτοι
299 2322 331 2349 τὸ
346 2321 415 2349 εἶναι
438 2322 504 2353 Θεὸς
524 2322 554 2348 οὐ
578 2321 679 2356 μεθείς.
700 2319 808 2355 Ἐπειδὴ
830 2319 858 2345 δὲ
882 2319 970 2346 καίτοι

184 2367 307 2403 γεγονὼς
325 2366 386 2394 καθ’
406 2367 495 2401 ἡμᾶς,
510 2365 645 2396 ἀνάλωτος
661 2362 694 2400 ἦν
712 2363 869 2398 ἁμαρτίαις,
887 2363 971 2388 ὲπαν-

184 2411 325 2440 επαύσατο
335 2412 368 2447 τῇ
380 2411 522 2446 ἀνθρώπου
538 2409 616 2444 φύσει
630 2410 660 2435 τὸ
672 2409 782 2442 Πνεῦμα
796 2408 826 2434 τὸ
838 2409 923 2441 ἆγιον,
936 2407 973 2438 ὼς

185 2459 216 2485 ἐν
230 2457 306 2493 αὐτῷ
326 2458 373 2484 καὶ
395 2455 507 2492 πρώτῳ,
530 2455 577 2482 καὶ
589 2454 626 2486 ὡς
643 2455 671 2481 ἐν
687 2455 796 2489 ἅπαρχῇ
815 2453 862 2479 τοῦ
877 2452 972 2486 γένους

185 2504 310 2540 δευτέρᾳ,
327 2503 372 2530 ἵνα
386 2502 434 2530 καὶ
447 2503 512 2537 ἡμῖν
532 2500 752 2535 ὲπαναπαύηται,
768 2500 814 2526 καὶ
835 2499 903 2534 μένῃ
916 2498 971 2524 λοι-

187 2549 240 2576 πὸν
263 2550 324 2578 ταῖς
344 2547 405 2575 τῶν
418 2547 601 2574 πιστευόντων
612 2546 742 2577 διανοίαις
756 2544 970 2580 ὲμφιλοχωροῦν.

188 2592 268 2622 οὕτω
287 2593 342 2630 γάρ
361 2601 413 2620 που
428 2592 477 2620 καὶ
495 2593 509 2618 ὸ
532 2591 673 2623 θεσπέσιος
692 2590 816 2625 Ἰωάννης
829 2589 972 2617 τεθεᾶσθαί

189 2648 273 2675 φησιν
294 2639 325 2674 έξ
352 2638 468 2675 οὐρανοῦ
497 2639 701 2673 καταφοιτῆσαν
730 2636 759 2663 τὺ
790 2636 901 2671 Πνεῦμα
926 2636 973 2662 ἐπὶ

188 2684 318 2720 Χριστόν.
349 2684 456 2720 Ὠσπερ
490 2683 705 2719 συγκληρονόμοι
735 2681 887 2716 γεγόναμεν
921 2681 975 2707 τῶν

189 2727 403 2764 συμσεσηκότων
420 2727 459 2763 τῷ
474 2727 677 2762 προηοπλάστῳ
697 2727 799 2756 κακῶν,
816 2725 900 2757 οὕτως
917 2726 975 2752 ἐσό-

190 2773 261 2809 μεθα
297 2773 406 2809 μέτοχοι
432 2774 487 2800 τῶν
517 2773 710 2809 ὑπαρχθέντων
739 2772 916 2806 οἰκονομικῶς
942 2773 974 2805 τῇ

231 2851 252 2868 ⁵⁸
266 2851 285 2879 ll
307 2853 371 2879 Cor.
386 2859 414 2883 ll,
429 2852 471 2884 li,
491 2851 531 2879 lli.

570 2852 590 2866 "'
611 2850 661 2878 [si].
680 2858 716 2884 XI,
730 2851 756 2876 2.

1022 957 1078 978 tum
1105 950 1184 978 bonis
1206 948 1331 976 omnibus
1351 948 1504 983 (quatenus
1525 946 1558 972 ad
1577 945 1660 980 ipsius
1683 948 1807 970 naturam

1016 996 1166 1032 pertinent)
1176 1003 1208 1023 ac
1218 995 1299 1022 etiam
1309 1001 1361 1020 una
1372 1000 1434 1020 cmn
1445 992 1613 1019 humanitate
1626 997 1685 1024 qua:
1702 988 1735 1015 ad
1747 994 1807 1014 eam

1017 1047 1150 1078 spectant,
1170 1041 1301 1068 velutsua
1313 1047 1344 1066 ac
1356 1038 1464 1073 propria
1489 1037 1541 1064 sibi
1566 1035 1718 1062 vindicans.
1736 1032 1807 1059 Pro-

1017 1089 1104 1123 prium
1121 1094 1238 1122 namque
1250 1084 1425 1113 humanitatis
1441 1087 1491 1114 est.
1510 1090 1542 1110 ex
1562 1089 1591 1109 se
1609 1086 1637 1108 et
1650 1088 1684 1107 es
1697 1078 1807 1114 propria

1016 1133 1093 1168 quasi
1116 1137 1210 1158 natura
1238 1130 1306 1158 nihil
1332 1136 1511 1164 supernorum
1541 1128 1674 1154 donorum
1703 1124 1804 1152 habere

1017 1179 1138 1214 (dictum
1154 1177 1225 1204 enim
1242 1181 1284 1203 est
1301 1175 1324 1203 ei
1343 1183 1350 1202 :
1366 1183 1376 1201 ι
1392 1174 1460 1207 Quid
1475 1174 1546 1200 enim
1569 1172 1651 1200 habes
1666 1169 1736 1205 quod
1753 1176 1806 1196 non

1016 1222 1166 1257 accepisti?
1186 1231 1194 1247 ι
1206 1221 1227 1256 ),
1242 1226 1269 1248 at
1288 1220 1408 1248 exterius
1425 1218 1510 1253 magis
1523 1222 1550 1245 et
1563 1216 1670 1244 aliunde
1692 1213 1806 1242 adsciti-

1017 1269 1074 1301 tiis,
1088 1268 1213 1295 nimirum
1223 1274 1238 1293 a
1250 1266 1315 1297 Deo,
1329 1264 1488 1299 locupletari
1500 1263 1588 1294 donis,
1600 1269 1659 1296 quae
1671 1260 1805 1295 propriam

1017 1320 1140 1342 naturam
1156 1317 1295 1348 superant.
1308 1311 1457 1346 Oportebat
1478 1310 1562 1343 igitur
1574 1307 1741 1341 unigenitum
1759 1305 1805 1333 Dei

1017 1361 1175 1388 Sermonem
1190 1359 1236 1393 qui
1257 1366 1287 1385 se
1304 1356 1454 1385 exinanivit
1473 1360 1501 1382 ct
1522 1353 1641 1384 demisit,
1667 1351 1738 1379 illius
1757 1358 1806 1378 ex-

1019 1405 1179 1434 inanitionis
1197 1404 1376 1432 humilitatem
1399 1409 1451 1429 non
1472 1407 1614 1431 recusare,
1631 1398 1678 1426 sed
1698 1401 1808 1432 propter

1018 1449 1212 1478 humanitatem
1233 1448 1370 1482 suscipere
1381 1466 1388 1478 ,
1407 1453 1460 1473 non
1476 1452 1524 1472 sua
1541 1451 1633 1476 causa,
1653 1443 1699 1470 sed
1716 1446 1806 1468 nostra

1017 1496 1116 1531 potius,
1133 1494 1177 1529 qui
1194 1494 1313 1522 omnium
1327 1493 1458 1520 bonorum
1473 1491 1628 1517 laboramus
1645 1487 1804 1521 indigentia.

1018 1541 1110 1576 itaque
1134 1540 1198 1568 licet
1222 1539 1356 1567 interdum
1383 1538 1489 1565 dicatur
1513 1536 1642 1571 Spiritum
1671 1533 1807 1568 accipere,

1017 1595 1078 1615 cum
1093 1586 1128 1614 sit
1150 1590 1236 1613 tamen
1255 1585 1312 1620 ipse
1337 1583 1556 1611 subministrator
1577 1579 1664 1608 sancti
1681 1578 1808 1614 Spiritus,

1016 1637 1044 1661 et
1059 1640 1111 1660 non
1129 1639 1163 1661 ex
1187 1637 1314 1659 mensura
1335 1629 1390 1662 det,
1406 1630 1453 1656 sed
1475 1627 1559 1655 veluti
1577 1626 1611 1654 de
1628 1623 1736 1660 propria
1752 1622 1810 1658 ple-

1017 1678 1140 1706 nitudine
1154 1675 1218 1704 illud
1240 1675 1327 1711 dignis
1343 1673 1498 1709 impertiat,
1529 1672 1581 1699 hoc
1605 1677 1655 1704 pro
1677 1675 1803 1696 mensura

1017 1729 1045 1752 et
1062 1723 1171 1751 modulo
1199 1720 1393 1750 exinanitit-nis
1413 1719 1584 1753 intelligatur
1605 1715 1728 1750 accipere
1743 1721 1753 1741 :
1769 1713 1810 1740 sic

1017 1768 1089 1797 enim
1117 1771 1191 1795 recta
1217 1766 1250 1793 ad
1279 1773 1372 1793 verum
1397 1763 1597 1799 perveniemus.
1624 1760 1723 1787 Verum
1745 1757 1809 1785 illud

1018 1814 1085 1841 mihi
1099 1818 1210 1847 specta:
1227 1820 1236 1837 ο
1250 1810 1411 1845 Requieseet
1426 1809 1498 1836 enim
1509 1814 1590 1842 super
1602 1807 1701 1841 ipsum,
1711 1803 1809 1838 inquit,

1019 1859 1138 1894 Spiritus
1165 1857 1222 1884 Dei.
1240 1865 1250 1882 ι
1265 1856 1285 1883 Λ
1300 1854 1431 1890 principio
1455 1853 1528 1879 enim
1553 1852 1644 1877 datum
1666 1853 1709 1876 est
1723 1848 1809 1876 nostri

1019 1903 1127 1939 generis
1143 1901 1282 1937 primitiis,
1293 1900 1319 1927 id
1330 1904 1380 1930 est,
1396 1898 1510 1929 Adamo,
1528 1903 1622 1923 verum
1640 1895 1666 1922 in
1681 1894 1810 1922 observa-

1021 1938 1093 1977 tione
1107 1947 1236 1978 mandati,
1250 1945 1321 1981 quod
1337 1944 1465 1972 traditum
1477 1946 1536 1969 erat
1561 1941 1637 1976 piger
1662 1944 1689 1966 et
1711 1938 1810 1966 remis-

1020 2004 1077 2029 sus,
1090 1995 1164 2030 jussu
1178 1991 1346 2028 posthabuit,
1357 1998 1389 2017 ac
1405 1990 1544 2017 demersus
1553 1986 1633 2014 estin
1647 1989 1788 2021 peccatum
1799 2002 1809 2016 ,

1022 2028 1073 2069 nec
1084 2028 1186 2067 invenit
1202 2039 1228 2065 in
1245 2035 1400 2065 hominibus
1414 2033 1564 2068 requietem
1580 2031 1700 2066 spiritus.
1718 2038 1728 2055 ι
1746 2028 1811 2056 0m-

1023 2094 1069 2114 nes
1084 2096 1093 2113 ι
1110 2085 1208 2113 etenim
1231 2093 1240 2109 ι
1265 2081 1478 2112 declinaverunt,
1503 2077 1585 2106 simul
1611 2075 1719 2104 inutiles
1745 2073 1810 2101 facti

1023 2140 1096 2165 sunt,
1114 2140 1166 2160 non
1184 2136 1243 2159 erat
1265 2130 1310 2165 qui
1329 2127 1409 2164 194
1427 2127 1529 2154 laceret
1549 2125 1660 2154 bonum,
1676 2129 1728 2149 non
1751 2124 1812 2148 erat

1024 2187 1108 2215 usque
1122 2179 1154 2207 ad
1166 2186 1247 2206 unum
1258 2177 1291 2204 ".
1305 2186 1314 2203 ι
1332 2176 1394 2203 l’osl
1408 2174 1494 2201 lactus
1503 2176 1544 2200 est
1552 2171 1632 2198 homo
1644 2167 1811 2203 unigenitum

1025 2227 1070 2255 Dei
1083 2225 1212 2257 Verbum,
1228 2224 1292 2250 licet
1315 2222 1386 2248 Deus
1399 2227 1460 2247 esse
1484 2227 1538 2246 non
1560 2217 1698 2244 desineret
1711 2223 1718 2241 :
1731 2221 1810 2241 cutti-

1021 2281 1074 2308 que
1094 2271 1189 2299 similis
1213 2270 1291 2297 nobis
1319 2271 1408 2299 esset,
1430 2265 1551 2292 irretitus
1578 2267 1665 2290 tamen
1695 2259 1812 2296 peccatis

1022 2307 1074 2346 non
1098 2321 1155 2349 est,
1185 2315 1357 2350 Spiritusque
1381 2317 1492 2347 sanctus
1517 2311 1543 2337 iu
1573 2307 1688 2336 hominis
1716 2311 1812 2334 natura

1022 2363 1132 2395 insedit,
1148 2363 1221 2389 velut
1238 2362 1264 2388 in
1289 2361 1347 2395 ipso
1373 2359 1460 2393 primo
1485 2362 1512 2385 et
1535 2355 1612 2391 quasi
1638 2354 1664 2382 in
1687 2351 1813 2381 secundis

1027 2409 1155 2444 primitiis
1180 2406 1297 2442 generis,
1315 2410 1342 2432 ut
1357 2409 1382 2431 et
1398 2405 1423 2431 in
1446 2403 1524 2430 nobis
1540 2401 1667 2434 deinceps
1681 2397 1811 2432 conquie-

1025 2458 1113 2482 sceret
1128 2461 1159 2481 ac
1174 2455 1306 2484 maneret,
1323 2455 1349 2477 ct
1368 2450 1394 2477 iu
1420 2447 1588 2476 credentium
1603 2444 1735 2472 mentibus
1751 2449 1812 2469 cum

1025 2499 1161 2533 voluptate
1185 2498 1328 2524 habitaret.
1353 2493 1397 2521 Sic
1421 2493 1493 2520 enim
1515 2495 1543 2518 et
1567 2490 1675 2517 divinus
1695 2487 1812 2514 Joannes

1026 2531 1124 2572 vidisse
1143 2545 1181 2571 ait
1204 2550 1235 2570 se
1257 2540 1462 2569 descendentem
1491 2538 1525 2564 de
1547 2535 1614 2563 caelo
1639 2532 1768 2567 Spiritum
1785 2531 1810 2557 in

1025 2589 1173 2617 Christum.
1200 2588 1234 2616 Ut
1253 2587 1325 2615 enim
1347 2588 1486 2613 consortes
1505 2587 1625 2612 eramus,
1640 2582 1669 2605 et
1691 2575 1812 2604 bteredes
1864 2602 1865 2605 η

1028 2635 1155 2662 malorum
1171 2641 1231 2669 qua:
1260 2631 1427 2668 protoplaslo
1448 2628 1618 2664 primuinque
1635 2623 1743 2669 condito
1763 2622 1811 2648 ho-

1025 2680 1089 2706 mini
1110 2667 1286 2707 acciderunt:
1303 2678 1343 2705 sic
1359 2676 1440 2704 etiam
1460 2679 1555 2700 eorum
1566 2677 1626 2705 quat
1640 2676 1687 2704 per
1703 2667 1812 2703 dispen-

1024 2726 1155 2753 sationem
1170 2725 1334 2752 exstiterunt
1363 2719 1488 2749 secundis
1504 2716 1589 2744 nostri
1603 2714 1708 2751 generis
1722 2712 1811 2749 primi-

1027 2772 1080 2803 tiis,
1101 2771 1126 2798 id
1144 2776 1194 2803 est,
1209 2771 1328 2800 Christo,
1345 2768 1445 2795 erimus
1461 2764 1615 2800 participes.
1633 2761 1707 2795 Quod
1723 2764 1810 2787 autem

795 2850 816 2864 ""
831 2849 909 2876 Rem.
927 2857 969 2882 ιιι,
987 2849 1028 2875 12.
