4002 6212
408 281 515 338 319

1401 276 1457 333 5-
1501 283 1771 342 CYRILLI
1809 281 2278 340 ALEXANDRINI
2319 277 2634 335 ARCIIIEP.

3571 273 3672 332 5:20

407 393 700 449 Servatore
734 393 948 449 Christo
977 411 1117 461 esse,
1156 397 1279 465 quia
1317 413 1420 450 non
1459 398 1635 453 nudus
1665 408 1718 452 et
1748 397 1973 466 simplex

2084 412 2206 463 αγει
2245 395 2299 448 δὲ
2357 393 2568 457 τούτοις
2627 392 2722 459 καὶ
2767 390 2934 462 ἕτερά
2968 407 3088 442 τινα
3139 390 3246 443 τῶν
3302 391 3384 445 ὃτι
3439 391 3671 462 μάλιστα

410 483 574 536 homo
610 492 810 537 nostra:
838 484 1162 538 conditionis
1195 484 1377 545 fauerit.
1427 488 1542 552 scd,
1575 486 1650 540 uti
1677 487 1812 549 dixi,
1858 487 1982 542 Ver-

409 573 534 624 lium
570 572 662 627 Dei
679 573 1010 642 unigenitum
1035 575 1395 640 incarnatum,
1421 587 1474 630 et
1499 579 1566 630 hu
1580 593 1750 631 mante
1772 588 1981 633 naturae

408 664 698 730 particeps.
717 664 855 729 Quid
887 681 1018 734 ergo
1048 665 1284 722 elIiciet?
1318 669 1513 736 inquit.
1571 667 1842 723 Percntiet
1871 679 1980 723 ter-

408 768 520 804 t'aut
554 757 718 806 verbo
745 755 857 807 oris
881 757 984 809 sui.
1013 755 1080 809 Et
1095 772 1256 825 quam
1293 758 1449 828 197
1480 761 1722 813 terram?
1750 759 1981 816 Maxime

407 843 568 906 quam
599 855 915 899 exsecratus
944 855 1047 900 est.
1081 847 1176 900 Est
1226 849 1440 916 quidem
1482 849 1582 905 hoc
1617 865 1833 913 verum,
1869 853 1979 905 imo

406 931 471 979 de
493 932 637 983 omni
667 943 808 987 terra
824 934 1192 988 verissimum.
1233 936 1508 992 Maledixit
1538 939 1681 993 enim
1707 939 1978 993 universe

407 1029 584 1082 lt't‘l‘ll‘,
619 1037 712 1076 seu
773 1024 1008 1080 hominis
1055 1035 1262 1079 naturm
1311 1027 1364 1081 in
1414 1029 1654 1092 Adamn,
1688 1029 1976 1099 inquiens?

410 1130 427 1160 ε
472 1112 636 1167 Terra
661 1128 720 1169 es
742 1157 758 1181 ,
790 1124 845 1169 et
876 1116 928 1169 itt
969 1124 1167 1170 terram
1194 1118 1296 1172 ibis
1319 1119 1387 1172 ".
1411 1138 1431 1172 ε
1469 1119 1746 1174 Maledixit
1779 1122 1976 1174 nihilo-

404 1206 580 1258 minus
625 1207 789 1276 impio
825 1210 1026 1262 mundo
1054 1251 1069 1276 ,
1112 1226 1270 1278 quem
1325 1227 1464 1281 aqua
1520 1215 1810 1281 oppressit.
1861 1214 1974 1268 Hac

289 1363 302 1374 _
402 1295 590 1349 Iedixit
632 1300 794 1352 etiam
837 1300 1023 1354 adlizec
1074 1300 1284 1365 Indicae,
1347 1319 1472 1358 cum
1519 1305 1709 1359 incola:
1737 1306 1854 1376 ejus
1892 1315 1974 1360 te-

401 1386 638 1441 mulente
666 1390 718 1442 in
753 1389 900 1444 illum
929 1391 1346 1448 deblaterarent.
1385 1395 1528 1449 Dixit
1547 1397 1692 1451 enim
1720 1415 1735 1453 :
1765 1415 1784 1448 ι
1811 1395 1974 1452 Jeru-

399 1475 591 1540 salem,
626 1477 948 1544 Jerusalem,
976 1497 1095 1549 qua:
1117 1485 1320 1538 occidis
1359 1487 1682 1556 prophetas,
1729 1499 1787 1542 et
1827 1489 1895 1542 ad
1922 1499 1974 1543 te

401 1568 598 1624 missos
637 1571 862 1640 lapides,
893 1575 1105 1640 quoties
1133 1576 1277 1630 volui
1309 1592 1640 1647 congregare
1664 1578 1804 1634 ﬁlios
1830 1589 1972 1647 tuos,

399 1660 852 1721 quemadmodum
900 1662 1097 1730 gallina
1137 1674 1438 1734 congregat
1489 1665 1663 1733 pullos
1700 1682 1827 1722 suos
1872 1668 1972 1723 sub

397 1753 540 1816 alas,
595 1762 650 1806 et
697 1753 998 1808 noluistis?
1032 1755 1176 1809 Ecce
1232 1754 1560 1824 relinquitur
1600 1755 1754 1810 vobis
1778 1757 1973 1812 domus
2003 1741 2047 1797 Β

398 1854 574 1895 vestra
604 1843 728 1885 “—“
774 1863 793 1898 ι
815 1843 873 1898 1η
893 1846 984 1899 illo
1007 1847 1175 1912 enim,
1212 1846 1537 1915 relinquitur
1557 1847 1748 1903 domus
1771 1859 1973 1914 vestra,

396 1935 761 1991 derelictiouis
809 1937 861 1990 iu
904 1953 967 1992 ea
1005 1937 1160 1992 factm
1191 1939 1471 1996 calamitas
1513 1939 1835 2009 explicatur.
1868 1939 1972 1994 De-

398 2026 582 2080 relicta
614 2041 745 2081 vero
792 2029 861 2082 ab
893 2043 992 2093 eo,
1031 2028 1169 2083 belle
1193 2067 1210 2093 ,
1272 2030 1394 2098 igne
1441 2039 1496 2084 et
1534 2031 1972 2085 adversariorum

398 2119 647 2173 manibus
667 2128 985 2189 consumpta
1007 2129 1114 2176 est.
1137 2120 1234 2176 Est
1257 2121 1384 2176 item
1417 2121 1545 2176 illud
1569 2121 1715 2176 aliud
1761 2122 1974 2193 signum

395 2218 451 2262 et
501 2208 953 2280 complementum
1002 2227 1228 2267 summa:
1275 2213 1559 2282 potestatis
1595 2231 1611 2268 :
1643 2214 1850 2283 Spiritu
1897 2214 1977 2268 la-

396 2301 608 2354 hiorum
638 2300 852 2356 auferet
879 2302 1122 2371 impium.
1155 2301 1463 2372 lncrepavit
1488 2305 1633 2360 enim
1661 2304 1974 2362 imundos

395 2393 617 2461 spiritus
643 2431 658 2458 ,
708 2403 764 2448 ct
810 2404 1073 2463 quantum
1107 2396 1398 2449 humanam
1432 2405 1683 2451 naturam
1716 2397 1971 2466 attingit,

395 2500 497 2538 vna
549 2485 828 2554 personuit
875 2500 942 2539 ex
1001 2501 1098 2540 ore
1153 2495 1209 2540 et
1259 2486 1460 2549 labiis,
1531 2487 1693 2556 vique
1745 2488 1974 2557 spiritus

395 2579 760 2650 inexplicabili
809 2579 1198 2638 daunoniorum
1263 2579 1552 2634 multitudo
1622 2579 1795 2635 fracta
1863 2589 1971 2638 est.

395 2672 565 2728 Erunt
603 2681 804 2738 antem,
847 2672 944 2738 ait,
983 2681 1036 2727 et
1077 2670 1284 2740 iustitia
1313 2671 1476 2727 cincti
1519 2671 1685 2728 lumbi
1723 2671 1880 2743 ejus,
1919 2681 1976 2730 et

395 2762 628 2816 veritate
665 2761 906 2818 involuta
960 2763 1151 2819 latera.
1201 2762 1433 2818 Perinde
1470 2763 1617 2819 enim
1675 2771 1760 2820 est
1790 2803 1806 2825 .
1837 2778 1904 2821 ac
1926 2764 1974 2820 si

390 2855 518 2922 quis
556 2853 738 2919 dicat,
800 2852 1130 2911 Potestatem
1178 2865 1235 2910 et
1292 2855 1668 2910 auctoritatem
1712 2855 1766 2911 in
1811 2857 1975 2913 rebus

392 2945 680 3001 mundanis
711 2947 870 3001 habet
899 2948 1124 3002 omnino
1162 2947 1390 3014 nullam,
1422 2961 1486 3003 ac
1528 2948 1759 3018 gloriam
1790 2949 1974 3006 verius

389 3035 653 3100 divinam,
674 3046 728 3092 et
756 3038 912 3106 quasi
958 3039 1268 3094 succinctus
1290 3049 1375 3095 est
1397 3039 1611 3107 iustitia
1637 3051 1694 3097 et
1719 3042 1967 3098 veritate.
1995 3069 2041 3129 ο

391 3125 537 3179 Zona
566 3137 746 3182 autem
781 3129 995 3198 signum
1023 3138 1107 3184 est
1137 3132 1476 3200 principatus
1495 3171 1510 3197 ,
1539 3142 1597 3188 et
1641 3147 1766 3188 cum
1794 3135 1968 3204 dicat,

389 3215 440 3271 ei
476 3215 714 3270 involuta
739 3216 933 3282 latera,
971 3217 1106 3272 nihil
1133 3219 1277 3274 aliud
1307 3231 1577 3290 estquam
1605 3223 1651 3278 si
1685 3223 1967 3292 declaret,

391 3317 650 3376 tanquam
680 3307 915 3364 balteum
944 3313 1252 3378 quempiam
1301 3311 1825 3383 circumpositurum
1862 3317 1968 3374 sibi

383 3399 692 3468 justitiam,
753 3408 807 3455 et
853 3409 1116 3472 prasterea
1167 3403 1475 3458 veritatem.
1527 3403 1839 3465 Verisimile
1883 3417 1971 3466 est

389 3502 592 3555 autem,
615 3505 737 3547 eum
773 3491 1039 3561 justitiam
1066 3504 1120 3548 et
1146 3495 1432 3552 veritatem
1464 3497 1740 3568 appellare
1767 3515 1966 3558 novam

387 3596 443 3642 et
471 3587 834 3658 evangelicam
861 3587 1325 3657 pradicationem,
1361 3591 1820 3658 quemadmodum
1881 3593 1967 3649 di-

385 3687 532 3733 ctum
560 3686 643 3732 est
689 3677 738 3732 ei
777 3677 1062 3748 psallentis
1091 3693 1222 3734 voce
1255 3697 1270 3733 :
1306 3695 1328 3732 ι
1354 3678 1572 3736 Iustitia
1604 3691 1728 3750 tua,
1753 3683 1965 3750 iustitia

386 3768 441 3822 in
471 3782 686 3823 omnem
721 3769 1106 3834 aeternitatem,
1140 3778 1197 3825 et
1236 3770 1322 3826 lex
1370 3780 1460 3826 tua
1497 3773 1698 3830 veritas
1720 3775 1788 3830 ³⁸.
1817 3794 1838 3829 ι
1865 3775 1966 3832 Ju-

385 3860 549 3915 stitia:
576 3859 720 3916 enim
752 3861 1011 3932 magistra
1038 3870 1156 3917 erat
1191 3871 1246 3917 et
1275 3862 1380 3928 lex,
1408 3865 1505 3920 sed
1542 3879 1651 3920 non
1685 3867 1885 3922 mansit
1911 3868 1963 3924 in

385 3961 670 4018 aeternum,
703 3952 926 4006 meliore
959 3961 1013 4005 et
1038 3952 1363 4022 porrectiore
1391 3953 1722 4020 introducta,
1755 3957 1966 4014 scilicet

384 4060 506 4114 qua:
539 4059 636 4114 per
677 4043 954 4098 Christum
996 4043 1099 4098 lata
1148 4053 1252 4099 est.
1313 4046 1525 4102 Rursus
1572 4047 1657 4102 lex
1689 4063 1797 4103 non
1846 4057 1967 4104 erat

383 4135 606 4202 veritas,
638 4136 731 4190 sed
765 4145 922 4206 typus
952 4135 1131 4204 potius
1165 4145 1219 4188 ct
1245 4137 1458 4189 umbra.
1501 4137 1750 4192 Christus
1775 4149 1960 4194 autem

383 4236 439 4282 et
473 4226 590 4298 ejus
625 4226 770 4298 leges
817 4239 950 4297 pure
1007 4234 1061 4280 et
1091 4224 1408 4294 simpliciter
1427 4239 1587 4284 erant
1617 4230 1842 4286 veritas.
1877 4232 1965 4288 Si-

385 4320 600 4388 quidem
630 4320 766 4374 dixit
797 4337 811 4374 :
841 4338 860 4371 ι
899 4320 1007 4389 Ego
1029 4332 1150 4373 sum
1187 4320 1389 4373 veritas
1419 4319 1486 4373 ⁸⁸.
1513 4337 1534 4372 s

2085 485 2566 554 θεοπρεπεστάτων
2612 480 2960 552 ἀξιωμάτων,
2992 481 3027 534 ἃ
3056 483 3148 534 καὶ
3200 482 3485 550 προσεῖναί
3538 499 3670 552 φησι

2079 574 2158 644 τῷ
2199 577 2412 630 πάντων
2443 576 2656 647 Σωτῆρι
2684 572 2923 644 Χριστῷ.
2947 573 3030 624 ὅτι
3061 570 3137 642 μὴ
3179 571 3334 640 ψιλὸς
3384 572 3672 644 ἄνθρωπος

2083 666 2204 718 καθ’
2247 669 2424 736 ἡμᾶς,
2480 665 2594 718 ἀλλ’
2651 661 2756 736 ἦν,
2820 665 2896 728 ὼς
2965 663 3124 732 ἔφην,
3203 664 3512 734 σαρκωΘεὶς
3581 665 3675 718 καὶ

2080 759 2504 830 ἐνανορωπῆσας
2526 761 2554 812 ὁ
2582 757 2876 829 μονογενὴς
2905 755 2999 808 τοῦ
3029 754 3165 808 Θεοῦ
3187 755 3376 824 Λόγος.
3407 757 3473 809 Τί
3495 755 3671 810 τοίνυν

2080 850 2404 921 ὲργάτεται;
2437 851 2620 920 φησίν.
2655 849 2891 912 Πατάξει
2917 849 3022 919 γῆν
3050 849 3127 918 τῷ
3156 848 3300 918 λόγῳ
3327 848 3423 901 τοῦ
3470 849 3675 919 στόμα·
3769 914 3772 916 γ

2084 956 2176 1001 τος
2217 939 2401 993 αὑτοῦ.
2434 941 2544 993 Καὶ
2580 940 2740 992 ποίαν
2770 940 2878 1008 ἄρα
2899 939 3042 1006 γῆν;
3073 938 3323 991 Μάλιστα
3382 938 3482 1008 μὲν
3508 939 3575 1010 ἦν
3610 940 3672 993 ἂν

2079 1029 2473 1100 καταράσαιτο.
2535 1030 2759 1100 ’Λληθὲς
2791 1030 2835 1082 δ’
2866 1028 2932 1082 ἂν
2964 1027 3051 1098 εἴη
3099 1029 3192 1081 καὶ
3237 1029 3332 1082 ἐπὶ
3373 1031 3556 1099 πάσης
3613 1032 3675 1083 τὸ

2077 1121 2385 1192 εἰρημένον.
2445 1125 2814 1194 Κατηράσατο
2859 1121 2967 1191 γάρ
3020 1120 3318 1189 σύμπασαν
3381 1121 3506 1191 γῆν,
3554 1123 3674 1191 ἦτοι

2075 1210 2174 1281 τὴν
2201 1211 2488 1284 ἀνθρώπου
2519 1212 2704 1281 φύσιν,
2734 1210 2904 1264 εἰπὼν
2931 1213 2989 1264 ὲν
3037 1210 3209 1279 Ἀδάμ
3229 1227 3242 1240 ο
3304 1229 3322 1259 ι
3370 1211 3443 1280 Γῆ
3473 1207 3542 1272 εἴ,
3576 1211 3671 1262 καὶ

2077 1306 2157 1366 είς
2187 1305 2290 1373 γῆν
2327 1304 2626 1374 ἀπελεύσῃ.
2669 1323 2688 1356 ι
2739 1303 3105 1374 Κατηράσατο
3165 1301 3273 1372 γὰρ
3315 1301 3467 1354 οὐδὲν
3507 1296 3670 1372 ἦττον

2075 1406 2281 1466 κόσμον
2323 1395 2538 1449 ἀσεϐῶν
2566 1395 2719 1456 ὕδατι
2781 1393 3141 1461 καταπνίξας.
3200 1394 3569 1464 Κατηράσατο
3613 1393 3670 1447 δὲ

2075 1489 2213 1558 πρδς
2261 1485 2476 1549 τούτοις
2517 1484 2621 1557 τὴν
2684 1485 2968 1550 Ἰουδαίαν,
2999 1485 3521 1555 ὲμπαροινησάντων
3573 1484 3669 1536 αύ-

2072 1579 2152 1650 τῷ
2173 1578 2282 1632 τῶν
2321 1576 2614 1631 οἰκούντων
2651 1579 2841 1648 αὐτήν.
2910 1577 3055 1646 Ἔφη
3099 1575 3211 1649 γάρ
3242 1592 3256 1605 ·
3309 1595 3328 1628 ι
3399 1575 3671 1647 Ἰερουσαο

2074 1671 2206 1743 λὴμ,
2235 1671 2268 1740 ἡ
2295 1669 2698 1724 ἀποκτείνουσα
2726 1671 2853 1733 τοὺς
2878 1671 3184 1740 προφήτας,
3208 1668 3302 1723 καὶ
3317 1667 3670 1723 λιθοϐολοῦσα

2073 1764 2202 1827 τοὺς
2233 1763 2683 1834 ἀπεσταλμένους
2719 1761 2853 1831 πρὸς
2883 1764 3054 1830 αὐτὴν
3082 1775 3096 1789 ο
3139 1759 3373 1822 ποσάκις
3424 1758 3668 1829 ἠθέλησα

2075 1857 2498 1923 ἐπισυναγαγεῖν
2535 1854 2600 1907 τὰ
2641 1854 2805 1907 τέκνα
2859 1869 2978 1914 σου,
3041 1851 3101 1905 ὃν
3141 1851 3341 1922 τρόπον
3367 1851 3519 1923 ὅρνις
3548 1853 3670 1904 ὲπι-

2075 1947 2392 2014 συνάγειτά
2433 1946 2620 2000 νοσσία
2665 1945 2865 2015 ἑαυτῆς
2913 1944 3018 1998 ὑπὸ
3071 1943 3171 2006 τὰς
3226 1943 3527 2014 πτέρυγας.
3574 1945 3667 1997 καὶ

2073 2037 2174 2091 ούκ
2210 2037 2548 2108 ὴθελήσατες
2611 2035 2718 2088 ἰδοὺ
2750 2035 2972 2102 ἀφίεται
3011 2035 3141 2104 ὑμῖν
3181 2035 3208 2087 ό
3238 2031 3388 2097 οἶκος
3415 2034 3593 2103 ὑμῶν.
3639 2053 3657 2085 ι

2088 2128 2177 2183 Ἐν
2206 2128 2314 2199 γὰρ
2365 2127 2463 2198 τῷ,
2497 2127 2716 2196 ἀφίεται
2736 2125 2863 2197 ύμῖν
2899 2127 2926 2178 ό
2967 2122 3113 2189 οἶκος
3142 2123 3316 2196 ὑμῶν,
3348 2123 3408 2177 τὸ
3441 2124 3540 2193 τῆς
3576 2125 3668 2192 ὲγ-

2075 2220 2447 2290 καταλείψεως
2491 2219 2593 2289 τῆς
2645 2221 2732 2272 ἐπ’
2789 2220 2926 2290 αὐτῇ
2965 2217 3269 2289 γενομένης
3322 2217 3665 2284 διαφαίνεται

2075 2312 2267 2376 πάθος.
2323 2309 2842 2380 Ἐγκαταλειφοεῖσα
2881 2311 2941 2364 δὲ
2991 2311 3120 2380 παρ’
3165 2308 3330 2362 αὑτοῦ
3361 2307 3666 2379 δεδαπάνηο

2075 2419 2165 2456 ται
2193 2402 2286 2456 καὶ
2318 2402 2540 2472 πολέμῳ
2573 2401 2666 2454 καὶ
2715 2401 2868 2472 πυρὶ,
2900 2401 2995 2454 καὶ
3012 2402 3133 2464 ταῖς
3159 2399 3265 2454 τῶν
3303 2400 3664 2473 ἀνῃρηκότων

2075 2496 2294 2568 χερσίν.
2333 2495 2562 2567 Ἕτερον
2601 2493 2658 2546 δὲ
2712 2493 2844 2565 πρὸς
2891 2493 3066 2563 τούτῳ
3117 2494 3366 2562 σημεῖον,
3427 2492 3524 2545 καὶ
3564 2493 3667 2560 τῆς

2073 2585 2336 2640 ἀνωτάτω
2381 2585 2662 2655 δυνάμεως
2691 2583 3065 2654 ἀποτέλεσμα,
3097 2583 3157 2636 τὸ
3178 2585 3236 2637 ὲν
3270 2582 3543 2652 πνεύματι
3579 2581 3669 2636 διὰ

2075 2675 2298 2748 χειλέων
2329 2675 2540 2729 ἀνελεῖν
2562 2675 2756 2746 ἀσεϐῆ.
2804 2673 3072 2745 Ἐπετίμα
3107 2672 3218 2744 γὰρ
3249 2676 3363 2736 τοῖς
3414 2673 3665 2744 ἀκαθάρ-

2073 2786 2189 2833 τοις
2218 2767 2515 2839 πνεύμασι.
2570 2768 2664 2822 καὶ
2687 2769 2820 2822 ’ὅσον
2858 2768 2958 2838 μὲν
2988 2760 3122 2837 ἧκεν
3153 2764 3236 2829 εἷς
3273 2782 3336 2834 γε
3367 2765 3427 2818 τὸ
3455 2765 3668 2835 ἀνθρὼ-

2074 2876 2248 2925 πινον,
2304 2862 2337 2931 ὴ
2379 2859 2468 2913 διὰ
2525 2861 2791 2930 στόματος
2849 2859 2945 2912 καί
3006 2857 3231 2929 χειλέων
3287 2858 3663 2911 ἀπεκτυπείτο

2075 2951 2249 3024 φωνὴ,
2301 2954 2368 3023 τῇ
2405 2951 2464 3004 δὲ
2494 2952 2718 3023 ἀρρήτῳ
2745 2949 2973 3020 δυνάμει
3019 2947 3114 3002 τοῦ
3149 2947 3517 3018 πνεύματοςή
3556 2947 3666 3001 τῶν

2073 3044 2369 3116 δαιμονίων
2393 3043 2602 3115 πληθὺς
2641 3040 3017 3113 συνεοραύετο.
3052 3041 3248 3095 Ἔσται
3278 3040 3355 3104 δὲ,
3380 3039 3534 3110 φησὶ,
3570 3041 3667 3094 καὶ

2071 3135 2383 3208 δικαιοσύνῃ
2411 3134 2721 3206 ὲξωσμὲνος
2749 3134 2848 3206 τὴν
2887 3134 3059 3203 όσφὺν
3087 3133 3273 3199 αὐτοῦ,
3305 3133 3399 3186 καὶ
3433 3133 3668 3202 ἀληθεία

2072 3226 2359 3297 εἰλημένος
2409 3225 2507 3288 τὰς
2559 3223 2823 3295 πλευράς.
2874 3223 3101 3293 Ὅμοιον
3144 3223 3253 3294 γὰρ
3305 3225 3380 3286 ὡς
3411 3225 3457 3276 εἰ
3489 3223 3665 3290 λέγοι,

2075 3318 2318 3388 Δύναμις
2345 3316 2518 3388 αύτῷ,
2549 3317 2642 3369 καὶ
2669 3315 2886 3386 ἀξίωμα
2939 3315 3048 3368 τῶν
3106 3316 3204 3385 μὲν
3261 3316 3319 3366 ὲν
3364 3315 3556 3384 κόσμῳ
3602 3314 3667 3366 τὸ

2071 3409 2293 3478 σύμπαν
2324 3407 2494 3472 οὐδὲν,
2519 3407 2645 3472 δόξα
2665 3409 2720 3460 δὲ
2751 3407 2950 3478 μᾶλλον
2978 3409 3011 3478 ἡ
3040 3405 3371 3478 Θεοπρεπὴς,
3395 3406 3492 3459 καὶ
3544 3401 3665 3460 οἷον

2069 3497 2305 3565 ὲξῶσθαι
2355 3495 2674 3570 δικαιοσύνῃ
2707 3497 2803 3550 καὶ
2840 3496 3089 3568 ἀληθείᾳ.
3139 3495 3292 3566 Ζώνη
3338 3497 3396 3550 δὲ
3437 3500 3667 3567 σημεῖον

2067 3589 2266 3662 ἀρχῆς,
2300 3589 2396 3644 καὶ
2435 3589 2496 3643 τὺ
2541 3588 2788 3659 είλῆσθαι
2841 3586 3022 3656 λέγειν
3066 3587 3230 3641 αὐτὸν
3255 3586 3354 3650 τὰς
3396 3587 3662 3657 πλευρὰς,

2067 3680 2256 3753 ἕτερον
2285 3680 2440 3734 ούδὲν
2467 3678 2554 3750 είη
2578 3678 2644 3732 ἂν
2676 3677 2708 3750 ἢ
2756 3676 2890 3731 αὐτὸ
2926 3675 2990 3746 δὴ
3030 3674 3187 3730 τοῦτο
3224 3677 3666 3747 κατασημαίνον-

2067 3789 2182 3836 τος,
2223 3773 2306 3826 ὅτι
2338 3771 2591 3842 καθάπερ
2633 3769 2757 3823 τινὰ
2818 3769 3081 3840 ζωστῆρα
3140 3769 3513 3839 περικείσεται
3561 3769 3666 3839 τὴν

2065 3864 2437 3932 δικαιοσύνην,
2469 3862 2566 3915 καὶ
2596 3860 2734 3933 πρὸς
2767 3861 2901 3933 αὐτῇ
2940 3860 3039 3931 τὴν
3073 3859 3348 3933 ἀληθειαν.
3392 3861 3554 3924 Εἰκὸς
3606 3862 3665 3915 δὲ

2065 3956 2130 4025 δὴ
2161 3957 2242 4008 ὅτι
2277 3954 2373 4006 καὶ
2399 3951 2746 4022 δικαιοσύνην
2777 3951 2871 4006 καὶ
2903 3950 3167 4022 ἀλήθειαν
3228 3951 3289 4003 τὸ
3322 3950 3443 4006 νέον
3470 3968 3532 4006 τε
3570 3952 3667 4007 καὶ

2065 4045 2424 4117 εύαγγελικδν
2466 4045 2775 4098 ἀπεκάλεσε
2832 4047 3119 4116 κήρυγμα,
3175 4045 3318 4098 κατά
3343 4063 3402 4098 τε
3461 4045 3524 4098 τὺ
3575 4046 3666 4100 διὰ

2063 4137 2164 4206 τῆς
2223 4133 2317 4188 τοῦ
2360 4132 2653 4203 ψάλλοντος
2693 4134 2878 4202 φωνῆς
2931 4131 3066 4201 πρὸς
3111 4131 3275 4184 αὑτὸν
3327 4133 3622 4205 εἰρημένον
3646 4149 3664 4164 ο

2071 4251 2090 4285 ι
2127 4232 2192 4284 'H
2228 4225 2543 4296 δικαιοσύνη
2579 4242 2672 4278 σου
2701 4225 3014 4294 δικαιοσύνη
3046 4225 3125 4286 εἰς
3156 4223 3247 4278 τὸν
3276 4225 3448 4278 αἰῶνα
3468 4241 3482 4254 ο
3515 4225 3611 4278 καὶ
3638 4227 3670 4280 ό

2066 4325 2231 4395 νόμος
2279 4338 2372 4374 σου
2404 4317 2650 4390 ἀλήθεια.
2703 4335 2721 4368 ι
2761 4317 3124 4388 Δικαιοσύνης
3155 4317 3255 4386 μὲν
3280 4316 3390 4388 γὰρ
3415 4316 3670 4371 διδάσκα.

380 4413 476 4478 λος
500 4415 639 4470 καὶό
667 4416 828 4485 νόμος
851 4411 940 4487 ἦν.
970 4415 1086 4469 ἀλλ’
1113 4415 1172 4468 οὐ
1204 4413 1510 4486 μεμένηκεν
1543 4416 1623 4480 εἰς
1687 4416 1781 4471 τὸν
1826 4421 2022 4488 αἰῶνα,
2097 4421 2197 4488 τῆς
2257 4414 2565 4487 κρείττονος
2623 4412 2716 4464 καὶ
2761 4410 3094 4482 τελεωτέρας
3146 4411 3666 4481 εἰσκεκομισμένης,

383 4506 541 4575 δῆλον
570 4507 627 4560 δὲ
660 4509 741 4560 ὅτι
766 4507 866 4576 τῆς
898 4507 986 4560 διὰ
1025 4505 1282 4577 Χριστοῦ.
1345 4501 1455 4559 Ἢν
1506 4507 1563 4560 δὲ
1613 4510 1710 4562 καὶ
1764 4513 1793 4565 ό
1833 4513 2002 4567 πάλαι
2035 4513 2199 4582 νόμος
2259 4508 2360 4560 οἰκ
2405 4503 2632 4576 ἀλήθεια
2687 4502 2906 4574 μᾶλλον,
2950 4501 3086 4556 ἀλλά
3154 4500 3324 4566 τύπος
3367 4502 3465 4554 καὶ
3513 4501 3665 4555 σκιά·

382 4601 617 4672 Χριστὸς
652 4601 707 4654 δὲ
739 4603 832 4654 καὶ
859 4603 927 4653 τὰ
953 4602 1117 4654 αὑτοῦ
1156 4602 1412 4673 καθαρῶς
1445 4605 1478 4674 ή
1528 4604 1776 4675 ἀλήθεια.
1832 4610 2121 4682 Τοιγάρτοι
2156 4605 2250 4658 καὶ
2281 4603 2550 4672 ἔφασκενο
2591 4617 2610 4650 ι
2654 4598 2796 4666 Ἐγώ
2825 4599 2942 4671 εἰμι
2977 4597 3278 4670 ήάλήοεια.
3324 4617 3345 4651 s

457 4695 619 4764 198
665 4695 824 4748 Vens.
869 4694 988 4747 6-9.
1043 4693 1110 4746 Et
1159 4697 1315 4748 simul
1359 4707 1600 4764 pascetur
1641 4698 1795 4763 lupus
1840 4719 1956 4755 cum

2134 4697 2244 4752 Καὶ
2286 4691 2857 4762 συμόοσκηθήσεται
2901 4691 3091 4754 λύκος
3135 4688 3286 4758 μετὰ
3319 4689 3525 4758 ἀρνὸς,
3563 4687 3666 4742 καὶ

382 4804 538 4857 agno,
563 4796 610 4840 et
635 4785 831 4854 pardus
859 4785 1130 4839 accubabit
1156 4787 1328 4851 Iiwdo,
1353 4797 1400 4839 et
1432 4788 1642 4852 vitulus,
1673 4800 1722 4843 et
1751 4799 1961 4856 taurus,

381 4889 430 4933 et
457 4879 535 4933 leo
569 4877 730 4932 simul
758 4887 1054 4947 pascentur,
1078 4887 1124 4931 et
1151 4894 1282 4946 puer
1328 4879 1575 4948 parvulus
1601 4891 1718 4951 aget
1745 4898 1830 4936 eos
1865 4899 1882 4937 :
1913 4895 1960 4938 et

381 4973 501 5036 bos,
537 4981 584 5025 et
633 4987 785 5024 ursus
830 4963 1242 5040 compatiuntur,
1279 4983 1326 5025 et
1371 4971 1529 5026 simul
1573 4975 1733 5026 catuli
1781 4991 1960 5029 eorum

380 5074 562 5126 erunt;
590 5071 637 5117 et
669 5062 776 5126 (eo,
805 5071 852 5116 et
884 5062 973 5116 bos
1001 5061 1162 5116 simul
1221 5071 1489 5116 vescentur
1520 5063 1705 5128 paleis.
1737 5063 1806 5118 Et
1833 5082 1962 5132 puer

379 5153 627 5220 parvulus
666 5153 719 5206 in
762 5151 1001 5221 foramen
1042 5152 1317 5220 aspidum,
1346 5162 1393 5204 et
1432 5153 1488 5204 ia
1530 5153 1701 5206 cubile
1742 5153 1960 5220 [actumst

379 5245 620 5312 aspidm»
645 5260 859 5298 insuum
883 5243 1148 5306 immittet,
1176 5258 1268 5296 nec
1293 5243 1507 5306 Iisdem,
1533 5258 1694 5313 neque
1719 5252 1960 5311 poterunt

377 5351 686 5402 quemquam
711 5335 926 5402 perdere
948 5334 1002 5387 in
1027 5344 1201 5386 monte
1227 5342 1412 5386 sancto
1436 5347 1570 5396 meo,
1595 5333 1724 5397 quia
1748 5332 1964 5401 impleta

378 5433 452 5475 est
475 5425 712 5476 universa
736 5435 878 5478 terra
899 5425 1190 5495 cognitione
1213 5425 1448 5489 Domini,
1467 5425 1618 5494 quasi
1641 5441 1778 5490 aqua
1801 5425 1962 5478 multa

379 5515 642 5579 cooperiat
663 5532 827 5572 mare.

2067 4787 2362 4857 πάρδαλις
2383 4783 2924 4838 συναναπαύσεται
2955 4782 3157 4850 ἐρίφῳ,
3181 4780 3280 4835 καὶ
3299 4780 3661 4850 μοσχάριον,

2067 4882 2166 4935 καὶ
2193 4877 2430 4945 ταῦρος.
2470 4874 2568 4928 καὶ
2607 4873 2764 4928 λέων
2814 4873 2933 4942 ἅμα
2979 4871 3497 4940 βοσκηθιὶσονται,
3558 4872 3662 4922 καὶ

2066 4972 2310 5026 παιδίον
2327 4967 2549 5038 μικρὸν
2578 4967 2708 5032 ἄξει
2746 4967 2988 5030 αὐτούς.
3026 4964 3134 5019 Καὶ
3165 4962 3321 5028 ,βοῦς
3351 4964 3445 5015 καὶ
3479 4963 3664 5030 ἄρκος
3711 4964 3727 4973 ’

2066 5063 2187 5132 ἅμα
2213 5059 2730 5127 βοσκηθιὶσονται,
2780 5056 2881 5110 καὶ
2923 5055 3042 5125 ἅμα
3097 5053 3166 5109 τὰ
3218 5053 3425 5108 παιδία
3461 5049 3666 5106 αὐτῶν

2065 5156 2310 5210 ἔσονται
2331 5162 2345 5178 ⁸
2381 5151 2479 5205 καί
2498 5151 2658 5205 λέων
2678 5152 2775 5203 καὶ
2801 5149 2958 5215 ,βοῦς
2983 5148 3104 5217 ἅμα
3132 5146 3420 5218 φάγονται
3439 5145 3663 5213 ἄχυρα,

2068 5246 2176 5300 παὶ
2219 5243 2463 5298 παιδίον
2505 5243 2727 5308 νήπιον
2779 5242 2878 5295 ἐπὶ
2923 5241 3194 5310 τρώγλην
3239 5237 3517 5294 ἀσπίδιον
3559 5236 3665 5290 καὶ

2067 5337 2167 5390 ἐπὶ
2202 5335 2411 5401 κοίτην
2440 5335 2704 5403 ἐγῃόνων
2733 5331 3008 5386 ἀσπίδιον
3037 5331 3152 5398 τὴν
3175 5333 3339 5399 stpa
3353 5327 3662 5383 ἐπιϐαλεῖ-

2069 5428 2164 5482 καὶ
2200 5429 2271 5480 οὐ
2294 5425 2380 5495 μὴ
2414 5423 2927 5489 κακοποιήσωσιν.
2961 5423 3090 5478 οὐδ’
3127 5425 3199 5478 οὐ
3240 5423 3327 5492 μὴ
3363 5421 3666 5476 δύνωνται

2069 5517 2367 5573 ἀπολέσαι
2399 5518 2618 5571 οὐδένα
2655 5517 2754 5569 ἐπὶ
2784 5517 2851 5569 τὸ
2883 5517 3017 5585 ὅρος
3050 5519 3116 5570 τὸ
3141 5517 3313 5587 ἅγιόν
3341 5532 3462 5586 μου
3493 5530 3509 5544 ’
3567 5512 3665 5569 ὅτι

376 5603 726 5673 ἐνεπλήσθη
761 5609 798 5676 ἡ
826 5610 1120 5678 σύμπασα
1167 5613 1271 5666 τοῦ
1316 5612 1529 5682 γνῶναι
1565 5615 1668 5666 τόν
1703 5613 1941 5679 Κύριον,
1968 5612 2046 5677 ὡς
2083 5612 2236 5679 ὕδωρ
2267 5611 2424 5664 πολὺ
2451 5612 2720 5678 καλύψαι
2761 5612 3104 5666 θάλασσαν.
3159 5667 3164 5671 ,

453 5721 495 5751 ⁸²
522 5719 656 5777 Gen.
692 5737 770 5790 ιιι,
811 5726 892 5781 l9.
969 5727 1090 5766 “-"’
1118 5727 1304 5784 Matth.
1341 5745 1489 5796 wn,
1518 5729 1604 5796 57,
1635 5726 1721 5784 38.
1799 5729 1844 5760 "
1870 5727 2012 5783 Psal.
2045 5745 2229 5790 cxvut,
2273 5727 2389 5780 ΗΞ.
2467 5726 2688 5784 "Joau.
2728 5743 2838 5794 xw,
2867 5727 2922 5781 6.
