4030 6208
362 252 490 335 δεῖ»

1373 245 1430 301 S.
1473 242 1744 301 CYRILLI
1786 240 2254 307 ΑιΕΧΑΝηιυΝι
2294 240 2607 299 ARCHIEP.

3518 237 3630 292 εει

384 364 700 438 prarpingni.
747 363 855 421 Sed
906 361 1138 429 vitulus,
1178 360 1383 430 inquit,
1421 369 1479 416 et
1524 368 1741 426 taurus,
1776 368 1829 413 ct
1877 358 1960 412 leo

2076 358 2285 428 τροφὴν,
2324 357 2383 408 τὸ
2402 354 2753 424 εὐαγγελικὸν
2783 369 2843 408 τε
2893 355 2987 409 καὶ
3014 351 3368 409 amoliast
3387 352 3631 423 δηλονότι

383 457 544 515 simul
592 466 897 527 pascentur.
936 454 1158 508 Videtur
1200 462 1378 506 autem
1421 453 1646 511 vitulum
1684 450 1955 520 appellare

384 547 649 601 novilium
701 555 756 598 et
819 550 1088 598 recentem
1151 541 1489 597 credentium
1555 541 1832 611 populum,
1901 540 1956 599 in

2057 449 2342 520 κήρυγμα,
2367 449 2461 502 καὶ
2492 448 2580 517 ὑφ’
2609 447 2695 501 ἑνὶ
2717 446 3001 514 γεγονότες
3023 444 3105 515 τῷ
3133 445 3351 499 πάντων
3378 444 3635 515 ἀρχιποι-

2058 539 2329 612 μένει,τῷ
2351 538 2679 610 κατανέμειν
2705 536 2887 603 εἰδότι,
2912 536 3058 590 καθά
3080 553 3244 607 φησιν
3266 538 3298 590 6
3323 536 3633 612 προφήτης,

381 638 602 693 Christo
641 634 847 691 scilicet
879 642 1289 705 puerascentem
1335 651 1350 688 :
1390 641 1602 688 taurum
1639 643 1817 689 autem
1851 633 1959 688 lor-

2076 647 2115 683 ιν
2145 632 2282 703 νομῇ
2300 606 2512 700 ἀγαθῇ,
2547 606 2641 683 διαὶ
2660 630 2716 683 ὲν
2749 628 2900 699 τόπῳ
2926 626 3090 681 πίονι.
3114 627 3275 682 Ἀλλὰ
3302 628 3396 682 καὶ

390 726 547 781 lassis
582 724 865 790 Israelem,
894 724 1039 779 velut
1069 733 1412 780 veteranum.
1442 722 1576 778 Cum
1619 723 1763 779 enim
1804 730 1960 783 tener

2076 738 2195 785 nov,
2224 724 2379 792 φησὶ,
2417 722 2511 776 καὶ
2542 719 2741 793 ταῦρος
2761 720 2858 774 καὶ
2878 719 3015 773 λέων
3041 720 3155 790 ἅμα
3183 718 3631 790 βοσκηοήσονται.

387 816 457 866 sit
499 813 731 876 vitulus,
764 808 953 869 taurus
997 813 1144 883 prior
1188 823 1270 868 est
1308 822 1358 867 et
1400 813 1663 867 maturior
1700 822 1955 883 tempore.

386 903 483 959 Vel
533 919 629 973 per
677 903 899 958 vitulum
950 904 1195 975 designat
1237 919 1358 959 eum
1410 905 1501 974 qui
1549 904 1853 975 cognitione
1905 911 1961 957 et

366 985 584 1049 'Virtute
630 996 851 1048 eminet.
885 992 1051 1060 Quale
1099 1002 1183 1048 est
1229 995 1371 1063 quod
1422 994 1619 1049 dicitur
1671 1011 1685 1048 :
1732 991 1961 1047 Pusillus

382 1102 507 1141 cum
546 1086 780 1157 magnis,
810 1094 862 1139 et
892 1085 1134 1140 seniores
1170 1100 1291 1140 cum
1319 1085 1608 1155 juvenibus
1640 1085 1962 1141 benedicen—

386 1178 517 1241 dos,
544 1177 697 1245 juxta
732 1191 921 1231 vocem
959 1176 1259 1246 psallentis.
1292 1176 1451 1232 Novit
1486 1192 1612 1232 vero
1649 1185 1705 1233 et
1740 1177 1961 1246 sapien-

389 1266 634 1322 tissimus
688 1264 926 1320 Joannes
975 1265 1171 1320 mentis
1207 1277 1262 1321 et
1296 1266 1459 1321 animi
1500 1276 1714 1322 aetatem
1778 1267 1957 1321 talem.

389 1357 592 1413 Scribit
630 1358 796 1428 igitur
830 1366 885 1410 et
919 1357 1190 1427 patribus,
1220 1368 1275 1413 et
1308 1358 1574 1429 parvulis,
1608 1366 1661 1413 et
1695 1366 1958 1428 prasterea

388 1449 551 1518 260
604 1447 1058 1512 adolescentibus,
1111 1462 1455 1516 comparans,
1504 1448 1760 1515 arbitror,
1814 1464 1965 1503 men-

388 1551 569 1591 suram
602 1536 862 1606 cnjnsqne
897 1536 1126 1603 mentis,
1154 1545 1208 1590 et
1236 1535 1441 1592 notitia:
1474 1548 1529 1593 et
1559 1538 1750 1593 divinas
1780 1538 1964 1609 cogni—

390 1629 552 1683 tionis
584 1642 872 1698 corporum
904 1627 1176 1682 aetatibus.
1204 1625 1506 1681 Pascentur
1535 1627 1734 1699 itaque,
1764 1628 1959 1698 inquit,

388 1720 547 1774 simul
593 1727 647 1772 et
674 1734 781 1772 uno
813 1720 866 1771 in
897 1717 1036 1781 loco,
1060 1717 1279 1782 vitulus,
1300 1730 1355 1772 et
1385 1725 1594 1785 taurus,
1616 1730 1673 1774 et
1698 1717 1800 1774 leo.
1827 1720 1962 1775 Tum

386 1809 668 1864 commode
702 1807 864 1863 vitulo
901 1817 954 1863 et
1016 1816 1170 1864 tauro
1203 1808 1411 1863 leonem
1447 1809 1716 1882 adjungit,
1753 1822 1811 1866 ut
1848 1828 1968 1866 rur-

390 1914 484 1954 sus
517 1898 855 1970 mnigmatice
880 1906 934 1953 et
961 1899 1193 1954 obscure
1226 1900 1594 1970 subintelligas
1626 1900 1729 1956 ﬁde
1760 1901 1963 1970 justiﬁ-

390 1996 562 2054 catos,
581 1995 636 2043 ct
667 1996 883 2057 sceptro
904 1987 1106 2043 Christi
1129 1988 1370 2043 omnium
1395 1998 1637 2045 nostrum
1664 1991 1968 2053 Servatnris

389 2079 697 2149 subjectos,
769 2094 876 2134 non
928 2092 994 2134 ex
1044 2078 1174 2135 solis
1222 2094 1346 2135 esse
1388 2080 1601 2157 mundis
1641 2091 1694 2136 et
1736 2083 1966 2151 sanctis,

390 2182 582 2237 nempe
597 2181 664 2223 ex
685 2168 909 2237 placidis
932 2178 988 2224 et
1018 2168 1257 2234 mitibus,
1284 2169 1339 2224 id
1362 2177 1465 2237 est,
1490 2183 1553 2225 ex
1573 2170 1689 2241 lege
1712 2186 1968 2227 mansue-

392 2258 580 2326 factis,
615 2260 711 2314 sed
744 2259 908 2314 etiam
940 2274 1008 2314 ex
1047 2261 1385 2331 agrestibus,
1416 2261 1667 2318 videlicet
1697 2278 1761 2319 ex
1795 2264 1969 2334 genti-

394 2350 523 2418 bus,
564 2350 967 2422 conglutinante
1020 2359 1075 2407 et
1150 2352 1221 2408 ad
1271 2354 1615 2409 concordiam
1667 2354 1967 2425 animorum

388 2452 748 2513 compoueute
770 2456 865 2501 eos
888 2452 1131 2498 nostrum
1153 2443 1393 2498 omnium
1421 2442 1711 2500 Servatore
1732 2445 1967 2514 Christo,

387 2544 444 2592 et
482 2542 680 2590 bonum
730 2534 856 2590 inde
895 2533 1061 2589 etiam
1108 2534 1162 2588 in
1207 2533 1346 2588 tllios
1390 2532 1645 2600 liliorum,
1680 2536 1733 2589 id
1770 2545 1873 2602 est,
1905 2551 1970 2591 ex

397 2629 531 2698 ipsis
587 2637 742 2682 natos
805 2625 1223 2682 transmittente.
1270 2623 1404 2680 Nam
1436 2626 1541 2682 huc
1589 2626 1750 2681 etiam
1779 2644 1974 2699 propa-

390 2728 547 2787 ‘gatnr
569 2734 597 2772 a
625 2719 780 2773 nobis
802 2732 905 2787 pax
930 2716 1153 2786 Christi,
1171 2726 1227 2773 et
1249 2718 1626 2773 consensionis
1648 2720 1969 2789 animorum,

390 2822 447 2866 et
474 2810 594 2866 tldei
626 2812 846 2865 bonum.
877 2808 1022 2864 Istuc
1051 2812 1220 2875 enim,
1247 2819 1396 2881 puto,
1423 2810 1659 2866 ostendit
1688 2825 1811 2866 cum
1840 2810 1973 2879 adji-

390 2903 460 2958 cit
497 2920 511 2956 :
549 2900 722 2957 Simul
753 2902 915 2956 catuli
949 2916 1137 2958 eorum
1168 2910 1350 2968 erunt,
1381 2911 1438 2959 et
1466 2901 1571 2968 leo,
1599 2888 1653 2959 et
1683 2904 1781 2959 bos
1813 2903 1973 2959 simul

2063 816 2247 870 Ἕοικε
2267 814 2323 868 δὲ
2345 813 2642 885 μοσχάριον
2671 811 2986 876 ἀποκαλεῖν,
3014 810 3107 864 τὸν
3131 811 3370 881 ἀρτιφυᾶ
3388 811 3485 863 καὶ
3512 809 3637 862 νέον

2058 909 2169 965 τῶν
2198 909 2606 963 πιστευσάντων
2630 905 2776 970 λαὸν,
2811 903 2956 959 τοῦτ’
3006 902 3142 968 εστι,
3187 903 3280 957 τὸν
3328 905 3387 957 ὲν
3414 901 3636 974 Χριστῷ

2059 1001 2409 1072 νηπιάζοντα·
2467 997 2669 1068 ταῦρον
2716 998 2774 1052 δὲ
2816 996 2960 1068 τάχα
3013 1013 3115 1050 που
3162 994 3258 1049 τὸν
3299 994 3512 1066 Ἰσραὴλ
3555 997 3638 1051 ὡς

2060 1091 2429 1165 πρεσϐυγενῆ.
2464 1088 2702 1159 Νεογνοῦ
2751 1088 2862 1161 γὰρ
2908 1088 3108 1160 μόσχου
3138 1086 3471 1157 πρωτερεύει
3494 1083 3631 1139 ταῦτ

2062 1200 2156 1256 ρος
2181 1182 2323 1236 κατὰ
2365 1181 2457 1235 τὸν
2477 1180 2689 1252 χρόνον.
2724 1180 2929 1247 Ἦγουν
2968 1175 3057 1232 διὰ
3107 1176 3308 1246 μόσχου
3343 1174 3637 1246 καταδηλοῖ

2058 1274 2153 1327 τὸν
2183 1273 2260 1337 ὼς
2284 1274 2341 1326 ἐν
2361 1270 2560 1341 γνώσει
2586 1287 2646 1324 τε
2680 1269 2772 1323 καὶ
2793 1271 2935 1324 κατὰ
2989 1266 3191 1339 ἀρετὴν
3221 1266 3631 1337 ὑπερκείμενον.

2073 1363 2285 1419 Ὀυτοίόν
2311 1364 2429 1416 ἐστι
2460 1362 2522 1415 τὸ
2541 1359 3002 1432 εὐλογηθήσεσθαι
3034 1357 3215 1427 λέγειν
3241 1356 3392 1428 παρά
3432 1355 3637 1427 Κυρίου

2060 1460 2188 1521 τοὺς
2218 1456 2485 1526 σμικροὺς
2516 1452 2655 1525 μετά
2709 1453 2818 1508 τῶν
2852 1450 3125 1524 μεγάλων.
3179 1450 3276 1504 καὶ
3327 1447 3638 1521 πρεσϐύτας

2067 1547 2209 1620 μετά
2238 1547 2348 1601 τῶν
2378 1545 2678 1617 νεωτέρων,
2718 1542 2858 1598 κατά
2903 1542 3003 1614 τὴν
3034 1539 3130 1596 τοῦ
3179 1540 3476 1611 ψάλλοντος
3521 1555 3637 1606 φωο

2062 1640 2182 1710 νην.
2207 1635 2362 1693 υίδεν
2399 1637 2457 1693 δὲ
2482 1637 2577 1692 καὶ
2598 1636 2627 1688 ὁ
2663 1634 2968 1705 σοφώτατος
3001 1632 3255 1704 Ἰωάννης
3308 1629 3399 1685 νοῦ
3420 1630 3514 1684 καὶ
3538 1628 3643 1699 ψδ-

2065 1727 2167 1799 χῆς
2194 1727 2411 1798 ἡλικίαν
2439 1725 2714 1796 τοιαύτην.
2748 1722 2955 1794 Γράφει
3002 1719 3133 1789 γοῦν
3155 1719 3250 1773 καὶ
3276 1718 3513 1788 πατράσι
3545 1717 3640 1769 καὶ

2064 1817 2429 1881 παιδίοις,καὶ
2454 1816 2589 1888 πρός
2600 1832 2666 1885 γε
2690 1813 2868 1885 τούτῳ
2889 1813 2985 1867 καὶ
3007 1811 3339 1874 νεανίσκοις,
3357 1809 3440 1873 τὸ,
3463 1804 3639 1877 οἶμαι,

2064 1912 2164 1981 τῆς
2194 1909 2424 1964 ἑκάστου
2453 1907 2693 1971 διανοίας
2741 1906 2802 1959 τὸ
2852 1905 3071 1976 μίτρον,
3093 1903 3213 1974 ἦτοι
3254 1901 3517 1963 συνέσεως
3548 1900 3642 1953 καὶ

2062 2001 2417 2071 θεογνωσίας,
2458 2002 2577 2064 ταῖς
2607 1998 2715 2053 τῶν
2749 1999 3018 2069 σωμάτων
3064 1995 3305 2067 ἡλικίαις
3333 1993 3637 2074 ἀφομοιῶν.

2067 2092 2514 2166 Βοσκηθήσονται
2539 2089 2740 2153 τοίνυν,
2773 2095 2961 2161 φησιν,
2980 2090 3097 2159 ἅμα
3124 2087 3221 2142 καὶ
3247 2084 3393 2140 κατά
3420 2084 3642 2146 ταύτὸν,

2070 2182 2367 2255 μοσχάριον
2395 2181 2491 2237 καὶ
2508 2178 2727 2250 ταῦρος,
2755 2180 2849 2235 καὶ
2870 2179 3028 2234 λέων.
3059 2176 3374 2233 ’Δναπλέκει
3402 2175 3460 2230 δὲ
3482 2175 3644 2229 πάλιν

2069 2274 2356 2347 χρησίμως
2409 2271 2690 2344 μοσχαρίῳ
2742 2288 2802 2326 τε
2854 2271 2950 2324 καὶ
2982 2268 3168 2341 ταύρῳ
3190 2269 3281 2323 τὸν
3314 2267 3522 2329 λέοντα,
3556 2266 3644 2320 ἶνα

2071 2364 2233 2419 πάλιν
2290 2361 2703 2434 αἰνιγματωδῶς
2754 2363 2941 2432 ὲννοῇς
2989 2360 3114 2424 τοὺς
3164 2360 3227 2413 ἐν
3280 2358 3460 2412 πίστει
3509 2357 3646 2410 δεδικν

2071 2454 2430 2523 καιωμένους,
2462 2454 2556 2508 καὶ
2586 2452 2690 2508 ὑπὸ
2739 2453 2997 2524 σκῆπτρα
3042 2451 3336 2521 γεγονότας
3380 2448 3473 2502 τοῦ
3511 2449 3649 2504 πάν-ι

2071 2562 2179 2600 των
2209 2545 2366 2616 ήμῶν
2396 2543 2647 2616 Σωτῆρος
2673 2542 2912 2614 Χριστοῦ
2954 2543 3057 2601 οὐκ
3084 2545 3151 2597 ἐκ
3191 2541 3369 2613 μόνων
3393 2538 3527 2594 εἶναι
3548 2556 3649 2593 κα-

2073 2635 2252 2706 θαρῶν
2277 2651 2336 2688 τε
2361 2635 2455 2690 καὶ
2487 2634 2668 2706 ἱερῶν,
2695 2635 2862 2705 ἤγουν
2895 2633 2955 2699 ἐξ
2977 2633 3196 2705 ἡμέρων
3227 2648 3286 2686 τε
3320 2630 3413 2684 καὶ
3434 2629 3650 2700 πράων,

2072 2725 2216 2780 τοῦτ’
2251 2724 2388 2790 ἔστι,
2442 2723 2552 2779 τῶν
2601 2723 2690 2778 διὰ
2743 2722 2836 2777 τοῦ
2896 2723 3060 2795 νόμου
3112 2720 3648 2791 τετιθασσευμένων,

2072 2817 2209 2871 ἀλλά
2231 2815 2338 2888 γὰρ
2365 2814 2460 2870 καὶ
2483 2817 2548 2869 ὲκ
2573 2814 2682 2869 τῶν
2705 2815 2930 2884 ἀγρίων,
2952 2813 3108 2885 δῆλον
3127 2813 3185 2868 δὲ
3210 2814 3291 2868 ὅτι
3317 2813 3426 2867 τῶν
3453 2811 3650 2877 ἐθνῶν,

2076 2907 2417 2979 συνείροντος
2451 2910 2531 2972 εἰς
2559 2907 2862 2979 ὁμοψυχίαν
2888 2907 3085 2970 αὐτοὺς
3116 2905 3211 2959 τοῦ
3249 2906 3471 2961 πάντων
3490 2903 3651 2975 ἡμῶν

390 3001 685 3047 vescentur
731 2991 929 3061 paleis,
973 2990 1173 3061 inquit.
1217 2990 1458 3048 Observa
1506 2994 1648 3064 quod
1693 2993 1825 3049 dicit
1866 3010 1970 3050 non

2077 3001 2327 3072 Σωτῆρος
2356 2999 2615 3070 Χριστοῦ,
2667 2998 3131 3071 παραπέμποντος
3178 3014 3240 3051 τε
3283 2996 3346 3051 τὸ
3397 2993 3653 3055 ἐντεῦθεν

394 3086 525 3138 mite
555 3084 607 3137 in
636 3083 949 3137 alimentum
972 3076 1105 3139 leris
1130 3084 1409 3150 usitatum,
1428 3086 1523 3140 sed
1550 3086 1604 3140 in
1632 3086 1780 3141 mitis
1805 3088 1975 3141 nutri-

393 3176 592 3228 tionem
640 3174 814 3228 ferum
861 3173 1189 3242 demigrare.
1232 3174 1537 3231 Carnivora
1577 3176 1772 3249 quippe
1818 3178 1977 3249 plane

394 3274 525 3319 sunt
558 3277 720 3318 ursus
752 3273 807 3320 et
839 3263 921 3319 leo
956 3281 972 3319 :
1005 3264 1102 3320 bos
1137 3273 1315 3320 autem
1353 3276 1409 3323 et
1439 3267 1642 3324 vitulus
1662 3310 1678 3337 ,
1709 3280 1763 3324 et
1795 3271 1978 3326 lnmlus

396 3370 501 3409 non
546 3355 652 3421 ita,
686 3356 781 3410 sed
828 3354 1029 3411 herbas
1076 3367 1306 3427 carpunt
1345 3357 1611 3427 ejusmodi
1659 3362 1973 3417 animantia.

396 3444 559 3515 Atqui
601 3460 630 3498 a
663 3446 937 3501 consuetis
967 3459 1031 3500 ac
1059 3445 1267 3513 solitis,
1294 3447 1497 3519 inquit,
1525 3449 1792 3508 silvestria
1826 3468 1977 3508 rece-

397 3537 547 3601 dent,
573 3546 628 3591 et
659 3536 840 3607 pctius
869 3536 936 3593 ad
966 3537 1173 3593 cibaria
1206 3549 1609 3596 mansuetorum
1646 3545 1974 3611 transibunt,

398 3637 455 3683 et
486 3628 570 3683 illa
602 3638 895 3685 vescentur
925 3629 1104 3700 palea.
1136 3629 1318 3701 Typus
1349 3641 1530 3687 autem
1566 3634 1823 3691 doctrina:
1857 3653 1978 3708 pos-

2077 3092 2281 3161 ἀγαοὸν
2314 3091 2407 3145 καὶ
2431 3091 2511 3155 εἰς
2564 3091 2774 3144 παίδων
2805 3089 3021 3153 παῖδας,
3061 3090 3181 3162 ἦτοι
3208 3088 3334 3152 τοὺς
3360 3086 3418 3152 ἐξ
3448 3085 3650 3141 αὐτῶν.

2089 3181 2419 3236 Ἐκτείνεται
2459 3182 2570 3251 γὰρ
2598 3184 2678 3245 είς
2708 3181 2869 3253 δεῦρο
2914 3181 3009 3237 καὶ
3060 3182 3191 3254 παρ’
3216 3182 3349 3252 ἡμῖν
3390 3180 3424 3251 ἡ
3458 3180 3655 3251 εἰρήνη

2077 3271 2338 3345 Χριστοῦ,
2370 3274 2464 3327 καὶ
2493 3273 2554 3326 τὸ
2581 3274 2647 3326 ὲκ
2664 3274 2764 3344 τῆς
2781 3271 3083 3343 ὁμοψυχίας
3114 3289 3171 3325 τε
3196 3270 3331 3342 ὁμοῦ
3375 3271 3467 3324 καὶ
3517 3272 3657 3338 ὁμοέ

2079 3366 2295 3429 πιστίας
2320 3365 2546 3435 ἀγαθόν.
2569 3365 2740 3420 Τοῦτο
2763 3364 2871 3438 γάρ
2891 3405 2906 3431 ,
2942 3361 3116 3436 οἶμαι,
3144 3363 3293 3434 δηλοῖ
3322 3361 3659 3434 προστιθεὶς.

2077 3459 2162 3513 ὅτι
2214 3456 2330 3530 ἅμα
2382 3457 2450 3512 τὰ
2491 3457 2681 3512 παιδία
2729 3456 2910 3512 αὐτῶν
2955 3455 3190 3521 ἔσονται,
3238 3456 3332 3511 καὶ
3376 3453 3517 3509 λέων
3558 3452 3660 3506 καὶ

2081 3548 2211 3620 βοῦς
2240 3548 2357 3620 ἅμα
2389 3548 2656 3618 φάγονται
2689 3548 2884 3620 άχυρα,
2915 3547 3102 3617 φησίν.
3166 3546 3526 3619 Ἐπιτήρησον
3570 3544 3661 3599 ὅτι

2080 3640 2142 3695 ού
2167 3639 2228 3693 τὸ
2253 3640 2460 3711 ἥμερον
2497 3640 2577 3704 είς
2597 3639 2696 3710 τὴν
2721 3640 2835 3703 τοῖς
2871 3639 3085 3711 ἀγρίοις
3117 3636 3533 3707 κατειθισμένην
3558 3651 3659 3705 μερ-

400 3721 477 3775 sit
526 3734 647 3777 esse
682 3721 800 3777 hac
842 3720 1038 3793 pastio.
1066 3720 1163 3778 Est
1195 3722 1360 3794 igitur
1392 3724 1827 3796 intelligendum,
1856 3739 1973 3784 ante

2080 3731 2398 3803 ταφοίτησιν
2428 3730 2533 3802 ἔφη
2560 3728 2769 3802 τροφὴν
2793 3770 2809 3795 ,
2856 3729 2969 3784 ἀλλ’
3000 3731 3077 3794 εἰς
3101 3729 3200 3800 τὴν
3239 3727 3334 3782 τοῦ
3364 3726 3569 3800 ἡμέρου
3592 3726 3663 3789 τὲ
3716 3746 3725 3753 ’

401 3815 558 3868 tidem
590 3813 645 3868 in
679 3812 953 3869 Christum
998 3824 1185 3886 gentes
1250 3815 1524 3886 improbos
1556 3818 1812 3874 habuisse
1846 3835 1973 3889 prae.

2083 3819 2274 3890 ἄγριον
2303 3837 2318 3851 ο
2354 3818 2660 3892 σαρκοϐόρα
2709 3818 2809 3889 μὲν
2845 3819 2953 3891 γὰρ
2985 3818 3425 3890 ὁμολογουμένως
3454 3817 3663 3887 ἄρκτος

400 3913 685 3975 ceptores,
728 3906 1014 3977 pecuinam
1069 3904 1175 3962 illis
1228 3908 1508 3965 tradentes
1555 3908 1885 3976 doctrinam,
1930 3919 1973 3968 et

2084 3911 2180 3966 καὶ
2204 3911 2360 3976 λέων,
2395 3909 2520 3981 βοῦς
2540 3911 2597 3964 δὲ
2618 3911 2713 3966 καὶ
2743 3911 2967 3983 μόσχος,
2999 3911 3167 3981 ἡγουν
3213 3910 3400 3983 ἔριφος
3426 3907 3618 3962 οὐκέτι
3640 3921 3659 3940 ο

400 4011 567 4067 porro
627 3998 955 4062 suadentes,
1023 3999 1431 4067 corruptissima
1497 4009 1552 4056 et
1621 4000 1973 4074 perditissima

2090 4002 2352 4075 ποηφαγῆ
2374 4002 2431 4056 δὲ
2465 4002 2665 4074 μᾶλλον
2694 4002 2761 4056 τά
2783 4002 2961 4058 τοιάδε
2986 4002 3094 4056 τῶν
3120 4001 3293 4068 ζώων.
3338 3998 3499 4054 Ἀλλά
3549 3998 3664 4051 τῶν

402 4088 729 4143 consectari.
758 4088 832 4143 At
859 4084 951 4141 ubi
981 4083 1047 4138 ad
1074 4084 1401 4157 agnitionem
1433 4087 1545 4156 Dei,
1575 4090 1665 4159 qui
1695 4107 1822 4147 vere
1848 4093 1973 4148 Deut

2086 4095 2144 4149 ὲν
2174 4094 2310 4160 ἔθει,
2341 4094 2525 4165 φησιν,
2555 4093 2616 4147 τὸ
2637 4094 2826 4166 ἄγριον
2844 4095 3233 4165 ἀποστήσεται.
3266 4090 3666 4162 Μεταχωρήσει

403 4189 506 4245 est,
557 4178 733 4233 vocati
784 4185 1098 4243 sunt,‘tum
1150 4176 1310 4230 simul
1357 4191 1385 4230 a
1436 4179 1663 4247 pristino
1706 4197 1892 4239 errore
1934 4194 1973 4239 et

2088 4189 2145 4242 δὲ
2171 4187 2369 4258 μᾶλλον
2394 4186 2486 4240 ἐπὶ
2524 4185 2621 4258 τὴν
2647 4186 2754 4240 τῶν
2793 4186 3014 4258 ἡμέρων
3050 4183 3274 4257 τροφὴν,
3313 4181 3670 4254 άχυροφαγή-

402 4269 668 4326 doctrinis
694 4269 749 4323 in
773 4268 973 4338 quibus
1000 4267 1221 4323 enutriti
1253 4277 1309 4322 et
1350 4268 1561 4324 educati
1582 4280 1728 4338 sunt,
1751 4275 1992 4331 descive-

2093 4294 2176 4332 σει
2205 4278 2314 4350 γάρ
2348 4278 2442 4332 καὶ
2474 4276 2632 4331 αὐτά.
2684 4276 2795 4331 Καὶ
2832 4276 3001 4342 τύπος
3031 4276 3097 4330 ἂν
3126 4276 3211 4346 εἴη
3252 4273 3595 4357 διδάγμάτων
3628 4272 3668 4342 ἡ

403 4372 560 4427 runt,
583 4360 830 4415 ﬂoridum
861 4368 917 4417 et
942 4359 1150 4416 deliciis
1176 4358 1480 4415 alnuentem
1508 4374 1720 4430 pastum
1755 4380 1973 4435 evange-

2092 4377 2284 4444 τροφή.
2314 4372 2469 4424 Ἐστι
2500 4369 2678 4424 τοίνυν
2704 4370 2923 4434 ἐννοεῖν,
2940 4370 3021 4423 ὅτι
3050 4367 3155 4440 πρὸ

409 4450 636 4503 licarnm
665 4449 1072 4504 institutionum
1094 4448 1255 4503 simul
1280 4461 1402 4502 cum
1423 4447 1677 4508 lsraelitis
1696 4465 1983 4513 sectantes.

406 4539 696 4603 Cancrum,
725 4538 921 4607 inquit,
953 4538 1117 4593 etiam
1150 4551 1286 4608 puer
1312 4540 1570 4605 parvulus
1596 4541 1759 4599 ducet
1787 4559 1904 4614 eos,
1932 4546 1985 4603 id

409 4638 527 4693 est,
555 4629 830 4696 magistris
874 4628 1231 4698 subjirienlur
1271 4644 1560 4701 puerorum
1604 4633 1987 4694 formaloribus

411 4736 519 4777 non
567 4720 762 4775 acerba
818 4728 1001 4775 mente
1049 4720 1305 4790 vitiisque
1353 4722 1531 4779 dedita
1576 4727 1846 4796 prwditis,
1890 4729 1985 4784 sed

411 4812 591 4883 potius
619 4808 986 4880 simplicibus,
1017 4817 1073 4864 et
1101 4810 1153 4865 in
1190 4812 1395 4867 malitia
1427 4814 1751 4883 infantibus,
1778 4819 1990 4873 animo-

416 4918 523 4973 que
568 4901 934 4973 sapientibus,
968 4902 1158 4972 quales
1210 4905 1435 4960 omnino
1484 4916 1609 4962 sunt
1656 4906 1984 4977 Christiani,

416 4995 653 5049 divinum
714 4993 975 5050 habentes
1037 4996 1350 5053 thesaurum
1407 4998 1565 5070 201
1624 5000 1677 5054 in
1744 5004 1993 5059 testaceis

417 5084 677 5151 vasculis,
703 5091 757 5140 et
781 5087 943 5141 corde
971 5088 1327 5156 perversitate
1355 5103 1418 5145 ac
1451 5092 1796 5161 improbitate
1823 5094 1990 5151 libero

416 5176 659 5247 praediti,
688 5191 751 5232 ac
779 5192 951 5247 nuper
979 5179 1118 5234 natis
1145 5179 1388 5249 puerulis
1421 5181 1561 5236 nulla
1594 5183 1647 5238 in
1681 5202 1736 5240 re
1769 5186 1991 5242 inferio-

416 5284 526 5323 res.
553 5268 714 5324 Tales
747 5268 887 5323 enim
918 5266 1035 5340 ipse
1064 5270 1323 5325 Servator
1349 5272 1539 5342 dignos
1569 5289 1690 5332 esse
1721 5280 1795 5333 ait
1827 5295 1992 5351 regno

417 5360 676 5413 Helorum
713 5376 728 5413 :
766 5377 788 5411 ε
819 5358 995 5416 Sinite
1023 5361 1191 5427 enim,
1222 5362 1412 5432 inquit,
1443 5379 1661 5434 pueros,
1693 5379 1745 5423 et
1776 5385 1841 5424 ne
1869 5387 1995 5441 pro-

417 5448 604 5502 ltibetc
637 5450 757 5504 illos
783 5451 972 5505 venire
1010 5452 1079 5506 ad
1115 5467 1232 5520 me,
1264 5454 1449 5509 talium
1481 5466 1563 5511 cst
1586 5458 1728 5513 enim
1767 5476 1985 5531 regnum

416 5540 679 5594 tta-lorum
721 5540 791 5598 ".
840 5559 861 5592 ι
911 5543 1065 5609 Quod
1117 5556 1327 5614 autem,
1379 5549 1507 5604 licet
1560 5550 1985 5610 innocentissimi

390 5640 400 5670 ·’
491 5659 538 5690 ⁸⁸
572 5657 757 5713 Matth.
798 5674 909 5728 six,
943 5664 1023 5719 l4.

2091 4464 2189 4535 τῆς
2223 4464 2301 4527 είς
2326 4461 2561 4534 Χριστὸν
2614 4460 2683 4515 τά
2711 4460 2840 4530 ἔθνη
2872 4460 3141 4531 πονηροὺς
3166 4460 3265 4531 μὲν
3290 4457 3556 4530 ἐσχήκασι
3578 4452 3669 4523 διο

2090 4554 2391 4617 δασκάλους
2414 4593 2429 4619 ,
2483 4551 2852 4626 θηριοπρεπὲς
2923 4552 3106 4614 αὐτοῖς
3156 4547 3554 4621 παρατιθέντας
3603 4545 3675 4600 τὸ

2094 4645 2344 4716 μάθημα,
2376 4643 2470 4698 καὶ
2500 4644 2567 4697 τά
2600 4643 2807 4714 φθορᾶς
2831 4658 2890 4695 τε
2920 4641 3017 4695 καὶ
3047 4640 3319 4703 ἀπωλείας
3340 4639 3477 4711 ἔργα
3497 4638 3673 4708 τιμᾷν

2090 4734 2501 4798 ἀναπείθοντας.
2542 4732 2758 4805 Ἐπειδὴ
2791 4732 2847 4787 δὲ
2875 4730 3168 4805 κέκληνται
3200 4731 3333 4802 πρὸς
3368 4730 3674 4798 ιπὶγνωσιν

2092 4827 2186 4880 τοῦ
2218 4827 2338 4880 κατ’
2365 4824 2622 4898 ἀλήθειαν
2650 4824 2802 4888 ὄντος
2824 4823 2981 4890 Θεοῦ,
3011 4822 3146 4896 ὁμοῦ
3166 4825 3234 4894 τῇ
3263 4821 3465 4896 ἀρχαίᾳ
3489 4819 3674 4892 πλάνῃ

2095 4918 2316 4972 καὶτῶν
2340 4917 2653 4989 συντρόφων
2676 4917 2858 4981 αὐτοῖς
2879 4914 3282 4987 ἀπηλλάττοντο
3308 4912 3672 4984 μαθημάτων,

2094 5007 2193 5080 τὴν
2212 5008 2412 5080 εύανοῆ
2468 5024 2530 5062 τε
2586 5006 2680 5063 καὶ
2737 5006 3130 5080 εὐδιάθρυπτον
3160 5005 3270 5059 τῶν
3299 5000 3674 5071 εὑαγγελικῶν

2094 5100 2479 5172 παιδευμάτων
2502 5100 2638 5173 ὁμοῦ
2660 5103 2773 5165 τοῖς
2803 5099 2865 5166 ἐξ
2906 5099 3125 5173 Ἰσραὴλ
3152 5097 3418 5169 τιμῶντες
3439 5096 3683 5167 τροφήν-

2107 5192 2269 5246 Ἀλλὰ
2303 5191 2398 5245 xui.
2424 5191 2657 5256 παιδίον,
2694 5190 2851 5263 φησὶ,
2885 5189 3083 5264 μικρδν
3106 5191 3223 5256 ἄξει
3256 5188 3473 5255 αὐτοὺς,
3521 5186 3674 5240 τοῦτ’

2092 5283 2260 5346 ἐστιν,
2285 5282 2390 5336 ὑπὸ
2435 5281 2775 5347 διδασκάλοις
2819 5280 3035 5337 ἔσονται
3073 5280 3442 5349 παιδαγωγοῖς
3487 5277 3549 5329 οὐ
3577 5292 3678 5328 πι-

2091 5376 2224 5447 κρόν
2253 5392 2313 5429 τε
2343 5376 2436 5429 καὶ
2459 5374 2884 5445 φιλοκάλουργον
2939 5372 3123 5443 ἔχουσι
3171 5370 3321 5439 νοῦν,
3377 5368 3566 5430 ἁπλοῖς
3613 5366 3685 5419 δι

2097 5467 2295 5538 μᾶλλον
2321 5467 2415 5520 καὶ
2434 5465 2759 5537 νηπιάζουσι
2786 5464 2883 5536 μὲν
2923 5467 2981 5518 ἐν
3034 5464 3227 5535 κακίᾳ,
3259 5462 3439 5533 σοεεοῖς
3484 5459 3544 5514 δὲ
3572 5457 3679 5522 τὲις

2099 5557 2322 5629 φρένας.
2361 5558 2607 5612 Τοιοῦτοι
2642 5556 2701 5611 δὲ
2733 5556 2933 5619 πάντες
2969 5556 3018 5608 οξ
3054 5555 3112 5608 ὲν
3138 5553 3358 5626 Χριστῷ
3406 5551 3495 5605 τὸν
3527 5549 3679 5604 θεῖον
