4002 6212
399 263 507 322 327

1401 264 1456 319 S.
1500 263 1774 320 CYRILLI
1815 263 2289 320 ALEXANDRINI
2332 265 2653 323 AltCHlEP.

3556 269 3661 326 59.8

399 405 550 458 spent
606 403 712 443 non
781 388 1064 455 habentes,
1091 394 1144 442 et
1178 385 1300 442 sine
1360 387 1549 444 Deoiu
1601 388 1706 442 hoc
1749 388 1963 443 mundo.

2078 389 2317 460 Ἰσραὴλ,
2359 391 2452 442 καὶ
2499 388 2636 453 ξένοι
2671 388 2778 442 τῶν
2825 387 3121 458 διαθηκῶν,
3182 389 3280 459 τῆς
3325 388 3662 457 ἐπαγγελίας

402 477 553 534 Nunc
579 489 758 544 autem
793 480 846 534 in
875 479 1094 535 Christo
1121 477 1248 533 Jesu
1267 494 1360 534 vos
1382 481 1472 550 qui
1499 481 1787 550 aliquando
1812 487 1978 538 eratis

405 570 580 642 Iunge,
621 571 748 626 facti
783 571 916 626 estis
969 586 1136 642 prope
1177 573 1228 626 in
1272 575 1536 642 sanguine
1580 575 1782 631 Christi
1828 578 1896 632 δι.
1951 595 1971 630 ο

404 661 602 716 Verum
631 663 735 718 etsi
759 671 920 719 erant
965 663 1084 733 spei
1120 674 1395 735 expertes,
1425 675 1480 721 et
1533 665 1700 722 Deum
1734 683 1842 723 non
1872 667 1975 724 ha-

339 753 351 760 “
399 752 592 808 benles
652 753 704 807 in
770 754 972 829 mundo
1031 756 1461 824 (procubuerunt
1515 759 1656 812 enim
1717 759 1976 829 Operihus

397 859 620 900 suaruru
652 827 960 914 manuum),
989 855 1168 901 tamen
1216 849 1392 902 vocati
1424 857 1549 903 sunt
1582 865 1680 919 per
1716 827 1875 906 ﬁdem
1904 851 1974 907 ad

350 951 359 1015 ί
396 936 726 1004 agnitionem
757 937 980 1002 Christi,
1033 946 1089 994 et
1121 939 1168 994 ei
1225 940 1456 1010 subjecti
1493 952 1639 1008 sunt,
1695 952 1750 998 et
1801 943 1970 998 Deum

350 1027 355 1032 “
395 1026 700 1081 habuerunt
745 1027 1046 1082 naturalem
1069 1038 1127 1084 et
1158 1044 1367 1096 verum,
1415 1039 1470 1086 et
1505 1033 1618 1102 spei
1648 1045 1968 1090 sanctorum

393 1126 553 1169 erant
581 1128 883 1174 consortes.
916 1119 1030 1174 Erit
1074 1131 1289 1186 autem,
1350 1121 1549 1191 inquit,
1595 1125 1811 1194 requies
1857 1125 1975 1194 ejus

394 1206 588 1262 honor.
628 1207 924 1278 Dupliciter
971 1211 1242 1282 intelliges
1297 1215 1438 1284 quod
1488 1216 1704 1270 dicitur.
1758 1215 1815 1272 Si
1849 1218 1974 1287 quis

391 1303 535 1354 enim
569 1301 753 1357 mallet
785 1303 1080 1372 requietem
1113 1304 1202 1358 hic
1221 1303 1424 1360 Christi
1453 1314 1683 1364 mortem
1721 1308 1773 1361 in
1803 1321 1973 1362 carne

392 1392 724 1460 signiﬁcare,
785 1408 946 1461 quam
995 1405 1217 1464 propter
1268 1410 1367 1449 nos
1423 1397 1686 1452 sustinuit
1739 1398 1968 1464 volens,

391 1496 499 1536 non
542 1491 798 1551 tanquam
855 1493 1084 1538 mortem
1141 1483 1419 1540 sustinens
1481 1485 1612 1556 (vita
1657 1489 1802 1541 enim
1852 1495 1971 1542 erat

390 1571 646 1639 natura),
688 1572 783 1627 sed
833 1573 980 1628 velut
1030 1573 1320 1644 quiescere
1375 1589 1596 1631 carnem
1647 1576 1853 1634 faciens
1899 1578 1967 1634 ad

390 1670 641 1732 tempus:
687 1662 790 1717 hoc
845 1661 921 1717 illi
958 1661 1107 1717 aliud
1166 1662 1300 1717 nihil
1353 1673 1474 1718 erat
1540 1681 1703 1735 quam
1763 1667 1963 1723 honor.

2078 481 2268 534 ἐλπίδα
2321 481 2396 552 μὴ
2433 479 2656 550 ἔχοντες
2697 481 2792 534 καὶ
2820 479 2968 533 ἄθεοι
2999 481 3058 533 ἐν
3085 480 3164 550 τῷ
3193 481 3404 551 κόσμῳ.
3435 481 3572 533 Νυνὶ
3604 481 3661 534 δέ

2076 575 2125 624 οἱ
2151 572 2278 626 ποτὲ
2307 572 2458 635 ὄντες
2483 573 2723 643 μακρὰν,
2754 570 3052 642 ἐγενήθητε
3081 571 3247 640 ἐγγὺς
3278 573 3338 624 ἐν
3361 570 3440 642 τῷ
3466 571 3658 642 αἵματι

2077 663 2170 716 τοῦ
2202 663 2462 733 Χριστοῦ.
2489 681 2509 714 ι
2545 663 2688 716 Ἀλλ’
2735 664 2784 716 εί
2821 665 2915 718 καὶ
2957 659 3096 734 ἦσαν
3146 662 3358 726 ἐλπίδος
3388 662 3534 732 δίχα,
3567 663 3661 716 καὶ

2075 752 2210 806 Θεὸν
2242 755 2344 806 οὑκ
2363 753 2554 824 έχοντα
2585 755 2726 808 κατά
2774 755 2866 808 τὸν
2917 756 3143 826 κόσμον⁸
3180 757 3656 826 προσκεκυνήκασι

2076 843 2187 915 γὰρ
2215 847 2326 908 τοῖς
2357 845 2539 917 ἔργοις
2568 846 2676 900 τῶν
2723 846 2868 899 ίδίων
2912 847 3132 917 χειρῶνο
3174 846 3290 900 ἀλλ’
3319 841 3412 898 οὖν
3454 844 3658 914 κεκλη-

2078 936 2216 1006 μένα
2254 936 2342 990 διά
2396 936 2497 1007 τῆς
2527 937 2762 1001 πίστεως
2794 939 2873 1000 είς
2916 938 3212 1004 ἐπίγνωσιν
3257 936 3350 989 τοῦ
3395 935 3656 1006 Χριστοῦ,

2075 1027 2169 1080 καὶ
2188 1026 2278 1080 ὑπ’
2307 1025 2453 1097 αὑτῷ
2480 1026 2767 1090 τέθεινται,
2798 1027 2893 1080 καὶ
2935 1026 3068 1080 Θεὸν
3097 1026 3363 1096 ἐσχήκασι
3385 1024 3473 1076 τὸν
3496 1021 3655 1090 φύσει

2074 1119 2170 1171 καὶ
2215 1117 2458 1186 ἀληθῶς,
2515 1119 2610 1171 καὶ
2649 1117 2751 1187 τῆς
2775 1116 2884 1169 τῶν
2932 1116 3102 1186 ἁγίων
3141 1116 3355 1178 ἐλπίδος
3397 1113 3653 1182 γεγόνασι

2073 1208 2339 1262 κοινωνοί.
2369 1209 2564 1262 Ἔσται
2593 1207 2672 1272 δὲ,
2699 1209 2886 1279 φησὶν,
2915 1211 2948 1279 ἡ
2975 1209 3282 1270 ἀνάπαυσις
3309 1205 3472 1258 αὑτοῦ
3497 1205 3648 1274 τιμή.

2071 1300 2206 1370 Διχῆ
2244 1301 2457 1370 νοήσεις
2511 1299 2572 1352 τὸ
2624 1300 2933 1370 εἰρημένον.
2966 1299 3031 1353 Et
3067 1298 3167 1369 μὲν
3211 1299 3321 1368 γάρ
3343 1315 3429 1361 τις
3477 1297 3652 1349 ἕλοιτο

2071 1392 2171 1463 τὴν
2203 1391 2511 1447 ἀνάπαυσιν
2541 1392 2598 1444 ἐν
2623 1391 2834 1455 τούτοις
2876 1391 3180 1462 ὑποδηλοῦν
3236 1391 3326 1444 τὸν
3374 1391 3432 1444 ἐν
3475 1389 3652 1458 ,σαρκὶ

2072 1481 2301 1536 θάνατον
2330 1481 2424 1534 τοῦ
2471 1480 2730 1552 Χριστοῦ,
2765 1481 2824 1534 ὃν
2871 1480 2937 1534 δι’
2969 1483 3115 1552 ἡμᾶς
3167 1479 3456 1550 ὑπέμεινεν
3486 1477 3650 1542 ἐκὼν,

2069 1573 2167 1643 οὑχ
2188 1573 2264 1635 ὠς
2298 1573 2523 1627 θάνατον
2559 1572 2865 1642 ὑπομένων,
2914 1572 3026 1643 ζωὴ
3060 1571 3169 1643 γὰρ
3199 1568 3266 1642 ἦν
3289 1571 3430 1625 κατά
3463 1570 3648 1638 φύσιν,

2070 1664 2183 1718 ἀλλ’
2203 1659 2314 1718 οἷον
2343 1665 2618 1735 ἠρεμῆσαι
2648 1663 2819 1736 βραχὺ
2841 1664 2943 1735 τὴν
2970 1664 3148 1736 σάρκα
3173 1664 3361 1718 ποιῶν·
3406 1664 3544 1731 τιμὴ
3582 1661 3642 1713 τὸ

387 1749 735 1808 Glnr-ilicatus
789 1761 874 1808 est
910 1753 1055 1807 enim
1085 1751 1329 1806 omnium
1367 1733 1618 1809 Salvator
1670 1764 1728 1810 et
1781 1756 1963 1812 Domi-

2068 1755 2276 1826 χρῆμα,
2307 1733 2402 1810 καῖ
2450 1733 2829 1826 ἐτερονγοὺδέν.
2850 1733 3172 1822 Δεδόξανσται
3194 1755 3302 1825 γάρ
3327 1755 3355 1806 ό
3372 1753 3480 1806 τῶν
3505 1754 3643 1806 ὅλων

388 1857 493 1897 nus
525 1852 710 1898 noster
729 1842 890 1899 .lcsus
924 1844 1193 1912 Christus,
1230 1860 1354 1901 cum
1395 1859 1582 1902 necem
1632 1861 1732 1918 pro
1764 1850 1965 1908 mundo

388 1935 666 2001 subiisset,
691 1945 747 1989 et
779 1949 878 2006 pro
909 1935 1148 1990 omnium
1182 1936 1290 1992 vita
1325 1937 1698 1994 voluntariam
1730 1951 1962 1998 mortem

386 2032 533 2076 esset
573 2037 884 2093 perpessus.
914 2023 1126 2080 Aﬂ‘atus
1164 2024 1422 2084 nimirum
1471 2033 1555 2084 est
1606 2027 1820 2085 Patrem
1849 2045 1966 2087 cte-

387 2115 582 2170 lestem
652 2115 718 2170 ad
781 2117 1227 2186 pretiosissimam
1283 2133 1500 2176 crucem
1564 2121 1961 2190 profecturus:

391 2225 412 2259 s
451 2207 635 2276 Pater,
666 2208 912 2278 gloriiica
962 2219 1113 2266 tuum
1171 2209 1394 2278 Filium,
1448 2222 1508 2268 ut
1549 2225 1604 2269 et
1640 2214 1811 2271 Filius
1841 2225 1964 2273 tuus

387 2299 654 2368 'glorilicet
683 2309 733 2355 te
766 2302 811 2332 “
846 2318 862 2368 ;
895 2319 916 2354 ι
947 2311 1001 2358 et
1028 2319 1220 2360 rursus
1252 2322 1266 2359 :
1291 2321 1312 2356 ι
1338 2303 1494 2362 Nunc
1521 2306 1855 2378 gloriﬁcatus
1879 2319 1966 2366 est

392 2390 560 2448 Filius
589 2391 846 2458 hominis,
876 2403 931 2449 et
954 2393 1096 2451 Deus
1144 2395 1479 2466 gloriﬁcatus
1510 2408 1597 2454 est
1643 2399 1696 2456 in
1738 2414 1805 2455 eo
1829 2400 1895 2456 ⁸³.
1935 2420 1956 2455 ι

387 2479 670 2546 Quatenus
717 2481 862 2538 enim
928 2483 996 2538 ad
1043 2484 1478 2555 cruciﬁgentium
1522 2486 1853 2546 dementiam
1908 2499 1965 2548 et

388 2573 583 2645 impios
610 2581 666 2629 et
687 2574 937 2631 crudeles
964 2585 1192 2632 conatus
1225 2577 1492 2635 attinebat
1524 2617 1543 2646 ,
1578 2578 1758 2637 labem
1794 2583 1871 2639 illi
1905 2593 1964 2642 et

390 2659 751 2732 ignominiam
787 2663 1024 2731 aspersit
1054 2663 1275 2734 passio;
1329 2666 1593 2735 putabant
1643 2669 1790 2726 enim
1823 2670 1963 2729 forte

387 2751 620 2808 invitum
644 2768 768 2809 eum
795 2769 917 2811 esse
950 2771 1195 2828 passum.
1231 2759 1302 2812 At
1333 2759 1422 2814 ubi
1456 2760 1677 2827 revixit,
1722 2763 1960 2833 spoliato

387 2840 627 2907 inferno,
659 2851 717 2897 et
749 2852 921 2900 morte
950 2859 1010 2901 se
1045 2847 1383 2914 superiorem
1415 2849 1515 2904 hac
1544 2864 1604 2906 re
1637 2853 1962 2924 ostendens,

388 2931 579 2987 honori
608 2933 657 2988 ei
698 2943 752 2988 et
787 2935 972 3006 gloriae
998 2936 1157 3007 hujus
1192 2939 1270 2994 rei
1293 2950 1548 2998 eventum
1583 2941 1755 3001 fuisse
1797 2961 1956 3003 com-

387 3025 681 3125 peri-emus.
727 3025 843 3125 Erit
874 3028 1080 3125 itaque,
1125 3030 1332 3125 inquit,
1377 3033 1486 3125 hoc
1540 3036 1702 3125 modo
1743 3039 2030 3125 requiesc

385 3110 456 3173 ei,
503 3111 694 3165 honor.
737 3112 792 3167 Si
829 3128 958 3168 vero
991 3116 1112 3184 quis
1137 3117 1298 3206 293
1341 3119 1503 3177 aliter
1547 3124 1632 3180 his
1677 3140 1961 3182 commen-

387 3203 682 3256 tationibus
713 3204 948 3273 adjicere
980 3206 1140 3270 velit,
1190 3203 1270 3264 sic
1297 3209 1565 3267 dictorum
1608 3229 1830 3270 sensum
1865 3233 1955 3273 ac-

390 3294 553 3360 cipiet
585 3311 598 3346 :
631 3293 740 3348 Non
774 3299 918 3350 enim
944 3297 996 3351 in
1025 3299 1194 3354 solam
1233 3316 1382 3372 spem
1407 3306 1512 3361 erit
1538 3309 1789 3377 gentibus
1815 3310 1948 3365 Ser-

388 3389 570 3446 vator,
625 3384 718 3437 sed
771 3386 1207 3446 manifestabitur
1254 3395 1420 3449 etiam
1468 3406 1611 3454 stato
1657 3409 1958 3471 temporum

389 3470 684 3539 curriculo,
739 3473 859 3530 sive
907 3490 1174 3551 resurget,
1238 3498 1346 3539 non
1405 3496 1464 3541 ut
1503 3486 1732 3557 imperet
1770 3470 1958 3549 solum

389 3562 520 3628 illis,
576 3565 672 3620 sed
738 3567 902 3623 etiam
959 3573 1255 3641 requietem
1317 3591 1436 3647 qua:
1491 3578 1678 3649 gloriae
1725 3583 1854 3652 ipsis
1905 3596 1960 3641 ct

389 3654 584 3710 honori
630 3657 722 3724 sit,
770 3659 1014 3716 donabit.
1068 3662 1376 3736 Hospitium
1421 3670 1565 3724 enim
1617 3685 1832 3742 gratum
1883 3677 1956 3732 illi

387 3755 478 3798 ess
509 3755 822 3803 sanctorum
848 3765 1023 3817 mens,
1082 3761 1139 3808 et
1187 3769 1563 3813 commoratur
1593 3775 1716 3815 cum
1753 3763 1954 3832 dignis,

385 3845 440 3890 et
469 3840 803 3908 conquiescit
827 3856 947 3896 cum
993 3843 1280 3903 animabus
1327 3849 1504 3904 sacris
1551 3849 1729 3921 ipsum
1765 3855 1953 3909 coleu-

276 3970 286 3982 .
387 3929 544 3982 tium.
603 3931 756 3999 Quod
783 3935 875 4004 qui
923 3939 1208 3994 consecuti
1241 3951 1388 4007 sunt,
1425 3943 1511 3997 his
1538 3943 1730 3998 honori
1777 3956 1862 4002 est
1903 3956 1959 4002 et

385 4021 590 4092 glorire.
642 4025 782 4093 Quid
831 4030 975 4084 enim
1019 4047 1139 4087 cum
1197 4035 1300 4090 hac
1353 4035 1633 4094 nobilitate
1678 4048 1733 4095 et
1785 4041 1955 4112 gloria

383 4115 772 4173 crmfereudum
825 4132 929 4185 est,
994 4121 1163 4179 Deum
1220 4127 1426 4184 habere
1469 4130 1838 4188 diversantem
1901 4145 1957 4192 et

384 4205 436 4258 in
475 4208 639 4262 corde
681 4209 1066 4269 habitantem?
1098 4215 1215 4271 Erit
1246 4217 1452 4288 itaque,
1502 4223 1661 4278 modo
1702 4225 1954 4293 velimus,

381 4300 547 4353 etiam
607 4302 708 4357 hac
759 4305 970 4361 ratione
1020 4307 1072 4362 iu
1126 4309 1283 4365 nobis
1331 4313 1549 4382 requies
1585 4316 1703 4383 ejus
1732 4318 1952 4376 honor:

2065 1848 2258 1919 Σωτὴρ
2305 1848 2400 1902 καὶ
2461 1847 2665 1918 Κύριος
2711 1848 2866 1919 ἡμῶν
2901 1845 3113 1918 Ἰησοῦς
3169 1846 3198 1898 ὁ
3240 1845 3493 1916 Χριστὸς,
3541 1844 3642 1912 τὴν

2065 1941 2206 2012 ὑπέρ
2229 1957 2293 2010 γε
2326 1938 2418 1994 τοῦ
2450 1941 2659 2012 κόσμου
2685 1940 2897 2012 σφαγὴν
2918 1940 3235 2010 ὑπομείνας,
3263 1939 3356 1992 καὶ
3385 1937 3522 2006 ὑπὲρ
3543 1936 3641 2004 τῆς

2063 2030 2320 2086 ἁπάντων
2351 2029 2497 2100 ζωῆς
2527 2029 2813 2101 ἐθελοντὴς
2861 2029 3097 2092 ἀνατλὰς
3127 2029 3218 2082 τὸν
3252 2027 3503 2082 θάνατον.
3540 2025 3648 2078 Καὶ

2062 2109 2194 2192 γοῦν
2213 2121 2416 2192 ἔφασκε
2449 2121 2588 2194 πρὸς
2627 2123 2720 2176 τὸν
2766 2123 2823 2175 ἐν
2865 2121 3113 2192 οὐρανοῖς
3164 2119 3403 2190 Πατέρα,
3443 2117 3652 2189 μέλλων

2063 2213 2157 2269 ἐπὶ
2184 2213 2275 2266 τὸν
2307 2211 2490 2283 τίμιον
2524 2213 2660 2267 ἰέναι
2727 2213 2980 2285 σταυρόνο
3017 2231 3036 2264 ι
3071 2214 3271 2284 Πάτερ,
3297 2210 3522 2277 δόξασόν
3554 2225 3648 2262 σου

2063 2305 2156 2360 τὸν
2189 2305 2340 2372 Υίὸν,
2369 2306 2457 2360 ἵνα
2477 2305 2572 2360 καὶ
2599 2307 2630 2360 ό
2652 2306 2779 2370 Υἱός
2814 2323 2908 2360 σου
2940 2305 3139 2379 δοξάσῃ
3169 2322 3284 2359 σε.»
3323 2304 3433 2357 Καὶ
3461 2303 3645 2356 πάλινο

2069 2414 2089 2449 ι
2115 2397 2232 2450 Νῦν
2265 2396 2528 2468 ἐδοξάσθη
2548 2397 2578 2449 ὁ
2596 2397 2725 2462 Υἱὸς
2753 2398 2848 2453 τοῦ
2872 2397 3184 2470 ἀνθρώπου,
3207 2396 3300 2450 καὶ
3319 2397 3349 2450 ὁ
3372 2395 3504 2458 Θεὸς
3533 2394 3650 2447 ἐδο-

2063 2487 2233 2559 ξάσθη
2259 2489 2317 2542 ἐν
2344 2487 2515 2559 αὑτῷ.
2546 2507 2566 2540 ι
2598 2488 2764 2543 Ὅσον
2810 2489 2909 2561 μὲν
2941 2489 3050 2560 γάρ
3097 2484 3232 2561 ἧκεν
3278 2489 3362 2551 εις
3393 2486 3491 2558 τὴν
3537 2484 3648 2539 τῶν

2064 2579 2497 2651 σταυρωσάντων
2531 2579 2815 2645 ἀπόνοιαν,
2861 2579 2957 2634 καὶ
2981 2579 3045 2633 τὸ
3076 2579 3288 2635 ἀνόσιόν
3316 2595 3375 2632 τε
3409 2577 3506 2632 καὶ
3539 2579 3648 2631 ἀπ-

2062 2668 2227 2742 αχθές
2255 2671 2585 2743 ἐγχείρημα,
2621 2671 2812 2744 μῶμος
2840 2667 2908 2743 ἦν
2941 2672 3087 2744 αὑτῷ
3120 2673 3214 2726 καὶ
3236 2671 3422 2735 ἀδοξία
3453 2670 3516 2723 τὸ
3543 2669 3650 2723 πάο

2064 2761 2178 2826 θος.
2215 2763 2405 2833 ᾯοντο
2427 2763 2536 2834 γάρ
2565 2761 2698 2827 ῐσως
2727 2763 2822 2817 καὶ
2849 2764 2948 2834 οὐχ
2969 2764 3163 2818 ἑκόντα
3186 2763 3400 2818 παθεῖν.
3425 2760 3648 2832 Ἐπειδὴ

2060 2853 2119 2908 δὲ
2147 2855 2350 2910 ἀνεϐίω
2375 2855 2674 2919 σκυλεύσας
2692 2856 2783 2910 τὸν
2806 2856 2959 2928 ᾅδην,
2982 2858 3077 2911 καῖ⁵
3095 2857 3178 2912 ὅτι
3202 2857 3434 2911 θανάτου
3461 2857 3650 2928 κρείτ-

2060 2963 2170 3000 των
2202 2946 2350 3001 ἐστὶν
2389 2945 2457 2999 δι’
2503 2946 2671 3001 αὑτοῦ
2701 2947 2795 3001 τοῦ
2827 2951 3154 3020 πράγματος
3205 2950 3515 3020 ἀποφήνας,
3564 2950 3647 3012 είς

2062 3038 2229 3110 τιμὴν
2257 3036 2407 3109 αὑτῷ
2433 3038 2528 3092 καὶ
2561 3037 2718 3104 δόξαν
2749 3039 3154 3095 ἐκτελευτῶσαν
3207 3042 3515 3112 εὑρήσομεν
3546 3043 3649 3112 τὴν

2062 3127 2157 3182 τοῦ
2186 3128 2514 3199 πράγματος
2547 3129 2792 3184 ἔκϐασιν.
2825 3133 3021 3186 Ἔσται
3053 3133 3257 3198 τοίνυν,
3292 3133 3445 3203 φησὶ,
3504 3133 3649 3187 κατά

2061 3216 2253 3272 τοῦτον
2293 3218 2386 3272 τὸν
2413 3218 2674 3291 τρόπονὴ
2711 3220 3020 3286 ἀνάπαυσις
3065 3223 3230 3277 αὑτοῦ
3295 3224 3454 3294 τιμή.
3487 3223 3550 3276 Ei
3589 3223 3650 3276 δὲ

2061 3309 2125 3381 δὴ
2165 3310 2260 3364 καὶ
2285 3309 2486 3383 ἑτέρως
2516 3313 2628 3375 τοῖς
2659 3311 2980 3383 θεωρήμασι
3025 3313 3352 3386 προσϐαλεῖν
3402 3313 3648 3384 βούλοιτό

2061 3419 2168 3466 τις,
2211 3403 2486 3468 ἐκδέξεται
2515 3405 2736 3458 τοιῶσδε
2767 3405 2874 3460 τῶν
2928 3406 3235 3477 εἰρημένων
3267 3407 3366 3477 τὴν
3390 3405 3649 3474 δύναμιν.

2062 3495 2135 3546 Οὑ
2159 3494 2268 3566 γὰρ
2299 3496 2380 3558 είς
2415 3495 2602 3549 ἐλπίδα
2659 3495 2827 3567 μόνην
2881 3497 3032 3551 ἔσται
3061 3501 3174 3562 τοῖς
3216 3498 3428 3552 ἔθνεσιν
3449 3499 3476 3550 ό
3507 3499 3550 3551 Χ
3559 3516 3646 3569 ρι-

2061 3585 2677 3657 στὸς,ἀναδειχθήσεται
2729 3587 2786 3641 δέ
2837 3588 2981 3642 κατά
3034 3590 3280 3661 καιροὺς,
3314 3590 3480 3659 ἤγουν
3511 3590 3647 3642 ἀνα-

2062 3676 2320 3746 στήσεται
2358 3676 2418 3730 οὑ
2454 3677 2591 3747 πρὸς
2619 3678 2680 3730 τὸ
2738 3679 3008 3752 κατάρξαι
3041 3681 3202 3750 μόνον
3250 3681 3452 3746 αὐτῶν,
3505 3681 3645 3735 ἀλλά

2057 3767 2166 3836 γὰρ
2198 3769 2277 3829 εἰς
2305 3767 2472 3840 τιμὴν
2498 3768 2592 3822 καὶ
2620 3768 2778 3833 δόξαν
2815 3769 2999 3834 αὑτοῖς
3035 3774 3308 3842 χαριεῖται
3335 3772 3435 3842 τὴν
3455 3775 3512 3825 ἐν
3543 3774 3648 3827 αὑ·-

2057 3862 2170 3924 τοῖς
2208 3860 2537 3916 ἀνάπαυσιν.
2591 3863 2949 3934 Ἐνδιαίτημα
3005 3865 3102 3936 μὲν
3135 3866 3247 3939 γὰρ
3295 3867 3446 3938 αὑτῷ
3484 3869 3640 3936 φίλον

2055 3949 2164 4002 τῶν
2196 3950 2366 4018 ἁγίων
2409 3952 2438 4004 δ
2483 3952 2630 4017 νοῦς,
2665 3954 3008 4019 ἐναυλίζεται
3051 3955 3109 4009 δὲ
3164 3961 3278 4021 τοῖς
3321 3957 3514 4024 ἀξίοις,
3547 3958 3646 4012 καὶ

2055 4037 2395 4092 ἀναπαύεται
2428 4039 2627 4110 ψυχαῖς
2660 4042 2834 4114 ἱεραῖς
2863 4043 2974 4098 τῶν
3010 4045 3318 4117 σεϐομένων
3345 4049 3527 4109 αὑτὸν,
3545 4055 3646 4102 καὶ

2055 4130 2169 4192 τοῖς
2197 4127 2422 4184 λαϐοῦσι
2481 4131 2544 4184 τὸ
2582 4135 2771 4205 χρῆμα
2803 4139 2936 4209 τιμή
2981 4137 3039 4190 τέ
3082 4137 3197 4192 ἐστι
3248 4140 3343 4193 καὶ
3395 4140 3546 4206 δόξα.
3573 4141 3642 4194 Τί

2054 4219 2163 4292 γὰρ
2188 4221 2254 4275 ἂν
2311 4221 2524 4292 γένοιτο
2572 4227 2885 4282 ῖσοστατοῦν
2933 4231 3014 4294 είς
3061 4230 3310 4297 εὐκλείας
3353 4232 3510 4300 λόγον
3542 4232 3642 4286 τοῦ

2055 4312 2188 4366 Θεὸν
2243 4312 2388 4384 ἔχειν
2434 4316 2819 4388 ἐνηυλισμένον
2869 4320 2964 4373 καὶ
3014 4322 3325 4378 ἐνοικοῦντα
3353 4325 3642 4394 καρδίαις;

390 4405 409 4438 ι
449 4391 505 4443 Si
535 4394 678 4446 enim
707 4397 852 4463 quis,
896 4396 1096 4468 inquit,
1155 4401 1338 4457 audiet
1385 4419 1695 4462 sermonem
1743 4425 1945 4476 meum,

2065 4403 2248 4459 Ἔσται
2281 4405 2460 4459 τοίνυν
2496 4407 2589 4462 καὶ
2637 4409 2780 4463 κατά
2817 4410 3004 4465 τοῦτον
3026 4413 3116 4468 τὸν
3145 4415 3346 4486 τρόπον
3367 4419 3400 4487 ἡ
3427 4391 3484 4470 ἐν
3505 4391 3642 4486 ἡμῖν

383 4479 570 4566 diliget
594 4497 716 4538 eum
749 4482 911 4541 Pater
943 4503 1120 4559 meus,
1151 4501 1209 4547 et
1267 4491 1335 4550 ad
1365 4507 1488 4550 eum
1539 4497 1849 4566 veniemus,
1897 4510 1954 4558 et

384 4565 437 4618 in
467 4581 531 4621 eo
567 4572 908 4629 manebimus
944 4576 1014 4632 “.
1047 4596 1067 4630 ι

457 4826 619 4882 Vens.
665 4829 750 4884 Η.
787 4831 854 4884 Et
880 4835 979 4889 erit
1012 4837 1096 4893 die
1116 4839 1233 4909 illa,
1272 4855 1446 4916 perget
1484 4846 1735 4905 Dominus
1773 4863 1946 4906 osten-

381 4917 504 4970 dere
533 4935 744 4974 utauum
766 4941 936 4994 suam,
963 4929 1033 4982 ad
1056 4935 1414 4992 entulnndum
1441 4943 1709 4996 residuum
1738 4948 1941 5012 populi,

379 5011 519 5107 quod
547 5012 784 5068 relictum
815 5018 976 5086 fuerit
1005 5028 1072 5076 ab
1127 5023 1382 5096 Assyriis,
1418 5040 1468 5084 et
1502 5031 1566 5084 ab
1608 5031 1863 5107 (Egyplo,
1898 5046 1948 5091 et

381 5100 698 5173 Babylonia,
756 5109 1150 5183 etuElIriopia,
1198 5129 1246 5172 et
1297 5120 1362 5173 ab
1422 5132 1543 5175 ortu
1581 5100 1948 5190 solisretvub

377 5195 596 5251 Arabia.

453 5368 602 5466 Diem
634 5376 818 5448 itaque
848 5383 1089 5440 nominat
1133 5387 1395 5457 propheta
1447 5390 1535 5445 hic
1579 5401 1794 5464 tempus
1839 5413 1946 5466 quo

379 5455 579 5514 Christi
612 5467 873 5526 adventus
912 5474 1034 5541 fuit,
1064 5488 1120 5532 et
1149 5455 1560 5550 dispensatione
1612 5455 1735 5541 cunt
1780 5455 1944 5545 cai'uc

2053 4495 2357 4563 ἀνάπαυσις
2377 4499 2543 4554 αὑτοῦ
2564 4504 2674 4564 τοῖς
2697 4502 2842 4568 ἀπαξ
2865 4502 3106 4559 ἐθέλουσι
3135 4491 3294 4578 τιμήο
3331 4527 3350 4560 s
3374 4507 3497 4562 Ἐἀν
3527 4511 3639 4582 γάρ

2052 4603 2134 4648 τις
2164 4587 2426 4662 datadari,»
2474 4593 2630 4663 φησὶ,
2688 4610 2707 4644 ι
2734 4592 2842 4647 τῶν
2883 4594 3056 4664 λόγων
3083 4615 3210 4668 μου,
3233 4600 3511 4670 ἀγαπήσει
3539 4604 3638 4656 αὑ-

2053 4677 2144 4730 τὸν
2181 4680 2209 4731 ό
2237 4681 2429 4752 Πατήρ
2463 4699 2587 4753 μου,
2625 4684 2720 4738 καὶ
2751 4686 2889 4757 πρὸς
2935 4688 3099 4744 αὑτὸν
3133 4689 3485 4764 ἐλευσόμεθα,
3542 4696 3640 4748 καὶ

2053 4767 2111 4819 ἐν
2139 4767 2288 4839 αὑτῷ
2312 4771 2707 4843 καταλύσομεν.
2737 4793 2757 4826 ι

2121 4858 2234 4914 Καὶ
2262 4861 2432 4915 ἕσται
2457 4863 2526 4916 ἐν
2559 4865 2748 4934 ἡμέρᾳ
2789 4867 3017 4938 ἐκείνῃ,
3056 4875 3392 4942 προσθήσει
3423 4877 3644 4944 Κύριος

2054 4950 2161 5005 τοῦ
2207 4950 2396 5018 δεῖξαι
2449 4955 2563 5024 τὴν
2613 4959 2783 5028 χεῖρα
2831 4963 3054 5027 αὑτοῦ,
3108 4965 3215 5019 τοῦ
3263 4965 3525 5033 ζηλῶσαι
3570 4970 3639 5024 τὸ

2056 5046 2452 5114 καταλειφθὲν
2485 5051 2823 5106 ὑπόλοιπον
2850 5054 2955 5108 τοῦ
2976 5057 3152 5124 λαοῦ,
3185 5058 3216 5112 ὂ
3240 5060 3350 5113 ἐὰν
3366 5066 3644 5115 καταλει-

2053 5131 2178 5202 φθῇ
2212 5135 2330 5189 ἀπὸ
2372 5137 2489 5190 τῶν
2516 5139 2861 5210 Ἀσσυρίων,
2892 5145 2990 5198 καί
3031 5147 3152 5201 ἀπὸ
3193 5151 3512 5220 Αἰγύπτου,
3538 5155 3638 5206 καὶ

2057 5224 2442 5293 Βαϐυλωνίας
2483 5231 2583 5283 καὶ
2627 5235 2961 5302 Αἰθιοπίας,
3002 5239 3102 5292 καί
3137 5240 3254 5294 ἀπὸ
3289 5243 3631 5310 Ἑλαμιτιῖη·ι

2054 5313 2148 5364 καὶ
2181 5313 2300 5368 ἀπὸ
2333 5315 2508 5382 ἡλίου
2538 5321 2871 5388 ἀνατολῶν,
2900 5327 2996 5379 καί
3026 5328 3096 5392 ἐξ
3132 5330 3412 5398 Ἀραϐίας.

2136 5403 2377 5475 Ἦμέραν
2407 5408 2504 5478 μὲν
2525 5404 2619 5463 οῦν
2647 5415 2678 5464 ὀ
2703 5418 2988 5486 προφήτης
3014 5419 3071 5472 ὲν
3093 5419 3302 5484 τούτοις
3331 5423 3423 5475 τὸν
3448 5425 3641 5495 καιρὸν

2049 5493 2326 5565 ὀνομάζει,
2360 5500 2480 5554 καθ’
2519 5501 2578 5556 ὃν
2629 5506 2661 5575 ἡ
2714 5507 2950 5578 Χριστοῦ
2979 5509 3170 5581 γέγονε
3215 5516 3514 5586 παρουσία,
3543 5493 3634 5576 καὶ

459 5607 499 5641 ⁸⁸
537 5613 727 5687 Ephcs.
760 5639 819 5688 ll,
856 5627 940 5693 ll,
987 5631 1070 5685 li.
1148 5634 1191 5666 ⁸¹
1222 5634 1375 5693 Joan.
1410 5657 1537 5705 xvn,
1585 5645 1629 5696 Ι.
1708 5644 1750 5676 ⁸³
1779 5643 1932 5702 Jnaﬂ.

2075 5693 2086 5713 ,
2123 5651 2211 5708 El.
2281 5656 2325 5685 “
2359 5655 2510 5711 Juan.
2553 5675 2659 5726 \tv,
2701 5663 2788 5718 25.
