4002 6212
353 305 460 363 355
785 357 787 359 ,
1345 302 1401 354 S.
1445 298 1717 357 CYRILLl
1753 296 2220 354 ALEXANDRINI
2258 295 2574 354 ARCIIIEP.
3495 291 3602 345 356

353 421 756 489 intelligendum
789 421 1016 476 videtur.
1052 421 1215 490 Igitur
1258 421 1313 474 in
1346 420 1576 490 navigiis
1605 419 1916 487 alienigena-

2029 417 2157 481 τοὺς
2185 416 2560 488 Διοσκούρους,
2584 411 2755 483 ταύτῃ
2785 410 2964 462 τοίνυν
2985 406 3278 462 ἀκόλουθον
3303 407 3602 476 ἀλλόφυλον

356 527 471 567 rum
496 513 874 574 extendentur,
921 509 1114 578 inquit,
1158 509 1209 563 id
1259 519 1364 574 est,
1415 507 1621 563 celeres
1672 516 1727 562 et
1769 505 1916 576 quasi

2028 505 2186 573 εἶναι,
2214 507 2356 568 τοῦτ’
2386 507 2556 570 ἐστιν,
2582 501 2972 572 είδωλολάτρην
3001 500 3100 570 τῆς
3130 499 3267 562 νεὼς
3292 499 3383 552 τὸν
3412 499 3606 552 δεσπό-

355 605 600 659 volucres
625 601 955 663 transibunt,
985 609 1040 654 et
1082 601 1468 668 pmdabuntur
1506 615 1678 654 mare.
1709 598 1924 652 Estan-

354 705 457 750 tem
497 691 764 748 familiare
813 689 1106 758 Scriptura:
1142 689 1401 744 divinitus
1437 690 1728 760 inspirata),
1775 701 1926 742 mare

351 788 625 859 appellare
661 795 845 856 partes
888 784 1272 851 occidentales,
1312 799 1377 840 eu
1419 785 1564 853 quod
1602 783 1672 837 ibi
1717 782 1921 852 spatio-

351 898 470 938 sum
527 880 814 935 admodum
867 879 940 933 sit
991 893 1160 932 mare.
1221 877 1432 932 Etenim
1489 875 1677 930 beatus
1730 872 1924 938 David,

353 974 519 1030 totius
569 971 751 1026 mundi
799 968 1153 1024 architectum
1207 967 1487 1022 declarans
1554 962 1924 1019 universitatis

353 1067 518 1120 Deum
561 1082 576 1120 :
617 1081 636 1116 ι
665 1060 1004 1133 Aquilonem.
1043 1077 1064 1111 ›
1100 1059 1292 1129 inquit,
1328 1076 1348 1109 ι
1381 1067 1436 1112 et
1466 1071 1615 1112 mare
1649 1065 1704 1110 tu
1733 1053 1922 1110 condi-

351 1155 475 1210 disti
502 1156 572 1209 τ’.
615 1173 635 1208 ι
671 1153 820 1220 Quod
848 1162 1028 1206 autem
1051 1161 1107 1205 et
1133 1149 1347 1204 divinus
1376 1149 1589 1214 Petrus,
1615 1156 1668 1202 et
1694 1147 1922 1216 ipsemet

352 1242 556 1296 Paulus
599 1241 1056 1310 sapientissimus,
1096 1237 1517 1293 occidentalibus
1555 1236 1798 1305 partibus
1830 1248 1924 1288 oc-

352 1333 582 1402 cupatis,
643 1329 917 1386 Christum
980 1327 1440 1393 annuntiaverint,
1495 1341 1655 1382 nemo
1701 1335 1786 1380 est
1830 1323 1922 1394 qui

353 1425 614 1494 ambigat.
668 1421 1132 1491 Depraadabuntur
1181 1435 1329 1485 vero,
1381 1420 1573 1489 inquit,
1613 1427 1668 1473 et
1715 1417 1805 1488 qui
1853 1418 1923 1472 ab

350 1526 474 1571 ortu
495 1515 628 1571 solis
657 1523 804 1580 sunt,
830 1522 886 1569 et
921 1513 1229 1578 ldumaeam,
1261 1521 1317 1567 et
1343 1511 1397 1566 in
1431 1511 1693 1572 Moabitas
1732 1523 1922 1564 manus

351 1610 615 1679 injicient.
648 1604 769 1661 Filii
809 1613 990 1660 autem
1022 1607 1250 1658 Ammon
1281 1602 1438 1672 primi
1469 1601 1742 1655 obedient.
1788 1598 1920 1654 Nam

352 1709 466 1770 post
507 1693 816 1754 Judzcorum
862 1695 1173 1766 regionem,
1230 1707 1418 1748 omnes
1464 1693 1716 1760 deinceps
1761 1691 1920 1746 ﬁniti-

2024 619 2142 672 την.
2179 598 2388 658 Οὐκοῦν
2437 599 2493 651 ὲν
2539 595 2743 658 πλοίοις
2789 591 3098 662 ἀλλοφῦλων
3143 590 3602 663 πετασθήσονται,

2025 692 2179 763 φησὶ,
2211 690 2356 744 τοῦτ’
2386 689 2523 753 ἔστι,
2557 688 2806 758 δρομαῖοι
2853 685 2946 738 καὶ
2991 684 3264 754 πρόθυμοι
3305 684 3402 742 καὶ
3443 683 3605 736 οἱονεὶ

2026 782 2220 851 πτηνοὶ
2263 779 2630 850 διαϐήσονται,
2661 775 2755 830 καὶ
2797 774 3228 846 προνομεύσουσι
3272 772 3373 844 τὴν
3409 772 3604 826 θάλασ-

2026 871 2318 935 σαν.Ἐθος
2356 871 2411 924 δὲ
2443 872 2508 940 τῇ
2550 867 2671 940 θείᾳ
2701 868 2890 938 Γραφῇ
2916 865 3188 924 θάλασσαν
3215 865 3507 925 ἀποκαλεῖν
3535 865 3605 927 τὰ

2024 963 2164 1036 πρὸς
2203 967 2270 1035 τῇ
2313 962 2522 1033 ἑσπέρᾳ
2551 961 2713 1032 μέρη,
2743 959 2914 1013 διὰτοι
2940 958 3001 1011 τὸ
3031 957 3237 1027 σφόδρα
3265 957 3469 1029 πολλὴν
3510 957 3606 1012 καὶ

2023 1058 2240 1128 εὐρεῖαν
2277 1051 2416 1110 εἶναι
2448 1054 2546 1124 τὴν
2577 1052 2792 1120 ἐκείνης
2821 1050 3115 1104 θάλασσαν.
3145 1051 3255 1104 Καὶ
3281 1049 3414 1119 γοῦν
3445 1051 3475 1102 6
3501 1066 3604 1119 μα-

2023 1151 2214 1221 κάριος
2251 1147 2433 1212 Δασὶδ,
2464 1145 2665 1208 παντὸς
2696 1143 2790 1197 τοῦ
2839 1143 3048 1212 κόσμου
3094 1141 3428 1214 δημιουργὸν
3468 1144 3603 1195 ἀπο-

2022 1240 2228 1310 φαίνων
2270 1240 2360 1292 τὸν
2408 1237 2518 1292 τῶν
2561 1237 2697 1290 ὅλων
2731 1235 2891 1301 Θεὸν,
2931 1253 2951 1286 r
2983 1233 3087 1287 Τὸν
3127 1233 3350 1305 βορρᾶν,
3380 1253 3400 1285 ι
3445 1235 3603 1306 φησὶ,

2029 1353 2047 1386 ι
2076 1333 2171 1386 καὶ
2221 1331 2497 1385 Θάλασσαν
2536 1330 2600 1382 σὺ
2633 1328 2874 1390 ἔκτισας.
2906 1345 2925 1378 ι
2958 1327 3079 1380 Ὅτι
3123 1326 3181 1378 δὲ
3224 1326 3320 1380 καὶ
3347 1329 3376 1380 6
3405 1327 3604 1379 θεσπέ-

2025 1441 2137 1487 σιος
2176 1422 2400 1494 Πέτρος,
2434 1421 2527 1475 καὶ
2563 1420 2667 1493 μὴν
2699 1420 2795 1475 καὶ
2825 1420 2989 1483 αὐτὸς
3008 1421 3037 1474 6
3061 1419 3335 1488 πάνσοφος
3366 1403 3600 1484 Παῦλος,

2021 1514 2089 1575 τὰ
2134 1515 2236 1585 τῆς
2284 1512 2522 1585 ἑσπέρας
2548 1510 2943 1574 καταλαϐόντες
2994 1510 3158 1581 μέρη,
3195 1511 3602 1582 κατηγγέλκασι

2021 1607 2113 1666 τὸν
2147 1605 2376 1677 Ἰησοῦν,
2395 1605 2718 1664 ἐνδοιάσειεν
2741 1602 2806 1657 ἂν
2839 1603 3034 1666 οὐδείς.
3055 1603 3492 1673 Προνομεύσουσι
3519 1603 3602 1672 δὲ,

2024 1699 2178 1771 φησὶ,
2203 1699 2298 1758 καὶ
2338 1697 2466 1760 τοὺς
2512 1697 2606 1765 ἀφ’
2639 1695 2792 1765 ἡλίου
2823 1693 3118 1757 ἀνατολῶν,
3145 1695 3236 1747 καί⁵
3274 1691 3605 1764 Ἰδουμαίαν,

354 1807 454 1847 mae
511 1800 567 1846 et
615 1789 826 1855 vicinae,
878 1801 943 1842 ac
995 1786 1159 1840 etiam
1215 1785 1424 1854 longius
1479 1783 1701 1847 dissitas,
1754 1784 1916 1852 plena!

2024 1791 2120 1844 καὶ
2165 1791 2257 1843 ἐπὶ
2305 1787 2480 1849 niues
2525 1787 2624 1851 τὰς
2665 1789 2851 1857 χεῖρας
2898 1785 3269 1845 ἐπιϐαλοῦσιν.
3304 1788 3368 1840 Ol
3408 1787 3466 1839 δὲ
3495 1788 3604 1840 υίοὶ

350 1888 508 1936 erant
539 1877 862 1942 idololatris,
909 1891 1072 1932 sensu
1117 1885 1172 1931 et
1212 1874 1558 1944 opinionibus
1596 1874 1919 1930 dissidentes

351 1973 418 2026 ab
450 1971 555 2036 his,
587 1969 678 2040 qui
709 1983 875 2024 unum
915 1977 971 2024 et
1013 1978 1205 2024 natura
1242 1977 1296 2022 et
1340 1981 1466 2022 vere
1518 1967 1681 2022 Deum
1721 1981 1919 2036 cogno-

349 2069 526 2120 scunt.
553 2058 772 2124 Idumaei
802 2060 926 2114 dein
957 2067 1011 2113 et
1042 2057 1305 2126 Moabitae,
1335 2065 1390 2114 et
1419 2057 1510 2117 ftlii
1558 2059 1808 2124 Ammon,
1851 2057 1916 2110 li-

353 2156 526 2212 nitimi
556 2153 773 2225 quidem
807 2160 964 2207 erant
990 2151 1270 2216 Israelitis,
1316 2158 1372 2208 et
1400 2150 1792 2206 conterminam
1833 2163 1919 2204 re-

350 2248 563 2315 gionem
593 2245 917 2310 incolebant,
953 2245 1325 2300 dissenserunt
1373 2252 1571 2308 tamen,
1621 2249 1676 2296 et
1722 2255 1919 2312 graves

351 2348 404 2393 et
425 2337 804 2408 pugnacissimi
834 2337 1017 2392 hostes
1043 2336 1390 2400 exstiterunt,
1422 2345 1566 2388 astra
1597 2336 1914 2400 adorarunt,

351 2429 606 2499 omnique
644 2427 902 2497 religione
931 2427 1238 2482 Luciferum
1282 2426 1551 2496 prosecuti
1598 2436 1745 2493 sunt,
1785 2424 1916 2479 alio-

353 2535 583 2592 rumque
614 2519 833 2575 deorum
876 2519 1172 2589 principem
1222 2528 1279 2572 et
1327 2516 1623 2572 antistitem
1674 2520 1918 2572 nomina-

353 2624 498 2671 runt.
529 2612 766 2681 Quorum
797 2612 977 2666 animo
1005 2626 1070 2667 ac
1109 2609 1258 2666 cordi
1286 2609 1551 2680 imprimis
1584 2608 1758 2664 illuxit
1791 2624 1918 2666 vere

350 2707 586 2772 Lucifer,
614 2715 672 2761 et
704 2705 793 2760 lux
833 2703 938 2759 diei
983 2703 1083 2758 sub
1119 2703 1524 2773 intelligentiam
1565 2703 1805 2757 cadentis
1833 2717 1919 2758 re-

350 2799 640 2871 splenduit.
675 2796 808 2852 Nam
854 2795 1081 2866 pristina
1132 2796 1324 2850 nebula
1379 2795 1606 2862 objecta,
1663 2805 1716 2850 et
1769 2795 1915 2848 cultu

351 2889 742 2959 creaturajam
778 2887 1080 2956 repudiato,
1123 2885 1395 2941 Christum
1444 2887 1826 2953 adoraverunt,
1865 2895 1917 2941 et

347 2983 616 3056 quondam
678 2981 1093 3046 infensissimos,
1137 2980 1301 3050 208
1342 2981 1631 3044 lsraelitas,
1677 2982 1914 3050 inquam,

350 3082 809 3145 mystagogos,et
860 3085 1135 3130 sacrorum
1191 3071 1494 3137 antistites,
1541 3080 1596 3124 et
1650 3083 1918 3140 praemon-

2032 1883 2087 1935 Ἀ
2097 1881 2258 1952 μμὼν
2291 1879 2498 1952 πρῶτοι
2526 1875 2947 1938 ὑπακούσονται.
2978 1877 3132 1932 Μετά
3147 1878 3255 1950 γάρ
3274 1895 3360 1936 τοι
3376 1879 3472 1950 τὴν
3490 1880 3602 1933 τῶν

2032 1972 2297 2030 Ἰουδαίων
2342 1969 2547 2043 χώραν,
2583 1970 2794 2027 ἅπασαι
2841 1968 3026 2022 λοιπὸν
3069 1970 3128 2022 αί
3162 1970 3353 2040 ὃμοροί
3401 1987 3459 2023 τε
3503 1971 3602 2025 καὶ

2018 2064 2277 2132 γείτονες,
2307 2063 2355 2118 εί
2387 2063 2480 2116 καὶ
2507 2061 2588 2114 ἔτι
2615 2061 2968 2133 πορρωτέρω,
3006 2062 3198 2131 μεσταὶ
3229 2062 3327 2132 μὲν
3348 2056 3490 2132 ἦσαν
3520 2065 3600 2116 εἰσ

2017 2153 2392 2227 δωλολατρῶν,
2423 2153 2729 2225 ἀσύμϐατοι
2759 2152 2817 2206 δὲ
2848 2155 2961 2218 τοῖς
2999 2156 3308 2225 φρονήμασι
3354 2159 3469 2218 τοῖς
3507 2155 3603 2213 τὸν

2017 2247 2116 2300 ἕνα
2164 2247 2258 2300 καὶ
2301 2247 2470 2317 φύσει-
2490 2246 2584 2300 καὶ
2617 2245 2830 2317 ἀληθῶς
2857 2245 3021 2299 εἰδόσι
3049 2245 3202 2300 Θεόν.
3221 2244 3501 2317 Ἰδουμαῖοί
3535 2264 3599 2310 τε

2019 2342 2114 2394 καὶ
2140 2341 2450 2403 Μωαϐῖται,
2483 2340 2580 2392 καὶ
2611 2337 2801 2409 μέντοι
2829 2338 2924 2392 καὶ
2940 2337 3304 2409 υίοὶἋμμὼν,
3326 2339 3515 2410 ὅμοροι
3535 2357 3598 2393 τε

2016 2426 2156 2502 ἦσαν
2194 2433 2308 2493 τοῖς
2349 2429 2410 2493 ἐξ
2447 2428 2681 2500 Ἰσραὴλ,
2715 2428 2809 2482 καὶ⁵
2850 2428 3068 2497 γείτονα
3107 2428 3207 2499 μὲν
3242 2429 3603 2500 κατενέμοντο

2018 2521 2224 2593 χώραν,
2249 2521 2495 2592 διάφοροι
2533 2519 2589 2574 δὲ
2613 2518 2820 2582 δεινῶς,
2862 2518 2955 2572 καὶ
2983 2517 3092 2578 τῶν
3127 2519 3210 2572 ὅτι
3236 2518 3471 2590 μάλιστα
3496 2536 3598 2572 πο-

2016 2614 2073 2667 λε
2081 2613 2385 2683 μιωτάτων.
2416 2611 2790 2684 Προσεκύνουν
2817 2610 2875 2664 δὲ
2904 2612 3017 2674 τοῖς
3035 2609 3276 2681 ἄστροις,
3309 2610 3404 2665 καὶ
3430 2611 3499 2665 δι’
3521 2613 3602 2665 aio.

2016 2704 2140 2768 δοῦς
2169 2705 2388 2775 ἀπάσης
2420 2702 2701 2764 ἐποιοῦντο
2727 2703 2819 2757 τὸν
2850 2702 3180 2775 Ἑωσφόρον,
3204 2703 3601 2778 προῦ[σ]χοντα

2016 2796 2073 2850 δὲ
2110 2795 2220 2848 τῶν
2254 2795 2428 2849 ἄλλων
2457 2795 2766 2850 ἀπεκάλουν
2791 2795 2944 2852 Θεόν.
2963 2797 3103 2855 Ἀλλ’
3123 2798 3308 2862 αὐτοῖς
3332 2799 3426 2852 καὶ
3449 2797 3601 2870 πρώ-

2015 2902 2129 2950 τοις
2159 2884 2387 2950 εἱς-νοῦν
2420 2886 2514 2940 καὶ
2541 2886 2769 2958 καρδίαν
2792 2886 3100 2957 ἀνέλαμψεν
3123 2890 3152 2942 6
3178 2888 3393 2961 ἀληθῶς
3426 2890 3598 2944 Ἑωσ-

2019 2976 2218 3047 φόρος,
2274 2977 2368 3031 καὶ
2400 2977 2662 3047 διηύγασε
2712 2979 2809 3049 τῆς
2854 2979 3048 3050 νοητῆς
3091 2979 3308 3051 ἡμέρας
3354 2981 3414 3034 τὸ
3459 2981 3597 3051 φῶς.

2034 3068 2492 3140 Ἀποδεόληκότες
2535 3069 2591 3122 δὲ
2635 3068 2735 3140 τὴν
2775 3069 3010 3141 ἀρχαίαν
3035 3071 3253 3142 ἐκείνην
3282 3071 3469 3142 ἀχλὺν,
3505 3074 3602 3132 καὶ

346 3143 616 3220 ειτοιοιῖεε
643 3163 742 3217 vim
775 3161 1100 3218 adsalutem
1139 3160 1479 3230 perducentis
1499 3161 1910 3216 constituerunt.

2023 3159 2075 3213 τὸ
2098 3160 2272 3214 κτίσει
2287 3159 2662 3232 λατρεύεινέτι
2684 3162 3089 3233 παρωσάμενοι,
3119 3166 3600 3236 προσκεκυνήκασι

345 3255 424 3325 τῷ
452 3251 700 3325 Χριστῷ,
718 3251 814 3309 καὶ
840 3252 966 3315 τοὺς
981 3250 1167 3312 ,πάλαι
1192 3250 1648 3320 πολεμιωτάτους,
1682 3250 1825 3321 φημὶ
1847 3249 1911 3320 δὴ
1935 3251 2060 3314 τοὺς
2084 3249 2144 3316 ἐξ
2170 3250 2404 3324 Ἰσραὴλ,
2430 3251 2707 3305 ἐποιοῦντο
2734 3253 3125 3324 μυσταγωγοὺς
3157 3255 3252 3309 καὶ
3283 3253 3602 3326 καθηγητὰς

347 3344 466 3410 όδοῦ
499 3345 598 3414 τῆς
618 3340 1007 3413 ,ἀποφερούσης
1038 3341 1118 3404 είς
1144 3341 1437 3412 σωτηρίαν.

421 3437 582 3501 Yttns.
611 3435 702 3501 l5,
728 3434 817 3490 l6.
861 3433 924 3488 Et
955 3434 1462 3491 uastabiLDominus
1500 3452 1643 3492 mare
1670 3435 1912 3508 Egypti,

347 3541 393 3586 at
435 3527 728 3583 admovebit
766 3541 982 3582 manum
1016 3526 1174 3596 ﬂuvio
1206 3527 1398 3596 spiritu
1430 3527 1673 3594 violento,
1704 3539 1752 3583 et
1794 3545 1914 3598 per-

347 3622 504 3676 cutiet
523 3627 726 3689 septem
757 3618 938 3684 ualles,
969 3630 1022 3672 ut
1045 3628 1277 3674 transeat
1309 3619 1417 3688 ipse
1443 3618 1499 3672 in
1523 3618 1908 3683 calceamentis.

349 3709 420 3768 Et
453 3711 554 3767 erit
599 3711 853 3768 transitus
895 3710 1072 3767 relicto
1111 3725 1223 3764 meo
1260 3709 1452 3781 populo
1486 3712 1538 3764 in
1567 3709 1822 3781 Egypto,
1863 3720 1912 3766 et

347 3804 446 3860 erit
488 3800 701 3870 lsraeli,
733 3801 888 3872 quasi
924 3801 1035 3857 dies
1059 3803 1282 3872 .guando
1316 3819 1550 3874 egressus
1589 3813 1670 3864 est
1710 3820 1738 3860 ι
1773 3814 1912 3861 terra

349 3893 591 3964 Egypti-

416 4067 670 4123 luventor
704 4075 758 4122 et
798 4072 951 4136 pater
994 4065 1228 4136 peccati,
1266 4079 1388 4121 cum
1433 4081 1488 4122 tn
1533 4080 1724 4124 omnes
1763 4067 1913 4124 orbis

348 4169 616 4216 terrarum
645 4157 852 4214 incolas
894 4155 1177 4228 imperium
1218 4157 1268 4213 vi
1315 4172 1380 4212 ac
1425 4160 1711 4229 tyrannide
1754 4175 1912 4216 usur-

347 4249 516 4319 pavit,
549 4248 936 4319 hominemque
957 4254 1110 4302 extra
1140 4255 1293 4316 septa
1326 4232 1570 4304 veritatis
1606 4250 1911 4316 seductum,

348 4341 526 4411 gregis
549 4339 938 4398 daemoniorum
968 4337 1227 4395 cultorem
1265 4339 1524 4403 reddidit,
1564 4355 1630 4396 ac
1663 4357 1762 4397 suo
1789 4357 1910 4398 eum

340 4431 470 4500 iugo
544 4431 774 4502 subjecit
836 4448 851 4487 :
923 4441 1033 4488 tum
1110 4444 1240 4485 vero
1307 4428 1550 4501 Egyptii
1608 4446 1718 4502 pra:
1791 4433 1913 4489 aliis

344 4519 886 4589 superstitiosissimi,
943 4528 998 4574 et
1042 4519 1095 4573 in
1152 4519 1254 4574 hoc
1310 4521 1560 4576 acerrimi
1607 4521 1912 4592 impigerri-

277 4616 282 4624 ‘
349 4609 530 4678 mique
556 4609 903 4668 exstiterunt.
937 4606 1163 4663 Delubra
1187 4607 1330 4662 enim
1358 4608 1562 4676 passim
1589 4617 1643 4663 et
1669 4622 1795 4664 aras
1815 4624 1914 4680 per

2089 3433 2199 3490 Kal
2235 3431 2596 3503 ἐξερημῦσει
2644 3434 2859 3502 Κύριος
2895 3434 3012 3504 τὴν
3053 3435 3374 3493 θάλασσαν
3417 3442 3598 3511 Αίγύ-

2019 3538 2193 3591 {ttat},
2250 3524 2346 3578 καὶ
2394 3524 2668 3580 ἐπισαλεῖ
2711 3525 2826 3594 τὴν
2870 3526 3037 3596 χεῖρα
3093 3529 3281 3584 αὑτοῦ
3338 3531 3437 3586 ἐπὶ
3491 3531 3600 3586 τὸν

2018 3615 2288 3686 ποταμὸν
2338 3617 2629 3686 πνεύματι
2698 3617 2878 3682 βιαίῳ
2902 3657 2918 3683 ,
2975 3619 3076 3673 καί
3137 3620 3388 3687 πατάξει
3446 3621 3599 3678 ἑπτὰ

2018 3704 2348 3778 φάραγγας,
2371 3706 2528 3773 ὥστε
2557 3707 3012 3776 διαπορεύεσθαι
3047 3711 3236 3770 αὐτὸν
3269 3711 3341 3766 έν
3370 3711 3596 3778 egoen-

2011 3813 2222 3868 μασιν.
2275 3798 2385 3860 Καὶ
2431 3799 2604 3863 ἔσται
2646 3798 2847 3867 δίοδος
2887 3800 2970 3866 .τῷ
3003 3805 3449 3872 καταλειφθέντα
3473 3823 3593 3875 μου

2017 3892 2144 3959 λαῷ
2168 3893 2238 3953 ἐν
2263 3894 2550 3967 Αιτύπτφ·
2593 3892 2690 3946 καὶ
2741 3893 2912 3958 ἔσται
2958 3893 3039 3960 τῷ
3075 3897 3320 3966 Ἰσραὴλ
3361 3899 3502 3959 duret
3549 3901 3592 3968 ἡ

2017 3981 2208 4052 ’ἡμέρα
2237 3981 2334 4045 ὅτε
2363 3981 2624 4052 ἐξῆλθεν
2643 3983 2712 4045 ἐκ
2733 3982 2846 4056 γῆς
2863 3987 3186 4055 Αἰγύπτου.

2089 4070 2413 4143 Κεκράτηκε
2445 4071 2541 4142 μὲν
2577 4072 2644 4126 ὲκ
2680 4071 2992 4138 πλεονεξίας
3016 4074 3124 4136 τῶν
3151 4075 3256 4138 ἀνὰ
3280 4079 3460 4136 πᾶσαν
3494 4079 3594 4150 τὴν

2019 4161 2110 4216 ὑπ’
2129 4161 2357 4233 οὐρανὸν
2375 4164 2404 4215 6
2424 4162 2524 4234 τῆς
2549 4162 2818 4236 ἁμαρτίας
2841 4164 3066 4238 εὑρέτης
3091 4168 3182 4224 καὶ
3205 4170 3404 4241 πατήρ.
3442 4171 3594 4226 Ἀπο-

2019 4251 2350 4326 6ουκολήσας
2375 4256 2475 4326 τῆς
2498 4253 2755 4326 ἀληθείας
2775 4255 2865 4309 τὸν
2885 4255 3190 4328 ἄνθρωπον,
3224 4258 3324 4330 τῆς
3345 4258 3452 4313 τῶν
3469 4260 3584 4315 δαι-

2021 4346 2218 4415 μονίων
2247 4347 2449 4419 ἀγέλης
2474 4346 2726 4401 ἀπετέλει
2757 4349 3155 4421 προσκυνητὴν,
3180 4352 3274 4404 καὶ
3297 4354 3410 4415 τοῖς
3441 4351 3590 4414 ἰδίοις

2019 4437 2264 4491 ὑπετίθει
2291 4437 2495 4508 ζυγοῖς·
2530 4441 2817 4510 Αἰγύπτιοι
2841 4441 2898 4494 δὲ
2931 4441 3164 4513 μάλιστα
3199 4442 3590 4513 δεισιδαιμονὲ-

2021 4545 2199 4582 στατοι
2225 4530 2378 4600 παρά
2397 4533 2524 4595 τοὺς
2555 4532 2746 4595 ἀλλους
2776 4533 2872 4587 καὶ
2892 4533 3055 4588 δεινοὶ
3092 4534 3228 4606 πρὸς
3251 4533 3410 4588 τοῦτο
3433 4535 3592 4604 γεγό-

2016 4637 2158 4676 νασι.
2195 4621 2408 4692 Τεμένη
2454 4621 2564 4694 γὰρ
2587 4619 2734 4694 ἦσαν
2777 4624 3053 4696 πανταχοῦ
3097 4625 3193 4679 καὶ
3229 4625 3405 4696 βωμοὶ
3447 4626 3592 4680 κατά

347 4699 653 4769 regionem,
685 4705 740 4752 et
771 4696 1062 4764 simulacra
1107 4696 1318 4753 inﬁnita
1362 4697 1666 4765 habebant,
1698 4709 1752 4755 et
1777 4713 1908 4754 exa-

2023 4711 2117 4781 τὴν
2157 4710 2339 4782 χώραν
2381 4713 2581 4779 αὐτοῖς,
2627 4714 2721 4786 ἒδη
2765 4731 2826 4769 τε
2872 4716 3059 4788 μυρία,
3111 4716 3208 4769 καὶ
3258 4715 3592 4788 ἀγαλμάτων

345 4793 490 4855 mina
521 4793 822 4866 signorum,
861 4805 1033 4862 eaque
1065 4791 1121 4848 in
1163 4790 1344 4863 adytis
1377 4790 1753 4848 multiformia.
1797 4791 1912 4846 Ad-

343 4893 574 4948 orarunt
598 4882 742 4938 enim
771 4881 1006 4938 volatilia
1035 4890 1088 4936 et
1129 4882 1323 4952 pisces,
1368 4896 1586 4954 capram
1627 4891 1683 4938 et
1714 4897 1867 4940 ovem
1894 4901 1909 4940 :

345 4985 404 5038 et
433 4975 632 5038 vitulus
658 4975 726 5038 ab
754 4975 860 5034 illis
893 4976 946 5030 in
985 4975 1190 5030 honore
1223 4974 1438 5030 habitus
1470 4984 1576 5030 est.
1609 4973 1702 5030 Sic
1732 4986 1910 5028 tamen

347 5069 568 5134 affectos
609 5069 793 5126 invisit
827 5068 989 5136 Deus,
1017 5076 1072 5121 et
1104 5066 1262 5121 simul
1297 5081 1419 5121 cum
1457 5066 1577 5122 aliis
1600 5067 1813 5120 vocavit
1845 5066 1914 5121 ad

345 5161 516 5216 lucem
539 5171 594 5215 et
616 5160 684 5214 ad
715 5160 1044 5231 agnitionem
1069 5159 1334 5214 veritatis.
1360 5157 1735 5213 Praedicarunt
1763 5157 1907 5212 enim

346 5257 486 5316 inter
514 5253 634 5308 illos
661 5251 1011 5323 Evangelium
1043 5252 1269 5316 Christi,
1301 5267 1424 5309 cum
1465 5249 1680 5316 Marcus
1723 5253 1912 5310 beatus

305 5419 310 5424 ι
342 5342 693 5412 evangelista,
733 5352 843 5397 tum
867 5344 1048 5399 cmteri
1075 5349 1195 5411 post
1230 5341 1378 5402 illum
1405 5339 1519 5396 suis
1552 5343 1907 5412 temporibus,

336 5434 536 5513 partim
565 5434 652 5503 qui
680 5449 743 5500 ex
779 5434 1123 5498 Hebraeorum
1155 5435 1375 5505 regione
1401 5445 1686 5498 venerunt,
1711 5435 1906 5505 partim

337 5540 407 5595 ex
451 5524 579 5592 ipsis
620 5525 708 5593 qui
756 5527 1138 5594 crediderunt,
1175 5527 1342 5586 duces
1391 5527 1805 5599 mysteriorum,
1852 5543 1907 5588 ct

284 5706 301 5720 .
409 5681 456 5728 ιι
477 5676 627 5746 Psnl.
657 5693 917 5749 mm".
947 5681 1035 5744 ’ὃν

2018 4802 2205 4875 ἑσμὸς,
2247 4804 2570 4878 τωλύμορφά
2597 4825 2656 4862 τε
2684 4807 2756 4862 τά
2783 4809 2842 4864 ὲν
2867 4811 3077 4881 σηκοῖς.
3105 4810 3590 4882 Προσκεκυνήκασι

2019 4896 2128 4967 γὰρ
2173 4899 2395 4970 πτηνοῖς
2440 4899 2535 4952 καὶ
2584 4899 2810 4970 ίχθύσιν,
2858 4903 2975 4972 αἰγὶ
3024 4903 3119 4959 καὶ
3160 4903 3435 4975 προϐάτῳ,
3495 4903 3592 4970 καὶ

2023 4990 2221 5061 μόσχος
2245 4987 2312 5062 ἦν
2336 4991 2397 5046 τὸ
2423 4991 2584 5057 σέϐας
2614 4994 2817 5058 αὐτοῖς.
2855 4995 3015 5050 Ἀ).λά
3047 4995 3143 5050 καὶ
3170 4995 3343 5060 οὕτως
3368 4996 3593 5067 ἔχοντας

2018 5082 2384 5143 ἐπεσκέπτετο
2419 5084 2573 5152 Θεὸς,
2612 5086 2708 5140 καὶ
2727 5087 3002 5158 όμοῦτοῖς
3031 5088 3211 5152 ἄλλοις
3244 5089 3427 5143 ἐκάλει
3453 5089 3592 5158 πρὸς

2018 5172 2080 5233 τὸ
2119 5173 2254 5242 φῶς,
2296 5175 2390 5232 καὶ
2430 5175 2568 5248 πρὸς
2603 5177 2898 5245 ἐπίγνωσιν
2933 5179 3212 5250 ἀληθείας.
3251 5176 3593 5249 Διεκήρυξαν

2020 5264 2129 5336 γὰρ
2167 5267 2225 5318 ἰν
2257 5267 2394 5338 αὐτῇ
2428 5267 2488 5322 τδ
2521 5269 2848 5338 Εὑαγγέλιον
2876 5268 2971 5323 τοῦ
3010 5268 3242 5342 Χριστοῦ
3275 5269 3501 5340 Μάρκος
3529 5284 3589 5321 τε

2017 5355 2048 5406 ὀ
2095 5355 2362 5428 μακάριος
2406 5358 2816 5432 εὐαγγελιστὴς,
2859 5359 2952 5414 καὶ
2991 5361 3166 5431 ἕτεροι
3196 5359 3252 5412 δὲ
3281 5359 3401 5430 μετ’
3428 5356 3591 5412 αὐτὸν

2017 5446 2159 5510 κατὰ
2186 5449 2427 5518 καιρούς·
2467 5451 2624 5506 τοῦτο
2652 5453 2750 5522 μὲν
2775 5455 2838 5522 ἐκ
2858 5452 2956 5522 τῆς
2985 5451 3250 5524 Ἐϐραίων
3278 5448 3590 5522 ὁρμώμενοι

2012 5534 2217 5608 χώρας,
2267 5537 2422 5593 τοῦτο
2462 5539 2518 5595 δὲ
2563 5542 2658 5597 καὶ
2697 5542 2758 5624 ἐξ
2791 5543 2972 5599 αὐτῶν
3008 5543 3118 5599 τῶν
3146 5542 3590 5617 πεπιστευκότων
