4002 6212
359 348 466 416 33'?

1509 356 1580 422 lN
1620 358 1852 424 ISAIAM
1889 361 2019 426 LIB.
2057 367 2120 426 ll.
2161 370 2394 429 TOMUS
2433 370 2467 427 Ι.

3511 360 3613 424 3‘58

364 477 722 550 μυσταγωγοὶ
769 479 862 532 καὶ
891 479 1202 535 διδάσκαλοι
1236 483 1376 537 κατὰ
1405 487 1632 556 καιροὺς
1676 487 1946 542 mesau-

2055 491 2302 547 doctores
2343 507 2408 548 ac
2450 491 2730 562 magistri,
2763 480 3095 561 ietnporilius
3125 482 3602 559 subsequentibus,

362 571 576 642 γμένοι.
604 571 742 624 τίνα
783 573 848 643 δὴ
884 572 1084 644 τρόπον
1127 574 1403 628 καὶτοῦτο
1441 577 1822 649 κατώρθωται,
1871 579 1948 632 δι-

357 665 538 716 ειπεϊν
567 663 886 730 ἀναγκαῖον,
907 660 998 716 τδν
1021 665 1120 734 τῆς
1142 666 1384 737 ἱστορίας
1403 668 1837 740 κατευρύνοντας
1865 671 1957 726 λό-,

357 774 477 826 γον.
513 757 650 828 Πρὶν
673 757 771 828 μὲν
791 758 899 828 γὰρ
921 759 988 811 τὰ
1020 759 1301 829 Ῥωμαίων
1322 761 1464 815 κατὰ
1489 761 1705 816 πάντων
1734 762 1949 834 ἰσχῦσαι

355 849 564 919 κράτη,
596 847 782 919 χώρας
810 866 870 901 τε
902 851 1134 921 ἑκάστης
1162 851 1293 905 ίδιον
1326 853 1556 924 ἐχούσης
1586 853 1677 908 τὸν
1706 855 1947 926 ἡγούμε-

353 958 472 1004 νον,
523 940 646 1008 ἦτοι
678 939 1052 1009 βασιλεύοντα,
1087 941 1255 1013 πολλή
1300 960 1384 1006 τις
1421 939 1490 1015 ἦν
1521 945 1632 1009 τοῖς
1670 943 1880 1000 ἔθνεσιν
1911 947 1944 1016 ἡ

353 1032 618 1101 διαφορά·
659 1031 818 1086 τοῦτο
843 1032 943 1102 μὲν
960 1034 1041 1087 ὅτι
1061 1033 1156 1087 καὶ⁹
1188 1034 1247 1087 τὸ
1268 1035 1365 1104 τῆς
1397 1033 1693 1106 θρησκείας
1714 1037 1948 1106 ἑτεροῖον

353 1119 724 1174 ἁνακαίεσθαι
755 1121 958 1191 μεταξὺ
984 1120 1083 1192 τὴν
1104 1122 1303 1194 ἔχθραν
1323 1125 1577 1188 ἐποιεῖτο,
1603 1125 1762 1180 τοῦτο
1786 1126 1843 1180 δὲ
1867 1127 1947 1180 ὅτι

352 1211 790 1283 καταληῖζεσθαι
820 1217 932 1277 τοῖς
957 1213 1230 1266 ἐθέλουσιν
1258 1214 1386 1287 ἐξῆν
1411 1215 1500 1269 τὸν
1519 1218 1582 1269 ὲκ
1600 1217 1697 1286 τῆς
1725 1219 1944 1290 ἑτέρας,

350 1305 724 1377 ἐπιτιμῶντος
778 1305 1010 1368 οὐδενός.
1051 1301 1158 1360 Ἦν
1205 1302 1297 1360 οὖν
1340 1307 1534 1376 ἀμιξία
1579 1307 1717 1380 πρὸς
1745 1309 1948 1379 ἄλληλα

353 1397 593 1468 πλείστη
619 1397 759 1461 τέως
781 1399 894 1460 τοῖς
919 1397 1118 1459 ἔθνεσι,
1142 1399 1235 1452 καὶ
1257 1398 1317 1451 τὸ
1341 1398 1542 1452 ἁλῶναί
1570 1417 1678 1452 τισι
1707 1401 1805 1471 τῆς
1827 1401 1942 1454 ἑτέ-

358 1505 478 1557 ρων
511 1485 696 1557 χώρας
737 1487 870 1540 είσω
907 1487 1188 1556 γεγονόσιν
1215 1488 1315 1540 οὐκ
1349 1489 1601 1558 ἀζήμιον.
1639 1489 1856 1561 Ἐπειδὴ
1889 1491 1946 1544 δὲ

351 1579 556 1648 ἴσχυσε
601 1579 743 1632 κατὰ
784 1577 1001 1631 πάντων
1028 1579 1060 1648 ἡ
1090 1578 1379 1648 Ῥωμαίων
1411 1579 1573 1652 ἀρχὴ,
1603 1581 1697 1633 καὶ
1729 1581 1819 1651 ὑφ’
1849 1581 1946 1635 ἕνα

355 1671 624 1739 ⁴γεγόνασι
649 1671 740 1724 τὸν
769 1669 1095 1741 ἡγούμενον,
1120 1671 1308 1741 νόμοις
1325 1673 1438 1734 τοῖς
1463 1672 1594 1742 παρ’
1617 1672 1797 1727 αὐτῶν
1825 1673 1914 1727 δια
1930 1705 1946 1714 -

357 1760 519 1814 ὄιοῦν
547 1761 920 1833 ἐδιδάχθησαν,
946 1760 1216 1832 ἐπιμιξίαι
1259 1778 1318 1814 τε
1364 1761 1549 1818 λοιπὸν
1588 1763 1646 1816 ai.
1689 1765 1826 1834 πρὸς
1855 1764 1946 1818 ἆλ-

2052 575 2441 639 el'liciebantur.
2467 585 2584 652 Quo
2604 586 2780 639 autem
2805 584 2962 639 modo
2989 575 3092 637 Hoc
3115 575 3409 652 perlectum
3434 576 3612 642 fuerit,

2051 669 2331 728 histeriam
2366 675 2656 746 aperiendo
2675 668 2958 731 dicendum
2983 684 3086 729 est.
3105 665 3261 728 Prius
3283 675 3425 727 enim
3454 687 3614 742 quam

2051 761 2278 820 Romani
2335 767 2622 837 imperium
2676 767 2729 822 in
2777 781 2966 822 omnes
3003 767 3341 828 obtinerent,
3389 762 3617 834 singulis

2050 855 2359 926 regionibus
2397 872 2552 912 suum
2589 858 2778 913 ducem
2809 872 2871 911 ac
2901 871 3081 928 regem
3114 854 3458 916 habentibus,
3499 868 3615 907 ma-

2049 962 2152 1018 gna
2189 956 2306 1003 erat
2353 948 2492 1004 inter
2516 960 2705 1020 gentes
2735 949 3003 1005 dissensio
3036 967 3049 1004 :
3090 958 3200 1003 tum
3236 946 3378 1018 quod
3409 945 3618 1016 praedas

2048 1051 2210 1107 agere
2250 1037 2438 1094 liceret
2471 1039 2667 1108 quibus
2705 1037 2946 1104 lubebat,
2973 1047 3027 1094 et
3059 1037 3194 1093 alios
3223 1036 3440 1092 aliunde
3471 1035 3617 1090 nullo

2051 1127 2479 1196 reprehendente
2517 1129 2773 1198 diripere.
2825 1127 2956 1184 Erat
2999 1129 3182 1198 itaque
3221 1127 3452 1182 maxima
3487 1140 3617 1196 gen-

2049 1216 2178 1271 tium
2216 1217 2359 1274 inter
2393 1233 2451 1275 se
2489 1218 2774 1287 disiunctio
2812 1229 2866 1274 et
2903 1219 3232 1281 dissociatio,
3262 1234 3361 1274 nec
3399 1219 3618 1287 impune

2047 1309 2402 1378 capiebantur
2467 1311 2609 1364 intra
2676 1311 2906 1366 aliorum
2967 1311 3241 1381 regionem
3312 1308 3612 1365 constituti.

2047 1399 2246 1455 Verum
2275 1415 2396 1455 cum
2439 1399 2494 1456 in
2517 1416 2708 1456 omnes
2741 1401 3107 1458 Romanorum
3141 1401 3424 1472 imperium
3459 1401 3614 1456 inva-

2048 1493 2255 1560 luisset,
2291 1503 2347 1548 et
2374 1494 2529 1548 unius
2563 1494 2792 1564 imperio
2830 1494 3030 1550 subditi
3063 1495 3128 1549 ad
3173 1493 3348 1566 legum
3373 1509 3510 1563 quas
3539 1494 3616 1548 illi

2048 1584 2287 1641 tulerunt
2319 1596 2564 1641 normam
2594 1587 2777 1642 vivere
2812 1586 2955 1642 docti
2997 1592 3188 1642 essent
3200 1628 3214 1653 ,
3256 1587 3615 1642 commercia-

2045 1692 2151 1748 que
2194 1692 2258 1732 ac
2307 1678 2596 1734 societates
2637 1677 2879 1748 gentium
2917 1677 3170 1748 deinceps
3221 1678 3358 1734 citra
3408 1688 3612 1734 metum

2048 1764 2186 1824 ullro
2225 1769 2475 1839 citroque
2517 1767 2868 1838 haberentur,
2900 1778 2954 1826 et
2995 1785 3206 1827 summa
3256 1771 3613 1827 mansuetudo

356 1854 501 1925 ληλα
525 1854 632 1909 τῶν
661 1829 833 1910 sive»
863 1829 1150 1924 γεγόνασιν
1180 1856 1375 1923 ἀδεεῖς,
1410 1856 1505 1910 και
1540 1857 1706 1930 πολλὴ
1736 1829 1942 1932 κεκρά-

2047 1869 2101 1915 et
2139 1829 2422 1916 clementia
2455 1860 2661 1932 vigeret
2689 1829 2866 1916 :‘tunc
2891 1861 3129 1930 quidem,
3164 1870 3293 1917 tunc
3336 1861 3614 1933 evangeli-

357 1964 532 2018 τηκεν
555 1947 851 2019 ἡμερότηςο
883 1947 1002 2001 τότε
1032 1948 1118 2020 δὴ,
1146 1949 1263 2002 τότε
1291 1950 1406 2014 τοῖς
1438 1949 1946 2022 εὐαγγελιζομένοῑς

354 2042 457 2096 τὸν
488 2039 694 2113 Ἰησοῦν
716 2041 908 2110 γέγονε
934 2041 1122 2108 δίοδος,
1147 2043 1264 2115 ἦτοι
1283 2043 1421 2107 ὁδὸς,
1445 2042 1539 2096 τοῦ
1567 2045 1673 2098 καὶ
1698 2045 1756 2097 ὲν
1781 2038 1945 2114 Αίγῦ-

360 2151 488 2206 πτῳ
521 2132 780 2189 δύνασθαι
819 2133 1124 2205 παρελθεῖν.
1171 2128 1327 2188 Είλεν
1365 2133 1423 2188 δὲ
1459 2128 1579 2188 τίνα
1615 2130 1816 2206 τρόπον
1848 2136 1948 2208 τὴν

359 2226 680 2297 Αἰγυπτίων
715 2229 744 2282 ὀ
785 2224 1093 2296 Αὔγουστος
1121 2228 1356 2297 Καῖσαρ,
1393 2227 1424 2279 ὁ
1459 2228 1795 2298 προφητικὸς
1817 2229 1947 2300 ἡμῖν

357 2317 708 2392 διερμηνεύῃ
728 2319 904 2388 λόγος.
937 2312 1000 2373 ’Ὀ
1032 2311 1130 2390 μὲν
1147 2319 1258 2390 γὰρ
1288 2319 1384 2390 τῆς
1407 2314 1684 2388 Κίγύπτου
1707 2321 1947 2392 ποταμὸς

360 2407 532 2481 εὐρύς
558 2416 620 2462 τε
661 2409 757 2463 καὶ
786 2402 973 2474 πολὺς,
1015 2409 1112 2464 καὶ
1147 2411 1495 2482 πλημμυρῶν
1533 2412 1674 2466 κατᾶ
1699 2405 1943 2487 καιροὺς,

358 2491 431 2553 δι’
459 2490 602 2554 ima
635 2500 920 2570 στομάτων
945 2501 1184 2573 ἔρχεται,
1229 2502 1316 2556 ἁλὶ
1355 2505 1422 2575 τῇ
1462 2504 1663 2573 γείτονι
1703 2504 1765 2559 τὸ
1799 2499 1962 2578 νᾶμα

357 2582 723 2664 δωρόῧμενος·
783 2593 1023 2663 γεγονώς
1081 2611 1144 2663 γε
1182 2593 1286 2666 μὴν
1323 2597 1381 2649 ὲν
1432 2599 1546 2660 τοῖς
1597 2590 1787 2670 μέρεσι
1837 2597 1946 2652 τῶν

357 2681 554 2738 ἒλείων
585 2684 814 2757 ἀνδρῶν,
843 2685 1038 2755 λίμνας
1059 2686 1312 2739 ἀποτελεῖ
1339 2688 1555 2758 μακρὰς
1588 2682 1682 2742 καὶ
1703 2689 1942 2760 εὐρείας,

362 2773 708 2830 itaIta-radat:
731 2775 909 2830 αὐτῶν
932 2775 1210 2840 ἐπικλύζει
1233 2775 1328 2848 τὴν
1349 2776 1471 2846 γῆν.
1511 2772 1652 2831 ὥστε
1689 2780 1783 2832 καὶ
1818 2789 1946 2834 vatu-

363 2867 593 2937 σίτῖορον
633 2861 770 2919 εῖναι
809 2866 910 2937 τὴν
943 2865 1267 2937 πυροφόρον.
1309 2867 1397 2930 Ὠς
1440 2861 1532 2920 οὖν
1577 2865 1606 2919 ὁ
1636 2859 1945 2936 Αὔγουστος

361 2955 590 3028 Καῖσαρ
615 2957 714 3028 τῆς
752 2957 1014 3018 Ἰουδαίας
1054 2949 1412 3027 κεκρατηκὼς
1434 2952 1572 3028 ’ἧκεν
1599 2957 1684 3019 εἰς
1716 2959 1815 3029 τὴν
1847 2960 1943 3012 Ai-

361 3047 630 3117 γυπτίων,
661 3046 827 3118 ᾤοντο
858 3047 954 3117 μὲν
979 3048 1028 3100 ονί
1058 3046 1260 3115 ταύτης
1299 3048 1599 3118 οἰκήτορες,
1639 3049 1721 3102 ὅτι
1765 3048 1866 3102 κᾶν
1895 3051 1944 3104 εί

2047 1953 2296 2008 tantibus
2323 1945 2507 2009 Iesum
2541 1951 2820 2019 transiws,
2851 1963 2944 2008 seu
2981 1948 3066 2006 via
3103 1947 3375 2022 patefacta
3406 1961 3512 2017 est,
3557 1961 3611 2006 ut

2044 2045 2204 2100 etiam
2227 2040 2516 2115 Egyptum
2545 2043 2875 2114 per‘transire
2905 2043 3199 2113 potuerint.
3213 2042 3496 2110 Quomodo
3521 2057 3611 2096 au-

2048 2144 2154 2190 tem
2167 2136 2372 2206 ceperit
2391 2128 2762 2207 Egyptiacam
2784 2128 2951 2206 209
2978 2143 3173 2190 terram
3194 2134 3464 2204 Augustus
3494 2133 3610 2189 Cir.-

2044 2235 2153 2291 sar,
2189 2226 2501 2296 prophetica
2544 2226 2698 2281 nobis
2736 2225 3124 2296 interpretatur
3161 2225 3354 2280 oratio.
3393 2220 3615 2278 Fluvius

2044 2317 2186 2372 enim
2209 2315 2459 2387 Egypti,
2472 2327 2525 2372 et
2542 2316 2679 2370 latus
2701 2326 2756 2372 et
2782 2327 3032 2385 magnus,
3055 2315 3327 2384 certisque
3345 2315 3605 2384 tempori-

2048 2407 2146 2461 bus
2167 2407 2453 2473 lnundans,
2484 2417 2577 2476 per
2605 2415 2808 2474 septem
2831 2407 2970 2462 ostia
2995 2419 3202 2469 means,
3226 2406 3278 2460 in
3306 2416 3457 2460 mare
3482 2405 3613 2460 vici-

2045 2510 2171 2556 num
2195 2497 2398 2565 inﬂuit;
2423 2509 2794 2555 verumtamen
2819 2510 2940 2555 cum
2960 2499 3011 2553 in
3029 2499 3271 2568 partibus
3293 2498 3610 2570 palustrium

2048 2592 2322 2647 hominum
2353 2591 2588 2660 eXsistit,
2621 2590 2845 2660 paludes
2880 2589 3073 2662 longas
3095 2599 3151 2647 et
3184 2591 3320 2647 latas
3346 2589 3527 2657 efﬁcit,
3561 2588 3622 2644 ef

2045 2687 2293 2739 cunctam
2338 2694 2524 2739 "eorum
2568 2694 2772 2740 terram
2823 2685 3074 2752 inundat,
3124 2684 3198 2738 ita
3247 2693 3305 2738 ut
3336 2699 3456 2754 qua:
3499 2683 3609 2736 fru-

2047 2778 2211 2830 menti
2245 2775 2437 2830 fertilis
2461 2785 2601 2842 erat,
2635 2775 2727 2830 liat
2757 2775 3095 2844 navigabilis.
3127 2773 3419 2844 Postquam
3453 2776 3608 2845 igitur

2043 2865 2316 2937 Angustus
2345 2865 2874 2934 Cassaruludzeorum
2913 2866 3122 2922 devicta
3156 2875 3320 2933 terra,
3349 2865 3402 2919 in
3444 2866 3607 2932 regio-

2046 2972 2165 3012 nem
2201 2957 2583 3028 }Egyptiorum
2623 2957 2896 3023 venisset,
2939 2955 3326 3010 existimabant
3364 2957 3480 3027 ejus
3528 2957 3609 3010 in-

2045 3049 2201 3115 colae,
2225 3050 2388 3104 etiam
2424 3049 2554 3119 ipsis
2577 3048 3005 3120 quiescentibus,
3029 3058 3084 3103 et
3115 3063 3146 3102 a
3172 3048 3313 3104 bello
3340 3049 3610 3118 armisque

360 3131 570 3191 ἕλοιντο
629 3139 987 3208 κατηρεμείν,
1038 3135 1376 3207 ἂποσχὲσοαι
1431 3155 1490 3192 τε
1553 3139 1790 3211 πολέμου
1851 3143 1944 3195 καὶ

2049 3141 2148 3196 sibi
2183 3140 2631 3212 temperantibus,
2667 3155 2773 3194 non
2802 3154 2959 3210 posse
2989 3141 3262 3211 regionem
3291 3140 3360 3196 ab
3383 3155 3448 3196 eo
3466 3141 3609 3210 capi,

362 3227 566 3295 ὃπλων,
593 3222 837 3300 ἄληπτον
882 3229 1073 3299 ἐκείνῳ
1099 3230 1200 3299 τὴν
1238 3228 1420 3302 χώραν
1457 3231 1747 3301 ἐργάσεται
1776 3233 1835 3286 τὸ
1863 3233 1944 3287 δι-

365 3319 603 3384 εζῶσθαι
623 3320 843 3390 λίμναις
868 3337 928 3372 τε
961 3323 1056 3373 καὶ
1079 3323 1360 3390 ποταμοῖς.
1399 3321 1614 3393 Ἐπειδὴ
1638 3323 1695 3375 δὲ
1731 3322 1808 3392 τῷ
1836 3322 1945 3376 τῶν

362 3413 504 3467 ὅλων
536 3410 827 3484 κρατοῦντι
862 3410 980 3482 Θεῷ
1020 3413 1132 3474 τοῖς
1171 3410 1454 3481 Ῥωμαίων
1494 3413 1791 3484 σκήπτροις
1818 3414 1976 3465 ὁποι

363 3503 552 3574 φέρειν
587 3503 760 3556 ἐδόκει
794 3503 888 3556 καὶ
921 3502 1089 3573 αὐτὴν
1131 3503 1268 3572 μετὰ
1304 3503 1412 3556 τῶν
1438 3504 1611 3558 ἄλλων
1645 3499 1744 3573 τὴν
1779 3504 1944 3572 Αἰγυ-

365 3595 566 3663 πτίων,
602 3594 788 3665 ἀνέμῳ
819 3594 957 3664 νότῳ
988 3593 1276 3666 βιαιοτάτῳ
1309 3595 1370 3647 τὸ
1397 3594 1492 3647 τοῦ
1522 3594 1766 3664 ποταμοῦ
1814 3611 1944 3650 κατ-

363 3691 590 3761 ωθήσας
631 3687 777 3760 ὕδωρ
832 3681 924 3741 ἐπὶ
967 3687 1066 3759 τὴν
1103 3687 1377 3741 θάλασσαν
1401 3727 1416 3751 ,
1455 3687 1686 3757 βάσιμον
1725 3688 1942 3741 ἅπασαν

365 3782 546 3836 ὲτίθει
624 3782 724 3852 τὴν
802 3780 1023 3851 χώραν,
1101 3779 1241 3832 ὥστε
1311 3780 1436 3842 τοὺς
1495 3779 1943 3850 διαπεραιοῦσθαι

365 3873 623 3936 οεωπας
670 3871 866 3942 λίμνας
929 3879 988 3922 τε
1034 3870 1125 3922 καὶ
1169 3868 1338 3932 αὐτας
1385 3869 1442 3921 δὲ
1484 3869 1584 3933 τὰς
1630 3869 1940 3940 φάραγγας,

362 3960 486 4037 ἦτοι
503 3965 574 4019 τὰ
586 3963 726 4018 ἑπτὰ
752 3963 997 4032 στόματα
1018 3961 1116 4014 τοῦ
1142 3961 1404 4031 ποταμοῦ,
1431 3962 1574 4031 μηδ’,
1595 3962 1720 4015 ὅσον
1745 3963 1944 4026 εἰπεῖν,

360 4055 639 4111 ἀπολῦσαι
663 4053 758 4108 τοῦ
781 4053 942 4116 ποδὸς
964 4052 1023 4105 τὸ
1047 4053 1320 4121 ὑπόδημα.
1343 4051 1820 4116 Καταλιιαίνοντος
1841 4051 1944 4104 τοί.

362 4165 464 4204 νυν
491 4148 598 4204 τοῦ
624 4147 761 4202 Θεοῦ
789 4147 889 4213 τὴν
923 4146 1152 4218 πάροδον
1172 4147 1238 4215 τῇ
1270 4144 1556 4214 Ῥωμαίων
1594 4145 1840 4215 στρατιᾷ,
1859 4161 1945 4197 νει

361 4242 618 4310 νῖκηνται
642 4239 709 4292 τὰ
729 4236 1060 4307 Αἰγυπτίων.
1081 4233 1250 4288 Τοῦτο
1268 4234 1425 4288 πάλιν
1442 4235 1587 4304 ἡμᾶς
1607 4235 1636 4286 ὀ
1664 4236 1944 4306 προφήτης

360 4331 605 4386 διδάσκει
652 4330 862 4398 λέγων·
907 4348 926 4381 ι
955 4323 1095 4382 Τάδε
1131 4327 1279 4394 λέγει
1322 4324 1524 4395 Κῦρεος
1561 4324 1808 4388 Σαϐαὼθ,
1836 4325 1945 4383 Καὶ

363 4423 578 4478 πίονται
601 4424 653 4477 οῑ
673 4422 959 4492 Αἰγύπτιοι
981 4421 1124 4490 ὕδωρ
1141 4420 1201 4472 τὸ
1223 4419 1373 4490 παρὰ
1398 4417 1691 4471 θάλασσαν·
1720 4420 1748 4472 ὁ
1773 4417 1830 4470 δὲ
1855 4435 1946 4472 πο-

2046 3233 2188 3302 qnod
2247 3231 2471 3288 lacubus
2527 3243 2582 3288 et
2627 3231 2790 3288 ﬂuvio
2834 3232 3164 3304 cingeretur.
3215 3232 3285 3287 At
3329 3241 3610 3303 postquam

2045 3324 2412 3380 universitatis
2460 3324 2788 3380 dominatori
2831 3323 2943 3379 Deo
2953 3324 3177 3413 ylacuit
3206 3338 3310 3378 una
3345 3339 3465 3378 cum
3493 3323 3611 3377 aliis

2043 3417 2204 3468 etiam
2257 3414 2441 3480 hanc,
2494 3413 2870 3484 Egyptiorum
2931 3413 3189 3484 inquam,
3246 3414 3611 3469 Romanorum

2043 3505 2278 3573 sceptris
2299 3504 2642 3570 submittere,
2670 3515 2830 3561 vento
2859 3503 2998 3560 Noto
3026 3506 3440 3569 violentissimo,
3465 3503 3611 3568 ﬂuvii

2044 3597 2180 3652 unda
2220 3598 2270 3651 in
2307 3611 2456 3650 mare
2493 3596 2733 3667 depulsa,
2773 3596 2986 3666 planam
3039 3604 3214 3650 totam-
3259 3596 3530 3661 regionem
3561 3601 3610 3646 et

2044 3685 2326 3740 meabilem
2367 3686 2519 3751 fecit,
2549 3695 2608 3738 ut
2637 3685 2726 3755 qui
2762 3684 2912 3740 lacus
2943 3693 2998 3740 et
3027 3684 3214 3747 valles,
3247 3683 3362 3738 sive
3406 3691 3611 3750 septem

2041 3774 2187 3829 ﬂuvii
2231 3788 2328 3829 ora
2369 3765 2622 3841 trajicere"
2668 3772 2893 3836 vellent,
2941 3787 3008 3826 ne
3057 3769 3210 3839 pedis
3265 3769 3382 3834 sui,
3434 3775 3493 3822 ut
3538 3767 3614 3822 sic

2043 3865 2318 3933 dixerim,
2365 3863 2606 3918 calceum
2669 3862 2960 3917 solverent.
3008 3860 3398 3930 Complanante
3452 3859 3613 3930 igitur

2046 3959 2174 4023 Deo,
2209 3965 2263 4011 et
2296 3955 2575 4026 aperiente
2607 3954 2894 4008 transitum
2926 3952 3292 4008 Romanorum
3323 3951 3613 4016 exercitui,

2045 4049 2231 4104 fracta:
2258 4057 2386 4104 sunt
2411 4047 2556 4103 vires
2575 4044 2979 4117 Egyptiorum.
3006 4043 3119 4100 l-loc
3145 4058 3331 4099 rursus
3354 4041 3613 4111 propheta

2045 4143 2160 4210 ipse
2212 4154 2311 4194 nos
2361 4139 2549 4202 docet,
2598 4137 2847 4206 inquiens
2883 4153 2898 4192 :
2933 4154 2952 4188 ι
3004 4134 3128 4189 Haec
3175 4133 3308 4189 dicit
3359 4133 3615 4186 Dominus

2045 4233 2282 4289 Sabamh
2311 4251 2327 4288 :
2355 4230 2423 4286 Et
2441 4232 2624 4287 bibent
2644 4229 2883 4301 Egyptii
2908 4243 3100 4299 aquam
3124 4242 3242 4297 quae
3263 4226 3416 4296 juxta
3442 4238 3612 4287 mare,

2044 4327 2251 4384 ﬂuvius
2295 4335 2476 4381 autem
2525 4325 2742 4382 deﬁciet
2785 4332 2846 4378 et
2897 4329 3214 4385 exarescet,
3263 4329 3319 4374 et
3361 4316 3616 4372 delicient

2045 4419 2214 4482 ﬂuvii,
2265 4424 2320 4472 et
2368 4417 2467 4470 rivi
2514 4415 2688 4480 ﬂuvii,
2717 4421 2772 4468 et
2814 4419 3098 4467 exarescet
3143 4408 3321 4464 otnnis
3365 4405 3615 4462 collectio

360 4515 539 4586 ταμδς
565 4513 806 4583 ἐκλείψει
836 4514 928 4566 καὶ
949 4510 1375 4582 »ξηρανθήσεταιο
1410 4510 1504 4562 καὶ
1532 4508 1874 4580 ἐκλείψουσιν
1890 4511 1941 4566 οί

2047 4524 2222 4580 aquae,
2256 4508 2418 4563 etiam
2466 4510 2516 4561 iu
2563 4505 2710 4560 omni
2749 4503 2938 4574 palude
2979 4500 3175 4555 calami
3221 4509 3275 4554 et
3313 4497 3522 4568 papyri,
3561 4506 3615 4550 et

364 4602 632 4673 ποταμοὶ,
663 4602 758 4654 καὶ
797 4601 853 4653 αἲ
885 4600 1148 4670 διώρυγες
1191 4599 1285 4652 τοῦ
1321 4597 1587 4670 ποταμοῦ
1619 4599 1713 4652 καὶ
1750 4597 1938 4670 ξηραν-

362 4694 596 4766 θήσεται
643 4693 793 4747 πᾶσα
837 4691 1124 4763 συναγωγὴ
1153 4689 1367 4754 ὓδατος,
1406 4691 1502 4743 καὶ
1543 4691 1602 4743 ὲν
1639 4690 1804 4744 παντὶ
1831 4689 1943 4744 ἕλει

363 4786 615 4857 καλὰμου
634 4785 730 4839 καί⁹
745 4784 1020 4856 παπύρου,
1041 4783 1136 4838 καὶ
1153 4784 1212 4837 τὸ
1232 4783 1323 4853 ἆχι
1343 4782 1404 4836 τὸ
1425 4782 1632 4855 χλωρὸν
1653 4784 1760 4836 πᾶν
1779 4782 1840 4835 τὸ
1859 4782 1946 4837 κύ-

361 4877 480 4948 κλῳ
495 4875 594 4930 τοῦ
625 4875 893 4946 ποταμοῦ,
917 4876 1012 4929 καὶ
1031 4874 1139 4928 πᾶν
1163 4875 1230 4928 es
1253 4873 1609 4945 σπειρόμενον
1630 4873 1719 4928 διὰ
1737 4872 1831 4928 τοῦ
1858 4891 1948 4928 πο-

360 4966 543 5038 ταμοῦ
572 4965 972 5038 ξηρανθήσεται
994 4967 1050 5018 ὲν
1068 4964 1453 5036 ἀνεμσφθορίᾳ.
1467 4981 1565 5014 ι-ι-
1580 4963 1948 5037 Ἐξερημὼσεσι

354 5061 565 5125 τοίνυν,
592 5061 750 5130 φησὶ,
782 5058 986 5131 Κύριος
1020 5058 1119 5129 τὴν
1150 5058 1423 5112 θάλασσαν
1455 5057 1751 5128 Αιγυπτον.
1786 5058 1946 5123 Ἐθος

353 5148 520 5222 sua
557 5150 682 5222 θείᾳ
720 5151 934 5222 Γραφῇ,
971 5150 1066 5204 καὶ
1093 5149 1263 5214 αὐτὰς
1289 5149 1388 5214 τὰς
1427 5149 1628 5222 «λίμνας
1673 5149 1947 5214 Θαλάσσας

351 5241 685 5296 ἀποκαλεῖν.
707 5242 817 5296 Καὶ
841 5242 1032 5307 ἑπάξει
1056 5241 1157 5313 τὴν
1179 5243 1336 5312 χεῖρα
1363 5241 1528 5296 αὐτοῦ
1557 5243 1650 5295 ἐπὶ
1668 5242 1758 5295 τὸν
1777 5259 1944 5296 ποταρ

365 5328 475 5399 μὸν
498 5328 767 5400 πνεύματι
783 5330 962 5401 βιαίῳ.
986 5330 1180 5401 Χειρὺς
1193 5331 1302 5401 γὰρ
1322 5329 1506 5402 ἔργον,
1523 5331 1640 5402 ἢτοι
1663 5330 1944 5401 δυνάμεως

355 5421 468 5490 τῆς
496 5420 664 5485 θείας,
688 5421 938 5490 γενέσθαι
972 5422 1152 5493 φαμὲν
1180 5422 1276 5477 τοῦ
1306 5422 1609 5492 βιαιοτάτου
1636 5421 1943 5493 πνεύματος

359 5511 465 5582 τὴν
495 5512 636 5565 κατὰ
673 5513 784 5566 τῶν
823 5513 1029 5568 ὑδάτων
1067 5515 1380 5585 ἐπαγωγὴν.
1417 5512 1684 5579 Ἐπάταξε
1709 5512 1816 5586 γὰρ
1846 5515 1945 5582 τὰς

362 5602 506 5656 ἑπτὰ
538 5604 848 5677 φάραγγας,
883 5605 1024 5660 τοῦτ’
1055 5606 1192 5674 ἐστι,
1225 5605 1294 5660 τὰ
1323 5604 1588 5678 στόματα,
1621 5606 1716 5660 καὶ
1741 5607 1942 5662 ἀποτε-

440 5762 482 5794 ⁷⁷
505 5762 608 5818 lsa.
643 5779 755 5832 xu,
780 5766 814 5820 ὖ
838 5782 988 5836 seqq.

2057 4603 2178 4656 achi
2212 4601 2380 4655 viride
2421 4616 2582 4655 omne
2627 4598 2830 4652 circum
2871 4594 3127 4658 ﬂuvium,
3165 4602 3222 4648 et
3262 4606 3423 4646 omne
3472 4593 3615 4659 quod

2044 4695 2342 4748 seminatur
2383 4693 2527 4746 circa
2567 4689 2794 4744 ﬂuvium
2828 4695 3039 4742 arescet
3064 4701 3093 4739 a
3133 4684 3276 4739 venti
3309 4684 3613 4750 corruptio-

2045 4797 2113 4837 ne
2133 4782 2198 4834 ⁷⁷.
2231 4801 2262 4835 ικ
2281 4780 2527 4836 Vastabit
2555 4781 2736 4847 igitur,
2767 4777 2962 4848 inquit,
2993 4775 3250 4831 Dominus
3276 4789 3425 4828 mare
3446 4771 3614 4842 Egy-

2045 4875 2144 4942 pti.
2169 4873 2322 4928 Solet
2350 4882 2527 4926 autem
2563 4868 2844 4937 Scriptura
2874 4867 3054 4922 divina
3086 4866 3232 4936 ipsas
3261 4865 3408 4918 lacus
3443 4865 3610 4918 maria

2045 4966 2334 5036 appellare.
2368 4963 2433 5018 Et
2457 4961 2765 5018 admovebit
2794 4975 3010 5016 manum
3038 4957 3222 5021 ﬂuvio,
3258 4955 3452 5024 spiritu
3493 4953 3612 5006 vio-

2045 5059 2211 5113 lento.
2259 5057 2451 5112 Manus
2499 5056 2641 5110 enim
2685 5061 2740 5107 et
2785 5050 3040 5122 potentiae
3086 5048 3281 5102 divina:
3317 5059 3454 5115 opus
3491 5058 3614 5100 esse

2043 5151 2304 5214 dicimus,
2359 5143 2818 5203 vehementissimi
2860 5141 3084 5213 spiritus
3126 5140 3180 5194 in
3235 5152 3404 5206 aquas
3451 5135 3612 5190 indu-

2044 5244 2301 5300 ctionem.
2325 5238 2599 5296 Percussit
2623 5249 2802 5293 autem
2825 5245 3030 5304 septem
3059 5229 3352 5292 convalles,
3380 5227 3482 5282 hoc
3512 5238 3615 5289 est.

2044 5331 2231 5387 fauces
2255 5339 2304 5385 et
2342 5331 2497 5390 ostia,
2543 5329 2785 5396 adeoque
2814 5321 3130 5385 exsiccavit,
3170 5327 3229 5372 ut
3263 5317 3381 5372 illas
3417 5316 3618 5370 calceis

2046 5423 2462 5495 pertransirent.
2507 5419 2678 5486 Tunc,
2713 5417 2907 5488 inquit,
2943 5425 3073 5470 tunc
3113 5412 3220 5468 erit
3265 5409 3526 5465 transitus
3565 5409 3617 5462 in

2046 5512 2283 5585 Egypto
2310 5511 2570 5568 derelicto
2601 5508 2798 5581 populo
2832 5522 2975 5564 meo.
3007 5505 3075 5561 Et
3101 5502 3278 5575 qualis
3309 5502 3526 5558 tandem
3565 5509 3621 5553 et

2047 5608 2175 5678 quis
2205 5605 2330 5662 est?
2359 5605 2523 5674 210
2549 5603 2650 5671 Qui
2682 5603 2736 5659 in
2777 5599 2940 5659 Israel
2967 5596 3281 5664 credebant,
3321 5595 3387 5651 de
3422 5593 3622 5665 quibus
