2001 3106
162 158 216 188 διι

722 161 755 189 ΙΝ
774 162 888 190 ΙδΑΙΑΜ
907 162 972 189 LIB.
996 161 1027 189 ll.
1046 161 1163 197 TOLJUS
1182 161 1203 189 Ι.

1741 162 1805 189 5Y2“

163 218 217 253 τῆς
230 217 351 249 διανοίας
369 217 489 253 ὄμμασιν
502 217 655 254 ἀναϐλέψῃς
677 218 744 255 πρὸς
759 219 789 246 τὸ
803 220 860 255 φῶς
870 228 876 235 ·
893 220 956 247 ὅταν

1011 219 1139 254 spexeris,
1159 227 1219 246 cum
1231 218 1425 254 contemplatus
1439 218 1521 246 fueris
1535 222 1654 246 vocantis
1668 217 1792 252 gloriam.

163 265 225 301 τόῃς
241 263 290 291 τοῦ
305 263 468 299 κεκληκότος
488 264 537 300 τὴν
554 264 643 297 δόξαν,
659 267 705 292 καὶ
722 266 761 298 είς
775 267 900 302 αἴσθησιν
915 267 957 294 ὲν-

163 310 261 346 axem,
278 309 308 344 es
324 310 388 337 οἵων
410 310 450 342 εἰς
474 307 518 336 οἵα
542 311 773 347 μετακεχὼρηκας
787 312 937 347 πράγματα
948 321 955 327 ·

163 355 215 381 καὶ
232 355 274 382 ὄτι
288 353 379 390 πικρῷ
395 354 519 390 τυράννῳ
534 356 761 391 κατεζευγμένος,
778 356 830 390 ἔξω
850 357 898 393 μὲν
908 358 957 393 τῆς

164 400 274 426 ἐκείνου
296 400 412 434 γέγονας
434 400 589 433 πλεονεξίας
599 420 607 433 ,
626 401 780 437 ὑπέδραμες
793 403 820 429 δὲ
835 402 958 438 τὴνέπι-

163 445 280 482 κουρίαν
307 445 354 473 τοῦ
379 446 466 474 πάντα
487 447 623 482 ἰσχύοντος
635 447 701 474 Θεοῦ
717 448 764 475 καὶ
782 448 958 481 διασώζοντος

161 493 230 524 τοὺς
249 492 424 524 ἀπολωλότας
436 501 443 509 ·
465 492 525 520 τότε
539 493 582 528 δὴ,
596 494 656 520 τότε
670 494 776 529 σεαυτῷ
792 494 824 530 δὴ
838 494 897 520 λίαν
911 493 958 522 καὶ

161 537 241 572 μάλα
263 538 375 570 εἰκότως
401 539 614 574 ἐπιγιγνόμενος
640 540 827 575 ἀναφωνήσεις
849 540 936 574 λέγων
950 548 956 556 '

162 584 317 621 Βὺλογήσω
328 594 369 617 σε,
380 585 476 621 Κύριε,
485 585 551 612 διότι
561 586 698 622 ώργίσθης
707 587 816 622 μοι,καὶ
824 587 957 622 ἀπέστρε-

159 631 218 665 ψας
232 631 280 658 τὸν
303 631 387 667 Θυμόν
408 639 454 659 σου
469 631 517 659 ἀπ’
531 632 609 667 ἐμοῦ,
625 633 672 659 καὶ
686 633 805 669 ήλέησάς
825 633 957 668 με.¹Ανα-

161 676 310 712 κομίζουσι
330 677 357 704 δὲ
380 677 415 705 τὰ
430 678 604 714 χαριστήρια,
620 679 666 706 καὶ
688 678 837 706 ἀνάπτουσι
852 679 901 710 τὰς
916 681 958 705 δο-

162 722 302 758 ξολογίας,
313 724 362 759 οὐχ
373 724 414 751 ὅτι
426 724 568 759 γεγόνασιν
584 724 637 751 ὑπὸ
651 724 726 751 θείαν
738 725 833 760 ὀργὴν,
849 723 906 751 ἀλλ’
916 725 956 751 ὅτι

160 769 308 804 γεγονότες
323 769 460 804 ἡλέηνται.
469 769 608 805 Ὤργίσθαι
618 769 645 797 δέ
658 778 747 805 φαμεν
760 771 815 801 τοῖς
825 769 859 796 τὰ
869 770 957 796 τοιάδε

161 815 276 850 λέγουσι
297 814 343 842 τὸν
361 815 415 842 τῶν
429 815 498 842 ὅλων
514 815 590 848 Θεὸν,
604 816 682 850 δῆλον
696 816 737 843 ὃτι
749 817 805 848 τοῖς
817 815 957 843 εἰδωλολά-

162 869 256 897 τραις.
272 861 322 889 Διὰ
344 861 424 889 ποίαν
444 861 552 895 αίτίαν;
576 862 680 894 Παῦλος
696 863 762 898 ἡμῖν
781 863 795 889 ό
813 862 956 894 θεσπέσιος

1008 269 1034 292 et
1045 266 1077 291 ad
1093 265 1261 292 sentiendum
1277 265 1389 293 redieris
1399 272 1431 293 ex
1444 264 1566 300 qualibus
1583 264 1609 291 in
1623 270 1739 300 quantas
1751 272 1794 292 res

1010 311 1147 343 transisti,
1165 316 1248 346 atque
1269 316 1297 339 ut
1319 316 1346 339 et
1365 311 1399 339 ab
1419 312 1517 338 acerbo
1534 317 1648 346 tyranno
1667 311 1794 345 subjuga-

1009 361 1061 389 tus,
1077 358 1110 384 al)
1125 357 1183 392 ejus
1203 357 1344 392 tyrannide
1356 357 1424 384 liber
1454 356 1541 383 laetus
1555 365 1595 388 es,
1628 361 1663 383 etv
1684 354 1718 383 ad
1746 356 1792 384 Dei

1008 407 1102 429 cuncta
1125 403 1250 437 potentis,
1263 402 1307 438 qui
1331 403 1449 437 perditos
1463 408 1616 435 conservat,
1632 409 1709 438 opem
1728 410 1794 430 con-

1008 447 1126 482 fugeris:
1139 452 1202 475 tunc
1215 448 1334 482 quidem,
1347 453 1410 476 tunc
1425 449 1494 484 apud
1510 454 1534 475 te
1552 448 1664 476 multum
1679 453 1707 476 et
1727 456 1793 476 sane

1008 492 1180 520 meritissime
1192 493 1322 528 glorians,
1338 493 1500 520 acclamabis
1510 494 1621 521 dicens:
1633 488 1792 521 Bcuedicam

1009 544 1043 571 te,
1056 539 1118 574 quia
1136 540 1220 567 iratus
1236 547 1266 567 es
1279 539 1355 572 mihi,
1374 545 1401 566 et
1413 540 1535 566 avertisti
1555 539 1673 567 furorem
1688 545 1762 567 tuum
1778 548 1792 566 ιι

1008 592 1061 617 tne,
1075 589 1102 611 et
1125 585 1251 614 misertus
1263 593 1292 612 es
1318 585 1380 614 tnei.
1397 584 1519 614 ()ﬂ'erunt
1532 590 1621 613 autem
1644 586 1791 620 gratiarum

1009 630 1120 663 hostias,
1135 637 1167 657 ac
1188 624 1299 664 gloriam
1319 631 1449 662 tribuunt,
1463 638 1515 658 non
1535 630 1605 666 quod
1631 631 1678 658 ira:
1695 631 1791 658 divina:

1007 674 1212 708 subjicerentur,
1228 675 1274 702 sed
1291 683 1352 702 cum
1365 675 1478 709 subjecti
1492 682 1519 704 et
1535 675 1644 703 obnoxii
1660 676 1787 707 fuissent.

1007 720 1220 748 misericordiam
1240 721 1378 749 consecuti
1404 726 1477 749 sunt.
1499 722 1579 750 irasci
1594 722 1709 750 dicimus
1728 724 1790 750 talia

1007 765 1177 800 loquentibus
1196 766 1381 794 universitatis
1405 767 1501 799 Deum,
1523 768 1650 795 videlicet
1679 768 1790 795 siutula‘

1007 817 1113 838 crorum
1133 810 1293 839 cultoribus.
1311 807 1395 844 Quam
1413 813 1447 840 ob
1465 813 1596 840 causam?
1612 812 1713 840 Paulus
1725 814 1792 840 divi-

1007 862 1057 883 nus
1071 855 1150 884 nobis
1162 856 1275 890 aperiet,
1285 849 1394 884 dicens:
1409 865 1418 882 ι
1433 857 1498 884 Cum
1509 865 1538 884 se
1548 857 1670 885 dicereut
1683 857 1790 892 sapien-

162 907 458 943 σωφηνιεῖγεγραφώς·
475 908 645 940 «Φάσκοντες
658 905 728 936 εἶναι
744 909 819 943 σοφοὶ
836 908 957 943 ἐμωράν-

1011 904 1048 928 les
1061 908 1131 932 esse,
1152 900 1277 929 infatuati
1300 898 1374 936 sunt,
1396 907 1423 930 et
1446 907 1586 930 mutarunt
1609 903 1723 938 gloriam
1752 904 1790 930 in-

162 952 265 988 θησαν.
279 952 335 980 Καὶ
352 952 502 988 ἠλλάξαντο
516 952 564 988 τὴν
575 953 653 986 δόξαν
669 953 715 979 τοῦ
728 953 865 988 ἀφθάρτου
877 952 955 985 Θεοῦ,

162 997 196 1023 ἐν
208 995 362 1032 ὁμοιώματι
378 996 481 1028 εἰκόνος
496 996 616 1032 φθαρτοῦ
632 997 785 1033 ἀνθρώπου,
806 997 852 1024 καὶ
866 1005 956 1024 πετει-

163 1041 221 1069 νῶν
233 1042 280 1069 καὶ
287 1042 422 1079 ἑρπετῶν,
430 1043 476 1070 καὶ
482 1042 665 1079 τετραπόδων.
681 1043 773 1080 Ταύτῃ
792 1051 842 1076 τοι,
859 1051 868 1068 ι
879 1043 955 1078 φησὶ,

166 1096 179 1113 ι
191 1086 350 1124 παρέδωκεν
367 1089 466 1120 αὐτοὺς
477 1089 492 1116 ὁ
502 1088 567 1121 Θεὸς
581 1090 621 1121 εὶς
634 1088 760 1124 ἀδόκιμον
775 1088 848 1121 νοῦν,
860 1089 907 1115 καὶ
918 1089 957 1120 εἰς

163 1132 242 1170 πάθη
258 1134 372 1170 ἀτιμίας
394 1136 481 1162 ποιεῖν
497 1135 531 1162 τὰ
554 1135 592 1171 μὴ
611 1135 774 1170 καθήκοντα.
790 1144 799 1160 ι
813 1135 843 1162 οι
861 1134 914 1171 γὰρ
925 1134 958 1170 δὴ

162 1177 217 1213 τήν
237 1178 314 1206 θείαν
334 1180 582 1215 παρασημάναντες
596 1180 685 1213 δόξαν,
704 1179 750 1207 καὶ
767 1180 815 1215 τῆς
829 1179 959 1207 ἀνωτάτω

164 1222 276 1258 φύσεως
290 1224 320 1251 τὸ
336 1223 474 1261 ἐξαίρετον
487 1225 582 1257 κάλλος
593 1227 651 1257 τοῖς
664 1225 750 1257 οὕτως
762 1225 879 1261 οἰκτροῖς
894 1226 959 1253 ἀνα-

164 1267 261 1300 θέντες
282 1269 424 1305 κτίσμασι,
448 1270 505 1303 πῶς
530 1270 560 1297 οὺ
585 1271 686 1306 σφόδρα
710 1271 823 1302 εἰκότως
844 1272 900 1302 τοῖς
927 1271 960 1298 ἐκ

164 1314 244 1348 θείας
265 1315 351 1352 ὀργῆς
371 1316 518 1352 κινήμασιν
541 1316 710 1352 ὑπενεχθεῖεν
726 1317 775 1350 «iv;
797 1316 905 1353 Ἐπειδὴ
919 1317 958 1349 δὲ,

167 1360 263 1396 φησὶν,
280 1360 455 1397 ἅπέστρεψας
469 1361 515 1389 τὺν
537 1362 621 1398 θυμόν
642 1371 698 1395 σου,
713 1362 831 1398 ὴλέησόις
853 1371 886 1398 με
903 1363 959 1399 (κέ-

168 1405 277 1442 γλημαι
297 1406 353 1443 γὰρ
376 1408 415 1440 είς
437 1407 584 1442 ἐπίγνωσιν
597 1407 642 1435 διὰ
656 1408 782 1441 πίστεως,
793 1409 823 1435 οὺ
845 1410 915 1436 κατὰ
926 1409 959 1436 τὰ

166 1451 239 1488 ἔργα
249 1451 269 1480 ἃ
278 1452 444 1489 ἐποιήσαμεν
455 1455 545 1489 ἡμεῖς.
558 1455 629 1481 καθὰ
638 1454 802 1490 γέγραπται,
813 1455 879 1481 ἀλλὰ
891 1455 960 1481 κατὰ

165 1499 198 1526 τὺ
221 1497 288 1525 πολὺ
301 1498 384 1526 αὑτοῦ
400 1499 495 1535 ἐλεος)·
511 1499 595 1536 ταύτῃ
611 1509 661 1533 τοι,
673 1500 763 1536 φησὶν,
781 1501 821 1533 εἰς
836 1500 960 1536 αἴσθησιν

166 1544 219 1580 τῆς
238 1544 445 1582 μεγαλοδωρίας
460 1546 651 1582 ὲνηνεγμένος,
662 1546 850 1581 ἀκατάληκτον
874 1555 958 1583 προσ-

166 1589 235 1617 οίσω
249 1599 291 1617 σοι
304 1590 355 1627 τὴν
372 1591 536 1626 δοξολογίαν,
550 1591 598 1618 καὶ
612 1591 643 1627 δὴ
659 1592 706 1618 καὶ
719 1592 783 1628 ἐρῶ·
793 1591 858 1618 Ἰδοὺ
870 1592 883 1618 ὁ
894 1591 959 1624 Θεός

169 1644 233 1671 μου,
248 1636 346 1673 Σωτήρ
361 1645 413 1672 μου
428 1637 539 1673 Κύριος,
559 1637 696 1669 πεποιθὼς
713 1638 810 1673 ἔσομαι
826 1638 869 1664 1ιπ¹
886 1637 960 1673 αὐτῷ

168 1681 217 1710 καὶ
234 1681 393 1719 σωθήσομαι
417 1683 446 1710 ἐν
473 1683 558 1719 αὐτῷ.
579 1683 666 1711 Πάλαι
687 1684 735 1720 μὲν
758 1683 811 1719 γὰρ
825 1683 914 1717 ξύλοις
929 1691 959 1710 τε

169 1727 217 1755 καὶ
232 1723 318 1760 λίθοις
332 1729 557 1764 προσπίπτοντες,
569 1731 616 1757 καὶ
627 1731 683 1762 τοῖς
693 1730 865 1765 ἀναισθήτοις
876 1730 959 1764 ἀγάλ-

168 1782 236 1809 μασι
242 1774 470 1811 προσκομίζοντες
481 1775 585 1810 θυσίας,
596 1775 730 1807 σώζεσθαι
745 1775 779 1804 δι’
789 1775 878 1802 αὐτῶν
893 1783 960 1810 παρ-

168 1818 295 1847 εκάλουν.
313 1819 423 1857 Ἐπειδὴ
440 1820 469 1847 δὲ
491 1820 556 1848 Θεὸν
578 1820 732 1855 ἐγνώκασιν
751 1820 797 1848 τὸν
821 1820 958 1857 ἀληθινὸν,

166 1866 232 1899 τοὺς
240 1864 434 1904 σμυδωνύμους
451 1867 656 1903 παρωσάμενοι,
674 1867 755 1894 αὐτόν
770 1875 799 1894 τε
816 1867 863 1894 καὶ
880 1867 959 1902 μόνον

169 1913 394 1941 καταδεανύουσι
417 1913 554 1948 λέγοντες·
575 1913 639 1940 Ἰδοὺ
662 1914 676 1939 ὁ
701 1913 766 1945 Θεὸς
790 1921 841 1948 μου
863 1913 960 1949 Σωτήρ

170 1969 223 1996 μου
247 1959 361 1996 Κύριος.
382 1959 439 1986 οὐκ
455 1959 502 1986 ἐπὶ
519 1958 607 1992 ξύλοις
629 1958 669 1986 ἔτι
691 1959 738 1987 καὶ
760 1958 843 1991 λίθοις
863 1958 960 1994 ἔσομαι

168 2005 321 2038 πεποιθὼς,
346 2005 439 2040 φησὶν,
456 2005 513 2032 ἀλλ’
531 2005 575 2032 ἐπ’
590 2005 664 2041 αὐτῷ
677 2006 724 2032 καὶ
748 2005 832 2041 μόνῳ,
857 2005 904 2032 καὶ
925 2005 959 2032 δι’

168 2051 254 2080 αὐτοῦ
280 2051 449 2088 σωθήσομαι.
465 2051 525 2079 Κᾶν
547 2052 562 2078 ό
587 2051 669 2078 πάλαι
689 2051 890 2087 πλεονεκτήσας
913 2052 960 2078 καὶ

168 2097 349 2133 συναρπάσας
370 2098 411 2129 εἰς
430 2096 553 2132 πλάνην,
571 2096 753 2133 προσέρχεται
767 2096 848 2124 πάλιν
862 2096 958 2132 πειρά-

170 2143 224 2177 ζων
238 2144 287 2171 καὶ
305 2143 466 2179 μαχόμενος,
483 2143 605 2178 Νικήσω,
621 2143 712 2178 φησιν,
730 2144 770 2170 ὅτι
793 2144 810 2178 ή
832 2142 896 2175 δόξα
909 2150 960 2177 μου

168 2190 218 2219 καὶ
230 2190 249 2226 ἡ
261 2190 364 2222 αῐνεσίς
377 2195 428 2225 μου
447 2190 556 2225 Κύριος,
566 2190 647 2225 Ὁρᾷς
662 2191 735 2221 ὅπως
751 2189 903 2224 ἐγνώκασιν
917 2189 959 2216 ὃτι

169 2237 306 2272 σωτήριον
318 2238 413 2272 χρῆμα
431 2236 461 2263 τὸ
473 2236 634 2271 δοξολογεῖν;
651 2245 660 2262 ι
677 2236 762 2262 Θῦεον
777 2245 786 2262 ι
801 2236 866 2271 γὰρ,
881 2236 958 2272 φησὶ,
976 2237 997 2265 ι)

171 2292 182 2308 ι
195 2283 236 2317 τῷ
245 2282 305 2319 Θεῷ
316 2283 410 2309 θυσίαν
423 2282 562 2316 αἰνέσεως,
571 2283 617 2310 καὶ
628 2283 725 2314 ἀπόδος
738 2282 902 2318 τῷὟψίστῳ
909 2283 959 2315 τὰς

165 2328 253 2363 εὐχάς
267 2336 324 2355 σου.
337 2338 347 2354 ι
364 2329 429 2361 Καὶ,
444 2337 453 2354 ι
465 2327 650 2360 Ἑπικαλέσεις
662 2338 695 2364 με
704 2329 732 2355 ἐν
744 2329 835 2364 ἡμέρᾳ
843 2328 959 2363 θλίψεω-

169 2382 231 2407 σου,
242 2373 290 2402 καὶ
302 2373 447 2410 ὲξελοῦμαί
463 2383 503 2406 σε,
518 2374 565 2401 καὶ
579 2374 701 2407 δοξάσεις
717 2383 760 2409 με.
780 2384 789 2400 ι

205 2419 262 2448 Καὶ
286 2420 459 2453 (ludiﬁcata
475 2420 553 2454 ὕδωρ
567 2421 630 2456 μετ’
645 2421 835 2455 εὐφροσύνης
852 2420 886 2448 ἐκ
903 2419 962 2448 τῶν

169 2464 277 2501 πηγῶν
288 2466 344 2494 τοῦ
359 2467 520 2501 Σωτηρίου.

207 2513 350 2549 Φιλότιμος
362 2515 376 2541 ὁ
389 2506 540 2548 κεκληκὼς,
554 2513 664 2548 ἕτοιμος
678 2513 717 2544 εὶς
733 2513 866 2540 ἀντίδοσιν
878 2513 891 2539 ὁ
905 2512 962 2539 δια-

169 2559 265 2591 σώσας
280 2559 356 2594 θεὸς,
371 2560 513 2596 εὐεργετεῖ
532 2560 595 2591 τοὺς
617 2558 816 2593 ὲπεγνωκότας,
834 2558 917 2590 θείοις
932 2567 961 2585 τε

169 2604 222 2632 καὶ
237 2607 431 2640 πνευματικοῖς
451 2605 643 2641 κατευφραίνει
662 2604 795 2636 πλουσίως
808 2604 872 2636 τοὺς
889 2603 962 2637 6050-

170 2649 321 2684 λογοῦντας
343 2650 533 2688 αὑτόν.¹’ΛΘρει
548 2650 603 2687 γὰρ
615 2651 688 2683 ὅπως
703 2650 727 2677 οἱ
744 2650 792 2686 μὲν
806 2649 961 2685 ὡμολόγουν

169 2696 309 2731 λέγοντες·
317 2697 382 2725 Ἰδοὺ
402 2698 416 2725 ὁ
438 2697 504 2730 Θεός
524 2706 586 2734 μου,
603 2697 699 2734 Σωτήρ
719 2705 770 2733 μου
786 2697 898 2733 Κύριος,
913 2705 961 2723 πε-

170 2742 277 2776 ποιθὼς
290 2743 389 2780 ἔσομαι
409 2744 453 2771 ἐπ’
477 2744 559 2779 αὐτῷ·
575 2745 590 2771 ὸ
608 2745 636 2771 δὲ
651 2743 832 2779 παραχρῆμα,
848 2743 895 2770 καὶ
909 2751 961 2778 πη-

173 2788 227 2822 γὰς
248 2788 341 2821 αὐτοῖς
367 2789 415 2816 καὶ
433 2789 504 2825 ὕδωρ
530 2789 724 2825 ἐπαγγέλλεται
739 2789 960 2826 σωτήριον.Ἔδει

1007 946 1188 982 corruptibilis
1215 947 1260 975 Dei
1291 947 1317 975 in
1344 947 1549 976 similitudinem
1577 949 1702 984 imaginis
1732 951 1792 976 cor-

1009 992 1142 1027 ruptibilis
1166 993 1291 1026 hominis,
1307 998 1334 1021 et
1351 993 1511 1026 volatilium,
1529 999 1557 1021 et
1577 994 1791 1029 quadrupedum,

1012 1041 1040 1064 et
1062 1037 1206 1073 reptilium.
1233 1038 1389 1074 Propterea,
1419 1048 1429 1065 ι
1462 1037 1560 1073 inquit,
1585 1039 1718 1066 «tradidit
1745 1046 1791 1066 eos

1009 1083 1079 1110 Deus
1091 1083 1118 1110 in
1131 1084 1275 1118 reprobum
1290 1079 1444 1118 sensum,et
1459 1085 1485 1112 in
1495 1084 1658 1120 cupiditates
1674 1085 1790 1119 ignomi-

1009 1127 1111 1161 niosas,
1134 1134 1163 1156 ut
1184 1129 1285 1157 faciant
1304 1138 1365 1165 quae
1387 1138 1439 1158 non
1456 1131 1596 1158 decent".
1612 1140 1622 1157 ι
1645 1130 1695 1164 Qui
1719 1131 1791 1157 enim

1009 1173 1126 1201 divinam
1142 1174 1326 1203 adulterarum
1350 1174 1473 1212 gloriam,
1491 1180 1517 1204 et
1531 1172 1664 1211 supremae
1688 1182 1792 1203 naturae

1009 1220 1184 1248 excellentem
1198 1220 1424 1255 pulchritudinem
1447 1220 1516 1249 adeo
1537 1221 1644 1249 miseris
1660 1217 1792 1250 creaturis

1010 1266 1199 1299 attribuerunt,
1213 1275 1301 1294 annon
1312 1267 1465 1302 justissime
1480 1267 1577 1295 divine
1591 1268 1638 1295 iraa
1656 1268 1792 1296 severitati

1010 1310 1227 1346 subjicerenlur?
1252 1312 1319 1340 Cum
1341 1313 1500 1346 autem,ai|,
1529 1313 1651 1341 avertisti
1676 1313 1792 1342 iuraretur

1011 1361 1095 1390 tuum,
1127 1358 1253 1386 misertus
1279 1366 1308 1386 es
1337 1359 1388 1386 mei
1416 1359 1514 1395 (vocati
1543 1359 1614 1386 enim
1636 1367 1730 1387 sumus
1757 1361 1792 1386 ad

1011 1402 1173 1436 agnitionem
1190 1411 1238 1438 per
1252 1403 1330 1431 fidem
1348 1411 1356 1430 :
1382 1411 1434 1431 non
1450 1409 1483 1431 ex
1501 1404 1628 1437 operibus
1645 1411 1706 1438 qua:
1730 1404 1794 1431 l'eci-

1012 1454 1070 1475 mus
1082 1455 1141 1481 nos,
1158 1449 1228 1476 sicut
1244 1449 1372 1483 scriptum
1394 1453 1437 1476 est
1451 1449 1486 1481 ",
1500 1449 1581 1484 212
1597 1449 1642 1476 sed
1663 1456 1696 1476 ex
1711 1449 1792 1476 multa

1011 1492 1071 1527 ejus
1085 1493 1291 1529 misericordia),
1304 1493 1416 1526 idcirco,
1430 1493 1527 1528 inquit,
1544 1493 1577 1520 ad
1590 1493 1792 1528 intelligentiam

1013 1543 1064 1566 tuae
1083 1538 1289 1573 magnificentiae
1310 1539 1466 1574 perductus,
1483 1538 1591 1566 assidue
1612 1539 1729 1565 trilmam
1746 1538 1792 1565 tibi

1010 1583 1122 1618 gloriam
1137 1590 1164 1612 et
1176 1583 1277 1618 laudes,
1289 1590 1316 1612 et
1331 1584 1420 1612 dicam
1435 1592 1442 1610 :
1458 1584 1527 1612 Ecce
1545 1584 1616 1611 Deus
1629 1591 1715 1616 meus.
1729 1584 1793 1611 Ser-

1011 1634 1087 1657 vator
1105 1637 1181 1658 meus
1207 1630 1347 1663 Dominus,
1365 1629 1496 1658 conﬁdam
1520 1629 1556 1664 ei,
1576 1634 1603 1657 et
1618 1630 1709 1657 salvus
1735 1638 1792 1656 ero.

1010 1675 1151 1709 Quondam
1172 1677 1244 1704 enim
1263 1676 1342 1711 lignis
1358 1676 1545 1711 lapidibusque
1562 1676 1750 1712 procidenles,
1768 1683 1792 1702 el

1010 1721 1173 1756 imaginibus
1204 1728 1285 1749 sensu
1307 1722 1463 1749 carentibus
1483 1721 1630 1750 oll‘ercntes
1650 1721 1794 1752 sacriﬁcia.

1010 1766 1111 1793 servari
1137 1773 1185 1800 per
1209 1765 1253 1793 illa
1280 1766 1420 1801 rogabant.
1434 1766 1468 1793 At
1483 1771 1638 1801 postquam.
1654 1766 1709 1793 Deo
1725 1773 1788 1793 vero

1011 1811 1113 1846 agnito,
1131 1811 1198 1839 falso
1210 1812 1363 1840 nominatos
1376 1812 1567 1848 proﬂigarunt,
1583 1812 1693 1839 illumct
1704 1811 1791 1839 solum

1010 1858 1208 1890 demonstrant,
1226 1857 1367 1886 dicentes:
1385 1858 1454 1886 Ecce
1469 1858 1541 1886 Deus
1562 1865 1646 1890 meus,
1664 1856 1794 1884 Servator

1010 1908 1085 1929 meus
1101 1901 1240 1929 Dominus.
1250 1901 1308 1929 Non
1324 1902 1379 1936 jam
1399 1901 1488 1935 lignis,
1502 1908 1553 1927 non
1567 1900 1700 1935 lapidibus
1715 1900 1793 1927 ﬁdam

1010 1947 1134 1982 amplius,
1154 1946 1249 1981 inquit,
1264 1947 1310 1974 sed
1336 1946 1362 1973 in
1386 1953 1429 1979 eo,
1445 1951 1472 1973 et
1485 1946 1593 1981 quidem
1613 1945 1680 1977 solo,
1701 1950 1728 1972 et
1745 1953 1795 1979 per

1010 1994 1099 2028 ipsum
1128 1993 1267 2020 servabor.
1286 1992 1318 2019 Et
1335 1992 1398 2019 licet
1426 1992 1472 2027 qui
1497 1992 1562 2019 olim
1586 1991 1711 2026 spoliavit
1726 1995 1753 2018 et
1768 1991 1793 2017 in

1010 2045 1129 2066 errorem
1147 2038 1274 2073 abripuit,
1284 2046 1377 2066 rursus
1388 2038 1492 2066 accedit
1506 2042 1610 2065 teutans
1619 2042 1647 2064 et
1657 2044 1778 2072 pugnans
1787 2057 1794 2069 ,

1012 2084 1124 2113 Vincam
1143 2089 1245 2118 tamen,
1258 2084 1357 2120 inquit,
1377 2085 1440 2119 quia
1458 2084 1545 2120 gloria
1560 2092 1618 2111 mea
1636 2089 1663 2110 et
1677 2083 1794 2110 laudatio

1012 2138 1070 2158 mea
1098 2131 1239 2158 Dominus.
1256 2129 1352 2158 Vidcn‘
1372 2130 1507 2165 quomodo
1533 2129 1658 2156 noverint
1675 2128 1795 2156 salutare

1011 2184 1080 2209 esse,
1094 2176 1185 2204 laudes
1196 2183 1334 2204 eanereac
1347 2175 1514 2211 gloriﬁcare?
1527 2184 1536 2201 ι
1547 2174 1676 2202 Saeritica
1689 2183 1699 2200 ι
1711 2174 1794 2205 enim,

1012 2221 1108 2256 inquit,
1125 2230 1135 2248 ι
1155 2221 1210 2249 Deo
1227 2222 1390 2249 sacrilleium
1408 2221 1505 2253 laudis,
1518 2225 1546 2248 et
1562 2220 1643 2248 redde
1655 2219 1795 2247 Altissimo

1012 2272 1073 2295 vota
1089 2273 1133 2295 tua
1146 2268 1187 2301 ⁶¹;
1207 2277 1217 2294 ι
1236 2272 1263 2295 et
1278 2279 1284 2296 :
1300 2276 1310 2294 ι
1322 2267 1462 2295 lnvocabis
1486 2274 1528 2294 me
1542 2266 1568 2293 in
1585 2266 1630 2294 die
1644 2265 1796 2294 alllictionis

1014 2317 1076 2346 true,
1094 2317 1122 2340 et
1138 2313 1252 2348 eripiam
1266 2317 1303 2345 te,
1318 2315 1347 2340 et
1360 2311 1524 2347 gloriﬁcabis
1537 2318 1581 2339 me
1594 2310 1628 2338 ".
1643 2319 1653 2336 ι

1046 2423 1127 2452 Vsus.
1144 2424 1170 2451 5.
1187 2422 1220 2450 Et
1231 2422 1334 2450 haurite
1345 2430 1441 2459 aquam
1451 2431 1510 2450 cum
1525 2422 1618 2450 lwtilia
1637 2422 1669 2449 de
1681 2421 1796 2457 [antibus

1012 2470 1158 2498 Salutnria.

1046 2514 1185 2543 Gloriosus
1205 2514 1247 2541 ille
1272 2514 1318 2549 qui
1334 2514 1450 2547 vocavit,
1478 2517 1617 2548 promptus
1643 2516 1671 2539 et
1688 2516 1798 2547 paratus

1011 2558 1045 2586 ad
1060 2559 1316 2593 remunerationem,
1325 2559 1372 2594 qui
1383 2558 1556 2586 conservavit
1569 2559 1649 2589 Deus,
1662 2556 1798 2585 benefacit

1014 2607 1232 2641 agnoscentibus,
1261 2610 1288 2633 et
1304 2605 1388 2641 gloria
1415 2604 1574 2631 decoranles
1590 2603 1677 2637 ipsum
1700 2602 1798 2629 divini.»

1014 2657 1095 2687 atque
1110 2651 1276 2686 spiritalibus
1294 2651 1370 2679 donis
1393 2650 1495 2677 all'atim
1509 2648 1653 2678 exhilarat.
1672 2649 1798 2676 Contem-

1014 2697 1089 2732 plare
1115 2698 1225 2729 etenim,
1243 2705 1296 2732 quo
1321 2701 1400 2732 pacto
1427 2696 1453 2724 bi
1477 2695 1586 2731 quidem
1600 2694 1799 2723 conﬁtebantur

1015 2744 1135 2770 dicentes
1152 2751 1158 2770 :
1174 2742 1242 2769 Ecce
1257 2742 1327 2770 Deus
1350 2750 1436 2776 meus,
1450 2742 1580 2770 Servator
1605 2748 1681 2769 mcus
1710 2741 1799 2768 Domi-

1015 2797 1075 2822 nus,
1091 2789 1222 2815 eontidam
1240 2787 1274 2814 ei.
1303 2787 1350 2815 ille
1365 2788 1509 2816 confestim
1530 2792 1556 2816 et
1579 2787 1668 2816 fontes
1684 2786 1759 2822 ipsis,
1773 2791 1799 2813 et

212 2867 236 2883 τ’
247 2867 326 2896 Rern,
345 2876 362 2901 I,
375 2867 411 2895 2‘2
423 2876 482 2904 sqq.
521 2870 544 2886 "
556 2869 610 2896 Tit.
626 2876 666 2902 ιιι,
684 2869 709 2898 5.
749 2869 769 2885 ⁸¹
787 2868 859 2896 I’sal.
874 2875 948 2900 mx,

1011 2887 1013 2894 .
1051 2866 1073 2883 ⁸³
1087 2866 1151 2894 ibid.
1168 2866 1211 2893 15.
