4030 6208
432 305 539 365 347
562 301 575 313 ’

1420 298 1477 354 S.
1519 288 1795 354 CYRILLI
1831 287 2303 351 ALEXANDRINI
2343 285 2666 344 ARCillEP.

3594 275 3703 331 548

436 418 684 485 immisit,
748 414 1067 490 Babylonios
1125 412 1368 487 inquam,
1399 414 1493 486 Qui
1556 417 1722 472 etiam
1774 414 2026 470 universa

2152 423 2273 471 ταις,
2303 403 2622 474 Αἰγυπτίοις
2644 402 2738 456 καί
2765 401 2879 466 τοῖς
2906 398 2971 453 ἐκ
2992 392 3332 490 θυλιστιείμ.
3355 393 3489 448 ποτὲ
3506 393 3581 490 ,δὲ
3604 397 3696 490 καὶ

431 510 742 567 Judzeorum
798 507 1021 579 regione
1072 506 1207 564 citra
1258 507 1499 563 laborem
1563 507 1863 569 devastata,
1919 521 2014 563 ca-

437 601 641 672 ptivam
685 599 1020 654 abduxerunt
1049 598 1101 654 in
1127 613 1280 654 suam
1314 598 1586 668 regionem
1613 598 2013 654 multitudinem

441 690 905 750 innumerabilem.
936 686 1202 748 Caeterum
1240 692 1355 747 haec
1413 701 1674 750 eventura
1708 708 1833 750 esse
1887 692 2016 759 illis,

436 784 528 854 qui
594 783 762 838 Deum
836 782 1202 839 universitatis
1281 782 1349 837 ad
1416 782 1553 839 iram
1634 793 2016 856 provocarent,

438 874 810 943 praedixerunt
838 872 967 928 olim
1000 873 1143 929 beati
1175 874 1475 944 prophetat.
1504 875 1575 930 At
1606 873 1702 942 bi,
1740 874 1863 931 licet
1896 888 2021 944 quae

438 968 796 1036 praenuntiata
845 965 955 1038 jam
1029 974 1194 1032 sunt,
1264 967 1428 1023 etiam
1490 970 1557 1022 ad
1608 966 1768 1023 ﬁnem
1822 980 2020 1036 perve-

443 1058 676 1124 nissent,
701 1053 868 1113 nihilo
909 1058 1090 1113 secius
1125 1056 1394 1126 pml'racti
1433 1068 1591 1115 erant
1612 1067 1663 1114 et
1686 1058 2020 1129 pervicaees,

443 1149 830 1205 exsecrandam
883 1157 939 1205 et
972 1164 1003 1204 a
1030 1148 1159 1221 legis
1188 1150 1373 1221 regula
1415 1150 1805 1208 alienissimam
1855 1149 2022 1205 vitam

447 1240 810 1296 institueutes.
848 1238 1263 1310 Appositissime
1287 1255 1418 1313 ergo
1468 1242 1852 1299 universitatis
1878 1239 2025 1297 Deus

446 1337 571 1400 post
615 1328 822 1402 plagam
850 1339 905 1387 et
940 1326 1172 1400 ﬂagella,
1203 1340 1257 1387 et
1281 1346 1402 1402 qua
1441 1332 1529 1389 bis
1567 1333 1810 1393 deﬁnitis
1878 1340 2021 1389 tem-

448 1419 670 1490 poribus
733 1420 803 1476 ab
844 1421 1091 1478 hostibus
1171 1429 1328 1478 erant
1403 1422 1724 1490 obventura,
1760 1422 2023 1480 suavissi-

451 1527 660 1568 marum
706 1527 912 1578 rerum,
954 1528 1074 1583 qua:
1102 1512 1373 1572 delectare
1417 1523 1688 1587 poterant,
1725 1514 1855 1573 facit
1886 1529 2028 1587 pra»

451 1601 937 1671 signiﬁcationem:
1030 1608 1402 1691 promittitque
1487 1608 1602 1678 jam
1682 1609 2029 1680 quantumvis

455 1693 612 1750 factis
650 1694 879 1765 captivis
912 1696 1141 1753 reditum
1169 1712 1230 1753 se
1261 1697 1675 1766 adornaturum,
1711 1706 1768 1757 et
1798 1696 2037 1755 miseria}

2114 493 2548 568 δυσαχθεστέραν
2583 492 2768 555 αὐτοῖς
2813 487 3095 558 ἐπιφέρων
3142 483 3392 557 πληγὴν,
3439 483 3569 545 τοὺς
3617 481 3703 536 ὃτι
3791 535 3802 543 ,

2119 586 2356 657 μάλιστα
2409 581 2521 637 τῶν
2560 580 2655 636 ἐπὶ
2704 579 2808 650 γῆς
2855 575 3170 649 ὠμοτάτους
3213 573 3399 636 αὐτοῖς
3441 569 3703 641 ἐπηφίει,

2119 676 2264 748 φημὶ
2308 675 2374 747 δὴ
2419 672 2549 737 τοὺς
2591 669 3004 743 Βαϐυλωνίους,
3034 665 3084 720 οἶ
3122 665 3219 720 καὶ
3256 666 3438 718 πᾶσαν
3468 661 3710 732 ἀμογητὶ

2119 769 2219 841 τὴν
2245 767 2353 822 τῶν
2394 762 2664 819 Ἰουδαίων
2695 759 3149 835 καταδῃώσαντες
3182 756 3366 829 χώραν
3386 795 3401 814 .
3429 753 3708 825 αἰχμάλω-

2121 877 2214 915 τον
2249 856 2598 928 ἀπεκόμισαν
2642 856 2723 918 εἰς
2761 854 2862 926 τὴν
2910 850 3120 907 ἑαυτῶν
3144 847 3380 922 ἀριθμοῦ
3427 845 3713 918 κρείττονα

2124 949 2354 1022 πληθύν.
2393 946 2554 1001 ’Ᾱλλά
2579 944 2736 999 ταυτί
2781 944 2880 1015 μὲν
2925 942 3016 997 ὅτις
3052 938 3392 1011 συμϐήσεται
3439 932 3713 1022 παροτρῷ

2124 1017 2304 1094 νουσιν
2334 1036 2518 1099 αὐτοῖς
2541 1034 2633 1088 τὸν
2662 1031 2772 1086 τῶν
2808 1030 2943 1085 ὅλων
2970 1028 3123 1092 Θεὸν,
3155 1022 3534 1096 προηγόρευον
3568 1017 3712 1073 κατὰ

2126 1129 2357 1202 καιροὺς
2398 1128 2446 1182 οἰ
2492 1125 2754 1198 μακάριοι
2786 1119 3084 1194 προφῆται.
3125 1118 3192 1172 οι
3236 1116 3293 1173 δὲ
3347 1114 3525 1168 καίτοι
3573 1109 3715 1183 πρὸς

2131 1222 2308 1296 πέρας
2332 1219 2515 1281 αὐτοῖς
2545 1213 2927 1287 ἐκϐεϐηκότων
2956 1209 3064 1265 τῶν
3090 1202 3709 1296 ηδηπροηγγελμένων,

2125 1292 2276 1369 οὐδὲν
2304 1304 2467 1384 ἦττον
2497 1304 2637 1381 ἦσαν
2676 1304 2901 1379 σκληροί
2924 1320 2985 1358 τε
3026 1303 3120 1358 καὶ
3153 1298 3419 1360 ἀπειθεῖς,
3453 1292 3715 1384 βᾶλυράν

2127 1404 2223 1460 καὶ
2271 1382 2659 1473 ἐκνομωτάτην
2695 1394 3107 1469 ἐπιτηδεύοντες
3138 1390 3305 1463 ζωήν.
3341 1382 3716 1457 Οἰκονομικώρ

2126 1514 2273 1551 τατα
2296 1494 2477 1549 τοίνυν
2519 1494 2548 1547 ὁ
2580 1489 2688 1545 τῶν
2717 1489 2854 1543 ὅλων
2880 1485 3012 1550 Θεὸς
3052 1482 3193 1555 μετά
3222 1478 3437 1550 πληγὴν
3473 1476 3569 1532 καὶ
3604 1474 3718 1546 μά-

2133 1605 2327 1658 στιγας
2355 1587 2451 1641 καὶ
2480 1583 2549 1639 τά
2580 1585 2645 1658 ἐκ
2687 1581 2795 1637 τῶν
2826 1578 3102 1651 πολεμίοιν
3150 1570 3536 1644 συμϐεϐηκότα
3572 1566 3719 1622 κατά

2127 1682 2353 1754 καιροὺς
2377 1679 2582 1743 αὐτοῖς,
2623 1675 2715 1731 καί⁸
2763 1671 2870 1726 τῶν
2916 1669 3149 1741 ἡδίστων
3180 1667 3275 1723 καὶ
3300 1661 3720 1754 κατευφραίνειν

456 1798 627 1841 nexus
674 1784 1067 1852 relaxaturum,
1103 1787 1333 1860 illosque
1387 1788 1481 1860 qui
1515 1790 1643 1845 olim
1678 1789 1945 1855 vicerunt,
1976 1788 2035 1844 in

2152 1750 2350 1828 ιίδότων
2391 1771 2625 1825 ποιεῖται
2661 1765 2756 1837 τὴν
2801 1760 3202 1837 προαγόρευσιν
3223 1775 3237 1789 ο
3279 1757 3622 1854 ὑπισχνεῖταέ
3658 1750 3723 1806 δὲ

457 1889 648 1930 tnanus
696 1876 929 1931 hostium
986 1877 1333 1935 traditurum.
1366 1879 1602 1937 Maxime
1644 1881 1789 1937 enim
1840 1896 2038 1938 conve-

458 1968 643 2023 niebat
697 1969 909 2025 etiamsi
980 1970 1306 2028 iuemendati
1366 1983 1585 2045 propter
1646 1975 1738 2030 illa
1799 1974 2043 2043 iuerint,

459 2057 854 2126 posterioribus
893 2066 1073 2114 tamen
1134 2058 1283 2114 hisce
1312 2059 1552 2129 impense
1574 2059 1826 2131 deinceps
1848 2059 2048 2131 gaude-

461 2161 543 2214 re,
572 2156 628 2201 et
670 2147 723 2201 in
780 2161 929 2216 spem
992 2148 1422 2207 desideratarum
1482 2168 1662 2208 rerum
1720 2151 1866 2209 velut
1937 2152 2038 2210 alis

457 2245 698 2303 evectos,
718 2238 1085 2308 gratissimum
1120 2239 1229 2298 Deo
1265 2242 1467 2297 cultum
1510 2242 1564 2298 in
1607 2244 1782 2314 pretio
1816 2242 2043 2311 habere,

458 2335 521 2382 et
574 2336 812 2383 tuentem
881 2327 957 2383 illi
1020 2329 1238 2386 afﬁxam
1289 2347 1355 2387 ac
1412 2331 1693 2388 immotam
1750 2333 2044 2389 custodire.

462 2418 728 2487 Quoniam
783 2420 967 2491 igitur,
1001 2420 1127 2476 licet
1168 2425 1483 2493 complures
1527 2422 1654 2479 olim
1728 2422 2038 2480 Iudaeorum

463 2512 713 2583 regiones
773 2512 1010 2583 populati
1061 2512 1285 2579 fuerint,
1311 2515 1642 2571 crudeliores
1691 2523 1870 2572 tamen
1921 2514 2046 2571 aliis

463 2612 523 2658 et
561 2604 816 2661 saeviores
852 2602 1345 2669 inierunt,Chaldtei
1396 2606 1722 2672 maxime,et
1762 2607 1853 2678 qui
1918 2615 2033 2660 tum

466 2696 737 2766 temporis
784 2695 1049 2769 Babyloni
1088 2696 1441 2771 premerent,
1484 2699 1590 2755 illis
1623 2698 2057 2770 quodammodo

465 2788 699 2858 primum
750 2789 926 2845 oratio
969 2791 1280 2862 prophetica
1344 2790 1593 2856 insultat,
1615 2804 1680 2846 ac
1724 2788 1937 2859 inquit:

2137 1867 2220 1922 ὅτι
2241 1865 2336 1921 καί
2354 1863 2481 1926 τοὺς
2505 1861 2609 1934 ἤδη
2634 1855 2931 1929 γεγονότας
2951 1849 3336 1924 αἰχμαλώτους
3355 1844 3725 1914 ὑπονοστῆσαι

2140 1958 2578 2034 παρασκευάσει,
2631 1955 2723 2010 καὶ
2779 1953 2887 2008 τῶν
2944 1952 3046 2023 τῆς
3102 1946 3477 2020 ταλαιπωρίας
3525 1943 3725 2013 ἀνήσει

2141 2054 2380 2125 δεσμῶν,
2406 2048 2718 2124 παραδώσει
2759 2046 2817 2101 st
2867 2045 2963 2100 καὶ
2992 2044 3189 2107 αὐτοὺς
3210 2043 3336 2106 τοὺς
3372 2038 3539 2095 πάλαι
3564 2037 3729 2108 νική-

2147 2162 2346 2209 σαντας
2375 2145 2456 2209 εἰς
2483 2144 2673 2215 χεῖρας
2704 2139 2934 2212 ἐχθρῶν.
2955 2132 3062 2193 Ἦν
3090 2134 3202 2206 γὰρ
3227 2134 3289 2205 δή
3318 2148 3420 2185 που
3453 2130 3547 2184 καὶ
3577 2128 3734 2200 μάλα

2148 2208 2335 2301 εἰκὸς,
2353 2237 2402 2289 εἰ
2424 2208 2896 2304 καίὶάνουθέτη-τοι
2939 2217 3315 2301 μεμενήκασιν
3343 2224 3429 2277 ἐπ’
3460 2220 3731 2283 ἐκείνοις,

2151 2326 2268 2384 ἀλλ’
2298 2322 2390 2380 οὖν
2421 2322 2638 2379 ἑλέσθαι
2664 2321 2859 2375 λοιπόν
2897 2318 2959 2373 τὸ
3002 2317 3107 2373 κᾶν
3151 2312 3282 2385 γοὸν
3310 2316 3420 2377 τοϊς
3454 2308 3736 2381 δευτέροις

2150 2416 2453 2491 ἐφησθῆναι
2481 2430 2541 2470 τε
2581 2414 2731 2486 ἅμα,
2780 2400 2878 2467 καί
2907 2412 2989 2475 είς
3018 2407 3205 2464 ἐλπίδα
3236 2405 3344 2460 τῶν
3376 2402 3738 2475 ποθουμένων

2151 2506 2685 2581 ἀναπτερουμένους,
2722 2503 2822 2576 τὴν
2860 2498 2938 2575 τῷ
2977 2501 3096 2573 Θεῷ
3140 2497 3464 2571 φιλαιτάτην
3498 2493 3739 2564 τιμῆσαι

2151 2602 2435 2674 λατρείαν,
2467 2599 2564 2654 καὶ
2585 2596 2882 2667 ἀκλ-όνητον
2917 2591 3066 2666 αὑτῷ
3088 2591 3326 2665 τηρῆσαι
3355 2588 3416 2642 τὸ
3444 2586 3732 2674 φρόνημα.

2165 2672 2397 2765 Ἐπειδὴ
2435 2690 2636 2753 τοίνυν,
2693 2685 2749 2743 εί⁵
2783 2687 2880 2742 xui.
2920 2684 3105 2741 πολλοί
3140 2698 3286 2745 τινες
3315 2676 3456 2753 ἦσαν
3494 2677 3543 2730 οἰ
3582 2672 3740 2765 κατὰ

2151 2763 2386 2856 καιροὺς
2425 2778 2682 2853 τὴντῶν
2738 2776 3008 2832 Ἰουδαίων
3070 2774 3254 2846 χώραν
3304 2763 3742 2841 πεπορθηκότες,

465 2856 581 2936 ἀλλ’
602 2882 658 2936 οῖ
680 2898 747 2952 γε
766 2882 873 2937 τῶν
906 2856 1082 2939 ἄλλων
1109 2884 1467 2957 ἀπηνέστεροί
1498 2900 1559 2938 τε
1592 2882 1691 2938 καὶ
1733 2856 2059 2954 ἀγριώτεροι
2092 2877 2348 2935 Χαλδαῖοι
2383 2874 2637 2947 μάλιστα,
2696 2871 2802 2926 καὶ
2827 2871 2875 2924 οἰ
2904 2868 3003 2941 τῆς
3067 2863 3389 2929 Βαϐυλῶνος
3420 2856 3747 2933 βεϐασιλευ-

468 2974 625 3040 κύνες
648 2977 792 3031 κατά
816 2976 1042 3048 καιροὺς
1079 2977 1261 3043 αὐτοῖς
1289 2976 1455 3032 οἰονεί
1491 2975 1585 3030 καὶ
1613 2974 1850 3048 πρώτοις
1874 2975 1905 3028 ό
1928 2972 2030 3044 τῆς
2056 2968 2395 3044 προφητείας
2422 2965 2580 3035 λόγος
2613 2961 2853 3033 ἐπιπηδᾷ
2884 2960 2978 3016 καί
3009 2971 3197 3031 φησιν’

538 3070 702 3128 Vnus.
733 3070 789 3126 2'.
824 3071 891 3126 In
929 3082 1100 3128 monte
1126 3074 1415 3143 campestri.
1443 3072 1610 3126 tollite
1632 3073 1862 3143 signum.

2232 3066 2360 3122 Ἐπ’
2394 3064 2574 3133 ὅρους
2603 3058 2850 3115 πεδινοῦ
2870 3056 3049 3127 ἄρατε
3079 3053 3360 3125 σημεῖον.
3532 3100 3542 3108 .

539 3157 806 3230 Oportere
857 3169 1041 3215 autem
1092 3137 1346 3215 existimo
1406 3161 1507 3229 qui
1547 3137 1836 3230 diligenter
1886 3156 2048 3230 alo

2225 3158 2346 3210 Δεῖν
2395 3153 2451 3208 δὲ
2494 3146 2648 3223 οἴμαι
2696 3149 2799 3221 τῆς
2856 3146 3154 3220 ἑρμηνείας
3198 3145 3307 3200 τῶν
3353 3137 3748 3214 προκειμένων

472 3249 640 3304 verba
700 3249 976 3320 proposita
1026 3263 1290 3306 enarrare
1323 3250 1617 3315 voluerint,
1666 3251 1868 3321 aliquid
1910 3250 2048 3321 quod

2152 3242 2355 3317 ἀκριϐῆ
2386 3241 2657 3297 ποιεῖσθαι
2694 3239 2794 3310 τὴν
2826 3237 3082 3291 ἀπόδοσιν
3135 3233 3466 3307 ᾑρημένους,
3521 3245 3741 3321 προαφ-

479 3340 547 3395 ad
584 3353 700 3395 rem
735 3340 888 3406 facit,
918 3342 1233 3398 necessario
1263 3341 1505 3412 prmfari.
1534 3340 1713 3414 Cyrus
1748 3320 1880 3413 ergo
1905 3350 2048 3411 patre

2156 3334 2471 3411 ηγήσασθαί
2504 3348 2556 3387 τι
2587 3332 2696 3386 τῶν
2722 3328 3187 3399 ἀναγκαιοτάτων.
3214 3325 3395 3398 Κύρος
3426 3320 3745 3392 τοιγαροῦν,

484 3434 702 3505 quidem
730 3433 1018 3506 Cambyse,
1047 3443 1221 3491 matre
1244 3450 1374 3492 vero
1404 3435 1672 3491 Mandana
1706 3444 1889 3501 natus,
1915 3417 2048 3491 Per-

2156 3430 2186 3483 δ
2235 3426 2442 3500 πατρὸς
2485 3424 2584 3496 μὲν
2611 3420 2911 3495 Καμϐὑσου
2946 3420 3220 3490 γεγονὼς,
3261 3415 3467 3490 μητρὸς
3488 3414 3549 3469 δὲ
3589 3415 3749 3469 Μαν-

479 3529 574 3582 sia:
607 3541 671 3582 ac
694 3524 882 3583 Media;
909 3540 1025 3594 rex,
1056 3527 1386 3599 oppugnavit
1409 3527 1753 3600 Babylonem
1771 3532 2048 3584 et’omnem

2158 3521 2346 3592 δάνης,
2392 3516 2620 3590 Περσῶν
2668 3533 2725 3570 τε
2770 3513 2867 3569 καὶ
2908 3513 3108 3586 Μήδων
3142 3507 3561 3600 βεϐασιλεῠκὼς,
3606 3523 3740 3600 καδ-

478 3616 761 3688 regionem
798 3596 1359 3686 Chaldaeortrtnilieet
1383 3596 1558 3690 ampla
1601 3618 1672 3675 sit
1706 3627 1762 3674 et
1789 3617 2048 3685 maxima;

2158 3612 2492 3684 επράτευσε
2537 3608 2634 3678 τῆς
2660 3605 3003 3670 Βαϐυλῶνος,
3044 3604 3139 3658 καὶ
3172 3602 3352 3673 πάσης
3401 3599 3458 3654 δὲ
3495 3599 3599 3669 τῆς
3626 3596 3751 3650 τῶν

482 3718 542 3765 et
587 3724 722 3765 sane
757 3710 1089 3781 expugnavit
1119 3711 1372 3782 cepitque
1399 3725 1521 3766 eam
1550 3725 1657 3767 non
1685 3711 1893 3767 viribus
1920 3706 2059 3775 suis,

487 3813 664 3871 neque
698 3799 994 3857 robustiori
1025 3816 1186 3857 manu
1209 3801 1721 3875 (invicta'siquidem
1749 3810 1805 3858 et
1828 3803 2058 3871 insupe-

486 3891 673 3948 rabilis
701 3902 819 3947 erat
851 3890 986 3964 gens
1014 3892 1420 3961 Chaldaeorum,
1459 3902 1515 3949 et
1554 3901 1774 3964 propter
1818 3890 2062 3947 multitu-

482 3985 690 4051 dinem,
734 3993 789 4041 et
811 3996 1033 4057 propter
1073 4000 1323 4058 magnam
1364 3986 1442 4042 rei
1476 3985 1728 4042 militaris
1763 3984 2060 4056 peritiam),

484 4077 580 4131 sed
614 4076 792 4147 potius
830 4078 974 4146 quod
1005 4076 1145 4132 Deus
1171 4078 1218 4132 ei
1248 4078 1588 4132 adversarios
1616 4078 1932 4148 subjiceret,
1963 4078 2064 4132 im-

486 4170 745 4241 piumque
807 4169 1226 4242 Babyloniorum
1280 4168 1568 4237 imperium
1635 4159 1991 4225 labefactaret
2046 4186 2071 4224 ι’

489 4260 687 4331 quippe
717 4262 862 4331 quod
891 4260 1030 4330 apud
1071 4260 1193 4316 illos
1219 4259 1504 4331 przestigia‘.
1536 4261 1771 4315 maxime
1804 4260 2065 4332 vigerent,

485 4361 545 4407 ct
589 4352 1004 4408 innumerabilia
1036 4351 1303 4407 idolorum
1344 4348 1594 4406 examina
1622 4357 1808 4405 essent
1842 4367 1857 4404 :
1904 4350 2064 4405 nimi-

2158 3701 2440 3758 Χαλδαίων
2462 3698 2645 3772 χώρας
2676 3697 2895 3771 εὐρείας
2920 3713 2979 3751 τε
3010 3693 3181 3767 οὔσης
3216 3693 3310 3748 καὶ
3343 3690 3547 3763 πολλῆς
3566 3690 3709 3759 ἄγαν
3726 3702 3747 3717 ⁸

2160 3796 2254 3850 καὶ
2289 3792 2483 3865 δηκτιιί¹
2522 3792 2883 3863 κεκράτηκεν.
2924 3781 3084 3842 Εῖλεν
3132 3784 3304 3857 αὐτὴν
3348 3784 3410 3839 οὐ
3449 3782 3749 3853 δυνάμεσιν

2166 3887 2345 3951 ἰδίαις,
2386 3881 2511 3938 οὔτε
2545 3882 2652 3956 μὴν
2684 3880 3037 3953 ἀλκιμωτέρᾳ
3074 3879 3217 3952 χειρὶ
3248 3876 3559 3950 χρήσασθαι
3580 3873 3745 3943 δυνη-

2163 3978 2276 4042 θεὶς
2309 3976 2541 4048 (ἄμαχον
2586 3975 2697 4047 γάρ
2748 3992 2801 4029 τι
2849 3974 2945 4028 καὶ
2991 3972 3462 4040 ἀνανταγώνιστον
3506 3967 3568 4021 τὸ
3594 3965 3749 4020 Xa).-

2163 4067 2330 4123 δαίων
2360 4065 2513 4130 ἔθνος
2539 4060 2630 4137 ἦν,
2665 4064 2755 4119 διά
2793 4081 2853 4119 τε
2889 4063 3117 4135 πληθὺν,
3158 4062 3252 4118 καὶ
3290 4061 3349 4115 τὸ
3380 4055 3440 4114 εὖ
3477 4057 3621 4130 μάλα
3653 4073 3753 4126 γε·

2164 4157 2474 4231 γυμνάσθω
2512 4156 2582 4212 τά
2616 4155 2899 4229 τακτικὰ),
2942 4155 3078 4210 Θεοῦ
3135 4154 3337 4227 μᾶλλον
3379 4152 3749 4223 ὑποφέροντος

2165 4249 2317 4321 αὒτῷ
2348 4249 2476 4312 τοὺς
2496 4246 2927 4317 ἀνθεστηκότας,
2950 4246 3043 4299 καὶ
3075 4242 3401 4314 τάδυσσεϐη
3436 4241 3545 4295 τῶν
3569 4238 3741 4292 Βαϐυο

2167 4342 2374 4399 λωνίων
2396 4339 2782 4400 κατασείοντος
2802 4338 2980 4410 κράτη
3000 4352 3016 4367 ·
3058 4335 3234 4391 διὰτοι
3261 4334 3321 4388 τὸ
3356 4332 3617 4402 πλείστην
3646 4330 3752 4402 μὲν

492 4459 612 4498 rum
665 4455 811 4500 terra
860 4443 1191 4515 sculptilium
1232 4443 1515 4499 nominata
1563 4452 1668 4506 est,
1718 4442 1802 4497 vel
1843 4451 2048 4513 proptet

2166 4438 2311 4508 ὅσην
2342 4434 2470 4506 παρ’
2518 4432 2703 4496 αὐτοῖς
2752 4426 2889 4484 εἰναι
2934 4427 3033 4500 τὴν
3070 4425 3357 4498 γοητείαν·
3406 4420 3642 4515 ἀριθμοῦ
3680 4420 3751 4515 δὲ

492 4534 708 4588 turbam
736 4534 1034 4598 idolorum,
1061 4534 1143 4589 vel
1173 4534 1340 4589 etiam
1383 4533 1524 4604 quod
1556 4527 1941 4603 unusquisque
1980 4532 2067 4587 in-

2166 4527 2454 4599 κρείττονα
2483 4524 2577 4578 τὸν
2613 4521 2725 4576 τῶν
2760 4519 2994 4574 εἰδώλων
3018 4519 3185 4589 ἑσμόν
3204 4533 3221 4550 ο
3255 4515 3350 4569 καὶ
3375 4514 3505 4584 γοῦν
3534 4512 3609 4583 γῆ
3636 4511 3752 4565 τῶν

493 4626 736 4678 colatum
772 4623 921 4677 nullo
952 4626 1112 4680 modo
1135 4625 1203 4679 ab
1246 4601 1742 4694 idolo—discrepare
1771 4601 2048 4692 deprebett

2168 4617 2425 4689 γλυπτῶν
2482 4608 2924 4684 κατωνόμασται,
2968 4610 3001 4682 ἢ
3063 4608 3153 4662 διὰ
3203 4607 3301 4679 τὴν
3354 4605 3465 4659 τῶν
3516 4601 3755 4658 εἰδώλων

495 4716 738 4781 deretur,
765 4714 820 4769 iu
858 4723 1118 4785 quantum
1152 4732 1346 4788 nempe
1383 4717 1709 4787 impotenter
1730 4725 1785 4772 et
1813 4714 2083 4772 eﬁ'renate'

494 4807 553 4862 in
601 4821 844 4862 errorem
907 4808 1351 4878 prolabebantur.
1405 4810 1486 4864 Ad
1513 4811 1651 4875 haec,
1702 4810 1829 4880 quia
1883 4817 2073 4864 sancta

494 4908 642 4955 terra
670 4909 725 4956 et
758 4900 867 4955 Deo
895 4901 1174 4971 deputata,
1225 4903 1276 4957 id
1312 4911 1416 4971 est,
1450 4900 1635 4958 Juda'a
1674 4903 1973 4967 devastata,
2007 4908 2063 4957 et

497 4993 890 5069 Hierosolymis
945 4997 1172 5068 ipsoque
1198 4998 1379 5053 divino
1426 4996 1631 5068 templo
1680 4995 1937 5060 incensis,
1972 4994 2071 5050 ab-

496 5097 772 5146 duxerunt
803 5089 857 5145 in
887 5094 1051 5146 suam‘
1078 5090 1349 5161 regionem
1380 5103 1510 5145 vasa
1556 5104 1737 5157 sacra,
1773 5097 1936 5158 atque
1970 5088 2074 5141 iut-

495 5178 708 5248 potenti
742 5179 822 5235 ira
850 5178 1111 5235 concitati
1143 5177 1393 5234 lsraelem
1411 5178 1752 5241 occiderunt,
1786 5186 2076 5246 quantum—

499 5276 581 5329 vis
616 5283 843 5330 sanctus
870 5271 1120 5344 populus,
1159 5278 1213 5327 et
1243 5268 1421 5342 portio
1448 5277 1507 5326 et
1538 5283 1661 5324 sors
1698 5267 1793 5324 Dei
1826 5269 2074 5322 numina-

501 5374 675 5419 rctur.
710 5364 843 5419 Nam
874 5364 1014 5433 quod
1033 5362 1287 5418 lsraelem
1327 5361 1469 5417 idola
1495 5359 1762 5416 colentem
1786 5358 2075 5414 tradiderit

501 5456 642 5511 Deus
676 5458 729 5511 in
765 5472 955 5512 manus
980 5456 1234 5522 hostium,
1254 5469 1360 5508 non
1389 5454 1678 5509 obscurum
1695 5462 1775 5505 est
1796 5464 2077 5506 sacrarum

502 5545 830 5600 Litterarum
866 5548 1187 5612 scientibus,
1212 5545 1307 5601 sed
1341 5545 1433 5617 qui
1475 5544 1540 5599 ad
1576 5544 1682 5600 hoc
1716 5541 1893 5598 vocati
1928 5547 2075 5604 sunt,

499 5653 597 5694 eos
630 5652 734 5695 non
775 5639 876 5694 levi
918 5638 1181 5708 supplicio
1221 5638 1544 5694 aﬁ‘ecernnt.
1581 5636 1899 5692 invenietur
1928 5633 2074 5690 enim

502 5729 700 5790 alicubi
737 5729 939 5787 dixisse
968 5729 1341 5787 univcrsitatis
1375 5730 1518 5787 Deus
1565 5738 1697 5786 Voce
1740 5727 2017 5785 Zacbaria:
2057 5744 2070 5782 :

2172 4708 2405 4780 πληθὺν,
2436 4706 2605 4778 ἥγουν
2630 4705 2714 4758 ὅτι
2747 4701 2843 4756 καὶ
2874 4699 3108 4763 ἕκαστος
3134 4695 3243 4752 τῶν
3270 4698 3450 4750 ἐκεῖσε
3490 4708 3752 4763 κατῳκη-

2172 4798 2347 4854 κότων
2392 4797 2515 4850 κατ’
2545 4793 2737 4848 οὐδένα
2768 4791 2972 4861 τρόπον
3021 4787 3242 4843 εἰδώλου
3294 4782 3588 4853 διενεγκὼν
3636 4780 3757 4852 ὴλί-

2169 4905 2347 4954 σκετο,
2390 4887 2532 4942 κατά
2575 4886 2639 4956 γέ
2687 4901 2831 4956 φημι
2887 4883 2949 4937 τδ
2990 4881 3235 4953 ἀσχέτως
3256 4895 3317 4931 τε
3363 4874 3458 4930 καὶ
3495 4873 3758 4945 ἀκρατῶς

2175 4980 2473 5036 ἀπονεῦσαι
2519 4979 2656 5051 πρὸς
2710 4976 2998 5046 πλάνησιν.
3032 4970 3169 5057 Εἳτα
3214 4969 3355 5043 πρὸς
3398 4967 3628 5029 τούτοις,
3669 4964 3757 5018 ὃτι

2174 5074 2275 5146 τὴν
2304 5072 2466 5143 ἁγίαν
2497 5070 2594 5126 καὶ
2615 5068 3012 5141 ἐκνεμηθείσαν
3040 5065 3123 5138 τῷ
3152 5063 3273 5135 Θεῷ
3295 5059 3759 5135 καταδῃώσαντες

2177 5165 2302 5236 γῆν,
2330 5162 2474 5218 τοῦτ’
2501 5162 2638 5230 εστι,
2664 5161 2762 5233 τὴν
2778 5159 3056 5221 Ἰουδαίαν,
3077 5151 3572 5227 κατεμπρήσαντές
3600 5166 3664 5204 τε
3687 5147 3760 5202 τὰ

2188 5256 2560 5330 Ἰεροσόλυμα,
2598 5252 2693 5309 καὶ
2722 5251 2886 5307 αὐτόν
2914 5267 2974 5305 τε
3020 5246 3129 5304 xliv
3142 5246 3287 5303 θεῖον
3322 5244 3469 5310 ναὸν,
3497 5241 3761 5311 ἀπεκόμι-

2182 5367 2283 5404 σαν
2316 5350 2413 5420 μὲν
2442 5351 2522 5402 τάσ
2542 5345 2710 5417 σκεύη
2739 5344 2809 5399 τὰ
2848 5342 2971 5415 ἰερά
3008 5344 3093 5406 είς
3111 5340 3212 5411 τὴν
3246 5336 3478 5403 ἑαυτῶν,
3508 5331 3666 5405 θυμῷ
3698 5331 3762 5385 δὲ

2185 5442 2411 5514 ἀκράτῳ
2453 5437 2725 5512 χρώμενοι
2767 5436 2861 5491 τὸν
2903 5433 3120 5507 Ἰσραὴλ
3160 5430 3543 5489 ἀπεκτόνασιν,
3580 5426 3760 5480 καίτοι

2185 5536 2312 5591 λαὸν
2341 5534 2497 5603 ἅγιον
2516 5530 2933 5603 ὠνομασμένον,
2966 5524 3161 5600 μερίδα
3179 5543 3239 5581 τε
3259 5526 3355 5580 καὶ
3382 5524 3581 5595 κλῆρον
3594 5520 3759 5574 Θεοῦ.

2186 5631 2309 5684 Ὅτι
2346 5631 2444 5700 μὲν
2476 5625 2585 5697 γὰρ
2611 5622 3142 5695 εἰδωλολατρήσαντα
3171 5617 3262 5674 τὸν
3292 5616 3509 5690 Ἰσραὴλ
3539 5613 3759 5685 παρεδί-

2182 5722 2273 5776 δου
2304 5720 2437 5782 Θεὸς
2468 5720 2546 5799 εἰς
2575 5720 2760 5789 χεῖρας
2786 5714 2998 5788 ἐχθρῶν
3033 5714 3133 5769 οὐκ
3163 5709 3485 5785 ἀσυμφανὲς
3509 5705 3761 5776 τοίς-τῶν
