3962 6216
263 289 376 352 ὗόθ

1414 299 1481 360 IN
1522 299 1753 362 ISAIAM
1791 299 1921 362 LIB.
1964 307 2028 364 Il.
2069 302 2310 370 TOMUS
2346 306 2413 367 ΙΙ.

3435 315 3540 375 560

269 414 440 486 ιερῶν
488 417 833 487 γραμμάτων
877 419 1273 495 ὲπιστήμοσιν,
1313 423 1430 478 ἀλλ’
1488 425 1747 492 ἐκόλαζον
1791 427 1854 480 οὐ

1965 427 2315 485 ιιλΕιηιιιιιιιιε
2365 441 2484 483 sum
2537 427 2842 485 Jerusalem
2901 439 2957 485 et
3011 429 3142 486 Sion
3191 430 3541 491 aemulatione

271 501 513 572 μετρίως
559 504 608 556 οί
644 504 972 578 κεκλημένοι
1007 509 1142 580 πρὸς
1173 511 1350 566 τοῦτο.
1396 515 1505 567 Καὶ
1532 514 1665 583 γοῦν
1714 517 1858 588 εὑρί-

272 595 470 649 σκεταί
495 613 597 650 που
632 597 806 666 λέγων
830 603 859 654 ὁ
891 601 999 655 τῶν
1027 603 1163 657 ὅλων
1188 601 1320 670 Θεὸς
1358 607 1446 662 διὰ
1471 609 1658 678 φωνῆς
1684 605 1859 680 Ζαχα-

271 683 422 750 ρίοιν
478 703 498 735 ι
553 684 835 757 Ἐζήλωκα
883 689 982 760 τήν
1045 691 1394 765 Ἰερουσαλὴμ
1437 696 1532 750 καὶ
1568 697 1667 769 τὴν
1719 699 1857 753 Σιὼν

269 772 434 844 ζῆλον
465 776 666 846 μέγαν,
706 780 801 831 καὶ
836 779 992 851 θυμῴ
1023 785 1241 854 μεγάλῳ
1277 786 1388 853 ἐγὼ
1430 787 1724 860 ὀργίζομαι
1763 791 1858 845 ἐπὶ

265 867 332 920 τὰ
363 866 499 938 εθνη
528 868 597 922 τὰ
628 873 1104 944 συνεπιτιθέμενα,
1149 876 1266 930 ἀνθ’
1295 872 1371 932 ὧν
1409 879 1520 949 ἐγὼ
1552 881 1650 952 μὲν
1688 882 1858 954 ὠργί-

265 959 403 1030 σθην
435 959 619 1028 ὀλίγα,
667 962 823 1015 αὐτοὶ
855 963 912 1016 δὲ
958 966 1312 1023 συνεπέθεντο
1350 971 1431 1034 εἰς
1477 971 1645 1026 κακά.
1684 990 1702 1025 ι
1749 973 1858 1028 Καὶ

266 1051 404 1120 πρός
431 1065 497 1119 γε
531 1050 631 1122 τὴν
662 1052 957 1109 Βαϐυλῶνά
991 1070 1153 1128 φησιν
1172 1074 1188 1089 ο
1224 1079 1242 1110 ι
1267 1053 1406 1129 Ἐγὼ
1427 1059 1634 1117 δέδωκα
1658 1065 1858 1130 αὐτοὺς

264 1141 340 1200 εἰς
374 1137 481 1200 τὰς
506 1136 699 1210 χεῖράς
734 1157 849 1202 σου,
888 1138 952 1196 σὺ
981 1144 1038 1198 δὲ
1071 1145 1170 1199 οὐκ
1194 1147 1402 1212 ἔδωκας
1427 1151 1610 1216 αὐτοῖς
1632 1152 1802 1217 ἕλεος.
1831 1172 1850 1206 ι

265 1226 437 1298 Κύρῳ
463 1228 532 1300 δὴ
567 1226 660 1284 οὖν
690 1233 974 1303 παρεδίδου
1005 1234 1138 1300 Θεὸς
1177 1236 1276 1309 τὴν
1308 1238 1542 1305 ἀλαζόνα
1582 1243 1672 1296 καὶ
1699 1243 1855 1313 ὑϐρί·

262 1336 485 1390 στριαν,
523 1322 620 1391 τὴν
653 1324 870 1396 ἀπάσης
911 1327 1244 1398 φαυλότητος
1275 1329 1490 1402 μητέρα
1516 1335 1611 1386 κοιλ⁵
1633 1335 1852 1406 τροφὸν,

263 1411 415 1480 γημὶ
436 1410 504 1480 δὴ
530 1410 631 1483 τὴν
669 1413 986 1469 Βαϐυλῶνα.
1028 1416 1242 1470 Γένοιτο
1273 1419 1329 1472 δὲ
1364 1421 1457 1473 καὶ
1489 1423 1648 1476 τοῦτο
1684 1425 1855 1493 σαφὲς

261 1499 524 1567 λέγοντος
577 1502 744 1556 αὐτοῦ
783 1503 875 1556 διὰ
925 1505 1149 1559 Ἡσαΐου
1197 1507 1409 1575 οὕτως’
1465 1529 1483 1562 ι
1522 1512 1660 1567 Τάδε
1710 1513 1856 1584 λέγει

265 1590 480 1660 Κύριος
530 1589 608 1661 τῷ
646 1591 856 1663 χριστῷ
906 1611 1008 1665 μου
1070 1595 1259 1668 Κύρῳ,
1314 1593 1375 1652 οὗ
1422 1600 1724 1678 ἐκράτησα
1757 1602 1858 1676 τῆς

261 1681 470 1747 δεξιᾶς,
491 1682 796 1736 ἐπακοῦσαι
817 1683 1128 1756 ἔμπροσθεν
1160 1687 1324 1742 αὐτοῦ
1355 1689 1507 1762 ἔθνη,
1535 1693 1630 1746 καὶ
1672 1692 1857 1758 πόλεις

263 1769 328 1824 οὐ
365 1770 925 1844 συγκλεισθήσονται·
953 1775 1094 1845 Ἐγὼ
1127 1777 1438 1851 ἔμπροσθέν
1469 1799 1562 1836 σου
1587 1786 1852 1857 πορεύσο-
1889 1773 1931 1830 Β

267 1871 396 1932 μαι,
425 1863 523 1916 καὶ
558 1863 661 1936 δρη
693 1865 923 1935 ὀμαλιῶ.
959 1867 1143 1941 Θύρας
1184 1873 1390 1942 χαλκᾶς
1423 1878 1717 1949 συντρίψω,
1760 1882 1857 1936 καὶ

265 1953 508 2025 μοχλοὺς
532 1956 785 2028 σιδηροῦς
807 1959 1115 2028 συγκλάσω.
1143 1981 1161 2014 ι
1188 1964 1509 2037 Νενικηκὼς
1538 1969 1594 2023 δὲ
1619 1971 1647 2023 ὁ
1675 1971 1857 2044 Κύρος

263 2046 443 2116 ἀνῆκε
490 2047 591 2120 τῆς
626 2049 1006 2120 αίχμαλωσίας
1057 2051 1149 2108 τὸν
1193 2055 1430 2131 Ἰσραὴλ,
1459 2062 1597 2114 οἴκοι
1637 2081 1696 2117 τε
1737 2065 1858 2135 χαί-

268 2149 469 2207 ροντας
495 2136 630 2192 ίέναι
667 2139 1056 2211 προστέταχεν,
1099 2143 1193 2197 καὶ
1238 2145 1348 2216 μὴν
1379 2148 1470 2201 καὶ
1515 2144 1681 2204 αὐτὸν
1725 2153 1859 2207 ἀνα-

263 2229 561 2300 δείμασθαι
595 2230 687 2283 τὺν
742 2229 884 2284 θεῖον
927 2232 1072 2287 ναόν.
1122 2235 1232 2288 Kal.
1281 2235 1413 2304 γοῦν
1469 2241 1497 2292 ό
1559 2243 1853 2315 προφήτης

275 2315 586 2393 Ἱερεμίας,
624 2339 644 2373 ι
696 2321 754 2370 Ὀ
775 2322 951 2390 λόγος,
982 2342 1000 2375 ι
1029 2326 1212 2396 φησὶν,
1246 2345 1263 2378 ι
1293 2326 1353 2380 ὃν
1383 2327 1614 2402 ὲλάλησε
1653 2331 1857 2405 Κύριος

269 2413 368 2467 ἐπὶ
419 2412 753 2466 Βαϐυλῶναο
795 2415 1177 2483 Ἀναγγείλατε
1233 2418 1292 2472 ὲν
1334 2421 1447 2483 τοῖς
1501 2420 1699 2486 ἔθνεσι,
1761 2425 1857 2479 καὶ

267 2504 516 2558 ἀκουστὰ
541 2505 831 2576 ποιήσατε,
852 2507 945 2559 καλ⁸
978 2506 1052 2577 μὴ
1083 2507 1349 2581 κρύψητε.
1366 2511 1596 2566 Εἵπατεδ
1615 2512 1855 2568 Ἐάλωκε

271 2582 556 2658 Βαϐυλὼν,
591 2592 941 2665 κατῃσχύνθη
975 2594 1108 2666 Βὴλ,
1138 2596 1170 2667 ἡ
1201 2596 1494 2667 ἀπτέητος,
1525 2599 1851 2671 ήτρυφερά.

273 2679 554 2755 Παρεδὸθη
593 2684 863 2754 Μεωδὰχ,
900 2685 981 2738 ὅτι
1014 2685 1184 2758 ἀνέϐη
1231 2683 1320 2740 ἐπ’
1357 2689 1529 2760 αὐτὴν
1557 2689 1710 2753 ἔθνος
1749 2691 1858 2745 ἀπὸ

273 2777 472 2850 βορρᾶ,
520 2777 688 2842 αὐτὸς
732 2779 888 2850 θήσει
924 2779 1022 2849 τὴν
1052 2783 1155 2852 γῆν
1187 2779 1360 2851 αὐτῆς
1411 2782 1491 2844 είς
1525 2781 1854 2854 ἀφανισμὸν,

270 2869 372 2923 οὐκ
411 2868 573 2923 ἔσται
606 2872 634 2922 ὁ
677 2870 947 2923 κατοικῶν
995 2872 1052 2925 ὲν
1090 2872 1226 2944 αὐτῇ
1273 2872 1380 2926 ἀπὸ
1424 2872 1712 2945 ἀνθρώπου
1751 2874 1857 2938 ἕως

275 2961 529 3031 κτήνους.
560 2960 648 3015 Ἐν
667 2967 784 3026 ταῖς
812 2964 1052 3035 ἡμέραις
1078 2965 1336 3030 ἐκείναις,
1375 2966 1469 3019 καὶ
1496 2968 1554 3020 ὲν
1583 2967 1660 3038 τῷ
1681 2967 1858 3040 καιρῷ

275 3048 485 3124 ἐκείνῳ,
519 3052 743 3123 ἥξουσιν
777 3056 825 3107 οἱ
869 3055 978 3118 oio),
1029 3055 1246 3128 Ἰσραὴλ
1293 3058 1388 3110 καὶ
1433 3058 1486 3110 οίν
1529 3059 1638 3112 υῑοὶ
1679 3060 1853 3114 Ἰούδα

274 3146 367 3197 επὶ
408 3144 470 3197 τὸ
517 3144 651 3197 αὐτὸ
697 3145 1003 3216 βαδίζοντες
1047 3149 1140 3201 καὶ
1179 3147 1462 3210 κλαίοντες
1493 3149 1854 3221 πορεύσονται

274 3237 366 3304 τὸν
416 3237 554 3292 Θεὸν
599 3239 780 3292 αὐτῶν
817 3236 1138 3310 ζητοῦντες·
1194 3242 1298 3306 ἕως
1338 3239 1476 3297 Σιὼν
1516 3245 1856 3316 ἑρωτήσουσι

275 3329 373 3400 τὴν
403 3329 542 3383 ὀδόν.
574 3322 701 3383 Ὧδε
746 3329 854 3401 γὰρ
903 3324 964 3385 τδ
1023 3332 1317 3403 πρόσωπον
1368 3333 1552 3389 αὐτῶν
1601 3336 1855 3405 δώσουσι,

275 3423 370 3476 καὶ
401 3423 629 3494 ῆξουσι,
670 3425 764 3478 καὶ
811 3423 1239 3492 καταφεύξονται
1289 3426 1424 3496 πρὸς
1471 3428 1697 3498 Κύριον.
1737 3432 1862 3484 Δια·

274 3517 422 3589 θήκη
471 3516 583 3588 γὰρ
607 3515 828 3581 αἰώνιος
856 3517 958 3571 οὐκ
983 3515 1429 3588 ὲπιλησθήσεται.
1466 3537 1484 3570 ι
1521 3521 1629 3573 Καὶ
1661 3521 1821 3575 πάλιν
1844 3535 1860 3554 ’

281 3631 300 3664 ι
332 3612 435 3666 Διά
462 3611 621 3665 τοῦτο
643 3611 770 3666 τάδε
791 3611 938 3680 λέγει
969 3611 1171 3681 Κύριος
1202 3628 1214 3640 ·
1239 3611 1367 3665 Ἰδοὺ
1397 3611 1506 3680 ἐγὼ
1541 3613 1740 3667 ὲκδικῶ
1765 3616 1864 3669 ἐπὶ

1962 536 2178 591 magna,
2210 529 2266 574 et
2296 521 2374 575 ira
2425 534 2618 592 magna
2671 525 2874 575 irascor
2903 521 3154 592 gentibus
3183 538 3304 590 qua;
3351 538 3542 594 super.

1963 611 2228 682 impositae
2260 622 2388 668 sunt
2421 629 2434 666 :
2466 627 2564 683 pro
2590 626 2654 667 eo
2686 613 2828 682 quod
2854 627 2954 684 ego
2986 615 3156 669 iratus
3184 615 3262 669 l‘ui
3302 616 3537 681 modice,

1961 701 2091 769 ipsa:
2119 716 2245 758 vero
2288 701 2721 772 superimposita:
2750 711 2879 755 sunt
2915 703 2966 754 in
3010 702 3147 755 mala
3178 703 3245 757 ".
3283 721 3302 754 ι
3341 699 3408 757 Ει
3435 701 3540 757 Ba-

1959 790 2142 862 byloni
2173 793 2250 847 ait
2280 814 2292 848 :
2337 811 2355 844 ι
2387 793 2496 862 Ego
2533 793 2655 848 dedi
2685 808 2780 847 eos
2812 794 2864 846 in
2891 809 3081 849 manus
3107 805 3250 862 tuas,
3279 806 3338 850 tu
3361 807 3538 850 autem

1958 899 2066 939 non
2110 885 2457 954 impartivisti
2505 885 2615 941 illis
2659 885 3088 941 misericordiam
3124 888 3191 942 ⁸⁷.
3218 906 3236 939 ι
3274 887 3417 958 Cyro
3440 887 3541 958 igi-

1961 983 2049 1028 tur
2089 975 2313 1030 tradidit
2361 977 2500 1030 Deus
2534 975 2824 1044 superbam
2876 986 2932 1031 et
2964 977 3310 1043 insolentem,
3358 979 3570 1033 omnis‘

1959 1063 2272 1120 vitiositatis
2317 1077 2546 1122 matrem
2580 1076 2634 1119 et
2673 1066 2964 1132 nutricem,
2998 1067 3120 1122 dico
3151 1078 3332 1122 autem
3367 1069 3536 1138 Baby-

1961 1153 2159 1210 lonem.
2194 1153 2304 1211 lloc
2341 1165 2523 1211 autem
2556 1155 2900 1211 manifestum
2934 1170 3055 1212 esse
3079 1158 3299 1224 poterit,
3327 1158 3542 1210 dicente

1960 1246 2076 1317 ipso
2103 1246 2251 1302 Isaiae
2287 1262 2416 1304 voce
2455 1248 2533 1304 sic
2565 1264 2581 1304 :
2619 1266 2641 1299 ι
2670 1245 2798 1302 Haec
2854 1246 2986 1302 dicit
3031 1247 3289 1302 Dominus
3327 1249 3537 1302 cbrism

1959 1353 2079 1392 tneo
2117 1337 2279 1409 Cyro,
2327 1338 2483 1407 cujus
2512 1337 2836 1409 prebensavi
2882 1338 3189 1400 dexteram.
3233 1350 3294 1393 ιιι
3324 1337 3540 1393 auscul-

1961 1438 2074 1484 tent
2101 1443 2283 1486 coram
2309 1444 2374 1487 eo
2407 1441 2618 1502 Gentes,
2658 1439 2715 1485 et
2743 1430 2989 1484 civitates
3026 1444 3130 1483 non
3162 1430 3538 1484 occludentur:

1957 1519 2070 1590 Ego
2095 1530 2220 1577 ante
2252 1531 2302 1576 te
2341 1521 2652 1587 ambulabo,
2683 1531 2742 1576 et
2763 1527 2974 1576 montes
2998 1521 3380 1590 complanabo,
3411 1535 3539 1590 pore

1961 1622 2043 1669 tas
2089 1629 2265 1670 aeneas
2319 1624 2622 1679 conteram,
2685 1623 2742 1668 et
2799 1624 2980 1668 vectes
3031 1611 3242 1673 ferreos
3288 1612 3537 1668 confrin-

1957 1717 2078 1774 gam
2111 1705 2175 1757 ⁸⁸.
2212 1723 2231 1757 ι
2265 1705 2427 1775 217
2449 1705 2584 1760 Cum
2621 1705 2925 1776 subegisset
2957 1719 3085 1758 vero
3108 1705 3304 1776 Cyrus,
3335 1703 3540 1758 laxavit

1958 1797 2275 1865 captivitate
2320 1796 2600 1862 lsraclem,
2641 1799 2976 1865 domumque
3026 1795 3178 1850 laetos
3228 1796 3308 1850 ire
3351 1794 3538 1866 jussit,

1958 1887 2242 1958 ipsumque
2291 1887 2386 1942 Dei
2440 1887 2696 1957 templum
2740 1897 3070 1941 restaurare.
3115 1885 3254 1952 Quin
3307 1895 3364 1939 et
3413 1899 3535 1954 pro-

1957 1977 2116 2047 pheta
2150 1977 2417 2034 Jeremias
2455 1977 2634 2046 inquit
2669 1996 2682 2033 :
2723 1995 2742 2029 ι
2777 1978 3011 2032 Verbum
3043 1977 3187 2044 quod
3217 1975 3432 2029 locutus
3455 1982 3538 2030 est

1960 2067 2216 2124 Dominus
2241 2083 2402 2139 super
2426 2066 2757 2138 Babylonem
2797 2085 2812 2122 :
2857 2066 3196 2121 Annuntiate
3237 2067 3377 2120 inter
3403 2081 3539 2135 gen-

1959 2167 2060 2225 tes,
2096 2168 2150 2213 et
2183 2159 2366 2214 audita
2393 2157 2576 2224 facile,
2609 2168 2665 2214 et
2693 2173 2760 2214 ne
2781 2157 2974 2214 celate.
3000 2157 3173 2212 Dicite
3204 2173 3220 2211 :
3253 2156 3423 2226 Capta
3453 2164 3540 2211 est

1960 2249 2222 2322 Babylon,
2257 2250 2522 2306 confusus
2572 2259 2657 2307 est
2703 2249 2832 2316 Bel;
2886 2247 3278 2318 imperterrita,
3338 2247 3538 2314 mollis,

1968 2341 2164 2396 tradita
2195 2352 2278 2396 est
2301 2341 2582 2406 Meodach,
2625 2341 2750 2412 quia
2782 2341 3026 2397 ascendit
3047 2348 3240 2395 contra
3262 2353 3384 2393 eam
3408 2353 3540 2408 gens

1958 2434 2026 2488 ab
2049 2432 2334 2503 Aquilone,
2364 2437 2477 2502 ipse
2502 2435 2710 2503 rediget
2742 2444 2940 2489 terram
2968 2432 3086 2502 ejus
3110 2432 3164 2486 in
3195 2432 3532 2497 vastitatem,

1960 2538 2056 2580 nec
2097 2525 2203 2580 erit
2238 2525 2550 2580 inhabitans
2596 2525 2650 2580 in
2701 2539 2786 2592 ea,
2827 2539 2925 2580 nec
2958 2525 3120 2580 homo
3146 2563 3162 2588 ,
3194 2538 3295 2578 nec
3321 2523 3543 2593 jumen-

1960 2627 2092 2673 tum.
2130 2616 2189 2672 in
2222 2618 2412 2672 diebus
2458 2617 2562 2672 illis
2593 2626 2647 2672 et
2688 2617 2740 2671 in
2773 2625 3016 2686 tempore
3051 2615 3154 2670 illo
3190 2614 3414 2671 venient
3443 2614 3538 2669 lilii

1962 2709 2131 2764 Israel
2179 2708 2306 2779 ipsi,
2341 2718 2395 2764 et
2426 2708 2520 2763 lilii
2548 2706 2707 2775 Juda,
2748 2722 2852 2763 una
2886 2705 3234 2764 ambulantes
3259 2717 3315 2762 et
3349 2705 3542 2762 ﬂentes

1960 2800 2136 2864 ibunt,
2171 2799 2342 2855 Deum
2366 2815 2525 2854 suum
2559 2807 2885 2870 quaarentes,
2911 2813 3084 2868 usque
3109 2799 3176 2853 ad
3199 2797 3328 2853 Sion
3364 2798 3536 2853 inter-

1952 2890 2224 2958 rogabunt
2258 2892 2422 2946 viam.
2452 2890 2570 2946 Huc
2622 2891 2769 2945 enim
2807 2888 3003 2944 faciem
3049 2903 3203 2944 suam
3230 2889 3455 2955 dabunt,
3483 2897 3541 2944 et.

1960 2983 2199 3047 venient,
2233 2992 2286 3036 et
2317 2981 2634 3051 confugient
2677 2982 2745 3034 ad
2785 2979 3097 3035 Dominum.
3147 2974 3352 3034 Foedus
3382 2979 3538 3044 ﬁenim

1957 3082 2220 3127 aeternum
2263 3085 2367 3127 non
2417 3074 2660 3126 tradetur
2706 3069 2965 3125 oblivioni
3010 3069 3076 3122 ”.
3117 3087 3135 3121 ι
3171 3068 3238 3123 Ει
3278 3081 3472 3123 rursus
3520 3084 3536 3123 :

1965 3182 1983 3215 ι
2013 3163 2303 3233 Propterea
2349 3164 2463 3219 haec
2496 3163 2626 3218 dicit
2666 3161 2924 3217 Dominus
2957 3179 2972 3218 :
3011 3161 3150 3217 Ecce
3208 3175 3308 3232 ego
3355 3159 3533 3225 vindi-

1957 3267 2098 3311 ctam
2126 3271 2334 3311 sumam
2371 3258 2437 3311 de
2479 3269 2603 3327 rege
2639 3255 2929 3327 Babylonis
2962 3264 3017 3311 et
3061 3255 3129 3310 de
3173 3263 3318 3310 terra
3350 3253 3540 3323 ipsius.

1955 3347 2116 3402 sicuti
2142 3347 2437 3403 vindictam
2462 3347 2666 3416 sumpsi
2695 3347 2761 3403 de
2787 3362 2912 3416 rege
2935 3349 3131 3414 Assur,
3161 3358 3216 3404 et
3247 3347 3531 3402 restituam

1957 3436 2125 3492 Israel
2173 3437 2226 3492 in
2275 3454 2474 3508 pascua
2513 3454 2632 3507 sua,
2677 3449 2734 3494 et
2774 3449 2960 3510 pascet
3003 3441 3056 3494 in
3090 3439 3367 3505 Carmelo,
3397 3445 3454 3493 et
3486 3436 3539 3490 in

1961 3540 2143 3586 monte
2179 3531 2457 3601 prraim,
2490 3539 2544 3586 et
2574 3531 2626 3585 in
2659 3529 2889 3598 Galaad,
2928 3541 2984 3586 et
3018 3531 3334 3602 implebitnr
3361 3529 3543 3580 anima

1962 3621 2080 3690 ejus
2117 3621 2183 3676 '°.
2223 3640 2243 3674 ι

274 3705 368 3758 τδν
409 3703 640 3774 βασιλέα
672 3703 1022 3769 Βαϐυλῶνος,
1059 3705 1152 3758 καὶ
1193 3705 1293 3777 τὴν
1353 3705 1459 3775 γῆν
1492 3707 1678 3770 αὑτοῦ,
1746 3710 1928 3776 καθὼς
1972 3715 2258 3787 ἐξεδίκησα
2298 3717 2391 3770 ἐπὶ
2432 3715 2525 3769 τὸν
2571 3715 2795 3786 βασιλέα
2845 3723 3096 3785 Ασσουρο
3135 3712 3232 3766 καὶ
3275 3710 3549 3763 ἀποκατα-

279 3797 469 3867 στήσω
501 3797 593 3851 τὸν
626 3799 844 3872 Ἰσραὴλ
876 3801 957 3863 εἰς
1001 3797 1099 3872 τὴν
1131 3798 1303 3870 νομὴν
1355 3799 1517 3854 αὐτοῦ
1540 3816 1553 3830 ·
1619 3802 1714 3856 καὶ
1777 3807 2146 3880 νεμηθήσεται
2177 3811 2234 3866 ὲν
2255 3809 2332 3882 τῷ
2369 3809 2677 3882 Καρμήλῳ,
2718 3808 2813 3863 καὶ
2882 3809 2941 3862 ὲν
2967 3809 3086 3881 δρει
3121 3803 3398 3877 Ἐφραῖμ,
3439 3801 3536 3856 καὶ

279 3891 344 3942 ἑν
370 3888 451 3959 τῷ
474 3889 707 3956 Γαλαὰδ,
740 3892 834 3944 καὶ
873 3891 1323 3963 ἐμπλησθήσεται
1359 3893 1392 3964 ἡ
1430 3892 1577 3965 ψυχή
1607 3894 1794 3950 αὐτοῦ.
1834 3915 1853 3948 ι

365 3986 489 4040 Ἐπ’
545 3986 721 4052 ὄρους
765 3986 1010 4041 πεδινοῦ
1053 3986 1232 4056 ἄρατε
1265 3987 1540 4056 σημεῖον,
1580 3989 1866 4059 ὐψώσατε

276 4076 401 4148 τὴν
417 4076 631 4146 φωνὴν
656 4077 910 4144 ἑαυτοῖς,
924 4077 1010 4147 μὴ
1045 4077 1345 4147 φοϐεῖσθε,
1367 4079 1765 4149 παρακαλεῖτε
1788 4081 1865 4151 τῇ

2039 3990 2198 4048 νειιε.
2218 3990 2272 4058 2,
2305 3991 2358 4044 5.
2389 3989 2454 4044 In
2486 3997 2660 4042 monte
2682 3986 2959 4056 campestri
2986 3984 3156 4039 tollite
3184 3986 3412 4055 signant,
3438 3984 3546 4042 ele-

1963 4096 2079 4140 vate
2103 4101 2270 4140 vocem
2293 4086 2390 4148 eis,
2413 4079 2764 4136 consolamini
2787 4095 2970 4144 ntanu,
2993 4078 3215 4146 aperite,
3244 4077 3506 4144 principes
3524 4091 3544 4128 ε

276 4168 458 4240 χειρὶ,
481 4168 770 4232 ἀνοίξατε.
789 4171 845 4222 οι
875 4169 1182 4238 ἄρχοντες.
1221 4169 1364 4240 Ἐγὼ
1389 4172 1741 4236 συντάσσω,
1765 4173 1857 4227 καὶ

1963 4193 2058 4247 ego
2087 4177 2320 4240 instruo,
2351 4186 2408 4231 et.
2438 4191 2530 4246 ego
2563 4175 2770 4229 adduco
2811 4187 2922 4237 eos,
2953 4171 3272 4240 sanctiﬁcati
3309 4177 3454 4233 sunt,
3495 4178 3546 4222 et

273 4261 397 4332 ἐγὼ
419 4261 544 4332 ἄγω
564 4261 811 4328 αὐτούς.
856 4262 1225 4332 Ἠγιασμένοι
1255 4263 1438 4325 εἰσιν,
1467 4263 1567 4316 καὶ
1603 4263 1718 4334 ἐγὼ
1746 4263 1857 4335 ἄγω

1963 4283 2057 4338 ego
2086 4267 2290 4320 adduco
2323 4281 2434 4321 eos.
2476 4263 2727 4334 Gigantes
2758 4263 2965 4316 veniunt
3002 4269 3056 4312 ut
3100 4258 3341 4326 expleant
3393 4256 3546 4326 [uro-

272 4356 528 4420 οὺτούς.
559 4354 848 4423 Γίγαντες
881 4354 1157 4422 ἕρχονται
1188 4351 1505 4420 πληρῶσαι
1539 4353 1646 4409 τὸν
1671 4355 1857 4425 θυμόν

1965 4374 2072 4412 rem
2103 4373 2296 4422 meum,
2336 4356 2625 4428 gaudentes
2649 4352 2807 4409 simul
2843 4362 2892 4406 et
2924 4349 3260 4406 insultantes.

273 4461 422 4518 μου,
443 4444 758 4513 χαῲοντες
783 4443 903 4513 ἅμα
932 4443 1032 4498 καὶ
1064 4441 1424 4512 ὑϐρίζοντες.

365 4537 427 4592 Ὅ
481 4537 749 4607 μακάριος
799 4537 1083 4607 προφήτης
1134 4535 1554 4607 μεμεστωμένον
1589 4535 1726 4607 ἔχων
1774 4542 1864 4592 τδν

2033 4533 2230 4588 Beatus
2260 4533 2520 4604 propheta
2547 4542 2779 4587 mentem
2835 4529 3038 4583 habens
3097 4527 3364 4598 repletam
3413 4541 3540 4581 san-

277 4627 413 4684 νοῦν
442 4631 538 4682 τοῦ
569 4629 724 4697 ἁγίου
760 4627 1098 4698 Πνεύματος,
1131 4625 1373 4695 γεγονώς
1399 4645 1456 4680 τε
1486 4629 1545 4681 ὲν
1579 4629 1857 4694 ὀπτασίαις

1966 4636 2052 4680 (tto
2091 4626 2322 4696 Spiritu,
2385 4633 2441 4678 et
2473 4624 2800 4678 constitutus
2858 4621 2910 4676 in
2961 4619 3182 4691 specula
3224 4627 3409 4674 utres
3457 4633 3549 4671 ve-

282 4720 649 4792 πραγμάτων,
689 4720 849 4772 οἱονεὶ
883 4717 1245 4788 γραφομένων
1263 4754 1279 4780 ,
1326 4717 1610 4788 μονονουχὶ
1649 4717 1745 4772 καὶ
1777 4716 1868 4784 ὲξο

1969 4717 2066 4770 lttti
2101 4717 2205 4772 sibi
2247 4715 2550 4782 descriptas
2604 4721 2660 4766 et
2698 4713 2767 4767 ob
2807 4711 2996 4768 oculos
3041 4711 3244 4782 positas
3304 4718 3550 4765 contem-

281 4813 540 4878 ἅλλεται,
565 4811 801 4882 Πέρσαις
839 4827 898 4863 τε
937 4812 1030 4862 xai
1061 4807 1266 4879 Μήδοις
1301 4807 1618 4877 ὲπιφωνῶν,
1664 4807 1739 4872 ὼς
1771 4808 1857 4880 ﬁlii

1971 4808 2168 4878 pietur,
2223 4817 2431 4859 tantum
2459 4819 2564 4859 non
2607 4801 2866 4869 exsultat,
2906 4803 3092 4859 Persis
3129 4802 3282 4870 iuxta
3315 4813 3380 4854 ac
3431 4797 3547 4854 Ile-

281 4904 654 4976 κεκρατηκόσι
693 4905 790 4975 τῆς
828 4900 1208 4967 Βαϐυλωνίων,
1249 4901 1426 4973 αἴρειν
1469 4918 1527 4955 τε
1574 4899 1711 4970 ὑψοῦ
1767 4903 1857 4972 τῆς

1972 4900 2056 4954 dis
2099 4898 2424 4962 acclamans,
2461 4911 2524 4950 ac
2566 4895 2610 4949 si
2655 4895 2768 4963 jam
2795 4892 3171 4963 subjugassent
3197 4890 3544 4962 Babylonios,

279 4997 441 5066 νίκης
469 4997 530 5048 τὺ
553 4995 837 5065 σύμὸολον·
860 4993 1012 5048 τουτὶ
1034 4993 1162 5062 γὰρ,
1190 4989 1368 5063 οἶμαι,
1394 4992 1509 5046 ἐστὶ
1529 4992 1591 5045 τὸ
1619 4990 1857 5062 σημεῖον·

1974 5002 2035 5047 ιιι
2080 5002 2137 5048 et
2188 4991 2376 5046 tollant
2438 4990 2489 5044 in
2546 4989 2716 5042 altum
2765 4988 3008 5042 victoriae
3060 4986 3364 5056 symbolum
3401 5001 3414 5036 :
3445 4983 3549 5037 hoc

281 5089 382 5145 καὶ
433 5087 828 5152 καταλαλάξειν
860 5087 959 5156 τῆς
1005 5085 1287 5141 Χαλδαίων
1324 5087 1605 5159 στρατιᾶς,
1639 5085 1715 5148 ὼς
1765 5084 1857 5156 ήδη

1968 5084 2114 5140 enim
2146 5095 2250 5152 est,
2278 5083 2491 5153 opinor,
2526 5081 2771 5152 signum:
2801 5087 2857 5132 et
2880 5087 2939 5131 ut
2977 5092 3163 5131 vocem
3195 5074 3384 5130 tollant
3416 5088 3548 5129 con-

285 5181 572 5251 πεσούσης
619 5181 713 5234 καί
744 5177 1093 5250 παραδούσης
1141 5179 1323 5241 αὐτοῖς
1352 5178 1453 5250 τὴν
1490 5173 1732 5242 ἁλαξῦνα
1772 5177 1857 5230 καὶ

1973 5187 2055 5231 tra
2095 5177 2471 5232 Clialdreorum
2513 5173 2837 5238 exercitum,
2881 5171 3031 5225 velut
3059 5174 3402 5224 corruentem
3437 5165 3546 5235 iam

279 5274 555 5343 ἀοίδιμον,
587 5274 650 5344 ῆν
679 5271 1015 5344 καὶσφύραν
1043 5273 1144 5342 τῆς
1168 5273 1268 5341 γῆς
1297 5273 1326 5325 ὁ
1359 5271 1653 5342 προφήτης
1694 5268 1857 5343 Ἰερε-

1975 5276 2029 5322 et
2060 5267 2360 5323 tradentem
2392 5266 2521 5334 ipsis
2555 5264 2842 5336 superbam
2871 5260 3014 5316 illam
3049 5268 3103 5315 et
3129 5257 3404 5313 celebrem
3457 5272 3546 5312 re-

287 5366 427 5438 μίας
483 5364 748 5420 ἀπεκάλει
785 5363 960 5433 λέγων
1006 5363 1134 5435 περὶ
1174 5363 1272 5432 τῆς
1313 5361 1704 5414 Βαϐυλωνίων·
1748 5360 1857 5423 Πῶς

1977 5363 2212 5431 gioncm,
2262 5374 2425 5430 quam
2480 5359 2729 5414 malleum
2774 5367 2932 5412 terra-
2977 5353 3237 5425 propheta
3284 5350 3552 5407 Jeremias

277 5453 434 5514 ἑάλω
480 5459 576 5512 καὶ
621 5456 978 5530 συνετρίϐηνή
1010 5455 1190 5526 σφύρα
1237 5454 1337 5525 τῆς
1384 5454 1522 5524 γῆς;
1567 5455 1718 5507 πᾶσα
1767 5453 1857 5524 γὰε

1980 5451 2228 5516 vocavit,
2263 5451 2450 5504 dicens
2490 5449 2555 5504 de
2603 5457 2746 5502 terra
2773 5442 3191 5515 Babyloniorum
3224 5458 3239 5496 :
3271 5439 3554 5508 Quomodo

286 5550 584 5622 συνετρίϐη
613 5549 769 5613 πόλις
786 5525 865 5602 ⁷τε,
891 5525 985 5603 καί
1022 5525 1174 5619 χώρα
1206 5545 1619 5617 καταπαιομένη
1675 5542 1857 5618 τρόποι

1978 5551 2172 5610 captus
2215 5549 2296 5595 est
2351 5549 2406 5593 et
2450 5538 2721 5594 contritus
2755 5535 2982 5592 malleus
3033 5532 3299 5590 universa!
3351 5525 3554 5590 terra?

360 5709 662 5784 “.Zacltar.
688 5726 730 5777 ι,
757 5709 844 5776 Η,
883 5707 968 5762 l5.
1045 5706 1090 5740 δ’
1115 5705 1218 5762 lsa.
1257 5718 1418 5773 sun,
1459 5704 1510 5760 6r.
1589 5704 1632 5735 ⁸⁵³
1660 5702 1759 5758 Ιοίι.
1795 5719 1857 5758 ιι.

1963 5703 2006 5769 Ι,
2035 5702 2086 5754 2.
2166 5698 2426 5755 "iet-cm.
2461 5713 2512 5766 t.,
2546 5696 2660 5753 4-3.
2756 5696 2802 5729 ὀ
2831 5695 2958 5752 ibid.
2987 5694 3072 5761 l8,
3109 5691 3193 5749 l9.
