4030 6208
468 307 568 364 551

1510 307 1568 365 s.
1611 294 1891 366 CYRlLLl
1927 303 2395 364 ALEXANDRINI
2431 289 2730 361 ARCHIEP

3611 294 3715 352 35?.

475 423 609 478 Tota
631 423 777 479 enim
797 420 990 482 civitas
1009 434 1066 480 et
1087 424 1234 495 regio
1257 425 1486 480 contrita
1509 435 1664 482 estet
1685 435 2046 497 conquassata

2149 426 2270 480 τινὰ
2295 428 2542 498 καθάπερ
2574 423 2680 478 τινὶ
2715 423 2917 494 σφῦρα,
2951 412 3070 486 ταῖς
3102 421 3325 475 ἐκείνων
3353 418 3710 488 πλεονεξίαις.

475 517 892 584 quodammodo,
915 516 1060 572 velut
1084 516 1337 586 quopiam
1361 516 1574 583 malleo,
1595 532 1786 573 eorum
1812 519 2037 590 rapinis.

475 606 708 663 Montem
753 616 955 674 autem,
986 623 1137 678 puto,
1169 616 1527 678 campestrem
1571 610 1836 678 nominat,
1876 610 2038 666 veluti

477 698 731 754 humilem
792 707 848 753 et
897 698 1072 753 instar
1127 701 1340 754 tumuli.
1392 697 1511 755 Non
1561 701 1704 755 enim
1760 703 1812 757 in
1875 717 2045 758 mon-

475 791 618 846 tibus
681 789 914 845 ek‘celsls
972 790 1166 846 Vexilla
1231 798 1480 846 statuunt
1539 791 1626 846 vel
1693 804 1890 862 tropaea
1948 801 2044 848 aut

473 882 712 949 signum,
741 881 836 936 sed
873 881 925 936 in
957 883 1186 938 collibus
1219 897 1326 938 non
1367 883 1442 939 ita
1475 883 1657 951 editis,
1682 883 1849 955 218
1881 892 1939 939 ut
1964 885 2042 940 si—

475 973 586 1028 tnul
636 982 692 1028 et
740 974 795 1029 in
844 973 962 1029 loco
1009 975 1174 1030 nimis
1205 975 1352 1031 edito
1406 991 1512 1033 non
1550 987 1896 1048 ponatur,-et
1944 977 2042 1032 toti

475 1065 744 1120 exercitui
764 1067 1001 1122 maxime
1023 1067 1096 1121 sit
1121 1069 1473 1138 cort5picuum
1503 1078 1558 1125 et
1583 1072 1878 1140 cognitum.
1914 1069 2042 1124 Tol-

474 1156 570 1213 lite
610 1157 796 1227 igitur,
826 1157 1020 1228 inquit,
1051 1159 1264 1230 signum
1305 1160 1458 1228 quasi
1493 1159 1606 1230 jam
1641 1161 1898 1228 victores,
1933 1161 2044 1216 Deo

475 1254 732 1317 tanquam
768 1257 921 1302 scuto
955 1257 1288 1319 protegente.
1336 1252 1559 1308 Elevate
1591 1266 1800 1319 vocem,
1851 1254 1900 1307 id
1937 1263 2042 1319 est,

477 1340 746 1395 clamores
772 1350 961 1395 contra
997 1342 1318 1413 phalangem
1350 1344 1693 1400 inimicorum
1743 1345 1936 1401 tollite.
1966 1345 2046 1401 Ne

475 1430 687 1487 timete.
726 1431 924 1488 Potens
953 1435 1096 1488 enim
1127 1434 1314 1504 procul
1339 1436 1504 1490 dubio
1529 1444 1582 1490 et
1613 1435 2046 1506 inexpugnabilis

474 1524 727 1579 omnibus
759 1524 958 1595 ubique
979 1525 1227 1595 gentibus
1257 1518 1677 1597 Babyloniorum
1707 1537 1919 1592 manus,
1947 1541 2047 1582 nec

476 1617 523 1669 ’s‘i
555 1617 647 1685 qui
673 1618 1096 1673 extimescerent
1117 1619 1255 1680 eam,
1287 1615 1408 1672 illos
1432 1618 1720 1688 quisquam
1754 1619 2048 1689 reprehen-

476 1708 639 1764 derit.
675 1707 780 1765 Sed
809 1715 970 1776 nunc,
996 1709 1092 1778 ait,
1126 1709 1292 1766 nolite
1316 1711 1524 1775 timere,
1545 1715 1666 1765 cum
1697 1711 1839 1765 Deus
1859 1724 2044 1764 eorum

2144 521 2308 590 Ὄρος
2326 519 2404 584 δέ,
2426 515 2600 590 οἶμαι,
2617 516 2831 570 πεδινὸν
2863 515 3116 586 ὀνομάζει
3141 514 3204 570 τὸ
3226 514 3388 569 οίονεὶ
3413 514 3716 586 χθαμαλὸν,

2141 611 2235 664 καὶ
2255 609 2332 675 ὡς
2360 612 2417 664 ἐν
2437 609 2587 676 τάξει
2609 607 2867 679 γηλόφου.
2885 608 2958 660 Οὐ
2987 606 3094 678 γάρ
3117 611 3199 659 τοι
3227 605 3363 676 πρὸς
3387 605 3458 660 τὰ
3488 607 3721 677 ἀνεστη-

2142 702 2276 755 κότα
2304 702 2414 756 τῶν
2439 701 2581 772 ὀρῶν
2612 699 2996 763 ἀναϐαίνοντες
3028 699 3130 762 τὰς
3172 697 3448 769 σημασίας
3479 699 3717 761 ἱστᾶσιν,

2141 795 2261 866 ἦτοι
2287 793 2354 848 τά
2383 796 2641 867 τρόπαια,
2679 795 2848 866 ἤγουν
2876 794 2937 848 τὸ
2968 797 3213 866 σημεῖον,
3241 793 3356 847 ἀλλ’
3389 795 3480 848 ἐπὶ
3512 793 3721 864 βουνῶν

2142 886 2202 939 οὐ
2233 884 2352 938 λίαν
2377 885 2652 957 ἠρμένων,
2677 885 2742 938 ἵν’
2766 887 2825 938 ἐν
2852 883 3037 955 ταύτῷ
3063 885 3158 938 καὶ
3182 883 3242 938 τὸ
3266 882 3402 954 ὑψοῦ
3431 883 3714 937 τεθεῖσθαι

2141 976 2262 1030 λίαν
2291 977 2547 1049 διαφύγῃ,
2591 976 2676 1048 εἴη
2714 977 2770 1030 δέ
2801 977 2896 1030 καὶ
2939 976 3127 1050 ἁπάσῃ
3162 977 3228 1048 τῇ
3261 977 3488 1046 στρατιᾷ
3518 992 3717 1046 γνωρι-

2147 1068 2414 1140 μώτατον.
2471 1069 2673 1141 Ἀρατε
2719 1067 2922 1134 τοίνυν,
2978 1068 3137 1140 φησὶ,
3191 1072 3437 1140 σημεῖον,
3481 1069 3558 1134 ὡς
3613 1070 3719 1141 ἤδη

2143 1161 2489 1231 νενικηκότες
2557 1160 2692 1214 Θεοῦ
2762 1159 3211 1233 προασπίζοντος.
3277 1161 3563 1232 ’Υψιίισατε
3617 1162 3721 1233 τὴν

2145 1252 2346 1324 φωνὴν,
2389 1253 2536 1306 τοῦτ’
2578 1252 2713 1317 ἔστι,
2759 1252 3169 1318 καταλαλάξατε
3217 1253 3318 1324 τῆς
3349 1253 3458 1307 τῶν
3507 1252 3720 1324 ἐχθρῶν

2145 1345 2447 1416 φάλαγγος,
2487 1345 2562 1418 μὴ
2592 1345 2863 1416 φοϐεῖσθε.
2895 1347 3052 1418 Δεινὴ
3095 1348 3194 1418 μιν
3223 1346 3334 1418 γὰρ
3357 1337 3722 1417 ὁμολογουμέ-

2146 1448 2252 1503 νως
2283 1439 2378 1493 καὶ
2405 1438 2875 1508 ἀνανταγώνιστος
2902 1442 3014 1502 τοῖς
3067 1428 3376 1509 ἁπανταχοῦ
3412 1438 3522 1491 τῶν
3547 1427 3723 1491 Βαϐυ-

2144 1529 2352 1584 λωνίων
2459 1531 2600 1602 χεὶρ,
2632 1529 2726 1584 καὶ
2755 1519 2855 1584 οὒκ
2879 1531 2945 1586 ἄν
2973 1535 3057 1595 τις
3089 1531 3558 1602 καταμωμήσαιτο
3588 1529 3720 1594 τοὺς

2145 1623 2383 1686 δεδιότας
2411 1621 2605 1694 αὑτήν.
2644 1608 2805 1676 Ἀλλὰ
2837 1610 2933 1678 νῦν
2973 1607 3050 1695 μὴ
3087 1611 3362 1692 φοϐεῖσθε,
3389 1624 3544 1694 φησὶ,
3579 1621 3718 1676 Θεοῦ

2146 1717 2264 1778 ταῖς
2288 1714 2513 1768 ἐκείνων
2545 1715 2869 1786 ὑπεροψίαις
2893 1716 2992 1787 τὴν
3029 1715 3164 1768 ἰδίαν
3199 1714 3370 1788 ὀργὴν
3402 1714 3721 1784 ἀντεξάγον-

480 1803 747 1870 superbia:
793 1800 927 1856 iram
958 1811 1113 1858 Suam
1162 1808 1417 1872 Opportat.
1457 1801 1693 1858 Evocate
1752 1819 1936 1860 manu.
1982 1802 2047 1858 Et

2149 1824 2255 1871 τος.
2307 1795 2680 1879 [Ῑαρακαλεῖτε
2711 1810 2776 1878 τῇ
2807 1807 2972 1880 χειρί.
3002 1808 3110 1861 Καὶ
3133 1807 3186 1861 τί
3224 1807 3290 1878 δὴ
3333 1807 3490 1861 τοῦτό
3535 1809 3719 1873 ἐστιν;

481 1890 609 1958 quid
657 1891 876 1946 tandem
919 1900 1003 1945 est
1051 1887 1231 1946 iswd‘!
1277 1891 1462 1946 Solent
1509 1889 1763 1950 l'ortassls
1817 1895 2049 1950 militum

476 1978 648 2035 duces
682 1996 840 2035 manu
873 1982 1131 2048 excitare,
1163 1991 1216 2037 et
1246 1988 1377 2038 nutu
1420 1977 1778 2040 exstimulate
1809 1985 2048 2041 fortisslo

483 2079 617 2136 mes,
665 2083 721 2128 et
776 2073 842 2129 ad
898 2075 1234 2133 incursiones
1277 2082 1464 2133 contra
1520 2078 1730 2150 aliquos
1772 2079 2052 2137 faciendas

474 2163 743 2229 animare,
771 2179 894 2220 cum
927 2166 1090 2222 veluti
1132 2169 1183 2222 in
1220 2184 1414 2241 magno
1448 2171 1681 2228 tumultu
1709 2187 1810 2227 vox
1839 2171 1907 2226 ad
1948 2174 2051 2229 hoc

480 2252 661 2307 minus
692 2255 892 2309 valeat.
925 2255 1158 2313 Proinde
1198 2257 1351 2326 jubet
1377 2270 1436 2315 ut
1473 2263 1565 2332 qui
1605 2262 1763 2318 rebus
1795 2264 2050 2335 gerendis

474 2340 868 2409 praeliciuntur,
915 2345 1097 2414 copias
1150 2361 1271 2415 qua:
1302 2347 1402 2402 sub
1444 2355 1715 2418 potestate
1752 2361 1898 2417 sunt,
1936 2366 2050 2406 ma-

478 2429 642 2486 nibus
667 2441 721 2486 et
756 2433 979 2489 nutibus
1019 2435 1379 2492 cohortentur
1417 2453 1655 2508 suosque
1686 2441 1752 2495 ad
1789 2442 2045 2498 invictam

481 2523 768 2589 quamdam
809 2523 1142 2582 alacritatem
1200 2541 1486 2585 exacuant.
1547 2533 1823 2589 Acclamat
1883 2537 2047 2590 etiam

483 2629 710 2671 rursus:
736 2617 981 2686 Aperite,
1008 2620 1297 2690 principes.
1337 2617 1432 2678 Vel
1459 2627 1601 2679 enim
1634 2626 1699 2681 iis
1729 2627 1958 2696 imperat
1991 2640 2051 2685 ut

479 2699 792 2778 Babyloniis
827 2702 940 2780 iam
982 2713 1137 2781 ‘Quasi
1178 2714 1404 2770 devictis
1456 2719 1700 2785 aperiant
1745 2729 1950 2790 portas,
1997 2731 2052 2776 et

481 2799 773 2873 superbam
807 2802 934 2856 olim
975 2814 1029 2859 et
1064 2805 1385 2862 insolentem
1432 2809 1620 2863 urbem
1665 2812 1878 2867 tradant
1913 2830 1927 2867 :
1969 2812 2050 2868 vel

479 2890 642 2943 etiam
689 2889 831 2947 forte
867 2895 1129 2949 exercitui
1169 2908 1378 2965 sancto,
1418 2900 1570 2968 jussu
1614 2916 1668 2956 et
1696 2902 1926 2972 imperio
1959 2904 2049 2960 Dei

481 2982 825 3037 succurrenti
855 2982 1046 3050 Medis,
1079 2995 1132 3041 et
1169 2987 1275 3044 illis
1311 2991 1482 3045 ardua
1518 2993 1642 3048 licet
1687 3009 1751 3048 ac
1777 3005 2048 3066 prmrupta

485 3072 705 3140 agendis
758 3075 913 3144 equis
953 3082 1298 3135 accommoda
1346 3083 1646 3141 reddituro.
1701 3085 1816 3152 Quo
1868 3095 2047 3142 autem

483 3165 840 3231 pugnantium
873 3167 1294 3236 insuperabilem
1331 3188 1544 3227 manum
1575 3176 1931 3241 demonstret,
1956 3178 2052 3232 ad-
2077 3155 2119 3214 ο

484 3253 674 3318 nectit,
703 3265 754 3310 et
801 3257 979 3327 inquit
1010 3276 1023 3312 :
1055 3260 1166 3329 Ego
1205 3263 1429 3329 instruo,
1462 3277 1517 3320 et
1544 3281 1644 3337 ego
1677 3268 1883 3322 adduco
1921 3278 2050 3336 eos;

483 3343 802 3399 snnctilicati
859 3356 999 3412 sunt,
1056 3361 1110 3403 et
1153 3366 1253 3420 ego
1284 3353 1492 3408 adduco
1523 3370 1638 3412 eos.
1676 3355 1863 3410 Simile
1909 3358 2051 3411 enim

485 3433 600 3490 fere
627 3445 711 3490 est
732 3451 796 3492 ac
819 3439 862 3493 si
890 3439 1093 3495 diceret
1117 3458 1132 3496 :
1164 3442 1439 3498 Medorum
1464 3446 1737 3501 exercitus
1769 3447 2054 3502 multitudo

487 3537 592 3582 non
639 3529 783 3585 ultro
817 3531 965 3586 venit
1004 3533 1070 3586 ad
1102 3549 1216 3597 vos,
1255 3542 1430 3603 neqtte
1474 3536 1585 3592 sola
1630 3547 1724 3592 sua
1759 3549 1950 3608 sponte
1989 3547 2057 3596 ae

487 3619 764 3676 voluntate
798 3621 1087 3679 Persarum
1143 3628 1374 3696 populus
1415 3631 1666 3695 accessit,
1700 3631 1794 3686 sed
1825 3641 1926 3700 ego
1952 3647 2052 3702 pob

486 3713 594 3768 tius
620 3727 712 3768 eos
740 3715 806 3768 ad
831 3715 931 3771 hoc
962 3711 1317 3774 sanctiﬁcavi.
1349 3715 1447 3775 llic
1477 3731 1676 3787 autem,
1696 3724 2049 3790 sanctiﬁcavi,

486 3802 617 3858 dicit
670 3819 768 3874 pro
815 3809 1123 3876 segregavi,
1150 3819 1204 3864 et
1235 3811 1379 3865 velut
1405 3811 1593 3881 selegi,
1622 3813 1690 3868 ad
1722 3826 1787 3868 ea
1818 3815 2054 3881 gerenda

485 3901 606 3964 qua:
631 3894 683 3948 in
718 3887 1032 3953 vos'statui.
1063 3900 1227 3970 Igitur
1264 3902 1507 3968 veniunt,
1545 3904 1740 3973 inquit,
1775 3919 1914 3976 quos
1955 3920 2055 3974 ego

487 3985 713 4049 adduco,
741 3983 883 4041 velut
921 3991 1168 4058 gigantes
1215 3993 1460 4061 quidam,
1509 4004 1568 4048 ut
1602 3995 1839 4051 furorem
1875 4000 2051 4051 mettm

479 4075 763 4145 expleant,
794 4080 1096 4148 gaudentes
1121 4081 1282 4134 simul
1312 4095 1367 4136 et
1406 4083 1733 4142 insultantes
1764 4107 1778 4144 :
1811 4089 2051 4157 gauden-

481 4174 570 4222 tes
600 4169 796 4239 quippe
826 4169 917 4238 qui
949 4169 1230 4224 confidunt
1263 4185 1323 4226 se
1359 4171 1583 4228 victoria
1619 4178 1889 4245 petituros
1921 4197 1935 4233 :
1971 4179 2055 4233 ius

2159 1887 2320 1963 ’Ἔθος
2346 1899 2487 1970 τάχα
2517 1903 2619 1954 που
2647 1891 2759 1964 τοῖς
2785 1898 2895 1953 τῶν
2921 1897 3196 1953 τακτικῶν
3223 1897 3548 1969 ἡγουμένοις
3575 1897 3722 1968 χειρὶ

2152 1988 2516 2063 ¹ιιὶαραθήγειν,
2547 1986 2641 2046 καὶ
2667 1981 2898 2063 νεύμασι
2928 1990 3287 2063 παροτρύνειν
3314 1989 3441 2053 τοὺς
3469 1993 3720 2061 μαχιμω-

2149 2081 2366 2146 τάτους,
2393 2072 2628 2154 ἐγείρειν
2666 2085 2726 2136 ’ῐε
2772 2082 2910 2154 ’ἥρὺς
2945 2072 3166 2151 ἐφόδους
3197 2067 3393 2146 αὖτοὺς
3433 2065 3532 2144 τάς
3579 2080 3725 2134 κατά

2149 2175 2332 2239 τινων,
2365 2161 2551 2244 φωνῆς
2594 2163 2887 2244 ἄτονούσης
2929 2160 3086 2226 τοῦτο
3112 2173 3267 2245 δρᾷν,
3313 2162 3388 2236 ὡς
3420 2173 3479 2224 ἐν
3507 2171 3726 2245 θορύϐῳ

2151 2263 2352 2334 πολλῷ.
2388 2251 2726 2336 Προστάττει
2764 2263 3049 2336 τοιγαροῦν
3081 2267 3195 2328 τοῖς
3224 2263 3334 2317 τῶν
3379 2263 3726 2335 πραγμάτων

2150 2354 2516 2425 προεστηκόσι
2542 2353 2639 2418 τὰς
2666 2354 2755 2408 διὰ
2778 2355 2974 2426 χειρῶν
2998 2355 3091 2408 καὶ
3113 2354 3400 2425 νευμάτων
3431 2353 3725 2425 παρακλη-

2152 2462 2264 2507 σεις
2311 2444 2578 2499 ποιεῖσθαι
2622 2447 2742 2509 ταῖς
2783 2446 2888 2499 ὑπὸ
2935 2449 3094 2518 χεῖρα
3144 2447 3455 2516 στρατιαῖς,
3506 2445 3603 2498 καὶ
3643 2445 3730 2508 είς

2149 2536 2360 2609 ἄμαχόν
2397 2553 2518 2590 τινα
2556 2537 2865 2610 προθυμίαν
2922 2537 3263 2609 παραθήγειν
3286 2536 3505 2600 αὐτούς.
3549 2537 3722 2616 ΪΕπι-

2151 2631 2321 2696 φωνεῖ
2360 2627 2416 2680 δέ
2466 2628 2629 2682 πάλιν
2654 2630 2750 2692 τὸ,
2797 2629 3070 2694 Ἀνοίξατε
3111 2631 3159 2682 οί
3201 2629 3480 2700 ἄρχοντες.
3519 2627 3585 2681 Ἢ
3614 2625 3734 2698 γὰρ

2151 2718 2334 2783 αὐτοῖς
2375 2721 2654 2775 ἐπιτάττει
2692 2725 2803 2785 τοῖς
2846 2720 3241 2787 Βαϐυλωνίοις,
3281 2722 3355 2786 ὡς
3387 2711 3488 2793 ἤδη
3531 2735 3736 2789 κεκρα·

2149 2814 2404 2886 τημένοις
2441 2813 2752 2883 ἀνοιγνῦναί
2795 2831 2854 2868 τε
2895 2814 2993 2877 τὰς
3020 2814 3212 2879 πύλας,
3247 2813 3341 2867 καὶ
3371 2810 3734 2883 παραδιδόναι

2149 2905 2247 2977 τὴν
2299 2905 2532 2970 ἀλαζόνα
2578 2906 2711 2959 ποτέ
2757 2906 2852 2959 καὶ
2895 2895 3212 2977 ὑϐρίστριαν
3264 2904 3452 2958 πόλινο
3585 2902 3734 2972 τάχα

2152 3014 2253 3051 που
2284 2999 2378 3051 καὶ
2405 2989 2695 3069 δυνάμεσιν
2721 2988 2902 3066 ἁγίαις
2924 2997 3064 3052 κατὰ
3088 2987 3380 3068 πρόσταξιν
3407 2995 3541 3049 Θεοῦ
3566 3012 3734 3047 awa-

2153 3081 2471 3153 σπιζοῦσαις
2502 3078 2614 3152 τοῖς
2642 3078 2872 3159 Μήδοις,
2921 3087 3399 3159 άποφαίιμούσαις
3441 3090 3502 3139 τε
3543 3085 3737 3148 αὐτοῖς

2155 3182 2433 3252 ἱππήλατα
2466 3181 2643 3235 καίτοι
2680 3180 2798 3233 λίαν
2831 3173 3087 3252 δυσχερῆ.
3118 3167 3237 3233 Ἵνα
3270 3166 3326 3231 δέ
3353 3178 3450 3250 τὴν
3479 3176 3587 3231 τῶν
3622 3193 3740 3246 μα·-

2152 3263 2397 3343 χομένων
2425 3272 2690 3344 ἀήττητον
2733 3261 2988 3342 ἀποδείξῃ
3033 3264 3214 3341 χεῖρα,
3259 3268 3579 3342 προστίθησι
3630 3257 3739 3319 καί

2154 3380 2346 3433 φησιν·
2391 3350 2532 3433 Ἐγὼ
2563 3362 2847 3416 συντάσσω
2877 3354 2971 3415 καὶ
3005 3350 3113 3430 ἐγὼ
3156 3362 3272 3430 ἄγω
3296 3359 3512 3422 αὐτούς.
3549 3357 3739 3414 Μόνον

2153 3453 2261 3524 γὰρ
2288 3453 2407 3525 οὐχὶ
2451 3453 2688 3507 τοιοῦτόν
2713 3452 2766 3506 τί
2799 3470 2967 3524 φησιν
2992 3468 3003 3480 ’
3040 3441 3114 3504 Οὐ
3144 3452 3400 3523 στρατιᾶς
3445 3450 3573 3518 ὑμῖν
3605 3449 3737 3516 Μη-

2152 3542 2306 3614 δικῆς
2331 3542 2669 3614 ηὐτομόλησε
2702 3541 2932 3613 πληθὺς,
2974 3540 3092 3594 οὐδὲ
3136 3541 3200 3592 ἐκ
3245 3539 3409 3608 μόνης
3446 3537 3546 3607 τῆς
3589 3531 3735 3600 ἰδίας

2153 3633 2378 3706 γνώμης
2441 3636 2469 3688 ὁ
2531 3633 2755 3704 Περσῶν
2828 3632 3152 3702 ἐπεφοίτησε
3217 3630 3417 3700 δῆμος·
3494 3616 3528 3700 ἢ
3586 3627 3735 3716 τάχα

2158 3725 2358 3796 μᾶλλον
2395 3725 2591 3789 αὐτοὺς
2625 3724 2736 3793 ἐγὼ
2781 3723 2874 3777 καὶ
2900 3723 3108 3794 ήγίακα
3161 3721 3300 3792 πρὸς
3342 3718 3518 3774 τοῦτο.
3555 3718 3626 3771 Τὸ
3667 3713 3736 3771 δὲ

2152 3817 2359 3888 ἡγίακα
2436 3816 2602 3888 φησὶν
2662 3816 2720 3868 ἐν
2761 3814 2991 3877 τούτοις,
3041 3812 3163 3868 ἀντὶ
3203 3811 3296 3866 τοῦ
3337 3810 3587 3882 ἀφώρισα
3629 3809 3736 3861 καὶ

2151 3908 2316 3960 οἱονεὶ
2360 3906 2688 3978 ἐξελεξάμην
2718 3905 2853 3976 πρὸς
2881 3903 3217 3974 κατόρθωσιν
3253 3895 3330 3955 ὧν
3372 3900 3735 3972 βεϐούλευμαι

2154 3998 2277 4051 καθ’
2304 3997 2479 4069 ὑμῶν.
2511 3989 2804 4069 Ἔρχονται
2829 3996 3028 4060 τοίνυν,
3063 3995 3248 4066 φησὶν,
3297 3992 3390 4056 οὒς
3433 3991 3542 4060 ἐγὼ
3585 3991 3731 4057 ἄγω,

2155 4089 2404 4159 καθάπερ
2441 4089 2583 4151 τινὲς
2625 4087 2880 4156 γίγαντες
2932 4085 3217 4157 πληρῶσαι
3263 4083 3355 4137 τὸν
3397 4081 3566 4152 θυμόν
3600 4099 3729 4152 μους

2153 4181 2433 4253 χαίροντες
2480 4182 2597 4250 ἃμα
2641 4180 2735 4233 καὶ
2782 4179 3128 4249 ὑϐρίζοντες·
3179 4176 3462 4247 χαίροντες
3495 4174 3592 4244 μὶν
3632 4169 3735 4227 ἅτε

486 4255 752 4312 Snltantes
781 4263 982 4324 autem,
1027 4274 1125 4329 pro
1186 4260 1512 4329 despuentes
1543 4279 1659 4331 eos,
1692 4283 1791 4323 ceu
1825 4269 2049 4325 multum

2153 4267 2217 4342 δὴ
2265 4271 2360 4324 καὶ⁸
2400 4267 2798 4340 τεθαρρηκότες
2847 4267 2929 4320 ὅτι
2977 4266 3376 4336 κρατήσουσιν
3417 4259 3734 4330 ὑὸρέζοντες

488 4350 749 4417 imbelles,
790 4359 844 4408 et
881 4351 1079 4408 nullius
1115 4353 1275 4423 pretii
1324 4355 1701 4413 homunculos.
1742 4359 2049 4418 Istiusmodi

2153 4356 2232 4428 δέ,
2283 4361 2405 4415 ἀντὶ
2457 4358 2552 4413 τοῦ
2596 4357 2986 4429 περιπτύοντες
3027 4357 3102 4420 ὡς
3147 4355 3281 4408 πολὺ
3335 4351 3622 4414 νοσοῦντας
3666 4344 3735 4403 τδ

478 4441 629 4495 enim
660 4439 773 4495 fere
793 4451 880 4498 est
914 4457 1129 4512 semper
1160 4444 1513 4500 barbarorum
1538 4449 1775 4517 animus,
1815 4467 2049 4522 propen-

2154 4453 2424 4517 άναλκες,
2477 4450 2572 4504 καὶ
2617 4449 2828 4512 οὐδενὸς
2881 4447 3042 4510 ὄντας
3086 4447 3287 4510 ἀξίους.
3336 4441 3589 4545 Τοιοῦτον
3618 4439 3734 4545 γάρ

485 4532 618 4586 dens
660 4533 714 4587 in
756 4549 904 4604 spem
934 4537 1192 4602 victoriae,
1220 4547 1274 4594 et
1305 4538 1522 4595 elevans
1548 4557 1763 4612 semper
1787 4543 2046 4600 adversa-

2154 4548 2271 4606 πως
2318 4544 2404 4597 ἀεὶ
2455 4541 2516 4594 τὸ
2562 4540 2835 4610 βάρϐαρον
2887 4539 3163 4608 φρόνημα,
3229 4535 3322 4589 καὶ
3367 4531 3601 4606 προαλὲς
3650 4532 3732 4593 εἰς

487 4621 598 4676 rios
622 4623 678 4677 et
702 4624 984 4692 abjicieus.
1012 4627 1094 4681 lra
1119 4630 1260 4684 cnim
1285 4645 1377 4687 eos
1407 4633 1640 4688 maxime
1667 4634 1733 4688 ad
1764 4636 1865 4690 hoc
1895 4635 2048 4706 regit,

2153 4629 2345 4684 ἐλπίδα
2379 4629 2478 4699 τὴν
2509 4628 2600 4681 ἐπί
2633 4645 2695 4696 γε
2734 4628 2795 4681 τὸ
2833 4626 3094 4680 δῦνασθαι
3136 4627 3381 4697 κρατεῖν,
3435 4623 3530 4676 καὶ
3561 4629 3733 4674 κατα-

484 4721 720 4784 eumque
767 4714 1099 4772 fortitudinis
1147 4723 1394 4777 ardorem
1443 4725 1742 4796 ingenerat,
1787 4736 1844 4782 ut
1890 4738 2049 4784 omne;

2155 4719 2451 4791 σμικρύνον
2492 4718 2580 4771 ἀεὶ
2622 4718 2750 4781 τοὺς
2800 4710 3220 4786 ἀνθεστηκότας.
3271 4715 3573 4784 Στρατηγεῖ
3617 4710 3732 4780 γάρ

485 4805 785 4878 periculum
825 4821 890 4863 ac
922 4807 1263 4868 formidinem
1298 4825 1668 4873 contemnant.

2155 4811 2390 4884 μάλιστα
2423 4809 2593 4882 θυμὸς
2626 4811 2762 4881 πρὸς
2793 4809 2951 4862 τοῦτο
2986 4804 3182 4870 αὐτοὺς
3202 4849 3217 4871 ,
3267 4807 3360 4859 καὶ
3390 4805 3480 4858 τὸν
3512 4806 3612 4876 τῆς
3643 4805 3730 4856 eb-

2151 4903 2401 4976 ανδρείας
2431 4902 2661 4955 ἐντίκτει
2693 4901 2874 4968 πόθονῑ,
2904 4900 2964 4954 τὸ
2989 4901 3084 4954 καὶ
3117 4900 3315 4963 παντὸς
3342 4898 3592 4952 κινδύνου
3621 4898 3722 4952 καὶ

555 5079 964 5165 Ξιθδνεὶιελ,
997 5081 1049 5150 Β.
1094 5081 1448 5167 Voxgentiuni
1475 5097 1757 5152 multarum
1785 5099 1838 5154 in
1861 5101 2050 5156 inanti-

484 5181 577 5238 lms
609 5185 798 5240 similis
814 5188 1043 5256 gentium
1072 5189 1357 5242 multarum
1383 5202 1402 5240 :
1459 5205 1559 5243 uox
1586 5205 1763 5258 regum
1817 5202 1867 5245 et
1924 5208 2048 5260 gen-

483 5276 615 5328 tium
668 5280 1120 5347 congregatarum.
1190 5275 1446 5332 Dominus
1488 5273 1737 5332 'Sabaoth
1807 5281 2051 5347 prteccpit

483 5361 623 5428 genti
683 5356 940 5418 bellicosa:
1005 5376 1059 5419 ut
1093 5365 1259 5420 venint
1289 5375 1482 5420 eterra
1518 5366 1819 5437 longinqua.
1847 5368 1922 5420 Ab
1961 5383 2053 5422 ex-

490 5457 646 5501 tremo
694 5451 1034 5516 fundamento
1063 5455 1177 5508 τιειὶ
1200 5455 1473 5520 Dominus,
1516 5466 1564 5510 et
1617 5456 1892 5512 bellatores
1935 5457 2050 5525 eius

484 5535 554 5590 ad
577 5536 848 5591 delendum
875 5553 1076 5596 omnem
1105 5545 1276 5598 orbem
1306 5550 1481 5601 terrm.

556 5627 712 5683 Velut
744 5630 854 5700 jam
890 5634 1314 5693 vociferantibus
1349 5639 1540 5704 Medis,
1575 5649 1628 5695 et
1659 5655 1841 5696 vocem
1893 5635 2048 5695 belli-

485 5737 668 5779 cosam
699 5713 1101 5794 extollentibus,
1140 5728 1282 5784 velut
1308 5745 1446 5800 equo
1472 5720 1774 5801 hinniente,
1838 5741 1891 5788 ct
1927 5745 2046 5803 pcr-

2152 4993 2333 5064 φόδων
2359 4994 2653 5065 ὑπερορᾷν.

2223 5085 2395 5153 Φωνὴ
2442 5084 2634 5138 ἐθνῶν
2692 5082 2943 5139 πολλῶν
2996 5082 3097 5137 ἐπὶ
3159 5081 3279 5138 τῶν
3325 5083 3512 5152 ὀρέων
3553 5082 3730 5151 ὁμοία

2151 5176 2342 5232 ἐθνῶν
2371 5174 2635 5243 πολλῶν,
2663 5174 2832 5245 φωνὴ
2869 5174 3183 5240 βασιλέων
3207 5174 3308 5228 καὶ
3353 5171 3545 5228 ἐθνῶν
3581 5188 3730 5227 συν-

2149 5268 2438 5340 ηγμένων.
2461 5270 2674 5339 Κύριος
2701 5269 2945 5323 Σαϐαὼθ
2969 5265 3322 5326 ἐντέταλται
3351 5266 3510 5321 ἔθνει
3541 5267 3719 5318 63.10-

2145 5361 2318 5430 μάχῳ
2347 5363 2627 5430 ἔρχεσθαι
2660 5360 2727 5414 ἐκ
2773 5360 2884 5428 τῆς
2934 5355 3239 5428 πόῤῥωθεν
3269 5357 3372 5412 ἀπ’
3405 5356 3595 5427 ἄκρου
3630 5357 3727 5409 03-

2147 5454 2361 5522 μελίου
2404 5451 2512 5506 τοῦ
2565 5450 2827 5520 οὐρανοῦ
2865 5452 3113 5520 Κύριος,
3150 5448 3252 5502 καί
3294 5450 3349 5503 οι
3392 5446 3730 5515 ὀπλομὰχοι

2151 5545 2336 5598 αὐτοῦ
2363 5544 2468 5598 τοῦ
2500 5542 2886 5613 καταφθεῖραι
2913 5543 3028 5609 τὴν
3057 5540 3418 5611 οἰκουμένη-ν
3442 5539 3618 5604 ὅλην.

2234 5637 2320 5698 Ὠς
2353 5635 2728 5699 ἀλαλαζόντων
2770 5634 2872 5704 ἤδη
2917 5633 3025 5686 τῶν
3068 5633 3291 5705 Μήδων,
3332 5632 3426 5686 καὶ
3467 5629 3568 5702 τὴν
3612 5631 3725 5692 τοῖς

2155 5731 2407 5802 πολέμοις
2454 5729 2767 5803 πρέπουσαν
2810 5725 3133 5798 ἐξαιρόντων
3180 5725 3383 5796 φωνὴν,
3429 5721 3505 5787 ὡς
3556 5715 3727 5775 ΐππού
