3962 6216
206 291 317 347 555

1332 286 1398 342 IN
1438 285 1672 359 ISAIAM
1711 285 1841 341 LIB.
1883 285 1948 342 ΙΙ.
1994 286 2232 347 TOMUS
2274 291 2338 358 li,

3365 297 3474 354 3M

208 407 310 477 μὲν
330 403 754 475 χρεμετίζοντος
771 402 868 457 καὶ
887 401 1194 458 διωκόντων
1221 401 1406 470 τινῶν,
1425 401 1790 474 τραπομένων

1916 404 2248 472 ιεᾳυοηιίὺυε
2282 405 2577 473 nonnullis,
2637 407 2962 479 cacterisque
3019 408 3074 464 in
3129 407 3306 480 fugam
3355 410 3470 480 jam

204 494 264 546 δὲ
310 493 414 562 ἤδη
444 491 585 562 πρὸς
617 491 795 562 φυγὴν
828 492 1058 562 ἑτέρων,
1077 492 1320 563 μεγάλης
1348 509 1406 545 τε
1441 494 1535 546 καὶ
1579 509 1795 562 παμμι-

208 583 343 653 γοῦς
373 583 834 654 διασκιδναμένης
866 585 1028 654 ἠχῆς,
1051 603 1068 636 ι
1092 584 1271 657 Φωνὴ,
1301 603 1319 637 ι
1355 585 1512 655 φησὶ,
1543 602 1561 636 t
1581 582 1793 639 πολλῶν

209 673 382 728 ἐθνῶν
431 674 525 737 ἐπὶ
563 672 672 735 τῶν
717 673 910 744 ὀρέων,
956 674 1119 744 ὁμοία
1170 674 1338 728 ἐθνῶν
1384 674 1618 730 πολλῶν.
1655 694 1674 728 ι
1717 674 1794 728 Οὐ

209 763 467 834 τοιαύτη,
515 762 704 834 φησιν,
747 764 782 831 ἡ
835 764 1009 836 φωνὴ,
1057 764 1198 819 ὥστε
1243 766 1338 819 καὶ
1381 765 1600 820 εἰκάσαι
1643 765 1796 828 τινας

208 852 620 925 εὐαριθμήτους
666 849 807 908 εἶναι
859 855 987 918 τοὺς
1037 857 1380 928 κεκραγότας
1405 895 1420 921 ,
1479 856 1686 911 οῐεσθαι
1738 856 1796 909 δέ

209 946 414 1018 μᾶλλον
464 945 564 999 καὶ
609 945 846 1017 ἀριθμοῦ
894 946 1180 1017 κρείττονα
1229 949 1328 1019 τὴν
1377 948 1486 1002 τῶν
1551 945 1796 1019 βοώντων

206 1034 346 1092 εἷναι
384 1037 620 1110 πληθύν.
664 1040 980 1109 Ἀποφαίνει
1024 1040 1081 1093 δὲ
1123 1043 1152 1095 ὁ
1187 1041 1344 1110 λόγος
1389 1040 1524 1112 ὁμοῦ
1553 1045 1663 1104 τοῖς
1691 1041 1795 1094 ὐπα-

208 1127 571 1198 εζευγμένοις
603 1129 730 1192 τοὺς
757 1129 1119 1200 καθηγεῖσθαι
1153 1130 1418 1201 λαχόντας
1449 1129 1800 1200 καταπεπλῆ-

207 1220 334 1290 χθαι
365 1223 488 1284 τοῖς
511 1221 786 1292 δείμασιν.
866 1219 1071 1275 Ἐθνῶν
1099 1221 1207 1293 γὰρ
1239 1218 1379 1275 εἶναι
1413 1223 1506 1276 καὶ
1532 1221 1798 1292 βασιλέων

209 1310 564 1382 ἰσχυρίζεται
596 1311 694 1382 τὴν
724 1313 928 1384 φωνήν.
967 1311 1177 1365 Οὐκοῦν
1209 1309 1320 1366 εἶεν
1347 1311 1414 1366 ἂν
1452 1313 1502 1366 οί
1531 1311 1800 1384 κεκραγό-

207 1422 320 1470 τες,
346 1409 378 1459 ὁ
406 1405 771 1460 Βαϐυλωνίων
808 1405 1040 1470 ἄπλετος
1065 1405 1258 1477 δῆμος,
1285 1407 1382 1461 καὶ
1416 1407 1514 1468 σὺν
1542 1407 1724 1469 αὐτοῖς
1749 1407 1800 1459 oi

208 1497 696 1569 περιφανέστεροι,
728 1497 1060 1568 δορύληπτον
1089 1498 1190 1568 ήδη
1232 1497 1604 1569 γεγενημένην
1633 1497 1801 1570 ὀρῶν-

208 1607 301 1652 τες
357 1591 466 1660 τὴν
522 1589 701 1654 πόλιν,
745 1590 914 1658 ήγουν
960 1589 1168 1661 Πέρσαι
1212 1607 1272 1645 τε
1323 1589 1418 1644 καὶ
1467 1589 1642 1660 Μῆδοι
1693 1588 1802 1642 τῶν

210 1680 458 1740 ἁλόντων
486 1679 974 1744 καταλαλάζοντες.
999 1679 1206 1742 Αὐτοὺς
1225 1679 1302 1744 δὲ,
1326 1677 1499 1749 οἶμαι,
1529 1681 1623 1748 καὶ
1643 1679 1802 1733 ὁπλο-

215 1772 425 1843 μάχους
476 1769 762 1833 ἀποκαλεῖ,
805 1769 898 1822 καὶ
941 1771 1006 1822 ἐκ
1040 1772 1143 1840 γῆς
1191 1769 1472 1841 πόρρωθεν
1507 1768 1797 1840 ἐρχόμενον

214 1864 367 1928 ἔθνος
388 1879 406 1895 ο
439 1863 538 1918 ἀπ’
566 1863 737 1933 ἄκρου
769 1860 1016 1932 θεμελίου
1049 1861 1143 1914 τοῦ
1176 1860 1428 1930 οὐρανοῦ,
1455 1861 1597 1915 τοῦτ’
1628 1860 1794 1925 ἐστιν,

215 1959 276 2023 ἐξ
301 1956 487 2010 αὐτῶν
509 1953 620 2009 τῶν
651 1954 941 2026 τερμάτων
964 1953 1064 2024 τῆς
1089 1951 1370 2023 Μηδικῆς,
1401 1953 1496 2006 καὶ
1517 1952 1625 2006 τῶν
1663 1955 1798 2006 ἐσω-

215 2049 399 2103 τάτων
433 2045 539 2118 γῆς
560 2045 664 2117 τῆς
688 2043 1074 2117 βορειωτάτης.
1103 2043 1319 2114 Ἐπειδὴ
1347 2043 1404 2096 δέ
1433 2043 1573 2098 κατὰ
1607 2043 1800 2114 βούλη-

219 2156 306 2193 σιν
328 2137 469 2193 Θεοῦ
488 2136 590 2209 τὴν
611 2136 802 2206 ἔφοδον
825 2135 1096 2207 ἐμελέτων
1119 2135 1462 2206 ὁπλομάχους
1485 2136 1678 2198 αὐτοὺς
1705 2134 1799 2188 τοῦ

218 2232 432 2310 Κυρίῳ
465 2230 654 2295 καλεῖ,
683 2225 852 2302 ἦχθαι
899 2228 958 2282 τέ
1012 2246 1146 2302 φησι
1179 2229 1316 2301 πρὸς
1345 2227 1404 2296 τὸ
1441 2227 1802 2298 καταφθεῖραι

217 2323 320 2395 τὴν
364 2319 695 2392 οἰκουμένην
726 2320 885 2400 ὅλην,
939 2321 1034 2385 καὶ
1064 2319 1186 2390 οὐχί
1227 2319 1290 2389 δὴ
1328 2319 1506 2378 πᾶσαν
1546 2317 1644 2390 τὴν
1681 2319 1800 2372 καθ’

221 2415 393 2488 ἡμᾶς.
422 2411 565 2480 Οὔτε
603 2413 714 2484 γὰρ
746 2411 904 2474 τοῦτο
940 2411 1165 2481 γεγονὸς
1206 2413 1511 2484 εὑρήσομεν
1553 2411 1707 2483 παρά
1741 2429 1802 2466 τε

222 2506 411 2578 Κύρου
462 2505 560 2559 καὶ
587 2503 698 2561 τῶν
731 2505 828 2558 σὺν
857 2503 1024 2574 αὐτῷ.
1071 2503 1406 2575 Οἰκουμένην
1447 2503 1502 2556 δὲ
1539 2502 1805 2557 ἀποκαλεῖ

220 2600 324 2672 τὴν
355 2595 668 2664 Χαλδαίων,
696 2597 867 2652 διάτοι
897 2596 957 2650 τὸ
988 2597 1250 2668 πλείστην
1290 2593 1427 2650 εἶναι
1461 2595 1555 2649 καὶ
1587 2595 1804 2667 εὐρεῖαν

223 2689 517 2762 ἀμέτρως,
555 2691 650 2746 καὶ
693 2682 806 2752 οἷον
843 2689 1140 2762 οἰκουμένῃ
1180 2688 1522 2758 φιλονεικεῖν,
1567 2686 1657 2753 διὰ
1705 2687 1805 2759 τὴν

224 2781 333 2836 τῶν
361 2779 720 2834 ἐνοικούντων
755 2778 984 2850 πληθύν.

312 2870 696 2935 Ὀλολὺξατεο
741 2870 921 2942 ἐγγὺς
962 2871 1070 2941 γὰρ
1107 2871 1146 2939 ἡ
1182 2870 1374 2940 ἡμέρα
1415 2871 1656 2939 Κυρίου,
1706 2869 1808 2925 και

228 2961 523 3032 συν-τριϐὴ
563 2962 724 3032 παρὰ
753 2962 902 3017 Θεοῦ
939 2962 1091 3030 ἣξει.
1139 2963 1244 3016 Διὰ
1267 2961 1443 3016 τοῦτο
1471 2961 1641 3017 πᾶσα
1677 2961 1809 3031 χείρ

229 3053 766 3122 ὰλνθήσεταιριαί
785 3053 954 3112 πᾶσα
965 3053 1135 3124 ψυχὴ
1156 3053 1468 3154 ανθρώπου
1496 3052 1806 3154 δειῆιάσει.
1839 3093 1882 3154 c

230 3145 336 3200 Καὶ
400 3145 886 3213 ταραχθήσονται
953 3146 1009 3198 al
1058 3142 1338 3212 πρέσϐεις
1367 3183 1382 3208 ,
1454 3141 1553 3196 καί
1602 3141 1812 3208 ὠδῖνες

230 3236 455 3302 αὐτοὺς
498 3234 774 3300 ἕξουσιν,
819 3234 900 3300 ὡς
960 3233 1247 3304 γυναικὸς
1299 3231 1657 3299 τικτούσης·
1712 3229 1814 3284 καὶ

230 3325 740 3398 σνμφορόσουσιν
807 3325 1007 3396 ἔτερος
1060 3323 1212 3394 πρὸς
1263 3323 1373 3377 τὸν
1437 3322 1661 3392 ἕτερον,
1715 3320 1813 3376 καὶ

231 3417 661 3486 ἐκστήσονται,
693 3417 794 3472 καί
834 3417 903 3472 τὸ
943 3417 1271 3487 πρόσωπον
1309 3412 1506 3470 αὐτῶν
1543 3413 1624 3480 ὡς
1653 3411 1814 3484 φλὸξ

227 3510 702 3584 μεταϐαλοῦσιν.

432 3603 650 3674 ἐλπίδος
688 3602 908 3672 ἁπάσης
945 3600 1330 3677 ἀνῃρημένης,
1374 3598 1450 3664 ὡς
1482 3596 1695 3661 οὐδενὸς
1732 3597 1816 3654 ἔτι

233 3694 726 3769 περιλελειμμένον
763 3695 878 3757 τοῖς
921 3690 1304 3760 Βαδυλωνίοις,
1335 3689 1475 3762 πλὴν
1508 3690 1591 3744 ὅτι
1619 3688 1683 3762 δὴ
1718 3688 1817 3762 μό-

233 3806 328 3850 νον
354 3788 420 3842 τδ
448 3787 645 3865 χρῆναι
677 3783 1176 3858 κατολοφύρεσθαι,
1207 3783 1289 3852 τὸ,
1313 3782 1622 3854 ὀλολύξατε,
1659 3782 1814 3855 φησί.

235 3879 588 3952 Προπέταχε
618 3878 676 3932 δέ
707 3879 802 3948 καὶ
821 3871 932 3930 οἷον
953 3874 1353 3950 άπογινῴσκειν
1377 3875 1476 3948 τὴν
1515 3875 1814 3949 σωτηρίαν,

234 3971 333 4038 καὶ
386 3969 463 4040 μή
498 3968 778 4038 ᾴνονήτοις
825 3965 1147 4038 πράγμασιν
1181 3966 1499 4038 ἐπιχειρεῖν,
1553 3963 1630 4036 μὴ
1663 3963 1820 4038 iteite?-

235 4061 454 4126 τῶντας
488 4059 586 4132 τῂν
613 4058 956 4126 ἀντίστασιν,
981 4056 1054 4120 ὡς
1080 4055 1232 4121 θείας
1263 4056 1448 4130 αὐτοῖς
1479 4055 1820 4128 ἐξωπλισμέ-

237 4169 339 4225 νης
371 4151 568 4225 ὀργῆς,
594 4150 689 4216 καὶ
723 4147 1015 4220 σύπρισῆς
1042 4146 1484 4225 ἐπενηνεγμένης
1517 4146 1606 4223 διᾲ
1635 4146 1820 4218 ψήφου

235 4245 341 4314 τῆς
367 4240 598 4314 ἄνωθεν.
631 4241 875 4319 ’ᾼμαχον
903 4239 960 4309 δέ
989 4238 1052 4292 τὸ
1081 4238 1272 4310 χρῆμα
1312 4235 1624 4300 παντελῶς·
1655 4253 1675 4296 ι
1709 4234 1824 4305 Τὴν

241 4337 352 4406 γὰρ
392 4337 551 4407 χεῖρα
592 4333 692 4404 τὴν
740 4331 949 4411 ὑψηλήν
989 4330 1074 4394 τίς
1123 4327 1495 4400 ἀποστρέψεις
1533 4345 1552 4386 υ
1597 4325 1740 4393 κατὰ
1763 4327 1824 4388 τὸ

1896 492 2092 559 versis,
2110 493 2378 564 etingenti
2403 509 2464 549 ac
2490 492 2714 550 confuso
2728 510 2863 551 sono
2889 495 3147 565 dissipato
3175 512 3191 549 :
3224 512 3244 548 ι
3283 494 3421 562 Vox,
3445 512 3465 548 ι

1895 583 2143 654 inquit,«
2179 585 2419 655 gentium
2490 585 2774 641 multarum
2840 587 2892 642 in
2955 585 3229 641 montibus
3279 584 3475 641 similis

1896 676 2134 746 gentium
2164 677 2475 732 multarum.
2517 696 2536 730 ι
2573 676 2688 733 Non
2720 693 2803 746 ea,
2840 679 3038 748 inquit,
3095 692 3198 734 vox
3255 687 3361 744 cst,
3415 685 3476 739 ut

1899 781 2100 835 paucos
2126 781 2249 821 esse
2279 781 2374 822 eos
2392 764 2481 836 qui
2500 768 2805 824 clamarunt
2827 770 3096 838 conjicere
3117 769 3241 840 quis
3271 769 3470 839 possit,

1897 857 1990 912 sed
2024 857 2202 927 potius
2242 857 2693 913 innumerabilem
2729 872 2852 914 esse
2880 859 3226 914 clamantium
3291 857 3474 914 multi:

1898 949 2139 1002 tudinem
2165 957 2338 1018 putet.
2373 947 2622 1004 Ostendit
2649 960 2827 1006 autem
2859 951 2973 1008 hmo
2995 952 3188 1020 oratio,
3223 967 3326 1007 una
3352 965 3476 1014 cum

1899 1039 2131 1095 subditis
2166 1051 2311 1095 metu
2346 1041 2622 1110 perculsos
2647 1041 2814 1097 fuisse
2857 1043 3022 1098 etiam
3051 1058 3146 1100 eos
3213 1044 3304 1114 qui
3329 1043 3478 1114 prin-

1898 1132 2070 1202 cipem
2098 1131 2271 1186 locum
2303 1131 2670 1188 obtinuerunt.
2714 1132 2966 1189 Gentium
2985 1135 3128 1189 enim
3187 1143 3244 1189 et
3289 1150 3474 1206 regum

1902 1237 2084 1278 vocem
2115 1237 2234 1278 esse
2260 1223 2508 1280 aﬂirmat.
2540 1221 2724 1294 Itaque
2765 1224 2861 1288 illi,
2889 1224 2980 1293 qui
3039 1224 3310 1281 clamores
3337 1241 3474 1282 .sus-

1903 1315 2161 1380 tulerunt,
2198 1314 2438 1376 infinitus
2469 1315 2698 1385 populus
2728 1317 2839 1369 sint
2865 1315 3310 1386 Babyloniorum,
3335 1326 3394 1372 et
3419 1317 3471 1370 in

1906 1402 1990 1458 his
2022 1402 2374 1471 insigniores,
2410 1414 2620 1472 captam
2639 1401 2748 1472 jam
2783 1404 2968 1463 urbem
3026 1406 3352 1475 conspicati:
3395 1405 3477 1466 vel

1901 1495 2061 1551 etiam
2121 1493 2298 1549 Persa:
2346 1503 2401 1550 et
2450 1495 2633 1561 Medi,
2691 1497 2864 1563 captis
2924 1495 3306 1564 occlamautes,
3355 1496 3479 1557 illos

1903 1593 2104 1652 autem,
2132 1587 2314 1652 credo,
2346 1595 2584 1644 armatos
2613 1601 2830 1656 quoque
2859 1587 3145 1642 bellatores
3181 1599 3475 1658 nuncupat,

1902 1683 1956 1732 et
1975 1691 2006 1731 e
2035 1676 2327 1745 longinquo
2356 1676 2658 1731 venientem
2698 1687 2914 1746 gentem
2943 1677 3010 1730 ab
3054 1687 3300 1731 extremo
3352 1675 3478 1745 fon--

1907 1770 2162 1824 damento
2207 1769 2351 1833 εαξη,
2387 1769 2437 1823 id
2459 1779 2562 1834 est,
2595 1770 2662 1823 ah
2685 1768 2815 1838 ipsis
2849 1769 3047 1825 finibus
3107 1767 3332 1823 Medica:
3392 1783 3478 1826 re-.

1906 1863 2104 1933 gionis,
2160 1871 2216 1918 et
2275 1861 2620 1916 interioribus
2689 1871 2868 1927 terrae,
2930 1863 3165 1917 maxime
3218 1861 3477 1916 borealis.

1907 1953 2173 2021 Quoniam
2210 1963 2387 2008 autem
2427 1955 2654 2009 consilio
2683 1965 2740 2010 et
2761 1959 3049 2010 voluntate
3088 1955 3180 2008 Dei
3212 1954 3478 2018 hancin1~

1906 2047 2238 2118 pressionem
2263 2056 2642 2116 susceperunt,
2666 2045 2950 2101 bellatores
2967 2046 3114 2116 ipsos
3133 2044 3226 2099 Dei
3252 2043 3481 2113 appellat

1906 2148 1962 2194 et
1995 2138 2256 2192 adductos
2281 2139 2359 2193 ait
2389 2139 2455 2195 ad
2495 2138 2778 2193 delendum
2818 2147 2986 2192 totum
3051 2137 3240 2192 orbem
3277 2146 3476 2190 terrae:

1909 2244 2012 2284 non
2047 2229 2262 2300 quidem
2286 2238 2449 2288 totam
2476 2229 2616 2286 hanc
2645 2245 2764 2300 qua:
2793 2229 2930 2299 apud
2958 2243 3054 2285 nos
3071 2237 3188 2284 est:
3216 2241 3314 2282 nec
3332 2225 3476 2285 enim

1909 2321 2012 2377 hoc
2043 2337 2073 2376 a
2103 2321 2246 2393 Cyro
2272 2331 2327 2378 et
2376 2321 2634 2383 comitatu
2685 2322 2800 2390 ejus
2858 2321 3057 2377 factum
3123 2318 3478 2376 inveniemus.

1870 2471 1885 2483 ,
1909 2412 2108 2470 Orbem
2150 2429 2280 2470 vero
2322 2426 2480 2472 terra:
2522 2425 2682 2470 vocat
2724 2414 3095 2471 Chaldaeorum
3130 2423 3354 2478 terram,
3389 2419 3478 2466 ut-

1909 2513 2036 2575 pote
2069 2507 2359 2560 maximam
2399 2516 2454 2562 et
2495 2521 2656 2578 supra
2695 2505 2910 2568 modum
2936 2505 3246 2575 spatiosam,
3287 2510 3341 2559 et
3359 2513 3481 2575 quia

1911 2613 2036 2656 cum
2065 2599 2199 2655 orbe
2227 2611 2496 2656 terrarum
2531 2599 2928 2670 quodammodo
2964 2606 3218 2664 certaret,
3261 2606 3483 2667 prapter

1911 2689 2268 2754 habitantium
2293 2692 2710 2762 multitudinem,

1985 2871 2150 2927 Vsus.
2185 2871 2307 2930 6-8.
2339 2870 2512 2941 Prope
2567 2874 2704 2928 enim
2729 2881 2804 2928 est
2825 2873 2936 2926 dies
2988 2871 3218 2935 Domini,
3261 2881 3310 2925 et
3359 2885 3484 2928 eone

1915 2961 2061 3015 tritio
2095 2978 2126 3016 α
2161 2961 2268 3030 Deo
2291 2964 2476 3016 veniet.
2506 2961 2790 3030 Propterea
2841 2963 3012 3017 omnia
3037 2977 3226 3015 manus
3255 2960 3480 3020 resolve-

1917 3062 2027 3119 tur,
2059 3063 2104 3108 et
2134 3054 2304 3107 omnis
2331 3056 2508 3118 anima
2527 3055 2750 3109 hominis
2782 3053 3002 3120 timebit,
3032 3063 3080 3107 et
3095 3051 3482 3123 perturbabar:-

1916 3153 2006 3198 tur
2042 3144 2218 3215 legati,
2244 3156 2292 3202 et
2327 3146 2533 3208 dolores
2597 3145 2727 3208 tales
2790 3141 3070 3213 habebunt,
3125 3145 3304 3216 quales
3363 3154 3484 3211 sunt

1919 3237 2166 3292 mulieris
2192 3239 2448 3304 parientis
2468 3251 2487 3290 :
2517 3237 2878 3305 condolescent
2905 3237 3041 3292 alter
3068 3240 3136 3291 ad
3163 3235 3408 3301 alterum,
3439 3243 3487 3295 et

1916 3327 2213 3398 stupebant,
2260 3338 2308 3384 et
2346 3327 2538 3398 faciem
2590 3343 2743 3383 suam
2791 3337 3044 3408 tanquam
3088 3326 3306 3397 ﬂamma
3371 3339 3491 3391 ηιιςη

1918 3418 2128 3476 tabum.

1988 3596 2266 3667 Tanquam
2284 3611 2380 3667 spe
2399 3597 2545 3652 omni
2595 3595 2828 3662 sublata,
2859 3603 2914 3652 et
2943 3593 3086 3651 nulla
3117 3608 3176 3650 re
3199 3593 3363 3670 2³0
3387 3591 3489 3660 alia

1917 3686 2249 3758 Babyloniis,
2286 3688 2390 3743 nisi
2419 3688 2594 3744 solum
2636 3696 2695 3742 ut
2731 3686 2952 3758 lugeant
2985 3685 3172 3740 relicta
3205 3705 3218 3742 :
3255 3685 3490 3760 Plorate,

1918 3779 2113 3851 inquit.
2152 3778 2321 3836 Jussit
2358 3789 2536 3835 autem
2570 3787 2626 3833 et
2653 3778 2808 3849 quasi
2864 3777 3160 3848 desperare
3228 3776 3490 3838 salutem.

1920 3881 2106 3928 etnon
2145 3887 2232 3929 res
2262 3870 2483 3927 inutiles
2521 3869 2755 3940 ingredi,
2800 3884 2865 3925 ac
2910 3869 3115 3924 frustra
3168 3881 3492 3938 repugnare,

1921 3979 2044 4036 cum
2075 3965 2254 4020 divina
2286 3964 2365 4020 ira
2393 3962 2468 4018 sit
2503 3962 2558 4018 in
2581 3976 2675 4018 eos
2713 3959 2860 4018 velut
2889 3956 3120 4027 armata,
3147 3969 3205 4016 et
3251 3974 3491 4030 superno

1922 4056 2139 4126 decreto
2165 4055 2378 4120 inducta
2420 4053 2494 4109 sit
2523 4053 2793 4110 vastatio:
2826 4051 2879 4108 id
2911 4051 3052 4124 quod
3075 4050 3299 4108 omnino
3317 4050 3497 4126 inelue

1922 4122 2117 4218 ctabile
2131 4154 2248 4203 est:
2269 4163 2289 4214 ς
2309 4143 2522 4216 Manum
2544 4143 2689 4200 enim
2711 4121 2980 4200 excelsam
3007 4142 3130 4212 quis
3152 4121 3417 4198 avertet"
3437 4141 3491 4195 ἲ»

1923 4238 2374 4313 quemadmodum
2401 4236 2665 4307 scriptum
2688 4245 2790 4300 est.
2826 4235 2891 4308 Et
2916 4249 3142 4304 rursus:
3181 4251 3203 4288 σ
3237 4234 3295 4289 Si
3346 4233 3499 4289 clau-

1925 4332 2057 4393 serit
2079 4331 2338 4393 adversus
2379 4328 2694 4402 hominem,
2769 4327 2891 4398 quis
2948 4325 3157 4396 aperiet
3180 4324 3308 4394 ἠρ
3369 4322 3500 4411 Quae

241 4426 653 4498 γεγραμμένον.
689 4424 801 4478 Καὶ
833 4422 1028 4476 πάλιν
1088 4439 1107 4474 ι
1149 4420 1274 4491 Ἐὰν
1315 4419 1508 4492 κλείσῃ
1543 4417 1688 4477 κατὰ
1727 4417 1811 4478 ἀν·

1929 4423 2072 4478 enim
2104 4420 2384 4486 fortitudo,
2423 4428 2517 4474 aut
2544 4417 2696 4488 cujus
2726 4417 2882 4487 plane
2914 4414 3137 4484 bellabit
3195 4429 3320 4488 eum
3351 4413 3501 4489 Deo!

242 4520 488 4592 θρώπου,
517 4521 604 4579 τίς
637 4517 842 4582 ἀνοίξει
875 4534 891 4584 ;
930 4535 949 4568 ι
983 4514 1119 4569 Ποία
1147 4512 1257 4584 γὰρ
1287 4513 1461 4584 ἰσχὺς,
1500 4511 1534 4583 ἦ
1566 4510 1661 4565 καὶ
1685 4509 1828 4574 τινος

239 4613 384 4677 ὅλως
428 4611 732 4682 πολεμήσει
777 4607 928 4680 Θεῷ;
970 4606 1058 4660 διὰ
1108 4604 1268 4659 τοῦτὸ
1317 4620 1503 4677 φησιν,
1547 4603 1630 4657 ὅτι
1677 4604 1831 4658 πᾶσα

240 4705 370 4776 χεὶρ
406 4702 789 4774 ἐκλύθήσεται,
815 4700 910 4755 καὶ
939 4701 1092 4754 πᾶσα
1121 4697 1271 4770 ψυχὴ
1305 4697 1597 4768 ἀνθρώπου
1631 4694 1832 4750 δειλιά-

245 4813 367 4850 σει·
412 4793 798 4864 κατασείοντος
838 4791 948 4863 γὰρ
993 4791 1075 4854 είς
1118 4789 1322 4852 δειλίας
1353 4787 1454 4856 τὰς
1477 4787 1585 4842 τῶν
1613 4785 1830 4860 ανθρώ-

242 4903 369 4941 πων
389 4885 570 4957 ψυχὰς
603 4883 699 4954 φῦ
731 4883 912 4938 πάντα
943 4879 1217 4953 ίσχύοντος
1245 4879 1400 4944 Θεοῦ,
1432 4879 1517 4942 τίς
1545 4879 1727 4950 ἐνήσει
1766 4879 1829 4933 τὸ

243 4978 486 5050 θάρσος,
535 4977 707 5048 ᾕγονν
779 4973 1017 5047 εὐψυχον
1089 4972 1362 5042 ἀποφανεῖ
1385 5009 1401 5035 ,
1470 4970 1564 5024 καὶ
1633 4969 1834 5033 ἱκανῶς

243 5071 444 5142 ἔχοντα
498 5068 638 5141 πρὸς
689 5066 1037 5130 άντίστασιν;
1101 5060 1555 5138 Ταραχθήσεσθαι
1604 5061 1661 5114 δέ
1707 5063 1834 5124 τοὺς

244 5160 517 5236 πρέσϐεις
585 5160 750 5231 φησι,
815 5159 913 5213 καὶ
966 5155 1152 5222 ὠδῖσιν
1202 5155 1398 5221 αὐτοὺς
1445 5153 1522 5216 ὡς
1581 5154 1836 5222 γυναικὸς

242 5253 548 5322 τικτούσης
597 5251 937 5324 περιπεσεῖν,
971 5248 1347 5322 συμφοράσειν
1384 5247 1442 5302 δὲ
1483 5247 1669 5320 ἕτερος
1699 5246 1836 5317 πρὸς

241 5349 340 5404 τὸν
371 5347 585 5416 ἕτερον,
625 5345 724 5399 καὶ
770 5343 880 5416 μὴν
919 5342 1014 5396 καὶ
1041 5339 1419 5411 ἐκστήσεσθαι,
1450 5339 1542 5406 καὶ
1573 5337 1634 5390 τὸ
1665 5338 1838 5409 πρόσ-

245 5459 405 5499 ωπον
453 5438 634 5494 αὐτῶν
683 5440 760 5502 ὡς
809 5436 982 5508 φλόγα
1030 5434 1374 5506 μεταϐαλεῖν.
1431 5430 1701 5503 Πρέσόεις
1750 5430 1830 5505 δέ,

225 5532 431 5607 ὀξμσα,
483 5531 639 5602 φησι,
662 5531 790 5594 τοὺς
814 5529 924 5584 τῶν
965 5527 1198 5587 εἰδώλων
1231 5524 1569 5598 ίερουργοὺς,
1602 5524 1729 5588 τοὺς
1761 5525 1828 5597 τῇ

328 5693 373 5726 ἰ
404 5688 504 5766 Isti.
533 5704 647 5768 xlv,
675 5687 766 5745 37.
843 5687 886 5720 "
911 5683 1013 5758 Job
1058 5701 1156 5752 xu,
1183 5684 1272 5759 μ.

1927 4513 2215 4585 Propterea
2255 4511 2430 4582 inquit
2467 4529 2480 4566 :
2516 4509 2704 4584 anis
2729 4523 2919 4576 manus
2943 4506 3265 4575 resolyetur,
3299 4515 3354 4561 et
3379 4521 3502 4575 oni,

1927 4604 2014 4661 nis
2037 4604 2212 4669 anima
2246 4601 2482 4670 hominis
2517 4601 2761 4656 timebit:
2790 4599 2899 4668 Deo
2929 4598 3074 4671 enim
3127 4598 3502 4669 omnipotente

1930 4691 2272 4763 concutiente
2299 4690 2510 4761 animos
2534 4689 2811 4745 hominum
2865 4690 3081 4756 timore,
3118 4687 3242 4759 quis
3289 4697 3503 4760 exseret

1929 4781 2338 4852 fortitudinem?
2365 4783 2554 4854 quisve
2578 4779 2878 4850 animosum
2908 4789 3036 4846 seet
3059 4779 3125 4834 ad
3149 4777 3503 4851 resistendum

1935 4875 2166 4942 habilem
2201 4890 2265 4930 ac
2297 4873 2534 4929 validum
2565 4873 2699 4928 satis
2726 4871 3014 4928 ostendet?
3059 4870 3380 4939 Turbandos
3407 4883 3502 4922 ve-

1934 4984 1995 5023 ro
2024 4967 2200 5037 inquit
2242 4967 2469 5039 legatos,
2513 4974 2568 5021 et
2599 4965 2655 5024 in
2717 4964 2928 5033 dolores
2981 4975 3240 5036 tanquam
3291 4959 3506 5031 feminae

1934 5059 2204 5130 parientis
2237 5059 2583 5122 deventuros,
2607 5067 2662 5112 et
2686 5056 2912 5123 alterum
2954 5054 3090 5130 apud
3126 5052 3354 5124 alterum
3377 5063 3510 5118 con-

1935 5152 2249 5218 doliturum,
2281 5161 2334 5205 et
2357 5151 2613 5206 attonitos
2647 5149 2782 5212 fore,
2812 5156 2866 5202 et
2891 5145 3080 5200 facient
3110 5145 3348 5214 ipsorum
3413 5139 3506 5194 in-

1934 5255 2050 5302 star
2083 5243 2312 5299 ﬂammat
2344 5243 2681 5301 mutandam.
2706 5240 2932 5311 Legatos
2965 5252 3110 5306 vero,
3144 5245 3203 5306 ut
3250 5233 3510 5297 arbitror,

1935 5339 2354 5401 dicitidolorum
2388 5335 2687 5399 sacrificos,
2723 5333 2927 5407 magica
2960 5339 3076 5384 arte
3101 5325 3340 5398 insignes
3369 5301 3543 5407 apud:

1929 5429 2663 5504 Babylonios,d:,emon_iorum
2711 5395 2966 5492 cultores,
3023 5419 3136 5493 qui,
3181 5395 3239 5472 ut
3264 5395 3544 5508 apparet,'.

1931 5539 2054 5595 cum
2079 5524 2350 5600 expeditio
2371 5525 2745 5586 adornaretur,
2764 5525 2819 5574 et
2837 5515 3184 5584 adventantes
3222 5508 3359 5584 Medi
3389 5521 3515 5581 eum
