4030 6208
565 275 670 331 355

565 481 725 547 bona,
771 491 824 536 et
873 481 1069 535 auxilia
1115 483 1483 552 quasrehanta
1513 483 1823 552 daemoniis,
1856 483 2130 554 supplica-

567 573 800 627 tionibus
833 572 1084 637 decretis,
1119 580 1176 626 et
1219 571 1440 627 donaria
1478 583 1616 630 stata
1670 574 1978 638 offerentes,
2042 590 2141 631 cae-

566 663 833 717 remonias
874 662 1122 718 videlicet
1166 671 1222 719 et
1269 665 1532 721 sacrillcia
1575 664 1743 737 impia
1798 668 2137 733 adhibentes,

561 762 616 804 et
650 765 744 820 pro
784 750 1036 820 universa
1052 752 1271 821 regione
1301 753 1682 821 deprecaturus
1708 767 1768 808 se
1793 753 2132 822 pollicentes.

563 842 626 896 Hi
657 841 903 912 proinde,
939 843 1134 911 inquit,
1161 843 1552 898 daemoniorum
1578 844 1817 900 cultores
1840 852 1893 898 et
1919 847 2130 915 suppli-

564 940 800 995 catores,
827 931 1089 987 sacriﬁcia
1111 947 1208 1001 pro
1231 933 1484 988 omnibus
1502 942 1891 1003 uuncupantes,
1923 937 2138 1004 quando

563 1022 792 1076 viderint
831 1037 920 1076 res
951 1033 1146 1092 praeter
1175 1037 1325 1092 spem
1369 1032 1624 1092 mutatas,
1655 1025 2135 1095 perturbabantur,

560 1120 614 1164 et
643 1113 896 1180 gravibus
915 1110 1220 1184 aﬂligentur
1255 1113 1552 1180 doloribus,
1583 1125 1638 1170 et
1666 1115 1807 1171 alter
1823 1131 1943 1171 cum
1967 1117 2137 1174 altero

560 1200 943 1269 congemiscet,
990 1202 1042 1256 id
1074 1209 1179 1266 est,
1215 1217 1398 1257 secum
1437 1203 1834 1271 acclamabunt,
1869 1206 2137 1277 velutprae

561 1288 724 1344 nimia
756 1289 992 1353 miseria,
1013 1289 1164 1353 illud,
1191 1289 1588 1354 vze,scilicetet
1608 1292 1826 1346 similia.
1859 1291 1925 1347 Et
1943 1293 2083 1347 velut
2105 1307 2136 1346 a

560 1376 772 1434 ﬂamma
821 1380 1109 1437 mutabunt
1135 1381 1352 1437 faciem.
1382 1380 1534 1437 Solet
1560 1383 1707 1438 enim
1733 1398 1924 1438 eorum
1959 1384 2135 1441 facies

559 1469 653 1538 qui
698 1469 880 1524 animo
906 1471 1118 1541 deiecto
1171 1481 1322 1538 sunt,
1374 1472 1668 1544 denigrari,
1715 1482 1773 1528 ut
1817 1475 1958 1531 aliud
2003 1476 2137 1531 nihil

561 1572 681 1614 esse
702 1558 968 1625 videatur,
1007 1576 1170 1631 quam
1203 1562 1386 1618 favilla
1433 1563 1712 1620 etcineris
1765 1567 1993 1624 marcidi
2047 1584 2134 1623 re-

562 1647 761 1718 liquim.

1549 278 1606 334 S.
1645 275 1921 335 CYRILLI
1960 274 2428 334 ALEXANDRINI
2465 276 2783 335 ARCHIEP.

446 443 457 454 ,
566 390 708 462 Cyro
759 400 814 446 et
878 390 1058 446 Persis
1126 400 1612 462 exspectarentur,
1692 392 2128 448 vaticinabantur

2240 391 2402 462 μάγῳ
2451 368 2618 467 τέχνῃ
2660 392 3160 462 διαπρεπεστάτους
3205 392 3354 463 παρά
3395 395 3511 457 τοῖς
3558 393 3812 449 Βαϐυλω-

3703 280 3808 336 356

2240 483 2396 551 νίοις,
2419 485 2547 549 τοὺς
2575 485 2686 539 τῶν
2710 483 3002 557 δαιμονίων
3035 483 3396 556 θεραπευτὰς,
3414 484 3465 536 οἳ
3489 486 3633 538 κατὰ
3663 502 3727 552 γε
3751 488 3808 542 τὴ

2237 575 2384 639 εἰκὸς
2427 577 2528 648 τῆς
2574 577 2764 646 ἐφόδου
2804 575 3186 648 μελετωμένης
3236 573 3524 645 ἀφίξεσθαι
3551 574 3663 629 τῶν
3690 575 3818 646 Μή-

2234 669 2341 726 δων
2391 668 2559 741 Κύρῳ
2597 686 2658 724 τε
2709 668 2844 740 ὁμοῦ
2890 670 2985 723 καὶ
3039 669 3279 740 Πέρσαις
3325 667 3816 739 προσδοκωμένων.

2235 760 2702 831 κατεμαντεύοντο
2739 761 2809 815 τὰ
2839 762 3069 833 χρηστὰ,
3101 761 3197 814 καὶ
3225 758 3325 822 τὰς
3355 758 3503 830 παρὰ
3542 760 3652 812 τῶν
3696 760 3822 814 δαι-

2209 905 2214 910 .
2241 851 2440 922 μονίων
2485 851 2716 906 ἐκάλουν
2747 851 3088 925 ἐπικουρίας,
3131 850 3284 915 λιτὰς
3315 850 3680 914 ἀνατείνοντες
3719 851 3822 904 καὶ

2238 941 2377 1014 γέρα
2412 945 2851 1016 προσεπάγοντες
2876 943 2946 998 τὰ
2982 943 3367 1014 νενομισμένα..
3405 941 3628 1005 τελετὰς
3655 941 3824 1011 δῆλον

2235 1030 2317 1084 δτι
2358 1034 2452 1085 καὶ
2492 1032 2890 1104 τὰς.βε6ήλους
2933 1031 3143 1097 Θυσίας,
3190 1030 3516 1100 πρεσϐεύειν
3561 1048 3623 1084 τε
3672 1030 3823 1102 ὑπὲρ

2241 1123 2462 1195 ἀπάσης
2511 1124 2610 1195 τῆς
2658 1123 2845 1198 χώρας
2892 1123 3334 1196 ὑπισχνούμενοι.
3393 1117 3553 1180 Οὗτοι
3608 1122 3822 1184 τοίνυν,

2250 1214 2436 1284 φησὶν,
2469 1215 2516 1268 oi
2553 1214 2662 1269 τῶν
2691 1216 2984 1288 δαιμονίων
3027 1213 3363 1286 θεραπευταὶ
3393 1213 3489 1268 καὶ
3529 1212 3733 1276 ἱκέται,
3771 1213 3825 1266 οι

2235 1305 2335 1366 τὰς
2391 1305 2534 1378 ὕπὲρ
2577 1307 2796 1364 πάντων
2837 1306 3118 1371 τελοῦντες
3167 1305 3393 1372 θυσίας,
3449 1305 3578 1358 ὅταν
3633 1303 3826 1356 ἴδωσιν

2238 1394 2694 1469 ἀντεστραμμένα
2743 1400 2880 1472 πρὸς
2923 1401 2991 1454 τὰ
3035 1401 3164 1470 παρ’
3191 1398 3380 1452 ἐλπίδα
3408 1397 3476 1450 τά
3511 1394 3822 1468 πράγματα

2234 1487 2439 1556 αὺτοῖς,
2487 1491 2927 1569 ταραχθήσονταί
2969 1509 3032 1544 τε
3055 1492 3150 1550 καὶ
3176 1495 3234 1545 ὲν
3262 1489 3445 1544 ὠδῖσιν
3471 1489 3686 1542 ἔσονται
3727 1497 3825 1539 πι-

2238 1583 2420 1650 κραῖς,
2452 1583 2893 1656 συμφοράσουσίν
2931 1600 2993 1637 τε
3040 1583 3226 1654 ἔτερος
3275 1581 3412 1652 πρὸς
3457 1577 3551 1637 τόν
3598 1578 3820 1647 ἕτερον,

2227 1669 2372 1722 τοῦτ’
2409 1671 2582 1737 ἔστιν,
2625 1674 2872 1746 ἀλλήλοις
2903 1675 3310 1746 ὲπιφωνήσουσι
3353 1673 3422 1727 τά
3453 1671 3530 1736 ὡς
3553 1669 3614 1734 ὲξ
3643 1669 3827 1740 ἀκρά-

560 1759 654 1841 του
680 1745 986 1841 συμφορᾶς,
1018 1745 1098 1841 ab,
1130 1745 1281 1841 ούαὶ,
1303 1747 1547 1841 δηλονότι
1569 1748 1666 1803 καὶ
1721 1749 1793 1804 τὰ
1818 1754 2198 1827 παραπλήσια.
2241 1759 2451 1838 Ὠσπερ
2496 1768 2554 1821 δὲ
2598 1768 2702 1840 ὑπὸ
2747 1745 2942 1840 φλογὸς
2991 1768 3356 1841 μεταϐαλοῦσι
3393 1765 3455 1821 τὸ
3499 1765 3822 1836 πρόσωπον.

564 1833 850 1934 Φιλεῖχάρ
885 1853 1002 1900 πως
1030 1835 1092 1890 τὸ
1120 1837 1230 1890 τῶν
1258 1837 1610 1910 ἀθυμούντων
1672 1844 2165 1915 καταμελαίνεσθαι
2205 1833 2515 1927 πρόσωπον,
2561 1835 2646 1925 ὡς’
2712 1833 2870 1922 οῦδὲν
2909 1833 3099 1934 ἕτερον
3138 1857 3278 1915 εἶναι
3317 1859 3494 1919 δοκεῖν
3545 1833 3690 1928 πλὴν
3734 1855 3825 1915 ὅτι

561 1926 789 1980 σποδιὰν
813 1929 904 1980 καὶ
933 1929 1130 1984 σποδοῦ
1171 1933 1548 2007 μαρανθείσης
1576 1935 1851 2011 λείψανον.

632 2019 792 2076 Vens.
824 2021 966 2078 9-H.
1007 2023 1144 2081 Ecce
1173 2027 1314 2081 enim
1337 2030 1448 2085 dies
1489 2031 1704 2087 Domini
1737 2037 1870 2088 venit
1925 2036 2128 2093 insonat

2323 2043 2470 2098 Ἰδοὺ
2491 2045 2601 2115 γὰρ
2625 2046 2816 2116 ἡμέρα
2848 2049 3070 2118 Κυρίου
3100 2048 3340 2114 ἀνίατος
3363 2047 3596 2116 ἔρχεται
3617 2045 3822 2116 θυμοῦ

561 2111 700 2177 bilis,
728 2114 926 2183 furoris
949 2124 1000 2170 et
1025 2118 1142 2183 im,
1175 2129 1229 2172 ut
1264 2119 1464 2191 redigat
1488 2123 1660 2178 orbem
1681 2135 1938 2180 terrarum
1962 2129 2014 2182 in
2048 2146 2138 2183 va-

561 2201 813 2267 stitatem,
845 2215 891 2256 et
913 2221 979 2258 ea:
1005 2222 1066 2260 ea
1087 2220 1382 2275 peccatores
1421 2212 1605 2268 tollat.-
1627 2215 1786 2271 Astra
1817 2219 1953 2272 enim
1995 2223 2130 2288 cmli,

558 2304 606 2344 et
638 2289 824 2358 OriOn,
859 2306 906 2349 et
933 2299 1100 2352 omnis
1133 2311 1353 2356 ornatus
1382 2304 1497 2358 caeli
1529 2305 1705 2360 lumen
1729 2325 1830 2362 non
1889 2313 2132 2368 dabunt:

559 2391 609 2436 et
655 2384 812 2454 221
845 2388 1067 2442 teneo-rc
1097 2391 1437 2459 oﬂ‘nndentur
1489 2395 1601 2450 sole
1650 2399 1867 2465 oriente,
1892 2412 1941 2456 et
2005 2404 2134 2460 luna

559 2488 664 2528 non
689 2475 833 2529 dabit
864 2475 1032 2532 lucent
1065 2495 1238 2538 suam.
1284 2482 1354 2537 Et
1406 2485 1669 2541 mandabo
1728 2493 1972 2547 universo
2018 2496 2134 2550 orbi

559 2566 724 2632 mala,
754 2582 816 2622 ac
849 2567 1024 2636 impiis
1043 2583 1253 2640 peccata
1283 2590 1381 2631 sua
1412 2591 1432 2632 :
1453 2577 1634 2633 delebo
1661 2581 1996 2640 insolentiam
2025 2587 2130 2641 ini-

557 2671 800 2728 quorum,
836 2669 886 2715 et
912 2661 1244 2720 insolentiam
1269 2667 1610 2737 superborum
1639 2671 1948 2741 deprimant.

2239 2133 2339 2188 καὶ
2373 2136 2574 2206 ὀργῆς,
2606 2139 2793 2192 θεῖναι
2821 2139 2938 2210 τὴν
2965 2139 3328 2210 οἰκουμένην
3371 2138 3525 2206 ὃλην
3565 2139 3817 2209 ἔρημον,

2237 2225 2503 2294 καὶτοὺς
2525 2208 2909 2300 ἁμαρτωλοὺς
2958 2208 3388 2301 ἐξολοθρεῦσαι
3407 2230 3476 2297 ἐξ
3499 2208 3711 2301 αὐτῆς.
3749 2233 3822 2285 οι
3937 2208 3940 2209 ν

2236 2314 2346 2385 γὰρ
2373 2316 2625 2386 ἀστέρες
2651 2319 2758 2373 τοῦ
2779 2320 3058 2388 οὐρανοῦ,
3095 2323 3190 2375 καὶ
3217 2324 3250 2375 ὁ
3281 2322 3489 2389 Ὠρίων
3509 2321 3609 2375 καί
3637 2321 3764 2388 πᾶς
3786 2323 3818 2375 ό

2233 2407 2462 2477 κόσμος
2504 2410 2610 2464 τοῦ
2655 2413 2916 2485 οὐρανοῦ
2977 2412 3044 2467 τὸ
3088 2413 3213 2483 ερῶς
3269 2416 3340 2469 σὺ
3390 2412 3814 2472 δώσουσιοκοι

2232 2498 2704 2568 σκοτισθήσεται
2753 2501 2862 2556 τοῦ
2898 2502 3080 2570 ἡλίου
3115 2501 3587 2570 ἀνατέλλοντος,
3626 2503 3726 2558 καὶ
3774 2505 3815 2574 ἡ

2232 2588 2466 2659 σελήνη
2493 2593 2566 2644 οὐ
2595 2589 2772 2647 δώσει
2799 2593 2867 2648 τὸ
2885 2593 3012 2664 φῶς
3047 2592 3259 2663 αὐτῆς.
3309 2595 3418 2650 Kal
3453 2595 3817 2666 ἑντελοῦμαι

2229 2675 2306 2746 τῇ
2347 2679 2668 2750 οἰκουμένῃ
2715 2683 2829 2753 ὅλῃ
2883 2686 3055 2750 κακὰ,
3102 2685 3197 2738 καὶ
3239 2685 3364 2752 τοῖς
3401 2685 3650 2740 ἀσεϐέσι
3701 2687 3817 2755 τὰς

2231 2768 2520 2838 ἁμαρτίας
2551 2771 2752 2826 αὐτῶν
2771 2787 2783 2802 ·
2825 2774 2924 2828 καὶ
2961 2773 3168 2830 ἀπολῶ
3197 2775 3368 2844 ὓϐριν
3416 2777 3676 2846 ἀνόμων,
3709 2777 3816 2833 καὶ

2131 2922 2133 2925 ι
2230 2857 2402 2926 ὕϐριν
2425 2861 2830 2931 ὑπερηφάνων
2857 2863 3228 2923 ταπεινώσω.

626 2956 920 3031 Persptcuc
945 2960 1033 3017 his
1054 2962 1234 3021 verbis
1290 2975 1520 3024 conatur
1569 2970 1785 3037 docere,
1845 2973 1974 3044 quid
2013 2986 2133 3032 tan-

555 3050 676 3106 dem
717 3067 896 3108 causa:
923 3055 1017 3118 sit,
1060 3070 1158 3111 cur
1209 3059 1483 3130 principes
1531 3062 1672 3118 inter
1697 3076 1755 3120 se
1787 3068 2126 3136 condoleant,

558 3137 860 3210 faciemque
926 3141 1091 3197 veluti
1146 3159 1175 3198 a
1241 3145 1455 3203 ﬂamina
1513 3159 1740 3210 mutent.
1809 3152 1942 3209 Cum
1985 3157 2128 3211 enim

556 3229 1002 3300 vaticinarentur,
1033 3241 1090 3287 ut
1125 3234 1258 3300 dixi,
1299 3236 1403 3291 illis
1432 3253 1497 3293 ex
1533 3242 1696 3296 animi
1724 3244 1960 3312 ipsorum
2000 3263 2125 3304 sen-

557 3321 749 3385 tentia,
786 3322 949 3393 idque
984 3323 1296 3395 Babyloniis
1342 3330 1629 3397 outnibus,
1659 3349 1754 3403 spe
1774 3349 1900 3391 vero
1971 3340 2125 3394 exci-

2313 2952 2638 3022 ’Δναφανδδν
2656 2957 2712 3013 ὲν
2732 2955 2941 3021 τούτοις
2959 2956 3230 3018 διδάσκειν
3259 2959 3532 3037 πειρᾶται,
3548 2959 3707 3015 ὁποία
3727 2961 3820 3026 τίς

2229 3042 2378 3096 ἐστιν
2405 3045 2438 3115 ἡ
2462 3045 2732 3116 πρόφασις
2765 3046 2858 3100 τοῦ
2890 3049 3239 3120 συμφοράσαι
3265 3049 3363 3122 μὲν
3385 3051 3521 3123 πρὸς
3546 3051 3818 3126 ἀλλήλους

2227 3135 2355 3199 τοὺς
2382 3135 2669 3213 ἀρχοντας,
2707 3139 3029 3211 μεταόαλεῖν
3055 3140 3111 3194 δὲ
3166 3140 3228 3194 τὸ
3265 3142 3552 3213 πρόσωπον
3595 3143 3671 3208 ὡς
3697 3145 3816 3208 ἀπὸ

2228 3224 2443 3298 φλογός.
2489 3228 2704 3304 Ἐπειδὴ
2732 3229 2843 3301 γὰρ
2887 3230 3350 3302 κατεμαντεύοντο
3382 3233 3501 3303 μὲν,
3543 3233 3618 3298 ὡς
3646 3234 3813 3306 ἔφην,

2225 3317 2296 3373 τὰ
2323 3315 2445 3371 κατ’
2479 3317 2641 3394 εὐχὴν
2673 3320 2904 3386 ἑαυτοῖς,
2923 3322 3018 3382 καὶ
3049 3323 3180 3383 πᾶσι
3207 3323 3264 3382 δὲ
3292 3325 3402 3387 τοῖς
3426 3323 3812 3391 Βαϐυλωνίοις*

499 3419 514 3434 ⁸
555 3412 774 3481 derint;
805 3425 1088 3486 propterea
1137 3418 1312 3475 dicit:
1344 3420 1577 3478 Maerore
1621 3437 1781 3480 erunt
1822 3427 1985 3496 pleni.
2035 3429 2125 3485 ln-

2230 3405 2628 3480 διημαρτήκασι
2658 3410 2715 3470 δὲ
2765 3411 2865 3482 τῆς
2895 3412 3129 3478 ἐλπίδοςο
3178 3414 3352 3488 ταύτῃ
3377 3432 3478 3481 τοι,
3513 3417 3664 3486 φησι,
3719 3420 3814 3480 καὶ

554 3506 694 3561 vasit
743 3507 885 3564 enim
928 3523 1024 3565 eos
1053 3509 1368 3568 insanabilis
1394 3513 1531 3582 dies,
1562 3517 1928 3576 universitatis
1954 3521 2133 3578 Domi-

556 3609 626 3650 no
692 3611 813 3652 eam
869 3598 1180 3656 inducente.
1243 3601 1395 3659 Diem
1456 3620 1641 3661 rursus
1691 3619 1846 3664 vocat
1898 3619 2129 3686 tempus,

553 3702 660 3759 quo
686 3687 866 3744 divina
891 3691 1006 3746 hac
1031 3701 1083 3748 et
1115 3692 1444 3751 inevitabilis
1475 3697 1554 3752 ira
1573 3700 1802 3767 exstitit,
1833 3711 1891 3757 ut
1931 3713 2130 3761 terram

552 3777 924 3834 Chaldaeorum
993 3781 1049 3838 in
1097 3785 1405 3841 vastitatem
1466 3787 1775 3857 redegerit,
1835 3799 1890 3846 et
1934 3808 2127 3862 pecca—

553 3879 700 3928 tores
740 3888 804 3928 ex
835 3889 897 3929 ea
924 3874 1238 3944 perdiderit.
1273 3877 1383 3935 Nec
1413 3882 1564 3955 quasi
1594 3883 1663 3938 ibi
1701 3884 1915 3953 quidam
1951 3895 2134 3942 essent

553 3962 622 4017 ab
663 3961 744 4018 ira
775 3964 1065 4032 immunes,
1117 3977 1403 4038 propterea
1433 3973 1574 4041 quod
1614 3983 1797 4030 essent
1837 3973 1961 4029 boni
1998 3975 2126 4042 viri,

550 4053 755 4110 idcirco
787 4053 915 4111 dicit
935 4059 1275 4127 perditurum
1326 4075 1385 4116 se
1451 4073 1804 4132 peccatores:
1845 4066 1972 4134 quin
2029 4067 2130 4122 hoc

555 4163 756 4205 nomen
808 4149 986 4219 potius
1045 4149 1298 4207 omnibus
1324 4149 1626 4208 Chaldaica:
1671 4155 1901 4227 regionis
1929 4156 2130 4213 habita-

553 4241 762 4297 toribus
779 4241 902 4312 jure
935 4251 1244 4312 competere
1292 4243 1510 4310 poterit,
1557 4244 1752 4317 quippe
1802 4247 1894 4316 qui
1940 4262 2129 4306 omnes

553 4345 782 4400 nequam
813 4330 1014 4386 l'uerint
1067 4340 1122 4386 et
1166 4329 1478 4388 idololatrte.
1528 4333 1789 4400 Quoniam
1848 4350 1978 4391 vero
2023 4353 2131 4392 ma-

551 4422 776 4497 gnitudo
811 4423 1176 4479 calamitatum
1205 4424 1528 4495 quandoque
1560 4425 1854 4484 humanam
1881 4437 2119 4485 mentem

551 4523 758 4570 tantum
791 4531 895 4569 non
930 4515 1160 4586 caligine
1189 4525 1245 4571 et
1276 4515 1509 4572 tenebris
1570 4516 1773 4586 opplet,
1835 4526 1892 4574 ut
1960 4520 2123 4575 etiam

549 4618 674 4658 cum
702 4605 816 4660 dies
845 4607 937 4672 sit,
971 4607 1061 4660 lux
1113 4609 1246 4663 solis
1304 4610 1498 4664 abesse
1543 4607 1904 4674 existimetur,
1958 4619 2013 4665 et
2057 4611 2125 4668 ad

551 4695 731 4751 lumen
767 4699 1112 4766 praebendum
1135 4699 1315 4756 omnis
1341 4699 1430 4756 ille
1456 4709 1684 4756 ornatus
1716 4700 1840 4756 caeli
1869 4708 1924 4756 et
1956 4701 2124 4771 ipsius

2234 3499 2536 3570 κατηφείας
2585 3500 2798 3555 ἔσονται
2849 3504 3056 3574 μεστοί.
3123 3505 3420 3580 Ἐφέστηκε
3471 3507 3580 3579 γὰρ
3627 3508 3815 3574 αὐτοῖς

2231 3593 2450 3658 ἀνίατος
2473 3596 2674 3669 ἡμέρα,
2697 3597 2789 3651 τοῦ
2821 3599 3039 3654 πάντων
3061 3601 3264 3670 Κυρίου
3297 3602 3466 3673 αὐτὴν
3489 3604 3809 3672 ἐπάγοντος·

2230 3682 2446 3755 ἡμέραν
2465 3683 2522 3738 δὲ
2554 3686 2716 3741 πάλιν
2744 3685 2998 3758 ὀνομάζει
3024 3688 3114 3746 τὸν
3134 3688 3340 3763 καιρὸν,
3363 3690 3482 3744 καθ’
3505 3690 3564 3744 ὃν
3587 3691 3812 3760 γέγονεν

2229 3777 2266 3850 ή
2295 3774 2416 3829 θεία
2449 3794 2511 3835 τε
2537 3777 2633 3839 καὶ
2679 3771 3034 3853 ἀνουθέτητος
3055 3783 3211 3860 ὀργὴ,
3236 3783 3311 3846 ὡς
3336 3783 3554 3855 τεθῆναι
3579 3784 3677 3857 τὴν
3698 3785 3808 3847 τῶν

2231 3867 2518 3925 Χαλδαίων
2541 3870 2767 3945 ἔρημον,
2793 3875 2888 3929 καὶ
2910 3874 3044 3939 ,τοὺς
3072 3875 3429 3947 ἁμαρτωλοὺς
3458 3877 3720 3931 ἀπολέσαι
3749 3878 3806 3944 ἐξ

2230 3956 2422 4027 αὐτῆς.
2458 3960 2571 4014 Καὶ
2600 3961 2658 4014 οὐ
2689 3962 2756 4032 δή
2784 3978 2884 4016 που
2915 3963 3131 4030 πάντως
3183 3965 3258 4029 ὡς
3289 3966 3460 4025 ὄντων
3513 3969 3692 4022 ἐκεῖσε
3719 3986 3802 4023 τι-

2230 4048 2358 4118 νῶν,
2384 4051 2441 4106 οῖ
2463 4053 2552 4105 καὶ
2577 4050 2682 4120 ἔξω
2706 4054 2942 4112 τίθενται
2970 4056 3070 4127 τῆς
3101 4057 3269 4129 ὀργῆς
3302 4057 3389 4117 διὰ
3415 4060 3475 4120 τὸ
3502 4054 3643 4114 εἶναι
3673 4080 3804 4135 χρη,

2231 4143 2370 4205 στοὶ,
2413 4145 2538 4208 τοὺς
2582 4135 2941 4220 ἁμαρτωλοὺς
2993 4149 3288 4208 ἀπολέσθαι
3344 4152 3496 4222 φησί’
3539 4153 3714 4210 ἃπασι
3747 4155 3800 4213 δὲ

2233 4237 2429 4307 μᾶλλον
2456 4240 2568 4299 τοῖς
2596 4239 2698 4310 τὴν
2718 4239 2999 4299 Χαλδαίων
3047 4240 3252 4300 οἰκοῦσι
3300 4243 3481 4317 χώραν
3514 4244 3802 4315 ἀρμὸσειεν

2229 4328 2298 4382 ἂν
2318 4329 2548 4394 εἰκότως
2583 4330 2845 4403 τοῦνομα,
2876 4332 3052 4387 διάτοι
3091 4332 3152 4389 τὸ
3203 4335 3411 4397 πάντας
3434 4337 3703 4406 πονηροὺς
3728 4331 3800 4397 εί,

2228 4431 2318 4471 ναι
2377 4421 2473 4472 καὶ
2523 4419 2939 4492 είδωλολάτρας.
2993 4421 3210 4493 Ἐπειδὴ
3241 4422 3297 4481 δὲ
3344 4423 3414 4477 τὰ
3465 4424 3671 4498 μεγέθη
3693 4425 3802 4485 τῶν

2229 4507 2529 4582 συμφορῶν
2555 4508 2667 4562 ἔσθ’
2700 4510 2794 4563 ὅτε
2827 4511 3109 4584 μονονουχὶ
3141 4511 3332 4570 σκότου
3363 4512 3455 4567 καὶ
3491 4514 3687 4586 ἀχλύος
3709 4517 3802 4574 τὸν

2225 4595 2566 4669 ἀνθρώπινον
2614 4597 3033 4672 καταπιμπλᾶσι
3085 4601 3248 4669 νοῦν,
3301 4603 3378 4666 ὼς
3437 4603 3533 4662 καὶ
3592 4603 3802 4675 ἡμέρας

2224 4686 2392 4761 οὔσης
2414 4691 2633 4750 ἀπεῖναι
2654 4691 2833 4750 δοκεῖν
2853 4692 2948 4752 τοῦ
2983 4691 3138 4764 ἡλίου
3162 4693 3224 4746 τὸ
3257 4692 3394 4768 φῶς,
3421 4695 3721 4766 ἀπρακτεῖν
3743 4697 3800 4752 δέ

549 4787 691 4843 lunae
729 4787 881 4844 orbis
936 4787 1181 4846 inefﬁcax
1228 4804 1348 4846 esse
1413 4792 1678 4858 videatur,
1731 4791 1853 4847 ideo
1908 4791 2118 4863 inquit,

2230 4797 2364 4847 πως,
2393 4781 2476 4846 εἴς
2495 4798 2560 4851 γε
2583 4783 2642 4837 τὸ
2667 4783 2924 4840 δύνασθαι
2946 4785 3306 4854 καταυγάσαι,
3326 4803 3398 4856 φη
3407 4787 3487 4856 μὶ,
3514 4786 3608 4841 καὶ
3623 4787 3798 4840 πάντα

547 4880 708 4935 Astra
737 4879 860 4934 εαξιὶ
891 4890 945 4935 et
973 4880 1162 4948 Orion,
1197 4891 1251 4938 et
1282 4885 1458 4939 omnis
1484 4894 1706 4941 ornatus
1763 4884 1886 4941 ειειὶ
1941 4884 2120 4940 lumen

549 4987 655 5028 non
690 4972 927 5040 dabunt,
978 4982 1030 5029 et
1086 4976 1321 5032 tenebrae
1353 4976 1665 5048 Babyloniis
1690 4991 1782 5032 seu
1811 4977 1980 5034 menti
2021 4975 2124 5031 Ba-

547 5064 890 5136 byloniorum
920 5063 1282 5134 oﬂ‘undentur,
1310 5068 1471 5123 etiam
1502 5068 1614 5123 sole
1638 5069 1868 5135 oriente,
1899 5076 1953 5124 et
1995 5068 2120 5126 luna

547 5158 882 5227 splendente,
919 5159 1135 5215 etiamsi
1159 5159 1424 5216 elementa
1458 5160 1640 5214 lumen
1675 5175 1828 5215 suum
1853 5175 1958 5214 non
1989 5175 2120 5215 con-

551 5251 834 5316 traxerint,
857 5251 952 5307 sed
973 5255 1115 5321 quod
1138 5250 1212 5306 illi
1237 5251 1381 5306 velut
1405 5267 1514 5322 pra:
1535 5265 1728 5322 magno
1751 5261 1895 5306 metu
1927 5251 2123 5307 divinae

546 5340 643 5394 irae
670 5343 892 5413 subjecti
935 5354 1139 5411 essent,
1174 5353 1229 5399 et
1252 5345 1431 5400 animo
1483 5355 1697 5400 noctem
1735 5351 1792 5399 et
1871 5343 2123 5399 tenebras

545 5426 1122 5490 haberentJlandabo
1180 5441 1382 5501 autem,
1441 5433 1636 5504 inquit,
1685 5433 1940 5488 universo
2000 5431 2118 5488 orbi

547 5519 713 5573 mala.
761 5520 1044 5590 Mandabo,
1076 5525 1152 5581 ait
1193 5541 1314 5598 pro,
1344 5526 1610 5590 minabor,
1637 5525 1725 5581 vel
1757 5523 1945 5580 inferri
1977 5538 2118 5595 prae-

547 5609 743 5682 cipiam
782 5621 842 5666 ut
873 5617 1179 5684 superbiam
1211 5617 1519 5689 iniquorum
1548 5627 1811 5685 evertam,
1844 5624 1899 5671 et
1925 5629 2120 5687 super-

546 5701 646 5758 bos
680 5700 823 5770 illos,
847 5701 1104 5764 nimirum
1137 5715 1454 5778 arrogantes
1478 5706 1800 5780 deprimam.
1840 5702 2112 5762 Fastuosa

2225 4872 2322 4927 τὸν
2351 4872 2558 4945 κόσμον
2578 4874 2671 4933 τοῦ
2704 4875 2955 4948 ούρανοῦ,
2988 4877 3085 4937 καὶ
3135 4876 3304 4947 αὐτῆς
3355 4877 3418 4933 δὲ
3438 4877 3538 4950 τῆς
3569 4877 3797 4948 σελήνης

2225 4965 2318 5019 τὸν
2351 4965 2584 5023 κύκλον·
2625 4968 2796 5042 ταύτῃ
2827 4970 2909 5024 τοί
2941 4985 3128 5040 φησιν’
3189 4969 3252 5024 Ol
3288 4968 3398 5042 γὰρ
3435 4969 3664 5039 ἀστέρες
3706 4985 3800 5025 τοι

2225 5056 2478 5132 ούρανοῦ,
2516 5061 2610 5119 καὶ
2638 5060 2666 5112 ὁ
2707 5059 2919 5132 Ὠρίων,
2951 5062 3046 5120 καὶ
3071 5063 3180 5127 πᾶς
3209 5064 3238 5116 ὁ
3271 5060 3597 5133 κόσμοςητοῦ
3633 5062 3789 5132 ούρα-

2226 5133 2318 5207 νοῦ
2347 5149 2408 5207 τὸ
2433 5150 2550 5220 φῶς
2574 5152 2634 5204 οὐ
2673 5151 2923 5212 δώσουσι·
2961 5153 3408 5226 σκοτισθήσεσθαι
3445 5152 3502 5208 δὲ
3531 5153 3660 5217 τοὺς
3694 5152 3777 5209 Ba

2228 5238 2543 5306 ὃυλωνίους,
2567 5242 2686 5314 ἤτοι
2710 5243 2820 5300 τῶν
2866 5243 3224 5304 Βαϐυλωνίων
3272 5243 3363 5297 τὸν
3394 5241 3541 5298 νοῦνο
3573 5244 3667 5297 καὶ
3706 5244 3808 5302 ἀν-

2230 5332 2468 5406 ίσχοντος
2485 5333 2576 5388 τοῦ
2601 5334 2772 5406 ἡλίου,
2795 5335 2890 5390 καὶ
2910 5334 3228 5406 ἀναλαμπού
3237 5351 3335 5406 σης
3359 5334 3606 5407 σελήνης,
3624 5332 3808 5391 καίτοι

2224 5425 2332 5480 τῶν
2361 5426 2640 5497 στοιχείων
2665 5427 2726 5480 οὐ
2763 5427 3202 5485 συνεπαλκὸτων
3229 5426 3292 5480 τὸ
3327 5426 3465 5497 φῶς,
3493 5426 3610 5480 ἀλλ’
3639 5426 3716 5489 ὡς
3737 5427 3809 5482 ὲκ

2225 5516 2419 5570 πολλοῦ
2440 5518 2692 5589 δείματος
2723 5518 2818 5573 καὶ
2838 5521 2958 5583 ταῖς
2984 5518 3158 5582 θείαις
3196 5518 3389 5592 ὀργαῖς
3427 5517 3809 5589 ὑπενηνεγμο

2226 5624 2354 5670 νων.
2375 5607 2542 5662 νύκτα
2563 5625 2623 5662 τε
2647 5609 2741 5663 καὶ
2769 5608 2956 5673 σκότος
2980 5608 3212 5680 ἑχόντων
3243 5608 3324 5672 εἰς
3344 5606 3487 5662 νοῦν.
3529 5605 3807 5660 Ἐντελοῦ-

2223 5717 2324 5772 μαι
2341 5700 2422 5768 δὲ,
2447 5701 2603 5775 φησι,
2623 5703 2690 5774 τῇ
2710 5700 3004 5775 οἰκουμένῃ
3031 5701 3128 5776 ὅλῃ
3153 5699 3321 5758 κακά.
3349 5699 3444 5768 Τδ,
3473 5697 3800 5772 ἐντελοῦμαι
