3962 6216
10 589 68 603 Ὀ..

15 613 50 623 ‘I

45 671 48 680 ι

9 685 68 700 ἠε

10 708 64 720 ’μοι

264 275 371 330 ὀδῚ
1385 275 1450 331 IN
1492 277 1731 334 ISAIAM
1769 278 1865 334 LIE

1974 281 2006 334 l.
2044 279 2284 338 TOMUS
2321 281 2385 338 ll.
3423 292 3527 350 558

262 391 453 460 φησιν,
479 389 600 444 ἀντὶ
617 389 733 458 τοῦ,
757 392 1059 461 ἀπειλήσω,
1089 394 1255 464 ἦγουν
1285 396 1647 470 ἐπενεχθῆναι
1677 415 1847 471 προσ-

1974 401 2102 456 mim
2158 417 2375 472 semper
2413 411 2467 456 et
2527 401 2941 459 dissolutlssima
3022 404 3124 460 fuit
3184 405 3530 479 Assyriorum

264 482 431 548 τάξω,
471 480 616 533 ὥστε
649 482 742 534 καὶ
789 481 948 554 ὕϐριν
976 484 1194 554 ἀνόμων
1227 487 1496 555 καθελεῖν,
1527 490 1860 544 ταπεινῶσαι

265 570 322 628 δι
351 571 480 633 τοὺς
534 570 944 644 ὑπερηφάνους,
1005 573 1206 638 αὐτοὺς
1238 575 1480 648 δηλονότι
1509 579 1636 643 τοὺς
1664 580 1861 645 ἀλαζό-

268 678 382 724 νας.
433 658 780 731 ’Υπέροπτον
804 661 910 733 γάρ
966 677 1084 726 πως
1112 663 1202 717 ἀεὶ
1253 665 1347 719 καὶ
1393 665 1766 738 ὲξιτηλότατον
1797 669 1860 724 τὸ

278 752 578 824 ’Δσσυρίων
610 752 837 821 γέγονεν
864 753 1036 819 ἔθνος,
1066 755 1160 810 καὶ
1198 755 1336 828 πρός
1363 775 1427 828 γε
1462 757 1636 830 τούτῳ
1669 758 1856 831 θεομι-

269 845 375 909 σές.
404 845 684 917 Τετίμητο
704 845 818 918 γὰρ
844 847 972 920 παρ’
996 849 1180 913 αὐτοῖς
1206 849 1316 904 τῶν
1362 851 1461 922 μὲν
1494 851 1735 926 ἀρίστων
1763 854 1856 906 οῦ-

265 935 372 992 δέν·
403 937 556 993 ἅπαν
583 936 640 990 δὲ
673 936 877 1008 μᾶλλον
907 937 966 991 τὸ
1001 938 1338 994 καταλυπεῖν
1363 943 1609 1012 πεφυκὸς
1631 944 1723 998 τὸν
1751 944 1860 998 τῶν

262 1026 399 1082 ὅλων
419 1027 578 1082 Θεόν.
617 1028 822 1082 Ἰστέον
849 1028 905 1082 δε
933 1029 1016 1083 ὅτι
1043 1030 1092 1084 οἱ
1122 1030 1222 1102 τήν
1252 1031 1401 1087 θείαν
1433 1033 1862 1108 διερμηνεύσαν-

261 1135 352 1182 τες
383 1119 635 1190 Γραφὴν,
687 1119 941 1190 Ὠρίωνος
992 1121 1317 1192 πεποίηνται
1366 1125 1608 1196 μνήμην,
1646 1125 1704 1181 ἓν
1755 1128 1864 1182 τῶν

259 1211 516 1284 ἀστέρων
539 1212 602 1265 τὸ
630 1212 1037 1283 ἐπισημότατον
1062 1215 1130 1268 δι’
1162 1215 1327 1270 αὐτοῦ
1359 1218 1737 1290 σημαίνοντες,
1768 1221 1862 1276 καὶ

257 1303 319 1356 οῦ
355 1303 412 1356 τί
445 1321 551 1357 που
585 1303 805 1367 πάντως
829 1306 950 1368 ταῖς
983 1304 1256 1377 Ἐλλήνων
1288 1309 1600 1381 τερθρείαις
1627 1329 1860 1366 κατακο-

259 1392 630 1462 λουθήσαντες
651 1390 719 1444 τὰ
751 1391 926 1446 τοιάδε
959 1394 1145 1462 φασὶν,
1177 1398 1587 1471 κατεχρήσαντο
1628 1400 1685 1454 δὲ
1722 1401 1859 1474 μᾶλ-

1965 491 2131 556 natio,
2159 500 2212 546 et
2243 506 2404 560 porro
2438 490 2549 548 Deo
2588 491 2780 548 invisa.
2815 492 3089 563 Quidquid
3145 495 3290 552 enim
3332 498 3535 552 bonum

1960 589 2063 645 est,
2085 577 2228 634 nullo
2253 579 2391 648 apud
2419 594 2514 636 eos
2542 578 2598 634 in
2621 580 2824 636 honore
2853 581 3185 638 habebatur:
3218 586 3401 640 omnia
3432 601 3532 640 au-

1960 679 2066 725 tem
2092 667 2308 725 fuerunt
2369 671 2436 725 ad
2497 670 2860 728 universitatis
2925 673 3091 729 Deum
3157 673 3532 744 oﬂ‘endeudum

1960 767 2290 829 comparata.
2344 757 2632 815 Sciendum
2677 774 2809 814 vero
2861 760 2954 830 qui
3025 761 3362 832 interpretati
3410 777 3536 818 sunt

1959 848 2196 905 divinam
2246 847 2605 920 Scripturam,
2661 849 2880 906 Orionis
2942 850 3134 908 fecisse
3183 853 3531 916 mentionem,

1963 949 2020 996 ut
2047 956 2211 996 unum
2237 941 2452 1010 aliquod
2499 956 2568 996 ex
2624 941 2788 997 astris
2847 942 3277 1012 insignissimum
3323 944 3533 1014 signiﬁ-

1959 1045 2178 1102 carent;
2207 1049 2326 1102 nec,
2367 1035 2530 1106 222
2561 1037 2688 1092 dum
2736 1038 2837 1093 ista
2870 1037 3078 1104 dicunt.
3109 1039 3418 1097 Graecorum
3449 1042 3534 1096 in-

1960 1136 2298 1183 cantamenta
2336 1128 2506 1183 secuti
2545 1135 2692 1197 sunt,
2724 1129 2818 1185 sed
2853 1130 3032 1200 potius
3079 1131 3231 1188 abusi
3269 1142 3395 1188 sunt
3434 1149 3564 1188 no-‘

1962 1220 2107 1275 mine
2140 1220 2338 1276 usitato
2360 1229 2414 1275 et
2445 1220 2594 1286 trito,
2622 1222 3074 1290 quemadmodum
3104 1224 3348 1296 profecto
3371 1227 3531 1282 etiam

1965 1312 2020 1368 in
2048 1311 2150 1368 Job
2175 1312 2434 1382 scriptum
2481 1322 2593 1368 est:
2630 1331 2650 1365 ι
2707 1313 2806 1380 Qui
2834 1314 2960 1371 facit
3013 1316 3259 1379 Pleiadas
3319 1327 3373 1378 et
3427 1317 3533 1372 Ve-

1962 1415 2203 1472 sperum,
2245 1411 2299 1457 et
2335 1401 2649 1468 Arcturum,
2682 1412 2738 1466 et
2771 1407 3136 1475 promptuaria
3165 1405 3286 1462 Noti
3313 1408 3378 1463 ".
3423 1427 3444 1461 ι

257 1487 351 1539 λον
373 1485 459 1556 τῷ
487 1486 629 1540 κατὰ
655 1485 942 1557 συνήθειαν
962 1487 1208 1562 ὀνόματι,
1244 1491 1496 1564 καθάπερ
1538 1494 1730 1565 ἀμέλει
1766 1494 1862 1553 καὶ
1899 1493 1957 1548 ὲν
1991 1494 2072 1568 τῷ
2110 1493 2232 1548 Ἰὼϐ
2263 1493 2597 1568 γέγραπταιο
2638 1514 2659 1550 ι
2698 1497 2757 1552 '0
2787 1497 2959 1554 ποιῶν
3004 1500 3240 1557 Πλειάδα
3277 1504 3372 1558 καὶ
3412 1503 3534 1558 Ἕσ-

258 1597 434 1651 περον
464 1581 560 1634 καὶ
602 1581 929 1652 Ἀρκτοῦρον
957 1584 1054 1638 καὶ
1083 1587 1306 1656 ταμιεῖα
1345 1587 1574 1647 Νότου.»

330 1677 447 1730 Kal
479 1674 727 1730 ἔσονται
756 1680 810 1731 al
852 1680 1388 1749 καταλελειμμένοι
1443 1682 1670 1754 ἔντιμοι
1714 1684 1865 1754 μᾶλ-

2039 1682 2206 1739 Vstts.
2241 1680 2328 1736 12.
2359 1678 2427 1734 Et
2454 1692 2604 1736 erant
2647 1684 2951 1752 superstites
3012 1662 3346 1754 pretiosiores
3400 1707 3535 1746 auro

254 1771 379 1822 ,ιον
431 1768 471 1836 ἢ
501 1766 570 1820 τὸ
598 1769 860 1836 χρυσίον
889 1769 956 1822 τὸ
1006 1769 1260 1839 ἄπυρον·
1302 1772 1402 1825 καί
1462 1775 1495 1828 ὀ
1548 1773 1858 1843 ἄνθρωπος

251 1858 509 1928 μᾶλλον
536 1856 778 1927 ἔντιμος
807 1857 1000 1922 ἔσται,
1032 1858 1072 1928 ἢ
1096 1863 1129 1914 ὁ
1151 1860 1322 1928 λίθος
1348 1863 1381 1914 ό
1407 1861 1476 1916 ἐκ
1501 1865 1781 1933 Σουφείρ.

338 1950 602 2019 Ἔντιμον
637 1949 714 2020 (l)
743 1951 801 2003 ὲν
827 1950 1038 2014 τούτοις
1062 1950 1124 2024 τὸ
1177 1951 1458 2024 ζητητέον.
1511 1955 1860 2029 Ὀλιγανδρή-

257 2056 382 2094 σειν
411 2039 596 2093 τοίνυν
636 2041 803 2110 φησὶν
826 2039 968 2094 οὕτω
991 2041 1090 2112 τὴν
1118 2041 1497 2110 Βαϐυλωνίων,
1519 2045 1613 2098 καὶ
1641 2045 1860 2108 ἃπασαν

254 2133 321 2188 δὲ
350 2133 455 2204 τὴν
491 2130 796 2202 ’Δσσυρίων
828 2131 1032 2204 χώραν,
1089 2132 1164 2198 ὼς
1219 2135 1577 2207 δυσευρέτους
1608 2138 1859 2205 γενέσθαι

256 2222 398 2285 τοὺς
438 2219 651 2286 ζῶντας
675 2222 734 2274 ἐν
759 2220 919 2292 αὐτῇ,
952 2221 1046 2274 καὶ
1083 2222 1352 2294 τοσαύτην
1376 2223 1485 2276 τῶν
1514 2224 1861 2296 περιλελειμ-

261 2313 454 2384 μένων
479 2309 583 2383 τὴν
617 2311 836 2379 σπάνιν,
859 2313 959 2382 ὅση
986 2313 1080 2367 καὶ
1119 2313 1281 2368 λίθων
1314 2316 1571 2382 Ἰνδικῶν,
1600 2317 1693 2370 καὶ
1726 2335 1862 2390 χρυ-

261 2403 390 2458 σίου
452 2401 551 2456 τοῦ
598 2403 994 2474 δοκιμωτάτου.
1052 2407 1213 2460 Δοκεῖ
1242 2406 1350 2478 γάρ
1410 2425 1529 2472 πως
1565 2409 1639 2462 τὰ
1683 2409 1862 2464 τοιάδε

456 2509 602 2548 τισιν
632 2489 774 2548 εἶναι
805 2493 990 2564 τίμια,
1019 2495 1109 2548 διὰ
1138 2495 1200 2549 τὸ
1228 2495 1348 2563 λίαν
1377 2497 1864 2571 δυσπόριστον,καὶ

267 2583 386 2657 μὴν
411 2583 499 2638 ὅτι
528 2583 708 2652 ὀλίγα,
739 2583 831 2638 καὶ
864 2584 1036 2655 μόλις.
1071 2585 1302 2653 Οὐκοῦν,
1351 2588 1426 2652 ὡς
1450 2587 1515 2643 ἂν
1544 2585 1672 2658 εἷεν,
1704 2591 1862 2662 φησι,

261 2676 614 2747 δυσπόριστα
663 2676 735 2729 τά
796 2676 1102 2748 ἀνθρώποις
1153 2679 1578 2751 τεθαυμασμένα
1634 2681 1772 2738 λίθοι
1801 2699 1864 2748 τε

266 2769 473 2840 τίμιοι,
502 2768 601 2822 καὶ
627 2768 689 2823 τὸ
709 2767 1000 2840 ἀπύρωτον
1029 2771 1272 2840 χρυσίον,
1301 2771 1446 2826 τοῦτ’
1469 2771 1604 2838 ἐστι,
1633 2774 1695 2828 τὸ
1721 2773 1865 2829 δοκι-

273 2849 554 2930 μώτατον,
584 2857 758 2923 οὕτως
780 2859 994 2914 ἔσονται
1049 2859 1238 2930 ὀλίγοι,
1273 2861 1368 2917 καὶ
1407 2863 1561 2934 μόλις
1597 2864 1648 2916 οί
1676 2865 1742 2919 ἐκ
1767 2881 1862 2918 ποι

270 2950 448 3022 λέμου
497 2949 993 3021 περιλελειμμένοι,
1051 2951 1146 3005 καὶ
1197 2951 1259 3005 τὸ
1300 2951 1410 3005 τῶν
1459 2954 1864 3025 μεμαχημένων

263 3039 639 3116 διαφυγόντες
670 3038 876 3108 στίφος.

253 3197 256 3200 ξ
352 3131 415 3184 '0
443 3132 557 3202 γὰρ
583 3130 841 3198 οὐρανὸς
873 3128 1310 3200 θυμωθήσεται,
1340 3133 1440 3187 καὶ
1463 3134 1501 3202 ἡ
1524 3133 1600 3205 γῆ
1618 3135 1866 3206 σεισθήτ

270 3236 449 3278 σεται
481 3220 552 3274 ἐκ
590 3218 710 3274 τῶν
755 3222 1047 3294 θεμελίων
1085 3221 1297 3292 αὐτῆς,
1326 3222 1426 3278 διὰ
1453 3224 1646 3294 θυμὸν
1681 3226 1866 3297 ὀργῆς

272 3313 508 3383 Κυρίου
535 3310 781 3368 Σαϐαὼθ
809 3311 885 3381 τῇ
935 3310 1147 3383 ἡμέρᾳ,
1181 3313 1326 3368 ὅταν
1355 3314 1580 3386 ἐπέλθῃ
1613 3319 1647 3372 ὀ
1679 3317 1867 3390 θυμὸς

271 3401 494 3462 αὐτοῦ.

349 3492 600 3550 Δαλοῦσι
641 3493 741 3563 μὲν
768 3491 1145 3566 ὑπερϐολικῶς
1181 3493 1231 3550 οἱ
1261 3495 1520 3566 μακάριοι
1552 3495 1864 3566 προφῆται,

271 3586 375 3640 καὶ
408 3584 510 3656 τὴν
539 3582 689 3636 θείαν
719 3600 779 3636 τε
803 3582 896 3637 καὶ
928 3582 1204 3655 ἄφραστον
1235 3582 1462 3656 δύναμιν
1494 3602 1552 3638 τε
1594 3587 1688 3640 καὶ
1713 3586 1868 3654 δόξαν

270 3678 570 3749 δεχόμενοι
598 3675 741 3728 κατὰ
767 3674 911 3742 νοῦν,
939 3674 1186 3748 αἴρουσιν
1224 3674 1360 3745 ὑψοῦ
1412 3675 1511 3740 τὰς
1543 3677 1744 3746 φωνὰς,
1775 3678 1870 3734 καὶ

276 3766 498 3839 μεγέθη
561 3768 673 3830 τοῖς
744 3766 1077 3839 διηγήμασιν
1127 3766 1434 3823 ἐπινοοῦσιν
1479 3768 1548 3822 τὰ
1597 3767 1866 3842 ἐξαίρετα.

285 3857 415 3912 ’Δεὶ
449 3857 508 3910 δέ
535 3873 652 3919 πως
678 3854 1015 3930 ὀργιζομένῳ
1045 3856 1166 3929 Θεῷ
1225 3858 1696 3931 συγκαταθήγεταδ
1735 3859 1872 3933 πρδί

272 3948 457 4022 ὀργὰς
487 3951 582 4002 καὶ
618 3951 652 4021 ἡ
680 3949 839 4020 δούλη
875 3950 1072 4013 κτίσις,
1101 3949 1472 4014 διανιστάντος
1523 3953 1740 4016 πάντως
1767 3969 1870 4007 που

274 4043 426 4115 πρὸς
454 4041 612 4095 τοῦτο
631 4040 800 4112 αὐτὴν
831 4039 926 4095 τοῦ
961 4042 1095 4095 πᾶσι
1126 4043 1570 4112 προστάττοντος.
1612 4043 1722 4102 Καὶ
1743 4042 1871 4114 γοῦν

274 4135 560 4208 ὠργίζετο
588 4134 685 4205 μὲν
710 4133 1052 4204 Αἰγυπτίοις,
1080 4135 1383 4206 ἀπρακτεῖν
1409 4136 1466 4190 δὲ
1505 4139 1538 4207 ἡ
1566 4137 1742 4200 κτίσις
1771 4137 1873 4192 οὐκ

275 4225 572 4295 ἠνέσχετο.
622 4225 931 4278 Μεθίστατο
973 4225 1071 4295 μὲν
1114 4226 1224 4298 γὰρ
1267 4227 1347 4290 είς
1407 4221 1546 4297 αἷμα
1596 4225 1659 4280 τὸ
1705 4226 1869 4299 ὕδωρ,

279 4318 456 4392 ιξῆρε
480 4316 536 4369 δὲ
569 4316 720 4388 καὶὴ
752 4317 822 4388 γῆ
852 4316 1177 4388 βατράχους,
1237 4317 1381 4372 καθά
1420 4318 1752 4390 γέγραπται,
1779 4335 1876 4375 κα-

281 4409 400 4463 θίει
428 4409 486 4462 δὲ
515 4408 759 4480 χαλάζας
792 4410 819 4462 ό
847 4409 1092 4480 οὐρανός·
1129 4407 1223 4464 καὶ
1281 4408 1388 4480 μὴν
1416 4409 1510 4462 καὶ
1559 4403 1748 4479 βαθὺς,
1778 4409 1876 4464 καὶ

279 4499 594 4572 τριήμρος
619 4498 839 4569 ἀπάσης
881 4498 1062 4553 αὐτῶν
1117 4498 1218 4569 τῆς
1271 4498 1453 4569 χώρας
1487 4499 1877 4556 κατεσκίδνατο

284 4590 506 4653 σκότος.
532 4587 741 4642 Οὐκοῦν
772 4588 1176 4660 θυμωθήσεται,
1209 4589 1364 4659 φησι,
1399 4591 1494 4646 καὶ
1537 4589 1698 4655 αὐτὸς
1727 4592 1756 4645 ό
1783 4591 1875 4644 οὐ·

1960 1774 2160 1838 obrizo,
2195 1781 2243 1833 ιι
2293 1775 2447 1830 homo
2479 1773 2760 1843 pretiosior
2801 1773 2900 1829 erit
2942 1774 3116 1844 lapide
3162 1795 3227 1834 ea;
3286 1778 3535 1846 Saphiro.

2032 1949 2332 2008 Pretiosum
2365 1947 2418 2004 in
2470 1948 2555 2003 his
2585 1948 2715 2020 quid
2745 1949 2836 2014 sit,
2887 1953 3237 2019 quaerendum
3272 1964 3374 2011 est.
3431 1955 3538 2011 Ita-

1961 2061 2064 2118 que
2098 2045 2231 2104 dicit
2264 2055 2463 2105 terram
2496 2040 2938 2113 Babyloniorum,
2965 2052 3021 2096 et
3044 2052 3207 2102 totam
3264 2045 3537 2114 regionem

1960 2137 2304 2208 Assyriorum
2352 2149 2414 2192 ea
2438 2133 2711 2206 paucitate
2749 2133 2989 2189 virorum
3055 2133 3449 2203 laboraturam,
3479 2149 3538 2193 ut

1962 2229 2114 2286 vivos
2138 2229 2192 2283 in
2230 2242 2292 2282 ea
2321 2225 2564 2296 reperire
2596 2224 2836 2280 futurum
2860 2224 2930 2281 sit
2964 2224 3201 2291 dillicile,
3225 2235 3540 2298 tantamque

1964 2320 2241 2380 raritatem
2290 2315 2638 2388 superstitum
2681 2323 2881 2385 quanta
2932 2323 3018 2370 est
3051 2314 3291 2384 lapidum
3325 2314 3540 2372 indico-

1966 2425 2082 2468 rum
2106 2417 2161 2466 et
2188 2408 2304 2464 auri
2349 2407 2742 2479 probatissimi.
2796 2405 3024 2464 Videtur
3075 2408 3222 2464 enim
3271 2406 3536 2476 ejusmodi

1964 2501 2104 2570 apud
2130 2499 2392 2570 quosdam
2419 2497 2474 2553 in
2503 2499 2708 2555 honore
2765 2512 2889 2554 esse
2918 2507 2972 2554 et
3015 2498 3215 2571 pretio,
3279 2513 3345 2555 eo
3396 2501 3538 2569 quod

1964 2589 2246 2654 dimiculter
2276 2587 2562 2648 admodum
2610 2586 2870 2657 parabilia
2923 2587 3056 2655 sint,
3104 2596 3158 2642 et
3189 2587 3330 2658 quod
3370 2603 3538 2658 pauca
3637 2587 3646 2602 '

1963 2683 2094 2750 sitit,
2124 2689 2180 2740 et
2206 2695 2329 2738 raro
2348 2678 2713 2737 inveniantur.
2743 2676 2815 2734 Ut
2842 2679 3022 2749 igitur,
3060 2679 3542 2750 inquit,quteapud

1963 2773 2212 2833 homines
2242 2773 2295 2828 in
2325 2771 2683 2828 admiratione
2711 2780 2858 2840 sunt,
2895 2782 3085 2840 paratu
3114 2769 3351 2827 diﬂicilia
3381 2781 3538 2838 sunt,

1965 2864 2184 2938 pretiosi
2204 2863 2426 2934 lapides,
2456 2843 2512 2917 et
2563 2876 2754 2916 aurum
2783 2861 3049 2928 obrizum,
3076 2863 3128 2918 id
3166 2873 3272 2928 est,
3323 2872 3538 2933 specta-

1967 2957 2269 3016 tissimum:
2309 2955 2390 3011 sic
2418 2961 2580 3008 erunt
2621 2962 2677 3009 et
2702 2953 2854 3023 pauci
2883 2964 2938 3009 et
2999 2968 3144 3019 raro,
3199 2955 3291 3024 qui
3333 2969 3365 3010 e
3399 2954 3544 3012 bello

1892 3030 1935 3090 (ἶ
1967 3047 2208 3106 derelicti
2263 3055 2538 3104 catervam
2570 3044 2890 3100 bellatorum
2917 3043 3196 3117 ell'ugient.

2039 3137 2206 3193 Vsus.
2244 3137 2333 3192 15.
2393 3134 2590 3190 Caelum
2645 3134 2781 3190 enim
2815 3136 3090 3200 irascetur,
3135 3144 3182 3191 et
3235 3144 3374 3190 terra
3419 3150 3542 3189 con-

1965 3231 2252 3289 cutietura
2301 3227 2660 3298 fundamentis
2714 3226 2824 3282 suis
2887 3234 3098 3297 propter
3153 3226 3385 3296 furorem
3443 3227 3542 3281 ira:

1965 3322 2180 3384 Domini
2211 3320 2470 3388 Sabaoth,
2495 3335 2556 3376 eo
2601 3319 2685 3374 die
2719 3335 2822 3392 quo
2848 3318 3037 3374 venerit
3058 3316 3210 3388 furor
3236 3318 3374 3390 ejus.

2036 3496 2353 3566 Loquuntur
2392 3490 2738 3565 hyperbolice
2761 3491 2906 3556 beati
2958 3498 3255 3563 propaetae,
3290 3497 3346 3544 et
3402 3489 3542 3547 divi-

1968 3604 2096 3646 nam
2131 3603 2194 3644 ac
2219 3585 2651 3656 inexplicabilem
2679 3584 2974 3654 potentiam
2995 3597 3060 3638 ac
3099 3582 3326 3652 gloriam
3358 3581 3544 3636 animo

1970 3683 2272 3751 capientes,
2306 3678 2413 3733 alte
2445 3690 2610 3734 voces
2645 3682 2994 3744 exaggerant,
3037 3682 3090 3729 et
3121 3671 3541 3742 magnitudinem

1971 3769 2227 3830 eximiam
2259 3768 2310 3824 in
2335 3764 2741 3824 narrationibus
2773 3764 2886 3819 suis
2916 3761 3282 3827 considerant,
3312 3774 3374 3816 ac
3402 3773 3546 3816 sem-

1971 3878 2064 3938 per
2089 3862 2226 3916 irato
2256 3860 2386 3924 Deo,
2418 3855 2754 3921 simuletiam
2809 3854 2876 3912 ad
2911 3853 3047 3907 iram
3081 3851 3364 3912 exacuitur
3385 3865 3544 3906 serva

1980 3963 2258 4019 creatura,
2286 3951 2510 4012 omnino
2527 3965 2646 4010 eam
2661 3949 2770 4006 huc
2783 3947 3052 4010 excitante
3085 3947 3269 4016 eo,qui
3297 3947 3548 4010 omnibus

1975 4050 2224 4126 imperat.
2251 4044 2569 4104 Succensuit
2592 4043 2789 4116 quippe
2819 4041 2906 4098 ille
2932 4039 3202 4114 Egyptiis
3232 4057 3246 4095 :
3297 4049 3544 4094 creatura

1979 4151 2164 4204 autem
2193 4152 2412 4199 cessare
2481 4151 2588 4194 non
2637 4131 3203 4192 sustinuit.Transivit
3263 4129 3459 4204 quippe
3489 4128 3546 4186 ia

1974 4231 2292 4304 sanguinem
2352 4241 2516 4300 aqua,
2561 4225 2843 4288 scaturivit
2910 4231 3054 4282 terra
3112 4235 3297 4286 ranas,
3349 4217 3544 4276 coelum

1976 4318 2188 4382 demisit
2215 4316 2553 4390 grandinem,
2570 4313 2849 4384 profundae
2875 4311 3110 4372 tenebrat
3145 4309 3304 4364 trium
3335 4308 3545 4367 dierum

1975 4409 2152 4479 spatio
2215 4423 2312 4478 per
2369 4415 2534 4462 totam
2553 4419 2741 4460 eorum
2779 4402 3055 4471 regionem
3081 4399 3352 4468 dissipatae
3391 4408 3541 4466 sunt,

1971 4503 2111 4560 sicut
2163 4501 2420 4570 scriptum
2454 4507 2558 4554 est.
2588 4497 2801 4566 itaque,
2847 4493 3043 4562 inquit,
3079 4493 3345 4552 irascetur
3381 4490 3548 4547 etiam

1973 4591 2145 4662 ipsum
2194 4591 2414 4654 caelum,
2447 4598 2502 4644 et
2542 4585 2688 4644 velut
2726 4600 2756 4638 a
2783 4583 3150 4642 fundamentis
3176 4591 3316 4638 terra
3350 4596 3547 4638 concu-

284 4680 479 4754 ρανδς,
513 4679 609 4732 καὶ
658 4675 770 4731 οἷον
803 4679 867 4732 ὲκ
909 4677 1123 4750 βάθρων
1167 4680 1200 4752 ἡ
1247 4680 1321 4752 γῆ
1369 4681 1754 4754 σεισθήσεται,
1786 4682 1865 4737 διό

1974 4681 2134 4734 tietur
2182 4687 2399 4746 propter
2428 4675 2663 4730 furorem
2693 4673 2787 4742 ira;
2823 4666 3051 4736 Domini.
3106 4670 3372 4744 Pugpabit
3401 4669 3548 4727 enim

285 4772 468 4843 θυμὸν
491 4772 660 4843 ὀργῆς
687 4769 918 4841 Κυρίου.
950 4770 1356 4852 Συνεκπολεμεῖ
1387 4772 1495 4845 γὰρ
1526 4773 1755 4844 ήκτίσις
1782 4773 1874 4829 ἐπὶ

286 4864 427 4927 τοὺς
467 4864 732 4934 ἄφρονας,
778 4864 874 4917 καὶ
906 4861 1282 4932 λελυπημένου
1302 4862 1570 4918 Δεσπότου
1603 4865 1888 4936 μονονουχὶ

291 4953 734 5020 συγκαθίσταται
772 4954 866 5008 καὶ
912 4951 1114 5024 ήαύτὴ
1157 4952 1293 5023 πρὸς
1341 4951 1516 5006 τοῦτο.
1551 4954 1737 5010 Πάντα
1779 4953 1888 5028 γὰρ

290 5047 366 5115 τῇ
420 5042 702 5117 ὑπερτάτη
753 5041 1036 5114 συντρέχει
1081 5039 1266 5115 βουλῇ,
1313 5043 1407 5096 καὶ
1447 5042 1596 5096 οὐδέν
1635 5044 1750 5097 ἐστι
1780 5043 1887 5098 τῶν

290 5134 494 5194 ὄντων,
538 5131 566 5185 ὃ
617 5132 692 5205 μὴ
737 5134 852 5196 τοῖς
890 5130 1058 5194 θείοις
1105 5129 1370 5204 νεύμασι,
1421 5130 1516 5184 καὶ
1573 5129 1886 5202 ἀϐουλήτως

292 5225 634 5293 παραχωρῇ.

374 5312 488 5366 Καὶ
509 5313 750 5367 ἔσονται
770 5311 1292 5383 καταλελειμμένοι
1311 5312 1392 5376 ὡς
1413 5309 1730 5379 ἃορκάδιον
1742 5310 1878 5380 φεῦ·

375 5473 422 5506 ”
445 5469 551 5528 Job
581 5487 814 5538 xxxvm,
845 5471 937 5527 32.

1970 4783 2076 4832 una
2131 4767 2386 4826 adversus
2425 4765 2614 4824 stultos
2658 4764 2774 4834 ipsa
2845 4773 3089 4822 creatura
3118 4801 3136 4826 ,
3181 4771 3248 4818 et
3305 4773 3550 4816 commo-

1985 4867 2041 4920 to
2069 4855 2316 4923 Domino,
2351 4854 2512 4914 etiam
2546 4853 2660 4924 ipsa
2690 4853 2754 4908 ad
2783 4853 2885 4908 hoc
2921 4850 3305 4921 prapemodum
3346 4847 3551 4902 instru-

1983 4956 2069 5003 cta
2116 4955 2219 5003 est.
2253 4944 2445 5002 Omnia
2511 4942 2774 5012 siquidem
2839 4955 2960 5006 cum
2996 4952 3245 5009 suprema
3276 4934 3554 4988 voluntate

1983 5040 2293 5106 conspirant
2342 5046 2505 5103 atque
2554 5038 2904 5093 concurrunt,
2940 5039 2993 5084 et
3031 5026 3159 5082 niltil
3181 5036 3263 5080 est
3289 5025 3341 5079 in
3371 5038 3552 5079 rerum

1985 5141 2198 5196 natura,
2227 5127 2368 5200 quod
2389 5141 2492 5180 nou
2526 5123 2707 5179 divino
2739 5120 2888 5176 uului
2915 5120 3069 5174 cedat
3103 5117 3262 5182 etiam
3300 5114 3553 5174 invitum.

2051 5306 2213 5384 223
2234 5289 2393 5360 Vsus.
2427 5300 2606 5357 Ηοίϋ.
2631 5300 2859 5354 Eteruut
2889 5288 3550 5361 relictiquasidamulafa-

376 5630 456 5700 (Ι)
489 5628 729 5700 Tractus
747 5627 832 5682 hic
859 5626 1158 5700 ἔντιμονΑὲν
1185 5624 1417 5690 τούτοις,
1459 5635 1628 5694 usque
1655 5621 1724 5676 ad
1753 5618 1865 5676 liuel

1974 5618 2196 5677 'ersiculi
2236 5617 2512 5688 sequentis
2539 5620 2573 5669 ό
2602 5610 2786 5684 θυμὸς
2832 5612 3043 5676 αὐτοῦ,
3083 5613 3233 5668 deest
3275 5609 3332 5668 in
3376 5609 3562 5684 codice

304 5695 476 5771 lli-git)
499 5708 553 5754 et
579 5697 856 5768 suppletur
885 5712 950 5752 ex
984 5695 1257 5751 Vaticano.
