3962 6216
365 269 471 324 ωδ

1369 268 1428 323 8.
1468 266 1743 324 σιιιιιω
1782 265 2253 323 ALEXANDRINI
2289 265 2605 323 ARCIHEP.

3528 269 3631 327 ισι

369 393 529 438 erunt
559 383 696 437 velut
742 394 1064 453 opportune,
1096 384 1351 439 omnibus
1391 386 1631 440 maximo
1663 385 1842 441 studio
1872 386 1939 439 ab

2046 383 2286 457 νηκότες,
2311 386 2568 456 ἀμείνους
2598 386 2669 447 se:
2699 386 2899 457 μᾶλλον
2919 388 2996 451 ὡς
3020 387 3078 440 ιν
3106 385 3287 457 καιρῷ
3324 388 3631 457 γεγονότες,

371 476 479 532 illis
507 487 561 530 et
583 476 956 530 elaboratione
989 476 1320 543 comparatis
1341 514 1360 539 ,
1396 487 1456 529 ut
1498 492 1659 531 arcus
1683 478 1944 547 juvenum

371 578 675 624 conterant.
724 566 781 621 Si
828 567 950 634 quis
980 566 1124 619 enim
1175 565 1538 622 Barbarorum
1572 568 1947 622 inl'estationes

370 670 425 715 et
467 659 837 726 expeditiones
903 666 1093 713 contra
1150 659 1399 729 regiones
1451 669 1505 714 et
1557 660 1724 714 urbes
1778 661 1948 714 factas

372 752 711 814 consideret,
769 763 875 802 non
906 749 1092 817 haliam
1151 752 1220 804 ob
1258 765 1477 805 causam
1521 750 1636 804 ﬁeri
1676 754 1943 820 reperiet,

370 857 533 912 quam
571 849 628 893 ut
652 840 885 908 spolient
912 851 968 895 et
1004 841 1238 909 rapiant,
1269 853 1322 897 et
1346 856 1477 910 opes
1503 842 1743 910 undique
1777 843 1945 897 obve-

371 933 586 986 nientes
650 941 998 985 coacervent.
1057 932 1359 996 Creterum,
1413 934 1619 1001 inquit,
1667 933 1803 987 Medi
1842 951 1944 988 non

369 1024 651 1092 capientur
697 1033 930 1091 quaestu,
962 1032 1016 1076 et
1045 1022 1252 1077 lucrum
1284 1025 1605 1093 despicieut,
1635 1036 1692 1077 ut
1717 1024 1947 1096 Babylo-

372 1114 552 1169 nicum
581 1114 931 1182 supercilium
963 1114 1288 1182 deprimant.
1316 1113 1450 1168 Nam
1486 1115 1775 1183 sagittandi
1808 1116 1942 1170 dex-

369 1205 584 1260 teritate
613 1203 902 1271 plurimum
936 1204 1263 1273 gloriantur,
1298 1213 1349 1259 et
1383 1205 1516 1259 artis
1545 1204 1663 1271 ejus
1694 1206 1944 1275 peritiam

370 1297 590 1351 maximi
638 1295 864 1350 faciunt.
917 1294 1209 1350 Inferiores
1251 1304 1432 1351 tamen
1484 1305 1644 1352 erunt
1679 1296 1943 1351 hostibus.

368 1387 560 1454 Asperi
616 1396 795 1441 autem
831 1395 886 1440 et
939 1385 1174 1441 immites
1206 1386 1342 1441 adeo
1388 1396 1548 1443 erunt
1596 1388 1856 1452 victores,
1889 1396 1949 1443 ut

371 1478 689 1533 miserandae
720 1478 883 1532 etiam
942 1477 1120 1531 aetatis
1168 1477 1316 1531 nulla
1361 1478 1481 1547 capi
1535 1478 1701 1532 velint
1739 1479 1946 1533 miseri-

369 1569 578 1629 cordia,
616 1580 790 1635 neque
822 1566 1175 1636 pereuntibus
1201 1566 1586 1621 miserabiliter
1627 1566 1944 1633 infantibus,

372 1659 534 1713 ullam
573 1657 925 1712 lnttnanitatis
970 1656 1263 1727 lacrymam
1298 1657 1647 1727 profundere.
1684 1659 1791 1713 Sed
1843 1658 1948 1713 Ba-

370 1752 553 1824 bylon,
582 1767 702 1820 qua:
729 1748 932 1821 Inclyta
959 1762 1184 1803 vocatur
1218 1765 1248 1803 a
1284 1764 1409 1820 rege
1443 1749 1841 1816 Chaldaeorum,
1877 1752 1945 1807 ad
1977 1729 2018 1783 Β

369 1862 488 1900 eam
529 1845 801 1913 redigetur
854 1843 1200 1905 vastitatem,
1248 1842 1459 1912 inquit,
1499 1851 1617 1898 uta
1645 1844 1946 1900 combustis

371 1934 620 1991 Sodomis
659 1944 714 1988 et
758 1933 1080 1989 Gomorrbis
1108 1934 1258 1989 nullo
1289 1935 1450 1991 modo
1484 1935 1698 1991 differat
1725 1954 1740 1991 :
1771 1951 1947 2007 neque

371 2029 671 2082 incoletur:
714 2041 876 2095 quant
948 2023 1158 2095 fugient
1216 2026 1438 2097 perinde
1501 2028 1750 2095 ﬁnitimi,
1786 2039 1948 2099 atque

368 2119 534 2189 226
566 2118 655 2187 qui
692 2133 723 2172 e
751 2115 1041 2186 longinqua
1093 2126 1252 2186 gente
1305 2132 1424 2172 eam
1458 2129 1767 2189 peragrant,
1799 2128 1946 2174 utne

368 2213 575 2264 Arabes
620 2208 836 2278 quidem
897 2217 1145 2276 pastores
1192 2208 1345 2263 inea
1392 2223 1585 2279 pecora
1645 2224 1742 2263 sua
1782 2209 1947 2265 velint

369 2316 612 2370 pascere,
644 2300 785 2370 quod
811 2300 1033 2355 omnino
1054 2300 1293 2356 desolata
1325 2302 1396 2356 sit
1422 2310 1476 2355 et
1504 2304 1738 2357 deserta.
1760 2302 1949 2358 Scien-

368 2395 493 2446 dum
532 2401 735 2455 autem,
770 2406 893 2446 eum
930 2402 1123 2461 gentes
1177 2393 1605 2458 Saracenorum,
1648 2402 1705 2448 et
1732 2409 1853 2463 qua:
1878 2396 1945 2449 ad

371 2484 541 2553 ipsam
599 2492 797 2538 terram
852 2483 1199 2553 Assyriorum
1232 2484 1574 2554 pertingant,
1605 2492 1660 2538 et
1700 2485 1944 2539 intimam

368 2590 612 2630 eretnunt
640 2574 904 2637 incolunt,
940 2574 1226 2629 nominare
1256 2574 1484 2629 Arabas.
1523 2575 1762 2631 Vicinam
1794 2592 1945 2630 nam-

368 2682 473 2736 que
508 2667 709 2722 habent
751 2676 951 2722 terram
983 2664 1242 2721 Arabum.
1279 2663 1345 2719 Et
1380 2665 1656 2736 probabile
1698 2677 1781 2722 est
1824 2668 1946 2723 illos

367 2773 435 2812 ex
493 2758 691 2813 Arabia
744 2756 1047 2813 Saracenos
1095 2758 1400 2828 promiscue
1459 2758 1811 2830 Assyriorum
1846 2760 1941 2817 de-

366 2856 515 2904 serta
548 2845 923 2915 obambulare.

445 3112 603 3170 Vens.
636 3115 728 3179 2|.
762 3114 854 3170 22.
907 3113 972 3168 Et
1001 3114 1317 3185 requiescant
1352 3115 1423 3169 ibi
1445 3115 1641 3180 bestia,
1686 3126 1732 3170 et
1763 3115 1946 3185 imple-

370 3207 562 3261 buntur
607 3207 791 3259 domus
848 3207 1058 3270 sonitu;
1104 3206 1175 3259 ibi
1221 3208 1540 3275 requiescant
1591 3210 1826 3269 sirenas,
1874 3207 1949 3262 ibi

368 3295 632 3352 saltabant
681 3297 975 3360 damtom'a,
1028 3306 1074 3350 et
1121 3298 1459 3350 onocentauri
1505 3297 1578 3350 ibi
1616 3297 1944 3362 habitabant,

371 3387 518 3442 nidos
556 3395 856 3440 construent
912 3387 965 3440 ia
1013 3386 1254 3443 domibus
1319 3402 1502 3445 eorum
1543 3388 1795 3442 erinacci.
1830 3389 1944 3444 Cito

370 3476 525 3543 seuit,
550 3486 595 3530 et
622 3491 724 3531 n-n
756 3478 1008 3533 tardabit.

438 3650 589 3707 Ferte
635 3652 687 3707 in
729 3652 860 3707 locis
902 3653 1132 3709 desertis
1160 3653 1353 3725 degere
1398 3664 1620 3720 amant,
1665 3665 1719 3711 et
1775 3670 1944 3711 vacua

368 3743 499 3799 urbs
540 3743 849 3815 complures
893 3744 959 3798 iis
1006 3745 1291 3814 speluncas
1337 3760 1397 3802 se
1442 3756 1825 3818 contegentes,
1879 3763 1945 3803 ac

369 3836 529 3892 rudes
558 3844 612 3892 et
645 3838 789 3890 velut
824 3835 1052 3892 fortuitu
1084 3854 1149 3893 ac
1171 3848 1377 3894 temere
1413 3839 1659 3896 inventas
1688 3841 1945 3911 suppedi-

370 3937 473 3982 tat.
508 3926 562 3981 In
599 3927 833 3983 desertis
850 3926 1029 3983 auteni
1060 3939 1114 3984 et
1136 3932 1336 3999 quietis
1372 3932 1501 3988 locis
1532 3933 1712 3989 tenuis
1728 3934 1942 4003 quidam

365 4019 575 4073 sonitus
631 4034 741 4089 pia:
806 4035 999 4090 magno
1058 4021 1293 4089 silentio,
1318 4024 1456 4078 haud
1500 4025 1615 4080 seio
1649 4028 1940 4095 quomodo,

365 4111 627 4179 exoritur,
659 4121 711 4166 et
745 4111 796 4165 iu
823 4126 981 4166 aures
1007 4127 1192 4168 eorum
1220 4115 1362 4168 subit
1389 4116 1478 4185 qui
1516 4132 1758 4172 eremum
1790 4118 1942 4175 inco-

366 4200 499 4256 lunt.
533 4202 717 4272 Itaque
739 4243 751 4266 ,
801 4202 1009 4271 inquit,
1043 4202 1228 4260 bestia:
1258 4208 1630 4275 requiescent,
1664 4218 1721 4264 et
1762 4210 1941 4265 sonitu

366 4293 557 4350 domus
589 4294 760 4364 plena:
783 4302 964 4362 erunt,
997 4296 1047 4347 id
1073 4308 1188 4362 est,
1225 4297 1428 4350 nullum
1459 4300 1682 4362 omnino
1707 4300 1937 4357 incolam

2048 475 2273 529 καὶτῶν
2293 477 2376 531 ὅτι
2414 477 2646 548 μάλιστα
2674 477 2763 531 διὰ
2797 478 3035 548 σπουδῆς
3064 479 3250 541 αὐτοῖς
3279 480 3631 550 τεθειμένων,

2050 568 2139 621 (va.
2163 566 2475 637 τοξεύματα
2506 567 2802 621 νεανίσκων
2831 568 3233 639 συντρίψουσιν.
3270 569 3332 621 Ei
3376 569 3479 639 μὲν
3528 573 3634 642 γάρ

2046 672 2131 720 τις
2160 656 2437 726 λογίσαιτο
2464 658 2563 721 τὰς
2595 659 2702 711 τῶν
2725 658 3024 731 Βαρϐάρων
3080 659 3323 727 ἐφόδους,
3360 662 3526 730 αἴπερ
3568 662 3635 714 ἂν

2047 747 2289 815 γένοιντο
2341 747 2481 801 κατὰ
2529 748 2723 819 χωρῶν
2770 749 2804 819 ἢ
2839 750 3067 812 πόλεων,
3117 750 3216 820 οὐχ
3272 751 3463 822 ἑτέρου
3490 753 3635 817 τινὸς

2046 840 2209 894 ἕνεκα
2239 840 2524 913 δρωμένας
2576 842 2821 913 εὑρήσει,
2854 841 2994 913 πλὴν
3039 844 3123 896 ὅτι
3161 842 3325 912 μόνου
3355 843 3449 896 τοῦ
3493 844 3638 915 διαρ-

2049 932 2219 986 πάσαι
2259 933 2440 1004 χάριν,
2490 932 2735 1004 ἄθροισιν
2773 933 2829 986 δὲ
2869 937 3167 1004 χρημάτων
3222 933 3495 987 ποιεῖσθαι
3538 937 3635 1006 τὴν

2047 1024 2565 1096 παρεμπίπτουσαν.
2613 1025 2752 1078 Ἀλλ’
2787 1026 3026 1090 ἔσονται,
3059 1026 3212 1095 φησὶ,
3266 1026 3365 1079 καὶ
3416 1026 3636 1097 λημμά-

2045 1131 2155 1168 των
2202 1113 2457 1185 ἀμείνους
2507 1114 2557 1167 οἰ
2611 1115 2806 1185 Μῆδοι,
2837 1116 2932 1170 καὶ
2976 1115 3184 1185 κερδῶν
3231 1116 3633 1187 ἀφειδήσουσιν.

2048 1204 2136 1258 ἵνα
2158 1202 2255 1274 τὴν
2283 1204 2391 1256 τῶν
2418 1204 2772 1258 Βαϐυλωνίων
2800 1207 2974 1277 ὀφρὺν
3005 1206 3430 1261 κατασπάσωσι.
3469 1207 3632 1276 Μέγα

2050 1295 2149 1364 μὲν
2175 1294 2284 1365 γάρ
2312 1294 2400 1348 ἀεί
2441 1312 2557 1359 πως
2593 1296 2774 1360 αὐτοῖς
2806 1297 2899 1350 ἐπὶ
2926 1300 3048 1360 ταῖς
3081 1298 3315 1365 τοξείαις
3377 1299 3631 1369 φύσημα,

2047 1386 2142 1438 καὶ
2179 1385 2242 1437 τὸ
2273 1385 2497 1456 εὐτυχὲς
2542 1387 2601 1439 ὲν
2644 1388 2858 1451 τούτοις
2906 1387 3185 1441 ποιοῦνται
3236 1389 3366 1459 περὶ
3412 1389 3632 1443 πολλοῦ.

2060 1476 2198 1530 Ἀλλ’
2227 1477 2423 1548 ἥττους
2446 1476 2659 1532 ἔσονται
2703 1478 2812 1533 τῶν
2858 1478 3360 1551 ἐχθρῶνΑΣκληροὶ
3397 1480 3454 1533 δὲ
3491 1479 3636 1534 οὓτω

2047 1568 2141 1621 καὶ
2164 1566 2670 1637 ἀφιλοικτείρμονες
2715 1569 2765 1621 οἱ
2805 1567 3168 1637 νενικηκότες,
3213 1568 3291 1631 ὡς
3349 1568 3487 1639 μηδὲ
3536 1569 3636 1637 τῆς

2047 1660 2287 1730 ἐλεεινῆς
2343 1660 2556 1731 ἡλικίας
2602 1659 2767 1730 φειδῶ
2828 1641 3099 1714 ποιεῖσθαί
3138 1677 3277 1724 τινα,
3325 1660 3466 1731 μήτε
3531 1660 3636 1730 μὴν

2045 1750 2279 1823 οἰκτρῶς
2338 1750 2727 1823 ἀπολλυμένων
2780 1752 3009 1821 νηπίων,
3073 1750 3134 1804 τὸ
3186 1750 3244 1818 ἐξ
3297 1750 3637 1822 ἡμερότητος

2046 1842 2335 1908 ὲπιστάξαι
2378 1843 2631 1914 δάκρυον.
2697 1841 2953 1896 Βαϐυλὼν
2991 1842 3073 1908 δὲ,
3125 1842 3161 1911 ἡ
3209 1841 3458 1895 καλεῖται
3510 1843 3637 1894 Ἕνα

2043 1934 2195 2001 δοξος
2241 1935 2346 1989 ὑπὸ
2396 1935 2660 2007 βασιλέως
2704 1934 3008 2000 Χαλδαίων,
3048 1934 3186 2005 πρὸς
3230 1932 3410 1997 τοῦτο,
3444 1933 3633 2003 φησὶν,

2045 2027 2285 2100 ἐρημίας
2337 2027 2743 2098 κατοιχήσεται,
2775 2027 2854 2090 ὡς
2903 2028 3019 2080 κατ’
3070 2026 3263 2079 οὐδένα
3312 2026 3514 2095 τρόπον
3563 2025 3635 2079 δι-

2043 2123 2289 2189 ενεγκεῖν
2328 2118 2437 2173 τῶν
2479 2118 2961 2190 ἐμπεπρησμένων
3007 2116 3255 2187 Σοδόμων
3292 2133 3349 2170 τε
3394 2118 3489 2170 καὶ
3538 2116 3579 2169 Γ
3580 2132 3636 2171 o-

2048 2213 2287 2285 μόρρας·
2313 2212 2464 2267 ἔσται
2488 2212 2545 2266 δὲ
2572 2212 2665 2265 καὶ
2695 2212 2949 2282 ἀοίκητος
2969 2227 2984 2242 ·
3022 2210 3233 2281 φευκτὴ
3259 2210 3316 2263 δὲ
3347 2208 3521 2273 οὕτως
3543 2210 3638 2263 καὶ

2045 2309 2158 2370 τοῖς
2208 2306 2449 2378 ὁμόροις,
2489 2304 2567 2367 ῶς
2594 2305 2781 2368 ἔθνους
2824 2301 3039 2375 μακροῦ
3079 2302 3495 2374 περινοστοῦσιν
3537 2303 3636 2356 αὐ-

2044 2398 2167 2467 τὴν,
2208 2398 2289 2461 ὼς
2321 2397 2455 2469 μηδὲ
2486 2396 2751 2467 ποιμένας
2780 2398 2905 2460 τοὺς
2946 2394 3009 2460 ἐξ
3052 2395 3298 2466 Ἀράϐων
3320 2397 3636 2467 κατανεμῆ-

2047 2490 2137 2544 σαί
2172 2508 2225 2544 τι
2272 2490 2382 2543 τῶν
2436 2490 2581 2543 ἰδίων
2634 2489 2963 2559 θρεμμάτων
3017 2488 3075 2541 ὲν
3135 2488 3307 2558 αὐτῇ·
3363 2486 3535 2539 διάτοι
3572 2486 3637 2539 τὸ
3718 2479 3730 2487 ’

2045 2579 2373 2650 ἠρημῶσθαι
2402 2579 2706 2643 παντελῶς.
2766 2580 2962 2634 ’ἰστέον
2983 2578 3040 2632 δὲ
3072 2579 3155 2632 δτι
3188 2578 3260 2631 τὰ
3296 2576 3636 2649 Σαρακηνῶν

2044 2669 2193 2744 ἔθνη,
2231 2672 2326 2726 καὶ
2387 2672 2579 2742 μέχρις
2614 2672 2793 2742 αὐτῆς
2838 2671 3094 2743 διήκοντα
3141 2671 3252 2724 τῶν
3302 2669 3633 2743 Ἀσσυρίων,

2042 2768 2140 2821 καὶ
2178 2766 2277 2837 τὴν
2307 2766 2565 2819 ἐσωτάτω
2594 2765 2927 2836 νεμομένους
2961 2765 3187 2837 ἔρημον,
3230 2762 3478 2836 Ἀραϐας
3515 2762 3637 2816 ὀνο-

2028 2854 2228 2926 ημάζει.
2265 2855 2485 2909 Γείτονα
2518 2854 2629 2926 γὰρ
2667 2854 2851 2926 έχουσι
2900 2856 3001 2925 τὴν
3063 2854 3326 2927 Ἀράϐων.
3380 2852 3541 2915 Εἰκὸς
3577 2852 3637 2905 δὲ

2043 2945 2106 3016 δὴ
2133 2947 2225 2999 καὶ
2255 2947 2452 3010 αὐτοὺς
2500 2930 2626 3010 rei};
2653 2946 2712 3011 ἐξ
2754 2946 3013 3018 Ἀραϐίας
3043 2943 3397 3016 Σαρακηνούς
3430 2945 3636 3016 ἀναμὶξ

2046 3039 2146 3103 τὰς
2186 3040 2484 3110 Ἀσσυρίων
2524 3042 2767 3114 ἐρήμους
2790 3042 3138 3113 περιῳοιτᾷν.

2117 3126 2228 3181 Kal
2271 3128 2724 3182 ἀναπαύσονται
2746 3129 2873 3184 ἐκεῖ
2902 3130 3099 3198 θηρία,
3145 3127 3244 3184 καί
3281 3129 3636 3200 ἐμπλησθή-

2038 3227 2260 3269 vortat
2312 3220 2371 3271 al
2422 3219 2603 3271 οἰκίαι
2659 3216 2834 3287 ἤχου.
2867 3220 2979 3273 Kal
3009 3219 3464 3275 ἀναπαύσονται
3507 3220 3640 3275 ἐκεῖ

2047 3305 2345 3375 σειρῆνος,
2363 3308 2460 3361 καὶ
2492 3307 2767 3377 δαιμόνια
2787 3310 2916 3363 ἐκεῖ
2941 3309 3329 3379 όρχήσονται.
3361 3310 3470 3365 Καὶ
3498 3312 3637 3364 ὀνο-

2046 3395 2359 3467 κένταυροι
2402 3398 2530 3452 ἐκεῖ
2558 3392 3062 3465 κατοικήσουσιν,
3122 3401 3221 3455 καί
3255 3402 3636 3471 νοσσοποιή-

2046 3504 2270 3543 σουσιν
2294 3490 2483 3559 ἐχῖνοι
2509 3492 2580 3546 ἐν
2596 3491 2718 3559 τοῖς
2742 3492 2930 3557 οἴκοις
2946 3492 3163 3547 αὐτῶν.
3187 3491 3350 3560 Ταχὺ
3371 3494 3633 3564 ἔρχεται,

2047 3577 2147 3632 καὶ
2176 3582 2248 3633 οὐ
2280 3576 2526 3649 χρονιεῖ.

2116 3665 2270 3721 Φίλον
2318 3685 2436 3733 πως
2475 3669 2562 3722 ἀεὶ
2593 3673 2705 3733 τοῖς
2733 3669 3031 3742 ἀνημέροις
3081 3670 3191 3725 τῶν
3249 3669 3402 3737 ζώων
3432 3672 3635 3727 ἐνδιαί-

2045 3772 2194 3828 τημα
2238 3758 2506 3813 ποιεῖσθαι
2558 3760 2626 3813 τὰ
2675 3760 2784 3813 τῶν
2833 3762 3049 3831 χωρίων
3117 3764 3481 3834 ἠρημωμένα,
3534 3767 3633 3818 καὶ

2045 3848 2199 3911 πόλις
2243 3850 2571 3922 ἑρειπομένη
2608 3852 2864 3916 πλείστας
2884 3869 2945 3906 τε
2975 3855 3107 3918 ὅσας
3144 3856 3349 3919 αὐτοῖς,
3396 3856 3490 3909 καὶ
3523 3856 3632 3928 μὴν

2044 3941 2138 3993 καὶ
2167 3941 2345 4012 εὐρείς
2402 3942 2501 4004 τὰς
2534 3944 2858 4009 καταδύσεις
2887 3947 3143 4000 ἀποτελεῖ
3188 3948 3525 4019 αὐτορόφους
3568 3967 3633 4003 τε

2044 4032 2137 4086 καὶ
2170 4032 2617 4103 ὲσχεδιασμένας,
2654 4036 2748 4088 xal.
2779 4037 2856 4100 ὡς
2886 4037 2995 4091 ἀπό
3022 4055 3085 4107 γε
3103 4039 3198 4093 τοῦ
3225 4039 3637 4112 συμϐεϐηκότος

2042 4121 2366 4192 αὐτομάτως
2414 4119 2819 4194 έξηυρημέναςσ
2876 4127 2936 4179 ἐν
2980 4128 3209 4199 ἐρήμοις
3252 4146 3312 4181 τε
3362 4130 3455 4183 καὶ
3514 4133 3633 4195 τοῖς

2043 4214 2288 4269 σιωπῶσι
2318 4214 2429 4271 τῶν
2460 4216 2660 4281 τόπων,
2709 4217 2828 4289 ἠχώ
2871 4236 2956 4285 τις
3010 4222 3186 4294 ἰσχνὴ,
3233 4226 3327 4275 καὶ
3363 4218 3477 4278 οἷον
3518 4224 3632 4279 ἀπὸ

2043 4307 2199 4380 σιγῆς
2220 4310 2319 4380 τῆς
2333 4307 2493 4380 ἄγαν,
2512 4310 2613 4363 οὐκ
2635 4306 2732 4364 οἷδ’
2747 4311 2916 4376 ὅπως,
2939 4313 3148 4384 ἀνίσχει
3178 4330 3239 4366 τε
3268 4315 3361 4367 καὶ
3383 4317 3501 4379 ταῖς
3518 4316 3633 4369 τῶν

364 4383 666 4450 babentcs,
729 4400 921 4440 sonum
990 4385 1155 4441 edent
1210 4388 1440 4444 desertis
1500 4393 1934 4448 cmwenientem.

2046 4399 2394 4469 ἠρεμούντων
2433 4402 2628 4466 ἀκοαῖς
2671 4404 3023 4474 εἰσκρίνεται.
3060 4383 3272 4460 Οὐκοῦν
3312 4408 3480 4479 θηρία
3529 4409 3633 4479 μὲν

365 4472 651 4527 Saltabunt
680 4514 695 4539 ,
738 4475 933 4545 inquit,
986 4476 1093 4533 illic
1134 4486 1189 4534 et
1235 4479 1519 4535 dzemonia.
1568 4481 1763 4537 Dicunt
1790 4486 1933 4541 enim

2046 4491 2430 4559 αναπαύσεται,
2466 4496 2652 4565 φησὶν,
2687 4472 2817 4567 ῆχου
2843 4496 2898 4550 δὲ
2920 4499 2976 4551 αί
3006 4499 3173 4552 οἰκίαι
3201 4472 3629 4571 πλησθῆσονται·

364 4561 470 4617 ξιιίε
502 4578 716 4632 quoque
748 4566 1023 4635 proprium
1051 4584 1171 4623 esse
1198 4568 1248 4623 in
1274 4567 1507 4627 desertis
1535 4572 1671 4630 locis
1704 4575 1937 4634 libenter

250 4673 259 4683 σ
360 4653 712 4718 commorari,
744 4664 798 4707 et
844 4656 997 4725 quasi
1050 4659 1410 4716 diversorium
1460 4663 1703 4732 quietum
1742 4668 1944 4724 consti-

366 4755 534 4801 tuere.
576 4745 796 4802 Sircncs
834 4758 1013 4803 autem
1042 4750 1173 4805 dicit
1202 4754 1447 4811 volucres
1476 4760 1719 4817 suaviter
1743 4775 1940 4816 canen-

363 4849 466 4905 tes,
500 4837 605 4903 vcl,
634 4838 929 4893 secundum
988 4839 1339 4901 Hebrzeorum
1391 4851 1805 4919 expositionem,
1839 4870 1936 4908 no-

360 4943 563 4986 etuatn.
604 4930 860 4999 Agrestes
909 4932 1093 4988 asinos
1135 4949 1536 4996 onocentauros
1588 4945 1850 5006 nominat,
1881 4955 1937 4999 et

358 5022 602 5085 echinos,
640 5021 690 5074 id
722 5025 822 5087 est,
856 5020 1159 5088 erinaceos,
1181 5042 1361 5083 mures
1385 5032 1557 5084 acutis
1585 5032 1755 5099 spinis
1791 5034 1937 5090 velut

362 5113 532 5167 hirtos
580 5124 633 5168 ct
668 5114 974 5169 harreutes.
1027 5115 1151 5172 [Lee
1211 5122 1393 5177 omnia
1435 5124 1626 5177 merito
1669 5125 1931 5190 vastatis,

360 5205 439 5258 vel
477 5207 724 5273 urbibus,
775 5208 856 5262 vel
905 5209 1155 5263 domibus
1199 5213 1490 5267 convenire
1542 5216 1779 5281 possent.
1837 5216 1932 5274 liis

327 5299 535 5350 autem
593 5301 772 5355 subdit
811 5320 824 5355 :
871 5300 991 5356 Cito
1045 5302 1218 5367 \‘cuit,
1252 5311 1307 5357 et
1336 5318 1440 5358 non
1498 5306 1731 5362 tardabit
1775 5326 1788 5361 :
1840 5319 1934 5364 aut

358 5385 595 5455 Assyriis
626 5392 889 5446 acrimettt
916 5409 1101 5448 curam
1132 5396 1399 5460 excitans,
1432 5406 1525 5451 aut
1574 5397 1661 5453 his
1686 5399 1778 5469 qui
1806 5411 1933 5456 sunt

358 5491 424 5530 ex
451 5481 656 5532 semine
682 5480 861 5550 ,lsrael
894 5487 1320 5543 consolationem
1369 5491 1509 5545 haud
1534 5492 1783 5563 exiguam
1834 5509 1929 5561 ea:

359 5570 478 5623 dem
505 5581 668 5635 opera
704 5570 1121 5633 ati‘erens.'Cum
1160 5583 1304 5637 enim
1350 5582 1404 5637 in
1440 5583 1755 5652 captivitate
1801 5598 1920 5640 ver-

358 5668 631 5726 sarentur,
667 5670 721 5717 et
755 5662 894 5735 Cyro
921 5680 1044 5722 cum
1088 5668 1269 5727 Persis
1299 5682 1356 5729 et
1401 5672 1569 5733 Medis
1603 5674 1927 5749 Babylonio-

2036 4584 2183 4639 τοῦτ’
2208 4585 2376 4650 ἔστιν,
2407 4587 2599 4643 οὐδένα
2633 4589 2911 4656 παντελῶς
2950 4592 3041 4645 τὸν
3087 4592 3346 4647 οἰκοῦντα
3380 4594 3629 4665 ἔχουσαι,

2036 4678 2145 4747 τὴν
2173 4681 2295 4743 ταῖς
2342 4680 2603 4751 ἐρημίαις
2645 4682 2962 4753 πρέπουσαν
3005 4684 3122 4756 ὴχῶ
3165 4687 3627 4757 κατακτήσονται.

2048 4768 2399 4840 Ὀρχήσονται
2431 4768 2506 4834 δὲ,
2553 4773 2736 4841 φησὶν,
2766 4774 2883 4826 ἐκεῖ
2922 4774 3019 4826 καὶ
3047 4773 3319 4843 δαιμόνια.
3354 4774 3490 4827 Φασὶ
3518 4775 3634 4847 γάρ

2043 4876 2160 4924 πως
2211 4861 2310 4915 καὶ
2338 4861 2481 4915 αὐτὰ
2506 4865 2619 4926 τοῖς
2659 4864 2928 4935 ὴρεμοῦσι
2957 4865 3066 4918 τῶν
3098 4866 3280 4919 τόπων
3304 4865 3434 4920 ίδιον
3462 4868 3633 4936 ἐμφι-

2041 4953 2325 5021 λοχωρεῖν,
2377 4955 2475 5007 καὶ
2525 4948 2638 5010 οἷον
2683 4956 2984 5027 ὲναύλισμα
3026 4957 3297 5013 ποιεῖσθαι
3356 4958 3630 5029 σχολαῖον.

2038 5041 2306 5112 Σειρῆνας
2323 5042 2402 5108 δὲ,
2442 5040 2615 5115 οἶμαι,
2654 5048 2787 5118 φησί
2810 5049 2879 5103 τὰ
2901 5048 3186 5120 εὐστομεῖν
3215 5050 3394 5103 εἰδότα
3424 5059 3630 5121 πτηνὰ,

2037 5131 2096 5201 ἢ,
2126 5131 2269 5187 κατά
2287 5149 2351 5201 γε
2378 5134 2476 5206 τὴν
2521 5135 2787 5207 Ἐϐραίων
2821 5137 3055 5206 ἔκδοσιν,
3091 5142 3190 5210 τὴν
3218 5141 3451 5211 γλαῦκα.
3486 5142 3632 5206 Τοὺς

2035 5222 2092 5279 δέ
2128 5242 2193 5292 γε
2230 5226 2340 5279 τῶν
2373 5227 2512 5281 όνων
2552 5230 2780 5301 ἀγρίους
2829 5234 3255 5307 ὀνοκενταύρους
3306 5236 3590 5308 ὠνόμασεν
3614 5256 3627 5267 ·

2038 5315 2134 5370 καὶ
2168 5317 2276 5389 μὴν
2320 5318 2415 5372 καὶ
2460 5320 2672 5389 ἐχίνους
2730 5323 2858 5387 τούς
2903 5324 3169 5388 ἀκάνθαις
3217 5327 3421 5394 ὀξείαις
3466 5328 3630 5382 οἱονεὶ

2039 5408 2360 5477 φρίττοντας
2383 5411 2493 5465 τῶν
2519 5411 2694 5483 μυῶν.
2727 5414 2898 5469 Ταυτὶ
2921 5417 2977 5472 δὲ
3008 5421 3302 5490 σύμπαντα
3329 5419 3530 5491 πρέποι
3558 5419 3631 5473 ἂν

2039 5499 2262 5563 εἰκότως
2286 5505 2406 5565 ταῖς
2437 5504 2670 5558 εἰσάπαν
2708 5508 3165 5584 ὴρημωμέναιςῆ
3212 5512 3431 5566 πόλεσιν
3472 5511 3504 5583 ἢ
3544 5513 3626 5565 οί-

2036 5586 2203 5652 κίαις.
2255 5591 2611 5663 Ἐπιλέγειδὲ
2640 5594 2867 5661 τούτοις,
2921 5599 3002 5653 δτι
3048 5602 3187 5672 ταχὺ
3236 5601 3477 5674 ἔρχεται.
3527 5602 3626 5656 καὶ

2033 5676 2095 5733 οὐ
2129 5685 2351 5752 χρονιεῖ.
2432 5684 2503 5740 Ἦ
2553 5687 2667 5752 τοῖς
2720 5688 3025 5761 Ἀσσυρίοις
3081 5693 3413 5764 πικροτέραν
3460 5691 3627 5760 ινιεὶς
