4030 6208
237 354 348 411 373

1380 354 1450 411 IN
1489 355 1727 413 KSAIAM
1765 353 1891 413 UB.
1936 355 2001 414 11.
2045 356 2285 417 τοιιιῑδ
2325 360 2383 417 ll.

3399 357 3506 413 δτι

240 468 382 542 πρὸς
415 468 514 541 με’
540 467 652 523 Ποῦ
687 468 894 542 Κύριος
921 471 950 524 δ
976 460 1109 536 θεός
1150 489 1279 541 σου;
1312 475 1375 528 Ol
1420 476 1689 549 ὀφθαλμοί
1725 497 1825 550 μου

1956 480 2084 535 lculi
2112 482 2212 537 mei
2241 482 2493 536 ridebunt
2537 479 2734 549 ipsam,
2761 491 2905 533 nunc
2936 478 3039 533 erit
3092 477 3506 543 conculcatioui,

244 560 542 628 ὲπόψονται
568 559 742 630 αὑτήν
766 575 780 589 °
811 560 907 613 νῦν
937 559 1089 614 ἔσται
1114 564 1193 627 είς
1220 566 1595 637 καταπάτημα
1626 568 1701 631 ὡς
1728 586 1830 637 πη-

246 653 335 715 λος
362 655 417 705 ἐν
440 654 562 715 ταῖς
584 652 727 715 ὁδοῖς
756 653 970 725 ἡμέρας
1006 654 1233 726 ἀλοιφῆς
1273 656 1495 711 πλίνθου
1519 677 1531 689 ο
1560 658 1830 729 ὲξάλειψίς

248 745 391 814 σουή
430 745 619 816 ἡμέρα
660 747 867 814 ἐκείνη.
904 766 924 798 ι
957 747 1094 801 Καθ’
1119 749 1186 819 ἣν
1214 749 1457 819 δηλονότι
1500 752 1528 804 ὁ
1560 751 1741 823 Κύρος
1774 770 1831 805 τε

238 838 335 911 ptui
353 837 532 906 Μῆδοι
557 835 802 909 Πέρσαις
848 839 1051 909 ἀναμὶξ
1073 841 1311 911 ᾑρήκασι
1338 840 1434 911 τὴν
1456 841 1829 895 Βαϐυλωνίων.

250 928 669 997 Προσωποποιεῖ
698 930 984 999 τοιγαροῦν
1015 931 1106 983 καὶ
1145 932 1242 985 νῦν
1275 932 1426 986 οὐδὲν
1453 928 1615 1005 ἦττον
1655 934 1684 985 ὁ
1727 949 1832 1003 μα-

268 1019 429 1088 εάριος
456 1021 770 1089 προφήτηςο
804 1022 1153 1091 παρωξύνθαι
1183 1034 1241 1077 ιε
1265 1041 1450 1093 φησιν,
1474 1024 1644 1096 ἤγουν
1669 1042 1833 1078 πεπι-

250 1109 475 1181 κράνθαι
522 1111 616 1164 τὸν
660 1111 791 1184 ᾅδην
830 1114 1210 1168 καταϐαίνοντι
1252 1118 1683 1186 συναντήσαντα.
1725 1115 1835 1168 Καί

250 1219 333 1271 μοι
379 1201 483 1254 τοῦ
522 1203 688 1271 λόγου
728 1203 1017 1276 περιάθρει
1057 1205 1157 1275 τὴν
1202 1206 1535 1276 οἰκονομίαν.
1580 1207 1838 1261 Καταδείο

247 1309 402 1345 κνυσι
449 1292 565 1364 γὰρ
605 1294 696 1347 διὰ
730 1295 922 1349 τούτου
975 1297 1256 1368 μιαιφόνον
1299 1297 1427 1351 ὄντα
1461 1300 1555 1351 καὶ
1589 1299 1837 1369 αἱμάτων

250 1384 461 1455 πλήρη,
487 1385 633 1438 ὥστε
663 1386 757 1439 καὶ
784 1387 943 1456 ἔργον
970 1389 1072 1458 τῆς
1114 1389 1341 1458 ἐνούσης
1376 1390 1659 1460 ὠμότητος
1694 1390 1840 1461 αὐτῷ

250 1479 429 1531 πάντα
466 1478 656 1548 σχεδὸν
687 1479 941 1546 γενέσθαι
972 1481 1066 1532 τὸν
1099 1481 1254 1551 ᾅδην,
1286 1482 1402 1552 ἦτοι
1437 1482 1563 1545 τοὺς
1591 1482 1749 1546 δντας
1785 1484 1841 1537 ἐν

251 1568 394 1639 ᾅδου.
427 1570 507 1622 Οὐ
532 1571 645 1640 γὰρ
665 1569 1000 1624 διαλέλοιπεν
1036 1573 1064 1624 δ
1095 1572 1310 1636 ἀλαζὼν
1329 1571 1456 1641 ἔθνη
1473 1590 1530 1625 τε
1559 1573 1652 1627 καὶ
1682 1573 1840 1643 βασι-

257 1662 366 1725 λεῖς
398 1662 577 1731 ἄρδην
608 1662 940 1734 ἀποκείρων,
966 1664 1061 1716 καὶ
1107 1662 1294 1734 ψυχῶν
1341 1664 1543 1718 ἀθλίων
1584 1665 1673 1718 τὸν
1710 1664 1843 1737 ᾅδην

253 1753 635 1823 ἁναπιμπλάς.
688 1755 897 1819 Πάντες
941 1752 1034 1809 οὖν
1078 1757 1127 1809 οἱ
1171 1756 1447 1825 γίγαντες,
1497 1757 1652 1827 φησι,
1696 1757 1842 1810 τοῦτ’

1936 583 1991 626 ιιι
2023 573 2193 626 lutum
2218 574 2271 626 in
2299 573 2418 634 viis,
2451 572 2640 625 diebus
2676 570 2853 624 litura:
2877 567 3359 624 lateriszdelebitte
3393 569 3511 624 dies

1933 664 2023 718 ille
2043 664 2107 715 ’⁸.
2145 682 2164 715 ι
2203 663 2317 729 Quo
2352 662 2559 717 scilicet
2584 662 2759 729 Cyrus
2791 668 2844 714 et
2876 660 3010 713 Medi
3032 674 3152 712 eum
3172 657 3349 712 Persis
3377 672 3508 712 con-

1929 755 2163 826 juuetim
2195 765 2393 809 terram
2445 754 2865 824 Babyloniorum
2917 753 3269 807 sustulerunt.
3326 752 3513 819 Itaque

1937 847 2285 901 nihilominus
2298 855 2353 899 et
2374 847 2463 899 hic
2480 861 2573 915 per
2588 845 3015 915 prosapopasiam
3043 845 3233 898 beatus
3253 844 3512 912 propheta

1935 937 2246 993 exacerbati
2278 937 2409 991 dicit
2455 946 2507 990 et
2536 935 2848 1003 exasperari
2898 933 3120 999 inferos,
3168 945 3515 988 accursantes

1940 1030 2049 1096 regi
2108 1027 2526 1100 Babyloniorum
2564 1027 2939 1081 descendenti.
3001 1026 3064 1080 Et
3115 1027 3245 1080 mihi
3307 1027 3517 1080 intuere

1937 1120 2199 1176 orationis
2242 1119 2604 1174 (ncouomiam
2668 1133 2733 1173 ac
2786 1118 3218 1186 dispositionem.
3269 1116 3516 1169 Ostendit

1938 1210 2082 1264 enim
2106 1209 2432 1265 homicidam
2467 1222 2591 1261 eum
2644 1221 2765 1261 esse
2789 1215 2843 1259 et
2872 1206 3153 1275 sanguinis
3180 1205 3422 1272 plenum,
3455 1210 3512 1253 ut

1938 1292 2087 1356 totus
2127 1300 2243 1355 fere
2295 1300 2558 1363 infernus,
2591 1298 2845 1351 nimirum
2903 1297 2955 1351 hi
3002 1296 3094 1365 qui
3143 1294 3281 1364 apud
3318 1293 3521 1347 inferos

1940 1402 2088 1453 sunt,
2117 1407 2251 1461 Opus
2283 1400 2338 1445 et
2370 1390 2593 1444 materia
2627 1388 2825 1442 fuerint
2854 1387 2996 1455 ejus,
3027 1386 3214 1456 quaein
3246 1386 3362 1452 ipso
3381 1392 3519 1446 erat,

1942 1482 2297 1537 crudelitatis.
2353 1479 2467 1535 Non
2520 1480 2662 1535 enim
2697 1479 2902 1533 destitit
2944 1479 3210 1547 superbus
3242 1486 3296 1529 et
3335 1484 3524 1545 gentes

1943 1583 1998 1629 et
2025 1588 2178 1644 reges
2210 1572 2457 1641 stirpitus
2479 1570 2729 1635 evellere,
2758 1579 2810 1623 et
2835 1568 3049 1622 miseris
3079 1567 3359 1621 animabus
3383 1563 3526 1618 infc-

1944 1681 2035 1720 ros
2067 1664 2297 1734 replere.
2330 1662 2532 1718 Omnes
2566 1661 2729 1732 igitur
2764 1660 3031 1728 gigantes,
3090 1658 3289 1727 inquit,
3323 1657 3373 1709 id
3418 1664 3524 1715 est.

1947 1756 2150 1809 viribus
2185 1756 2443 1823 insignes,
2476 1763 2530 1808 et
2564 1752 2745 1806 multis
2784 1751 3157 1819 imperitantes
3181 1747 3451 1817 gentibus,
3474 1755 3530 1799 et

254 1838 419 1903 εστιν,
450 1842 502 1893 οί
550 1841 672 1894 κατ’
706 1842 861 1912 ἰσχὺν
891 1844 1152 1914 ἐπίσημοι
1176 1847 1482 1913 γεγονότες,
1508 1848 1604 1900 καὶ
1634 1847 1844 1900 πολλῶν

1956 1863 2043 1918 per
2067 1859 2118 1901 te
2142 1820 2338 1901 sublati
2386 1844 2804 1913 respondebunt,
2839 1853 2890 1911 et
2921 1842 3121 1903 dicent,
3146 1840 3211 1893 Et
3251 1851 3303 1894 tu
3340 1848 3529 1905 captus

254 1931 517 2001 ἄρξαντες
571 1932 763 1995 ἐθνῶν,
797 1936 1132 2008 ἀνῃρημένοι
1172 1936 1228 1990 δὲ
1270 1936 1356 1989 διὰ
1391 1936 1508 1994 σοῦ.
1546 1938 1847 2009 ἀποκριθήο

258 2037 460 2083 σονται,
495 2023 595 2076 καὶ
635 2024 842 2095 ὲροῦσι,
880 2029 985 2079 Καὶ
1012 2030 1075 2082 σὺ
1116 2029 1289 2091 ἑάλως
1317 2026 1506 2101 ὥσπερ
1535 2034 1628 2081 καὶ
1661 2031 1840 2100 ἡμεῖς.

254 2106 435 2167 Ἦσθα
482 2114 585 2183 μὲν
632 2116 739 2186 γὰρ
790 2116 1095 2188 ἄνθρωπος,
1131 2119 1315 2188 φασὶν,
1364 2119 1479 2171 ἀλλ⁹
1509 2120 1610 2173 οὐκ
1664 2119 1849 2189 ἠξίους

254 2203 410 2258 τοῦτο
443 2206 647 2260 εἰδέναι.
693 2208 787 2261 καὶ
831 2212 1049 2280 φρονεῖν
1070 2226 1083 2239 ·
1117 2211 1231 2264 ἀλλ’
1264 2210 1373 2265 οὐδ’
1402 2212 1468 2265 ἂν
1519 2211 1728 2283 ᾠήθης,
1762 2213 1848 2267 ὅτι

258 2300 348 2350 καὶ
372 2299 654 2364 κρείσσων
686 2300 840 2355 ἔσται
863 2319 946 2364 τις
974 2305 1072 2372 τῆς
1101 2303 1198 2373 σῆς
1224 2301 1446 2372 ὀφρύος,
1476 2305 1569 2359 καὶ⁸
1590 2305 1689 2374 τῆς
1720 2304 1849 2358 δυσ-

260 2392 491 2459 αντήτου
527 2391 733 2462 χειρὸς,
768 2394 875 2446 εἰσὶ
917 2393 974 2447 δὲ
1016 2395 1098 2448 ὅτι
1147 2396 1242 2448 καὶ
1299 2394 1531 2449 θανάτου
1564 2397 1847 2468 κρείττων,

260 2482 357 2533 οὐκ
382 2482 492 2546 ἔξω
519 2500 627 2535 που
657 2484 798 2554 τάχα
824 2484 1076 2550 τέθεικας
1106 2488 1204 2557 τῆς
1234 2487 1469 2552 ἐλπίδος,
1499 2490 1652 2557 μόλις
1678 2490 1732 2542 δὲ
1757 2491 1849 2543 καὶ

264 2574 359 2642 οὐχ
401 2575 603 2627 ἑκόντα
651 2592 711 2628 σε
754 2576 1002 2649 μάχαιρα
1030 2580 1256 2633 πέπεικε
1283 2580 1496 2651 Μηδικὴ
1523 2581 1610 2635 διὰ
1657 2582 1851 2653 πείρας

266 2665 434 2735 αὐτῆς
461 2667 746 2736 ἐκμαθεῖν,
780 2670 861 2722 ὅτι
888 2670 1009 2723 καθ’
1037 2674 1181 2742 ἡμᾶς
1213 2669 1357 2743 ἦσθα
1390 2675 1483 2726 καὶ
1511 2674 1692 2737 αὑτός.
1742 2674 1852 2729 Καὶ

271 2755 403 2822 γοῦν
432 2757 624 2820 ἐᾶλως,
656 2758 847 2831 ῶσπερ
874 2760 967 2814 καὶ
998 2764 1181 2831 ἡμεῖς.
1213 2763 1434 2835 Κατέϐη
1466 2764 1521 2817 δὲ
1548 2766 1625 2827 είς
1659 2764 1783 2836 ᾅδου
1815 2767 1849 2836 ὴ

281 2846 410 2910 δόξα
438 2865 554 2911 σου,
589 2850 703 2903 ἀντὶ
735 2853 853 2917 τοῦ,
887 2853 1118 2925 ἐσϐέσθη
1151 2854 1398 2925 θανάτῳ·
1422 2855 1516 2908 καὶ
1547 2857 1608 2909 τὸ
1634 2856 1854 2927 spata};

282 2940 382 3009 τῆς
408 2938 615 3010 φθορᾶς
633 2944 985 3015 ἐπενήνεκται
1016 2948 1236 3014 κράτος.
1254 2948 1365 3018 Τὴν
1393 2947 1489 3018 σὴν
1513 2947 1853 3019 εὐφροσύνην

276 3031 468 3098 ὗιᾷεται
504 3034 596 3087 καὶ
633 3036 781 3104 μόλις
805 3039 1049 3102 τεθεικδς
1080 3039 1145 3092 ἐκ
1177 3040 1364 3109 μέσου.
1398 3040 1775 3111 Στρωθήσεται
1797 3041 1853 3095 δὲ

1949 1955 2028 2004 es,
2075 1939 2522 2008 quemadmodum
2570 1946 2627 1990 et
2684 1950 2801 1991 nos.
2854 1934 2984 1989 Eras
3034 1933 3203 1995 enim,
3255 1931 3528 1999 inquiunt.

1950 2030 2131 2095 homo,
2162 2028 2253 2084 sed
2292 2044 2396 2082 non
2425 2029 2674 2097 dignatus
2692 2042 2752 2081 es
2789 2027 2889 2080 hoc
2908 2039 3067 2079 nosse
3097 2037 3269 2091 neque
3290 2021 3527 2075 sentire:

1949 2123 2045 2177 sed
2077 2138 2175 2177 nec
2194 2122 2513 2175 existimasti
2542 2133 2863 2189 quemquam
2895 2116 3008 2170 fore
3034 2115 3123 2185 qui
3184 2110 3528 2181 supercilium

1953 2224 2125 2279 tuum,
2158 2221 2213 2267 et
2241 2226 2459 2265 manum
2519 2211 2811 2265 immanem
2863 2222 2927 2262 ac
2979 2204 3306 2261 horrendam
3351 2209 3534 2271 posset

1951 2321 2228 2374 superare,
2262 2306 2371 2359 imo
2412 2305 2551 2359 forte
2606 2313 2657 2358 te
2701 2311 2927 2356 mortem
2972 2313 3131 2371 posse
3158 2300 3376 2351 vincere
3425 2310 3533 2349 non

1953 2397 2314 2467 desperabas;
2350 2396 2438 2450 vix
2472 2404 2646 2449 autem
2679 2394 2841 2449 etiam
2874 2390 3075 2446 nolenti
3122 2389 3333 2459 gladius
3365 2387 3538 2441 Medi-

1954 2505 2049 2544 cus
2078 2488 2367 2559 persuasit,
2398 2497 2454 2542 ut
2485 2488 2588 2542 hoc
2614 2485 2984 2556 experimento
3026 2482 3290 2544 diseeres,
3323 2490 3373 2535 Ic
3433 2495 3538 2533 no-

1955 2589 2084 2635 stra
2108 2594 2321 2650 quoque
2338 2578 2668 2635 conditionis
2702 2592 2763 2631 ac
2782 2577 2950 2632 sortis
2971 2573 3231 2629 fuisse.Et
3264 2583 3319 2628 tu
3347 2581 3537 2640 captus

1953 2686 2012 2725 es
2043 2672 2182 2726 sicut
2207 2682 2261 2724 et
2289 2685 2388 2724 nos
2425 2688 2437 2725 :
2477 2669 2862 2739 descenditque
2893 2667 2958 2721 ad
2996 2666 3198 2720 inferos
3225 2664 3393 2735 gloria
3421 2672 3533 2726 tua,

1955 2781 2075 2837 pro,
2107 2764 2372 2819 exstincta
2395 2775 2478 2819 est
2500 2772 2705 2826 morte;
2732 2771 2786 2816 et
2818 2764 2969 2814 triste
2995 2759 3337 2814 mortalitatis
3366 2758 3538 2826 impe-

1957 2856 2384 2910 rluminvecutm
2408 2863 2511 2917 est,
2549 2863 2802 2921 tuamque.
2843 2852 3084 2905 lattitiam
3136 2865 3297 2918 quam
3354 2858 3529 2902 susut-

1957 2946 2037 3010 lit,
2084 2946 2172 2999 vix
2214 2945 2455 3015 aspiciet.
2492 2942 2887 2996 Subslernetur
2933 2942 3095 2995 etiam
3142 2941 3235 2993 tibi
3282 2946 3537 3009 putredo,

1958 3036 2156 3107 lietque
2187 3038 2280 3091 tibi
2310 3036 2509 3089 vermis
2535 3034 2979 3104 proimlumeuto.
2999 3033 3171 3100 Atque
3198 3032 3298 3084 hoc
3321 3028 3539 3099 quidem

276 3123 437 3194 σῆψις
459 3126 558 3195 μὲν
585 3127 845 3181 ὑποκάτω
879 3146 994 3195 σου,
1012 3133 1301 3199 γενήσεται
1331 3131 1388 3184 δέ
1414 3149 1494 3184 σοι
1525 3134 1619 3185 καὶ
1652 3132 1854 3203 ἄμφιον

1957 3138 2040 3183 est
2085 3141 2367 3199 commune
2398 3147 2409 3183 :
2449 3143 2571 3180 nam
2614 3142 2733 3180 cum
2769 3124 2934 3179 semel
2970 3138 3125 3192 passa
3154 3129 3278 3175 sunt
3312 3130 3538 3174 mortem

273 3214 347 3277 ὡς
383 3216 623 3288 σκώληξ.
660 3219 771 3272 Καὶ
819 3222 995 3275 κοινὸν
1053 3222 1150 3294 μὲν
1199 3222 1378 3278 τοῦτο.
1408 3223 1707 3278 Πεπονθόσι
1749 3225 1858 3297 γὰρ

276 3306 421 3372 ἅπαξ
452 3312 567 3373 τοῖς
602 3310 962 3381 ἀνθρωπίνοις
994 3314 1204 3385 σώμασι
1224 3314 1287 3368 τὸ
1313 3315 1621 3380 ἀποθανεῖν,
1652 3315 1858 3387 συμϐή-

276 3417 437 3456 σεται
460 3403 682 3467 πάντως
722 3406 885 3475 σῆψις
920 3408 1014 3458 καὶ
1058 3405 1295 3477 σκώληξ.
1318 3460 1323 3463 ,
1350 3407 1497 3478 Πλὴν
1538 3407 1622 3459 ἐπ’
1649 3407 1859 3460 ἐκείνου

273 3490 490 3560 λέγεται
538 3495 746 3560 καλῶς,
768 3497 843 3559 ὡς
873 3500 930 3550 ἐν
963 3499 1113 3564 τάξει
1163 3499 1377 3569 πικρῶν
1426 3498 1766 3568 ὀνειδισμῶν.
1797 3500 1858 3552 Οἱ
1891 3551 1895 3554 ,

272 3582 382 3654 γὰρ
428 3587 508 3647 εἰς
553 3586 724 3659 λήθην
778 3589 1030 3652 πεσόντες
1059 3593 1155 3660 τῆς
1187 3591 1394 3643 ἑαυτῶν
1423 3591 1730 3655 ἀσθενείας,
1764 3591 1860 3644 καὶ

273 3677 337 3727 ἐκ
390 3677 600 3744 πολλῆς
655 3680 796 3746 ἄγαν
850 3680 1168 3752 ὑπεροψίας,
1198 3681 1317 3735 οὐδὲ
1353 3683 1434 3736 ὅτι
1470 3683 1746 3736 πείσονται
1793 3682 1863 3737 τὰ

271 3765 598 3838 ἀνθρώπινα
628 3770 1115 3843 προσδοκήσαντες,
1143 3774 1587 3836 κατονειδίζοιντο
1622 3773 1687 3827 ἂν
1720 3775 1864 3827 εἰκό-

269 3872 385 3920 τως
412 3873 429 3887 ⁸
473 3857 552 3920 ὡς
595 3858 654 3911 ἓν
692 3875 755 3927 γε
799 3860 876 3931 τῷ
926 3862 1117 3917 παθεῖν
1146 3865 1283 3917 αὑτὰ
1317 3864 1579 3933 μαθόντες
1626 3864 1797 3935 μόλις,
1825 3864 1862 3920 ἃ.

271 3949 418 4018 χρῆν
450 3950 662 4012 εἰδότας
693 3951 907 4005 ἑλέσθαι
938 3957 1157 4023 φρονεῖν
1187 3955 1549 4027 μετριώτερα.
1570 3957 1627 4009 '0
1654 3956 1857 4021 τοίνυν,

272 4040 468 4107 φησὶν,
496 4038 765 4110 ἑξιτήλοις
797 4043 892 4095 καὶ
938 4042 1243 4111 βασιλικαῖς
1286 4045 1702 4117 ἐνσπαταλήσας
1741 4063 1865 4119 τρυ-

271 4132 432 4194 φαῖς,
462 4130 601 4199 ὁμοῦ
632 4134 745 4194 τοῖς
773 4133 950 4197 ἄλλοις
979 4134 1220 4188 κείσεται
1250 4138 1576 4207 περιστολῆς
1602 4138 1746 4209 δίχα,
1770 4140 1864 4193 καὶ

272 4218 584 4293 ἠξιωμένος
626 4221 838 4287 οὐδενὸς
866 4224 973 4277 τῶν
1007 4228 1120 4287 τοῖς
1147 4225 1404 4293 τεθνεῶσι
1437 4228 1888 4299 νενομισμένων.,

341 4308 486 4375 Πῶς
516 4311 813 4375 ἐξέπεσεν
855 4313 923 4367 ἐκ
967 4314 1071 4369 τοῦ
1108 4316 1370 4383 ρι’φανοῦ
1399 4319 1431 4369 ό
1469 4316 1803 4386 Έωσφόρος
1831 4321 1865 4373 ό

275 4403 434 4470 πρωῒ
478 4403 867 4468 ἁνιιτέλλωνς
898 4407 1219 4474 συνετρίϐη
1249 4409 1336 4473 εις
1370 4407 1484 4475 τὴν
1507 4408 1625 4481 γῆν
1658 4414 1691 4465 ό
1714 4411 1865 4467 ἀστο-

271 4495 564 4547 στέλλων
596 4496 749 4562 πρὸς
782 4497 978 4555 πάντα
1012 4500 1083 4553 τὰ
1113 4500 1256 4567 ἔθνη
1280 4515 1309 4563 ;Δ

359 4586 568 4659 Ἀστὴρ
599 4588 709 4640 τῶν
736 4590 819 4642 ὅτι
860 4590 1093 4660 μάλιστα
1116 4592 1599 4663 περιφανεστάτων
1637 4596 1666 4649 ό
1702 4596 1867 4650 Ἑωσ-

271 4679 452 4751 φόρος
498 4678 644 4731 ἐστίν
666 4695 679 4708 ’
722 4680 931 4751 ἀνίσχει
955 4681 1009 4732 δὲ
1038 4680 1211 4753 βραχὺ
1237 4683 1343 4753 προ
1372 4685 1567 4755 αὐγῆς,
1589 4687 1682 4739 καὶ
1704 4687 1865 4740 οἱονεί

270 4788 362 4833 τις
398 4770 744 4841 προάγγελος
770 4772 869 4840 τῆς
896 4770 1046 4843 ἡλίου
1080 4791 1149 4841 μα
1161 4775 1603 4845 ρμαρυγῆς.’⁸οτι
1622 4777 1678 4831 δὲ
1700 4778 1865 4831 πλου-

274 4861 382 4931 σίῳ
405 4863 548 4928 φωτὶ
579 4861 1018 4932 καταλάμπεται,
1053 4864 1368 4930 διαδείξειεν
1390 4866 1455 4920 ἂν
1482 4868 1614 4921 αὐτὸ
1637 4873 1786 4922 τουτὶ
1808 4870 1873 4922 τὸν

272 4954 459 5023 βραχὺ
511 4954 796 5023 φαίνεσθαι
847 4956 954 5027 πρὸ
1003 4957 1198 5027 αὐγῆς.
1239 4957 1385 5019 Ἕως
1432 4957 1530 5029 μὲν
1570 4958 1677 5030 γὰρ
1704 4959 1782 5013 ἔτι
1810 4961 1872 5015 τὸ

269 5044 524 5114 αἰθέριον
558 5048 1014 5116 καταμελαίνεται
1051 5049 1231 5119 σῶμα,
1265 5052 1549 5121 μονονουχὶ
1585 5052 1869 5123 φριγώσης

272 5134 501 5196 νυκτὸς,
534 5136 629 5187 καὶ
682 5138 738 5188 ὲν
780 5139 987 5207 ἀκμαῖς
1047 5138 1200 5202 ὄντος
1241 5140 1335 5192 τοῦ
1372 5140 1617 5205 σκότους,
1649 5132 1884 5210 ἐκφανεΪ

273 5227 486 5298 οτέραν
517 5226 698 5296 ἔχουσι
742 5229 841 5299 τὴν
891 5229 1161 5300 ἔκλαμψιν
1209 5232 1257 5284 οἱ
1311 5233 1429 5285 κατ’
1454 5233 1684 5306 οὐρανὸν
1719 5235 1870 5300 ὄντες

269 5320 511 5387 ἀστέρες
529 5336 541 5349 ·
568 5321 780 5390 ἡμέρας
802 5322 856 5374 δὲ
880 5320 1045 5392 οὔσης
1076 5325 1262 5392 ἐγγὺς,
1285 5326 1377 5377 καί
1406 5320 1516 5379 οἷον
1545 5329 1600 5379 ὲν
1624 5327 1868 5397 πρώταις

273 5412 559 5480 ἐσχατιαῖς
589 5412 682 5467 τοῦ
714 5413 939 5484 ἡλιακοῦ
966 5417 1249 5483 γεγονότος
1273 5416 1493 5483 κύκλου,
1518 5420 1865 5473 συστέλλεται

274 5520 398 5567 πως
432 5503 495 5556 τὸ
528 5506 757 5561 ἑκάστου
788 5506 903 5575 φῶς
930 5508 1292 5581 παραχωροῦν
1324 5508 1402 5581 τῷ
1432 5509 1736 5582 προῦχοντι,
1772 5513 1865 5566 καὶ

275 5594 596 5666 ⁴ηττὼμενον
644 5598 724 5669 τῷ
770 5599 977 5670 μείζονι
1031 5602 1538 5675 digamma)an
1586 5604 1642 5658 δὲ
1691 5603 1866 5670 οὕτως

350 5753 400 5787 ’⁸
444 5752 607 5812 Hich.
664 5770 761 5823 \‘ll,
800 5756 943 5814 8-H.

1962 3220 2194 3274 humana
2223 3233 2470 3288 corpora,
2505 3233 2719 3288 semper
2758 3226 2812 3271 et
2870 3215 3191 3286 putrefactio
3239 3222 3293 3268 et
3342 3211 3543 3266 vermis

1960 3312 2227 3368 accident.
2263 3311 2369 3366 Sed
2400 3312 2463 3366 de
2495 3312 2586 3365 illo
2619 3310 2837 3380 pulchre
2885 3309 3083 3362 dicitur
3114 3307 3324 3361 acerba:
3353 3313 3541 3359 contu-

1962 3400 2134 3454 melia:
2167 3402 2287 3457 loco
2321 3418 2336 3454 :
2372 3402 2460 3470 qui
2493 3403 2637 3455 enim
2680 3399 2730 3453 iu
2780 3399 3107 3453 oblivionem
3142 3402 3408 3449 venerunt
3431 3408 3544 3447 suze

1962 3491 2200 3561 ipsorum
2232 3492 2581 3556 infirmitatis,
2614 3501 2667 3545 et
2712 3501 2932 3560 propter
2960 3490 3223 3561 insignem
3254 3487 3541 3557 quamdam

1962 3584 2326 3650 insolentiam,
2361 3599 2419 3638 se
2469 3584 2604 3637 nihil
2651 3598 2905 3652 passuros
2975 3582 3284 3635 humanitus
3344 3592 3545 3644 exspe-

1962 3684 2129 3743 ctant,
2166 3676 2360 3729 merito
2393 3676 2604 3745 probris
2629 3677 2970 3744 exagitantur
2989 3684 3040 3727 ct
3068 3672 3328 3735 dicteriis,
3360 3678 3417 3723 ut
3442 3671 3544 3723 ista

1963 3767 2217 3838 patiendo
2248 3783 2389 3836 aegre
2428 3767 2551 3821 licet
2579 3767 2791 3820 discant
2812 3764 3268 3832 quemadmodum
3300 3768 3545 3830 oporteat

1964 3860 2168 3914 sentire
2197 3860 2264 3913 de
2287 3875 2345 3914 se
2375 3858 2687 3913 modestius.
2718 3858 2819 3925 Qui
2849 3858 3036 3927 igitur,
3069 3856 3267 3924 inquit,
3296 3853 3546 3907 mollibus

1966 3966 2029 4007 ac
2067 3951 2334 4021 regalibus
2370 3950 2594 4006 diffluxit
2626 3962 2679 4005 et
2718 3951 3011 4004 luxuriavit
3039 3948 3267 4011 deliciis,
3300 3950 3347 4003 is
3383 3945 3546 4001 simul

1964 4057 2089 4096 cum
2122 4043 2243 4096 aliis
2278 4042 2470 4110 jacebil
2497 4043 2614 4097 sine
2639 4044 2863 4107 amictu,
2897 4056 2995 4094 nec
3026 4041 3110 4095 his
3129 4054 3255 4120 qua:
3298 4048 3425 4096 sunt
3449 4038 3546 4093 de-

1964 4145 2111 4189 creta
2129 4143 2182 4190 et
2206 4133 2412 4189 sancita
2442 4134 2674 4191 mortuis
2724 4135 2919 4205 dignus
2951 4131 3257 4186 habebitur.

2038 4315 2206 4372 Vsus.
2236 4315 2326 4370 12.
2361 4313 2637 4381 Quomodo
2682 4314 2866 4369 cecidit
2925 4312 2989 4366 de
3042 4310 3167 4365 caelo
3217 4308 3428 4378 Lucifer
3455 4310 3547 4379 qui

1967 4426 2120 4464 mane
2150 4410 2415 4464 oriebatur
2440 4411 2465 4464 ?
2489 4411 2705 4465 attritus
2742 4418 2817 4465 est
2863 4409 2917 4462 in
2949 4417 3143 4460 terram
3170 4406 3259 4476 qui
3308 4406 3546 4459 mittebat

1897 4510 1939 4564 ι)
1967 4502 2035 4554 ad
2065 4518 2238 4555 onum
2262 4513 2434 4570 gentes
2464 4504 2488 4558 l‘

2032 4592 2193 4664 233
2251 4592 2414 4648 Stella
2479 4593 2809 4647 lucidissima
2883 4600 2967 4646 est
3030 4589 3269 4656 Lucifer,
3320 4598 3376 4646 et
3421 4598 3548 4644 ante

1962 4684 2299 4754 splendorem
2334 4700 2542 4739 aurora:
2566 4684 2839 4754 paululum
2872 4686 3065 4751 oritur,
3128 4692 3181 4739 et
3210 4682 3549 4738 coruscatio-

1966 4777 2049 4828 uis
2075 4775 2236 4829 veluti
2264 4775 2395 4829 solis
2424 4776 2643 4843 quidam
2688 4785 2766 4827 est
2798 4777 3153 4841 praumntius.
3186 4775 3339 4843 Quod
3365 4784 3548 4827 autem

1963 4868 2278 4933 abundanti,
2306 4876 2359 4921 et
2392 4868 2543 4936 quasi
2576 4868 2740 4920 divite
2776 4868 2893 4921 luce
2914 4867 3246 4936 ell‘ulgescat,
3295 4865 3422 4920 illud
3465 4864 3548 4918 in-
3613 4842 3622 4904 ἶ

1966 4960 2109 5014 dicio
2129 4975 2249 5014 esse
2270 4960 2642 5030 poterit,quod
2663 4958 2821 5026 paulo
2846 4968 2969 5013 ante
2989 4957 3283 5013 diluculum
3312 4956 3546 5008 eluceat.

1967 5051 2214 5117 Qnandiu
2261 5053 2403 5107 enim
2448 5052 2728 5105 aetherium
2784 5066 2982 5119 corpus
3024 5061 3201 5102 atrum
3253 5059 3339 5102 est
3389 5053 3545 5099 nocte

1968 5144 2119 5212 quasi
2155 5146 2505 5209 condensata,
2531 5152 2585 5198 et
2634 5136 3091 5215 invalescentibus
3122 5140 3381 5205 tenebris,
3415 5138 3538 5192 luci-

1968 5236 2172 5290 diorem
2207 5236 2408 5291 habent
2434 5236 2733 5291 claritatem
2763 5236 3009 5303 catlastes
3036 5233 3207 5288 stellae
3241 5247 3254 5283 :
3286 5247 3409 5285 cum
3446 5246 3539 5284 au-

1977 5339 2082 5383 tem
2120 5328 2376 5384 adventat
2423 5330 2561 5394 dies,
2610 5338 2665 5385 et
2701 5329 2861 5383 veluti
2900 5326 3031 5381 solis
3065 5333 3307 5379 extremo
3337 5323 3550 5378 circulo

1978 5421 2246 5485 imminet,
2268 5422 2607 5477 contrahitur
2634 5419 3033 5489 quodammodo
3073 5433 3256 5472 earmn
3304 5417 3549 5472 onmium

1974 5512 2085 5579 lux,
2115 5518 2312 5568 cedens
2342 5513 2727 5583 prmstantiori,
2769 5522 2823 5567 et
2855 5527 2883 5565 a
2920 5511 3105 5581 majori
3154 5511 3355 5565 lumine
3399 5527 3555 5580 supe-

1973 5616 2112 5663 rata.
2138 5606 2205 5661 At
2231 5605 2467 5663 Luciferi
2508 5606 2687 5661 lumen
2718 5607 2853 5663 adeo
2888 5606 3163 5676 copiosum
3187 5613 3293 5671 est,
3330 5614 3387 5657 ut
3423 5602 3560 5658 dilu-
