3962 6216
241 317 359 375 317.

1394 327 1462 384 ΙΝ
1501 329 1737 388 lSAlAM
1778 335 1906 392 LIB.
1950 339 2014 397 ll.
2057 339 2298 400 TOHUS
2336 343 2406 399 Il.

3411 349 3517 411 S78
3602 427 3606 431 ν

489 435 600 490 Καὶ
623 435 678 491 τί
703 437 841 510 πρὸς
868 439 1075 507 τούτοις
1095 440 1302 516 ἕτερον,
1326 445 1464 508 Τοὺς
1490 449 1548 501 ἐν
1573 451 1835 524 ἐπαγωγῇ

1943 473 2064 514 nem
2093 461 2383 532 redegerit,
2419 461 2690 533 urbesque
2739 463 3095 519 concusserit.
3140 463 3210 521 Et
3252 473 3514 536 praeterea

243 526 346 578 οὐκ
379 524 596 591 ἔλυσε-νς
615 527 768 580 Ἐπεὶ
794 528 852 582 δέ
874 546 996 584 τινα
1021 530 1128 584 τῶν
1156 534 1507 607 ἀντιγράφων
1534 538 1668 610 ἔχει’
1700 543 1838 607 Τοὺς

245 619 302 668 ἐν
331 616 633 688 ἀπαγωγῇ,
661 619 712 671 εί
749 619 850 689 μέν
887 637 970 684 τις
1002 622 1172 687 οὕτως
1203 623 1444 695 βούλοιτο
1481 633 1640 695 νοεῖν,
1685 631 1840 703 ἐροῦ-

249 723 370 779 μεν,
409 708 494 761 ὃτι
525 709 587 761 τὸ
616 708 718 778 τῆς
767 711 1070 784 ἀπαγωγῆς
1124 715 1294 786 ὄνομα
1327 716 1424 790 τὴν
1462 723 1838 792 αἰχμαλωσίαν

247 801 340 853 καὶ
370 799 473 870 τὴν
502 799 864 865 ἐξανάστασιν
894 805 1004 858 τῶν
1025 804 1084 872 ἐξ
1121 809 1334 880 Ἰσραὴλ
1370 815 1834 884 κατασημαίνειεν

246 891 329 944 ἀν.
375 891 864 963 ’Δπεκομίσοησαν
903 895 1011 966 γὰρ
1055 898 1121 949 ἐκ
1163 897 1264 970 τῆς
1325 901 1584 967 Ἰουδαίας
1615 906 1697 968 εἰς
1738 905 1836 977 τὴν

258 981 584 1051 Ἀσσυρίων.
629 981 693 1036 Ei
750 983 810 1037 δέ
861 984 924 1056 δὴ
971 987 1097 1050 τοὺς
1141 989 1200 1042 ἐν
1249 991 1512 1063 ἐπαγωγῇ
1572 993 1717 1063 λέγοι
1775 997 1836 1050 τὸ

243 1069 482 1140 γράμμα
515 1071 579 1124 τὸ
603 1070 774 1143 ίερδν,
814 1071 964 1126 οὐδὲν
994 1070 1158 1148 ἧττον
1205 1077 1270 1131 σὺ
1320 1082 1554 1152 νοήσεις,
1585 1083 1668 1136 ὅτι
1708 1085 1836 1150 τοὺς

241 1155 399 1248 ὄντας
452 1157 514 1248 ἐν
569 1157 834 1248 ἐπαγωγῇ
880 1159 1052 1232 θυμοῦ
1105 1165 1333 1237 κυρίου.
1381 1169 1682 1244 Ἐπηνέχοη
1727 1174 1835 1248 γὰρ

241 1247 430 1310 αὐτοῖς
459 1247 604 1318 ἀργὴ
631 1249 719 1302 διὰ
740 1251 941 1323 πολλὴν
959 1255 1255 1324 ἁμαρτίαν.
1293 1257 1350 1312 '0
1367 1247 1836 1336 Ναϐουχοδονόσορ

239 1338 338 1390 οὐκ
375 1338 566 1404 ἔλυσε,
600 1340 748 1395 τοῦτ’
780 1342 945 1406 ἔστιν,
981 1347 1079 1400 οὐκ
1109 1347 1279 1416 ἀνῆκε
1307 1353 1404 1422 τῆς
1434 1353 1830 1428 ταλαιπωρίας.

215 1469 228 1480 .
243 1429 392 1483 Ἔδει
413 1431 552 1502 γὰρ,
581 1432 687 1486 ἔδει
709 1434 802 1490 τὸν
819 1435 1117 1509 ἀλιτήριον,
1141 1441 1240 1494 οὐκ
1255 1443 1492 1506 ἀλαζόνα
1519 1448 1678 1516 μόνον
1702 1449 1834 1520 ὁρᾶ-

241 1520 386 1584 σθαι,
428 1522 570 1576 ἀλλά
617 1524 726 1596 γὰρ
756 1527 850 1580 καὶ
877 1526 1166 1600 Θεομάχον,
1196 1535 1290 1587 καὶ
1322 1536 1706 1607 πεπορθηκότα
1732 1539 1832 1610 τὴν

239 1611 366 1682 γῆν,
384 1614 482 1666 καὶ
499 1615 758 1685 σκληρὸν,
775 1619 868 1672 καὶ
884 1619 1384 1694 ἁφιλοικτείρμονα,
1402 1627 1496 1680 καὶ
1515 1629 1632 1682 κατ’
1645 1630 1834 1684 οὐδένα

237 1703 446 1774 τρόπον
471 1705 655 1760 είδότα
681 1707 852 1762 ἐλεεῖν
881 1713 1005 1775 τοὺς
1049 1714 1106 1767 ἐν
1137 1715 1394 1786 ἐσχάταις
1421 1719 1581 1784 ὄντας
1619 1738 1830 1790 συμφο-

1939 553 2068 622 quid
2105 553 2235 607 illud
2283 555 2513 608 altermn
2555 555 2657 609 sibi
2687 555 2798 609 vult
2831 574 2845 610 :
2874 555 2940 610 Et
2971 557 3062 627 qui
3115 557 3168 611 in
3200 555 3517 613 inductione

1939 652 2096 698 erant
2121 659 2226 698 non
2261 644 2460 699 solvit?
2497 644 2761 712 Quoniam
2790 661 2918 701 vero
2954 649 3200 714 quantam
3237 647 3516 716 exempla-

1941 734 2018 787 ria
2051 734 2248 789 habent
2277 748 2298 788 :
2327 735 2425 801 Qui
2457 748 2614 790 erant
2639 736 2692 790 in
2725 737 2996 809 ἀπαγωγῇ
3022 739 3090 803 ⁹⁹,
3111 737 3164 791 id
3195 746 3302 802 est,
3349 738 3520 792 abdu-

1939 826 2142 888 ctione,
2167 826 2215 880 si
2243 827 2366 896 quis
2417 828 2492 880 ita
2521 827 2652 882 velit
2697 827 3020 898 intelligere,
3057 829 3300 884 dicemus
3349 829 3518 882 abdu-

1938 917 2136 971 ctionis
2203 932 2445 985 nomen,
2512 919 2881 986 captivitatem
2961 918 3328 974 lsraelitarum
3385 929 3439 972 et
3487 935 3520 973 e

1939 1009 2167 1063 mortuis
2217 1011 2666 1064 resurrectionem
2707 1024 2862 1078 posse
2911 1010 3243 1079 signiﬁcare.
3286 1011 3517 1066 Abducti

1936 1109 2065 1151 sunt
2098 1099 2241 1152 enim
2272 1113 2338 1154 ex
2381 1097 2564 1154 Iudaea
2597 1100 2651 1154 in
2700 1083 3003 1171 Assyiriam.
3038 1098 3132 1154 Sin
3182 1115 3274 1155 eos
3308 1101 3402 1171 qui
3463 1102 3517 1156 in

1936 1187 2198 1258 ἐπαγωγῇ
2233 1188 2275 1254 ¹,
2331 1189 2382 1242 id
2418 1199 2522 1252 est,
2570 1189 2888 1244 inductione
2935 1198 3113 1253 erant,
3167 1204 3318 1243 sacra
3363 1190 3517 1244 Scri-

1937 1289 2090 1348 ptura
2124 1280 2290 1344 dicat,
2321 1279 2488 1334 nihilo
2511 1281 2687 1334 secius
2705 1279 3000 1351 intelliges,
3020 1281 3216 1350 quippe
3240 1279 3330 1350 qui
3359 1290 3519 1334 erant

1937 1370 1989 1424 in
2023 1369 2340 1424 inductione
2371 1371 2462 1424 ira:
2495 1371 2725 1425 Domini.
2761 1371 2980 1426 inducta
3007 1382 3092 1426 ρει
3132 1372 3273 1424 enim
3302 1371 3409 1426 illis
3439 1373 3518 1424 ira

1936 1468 2155 1528 propter
2186 1459 2354 1514 multa
2380 1472 2622 1528 peccata.
2664 1460 3171 1516 Nabuchodonosor
3199 1479 3302 1518 non
3332 1463 3514 1528 solvit,

1938 1550 1988 1604 id
2018 1561 2132 1618 est,
2169 1565 2233 1604 ex
2285 1551 2500 1605 miseria
2550 1566 2657 1605 non
2706 1553 2992 1608 relaxavit.
3047 1552 3301 1620 Oportuit
3345 1553 3515 1617 enim,

1934 1644 2172 1712 oportuit
2210 1643 2476 1696 nefarium
2514 1641 2786 1695 hominem
2831 1659 2938 1696 non
2987 1643 3307 1698 insolentem
3357 1645 3519 1696 modo

1934 1733 2197 1802 conspici,
2221 1733 2312 1787 sed
2345 1741 2400 1787 et
2425 1733 2533 1786 Deo
2559 1743 2946 1802 repugnantem
2975 1745 3029 1786 et
3055 1744 3253 1788 terram
3297 1742 3520 1787 vastan-

242 1797 387 1892 ραξς,
557 1801 907 1870 πεπραχότας
941 1803 1160 1887 ἀθλίως.
1208 1808 1548 1880 Ἐεραρμὸσαι
1574 1811 1618 1864 δ’
1647 1812 1714 1866 ἄν
1754 1830 1835 1876 τις

1943 1832 2070 1886 tem,
2092 1831 2148 1876 et
2173 1821 2365 1876 durum
2397 1831 2453 1876 et
2481 1822 2966 1878 immisericordem
2997 1832 3048 1877 et
3075 1822 3164 1892 qui
3187 1823 3334 1876 nullo
3358 1823 3518 1876 modo

237 1887 334 1937 καὶ
369 1887 522 1956 μάλα
567 1890 794 1954 εἰκότως
830 1895 896 1963 τῇ
943 1893 1038 1947 τοῦ
1083 1896 1261 1950 πάντα
1307 1899 1694 1972 συντρέςεαντος
1742 1918 1835 1956 κε·-

238 1974 412 2046 φαλῇ,
441 1977 586 2048 φημὶ
613 1977 677 2049 δὴ
711 1979 807 2032 τοῦ
836 1981 1146 2052 ἀρχεκάκου
1187 1983 1500 2056 δράκοντος,
1531 1989 1600 2042 τὰ
1633 1991 1829 2062 ἱστοριο

236 2062 354 2126 κῶς
381 2065 675 2136 εἰρημένα.
707 2064 816 2122 Ἦν
848 2071 948 2142 μὲν
977 2073 1082 2145 γάρ
1103 2075 1349 2131 ἁπαιτῶν
1378 2079 1472 2132 καὶ
1505 2082 1836 2136 ἐπισπουδαμ-

235 2153 396 2225 στῆς,
440 2156 570 2210 καθ’
599 2157 693 2232 οὓς
719 2160 821 2232 ἤδη
858 2163 1201 2236 προείπαμεν
1244 2169 1482 2240 τρόπους
1505 2187 1520 2203 ·
1561 2173 1835 2228 πέπαυται

234 2245 315 2310 δέ,
365 2248 468 2301 καὶ
522 2249 589 2303 ἐκ
641 2251 807 2321 μέσου
837 2253 1050 2322 γέγονε,
1101 2261 1493 2326 καταπαίοντος
1534 2265 1698 2318 αὑτὸν
1739 2264 1832 2318 τοῦ

236 2336 380 2389 θεοῦ
434 2337 624 2410 πληγῇ
663 2339 818 2413 θυμῷ
867 2344 1090 2416 ἀνιάτῳ,
1141 2349 1234 2402 καὶ
1282 2351 1543 2424 κατέληξε
1591 2355 1832 2420 κόπτων,

233 2424 327 2519 οἷά
358 2447 448 2493 τις
475 2431 774 2504 δρυοτόμος
801 2435 1082 2509 εὐσθενὴς,
1119 2439 1218 2504 τὰς
1253 2443 1474 2516 κέδρους
1491 2445 1589 2511 τὰς
1615 2449 1832 2519 νοητὰς,

234 2516 314 2574 ὧν
343 2524 444 2578 καὶ
474 2527 506 2577 ὁ
555 2527 828 2614 μακάριος
873 2529 1042 2584 Δασὶδ
1069 2531 1436 2605 διαμέμνηται
1486 2537 1661 2606 λέγων
1697 2516 1836 2610 πρὸς

234 2614 329 2668 τὸν
371 2615 490 2670 τῶν
537 2615 673 2670 ὅλων
707 2617 839 2672 Θεόν
865 2635 880 2651 ·
920 2639 939 2671 ι
993 2623 1060 2676 Δί
1110 2623 1289 2696 κέδροι
1343 2626 1437 2680 τοῦ
1489 2629 1721 2684 Λιϐάνου
1767 2629 1835 2695 ἀς

236 2706 571 2775 ἐφύτευσας.
615 2727 634 2760 ι
684 2710 906 2784 Ἐπειδὴ
951 2713 1008 2768 δὲ
1056 2718 1528 2790 καταπεφοίτηκεν
1582 2723 1660 2784 εἰς
1704 2721 1832 2794 ᾅδου

238 2800 464 2864 πάντως
512 2818 618 2854 που
667 2803 1192 2876 καταδεδικασμένος
1239 2809 1268 2862 ὁ
1305 2810 1558 2876 δείλαιος,
1611 2815 1729 2867 ἐκεῖ
1761 2818 1828 2886 τῇ

240 2893 534 2963 παμφάγῳ
597 2895 953 2967 συνεχόμενος
1003 2897 1198 2968 φλογὶ,
1251 2902 1630 2974 τεθαυμάκασι
1677 2905 1835 2962 τοῦτο

241 2981 514 3045 παθόντα,
549 2983 693 3037 κατά
747 3001 810 3054 γε
852 2985 913 3039 τὺ
946 2987 1112 3054 εἰκὸς,
1143 2989 1199 3042 αἱ
1233 2993 1464 3064 πονηραί
1492 3011 1551 3048 τε
1597 2996 1691 3048 καὶ
1742 2996 1833 3049 ὑπ’

244 3073 408 3126 αὐτὸν
439 3073 724 3145 δυνάμεις,
759 3075 852 3130 καὶ
876 3079 1017 3148 τάχα
1047 3096 1150 3132 που
1189 3081 1284 3135 καὶ
1327 3083 1692 3156 τεϐρηνήκασι
1742 3087 1834 3140 λέ-

241 3180 440 3232 γουσαι
461 3180 478 3192 ·
521 3166 632 3218 Καὶ
662 3167 728 3220 σὺ
761 3167 930 3232 ἑάλως
959 3169 1148 3242 ὥσπερ
1187 3174 1279 3225 καὶ
1309 3174 1491 3245 ἡμεῖς,
1524 3177 1582 3230 ἐν
1619 3179 1748 3248 ἡμῖν
1779 3179 1835 3232 δέ
1863 3157 1904 3213 C

243 3255 659 3326 κατελογίσθης,
689 3259 787 3312 καὶ
820 3261 888 3314 τὰ
918 3262 1128 3325 τούτοις
1163 3263 1248 3332 ἐφ’
1279 3265 1428 3334 ἑξῆς.
1463 3262 1570 3320 Ἦν
1597 3267 1694 3338 μὲν
1727 3269 1836 3340 γὰρ

241 3346 302 3400 τό
343 3364 412 3416 γε
445 3342 586 3420 ἧκον
615 3349 697 3412 εἰς
728 3347 906 3416 δόξαν,
937 3351 1207 3423 ἐπίσημος
1251 3355 1308 3406 ἐν
1349 3354 1621 3424 ἀγγέλοις,
1656 3359 1748 3409 καὶ
1778 3359 1836 3410 ὲν

240 3443 361 3504 ταῖς
394 3440 512 3494 ἀνω
541 3441 838 3510 δυνάμεσιν
870 3445 1196 3516 περιφανὴς,
1233 3446 1486 3520 καθάπερ
1517 3447 1709 3519 ἀμέλει
1742 3451 1836 3504 καὶ

242 3533 302 3585 ἐν
329 3534 444 3594 τοῖς
465 3532 686 3604 ἄστροις
714 3533 1044 3604 Ἑωσφόρος.
1071 3535 1326 3602 Ἐςέπεσε
1347 3537 1403 3590 δὲ
1429 3539 1522 3591 καὶ
1547 3539 1831 3611 συνετρίϐη

239 3629 614 3700 πεφρονηκιῖκ
676 3631 960 3702 ὑπέρογκα
987 3672 1003 3697 ,
1052 3633 1147 3685 καὶ
1179 3633 1280 3704 τὴν
1334 3633 1472 3706 μόνῃ
1519 3635 1836 3706 πρέπουσαν

238 3725 308 3792 τῇ
332 3722 621 3793 ὑπερτάτῃ
646 3721 808 3790 φύσει
831 3725 999 3794 τιμήν
1029 3741 1090 3777 τε
1129 3725 1224 3778 καὶ
1251 3725 1410 3790 δόξαν
1445 3727 1688 3797 ἁρπάσαι
1715 3727 1836 3780 τολ-

243 3815 456 3884 μήσας,
491 3815 552 3866 τό
595 3831 658 3884 γε
693 3809 828 3888 ἧκον
879 3817 959 3879 είς
1004 3818 1422 3888 ἐγχειρημάτων
1461 3819 1691 3891 δύναμιν
1742 3821 1837 3874 καὶ

238 3907 326 3968 εἰς
360 3905 488 3959 νοῦν
523 3906 615 3959 τὸν
663 3908 722 3960 ἐν
750 3905 915 3978 αὐτῷ.
966 3907 1104 3962 Ἀλλ’
1134 3908 1210 3972 ὦς
1244 3925 1406 3978 φησιν
1435 3909 1464 3962 ό
1503 3911 1792 3982 προφήτης
1817 3925 1832 3939 °

236 3998 642 4070 Καταῦέὅηκεν
696 4002 776 4063 είς
803 3999 952 4072 ᾅδου,
993 4002 1088 4055 καὶ
1119 4003 1201 4066 είς
1233 4001 1302 4056 τὰ
1333 4001 1559 4074 Θεμέλια
1602 4003 1701 4074 τῆς
1733 4003 1837 4074 γῆς

235 4093 272 4144 ὁ
301 4092 474 4149 πάλαι
510 4091 672 4146 σείων
703 4093 884 4147 πᾶσαν
915 4093 1016 4165 τὴν
1049 4094 1176 4164 γῆν,
1219 4096 1248 4147 ὁ
1281 4093 1394 4158 θεὶς
1439 4095 1540 4166 τὴν
1581 4096 1836 4166 οἰκουμέ-

236 4202 342 4259 νην
364 4183 442 4248 ὡς
471 4183 678 4256 ἔρημον
699 4201 713 4214 ο
737 4185 950 4258 ἐρήμην
977 4185 1088 4256 γὰρ
1119 4187 1216 4257 τῆς
1244 4186 1478 4257 ἀληθοῦς
1509 4186 1835 4254 οεογνωσὶας

237 4275 499 4345 ἀπέφηνε
552 4273 650 4345 τὴν
703 4275 796 4328 ὑπ’
855 4275 1104 4346 οὐρανὸν,
1165 4277 1260 4330 καὶ
1311 4276 1504 4330 οὐδένα
1558 4277 1836 4340 παντελῶς

241 4365 480 4434 ἔχουσαν
523 4366 624 4436 τῆς
670 4366 873 4438 ἀρετῆς
919 4367 1179 4440 ἐργάτην.
1231 4369 1342 4422 Καὶ
1387 4369 1488 4423 οὐκ
1530 4368 1688 4422 ἔλυσε
1735 4369 1834 4440 μέν

1939 1915 2082 1970 norit
2117 1914 2361 1968 misereri
2389 1928 2601 1980 eorum,
2643 1917 2732 1984 qui
2769 1916 2820 1968 in
2844 1917 3106 1970 extremis
3163 1914 3384 1968 fuerunt
3419 1929 3514 1967 ca-

1937 2007 2293 2071 lamitatibus,
2326 2005 2628 2074 misereque
2673 2015 2919 2076 egerunt.
2993 2005 3266 2074 Adoptare
3333 2013 3514 2058 autem

1935 2099 2056 2168 quis
2075 2098 2295 2167 poterit,
2321 2107 2377 2152 et
2402 2099 2620 2168 quidem
2644 2097 2801 2151 valde
2834 2097 3047 2162 merito,
3090 2097 3204 2151 lucc
3227 2109 3348 2164 quae
3369 2095 3514 2148 dicta

1935 2201 2059 2244 sunt
2094 2189 2370 2256 historice,
2423 2190 2586 2258 capiti
2636 2190 2754 2258 ejus
2799 2189 2890 2258 qui
2945 2190 3126 2244 omnia
3173 2185 3512 2249 comminuit,

1936 2281 2207 2348 draconis,
2225 2282 2467 2350 inquam,
2482 2281 2740 2351 principis
2757 2277 3210 2348 Inalorum.235
3228 2275 3354 2330 Erat
3371 2275 3514 2330 enim

1935 2381 2158 2428 exactor
2187 2383 2242 2426 et
2277 2373 2579 2442 instigator,
2611 2372 2716 2426 illis
2738 2387 2874 2442 quos
2895 2371 3006 2437 jam
3047 2370 3284 2422 diximus
3321 2367 3514 2423 modis.

1935 2465 2178 2519 Cessavit
2230 2475 2410 2520 autem
2450 2475 2505 2519 et
2547 2481 2578 2520 e
2607 2465 2786 2519 medio
2819 2462 3065 2518 sublatus
3097 2473 3203 2526 est,
3226 2460 3334 2516 Deo
3365 2459 3516 2514 illum

1938 2559 2280 2627 percutiente
2331 2558 2484 2628 plaga
2525 2557 2724 2612 luroris
2773 2555 3082 2621 insanabili,
3119 2561 3176 2609 et
3214 2551 3518 2620 supersedit

1936 2663 2126 2704 secare
2141 2649 2282 2703 velut
2313 2649 2595 2704 frondator
2629 2649 2883 2704 robustus
2905 2648 3094 2702 cedros
3127 2643 3515 2714 intelligibiles,

1935 2755 2165 2810 quarum
2199 2741 2362 2794 etiam
2406 2741 2597 2796 beatus
2633 2741 2798 2795 David
2853 2739 3119 2803 meminit,
3165 2737 3359 2791 allatus
3398 2736 3520 2790 uni-

1936 2832 2207 2888 versitatis
2243 2833 2413 2887 Deum
2459 2849 2475 2888 :
2513 2849 2532 2883 ι
2561 2831 2719 2886 Cedti
2749 2831 2937 2885 Libani
2965 2845 3104 2899 quas
3132 2829 3386 2897 plantasti
3421 2828 3463 2881 ’.
3491 2845 3512 2879 ι

1936 2921 2228 2992 Postquam
2269 2932 2447 2976 autem
2504 2921 2784 2975 descendit
2817 2921 2868 2973 in
2905 2918 3104 2974 Orcum
3139 2919 3360 2970 omnino
3389 2931 3519 2970 con-

1937 3016 2224 3071 demnatus
2269 3016 2454 3079 miser,
2501 3015 2571 3068 ibi
2615 3012 2830 3067 [limina
2863 3011 3104 3065 omnimn
3146 3025 3322 3063 rerum
3349 3009 3517 3062 edace

1937 3105 2209 3171 detentus,
2265 3106 2604 3160 mirabantur
2639 3106 2740 3162 boc
2779 3121 2902 3162 eum
2959 3103 3092 3173 pati,
3141 3110 3200 3154 ut
3226 3098 3518 3186 verisimile

1937 3207 2042 3262 est,
2073 3212 2302 3266 nequam
2335 3211 2398 3250 ac
2425 3197 2498 3250 illi
2523 3197 2754 3252 subdilm
2787 3205 3084 3266 potestates
3116 3209 3131 3247 :
3173 3203 3226 3248 ct
3268 3190 3522 3247 fortassis

1939 3285 2223 3354 plorarunt
2271 3285 2515 3339 dicentes
2543 3299 2557 3336 :
2587 3283 2654 3339 Et
2683 3295 2736 3338 tu
2770 3295 2960 3354 captus
2987 3298 3046 3336 cs
3066 3280 3517 3352 qtieniadmodum

1934 3389 1985 3429 et
2015 3391 2133 3442 nos,
2162 3377 2256 3431 sed
2313 3377 2454 3431 inter
2505 3393 2603 3432 nos
2641 3386 2921 3446 reputatus
2954 3391 3033 3438 es.
3067 3385 3122 3430 et
3160 3389 3281 3444 qua:
3327 3385 3510 3427 conse-

1934 3477 2192 3540 quumur.
2218 3468 2348 3522 Erat
2362 3469 2530 3534 enim,
2557 3470 2700 3538 quod
2722 3469 2788 3522 ad
2812 3468 3038 3538 gloriam
3059 3469 3276 3534 attinet,
3297 3465 3523 3538 insignis

1935 3559 2076 3612 inter
2101 3559 2343 3627 angelos.
2373 3567 2428 3613 et
2460 3559 2512 3612 in
2547 3559 2760 3627 superis
2790 3560 3150 3626 potesratibus
3168 3557 3512 3628 spectabilis.

1933 3647 2096 3702 veluti
2123 3647 2380 3702 nimirum
2415 3650 2555 3702 inter
2593 3659 2739 3702 astra
2792 3647 3032 3702 Lucifer.
3057 3648 3262 3702 Cecidit
3311 3662 3436 3701 vero
3465 3653 3520 3700 ct

1933 3738 2298 3794 comminutos
2341 3747 2425 3793 est
2469 3739 2704 3808 superba
2741 3740 3008 3808 COgitans,
3049 3748 3104 3792 et
3142 3741 3405 3792 honorem
3456 3752 3519 3792 ac

1935 3831 2163 3901 gloriam
2215 3829 2316 3885 soli
2366 3845 2593 3884 summa:
2645 3841 3287 3898 naturae-congruentem
3329 3843 3522 3898 rapere

1935 3921 2178 3990 cupiens,
2212 3929 2473 3988 quantum
2507 3917 2784 3973 molimine
2810 3930 2867 3974 et
2900 3921 3081 3975 animo
3132 3931 3365 3991 poterat.
3414 3920 3519 3975 Sed

1937 4021 1994 4066 ut
2025 4013 2284 4083 propheta
2319 4011 2438 4066 ait:
2473 4009 2769 4066 Descendit
2799 4013 2867 4066 ad
2903 4011 3110 4068 inferos
3143 4023 3198 4069 et
3235 4014 3288 4068 in
3333 4014 3526 4067 [uirida-

1937 4111 2116 4158 mrnta
2155 4113 2336 4166 terrae,
2391 4101 2482 4172 qui
2514 4101 2643 4156 olim
2691 4112 2857 4158 lotam
2913 4112 3112 4158 terram
3155 4105 3520 4169 concutiebat,

1936 4195 2027 4264 qui
2059 4196 2366 4250 universum
2398 4195 2583 4250 orbem
2633 4195 2839 4265 redegit
2878 4195 2931 4248 in
2965 4195 3276 4260 desertum;
3330 4196 3520 4248 deser-

1939 4294 2050 4340 tum
2079 4289 2222 4340 enim
2253 4301 2470 4340 omnem
2497 4295 2652 4340 terrae
2677 4286 2866 4340 orbem
2897 4283 3078 4340 ell‘ecit
3102 4299 3224 4338 vera
3259 4284 3352 4340 Dei
3384 4283 3526 4341 uoti-

1941 4380 2036 4442 tia,
2069 4393 2187 4447 quae
2224 4378 2424 4432 nullum
2449 4391 2673 4447 prorsus
2721 4378 2948 4431 haberet
2979 4378 3196 4430 virtutis
3228 4377 3520 4432 cultorem.

235 4459 374 4520 τοὺς
419 4458 478 4510 ἐν
523 4459 811 4528 ἐπαγωγῇ.
870 4459 1203 4530 Κεχάρισται
1241 4460 1298 4514 δὲ
1347 4459 1504 4512 τοῦτο
1545 4462 1658 4524 τοῖς
1703 4459 1835 4514 αὐτὸ

1941 4467 2052 4523 Nec
2089 4467 2244 4522 solvit
2274 4481 2368 4522 eos
2391 4467 2482 4536 qui
2510 4477 2669 4521 erant
2707 4467 2760 4520 in
2813 4466 3124 4520 inductione
3149 4481 3212 4520 ac
3257 4469 3524 4524 custodia.

241 4545 570 4600 πεποιθόσιν
625 4548 654 4600 ὁ
691 4546 916 4616 Κύριος,
950 4549 1185 4618 εἰρηκὼς
1229 4567 1248 4599 ι
1291 4551 1403 4612 τοῖς
1459 4550 1516 4602 ἐν
1577 4548 1832 4620 δεσμοῖς·

253 4636 562 4704 Ἕξέλθετεν
598 4639 692 4690 καί
715 4640 826 4698 τοῖς
861 4639 919 4690 ἐν
941 4638 1018 4708 τῷ
1067 4641 1277 4694 σκότει·
1327 4639 1829 4711 Ἀνακαλύςρθητε.»

241 4721 358 4783 Καὶ
395 4728 504 4800 μὴν
556 4731 650 4783 καὶ
681 4733 795 4794 τοῖς
833 4729 939 4784 ὑπὸ
970 4729 1120 4785 θείαν
1165 4732 1336 4802 ὀργὴν
1368 4733 1614 4802 γεγονόσι
1657 4733 1746 4786 διὰ
1775 4733 1835 4786 τὸ

241 4825 361 4884 τοῖς
392 4819 559 4882 θείοις
583 4821 990 4892 ἐμπαροινῆσαι
1019 4822 1223 4891 νόμοις,
1251 4823 1647 4893 ἁμνησικάκως
1675 4824 1836 4891 ἀφεὶς

241 4909 315 4962 τὰ
347 4910 696 4980 ἐγκλήματα,
733 4911 828 4966 καὶ
872 4912 1186 4976 ἀπαλλάξας
1224 4912 1377 4983 δίκης
1406 4916 1534 4978 τοὺς
1563 4914 1623 4979 ἐξ
1665 4914 1831 4970 deos-

243 5001 396 5065 νεξας
423 5003 775 5076 ἀνθρωπίνης
801 5003 1018 5069 πολλοῖς
1058 5005 1530 5076 ὑπενηνεγμένους
1567 5008 1838 5081 πταίσμα-

245 5108 355 5158 σιν.

315 5184 558 5256 Ιξζάντες
593 5188 650 5242 οι
696 5185 982 5254 βασιλεῖς
1027 5186 1149 5241 τῶν
1196 5185 1389 5242 ἐθνῶν
1427 5187 1840 5258 ἐκοιμήθησαν

243 5277 320 5332 ἐν
353 5275 514 5346 τιμῇ,
567 5276 880 5348 ἅνθρωπος
934 5280 1005 5334 ἐν
1049 5277 1129 5346 τῷ
1182 5279 1326 5346 οἴκῳ
1372 5281 1580 5334 αὑτοῦ.
1640 5281 1726 5334 Σὺ
1772 5280 1841 5335 δὲ

243 5369 483 5452 (Scyria!)
511 5369 583 5422 ἐν
611 5369 738 5438 τοῖς
781 5370 987 5440 ὄρεσιν
1015 5371 1094 5438 ὡς
1143 5372 1356 5444 νεκρίς
1403 5372 1838 5445 ἐϐδελυγμένος
1866 5375 1876 5402 ³

247 5461 400 5534 μετὰ
435 5459 688 5516 πολλῶν
732 5463 1108 5536 τεθνηκότων
1155 5463 1676 5539 ἐκλιεκεντημένων
1719 5482 1836 5539 μα·

247 5558 509 5628 χώραις.
543 5556 1024 5621 καταϐαινόντων
1059 5559 1148 5625 εἰς
1176 5556 1347 5626 ᾅδου.

1943 4557 2049 4614 Sed
2081 4560 2182 4612 hoc
2213 4559 2438 4628 largitus
2460 4569 2544 4612 est
2565 4559 2822 4612 Dominus
2852 4557 2936 4612 his
2970 4558 3059 4626 qui
3085 4559 3136 4611 iu
3188 4558 3306 4626 ipso
3337 4559 3516 4612 credi-

1941 4650 2159 4716 derunt,
2181 4649 2370 4705 dicens
2398 4667 2419 4701 ‹
2448 4650 2684 4704 vinctis:
2715 4647 2904 4712 Exite;
2938 4657 2994 4702 et
3026 4648 3132 4702 illis
3159 4649 3248 4716 qui
3283 4659 3438 4702 erant
3471 4649 3523 4700 in

1943 4743 2208 4796 tenebris:
2237 4741 2669 4808 llevelamini";
2695 4741 2820 4796 ssed
2849 4752 2902 4795 et
2925 4741 3120 4796 divina:
3138 4741 3229 4795 ira:
3255 4739 3530 4801 obnoxiis,

1940 4832 2081 4902 quod
2132 4834 2183 4888 in
2220 4833 2430 4887 divinas
2479 4832 2626 4908 leges
2689 4833 3182 4898 debaccbarentnr,
3241 4833 3527 4885 remittens

1941 4921 2150 4987 cnlpas,
2170 4919 2442 4974 oblivione
2463 4927 2682 4988 peccata
2706 4919 3048 4984 oblitterans,
3065 4934 3117 4974 et
3135 4919 3398 4986 Supplicio
3419 4917 3526 4969 exi-

1945 5023 2098 5064 meus
2172 5011 2263 5080 qui
2321 5023 2390 5063 ex
2447 5010 2767 5066 inﬁrmitate
2831 5011 3062 5065 humana
3134 5009 3316 5062 multis
3380 5007 3525 5060 vitiis

1945 5100 2013 5154 im
2021 5100 2329 5169 plicabantu
2338 5115 2384 5156 ι’.

2020 5191 2180 5248 Vens.
2209 5193 2296 5257 18,
2329 5191 2416 5248 l9.
2450 5191 2642 5249 Omnes
2681 5209 2826 5264 reges
2853 5191 3079 5260 gentium
3113 5191 3442 5244 dormierunt
3472 5189 3527 5242 in

1944 5282 2161 5348 honore,
2185 5285 2337 5338 homo
2371 5283 2426 5338 in
2468 5287 2623 5340 domo
2665 5301 2784 5340 sua.
2829 5282 2905 5337 Tu
2930 5293 3100 5334 autem
3128 5279 3386 5350 projecms
3421 5280 3527 5333 erit

1945 5378 1998 5430 in
2027 5375 2312 5438 montibus,
2339 5379 2492 5448 quasi
2523 5389 2760 5431 mortuus
2789 5373 3156 5428 abominabilis
3192 5389 3307 5426 cum
3346 5375 3528 5426 multis

1943 5471 2162 5524 moztuis
2201 5469 2456 5540 confossis
2507 5470 2707 5540 gladia,
2743 5467 3176 5524 descendentibus
3199 5467 3266 5521 ad
3302 5465 3526 5537 inferos.

319 5731 372 5769 "
399 5731 692 5803 Ahductio,
728 5733 1002 5794 exsilium.
1079 5737 1094 5772 ⁸
1152 5734 1416 5809 luducdo,
1485 5735 1781 5808 vinculum,
1811 5748 2017 5793 carcer.
2094 5736 2114 5772 '
2139 5732 2283 5794 Psal.
2319 5746 2439 5804 cm,
2475 5730 2559 5792 ιθ,
2599 5733 2674 5810 δ”
2707 5733 2816 5792 lsa.
2846 5745 2996 5801 xm,
3027 5729 3084 5788 9.
