3962 6216
296 227 404 284 389
1432 250 1503 307 ιιι
1544 250 1777 311 lSAlAM
1820 254 1834 310 Ι

1937 297 1946 313 .
1988 256 2056 312 n.
2097 256 2334 317 rouus
2369 262 2436 320 ιι.
3109 266 3119 279 ’
3457 291 3563 350 suo

312 341 576 413 Ἀζώτου,
628 352 722 406 καὶ
755 350 1075 430 ᾠκοδόμησε
1130 360 1316 425 πόλεις
1382 363 1641 432 ’Δζώτου,
1686 369 1780 423 καὶ
1825 370 1834 422 i

312 439 411 466 υτ-
440 438 759 466 λιππημή---
808 448 974 466 πημ
1231 453 1243 466 .
1290 454 1301 466 .
1372 454 1452 466 ..,
1633 460 1645 466 -
1698 460 1709 466 ,
1823 462 1834 466 -

1937 375 2040 430 tet
2061 370 2112 424 in
2134 371 2377 432 Minmos.
2415 376 2481 432 Et
2508 378 2775 439 dederunt
2808 384 2985 445 Miami
3023 388 3168 450 Oziae
3207 396 3373 466 dona.
3401 415 3456 459 et
3478 409 3564 461 iu-

293 439 411 501 τοῖς
437 438 779 509 ἀλλοφύλοις.
805 448 1149 520 Κατίσχυσεν
1182 453 1346 508 αὑτὸν
1371 454 1598 527 Κύριος,
1629 460 1722 513 ἐπὶ
1758 462 1834 514 τοί

296 527 629 566 thmn...
663 536 752 566 ...Α
787 537 1033 566 una..-
1077 547 1202 566 --με
1239 546 1489 566 --____,_,,~
1653 552 1665 565 .
1719 552 1731 566 ι
1818 552 1834 563 .

2810 438 2984 445 ac".
3029 438 3167 450 --.η
3208 438 3347 456 ..ν....
3401 438 3555 461 σει...

1986 459 2182 517 claruit
2219 481 2419 523 nomen
2454 469 2570 539 ejus
2622 488 2791 542 usque
2851 477 2917 531 ad
2975 480 3277 551 ingressum
3315 441 3555 566 .égypti,

296 527 629 598 ἀλλοφύλους
663 536 757 588 καὶ
787 537 1052 605 Ἄραϐας,
1076 547 1202 607 τοὺς
1237 546 1623 613 κατοικοῦντας
1649 552 1741 604 ἐπὶ
1784 552 1834 605 τί

296 617 511 644 ΠΧ----
567 623 656 644 --.Α
698 625 779 644 1_\
884 627 896 640 ι
980 631 1033 644 ιι
1135 633 1146 644 ι
1303 636 1344 644 --
1389 636 1400 644 .
1459 636 1508 644 μ-
1723 641 1732 644 -
1780 643 1788 644 κ

2481 527 2501 539 _
2701 527 2719 542 ι
2771 527 2783 529 ,
2854 527 2916 531 __
2975 527 3277 551 .--.,......m-u
3315 527 3384 546 ua
3480 527 3530 552 ιιτ

1983 553 2105 621 quia
2136 554 2369 613 obtinuit
2398 562 2562 616 etiam
2599 578 2785 634 supra.
2836 567 2969 624 Cum
3003 583 3182 630 autem
3216 594 3246 634 e
3282 527 3559 644 \‘ivizjdis:

565 623 663 675 καὶ
693 625 787 678 ἐπὶ
818 627 943 693 τοὺς
978 631 1261 698 Μιναίους.
1302 636 1411 689 Καὶ
1456 636 1660 693 ἔδωκαν
1687 641 1737 694 οἱ
1777 643 1834 695 Μ

2668 623 2680 634 _
2958 623 2965 624 ,
3004 623 3182 630 μη---
3218 623 3246 634 .,
3291 623 3419 638 ...ω
3448 623 3552 644 νη-

1977 644 2185 709 cessit,
2261 650 2496 717 capessit
2557 668 2778 723 regnum
2832 657 2951 727 ejus
3005 673 3168 720 natus
3214 666 3552 732 Joatbamus.

292 712 434 762 ναῖοι
460 710 538 781 τῷ
584 711 740 786 Ὂζίᾳ
772 716 944 789 δῶρα,
981 723 1076 777 καὶ
1121 719 1190 796 ἦν
1246 725 1307 778 τὸ
1349 726 1519 799 ὄνομα
1560 730 1726 785 αὑτοῦ
1775 733 1834 788 ευ

292 801 501 829 κως»-..
542 804 808 829 “me”--.
867 810 939 829 '2_,
1092 813 1104 829 .
1336 817 1358 829 ..
1476 821 1498 829 -
1658 824 1713 829 __
1818 826 1829 829 _

2330 710 2342 717 .
2617 710 2647 723 ..
2842 710 2879 727 κ.
2925 710 2947 714 ν
3005 710 3168 720 mu-
3214 710 3552 732 “um-unus.

1982 730 2117 787 Dein
2145 747 2264 803 post
2299 753 2423 791 eum
2460 739 2732 812 Achazus,
2777 763 3006 817 nequam
3034 764 3090 808 et
3117 769 3382 829 apostata,
3413 773 3466 818 et
3498 767 3552 823 in

290 801 502 856 εἰσόδου
531 804 833 873 Αἰγύπτου,
865 810 947 864 ὅτι
979 813 1303 887 κατίσχυσεν
1336 817 1441 883 ἕως
1468 821 1598 877 ἄνω,
1658 824 1834 879 Ἐπειδ

290 891 342 920 23.
397 894 605 920 L_-£!-.
691 899 829 920 eum:
877 918 919 920 η
1080 906 1090 920 ι
1200 906 1224 920 Α
1322 909 1337 920 .
1392 911 1404 920 .
1571 914 1583 920 -
1663 915 1688 920 -
1822 919 1827 920 ,

2146 801 2153 803 ι
2718 801 2731 812 ,
3040 801 3089 808 --
3117 801 3357 823 wn"...
3413 801 3466 818 υ.
3498 801 3552 823 ..ι

1976 822 2182 877 erroris
2211 839 2372 879 coeno
2403 828 2695 886 volutatus.
2732 834 2910 890 Coluit
2955 839 3098 895 enim
3139 843 3279 915 ligna
3328 802 3382 905 ei
3416 852 3554 920 lapi-

294 617 530 691 Πέτρας,

285 891 344 944 δέ
394 894 631 963 ἀπεϐίω,
685 899 986 971 διαδέχεται
1040 906 1139 976 τὴν
1197 906 1472 978 βασιλείαν
1523 914 1690 968 αὐτοῦ
1740 920 1769 971 6
1814 891 1875 984 ἐξ

284 982 452 1037 αὐτοῦ
488 986 729 1056 γεγονὼς
792 993 1052 1065 Ἰωάθαμ.
1109 993 1244 1053 Εἶτα
1293 1002 1431 1072 μετά
1459 1004 1646 1060 τοῦτον
1677 982 1872 1078 Ἀχαζ,

282 1077 525 1147 πονηρός
548 1097 609 1132 τε
643 1083 735 1135 καὶ
775 1084 1088 1158 ἀποστάτης
1131 1090 1436 1164 ἄνθρωπος,
1468 1097 1563 1151 καὶ
1611 1103 1725 1163 τοῖς
1771 1100 1873 1173 τῆς

278 1166 501 1237 ἀπάτης
525 1170 788 1242 τέλμασιν
822 1177 1170 1251 ἐμϐεϐηκώς.
1191 1184 1533 1260 Λελάτρευκε
1562 1192 1668 1265 γὰρ
1692 1166 1870 1261 ξύλοίς

274 1274 334 1310 τε
371 1260 468 1313 καὶ
498 1261 685 1328 λίθοις,
722 1268 815 1320 καὶ
856 1270 1042 1344 ἁπάσῃ
1083 1278 1148 1346 τῇ
1196 1284 1426 1353 στρατιᾷ
1464 1283 1558 1337 τοῦ
1600 1287 1864 1355 ούρανοῦ*

270 1347 509 1419 διήγαγε
548 1354 605 1407 δὲ
632 1357 728 1410 καὶ
754 1358 848 1413 τὸν
898 1362 1013 1418 υίὸν
1046 1366 1211 1421 αὑτοῦ
1248 1347 1306 1423 ἐν
1344 1347 1496 1445 πυρὶ,
1525 1347 1717 1430 τέθυκε
1756 1379 1864 1452 γὰρ

269 1443 387 1504 τοῖς
447 1443 743 1515 δαιμονίοις
786 1453 970 1509 αὐτόν.
1032 1476 1053 1510 ο
1114 1443 1436 1532 Γέγραπται
1469 1465 1527 1520 δὲ
1571 1467 1714 1523 οὕτω

269 1534 406 1603 περὶ
454 1536 621 1590 αὐτοῦ
670 1541 728 1593 ἐν
773 1545 837 1613 τῇ
883 1546 1119 1620 τετάρτῃ
1163 1551 1273 1606 τῶν
1320 1554 1651 1612 Βασιλειῶν·
1686 1579 1708 1613 ι
1747 1563 1859 1616 Καὶ

264 1627 373 1678 οὐκ
420 1627 676 1699 ἐποίησεν
713 1633 867 1698 εύθές
897 1640 956 1690 ἐν
996 1640 1293 1713 ὀφθαλμοῖς
1341 1648 1544 1719 Κυρίου
1578 1650 1671 1704 τοῦ
1717 1652 1853 1708 Θεοῦ

1976 907 2093 975 des,
2127 921 2182 965 et
2213 927 2429 969 omnem
2474 918 2719 975 militiam
2762 926 2888 980 coeli
2923 944 2938 982 :
2980 907 3321 1005 traduxitque
3381 907 3550 999 ﬁlium

1974 1015 2128 1057 suum
2154 1019 2251 1074 per
2274 1005 2472 1077 ignem,
2492 1010 2758 1079 siquidem
2784 1030 2905 1070 eum
2926 1017 3205 1079 daemoniis
3226 1026 3417 1084 obtulit
3435 1032 3500 1087 ⁸ο.
3521 1052 3545 1088 ι

1971 1091 2241 1162 Scriptum
2270 1107 2352 1154 est
2380 1103 2522 1156 enim
2559 1104 2626 1158 de
2652 1120 2718 1160 eo
2746 1108 2825 1162 sic
2848 1119 3048 1178 quarto
3076 1113 3277 1183 Regum
3322 1135 3337 1174 :
3376 1138 3399 1172 ι
3439 1122 3547 1178 Ne-

1968 1200 2075 1256 que
2104 1187 2231 1244 fecit
2263 1203 2467 1246 rectum
2503 1196 2555 1250 in
2580 1196 2752 1252 oculis
2780 1198 2991 1256 Domini
3024 1203 3120 1257 Dei
3169 1208 3250 1261 sui
3290 1208 3544 1276 ﬁdeliter.

1967 1278 2417 1344 quemadmodum
2444 1281 2610 1337 David
2649 1296 2801 1355 pater
2836 1287 3023 1358 ipsius,
3050 1294 3459 1367 ambulavitque
3487 1301 3546 1356 in

1966 1362 2050 1415 via
2077 1379 2260 1435 regum
2292 1366 2479 1432 lsrael,
2501 1380 2557 1426 et
2581 1371 2744 1427 ﬁlium
2765 1391 2921 1431 suum
2949 1381 3188 1438 traduxit
3213 1400 3309 1453 per
3339 1389 3544 1467 ignem,

1965 1457 2262 1511 secundum
2292 1460 2721 1522 abominationes
2752 1473 3017 1538 gentium,
3054 1492 3191 1546 quas
3218 1457 3542 1539 evertitDo-

1962 1543 2144 1599 tninus
2177 1556 2301 1603 ante
2328 1548 2519 1605 faciem
2566 1554 2798 1612 ﬁliorum
2846 1561 3034 1616 Israel.
3073 1543 3152 1619 'Et
3202 1568 3437 1624 adolevit
3483 1574 3539 1627 in

1960 1635 2190 1691 excelsis
2218 1648 2271 1693 et
2308 1640 2359 1694 in
2390 1641 2638 1710 collibus,
2669 1656 2724 1701 et
2764 1650 2866 1705 sub
2902 1653 3048 1707 omni
3085 1655 3230 1726 ligno
3276 1660 3535 1716 silvestri.

263 1715 438 1769 αὐτοῦ
472 1720 780 1788 πιστῶςκὼς
811 1726 977 1782 Δαὸὶδ
986 1731 1013 1782 6
1036 1732 1219 1804 πατὴρ
1244 1734 1407 1789 αὑτοῦ
1427 1755 1441 1768 ο
1466 1738 1555 1792 καὶ
1586 1741 1834 1815 ὲπορεύθῗ

1958 1721 2112 1780 Tunc
2170 1730 2414 1785 ascendit
2471 1732 2755 1792 Rliaasson
2807 1755 2900 1795 rex
2955 1744 3148 1816 Syriae,
3217 1757 3272 1803 et
3328 1750 3538 1807 Piraeeo

260 1807 323 1857 ἐν
351 1806 460 1878 ὁδῷ
487 1807 751 1878 βασιλέων
809 1816 1044 1891 Ἰσραὴλ,
1081 1822 1172 1875 καί
1201 1840 1265 1891 γε
1309 1825 1398 1879 τὸν
1429 1828 1543 1882 υἱον
1573 1806 1738 1886 αὐτοῦ
1772 1806 1853 1887 διἐ

258 1898 482 1969 ήγαγεν
524 1902 581 1954 ἐν
614 1907 768 1978 πυρὶ,
799 1909 939 1963 κατά
967 1912 1034 1966 τὰ
1065 1912 1411 1986 βδελύγματα
1440 1920 1549 1975 τῶν
1580 1922 1749 1976 ἐθνῶν
1777 1919 1852 1980 ὧν

256 1993 463 2064 ἐξῆρεν
515 1995 722 2069 Κύριος
774 2002 882 2056 ἀπὸ
926 2005 1220 2075 προσώπου
1266 2010 1376 2064 τῶν
1420 2013 1552 2068 υίῶν
1612 2016 1846 2089 Ἰσραήλ.

254 2083 375 2135 Καὶ
404 2083 699 2155 ἐθυμίασεν
727 2090 786 2143 ἐν
812 2094 926 2157 τοῖς
956 2093 1201 2164 ὑψηλοῖς,
1231 2099 1326 2152 καὶ
1359 2102 1452 2155 ἐπὶ
1483 2103 1591 2157 τῶν
1620 2104 1846 2175 βουνῶν,

251 2175 356 2227 καὶ
411 2176 672 2233 ὑποκάτω
721 2183 920 2245 παντὸς
955 2184 1113 2249 ξύλου
1158 2188 1448 2256 ἀλσὼδους.
1499 2195 1632 2248 Τότε
1679 2197 1846 2271 ἀνέϐη

261 2264 557 2320 Ῥαασσὼν
588 2267 841 2338 βασιλεὺς
877 2273 1105 2344 Συρίας’
1136 2278 1229 2331 καὶ
1272 2281 1446 2335 Φακεὲ
1485 2284 1598 2348 υίὸς
1639 2264 1846 2358 Ῥωμελ

249 2355 374 2410 λίου
409 2358 507 2412 καὶ
550 2359 804 2431 βασιλεὺς
845 2365 1058 2438 Ἰσραὴλ
1100 2369 1195 2422 ἐπὶ
1242 2370 1599 2447 Ἰερουσαλὴμ
1630 2378 1711 2441 είς
1739 2355 1837 2433 πό-

247 2446 422 2518 λεμον
444 2467 458 2480 ·
494 2452 589 2505 καὶ
617 2453 969 2525 ἐπολιόρκουν
996 2459 1091 2512 ἐπὶ
1114 2461 1308 2531 Ἄχας,
1335 2465 1428 2518 καὶ
1461 2466 1560 2519 οὐκ
1582 2467 1841 2537 ἠδύναντο

248 2540 517 2609 πολεμεῖν
542 2559 555 2571 ⁸
584 2560 604 2594 ι
636 2545 734 2598 καὶ
760 2547 878 2615 μεθ’
907 2549 1088 2621 ἕτερα·
1126 2568 1147 2603 ι
1178 2553 1288 2606 Καὶ
1318 2554 1636 2611 ἀπέστειλεν
1664 2560 1840 2630 Ἀχαζ

246 2630 522 2699 ἀγγέλους
565 2633 701 2705 πρὸς
754 2635 1227 2715 Θεγλαφαλαασάρ
1275 2643 1498 2715 βασιλέα
1525 2648 1838 2720 Ἀσσυρίων

245 2725 464 2794 λέγων’
511 2727 704 2793 Δοῦλός
750 2746 864 2796 σου,
919 2733 1013 2786 καὶ
1055 2736 1169 2799 υἱός
1219 2753 1311 2790 σου
1367 2736 1499 2808 ἐγώ.
1549 2738 1832 2813 Ἀνάὁηθι,

251 2816 437 2870 σῶσόν
470 2834 539 2888 με
572 2821 636 2872 ἐκ
663 2821 843 2891 χειρὸς
884 2821 1148 2892 βασιλέως
1180 2828 1398 2900 Συρίας,
1433 2831 1526 2885 καὶ
1554 2834 1618 2885 ἐκ
1652 2832 1836 2904 χειρὸς

256 2904 535 2974 βασιλέως
573 2908 781 2979 Ἰσραὴλ
823 2911 932 2965 τῶν
966 2915 1415 2989 ἐπανισταμένων
1453 2921 1540 2975 ἐπ’
1564 2922 1689 2993 ἐμὲ.
1724 2924 1835 2978 Καὶ

244 2996 447 3049 ἐλαϐεν
481 2997 655 3069 ’Λχαζ
695 3000 957 3071 ἀργύριον
1000 3005 1095 3057 καὶ
1142 3009 1363 3078 χρυσίον
1393 3010 1453 3064 τὸ
1501 3012 1722 3084 εὑρεθὲν
1770 3015 1830 3069 ἐν

247 3085 550 3160 θησαυροῖς
586 3091 738 3145 οἴκου
793 3094 1022 3166 Κυρίου,
1058 3098 1153 3150 καὶ
1198 3100 1347 3154 οἴκου
1397 3102 1491 3156 τοῦ
1545 3104 1829 3174 βασιλέως,

246 3180 343 3233 καὶ
367 3180 658 3235 ἀπέστειλε
686 3184 764 3254 τῷ
812 3183 1023 3254 βασιλεῖ
1052 3188 1221 3263 δῶρα.
1266 3191 1373 3246 Καὶ
1398 3193 1630 3265 ἤκουσεν
1662 3198 1827 3252 αύτοῦ

246 3270 505 3340 βασιλεὺς
554 3273 878 3347 Ἀσσυρίων,
910 3281 1004 3332 καὶ
1046 3284 1373 3354 παρεγένετο
1395 3289 1475 3350 είς
1515 3290 1825 3359 Δαμασκὸν,

243 3362 339 3416 καὶ
370 3365 666 3419 συνέλαϐεν
702 3367 872 3440 αὐτὴν
906 3371 999 3424 καὶ
1036 3372 1329 3447 ἀπῴκησεν
1367 3378 1557 3449 αὐτὴν,
1602 3380 1698 3433 καὶ
1735 3381 1828 3436 τὸν

253 3454 541 3511 Ῥαασσὼν
577 3457 938 3514 ἐθανάτωσεν.
973 3463 1182 3518 Οὐκοῦν
1211 3467 1427 3537 πρῶτον
1456 3470 1555 3540 μὲν
1591 3470 1773 3536 Ὀζίας
1797 3474 1827 3526 6

240 3547 335 3599 καὶ
370 3546 634 3619 Ἀζαρίας
671 3552 1052 3625 ἐκπεπόρθηκε
1091 3556 1215 3620 τοὺς
1248 3558 1598 3629 ἀλλοφύλους,
1646 3564 1824 3617 πᾶσάν

237 3654 296 3691 τε
323 3638 508 3692 αὐτῶν
552 3642 912 3715 καταδῃώσας
952 3646 1050 3718 τὴν
1080 3647 1204 3717 γῆν,
1249 3648 1489 3719 δασμοὺς
1537 3653 1825 3723 ἐκομίζετο

234 3730 332 3783 καὶ
371 3729 527 3803 τέλη.
574 3732 832 3805 Δεύτερος
877 3736 933 3791 δὲ
988 3739 1124 3808 μετὰ
1176 3739 1362 3793 τοῦτον
1398 3741 1426 3793 6
1469 3741 1643 3812 Ἀχαξ
1689 3761 1821 3798 κατ-

231 3822 536 3893 είιισθοῦτο
574 3825 667 3877 τὸν
714 3826 1016 3900 ’Aaat‘ptav,
1047 3830 1141 3883 καὶ
1189 3832 1470 3902 ἐπαφῆκεν
1498 3835 1713 3898 αὐτοῖς·
1761 3834 1821 3900 ὃς
1867 3860 1872 3865 ·

230 3915 331 3966 καὶ
392 3916 578 3968 πᾶσαν
626 3914 999 3988 ἐξαναστήσας
1051 3920 1149 3990 τὴν
1198 3920 1568 3976 Παλαιστινῶν
1613 3923 1817 3996 χώραν,

223 4005 438 4068 αὐτοὺς
464 4006 574 4078 γὰρ
606 4001 749 4062 εἷναί
777 4026 910 4078 φησι
938 4010 1063 4075 τοὺς
1102 4010 1448 4081 ἀλλοφύλους,
1481 4015 1818 4087 ἀπεκόμισεν

221 4096 621 4181 αἱχμαλιῦτους
656 4101 736 4165 είς
764 4100 860 4173 τὴν
908 4102 1123 4169 ἑαυτοῦ,
1159 4106 1285 4169 τοὺς
1331 4109 1395 4160 ἐκ
1436 4107 1530 4161 τοῦ
1578 4108 1815 4181 πολέμου

222 4170 776 4260 περιλελειμμένους.
817 4170 827 4173 ⁷
864 4192 1086 4264 Ἐπειδὴ
1166 4194 1224 4249 δὲ
1309 4170 1725 4268 τετελεύτηκεν.
1785 4200 1815 4252 6

1959 1813 2100 1869 ﬁlius
2129 1813 2425 1875 Rhomelia:
2453 1837 2543 1877 rex
2576 1823 2739 1882 lsrael
2789 1827 2841 1882 in
2885 1813 3184 1889 Jerusalem
3213 1838 3279 1890 ad
3309 1838 3531 1909 bellum,

1954 1913 2007 1959 et
2022 1906 2347 1962 obsederunt
2367 1911 2667 1980 Achazuin,
2690 1926 2745 1969 et
2763 1932 2868 1971 non
2883 1929 3175 1987 potuerunt
3197 1906 3528 1997 expugnare,

1952 2005 2057 2050 etc.
2102 1996 2169 2052 Et
2204 2000 2383 2054 emisit
2410 2002 2660 2060 Acbazus
2685 2009 2903 2065 nuntios
2936 2013 3003 2065 ad
3045 1996 3530 2084 Tlieglaphalassa-

1951 2101 2069 2140 rum
2105 2104 2282 2159 regem
2318 2091 2691 2164 Assyriorum,
2738 2098 2923 2155 dicens
2969 2118 2984 2155 :
3046 2101 3245 2160 Servus
3299 2114 3423 2163 tuus
3473 2121 3529 2165 et

1950 2176 2091 2232 ﬁlius
2137 2190 2258 2236 tuus
2285 2195 2403 2252 ego,
2435 2188 2687 2253 ascende,
2738 2203 2893 2243 serva
2942 2208 3028 2247 me
3072 2210 3139 2248 ex
3180 2212 3341 2251 manu
3384 2203 3528 2271 regis

1949 2263 2142 2338 Syriae,
2168 2278 2221 2324 et
2250 2285 2315 2324 ex
2362 2289 2522 2327 manu
2554 2276 2696 2343 regis
2734 2276 2919 2344 Israel,
2952 2282 3042 2350 qui
3081 2283 3366 2354 insurgunt
3392 2263 3526 2343 coin-

1946 2362 2028 2410 tra
2061 2372 2166 2413 me.
2200 2357 2261 2412 Et
2296 2361 2436 2429 cepit
2474 2363 2726 2419 Aeltazus
2758 2378 3042 2434 argentum
3089 2378 3145 2425 et
3193 2387 3385 2429 aurum
3437 2376 3524 2433 in-

1945 2453 2159 2497 ventum
2185 2446 2235 2500 in
2270 2450 2542 2504 thesauris
2570 2451 2758 2508 donius
2792 2454 3024 2524 Domini,
3054 2466 3109 2513 et
3137 2462 3328 2516 domus
3358 2467 3519 2533 regis,

1944 2544 2001 2587 et
2034 2536 2180 2591 misit
2209 2540 2321 2607 regi
2360 2556 2608 2598 munera.
2650 2544 2716 2598 Et
2754 2547 2959 2601 audivit
2987 2563 3110 2605 eum
3148 2567 3239 2607 rex
3270 2555 3524 2627 Assyrio.

1943 2640 2082 2692 rum,
2116 2643 2181 2683 ac
2229 2631 2374 2685 venit
2430 2631 2790 2701 Damascum,
2828 2647 2884 2693 et
2940 2653 3059 2695 eam
3088 2654 3301 2712 captam
3349 2657 3523 2706 trans-

1942 2717 2091 2783 tulit,
2128 2726 2182 2773 et
2218 2717 2500 2778 Rliaasson
2535 2726 2824 2781 interfecit.
2854 2726 3021 2798 Igitur
3042 2732 3272 2799 primum
3300 2738 3519 2807 quidem

1942 2805 2107 2864 Ozias
2128 2812 2217 2881 qui
2251 2823 2303 2866 et
2329 2814 2555 2869 Azarias
2577 2825 2679 2878 est,
2711 2819 2952 2885 captivos
2986 2822 3137 2877 duxit
3160 2805 3515 2898 alienigenas,

1944 2903 2200 2973 omnique
2234 2919 2421 2959 eorum
2479 2916 2620 2961 terra
2666 2921 2899 2973 vastata.
2958 2913 3154 2969 tributa
3206 2921 3413 2990 accepit
3461 2932 3517 2977 et

1937 2992 2242 3061 vectigalia.
2270 2992 2547 3051 Secundus
2575 3012 2702 3051 vero
2735 3008 2857 3068 post
2889 3000 3064 3070 ipsum
3090 3005 3338 3064 Acbazus
3367 3026 3514 3064 mer-

1937 3082 2068 3137 cede
2092 3066 2347 3139 conduxit
2378 3088 2680 3159 Assyrium,
2710 3099 2763 3144 et
2803 3091 3002 3148 invasit
3025 3110 3141 3163 eos,
3179 3100 3268 3168 qui
3299 3109 3354 3156 et
3395 3104 3515 3158 uni-

1934 3188 2146 3229 versam
2170 3178 2361 3232 evertit
2402 3181 2676 3249 regionem
2733 3181 3143 3243 Palaestinorum
3196 3192 3312 3262 (eos
3364 3197 3510 3251 enim

1932 3270 2061 3324 dicit
2087 3285 2208 3325 esse
2229 3269 2584 3345 alienigenas)
2631 3276 2963 3350 abduxitque
2997 3283 3239 3351 captivos
3276 3284 3327 3339 in
3354 3302 3508 3342 suam

1932 3369 2151 3425 terram,
2177 3377 2270 3416 eos
2292 3364 2382 3431 qui
2418 3379 2448 3418 e
2492 3366 2629 3421 bello
2656 3380 2813 3425 erant
2849 3372 3043 3427 relicti.
3078 3372 3289 3432 Mortuo
3326 3389 3505 3434 autem

1926 3452 2163 3515 Achaco,
2195 3453 2264 3507 ob
2313 3455 2366 3508 id
2407 3456 2717 3515 resilieruut
2746 3461 3170 3533 alienigenarum
3233 3469 3501 3538 civitates,

1924 3540 2085 3612 253
2111 3543 2250 3596 velut
2286 3556 2316 3596 e
2358 3548 2535 3601 medio
2567 3550 2776 3605 sublato
2807 3567 2872 3606 eo
2896 3554 2984 3622 qui
3017 3570 3383 3625 percusserat,
3427 3578 3493 3616 ac

1928 3635 2263 3689 intolerabile
2300 3636 2444 3690 velut
2495 3639 2683 3709 jugum
2728 3646 3030 3713 tyrannidis
3061 3648 3365 3706 induxerat.
3402 3652 3504 3707 De-

1923 3723 2114 3778 bilitati
2148 3726 2291 3781 enim
2332 3730 2498 3782 semel
2531 3738 2585 3784 et
2608 3732 2774 3787 excisi
2823 3750 2985 3788 manu
3026 3738 3393 3810 Assyriomtn,
3422 3748 3499 3800 ira

1923 3816 2386 3873 cxaccrbabantur
2423 3821 2637 3890 quidem
2699 3822 2750 3875 in
2804 3824 3103 3895 Achazum,
3133 3840 3187 3883 at
3213 3833 3398 3890 ulcisci
3429 3850 3490 3891 se

1922 3923 2025 3962 non
2049 3910 2299 3965 valebant
2323 3912 2387 3967 “.
2421 3931 2441 3965 ι
2478 3911 2524 3968 Ο
2558 3913 2720 3983 igitur
2744 3930 2867 3980 vos,
2904 3917 3111 3986 inquit;
3141 3922 3495 3995 alieiiigenm:

1921 4002 2354 4072 cuanduquidem
2403 4005 2544 4059 sicut
2606 4006 2786 4061 dicitis
2836 4017 2890 4064 et
2939 4012 3185 4080 creditis,
3243 4017 3497 4076 defuncto

1917 4092 2151 4159 Achazo,
2187 4097 2478 4151 contritum
2530 4107 2611 4154 est
2668 4100 3014 4168 imposterum
3048 4102 3237 4177 jugum
3296 4125 3494 4180 pereu-

1919 4184 2099 4241 tientis
2125 4201 2239 4254 vos,
2289 4188 2344 4242 id
2379 4198 2483 4255 est,
2507 4194 2860 4256 conterentis,
2895 4205 3181 4264 propterea
3244 4215 3311 4256 ne
3363 4218 3490 4273 gau-

224 4278 439 4349 ’Δχαζ,
483 4280 883 4352 ἀνεσκίρτησαν
932 4284 1024 4336 ἐπὶ
1060 4284 1232 4355 τούτῳ
1255 4285 1365 4340 τῶν
1399 4286 1714 4358 ἀλλοφύλων
1756 4290 1812 4343 al

1937 4279 2067 4334 lete..
2084 4280 2401 4351 Quanquam
2444 4282 2644 4339 dixerit
2681 4288 2972 4357 quispiam,
3011 4290 3286 4348 Achazum
3322 4294 3494 4349 idolo-

218 4371 444 4437 πόλεις,
494 4370 570 4434 ὡς
617 4374 681 4425 ἐκ
730 4372 904 4427 ποδῶν
948 4376 1228 4444 γεγονότος
1277 4377 1370 4432 τοῦ
1414 4380 1809 4446 καταπαίοντος

1937 4385 2031 4422 ὐιη
2059 4370 2314 4425 cultorem
2355 4371 2540 4441 fuisse,
2577 4385 2631 4430 et
2659 4377 2966 4447 profanum,
2996 4388 3050 4434 et
3088 4383 3177 4436 Dei
3213 4385 3423 4439 hostem
3466 4404 3485 4445 :

218 4462 434 4525 αὐτοὺς
455 4499 471 4524 ,
519 4461 614 4514 καὶ
653 4461 988 4535 δυσφόρητον
1018 4464 1207 4540 ὥσπερ
1233 4469 1325 4522 τὸν
1357 4471 1456 4542 τῆς
1502 4471 1813 4540 πλεονεξίας

1937 4461 2000 4531 [ιιὶ
2032 4464 2089 4516 ﬁt
2135 4477 2262 4533 ergo
2298 4474 2354 4518 ut
2403 4476 2622 4536 propter
2665 4470 2805 4523 hunc
2844 4470 3101 4540 impediat
3129 4472 3270 4530 Deus
3314 4477 3484 4534 risum

216 4553 570 4618 ἐπιτιθέντος
631 4555 837 4624 ζυγόν.⁹
880 4558 1266 4629 Ἥσθενηκότες
1327 4561 1435 4636 γὰρ
1490 4563 1668 4629 ἅπαξ,
1717 4568 1812 4620 καὶ

1911 4553 2385 4610 adversariorum?
2413 4554 2529 4610 Non
2567 4568 2753 4612 contra
2789 4560 2934 4614 illum
2964 4564 3188 4621 omnino
3226 4567 3314 4622 llic
3347 4568 3488 4623 risus

216 4645 640 4716 πεπορθημένοι
696 4646 786 4701 διὰ
826 4646 926 4718 τῆς
984 4650 1283 4722 Ἀσσυρίων
1340 4654 1543 4726 χειρὸς,
1589 4674 1814 4711 κατεπι-

1945 4654 2047 4710 rat,
2072 4646 2168 4699 sed
2192 4645 2238 4701 si
2265 4647 2393 4718 quid
2423 4648 2633 4707 adversi
2666 4649 2863 4705 Judieze
2884 4656 3221 4726 contigisset,
3244 4674 3349 4714 non
3375 4669 3483 4715 tam

218 4733 518 4806 κραίνοντο
565 4734 664 4805 μὲν
724 4735 817 4788 ἐπὶ
866 4735 946 4808 τῷ
991 4737 1187 4807 Ἀχαζ,
1241 4739 1548 4809 ἀμύνασθαί
1597 4758 1657 4794 τε
1705 4742 1812 4813 μὴν

1937 4737 2197 4804 οιίεηιεε,
2252 4754 2414 4808 quam
2463 4739 2557 4794 Dei
2595 4754 2811 4818 manum
2840 4756 2962 4812 quae
3011 4745 3265 4804 lsraelem
3323 4754 3480 4822 quasi

214 4828 328 4880 οὐκ
361 4820 504 4896 ἦσαν
534 4825 764 4878 ἱκανοί.»
786 4821 857 4878 Ἦ
884 4826 1386 4899 τοίνυνμὰλλόφυλοι,
1414 4833 1599 4901 φησὶν,
1622 4832 1808 4904 ἐπειδὴ

216 4917 374 4972 καθά
406 4932 542 4984 φατε
575 4916 671 4969 καὶ
697 4915 966 4987 νομίζετε,
994 4918 1440 4990 τετελευτηκότος
1462 4921 1557 4976 τοῦ
1606 4923 1803 4994 Ἄχας,

219 5008 520 5078 συνετρίϐη
554 5006 740 5061 λοιπὸν
772 5010 801 5061 6
833 5007 996 5077 ζυγὸς
1036 5010 1131 5063 τοῦ
1174 5013 1424 5077 παίοντος
1450 5015 1614 5085 ὑμᾶς,
1658 5016 1805 5070 τοῦτ’

217 5099 365 5163 ἔστι,
396 5097 491 5151 τοῦ
522 5098 914 5169 συντρίϐοντος,
949 5100 1042 5154 ἐπὶ
1065 5102 1239 5173 τούτῳ
1272 5103 1347 5173 μὴ
1382 5104 1796 5178 εὐφρανθείητε.

216 5192 422 5245 Καίτοι
459 5190 592 5261 φαίη
639 5208 723 5255 τις
768 5192 862 5255 ἂν,
915 5191 990 5256 ὡς
1035 5190 1427 5266 εἰδωλολάτρης
1472 5199 1501 5251 6
1527 5199 1704 5268 Ἀχαζ
1732 5196 1801 5270 ἦν

219 5283 457 5356 βέϐηλος
485 5300 544 5335 τε
573 5284 665 5337 καὶ
710 5283 969 5355 θεομισής
990 5302 1004 5316 ·
1046 5280 1167 5341 εἶτα
1200 5287 1316 5351 πῶς
1344 5288 1635 5343 ἀνακόπτει
1667 5291 1802 5355 Θεὸς

217 5372 312 5424 τὸν
344 5372 434 5424 ἐπ’
475 5370 621 5441 αὐτῷ
652 5372 867 5440 γέλωτα
904 5373 1014 5426 τῶν
1057 5373 1122 5427 δι’
1169 5378 1449 5441 ἐναντίαςς
1486 5378 1694 5432 Οὐκοῦν
1739 5381 1798 5434 οὐ

220 5464 341 5517 κατ’
373 5461 584 5516 ἐκείνου
616 5480 719 5517 που
749 5464 965 5528 πάντως
992 5460 1060 5536 ἦν
1085 5468 1113 5520 ὀ
1144 5467 1319 5535 γέλως
1341 5481 1357 5499 ’
1398 5468 1513 5523 ἀλλ’
1555 5470 1709 5524 εἵπου
1744 5489 1797 5526 τι

1913 4837 2067 4882 scuto
2090 4828 2350 4894 defendit,
2386 4829 2573 4884 sannis
2604 4829 2972 4903 conviciisque
3031 4841 3367 4896 conabantur
3398 4844 3484 4896 in.

1910 4926 2103 4979 sectari
2154 4926 2470 4980 adversarii.
2521 4926 2790 4982 Putabant
2838 4927 3105 4993 siquidem
3149 4938 3480 4986 attenuatam

1909 5024 1963 5070 et
2001 5015 2329 5071 inﬁrmatam
2353 5031 2473 5072 esse
2492 5017 2920 5086 potentissimum
2961 5018 3330 5085 dexterain,et
3358 5036 3484 5075 suos

1911 5110 2043 5166 deos
2065 5114 2290 5168 custode
2323 5112 2535 5168 lsraelis
2559 5113 2725 5168 fuisse
2748 5113 3020 5168 meliores.
3043 5111 3281 5171 Proinde
3314 5128 3461 5183 quan

1910 5216 2069 5270 quam
2106 5202 2367 5272 profanus
2411 5203 2572 5258 fuerit
2611 5204 2880 5268 Achazus,
2916 5211 3094 5259 tamen
3124 5204 3248 5274 quia
3294 5204 3484 5259 alieni-

1908 5308 2078 5361 genae,
2109 5304 2167 5349 ut
2200 5295 2310 5366 jam
2343 5296 2611 5365 dicebam,
2648 5296 2881 5353 ludibrio
2916 5296 3223 5352 habuerunt
3264 5293 3482 5351 Israeli-

1911 5391 2014 5451 tas,
2036 5388 2356 5454 ,comprimit
2390 5389 2653 5467 laetitiam,
2672 5398 2728 5443 et
2760 5388 2912 5458 quasi
2944 5388 3178 5444 retrahit
3209 5403 3274 5444 ac
3308 5388 3478 5445 reirec

1908 5484 2001 5528 nat
2050 5476 2328 5543 gaudium,
2369 5478 2553 5537 dicens
2585 5499 2598 5537 :
2632 5495 2740 5537 non
2783 5480 3044 5541 liberatos
3074 5497 3193 5544 esse
3224 5498 3321 5544 cos
3347 5484 3479 5560 iugo

291 5621 335 5653 ⁸⁸
364 5618 408 5676 ιι
447 5619 625 5675 Paral.
659 5634 808 5689 xxt't,
835 5619 963 5687 6-8;
993 5637 1165 5688 xxvii,
1198 5622 1215 5677 Ι
1243 5638 1256 5687 ;
1296 5638 1479 5689 xxvm,
1514 5624 1639 5696 lui.
1706 5625 1747 5659 ¹¹
1773 5623 1834 5679 Π

1937 5642 2005 5699 9g.
2031 5642 2146 5695 xvi,
2176 5627 2199 5682 l
2239 5642 2397 5701 seqq.
