4026 6210
522 236 636 292 395
1515 230 1573 286 S.
1617 230 1888 287 CYRILLI
1928 232 2398 291 ALEXANDRINI
2440 234 2759 291 ARCIIIEP.
3682 237 3788 292 596

532 354 797 419 tacrymas
820 348 993 417 captis
1035 347 1254 402 excitat.
1284 345 1601 402 Elieitenim
1643 363 1855 417 semper
1884 364 1947 404 ex
1977 365 2100 404 ocu-

2214 354 2358 407 ὲστιν
2396 355 2427 424 ἡ
2462 354 2569 406 τῶν
2620 352 2887 405 Ἰουδαίων
2930 350 3103 423 χώρα.
3140 350 3470 423 βορειωτέρα
3518 351 3573 406 δέ
3616 357 3793 423 πωςὴ

532 444 597 498 lis
641 441 817 496 furnus
848 440 1162 511 laerymam.
1205 437 1316 491 Non
1363 447 1449 493 est
1480 448 1658 495 autem
1694 439 2101 497 dissentaneum

2214 443 2308 497 τῶν
2364 442 2683 514 Ἀσσυρίων.
2732 442 2941 512 Καπνῷ
3000 459 3062 510 γε
3113 442 3220 513 μὴν
3268 442 3371 512 τὴν
3428 442 3800 516 φιλοπόλεμον

520 535 678 602 .lidei,
714 535 767 588 iu
806 535 890 589 bis
928 533 1104 588 verbis
1152 532 1254 586 alia
1290 531 1358 589 de
1382 547 1545 588 causa
1600 531 1741 588 bella
1799 535 2102 603 comparari

2214 536 2522 608 παρεικάζει
2553 535 2832 608 στρατιὰν,
2869 536 2947 600 ὡς
2995 535 3250 607 δακρύων
3292 538 3407 599 τοῖς
3446 535 3666 590 ἁλοῦσιν
3700 541 3798 609 ἐμ-

533 627 697 682 fumo.
738 626 1201 690 Quemadmodum
1226 626 1368 680 enim
1399 624 1583 680 fumus
1623 623 1866 682 incidens
1898 626 1949 679 in
1982 639 2102 685 eor-

2214 630 2509 700 τεοιητικήν.
2568 627 2809 694 Ἐξέλκει
2838 627 2947 698 γὰρ
3001 628 3089 682 ἀεί
3134 645 3252 692 πως
3281 627 3391 681 τῶν
3436 628 3701 700 ὀμμάτων
3734 631 3799 689 τὸ

533 720 676 789 poris
700 718 906 782 oculos,
926 718 1074 773 visus
1103 719 1274 773 aciem
1304 717 1411 772 illis
1433 718 1655 772 adimit:
1688 717 1768 772 sic
1787 726 1844 772 et
1871 715 2103 772 formido

2214 722 2432 792 Βάκρυον
2455 722 2483 774 ό
2516 721 2742 785 καπνός.
2787 721 2902 773 Οὐκ
2954 718 3217 774 ἀπίθανον
3249 719 3306 773 δὲ
3343 719 3437 775 καὶ
3464 721 3669 792 ἑτέρως
3690 740 3795 776 κα-

533 812 722 867 mortis
746 818 951 864 tantum
984 826 1087 864 non
1127 810 1362 865 inebriat
1401 820 1665 873 mentem,
1706 825 1802 865 cor
1825 809 2098 865 turbidum

2214 813 2326 885 πνῷ
2376 812 2804 885 παρεικάζεσθαι
2847 813 2973 877 τοὺς
3024 811 3311 883 πολέμους.
3354 813 3563 885 Ὥσπερ
3610 814 3724 885 γὰρ
3763 818 3799 867 6

532 904 725 969 reddit,
753 912 808 959 et
834 903 1091 973 gravibus
1123 918 1186 958 ac
1218 903 1572 957 intolerandis
1606 902 1903 958 terroribus
1933 916 2104 971 prope

2214 902 2413 967 καπνὸς
2438 905 2551 967 τοῖς
2583 901 2676 957 τοῦ
2721 900 2973 974 σώματος
2995 902 3287 973 ἐμπίπτων
3316 903 3618 976 ὀφθαλμοῖς
3644 924 3796 977 παρ-

528 996 774 1067 denigrat
802 1006 860 1051 et
888 994 1132 1051 oﬂuscat.
1176 994 1367 1051 Veniet
1409 995 1575 1074 igitur
1615 993 1795 1050 fumus
1821 996 1889 1049 ab
1926 994 2102 1063 Aqui-

2214 994 2438 1062 ιιρεῖται
2465 991 2682 1055 πάντως
2710 991 2905 1056 αὐτοὺς
2932 992 2994 1047 τὸ
3025 994 3125 1065 τῆς
3150 992 3327 1063 δψεως
3356 995 3603 1066 ἀκριϐὲς,
3646 996 3796 1050 οὕτω

526 1091 671 1145 lone.
708 1089 779 1142 At
800 1088 920 1158 quis
940 1088 1045 1143 erit
1075 1086 1234 1158 hujus
1275 1087 1601 1145 incursionis
1626 1086 1850 1143 exitus?
1872 1085 1988 1141 Non
2020 1095 2107 1141 est

2214 1086 2300 1139 mi.
2354 1084 2586 1140 θανάτου
2645 1085 2811 1155 φόϐος
2873 1088 3156 1157 μονονουχὶ
3239 1088 3648 1158 καταμεθύσκει
3697 1091 3795 1144 τὸν

524 1189 589 1235 ut
642 1181 736 1245 sit,
782 1180 976 1251 inquit,
1007 1182 1057 1234 id
1111 1188 1217 1245 est,
1250 1189 1496 1235 extrema
1530 1176 1833 1238 internecio
1864 1178 2028 1234 urbes
2050 1186 2107 1231 et

2214 1176 2357 1240 νοῦν,
2425 1177 2520 1231 καὶ
2569 1176 2861 1232 καταθολοῖ
2915 1177 3015 1247 τὴν
3066 1178 3312 1250 καρδίαν,
3354 1177 3547 1243 δεινοῖς
3582 1198 3642 1233 τε
3697 1184 3795 1234 καὶ

530 1274 736 1338 domus,
761 1280 815 1325 et
850 1273 941 1342 qui
984 1273 1037 1326 in
1065 1270 1171 1327 illis
1198 1280 1325 1326 sunt
1349 1269 1735 1341 pessumdabil.

2214 1268 2507 1340 ὰφορήτοις
2540 1267 2788 1340 δείμασιν
2825 1269 3107 1339 μονονουχὶ
3139 1269 3557 1340 καταμελαίνων
3588 1272 3788 1337 αὑτήν.

533 1365 692 1431 Ἥξει
711 1368 890 1421 τοίνυν
923 1365 1129 1429 καπνὸς
1151 1365 1258 1420 ἀπὸ
1293 1364 1484 1438 βορρᾶ.
1523 1360 1658 1419 Εῐτα
1686 1365 1841 1418 ποῖόν
1862 1367 1978 1418 ἐστι
2036 1364 2139 1435 τῆς
2166 1364 2360 1430 ἐφόδου
2421 1365 2482 1419 τὸ
2518 1365 2708 1432 τέλος;
2746 1368 2931 1421 οὐκέτι
2975 1364 3070 1418 τοῦ
3115 1362 3254 1422 εἷναί
3285 1385 3441 1440 φησι,
3468 1368 3614 1422 τοῦτ’
3649 1369 3794 1436 ἐστι,

531 1464 906 1537 πανωλεθρεία
950 1463 1285 1535 καταφθερεῖ
1327 1462 1510 1528 πόλεις
1542 1479 1600 1518 τε
1634 1463 1731 1517 καὶ
1775 1463 1980 1528 οἴκους,
2031 1463 2125 1516 καὶ
2161 1464 2289 1527 τοὺς
2312 1464 2372 1517 ὲν
2400 1464 2612 1527 αὐταῖς.

604 1562 766 1616 Vsus.
799 1562 886 1616 32.
953 1560 1020 1615 Et
1055 1561 1180 1631 quid
1213 1560 1590 1629 respondebunt
1648 1575 1791 1629 reges
1823 1558 2103 1629 gentium?

533 1653 674 1719 Quia
703 1652 954 1707 Dominus
983 1651 1224 1719 fundauit
1248 1649 1399 1719 Sion,
1431 1661 1479 1706 et
1501 1667 1594 1721 per
1628 1649 1782 1705 illum
1812 1650 2100 1705 servabun-

527 1756 619 1799 tur
645 1744 866 1799 humiles
891 1744 1095 1815 populi.

602 1838 960 1907 [inpressione
1000 1837 1343 1909 Assyriorum
1377 1837 1538 1902 facta,
1566 1848 1738 1908 capta!
1766 1851 1892 1894 sum
1918 1838 2107 1894 alieni-

529 1944 788 2002 genarum
841 1931 1019 1992 urbes.
1053 1930 1346 1985 devastala:
1388 1931 1737 1988 nihilominus
1790 1933 1952 1988 etiam
2007 1932 2107 1988 Sa-

534 2024 925 2078 maritanorum
967 2023 1213 2077 civitates
1250 2041 1265 2078 :
1308 2032 1523 2079 servata
1556 2034 1642 2080 est
1675 2034 1858 2081 autem
1892 2027 2108 2096 egregie

530 2132 640 2185 prae
666 2115 876 2170 czeteris
904 2129 966 2169 ac
994 2115 1314 2171 mirabiliter
1347 2116 1458 2172 sola
1497 2116 1819 2184 Jerusalem,
1852 2118 2104 2189 Assyrio-

533 2226 649 2264 rum
679 2208 851 2278 eotiiis
878 2226 893 2271 ;
927 2223 1143 2262 manum
1176 2208 1506 2265 admoliente
1527 2210 1722 2279 eo,qui
1742 2210 1919 2265 omnia
1951 2209 2109 2268 facile

542 2315 604 2355 ac
638 2310 785 2355 recte
815 2309 990 2369 potest
1016 2299 1248 2355 allicere.
1282 2300 1474 2356 Μοτιυί
1503 2312 1626 2357 sunt
1657 2302 1803 2358 enim
1820 2316 1924 2358 una
1951 2312 2111 2360 nocte

532 2390 953 2460 alienigenarum
998 2399 1213 2446 centum
1276 2394 1556 2461 octoginta
1605 2393 1844 2464 quinque
1913 2395 2105 2451 millia.

533 2483 758 2553 Quando
784 2483 947 2553 igitur
966 2483 1326 2553 Aquilonares
1359 2483 1448 2539 isti
1488 2484 1828 2541 inecnderint
1852 2486 2109 2557 alienige-

534 2592 724 2630 narum
755 2577 941 2639 urbes,
970 2575 1207 2646 pepulati
1240 2575 1436 2630 fuerint
1469 2577 1631 2631 etiam
1657 2575 1853 2634 ludam:
1876 2580 2107 2635 vicinam

533 2669 864 2734 Samariam,
889 2669 1084 2725 deinde
1104 2670 1383 2740 cingentes
1417 2669 1653 2741 undique
1696 2671 1864 2742 ipsam
1890 2671 2108 2728 Jerusa-

535 2765 667 2830 lem,
697 2763 844 2818 nullo
882 2760 1188 2827 resistente,
1232 2776 1338 2816 una
1380 2770 1535 2817 nocte
1568 2765 1873 2819 eorruerint
1911 2782 1924 2820 :
1958 2773 2106 2832 tunc,

529 2867 680 2925 tunc,
734 2855 924 2926 inquit,
971 2854 1140 2910 velint
1175 2853 1367 2918 nolint,
1402 2854 1809 2909 conﬁtebuntur
1867 2855 2107 2927 gentium

532 2963 706 3019 reges,
726 2949 868 3018 quod
892 2946 1151 3001 Dominus
1174 2944 1419 3001 fundavit
1447 2946 1599 3013 Sion,
1624 2956 1677 3002 et
1698 2949 1840 3017 quod
1866 2963 1962 3019 per
1983 2964 2107 3005 eum

529 3043 890 3096 servabuntur
942 3038 1175 3094 humiles
1209 3037 1410 3109 populi.
1461 3037 1706 3095 Humiles
1730 3041 1911 3111 populi
1949 3051 2108 3098 vocat

528 3150 643 3197 ens,
681 3133 771 3202 qni
805 3132 856 3185 in
896 3130 986 3185 illo
1016 3129 1130 3184 solo
1185 3143 1335 3198 spem
1385 3127 1574 3185 salutis
1630 3145 1740 3185 sure
1800 3131 2104 3201 collocant;

532 3227 707 3296 qualis
737 3233 855 3280 erat
915 3222 1031 3293 ipse
1081 3237 1176 3277 rex
1235 3220 1521 3286 Ezechias,
1552 3231 1608 3277 et
1636 3224 1727 3294 qui
1767 3225 1911 3280 circa
1961 3225 2107 3281 illum

530 3328 689 3372 erant
739 3315 1168 3387 procidenteset
1211 3313 1492 3368 dicentes:
1531 3313 1806 3383 «Exaudi,
1860 3318 2107 3389 Domine,

530 3409 763 3477 respice,
792 3404 1039 3468 Domine,
1079 3411 1133 3458 et
1164 3402 1285 3457 vide
1313 3415 1593 3458 sermones
1612 3401 1929 3473 Rhapsacm,
1971 3419 2110 3476 quos

531 3500 711 3556 emisit
740 3513 833 3553 rex
859 3497 1229 3567 Assyriorum,
1273 3492 1468 3563 probra
1500 3494 1713 3567 jaciens
1742 3495 1794 3551 in
1828 3497 1995 3552 Deum
2025 3500 2108 3556 vi-

534 3610 658 3649 vum
692 3593 756 3647 ³³.
788 3611 809 3646 θ
853 3589 1054 3645 Verum
1097 3603 1130 3642 e
1160 3588 1375 3643 diverso
1416 3588 1533 3659 ipse
1577 3588 1782 3645 audivit
1825 3588 1993 3646 Deum
2026 3591 2110 3648 lo-

534 3696 788 3758 quentem
824 3692 1008 3754 aperte
1042 3700 1057 3738 :
1095 3700 1114 3734 ι
1144 3681 1270 3738 “me
1305 3681 1382 3736 ait
1405 3681 1668 3737 Dominus
1702 3698 1719 3739 :
1752 3682 2108 3753 Propugnabo

534 3778 809 3832 civitatem
852 3774 993 3829 hanc
1026 3781 1243 3844 propter
1284 3785 1389 3838 me,
1420 3780 1475 3828 et
1507 3782 1726 3843 propter
1774 3774 1941 3829 David
1971 3789 2107 3844 pue-

537 3886 656 3923 rum
693 3867 952 3922 tneutn‘i.
986 3886 1006 3918 ι
1039 3884 1059 3918 ι
1087 3865 1568 3935 Bonutnestigilur
1582 3866 1854 3923 conﬁdere
1870 3866 2058 3923 Deo".
2081 3884 2102 3919 ι

536 3962 689 4028 Quod
729 3961 891 4014 etiam
939 3958 1082 4013 beati
1117 3958 1390 4028 prephetm
1436 3972 1544 4013 non
1599 3957 1934 4027 ignorarunt.
1957 3958 2109 4015 lere-

535 4052 674 4105 mias
700 4050 897 4119 quippe
931 4048 1062 4103 dicit
1105 4065 1119 4101 :
1158 4066 1182 4099 4
1208 4045 1407 4102 Beatus
1450 4048 1614 4104 homo
1641 4049 1729 4117 qui
1788 4049 2010 4106 conlidit
2052 4050 2106 4106 in

534 4141 780 4204 Domino,
819 4149 871 4194 et
901 4140 1005 4193 erit
1035 4137 1291 4192 Dominus
1330 4154 1455 4210 spes
1503 4140 1620 4211 ejus
1651 4141 1716 4194 ιδ.
1747 4160 1766 4194 ι
1808 4140 2108 4211 Sapientis-

534 4234 705 4289 simus
725 4231 886 4304 247
906 4231 1067 4286 etiam
1105 4227 1270 4283 David
1295 4244 1311 4282 :
1350 4247 1370 4281 ι
1404 4230 1631 4285 Domine
1660 4232 1800 4287 Deus
1826 4232 2103 4298 virtutum,

528 4326 727 4380 beatus
754 4326 915 4378 homo
933 4320 1024 4391 qui
1055 4328 1241 4391 sperat
1275 4320 1330 4374 in
1354 4326 1406 4375 te
1428 4319 1529 4374 ’τά
1550 4319 1718 4376 Nemo
1743 4320 1887 4377 enim
1917 4320 2109 4392 perdet

2281 1559 2390 1614 Καὶ
2417 1561 2475 1613 τί
2505 1560 3018 1629 ἀποκριθήσονται
3056 1559 3343 1629 βασιλεῖς
3381 1560 3608 1623 sarcir;
3659 1560 3796 1616 Ὅτι

2208 1650 2428 1719 Κύριος
2456 1650 2814 1720 ἐθεμελίωσε
2851 1652 3024 1716 Σιὼν,
3047 1652 3147 1706 καὶ
3169 1651 3243 1706 δι’
3264 1651 3453 1705 αὐτοῦ
3481 1649 3797 1716 σωθήσον-

2139 1724 2182 1779 B
2207 1756 2305 1794 ται
2330 1743 2384 1794 οἱ
2409 1740 2677 1794 ταπεινοὶ
2700 1740 2807 1795 τοῦ
2839 1740 3014 1796 λαοῦ.

2277 1832 2391 1903 Τῆς
2422 1833 2610 1903 ἐφόδου
2639 1834 2748 1887 τῶν
2784 1831 3109 1906 .Ἀσσυρίων
3155 1834 3530 1905 γεγενημένης
3571 1833 3795 1904 ἥλωσαν

2214 1926 2313 1999 μὲν
2346 1926 2537 1981 αἰτῶν
2585 1926 2900 1996 ἀλλοφύλων
2953 1927 3157 1991 πόλεις.
3222 1926 3683 1998 Ἐκπεπόρθηνται
3730 1928 3794 1980 δὲ

2207 2019 2367 2073 οὐδὲν
2401 2013 2564 2091 ἧττον
2588 2019 2684 2073 καὶ
2738 2021 2795 2073 αἱ
2831 2019 2939 2073 τῶν
2976 2020 3332 2092 Σαμαρειτῶν
3361 2036 3375 2051 ⁸
3434 2018 3695 2073 σέσωσται
3729 2019 3796 2073 δὲ

2217 2110 2578 2183 Ἰερουσαλὴμ
2636 2111 2956 2182 παραδόξως
3017 2111 3152 2183 μόνη
3216 2110 3369 2183 παρὰ
3428 2111 3627 2176 πασας,
3666 2112 3795 2176 ταῖς

2206 2200 2315 2255 τῶν
2378 2201 2680 2273 Ἀσσυρίων
2743 2205 3022 2276 στρατιαῖς
3062 2205 3432 2273 ἑνενεγκόντος
3471 2203 3570 2274 τὴν
3632 2206 3800 2276 χεῖρα

2206 2293 2303 2348 τοῦ
2337 2293 2515 2348 πάντα
2551 2295 2787 2358 εὐκόλως
2812 2292 3111 2366 κατορθοῦν
3141 2292 3436 2364 ἰσχύοντος.
3496 2294 3797 2349 ’Δπέθανον

2208 2388 2317 2459 γὰρ
2360 2388 2419 2441 έν
2446 2387 2603 2441 νυκτὶ
2641 2389 2742 2460 μιᾷ
2784 2388 2892 2441 τῶν
2932 2387 3246 2457 ἀλλοφύλων
3296 2387 3490 2442 ἑκατὸν
3547 2388 3641 2442 καὶ
3695 2386 3795 2455 ὀγ-

2206 2478 2471 2550 δοήκοντα
2507 2478 2664 2532 πέντε
2694 2479 2952 2551 χιλιάδες.
2987 2480 3156 2535 Ὅταν
3187 2480 3364 2534 τοίνυν
3392 2480 3797 2551 καταπρήσωσι

2211 2571 2310 2643 μὲν
2336 2570 2436 2637 τὰς
2460 2571 2568 2626 τῶν
2603 2571 2918 2643 ἀλλοφύλων
2941 2572 3123 2637 πόλεις
3173 2574 3223 2626 οἱ
3256 2572 3363 2625 ἀπὸ
3402 2570 3598 2642 βορρᾶ,
3627 2587 3793 2623 κατα·

2207 2661 2459 2736 δῃώσωσι
2509 2664 2604 2717 καὶ
2636 2663 2736 2735 τὴν
2774 2662 2874 2734 τῆς
2935 2662 3192 2727 Ἰουδαίας
3236 2661 3453 2731 γείτονα
3478 2661 3579 2731 τὴν
3610 2660 3793 2730 Σαμα·

2213 2754 2428 2827 ρειτῶν,
2491 2753 2611 2811 εἶτα
2669 2755 3024 2828 περισχόντες
3087 2755 3273 2826 κύκλῳ
3324 2756 3418 2809 καὶ
3468 2754 3640 2826 αὐτὴν
3693 2755 3795 2825 τὴν

2221 2847 2598 2919 Ἰερουσαλὴμ,
2626 2846 2840 2910 οὐδενὸς
2886 2846 3274 2916 ἀντεξάγοντος
3331 2849 3390 2901 ὲν
3437 2849 3536 2919 μιᾷ
3580 2848 3796 2900 πέσωσι

2209 2941 2365 2995 νυκτί
2390 2957 2405 2971 ·
2436 2941 2557 2995 τότε
2590 2941 2677 3012 δὴ,
2705 2940 2831 2995 τότε
2865 2941 2962 2995 καὶ
2991 2941 3089 3011 οὐχ
3118 2939 3353 3005 ἑκόντες,
3378 2940 3561 3009 φησὶν,
3592 2939 3797 3010 ὁμολο-

2209 3034 2452 3105 γήσωσιν
2489 3035 2540 3087 οἱ
2568 3034 2676 3088 τῶν
2711 3034 2880 3093 ἐθνῶν
2912 3032 3173 3104 βασιλεῖς,
3227 3034 3309 3088 ὅτι
3353 3033 3556 3105 Κύριος
3592 3031 3798 3104 ἐθεμε-

2212 3126 2375 3182 λίωσε
2411 3126 2549 3181 Σιὼν
2575 3143 2589 3157 ο
2623 3127 2721 3181 καὶ
2751 3127 2835 3181 ὅτι
2863 3126 2932 3181 δι’
2952 3125 3118 3181 αὐτοῦ
3149 3126 3484 3198 σωθήσονται
3524 3126 3574 3178 οἱ
3600 3141 3800 3178 ταπει-

2208 3218 2291 3273 νοὶ
2320 3218 2414 3273 τοῦ
2452 3218 2604 3275 λαοῦ.
2650 3220 2956 3284 Ταπεινοὺς
2983 3219 3040 3272 δέ
3079 3235 3211 3290 φησι
3245 3218 3339 3274 τοῦ
3368 3218 3519 3282 λαοῦ,
3547 3219 3675 3282 τοὺς
3702 3218 3797 3271 ἐπ’

2207 3310 2355 3384 αὐτῷ
2383 3312 2447 3384 δὴ
2507 3312 2603 3366 καὶ
2638 3313 2786 3384 μόνῳ
2814 3313 2915 3385 τὴν
2949 3313 3057 3367 τῶν
3083 3312 3355 3378 σώζεσθαι
3404 3311 3666 3383 θεμένους
3700 3310 3795 3364 ὲλ-

2208 3404 2357 3471 πίδα,
2413 3406 2593 3470 ὁποῖός
2617 3405 2678 3459 τέ
2709 3424 2795 3471 τις
2823 3402 2891 3478 ἦν
2923 3405 3085 3470 αὐτὸς
3105 3409 3135 3460 6
3165 3405 3461 3477 βασιλεύων
3520 3404 3793 3475 Ἐζεχίας,

2207 3499 2300 3552 καὶ
2327 3500 2375 3552 οἱ
2430 3499 2567 3571 ἀμφ’
2599 3499 2761 3554 αὐτὸν
2810 3499 2930 3571 Θεῷ
2973 3499 3429 3572 προσπίπτοντες,
3486 3499 3581 3553 καὶ
3605 3498 3797 3568 λέγον-

2206 3609 2293 3657 τες
2318 3609 2333 3623 ’
2373 3611 2392 3645 t
2427 3591 2779 3659 Εἰσάκουσον,
2836 3593 3032 3666 Κύριε,
3093 3592 3398 3664 εἷσόλεψον,
3448 3591 3647 3665 Κύριε,
3695 3593 3793 3644 καὶ

2206 3684 2284 3739 ῐδε
2306 3685 2434 3748 τοὺς
2466 3685 2656 3754 λόγους
2694 3684 2789 3740 τοῦ
2850 3685 3142 3757 Ῥαψάκου,
3200 3685 3296 3749 οὒς
3338 3683 3726 3750 ἐξαπέστειλεν
3766 3685 3796 3737 6

2208 3776 2460 3844 βασιλεὺς
2496 3778 2817 3851 Ἀσσυρίων,
2847 3780 3129 3846 ὀνειδίζειν
3151 3778 3285 3833 Θεὸν
3312 3779 3511 3859 (timet.
3554 3797 3573 3832 ι
3627 3776 3794 3831 Ἀλλὰ

2206 3868 2299 3921 καὶ
2331 3866 2494 3931 αὐτὸς
2536 3868 2832 3939 ἀντήκουεν
2861 3869 2997 3924 Θεοῦ
3024 3870 3275 3940 λέγοντος
3315 3868 3586 3940 ἐναργῶς·
3630 3887 3652 3921 ι
3684 3870 3796 3922 Τά-

2204 3959 2262 4013 δε
2285 3959 2437 4025 λέγει
2463 3958 2667 4030 Κύριος
2687 3976 2701 3992 ο
2742 3959 3097 4035 ’Υπερασπιῷ
3119 3963 3259 4034 ὑπὲρ
3290 3962 3390 4034 τῆς
3418 3962 3630 4026 πόλεως
3656 3961 3783 4017 ταύ-

2206 4068 2305 4123 της
2332 4051 2396 4106 δι’
2427 4053 2549 4124 ἐμὲ,
2588 4055 2682 4108 καὶ
2710 4054 2797 4109 διὰ
2826 4055 2992 4111 Δαὸὶδ
3018 4056 3108 4110 τὸν
3153 4056 3320 4110 παῖδά
3349 4074 3472 4129 μου.
3506 4074 3526 4109 ι
3562 4073 3583 4108 ι
3634 4057 3794 4125 ’Ᾱγαο

2208 4143 2300 4198 θὸν
2324 4139 2417 4199 οὗν
2445 4145 2553 4217 ἄρα
2583 4146 2645 4201 τὸ
2678 4148 2770 4201 ἐπὶ
2798 4148 2918 4219 Θεῷ
2971 4149 3312 4204 πεποιθέναι.
3381 4168 3401 4203 ι
3464 4149 3577 4204 Καὶ
3632 4148 3797 4204 τοῦτο

2207 4239 2403 4305 εἰδότες
2428 4242 2480 4294 οἱ
2527 4242 2789 4314 μακάριοι
2830 4244 3108 4316 προφῆταί
3128 4260 3312 4313 φασιν,
3363 4241 3635 4317 Ἱερεμίας
3670 4244 3795 4314 μὲν,

2208 4332 2315 4397 ὅτι,
2342 4352 2361 4385 ι
2385 4334 2676 4407 Μακάριος
2695 4335 2983 4408 ἄνθρωπος
3003 4339 3032 4390 6
3056 4338 3331 4402 πεποιθὼς
3352 4340 3447 4393 ἐπὶ
3465 4338 3546 4409 τῷ
3575 4340 3796 4411 Κυρὲῳ,

526 4431 655 4470 eum
685 4415 775 4485 qui
808 4415 990 4470 divino
1022 4412 1138 4481 ejus
1155 4420 1287 4468 nutu
1320 4411 1535 4483 adjutus
1553 4422 1657 4480 est,
1684 4422 1739 4469 et
1764 4427 1999 4485 superno
2027 4416 2104 4472 fa-

2214 4424 2305 4478 καὶ
2334 4422 2485 4478 ἔσται
2523 4425 2729 4497 Κύριος
2768 4427 2924 4491 ἐλπὶς
2967 4426 3155 4482 αὐτοῦ.
3205 4447 3223 4480 ι
3271 4429 3330 4482 '0
3377 4429 3433 4483 δὲ
3478 4430 3798 4499 σοφώτατος

534 4523 665 4562 vore
693 4521 760 4562 ac
789 4506 1163 4562 benevolentia
1210 4506 1365 4576 quasi
1406 4521 1564 4561 muro
1589 4508 1755 4577 probe
1783 4508 2103 4566 obvallatus.

2214 4514 2401 4569 Δαδίδο
2437 4535 2455 4568 ι
2487 4516 2661 4589 Κύριε
2681 4520 2710 4572 6
2731 4518 2865 4582 Θεὸς
2896 4518 3006 4573 τῶν
3036 4520 3343 4591 δυνάμεων,
3388 4522 3662 4592 μακάριος
3698 4524 3802 4576 ἂν-

537 4598 796 4667 Dignatur
821 4598 963 4652 enim
998 4612 1126 4652 cura
1158 4613 1254 4653 sua
1301 4607 1545 4653 amantes
1577 4612 1657 4664 se,
1676 4606 1734 4653 et
1755 4598 1849 4669 qui
1872 4598 2107 4670 diligen-

2214 4605 2424 4678 θρωπος
2443 4608 2471 4661 6
2493 4607 2728 4674 ἐλπίζων
2749 4610 2843 4664 ἐπὶ
2866 4610 2945 4668 σέ.
2982 4630 3003 4665 ι
3053 4612 3331 4667 Ἀπολέσει
3359 4613 3467 4685 γὰρ
3499 4614 3678 4677 οὐδεὶς
3699 4616 3798 4669 τὸν

530 4699 615 4742 ter
638 4703 759 4758 quae
783 4689 882 4758 ipsi
916 4689 1135 4760 placent
1165 4690 1407 4757 cogitare
1432 4699 1487 4748 et
1511 4705 1672 4760 agere
1693 4693 1931 4762 student,
1964 4695 2019 4750 bi
2050 4703 2107 4751 ut

2214 4701 2313 4763 τοῖς
2342 4700 2507 4765 θείοις
2537 4701 2704 4756 αὑτοῦ
2741 4703 3007 4775 νεύμασιν
3034 4704 3514 4778 ἐπικουρούμενον,
3551 4706 3649 4759 καὶ
3668 4709 3803 4771 ταῖς

535 4778 707 4833 lirmis
741 4789 796 4835 et
827 4779 1098 4836 diuturnis
1123 4780 1278 4837 bonis
1307 4783 1587 4850 potiantur
1614 4780 1774 4839 facile
1803 4796 2031 4842 annuet.

2214 4791 2405 4846 ίνωθεν
2451 4793 2763 4863 εὐμενείαις
2816 4792 2877 4851 εὖ
2929 4797 3078 4868 μάλα
3136 4798 3559 4870 τετειχισμένον.
3624 4798 3807 4863 ’Δξιοῖ

530 4871 641 4942 γὰρ
657 4871 943 4944 ,φροντίδος
968 4873 1095 4937 τοὺς
1153 4875 1484 4944 ἀγαπῶντας
1534 4876 1717 4942 αὐτὸν,
1768 4877 2009 4944 καὶτοῖς
2062 4880 2131 4935 τὰ
2205 4883 2355 4956 αὐτῷ
2405 4884 2667 4942 δοκοῦντα
2730 4893 2949 4962 φρονεῖν
3001 4909 3063 4946 τε
3094 4892 3186 4947 καὶ
3240 4892 3374 4965 δρᾷν
3409 4893 3491 4946 ὄτι
3552 4892 3806 4964 μάλιστα

534 4967 966 5034 διεσπουδακόσι,
1015 4967 1076 5022 τὸ
1127 4969 1187 5023 ὲν
1244 4968 1448 5042 βεϐαίῳ
1497 4971 1709 5026 κεῖσθαι
1744 4969 1855 5026 τῶν
1881 4971 2102 5041 ἀγαθῶν
2139 4978 2426 5035 κατανεύει
2453 4982 2781 5057 προχείρως.

1142 5099 1283 5158 ΤΟΜ
1292 5103 1378 5160 US
1414 5103 1499 5161 lll.

605 5212 734 5269 CAP.
760 5210 873 5268 XV.
898 5211 1196 5269 VERBUM
1222 5214 1517 5272 CONTRA
1538 5217 1770 5275 ΜΟΑΒΙ
1781 5220 2040 5281 TIDEM.

601 5325 862 5381 Confecto
898 5340 1150 5382 sermone
1188 5326 1257 5383 de
1294 5326 1603 5400 Babyloniis
1641 5331 1870 5404 aliisque
1911 5338 2108 5393 rectis-

530 5416 689 5480 sime,
719 5433 905 5473 rursus
936 5419 1003 5473 ad
1036 5418 1400 5490 Moabitidem,
1458 5423 1510 5478 id
1544 5433 1646 5491 est,
1679 5437 1868 5483 contra
1904 5427 2110 5485 Moabi-

521 5516 714 5573 sarum
751 5511 1086 5580 metropolim
1126 5514 1506 5587 regionemque
1546 5518 1855 5575 universam
1903 5520 2108 5592 ipsum-

2808 5122 3040 5178 ΤΟΜΟΣ
3084 5126 3124 5178 Γ
3125 5130 3159 5181 '.

2319 5230 2408 5307 ΤΟ
2429 5234 2630 5288 ΡΗΜΑ
2675 5238 2760 5289 T0
2807 5240 2996 5292 ΚΑΤΑ
3035 5240 3171 5292 ΤΗΣ
3211 5239 3685 5297 ΜΩΑΒΙΤΙΔΟΣ.
3794 5274 3801 5278 -

2275 5345 2622 5417 Διαπεράνας
2653 5341 2713 5401 εὖ
2745 5346 2890 5418 μάλα
2917 5348 3009 5403 τὸν
3041 5350 3134 5404 ἐπί
3170 5367 3234 5419 γε
3271 5353 3386 5415 τοῖς
3422 5349 3799 5416 Βαϐυλωνίοις

2208 5436 2302 5490 καὶ
2361 5441 2475 5501 τοῖς
2517 5438 2837 5509 ἀλλοφύλοις
2880 5440 3059 5511 λόγον,
3123 5442 3408 5515 μεθίστησι
3469 5442 3633 5497 πάλιν
3692 5445 3805 5517 τὴν

2209 5527 2605 5598 προαγόρευσιν
2657 5530 2751 5584 ἐπὶ
2798 5534 2865 5604 τῇ
2913 5532 3213 5589 Μωαϐίτιδι
3234 5552 3248 5569 ·
3286 5535 3432 5591 τοῦτ’
3466 5536 3583 5592 ἐστι
3646 5541 3802 5597 κατά

605 5663 657 5697 ³³
681 5663 751 5721 W
778 5662 910 5735 Reg.
949 5681 1060 5737 nx,
1082 5668 1171 5724 16..
1249 5671 1295 5702 ιι
1319 5671 1448 5730 ibid.
1478 5672 1569 5730 54.
1646 5677 1690 5709 ι’
1729 5675 1866 5734 Psal.
1899 5678 2107 5747 cunni

2223 5682 2266 5713 ¹⁶
2290 5680 2491 5739 Jcrent.
2522 5701 2656 5753 xvn,
2685 5687 2737 5742 7.
2819 5688 2859 5720 "
2889 5688 3028 5745 Psal.
3061 5706 3296 5761 unm,
3342 5694 3424 5751 l5.
