4026 6210
298 256 404 311 5‘37

1433 247 1503 302 ΙΝ
1535 244 1768 302 ISAIAM
1806 244 1935 299 LIB.
1963 245 2029 300 ll.
2074 246 2309 304 TOMUS
2345 247 2434 303 Ill.

3444 247 3545 303 398

299 371 401 440 τῆς
428 367 537 422 τῶν
562 363 869 422 Μωαϐιτῶν
903 362 1286 435 μητροπόλεως
1324 362 1506 435 χώρας
1558 382 1616 418 τε
1659 363 1877 433 ἁπάσης

2002 377 2087 431 lue
2131 364 2266 421 adeo
2309 379 2528 435 regnum
2574 363 2831 419 transfert
2865 362 3200 418 vaticinium.
3233 361 3381 419 Gens
3423 376 3551 419 vero

305 463 405 515 καὶ
451 460 613 528 αύτῆς
652 457 755 527 τῆς
787 456 1083 526 βασιλείας.
1131 454 1322 519 Ἐθνος
1352 456 1447 509 καὶ
1487 457 1641 512 αὐτοὶ
1677 454 1900 527 βάρϐαο·

310 570 425 624 ρον,
479 547 856 619 ἁπηχθημένον
896 548 1049 619 παρὰ
1108 545 1247 618 Θεῷ,
1298 547 1468 602 sum
1507 546 1569 601 τὸ
1605 546 1882 615 ἐγκεῖσθαι

308 642 406 712 μὲν
432 639 736 710 ὁλοτρόπως
762 641 882 701 ταῖς
905 638 1013 691 τῶν
1037 636 1270 691 εἰδώλων
1316 638 1613 708 λατρείαις,
1658 637 1884 709 ἐπιθαρ-

304 734 415 787 σείν
440 732 499 785 δὲ
532 730 771 802 μάλιστα
810 733 878 801 τῇ
914 731 1073 801 μάγῳ
1120 729 1309 802 τέχνῃ.
1353 733 1448 784 καὶ
1477 732 1574 802 τῆς
1619 730 1715 784 τοῦ
1747 729 1882 784 Θεοῦ

301 817 736 889 κατεπαίρεσθαι
798 818 979 889 δόξης,
1050 813 1189 873 εἶναί
1249 837 1308 873 τε
1356 820 1464 874 τῶν
1524 822 1606 873 ὅτι
1656 819 1888 890 μάλιστα

300 911 732 982 πολεμιωτάτων
758 914 870 975 τοῖς
922 911 983 976 ἐξ
1043 911 1280 984 Ἰσραήλ.
1318 913 1428 966 Καὶ
1462 912 1592 981 γοῦν
1638 911 1728 964 ὅτε
1777 909 1887 962 τῶν

298 1003 621 1071 Αἰγυπτίων
665 1003 1077 1074 ἀπηλλαγμένοι
1131 1003 1463 1067 πλεονεξίας,
1522 1003 1614 1055 ἐπὶ
1658 1002 1758 1073 τὴν
1791 1001 1889 1071 τῆς

300 1094 639 1164 ἐπαγγελίας
674 1095 922 1166 ἀπῄεσαν
965 1094 1090 1166 γῆν,
1146 1095 1341 1166 μικροῦ
1381 1096 1490 1148 δεῖν
1532 1095 1770 1159 ἅπαντες
1815 1093 1891 1145 δι-

302 1185 561 1250 ολώλασι,
588 1187 652 1239 τό
690 1203 753 1255 γε
774 1180 911 1258 ἧκον
944 1189 1025 1250 είς
1056 1188 1116 1240 τὸ
1144 1187 1450 1258 ἐγχείρημα
1495 1186 1700 1250 Βαλὰκ,
1736 1185 1795 1248 ὃς
1821 1180 1890 1255 ἧν

302 1275 562 1346 βασιλεὺς
587 1276 651 1331 τὸ
671 1277 924 1349 τηνικάδε
953 1278 1059 1331 τῶν
1105 1276 1434 1333 Μωαϐιτῶν.
1486 1277 1805 1347 Γέγραπται
1830 1275 1887 1328 δὲ

1984 455 2262 512 barbarica
2294 456 2515 513 fuerunt
2542 457 2704 511 etiam
2741 457 2816 523 hi,
2850 456 2958 511 Deo
2989 470 3175 522 exosa,
3204 456 3346 525 quod
3379 456 3553 514 idolo-

1983 566 2103 605 rum
2159 548 2325 605 cultui
2392 552 2483 605 toti
2540 550 3005 614 adhaerescerent,
3067 549 3393 620 magicaeque
3450 552 3555 605 arti

1986 641 2219 697 maxime
2248 640 2606 705 confiderent.
2639 655 2700 695 ac
2724 640 2920 695 divinae
2950 638 3217 710 maiestati
3243 653 3365 695 sese
3390 655 3559 710 oppo-

1988 738 2197 795 nerent,
2227 742 2279 785 et
2308 731 2568 788 lsraelitis
2597 742 2782 788 essent
2810 746 2969 802 quam
3005 730 3363 786 infestissimi.
3393 730 3559 786 Cum-

1987 834 2090 890 que
2116 819 2435 893 [Egyptiaca
2464 822 2750 891 tyrannide
2780 821 3024 887 liberati,
3054 819 3122 876 a‘d
3155 831 3354 877 terram
3384 824 3561 876 venis-

1987 921 2111 968 sent
2132 913 2530 982 promissiouis,
2571 930 2760 986 parum
2788 916 2979 970 aberat
3011 915 3140 984 quin
3171 930 3359 970 omnes
3380 915 3562 986 perie-

1991 1004 2125 1070 rint,
2158 1016 2417 1074 quantum
2462 1006 2677 1076 quidem
2726 1018 2948 1063 conatus
2987 1007 3204 1063 Balaclti
3251 1021 3380 1064 tunc
3422 1010 3563 1080 regis

1992 1094 2350 1152 Moabitarnm
2381 1098 2557 1168 potuit
2585 1098 2819 1155 edicere.
2851 1099 3128 1169 Scriptum
3161 1110 3247 1155 est
3275 1111 3452 1156 autem
3485 1102 3564 1154 sic

1992 1187 2045 1241 in
2078 1186 2326 1242 Numeris
2362 1203 2377 1241 :
2422 1209 2441 1239 ‹
2484 1191 2548 1245 Et
2581 1189 2971 1246 descendentes
3014 1190 3106 1245 filii
3151 1190 3315 1247 lsrael
3355 1202 3564 1246 castra-

1994 1276 2177 1331 metati
2219 1286 2347 1332 sunt
2386 1278 2452 1332 ad
2499 1279 2830 1334 occidentem
2876 1279 3060 1346 Moab,
3093 1281 3235 1351 apud
3272 1280 3561 1338 Jordanem

300 1363 477 1429 οὕτως
508 1367 568 1419 ὲν
594 1367 710 1430 τοῖς
747 1364 1049 1439 Ἀριθμοῖς·
1079 1385 1096 1417 ι
1127 1368 1237 1420 Καὶ
1259 1366 1499 1429 ἅπαντες
1533 1365 1638 1419 υἱοὶ
1676 1364 1891 1436 Ἰσραὴλ

2002 1368 2140 1436 iuxta
2187 1367 2429 1435 Jericho,
2465 1379 2519 1425 et
2567 1370 2757 1426 videns
2803 1370 3068 1427 Balachu;
3112 1372 3255 1428 tilius
3300 1372 3562 1442 Sephori,

302 1458 683 1531 παρενέϐαλον
711 1460 804 1513 ἐπὶ
832 1459 1053 1531 δυσμῶν
1082 1460 1277 1524 Monii},
1302 1460 1452 1532 παρὰ
1480 1459 1569 1513 τὸν
1616 1460 1891 1530 Ἰορδάνην

2002 1476 2330 1533 quaecunque
2385 1460 2512 1518 fecit
2567 1462 2731 1518 isracl
2782 1464 3135 1526 Amorrhaeo.
3186 1476 3241 1520 et
3287 1466 3567 1535 pertimuit

304 1552 446 1605 καιτὰ
481 1549 720 1622 Ἱεριχώ.
757 1553 868 1606 Καὶ
904 1551 1031 1611 ἰδὼν,
1062 1552 1244 1605 Βαλὰκ
1277 1554 1391 1616 υίὸς
1427 1550 1685 1624 Σεπφὼρ,
1714 1552 1892 1607 πάντα

2002 1552 2149 1608 Moab
2188 1552 2444 1624 populum
2483 1554 2665 1621 valde,
2696 1556 2821 1624 quia
2859 1555 3006 1610 multi
3051 1564 3207 1611 erant
3244 1574 3260 1610 :
3301 1564 3353 1611 et
3389 1556 3569 1611 timuit

307 1645 407 1697 ὅσα
441 1644 705 1715 ἐποίησεν
742 1644 961 1715 Ἰσραὴλ
985 1643 1061 1714 τῷ
1112 1645 1458 1717 Ἀμορραίῳο
1519 1644 1613 1698 καὶ
1651 1643 1889 1716 ἐφοϐήθη

2002 1643 2152 1700 Moab
2185 1659 2215 1700 a
2250 1643 2387 1699 faeie
2421 1644 2657 1700 ﬁliorum
2692 1645 2857 1701 lsrael
2885 1645 2950 1699 ³⁸.
2990 1666 3010 1700 ι
3049 1646 3256 1703 Deinde
3290 1663 3408 1717 qua:
3443 1656 3564 1702 tan-

310 1734 481 1790 Μωάσ
513 1736 608 1789 τὸν
624 1735 753 1789 λαὸν
783 1735 1009 1808 σφόδρα,
1040 1737 1121 1790 ὅτι
1144 1736 1325 1789 πολλοι⁸
1356 1732 1514 1806 ἦσαν.
1571 1734 1683 1790 Καὶ
1724 1751 1891 1806 προσ-

2002 1736 2119 1791 dem
2146 1736 2265 1805 ejus
2290 1736 2389 1792 fuit
2414 1737 2774 1794 machinatio?
2801 1738 3137 1803 Conductum
3164 1738 3473 1794 Balaatnnm
3499 1756 3567 1793 ex

314 1826 510 1899 ὡχθισε
560 1827 743 1883 Μωὰὸ
789 1830 854 1882 ἐκ
896 1826 1187 1900 προσώπου
1249 1830 1379 1883 υἱῶν
1430 1828 1664 1901 Ἰσραήλ.
1700 1848 1719 1881 ι
1760 1824 1893 1883 Εἶτα.

2002 1828 2385 1899 Mesopotamia
2419 1830 2569 1902 (erat
2610 1842 2789 1887 autem
2825 1832 2870 1887 is
2901 1831 3068 1889 falsus
3096 1842 3243 1888 vates
3275 1843 3331 1887 et
3360 1836 3569 1902 augur)

311 1924 464 1976 ποῖον
506 1910 659 1992 αὐτῷ
705 1920 898 1991 γέγονε
929 1920 990 1974 τὸ
1038 1921 1433 1993 κακούργημα;
1481 1921 1893 1993 Κατεμισθοῦτο

2002 1923 2207 1991 rogavit
2229 1924 2410 1978 dicens
2441 1941 2454 1976 :
2484 1922 2783 1979 Exsecrare
2812 1925 2940 1979 mihi
2969 1923 3241 1980 lsraelem.
3264 1923 3397 1980 Novi
3423 1926 3567 1981 enim

302 2013 401 2066 τὸν
456 2003 694 2082 Βαλαὰμ
723 2014 787 2065 ὲκ
815 2013 914 2083 τῆς
948 2012 1407 2081 Μεσοποταμίας·
1443 2011 1802 2083 ψευδόμαντις
1837 2011 1892 2064 δὲ

303 2102 463 2170 οὗτος
512 2107 611 2159 καὶ
665 2104 1060 2167 οἱωνοσκὸπος·
1106 2100 1224 2156 εἶτα
1288 2105 1619 2175 παρακαλεῖ,
1668 2104 1842 2173 λέγων
1875 2120 1890 2135 ’

312 2198 633 2271 Ἑπάρασαί
674 2214 766 2268 μοι
791 2184 884 2250 τὸν
926 2194 1160 2266 Ἰσραήλ.
1220 2191 1350 2248 Οἶδα
1383 2195 1514 2267 γὰρ,
1571 2195 1758 2267 φησιν,
1813 2196 1895 2249 ὅτι

302 2292 403 2355 οὓς
450 2292 522 2346 ἂν
561 2291 629 2345 σὺ
677 2287 998 2360 εύλιηηίιειῃς⁸
1059 2287 1407 2358 ηύλόγηνται,
1450 2290 1545 2341 καὶ
1579 2287 1669 2351 οὒς
1725 2287 1791 2341 ἂν
1831 2291 1894 2341 σὺ

306 2383 626 2457 καταράτῃ,
666 2383 1095 2454 κεκατήρανται.
1141 2383 1252 2441 Καὶ
1281 2383 1329 2435 οί
1362 2382 1462 2453 μὲν
1500 2382 1601 2453 τῆς
1644 2382 1896 2453 γοητείας

308 2477 651 2550 ἑπράττοντο
686 2476 815 2546 παρ’
862 2475 1069 2529 ἐκείνου
1108 2475 1321 2546 τρόποι,
1353 2474 1550 2546 βωμῶν
1578 2492 1637 2527 τε
1673 2477 1899 2547 ὲγηγερ⁸

315 2571 523 2640 μένων,
549 2569 644 2621 καλ⁹
683 2554 884 2622 θυσιῶν
938 2569 1517 2638 προσκεκομισμένων.
1572 2568 1898 2638 Ἐσφάλλετο

317 2664 382 2719 δὲ
402 2666 506 2733 τῆς
524 2659 737 2735 ἐλπίδος
762 2660 791 2712 6
810 2659 1016 2724 Βαλὰκ,
1043 2659 1138 2713 καὶ
1168 2659 1277 2713 τῶν
1308 2659 1447 2713 κατὰ
1465 2659 1689 2732 γνώμην
1721 2660 1899 2732 ἡμάρι-

326 2770 527 2825 τηκεν,
556 2750 887 2821 eameam;
916 2752 1191 2822 ἀδοκήτως
1229 2753 1318 2805 τὸν
1350 2753 1559 2823 Ἰσραὴλ
1585 2753 1678 2806 τοῦ
1724 2770 1900 2824 παρα-

339 2826 665 2912 λειφθένη
685 2845 760 2909 εἰς
862 2832 1291 2914 νπαραράσασθαι
1321 2843 1450 2897 δεῖν.
1497 2844 1714 2916 Ἐπειδὴ
1741 2844 1797 2897 δὲ
1818 2846 1900 2907 είς

339 2937 405 3003 1:6
431 2924 574 3008 παρ’
621 2924 826 3000 ἐλπίδας
882 2935 1182 3006 ἐκϐέϐηκεν
1254 2934 1401 3005 αὐτῷ
1455 2936 1514 2988 τὸ
1571 2936 1897 3009 ἐγχείρημα,

328 3022 497 3082 πάλιν
529 3023 702 3098 ἑτέρῳ
734 3024 940 3097 μέτεισι
972 3023 1159 3095 τρόπῳ
1194 3024 1290 3095 τῆς
1319 3026 1436 3076 κατ’
1459 3023 1638 3078 αὐτῶν
1675 3024 1900 3095 δυστρο-

327 3117 457 3184 πίας
483 3112 551 3187 τὸ
850 3116 1224 3186 Σεσαγήνευκε
1254 3100 1361 3185 κὰρ
1402 3116 1526 3178 τοὺς
1572 3115 1631 3181 ἐξ
1666 3116 1901 3189 Ἰσραὴλ,

331 3213 445 3279 ταῖς
468 3192 581 3265 τῶν
618 3207 893 3279 γυναικῶν
922 3207 1093 3280 ὥραις
1120 3207 1606 3281 συνηρπασμένους
1635 3208 1728 3261 ἐπί
1756 3225 1819 3278 γε
1847 3210 1906 3262 τὸ

330 3286 635 3379 ΧΡῆναιτῆἶ
652 3302 792 3376 πρὸς
817 3300 950 3356 θεῖεν
966 3300 1184 3371 ἀγάπης
1216 3302 1537 3372 ἀποφοιτᾷν,
1568 3300 1662 3355 καὶ
1677 3317 1910 3374 προσκυ-

328 3388 433 3463 νεῖν
452 3399 671 3461 ἑλέσθαι
686 3386 765 3472 τῷ
780 3395 1117 3468 Βεελφεγώρ·
1134 3396 1349 3450 εἴδωλον
1381 3396 1437 3449 δὲ
1454 3396 1611 3449 τοῦτο
1630 3395 1737 3450 τῶν
1747 3397 1908 3450 Μωα-

525 3480 845 3562 Γέγραπται
861 3488 917 3543 δὲ
927 3487 1070 3542 οὕτω
1086 3488 1242 3541 πάλιν
1259 3489 1315 3539 ἐν
1332 3490 1441 3549 τοῖς
1457 3487 1604 3557 Ἀριθ
1613 3489 1750 3558 μοῖς⁹
1770 3504 1789 3538 ι
1804 3489 1910 3542 καὶ

640 3583 671 3635 6
696 3579 912 3653 Ἰσραὴλ
927 3582 983 3633 ὲν
999 3580 1255 3650 Σαττεὶμ,
1276 3580 1370 3631 καὶ
1386 3576 1695 3648 ἑόεϐηλώθη
1714 3580 1741 3630 ὁ
1761 3578 1906 3645 λαὸς,

321 3672 701 3757 ξξπῃρνεῖισαι
720 3674 827 3749 ἐπὶ,
841 3672 939 3749 τᾲς
968 3670 1274 3741 θυγατέρας
1297 3666 1493 3730 Μωὰϐ,
1522 3667 1616 3722 καὶ
1649 3667 1911 3722 ἐκάλεσαν

542 3758 638 3821 ἐπὶ
658 3748 785 3828 ταῖς
813 3748 1026 3826 θυσίαις
1044 3761 1151 3814 τῶν
1173 3760 1406 3814 εἰδώλων
1435 3759 1635 3824 αὐτῶν,
1666 3759 1762 3813 καὶ
1781 3759 1911 3831 ἐφα-

317 3877 419 3935 γεν
448 3859 625 3924 δλαδς
650 3857 761 3912 τῶν
775 3854 977 3933 Θυσιῶν
996 3853 1176 3910 αὐτῶν
1194 3871 1208 3886 ·
1238 3854 1330 3908 καὶ
1351 3852 1771 3924 προσεκύνησαν
1798 3855 1911 3915 τοῖς

317 3948 791 4025 βδδβιλαςμῦτῶνέ
816 3948 909 4021 καὶ
933 3947 1188 4019 ἐτελέσθη
1226 3948 1441 4019 Ἰσραὴλ
1469 3948 1547 4019 τῷ
1570 3945 1910 4018 Βεελφεγὼρ’

1999 2014 2144 2084 quod
2184 2014 2384 2085 quibus
2421 2024 2474 2069 tu
2510 2016 2875 2079 benedixeris,
2906 2017 3322 2083 benedicuntur,
3350 2027 3404 2073 et
3434 2031 3570 2085 quos

2004 2116 2060 2160 tu
2125 2116 2442 2163 exsecratus
2503 2105 2710 2171 fueris,
2766 2107 3128 2163 exsccrationi
3186 2108 3568 2178 subjiciuntur.

2002 2194 2392 2254 incarnationis
2423 2209 2601 2253 autem
2631 2198 2822 2255 modus
2853 2199 2942 2254 hic
2964 2200 3032 2253 ab
3057 2213 3122 2254 eo
3151 2198 3425 2255 adhibitus
3450 2197 3570 2258 fuit.

2003 2290 2113 2346 aris
2146 2292 2425 2358 excitatis,
2456 2292 2755 2362 hostiisque
2786 2291 3004 2348 oblatis.
3036 2291 3304 2348 Caeterum
3339 2306 3436 2363 spe
3467 2289 3574 2346 fal-

2004 2398 2096 2439 sus
2129 2394 2212 2439 est
2244 2383 2426 2452 Balac,
2451 2393 2507 2440 et
2538 2384 2707 2439 animi
2741 2385 3009 2441 sententia
3044 2384 3267 2451 excidit,
3303 2385 3569 2454 henepre-

2004 2482 2161 2530 cante
2198 2483 2393 2544 prat‘ter
2423 2474 2731 2543 opinionem
2777 2473 2959 2529 lsraeli
3003 2490 3069 2529 eo
3112 2476 3201 2545 qui
3248 2476 3451 2531 ascitus
3491 2484 3576 2531 est

2005 2564 2171 2638 2“
2209 2565 2276 2620 ad
2318 2565 2746 2636 itnprecandum.
2780 2565 2912 2621 Cum
2957 2576 3134 2621 autem
3178 2568 3279 2622 hoc
3321 2567 3574 2622 molimen

2011 2659 2058 2712 ei
2115 2667 2312 2728 praeter
2345 2672 2494 2729 spem
2531 2658 2836 2725 evenisset,
2881 2675 3069 2715 rursus
3103 2659 3209 2715 alio
3245 2661 3401 2718 modo
3439 2663 3578 2717 hanc

2010 2763 2123 2804 rem
2152 2749 2411 2804 nefariam
2440 2761 2627 2804 contra
2661 2765 2754 2806 eos
2782 2752 3106 2822 aggreditur.
3133 2752 3403 2808 lsraelitas
3432 2755 3577 2808 enim

2010 2841 2319 2911 illaqueavit
2376 2850 2433 2895 ut
2464 2842 2713 2897 muliebri
2748 2841 2922 2897 forma
2956 2843 3211 2913 correpti,
3243 2858 3273 2898 a
3314 2845 3404 2900 Dei
3440 2845 3580 2900 dile-

2009 2934 2184 2989 ctione
2217 2933 2612 3001 exorbitarent,
2644 2942 2698 2988 et
2730 2932 3030 3005 Beelpbego
3044 2950 3089 2999 r,
3137 2934 3334 2989 idolum
3370 2935 3580 2991 scilicet

2012 3024 2387 3089 Mnabitarutn,
2418 3025 2723 3083 adorarent.
2758 3023 3031 3098 Scriptum
3064 3037 3147 3082 est
3181 3027 3374 3083 iterum
3411 3030 3491 3085 sic
3527 3030 3579 3083 iu

2007 3110 2297 3166 Nutneris:
2345 3129 2364 3163 ι
2414 3109 2790 3170 Commoratus
2818 3124 2902 3170 est
2955 3115 3118 3173 Israel
3174 3116 3228 3172 in
3281 3116 3491 3183 Sattin,
3529 3128 3583 3173 et

2008 3203 2406 3260 contaminatus
2438 3214 2520 3260 est
2551 3206 2778 3276 populus
2811 3216 2868 3262 ut
2899 3206 3257 3266 fornicaretur
3286 3226 3409 3267 cum
3438 3210 3579 3266 filia-

2008 3297 2109 3352 bus
2149 3296 2327 3363 Meztb,
2360 3308 2724 3371 vocaruntque
2766 3316 2860 3358 eos
2901 3303 2968 3357 ad
3006 3303 3271 3359 sacriﬁcia
3318 3305 3579 3361 idolorum

2010 3405 2261 3458 suorum,
2288 3406 2352 3446 ac
2392 3393 2626 3447 comedit
2668 3396 2894 3464 populus
2934 3396 3000 3450 de
3042 3396 3324 3456 sacrificiis
3361 3414 3578 3461 eorum,

2010 3494 2066 3536 et
2101 3484 2464 3538 adoraverunt
2499 3486 2637 3540 idola
2681 3501 2902 3554 eorum,
2936 3495 2991 3543 et
3025 3490 3264 3545 initiatus
3306 3502 3389 3546 est
3420 3492 3586 3547 isracl

2010 3575 2361 3647 Beelphegor,
2386 3587 2440 3631 et
2468 3579 2641 3651 iratus
2664 3588 2745 3632 est
2773 3580 2955 3635 animo
2982 3579 3241 3637 Dominus
3268 3583 3439 3638 Israel
3463 3584 3527 3638 ".
3560 3605 3579 3635 ι

2015 3667 2145 3721 Nam
2192 3682 2314 3724 cum
2366 3667 2474 3721 Deo
2515 3668 2773 3737 iuvante,
2803 3677 2994 3739 potens
3043 3679 3099 3724 et
3140 3672 3397 3728 terribilis
3440 3684 3587 3729 esstt

2012 3761 2197 3828 Israel,
2229 3761 2354 3815 hinc
2390 3758 2757 3814 fraudulenter
2787 3769 2842 3815 et
2878 3760 3145 3816 malitiose
3178 3761 3296 3830 ejus
3334 3765 3587 3819 submoto

2014 3851 2281 3921 praesidio,
2305 3850 2473 3907 Deum
2496 3849 2865 3914 universitatis
2884 3848 3157 3908 oli'endere
3181 3867 3585 3923 persuaserunt.

2014 3954 2069 4001 et
2093 3960 2303 4016 semper
2332 3945 2384 3999 in
2415 3951 2666 4014 suscepto
2704 3942 2931 3999 consilio
2963 3946 3332 4020 perstiterunt.
3358 3947 3509 4015 Quod
3539 3949 3587 4004 si

434 4016 692 4116 3:914.an
714 4018 872 4112 θυμῷ
894 4032 1099 4112 Κύριος
1117 4016 1428 4111 τῷἸσραήλ.
1443 4016 1677 4107 »Ἐπειδὴ
1696 4016 1897 4108 rapidae

2016 4037 2069 4092 in
2119 4036 2483 4092 calamitatum
2521 4035 2836 4092 societatem
2871 4016 3054 4093 venire
3086 4038 3337 4095 lsraelem
3372 4041 3588 4096 continu

318 4137 715 4211 ἐπαμύνοντος
752 4132 924 4198 δεινὸς
967 4131 1067 4186 καὶ
1116 4130 1443 4203 δυσάντητος
1499 4127 1567 4203 ἦν
1606 4133 1636 4185 6
1676 4131 1897 4203 Ἰσραὴλ

2012 4138 2189 4199 geret,
2200 4132 2341 4200 quod
2368 4132 2534 4202 Deum
2565 4129 2919 4189 nﬂ‘endisseut
2947 4150 2963 4187 :
2996 4146 3056 4187 se
3081 4143 3268 4188 contra
3295 4132 3590 4190 eﬂ'erebant

314 4228 610 4303 ηὗτητοι
631 4226 731 4282 καὶ
758 4225 907 4297 μάλα
929 4224 1142 4297 πικρῶς
1168 4224 1261 4277 καὶ
1288 4223 1751 4295 φιλοκακούργως,
1783 4226 1897 4293 utpr-

2018 4221 2114 4287 illi,
2142 4236 2206 4275 ac
2237 4222 2674 4277 convitiabantur
2696 4235 2986 4280 causantes
3022 4225 3213 4290 Deum,
3245 4226 3334 4296 qui
3369 4240 3590 4284 servare

588 4317 757 4375 αὐτοῦ
781 4316 877 4391 τὴν
901 4317 1244 4387 ἐπικουρίαν,
1274 4316 1634 4387 προσκρούειν
1663 4316 1897 4374 ἁνέπειθι

2017 4313 2256 4369 cultores
2303 4329 2429 4369 suos
2473 4315 2830 4386 promiserat,
2883 4315 3014 4371 nihil
3060 4317 3281 4372 omnino
3327 4320 3586 4388 potuisse.

315 4418 407 4492 τῷ
437 4417 541 4473 ἰπὶ
593 4414 806 4477 πάντας
844 4411 985 4483 Θεῷ.
1035 4410 1450 4466 Διατετελέκασι
1509 4409 1567 4462 δὲ
1607 4410 1703 4463 καὶ
1755 4408 1897 4480 μέχρ

2024 4402 2295 4474 Hujusque
2335 4406 2486 4459 testis
2520 4417 2606 4461 est
2642 4406 2830 4462 beatus
2858 4405 3124 4462 Jeremias
3163 4408 3217 4463 in
3259 4424 3356 4463 sua
3397 4410 3463 4464 de
3501 4410 3591 4465 illo

319 4508 551 4577 m6:
574 4504 841 4576 τοιαύτην
904 4504 1120 4575 ἔχοντες
1179 4501 1426 4574 γνώμην,
1483 4501 1586 4557 κᾶν
1626 4503 1675 4555 εί
1725 4501 1897 4557 συνὲ6τ

2023 4493 2252 4558 visione,
2287 4494 2473 4551 dicens
2513 4513 2527 4549 :
2567 4514 2584 4547 ι
2628 4494 2981 4550 Confractum
3015 4506 3099 4551 est
3130 4512 3295 4557 cornu
3330 4498 3507 4565 Moab,
3537 4509 3594 4554 et

318 4604 439 4674 ιιδιιιἶ
470 4596 1052 4674 Ἰσραὴλκοινυνῆσαι
1082 4597 1394 4668 συμφοραῖς
1444 4593 1897 4667 προσκεκρουκότι

2024 4586 2300 4655 praemium
2341 4588 2459 4658 ejus
2501 4586 2818 4642 contritum.
2850 4586 3117 4643 Inebriate
3162 4589 3333 4659 illum,
3369 4592 3493 4661 quia
3538 4593 3590 4646 in

510 4672 1034 4764 κκῴιλαζονεύοντο
1075 4690 1170 4743 καὶ
1215 4690 1651 4761 κατεκερτόμουν
1703 4691 1897 4745 ἐκεῖνοι

2019 4678 2309 4757 Dominum
2346 4695 2574 4751 magnus
2603 4679 2779 4736 factus
2804 4691 2889 4736 est
2909 4681 2976 4737 '°.
3016 4701 3035 4733 ι
3072 4681 3140 4737 Et
3166 4698 3354 4739 rursus
3386 4701 3401 4739 :
3441 4702 3459 4736 ι
3501 4682 3594 4739 Sic

318 4792 401 4864 ﬁ
641 4786 789 4852 ὅλως
831 4781 1092 4864 δύνασθαι
1152 4780 1585 4854 κατηγοροῦντες
1631 4780 1790 4845 Θεοῦ,
1830 4797 1897 4834 τοι

2026 4773 2154 4827 dicit
2210 4771 2513 4827 Dominus:
2560 4772 2727 4842 capta
2788 4781 2868 4828 est
2916 4775 3136 4841 Ariotb,
3164 4786 3221 4833 et
3269 4779 3592 4834 munitiones

587 4862 1020 4950 ὑπισχνουμένου
1077 4878 1203 4939 τοὺς
1257 4873 1698 4946 προσκυνοῦντας
1751 4872 1897 4943 αὐτῷ

2025 4868 2185 4921 simul
2216 4879 2384 4938 captae
2411 4876 2557 4923 sunt.
2586 4866 2650 4921 Et
2677 4869 2873 4936 peribit
2899 4868 3053 4924 Moab
3080 4885 3110 4924 a
3141 4870 3356 4940 populo,
3379 4871 3504 4940 quia
3537 4870 3589 4924 in

696 4974 906 5046 μάρτυς
934 4973 965 5026 ὁ
994 4971 1265 5043 μακάριος
1320 4968 1588 5039 Ἱερεμίας
1607 4967 1666 5020 ὲν
1691 4969 1759 5038 τῇ
1797 4980 1897 5021 κατ

2021 4959 2308 5021 Dominum
2356 4961 2737 5032 magnificatus
2783 4973 2867 5017 est
2890 4963 2954 5016 “.
3000 4982 3019 5013 ι
3070 4961 3230 5018 Venit
3273 4964 3416 5017 enim
3460 4962 3588 5016 olim

330 5065 745 5138 αὐτῶν,6ρὰσιι
774 5065 951 5134 λέγων
981 5080 991 5092 ·
1024 5082 1042 5114 ι
1077 5061 1370 5132 Κατεάχθη
1412 5060 1583 5132 κέρας
1610 5059 1810 5123 Μωὰδ,
1829 5077 1897 5113 κα

2020 5054 2370 5126 Assyriorum
2404 5064 2459 5110 et
2490 5053 2903 5126 Babyloniorum
2942 5068 3222 5124 tyrannus,
3253 5055 3320 5108 ad
3352 5053 3591 5109 Judaeum

334 5162 404 5215 τὸ
446 5160 750 5233 ὲπιχείριον
783 5156 949 5212 αὑτοῦ
982 5154 1292 5227 συνετρίϐη.
1323 5152 1611 5209 Μεθύσατε
1639 5151 1801 5207 αὐτὸν
1840 5152 1897 5205 ὅτ

2021 5149 2346 5220 perdendam
2404 5167 2416 5202 :
2471 5149 2720 5220 cepitque
2763 5149 2925 5203 urbes
2976 5146 3239 5203 Samaria:
3285 5163 3299 5201 :
3350 5145 3595 5202 Moabitae

339 5255 443 5309 ἐπὶ
468 5254 669 5323 Κύριον
701 5250 1067 5324 ἐμεγαλύνθη.
1106 5270 1125 5301 ι
1167 5248 1272 5303 Καὶ
1302 5248 1465 5302 πάλιν
1491 5262 1506 5278 ’
1543 5264 1564 5298 ι
1608 5244 1723 5300 Ὅτι
1747 5243 1897 5300 οὕτω,

2018 5252 2202 5299 autem
2232 5241 2300 5295 de
2328 5241 2539 5308 integro
2571 5241 2796 5295 irrident
2824 5254 2916 5294 eos
2949 5237 3039 5308 qui
3068 5237 3358 5308 perierant,
3383 5240 3595 5294 sannis-

342 5341 471 5399 εἷπε
495 5346 523 5398 ὁ
569 5343 789 5415 Κύριος.
859 5341 1099 5414 Ἐλήφθη
1166 5338 1394 5412 Ἀριώῢ’
1431 5339 1527 5394 καὶ
1586 5336 1897 5409 ὀχυρώματι

2026 5347 2129 5403 que
2163 5346 2226 5388 ac
2258 5331 2507 5387 ludibriis
2535 5340 2818 5395 vexarunt,
2846 5341 2901 5384 et
2933 5346 3037 5385 non
3078 5329 3421 5386 mediocriter
3455 5331 3595 5388 divi-

348 5436 678 5508 συνελήφθη.
710 5437 825 5491 Καὶ
853 5434 1136 5490 ἀπολεῖται
1173 5431 1347 5487 Μωὰὸ
1374 5432 1482 5485 ἀπὸ
1506 5430 1659 5497 λαοῦ,
1708 5431 1791 5485 ὃτι
1828 5431 1897 5483 ἐπ

2028 5444 2150 5481 nam
2185 5427 2518 5496 maiestatem
2552 5422 2766 5496 probris
2798 5422 3013 5477 assidue
3046 5432 3413 5493 asperserunt.
3447 5421 3597 5481 lianc

348 5528 553 5599 Κύριον
582 5526 948 5600 ὲμεγαλύνθη.
992 5546 1011 5579 ι
1037 5516 1180 5579 Ἧκε
1207 5523 1307 5595 μὲν
1340 5523 1449 5594 γὰρ
1476 5521 1617 5593 κατὰ
1644 5522 1863 5593 καιροὺς
1893 5543 1897 5567 ι

2018 5521 2097 5575 ob
2124 5533 2341 5574 causam
2376 5517 2557 5572 traditi
2592 5526 2718 5570 sunt
2761 5524 2814 5569 et
2842 5514 2940 5584 ipsi
2978 5515 3356 5585 internecioni,
3386 5527 3443 5573 et
3471 5533 3595 5572 eum

426 5683 471 5716 “
498 5683 656 5744 Num.
689 5700 824 5748 ml,
869 5685 979 5739 f3.
1056 5683 1096 5715 ¹⁹
1135 5680 1288 5737 Num.
1335 5695 1459 5745 xxv,
1508 5681 1614 5747 5-5.
1693 5678 1737 5709 ὀ
1766 5674 1965 5733 Jercm.
2000 5692 2188 5742 XLVill,
2219 5675 2308 5743 25,
2336 5674 2425 5729 9.6.
2501 5676 2539 5707 “
2575 5674 2702 5731 ibid.
2730 5676 2815 5741 lii,
2857 5672 2947 5730 4‘2.
