3962 6216
458 280 559 335 399

1441 277 1496 331 S.
1539 273 1811 330 CYRILLI
1853 272 2320 330 ALEXANDIHNI
2360 274 2681 330 ARCHIEP.

3602 274 3705 329 4ῡο

458 397 679 451 urbibus
707 404 760 450 et
787 396 1063 463 domibus,
1095 405 1314 466 totoque
1349 398 1545 466 ιιομιιιο
1579 396 1818 451 funditus
1855 398 2017 466 perie‘

2145 399 2448 469 Ἀσσυρίων
2490 399 2582 452 καὶ
2636 397 2992 453 Βαϐυλωνίων
3039 398 3297 472 τύραννος
3337 399 3707 472 καταδῃώσων

457 500 612 553 runt,
641 499 698 544 ut
722 489 832 554 jam
869 489 1261 557 quodammodo
1295 506 1362 544 ne
1395 505 1518 543 esse
1551 493 1764 560 quidem
1802 492 2022 545 videan-

455 589 562 632 tur.
595 578 838 633 Meminit
867 580 1048 649 itaque
1080 581 1216 634 visio
1249 583 1522 652 proposita
1560 597 1768 647 eorum,
1799 599 1921 654 qum-
1954 587 2022 640 ab

2126 491 2225 562 τὴν
2270 491 2549 545 Ἰουδαίαν.
2589 490 2714 545 Εἷλε
2761 492 2818 545 δὲ
2863 493 2960 556 τὰς
3000 492 3098 562 τῆς
3149 492 3460 564 Σαμαρείας
3499 491 3707 560 πόλεις.

2130 583 2417 637 Μωαϐῖται
2438 583 2496 636 δὲ
2531 584 2692 638 πάλιν
2723 584 3182 656 καταμειδιῶντες
3208 584 3319 638 τῶν
3351 583 3710 640 ἀπολωλότων

453 668 606 722 initio
621 668 874 722 nimirum
905 670 1181 738 superiore
1204 671 1462 726 memoria
1483 671 1586 727 illis
1607 674 1943 740 acciderunt,
1973 683 2017 731 el

2143 674 2474 741 ὲπετώϐαζον
2499 677 2560 728 ού
2598 677 2855 748 μετρίως,
2892 677 2989 731 καὶ
3040 675 3500 742 κατονειδίζοντες
3538 676 3713 733 διετέ-

453 762 626 829 inquit
652 776 667 814 :

2135 766 2261 819 λουν
2283 765 2383 838 τὴν
2398 767 2493 820 τοῦ
2505 767 2640 822 Θεοῦ
2668 769 2844 836 δόξαν.
2864 769 3048 842 Ταύτῃ
3065 786 3148 822 τοι
3171 769 3410 823 δέδονται
3433 770 3529 824 καὶ
3553 771 3711 823 αὐτοὶ

449 853 585 922 πρὸς
615 852 915 924 ἐρήμωσιν,
944 854 1114 927 ἄρδην
1141 872 1204 910 «τε
1229 855 1572 910 ἀπολώλασιν
1591 857 1726 930 ὁμοῦ
1761 857 1950 912 πόλεσί
1977 875 2036 912 τε
2065 858 2160 912 καὶ
2197 857 2350 929 δήμῳ
2379 859 2474 912 καὶ
2492 858 2626 930 οίκῳ
2645 860 2832 926 παντὶ⁷
2856 859 2996 913 ὥστε
3026 860 3124 932 ἤδη
3160 878 3276 924 πως
3305 859 3440 932 μηδὲ
3467 861 3709 933 ὑπάρξαι

447 951 646 1007 δοκεῖν.
679 957 1056 1026 Διαμεμνηται
1110 953 1292 1010 τοίνυν
1318 957 1352 1027 ἡ
1402 954 1653 1029 ὅρασιςή
1719 955 2056 1029 προκειμένη
2126 957 2237 1011 τῶν
2274 957 2698 1029 συμϐεϐηκότων
2737 959 2958 1023 αὐτοῖς·

448 1048 675 1115 ἄνωθεν,
709 1051 803 1104 καί
838 1068 1000 1122 φησιν
1025 1069 1038 1082 ’

523 1145 686 1200 Vens.
719 1148 768 1199 1.
803 1146 970 1200 Nocte
996 1145 1183 1215 peribit
1211 1146 1487 1213 Moabites,
1511 1157 1656 1201 nocte
1680 1149 1816 1200 enim
1843 1146 2025 1216 peribit

449 1255 628 1293 murus
657 1236 986 1294 Moabitidis.

518 1330 746 1396 Quidam
781 1345 967 1385 eorum
1001 1329 1094 1399 qui
1128 1331 1240 1384 lucc
1275 1340 1679 1401 pertractarunt
1708 1331 2018 1403 diligenter,

450 1420 817 1487 tradiderunt,
851 1419 1045 1474 bellum
1090 1419 1144 1475 in
1187 1420 1306 1476 illos
1347 1423 1756 1491 capessentibus
1794 1421 2024 1495 Babylo-

448 1514 581 1578 niis,
620 1524 768 1568 motu
807 1515 950 1568 facto
985 1515 1121 1568 adeo
1158 1529 1474 1570 concussam
1509 1529 1629 1570 esse
1659 1514 2016 1571 Moabitarum

448 1604 809 1674 metropolim,
837 1613 895 1660 ut
931 1614 1072 1660 totus
1108 1605 1224 1672 ejus
1261 1621 1448 1660 murus
1481 1605 1649 1678 249
1682 1617 1840 1662 noctu
1875 1616 1929 1662 et
1964 1609 2016 1662 in

447 1696 702 1766 tenebris,
730 1713 827 1752 sua
861 1709 1051 1767 sponte
1084 1695 1430 1754 tremefactus
1463 1699 1628 1754 fuerit
1665 1718 1678 1754 :
1714 1717 1820 1769 quo
1855 1699 2018 1765 facto,

3004 954 3064 1023 ἐξ
3107 958 3280 1030 ὀργῆς
3326 959 3566 1030 δηλονότι
3609 959 3710 1031 τῆς

2195 1137 2429 1207 Νυκτὸς
2463 1139 2780 1195 ἀπολεῖται
2833 1140 2865 1194 ὁ
2911 1143 3259 1211 Μωαὸῑτης·
3321 1145 3544 1214 νυκτὸς
3597 1166 3708 1221 γαρ

2123 1232 2436 1287 ἀπολεῖται
2463 1232 2529 1287 τὸ
2559 1233 2754 1302 τεῖχος
2789 1232 2900 1302 τῆς
2951 1235 3336 1298 Μωαϐίτιδος.

2196 1325 2352 1391 Τινὲς
2400 1326 2509 1380 τῶν
2571 1327 2746 1380 ταῦτα
2803 1327 3193 1399 ἡκριϐωκότων
3255 1330 3560 1402 παρέδοσαν
3621 1336 3707 1389 ὃτι

2126 1417 2427 1489 μελλόντων
2455 1417 2563 1472 τῶν
2587 1417 2672 1471 ἐπ’
2703 1419 2886 1483 αὐτοῖς
2905 1420 3080 1491 αἴρειν
3109 1419 3347 1492 πόλεμον
3379 1424 3488 1476 τῶν
3523 1427 3706 1479 Βαϐυ-

2123 1508 2348 1573 λωνίων,
2421 1509 2644 1582 σεισμοῦ
2710 1511 2996 1580 γεγονότος
3059 1513 3392 1586 κατεδονήθη
3448 1517 3706 1572 τοσοῦτον

2126 1599 2432 1656 Μωαϐιτῶν
2485 1602 2839 1674 μητρόπολις,
2890 1603 2965 1668 ὡς
3009 1603 3131 1659 ὅλον
3183 1606 3350 1677 αὐτῆς
3381 1608 3705 1679 αὐτομάτως

2127 1693 2554 1765 κατασεισθῆναι
2595 1695 2659 1749 τὸ
2696 1697 2875 1768 τεῖχος
2897 1699 2954 1752 έν
2984 1699 3138 1752 νυκτὶ
3169 1700 3262 1752 καὶ
3293 1700 3470 1772 σκότῳ
3493 1720 3506 1735 -
3535 1699 3596 1756 οὒ
3639 1704 3704 1776 δὴ

446 1798 572 1844 ante
620 1789 1033 1860 impressionem
1092 1790 1327 1844 hostium
1387 1792 1775 1861 propemodum
1836 1807 2017 1847 eorum

2143 1783 2430 1853 γεγονότος,
2448 1759 2568 1856 ’πρὸ
2595 1788 2696 1859 τῆς
2731 1759 2841 1842 τέλν
2871 1789 3146 1860 πολεμίων
3179 1793 3392 1862 ἐφόδου,
3423 1759 3706 1866 μονονουχί

443 1881 623 1936 oumis
646 1897 771 1952 spes
792 1881 984 1936 salutis
1010 1883 1265 1952 perierat.
1291 1880 1416 1937 Ideo
1439 1883 1591 1952 dicit,
1615 1892 1773 1940 noctu
1800 1885 2017 1955 periisse

2143 1877 2222 1929 ιαὶ
2258 1875 2535 1930 ἀπόλωλεν
2562 1879 2743 1944 αὐτοῖς
2781 1881 2815 1951 ἡ
2847 1880 2948 1951 τῆς
2995 1884 3268 1955 σωτηρίας
3306 1885 3478 1950 ἐλπίς.
3515 1888 3702 1964 Ταύτῃ

444 1975 620 2030 Moab.
2123 1985 2207 2022 τοι
2238 1969 2372 2041 φησῖ
2398 1970 2592 2036 νυκτὸς
2630 1971 2949 2026 ἀπολεῖσθαι
2970 1974 3070 2047 τὴν
3103 1976 3440 2034 Μωαϐίτιδα.

520 2069 680 2122 Vens.
715 2067 768 2122 ἓ.
801 2065 925 2134 Sed,
955 2072 1147 2138 inquit,
1171 2070 1557 2126 contristamini
1598 2071 1655 2124 in
1697 2069 1838 2125 vobis
1876 2070 2017 2138 ipsis.

2211 2059 2388 2116 Ἀλλὰ
2417 2061 2729 2128 λυπεῖσθε,
2759 2063 2968 2134 φησιν,
2995 2065 3086 2135 ἐφ’
3114 2066 3368 2136 ἑαυτοῖς.

515 2161 706 2217 Simile
747 2173 832 2218 est
868 2179 930 2217 ac
973 2167 1019 2218 si
1063 2166 1207 2222 dicat
1251 2186 1266 2222 :
1317 2167 1471 2236 Stepe
1513 2173 1697 2219 erecto
1738 2163 2017 2234 supercilio

2199 2153 2422 2224 Ὅμοιον
2449 2153 2524 2218 ὼς
2547 2155 2596 2208 εί
2630 2153 2799 2224 λέγοι,
2833 2155 3150 2224 Πλειστάκις
3177 2160 3346 2230 ὀφρὺν
3384 2161 3702 2235 ἐπαίροντες

444 2255 571 2320 alto,
603 2254 798 2308 alienis
824 2255 1120 2312 insnltastis
1148 2257 1566 2320 calamitatibus,
1595 2267 1652 2309 at
1678 2265 1804 2310 tunc
1833 2256 1898 2309 ad
1930 2269 2017 2310 vos

2143 2245 2334 2318 δψηλὴν
2365 2249 2487 2310 ταῖς
2509 2247 2710 2318 ἑτέρων
2739 2249 3143 2321 ἑνετρυφήσατε
3188 2257 3495 2326 συμφοραῖς
3513 2273 3527 2286 ·
3565 2256 3702 2312 ἀλλά

445 2346 593 2414 ipsos
625 2345 823 2399 bellum
854 2349 1113 2416 erumpit,
1142 2349 1207 2402 ad
1237 2363 1333 2403 vos
1367 2356 1636 2417 properat,
1667 2356 1722 2402 et
1750 2360 1871 2416 qua:
1900 2345 2017 2400 hinc

2143 2335 2218 2390 νῦν
2247 2337 2332 2406 ἐφ’
2362 2338 2506 2410 ὑμᾶς
2529 2339 2724 2403 αὐτοὺς
2751 2341 2780 2394 ὁ
2809 2342 3045 2414 πόλεμος
3070 2343 3272 2414 τρέχει,
3307 2346 3490 2400 καὶτὰ
3517 2349 3706 2404 ἐντεῦ-

443 2449 568 2490 sunt
606 2437 975 2504 incommoda,
1013 2439 1210 2494 vestris
1253 2440 1432 2510 impiis
1473 2439 1784 2508 impendent
1826 2437 2017 2506 capiti-

2143 2428 2215 2480 lev
2255 2427 2428 2500 βλάϐη
2455 2433 2577 2494 ταῖς
2617 2431 2859 2494 ἀνοσίαις
2900 2432 3054 2503 ὑμῶν
3108 2436 3477 2508 ἐπικρέμαται
3533 2460 3707 2514 κεφα-

445 2530 560 2584 bus.
591 2526 1000 2587 Contristamini
1043 2533 1226 2603 igitur,
1265 2545 1369 2586 non
1411 2529 1671 2595 aliorum,
1705 2530 1800 2585 sed
1841 2540 2017 2584 vestra

2143 2519 2261 2583 ιαῖς.
2302 2520 2573 2574 Λυπεῖσθε
2611 2522 2785 2575 τοίνυν
2805 2523 2905 2576 οὐκ
2931 2525 3018 2594 ἐφ’
3043 2526 3251 2599 ἑτέροις
3273 2529 3436 2596 τισὶν,
3469 2533 3586 2593 ἀλλ’
3616 2537 3706 2606 ἐφ’

441 2637 626 2679 causa.

2143 2615 2356 2675 εαυτοῖς.

512 2713 715 2768 Peribit
733 2716 872 2769 enim
892 2713 1132 2770 Lebedon
1155 2713 1482 2788 [al.Debon],
1499 2714 1587 2768 ubi
1608 2726 1680 2770 est
1707 2724 1802 2770 ara
1828 2728 2017 2773 vestra.

2207 2704 2530 2761 Ἀπολεῖται
2568 2709 2677 2777 γὰρ
2704 2705 3002 2776 Λεσηδὼν,
3041 2704 3115 2766 οὗ
3146 2711 3404 2784 δβωμὸς
3435 2717 3623 2786 ὑμῶν.

517 2805 636 2860 Dixi
675 2819 849 2861 saeros
879 2817 932 2861 et
961 2808 1224 2876 superbos
1251 2807 1417 2862 fuisse
1447 2804 1731 2874 Moabitas,
1761 2814 1816 2861 et
1843 2807 2017 2878 impo-

2195 2797 2373 2869 Ἐφην
2403 2797 2484 2852 ὅτι
2511 2799 2673 2853 δεινοὶ
2700 2801 2790 2854 καὶ
2810 2801 3080 2874 ἀγέρωχοι
3108 2804 3394 2862 Μωαϐῖται
3411 2810 3700 2878 γεγόνασι,

439 2899 608 2954 sturis
649 2897 952 2954 daemonum
995 2897 1164 2954 fretos
1209 2913 1274 2954 ac
1320 2900 1524 2970 magica
1567 2909 1715 2965 arte,
1751 2907 1927 2967 ratos,
1962 2914 2017 2955 se

2143 2890 2218 2944 ιαὶ
2236 2892 2356 2954 ταῖς
2379 2890 2489 2944 τῶν
2516 2891 2808 2963 δαιμονίων
2829 2894 3064 2961 ἀπάταις
3088 2898 3571 2973 ὲπιΘαρσήσαντες,
3599 2906 3704 2958 καὶ

441 2992 685 3045 ontttium
747 2992 1041 3062 potentiam
1106 3003 1486 3062 superaturos,
1544 2993 1830 3063 ipsumque
1885 2995 2017 3049 adeo

2143 2985 2210 3037 ἰιὰ
2227 2980 2401 3055 μάγου
2422 2983 2618 3055 τέχνης
2637 2987 3132 3060 κατευμεγεθήσειν
3152 2992 3388 3064 οἰόμενοι
3404 2995 3505 3067 τῆς
3528 2998 3711 3052 ἀπάν-

441 3082 725 3149 lsraelem,
758 3083 968 3137 etiamsi
1014 3083 1154 3138 Deus
1197 3092 1538 3138 succurreret
1585 3102 1600 3139 :
1653 3083 1816 3155 igitur
1855 3084 1909 3139 in
1955 3100 2017 3140 ea

2143 3090 2230 3128 των
2273 3073 2477 3148 χειρὸς,
2538 3076 2634 3129 καὶ
2679 3077 2844 3131 αὐτοῦ
2868 3077 2924 3131 δὲ
2960 3077 3055 3133 τοῦ
3101 3081 3316 3154 Ἰσραὴλ
3359 3085 3462 3140 κᾶν
3511 3091 3560 3142 εί
3603 3091 3713 3144 tr:-

441 3190 560 3244 qua:
587 3184 811 3228 vocatur
835 3174 1090 3230 Lebedon
1108 3216 1123 3241 ,
1155 3191 1305 3230 aram
1348 3174 1618 3232 habebant
1646 3187 1701 3232 et
1739 3179 2017 3233 delubrum

2143 3166 2318 3236 ιμύνοι
2339 3167 2471 3231 Θεός
2494 3184 2510 3201 ο
2538 3167 2735 3222 οὐκοῦν
2763 3172 2823 3224 ἐν
2845 3173 2911 3242 τῇ
2941 3171 3252 3247 καλουμένῃ
3285 3176 3564 3248 Λεϐηδὼν,
3595 3181 3712 3250 βω·-

441 3265 794 3332 atlmirablie,
840 3276 1105 3337 quantum
1151 3268 1218 3321 ad
1267 3278 1600 3322 structuram
1648 3270 1907 3338 pertinet,
1948 3269 2020 3324 ibi

441 3357 792 3412 celebrabant
821 3357 1102 3425 vaticinia,
1131 3373 1194 3413 ac
1222 3373 1280 3414 se
1311 3358 1604 3428 plurimum
1628 3357 1942 3426 eﬂerebant,
1967 3370 2022 3416 et

444 3463 554 3518 pra:
588 3447 805 3502 caeteris
839 3449 983 3503 hunc
1017 3447 1192 3502 locum
1225 3449 1591 3504 venerabilem
1626 3462 2022 3522 angustumque

443 3540 760 3594 reddebant.
789 3537 894 3593 Sed
928 3538 1145 3608 peribit.
1173 3539 1368 3609 inquit,
1391 3541 1554 3595 etiam
1586 3541 1826 3597 vaticinii
1861 3543 2021 3614 [unus

437 3632 670 3687 ollicina.
1995 3621 2000 3627 ’

512 3724 651 3779 Illuc
684 3725 973 3781 ascendetis
1006 3728 1074 3778 ad
1109 3724 1425 3795 plorandum
1457 3741 1614 3795 super
1645 3725 1837 3800 Nabay
1870 3727 2022 3783 Moa-

441 3816 641 3872 bitidis.

510 3906 717 3962 Civitas
742 3914 923 3960 autem
958 3905 1073 3962 haec
1094 3906 1460 3963 munitissima
1491 3918 1594 3964 est.

514 3997 749 4066 Ptorate,
779 3999 944 4068 inquit
977 4013 996 4052 :
1019 4015 1172 4067 super
1204 4015 1356 4054 omne
1390 4001 1527 4054 enim
1553 4009 1707 4070 caput
1727 3997 2016 4054 calvitium.

504 4177 569 4234 ιιι
593 4187 696 4244 est,
723 4192 829 4232 una
851 4177 1111 4247 pervadet
1141 4192 1333 4234 omnes
1369 4177 1664 4248 Ignominia
1695 4193 1710 4232 :
1739 4177 2019 4235 calvitium

439 4272 638 4342 quippe
666 4271 978 4341 ignominia:
1004 4267 1332 4340 symbolum.

510 4364 680 4418 Erunt
709 4373 758 4417 et
782 4363 959 4416 omnia
989 4361 1200 4416 brachia
1226 4362 1457 4415 concisa.

509 4542 821 4614 Plangentlo
849 4551 900 4597 et
925 4540 1268 4596 lamentando
1298 4558 1312 4596 :
1342 4541 1428 4596 vel
1459 4542 1600 4612 quod
1623 4541 1886 4598 idolorum
1908 4544 2022 4599 cul-

439 4636 650 4690 toribus
691 4634 934 4688 solemne
973 4634 1138 4687 fnerit
1180 4634 1472 4689 incisioues
1517 4643 1630 4688 tum
1675 4636 1866 4704 genis,
1898 4645 2018 4691 tum

440 4724 680 4778 brachiis
709 4721 932 4778 inferre.
948 4721 1176 4776 Frustra
1205 4723 1370 4793 igitur
1394 4733 1447 4778 et
1471 4725 1574 4781 hoc
1599 4726 1794 4796 agetis,
1815 4725 2010 4797 inquit,

437 4813 703 4884 siquidem
731 4827 819 4868 res
843 4822 927 4869 est
948 4813 1170 4869 omnino
1195 4815 1421 4871 inutilis.

509 4996 677 5052 Vens.
705 4995 762 5063 5,
791 4995 848 5054 4.
872 4993 1056 5066 Igitur
1091 4993 1146 5050 in
1182 4994 1366 5064 plateis
1399 4996 1514 5065 ejus
1546 4995 2014 5065 circumcingimini

437 5105 653 5154 saccos,
687 5096 737 5144 et
771 5087 1003 5158 plangite
1044 5087 1100 5140 in
1128 5085 1409 5150 domibus,
1443 5096 1490 5140 et
1530 5086 1584 5138 in
1627 5083 1843 5154 plateis,
1875 5094 1923 5139 et
1959 5087 2013 5140 in

433 5182 560 5237 vicis
591 5180 725 5251 ejus.
756 5179 946 5236 Omnes
975 5177 1174 5234 ululata
1201 5194 1319 5233 cum
1353 5177 1586 5247 planctu,
1615 5176 1740 5247 quia
1771 5175 2014 5232 clamavit

437 5271 668 5340 Esebon,
715 5283 763 5328 et
794 5272 971 5328 locuta
1001 5280 1078 5326 est
1125 5271 1225 5342 (ί),
1268 5272 1432 5325 donec
1487 5270 1735 5325 exaudita
1789 5279 1865 5325 est
1914 5285 2014 5325 vos:

432 5369 573 5434 ejus.

499 5544 746 5616 Ε(ηείοω
790 5548 1003 5603 urbium
1044 5563 1153 5604 nou
1198 5548 1455 5605 mediocri
1499 5557 1705 5603 terrore
1743 5547 2013 5604 ﬂuctuan-

2125 3255 2225 3326 μὸς
2241 3253 2311 3329 ἦν
2333 3257 2514 3323 αὐτοῖς
2547 3259 2640 3312 καὶ
2663 3259 2887 3329 τέμενος
2913 3262 3013 3316 οὐκ
3029 3263 3398 3336 ἀθαύμαστον,
3422 3270 3548 3340 τόγε
3567 3267 3711 3344 ἧκον

2121 3347 2202 3411 είς
2231 3351 2595 3420 κατασκευήν.
2627 3352 2773 3406 Ἐκεῖ
2787 3353 2888 3418 τὰς
2915 3356 3172 3425 μαντείας
3198 3358 3504 3430 ἐπετέλουν,
3535 3367 3709 3437 ἐφρόο

2120 3455 2248 3496 νουν
2294 3456 2356 3495 τε
2391 3441 2554 3514 μέγα,
2603 3443 2697 3497 καὶ
2747 3445 2940 3499 σεπτὸν
2988 3448 3070 3502 ὅτι
3117 3450 3350 3520 μάλιστα
3393 3457 3546 3529 παρὰ
3577 3461 3712 3524 τοὺς

2121 3529 2315 3596 ἄλλους
2347 3533 2627 3588 ἑποιοῦντο
2655 3535 2748 3589 τὸν
2785 3536 2981 3609 χῶρον.
3042 3539 3180 3595 Ἀλλ’
3208 3543 3508 3616 ἀπολεῖται,
3543 3553 3709 3621 φησὶ,

2121 3623 2217 3678 καὶ
2241 3621 2302 3676 τὸ
2323 3624 2423 3694 τῆς
2444 3623 2702 3695 μαντείας
2728 3624 2880 3696 ὑμῶν
2912 3628 3294 3703 ἐργαστήριον.

2200 3714 2362 3770 Ἐκεῖ
2378 3715 2758 3785 ἀναϐήσεσθε
2778 3718 3010 3774 κλαίειν
3043 3720 3144 3776 ἐπὶ
3170 3725 3374 3782 Ναεαῦ
3402 3726 3508 3798 τῆς
3531 3733 3709 3787 Mm-

2121 3803 2362 3871 ϐίτιδος.

2192 3896 2355 3960 Πόλις
2385 3895 2442 3950 δὲ
2469 3895 2609 3969 αὕτη
2641 3897 2751 3952 τῶν
2783 3899 3201 3973 ἀλκιμωτάτων.

2133 3984 2531 4054 Ὄλολύξατε,
2579 3991 2804 4060 φησιν·
2843 3992 2944 4047 ἐπὶ
3009 3993 3119 4066 γὰρ
3167 3996 3371 4067 πάσης
3421 4005 3708 4074 κεφαλῆς

2122 4075 2508 4147 φαλάκρωμα.

2191 4169 2349 4224 Τοῦτ’
2385 4169 2556 4237 ἔστιν,
2595 4171 2788 4244 ἀτιμία
2825 4173 2968 4229 κατὰ
3001 4176 3219 4234 πάντων
3264 4179 3552 4253 δραμεῖται
3578 4186 3704 4256 μία.

2119 4260 2469 4335 Φαλάκρωμα
2504 4262 2614 4336 γὰρ
2638 4265 2862 4336 ἀτιμίας
2894 4266 3182 4338 σύμϐολον.

2193 4356 2474 4409 Ἔσονται
2528 4354 2598 4409 δὲ
2643 4356 2740 4410 καὶ
2804 4357 3026 4428 πάντες
3071 4361 3398 4434 βραχίονες
3455 4384 3709 4423 natare-

2046 4446 2089 4502 Β
2116 4447 2422 4517 τμημένοι.

2199 4537 2332 4591 Ἀπὸ
2357 4537 2451 4592 τοῦ
2481 4537 2774 4595 κόπτεσθαι
2803 4543 2899 4596 καὶ
2921 4543 3158 4616 Θρηνείν.
3195 4547 3266 4600 Ἦ
3293 4548 3374 4601 ὅτι
3399 4552 3510 4614 τοῖς
3541 4551 3707 4605 εἰδω-

2113 4629 2465 4704 λολατροῦσιν
2490 4632 2610 4697 εθος
2645 4633 2746 4698 τὰς
2783 4635 3122 4709 καλουμένας
3151 4641 3436 4711 ὲντομίδας
3469 4647 3589 4708 ταῖς
3641 4663 3706 4699 τε

2115 4727 2367 4797 παρειαῖς
2398 4727 2492 4779 καὶ
2531 4728 2645 4791 τοῖς
2678 4725 2957 4801 βραχίοσιν
3001 4730 3305 4804 ἐπιφέρειν.
3359 4734 3552 4807 Μάτην
3600 4733 3706 4792 οὖν

2108 4815 2227 4888 τᾶρα
2241 4816 2507 4871 καὶτοῦτο
2531 4817 2780 4890 δράσετε,
2801 4821 2991 4893 φησιν,
3015 4822 3274 4896 ἀνόνητον
3291 4824 3398 4900 γὰρ
3419 4828 3479 4882 τὸ
3501 4830 3702 4902 χρῆμα

2120 4907 2424 4972 παντελῶς.

2185 4999 2424 5055 Οὐκοῦν
2445 5001 2521 5055 ἐν
2556 5001 2688 5070 ταῖς
2719 5005 3028 5074 πλατείαις
3063 5007 3256 5077 αὐτῆς
3295 5010 3704 5082 περιζώσασθε

2119 5091 2394 5160 σάκκοις,
2436 5093 2534 5148 καί
2565 5095 2858 5151 κόπτεσθε
2887 5099 3004 5152 ἐπὶ.
3021 5099 3140 5154 τῶν
3167 5101 3449 5173 δωμάτων
3478 5108 3702 5178 αὐτῆς,

2120 5183 2220 5239 καί
2247 5185 2318 5239 ἐν
2346 5185 2476 5253 ταῖς
2497 5188 2806 5256 πλατείαις
2827 5189 3035 5258 αὐτῆς,
3077 5193 3174 5247 καί
3213 5195 3285 5248 ἐν
3315 5196 3441 5262 ταῖς
3473 5199 3708 5270 ῥύμαις

2116 5275 2330 5346 αὐτῆς,
2382 5276 2606 5344 πάντες
2654 5280 2969 5342 ὀλολύζετε
3016 5286 3167 5353 μετὰ
3223 5291 3552 5362 κλαυθμοῦ.
3605 5293 3708 5348 ὅτι

2115 5369 2408 5442 κέκραγεν
2459 5369 2734 5440 Ἐσεϐὰν,
2776 5375 2872 5429 καί
2907 5377 3214 5447 ἐλάλησεν
3252 5380 3366 5450 ἕως
3419 5384 3706 5456 ἠκούσθη

2114 5461 2152 5530 ἠ
2183 5460 2352 5531 φωνὴ
2377 5461 2586 5532 αὐτῆς.

2184 5551 2400 5608 Πόλεων
2451 5555 2583 5626 ἡμῖν
2616 5557 2677 5614 ού
2725 5559 2964 5632 μετρίοις
3016 5563 3261 5636 δείμασιν
3306 5567 3708 5640 ὲνησχημὲιοων

497 5706 585 5779 (1)
621 5705 770 5775 Sept.
794 5705 976 5778 legunt
1003 5723 1102 5780 pro
1134 5708 1410 5779 Ἑλάλησε,
1439 5711 1613 5767 locuta
1631 5720 1734 5779 est,
1785 5709 2011 5783 Ἐλεαλή

2161 5723 2242 5769 ρει
2273 5711 2326 5768 in
2360 5713 2524 5772 Hebr.
