4026 6210
433 327 537 383 433

1421 310 1792 385 ε.ὀγειιιι.ι
1833 316 2301 386 maximorum
2340 329 2662 386 ARCIHEP.

3575 325 3681 381 405

436 442 636 512 deﬁciet
658 455 675 495 .‘
695 441 853 495 herba
883 443 1019 496 enim
1048 440 1232 496 viridis
1267 458 1370 498 non
1403 444 1502 497 erit
1526 462 1543 508 ;
1572 444 1805 513 nunquid
1834 452 1881 496 et
1921 444 1995 495 sic

2115 460 2199 509 rec
2252 442 2443 511 αὐτῆς
2493 442 2793 511 ἐκλείψειο
2852 442 3066 512 χόρτος
3112 445 3220 512 γὰρ
3280 441 3513 509 χλωρὸς
3569 442 3685 496 οὐκ

434 536 579 590 debet
606 536 846 590 seruari?

510 627 706 683 Urbem
734 625 953 682 Nebrim
982 627 1078 700 [aL
1111 625 1377 700 Nemrim]
1395 629 1621 696 positam
1640 642 1761 684 esse
1776 627 1931 683 aiunt
1952 629 2004 683 in

433 728 672 775 extrema
705 735 801 775 ora
830 721 1086 791 regionis,
1120 723 1252 775 mari
1275 721 1458 775 Rubro
1478 723 1733 785 vicinam,
1765 722 2008 790 adeoque

434 826 689 880 aquosam
709 822 765 866 et
783 810 1036 880 feracem,
1054 822 1113 868 ιιι
1139 812 1294 882 equis
1317 813 1499 866 multis
1515 812 1791 867 abundare
1815 811 2003 881 possit,

435 904 663 971 ideoque
691 917 813 959 esse
839 906 1001 959 etiam
1032 904 1463 974 pugnacissimos
1489 904 1757 968 homines,
1779 903 2007 957 babere-

433 1007 538 1059 que
569 994 871 1063 equitatum
920 994 1154 1053 bellandi
1199 996 1452 1064 peritum.
1515 994 1597 1050 Ex
1642 994 1823 1051 divina
1854 1008 2004 1065 ergo,

435 1086 627 1154 inquit,
679 1087 782 1153 ira,
808 1101 874 1142 ex
913 1089 1151 1142 hostium
1189 1088 1566 1157 impressione,
1599 1088 1855 1143 destituta
1901 1088 2009 1141 erit

433 1178 609 1244 aquis,
631 1179 896 1248 viridique
917 1180 1101 1236 herba.
1123 1181 1236 1247 Quo
1247 1180 1770 1251 sanelaclojuoebit
1786 1181 2008 1239 omuin

437 1272 510 1325 rei
540 1271 796 1326 militaris
822 1272 1076 1337 scientia,
1109 1272 1340 1328 sublatis
1366 1282 1493 1327 ante
1524 1272 1702 1342 equis,
1730 1287 1796 1327 ac
1820 1271 2006 1327 inedia

436 1364 853 1422 intereuntibus.
904 1365 976 1419 At
1016 1366 1062 1420 si
1113 1367 1249 1429 hoc,
1283 1365 1483 1435 inquit,
1530 1364 1644 1431 ﬁat,
1668 1380 1799 1419 num
1840 1365 2009 1434 igitur

435 1452 542 1509 alte
564 1453 632 1507 de
666 1468 727 1510 se
764 1470 827 1511 ac
875 1465 985 1511 tam
1024 1455 1311 1526 magniﬁce
1356 1456 1594 1511 sentiet?
1624 1454 1763 1510 Num
1807 1456 1854 1512 si
1908 1456 2009 1510 hoe

435 1547 746 1614 contigerit,
778 1550 1106 1616 servabitur,
1152 1560 1209 1605 et
1244 1551 1587 1605 inimicorum
1635 1563 1828 1604 manus
1871 1547 2009 1604 ellu-

435 1639 579 1707 giet?
611 1638 800 1694 Fracta
825 1641 968 1695 enim
998 1651 1052 1698 et
1074 1642 1345 1696 exstincta
1378 1656 1569 1697 eorum
1595 1642 1860 1711 potentia,
1888 1655 2008 1709 quae

436 1734 649 1787 demum
680 1733 786 1787 erit
810 1747 936 1803 spes
962 1733 1197 1789 salutis?

513 1982 675 2053 Vries.
712 1996 827 2052 7-9.
871 1997 1130 2052 Iudaeam
1177 2000 1314 2053 enim
1350 2001 1403 2052 iu
1453 2000 1638 2053 vallem
1683 2000 1912 2068 Arabes,
1962 2010 2009 2054 et

436 2091 645 2159 capient
698 2110 833 2146 eam.
891 2090 1113 2163 Pertigit
1166 2095 1306 2147 enim
1360 2093 1561 2147 clamor
1610 2096 1678 2147 ad
1731 2095 2010 2149 terminum

439 2181 743 2238 Moabitidis
770 2184 1024 2253 Agallim;
1056 2195 1105 2239 et
1131 2184 1355 2255 ejulntio
1382 2186 1496 2255 ejus
1525 2203 1685 2257 usque
1704 2189 1772 2240 ad
1796 2196 2010 2253 puteum

440 2272 599 2328 Elim.
618 2276 765 2344 Aqua
789 2274 1052 2331 Rhembon
1081 2275 1176 2349 [aL
1200 2276 1410 2351 Dimon]
1433 2277 1710 2347 replebitur
1732 2280 2009 2348 sanguine.

440 2365 696 2419 Iudaeam
745 2369 881 2421 enim
934 2386 1089 2434 super
1145 2369 1411 2424 Rhembou
1460 2372 1680 2425 Arabes.
1727 2368 1793 2424 Et
1827 2373 2010 2425 tollam

432 2471 605 2508 semen
653 2454 809 2510 Moab
852 2467 898 2510 et
932 2457 1095 2510 Ariel.
1135 2457 1203 2511 Et
1257 2460 1522 2513 residuum
1563 2459 1764 2514 Adamn
1805 2462 2010 2515 mittam

440 2560 691 2616 tanquam
732 2547 939 2616 replilia
972 2566 1129 2617 super
1163 2560 1379 2605 terram.

508 2732 695 2787 Partes
726 2730 1186 2787 Damascenorum
1220 2734 1288 2788 ad
1318 2734 1579 2788 Austrum
1620 2735 1856 2792 maxime
1888 2753 2012 2791 ver-

435 2834 644 2891 gentes,
679 2824 1099 2879 innumerabilia
1142 2839 1345 2895 genera
1388 2841 1575 2880 eorum
1608 2829 1700 2896 qui
1749 2829 2012 2886 Saraceni

438 2924 718 2978 vocantur,
777 2913 1013 2969 incolere
1057 2916 1277 2979 dicunt,
1328 2927 1382 2971 et
1429 2917 1495 2971 ad
1544 2916 1786 2973 Persium
1841 2935 2012 2989 usque

437 3002 661 3071 porrigi.
709 3002 770 3057 lli
801 3019 951 3058 arma
987 3005 1352 3069 contulerunt,
1390 3008 1688 3077 capiasque
1712 3007 2011 3076 junxerunt

437 3109 559 3147 cum
596 3093 923 3165 Babyloniis,
957 3104 1011 3150 et
1056 3096 1295 3165 populati
1330 3108 1455 3151 sunt
1492 3096 1840 3157 Moabitidem
1872 3120 1887 3158 :
1920 3117 2009 3158 se-

436 3186 745 3253 quebantur
784 3190 984 3258 quippe
1012 3199 1068 3244 et
1096 3189 1220 3259 ipsi,
1257 3189 1385 3245 licet
1414 3205 1479 3245 ex
1511 3206 1574 3246 ea
1608 3203 1768 3261 gente
1801 3206 2008 3262 essent,

442 3276 910 3348 Moabitarumque
943 3281 1130 3336 vieini.
1169 3280 1359 3338 Vocati
1391 3294 1520 3338 sunt
1547 3288 1690 3340 enim
1720 3288 1772 3341 hi
1796 3303 2013 3359 quoque

438 3366 663 3421 Arabes.
691 3366 1022 3438 Capiendum
1066 3372 1249 3442 itaque
1281 3373 1412 3428 dicit
1438 3372 1660 3430 Neurim
1697 3395 1711 3431 :
1760 3379 2010 3435 inducam

438 3457 580 3510 enim
610 3472 777 3526 super
826 3459 1013 3514 vallem
1058 3461 1289 3528 Arabes,
1321 3474 1375 3517 et
1405 3465 1619 3534 capient
1654 3467 1817 3539 252
1861 3484 2006 3527 eam.

448 3548 673 3613 Vuliem,
713 3559 772 3604 ut
800 3550 1030 3614 videtur.
1054 3552 1275 3609 Neurim
1303 3556 1567 3625 nominat,
1586 3562 1782 3629 quippe
1808 3577 1932 3631 quae
1960 3565 2011 3617 in

439 3655 679 3696 runeavo
714 3642 834 3696 loco
866 3643 971 3697 sita
1012 3645 1103 3710 sit,
1142 3646 1397 3703 nimirum
1439 3664 1561 3704 cum
1607 3652 1728 3707 alia?
1767 3655 1929 3711 urbes
1962 3656 2012 3710 in

439 3734 607 3788 ultum
637 3744 859 3800 evectae,
887 3746 944 3790 et
973 3737 1027 3791 in
1061 3739 1335 3795 montibus
1373 3743 1561 3811 posita:
1589 3746 1717 3799 sint.
1746 3745 2013 3813 Quoniam

440 3840 569 3881 vero
592 3841 697 3881 non
727 3842 852 3897 pars
880 3827 1239 3886 Moabitarum
1272 3832 1414 3888 bello
1444 3839 1627 3891 attrita
1651 3849 1754 3902 est,
1783 3840 1874 3894 sed
1903 3851 2013 3894 tota

438 3920 664 3975 ninnino
691 3935 754 3975 ac
784 3920 838 3976 in
873 3932 1042 3976 totum
1074 3937 1438 3995 conquassata
1469 3941 1573 3996 est,
1609 3940 1664 3985 et
1706 3933 1759 3985 in
1808 3946 2012 3988 morem

440 4009 576 4065 ebrii
614 4012 852 4081 juctata;
907 4013 1028 4068 ideo
1076 4016 1249 4085 inquit
1293 4032 1324 4071 a
1360 4019 1557 4074 linibus
1596 4024 1662 4077 ad
1716 4023 1853 4077 nites
1890 4038 2014 4093 per-

444 4113 726 4158 venturum
753 4106 1068 4172 clamorem,
1097 4108 1417 4164 ululantium
1448 4112 1697 4168 videlicet
1724 4124 1779 4170 et
1801 4131 2013 4182 eorum,

441 4196 530 4264 qui
557 4211 743 4251 casuum
765 4199 1107 4268 pereuntium
1140 4199 1284 4254 soliti
1309 4212 1434 4256 sunt
1461 4203 1763 4274 deplorare.
1791 4206 2017 4279 Pertigit

441 4290 584 4344 enim
607 4292 833 4357 clamor,
863 4292 1054 4362 inquit,
1083 4294 1370 4347 terminum
1402 4293 1729 4362 Moabitidis,
1764 4300 2013 4368 Agullim,

441 4392 496 4435 et
542 4381 761 4450 eiulatio
808 4383 927 4451 ejus
973 4399 1143 4454 usque
1189 4386 1256 4440 ad
1303 4398 1521 4455 puteum
1569 4388 1726 4444 Elim.
1773 4391 2016 4446 Extimas

2104 535 2296 598 ἔσται,
2329 534 2417 604 μὴ
2449 535 2552 589 καὶ
2576 535 2765 601 οὕτως
2811 534 3025 603 μέλλει
3057 532 3364 602 σωθῆναι;

2176 626 2338 681 Πόλιν
2376 622 2514 681 εἷναί
2554 643 2686 697 φασι
2740 625 2839 698 τὴν
2887 625 3131 697 Νεϐρεὶμ
3166 626 3424 696 κειμένην
3471 623 3570 695 μὲν
3625 625 3687 678 ὲν

2107 720 2386 787 ἐσχατιαῖς
2397 718 2496 789 τῆς
2515 717 2719 790 χώρας,
2734 717 3056 788 γειτνιιῖισαν
3077 717 3321 788 Θαλάσσῃ
3346 718 3411 788 τῇ
3445 714 3712 787 Ἐρυθρᾷ,

2107 807 2327 880 εὗυδρον
2355 809 2412 863 δὲ
2440 808 2614 873 οὕτως
2634 809 2730 863 καὶ
2754 808 2994 872 εὔϐοτον,
3016 809 3089 872 ὡς
3119 808 3215 861 καὶ
3236 808 3402 860 ἵππον
3423 805 3687 860 δύνασθαι

2116 899 2418 971 κεκτῆσθαι
2453 899 2654 971 πολλὴν
2684 903 2814 964 τοὺς
2841 901 2899 954 ὲν
2929 901 3087 970 αὐτῇο
3122 899 3291 971 ταύτῃ
3313 916 3392 952 τοι
3422 900 3515 952 καὶ
3544 893 3686 950 εἶναι

2111 990 2549 1061 μαχιμωτάτους,
2586 989 2730 1061 ἔχειν
2756 1007 2814 1043 τε
2844 989 2942 1060 τὴν
2994 989 3158 1043 ἵππον
3191 988 3684 1060 ὲμπειροπόλεμον.

2121 1082 2215 1136 Ἐκ
2260 1080 2408 1146 θείας
2435 1081 2634 1146 τοίνυν,
2671 1082 2858 1152 φησὶν,
2885 1081 3073 1154 όργῆς,
3117 1082 3183 1135 ὲκ
3220 1082 3322 1152 τῆς
3368 1082 3480 1136 τῶν
3527 1081 3689 1134 πολε-

2111 1174 2249 1241 μίων
2272 1174 2485 1243 ἐφόδου,
2538 1173 2743 1245 ἔρημος
2785 1174 2938 1228 ἔσται
2967 1175 3059 1227 καὶ
3085 1175 3295 1228 ὑδάτων
3341 1175 3435 1227 καὶ
3486 1175 3685 1244 χόρτου

2108 1265 2342 1338 χλωροῦ.
2373 1260 2451 1322 Ob
2474 1265 2539 1339 δὴ
2564 1267 2870 1335 γεγονότος,
2912 1267 3166 1337 ἀτονήσει
3215 1268 3437 1331 πάντως
3489 1269 3521 1338 ἡ
3576 1266 3685 1319 τῶν

2105 1358 2379 1415 τακτικῶν
2416 1359 2676 1430 ἐμπειρία
2709 1359 3178 1430 προανῃρημένων
3208 1359 3328 1413 τῶν
3352 1360 3554 1425 ἵππων,
3594 1360 3688 1412 καὶ

2107 1450 2433 1505 διολωλότων
2458 1451 2562 1504 ὑπὸ
2591 1451 2769 1522 λιμοῦ.
2816 1451 2956 1504 Ἀλλ’
2989 1454 3036 1504 εί
3082 1451 3238 1505 τοῦτο
3265 1453 3492 1521 γένοιτο,
3527 1452 3685 1522 φησὶ,

2111 1541 2185 1613 μὴ
2213 1542 2321 1613 ἄρα
2356 1544 2615 1615 φρονήσει
2647 1543 2791 1613 μέγα
2842 1544 2935 1597 καὶ
2969 1542 3143 1606 οὕτως
3195 1546 3279 1613 ἐφ’
3327 1545 3568 1616 ἑαυτῆς;
3610 1546 3689 1617 μὴ

2108 1636 2298 1690 τούτου
2336 1636 2743 1707 συμϐεϐηκότος
2792 1636 2974 1708 μέλλει
3018 1637 3279 1707 σωθῆναι,
3315 1637 3409 1691 καὶ
3450 1637 3551 1701 τὰς
3577 1637 3692 1692 τῶν

2110 1728 2385 1799 πολεμίων
2441 1727 2723 1799 διαδράναι
2774 1731 2996 1800 χεῖρας;
3057 1729 3520 1801 προανῃρημένης
3577 1728 3694 1801 γὰρ

2043 1811 2085 1867 Β
2111 1819 2290 1874 αὐτῶν
2322 1819 2420 1889 τῆς
2455 1819 2656 1889 ἰσχύος,
2678 1818 2806 1873 ποία
2825 1836 2907 1883 τις
2930 1817 3082 1873 ἔσται
3104 1819 3290 1874 λοιπὸν
3315 1820 3348 1890 ἡ
3376 1819 3477 1889 τῆς
3514 1836 3694 1891 σωτηε-

2111 1912 2235 1982 ρίας
2272 1911 2458 1979 ὲλπίς;

2195 2003 2429 2069 Ἐπάξω
2475 2007 2585 2075 γὰρ
2641 2005 2744 2059 ἐπὶ
2787 2005 2905 2074 τὴν
2941 2006 3213 2077 φάραγγα
3262 2000 3531 2077 Ἄραϐας,
3586 2007 3693 2062 καὶ

2112 2096 2415 2167 λήψονται
2459 2097 2677 2167 αὐτήν.
2725 2097 2974 2168 Συνῆψε
3011 2099 3050 2168 ἠ
3085 2100 3210 2169 βοὴ
3252 2100 3320 2154 τό
3377 2101 3542 2170 ὅρων
3579 2100 3693 2167 τῆς

2112 2189 2474 2256 Μωαϐίτιδος
2495 2189 2607 2259 τῆς
2633 2191 2966 2262 Ἀγαλλεὶμ,
3000 2192 3100 2247 καί
3125 2192 3466 2265 ὀλολυγμὸς
3497 2192 3695 2261 αὐτῆς

2110 2283 2222 2351 ἕως
2246 2283 2352 2338 τοῦ
2372 2283 2625 2353 φρέατος
2640 2284 2747 2338 τοῦ
2786 2285 3004 2354 Ἐλείμ.
3046 2287 3113 2341 Τὸ
3135 2286 3204 2340 δὲ
3234 2286 3390 2354 ὕδωρ
3415 2285 3482 2339 τὸ
3520 2287 3692 2355 Ῥεμ·

2106 2376 2233 2446 μὼρ
2248 2378 2666 2446 πλησθήσεται
2691 2378 2957 2448 αἵματος·
2976 2378 3175 2444 ἐπάξω
3198 2378 3307 2450 γὰρ
3318 2380 3416 2433 ἐπὶ
3436 2379 3697 2448 Ῥεμμὼρ

2115 2470 2386 2538 Ἄραϐας.
2419 2470 2527 2524 Καὶ
2549 2467 2672 2539 ἀρῶ
2707 2470 2773 2523 τὸ
2795 2468 3038 2540 σπέρμα
3079 2471 3273 2537 Μωὰὸ,
3323 2470 3423 2525 καὶ
3467 2470 3694 2539 Ἀριὴλ,

2115 2560 2209 2613 καὶ
2241 2558 2308 2613 τό
2338 2559 2708 2615 κατάλοιπον
2749 2559 2981 2631 Ἀδαμα
3009 2562 3328 2617 ἀποστελῶ
3357 2564 3437 2630 ὡς
3464 2563 3697 2634 ἑρπετὰ

2113 2652 2210 2706 ἐπὶ
2237 2652 2349 2723 τῆς
2379 2652 2514 2723 γῆς.

2183 2743 2265 2799 Τὰ
2321 2743 2620 2800 νοτιώτατα
2665 2746 2807 2819 μέρη
2877 2747 2985 2801 τῶν
3042 2748 3416 2818 Δαμασκηνῶν
3460 2747 3699 2802 κατανέ-

2116 2836 2310 2910 μεσθαι
2335 2855 2468 2907 φασι
2505 2837 2576 2891 τὰ
2622 2835 2731 2891 τῶν
2759 2836 3108 2909 καλουμένων
3145 2838 3473 2911 Σαρακηνῶν
3504 2839 3701 2911 ἀναρί-

2116 2931 2299 3003 θμητα
2317 2932 2473 2999 γένη,
2503 2930 2598 2985 καὶ
2627 2928 2787 3000 μέχρι
2822 2930 2990 3002 αὐτῆς
3010 2930 3403 3003 παρατείνοντα
3428 2932 3523 3003 τῆς
3546 2933 3698 3002 Περ-

2117 3026 2246 3080 σῶν.
2300 3023 2465 3077 Αὐτοὶ
2526 3022 2925 3087 συνωπλίζοντο
2974 3026 3086 3088 τοῖς
3143 3023 3521 3089 Βαϐυλωνίοις,
3596 3025 3700 3078 καὶ

2041 3150 2087 3213 C
2117 3116 2409 3188 κατεδῄουν
2447 3116 2546 3186 τὴν
2585 3115 2932 3188 Μωαϐιτῶνῤ
2993 3116 3209 3170 εἵποντο
3253 3115 3361 3187 γὰρ
3411 3116 3505 3169 καὶ
3537 3117 3698 3170 αὐτοὶ

2115 3210 2293 3263 καίτοι
2323 3208 2463 3279 τάχα
2510 3225 2612 3261 που
2656 3208 2751 3261 καὶ
2780 3208 2937 3277 γένος
2977 3207 3148 3272 ὄντες,
3200 3209 3294 3262 καὶ
3340 3208 3578 3277 γείτονες
3623 3211 3697 3281 τῇ

2113 3301 2439 3357 Μωαϐιτῶν.
2491 3299 2771 3371 Κέκληντο
2814 3301 2924 3373 γὰρ
2963 3302 3057 3355 καὶ
3108 3301 3347 3375 Ἄραϐες
3381 3302 3471 3356 καὶ
3517 3301 3695 3357 αὐτοί.

2113 3393 2499 3466 Ληφθὴσεσϐαι
2526 3393 2705 3448 τοίνυν
2736 3395 2869 3467 φησὶ
2897 3394 2994 3467 τὴν
3020 3394 3266 3467 Νεϐρείμ
3288 3414 3301 3426 ·
3342 3393 3555 3461 Ἐπάξω
3586 3396 3701 3466 γὰρ

2114 3487 2208 3540 ἐπὶ
2236 3486 2334 3558 τὴν
2377 3487 2657 3557 φάραγγα.
2717 3485 2986 3558 Ἄραϐας,
3047 3487 3140 3540 καὶ⁵
3190 3486 3449 3557 λήψονται
3499 3487 3695 3558 αὐτὴν.

2112 3581 2398 3653 Φάραγγα,
2442 3580 2499 3634 δὲ
2542 3580 2682 3634 κατὰ
2716 3580 2776 3635 τὸ
2818 3581 2988 3644 εἰκὸς,
3024 3580 3397 3653 όνομάζειτὴν
3427 3581 3697 3652 Νεϐρεὶμ,

2114 3673 2205 3727 διὰ
2237 3673 2297 3726 τὸ
2336 3675 2395 3727 ὲν
2441 3673 2607 3744 κοίλῳ
2647 3672 2859 3726 κεῖσθαι
2889 3673 3059 3744 τόπῳ.
3104 3673 3298 3727 Καίτοι
3346 3673 3454 3727 τῶν
3492 3674 3700 3747 ἑτέρων

2116 3764 2324 3819 πόλεων
2346 3764 2599 3837 ᾐρμένων
2630 3764 2788 3834 ὑψοῦ,
2825 3765 2920 3818 καὶ
2950 3766 3007 3819 ὲν
3040 3764 3222 3839 ὄρεσιν
3252 3764 3447 3820 οὐσῶν.
3478 3764 3703 3836 Ἐπειδὴ

2115 3858 2171 3911 δὲ
2203 3858 2264 3911 οὐ
2290 3858 2456 3928 μέρος
2491 3852 2560 3927 ἦν
2588 3857 2687 3929 τῆς
2714 3856 3021 3911 Μωαϐιτῶν
3060 3857 3121 3911 τὸ
3142 3857 3220 3930 τῷ
3242 3858 3475 3928 ,πολέμῳ
3508 3874 3693 3910 συντε-

2115 3949 2434 4021 τριμμένον,
2458 3949 2573 4003 ἀλλ’
2598 3951 2692 4022 ὅλη
2729 3950 2795 4004 δι’
2821 3949 2943 4003 ὅλου
2968 3949 3299 4023 κατεδονήθη
3323 3968 3380 4003 τε
3406 3950 3501 4002 καὶ
3538 3949 3706 4003 σεσά-

2117 4041 2302 4095 λευται
2338 4041 2627 4113 μεθύοντος
2654 4042 2838 4109 δίκην·
2889 4042 3064 4114 ταύτῃ
3112 4059 3194 4095 τοι
3234 4041 3398 4112 φησὶν
3431 4043 3492 4095 ὲκ
3526 4043 3705 4112 περά-

2115 4151 2225 4188 των
2264 4136 2344 4196 είς
2374 4133 2586 4203 πέρατα
2619 4132 3057 4205 συναφθήσεσθαι
3117 4136 3215 4204 τὴν
3250 4132 3396 4203 βοὴν,
3446 4131 3553 4184 τῶν
3580 4132 3706 4185 όλοο

2117 4227 2386 4292 λυζόντων
2413 4226 2674 4298 δηλονότι,
2712 4225 2808 4279 καὶ
2826 4226 2918 4279 τὸν
2952 4227 3063 4290 τοῖς
3088 4224 3408 4278 ἀπολεῖσθαι
3438 4223 3701 4294 μέλλουσι

2119 4320 2313 4393 θρῆνον
2375 4320 2673 4391 ὲκμελετᾷν
2732 4319 3020 4373 εἰωθότων.
3061 4316 3270 4391 Συνῆψε
3299 4317 3467 4390 γὰρὴ
3503 4316 3601 4387 βοὴ
3642 4316 3707 4370 τὸ

2118 4413 2264 4484 ὅριον
2293 4414 2391 4484 τῆς
2423 4412 2784 4475 Μωαϐίτιόος,
2817 4412 2971 4484 φησὶ,
2994 4412 3093 4485 τῆς
3129 4411 3441 4482 Ἀγαλλεὶμ,
3467 4412 3561 4464 καὶ
3582 4411 3706 4463 όλοο

443 4485 623 4529 autem
664 4478 847 4541 urbes,
876 4487 930 4531 et
981 4478 1033 4531 in
1065 4478 1194 4548 ipsis
1226 4477 1429 4535 locatas
1460 4482 1704 4539 terminis
1735 4486 2010 4539 nominat:

2123 4501 2328 4572 λυγμὸς
2360 4502 2528 4573 αὐτῆς
2558 4503 2664 4565 ’ἐως
2692 4500 2786 4556 τοῦ
2818 4502 3054 4573 φρέατος
3085 4502 3175 4556 τοῦ
3220 4502 3428 4573 Ἐλείμ.
3482 4501 3594 4564 Τὰς
3645 4500 3707 4555 δὲ

443 4567 695 4635 Agallim,
747 4569 989 4637 inquam,
1030 4581 1084 4624 et
1135 4583 1354 4639 puteum
1408 4571 1567 4628 Elim.
1626 4574 1879 4647 Cumque
1931 4577 2015 4631 la-

445 4669 686 4714 menlum
723 4674 821 4728 per
863 4676 1055 4716 omnes
1101 4664 1411 4731 provincias
1461 4666 1750 4721 loilendum
1796 4685 2015 4725 asseve-

449 4761 654 4817 rasset',
712 4753 788 4807 uti
838 4753 1118 4817 dicebam,
1176 4755 1298 4812 inde
1347 4758 1423 4810 ait
1468 4775 1482 4813 :
1523 4760 1672 4829 Aqua
1729 4759 2015 4818 Rhembon

449 4844 755 4915 implebitur
778 4849 1061 4917 sanguine.
1080 4846 1311 4903 Maxime
1334 4862 1514 4906 autem
1536 4854 1796 4924 irriguam
1814 4853 2017 4910 Rhem-

445 4942 547 4993 hon
593 4954 716 4995 esse
765 4941 1071 5009 perhibent.
1116 4941 1225 4997 Sed
1274 4943 1568 5014 replebitur
1607 4948 1891 5016 sanguine,
1936 4951 2017 5003 iu-

447 5033 585 5101 quit,
609 5033 713 5087 hoc
739 5032 947 5088 scilicet
971 5035 1177 5100 dicens,
1202 5041 1344 5106 quod
1372 5039 1591 5107 sanguis
1624 5039 1745 5093 belli
1775 5051 2019 5112 tempore

444 5131 915 5196 occumbentium,
969 5145 1091 5187 cum
1141 5132 1393 5203 largitate
1441 5143 1496 5187 et
1549 5135 1702 5203 capia
1754 5150 2017 5206 aquarum

442 5224 754 5290 contendet,
792 5233 843 5279 et
892 5224 1160 5280 rubefaeti
1211 5224 1549 5294 apparebunt
1601 5225 1771 5293 ﬂuvii,
1819 5228 2019 5284 diﬂ'uno

443 5319 708 5388 deturque
758 5332 896 5389 aqua
950 5328 1139 5384 terrae,
1187 5333 1289 5373 non
1327 5317 1440 5383 jam
1487 5334 1658 5386 pura,
1713 5337 1817 5375 non
1868 5339 2020 5388 aqua:

446 5411 682 5475 speciem
718 5411 945 5479 habens,
980 5410 1075 5468 sed
1114 5410 1312 5468 diversi
1356 5411 1572 5478 coloris,
1604 5424 1657 5468 et
1703 5417 2014 5486 sanguinea.

443 5499 880 5571 Capicndamquc
922 5520 1039 5557 eam
1088 5506 1162 5559 ait
1198 5505 1264 5559 ab
1311 5505 1601 5571 Arabibus,
1635 5517 1692 5560 ut
1730 5518 1898 5561 totum
1934 5524 2017 5563 se-

446 5608 569 5647 men
603 5590 786 5659 Moab,
835 5605 890 5650 et
933 5595 1099 5663 Ariel,
1138 5598 1375 5662 tollatur,
1428 5599 1477 5654 id
1518 5608 1621 5662 est,
1667 5601 1923 5670 perdatur
1967 5611 2020 5655 et

445 5685 785 5742 conﬁciatur.
823 5684 891 5740 Et
926 5686 1197 5741 residuum
1235 5691 1476 5757 mittam,
1521 5692 1713 5762 inquit,
1744 5692 1889 5748 velut
1929 5709 2012 5748 re.

446 5778 599 5851 ptilia
627 5793 790 5851 super
825 5789 1046 5838 terram.
1086 5777 1187 5846 Qui
1216 5782 1360 5839 enim
1394 5794 1519 5840 sunt
1548 5801 1699 5844 acres
1728 5794 1781 5842 et
1813 5785 2016 5853 acerbi,

2121 4593 2223 4658 ἔξω
2254 4593 2455 4657 πόλεις.
2511 4594 2604 4646 καὶ
2639 4593 2724 4647 ἐπ’
2762 4595 2945 4657 αὐτοῖς
2995 4596 3106 4659 τοῖς
3155 4594 3391 4665 τέρμασι
3440 4594 3711 4663 κειμένας

2120 4683 2393 4754 ὀνομάζει,
2429 4684 2529 4755 τήν
2554 4702 2612 4737 τε
2651 4684 2944 4757 ’Λγαλλεὶμ
2976 4705 3141 4757 φημι,
3183 4686 3277 4739 καὶ
3307 4687 3368 4739 τὸ
3399 4686 3577 4757 φρέαρ
3605 4686 3710 4741 τοῦ

2134 4774 2337 4844 Ἐλείμ.
2379 4772 2663 4826 Τεθεῖσθαι
2695 4773 2751 4826 δὲ
2791 4773 2881 4827 τόν
2929 4773 3124 4845 θρῆνον
3165 4776 3243 4838 εἰς
3294 4777 3471 4829 πᾶσαν
3520 4774 3718 4830 αὐτῶν

2120 4869 2219 4938 τὴν
2243 4867 2425 4939 χώραν
2460 4866 2958 4939 διαϐεϐαιούμενος,
2998 4868 3073 4932 ὠς
3125 4868 3281 4939 ἔφην,
3325 4865 3443 4923 εἶτα
3494 4885 3670 4937 φησιν
3694 4911 3712 4935 ,

2122 4959 2202 5012 ὅτι
2250 4958 2325 5010 Τὸ
2374 4957 2519 5028 ὕδωρ
2567 4958 2628 5012 τὸ
2688 4958 2946 5030 Ῥεμμὼν
3005 4959 3381 5030 πλησθήσεται
3444 4962 3713 5030 αἵματος.

2134 5049 2520 5121 Ἐνυδροτάτην
2569 5048 2626 5102 δὲ
2684 5045 2821 5103 εἶναι
2863 5051 3020 5119 λόγος
3068 5053 3166 5123 τὴν
3201 5052 3475 5125 Ῥεμμὼν.
3540 5054 3717 5108 ’Λλλὰ

2123 5142 2512 5215 πλησθήσεται,
2547 5144 2732 5215 φησὶν,
2764 5145 3012 5216 αἵματος,
3055 5147 3233 5200 ἐκεῖνό
3264 5165 3365 5200 που
3393 5147 3587 5216 λέγων,
3619 5149 3714 5203 ὅτι

2122 5238 2240 5299 ταῖς
2290 5235 2396 5288 τῶν
2440 5236 2647 5289 ὑδάτων
2690 5236 2987 5306 δαψιλεέαις
3019 5239 3386 5310 φιλονεικήσει
3433 5237 3574 5292 κατὰ
3609 5238 3715 5295 τὸν

2124 5325 2219 5380 τοῦ
2263 5326 2499 5397 πολέμου
2545 5326 2734 5398 καιρόν
2777 5328 2886 5381 τῶν
2919 5330 3227 5383 πιπτόντων
3275 5329 3337 5382 τὸ
3388 5324 3561 5401 αἷμα·
3604 5329 3712 5383 καὶ

2126 5418 2531 5487 πεφοινιγμένοι
2587 5417 2685 5487 μὲν
2737 5418 3063 5488 ὀφθήσονται
3110 5421 3366 5490 ποταμοὶ,
3432 5435 3712 5473 κατασκε-

2122 5512 2452 5584 δασθήσεται
2495 5514 2550 5567 δὲ
2602 5514 2701 5583 τῆς
2731 5514 2835 5584 γῆς
2872 5513 2931 5566 τδ
2970 5512 3136 5582 ὕδωρ,
3188 5511 3374 5564 οὐκέτι
3436 5507 3709 5579 καθαρὸν,

2123 5600 2244 5654 οὔτε
2275 5603 2380 5675 μὴν
2412 5602 2602 5666 ὓδατος
2629 5602 2749 5673 ὖψιν
2771 5602 2911 5673 ἔχον,
2934 5601 3049 5655 ἀλλ’
3071 5602 3392 5672 ὲτερόχρουν
3416 5601 3508 5652 καὶ
3532 5599 3710 5668 αἱμα-

2125 5694 2341 5758 τοειδές.
2364 5695 2749 5768 Ληφθήσετθαι
2771 5695 2826 5748 δὲ
2850 5695 2944 5748 καὶ
2966 5693 3135 5764 αὐτὴν
3156 5695 3212 5760 ἐξ
3245 5694 3300 5745 ’Λ
3312 5692 3491 5763 ράϐων
3512 5691 3708 5759 φησὶν,

2126 5787 2263 5842 ὦττε
2294 5787 2437 5844 ἃπαν
2459 5791 2557 5861 μὲν
2592 5790 2810 5863 σπέρμα
2839 5776 3025 5855 bit-iiii,
3049 5791 3137 5842 καὶ
3180 5786 3363 5859 Ἀριὴλ
3386 5783 3705 5856 ἑξαρθῆναι,
