3962 6216
250 332 355 388 ωδ

1392 345 1454 399 ΙΝ
1500 346 1730 400 ΙΒᾸΞᾹΜ
1764 347 1889 402 LIB.
1933 348 1993 403 ll.
2031 348 2266 405 'I'OllUS
2303 349 2389 407 ΙΙΙ.

3398 348 3523 402 406'-

249 450 390 505 τοῦτ’
438 450 605 518 ἐστιν,
640 457 937 516 ἀπολέσθαι
970 481 1029 517 τε
1063 465 1157 519 καὶ
1207 466 1601 537 δαπανηθῆναι.
1651 469 1727 521 'l'o'
1767 483 1830 535 γε

1942 483 2148 539 semper
2187 469 2339 524 ibunt
2371 470 2426 523 in
2457 468 2845 538 captivitatem,
2883 467 3028 521 velut
3071 472 3351 535 serpentes
3382 465 3505 532 (μήθ

256 540 360 610 μὴν
392 542 855 618 ὑπολελειμμένον
903 554 1205 619 ἀποστελῶ,
1261 558 1465 628 φησὶν,
1513 558 1589 620 ὡς
1628 556 1832 626 ἑρπετά

252 636 342 687 ἐπὶ
388 636 486 706 τῆς
513 639 640 710 γῆς.
670 643 866 716 Πικροὶ
890 648 1001 719 γάρ
1028 649 1180 714 ὅντες
1209 651 1298 705 ἀεὶ
1344 650 1649 721 βαδιοῦνται
1696 651 1832 723 πρὸς

250 728 652 797 αἰχμαλωσίαν,
700 736 952 811 καθάπερ
992 742 1136 805 τινὲς
1167 744 1321 813 ὄφεις
1365 744 1488 809 ταῖς
1527 745 1691 800 τινῶν
1729 748 1830 801 ὲπο

248 819 410 889 ῳδαῖς
437 827 888 896 γεγοητευμένοι,
917 832 1008 884 καὶ
1030 826 1139 886 οἷον
1159 834 1651 900 άπονυστάξαντες,
1678 837 1757 896 είς
1772 837 1832 889 τὸ

245 913 538 985 ἀσυνήθως
563 917 793 990 ἥμερον.
834 921 906 974 Τὸ
949 923 1142 994 γάρτοι
1171 926 1347 995 λέγειν
1389 928 1716 993 ’Δποστελῶ,
1771 928 1834 982 τὺ

246 1005 532 1077 ἐκπέμψαι
559 1008 730 1081 δηλοῖ.
757 1012 918 1078 Ἔθος
937 1015 1049 1087 γὰρ
1061 1019 1175 1079 τοῖς
1189 1018 1369 1072 ἑλοῦσι
1394 1018 1625 1091 χώρανῆ
1655 1020 1830 1086 πόλιν,

241 1098 358 1168 oili.
389 1101 605 1165 πάντας
635 1103 805 1174 ἄρδην
835 1108 1094 1163 ἀπολύειν
1124 1110 1239 1165 ἐσθ’
1258 1114 1367 1179 ὅτε,
1387 1112 1833 1185 δεδαπανημένης

242 1188 291 1240 δὲ
302 1190 407 1260 τῆς
426 1194 833 1266 μαχιμωτάτης
848 1197 1108 1270 πληθύος,
1122 1201 1180 1254 ἐν
1192 1201 1544 1275 δορυλήπτων
1562 1206 1831 1260 ποιεῖσθαι

240 1280 391 1347 τάξει
419 1284 555 1347 τοὺς
582 1286 1116 1360 περιλελειμμένους.
1146 1293 1211 1347 El
1237 1294 1296 1348 δὲ
1318 1296 1421 1367 χρή
1443 1313 1566 1350 τινα
1589 1297 1683 1352 καὶ
1713 1300 1831 1361 ταῖς

246 1374 516 1445 ἱστορίαις
572 1378 879 1449 ἐφαρμόσαι
932 1381 1087 1451 λόγον
1137 1385 1451 1453 ἀναγκαῖον,
1499 1388 1697 1452 ίστέον,
1750 1392 1833 1444 ὅτι

240 1462 388 1535 ψυχὴ
430 1464 536 1534 μὲν
590 1465 670 1538 τῷ
707 1466 838 1535 θείῳ
883 1470 1035 1543 φόϐῳ
1079 1477 1479 1548 τετειχισμένη,
1525 1479 1720 1551 ίοχυρά
1772 1481 1832 1533 τὲ

243 1558 357 1608 ἐστι
394 1556 496 1609 καὶ
525 1557 856 1625 δυσάλωτος,
912 1564 1008 1616 καὶ
1057 1564 1156 1635 τῆς
1187 1566 1296 1621 τῶν
1342 1569 1662 1639 μαχομένων
1695 1570 1833 1641 αὐτῇ

152 1676 169 1692 ο
243 1651 739 1719 κατευμεγεθοῦσα
768 1654 969 1724 χειρός.
995 1656 1140 1729 Νικᾷ
1155 1658 1264 1731 γὰρ
1292 1660 1465 1731 ἀρχάς
1489 1678 1549 1714 τε
1571 1661 1665 1716 καὶ
1685 1661 1835 1727 ἐξου-

244 1744 363 1807 σίας
399 1743 504 1797 καὶ
532 1746 662 1809 τοὺς
689 1748 1140 1821 κοσμοκράτορας
1159 1752 1254 1805 τοῦ
1288 1752 1515 1817 σκότους
1533 1754 1743 1818 τούτου,
1766 1754 1836 1809 τὰ

243 1837 609 1908 πνευματικὰ
643 1838 744 1911 τῆς
788 1842 1056 1912 πονηρίας
1098 1843 1158 1898 ὲν
1206 1847 1320 1910 τοῖς
1356 1846 1720 1919 ἐπουρανίοις.
1771 1850 1835 1903 El

239 1930 296 1982 δὲ
320 1929 390 2000 δὴ
418 1930 837 2001 παρατρέποιτο
859 1933 997 2004 πρὸς
1023 1933 1060 1988 ἃ.
1078 1934 1151 2006 μὴ
1179 1936 1477 2007 προσῆκεν.
1501 1939 1608 2005 ἔξω
1654 1957 1712 1994 τε
1734 1942 1834 2010 τῆς

240 2023 464 2088 εὐθείας
491 2022 722 2093 φέροιτο
745 2024 959 2097 τρίϐου,
990 2028 1162 2081 καὶτὸ
1189 2028 1308 2100 Θεῷ
1330 2030 1524 2087 δοκοῦν
1561 2035 1836 2106 παρατρέ-

238 2131 437 2184 χουσα,
461 2114 606 2186 πρὸς
630 2113 700 2168 τά
721 2116 783 2168 ὲν
804 2114 938 2186 τῴδε
955 2115 1035 2188 τῷ
1063 2117 1253 2189 κόσμῳ
1271 2120 1634 2193 καταφέροιτο
1662 2122 1832 2193 πάθη,

240 2206 335 2258 καὶ
367 2204 466 2258 τὸν
491 2205 595 2277 τῆς
629 2206 941 2272 εὐπειθείας
973 2208 1326 2264 ἀποσείσαιτο
1374 2210 1557 2281 ζυγὸν,
1600 2214 1837 2286 ἀγυμνοῖ

240 2298 429 2369 πάσης
463 2298 640 2370 αὐτὴν
659 2298 1004 2372 ἐπικουρίας,
1031 2300 1126 2355 καὶ
1152 2296 1263 2356 οἷον
1308 2302 1616 2374 ἀτείχιστον
1661 2305 1833 2377 αὐτὴν

240 2388 569 2459 ἀποφαίνει,
626 2392 722 2443 καὶ¹
751 2390 1059 2460 ἀνασφαλεῖ
1087 2394 1201 2455 τοῖς
1235 2392 1566 2465 πολεμοῦσιν
1602 2395 1833 2466 ἐργάζε-

237 2500 355 2546 ται,
379 2480 758 2536 καταλειαίνει
788 2499 848 2536 τε
877 2482 976 2549 τὰς
1016 2484 1241 2553 ἐφόδους
1284 2487 1385 2551 τάς
1418 2487 1507 2541 ἐπ’
1543 2488 1680 2560 αὐτῇ
1723 2492 1835 2553 τοῖς

242 2577 502 2642 πάθεσιν,
535 2576 612 2640 ῶς
637 2576 778 2630 κατὰ
807 2577 1012 2648 μηδένα
1046 2579 1249 2651 τρόπον
1277 2578 1493 2651 ἰσχῦσαι
1532 2580 1831 2651 διαφυγεῖν.

246 2669 408 2723 υῦτω
435 2668 822 2740 παραδίδονται
851 2668 951 2740 μὲν
983 2670 1064 2734 είς
1092 2668 1350 2742 ἀδόκιμον
1383 2670 1527 2737 νοῦν,
1554 2672 1649 2725 καὶ
1678 2671 1836 2741 γεγό-

249 2779 413 2816 νασιν
452 2762 710 2817 εὐάλωτοι
754 2764 875 2825 ταῖς
922 2762 1175 2828 ὲκτόποις
1201 2763 1542 2835 ἐπιθυμίαις,
1579 2765 1742 2828 σώζει
1778 2764 1834 2819 δὲ

256 2852 437 2916 αὐτὰς
460 2852 629 2918 οὐδε),
652 2853 762 2907 ἀλλ’
798 2856 936 2908 εἰσὶν
964 2855 1071 2910 ὑπὸ
1105 2856 1272 2921 πόδας
1297 2856 1528 2928 ἐχθρῶν,
1558 2858 1835 2928 ἀνάνδρως

252 2945 656 3017 διερῲμμέναι.
695 2947 819 3000 Ἐὰν
842 2948 941 3017 μὲν
963 2948 1071 3019 γὰρ
1092 2949 1283 3020 κλείσῃ
1308 2948 1451 3003 κατά
1476 2950 1603 3013 τοὺς
1626 2949 1836 3021 ἀνθρὼ-

250 3056 413 3104 πους,
448 3044 634 3110 φησιν,
655 3044 684 3096 ό
720 3040 830 3096 τῶν
861 3042 999 3096 ὅλων
1027 3042 1182 3107 Θεὸς,
1210 3044 1296 3107 τίς
1337 3042 1537 3111 ἀνοίξει
1558 3084 1572 3109 ,
1621 3045 1717 3097 καὶ
1737 3043 1835 3115 τὴν

1933 561 2053 613 dam
2083 560 2386 631 aliquorum
2430 558 2895 615 incantationibus
2920 557 3310 628 prmatigiisquc
3341 554 3502 610 fasci-

1932 652 2073 713 uati,
2123 663 2179 707 et
2243 662 2441 721 praater
2491 652 2711 707 solitum
2772 648 3080 713 mansueti,
3129 647 3499 703 conuiventes.

1934 741 2170 798 Dicendo
2196 743 2365 809 enim,
2398 740 2625 808 Mittam,
2663 740 2958 796 amandare
2988 740 3226 795 denotat.
3263 734 3320 791 ln
3354 749 3503 790 more

1931 834 2076 887 enim
2109 844 2195 889 est
2229 834 2314 889 bis
2339 835 2429 903 qui
2464 841 2728 904 ceperunt
2758 832 3058 903 regionem,
3085 830 3172 886 vel
3202 830 3500 892 civitatem,

1934 926 2262 995 quandoque
2288 939 2481 980 omnes
2505 924 2685 980 delere
2732 924 2991 990 funditus,
3034 926 3131 977 sed
3163 920 3504 976 multitudine

1934 1021 2338 1091 pugnacissima
2367 1030 2709 1089 consumpta,
2742 1020 2978 1089 reliquos
3020 1020 3070 1073 in
3107 1018 3283 1073 classe
3314 1031 3501 1071 nume-

1935 1127 2102 1182 roque
2149 1113 2484 1182 captivorum
2520 1126 2741 1183 ponere.
2788 1110 2846 1167 Si
2880 1126 3006 1168 vero
3050 1109 3294 1166 historiis
3339 1108 3503 1162 alium

1932 1205 2240 1275 quempiam
2268 1219 2577 1262 sermonem
2609 1206 2975 1261 necessarium
3013 1206 3253 1261 inserere
3299 1204 3502 1259 liceat:

1936 1293 2225 1348 tenendum
2275 1303 2396 1358 est,
2447 1294 2682 1349 animam
2735 1294 2829 1349 Dei
2879 1297 3097 1361 timore,
3150 1293 3296 1349 velut
3351 1308 3506 1347 muro

1933 1385 2233 1454 obseptum,
2283 1386 2477 1441 fortem
2528 1399 2652 1441 esse
2692 1393 2748 1441 et
2786 1386 3182 1456 quodammodo
3227 1386 3504 1447 invictam,

1933 1484 1987 1530 et
2019 1492 2238 1531 manum
2265 1491 2475 1541 eorum,
2504 1478 2596 1547 qui
2632 1493 2753 1534 cum
2784 1479 2899 1548 ipsa
2931 1487 3191 1549 pugnant,
3222 1491 3505 1547 superare.

1939 1567 2113 1623 Vincit
2153 1567 2294 1624 enim
2338 1568 2711 1639 principatus,
2741 1580 2795 1623 et
2833 1577 3146 1640 potestates,
3188 1568 3373 1623 mundi
3413 1569 3507 1621 do-

1939 1660 2139 1724 minos,
2179 1669 2418 1715 rectores
2447 1660 2638 1714 barum
2676 1661 3046 1726 tenebrarum,
3080 1660 3380 1728 spiritualia
3413 1673 3510 1713 ue—

1936 1751 2124 1822 quitiae
2158 1751 2211 1806 in
2260 1751 2757 1823 supercmlestibus.
2799 1751 2895 1807 Sin
2942 1752 3171 1806 divertat
3203 1751 3269 1806 ad
3299 1765 3362 1806 ea
3390 1765 3509 1820 quze

1939 1859 2046 1900 non
2082 1843 2354 1907 convenit,
2387 1852 2441 1898 et
2486 1854 2640 1900 extra
2693 1851 2900 1898 rectum
2950 1842 3143 1899 callem
3192 1841 3424 1904 feratur.
3456 1852 3510 1896 et

1936 1936 2033 1992 Dei
2061 1935 2259 2006 placita
2290 1935 2612 2005 prazteriens
2644 1948 2709 1991 ac
2743 1944 3188 2005 praetercurrens,
3228 1934 3295 1987 ad
3348 1947 3508 1986 mun-

1934 2028 2106 2083 danas
2159 2027 2488 2098 cupiditates
2541 2026 2880 2091 devolvatur,
2940 2039 3104 2095 atque
3142 2025 3330 2095 jugum
3374 2022 3507 2078 obe-

1934 2121 2151 2177 dientiaa
2172 2133 2394 2192 respuat
2422 2142 2439 2177 :
2458 2121 2606 2178 omni
2632 2136 2753 2179 eam
2786 2120 3022 2177 denudat
3053 2117 3216 2189 253
3244 2115 3504 2177 subsidio,

1934 2221 1989 2268 et
2024 2214 2170 2269 velut
2202 2214 2321 2270 sine
2356 2216 2595 2270 maceria
2633 2222 2906 2284 patentem
2940 2210 3120 2274 eﬂicit,
3149 2208 3509 2275 hostibusque

1936 2306 2113 2361 reddit
2162 2307 2571 2374 incustoditam,
2608 2307 2753 2363 viam
2804 2305 3078 2375 prmstruit
3115 2311 3168 2358 et
3200 2298 3511 2368 complanat

1939 2398 2240 2453 assultibus
2289 2399 2646 2469 cupiditatum
2693 2406 2886 2453 contra
2934 2410 3093 2459 eam,
3137 2393 3209 2448 ita
3256 2400 3316 2447 ut
3363 2390 3510 2445 nullo

1936 2489 2095 2543 modo
2140 2490 2316 2559 possit
2345 2489 2607 2559 elIugere.
2639 2487 2732 2544 Sic
2762 2487 3054 2543 traduntur
3078 2487 3299 2556 quidam
3332 2484 3385 2537 in
3420 2495 3507 2535 re-

1936 2583 2162 2653 probam
2187 2592 2452 2648 mentem,
2475 2583 2718 2653 ﬁuntque
2741 2580 3151 2652 expugnabilcs,
3172 2575 3510 2649 expositique

1935 2677 2261 2733 monstrosis
2305 2675 2730 2747 cupiditatibus,
2776 2689 2878 2729 nec
2922 2672 3214 2744 quidquam
3271 2667 3511 2724 dcfemtit

1934 2785 2050 2835 eos,
2068 2771 2162 2825 sed
2189 2768 2415 2838 pedibus
2440 2766 2783 2823 inimicorum
2805 2764 3033 2836 proiecti
3063 2775 3189 2818 sunt
3221 2760 3505 2833 ignaviter.

1936 2862 1995 2918 Si
2023 2862 2193 2923 enim.
2220 2860 2418 2930 inquit,
2450 2858 2709 2915 clauserit
2735 2867 2927 2914 contra
2954 2857 3228 2911 hominem
3285 2852 3509 2907 univer-

1934 2954 2112 3009 sitatis
2151 2953 2324 3017 Deus,
2362 2952 2485 3020 quis
2524 2950 2733 3022 aperiet
2755 2949 2842 3005 "7
2868 2959 2925 3005 et
2958 2955 3345 3018 praepotentem
3401 2955 3511 3000 tra-

1935 3045 2111 3101 dentis
2139 3044 2417 3100 dexteram
2444 3043 2568 3114 quis
2614 3041 2931 3113 superabit?
2958 3039 3375 3096 Permaneamus
3410 3037 3513 3090 ita-

252 3133 510 3203 παναλκῆ
551 3133 647 3187 τοῦ
700 3135 1148 3207 παραδεδωκότος
1186 3135 1574 3208 πλεονεκτήσει
1615 3137 1832 3206 δεξιάν;

1942 3149 2043 3206 que
2068 3137 2120 3190 in
2155 3136 2351 3191 timore
2382 3133 2497 3190 Dei.
2541 3132 2635 3190 Sic
2666 3133 2815 3189 enim
2846 3144 3095 3203 superna:
3125 3128 3513 3185 misericordia:

255 3224 523 3295 ὶίένωμεν
549 3224 732 3278 τοίνυν
755 3228 814 3280 ἐν
841 3225 922 3297 τῷ
948 3225 1081 3297 θείῳ
1115 3226 1288 3300 φόϐῳ.
1325 3227 1706 3301 Κερδανοῦμεν
1728 3228 1836 3301 γὰρ

1942 3228 2174 3299 gratiam
2236 3227 2675 3291 lucrifaciemus,
2732 3234 3013 3298 peccatum
3065 3236 3130 3279 ac
3192 3220 3515 3291 cupiditates

258 3316 396 3369 οὓτω
425 3317 531 3389 τῆς
560 3317 772 3372 ἀνωθεν
794 3318 1084 3389 εὐμενείας
1109 3320 1208 3392 τὴν
1240 3321 1402 3392 χάριν
1419 3337 1436 3353 ·
1458 3322 1554 3376 καὶ
1576 3338 1840 3376 κατανεα-

256 3408 586 3481 νιευσόμεθα
611 3410 1024 3481 πνευματικῶς,
1045 3410 1144 3466 καὶ
1174 3413 1471 3484 ἁμαρτίας,
1504 3415 1599 3469 καὶ
1629 3413 1838 3478 παθῶν,

256 3502 348 3555 καὶ
368 3502 470 3573 τῆς
498 3501 597 3556 τοῦ
620 3502 872 3558 διαϐόλου
894 3503 1209 3572 πλεονεξίας
1235 3505 1389 3573 ὀλίγα
1411 3505 1609 3577 κομιδῆ
1631 3506 1844 3577 φροντί-

255 3592 463 3660 ζοντες,
486 3595 626 3667 πρὸς
643 3595 706 3650 τὸ
722 3595 972 3667 βραϐεῖον
1003 3596 1103 3668 τῆς
1137 3597 1251 3652 ἀνω
1282 3596 1531 3669 κλήσεως
1565 3600 1840 3670 καταντή-

256 3702 464 3755 σομεν,
496 3684 599 3758 τὴν
641 3685 842 3741 εὐκλεᾶ
893 3688 988 3742 καὶ
1033 3686 1414 3759 δοκιμωτάτην
1452 3688 1843 3759 κατορθοῦντες

256 3780 425 3852 ζωήν.
1586 3787 1599 3795 ‘

326 3875 430 3942 Μὴ
472 3875 662 3945 πέτρα
684 3875 904 3947 ἔρημός
926 3877 1057 3933 ἐστι
1082 3877 1150 3932 τὸ
1173 3878 1309 3947 ὅρος
1335 3878 1487 3933 Σιών
1510 3898 1528 3945 ;
1553 3882 1709 3951 Ἔσῃ
1734 3881 1845 3951 γὰρ

255 3969 339 4034 ὡς
389 3969 627 4036 πτηνοῦ
677 3970 1085 4041 άνιπταμένου
1135 3969 1395 4035 νεοσσὸς
1439 3970 1841 4043 ἀφῃρημένος,

256 4061 528 4133 auram!)
556 4062 751 4118 Μωάϐ.

329 4156 788 4227 Κατεστράτευσε
811 4156 913 4227 τῆς
940 4155 1256 4229 Σαμαρείας
1278 4157 1422 4213 κατὰ
1459 4159 1683 4229 καιροὺς
1708 4158 1843 4211 Σαλα

262 4248 522 4319 μανασίῳ
566 4250 596 4301 ὁ
632 4247 935 4319 Ἀσσύριος,
977 4245 1126 4303 εἷλέν
1153 4266 1216 4303 τε
1243 4249 1346 4314 τὰς
1376 4250 1434 4302 ἐν
1467 4250 1605 4320 αὐτῇ
1637 4248 1843 4313 πόλεις’

261 4341 361 4395 καὶ
399 4339 628 4411 προσέτι
665 4339 772 4394 τῶν
799 4341 897 4411 τῆς
930 4340 1190 4405 Ἰουδαίας
1218 4340 1587 4413 προσηδεκησε
1620 4339 1844 4406 πολλάςν

258 4434 361 4487 καὶ
398 4433 739 4504 δορύληπτον
777 4432 1081 4504 ἀπεκόμισε
1120 4432 1332 4504 πληθὺν
1369 4435 1449 4498 εἰς
1490 4433 1591 4505 τὴν
1627 4433 1847 4487 ἑαυτοῦ.

1940 3321 2302 3392 spiritualiter
2347 3329 2602 3392 tanquam
2630 3319 2862 3392 juvenes
2891 3319 3196 3383 vincemus,
3232 3324 3286 3371 et
3319 3312 3516 3367 diaboli

1944 3415 2285 3485 tyrannidem
2319 3415 2473 3485 parvi
2520 3412 2808 3469 admodum
2847 3412 3131 3475 ducentes,
3164 3407 3432 3462 laudatam
3465 3410 3522 3459 et

1943 3505 2378 3576 probatissimam
2404 3504 2568 3558 vitam
2594 3510 2740 3557 recte
2763 3501 3130 3564 instituentes,
3152 3496 3217 3551 ad
3239 3491 3518 3564 praemium

1944 3611 2193 3665 superna?
2225 3595 2531 3650 vocationis
2561 3592 2960 3662 perveniemus.

2016 3882 2143 3940 Car.
2195 3879 2331 3935 XVI.
2373 3877 2532 3932 Vens.
2579 3876 2628 3938 ι.
2677 3875 2732 3930 2.
2794 3873 2941 3929 Num
2995 3880 3145 3936 petra
3189 3870 3393 3924 deserta
3444 3874 3521 3922 est

1946 3990 2096 4027 mons
2152 3969 2327 4027 Sion?
2382 3968 2504 4024 Eri:
2538 3968 2677 4023 enim
2721 3965 2878 4020 veluti
2925 3964 3038 4018 avis
3084 3960 3304 4016 volantis
3347 3959 3522 4030 pullus

1952 4066 2180 4130 ablatus,
2212 4063 2328 4133 ﬁlia
2358 4061 2535 4117 Moab.

2022 4155 2363 4227 Opptignavit
2382 4153 2685 4209 Samariam
2708 4161 2864 4221 capta
2888 4147 3292 4220 opportunitate
3317 4144 3524 4201 Salma-

1948 4264 2173 4307 nasarus
2216 4247 2513 4319 Assyrius,
2567 4246 2819 4315 cepitque
2868 4244 2988 4312 ejus
3034 4243 3312 4307 civitates,
3362 4253 3524 4309 porro

1900 4346 1907 4352 ’
1946 4342 2109 4399 etiam
2164 4338 2363 4397 Iudaea:
2409 4338 2607 4394 multas
2659 4339 2800 4394 male
2846 4337 3115 4402 tractavit,
3157 4345 3213 4389 et
3253 4334 3521 4403 captivam

1950 4436 2347 4492 multitudinem
2394 4436 2446 4490 in
2491 4448 2643 4491 suam
2675 4433 2950 4505 regionem
2982 4430 3226 4487 abduxit.
3267 4429 3421 4484 llane
3454 4429 3527 4483 ob

260 4525 485 4594 Ταύτης
526 4541 588 4578 τε
636 4525 802 4579 ἕνεκα
841 4526 938 4596 τῆς
972 4526 1182 4594 αἰτίας,
1225 4524 1566 4593 ἐπετώθαζον
1601 4529 1667 4599 τῇ
1707 4526 1838 4581 Σιὼν

1950 4544 2170 4584 causam
2235 4528 2524 4583 illuserunt
2587 4525 2738 4583 Sioni
2811 4539 2905 4581 seu
2973 4520 3271 4579 Jerusalem
3336 4530 3526 4594 gentes

260 4618 389 4690 ἦτοι
415 4621 482 4689 τῇ
515 4618 866 4691 Ἰερουσαλὴμ
914 4618 983 4673 τὰ
1006 4618 1311 4674 Μωαϐιτῶν
1342 4619 1491 4691 ἔθνη,
1516 4620 1608 4675 καὶ
1639 4619 1838 4692 πέτραν

1948 4622 2336 4687 Moabitarum,
2367 4630 2423 4676 et
2455 4629 2661 4690 petram
2698 4618 2969 4674 desertam
3000 4631 3116 4671 eam
3148 4614 3520 4686 appellarunt:

260 4710 441 4780 αὐτὴν
477 4710 854 4781 ἠρημωμένην
895 4710 1195 4781 ὠνόμαζον,
1225 4710 1326 4763 οὐκ
1354 4710 1525 4781 αὐτῆς
1560 4727 1666 4764 που
1706 4709 1838 4779 τάχα

1948 4731 2054 4772 non
2083 4726 2189 4770 tam
2225 4714 2516 4769 irridentes
2544 4727 2663 4766 eam
2697 4710 2881 4766 miseri
2911 4710 3180 4776 homines,
3206 4724 3368 4780 Quam
3398 4724 3522 4763 eum

260 4803 730 4875 καταμειδιῶν-τες
784 4804 835 4856 οἱ
887 4802 1133 4867 τάλανες,
1183 4802 1320 4857 ἀλλὰ
1359 4803 1455 4857 τοῦ
1503 4804 1595 4856 ἐπὶ
1642 4804 1851 4867 πάντας

256 4893 425 4949 Geo-3°
478 4893 574 4947 ml.
619 4891 752 4963 γοῦν
794 4893 889 4946 καὶ
933 4891 1170 4962 ἔφασκον
1206 4891 1305 4963 τὴν
1335 4889 1613 4954 σώζουσαν
1654 4890 1851 4953 αὐτοὺς

252 4983 527 5053 ἀτονῆσαι
556 4985 732 5054 χεῖρα,
760 4981 965 5051 ταύτης
992 4999 1052 5034 τε
1083 4981 1246 5035 ἕνεκα
1272 4980 1375 5052 τῆς
1404 4981 1584 5046 αἰτίας
1613 4980 1721 5035 ὑπὸ
1751 4981 1850 5034 πό-

247 5080 363 5142 δας
409 5075 584 5129 ἐλθεῖν
624 5073 734 5128 τῶν
772 5073 1003 5145 ἐχθρῶν.
1042 5069 1110 5126 Ὦ
1158 5073 1335 5127 τοίνυν
1373 5073 1624 5145 θυγάτηρ
1651 5071 1845 5138 Μωάϐ,

250 5170 457 5242 φησιν,
486 5167 665 5238 ὲνήθει
700 5167 758 5221 δὲ
800 5168 1023 5230 πάντως
1052 5168 1081 5220 ὁ
1112 5166 1288 5233 λόγος,
1324 5166 1398 5238 μὴ
1435 5166 1611 5238 πέτρα
1643 5166 1848 5238 ἔρημός

250 5266 386 5317 ἐστι
429 5258 493 5312 τὸ
529 5258 656 5331 δρος
695 5259 869 5324 Enim;
900 5254 1048 5330 'Apa
1089 5258 1248 5328 μόνη,
1284 5257 1440 5327 φησὶ,
1482 5257 1764 5326 κέκμηκεν
1809 5259 1845 5328 ἡ

252 5350 447 5418 Σιών;
489 5344 598 5423 ἆρα
630 5352 770 5420 μόνη
808 5350 1096 5404 πέπτωκεν
1131 5348 1236 5403 ὑπὸ
1266 5348 1433 5411 πόδας
1464 5347 1715 5419 ὲχθρῶν;
1747 5348 1845 5401 καὶ

249 5445 365 5516 τὴν
400 5443 512 5497 τῶν
549 5443 904 5499 ἐνοικούντων
951 5442 1123 5514 αὐτὴν
1163 5441 1451 5514 νενόσηκεν
1489 5441 1760 5513 ἑρημίαν;
1808 5442 1841 5513 ἢ

252 5540 378 5600 τοῖς
423 5536 504 5592 ἔτι
552 5538 792 5608 χείροσιν
836 5538 1009 5601 αὐτῆς
1054 5536 1519 5608 περιπέπτωκαςς
1580 5535 1842 5607 Ληφθήσῃ

257 5630 373 5700 γὰρ
402 5634 535 5702 παρ’
565 5630 796 5701 ἐχθρῶν,
830 5632 921 5685 καὶ
946 5625 1056 5684 οἷον
1079 5632 1140 5684 ἐκ
1168 5628 1360 5693 καλιᾶς
1383 5629 1597 5694 νεοσσὸς
1630 5630 1844 5703 ἀφῃρη-

336 5792 379 5821 ¹⁶
402 5788 503 5846 ἔοι)
531 5806 626 5854 stt,
668 5789 748 5844 ll.

1947 4807 2038 4878 qui
2073 4814 2159 4860 est
2194 4819 2356 4876 super
2384 4815 2575 4859 omnes
2619 4801 2785 4867 Deus,
2816 4800 3013 4871 quippe
3063 4800 3373 4853 dictitantes
3410 4800 3527 4867 ejus

1950 4912 2167 4953 manum
2193 4895 2592 4974 opitulatricem
2618 4893 3027 4962 elanguescere,
3058 4900 3113 4946 et
3147 4890 3289 4945 hanc
3311 4890 3380 4944 ob
3408 4905 3518 4943 rem

1953 4990 2116 5044 etiam
2142 4987 2243 5044 sub
2270 4986 2433 5058 pedes
2459 4983 2642 5041 venire
2672 4983 2925 5038 hostium.
2949 4980 2994 5037 0
3018 4982 3181 5051 igitur
3207 4980 3314 5034 tilia
3344 4976 3521 5041 Moab,

1955 5081 2131 5149 inquit
2157 5095 2173 5134 :
2201 5079 2399 5135 usitata
2428 5078 2645 5149 quidem
2668 5086 2751 5132 est
2779 5090 2993 5144 semper
3017 5075 3129 5128 IKPC
3153 5071 3328 5126 oratio
3356 5088 3373 5124 :
3399 5086 3525 5125 nunt

1955 5183 2109 5244 petra
2172 5172 2386 5228 deserta
2435 5180 2519 5227 est
2579 5184 2735 5224 mons
2794 5165 2962 5222 Sion?
2994 5166 3111 5228 An,
3160 5162 3365 5229 inquit,
3411 5160 3525 5216 sola

1953 5264 2221 5319 laboravit
2265 5279 2329 5320 ac
2370 5262 2658 5319 succubuit
2709 5260 2880 5328 Sion;
2918 5274 2983 5313 an
3021 5256 3134 5311 sola
3174 5254 3383 5310 corruit
3428 5253 3527 5309 sub

1953 5356 2176 5427 pedibus
2220 5356 2606 5412 inimicorum?
2645 5354 2708 5409 Et
2746 5352 2924 5423 inepia
2964 5349 3261 5405 incolarum
3301 5345 3525 5402 amicta-

1954 5448 2072 5502 tur?
2109 5449 2201 5504 Vel
2256 5458 2309 5504 tu
2355 5449 2408 5504 in
2460 5448 2728 5503 deteriora
2756 5461 2922 5517 quam
2970 5460 3033 5499 ea
3081 5443 3192 5505 sit.
3250 5438 3527 5496 incidisti?

1954 5541 2187 5610 capieris
2212 5542 2357 5596 enim
2390 5542 2459 5597 ab
2484 5539 2749 5607 hostibus,
2769 5548 2824 5592 et
2853 5548 3109 5608 tanquam
3135 5552 3165 5591 e
3199 5535 3325 5591 nido
3351 5534 3528 5605 pullus

1954 5643 2173 5703 ereptus
2218 5634 2270 5687 in
2309 5633 2539 5688 alienam
2574 5631 2830 5702 migrabis
2864 5631 3160 5703 regionem,
3199 5638 3249 5685 et
3290 5627 3528 5684 inimicis
