3962 6216
315 284 418 342 ωε

1450 291 1516 347 IN
1556 294 1789 352 [SAL-Hi
1827 297 1956 355 LIB.
1998 300 2063 357 ll.
2106 301 2339 359 TOMUS
2365 303 2450 359 Ill.

3468 315 3572 371 410

314 410 413 480 τῆς
442 409 777 474 Μωαϐιτῶν,
812 413 1228 484 προσδοκήσασα
1255 417 1395 487 τάχα
1422 436 1546 483 που,
1580 421 1664 475 ὅτι
1688 424 1782 477 καὶ
1806 424 1905 478 αὖ·

2017 428 2289 484 Sublatutu
2309 440 2394 485 est
2412 431 2555 485 enim
2582 430 2843 485 auxilium
2868 440 3039 499 tuum,
3068 442 3120 489 et
3142 449 3394 506 princeps
3418 437 3578 506 periit

320 503 401 555 τοὶ
424 503 567 556 κατά
600 504 827 575 καιροὺς
855 505 1070 560 ἔσονται
1107 506 1281 580 σκέπη
1311 510 1439 579 ὑμῖν
1470 511 1580 565 ἀπὸ
1608 513 1905 585 προσώπου

315 593 624 659 διώκοντος.
664 597 855 651 Ἔσται
889 597 947 651 δὲ
977 599 1097 670 οὐχὶ
1122 600 1301 656 τοῦτο.
1333 603 1537 671 Πόθεν;
1576 604 1754 679 ᾜρθη
1798 609 1909 682 γὰρ

314 689 341 756 ἡ
383 687 674 757 συμμαχία
709 705 823 741 σου·
858 691 950 743 καὶ
975 692 1003 742 6
1029 692 1211 764 ἄρχων
1245 696 1494 751 ἀπώλετο
1524 700 1553 752 6
1575 703 1909 758 καταπατῶν

309 780 405 833 ἐπὶ
437 780 539 851 τῆς
569 781 698 852 γῆς.
728 780 788 835 '0
824 784 932 855 γὰρ
955 784 1061 853 ,ἀεί
1107 802 1187 838 σοι
1228 788 1585 857 συνασπίσας,
1619 793 1776 862 φησὶ,
1806 797 1906 866 τῆς

311 871 629 926 Μωαϐιτῶν
674 872 995 945 ἡγούμενος,
1028 878 1057 930 6
1098 877 1270 942 δεινὸς
1314 881 1408 935 καί
1437 882 1760 954 ὑπέροπτος,
1803 888 1898 942 καὶ

313 964 507 1035 ῶσπερ
551 963 677 1019 τινὰ
717 964 845 1036 χοῦν
879 971 1213 1024 καταπατεῖν
1243 970 1449 1037 eimodo;
1475 975 1603 1039 τοὺς
1634 976 1897 1048 ἀνθεστη-

315 1058 501 1121 κότας,
534 1056 710 1130 ᾣχετο
751 1061 845 1114 καὶ
872 1061 1170 1119 ἀπόλωλεν.
1199 1063 1378 1137 ’ῌρθη
1413 1064 1543 1137 γὰρ,
1574 1069 1666 1123 καὶ
1704 1072 1770 1124 ἐκ
1800 1071 1893 1142 μέ-

315 1168 410 1205 σου
442 1153 690 1220 γέγονεν.
718 1153 966 1209 Διδάσκει
995 1155 1051 1210 δὲ
1079 1157 1166 1211 διὰ
1188 1157 1411 1224 τούτων,
1437 1161 1519 1215 ὅτι
1551 1163 1898 1236 προσανῄρη-

310 1263 403 1298 ται
469 1249 587 1310 τοῖς
649 1247 1003 1314 Μωαϐίταις,
1057 1252 1153 1305 καὶ⁵
1212 1253 1245 1323 ἡ
1302 1252 1398 1307 τοῦ
1454 1254 1715 1312 δύνασθαί
1769 1276 1900 1314 ποτε

311 1341 596 1410 κρατῆσαι
626 1340 786 1395 πάλιν
816 1343 1012 1406 αὐτοὺς
1036 1343 1211 1409 ἐλπίς.
1239 1347 1301 1401 0i
1325 1346 1435 1419 γὰρ
1463 1349 1682 1415 ἀσεϐεῖς
1709 1353 1771 1406 ἐκ
1797 1354 1900 1425 γῆς

308 1430 624 1503 όλόρριζοι,
676 1432 871 1504 φησιν,
927 1434 1205 1497 όλοῦνταιέ
1268 1437 1413 1493 θείου
1469 1440 1527 1494 δὲ
1581 1443 1720 1508 ὅλως
1772 1447 1898 1500 ἑπι-

2002 522 2330 578 conculcans
2355 537 2520 592 super
2557 535 2781 578 terram.
2813 524 2912 591 Qui
2942 527 3108 593 enim,
3140 527 3337 597 inquit,
3371 542 3572 597 suppe-

2004 613 2108 669 tias
2151 614 2245 669 tibi
2278 628 2496 683 semper
2534 616 2677 679 tulit,
2710 615 3009 673 Moabiticze
3054 628 3209 673 terra:
3257 621 3567 689 praefectus,

2006 721 2135 761 acer
2154 717 2210 762 et
2229 706 2425 772 elatus,
2445 709 2535 778 qui
2562 718 2815 777 tauquam
2841 711 3115 780 pulverem
3145 712 3358 767 calcare
3382 712 3576 768 solitus

2001 810 2085 854 est
2106 813 2202 855 eos
2231 799 2323 870 qui
2370 800 2722 865 rebellarunt,
2757 802 2918 871 periit
2943 812 2997 857 et
3028 803 3259 858 interiit.
3298 803 3573 859 Estermi-

2005 901 2165 947 natus
2195 901 2282 947 est
2305 892 2451 947 enim
2502 903 2558 947 et
2606 893 2850 948 sublatus
2886 908 2918 949 e
2968 895 3164 949 medio.
3219 896 3385 951 Docet
3428 897 3573 951 enim

2005 983 2185 1052 hisce,
2227 983 2369 1054 quod
2408 985 2574 1039 etiam
2623 986 2694 1040 sit
2739 985 2918 1040 ablata
2962 996 3017 1040 et
3059 988 3283 1055 pratcisa
3324 984 3578 1044 Moabitis

2003 1090 2130 1146 spes
2165 1090 2325 1147 posse
2366 1075 2656 1147 aliquando
2711 1094 2898 1134 rursus
2943 1080 3248 1148 superiores
3295 1081 3575 1135 obtinere.

2001 1166 2158 1239 lmpii
2199 1170 2370 1236 enim,
2413 1169 2609 1240 inquit,
2649 1173 2908 1226 radicitus
2948 1172 3015 1226 de
3055 1181 3198 1226 terra
3243 1174 3575 1243 perdentur;

2007 1261 2188 1317 divina
2212 1272 2390 1317 autem
2414 1262 2492 1317 ira
2515 1263 2736 1318 omnino
2761 1265 3052 1328 insiliente,
3073 1265 3370 1333 cuiusmodi
3392 1275 3580 1333 erunt,

2006 1369 2195 1409 eorum
2218 1355 2308 1425 qui
2333 1353 2514 1411 amicti
2543 1366 2674 1411 sunt
2699 1356 2976 1428 reliquias?
3002 1357 3099 1414 Vel
3123 1359 3248 1430 quis
3271 1367 3580 1414 restaurare

2006 1457 2207 1517 potest,
2235 1447 2583 1504 subvertente
2610 1450 2754 1505 Deo?

312 1525 598 1597 πηδῶντος
625 1526 822 1599 θυμοῦ,
874 1530 1025 1584 ποῖον
1056 1528 1209 1585 ἔσται
1266 1532 1376 1588 τῶν
1436 1535 1780 1593 πεπονθότων
1840 1540 2127 1613 λείψανον;
2166 1541 2239 1595 Ἦ
2290 1540 2373 1605 τίς
2422 1542 2453 1595 ό
2496 1541 2801 1613 ἀναστῆσαι
2854 1542 3168 1615 δυνάμενος,
3218 1541 3355 1596 Θεοῦ
3413 1560 3586 1597 κατα·-

312 1624 644 1694 στρέψοντος
657 1641 673 1690 ς

379 1717 497 1770 Καὶ
567 1715 1025 1786 διορθωθήσεται
1075 1721 1205 1790 μετ’
1245 1722 1457 1792 ἐλέους
1501 1728 1735 1795 θρόνος.
1801 1729 1897 1785 καὶ

2072 1727 2237 1784 Vsus.
2262 1728 2317 1784 5.
2350 1727 2417 1783 Et
2471 1728 2734 1796 dirigetur
2788 1744 2906 1782 cum
2972 1728 3339 1782 misericordia
3367 1728 3578 1793 solium,

307 1808 604 1863 καθιεῖται
652 1810 747 1863 ἐπ’
786 1811 975 1866 αὐτοῦ
1034 1814 1184 1884 μετὰ
1231 1816 1518 1885 ἀληθείας
1575 1820 1646 1874 ἐν
1695 1822 1898 1893 σκηνῇ

2000 1831 2047 1875 et
2105 1820 2301 1876 sedebit
2347 1822 2402 1875 in
2425 1837 2485 1876 eo
2519 1836 2636 1874 cum
2673 1822 2888 1875 ueritate
2925 1821 2980 1875 in
3024 1821 3371 1874 tabernaculo
3415 1818 3579 1875 Dari-

306 1901 516 1965 Δαϐἲδ,
555 1902 779 1971 κρίνων
820 1904 917 1958 καί
952 1904 1208 1975 ἐκζητῶν
1248 1908 1446 1980 κρᾷια,
1478 1910 1578 1966 καὶ
1618 1913 1901 1970 σπεύδων

2017 1913 2082 1968 lis
2126 1913 2377 1984 judicans
2434 1924 2482 1970 et
2541 1913 2817 1985 exquirens
2861 1913 3153 1983 judicium,
3188 1922 3236 1967 et
3282 1911 3580 1967 accelernns

307 1995 738 2064 δικαιοσύνην.

396 2086 491 2139 Ἐν
529 2086 745 2152 τούτοις
784 2087 972 2159 σαφῶς
1013 2090 1408 2160 ὶπαγγέλλεται
1462 2094 1525 2148 τὸ
1553 2096 1903 2171 ἀπαλλαχθή-

312 2177 510 2232 σεσθαι
562 2178 727 2231 κατάι
756 2181 979 2250 καιροὺς
1033 2181 1124 2235 τὺν
1174 2183 1390 2255 Ἰσραὴλ
1472 2187 1571 2258 τῆς
1625 2189 1900 2261 ἀφορήτου

308 2271 714 2343 ταλαιπωρίας,
763 2272 861 2325 καὶ
901 2273 1010 2328 τῶν
1052 2275 1117 2328 ἐκ
1139 2273 1241 2343 τῆς
1282 2277 1658 2347 αἰχμαλωσίας
1692 2281 1899 2337 κακῶν.

310 2365 504 2437 Κύρου
560 2363 672 2436 γὰρ
717 2364 929 2429 ἑλόντος
977 2365 1077 2437 τὴν
1124 2366 1479 2423 Βαϐυλωνίων
1519 2372 1686 2443 ἀνέθη
1729 2372 1829 2443 μὲν
1874 2376 1903 2429 ό

325 2458 565 2530 Ἰσραὴλ,
594 2458 930 2530 ἀνεκομίσθη
954 2458 1012 2512 δὲ
1034 2459 1501 2532 κατοικτείροντος
1534 2461 1670 2516 Θεοῦ
1696 2466 1777 2527 εἰς
1803 2466 1902 2537 τὴν

315 2549 479 2617 ἁγίαν
509 2549 685 2613 πόλιν,
715 2550 1034 2620 ἡγουμένων
1067 2550 1387 2622 Ζωροϐἀϐελ
1412 2553 1506 2606 τοῦ
1527 2554 1819 2627 Σαλαθιήλ,
1844 2556 1903 2621 ὃς

318 2639 388 2712 ἦν
411 2645 478 2696 ἐκ
506 2642 678 2713 φυλῆς
711 2641 881 2696 Ἰούδα
907 2641 1001 2696 καὶ
1026 2642 1208 2708 Δαϐὶδ,
1240 2644 1335 2698 καὶ
1360 2645 1459 2716 μέν
1486 2663 1567 2700 τοι
1592 2646 1688 2701 καὶ
1730 2647 1902 2720 Ἰησοῦ

325 2735 420 2786 τοῦ
442 2734 686 2788 Ἰωσεδὲκ
718 2734 814 2788 τοῦ
850 2734 1040 2807 ἱερέως
1070 2735 1164 2789 τοῦ
1199 2737 1457 2807 μεγάλου.
1487 2739 1546 2793 '0
1574 2740 1753 2794 τοίνυν
1777 2740 1904 2813 θρό-

333 2841 445 2885 νος,
479 2828 628 2895 φησι,
652 2825 797 2879 τοῦτ’
826 2826 994 2890 ἔστιν,
1024 2829 1057 2899 ἡ
1090 2828 1241 2900 παρά
1277 2832 1391 2892 τοῖς
1433 2831 1706 2897 Ἰουδαίοις
1752 2833 1906 2904 βασι-

332 2917 473 2980 λεία,
499 2918 912 2991 διοροωθήσεται
946 2920 1085 2990 μετά
1105 2921 1307 2985 ἐλέους,
1330 2923 1475 2976 τοῦτ’
1504 2924 1672 2990 ἔστιν,
1703 2928 1782 2990 εἰς
1809 2926 1906 2998 τὴν

323 3012 534 3065 οἰκείαν
563 3012 820 3083 ἐπανήξει
859 3013 1033 3080 τάξιν,
1074 3016 1539 3087 κατοικτείροντος
1569 3016 1728 3071 Θεοῦ.
1757 3019 1908 3073 Καθ-

324 3107 482 3158 ιείται
502 3104 560 3158 δὲ
586 3106 749 3159 πάλιν
777 3107 863 3160 ἐπ’
891 3104 1056 3159 αὐτοῦ
1089 3107 1207 3176 μετ’
1230 3084 1489 3180 ἀληθείας
1519 3112 1577 3164 ὲν
1606 3113 1776 3183 σκηνῇ
1808 3113 1911 3166 Δα-
1935 3084 1978 3143 C

324 3200 434 3266 ϐἰδ,
477 3200 683 3273 κρίνων
732 3201 825 3253 καὶ
867 3199 1143 3270 ἐπιζητῶν
1176 3203 1369 3272 κρῖμα.
1412 3202 1522 3255 Kal
1569 3202 1794 3276 σκηνὴν,
1832 3204 1909 3269 ὡς

325 3291 519 3356 ἔοικεν,
550 3292 808 3363 ὀνομάζει
840 3291 910 3347 τά
945 3291 1212 3362 βασίλεια,
1248 3294 1305 3346 ὲν
1336 3287 1419 3356 οἷς
1459 3293 1773 3365 ποιούμενοι
1808 3294 1910 3359 τὰς

320 3384 606 3457 διατριϐὰς
621 3384 888 3449 ἐδίκαζον,
908 3384 1145 3454 ἐννόμως
1163 3384 1359 3446 αὐτοὺς
1378 3383 1502 3447 τοὺς
1520 3385 1618 3453 τῆς
1635 3383 1911 3453 βασιλείας

319 3478 608 3541 διέποντας
637 3477 857 3540 θάκους.
884 3476 994 3530 Kal
1022 3476 1083 3529 τό
1115 3492 1178 3544 γε
1206 3470 1342 3548 ἧκον
1365 3478 1445 3538 εἰς
1464 3474 1526 3528 τὸ
1551 3474 1671 3545 Θεῷ
1694 3475 1907 3541 δοκοῦν,

318 3570 656 3641 ἐπιμεληταὶ
686 3567 1032 3640 δικαιοσύνης
1060 3567 1367 3635 γεγόνασιν,
1395 3568 1444 3620 εἰ
1472 3566 1687 3636 καὶτῆς
1709 3566 1911 3639 ἀρετῆς

317 3660 735 3734 διημαρτήκασί
774 3677 937 3724 τινες,
992 3658 1415 3722 ἀπονενευκότες
1468 3659 1562 3711 ἐπὶ
1600 3660 1667 3713 τὰ
1725 3660 1909 3730 χείρω.

329 3755 536 3809 ’ἰστέον
574 3753 632 3807 δὲ
670 3755 752 3807 ὅτι
784 3753 919 3824 μετά
949 3752 1048 3823 τὴν
1078 3753 1144 3805 ἐκ
1168 3752 1266 3823 τῆς
1287 3750 1605 3813 Βαϐυλῶνος
1632 3751 1909 3816 ἐπάνοδον,

318 3846 516 3901 οὐκέτι
545 3846 891 3917 διῃρημένως
937 3845 1322 3915 κατῳκήκασιν
1372 3843 1422 3897 oi
1460 3840 1521 3908 ἐξ
1564 3842 1803 3914 Ἰσραὴλ,
1837 3842 1914 3906 ὼς

318 3937 468 3995 εἶναι
512 3940 613 4010 μὲν
655 3941 716 3992 ὲν
758 3941 825 4009 τῇ
865 3936 1148 4009 Σαμαρείᾳ
1189 3937 1288 4000 τὰς
1325 3935 1459 3990 δέκα
1491 3934 1682 4006 φυλὰς,
1723 3934 1818 3988 καὶ
1853 3934 1915 3988 τὸ

315 4036 503 4104 ἣμισυ
533 4031 706 4101 φυλῆς
739 4029 999 4101 Ἐφραῗμ,
1028 4029 1402 4101 βασιλεύοντος
1429 4029 1516 4082 ἐπ’
1538 4028 1725 4093 αὐτοῖς
1747 4044 1911 4092 τινος,

318 4130 385 4182 ὲν
439 4126 499 4180 ss
550 4126 663 4189 τοῖς
706 4122 1098 4196 Ἰεροσολύμοις
1131 4122 1230 4195 τὴν
1275 4122 1446 4177 Ἰούδα
1490 4121 1680 4193 φυλὴν,
1727 4120 1821 4175 καὶ
1854 4120 1915 4174 τὸ

317 4223 507 4292 ἥμισυ
532 4218 704 4288 φυλῆς
740 4217 1027 4287 Μανασσῆ,
1056 4216 1218 4270 πάλιν
1250 4216 1440 4288 ἑτέρου
1471 4216 1565 4269 καὶ
1594 4213 1777 4276 ἱδικῶς
1817 4213 1915 4285 βα·

323 4310 640 4374 σιλεύοντός
666 4328 810 4373 τινος
836 4311 923 4363 ἐπ’
944 4310 1144 4371 αὐτῶν,
1176 4307 1291 4362 ἀλλ’
1312 4311 1392 4373 είς
1418 4308 1547 4378 μίαν
1578 4306 1915 4377 συνενεχθέν-

319 4421 422 4467 τες
450 4403 712 4466 διάνοιαν,
737 4402 1123 4472 κατῳκήκασιν
1154 4397 1290 4470 ὁμοῦ
1314 4398 1386 4452 τὰ
1414 4397 1780 4469 Ἰεροσόλυμα,
1816 4397 1914 4451 ενα

561 4455 807 4565 χρίοντες
854 4455 1096 4563 βασιλέα.
1138 4455 1245 4545 Kal
1281 4489 1440 4544 τοῦτο
1475 4455 1544 4562 ἦν
1585 4455 1695 4561 ἄρα
1736 4455 1797 4544 τδ
1827 4488 1919 4543 διὰ
1948 4455 1990 4511 D

325 4586 525 4657 φωνῆς
563 4583 844 4654 προφήτου
870 4582 999 4651 περὶ
1024 4581 1204 4636 αὐτῶν
1232 4579 1537 4653 εἰρημένον
1578 4579 1690 4633 Kal
1719 4578 1922 4650 ἀναϐήν

327 4694 522 4734 σονται
552 4678 617 4729 ὲκ
656 4676 756 4746 τῆς
780 4676 904 4745 γῆς,
936 4675 1028 4727 καὶ
1056 4674 1354 4727 κοπάσουσι
1392 4671 1588 4744 μικρὸν
1627 4670 1722 4725 ⁸ιόῦ
1749 4671 1924 4742 χρίειν

329 4770 563 4842 βασιλέα
619 4768 716 4822 καὶ
766 4766 1022 4838 ἄρχοντα.
1070 4765 1215 4836 Πλὴν
1269 4766 1610 4836 ὑπισχνεῖται
1647 4763 1780 4827 Θεὸς
1827 4761 1922 4816 τοῦ

329 4864 497 4937 παρὰ
528 4866 640 4927 τοῖς
670 4862 944 4924 Ἰουδαίοις
967 4859 1157 4932 θρόνου
1182 4860 1280 4931 τὴν
1306 4858 1702 4931 ἐπανόρθωσιν,
1740 4873 1927 4928 μονον-

328 4957 461 5026 ουχὶ
483 4952 861 5019 κατονειδίζων
880 4954 981 5023 τὴν
1005 4951 1200 5006 Μωάϐ.
1231 4950 1590 5021 Πεφλυάρηκε
1616 4950 1714 5022 μὲν
1737 4949 1926 5018 λέγου-

333 5066 437 5112 σα,
466 5047 549 5102 ὅτι
589 5047 770 5118 Πέτρα
796 5045 1001 5118 ἔρημός
1031 5047 1146 5098 ἐστι
1183 5043 1243 5097 τὸ
1286 5043 1412 5111 ὅρος
1444 5041 1601 5096 Σιών.
1641 5041 1803 5095 Ἀλλά
1846 5057 1927 5094 σοι

338 5140 469 5211 μὲν,
500 5139 656 5210 φησὶ,
693 5138 852 5191 τοῦτο
880 5138 1103 5191 κάκεῖνο
1137 5136 1477 5206 συμϐήσεται
1509 5134 1684 5189 πλατὺ
1711 5131 1926 5205 γελώσῃ

335 5231 494 5287 κατά
528 5232 636 5285 τῶν
676 5230 736 5297 ἐξ
777 5230 1013 5302 Ἰσραήλ.
1046 5228 1183 5293 Τοὺς
1209 5229 1266 5281 δὲ
1291 5228 1467 5300 πάντη
1497 5244 1556 5281 τε
1586 5227 1682 5280 καὶ¹
1713 5226 1929 5289 πάντως

338 5324 562 5395 ελεήσει
609 5322 762 5390 Θεὸς,
805 5324 899 5377 καὶ
945 5322 1133 5394 ἀνήσει
1182 5319 1280 5391 μὲν
1320 5318 1429 5373 τῶν
1482 5316 1926 5389 συμϐεϐηκότων·

338 5418 790 5486 ἀποκαταστήσει
818 5415 875 5469 δὲ
896 5414 1031 5488 πρὸς
1060 5414 1122 5467 τὸ
1155 5412 1213 5465 ὲν
1235 5414 1434 5485 ἀρχαῖς
1463 5410 1562 5483 τὴν
1587 5410 1717 5482 παρ’
1750 5411 1931 5476 αὐτοῖς

342 5508 625 5581 βασιλείαν
668 5507 1071 5582 ἐπανορθῶσαι.

428 5604 804 5676 Ἠκούσαμεγ
842 5602 958 5673 τὴν
998 5602 1169 5672 ὕϐριν
1212 5599 1408 5668 Μωὰϐ,
1462 5596 1751 5669 ὑϐριστὴς
1781 5599 1934 5668 σφό-

348 5698 483 5766 δρα.

423 5791 901 5867 ιιροαναςωνὴσας
932 5785 989 5844 εὖ
1021 5788 1162 5861 μάλα
1202 5786 1297 5859 τὴν
1329 5786 1392 5840 ἐκ
1426 5783 1522 5857 τῆς
1560 5782 1933 5855 αἰχμαλωσίας

1993 2006 2264 2077 justitiam

2071 2096 2128 2152 lu
2161 2097 2281 2153 istis
2319 2096 2502 2153 verbis
2545 2104 2731 2166 aperte
2771 2095 3132 2166 promittitur,
3159 2096 3412 2152 Israelem
3464 2097 3580 2151 suis

2005 2187 2336 2255 temporibus
2382 2202 2414 2241 a
2480 2201 2585 2241 non
2639 2185 2858 2241 ferenda
2927 2185 3243 2241 infelicitate
3318 2184 3582 2255 malisque

2003 2279 2201 2349 quibus
2258 2281 2311 2334 in
2363 2279 2680 2351 captivitate
2740 2293 3030 2347 oppressus
3079 2289 3218 2342 erat,
3279 2293 3399 2333 esse
3447 2278 3583 2334 libe-

2006 2372 2254 2447 randum.
2283 2371 2418 2427 Cum
2490 2372 2634 2428 enim
2686 2371 2861 2442 Cyrus
2915 2371 3264 2442 Babyloniam
3324 2371 3582 2443 cepisset,

2004 2465 2264 2521 liberatus
2317 2473 2403 2521 est
2455 2464 2619 2520 Israel
2658 2464 3024 2534 reductusque
3071 2474 3153 2520 est
3197 2464 3307 2519 Deo
3357 2468 3583 2520 commi-

2004 2565 2222 2615 serante
2272 2558 2324 2614 in
2370 2568 2611 2613 sanctam
2644 2558 2945 2623 civitatem,
2984 2559 3211 2614 ducibus
3248 2558 3586 2615 Zorobabelo

2007 2651 2118 2707 lilio
2165 2649 2450 2715 Salatbiel,
2487 2651 2579 2720 qui
2617 2660 2733 2707 erat
2771 2666 2838 2706 ex
2912 2650 3052 2705 tribu
3088 2647 3226 2704 Jnda
3278 2660 3332 2706 et
3390 2651 3579 2718 David,

2006 2753 2061 2800 et
2112 2743 2239 2801 Iesu
2295 2743 2404 2799 lilio
2460 2742 2726 2799 Josedecb
2785 2758 2977 2811 magno
3023 2744 3326 2798 sacerdote.
3372 2744 3580 2799 Solium

2006 2837 2195 2907 igitur,
2217 2835 2491 2906 inquit,id
2537 2833 2956 2901 e5t,Judaicum
3026 2850 3250 2904 regnum
3320 2837 3588 2892 instaura-

2006 2926 2156 2981 bitur
2178 2942 2301 2982 cum
2341 2925 2733 2990 misericordia,
2764 2925 2817 2980 id
2847 2934 2950 2990 est,
2988 2924 3041 2979 in
3072 2941 3227 2980 snmu
3264 2928 3416 2996 quasi
3458 2943 3585 2996 prn-

2008 3018 2185 3086 prium
2235 3025 2434 3071 statum
2475 3032 2540 3070 ac
2571 3015 2884 3086 dignitatem
2926 3015 3241 3071 restituetur
3293 3017 3589 3073 miserante

2010 3110 2122 3165 Deo
2148 3127 2164 3164 :
2193 3118 2248 3165 et
2274 3108 2531 3165 residebit
2567 3109 2746 3164 denuo
2779 3108 2831 3163 iu
2879 3122 2945 3164 eo
2986 3123 3109 3162 cum
3160 3111 3411 3173 veritate,
3452 3122 3508 3165 et
3535 3111 3588 3165 in

2009 3202 2356 3258 tabernaculo
2402 3201 2592 3268 David,
2612 3200 2861 3272 judicans
2887 3210 2944 3257 et
2989 3202 3267 3270 vestigans
3298 3201 3586 3272 judicium.

2010 3296 2076 3352 Et
2123 3294 2532 3352 tabernaculum
2561 3302 2620 3349 ut
2652 3293 2863 3350 videtur
2914 3295 3161 3350 nominat
3205 3294 3589 3350 basilicas.seu

2011 3389 2209 3459 regias,
2252 3387 2304 3442 in
2343 3386 2539 3457 quibus
2576 3387 3056 3441 commorabantur
3102 3385 3403 3458 judicantes
3456 3384 3597 3457 legi»

2010 3481 2138 3535 time
2182 3494 2276 3535 eos
2299 3479 2391 3549 qui
2428 3478 2610 3533 sedem
2644 3478 2792 3549 regni
2824 3478 3296 3534 administrabant.
3330 3477 3397 3533 Et
3448 3478 3591 3548 quod

2009 3573 2076 3627 ad
2113 3572 2204 3629 Dei
2246 3572 2577 3626 voluntatem
2627 3571 2840 3637 attinet,
2876 3567 3105 3637 justitize
3142 3569 3380 3624 cultores
3426 3569 3594 3623 exsti-

2012 3673 2193 3719 terunt
2244 3662 2457 3718 etiamsi
2499 3676 2530 3716 a
2572 3661 2771 3716 virtute
2812 3661 3189 3716 aberraverint
3246 3660 3493 3732 quidam,
3524 3660 3592 3713 ad

2014 3753 2285 3809 deteriora
2359 3752 2714 3808 declinantes.
2760 3749 3052 3806 Sciendum
3102 3761 3282 3806 autem
3323 3758 3409 3809 est
3475 3756 3596 3821 post

2014 3845 2247 3901 reditum
2288 3858 2319 3898 e
2369 3842 2661 3914 Babylone,
2713 3855 2819 3896 non
2876 3841 2987 3912 jam
3047 3840 3262 3896 divisim
3324 3842 3597 3896 habitasse

2014 3935 2308 4000 lsraelitas,
2351 3943 2410 3987 ut
2457 3932 2720 3989 Samaria:
2785 3932 2974 3988 decem
3034 3934 3210 3989 tribus
3270 3941 3327 3989 et
3372 3933 3596 3987 dimidia

2015 4030 2186 4084 tribus
2268 4026 2525 4098 Epltraim
2606 4034 2812 4092 essent,
2875 4025 3222 4096 imperitante
3293 4023 3399 4080 illis
3464 4040 3594 4086 uno.

2015 4119 2404 4192 Hierosolymis
2435 4125 2618 4175 autem
2647 4118 2824 4174 tribus
2848 4117 3006 4185 Juda,
3027 4127 3079 4173 et
3106 4117 3387 4173 dimidium
3422 4116 3598 4171 tribus

2014 4213 2491 4280 Manassis,rursus
2502 4212 2752 4283 privatim
2773 4221 3027 4282 regnante
3040 4210 3209 4266 altero
3229 4229 3244 4264 :
3262 4210 3356 4264 sed
3368 4210 3421 4264 in
3434 4225 3595 4264 uuam

2014 4315 2246 4363 mentem
2289 4304 2502 4361 conﬂati
2547 4320 2611 4362 ac
2655 4306 3049 4375 conspirantes,
3083 4302 3386 4359 incolebant
3438 4303 3601 4358 simul

2018 4398 2410 4470 Hierosolyma,
2429 4414 2594 4453 unum
2612 4413 2770 4470 porro
2795 4411 2973 4468 regem
2994 4397 3334 4467 inuugentes.
3354 4395 3463 4451 lloc
3482 4405 3600 4451 erat

2029 4491 2282 4547 videlicet
2334 4490 2503 4562 256
2551 4504 2682 4545 voce
2739 4488 3011 4559 prepbetze
3066 4487 3133 4542 de
3197 4486 3304 4542 illis
3359 4488 3599 4542 dictum:

2027 4579 2094 4635 Et
2152 4583 2450 4635 ascendent
2512 4579 2578 4633 de
2629 4588 2794 4640 terra,
2825 4584 2880 4631 et
2920 4574 3243 4631 laborabunt
3301 4576 3599 4646 paululum,

2027 4676 2276 4741 tingendo
2318 4685 2501 4742 regem
2533 4677 2588 4723 et
2615 4667 2937 4739 principem.
2963 4666 3162 4723 Verum
3206 4668 3477 4738 pollicitus
3519 4678 3604 4722 est

2030 4765 2174 4820 Deus
2232 4762 2441 4819 Juduici
2492 4759 2675 4816 tbroui
2723 4759 3190 4828 instaurationem,
3229 4771 3438 4815 tantum
3497 4774 3602 4812 non

2029 4858 2223 4927 probra
2253 4858 2306 4912 in
2339 4854 2497 4911 Moab
2519 4852 2749 4926 iaciens.
2796 4854 3105 4910 Scommata
3135 4853 3278 4908 enim
3311 4853 3399 4908 illa
3423 4852 3603 4916 torsit,

2030 4954 2247 5008 dicens:
2296 4950 2453 5006 Petra
2512 4949 2726 5004 deserta
2768 4958 2855 5003 est
2914 4962 3068 5002 mons
3132 4945 3284 5002 Sion.
3340 4945 3453 4999 lmo
3484 4946 3605 5010 tibi,

2030 5046 2207 5116 inquit
2234 5044 2345 5106 ille,
2407 5042 2551 5099 istud
2603 5041 2898 5112 continget,
2942 5055 3061 5109 quae
3096 5039 3267 5094 hianti
3317 5053 3382 5094 ac
3453 5035 3608 5106 largo

2028 5154 2124 5195 ore
2182 5138 2329 5195 rides
2362 5136 2636 5194 lsraelitas
2667 5152 2682 5192 :
2716 5134 2907 5190 horum
2952 5148 3078 5189 vero
3111 5146 3334 5203 prorsus
3369 5131 3610 5202 penitus~

2030 5246 2137 5303 que
2171 5229 2516 5287 miserebitur
2569 5229 2731 5295 Deus,
2752 5234 2807 5282 et
2851 5241 2919 5281 ex
2968 5225 3054 5281 bis
3106 5239 3227 5296 qua:
3290 5223 3609 5279 acciderunt

2033 5325 2301 5381 recreabit
2341 5338 2406 5380 ac
2433 5321 2717 5389 relaxabit,
2757 5327 2813 5376 ct
2852 5319 2903 5373 in
2937 5317 3215 5387 antiquam
3244 5315 3610 5373 conditionem

2034 5416 2260 5488 rediget,
2303 5428 2525 5487 regnum
2573 5428 2763 5469 eorum
2811 5409 3180 5468 reformando.

2118 5593 2282 5649 Vsus.
2342 5591 2397 5650 6.
2456 5589 2770 5646 Audiuimus
2843 5588 3141 5659 superbiant
3232 5586 3417 5653 Moab,
3462 5584 3613 5640 valde

2035 5683 2438 5742 contumeliosus
2476 5692 2574 5737 est.

2107 5779 2241 5835 Cum
2282 5774 2636 5834 dcclaraverit
2673 5774 2925 5848 superius
2968 5773 3198 5832 reditunt
3250 5767 3609 5827 lsraclitarum
