3962 6216
426 353 517 408 HI

1420 356 1476 410 S.
1524 352 1798 410 CYlllLLl
1839 351 2305 410 ALEXANDRINI
2348 346 2666 404 ARCHIEP.

3576 338 3678 393 ΗΞ

424 483 455 521 e
504 469 1002 539 captivitate,jnxta
1063 469 1211 539 prius
1267 472 1566 539 expositam
1622 473 1908 536 rationem,
1940 482 1995 525 et

2118 468 2354 522 ,πάνοδον
2388 467 2497 520 τῶν
2535 466 2593 533 ἐξ
2623 463 2861 537 Ἰσραὴλ,
2898 464 2994 517 καὶ
3026 464 3109 516 ὅτι
3135 462 3296 518 πάλιν
3321 460 3677 531 άναφοίτησις

425 563 566 630 quod
645 562 839 616 iterum
909 562 975 614 ad
1033 571 1267 615 veterem
1345 561 1571 617 formam
1642 564 1992 634 principatus,

2118 566 2245 619 ῗσται
2279 564 2419 637 πρὸς
2449 563 2509 617 τὸ
2532 563 2757 632 ἀρχαῖον
2784 559 2885 629 τῆς
2919 560 3049 629 παρ’
3076 559 3261 621 αὑτοῖς
3290 556 3485 627 ἀρχῆς,
3513 556 3681 626 ἤγουν

427 653 678 707 nimirum
729 653 876 717 regni
931 653 1192 721 ipsorum,
1245 651 1427 709 futura
1486 654 1559 709 sit
1608 655 1822 721 reditio,
1856 656 1996 709 reci-

425 746 501 807 pit
564 757 623 798 se
666 743 731 797 de
775 744 982 813 integro
1036 747 1102 799 ad
1146 745 1321 812 Moab,
1350 747 1415 800 ad
1461 761 1663 817 eosque
1691 762 1995 802 sermonem

427 834 706 887 transfert.
751 834 961 889 Dictum
1036 845 1120 890 est
1172 847 1351 893 autem
1415 838 1558 892 velut
1640 854 1706 894 ex
1764 853 1995 908 persona

427 935 736 978 Sanctorum
807 926 1190 995 prophetarum
1245 928 1416 983 illud:
1472 930 1788 985 Audivimus
1852 932 1999 984 inso-

428 1017 643 1071 lentiam
700 1017 878 1080 Moab,
918 1020 1072 1073 Valde
1112 1019 1349 1076 insolens
1375 1031 1475 1077 est.
1506 1022 1826 1078 Collaudant
1852 1024 1996 1077 enim

428 1124 525 1175 per
558 1109 671 1164 haec
703 1110 865 1164 veluti
911 1111 963 1165 in
1014 1111 1219 1179 judicio
1273 1114 1579 1182 punientem
1635 1112 2000 1177 Deum,debi-

431 1214 651 1271 tumque
717 1218 782 1257 ac
817 1204 1036 1273 dignum
1112 1204 1222 1260 illis
1278 1205 1597 1261 inferentem
1655 1207 1996 1275 supplicium.

427 1292 660 1348 Audisse
684 1308 744 1355 se
777 1295 963 1349 dicunt
998 1296 1336 1353 insolentiam
1375 1296 1550 1362 Moab,
1581 1300 1812 1367 primum
1856 1300 2000 1355 illaut

433 1385 852 1441 vetustissimam
936 1387 1217 1442 historiam
1282 1404 1388 1443 non
1450 1389 1784 1458 ignorantes.
1833 1407 1997 1461 quam

431 1478 646 1532 divinus
715 1477 889 1532 Moses
946 1483 1185 1550 exponit.
1236 1480 1310 1537 Ut
1348 1474 1492 1536 enim
1536 1497 1697 1550 supra
1746 1484 2001 1550 diximus,

429 1571 689 1624 conduxit
725 1571 1032 1625 Balaatnnm
1081 1571 1368 1639 Balachus,
1409 1575 1574 1638 Ades,
1602 1576 1873 1645 inquiens,
1903 1592 2003 1630 ex-

432 1677 647 1717 secrare
700 1664 829 1718 mihi
884 1662 1160 1730 lsraelem,
1190 1675 1247 1720 et
1290 1678 1549 1737 praeterea
1609 1669 2004 1739 quamplurima

431 1754 574 1812 facta
628 1766 752 1812 sunt
807 1757 1037 1820 olim,ex
1065 1757 1203 1813 fastu
1242 1774 1305 1813 ac
1334 1761 1586 1827 superbia
1617 1760 2001 1825 Moabitarum,

433 1863 553 1905 cum
606 1848 785 1904 divina
821 1851 1099 1916 majestate
1144 1854 1452 1922 pugnantia.

503 1936 812 2003 Superbiam
868 1939 1081 1994 sustuli.

534 2028 747 2085 Sanctis
843 2032 1119 2101 prophetis
1200 2032 1555 2088 disertissime
1628 2034 2009 2092 confitentibus

434 2117 702 2174 audivisse
754 2135 813 2174 se
863 2120 1204 2175 insolentiam
1260 2121 1583 2187 Moabitidis,
1629 2132 1688 2179 et
1756 2126 1898 2180 scire
1946 2141 2006 2181 se

434 2210 591 2266 valde
648 2212 961 2267 insolentem
1012 2214 1183 2282 ipsam
1237 2229 1379 2278 esse,
1414 2231 1480 2270 ex
1510 2217 1739 2273 adverso
1776 2232 2005 2287 respon-

435 2301 527 2356 det
577 2300 734 2366 Deus,
767 2311 823 2356 et
861 2304 973 2356 ait:
1017 2302 1333 2373 Superbiam
1373 2307 1587 2373 sustuli,
1622 2308 1724 2363 hoc
1755 2319 1858 2375 est,
1901 2324 2006 2364 non

438 2394 655 2461 quidem
714 2394 1028 2464 simpliciter
1092 2396 1379 2453 fastuoaam
1442 2398 1631 2464 Maab,
1683 2401 1777 2456 sed
1843 2400 2007 2455 veluti

439 2486 611 2555 rt-ipsa
671 2484 864 2540 fastum
923 2498 976 2541 et
1010 2489 1180 2558 ipsam
1233 2488 1574 2543 insolentiam
1614 2490 1849 2545 emedio
1900 2491 2010 2546 tol-

438 2579 648 2633 lendam
689 2583 891 2634 curavi.
937 2579 1137 2634 Bellum
1176 2581 1319 2635 enim
1372 2595 1501 2651 gero
1556 2596 1677 2637 cum
1737 2582 2007 2651 superbis,

436 2681 489 2725 et
530 2687 705 2742 pugno
759 2688 883 2729 cum
926 2674 1010 2728 bis
1044 2674 1133 2742 qui
1189 2674 1254 2729 de
1283 2687 1343 2728 se
1395 2674 1638 2730 modeste
1671 2676 1876 2730 sentire
1920 2689 2012 2729 no-

440 2764 574 2826 lunt,
603 2766 709 2819 imo
743 2764 941 2820 frustra
976 2767 1359 2831 intumescunt,
1390 2778 1445 2820 et
1467 2766 1576 2821 alte
1608 2766 1798 2820 tollunt
1819 2782 2010 2837 super-

439 2855 645 2920 cilium,
700 2871 916 2926 snmqne
992 2866 1197 2911 naturae
1265 2856 1509 2929 ignorant
1565 2858 2007 2914 imbecillitatem.

440 2947 711 3016 Scriptum
760 2961 843 3003 est
879 2958 1054 3004 autem
1090 2950 1229 3018 '3'”,
1272 2952 1413 3021 quod
1462 2951 1718 3007 Dominus
1760 2953 2011 3021 superbis

440 3038 663 3092 resistit.
716 3040 914 3094 Deinde
960 3041 1160 3097 ducens
1190 3044 1332 3111 quod
1369 3042 1514 3109 justo
1545 3044 1750 3112 puniat,
1790 3055 1847 3097 et
1881 3044 2011 3098 sim-

2099 657 2398 728 βασιλείας,
2438 657 2685 709 ἐπάνεισι
2717 652 2875 706 πάλιν
2922 652 3014 706 ἐπὶ
3052 652 3151 722 τὴν
3183 649 3379 710 Μωὰϐ,
3423 647 3519 701 καὶ
3555 645 3683 717 μεθ-

2101 750 2310 821 ίστησιν
2349 748 2433 801 ἐπ’
2467 747 2664 809 αὐτοὺς
2685 745 2778 798 τὸν
2808 744 2983 813 λόγον.
3013 741 3241 814 Εἴρηται
3289 741 3345 794 δὲ
3394 738 3582 809 ὥσπερ
3616 739 3683 789 ἐκ

2099 840 2389 912 προσώπου
2413 840 2522 893 τῶν
2556 837 2724 906 ά.γίων
2752 834 3065 909 προφητῶν,
3105 833 3187 894 τὸ,
3223 832 3564 902 Ἠκούσαμεν
3583 829 3684 900 τὴν

2100 935 2257 1005 ὓϐριν
2300 932 2495 995 Μωὰϐ,
2539 929 2796 1000 ὑϐριστὴς
2839 929 3057 999 σφόδρα,
3092 925 3408 979 Συναινοῦσι
3454 923 3560 994 γάρ
3596 923 3685 976 διὰ

2099 1029 2323 1086 τούτων,
2353 1026 2430 1089 ὼς
2467 1025 2527 1076 ὲν
2570 1022 2695 1094 δίκῃ
2739 1021 3022 1083 κολάζοντι
3055 1019 3133 1091 τῷ
3163 1016 3303 1088 Θεῷ,
3327 1016 3686 1086 ὀφειλομένην

2100 1135 2161 1172 τε
2190 1119 2282 1171 καὶ
2322 1117 2638 1186 πρέπουσαν
2673 1113 2853 1175 αὑτοῖς
2887 1110 3232 1179 ἐπενεγκόντι
3258 1106 3355 1178 τὴν
3391 1107 3683 1176 τιμωρίαν.

2118 1207 2441 1278 Ἀκηκοέναι
2487 1205 2545 1259 δέ
2580 1222 2712 1275 φασι
2754 1203 2853 1275 τὴν
2897 1201 3055 1270 ὓϐριν
3086 1198 3283 1259 Μωάϐ.
3330 1197 3545 1269 πρῶτον
3588 1196 3686 1267 μὲν

2103 1300 2203 1371 τὴν
2237 1296 2606 1369 ἀρχαιοτάτην
2652 1295 2868 1363 ἐκείνην
2910 1292 3150 1362 ἱστορίαν
3196 1290 3295 1343 οὑκ
3333 1291 3681 1358 ἠγνοηκότες,

2105 1393 2172 1463 ἢν
2217 1392 2247 1445 ὁ
2279 1388 2567 1451 θεσπέσιος
2598 1388 2890 1457 ὰφηγεῖται
2913 1384 3137 1453 Μωσῆς.
3179 1382 3267 1443 Ὧς
3300 1379 3409 1451 γὰρ
3447 1378 3683 1447 φθάσαν·
3732 1404 3735 1407 -

2103 1501 2197 1548 τες
2238 1482 2486 1553 εἴπομεν,
2528 1476 2923 1550 κατεμισθοῖηο
2966 1476 3057 1529 τὸν
3109 1473 3337 1543 Βαλαὰμ
3389 1474 3417 1525 ό
3458 1470 3684 1523 Βαλάκο
3728 1484 3731 1487 ‘

2106 1576 2300 1648 Δεῦρο,
2344 1574 2540 1641 λέγων,
2580 1570 2854 1643 ἐπάρασαί
2904 1586 2993 1639 μοι
3031 1568 3122 1621 τὸν
3175 1565 3408 1637 Ἰσραήλ.
3454 1563 3688 1616 Πλεῖστα

2105 1668 2163 1722 δὲ
2206 1668 2306 1721 ὅσα
2344 1665 2481 1736 πρὸς
2530 1662 2687 1715 τοῦτο
2725 1660 3038 1729 πέπρακται
3085 1655 3228 1710 κατὰ
3273 1654 3493 1725 καιροὺς
3538 1650 3690 1722 παρά

2107 1759 2207 1829 τῆς
2256 1755 2567 1813 Μωαϐιτῶν
2622 1751 2927 1825 ὑπεροψίας
2971 1752 3037 1820 τῇ
3089 1747 3185 1801 τοῦ
3227 1745 3364 1800 Θεοῦ
3406 1744 3689 1816 μαχόμενα

2035 1817 2079 1872 Β
2105 1817 2251 1920 δόξη.

2182 1942 2304 2004 Τὴν
2330 1938 2749 2009 ὑπερηφανίαν
2772 1934 2982 2006 ἐξῆρα.

2177 2035 2297 2087 Τῶν
2341 2033 2511 2102 ἁγίων
2545 2029 2840 2103 προφητῶν
2875 2025 3252 2099 ἐναργέστατα
3288 2020 3691 2092 διωμολογηκὸ-

2106 2144 2236 2191 των,
2277 2125 2573 2196 ἀκηκοέναι
2610 2140 2670 2174 τε
2715 2121 2814 2192 τὴν
2851 2120 3009 2190 ὓϐριν
3051 2117 3257 2182 Μωὰϐ,
3289 2115 3490 2169 ειδέναι
3520 2131 3577 2166 τε
3606 2116 3689 2167 ὅτι

2109 2220 2204 2272 καὶ
2234 2218 2439 2289 σφόδρα
2466 2217 2613 2269 ἐστὶν
2635 2213 2920 2286 ὑϐριστὴς,
2950 2210 3405 2282 ἀνταποκρίνεται
3436 2207 3568 2271 Θεὸς
3596 2205 3690 2259 καί

2110 2327 2263 2381 φηςιν
2293 2309 2403 2380 Τὴν
2424 2306 2804 2377 ὑπερηφανίαν
2830 2304 3019 2376 ἐξῆρα·
3040 2302 3188 2356 τοῦτ’
3217 2301 3384 2365 ἐστιν,
3412 2300 3510 2370 οὑχ
3534 2300 3697 2369 ὑπέρ-

2109 2418 2270 2455 οπτον
2326 2398 2514 2463 ἁπλῶς
2568 2394 2735 2451 οὖσαν
2792 2396 2892 2469 τὴν
2960 2394 3155 2457 Μωὰϐ,
3219 2393 3333 2447 ἀλλ’
3395 2387 3506 2446 οἷον
3559 2392 3694 2445 αὑτὸ

2111 2496 2301 2566 χρῆμα
2336 2490 2634 2561 γενομένην
2659 2488 2956 2561 ὑπεροψίαν
2981 2489 3045 2542 ἐκ
3073 2488 3238 2559 μέσου
3268 2484 3521 2555 γενέσθαι
3553 2499 3695 2556 παρ-

2110 2586 2403 2640 εσκεύασα.
2449 2582 2676 2655 Πολεμῶ
2706 2582 2815 2655 γάρ
2860 2582 3246 2652 ὑπερηφάνοις,
3297 2579 3391 2632 καὶ
3452 2577 3696 2647 μάχομαι

2110 2681 2223 2742 τοῖς
2247 2679 2306 2731 οὑ
2342 2676 2538 2748 μέτρια
2562 2677 2778 2748 φρονεῖν
2803 2675 3119 2746 ᾑρημένοις,
3147 2671 3267 2741 εικῆ
3296 2671 3354 2725 δέ
3384 2670 3585 2741 μᾶλλον
3609 2669 3699 2734 ἐξ·

2113 2772 2487 2839 ογκουμένοις,
2519 2768 2614 2821 καὶ
2659 2766 2796 2838 ὑψοῦ
2850 2766 2946 2837 τὴν
2986 2765 3157 2836 ὀφρὺν
3196 2762 3552 2827 ἀνατείνουσι,
3602 2761 3701 2812 καὶ

2110 2861 2212 2931 τῆς
2247 2860 2453 2916 ἑαυτῶν
2504 2860 2717 2930 φύσεως
2775 2857 3068 2929 ἠγνοηκόσι
3107 2856 3206 2927 τὴν
3248 2855 3548 2909 ἀσθένειαν.
3597 2853 3694 2905 Γέ-

2119 2971 2361 3025 γραπται
2410 2954 2499 3018 se,
2538 2954 2619 3008 ὅτι
2684 2952 2887 3024 Κύριος
2942 2948 3318 3021 ὑπερηφάνοις
3376 2945 3697 2999 ἀντιτάσσε-

2111 3062 2224 3103 ται.
2283 3046 2560 3100 Διδάσκων
2623 3046 2680 3099 δὲ
2733 3045 2815 3098 ὃτι
2877 3041 3093 3105 κολάζει
3156 3038 3400 3101 δικαίως,
3471 3037 3568 3090 καὶ
3632 3035 3695 3088 οὑ

439 3128 651 3196 pliciter
689 3146 874 3199 poenas
922 3149 1026 3185 non
1071 3134 1171 3188 abs
1218 3149 1276 3188 re
1327 3133 1566 3198 inducat,
1614 3135 2007 3190 accusationem

2118 3139 2295 3210 μάτην
2345 3138 2532 3202 ἁπλῶς
2589 3136 2781 3205 ἐπάγει
2829 3134 2927 3197 τὰς
2972 3133 3148 3196 δίκας,
3198 3128 3563 3201 καταγορεύει
3597 3129 3701 3198 τῆς

441 3220 666 3272 intendit
727 3232 913 3273 contra
969 3222 1143 3287 Moab,
1179 3224 1431 3293 superbia
1475 3223 1641 3278 veluti
1689 3226 1878 3280 morbo
1922 3226 2009 3281 iu—

440 3307 788 3363 tolerabiliter
820 3311 1175 3371 laborantem.

509 3397 671 3470 257
715 3400 836 3454 Non
870 3404 946 3456 sic
980 3404 1234 3459 divinatio
1266 3414 1377 3470 tua,
1404 3423 1508 3461 non
1546 3423 1643 3461 sic.

513 3489 737 3555 Snstuli,
771 3492 963 3562 inquit,
1001 3495 1163 3563 igitur
1208 3510 1308 3565 ego
1373 3498 1700 3564 superbiam.
1731 3495 1832 3550 hoc
1889 3503 2011 3560 est,

439 3581 614 3637 excidi
670 3582 848 3649 Moab,
887 3586 980 3639 sed
1059 3587 1171 3643 haec
1244 3589 1338 3643 tibi
1412 3604 1519 3643 non
1589 3589 2015 3659 prtenuntiarnnt

439 3673 685 3727 vaticinia
721 3684 828 3728 tua.
866 3678 1271 3733 Annuntiarunt
1321 3680 1463 3735 enim
1539 3682 1769 3736 falsidici
1839 3691 2009 3749 vates,

440 3768 578 3835 quod
608 3768 831 3826 bellicas
860 3770 1194 3825 incursiones
1218 3774 1521 3839 superabis,
1542 3788 1604 3827 ac
1637 3772 1795 3830 facile
1828 3776 2014 3829 vinces

440 3859 800 3924 adversarios,
838 3876 1009 3930 neque
1034 3866 1149 3929 capi
1192 3864 1392 3932 poteris
1422 3866 1489 3919 ab
1519 3864 1791 3931 hostibus,
1826 3865 2012 3920 victis-

440 3968 544 4020 que
616 3953 824 4007 illudes.
863 3953 1058 4010 Verum
1136 3958 1249 4011 haec
1298 3957 1372 4010 ita
1433 3972 1492 4012 se
1535 3972 1640 4019 non
1701 3958 1917 4021 habent,
1960 3966 2016 4012 at

440 4045 726 4113 plurimum
773 4046 945 4109 abest,
980 4046 1086 4101 imo
1137 4047 1187 4100 in
1250 4049 1522 4104 diversum
1575 4050 1772 4110 evenit,
1804 4059 1858 4104 et
1908 4065 2011 4102 non

440 4151 536 4206 pro
580 4146 703 4192 voto
744 4152 806 4191 ac
851 4152 967 4206 spe.
1002 4154 1178 4193 rerum
1226 4141 1332 4195 erit
1378 4143 1575 4197 exitus.
1605 4138 2015 4206 Dillicileigitur

439 4237 494 4281 et
545 4243 671 4283 vere
728 4230 945 4283 noxium
983 4230 1319 4286 irridentium
1366 4248 1644 4288 sermones
1706 4232 2011 4297 attendere,

439 4330 491 4372 et
535 4321 981 4389 praestigiatorum
1012 4323 1232 4377 vocibus
1284 4322 1474 4394 abripi,
1503 4339 1623 4395 qua:
1663 4323 1818 4393 juxta
1865 4339 2012 4393 spem

441 4426 709 4481 nunquam
761 4413 1027 4468 evenient.

513 4678 674 4731 Vens.
722 4678 774 4728 ’7.
848 4676 1080 4731 Ulnlubit
1148 4678 1437 4736 Maub:iu
1512 4681 1797 4737 dloabiﬁde
1875 4686 2011 4738 enim

444 4786 621 4823 omnes
707 4771 1010 4838 plumbum,
1070 4770 1481 4829 t'nlmbilunlibu:
1544 4775 1730 4830 Descl/t
1789 4778 2009 4831 medita-

442 4863 626 4915 lintres.

510 4953 661 5020 Quod
718 4969 822 5006 non
866 4953 936 5007 ita
990 4962 1046 5007 ut
1073 4967 1450 5025 exspectaram
1489 4958 1684 5012 cecidit
1727 4958 2011 5027 divinatio,

440 5050 529 5102 sed
586 5047 743 5103 aliter
791 5050 1117 5117 omninoque
1144 5049 1377 5116 diverse,
1415 5051 1750 5105 demonstrat
1788 5050 2009 5120 liquido,

440 5157 555 5195 cum
594 5141 706 5194 ait:
747 5139 988 5195 Plorabit
1045 5141 1225 5203 Moab,
1257 5144 1357 5196 etsi
1391 5144 1481 5210 qui
1536 5143 1924 5198 divinationem
1961 5156 2015 5199 et

441 5233 700 5302 magicam
756 5244 925 5288 artem
982 5238 1326 5297 exercebant,
1356 5235 1685 5304 ploraturam
1739 5252 1858 5291 eam
1917 5239 2016 5292 Ini-

442 5325 584 5378 nime
628 5327 1025 5395 prmdicebant,
1078 5328 1185 5381 imo
1249 5326 1438 5381 deletis
1494 5325 1757 5391 hostibus,
1790 5328 2013 5398 applau-

441 5433 597 5470 snrus
651 5429 704 5471 et
760 5420 1118 5473 insultaturos
1187 5419 1516 5486 iacentibus.
1560 5419 1725 5490 Igitur
1792 5436 2006 5487 omnes,

444 5508 638 5574 inquit,
669 5508 722 5559 in
783 5508 1067 5566 Moabitide
1119 5512 1574 5571 lamentabuutttr.
1635 5513 1702 5568 Et
1734 5513 2012 5569 meditatio

442 5597 544 5650 erit
587 5594 950 5652 habitantibus
984 5601 1198 5658 Dt‘SL‘lll.
1230 5602 1435 5661 Civitas
1468 5614 1649 5662 autem
1679 5605 1795 5662 lucc
1834 5603 2009 5671 Moab,

518 5753 637 5786 “"9
671 5750 781 5807 J.u-.
827 5768 898 5820 IV,
929 5754 980 5807 6.

2116 3228 2291 3284 Μωὰϐ
2324 3229 2399 3292 ὡς
2425 3229 2713 3300 άφορήτως
2745 3224 3007 3295 νοσούσης
3033 3222 3131 3294 τὴν
3155 3220 3477 3293 ὑπεροψίαν.
3702 3260 3711 3297 ι

2190 3412 2314 3477 Οὐχ
2341 3408 2529 3474 οὕτως
2564 3409 2598 3476 ri
2621 3407 2869 3476 μαντεία
2893 3421 3030 3467 σου,
3057 3406 3172 3473 οὐχ
3192 3403 3395 3467 οὕτως.

2201 3500 2401 3570 Ἐξῆρα
2431 3498 2531 3571 μὲν
2569 3500 2669 3552 οὑκ
2702 3496 2811 3566 ἐγὼ
2842 3497 2939 3568 τὴν
2969 3494 3347 3567 ὑπερηφανίαν
3388 3509 3503 3555 σου,
3542 3490 3700 3561 φησι,

2120 3592 2266 3646 τοῦτ’
2299 3592 2465 3655 ἐστιν,
2516 3589 2750 3659 ἐξέκοψα
2785 3590 2884 3659 τὴν
2924 3587 3099 3642 Mde
3123 3630 3138 3653 ,
3165 3585 3279 3640 ἀλλ’
3315 3584 3377 3637 οὐ
3422 3582 3598 3637 ταῦτά
3619 3599 3703 3635 σοι

2120 3683 2489 3757 προήγγελ).ον
2517 3684 2570 3737 αἱ
2596 3680 2746 3753 παρὰ
2767 3680 2860 3735 σοῦ
2884 3685 2899 3702 ⁶
2936 3679 3227 3752 ἁμαρτίαι.
3275 3674 3705 3746 Ἐπηγγέλλοντο

2120 3776 2229 3846 γὰρ
2257 3773 2682 3844 ψευδοεποῦντες
2705 3773 2756 3825 οί
2782 3772 3024 3842 μάντεις,
3050 3772 3134 3824 ὅτι
3168 3770 3261 3823 καὶ
3299 3768 3566 3839 κρείττων
3598 3766 3702 3838 ἔσῃ

2118 3869 2217 3939 τῆς
2251 3866 2344 3920 τοῦ
2376 3865 2615 3936 πολέμου
2658 3864 2987 3936 προσϐολῆς,
3029 3864 3122 3917 καὶ
3154 3864 3397 3933 νικήσεις
3455 3860 3705 3923 εὐπετῶς

2118 3960 2244 4023 τοὺς
2297 3957 2716 4027 ἀνθεστηκότας,
2750 3958 2845 4010 καὶ⁸
2882 3956 3153 4018 ἀνάλωτος
3186 3954 3284 4026 ἔσῃ
3321 3956 3435 4017 τοῖς
3465 3953 3705 4023 ἐχθροῖς,

2121 4053 2214 4106 καὶ
2252 4051 2587 4123 ἡττωμένοις
2627 4050 3006 4113 ἐπιτωθάσεις.
3066 4048 3203 4102 Ἀλλ’
3242 4049 3340 4118 οὑχ
3375 4047 3549 4110 οὕτως
3585 4046 3707 4100 αὐτ*

2120 4146 2253 4216 ἔχει,
2288 4143 2485 4197 πολλοῦ
2523 4161 2587 4211 γε
2614 4144 2711 4196 καὶ
2740 4143 2838 4197 δεῖ.
2888 4142 3107 4197 Μᾶλλον
3138 4141 3246 4213 γὰρ
3279 4139 3439 4210 ἐξέϐη
3470 4140 3608 4208 πρὸς
3646 4140 3709 4192 τὸ

2121 4237 2380 4299 ἐναντίον,
2415 4236 2508 4290 καὶ
2524 4237 2583 4289 οὑ
2608 4235 2727 4289 κατ’
2751 4235 2941 4290 ἐλπίδα
2960 4236 3080 4306 σὴν,
3109 4234 3218 4288 τῶν
3267 4234 3613 4304 πραγμάτων
3647 4233 3711 4287 τι,

2123 4330 2318 4403 πέρας.
2360 4329 2719 4399 Παγχάλεπον
2757 4323 2850 4383 οὖν
2903 4329 2996 4382 καὶ
3022 4327 3311 4396 ἐπιζήμιον
3364 4324 3599 4394 άληθῶς,
3647 4326 3710 4379 τὺ

2120 4426 2231 4486 τοῖς
2256 4422 2362 4476 τῶν
2385 4421 2780 4485 διαπαιζόντων
2798 4420 3084 4491 προσέχειν
3120 4418 3321 4487 λόγοις,
3345 4417 3441 4471 καὶ
3458 4419 3579 4480 ταῖς
3596 4418 3711 4469 τῶν

2048 4514 2094 4569 D
2121 4512 2335 4584 γοητῶν
2363 4512 2793 4583 ἀποκομίζεσθαι
2813 4515 3036 4582 φωναῖς,
3060 4512 3140 4575 εἰς
3169 4509 3388 4573 ἐλπίδας
3414 4510 3514 4564 οὑκ
3546 4509 3713 4579 ἐκϐη-

2114 4603 2367 4665 σομένας.

2223 4622 2367 4665 ενας.

2182 4622 2501 4758 ξυλολύξει
2528 4693 2724 4749 Μωάὸ.
2762 4694 2859 4747 Ἐν
2893 4694 3003 4763 γὰρ
3023 4692 3097 4762 τῇ
3130 4692 3442 4747 Μωαϐίτιδι
3480 4691 3713 4756 πάντες

2112 4787 2487 4851 όλολύξουσι
2507 4803 2522 4818 ·
2555 4786 2677 4851 τοῖς
2707 4784 3056 4840 κατοικοῦσι
3084 4783 3268 4839 Δεσὲο
3288 4784 3674 4855 gelenius-rc.

2201 4966 2321 5020 Ὅτι
2354 4965 2431 5035 μὴ
2460 4962 2633 5027 οὕτως
2662 4962 2960 5034 ἐκϐέϐηκεν
2990 4963 3024 5034 ἡ
3058 4962 3287 5033 μαντεία
3308 5002 3324 5024 ,
3360 4960 3502 5016 καθά
3529 4978 3707 5033 προτ-

2111 5055 2400 5126 εδόκησαν,
2430 5054 2544 5109 ἀλλ’
2576 5055 2970 5126 ἐτεροτρόπως,
3019 5054 3114 5108 καὶ
3148 5055 3228 5117 είς
3254 5055 3361 5107 πᾶν
3388 5052 3733 5115 τούναντίον,

2110 5147 2438 5202 διαδείκνυσι
2471 5146 2680 5218 σαφῶς,
2731 5146 2903 5216 λέγων
2922 5165 2937 5179 θ
2992 5145 3262 5210 Ὀλολύξει
3292 5143 3489 5206 Μωὰϐ,
3518 5144 3706 5195 καίτοι

2108 5237 2208 5309 τῆς
2242 5236 2519 5309 μαντείας,
2550 5238 2719 5308 ἦγουν
2747 5238 2813 5308 τῇ
2851 5235 2961 5290 τῶν
2997 5236 3188 5305 μάγων
3212 5234 3375 5307 τέχνῃ
3396 5231 3706 5302 κεχρῆσθαι

2113 5348 2182 5401 με
2190 5330 2567 5401 μελετηκότων
2584 5331 2685 5384 οὑκ
2705 5328 2974 5394 ὀλολύζειν
2999 5328 3170 5397 αὐτὴν
3193 5327 3703 5398 προηγορευκὸτων,

2116 5424 2251 5478 ἀλλὰ
2271 5424 2379 5493 γὰρ
2412 5423 2769 5488 ὲπαλαλάξειν
2798 5422 3132 5477 ἀπολωλόσιν
3162 5420 3375 5491 ἐχθροῖς
3415 5418 3509 5471 καὶ
3536 5419 3707 5488 ἐπορ-

2117 5513 2389 5583 χήσασθαι
2413 5514 2708 5583 κειμένοις.
2736 5511 2945 5567 Οὐκοῦν
2971 5511 3227 5572 ἅπαντες,
3262 5507 3444 5578 φησὶν,
3474 5505 3525 5558 ei
3555 5506 3612 5558 ἐν
3635 5507 3704 5573 τῆ

2119 5605 2423 5661 Μωαϐίτιδι
2450 5604 2895 5671 κατολολὺξονσιο
2938 5604 3028 5658 καὶ
3070 5603 3358 5673 μελέτησις
3404 5598 3555 5652 ἔσται
3587 5604 3710 5663 τιῖς
