3962 6216
277 322 388 378 με

1420 331 1488 389 IN
1529 337 1758 395 ISAIAM
1799 342 1925 398 LIB.
1967 345 2031 399 ll.
2066 346 2302 405 TOMUS
2332 348 2418 405 ΙΙΙ.

3444 350 3547 406 414

279 433 605 488 κατοικοῦσι
643 438 831 494 Δςσέθ.
883 440 1043 505 Πόλις
1064 442 1122 496 δὲ
1156 444 1250 496 καὶ
1277 445 1415 516 αὕτη
1444 448 1547 518 τῆς
1582 452 1779 519 Μωὰδ,
1817 455 1858 507 oi

1973 461 2062 527 qui
2104 460 2357 531 lugubres
2403 463 2686 518 cautiones
2711 472 2765 517 et
2788 463 3200 519 lamentationes
3238 476 3554 521 numerosas

280 530 500 598 κομμὸν
520 529 665 598 τάχα
694 548 794 584 που
820 534 915 585 καὶ
950 533 1143 605 θρῆνον
1172 536 1443 608 εὔρυθμόν
1468 558 1525 592 τε
1547 543 1641 595 καὶ
1664 545 1868 615 εύμελῆ

286 617 411 672 καθ’
441 620 645 672 ἑαυτῶν
678 622 1074 694 μελετήσαντες
1099 666 1113 690 ,
1146 626 1232 679 διὰ
1263 630 1452 682 τούτου
1486 632 1860 702 σημαίνονται.

352 712 464 764 Καὶ
487 714 597 765 οὐκ
622 713 1102 782 ἐντραπήσονται
1127 719 1277 786 πρὸς
1297 722 1368 776 τὰ
1387 721 1563 776 πεδία
1593 725 1866 781 Ἐσεὸῶνο

280 804 578 871 πενθήσει
642 805 914 876 ἄμπελος
984 811 1235 879 Σεόαμιὶ.
1299 816 1743 883 Καταπίνοντες
1796 816 1870 871 τὰ

277 895 451 963 ἔθνη,
502 897 968 964 tramam-licata
1005 900 1111 966 τὰς
1152 899 1461 969 ἀμπέλους
1510 903 1700 973 αὐτῆς
1757 903 1869 972 ἕως

291 986 501 1056 Ἱαζήρ.

359 1101 420 1155 ’0
442 1100 602 1169 λόγος
625 1104 772 1155 ἐστὶν
803 1104 859 1156 ἐν
890 1107 1004 1168 τοῖς
1028 1104 1164 1178 πρὸς
1200 1106 1397 1170 αὐτοὺς
1429 1106 1569 1179 τάχα
1602 1124 1704 1161 που
1739 1108 1867 1171 τοὺς

274 1192 374 1264 τὴν
397 1192 578 1247 Μωὰδ
606 1196 902 1266 ᾑρηκότας,
944 1199 1259 1270 Ἀσσυρίους
1297 1200 1356 1253 τέ
1392 1219 1533 1271 φημι
1567 1201 1661 1254 καὶ
1688 1201 1865 1253 Βαϐυ-

274 1282 533 1349 λωνίους,
566 1280 648 1348 οἷς
674 1288 1009 1359 προστέταχε
1044 1289 1112 1342 τὰ
1147 1291 1244 1361 τῆς
1301 1291 1537 1345 Ἐσεὸὼν
1588 1293 1746 1346 πεδία
1790 1293 1864 1364 μὴ

272 1376 636 1448 ἐντρέπεσθαι
660 1378 736 1431 ἔτι
759 1379 852 1432 καὶ
878 1379 1047 1451 αὐτὴν
1061 1399 1189 1435 κατε
1199 1382 1447 1454 μπρῆσαι
1477 1383 1573 1455 τὴν
1604 1384 1866 1439 Ἐσεϐὧν·

271 1470 546 1524 διαθεῖναι
571 1471 628 1524 δὲ
656 1470 801 1525 οὕτω
834 1475 927 1527 καὶ
955 1475 1053 1547 τὴν
1087 1476 1337 1547 Σαυαμᾶ,
1365 1477 1439 1541 ὡς
1470 1477 1736 1547 πενθῆσαι
1769 1478 1864 1530 καὶ

274 1562 375 1622 τὰς
396 1560 569 1624 οὔσας
594 1563 872 1633 ἀμπέλους
898 1565 956 1616 ἐν
989 1564 1148 1636 αὐτῇ.
1187 1564 1329 1633 Πρός
1368 1567 1562 1628 αὐτοὺς
1589 1566 1645 1620 δὲ
1668 1565 1731 1636 δὴ
1768 1564 1863 1618 καί

274 1669 444 1721 φησιο
479 1653 882 1718 Καταπίνοντες
926 1655 996 1708 τὰ
1028 1655 1177 1727 ἔθνη.
1222 1656 1383 1727 Ὑμῖν
1412 1658 1520 1728 γὰρ
1568 1659 1861 1721 ἐπιτάττων

275 1744 464 1816 φησὶν,
495 1738 542 1797 ὧ
575 1744 680 1798 τῶν
714 1745 883 1800 ὲθνῶν
908 1747 1182 1818 ὀλετῆρες,
1212 1747 1308 1801 καὶ
1332 1745 1610 1802 ἅπλειστοί
1643 1766 1730 1819 μοι
1765 1750 1861 1803 καὶ

1973 561 2160 605 contra
2197 568 2255 608 se
2276 552 2670 624 excogitarent,
2701 555 2824 609 hinc
2858 553 3246 622 significantur.

2041 732 2203 788 Vens.
2236 734 2291 789 8.
2333 733 2395 787 Et
2443 750 2543 788 non
2607 733 2971 787 reverebantur
3035 750 3245 801 campos
3303 732 3547 800 Esrbon,

1965 826 2172 896 plangat
2214 828 2327 880 vitis
2378 827 2624 881 Sebama.
2657 825 2763 891 Qui
2792 826 3078 880 absorbctis
3102 837 3296 897 gentes,
3335 828 3551 880 concul-

1968 927 2083 973 cate
2112 919 2237 973 vites
2264 934 2423 990 usque
2451 924 2517 972 ad
2544 918 2717 974 laser.

2039 1118 2096 1175 ln
2147 1118 2295 1175 hisce
2346 1134 2527 1174 sermo
2562 1118 2774 1173 videtur
2803 1134 2926 1174 esse
2966 1118 3032 1173 ad
3094 1135 3187 1174 eos
3240 1120 3332 1189 qui
3395 1119 3549 1175 Moab

1966 1212 2315 1275 Sustuleruut,
2365 1213 2431 1266 ad
2482 1211 2734 1283 Assyrios
2801 1211 3039 1280 inquam,
3083 1220 3136 1264 et
3203 1209 3545 1282 Babylonios,

1967 1305 2166 1374 quibus
2215 1305 2473 1375 prtecepit
2530 1319 2749 1374 campos
2797 1304 3009 1359 Esebou
3060 1322 3164 1360 non
3201 1307 3461 1373 revereri,
3492 1309 3544 1361 id

1966 1409 2070 1462 ρει,
2103 1409 2159 1453 et
2204 1399 2373 1468 ipsam
2432 1396 2643 1452 Esebon
2707 1397 3019 1462 incendere,
3052 1410 3103 1452 et
3140 1399 3219 1454 sic
3259 1399 3548 1468 disponere

1965 1487 2217 1549 Sebama,
2255 1498 2312 1543 ut
2345 1488 2597 1557 plangant
2655 1489 2791 1543 vites
2835 1504 2954 1557 qua:
3017 1499 3143 1544 sunt
3180 1492 3232 1543 in
3282 1505 3365 1544 ea.
3417 1490 3548 1555 Qui-

1965 1578 2064 1633 bus
2113 1578 2274 1631 etiam
2332 1577 2498 1632 dicit:
2530 1576 2891 1632 Absorbeutes
2947 1589 3152 1649 gentes.
3192 1579 3354 1635 Vobis
3401 1579 3542 1633 enim

1961 1669 2150 1734 edico,
2216 1669 2431 1737 inquit.
2493 1685 2526 1723 ο
2597 1669 2835 1738 gentium
2928 1671 3193 1739 pernicies
3259 1678 3311 1723 et
3392 1671 3547 1724 inex-

1960 1762 2183 1832 plebiles
2240 1761 2636 1827 interfectores,
2670 1761 2758 1831 qui
2796 1770 3047 1832 tanquam
3095 1761 3338 1818 crudeles
3361 1772 3413 1818 et
3443 1765 3544 1816 im-

272 1837 647 1907 ἁπηνέστατοι
664 1837 730 1908 θῆ
739 1854 845 1909 ρες,
862 1838 986 1910 ἔθνη
1006 1838 1411 1902 καταπίνοντες,
1435 1842 1722 1912 καταπατή
1732 1857 1858 1894 σατε

1966 1854 2290 1911 manissimte
2329 1855 2455 1911 ferte
2485 1865 2672 1926 gentes
2724 1854 3048 1921 absorbetis,
3068 1840 3378 1910 conculcate
3406 1857 3544 1910 vites

273 1929 374 1993 τὰς
407 1930 687 2000 ἀμπέλους
728 1932 896 2003 αὐτῆς
921 1931 1022 1996 ἕως
1059 1931 1263 2003 ’1αζήρ.
1305 1931 1471 1996 Πόλις
1493 1932 1549 1986 δὲ
1580 1934 1674 1986 καὶ
1718 1934 1856 2005 αὕτη

271 2022 383 2075 τῶν
409 2022 741 2079 Μωαϐιτῶν.
788 2022 1092 2095 Ἀμπὲλους
1112 2025 1167 2078 δὲ
1191 2024 1352 2078 πάλιν
1385 2025 1442 2077 ὲν
1474 2024 1704 2089 τούτοις,
1732 2027 1858 2082 τοὺς

269 2114 383 2167 τῶν
416 2113 724 2167 Μωαϐιτῶν
754 2117 1044 2187 οἰκήτορας
1091 2115 1367 2186 ὀνομάζει.
1429 2115 1593 2181 Ἕθος
1640 2117 1749 2188 γὰρ
1790 2120 1856 2189 τῇ

270 2203 625 2276 θεοπνεύστῳ
659 2207 872 2279 Γραφῇ,
901 2210 994 2260 καὶ
1016 2206 1242 2280 δρυμοῖς
1282 2210 1376 2265 καὶ
1409 2209 1584 2275 ξύλοις
1622 2212 1718 2263 καὶ
1750 2209 1859 2281 μὴν

268 2300 368 2352 καὶ
423 2300 692 2369 ἀμπέλοις
733 2300 1087 2371 παρεικάζειν
1116 2300 1242 2365 τοὺς
1281 2302 1338 2355 ὲν
1383 2302 1584 2373 ἑκάστῃ
1617 2301 1770 2354 πόλει
1797 2316 1859 2354 τε

271 2395 368 2445 καὶ
405 2392 581 2464 χώρᾳ.
612 2392 725 2445 Καὶ
753 2392 881 2461 γοῦν
904 2393 1149 2465 περὶτοῦ
1185 2394 1403 2466 Ἰσραήλ
1432 2410 1623 2464 φησιν’
1666 2394 1725 2447 '0
1748 2394 1857 2465 γὰρ

271 2483 538 2552 ἁμπελὼν
585 2481 787 2554 Κυρίου
841 2480 1070 2537 Σαϐαὼθ
1118 2485 1147 2537 ό
1185 2484 1471 2555 ἄνθρωπος
1513 2485 1608 2539 τοῦ
1664 2484 1853 2548 Ἰούδα,

270 2571 532 2639 νεόφυτον
562 2572 943 2641 ἠγαπημένον.
975 2572 1162 2640 Λέγων
1189 2572 1265 2639 δὲ,
1308 2573 1389 2626 ὅτι
1415 2574 1856 2642 Καταπατήσατε

273 2664 375 2725 τὰς
405 2663 684 2732 ἀμπέλους
710 2663 902 2732 αὐτῆς,
922 2662 1161 2716 δείκνυσι
1190 2664 1373 2730 πάλιν,
1412 2666 1494 2719 ὃτι
1530 2665 1604 2737 μὴ
1631 2668 1730 2737 τῆς
1748 2666 1857 2720 τῶν

289 2753 596 2823 ’Ᾱσσυρίων
643 2753 821 2824 χειρὸς
866 2756 1027 2823 ἔργον
1069 2750 1138 2825 ἦν
1181 2753 1243 2807 τὸ
1267 2754 1495 2824 νικῆσαι
1526 2756 1627 2826 τὴν
1658 2755 1853 2821 Μωὰϐ,

282 2843 401 2897 ἀλλ’
427 2840 496 2914 ἦν
531 2846 559 2896 ὁ
587 2845 753 2897 πάντα
805 2845 1004 2915 ἰσχύων
1053 2845 1187 2909 Θεὸς
1216 2848 1505 2917 ὑποφέρων
1535 2850 1649 2910 τοῖς
1694 2848 1855 2900 αὐτοῦ

282 2938 413 2990 ποσὶ
440 2938 568 3001 τοὺς
594 2938 1007 3010 ἀνθεστηκότας,
1036 2940 1130 2993 καὶ
1150 2940 1209 2992 τὸ
1231 2939 1488 2993 δύνασθαι
1520 2942 1738 3011 κρατεῖν
1758 2939 1857 3009 τῆς

271 3028 506 3082 ἐκείνων
534 3029 712 3101 χειρὸς
743 3030 1105 3102 δωρούμενος.

1960 1943 2075 2013 ejus
2144 1960 2313 2015 usque
2380 1944 2445 1999 ad
2507 1943 2680 1999 Jaser.
2745 1944 2837 1999 Est
2892 1956 3072 2000 autem
3125 1947 3238 2000 Itan:
3294 1957 3348 2001 et
3412 1947 3543 2000 urbs

1966 2034 2343 2091 Moabitarum.
2380 2031 2532 2090 Vites
2582 2050 2769 2088 rursus
2815 2034 2902 2088 ltic
2942 2032 3293 2088 Moabitarunt
3337 2032 3543 2090 incolas

1962 2126 2222 2180 nominat.
2251 2124 2346 2179 Est
2374 2126 2517 2180 enim
2556 2124 2821 2180 familiare
2851 2124 3146 2192 Scriptura:
3180 2124 3364 2179 divino
3392 2122 3543 2179 allia-

1963 2229 2017 2274 tu
2083 2220 2416 2289 proditm,et
2493 2218 2662 2284 silvis,
2697 2227 2751 2272 et
2811 2217 2991 2288 lignis,
3035 2226 3090 2271 et
3149 2230 3280 2272 sane
3340 2216 3541 2270 vitibus

1961 2311 2261 2366 assimilare
2289 2325 2403 2376 eos,
2444 2310 2538 2381 qui
2578 2310 2631 2364 in
2662 2308 2892 2379 singulis
2937 2309 3164 2363 urbibus
3206 2317 3334 2363 sunt
3378 2317 3541 2376 atque

1961 2403 2269 2475 provinciis.
2324 2404 2390 2456 Et
2434 2412 2583 2456 certe
2639 2402 2704 2457 dc
2768 2400 2934 2472 258
2993 2400 3187 2455 Israele
3215 2400 3343 2455 ait:
3400 2397 3540 2453 Vitis

1958 2495 2100 2548 enim
2143 2492 2350 2547 Domini
2399 2491 2659 2557 Sabaoth,
2691 2491 2882 2545 domus
2934 2490 3094 2545 Israel
3141 2499 3245 2553 est,
3288 2499 3343 2545 et
3377 2491 3539 2544 homo

1957 2585 2116 2651 Juda,
2137 2584 2339 2640 novella
2394 2584 2573 2654 planta
2602 2583 2817 2637 dilecta.
2837 2581 2971 2637 Cum
3019 2582 3180 2637 dicit:
3213 2581 3539 2637 Conculcute

1960 2681 2095 2736 vites
2149 2680 2286 2750 ejus,
2306 2695 2496 2733 rursus
2550 2680 2808 2742 ostendit,
2840 2693 2944 2731 non
3007 2676 3170 2732 fuisse
3201 2692 3336 2747 opus
3386 2675 3539 2730 forti-

1960 2774 2159 2829 tudinis
2189 2772 2558 2843 Assyriorum,
2578 2786 2889 2841 expugnare
2917 2769 3092 2834 Moab,
3124 2770 3216 2824 sed
3256 2770 3394 2824 Deus
3420 2778 3539 2823 erat
3588 2798 3591 2803 ν

1958 2863 2319 2931 omnipotens,
2356 2863 2444 2932 qui
2490 2862 2731 2932 ipsorum
2789 2862 3015 2929 pedibus
3070 2877 3162 2915 eos
3213 2861 3303 2931 qui
3339 2861 3535 2913 adver-

1960 2966 2149 3010 santur
2197 2952 2513 3021 subjicit,et
2564 2953 2653 3006 dat
2720 2959 2779 3005 ut
2810 2967 2996 3006 eorum
3050 2967 3268 3005 manum
3321 2950 3534 3005 valeant

1960 3062 2237 3119 superare.

350 3142 432 3195 Οὐ
446 3140 534 3211 μὴ
565 3142 901 3211 aurati-nte,
955 3143 1305 3212 ,τλανήθητε
1360 3142 1472 3211 τὴν
1501 3145 1743 3213 ἔρημον,
1797 3148 1852 3199 ol

2028 3157 2111 3213 Ne
2141 3159 2442 3229 contingite,
2464 3170 2633 3212 errata
2674 3174 2771 3227 per
2793 3173 3041 3215 cremant,
3067 3157 3155 3226 qui
3202 3157 3350 3209 missi
3372 3157 3491 3210 estis
3516 3172 3529 3209 :

274 3233 718 3304 ἀπεσταλμένοι
744 3253 755 3264 ο
796 3235 1348 3309 ἐγκατελείφθησαν
1371 3277 1385 3301 ,
1425 3236 1711 3306 διέϐησαν
1742 3239 1856 3306 τὴν

273 3324 515 3395 ἔρημον.

342 3440 510 3492 Φασὶν
540 3438 750 3492 ὅτιτῶν
793 3439 1093 3512 Ἀσσυρίων
1129 3441 1576 3512 ἐμϐεὸληκότων,
1614 3445 1855 3497 πλεῖστοι

272 3533 380 3587 τῶν
409 3531 724 3586 Μωαϐιτῶν
748 3534 827 3595 είς
864 3532 961 3603 τὴν
990 3533 1187 3606 ὅμορόν
1214 3551 1271 3586 τε
1290 3534 1384 3587 καὶ
1410 3534 1625 3602 γείτονα
1665 3537 1856 3604 φυγόν-

267 3639 364 3686 τες
419 3620 628 3692 ἔρημον
694 3621 1065 3676 διαλανθάνειν
1132 3622 1498 3687 ἐσπούδαζον,
1552 3624 1645 3677 καὶ
1703 3625 1855 3695 μόλις

268 3710 632 3778 ἐσπούδαζον,
667 3712 865 3783 κομιδῆ
894 3712 1113 3785 βραχεῖς
1142 3713 1231 3766 τὸν
1258 3714 1507 3784 ἀριθμόν.
1532 3716 1640 3767 Καὶ
1662 3711 1727 3787 ἦν
1756 3715 1854 3783 μὲν

270 3807 407 3870 ῑσως
441 3806 502 3858 ού
535 3805 772 3876 χαλεπὸν
818 3808 931 3870 τοῖς
966 3806 1327 3870 Βαϐυλωνίοις
1385 3808 1669 3872 κάκείνους
1700 3811 1856 3863 ἀνευ-

269 3897 412 3968 ρεῖν,
445 3898 771 3966 ἑπαφιέντος
795 3896 949 3960 Θεοῦ,
982 3898 1076 3951 καὶ
1109 3898 1299 3969 μέχρις
1328 3898 1504 3953 αὐτῶν
1528 3901 1857 3966 ἐκτείνοντος

262 3991 372 4060 τὴν
394 3991 585 4060 ὀργήν.
627 3988 847 4061 Ἐπειδὴ
877 3989 932 4042 δὲ
974 3988 1192 4054 κολάζει
1229 3993 1657 4063 μεμετρημένως
1676 3992 1857 4063 φιλάν-

263 4082 494 4151 θρωπος
527 4081 624 4146 ὢν,
653 4081 934 4151 μονονουχὶ
980 4080 1075 4133 καὶ
1099 4080 1400 4134 ἐντέλλεται
1438 4084 1549 4145 τοῖς
1588 4081 1857 4154 πεπορθηο

261 4174 395 4226 κίσι
428 4174 527 4245 τὴν
556 4173 733 4227 ἣίωὲιϐ
754 4215 768 4239 ,
809 4175 883 4245 μὴ
913 4175 1202 4227 συνάπτειν
1246 4177 1355 4238 τοῖς
1398 4175 1701 4229 ἀπολωλόσι
1729 4178 1855 4240 τοὺς

262 4264 543 4334 φυγάδαδ,
568 4264 873 4319 πλανᾶσθαι
906 4265 962 4318 δὲ
995 4265 1183 4337 ὥσπερ
1214 4268 1307 4337 ἐᾷν
1333 4266 1431 4336 τὴν
1459 4265 1683 4337 ἔρημον,
1712 4266 1853 4320 τουτ’

261 4358 414 4423 ἔστι,
442 4358 582 4431 λήθῃ
637 4358 835 4412 διδόναι
867 4360 959 4412 καὶ
991 4358 1455 4430 παραπέμπεσθαι
1498 4359 1597 4431 τὴν
1630 4360 1855 4431 ἔρευναν

258 4450 383 4503 τών
406 4452 465 4503 ὲν
498 4451 634 4522 αύτῇ
663 4450 1201 4523 συνδεδραμηκότων.
1230 4449 1501 4524 Ταύτῃτοί
1525 4468 1684 4522 φησι,
1727 4451 1854 4504 πλα-

258 4541 503 4612 νηθῆναί
518 4559 577 4595 τε
600 4544 697 4612 τὴν
720 4541 942 4613 ἔρημον.
964 4545 1024 4596 Οἱ
1046 4542 1445 4613 ἀπεσταλμένοι
1465 4543 1639 4612 ὑμεῖς,
1664 4544 1850 4615 φησὶν,

256 4637 318 4686 οἱ
349 4632 439 4685 διὰ
485 4632 584 4703 τῆς
625 4634 765 4704 ἐμῆς
800 4634 969 4705 ὀργῆς
1013 4632 1411 4705 ἀπεσταλμένοι
1450 4631 1584 4704 πρὸς
1621 4633 1681 4686 τὸ
1713 4632 1855 4686 κατὰ

262 4725 478 4797 κράτος
504 4726 643 4778 ἑλεῖν
662 4729 757 4797 τὴν
780 4725 973 4790 Μωὰϐ,
1002 4725 1309 4798 πλανήοητε
1334 4724 1428 4796 τὴν
1456 4725 1663 4797 ἔρημον
1679 4766 1693 4789 ,
1715 4725 1851 4798 λήθῃ

259 4818 417 4883 δότε,
457 4818 551 4870 καὶ
592 4816 1034 4888 παραπέμψασθε
1058 4818 1155 4889 τὴν
1188 4817 1425 4889 ἔρημον,
1462 4817 1717 4888 διέϐησαν
1748 4819 1855 4889 γὰρ

262 4912 466 4981 αὑτήν.
488 4907 619 4962 Εἶτα
640 4910 965 4981 ὲπέρῤιπται
987 4910 1188 4981 μεταξῦ
1207 4909 1286 4972 τὸ,
1305 4909 1854 4980 Ἐγκατελείφοησαν,

264 5006 455 5060 ἐκεῖνο
490 5003 651 5056 πάλιν
679 5003 946 5056 διδάσκων
970 5045 982 5066 ,
1018 5003 1093 5067 ὡς
1142 5004 1242 5058 ούκ
1284 5003 1349 5057 ἂν
1382 5005 1438 5056 ἐν
1461 5002 1670 5067 τούτοις
1708 5004 1860 5072 τέγος

265 5113 366 5148 νεν
393 5094 773 5166 ἠΜωαϐιτῶν,
824 5096 871 5147 εί
909 5095 983 5166 μὴ
1019 5096 1459 5167 προσκέκρουκεν
1509 5094 1569 5147 ού
1625 5093 1877 5165 μετρίως.

266 5188 352 5260 τῷ
378 5188 559 5242 πάντα
590 5187 827 5259 ἰσχύοντι
852 5187 991 5258 Θεῷ.

348 5300 457 5355 Διὰ
486 5299 661 5354 τοῦτο
693 5304 1031 5370 κλαύσομαι
1065 5302 1145 5368 ὡς
1161 5301 1265 5355 τὸν
1292 5299 1607 5369 κλαυθμᾶν
1642 5299 1852 5369 Ἰαζὴρ,

270 5397 545 5460 ἄμπελος
567 5392 818 5463 Σειῗαμά.
844 5394 920 5447 Τὰ
948 5394 1164 5463 δένδρα
1190 5412 1308 5450 σου
1337 5394 1668 5448 κατέϐαλεν
1694 5395 1855 5447 Ἐσε-

272 5487 418 5556 (iter,
446 5488 545 5542 καὶ
567 5486 1039 5558 mammam;
1071 5487 1328 5557 θερισμῷ
1351 5487 1452 5541 καὶ
1480 5486 1580 5540 ἐπὶ
1604 5484 1683 5551 τῷ
1718 5503 1853 5551 τρυο

278 5578 437 5651 γητῷ
485 5596 604 5635 σου
658 5577 1083 5647 «acuatacuat»,
1115 5580 1213 5633 καὶ
1252 5579 1487 5635 ἅπαντα
1505 5576 1853 5645 πεσοῦνται,

1960 3250 2124 3304 relicti
2157 3260 2301 3317 sunt,
2327 3250 2769 3321 pertransivcruut
2793 3265 3020 3303 cremant
3054 3252 3073 3319 ί
3081 3249 3151 3320 1).

2024 3452 2193 3506 Aiunt
2237 3451 2475 3523 Assyriis
2503 3451 2925 3521 irrumpentibus
2973 3451 3280 3521 complures
3324 3451 3533 3506 Moabi-

1959 3553 2131 3597 tarum
2181 3543 2234 3596 in
2276 3543 2667 3597 conterminam
2726 3553 2779 3597 et
2817 3544 3047 3598 vicinam
3079 3544 3387 3612 confugisse
3413 3560 3534 3599 ere-

1957 3648 2124 3695 tuum,
2157 3638 2213 3685 et
2246 3631 2414 3686 latere
2461 3632 2756 3697 studuisse,
2799 3641 2851 3687 et
2907 3647 3132 3685 numero
3176 3634 3533 3701 paucissimos

1956 3723 2043 3775 vix
2081 3720 2246 3779 fuisse
2283 3730 2649 3775 conservatus.
2679 3720 2789 3775 Nec
2835 3718 3047 3774 diﬂicile
3080 3721 3182 3775 fuit
3224 3721 3532 3790 Babyloniis

1955 3813 2120 3868 etiam
2184 3812 2304 3866 illos
2365 3811 2627 3878 invenire,
2662 3810 2771 3865 Deo
2822 3812 3187 3880 permittente,
3219 3822 3275 3867 ct
3323 3814 3389 3865 ad
3438 3828 3532 3867 eos

1957 3918 2129 3971 usque
2163 3902 2296 3955 iram
2326 3903 2663 3956 extendente.
2690 3898 2796 3955 Sed
2834 3915 2957 3954 cum
3012 3901 3198 3969 p'ectit
3235 3901 3529 3965 moderate,

1957 3994 2218 4066 benignus
2269 4007 2392 4047 cum
2444 3992 2538 4059 sit,
2567 4000 2774 4045 tantum
2821 4005 2924 4044 non
2972 3990 3022 4043 in
3093 3991 3362 4045 mandatis
3441 3995 3534 4043 dat

1958 4089 2039 4143 bis
2094 4088 2183 4157 qui
2235 4094 2548 4141 everterunt
2586 4083 2763 4147 Moab,
2806 4098 2910 4137 non
2962 4084 3254 4154 adjungere
3318 4098 3377 4137 se
3447 4084 3530 4136 bis

1958 4178 2047 4249 qui
2098 4176 2280 4231 delent
2351 4173 2629 4244 profugos,
2672 4173 2764 4228 sed
2805 4188 2990 4229 errare
3040 4174 3220 4228 sinaut
3259 4173 3405 4225 velut
3437 4186 3532 4240 per

1957 4274 2247 4334 desertum,
2274 4267 2322 4322 id
2354 4275 2458 4332 est,
2479 4266 2734 4322 oblivioni
2770 4268 3074 4332 tradant,ct
3129 4266 3528 4336 indagationem

1958 4360 2173 4415 mittant
2229 4373 2415 4413 eorum
2453 4358 2543 4426 qui
2598 4357 2737 4412 istuc
2804 4354 3358 4413 confluxerunt.lliuc
3422 4358 3528 4411 ait:

1963 4454 2154 4508 Errate
2212 4450 2264 4505 in
2295 4465 2498 4505 eremo.
2534 4450 2641 4506 Vos
2670 4451 2760 4521 qui
2813 4451 2959 4505 missi
3003 4451 3155 4517 estis,
3191 4451 3411 4521 inqttit,,
3438 4450 3530 4522 qui

1958 4562 2024 4602 ex
2075 4560 2189 4599 mea
2232 4544 2308 4597 ira
2348 4543 2673 4607 emittitnini,
2706 4551 2766 4596 ut
2802 4543 2849 4595 vi
2883 4543 3107 4612 capiatis
3148 4542 3329 4607 Moab,
3354 4554 3534 4599 errate

1961 4654 2056 4709 per
2077 4652 2337 4701 erentnm,
2365 4637 2488 4691 date
2510 4634 2781 4697 oblivioni,
2802 4643 2858 4688 et
2879 4635 3305 4702 explorationem
3338 4636 3531 4690 remit-

1963 4731 2056 4786 tite
2088 4748 2101 4785 :
2137 4729 2464 4784 transierunt
2508 4728 2651 4781 enim
2710 4726 2877 4780 illum.
2926 4727 3131 4783 Deinde
3186 4727 3314 4782 illud
3366 4730 3533 4783 inter-

1961 4824 2199 4895 ponitur,
2255 4820 2443 4874 Relicti
2499 4829 2644 4885 sunt,
2671 4820 2797 4875 illud
2863 4836 3048 4874 rursus
3124 4822 3342 4888 docens,
3392 4820 3534 4889 quod

1965 4932 2067 4969 nou
2102 4916 2154 4970 in
2187 4915 2269 4968 his
2291 4915 2444 4968 malis
2494 4921 2702 4967 versata
2746 4911 2936 4967 fuisset
2974 4911 3255 4966 Moabitica
3312 4914 3533 4980 provin-

1961 5006 2065 5070 cia,
2106 5005 2209 5060 nisi
2277 5005 2441 5060 Deum
2499 5004 2679 5059 omnia
2738 5003 3003 5058 valentem
3069 5003 3292 5058 nimium
3363 4999 3532 5056 oll‘eu-

1961 5102 2149 5153 disset.

2027 5296 2399 5360 \'£tts.9,10.
2456 5290 2745 5365 Propterea
2806 5292 3021 5361 plorabo
3080 5290 3214 5346 velut
3267 5289 3536 5359 ploratum

1952 5391 2132 5455 Jaser,
2150 5391 2289 5445 vitim
2311 5392 2534 5446 Sebama
2560 5403 2577 5440 :
2599 5387 2808 5442 arbores
2831 5398 2950 5439 tuas
2983 5386 3167 5454 dejccit
3190 5383 3416 5449 Esebon,
3434 5382 3529 5455 [aL

1958 5482 2159 5553 [flecte]
2184 5494 2229 5535 et
2270 5483 2401 5536 dixit
2434 5499 2447 5535 :
2482 5480 2547 5535 In
2577 5495 2739 5533 messe
2768 5480 2880 5532 etin
2900 5477 3270 5531 viudemiatua
3299 5476 3531 5542 calcabo,

1955 5587 2001 5629 et
2043 5579 2215 5630 omnia
2240 5575 2447 5638 cadent,
2477 5581 2523 5628 ct
2571 5572 2839 5641 auferetur
2877 5571 3061 5626 lwtilia
3090 5580 3139 5641 et
3163 5569 3446 5627 exsuftatio
3469 5569 3545 5625 de

353 5762 432 5831 (l)
471 5761 583 5832 Τὴν
620 5760 856 5831 ἓρημον;
906 5774 1014 5816 scc.
1061 5758 1208 5830 Sept.
1258 5767 1311 5815 et
1352 5758 1513 5815 llrbr.
1551 5756 1843 5823 θάλασσαν,
1886 5770 2044 5808 mare.
