3962 6216
477 360 581 416 H5

1467 351 1522 407 S.
1565 349 1839 405 CYRIIJJ
1882 342 2354 406 ALEXANDRINI
2398 338 2719 396 ARCHIEP.

3622 323 3727 380 H6

472 474 637 530 vineis
656 473 781 538 tuis,
798 481 847 526 et
876 470 932 523 in
952 468 1112 524 vineis
1131 466 1240 520 tuis
1262 481 1364 519 non
1391 464 1731 526 laetabuntur,
1755 479 1846 517 nec
1865 460 2043 517 calea-

2159 454 2255 509 καί
2292 450 2619 521 ἀρθήσεται
2674 445 3021 516 εὐφροσύνη
3080 442 3175 499 καί
3219 442 3564 513 ἀγαλλῐαμα
3607 440 3729 494 ἀπὸ

474 570 600 619 bunt
632 563 809 618 vinum
840 561 898 614 in
931 556 1299 619 torcularibus,
1314 570 1447 624 nam
1473 554 1712 608 cessavit.

545 823 757 893 Eilingit
779 821 1124 894 propheticus
1152 833 1331 874 sermo
1357 832 1641 889 personam
1688 813 2046 871 Moabitarum

473 915 875 973 calamitatibus
927 912 1443 985 illacrymantem,et
1484 906 1649 964 etiam
1678 903 1857 970 laser,
1881 919 2047 974 supra

479 1009 718 1077 reliquas
780 1006 1095 1062 devastata.
1125 1001 1215 1058 Sic
1246 1012 1303 1057 et
1334 1002 1469 1057 alias
1534 998 1718 1069 lugere
1762 996 1858 1062 ait,
1880 996 1951 1052 ita
1991 1003 2051 1051 ut

475 1111 573 1165 par
643 1094 767 1158 fuit.
797 1093 969 1163 ipsam
1046 1089 1221 1147 laser.
1281 1089 1430 1145 Vites
1482 1099 1661 1144 autem
1723 1097 1779 1143 et
1827 1087 2050 1143 arbores

474 1186 708 1258 appellat
763 1201 858 1242 cos
888 1185 979 1256 qui
1031 1184 1404 1239 inhabitarunt
1436 1181 1708 1246 civitates,
1733 1189 2049 1237 enumerat-

472 1291 578 1346 qne
615 1274 781 1347 259
822 1276 1113 1330 subversas
1165 1274 1326 1328 urbes
1380 1271 1614 1326 Sabama
1681 1277 1738 1324 et
1806 1266 2047 1326 Esebon.

476 1367 697 1423 llostilis
730 1376 909 1422 autent
963 1365 1187 1436 populus
1241 1363 1498 1435 loquitur.
1547 1361 1605 1419 In
1660 1377 1841 1417 messe
1889 1372 1946 1416 et
1994 1363 2051 1417 in

476 1459 744 1515 vindemia
818 1468 931 1524 tua,
968 1458 1161 1530 inquit;
1213 1467 1270 1512 at
1312 1456 1444 1527 quid
1491 1454 1766 1525 loquitur?
1816 1451 2053 1512 Calcabo

476 1550 742 1617 videlicet,
767 1562 822 1607 et
861 1551 1043 1607 omnia
1092 1551 1307 1608 cadent.
1348 1547 1413 1603 Et
1462 1546 1531 1602 ad
1577 1546 1726 1602 lucc:
1759 1545 2053 1602 Auferetur

476 1657 638 1713 porro
677 1642 859 1696 laetitia
897 1652 949 1696 et
974 1639 1260 1695 exsultatio
1286 1654 1353 1693 ex
1383 1637 1555 1692 vineis
1603 1637 1730 1692 tuis.
1760 1635 1855 1691 Est
1901 1637 2047 1691 enim

475 1733 784 1789 festivitatis
852 1747 1043 1787 amans
1107 1730 1364 1794 bloabita,
1414 1727 1664 1809 plurimis
1715 1727 2054 1783 caeremoniis

2147 542 2268 599 τῶν
2290 541 2576 613 ἀμπέλων
2603 553 2721 593 σου
2742 553 2756 567 ·
2791 536 2888 590 καί
2924 536 2994 590 ἐν
3014 534 3139 601 τοῖς
3161 532 3476 603 ἀμπελῶσι
3509 548 3627 587 σου
3652 533 3732 587 οὐ

2139 638 2229 708 μὴ
2259 631 2781 705 εὐφρανθήσονται
2799 646 2812 659 ο
2847 629 2946 683 καί
2966 629 3038 682 οὐ
3054 625 3141 698 μὴ
3162 625 3549 693 πατήσουσιν
3561 619 3739 680 οἶνον

2148 731 2236 794 εἰς
2256 726 2329 782 τὰ
2350 724 2671 792 ὑπολήγια,
2699 722 2998 778 πέπαυται
3033 718 3144 791 γάρ

2234 817 2594 873 ’Δναπλάττει
2630 814 2921 887 πρόσωπον
2958 813 2988 866 ό
3020 808 3355 882 προφητικὸς
3385 809 3518 880 ἡμῖν
3547 806 3741 876 λόγος,

2148 912 2243 968 lari.
2269 913 2390 975 ταῖς
2418 909 2527 964 τῶν
2555 904 2867 965 Μωαϐιτῶν
2889 901 3260 976 δακρυῤῥοοῦν
3283 903 3611 973 συμφοραῖς,
3636 898 3741 952 καὶ

2147 1004 2288 1074 τάχα
2313 1018 2417 1055 που
2443 1003 2539 1073 τῆς
2570 999 2754 1071 Ἰαζὴρ
2775 998 2914 1069 ὑπὲρ
2941 996 3039 1061 τὰς
3065 995 3256 1066 ἑτέρας
3285 990 3740 1064 πεπορθημένης·

2147 1092 2290 1148 οὕτω
2311 1091 2524 1157 καὶτὰς
2543 1090 2709 1155 άλλας
2730 1086 3194 1160 κατολοφύρεσθαί
3223 1103 3408 1157 φησιν,
3437 1084 3631 1156 ὥσπερ
3666 1084 3742 1138 ἂν

2150 1186 2351 1258 πρέποι
2374 1185 2470 1240 καὶ
2497 1184 2595 1255 τὴν
2630 1182 2834 1255 Ἰαζήρ.
2872 1178 3175 1251 ’Λμπέλους
3192 1178 3250 1232 δὲ
3276 1176 3370 1231 καὶ
3395 1175 3591 1247 δένδρα
3610 1173 3745 1238 τοὺς

2149 1276 2495 1340 ἐνοικοῦντας
2528 1277 2646 1338 ταῖς
2676 1273 2895 1328 πόλεσιν
2924 1270 3201 1344 ὀνομάζει.
3237 1266 3658 1341 ’Δπαριθμεῖται
3677 1264 3744 1319 δὲ

2150 1370 2247 1426 καὶ
2276 1368 2377 1435 τὰς
2408 1365 2830 1439 πεπορθημένας
2851 1364 2950 1437 τῆς
2979 1363 3187 1428 πόλεως
3213 1359 3446 1432 Σαϐαμὰ
3469 1359 3564 1412 καὶ
3582 1357 3744 1411 Ἐσε-

2152 1462 2284 1517 ϐὦν.
2325 1462 2384 1517 '0
2418 1461 2476 1517 δέ
2505 1478 2569 1531 γε
2589 1459 2696 1514 τῶν
2726 1458 3000 1530 πολεμίων
3034 1456 3204 1528 δῆμος
3236 1448 3657 1525 ἐλάλησεν.Έπὶ
3672 1441 3757 1516 τῷ

2156 1553 2399 1627 θερισμῷ
2424 1571 2518 1608 σου
2538 1554 2632 1608 καὶ
2647 1553 2739 1606 ἐπὶ
2756 1549 2835 1624 τῷ
2851 1549 3107 1623 τρυγητῷ
3133 1565 3252 1614 σου,
3278 1546 3442 1618 φησίν
3465 1562 3477 1576 ·
3504 1543 3739 1614 ἐλάλησε

2152 1646 2210 1700 δὲ
2232 1646 2284 1701 τί
2303 1663 2319 1713 ;
2345 1646 2438 1713 Τὸ,
2462 1645 2848 1716 Καταπατήσω
2867 1641 3130 1713 δηλονότι,
3152 1640 3247 1695 καὶ
3270 1638 3485 1694 ἅπαντα
3507 1654 3574 1690 πε
3583 1634 3742 1690 σοῦνα

2150 1758 2263 1795 ται.
2292 1740 2403 1794 Καὶ
2441 1738 2580 1810 πρὸς
2627 1738 2839 1802 τούτοις
2893 1734 3005 1791 ετιο
3063 1735 3386 1808 ’Δρθήσεται
3424 1729 3739 1804 εὐφροσύνη

476 1842 806 1895 prosequens
857 1826 1165 1890 dzemouas,
1202 1828 1524 1891 pernoctans
1575 1819 1627 1874 iu
1685 1819 1818 1883 aris,
1860 1827 1916 1873 et
1950 1834 2052 1873 an-

2159 1831 2252 1887 καὶ
2280 1830 2594 1903 άγαλλίαμα
2615 1832 2681 1885 ὲκ
2705 1828 2815 1884 τῶν
2830 1826 3092 1900 ἀμπέλων
3116 1843 3230 1880 σου·
3258 1826 3288 1879 δ
3315 1824 3425 1896 γὰρ
3456 1822 3743 1895 φιλέορτος

474 1935 584 1974 sam
650 1917 847 1973 laetitias
905 1916 1131 1980 habens,
1174 1928 1387 1982 semper
1447 1910 1777 1968 sacriﬁcare.
1814 1908 2053 1966 Piorabit

474 2021 527 2065 et
564 2008 731 2072 ﬂebit.
778 2007 1034 2078 omnique
1078 2004 1349 2075 voluptate
1443 2005 1631 2075 procul
1682 2004 1880 2059 aberit.
1934 2003 2051 2059 Non

475 2104 622 2159 enim
690 2100 873 2157 laetitia
928 2098 1251 2165 adicientur,
1289 2113 1395 2153 non
1448 2096 1733 2153 calcabunt
1779 2097 1960 2152 viuum
1999 2098 2051 2153 in

478 2193 839 2251 torcularibus
871 2208 886 2244 :
942 2207 1066 2247 nam
1096 2190 1349 2248 cessavit.
1384 2188 1500 2247 Non
1551 2190 1677 2255 erit,
1705 2188 1901 2261 inquit,
1943 2190 2056 2245 fru-

473 2299 597 2342 ctus
643 2284 881 2350 vitibus;
913 2285 1166 2355 peribunt
1208 2283 1353 2338 enim
1384 2297 1505 2338 cum
1553 2283 1684 2354 ipsis
1714 2300 1834 2355 qua:
1887 2284 1955 2338 ab
1984 2282 2052 2340 iis

478 2387 602 2432 nata
651 2384 799 2431 sunt.
833 2374 903 2430 Et
941 2373 1008 2430 de
1062 2374 1279 2439 vitibus,
1300 2375 1345 2429 si
1376 2374 1762 2431 exseindantur
1813 2375 2050 2447 penitus,

477 2483 602 2524 vera
632 2465 747 2521 haec
781 2466 975 2521 oratio.
1007 2465 1102 2519 Sin
1133 2465 1397 2535 pertineat
1426 2466 1492 2519 ad
1520 2481 1617 2519 nos
1643 2507 1660 2535 ,
1695 2466 1839 2522 velut
1868 2482 2053 2520 exem-

478 2560 547 2628 pli
578 2568 750 2630 gratia
781 2557 847 2613 de
876 2558 1033 2621 rebus
1064 2554 1343 2619 humanis,
1374 2556 1527 2610 docet
1574 2572 1762 2611 rursus
1799 2557 1886 2612 hic
1935 2554 2051 2612 ser-

479 2666 586 2714 mo,
633 2650 775 2720 quod
826 2664 948 2704 cum
1013 2645 1358 2718 gignentibus
1415 2662 1479 2701 ea
1532 2663 1653 2718 quae
1707 2649 1884 2719 genita
1925 2658 2053 2704 sunt

475 2742 885 2804 exolescent,nt
937 2754 1111 2809 neque
1173 2738 1304 2810 ipsis
1349 2740 1752 2811 praegnantibus
1814 2740 1918 2795 ulla
1982 2742 2051 2798 ab

478 2836 719 2890 hostibus
749 2832 1017 2888 tribuatur
1062 2831 1457 2892 misericordia.
1491 2829 1718 2886 Passam
1749 2830 1853 2887 hoc
1884 2832 2052 2890 fuisse

474 2925 770 2983 Jerusalem
828 2925 1058 2980 dicimtts
1110 2924 1161 2979 in
1221 2922 1359 2978 bello
1429 2923 1689 2980 adversus
1758 2924 2049 2982 Romanos.

477 3018 737 3073 Servator
806 3017 1059 3072 nimirum
1142 3016 1311 3083 dixit,
1372 3018 1738 3086 praenuntians
1804 3034 1867 3074 ea
1932 3036 2052 3088 qmn

477 3110 550 3165 illi
582 3120 847 3166 eventura
882 3117 1064 3171 erant.
1117 3108 1259 3177 quod
1310 3106 1652 3162 obsideretur
1682 3110 1749 3163 ab
1778 3113 2047 3177 exercitu,

2151 1923 2467 1994 Μωαϐίτης,
2493 1925 2522 1977 ό
2549 1921 2810 1987 πλείστας
2838 1923 2951 1984 τοῖς
2976 1917 3228 1989 δαίμοσιν
3261 1914 3539 1977 ἀνατιθεὶς
3582 1913 3741 1967 τελε-

2151 2013 2272 2080 τὰς.
2300 2015 2330 2069 δ
2358 2010 2789 2084 διανυκτερεύων
2822 2010 2916 2066 ἰπὶ
2958 2009 3187 2082 βωμοῖς.
3217 2007 3312 2062 καὶ
3340 2004 3619 2078 πρόφασιν
3647 2002 3745 2057 εύ-

2153 2105 2427 2179 φροσύνης
2448 2105 2511 2160 τὸ
2537 2105 2685 2160 θύειν
2715 2104 2856 2178 ἔχων
2876 2102 2986 2159 ἀεί.
3021 2098 3367 2173 Κατοιμώξει
3388 2099 3483 2154 καὶ
3514 2096 3747 2153 κλαύσει

2151 2215 2262 2263 ται,
2300 2197 2398 2252 καὶ
2442 2195 2661 2269 ἁπάσης
2702 2194 3002 2268 θυμηδείας
3043 2191 3200 2246 ἔσται
3250 2189 3492 2262 μακράν.
3521 2188 3598 2243 Ού
3631 2186 3746 2259 γάρ

2155 2290 2232 2361 μὴ
2260 2288 2756 2363 εὐφρανθήσονται·
2787 2285 2895 2341 οὐδ’
2934 2285 2995 2339 ού
3024 2283 3102 2357 μὴ
3132 2283 3469 2355 πατήσουσιν
3501 2275 3647 2334 οἶνον
3662 2280 3746 2343 εἰς

2150 2382 2222 2438 τὰ
2241 2382 2525 2456 ύπολήνια,
2547 2381 2820 2436 πέπαυται
2848 2378 2976 2451 γάρ.
3005 2378 3119 2433 Οὐκ
3140 2375 3314 2439 ἔσται.
3337 2372 3524 2446 φησιν,
3554 2373 3616 2427 ιν
3635 2373 3750 2443 άμ-

2154 2474 2337 2540 πέλοις
2361 2473 2574 2547 καρπός
2591 2490 2605 2504 ’
2633 2472 3016 2544 συνοιχήσεται
3041 2469 3150 2541 γάρ
3170 2468 3361 2532 αὐταῖς
3385 2463 3457 2520 τά
3471 2464 3532 2530 ἐξ
3559 2462 3749 2520 αὐτῶν

2150 2569 2467 2640 τικτόμενα.
2503 2568 2613 2623 Καὶ
2631 2566 2724 2621 ἐπὶ
2748 2568 2847 2637 μὲν
2888 2566 3008 2629 ταῖς
3050 2562 3316 2634 ἀμπέλοις
3364 2561 3413 2615 εί
3454 2558 3750 2614 ἐκκόπτοιεν

2151 2660 2322 2725 ὅλως,
2370 2657 2577 2731 ἀληθὴς
2621 2659 2805 2712 οὐτοσὶ
2851 2655 3028 2727 λόγος.
3064 2655 3130 2708 Ei
3174 2652 3233 2708 δὲ
3279 2651 3345 2725 δὴ
3371 2651 3582 2721 γένοιτο
3608 2649 3752 2722 πρὸς

2150 2753 2184 2820 ή
2194 2750 2332 2821 μῶν,
2349 2749 2425 2814 ὡς
2444 2750 2503 2803 ὲν
2515 2748 2744 2822 δυνάμει
2759 2745 3222 2819 παραδειγμάτων
3243 2743 3414 2798 ἐπὶτὰ
3427 2741 3757 2815 ἀνθρώπινα.

2150 2841 2394 2896 διδάσκει
2424 2841 2584 2896 πάλιν
2618 2843 2646 2896 ό
2680 2840 2859 2911 λόγος,
2888 2839 2963 2904 ὡς
2985 2836 3123 2910 ὁμοῦ
3149 2835 3367 2906 γονεῦσι
3397 2834 3466 2889 τὰ
3488 2831 3551 2900 ἐξ
3563 2832 3754 2887 αὐτῶν

2151 2934 2453 3005 οἰχήσεται,
2482 2933 2558 2997 ὡς
2585 2932 2721 3006 μηδὲ
2753 2933 2945 2996 αὐταῖς
2966 2933 3088 2994 ταῖς
3108 2927 3505 3001 κυοφορούσαις
3522 2925 3758 2997 δοθῆναί

2153 3041 2275 3078 τινα
2302 3023 2451 3097 παρὰ
2504 3023 2613 3078 τῶν
2646 3023 2919 3094 πολεμίων
2967 3023 3059 3076 τὸν
3103 3020 3276 3078 ἔλεον.
3315 3017 3656 3074 Πεπονθέναι
3692 3017 3760 3072 δὲ

2150 3115 2309 3170 τοῦτο
2335 3115 2476 3169 κατά
2497 3114 2594 3187 τὴν
2633 3114 2987 3187 Ἰερουσαλήμ
3024 3129 3205 3185 φαμεν
3245 3112 3301 3166 ὲν
3324 3109 3402 3182 τῷ
3444 3108 3581 3181 πρὸς
3620 3107 3764 3160 Ῥω-

475 3204 850 3271 accideretqne
900 3215 976 3254 vae
1004 3200 1338 3269 parientibus
1385 3209 1443 3254 et
1472 3209 1683 3254 uterum
1712 3205 2046 3273 gerentibus,

2159 3208 2348 3281 μαίους
2368 3206 2611 3280 πολέμῳ.
2631 3208 2741 3262 Καὶ
2757 3206 2886 3277 γοῦν
2904 3206 3141 3276 ἔφασκεν
3155 3208 3183 3261 ὁ
3199 3203 3393 3276 Σωτὴρ
3418 3216 3761 3273 προσαπαγ-

477 3292 583 3347 illis
639 3294 827 3348 diebus
876 3295 1129 3347 Inaximc.

2163 3300 2367 3369 γέλλων
2399 3300 2469 3354 τά
2499 3299 2891 3371 συμϐησόμενα
2916 3298 3073 3370 αὐτῇ.
3097 3298 3179 3351 ὅτι
3207 3294 3625 3364 κυκλωθήσεται
3653 3291 3761 3361 μὲν

474 3385 581 3440 ὑπὸ
625 3387 1033 3456 στρατοπέδω-ι’
1085 3388 1423 3462 συμϐήσεται
1463 3390 1520 3444 δὲ
1560 3390 1620 3444 τὸ
1653 3391 1774 3445 οὐαὶ
1818 3391 2054 3463 μάλιστα
2091 3398 2207 3461 ταῖς
2268 3393 2582 3460 τικτούσαις
2616 3394 2713 3448 καὶ
2778 3396 2897 3459 ταῖς
2920 3397 2977 3448 ὲν
3010 3392 3207 3465 γαστρὶ
3229 3390 3483 3463 ἐχούσαις
3515 3390 3576 3442 ἐν
3608 3384 3760 3440 ἐκεῖ-

476 3498 597 3545 ναις
617 3483 737 3546 ταῖς
773 3480 1032 3553 ἡμέραις.

551 3578 684 3633 Vill.
753 3576 840 3631 ll.
901 3574 1188 3644 Propterea
1251 3589 1427 3633 renler
1489 3594 1634 3632 meus
1684 3594 1841 3648 super
1899 3578 2055 3634 Ilonb

475 3671 612 3728 velut
634 3671 838 3724 cithara
887 3669 1116 3736 sonabit,
1154 3679 1202 3723 et
1232 3670 1484 3726 interiora
1534 3688 1649 3724 mea
1687 3673 1827 3725 velut
1872 3688 2056 3727 murus

475 3776 629 3828 quem
661 3761 944 3815 renovnsti.

550 3853 850 3916 Submotis,
920 3850 1121 3920 inquit,
1190 3852 1387 3922 gaudio
1415 3861 1471 3907 et
1527 3852 1714 3909 laetitia
1766 3855 1835 3910 de
1887 3856 2058 3919 vineis

480 3946 610 4011 tuis,
633 3956 687 3999 et
716 3942 860 3998 nullo
892 3945 946 3999 in
965 3944 1071 3999 illis
1110 3942 1348 4009 lmtante,
1371 3959 1494 3999 cum
1538 3947 1641 4000 hoc
1668 3961 1767 4001 usu
1818 3950 2054 4012 venerit,

481 4039 612 4095 ﬁent
639 4037 901 4093 interiora
932 4050 1050 4091 mea
1081 4036 1289 4090 cithara
1318 4046 1371 4095 et
1401 4037 1669 4092 cantilena
1698 4049 1752 4093 et
1766 4039 2058 4093 modulatio

479 4145 642 4202 Super
673 4140 745 4187 te.
786 4127 900 4183 Tua
947 4128 1091 4183 enim
1133 4127 1357 4182 enuntio
1415 4127 1576 4194 mala,
1634 4139 1690 4184 et
1740 4132 2059 4198 percelebro

480 4221 739 4277 inllictam
801 4219 899 4274 tibi
941 4217 1326 4274 calamitatem.
1370 4216 1438 4272 Et
1463 4219 1608 4273 velut
1654 4220 1865 4275 cithara
1910 4236 2059 4291 qure-

477 4317 601 4372 dam
628 4315 890 4371 concinna
948 4314 1232 4379 resonabo,
1266 4319 1321 4367 et
1371 4312 1451 4366 sic
1476 4315 1798 4383 percutiam,
1858 4326 1913 4369 et
1963 4330 2060 4371 ex-

479 4406 714 4461 audibile
744 4406 937 4461 faciam
979 4420 1222 4470 carmen,
1255 4402 1399 4457 velut
1434 4420 1647 4460 murum
1696 4422 1855 4477 quem
1903 4423 2060 4463 reno—

478 4499 638 4554 vasti.
674 4498 818 4552 Dixit
848 4498 992 4553 enim
1022 4498 1074 4552 in
1111 4498 1377 4569 principio
1421 4497 1645 4553 visionis
1693 4499 1881 4554 beatus
1932 4514 2060 4570 pro-

480 4590 691 4660 pheta:
740 4588 909 4643 Noctu
968 4590 1168 4659 peribit
1229 4591 1510 4658 Moabitis;
1561 4601 1719 4647 noctu
1766 4593 1908 4647 enim
1961 4593 2052 4646 de-

2229 3579 2334 3635 Διὰ
2367 3576 2544 3633 τοῦτο
2572 3579 2610 3647 ἡ
2647 3576 2847 3631 κοιλία
2882 3593 3003 3644 μου
3040 3572 3141 3628 ἐπὶ
3193 3572 3374 3627 Μωὰϐ
3401 3573 3483 3639 ὡς
3536 3575 3762 3645 κιθάρα

2158 3670 2400 3741 ἠχήσει,
2432 3670 2529 3726 καὶ
2562 3669 2634 3723 τὰ
2663 3669 2836 3736 ἐντός
2860 3684 2980 3738 μου
3006 3667 3090 3733 ὡς
3129 3663 3347 3733 τεῖχος,
3377 3664 3410 3719 ὃ
3452 3665 3760 3721 suam-

2156 3781 2295 3833 σας.

2240 3854 2663 3928 Ἀφῃρημένων,
2683 3852 2865 3922 φησὶν,
2894 3850 3303 3922 άγαλλιάματός
3326 3866 3382 3904 τε
3414 3851 3510 3905 καὶ
3549 3852 3759 3925 εὐφρο·

2160 3949 2324 4019 σύνης
2349 3949 2416 4000 ὲκ
2443 3945 2550 3999 τῶν
2572 3945 2837 4016 ἀμπέλων
2863 3960 2979 4012 σου,
3010 3944 3105 3998 καὶ
3124 3942 3338 4008 οὐδενὸς
3365 3946 3424 3999 ἐν
3446 3945 3637 4009 αὐτοῖς
3667 3945 3761 3999 εύ-

2159 4038 2602 4112 φρανθησομένου
2626 4076 2644 4101 ,
2688 4034 3100 4108 συμϐεϐηκότος
3127 4035 3187 4091 δὲ
3236 4036 3429 4090 τούτου
3466 4039 3759 4104 κάκείνου,

2157 4134 2443 4200 γενήσεται
2469 4129 2539 4183 τά
2571 4127 2722 4193 ἐντός
2757 4144 2858 4199 μου
2882 4128 2976 4182 καὶ
2997 4128 3199 4199 κιθάρα
3221 4130 3314 4184 καὶ
3333 4128 3447 4201 ᾠδὴ
3473 4131 3571 4184 καὶ
3594 4131 3761 4201 μέλος

2159 4225 2251 4278 ἐπί
2274 4240 2378 4277 σοι.
2404 4222 2486 4276 Τὰ
2511 4221 2580 4276 σά
2606 4220 2716 4292 γάρ
2748 4217 3061 4289 ἐξαγγέλλω
3105 4219 3279 4291 πάθη,
3330 4224 3425 4274 καὶ
3462 4219 3761 4295 διαϐόητον

2158 4315 2443 4385 ἀποφαίνω
2460 4313 2557 4386 τὴν
2574 4310 2956 4383 ἐπενεχθεῖσαν
2986 4326 3067 4364 σοι
3091 4312 3407 4384 συμφορὰν.
3426 4313 3541 4366 Καὶ
3559 4311 3764 4386 ὥσπερ

2158 4424 2241 4470 τις
2263 4405 2534 4478 εὔρυθμος
2554 4402 2843 4474 άναϐοήσω
2866 4401 3023 4475 λύρα.
3048 4405 3375 4476 κατακτυπή
3384 4421 3463 4458 σω
3477 4404 3536 4459 δὲ
3556 4404 3761 4472 οὕτως,

2160 4500 2252 4554 καὶ
2275 4500 2602 4566 ἐξάκουστον
2628 4497 2937 4569 ἐργάσομαι
2961 4495 3062 4568 τὴν
3083 4496 3251 4571 ᾠδὴν,
3286 4497 3364 4562 ὡς
3385 4500 3569 4570 τεῖχος
3596 4500 3630 4554 δ
3647 4503 3767 4555 ἐνε-

2159 4593 2429 4656 καίνισας.
2454 4592 2597 4660 Ἔφη
2622 4590 2723 4660 μὲν
2758 4590 2865 4662 γὰρ
2894 4592 2951 4643 ἐν
2972 4591 3169 4662 ἀρχαῖς
3193 4591 3296 4660 τῆς
3316 4592 3566 4663 ὁράσεως
3593 4596 3626 4648 ὁ
3654 4611 3767 4664 μα-

478 4690 725 4737 struetur
747 4698 931 4735 inurus
958 4679 1282 4739 Moabitidis.
1317 4684 1449 4740 Cum
1479 4694 1660 4739 autem
1690 4700 1788 4738 nos
1838 4699 2052 4739 sensum

2162 4687 2353 4754 κάριος
2404 4683 2723 4756 προφήτης·
2762 4682 2976 4746 Νυκτὸς
3026 4683 3310 4738 ἀπολεῖται
3361 4686 3395 4756 ἡ
3437 4685 3766 4751 Μωαϐῖτις·

479 4774 671 4829 borum
710 4773 978 4828 dictarunt
1027 4774 1528 4844 interpretarentur,
1567 4776 1826 4841 diximus,
1874 4785 2052 4830 terra:-

2159 4774 2353 4838 νυκτὸς
2368 4773 2479 4845 γάρ
2504 4771 2784 4828 ἀπολεῖται
2802 4772 2864 4826 τὸ
2886 4775 3065 4844 τεῖχος
3089 4777 3190 4845 τῆς
3212 4775 3584 4841 Μωαϐίτιδος.
3601 4781 3772 4851 Διερ-

479 4877 626 4924 motu
653 4866 817 4932 facto,
845 4883 1059 4922 murum
1123 4868 1428 4940 disruptum
1484 4869 1655 4925 fuisse
1723 4868 2050 4934 Moabitidis,

2160 4863 2555 4936 μηνεύοντεςδὲ
2581 4864 2740 4935 ἡμεῖς
2764 4863 2874 4918 τῶν
2905 4865 3217 4936 εἰρημένων
3243 4867 3343 4941 τὴν
3369 4868 3628 4941 δύναμιν,
3646 4849 3773 4924 ἐλέ-

477 4971 535 5018 et
567 4970 693 5017 ante
721 4960 955 5016 hostium
986 4958 1316 5028 conﬂictum,
1364 4972 1571 5017 tantum
1601 4977 1708 5016 non
1761 4961 1828 5014 de
1859 4958 2052 5013 fcrtula-

2159 4974 2355 5028 γομεν,
2397 4957 2481 5010 ὅτι
2524 4955 2751 5027 σεισμοῦ
2792 4956 3102 5026 γεγονότος,
3150 4957 3215 5012 τὸ
3248 4960 3348 5033 τῆς
3409 4962 3774 5028 Μωαϐίτιδος

479 5054 680 5109 tuentis
714 5059 1072 5119 commotum,
1096 5067 1160 5106 ac
1182 5051 1522 5106 Moabiticam
1582 5050 1857 5119 regionem
1899 5047 2052 5116 quasi

2159 5048 2480 5120 xamppdm
2513 5049 2715 5118 τεῖχος,
2754 5047 2852 5101 καὶ
2882 5048 2990 5119 πρὸ
3018 5049 3120 5121 τῆς
3148 5051 3260 5104 τῶν
3288 5051 3571 5123 πολεμίων
3598 5054 3777 5108 i160-

481 5146 683 5202 tonitru
734 5142 1204 5216 perterrefecisse.
1272 5142 1439 5210 Quem
1505 5141 1667 5196 etiam
1732 5138 2052 5204 refecerunt,

2159 5140 2251 5212 λῆς
2272 5140 2555 5211 μονονουχὶ
2583 5138 2678 5193 καὶ
2703 5139 2769 5192 ὲκ
2785 5139 3005 5211 βάθρων
3026 5142 3435 5214 άναμοχλευθὲν
3456 5145 3779 5218 κατεϐρόνο

477 5239 571 5293 sed
603 5238 819 5293 irritum
845 5237 1001 5310 plane
1016 5235 1254 5290 laborem
1281 5235 1335 5289 in
1372 5234 1472 5288 hoc
1493 5232 1655 5303 260
1699 5231 2052 5284 insumentes.

2159 5248 2286 5303 τησε
2314 5231 2415 5301 τῆς
2439 5229 2767 5293 Μωαϐιτῶν,
2791 5232 2822 5285 ὃ
2853 5231 2920 5304 δὴ
2952 5233 3049 5288 καὶ
3079 5234 3458 5300 άνεκαίνισαν,
3494 5238 3773 5308 ἀνόνητον

475 5329 751 5401 Ceperunt
774 5345 1006 5401 namque
1028 5329 1186 5384 facile
1208 5329 1340 5384 citra
1361 5326 1600 5380 laborem
1632 5338 1846 5378 omnem
1863 5331 2052 5377 terram

2159 5322 2430 5388 παντελῶς
2450 5323 2542 5377 τὸν
2564 5323 2656 5377 ἐπί
2671 5339 2738 5392 γε
2756 5323 2935 5395 τούτῳ
2952 5324 3370 5399 δαπανήσαντες
3389 5329 3575 5385 πόνον.
3600 5325 3777 5386 Εἷλον

479 5424 691 5494 Assyrii
768 5433 826 5478 et
879 5421 1181 5496 Babylonii.
1248 5419 1531 5476 Sonabant
1574 5417 1740 5487 igitur
1794 5415 2052 5469 interiora

2159 5415 2261 5488 γὰρ
2288 5415 2527 5487 ἀμογητὶ
2556 5413 2655 5484 τὴν
2681 5413 2979 5485 σύμπασαν
2997 5417 3109 5489 γῆν
3135 5418 3417 5493 ’Δσσύριοί
3441 5438 3498 5475 τε
3523 5423 3624 5477 καὶ
3652 5423 3777 5478 Ba.-

478 5532 621 5578 mea.
654 5517 847 5586 inquit,
903 5519 957 5571 in
1009 5518 1119 5572 tuis
1172 5513 1575 5573 calamitatibus
1615 5509 1771 5580 quasi
1822 5509 2052 5572 cithara,

2159 5505 2427 5561 ϐυλώνιοι.
2466 5505 2692 5573 Ἦχήσει
2737 5504 2920 5562 τοίνυν
2957 5508 3031 5562 τὰ
3067 5510 3227 5575 ἐντός
3253 5529 3382 5584 μου,
3420 5514 3615 5584 φησὶν.
3674 5515 3781 5568 ἐπὶ

476 5618 532 5664 et
569 5606 773 5659 luctum
829 5609 964 5661 adeo
1018 5608 1287 5663 celebrem
1340 5607 1542 5663 edam:
1597 5602 2052 5674 quemadmodum

2159 5597 2277 5659 ταῖς
2301 5597 2419 5658 σαῖς
2439 5596 2752 5664 συμφοραῖς-
2766 5594 2846 5659 tit;
2874 5597 3103 5670 κιθάρα,
3128 5603 3224 5657 καὶ
3255 5603 3544 5676 διαϐόητον
3581 5605 3777 5671 οὔτως

477 5699 685 5759 scilicet
718 5709 934 5759 murus,
965 5696 1057 5764 qui
1111 5694 1352 5763 deiectus
1425 5707 1530 5762 est,
1590 5708 1749 5765 quem
1818 5687 2052 5747 refecisti

2159 5687 2215 5741 τὸ
2245 5687 2338 5740 σδν
2362 5684 2662 5754 ἐργάσομαι
2680 5684 2852 5749 πάθος
2875 5703 2891 5718 ·
2918 5688 3181 5765 καθάπερ
3201 5694 3398 5767 ἀμέλει
3419 5696 3480 5750 τὸ
3503 5695 3599 5750 σὺν
3624 5714 3777 5751 κατε⁸

479 5793 717 5871 qnidem,
759 5801 943 5844 verum
998 5787 1283 5842 inutiliter.
1348 5788 1558 5845 Etenim
1627 5794 1913 5844 corruente
1962 5792 2052 5837 sua

2159 5775 2357 5849 ηνέχθη
2390 5774 2585 5842 τεῖχος,
2625 5772 2653 5825 δ
2693 5774 3044 5847 ὲνεκαίνισας
3097 5785 3219 5857 μὲν,
3264 5787 3407 5861 πλὴν
3458 5788 3548 5843 ἐπ’
3582 5791 3779 5845 οὐδενὶ
