3962 6216
243 251 347 308 41⁵1

1384 241 1448 297 ιν
1488 241 1722 298 ΙΞΑΙΑΜ
1763 242 1891 299 LIB.
1932 243 1998 299 ll.
2040 242 2276 300 TOMUS
2313 241 2400 298 ΙΙΙ.

3399 247 3506 303 418

240 367 352 419 τῶν
379 361 690 438 χρησίμων.
728 357 1084 420 Πεπτωκότος
1110 355 1218 428 γάρ
1241 356 1566 428 αὐτομάτως
1589 360 1684 413 τοῦ
1717 361 1830 414 τεί-

1945 368 2128 425 sponte
2179 372 2353 424 muro,
2415 369 2576 412 nemo
2633 366 2752 412 erat
2786 357 2871 413 vel
2927 356 2980 412 in
3029 365 3139 412 tata
3189 355 3504 424 Moabitide,

238 473 396 528 χους,
428 453 624 509 οὐδένα
647 451 756 505 τῶν
785 449 1140 505 κατάοπᾶσαν
1184 449 1284 520 τὴν
1312 448 1639 511 Μωαϐιτῶν,
1666 451 1836 521 ήγουν

243 550 344 603 καὶ
375 545 588 618 ἑτέραις
632 544 800 598 ὄντων
842 541 1030 596 πόλεσί
1056 557 1115 594 τε
1163 539 1259 593 καὶ
1297 539 1503 611 χώραις
1536 540 1725 596 ἔλαθεν
1773 542 1836 597 τὸ

249 657 318 694 συ
325 638 622 710 μϐεϐηκός.
1611 688 1618 696 ,

318 732 432 785 Kal
471 734 642 786 ἔσται
666 729 738 783 ἐν
763 726 844 794 τῷ
875 723 1246 795 ὲντραπῆναί
1280 740 1374 787 σε,
1415 725 1506 778 ὅτι
1544 723 1834 778 ἐκοπίασε

245 820 432 877 Μωὰό
473 820 570 873 ἐπὶ
622 817 748 885 τοῖς
767 815 1017 887 βωμοῖς,
1056 813 1154 869 καί
1201 815 1614 869 εἰσελεύσεται
1644 816 1731 882 εις
1760 815 1836 870 τὰ

247 911 634 984 χειροποίητα
680 906 887 975 αὐτῆς,
921 905 1078 960 ὥστε
1127 904 1598 974 προσεύξασθαι,
1623 904 1723 959 καὶ
1759 907 1833 961 οὐ

239 1005 325 1075 μὴ
351 1003 615 1069 δύνηται
643 999 961 1066 ἐξελέσθαι
993 999 1200 1052 αὐτόν.

315 1095 432 1151 Καὶ
463 1096 518 1149 τὶ
547 1093 683 1165 πρὸς
703 1092 898 1163 τούτῳ,
929 1090 1084 1162 φησι,
1115 1089 1450 1161 συμϐήσεται
1482 1089 1664 1155 πάλιν,
1695 1088 1832 1161 ὅπερ

246 1208 328 1243 σοι
353 1188 649 1258 γενήσεται
681 1183 814 1256 πρὸς
836 1183 1100 1254 αἰσχύνης
1125 1184 1220 1237 καὶ
1240 1184 1503 1255 ἐντροπῆς
1523 1199 1538 1212 ο
1570 1181 1832 1254 ματαίους

245 1281 354 1354 γὰρ
372 1278 699 1348 ἀνατλήσεις
716 1275 931 1338 πόνους,
951 1275 1303 1346 ἀναπιμπλάς
1323 1276 1422 1347 μὲν
1437 1275 1686 1346 αἱμάτων
1703 1276 1832 1340 τοὺς

247 1376 399 1447 παρά
425 1374 512 1427 σοὶ
537 1371 778 1443 βωμοὺς,
801 1368 896 1424 καὶ
929 1368 1338 1440 ἀκαταλήκτους
1376 1368 1696 1440 ποιούμενος
1732 1371 1832 1433 τὰς

246 1468 465 1532 θυσίας,
487 1465 582 1520 κα)⁵
593 1463 748 1527 λιτάς
771 1462 1064 1533 προσάγων
1083 1464 1196 1525 τοῖς
1215 1462 1628 1532 χειροποιήτοις.
1654 1461 1697 1513 Τ
1701 1459 1830 1532 εύξῃ

244 1576 301 1612 τε
342 1556 562 1619 οὐδενὸς
601 1554 710 1608 τῶν
739 1554 819 1617 είς
859 1553 1044 1624 ὄνησίν
1071 1570 1131 1606 τε
1164 1554 1258 1605 καὶ
1281 1552 1574 1623 σωτηρίαν.
1622 1553 1696 1605 Οὐ
1720 1551 1830 1623 γάρ

248 1667 306 1702 σε
341 1649 666 1719 δυνήσονται
699 1646 806 1698 τῶν
844 1645 1238 1716 ἐπηρτημένων
1281 1643 1588 1707 ἀπαλλάξαι
1619 1643 1825 1696 κακῶν.

1935 450 2019 506 vel
2065 450 2228 506 etiam
2280 449 2333 505 in
2381 449 2504 504 aliis
2555 450 2780 505 urbibus
2854 465 2919 505 ac
2967 449 3284 520 provinciis,
3346 465 3506 520 quem

1937 542 2142 599 latebat
2170 542 2312 613 quod
2351 541 2648 597 acciderat.

2003 721 2284 778 “535.12.
2342 719 2410 773 El
2443 722 2540 775 erit
2591 721 2686 776 tibi
2728 721 2974 776 dedecori
3011 740 3074 777 ac
3114 723 3326 794 pudori,
3371 727 3510 793 quod

1933 814 2245 868 laboraverit
2281 811 2435 867 Moab
2481 828 2636 879 super
2683 814 2810 877 aris,
2845 824 2894 868 el
2947 817 3268 886 ingredietur
3306 818 3362 870 in
3399 834 3515 871 nta—

1944 906 2160 974 nufucta
2185 923 2285 959 sua
2315 906 2384 958 ad
2401 903 2818 976 supplicandum,
2853 917 2900 960 et
2923 925 3026 962 non
3052 919 3296 978 poterunt
3311 909 3514 982 eripere

1931 1014 2068 1054 eam.

2003 1091 2213 1148 Rursus
2262 1089 2538 1161 continget
2603 1101 2656 1147 et
2711 1093 2854 1148 aliud
2911 1094 3162 1163 quiddam
3228 1103 3509 1165 prmterea,

1933 1184 2075 1255 quod
2132 1184 2226 1239 tibi
2273 1185 2462 1254 pudori
2512 1185 2612 1239 erit
2642 1193 2697 1239 et
2767 1185 3098 1256 ignominiae.
3152 1186 3512 1245 Frustraneos

1932 1277 2076 1332 enim
2110 1276 2326 1332 labores
2377 1277 2705 1345 exantlabis,
2770 1278 3128 1349 sanguinibus
3183 1279 3373 1334 altaria
3419 1289 3511 1335 tua

1933 1368 2206 1440 replendo.
2257 1378 2314 1426 et
2359 1368 2518 1441 juges
2597 1371 3024 1426 sacrilicationes
3110 1370 3382 1437 faciendo,
3457 1382 3514 1427 et

1933 1461 2254 1518 manufactis
2275 1462 2690 1532 supplicationes
2714 1461 3021 1520 offerendo:
3045 1464 3392 1532 consequeris
3417 1479 3514 1518 au—

1932 1561 2040 1608 tem
2073 1554 2204 1610 nihil
2236 1557 2377 1624 quod
2400 1556 2466 1610 ad
2495 1556 2834 1610 commodum
2871 1555 3166 1610 salutemve
3201 1555 3510 1624 pertineat:

1931 1658 2037 1698 non
2055 1645 2197 1698 enim
2214 1645 2282 1700 ab
2300 1654 2350 1698 te
2363 1644 2795 1712 impendentibus
2814 1643 2968 1699 malis
2983 1653 3236 1713 poterunt
3253 1643 3506 1700 liberare.

247 1741 384 1795 Ποία
399 1739 512 1812 γὰρ
533 1739 684 1808 ἰσχὺς
710 1739 766 1790 ἐν
782 1735 1017 1799 εἰδώλοις
1033 1734 1279 1806 ἀψύχοις,
1298 1733 1334 1789 ἀ
1355 1735 1452 1788 καὶ
1471 1733 1667 1806 τέχνης
1683 1735 1829 1787 ἐστὶν

1945 1736 2091 1792 idolis
2111 1737 2252 1790 enim
2295 1735 2544 1790 inanimis
2574 1735 2702 1804 quid
2743 1735 2961 1790 tandem
2989 1735 3130 1790 inest
3151 1733 3514 1790 fortitudinis?

247 1831 603 1904 ἀνθρωπίνης
631 1828 938 1900 εὑρήματα,
970 1824 1064 1879 καὶ
1099 1825 1460 1896 δημιουργοὺς
1493 1825 1675 1895 ἔχουσι
1703 1825 1831 1888 τοὺς

250 1918 691 1994 προσκυνοῦντας
719 1915 876 1977 cura;
906 1913 1113 1970 Οὐκοῦν
1135 1914 1277 1968 καθά
1305 1929 1470 1983 φησιν
1507 1914 1536 1966 ὁ
1565 1913 1832 1984 μακάριος

246 2015 435 2070 Δαϐίδο
465 2010 684 2084 Ὅμοιοι
704 2010 884 2072 αὐτοῖς
907 2008 1172 2077 γένωνται
1192 2007 1242 2060 οἱ
1263 2008 1538 2070 ποιοῦντες
1554 2007 1712 2073 αὐτὰ,
1737 2005 1833 2060 καὶ

249 2108 454 2169 πάντες
475 2106 523 2158 οἱ
554 2100 868 2163 πεποιθότες
893 2099 981 2151 ἐπ’
1010 2098 1209 2162 αὐτοῖς.
1230 2097 1424 2151 Ἰστέον
1451 2097 1527 2165 δὲ,
1557 2098 1638 2151 ὅτι
1668 2097 1834 2151 δεισι-

247 2195 659 2268 δαιμονέστεροι
681 2191 803 2244 λίαν
828 2191 876 2244 οἱ
897 2190 1186 2244 Μωαϐῖται
1205 2188 1514 2258 γεγόνασιν,
1550 2190 1834 2242 οἰωνοσκο-

249 2290 337 2342 mi
379 2303 444 2342 τε
471 2286 568 2340 καὶ
602 2283 1017 2354 ψευδομάντεις,
1043 2280 1135 2334 καὶ
1159 2281 1524 2351 τερατολόγοι,
1565 2279 1661 2334 καὶ
1697 2279 1832 2332 πολὺ

247 2381 366 2434 λίαν
399 2378 878 2450 ἐπιθαρσήσαντες
902 2377 1014 2437 τοῖς
1037 2374 1100 2426 ἐκ
1134 2372 1386 2444 γοητείας
1414 2375 1622 2434 κακοῖς.
1645 2373 1834 2444 ᾯοντο

244 2472 354 2542 γὰρ
371 2473 504 2533 iam;
527 2464 1020 2539 κατευμεγεθήσειν
1041 2464 1298 2518 δύνασθαι
1318 2465 1416 2536 τῆς
1437 2464 1544 2518 τῶν
1559 2464 1834 2536 πολεμίων

245 2562 453 2635 χειρὸς,
483 2561 546 2613 οὐ
575 2559 850 2624 τοσοῦτον,
885 2555 961 2620 ῶς
987 2573 1049 2626 γε
1079 2551 1251 2628 οἶμαι,
1282 2559 1401 2622 ταῖς
1429 2556 1536 2610 τῶν
1563 2557 1834 2610 τακτικῶν

248 2653 608 2726 ἐμπειρίαις,
657 2653 782 2705 ὅσον
810 2653 933 2714 ταῖς
977 2649 1318 2720 ἐπικουρίαις
1358 2648 1466 2702 τῶν
1507 2649 1656 2718 παρά
1681 2649 1834 2719 σφίσι

251 2745 421 2798 θεῶν.
449 2743 585 2797 Ἀλλ’
620 2745 974 2815 ἡμαρτήκασι
1025 2742 1126 2813 τῆς
1176 2742 1410 2808 ἐλπίδος,
1459 2742 1663 2814 ἄψυχον
1700 2741 1834 2813 ὓλην

253 2839 348 2892 διὰ
385 2836 588 2890 θυσιῶν
615 2854 674 2890 τε
698 2838 784 2890 καὶ
810 2836 966 2907 λιτῆς
994 2835 1322 2899 καλέσαντες
1353 2838 1433 2899 εἰς
1455 2834 1794 2906 ἐπικουρίαν.

333 2927 522 2984 Τοῦτο
564 2927 629 2981 τὸ
666 2927 831 2998 ῥῆμα
873 2928 906 2982 ὃ
960 2927 1230 2996 ἐλάλησε
1272 2927 1486 2995 Κύριος
1524 2925 1623 2980 ἐπὶ
1658 2925 1840 2981 Μωὰϐ

251 3022 443 3074 ὁπότε
470 3018 569 3072 καὶ
613 3017 939 3086 ἐλάλησεν.

1933 1845 2053 1900 quae
2089 1840 2143 1885 et
2183 1829 2429 1884 humana:
2491 1828 2626 1882 artis
2681 1827 2898 1882 inventa
2971 1837 3115 1894 sunt,
3157 1837 3212 1882 et
3268 1827 3510 1882 artiﬁces

1933 1920 2132 1976 habent
2161 1922 2250 1990 qui
2282 1935 2343 1975 ea
2367 1922 2612 1976 adorant.
2648 1919 2833 1988 Itaque
2888 1920 3025 1974 sicut
3089 1919 3283 1974 beatus
3340 1918 3510 1974 David

1933 2015 2012 2069 ait
2054 2029 2069 2067 :
2113 2011 2330 2068 Similes
2384 2011 2486 2067 illis
2511 2011 2641 2066 ﬁant
2703 2012 2794 2081 qui
2828 2011 3032 2066 faciunt
3060 2025 3146 2074 ea,
3199 2020 3255 2065 et
3311 2025 3508 2066 omnes

1934 2104 2025 2176 qui
2088 2104 2256 2158 ﬁdunt
2307 2105 2358 2158 in
2411 2104 2599 2159 illis“.
2640 2104 2928 2160 Sciendum
2987 2113 3187 2168 autem,
3234 2101 3511 2157 exstitisse

1935 2197 2199 2252 Moabitas
2235 2196 2818 2266 superstitiosissimos,
2850 2205 2902 2248 et
2966 2210 3197 2263 augures
3238 2204 3293 2249 et
3340 2209 3510 2251 vanos

1932 2300 2106 2357 vates,
2165 2298 2220 2344 et
2282 2287 2668 2343 miraculorum
2739 2286 3060 2356 jactatores,
3117 2295 3174 2340 et
3216 2286 3509 2356 praestigiis

1934 2384 2221 2456 plurimum
2248 2381 2504 2437 conﬁsos.
2539 2379 2932 2434 Existimabam
2973 2378 3117 2432 enim
3162 2392 3222 2431 se
3273 2378 3509 2432 hostium

1935 2491 2154 2532 manum
2189 2477 2515 2536 devicturos,
2545 2487 2649 2526 non
2682 2481 2815 2532 tam,
2841 2479 2901 2524 ut
2924 2483 3025 2539 ego
3049 2468 3264 2538 quidem
3292 2483 3508 2535 censeo,

1936 2585 2034 2623 usu
2080 2568 2380 2640 peritiaque
2431 2580 2730 2631 armorum,
2774 2578 2934 2633 quam
2998 2564 3238 2632 ipsorum
3285 2562 3508 2618 deorunt

1935 2660 2296 2716 adminiculis.
2322 2658 2517 2714 Verum
2571 2672 2666 2727 spe
2717 2655 2961 2710 frustrati
2998 2664 3144 2719 sunt,
3200 2655 3292 2725 qui
3326 2655 3510 2710 inani-

1937 2768 2079 2808 mam
2109 2752 2391 2806 materiam
2433 2749 2718 2805 sacriﬁciis
2752 2748 3107 2818 precibusque
3139 2747 3192 2802 in
3249 2747 3509 2803 auxilium

1935 2859 2066 2898 mea
2077 2851 2218 2897 runt.

2009 2936 2124 2991 Hoc
2167 2944 2244 2989 est
2277 2934 2488 2988 verbum
2544 2931 2685 3004 quod
2721 2930 2927 2986 loculus
2967 2940 3041 2985 est
3067 2929 3323 2985 Dominus
3353 2945 3511 3000 super

1945 3025 2116 3090 Moab,
2148 3025 2353 3095 quando
2376 3033 2424 3076 et
2451 3022 2654 3076 locutus
2681 3031 2778 3078 est.

323 3111 498 3180 Αὕτη,
523 3111 711 3182 φησιν,
741 3112 774 3181 ή
804 3111 1011 3182 ὅρασις,
1043 3111 1076 3181 ή
1099 3109 1242 3164 κατά
1267 3110 1367 3179 τῆς
1409 3109 1712 3165 Μωαϐιτῶν
1735 3108 1831 3161 λα-

2009 3117 2151 3181 Haec,
2179 3118 2373 3186 inquit,
2415 3114 2550 3170 visio
2619 3123 2703 3167 est
2730 3120 2918 3167 contra
2972 3110 3312 3167 Moabitieam
3363 3109 3509 3165 dicta

253 3203 481 3275 ληθεῖσα
505 3202 660 3273 παρά
691 3203 826 3257 Θεοῦ
852 3220 865 3232 ·
889 3203 1052 3255 ὁπότε
1086 3203 1178 3256 καὶ
1211 3201 1458 3272 ἐλάλησε,
1498 3201 1642 3256 τοῦτ’
1664 3201 1830 3265 ἔστιν,

258 3302 307 3354 εί
333 3302 427 3353 καὶ
457 3300 586 3370 πρὶν
625 3299 751 3361 τοὺς
795 3299 862 3351 δι’
895 3297 1026 3368 ἐμοῦ
1069 3296 1324 3366 γενέσθαι
1357 3295 1564 3366 λόγους,
1609 3295 1835 3350 πλεῖστά

256 3411 316 3447 τε
340 3396 441 3448 ὅσα
469 3391 733 3461 λελάληκε
776 3391 903 3463 περὶ
929 3391 1120 3460 αὐτῆς,
1164 3390 1260 3444 καὶ
1289 3390 1382 3442 ἐπὶ
1420 3389 1632 3460 μυρίοις
1665 3387 1837 3459 αὐτὴν

259 3486 558 3556 κατῃτιᾶτο
598 3483 808 3545 κακοῖς.
871 3482 956 3542 Ὠς
990 3481 1100 3552 γὰρ
1129 3481 1265 3550 ἔφην
1309 3480 1540 3550 φθάσας,
1568 3481 1662 3533 καὶ
1690 3481 1719 3532 ὁ
1747 3480 1836 3532 θε-

261 3577 484 3639 σπέσιος
512 3572 721 3641 Μωσῆς
750 3573 846 3644 τῆς
884 3571 978 3625 τοῦ
1009 3572 1194 3636 ἔθνους
1213 3571 1575 3643 διαμέμνηται
1614 3570 1836 3642 δυστρο-

257 3669 412 3730 πίας,
443 3667 538 3720 καὶ
564 3667 623 3720 ἐν
653 3667 763 3728 τοῖς
778 3665 858 3718 ὃτι
892 3663 1123 3733 μάλιστα
1142 3662 1636 3733 κατεστυγημένοις
1665 3664 1836 3716 ποιεῖ-

262 3756 388 3812 σθαι
415 3757 804 3828 προστέταχεν.
834 3754 978 3823 Ἔφη
1003 3753 1135 3822 γοῦν
1153 3771 1167 3784 ο
1196 3754 1310 3807 Οὐκ
1327 3751 1757 3807 είσελεύσεταιἈ
1769 3768 1836 3821 μ’

265 3849 498 3920 μανίτης
532 3848 628 3901 καί
671 3844 962 3917 Μωαϐίτης
1014 3847 1094 3909 είς
1126 3843 1422 3916 ἐκκλησίαν
1461 3843 1702 3916 Κυρίου,
1746 3842 1840 3898 καὶ

259 3944 366 4006 ἕως
403 3941 634 4011 δεκάτης
682 3938 892 4006 γενεᾶς.
944 3935 1273 4008 Ἀπεκόμισέ
1309 3951 1439 3990 ποτε
1473 3936 1568 3989 καὶ
1607 3934 1698 3990 τὸν
1736 3935 1838 3988 Ἰσ-

261 4033 406 4107 ραὴλ
436 4033 536 4104 τῆς
561 4033 642 4095 είς
665 4029 798 4084 Θεὸν
827 4029 1070 4101 ἀγάπης,
1103 4030 1197 4083 καὶ
1233 4031 1558 4101 προσκυνείν
1586 4028 1840 4082 ἀνέπεισε

254 4128 342 4198 τῷ
364 4124 707 4197 Βεελφεγὼρ,
735 4125 855 4188 ταῖς
898 4123 980 4186 εἰς
1001 4122 1333 4194 αἰσχρότητα
1357 4121 1689 4193 τεθηγμένον
1719 4121 1843 4192 ήδο-

251 4220 404 4280 ναξ,
439 4216 534 4270 καὶ
570 4214 808 4285 γυναίων
853 4212 1024 4286 ὥραις
1061 4212 1526 4284 σεσαγηνευμένον
1565 4212 1647 4274 είς
1686 4210 1842 4266 amb-

250 4310 436 4362 λειαν.
476 4305 685 4360 οὐκοῦν
712 4305 976 4376 λελάληκε
1016 4304 1115 4376 μὲν
1155 4304 1282 4374 περὶ
1313 4301 1484 4372 αὐτῆς
1510 4303 1538 4355 ὁ
1567 4300 1674 4355 τῶν
1705 4302 1841 4356 ὅλων

254 4400 422 4463 Θεός.
471 4399 580 4452 Καὶ
623 4397 717 4451 νῦν
741 4398 797 4452 δέ
826 4398 893 4452 δι’
917 4395 1051 4469 ἐμοῦ
1098 4395 1257 4449 τοῦτο
1295 4395 1520 4466 γέγονεν
1558 4393 1646 4447 ἐπ’
1672 4394 1841 4464 αὐτῆς

253 4493 329 4547 τὸ
363 4491 538 4564 ῥῆμα,
575 4491 760 4561 φησιν.

343 4583 453 4636 Kal
493 4581 610 4635 νῦν
653 4579 807 4650 λέγω
827 4621 842 4646 ,
872 4579 943 4633 ἐν
977 4578 1177 4647 τρισίν
1207 4576 1410 4631 ἐτεσιν
1437 4574 1588 4630 ἐτῶν
1619 4576 1846 4644 μισθω-

259 4671 382 4728 τοῦ
435 4669 903 4740 ἁτιμασθήσεται
941 4671 980 4739 ἠ
1025 4668 1178 4734 δόξα
1232 4655 1445 4733 Μωὰϐ,
1493 4665 1617 4722 σὺν
1665 4666 1845 4720 παντί

258 4762 354 4830 τῷ
393 4763 636 4825 πλούτῳ
661 4760 742 4827 τῷ
761 4760 990 4827 πολλῷ,
1020 4761 1121 4815 καί
1155 4758 1700 4830 καταλειφθήσεται
1726 4759 1850 4815 ὀλι-

260 4851 494 4926 γοστὸς
535 4853 632 4907 καὶ
667 4854 780 4907 οὐκ
812 4851 1071 4922 ἔντιμος.

345 4946 441 5010 Εἰς
486 4946 790 5016 ἀνάμνησιν
837 4945 1077 5016 ἱστορίας
1122 4946 1271 5016 ἡμᾶς
1303 4943 1398 4998 καὶ
1441 4942 1540 4998 νῦν
1566 4945 1596 4998 ό
1636 4961 1848 5017 προφη-

1935 3226 1964 3264 a
1999 3209 2140 3264 Deo:
2184 3208 2398 3278 quando
2451 3206 2610 3260 etiam
2641 3205 2850 3260 loeutus
2899 3213 3002 3270 est,
3035 3203 3088 3258 id
3134 3212 3237 3268 est,
3297 3201 3510 3257 etiamsi

1936 3312 2222 3370 antequam
2263 3316 2358 3372 per
2383 3313 2467 3354 me
2514 3301 2678 3352 verba
2713 3296 2926 3363 ﬁerent,
2978 3295 3378 3366 quamplurima
3445 3295 3513 3349 de

1935 3408 1999 3448 ea
2029 3394 2240 3448 locutus
2269 3401 2370 3451 est,
2403 3399 2459 3444 et
2483 3387 2554 3444 ob
2576 3388 2786 3442 inﬁnita
2829 3387 2966 3442 mala
3007 3403 3124 3442 eam
3157 3385 3506 3442 insimulavit.

1937 3483 2395 3551 Quemadmodum
2433 3481 2577 3537 enim
2624 3479 2872 3551 superius
2919 3480 3052 3546 dixi,
3079 3480 3293 3535 divinus
3339 3479 3516 3534 Moses

1937 3574 2112 3645 gentis
2139 3573 2297 3641 hujus
2320 3584 2707 3628 commemorat
2734 3573 3166 3643 perversitatem,
3191 3580 3244 3628 et
3269 3571 3321 3626 in
3352 3571 3507 3626 odio-

1936 3665 2166 3721 sissimis
2222 3679 2286 3719 ac
2310 3665 2674 3720 infestissimis
2711 3665 2891 3719 haberi
2909 3664 3088 3733 jussit.
3138 3664 3279 3717 Dixit
3311 3664 3510 3734 itaque:

1937 3757 2054 3812 Non
2081 3756 2410 3826 ingredietur
2430 3755 2764 3820 Ammanita,
2788 3763 2843 3809 et
2865 3753 3091 3807 Moabita
3131 3753 3185 3807 in
3229 3752 3512 3810 ecclesiam

1938 3849 2094 3922 261
2147 3846 2381 3912 Domini,
2413 3846 2575 3902 etiam
2631 3859 2798 3914 usque
2849 3845 2914 3898 ad
2957 3844 3221 3899 decimam
3275 3853 3511 3901 aetatem.

1937 3943 2176 3998 Abduxit
2227 3941 2352 3996 item
2404 3937 2690 4008 aliquando
2741 3935 2992 3991 lsraelem
3043 3950 3072 3989 a
3136 3935 3404 3991 charitate
3457 3937 3512 3992 in

1940 4028 2141 4100 Deum,
2185 4031 2560 4103 persuasitque
2585 4029 2811 4084 adorare
2843 4026 3191 4099 Beelphegor,
3228 4027 3515 4097 voluptati-

1939 4127 2040 4182 bus
2069 4129 2134 4181 ad
2167 4126 2468 4181 fmditatem
2519 4122 2874 4184 stimulatum.
2901 4132 2955 4177 et
2986 4132 3266 4177 venustate
3288 4121 3507 4176 mulier-

1940 4219 2182 4274 cularum
2217 4217 2564 4288 illaqueatam
2617 4216 2684 4270 ad
2731 4215 3028 4270 interitum.
3092 4213 3275 4284 Itaque
3329 4211 3396 4266 de
3450 4228 3512 4267 ea

1940 4310 2150 4364 locutus
2173 4317 2254 4364 est
2276 4309 2641 4364 universitatis
2683 4309 2840 4361 Deus.
2890 4306 2948 4361 Et
2988 4321 3152 4366 nunc.
3188 4305 3378 4375 inquit,
3417 4321 3516 4376 per

1947 4415 2034 4456 me
2067 4401 2268 4456 factum
2298 4409 2380 4455 est
2402 4402 2622 4454 verbum
2646 4414 2806 4471 super
2836 4414 2923 4454 ea.

2014 4579 2178 4635 Vsus.
2205 4578 2292 4634 14.
2335 4578 2555 4632 Elnunc
2576 4579 2713 4640 dico.
2739 4577 2791 4629 in
2841 4575 3011 4630 tribus
3041 4576 3194 4630 annis
3252 4593 3512 4631 annorum

1943 4673 2274 4740 mercenarii,
2321 4671 2606 4742 ignominia
2648 4669 2916 4738 afﬁcietur
2945 4670 3112 4738 gloria
3166 4667 3323 4722 Moab
3398 4685 3516 4723 cum

1946 4765 2182 4819 omnibus
2227 4764 2444 4825 divitiis,
2485 4764 2654 4833 iisque
2695 4761 2896 4827 multis,
2921 4771 2969 4815 et
3011 4762 3336 4832 relinquetur
3387 4776 3519 4832 pau-

1947 4860 2211 4924 cissimas,
2234 4868 2280 4912 el
2308 4873 2413 4912 non
2446 4856 2760 4910 honoratus.

2022 4952 2102 5006 Ad
2178 4949 2742 5005 conuuemorationem
2818 4943 3057 5000 historiae
3101 4958 3245 5000 nunc
3297 4957 3513 5012 quoque

259 5037 425 5100 τικὸς
472 5035 793 5107 ἀποκομίζει
847 5037 1021 5106 λόγος.
1073 5036 1533 5108 Ἀποφοιτήσασαι
1580 5037 1689 5108 γὰρ
1736 5037 1835 5090 τῶν

1954 5054 2288 5100 revocaturos
2315 5057 2494 5098 sermo
2525 5039 2886 5113 propheticus.
2947 5038 3297 5092 Secesseram
3365 5036 3517 5088 vide-

278 5129 670 5200 Ἱεροσολύμων
700 5130 828 5183 δέκα
856 5128 952 5183 τοῦ
986 5127 1200 5200 Ἰσραὴλ
1232 5127 1414 5197 φυλαὶ,
1455 5129 1550 5182 καὶ
1586 5130 1646 5182 τὸ
1672 5130 1835 5201 ἥμισυ

1952 5136 2078 5191 licet
2101 5135 2169 5190 ab
2193 5133 2574 5205 Hierosolymis
2599 5135 2782 5190 decem
2810 5132 2979 5188 tribus
3010 5127 3194 5191 Israel,
3214 5134 3269 5180 et
3297 5125 3518 5183 dimidia

267 5221 451 5292 φυλῆς
479 5220 733 5293 Ἐφραῒμ,
759 5222 1144 5291 κατῳκήκασιν
1169 5221 1227 5272 ἐν
1249 5223 1315 5291 τῇ
1348 5220 1661 5292 Σαμαρείᾳ·
1695 5239 1835 5294 προσ

1953 5228 2122 5282 tribus
2181 5226 2454 5297 Ephraim,
2503 5227 2923 5296 habitaruntque
3001 5222 3054 5276 in
3117 5218 3386 5280 Samaria,
3457 5234 3522 5273 ac

268 5311 610 5380 κεκυνήκασι
655 5311 712 5364 δέ
761 5314 883 5375 ταῖς
926 5314 1186 5382 χρυσαῖς·
1241 5310 1472 5374 ἐνιέντες
1521 5311 1720 5374 αὐτοὺς
1775 5313 1835 5365 είς

1945 5318 2208 5388 iuvencas
2260 5334 2453 5374 aureas
2503 5320 2814 5384 adorarunt,
2876 5316 3136 5372 invitante
3161 5326 3253 5366 eos
3303 5310 3370 5364 ad
3422 5309 3524 5364 hoc

269 5405 465 5470 τοῦτο,
512 5404 606 5458 καὶ
649 5404 927 5468 δυσσεϐῶς
975 5404 1387 5476 κατωθήσαντος
1431 5404 1712 5476 ’ῐεροϐοάμ
1757 5405 1835 5459 τοί

1949 5411 2235 5467 Jeroboam
2266 5412 2374 5467 ﬁlio
2403 5411 2597 5476 Nabal,
2627 5412 2896 5481 impieque
2921 5407 3246 5476 impellente.
3312 5403 3441 5458 Dein
3471 5411 3526 5457 et

271 5495 488 5553 Νάϐατ.
518 5491 656 5552 Εἶτα
684 5497 779 5551 καὶ
823 5498 1012 5568 ἐτέρας
1044 5497 1343 5570 ἐπενόησαν
1379 5497 1497 5552 ἐκεῖ
1531 5495 1628 5562 τὰς
1665 5498 1835 5569 ψευδο

1953 5501 2086 5560 alios
2104 5503 2284 5561 cultus
2310 5503 2709 5561 commentitios
2742 5503 2850 5560 illic
2881 5499 3273 5572 echgitaruut,
3297 5497 3527 5570 quisque

350 5651 399 5684 “
425 5649 568 5712 Psal.
593 5671 746 5725 cant,
780 5657 834 5714 ε.
