4026 6210
419 282 524 337 419

1419 275 1478 331 S.
1518 271 1791 331 CYBILLI
1833 268 2303 327 ALEXANDRINI
2346 268 2662 325 ARCHIEP.

3580 264 3683 321 420

418 415 516 468 pro
540 413 637 454 suo
668 397 930 453 arbitratu
962 402 1342 451 consecrantes
1389 396 1547 464 quasi
1610 395 1801 450 Deum.
1858 392 2001 448 Indi-

2111 392 2360 462 λατρείας
2415 390 2636 444 ἔκαστοι
2673 390 2730 443 τὸ
2782 386 2975 443 δοκοῦν
3026 388 3369 454 ἀνατιθέντες
3426 387 3501 450 ὡς
3531 388 3687 441 Θεόν.

418 502 611 561 gnatus
652 491 814 560 igitur
858 488 943 543 bis
986 487 1353 541 universitatis
1400 486 1560 553 Deus,
1600 495 1788 556 utpote
1840 485 2001 553 maje-

419 596 558 640 state
592 583 763 653 ipsius
798 581 1187 635 contumeliose
1237 579 1659 645 contmacnlata,
1702 579 2001 649 patriisque

420 676 573 729 Stfilis
615 673 960 743 proculcatis,
1027 680 1232 724 tantum
1296 685 1398 724 non
1462 671 1788 725 conductum
1836 672 1999 740 Assy-

422 767 559 818 rium
591 764 1103 819 Salmanasarumin
1137 776 1231 817 eos
1291 762 1540 826 immisit,
1605 762 1777 831 quiet
1832 768 1999 814 totam

422 855 889 909 Samaritanorum
924 862 1124 907 terram
1160 852 1216 906 in
1288 868 1506 906 manum
1570 860 2002 921 potestatemque

422 946 644 1015 redegit,
683 944 851 998 tribus
891 944 1162 998 coutinuis
1198 944 1355 997 annis
1379 944 1455 996 illi
1488 943 1730 997 insidens
1748 956 1813 996 ac
1858 942 2004 995 incn-

421 1040 587 1092 bans:
618 1040 913 1105 eodemque
949 1045 1059 1089 toto
1126 1044 1365 1103 tempore
1403 1036 1455 1089 vi
1509 1044 1663 1103 capta
1724 1042 1807 1089 est
1857 1041 1999 1087 terra

421 1131 724 1185 Moabitica.
786 1128 1039 1189 Proinde.
1125 1128 1349 1197 inquit,
1412 1141 1722 1198 quanquam
1790 1125 2002 1180 locutus

421 1224 491 1277 sit
519 1224 646 1276 olim
702 1221 863 1286 Deus,
922 1221 1013 1274 sed
1050 1229 1104 1274 et
1157 1236 1299 1273 nunc
1330 1220 1470 1284 dico,
1529 1220 1669 1289 quod
1721 1219 1775 1273 in
1829 1216 2005 1272 tribus

421 1314 577 1367 annis
605 1327 866 1365 annorum
916 1310 1259 1373 mercenarii,
1317 1310 1369 1362 id
1401 1320 1504 1373 est,
1564 1308 1708 1376 regis
1756 1306 2003 1378 Assyrio-

422 1422 561 1470 rum,
592 1404 882 1474 ignominia
916 1402 1181 1456 allicietur
1219 1402 1389 1470 gloria
1433 1401 1606 1456 Moab.
1660 1399 1779 1467 Quo
1816 1400 2001 1464 verbo,

420 1499 505 1553 vel
530 1500 769 1568 ipsorqu
802 1497 931 1550 dicit
979 1509 1226 1565 regnum,
1286 1494 1371 1548 vel
1432 1494 1857 1564 magnitudinem
1908 1507 2006 1545 ur-

421 1591 593 1655 bium,
619 1591 700 1645 vel
733 1590 1146 1645 inhabitantium
1185 1587 1603 1651 multitudinem,
1635 1586 1720 1641 vel
1758 1585 2006 1641 fortassis

421 1693 632 1738 aetatem
656 1685 731 1737 rei
786 1683 991 1738 bellica
1042 1682 1296 1751 peritam.
1349 1680 1763 1749 Derelinqnetur
1824 1687 2002 1732 autem

2115 486 2522 555 Ἀγανακτήσας
2581 482 2870 554 τοιγαροῦν
2918 480 3009 534 ἐπὶ
3067 480 3277 545 τούτοις
3324 482 3353 532 ὁ
3397 478 3506 533 τῶν
3552 478 3693 533 ὅλων

2102 576 2323 648 Κύριος,
2357 576 2451 629 ἀτε
2481 576 2546 646 δὴ
2577 576 2669 628 καὶ
2701 574 3035 646 ὑϐρισμένης
3065 572 3228 626 αὐτοῦ
3260 573 3359 642 τῆς
3383 571 3564 643 δόξης,
3597 572 3691 625 καὶ

2103 668 2509 738 πεπατημένων
2536 667 2642 721 τῶν
2673 666 2943 739 πατρῴων
2975 665 3214 736 θεσμῶν,
3248 664 3532 736 μονονουχὶ
3566 681 3695 717 κατ⁸

2102 760 2444 832 εμισθώσατο
2487 760 2576 813 τὸν
2611 759 2896 831 ’Λσσύριον
2931 758 3298 829 Σαλμανασάρ
3337 759 3433 811 καὶ
3472 758 3694 827 ἐπαφῆ-

2102 869 2196 906 κεν
2227 852 2428 918 αὐτοῖς,
2479 850 2539 915 ὃς
2570 851 2664 905 καὶ
2696 853 2875 905 πᾶσαν
2908 850 3008 922 τὴν
3040 851 3400 922 Σαμαρειτῶν
3440 867 3693 921 κατεχειο

2109 945 2264 1018 ροῦτο
2297 946 2419 1016 γῆν,
2452 946 2629 1017 τρισὶν
2660 944 2803 1007 ὅλοις
2846 944 3019 997 ἔτεσιν
3070 943 3326 1015 ἐνιζήσας
3356 944 3521 1016 αὐτῇο
3554 943 3698 1000 κατὰ

2102 1038 2193 1091 τὸν
2229 1037 2391 1091 αὑτὸν
2418 1037 2629 1091 τουτονὶ
2659 1037 2848 1109 χρόνον
2889 1036 3004 1107 ἥλω
3034 1035 3175 1090 κατά
3215 1037 3420 1107 κράτος
3450 1037 3482 1107 ἡ
3515 1037 3699 1090 Μωα-

2103 1129 2288 1183 ϐιτῶν.
2324 1128 2536 1183 Οὐκοῦν
2584 1130 2630 1182 εἰ
2683 1129 2777 1182 καὶ
2823 1127 3118 1199 λελάληκε,
3169 1127 3336 1200 φησὶ,
3389 1127 3483 1181 καὶ
3527 1128 3699 1182 πάλαι

2103 1222 2260 1286 Θεὸς,
2302 1222 2436 1276 ἀλλά
2464 1221 2560 1274 καὶ
2592 1219 2687 1276 νῦν
2727 1221 2872 1290 λέγω
2899 1261 2913 1286 ,
2944 1221 3026 1275 ὅτι
3068 1222 3124 1274 ὲν
3161 1223 3274 1282 τοῖς
3306 1221 3483 1291 τρισὶν
3516 1219 3700 1274 ἐτεσιν

2104 1315 2213 1368 τῶν
2258 1313 2398 1367 ὲτῶν
2446 1313 2538 1367 τοῦ
2576 1311 2883 1384 μισθωτοῦ,
2927 1312 3068 1366 τοῦτ’
3109 1312 3258 1378 ἔστι,
3289 1311 3386 1366 τοῦ
3432 1312 3699 1385 βασιλέως

2118 1405 2435 1477 Ἀσσυρίων,
2460 1404 2944 1476 ἀτιμασθήσεταιὴ
2974 1403 3099 1470 δόξα
3134 1404 3327 1458 Μωάῦ.
3363 1406 3472 1458 Καὶ
3513 1405 3604 1459 διά
3629 1421 3697 1474 γε

2105 1494 2332 1561 τούτων,
2357 1497 2477 1567 ἦτοι
2502 1495 2602 1568 τὴν
2625 1496 2775 1567 παρά
2796 1496 2979 1559 αὐτοῖς
3014 1495 3290 1567 βασιλείαν
3318 1497 3501 1567 φησὶν,
3531 1496 3565 1568 ἢ
3594 1499 3700 1550 καὶ

2107 1586 2248 1639 κατά
2280 1585 2350 1639 τά
2378 1586 2587 1657 μεγέθη
2616 1586 2724 1639 τῶν
2762 1586 2990 1647 πόλεων,
3024 1587 3119 1640 καὶ
3153 1586 3252 1658 τὴν
3287 1585 3393 1640 τῶν
3429 1586 3701 1641 ἐνοικούν-

2106 1695 2213 1731 των
2262 1678 2493 1749 πληθὺν,
2526 1679 2558 1751 ἦ
2592 1679 2733 1750 τάχα
2767 1697 2896 1743 που,
2941 1679 3041 1749 τὴν
3079 1679 3544 1750 ὲμπειροπόλεμον
3577 1680 3699 1751 ηλι-

424 1776 614 1844 inquit,
697 1774 1081 1843 paucissimus,
1131 1781 1186 1825 et
1249 1786 1353 1825 non
1400 1770 1734 1834 honoratus;
1784 1768 1834 1823 id
1900 1778 2004 1834 est,

2111 1769 2250 1821 κίαν.
2294 1768 2797 1841 Καταλειφθὴσεται
2821 1769 2897 1833 δὲ,
2934 1769 3118 1839 φησὶν,
3150 1768 3427 1837 ὀλιγοστὸς
3464 1772 3556 1824 καὶ
3589 1770 3694 1823 οὐκ

425 1868 565 1922 bello
590 1867 909 1921 coniicietur
932 1864 1190 1935 quidquid
1213 1872 1297 1918 est
1318 1863 1460 1934 apud
1477 1877 1571 1918 eos
1599 1860 1961 1916 honoriﬁcum
1986 1874 2000 1911 :

423 1959 744 2028 superstites
774 1965 829 2010 et
854 1957 964 2027 jam
994 1957 1216 2011 omnino
1240 1956 1395 2024 pauci
1429 1951 2004 2023 erunt,abjeetissimi,

423 2062 477 2108 et
505 2068 696 2121 parum
731 2050 977 2114 masculi,
1012 2048 1265 2118 nulloque
1307 2048 1474 2102 habiti
1536 2049 1591 2100 in
1639 2046 1830 2117 pretio.
1872 2043 2008 2098 Ter-

428 2145 587 2200 ribile
618 2146 782 2215 igitur
807 2142 1047 2199 incidere
1078 2142 1131 2196 in
1160 2156 1353 2195 manus
1375 2140 1473 2195 Dei
1502 2140 1731 2193 viventis
1761 2136 1919 2202 “"';
1954 2146 2011 2192 et

413 2236 848 2305 Omnipotemem
897 2233 1096 2289 audere
1148 2232 1445 2299 oliendere,
1506 2231 1635 2301 quid
1698 2229 1845 2284 aliud
1902 2235 2006 2289 est,

424 2343 584 2397 quam
631 2342 820 2382 omnes
890 2326 1231 2380 calamitates
1282 2322 1664 2379 consciscere?
1714 2323 1786 2377 At
1864 2320 2009 2376 salus

423 2430 510 2474 est
533 2420 762 2473 libenter
798 2418 871 2472 illi
902 2432 1118 2486 parcre,
1145 2417 1320 2486 ipsum
1344 2416 1519 2471 solum
1558 2414 1720 2479 scire,
1748 2420 1801 2469 et
1846 2426 2006 2468 erro-

424 2513 502 2565 ris
526 2511 744 2581 laqueos
774 2511 1004 2570 evitare,
1035 2509 1195 2577 eique
1231 2522 1353 2562 cum
1383 2504 1581 2561 atIectu
1619 2506 1764 2559 bono
1787 2505 2005 2559 dicere:

428 2605 672 2664 Domine,
698 2613 849 2656 extra
898 2612 951 2655 te
991 2600 1156 2655 alium
1203 2614 1311 2656 non
1370 2597 1751 2670 cognovimus,
1805 2610 2007 2651 nomen

424 2706 576 2751 tuum
603 2696 968 2748 nominamus.

498 2938 661 3010 262
703 2935 833 2991 Car.
873 2932 1039 2990 XVII.
1434 2930 1725 2989 CONTRA
1775 2930 2009 2987 DAMA-

2110 1856 2345 1928 ἔντιμος,
2385 1857 2529 1912 τοῦτ’
2562 1859 2699 1926 ἐστι,
2730 1860 3164 1930 δαπανηθήσεται
3212 1861 3308 1930 μὲν
3358 1859 3434 1932 τῷ
3468 1861 3692 1932 πολέμῳ

2109 1953 2217 2005 πᾶν
2257 1952 2393 2023 ὅπερ
2422 1952 2537 2005 ἐστὶ
2566 1951 2745 2022 τίμιον
2785 1951 2915 2024 παρ’
2940 1944 3158 2016 αὐτοῖςἰ
3182 1953 3230 2005 οἱ
3258 1953 3316 2007 δέ
3342 1970 3403 2022 γε
3451 1954 3691 2026 περιλει-

2109 2044 2334 2113 φθέντες
2372 2044 2543 2113 ὀλίγοι
2568 2061 2627 2097 τε
2666 2043 2879 2098 ἔσονται
2934 2045 3233 2112 παντελῶς,
3262 2044 3590 2117 ἀτιμώτατοί
3627 2064 3688 2100 τε

2115 2136 2210 2189 καὶ
2244 2136 2516 2207 ἄνανδροι,
2544 2136 2638 2191 καὶ
2666 2136 2760 2190 τοῦ
2795 2135 3021 2208 μηδενὸς
3049 2139 3189 2204 ἄξιοι
3233 2139 3413 2209 λόγου.
3457 2139 3691 2212 Φοόερὸν

2109 2223 2203 2283 οὖν
2232 2228 2361 2301 ἄρα,
2388 2228 2448 2282 τὸ
2481 2230 2739 2300 ἐμπεσεῖν
2767 2229 2847 2293 εἰς
2893 2231 3079 2300 χεῖρας
3129 2230 3262 2284 Θεοῦ
3309 2229 3542 2297 ζῶντος⁸
3597 2234 3695 2287 καὶ

2110 2322 2171 2375 τδ
2231 2320 2589 2395 προσκρούειν
2651 2322 2961 2395 ἀποτολμᾷν
3027 2323 3105 2395 τῷ
3172 2327 3347 2379 πάντα
3423 2325 3689 2396 ἰσχύοντι,

2110 2414 2231 2478 πῶς
2258 2414 2357 2485 οὐχ
2402 2414 2618 2485 ἀπάσης
2649 2414 2801 2469 ἔσται
2845 2415 3108 2487 πρόξενον
3142 2419 3462 2490 συμφορᾶς;
3507 2418 3691 2489 Σωτή-

2111 2524 2224 2580 ριον
2253 2507 2309 2561 δὲ
2337 2508 2430 2560 καὶ
2459 2507 2521 2560 τὸ
2543 2509 2860 2562 ὑποκεῖσθαι
2902 2509 3074 2578 φιλεῖν
3103 2511 3271 2582 αὐτῷ,
3304 2512 3395 2566 καὶ
3422 2511 3583 2567 αὑτὸν
3617 2514 3692 2567 εἰ·

2108 2600 2255 2654 δέναι
2280 2600 2457 2670 μόνον,
2489 2601 2583 2655 καὶ
2618 2600 2724 2655 τῶν
2754 2602 2851 2673 τῆς
2882 2602 3092 2676 πλάνης
3124 2604 3342 2676 ἀρκύων
3371 2606 3688 2677 ἀποφοιτᾷν,

2109 2691 2284 2761 λέγειν
2306 2709 2363 2745 τε
2386 2691 2533 2764 αὐτῷ
2557 2693 2694 2764 μετά
2719 2693 3011 2759 διαθέσεως
3038 2696 3246 2768 ἀγαθῆς
3268 2715 3282 2729 ·
3311 2697 3505 2768 Κύριε,
3535 2698 3691 2762 ἐκτός

2112 2801 2205 2837 σου
2247 2785 2405 2839 ἀλλον
2444 2785 2544 2839 οὐκ
2585 2785 2829 2857 οἴδαμεν,
2868 2786 2929 2840 τὸ
2982 2786 3155 2859 ὄνομά
3192 2804 3286 2842 σου
3329 2788 3688 2863 ὀνομάζομεν.

2243 2938 2326 2991 T0
2362 2938 2561 3007 PHMA
2607 2939 2692 2993 ΤΟ
2728 2940 2920 2994 ΚΑΤΑ
2965 2941 3104 2994 ΤΗΣ
3138 2943 3553 2998 ΔΑΜΑΣΚΟΥ.

500 3099 817 3154 Fortissima
847 3107 900 3152 et
937 3095 1242 3151 clarissima
1279 3096 1473 3150 civitas
1523 3093 2006 3154 Damascenorum.

2183 3116 2380 3186 Γέγονε
2411 3119 2509 3189 μὲν
2534 3119 2886 3193 ἀλκιμωτάτη
2915 3122 3013 3177 καὶ
3052 3123 3426 3198 ξπισημοτάτη
3460 3125 3620 3190 πόλις
3656 3129 3692 3200 ἡ

427 3208 494 3248 ac
521 3194 680 3260 impia
721 3202 776 3245 et
799 3190 907 3245 Deo
931 3189 1165 3253 rebellis,
1195 3197 1248 3242 et
1293 3187 1637 3243 sanctissimo
1685 3187 1793 3241 Deo
1831 3185 2007 3241 maxi-

434 3300 517 3338 me
543 3285 735 3347 invisa,
765 3297 825 3336 ac
855 3280 1049 3335 cultrix
1085 3279 1372 3345 idolorum,
1418 3289 1528 3333 tum
1558 3279 1829 3346 impietate
1852 3290 2013 3349 atque

428 3379 664 3431 elatione
691 3376 820 3445 ipsis
878 3373 1116 3445 Assyriis
1144 3372 1292 3427 nullo
1319 3373 1477 3428 modo
1502 3370 1743 3427 inferior.
1779 3368 2012 3427 Oﬁ'endit

433 3472 558 3524 item
611 3469 712 3523 alia
769 3468 977 3522 ratione
1026 3448 1449 3537 omnipotentem
1526 3465 1712 3520 Deum.
1782 3465 2012 3521 Oriundi

431 3564 574 3618 cnim
620 3562 884 3630 sanguine
932 3559 1172 3625 lsraelis,
1215 3559 1266 3612 id
1324 3566 1427 3624 est,
1490 3559 1673 3614 decem
1734 3557 1908 3613 tribus
1957 3566 2015 3611 et

431 3657 652 3712 dimidia
685 3657 855 3711 tribus
886 3655 1164 3727 Epltraim,
1189 3670 1308 3726 quae
1334 3657 1635 3725 migrarunt
1669 3652 1737 3709 ab
1766 3651 2015 3708 Hieroso-

432 3750 610 3821 iymis,
635 3757 688 3803 et
707 3764 827 3819 qua:
853 3747 1194 3803 incoluerunt
1221 3746 1549 3812 Samariam,
1578 3745 1764 3801 vitulis
1824 3746 2005 3801 aureis

433 3856 553 3897 sese
589 3850 1037 3911 prostraverunt,
1064 3839 1352 3895 inducente
1381 3839 1446 3895 ad
1478 3841 1577 3895 boc
1614 3853 1678 3894 ac
1707 3837 2019 3910 impellente

434 3937 599 4006 impio
623 3935 903 3990 Jernboam
932 3933 1038 3989 (ilio
1066 3934 1275 3989 Nabal:
1326 3932 1650 4003 omninoque
1680 3929 2037 4003 refugerunt,

434 4027 714 4096 modisque
741 4026 991 4080 omnibus
1013 4040 1042 4077 a
1078 4025 1350 4079 cbaritate
1380 4024 1431 4078 in
1458 4021 1626 4078 Deum
1684 4022 2015 4078 resiluerunt

437 4119 490 4171 in
515 4117 838 4172 oblivionem
869 4116 1002 4185 legis
1032 4114 1170 4169 data:
1208 4114 1309 4169 sibi
1351 4128 1379 4166 a
1406 4113 1805 4183 sapientissimo
1840 4104 2011 4180 Mose,

432 4213 673 4267 atlducti.
709 4210 840 4265 Cum
868 4219 1045 4264 autem
1076 4207 1363 4277 aliquando
1396 4216 1605 4280 tempus
1645 4218 1886 4274 voearet,
1957 4217 2012 4264 et

435 4300 632 4353 bellum
658 4299 997 4361 adventaret,
1033 4310 1136 4351 non
1167 4295 1222 4369 in
1266 4295 1376 4350 Deo
1434 4296 1647 4352 vivente
1674 4312 1823 4367 spem
1867 4296 2014 4352 loca-

436 4404 582 4458 runt,
609 4394 700 4446 sed
728 4393 1032 4446 asciverunt
1062 4382 1243 4460 potius
1277 4403 1370 4444 eos
1394 4389 1484 4459 qui
1529 4389 1633 4444 illis
1680 4390 2008 4462 temporibus

436 4482 684 4537 Damasci
718 4484 1000 4551 omnisque
1031 4480 1377 4552 Assyriorqu
1426 4489 1581 4536 terra:
1612 4496 1834 4551 regnum
1865 4484 2009 4537 obti-

439 4574 656 4639 nebant,
681 4584 739 4627 ut
764 4574 896 4643 ipsis
916 4574 1119 4629 ferrent
1141 4571 1420 4639 auxilium,
1442 4582 1499 4629 et
1530 4588 1561 4629 e
1590 4589 1750 4630 manu
1778 4576 2010 4635 hostium

438 4668 730 4734 eriperent.
778 4664 1103 4720 Succensuit
1153 4666 1317 4737 igitur
1368 4665 1511 4720 hanc
1561 4667 1629 4721 ob
1661 4681 1903 4733 causam,
1958 4676 2014 4724 et

440 4767 625 4810 contra
656 4771 747 4808 eos
770 4757 1128 4810 exacerbatus
1154 4767 1237 4812 est
1268 4757 1637 4814 universitatis
1670 4757 1832 4814 Deus.
1858 4760 2009 4816 Obli-

445 4848 482 4901 ti
510 4849 648 4902 enim
675 4861 894 4916 prorsus
939 4863 997 4902 se
1034 4863 1100 4902 ex
1145 4847 1385 4922 Egypto
1455 4849 1624 4906 luisse
1679 4854 2010 4921 redemptos,

443 4939 780 4997 intolerabile
824 4939 1010 5011 jugnm
1058 4942 1334 4997 servitutis
1397 4944 1730 5010 excussisse,
1796 4950 1851 4999 et
1917 4959 2014 5015 per

443 5035 679 5089 medium
745 5046 892 5088 mare
956 5034 1288 5102 transivisse,
1354 5036 1478 5091 dein
1548 5052 1748 5092 manna
1805 5037 2008 5106 edisse,

442 5143 638 5196 aquam
663 5141 727 5182 ex
757 5134 905 5195 petra
945 5135 1178 5196 potasse,
1209 5127 1565 5198 omnibusque
1601 5129 1834 5187 inimicis
1868 5145 2008 5200 pra:-

442 5216 696 5285 valuisse,
718 5217 959 5273 liaaredes
981 5219 1243 5274 bonoruut
1273 5220 1515 5289 patribus
1556 5222 2011 5292 repromissorutn

441 5309 742 5372 exstitisse.
771 5312 837 5363 ab
862 5310 1166 5366 hominibus
1195 5326 1348 5383 Opem
1391 5313 1751 5384 implorabant
1805 5315 2012 5381 miseri,

447 5400 604 5454 modo
633 5416 736 5456 non
774 5399 944 5456 Deum
978 5412 1097 5459 atro
1129 5413 1376 5458 notantes
1406 5405 1635 5470 calculo,
1701 5407 1858 5477 quasi
1918 5423 2013 5465 eos

447 5502 665 5544 servare
694 5505 801 5545 non
826 5493 1081 5560 potuerit.
1118 5492 1268 5549 lianc
1302 5494 1463 5566 igitur
1483 5494 1551 5551 ob
1583 5511 1802 5552 causam
1828 5499 2013 5556 traditi

445 5587 574 5635 sunt
603 5580 714 5650 regi
752 5580 1118 5653 Assyriorum,
1150 5584 1240 5656 qui
1289 5587 1540 5645 universa
1566 5598 1723 5659 capta
1767 5587 2011 5648 Samaria

523 5715 573 5749 "
606 5713 768 5774 Hebr.
797 5730 852 5786 κ,
882 5714 970 5769 3|.

2112 3210 2520 3281 Δαμασκηνῶνο
2563 3210 2828 3283 δυσσεὸὴς
2871 3213 2928 3267 δὲ
2960 3214 3054 3268 καὶ
3097 3216 3399 3288 θεομάχος,
3444 3220 3540 3273 καὶ
3580 3219 3692 3273 τῶν

2116 3299 2200 3353 ὃτι
2230 3300 2467 3370 μάλιστα
2511 3304 3007 3377 κατεστυγημένων
3055 3306 3206 3380 παρά
3244 3325 3307 3378 γε
3338 3310 3414 3381 τῷ
3441 3312 3692 3383 παναγίῳ

2112 3392 2232 3464 Θεῷ
2250 3410 2264 3423 ·
2296 3395 2392 3448 καὶ
2417 3390 2485 3467 ἦν
2515 3394 2927 3469 εἰδωλολάτρης,
2958 3400 3055 3453 καὶ
3082 3403 3204 3465 ταῖς
3237 3402 3538 3474 Ἀσσυρίων
3575 3403 3694 3475 βδε-

2111 3482 2325 3556 λυρίαις
2352 3503 2413 3540 τε
2449 3486 2586 3558 ὁμοῦ
2631 3488 2726 3542 καὶ
2763 3489 3087 3563 ὑπεροψίαις
3128 3495 3246 3547 κατ’
3272 3495 3463 3549 οὐδένα
3507 3513 3693 3568 παρα-

2112 3577 2367 3649 χωροῦσα
2415 3581 2637 3652 τρόπον.
2686 3582 3105 3656 Προσκέκρουκε
3137 3585 3194 3640 δὲ
3235 3587 3330 3641 καὶ
3378 3588 3581 3661 ἑτέρως
3610 3591 3693 3661 τῷ

2112 3670 2291 3725 πάντα
2341 3671 2575 3742 ἰσχύοντι
2619 3673 2757 3746 Θεῷ.
2807 3677 2871 3730 0i.
2914 3677 3022 3748 γάρ
3080 3678 3138 3744 ἐξ
3185 3678 3418 3749 αἵματος
3453 3681 3689 3753 Ἰσραὴλ,

2111 3761 2257 3817 τοῦτ’
2306 3762 2471 3830 ἔστιν,
2522 3768 2576 3820 αἱ
2619 3765 2753 3821 δέκα
2800 3768 2990 3838 φυλαὶ,
3044 3769 3139 3823 καὶ
3181 3771 3244 3824 τὸ
3291 3773 3463 3843 ἥμισυ
3516 3775 3691 3846 φυλῆς

2126 3854 2365 3927 Ἐφραῒμ
2386 3857 2824 3930 ἀποφοιτήσασαι
2842 3860 2948 3919 τῶν
2986 3862 3389 3936 Ἱεροσολύμων,
3418 3867 3512 3921 καὶ
3535 3869 3594 3921 ὲν
3619 3871 3689 3940 τῇ

2120 3948 2403 4022 Σαμαρείᾳ
2443 3954 2867 4023 κατοικήσασαι,
2914 3959 3391 4030 προσκεκυνήκασι
3432 3962 3532 4031 μὲν
3568 3965 3694 4027 ταῖς

2118 4037 2385 4110 δαμάλεσι
2433 4044 2555 4105 ταῖς
2606 4047 2869 4115 χρυσαῖς,
2920 4048 3342 4118 κατενεγκόντος
3393 4053 3560 4118 αὐτάς
3609 4057 3691 4119 εἰς

2113 4133 2302 4199 τοῦτο,
2356 4134 2450 4189 καὶ
2505 4135 2920 4208 κατωθήσαντος
2979 4139 3211 4207 ἀνοσίως
3260 4144 3536 4219 Ἱεροσοὰμ
3591 4147 3689 4201 τοῦ

2111 4224 2324 4280 Ναδάτ·
2351 4227 2826 4299 ἀποσκιρτήσασαι
2844 4229 2906 4283 δὲ
2927 4231 3178 4300 εἰσάπαν,
3203 4237 3295 4289 καὶ
3324 4238 3421 4308 τῆς
3440 4239 3518 4302 εἰς
3555 4240 3689 4293 Θεὸν

2112 4315 2334 4387 ἀγάπης
2361 4316 2673 4389 ὁλοτρόπως
2706 4318 3123 4392 ἀποπηδήσασαι
3142 4340 3160 4355 ·
3190 4326 3352 4397 νόμου
3381 4328 3438 4382 δὲ
3469 4330 3564 4383 τοῦ
3604 4331 3688 4384 δοο

2114 4405 2295 4471 Θέντος
2342 4409 2526 4474 αὐτοῖς
2553 4409 2643 4464 διά
2678 4409 2772 4464 τοῦ
2806 4414 3080 4484 πανσόφου
3126 4417 3370 4484 Μωσέως
3408 4422 3488 4486 εις
3520 4421 3689 4495 λήθην

2113 4498 2482 4568 ὲνηνεγμένοι.
2527 4500 2737 4572 Καιροῦ
2785 4502 3075 4571 καλοῦντος
3107 4506 3219 4562 ἐσθ’
3254 4509 3363 4572 ὅτε.
3394 4513 3489 4566 καὶ
3529 4513 3689 4568 πολέ-

2116 4607 2216 4661 μου
2247 4590 2532 4661 μέλλοντος
2559 4590 2708 4663 ἥξειν
2736 4594 2823 4645 ἐπ’
2863 4596 3079 4665 αὐτοὺς,
3106 4599 3207 4654 οὐκ
3235 4602 3329 4655 sit!
3370 4621 3434 4672 γε
3465 4605 3543 4677 τῷ
3585 4607 3691 4660 σῶ-

2114 4679 2262 4745 ζοντι
2290 4681 2411 4754 Θεῷ
2442 4683 2642 4753 μᾶλλον
2669 4684 2951 4742 ἐποιοῦντο
2976 4689 3075 4762 τὴν
3106 4692 3316 4759 ἀλπίδα,
3345 4698 3693 4768 παρεκάλουν

2112 4773 2169 4827 δὲ
2223 4774 2420 4845 μᾶλλον
2471 4776 2600 4842 τοὺς
2649 4778 2793 4831 κατά
2836 4782 3038 4852 ικαιρὸν
3085 4783 3185 4856 τῆς
3229 4787 3542 4859 Δαμασκοῦ,
3594 4796 3693 4847 καὶ

2114 4866 2333 4937 ἀπάσης
2356 4867 2413 4921 δὲ
2444 4869 2541 4939 τῆς
2572 4868 2763 4941 Σύρων
2790 4871 3174 4943 βασιλεύοντας
3194 4878 3296 4949 γῆς
3330 4882 3606 4954 ἐπαμῦναι
3631 4902 3690 4939 τε

2115 4958 2286 5027 σφίσι,
2311 4959 2528 5030 καὶτῆς
2552 4962 2660 5018 τῶν
2686 4963 2961 5037 πολεμίων
2981 4969 3254 5038 ἐξελέσθαι
3276 4977 3478 5047 χειρός.
3497 4977 3689 5048 Ἤγαν-

2112 5050 2264 5105 άκτει
2321 5054 2610 5125 τοιγαροῦν
2665 5057 2759 5110 καὶ
2825 5058 3027 5131 ταύτης
3074 5061 3307 5134 μάλιστα
3364 5067 3465 5137 τῆς
3513 5071 3689 5135 αἰτίας

2112 5142 2294 5208 ἕνεκα,
2326 5143 2422 5196 καὶ
2456 5148 2908 5218 κατεπικραίνετο
2940 5153 3078 5224 πρὸς
3120 5156 3317 5221 αὐτοὺς
3355 5157 3385 5210 ὁ
3414 5158 3520 5213 τῶν
3552 5161 3690 5216 ὅλων

2113 5232 2265 5324 Θεός.
2301 5233 2712 5308 Ἐπιλαθόμενοι
2754 5240 2867 5314 γάρ
2911 5244 3163 5312 εἰσάπαν,
3206 5248 3288 5303 ὅτι
3328 5249 3687 5324 λελύτρωνται

2117 5322 2217 5394 μὲν
2242 5323 2301 5391 ἐξ
2345 5326 2645 5395 Αἰγύπτου,
2679 5330 2773 5384 καὶ
2811 5331 2902 5386 τὸν
2939 5334 3274 5408 δυσφόρητον
3309 5342 3409 5411 τῆς
3451 5322 3686 5410 δουλείας

2113 5414 2473 5469 ἀπεσείσαντο
2519 5416 2706 5486 ζυγὸν,
2759 5417 3179 5495 διεσισάσθησαν
3222 5426 3279 5479 δὲ
3326 5430 3420 5482 καὶ
3455 5429 3542 5484 διὰ
3589 5431 3685 5484 0a-

2114 5502 2318 5578 λάσσης
2358 5507 2552 5579 μέσης,
2602 5506 2718 5564 εἶτα
2770 5511 2830 5564 τὸ
2866 5513 3039 5583 μάννα
3080 5519 3375 5588 φαγόντες,
3414 5523 3508 5576 καὶ
3546 5522 3687 5595 ὕδωρ

2114 5598 2215 5669 τῆς
2269 5600 2479 5672 πέτρας
2540 5606 2958 5677 πεποτισμένοι,
3006 5615 3580 5688 κατευμεγεθήσαντές
3627 5633 3688 5675 τε
