4026 6210
350 277 456 332 £25

1334 271 1394 326 S.
1435 268 1715 326 CYlilLLl
1756 264 2228 322 ALEXANDRINI
2269 267 2588 326 ARCHIEP.

3506 269 3614 326 4³26

351 390 560 445 Achaso
613 401 776 456 super
820 386 1010 442 Judam
1060 386 1474 459 Hierosolymis,
1517 388 1728 443 Phaceo
1779 386 1922 440 illius

2040 386 2116 438 τὸν
2157 386 2357 441 Ἰούδαν
2389 388 2446 441 ἐν
2477 390 2587 452 τοῖς
2624 385 3034 458 Ἱεροσολύμοις,
3065 384 3239 440 Φακεὲ
3272 384 3386 449 υίὸς
3424 384 3616 458 Ῥομε-

348 481 606 538 Bomelia:
659 479 822 552 264
878 495 1111 550 regnans
1170 481 1223 534 in
1265 479 1512 536 Samaria
1545 498 1712 551 super
1741 481 1928 534 decem

351 573 543 637 tribus,
569 572 888 642 oppugnavit
915 570 1309 642 Hierosolyma.
1335 572 1404 626 At
1429 587 1550 627 cum
1572 581 1847 627 vereretur
1866 584 1934 625 ne

350 677 456 715 non
489 662 620 715 satis
656 670 846 729 potens
874 670 1021 714 esset
1061 661 1124 714 ad
1159 662 1502 729 capiendum,
1541 677 1813 716 armormu
1847 676 1934 715 su-

349 755 491 807 cinm
517 762 569 805 et
593 751 1015 806 commilitonem
1038 751 1162 806 fecit
1195 751 1436 807 Raasson
1457 767 1636 824 regem
1670 751 1930 824 Syrorum

350 858 401 898 et
429 842 695 898 Damasci.
727 841 817 897 Sic
835 855 1010 897 autem
1042 845 1119 896 ait
1145 845 1332 898 heatus
1365 847 1624 914 prapheta
1650 844 1814 899 Isaias
1831 845 1879 876 “
1914 863 1929 900 :

352 937 416 992 Et
443 937 641 992 factum
665 945 768 999 est,
793 936 980 990 diebus
1011 937 1214 1002 Achaz,
1244 936 1335 990 filii
1362 935 1631 1000 Joatham,
1671 937 1764 991 lilii
1786 936 1933 992 Ozia:

356 1031 496 1101 regis
527 1027 686 1093 Juda,
725 1029 968 1083 ascendit
1013 1027 1257 1083 Raasson
1307 1045 1396 1082 rex
1429 1031 1592 1084 Aram
1624 1031 1934 1101 (exponitur

351 1122 772 1193 vero,Syrorum
803 1137 896 1176 seu
938 1121 1106 1192 Syrim
1128 1137 1143 1175 :
1163 1121 1250 1190 )et
1275 1122 1483 1176 Phacee
1513 1123 1652 1178 ﬁlius
1677 1122 1934 1177 Romeiize

352 1229 441 1267 rex
478 1213 638 1267 Israel
672 1214 724 1266 in
758 1211 1082 1274 Jerusalem,
1113 1222 1169 1264 ut
1200 1223 1654 1281 pugnaretcontra
1686 1227 1833 1267 eam.
1871 1211 1934 1266 Et

349 1309 651 1360 nuntiatum
680 1315 765 1360 est
790 1305 970 1358 domui
1000 1302 1166 1356 David
1196 1321 1222 1355 a
1253 1305 1558 1360 dicentibus
1588 1323 1601 1359 :
1627 1304 1924 1360 Consensit

349 1403 511 1452 Aram
549 1400 809 1453 adversus
867 1397 1154 1464 Ephraim,
1207 1397 1258 1450 id
1312 1406 1414 1460 est,
1447 1396 1616 1467 Syrus
1671 1398 1930 1450 adversus

349 1505 468 1542 eum
510 1490 599 1559 qui
627 1506 690 1543 ex
723 1492 861 1544 tribu
896 1491 1146 1560 Ephraim
1182 1506 1406 1560 regnum
1440 1489 1608 1542 tenuit
1639 1487 1928 1544 Samaria.

351 1581 416 1634 Et
473 1584 750 1652 obstupuit
795 1583 974 1637 anima
1025 1584 1159 1654 ejus,
1214 1594 1270 1637 et
1327 1581 1505 1635 anima
1563 1581 1739 1651 populi
1795 1581 1934 1651 ejus,

351 1675 796 1740 quemadmodum
857 1676 911 1729 in
965 1676 1100 1728 silva
1149 1676 1351 1743 lignum
1393 1689 1422 1726 a
1473 1683 1633 1726 vento
1671 1672 1960 1741 jactatum.

2034 479 2148 532 λίου
2196 478 2493 549 βασιλεύων
2534 481 2592 532 ὲν
2648 483 2714 550 τῇ
2763 478 3044 550 Σαμαρείᾳ
3082 478 3214 531 δέκα
3253 478 3435 546 φυλῶν
3489 497 3620 532 κατ-

2035 571 2392 646 εστρατεύετο
2421 571 2528 624 τῶν
2563 570 2966 643 Ἰεροσολύμων.
3005 569 3218 642 Ἐπειδὴ
3243 570 3301 623 δὲ
3326 569 3513 624 ἐδεδίει
3543 572 3618 642 μὴ

2034 667 2144 736 ἄρα
2192 683 2308 728 πως
2357 665 2592 736 ἀτονήσῃ
2648 663 2783 733 πρὸς
2834 662 2894 716 τὸ
2948 662 3086 715 ἑλεῖν
3134 661 3322 734 αὐτὴν,
3357 662 3618 716 σύνοπλον

2033 759 2268 811 ἐποιεῖτο
2301 757 2390 811 τὸν
2425 754 2706 810 Ῥαασσὼν
2757 755 2849 808 τδν
2893 755 3116 825 βασιλέα
3151 755 3338 828 Σύρων
3389 756 3483 809 καὶ
3519 757 3618 829 τῆς

2033 847 2347 920 Δαμασκοῦ.
2381 849 2522 919 Ἔφη
2565 847 2622 900 δὲ
2665 847 2840 911 οὕτως
2893 848 3053 911 αὐτὸς
3099 849 3128 900 ὀ
3178 847 3446 918 μακάριος
3485 865 3615 919 προ-

2035 945 2208 1014 φήτης
2242 941 2500 1002 Ἠσαῖας’
2543 941 2654 994 Καὶ
2697 941 2912 1008 ἐγένετο
2945 943 3002 994 ἐν
3029 943 3148 1004 ταῖς
3182 939 3416 1012 ἡμέραις
3445 940 3622 1010 Ἀχαζ

2032 1033 2127 1086 τοῦ
2167 1033 2406 1104 Ὶωὰθαμ
2434 1032 2528 1086 τοῦ
2559 1031 2674 1085 υἱοῦ
2713 1030 2888 1096 Ὀζίου
2920 1029 3186 1100 βασιλέως
3221 1029 3415 1091 Ἰούδα,
3447 1029 3618 1100 ἀνέϐη

2047 1124 2326 1178 Ῥαασσὼν
2377 1124 2628 1194 βασιλεὺς
2667 1122 2868 1194 Ἀρὰμ,
2935 1119 3380 1191 (διερμηνεύεται
3413 1121 3467 1174 δὲ
3520 1122 3614 1175 Σύ-

2038 1233 2165 1287 ρων,
2211 1216 2327 1285 ἦτοι
2361 1215 2559 1286 Συρίας
2583 1215 2619 1285 ³)
2657 1215 2750 1267 καὶ
2800 1213 2972 1266 Φακεὲ
3006 1212 3120 1276 υἱὸς
3159 1211 3441 1282 Ῥομελίου
3465 1213 3619 1282 βασι-

2036 1307 2161 1372 λεὺς
2203 1305 2419 1377 Ἰσραὴλ
2453 1309 2532 1369 εἰς
2569 1303 2916 1377 Ἰερουσαλὴμ
2949 1303 3250 1374 πολεμῆσαι
3288 1303 3477 1374 αὑτήν.
3510 1305 3619 1357 Καὶ

2036 1401 2310 1471 ἀνηγγέλη
2333 1403 2412 1464 εἰς
2438 1400 2526 1453 τὸν
2549 1395 2694 1452 οἷκον
2720 1399 2904 1464 Δαὸὶδ,
2935 1397 3182 1466 λέγοντες
3198 1413 3210 1424 ·
3234 1396 3620 1469 Συνεφώνησεν

2049 1491 2228 1563 ’Δραμ
2261 1490 2396 1561 πρὸς
2423 1490 2512 1544 τὸν
2545 1490 2804 1561 Ἐφραῖμ,
2837 1488 2984 1542 τοῦτ’
3013 1488 3181 1553 ἔστιν,
3215 1490 3244 1541 ὁ
3278 1488 3446 1556 Σύρος
3480 1489 3618 1560 πρὸς

2031 1585 2126 1641 τὸν
2165 1586 2228 1637 ἐκ
2275 1583 2447 1655 φυλῆς
2488 1581 2727 1654 Ἐφραῖμ
2780 1581 3129 1652 βασιλεύοντα
3181 1581 3291 1635 τῶν
3339 1582 3394 1634 ὲν
3429 1583 3615 1652 Σαμα-

2045 1676 2187 1748 ρείᾳ.
2239 1676 2349 1729 Καὶ
2389 1675 2641 1746 ὲξέστηή
2688 1673 2833 1745 ψυχὴ
2883 1673 3068 1738 αὑτοῦ,
3117 1675 3279 1746 καὶὴ
3323 1675 3470 1746 ψυχὴ
3519 1675 3616 1729 τοῦ

351 1764 536 1834 Itaque
565 1763 836 1832 Ephraim,
875 1764 1060 1820 relicto
1085 1767 1458 1818 universorum
1482 1761 1775 1818 Servatore
1803 1761 1937 1830 Deo,

2043 1767 2172 1822 λαοῦ
2224 1766 2411 1831 αὑτοῦ,
2449 1768 2508 1820 ὃν
2561 1768 2762 1838 τρόπον
2803 1769 2932 1820 ὅταν
2982 1771 3041 1821 ἐν
3093 1767 3284 1838 δρυμῷ
3333 1767 3483 1832 ξύλον
3515 1769 3624 1822 ὑπὸ

349 1857 573 1923 ejusque
620 1871 778 1908 manu
830 1866 992 1925 atque
1044 1858 1248 1911 auxilio
1289 1857 1648 1928 parvipeaso,
1696 1857 1940 1910 Damasci

351 1950 720 2016 Syrorumque
748 1951 1036 2018 praesidem
1080 1949 1379 2018 adiutorem
1414 1950 1606 2006 ascivit
1648 1968 1661 2003 :
1715 1962 1943 2017 eamque

350 2040 419 2094 ob
449 2055 690 2105 causam,
743 2055 843 2095 nec
894 2041 1167 2096 immerito
1221 2041 1447 2097 oﬂendit
1506 2044 1692 2097 Deum.
1743 2043 1942 2096 Dama-

355 2147 480 2186 scus
550 2132 753 2201 itaque,
808 2133 1006 2202 inquit,
1062 2143 1296 2198 vastata,
1353 2143 1408 2190 et
1448 2133 1502 2188 in
1552 2133 1940 2188 desolationem

355 2223 591 2288 redacta,
621 2224 947 2294 bellicasque
996 2224 1337 2278 calamitates
1387 2225 1633 2289 subiens,
1701 2240 1805 2278 non
1836 2223 1942 2278 erit

352 2313 583 2381 amplius
639 2312 863 2367 munitio
901 2315 1254 2384 utcoufugiat
1293 2315 1570 2384 Ephraim,
1593 2315 1686 2370 sed
1720 2330 1816 2368 nec
1842 2314 1944 2369 erit

356 2404 408 2456 in
434 2420 496 2456 ea
545 2418 789 2471 regnum.
845 2403 1162 2472 Quanquam
1207 2406 1404 2459 dixerit
1433 2407 1698 2476 quispiam
1721 2445 1735 2470 ,
1766 2404 1942 2458 Etiam

354 2503 476 2562 post
505 2494 778 2547 excidium
818 2494 1020 2550 inventi
1067 2505 1194 2548 sunt
1217 2497 1434 2565 quidam
1481 2511 1638 2564 reges
1670 2495 1938 2551 Damasci.

354 2583 596 2640 lleminit
641 2586 863 2656 proinde
891 2596 946 2641 et
975 2584 1175 2642 Paulus
1206 2588 1490 2658 inquiens:
1536 2607 1554 2640 ι
1585 2588 1638 2641 In
1680 2589 1943 2644 Damasco

358 2677 644 2746 pra-fectus
671 2678 868 2748 gentis,
903 2681 1070 2734 Areta
1121 2694 1270 2748 rege,
1307 2678 1552 2749 quaesivit
1590 2691 1647 2734 ut
1689 2695 1773 2734 me
1796 2696 1945 2736 com-

355 2769 831 2838 prehenderet".r
871 2769 1060 2840 Itaque
1101 2785 1282 2825 sermo
1312 2771 1662 2841 propheticus
1691 2787 1940 2842 magnam

355 2862 651 2928 emphasim
728 2863 910 2917 habet.
974 2862 1088 2917 Non
1124 2865 1269 2919 enim
1332 2864 1561 2933 amplius
1602 2865 1715 2919 fore
1750 2867 1828 2918 ait
1856 2881 1944 2920 re-

355 2971 522 3025 gnum
555 2966 747 3024 potens
779 2957 830 3010 in
890 2956 1155 3011 Damasco
1209 2967 1264 3010 et
1301 2957 1531 3022 illustre,
1566 2958 1781 3012 etiamsi
1821 2973 1942 3026 pos-

2045 1859 2354 1930 πνεύματος
2387 1859 2638 1930 σαλευθῇ.
2663 1861 2870 1914 Οὐκοῦν
2902 1862 2930 1913 ὁ
2965 1859 3203 1932 Ἐφραῒμ
3235 1859 3322 1913 τὸν
3353 1861 3458 1913 τῶν
3482 1861 3620 1914 ὅλων

2051 1953 2280 2024 Σωτῆρα
2308 1953 2438 2004 θεὸν
2479 1950 2904 2015 καταλελοιπὼς,
2956 1955 3112 2022 χεῖρα
3161 1951 3254 2004 καὶ
3302 1953 3620 2022 ἐπιχωρίαν

2042 2043 2223 2111 ὀλίγου
2264 2041 2546 2104 παντελῶς
2581 2039 2820 2106 ἀξιώσας
2865 2040 3046 2109 λόγου,
3079 2039 3169 2092 τὸν
3204 2037 3495 2108 Δαμασκοῦ
3524 2040 3622 2091 καὶ

2044 2136 2231 2208 Σύρων
2272 2133 2574 2206 ἡγούμενον
2621 2133 2971 2202 ὑπασπιστὴν
3017 2134 3272 2185 ἐποιεῖτο.
3304 2131 3520 2200 Ταύτης
3556 2148 3620 2182 τε

2044 2231 2207 2283 ἕνεκα
2234 2231 2334 2301 τῆς
2389 2227 2568 2290 αἰτίας
2597 2227 2691 2281 καὶ
2743 2226 2886 2298 μάλα
2933 2225 3161 2287 εἰκότως
3209 2225 3622 2295 προσκέκρουκε

2042 2321 2121 2394 τῷ
2161 2322 2299 2392 Θεῷ.
2337 2321 2402 2373 Ἢ
2437 2319 2616 2373 τοίνυν
2654 2317 2970 2389 Δαμασκδς,
3011 2316 3165 2386 φησὶ,
3215 2314 3625 2388 καταδηωθεῖσὰ

2043 2434 2102 2471 τε
2137 2416 2231 2470 καὶ
2264 2413 2627 2486 ἡρημωμὲνη,
2677 2412 2771 2467 καὶ
2815 2411 2913 2474 τὰς
2946 2413 3012 2465 ὲκ
3054 2410 3146 2464 τοῦ
3198 2410 3437 2479 πολέμου
3483 2427 3623 2480 συμε

2045 2510 2216 2582 φορὰς
2255 2507 2625 2575 ὑπομείνασα,
2667 2506 2850 2560 οὐκέτι
2887 2504 3042 2558 ἔσται
3086 2505 3258 2575 ὀχυρὰ
3302 2503 3396 2556 τοῦ
3450 2519 3620 2556 κατα-

2045 2603 2236 2672 φυγεῖν
2267 2599 2522 2670 Ἐφραῐμ.
2575 2598 2712 2651 Ἀλλ’
2737 2597 2858 2652 οὐδὲ
2891 2596 3042 2650 ἔσται
3082 2598 3138 2648 ἐν
3168 2597 3304 2667 αὐτῇ
3343 2593 3618 2666 βασιλεία·

2045 2693 2220 2748 καίτοι
2268 2695 2491 2765 φήσειεν
2525 2693 2590 2746 ἄν
2621 2709 2726 2756 τις,
2755 2691 2864 2744 Καὶ
2899 2689 3038 2760 μετὰ
3068 2688 3166 2760 τὴν
3212 2688 3477 2760 πόρθησιν
3520 2686 3624 2757 'qu-

2046 2785 2238 2859 ρηνταί
2265 2802 2407 2849 τινες
2449 2783 2822 2855 βασιλεύοντες
2847 2783 2944 2853 τῆς
2972 2781 3288 2852 Δαμασκοῦ.
3312 2779 3623 2851 Διαμέμνη-

2043 2893 2130 2929 ται
2166 2875 2295 2945 γοῦν
2328 2876 2420 2929 καὶ
2445 2876 2474 2927 ὁ
2507 2874 2714 2938 Παῦλος
2746 2874 2921 2943 λέγων
2943 2914 2957 2939 ,
2987 2876 3068 2927 ὅτι
3105 2892 3122 2924 ι
3165 2873 3252 2926 Ἐν
3289 2870 3563 2942 Δαμασκῷ
3592 2874 3621 2923 ὁ

2044 2968 2312 3041 ἐθνάρχης
2355 2967 2550 3040 Ἀρέτα
2575 2965 2670 3020 τοῦ
2699 2966 2963 3038 βασιλέως
2990 2967 3252 3036 ἐζήτησεν
3291 2963 3453 3016 αὐτὸν
3491 2962 3621 3014 πιά-

359 3058 439 3100 tea
471 3048 738 3115 toparcha:
763 3047 980 3112 fuerint,
1047 3065 1138 3102 seu
1179 3050 1356 3117 potius
1391 3051 1626 3118 prazfecti
1670 3050 1932 3114 tribuum,

2046 3077 2156 3113 σαι.
2189 3081 2206 3113 ι
2257 3059 2464 3114 Οὐκοῦν
2494 3061 2521 3114 ὁ
2570 3059 2723 3129 λόγος
2767 3059 2794 3111 ὁ
2833 3058 3170 3130 προφητικὸς
3225 3056 3461 3128 ἔμφασιν
3505 3054 3619 3125 ἔχει

355 3135 446 3202 qui
478 3145 656 3190 tamen
698 3137 809 3190 veri
848 3153 993 3206 regni
1029 3137 1365 3206 splendorem
1415 3156 1518 3193 non
1558 3149 1687 3194 sunt
1740 3141 1939 3209 adepti.

357 3224 470 3280 Non
501 3228 681 3296 itaque
710 3229 833 3289 erit,
879 3228 1073 3296 inquit,
1111 3229 1162 3282 in
1190 3229 1452 3283 Damasco
1489 3247 1736 3300 regnum,
1780 3235 1942 3285 etiam

359 3320 628 3374 residuum
685 3320 943 3390 Syrorum
980 3322 1030 3374 in
1064 3335 1124 3374 ea
1173 3321 1566 3386 debilitabitur,
1609 3322 1661 3376 id
1685 3333 1790 3386 est,
1828 3324 1947 3378 uni-

357 3427 512 3466 versa
551 3427 684 3482 gens
721 3411 775 3466 in
813 3427 896 3466 ea.
949 3409 1258 3480 Metropolis
1301 3414 1499 3468 etenim
1533 3414 1702 3485 Syria:
1746 3414 1944 3481 Dama-

358 3519 502 3559 scus.
548 3504 746 3559 Deinde
779 3505 911 3558 dicit
956 3505 1042 3559 ei:
1081 3504 1195 3558 Non
1225 3507 1367 3560 enim
1424 3517 1478 3560 tu
1527 3507 1715 3562 melior
1735 3521 1793 3563 es
1820 3508 1946 3563 [iliis

361 3594 544 3660 Israel,
569 3606 623 3650 et
653 3596 821 3666 gloria
849 3612 1065 3651 eorum.
1099 3595 1259 3662 Nam,
1301 3598 1494 3668 inquit,
1525 3599 1571 3654 si
1600 3615 1704 3654 non
1731 3601 1944 3672 peperci

359 3687 492 3742 sorti
541 3686 863 3755 distributzc,
889 3704 952 3744 ac
974 3692 1245 3759 deputata:
1279 3692 1433 3756 mihi,
1468 3693 1718 3747 nimirum
1741 3691 1952 3749 Israeli-

360 3779 432 3832 tis
493 3779 544 3833 in
607 3795 693 3832 me
735 3779 1192 3849 delinquentibus,
1233 3783 1416 3852 quidni
1442 3794 1496 3840 tu
1521 3785 1842 3840 detrimenta
1879 3801 1945 3840 ex

359 3871 503 3927 bello
547 3872 832 3944 importata
867 3876 1116 3931 omnibus
1146 3878 1320 3932 modis
1342 3877 1666 3946 sustineres,
1703 3879 1842 3937 nulla
1885 3880 1942 3935 in

362 3979 418 4021 re
438 3963 629 4020 lsraele
659 3964 882 4020 melior?

2042 3155 2263 3225 πολλήν.
2327 3154 2525 3206 Ούκέτι
2583 3152 2691 3223 γὰρ
2751 3149 2970 3204 ἔσεσθαί
3034 3167 3196 3221 φησιν
3247 3147 3472 3220 εὐσθενῆ
3525 3152 3621 3202 καὶ

2042 3248 2312 3319 ἐπίσημον
2337 3248 2394 3300 ἐν
2420 3249 2484 3317 τῇ
2513 3245 2790 3316 Δαμασκῷ
2822 3244 3121 3316 βασιλείαν,
3162 3245 3210 3296 εἰ
3245 3243 3337 3296 καὶ
3364 3243 3618 3311 γεγόνασι

2044 3339 2182 3410 μετὰ
2206 3338 2364 3392 τοῦτο
2391 3339 2661 3410 τοπάρχαι
2688 3337 2830 3400 τινὲς
2865 3339 2957 3391 καὶ
2980 3336 3238 3408 φύλαρχοι
3271 3333 3489 3406 μᾶλλον,
3523 3333 3619 3387 καὶ

2041 3433 2161 3502 ούχὶ
2197 3432 2297 3502 τῆς
2333 3431 2564 3502 ἀληθοῦς
2613 3429 2888 3502 βασιλείας
2935 3429 3033 3501 τὴν
3075 3426 3432 3499 λαμπρότητα
3462 3443 3620 3496 περι-

2045 3524 2303 3594 κείμενοι.
2354 3524 2468 3576 Ούκ
2506 3523 2656 3576 ἔσται
2707 3522 2885 3575 τοίνυν
2915 3523 2975 3574 ὲν
3021 3519 3297 3591 Δαμασκῷ
3332 3518 3574 3590 βασιλεία
3598 3560 3614 3582 ,

2043 3615 2207 3686 φησίν
2226 3631 2240 3646 ο
2275 3615 2526 3686 ἁτονήσει
2552 3614 2610 3667 δὲ
2636 3616 2731 3668 σὺν
2756 3615 2893 3686 αὐτῇ
2931 3613 3026 3666 καὶ
3052 3612 3113 3666 τὸ
3155 3611 3340 3665 λοιπὸν
3377 3611 3484 3664 τῶν
3509 3611 3612 3662 Σύ·-

2045 3723 2173 3777 ρων,
2201 3705 2344 3759 τοῦτ’
2369 3705 2538 3770 ἐστιν,
2567 3705 2712 3760 ἅπαν
2739 3704 2800 3758 τὸ
2829 3704 2980 3767 ἔθνος
3003 3704 3066 3757 τὸ
3089 3702 3180 3756 ὑπ’
3209 3703 3366 3774 αὐτῇ.
3407 3699 3628 3774 Μητῴ-

2043 3797 2198 3862 πόλις
2238 3798 2347 3872 γὰρ
2403 3797 2599 3870 Συρίας
2645 3799 2679 3868 ἡ
2731 3795 3041 3868 Δαμασκός.
3094 3791 3226 3848 Εἶτα
3272 3795 3408 3866 πρὸς
3445 3795 3617 3863 αὑτήν

2044 3905 2216 3959 φησιν
2239 3906 2252 3920 ’
2286 3888 2360 3941 Οὐ
2395 3888 2505 3958 γὰρ
2532 3889 2595 3942 σὺ
2636 3887 2860 3958 βελτίων
2887 3882 2937 3940 εἷ
2961 3886 3067 3940 τῶν
3093 3885 3224 3939 υίῶν
3257 3883 3489 3956 Ἰσραὴλ,
3521 3893 3611 3942 καὶ

2043 3983 2140 4052 τῆς
2168 3982 2325 4054 δόξης
2354 3980 2555 4034 αὐτῶν.
2586 3981 2649 4035 Ei
2676 3982 2785 4052 γαρ
2822 3980 2914 4033 καὶ⁵
2953 3979 3178 4050 κλήρου,
3211 3978 3364 4048 φησὶ,
3397 3975 3491 4030 τοῦ
3528 3978 3620 4028 ἐκ·

358 4059 681 4130 νεμηθέντας
710 4062 834 4132 ἐμοὶ
853 4099 870 4125 ν
896 4059 1038 4114 τοῦτ’
1059 4061 1230 4128 ἔστιν,
1260 4063 1366 4117 τῶν
1410 4065 1468 4132 ἐξ
1503 4066 1717 4142 Ἰσραὴλ
1748 4074 1827 4137 είς
1852 4076 1951 4147 ἐμὲ
1990 4077 2534 4150 πεπλημμεληκότων
2569 4077 2669 4130 οὐκ
2725 4075 3061 4148 ἐφεισάμην,
3098 4072 3217 4139 πῶς
3259 4074 3322 4127 οῦ
3351 4073 3525 4143 πάντη
3555 4087 3619 4126 τε

359 4157 453 4212 καὶ
507 4157 724 4218 πάντως
767 4155 1056 4228 ὑπομενεῖς
1089 4158 1183 4210 καὶ
1218 4157 1356 4229 αὑτὴ
1395 4160 1463 4215 τὰ
1495 4163 1560 4215 ἐκ
1592 4163 1682 4217 τοῦ
1720 4168 1960 4242 πολέμου
1990 4174 2160 4246 βλάϐη
2191 4173 2310 4228 κατ’
2341 4173 2493 4228 οὐδὲν
2520 4167 2655 4226 οῦσα
2684 4170 2906 4243 βελτίων
2931 4170 3026 4224 τοῦ
3067 4169 3325 4242 ἰσραήλ;

433 4318 596 4374 Vsas.
633 4317 686 4374 4.
725 4316 854 4372 Ηαιο
908 4318 1036 4372 dicit
1085 4317 1340 4373 Dominus
1399 4320 1654 4391 Sabaoth,
1694 4324 1813 4384 Erit
1853 4333 1938 4387 die

2118 4335 2264 4390 Τάδε
2314 4335 2475 4406 λέγει
2521 4335 2736 4404 Κύριος
2773 4333 3040 4390 Σαϐαὼθ·
3074 4337 3282 4390 Ἔσται
3325 4334 3400 4404 τῇ
3429 4337 3617 4406 ἡμέρᾳ

357 4411 474 4476 illa,
499 4411 717 4481 defectio
738 4411 919 4480 gloria:
944 4409 1134 4477 Iacob,
1163 4423 1209 4468 et
1234 4413 1450 4483 pinguia
1471 4417 1652 4487 gloria:
1671 4420 1787 4490 ejus
1819 4440 1945 4478 con-

362 4506 775 4576 quassabuntur.

333 4631 337 4658 ;
429 4617 591 4688 265
627 4614 888 4670 Iacobum
937 4618 1088 4674 hisce
1123 4619 1306 4676 verbis
1347 4622 1611 4687 nominat,
1642 4638 1708 4678 ex
1743 4623 1944 4681 Iacobo

361 4721 544 4771 natos,
594 4709 676 4762 vel
733 4711 918 4763 decem
973 4712 1146 4766 tribus
1197 4713 1248 4766 in
1281 4711 1527 4768 Samaria
1568 4726 1623 4770 et
1663 4717 1941 4772 dimidium

365 4800 535 4854 tribus
557 4799 834 4870 Epliraim,
868 4816 988 4870 qum
1013 4811 1216 4856 tantum
1253 4819 1281 4857 a
1307 4806 1574 4860 charitate
1605 4822 1732 4876 erga
1765 4807 1932 4863 Deum

360 4891 708 4956 resiluerunt,
761 4902 814 4946 et
847 4909 875 4945 a
926 4908 1022 4961 spe
1050 4893 1239 4948 salutis
1292 4895 1343 4948 in
1379 4897 1491 4964 ipso
1520 4897 1853 4962 collocanda,
1879 4908 1937 4953 ut

360 4985 461 5040 sibi
487 4986 618 5056 ipsis
649 4983 1004 5048 conlidi-rent,
1044 4995 1099 5041 et
1126 4986 1192 5040 de
1221 4987 1336 5041 sola
1361 4989 1699 5042 multitudine
1729 5000 1783 5042 et
1817 4991 1935 5060 glo-

361 5078 440 5132 ria
480 5080 644 5131 altum
701 5076 1045 5146 supercilium
1091 5079 1380 5148 erigerent.
1441 5079 1501 5133 lli
1530 5089 1686 5134 erant
1746 5096 1932 5137 eorum

361 5183 562 5224 mures.
619 5169 792 5238 Atque
825 5169 927 5222 hoc
966 5169 1118 5223 nobis
1145 5170 1406 5238 propheta
1438 5169 1724 5225 manifesto
1757 5172 1936 5227 decla-

363 5271 464 5315 rat.
496 5259 634 5314 Dixit
667 5260 810 5314 enim
833 5261 898 5313 de
934 5259 1037 5314 illis
1069 5258 1306 5314 :Gloria:
1337 5275 1525 5314 eorum
1551 5276 1616 5314 ex
1653 5267 1936 5332 partubus,

359 5367 426 5406 ex
466 5354 785 5421 puerperiis,
826 5367 890 5406 ex
934 5352 1393 5422 conceptionibus.
1446 5351 1654 5419 Qnihus
1713 5359 1932 5414 subdit:

364 5443 440 5498 Da
471 5443 595 5503 illis,
631 5444 874 5498 Domine.
921 5444 1060 5512 Quid
1113 5445 1266 5499 dabis
1298 5443 1448 5500 illis?
1496 5444 1572 5499 Da
1609 5447 1712 5502 illis
1743 5451 1936 5503 matri-

361 5546 478 5588 cem
504 5533 742 5599 etl‘etam,
787 5544 842 5588 et
883 5551 1147 5593 mammas
1175 5538 1374 5593 aridas.
1409 5536 1526 5593 Erit
1549 5539 1730 5611 itaque
1757 5541 1856 5597 sub
1883 5541 1937 5597 id

439 5682 486 5716 "‘
509 5687 632 5744 Luc.
667 5703 831 5757 supra
856 5689 953 5746 cit.
1032 5690 1075 5722 ³³
1117 5688 1161 5745 ιι
1203 5691 1324 5748 Cor.
1358 5707 1434 5760 xi,
1465 5693 1553 5748 52.

2039 4426 2242 4496 ἐκείνῃ
2270 4427 2543 4496 ἔκλειψις
2578 4426 2689 4496 τῆς
2713 4425 2896 4494 δόξης
2935 4427 3162 4495 Ἰακὼϐ,
3206 4429 3304 4482 καὶ
3335 4428 3407 4482 τὰ
3436 4430 3615 4484 πίονα

2041 4516 2153 4586 τῆς
2185 4517 2369 4585 δόξης
2403 4518 2588 4572 αὐτοῦ
2620 4519 3028 4589 σεισθήσεται.

2126 4629 2320 4684 Ἰακὼὸ
2353 4632 2410 4683 ὲν
2463 4630 2679 4695 τούτοις
2721 4632 2976 4703 ὀνομάζει
3003 4634 3128 4698 τοὺς
3159 4635 3218 4701 ἐξ
3252 4635 3445 4688 Ἰακὼϐ
3467 4650 3625 4704 γεγο-

2041 4722 2219 4784 νότας,
2257 4723 2374 4794 ἦτοι
2401 4723 2500 4787 τας
2531 4724 2590 4776 ὲν
2617 4727 2684 4797 τῇ
2719 4726 2998 4798 Σαμαρείᾳ
3039 4726 3168 4780 δέκα
3204 4728 3396 4797 φυλὰς,
3431 4727 3523 4780 καὶ
3551 4730 3614 4782 zz:

2040 4815 2210 4886 ἥμισυ
2248 4814 2422 4884 φυλῆς
2454 4814 2714 4886 Ἐφραῒμ,
2759 4817 2813 4870 αἳ
2852 4817 3102 4872 τοσοῦτον
3131 4818 3488 4890 ἀπεπήδησαν
3516 4823 3616 4887 τῆς

2042 4909 2121 4970 εἰς
2151 4907 2282 4960 Θεὸν
2313 4909 2552 4980 ἀγάπης,
2581 4910 2676 4962 καὶ
2708 4909 2803 4963 τοῦ
2839 4910 2936 4982 τὴν
2982 4910 3172 4964 ἐλπίδα
3213 4909 3308 4964 τοῦ
3349 4908 3614 4973 σώζεσθαι

2042 4997 2311 5050 ποιεῖσθαι
2361 4997 2560 5068 μᾶλλον
2604 4998 2691 5051 ἐπ’
2733 4999 2882 5070 αύτῷ
2906 5041 2920 5066 ,
2953 5000 3093 5054 ὥστε
3146 5001 3238 5054 καὶ
3273 5003 3359 5070 ἐφ’
3403 5002 3613 5062 ἑαυτοῖς

2042 5087 2377 5156 πεποιθέναι,
2409 5090 2503 5143 καὶ
2532 5089 2741 5163 ὑψηλὴν
2770 5092 3068 5146 ἁνατείνειν
3099 5094 3270 5164 ὀφρὺν
3302 5094 3392 5146 ἐπὶ
3423 5093 3614 5164 πλήθει

2043 5179 2190 5250 μόνῳ
2231 5182 2325 5234 καὶ
2353 5179 2500 5254 δόξῃ.
2520 5178 2627 5235 Ἦν
2656 5185 2855 5256 τρόπος
2885 5179 3038 5250 οὗτος
3081 5187 3282 5249 αὐτοῖς.
3311 5187 3418 5239 Καὶ
3455 5186 3614 5242 τοῦτο

2036 5272 2169 5341 ἡμῖν
2203 5273 2573 5344 ἐναργέστατα
2610 5277 2770 5330 πάλιν
2801 5279 3082 5349 προφήτης
3119 5278 3307 5349 φησενο
3329 5279 3470 5349 Ἐεη
3504 5275 3610 5346 γάρ

2035 5362 2163 5430 περὶ
2186 5363 2386 5416 αύτῶνο
2410 5366 2475 5416 Ai
2505 5365 2652 5429 δόξαι
2679 5367 2854 5420 αὐτῶν
2880 5369 2942 5420 ἐκ
2965 5368 3134 5421 τόκων
3169 5370 3260 5422 καὶ
3290 5368 3493 5421 ὠδίνων
3519 5366 3610 5420 καὶ

2037 5452 2369 5524 συλλήψεων.
2395 5454 2528 5509 Εἶτα
2559 5457 2770 5521 τούτοις
2811 5458 3092 5530 ἐπιφέρει·
3127 5462 3224 5524 Δὸς
3252 5462 3455 5524 αὐτοῖς,
3493 5459 3605 5512 K23-

2038 5561 2141 5616 ριε.
2187 5547 2251 5599 Τί
2279 5547 2468 5612 δώσεις
2508 5549 2720 5617 αύτοῖς;
2757 5551 2854 5614 Δὸς
2888 5552 3068 5616 αὐτοῖς
3106 5555 3317 5625 μήτραν
3357 5549 3610 5606 ἁτεκνοῦ·
