4026 6210
453 303 555 362 €27

1439 301 1499 356 S.
1538 296 1815 357 CYBILLI
1852 295 2323 354 ALEXANDRINI
2361 294 2682 354 ARCIiiEP.

3599 302 3705 360 428

451 421 506 478 ni
564 418 656 491 qui
690 417 758 474 ab
782 417 900 488 ipso
931 414 998 471 ad
1042 416 1365 486 agnitionem
1390 415 1653 471 =veritatis
1676 416 1853 472 vocati
1883 424 2028 478 sunt,

2132 414 2226 469 τὸν
2256 413 2615 486 κεκλημένοις
2644 415 2725 480 εἰς
2758 414 3056 486 ἐπίγνωσιν
3089 412 3369 488 ἀληθείας.
3399 414 3708 471 ἐπιστέλλει

452 508 641 564 scribit
690 508 774 562 bis
825 506 1040 562 verbis:
1079 522 1099 556 ι
1125 505 1579 561 Sierudttionem
1611 507 1912 573 sustinetis,
1970 514 2031 560 ut

456 597 776 655 [iliis-vobis
826 610 885 651 se
930 593 1083 649 olTerl
1124 594 1262 649 Deus
1306 610 1321 649 :
1369 593 1491 664 quis
1526 594 1686 648 enim
1740 603 1824 650 est
1868 592 2027 659 illius,

452 705 608 758 quem
659 703 764 741 non
819 686 996 740 erudit
1044 686 1348 756 patet-"'1':
1412 686 1647 756 Apponit
1676 695 1747 742 ret
1794 685 1894 741 illa
1960 700 2028 740 ex

456 784 734 846 Scriptura
794 779 1053 833 divinitus
1084 778 1341 846 inspirata
1367 794 1382 843 ;
1431 778 1594 835 infert
1623 777 1768 832 enim
1803 777 1984 832 statim
2011 791 2026 830 :

458 893 474 922 ι
514 872 630 929 Fili.
678 887 743 924 ne
792 882 1109 924 COIIICIIIIIaS
1158 869 1512 924 eruditionem
1560 867 1806 935 Domini;
1858 881 2031 938 neque

451 964 670 1017 tlt'ﬁciils
709 964 776 1017 ab
825 961 914 1015 illo
945 972 1245 1031 correptus.
1272 961 1444 1027 Quem
1486 961 1627 1019 enim
1651 969 1802 1014 amat
1836 959 2024 1015 Domi-

2131 505 2225 559 καί
2249 521 2439 576 φησιν·
2476 522 2495 556 ι
2522 506 2586 559 Εἰ
2617 506 2866 560 παιδείαν
2905 506 3225 578 ὑπομένετε,
3268 504 3347 570 ὡς
3393 507 3529 570 υἰοτς
3577 505 3710 577 ὑμῖν

2129 598 2499 671 προσφέρεται
2546 599 2578 653 ό
2616 598 2770 664 Θεόςο
2803 600 2889 663 τίς
2918 600 3028 672 γάρ
3065 602 3213 653 ἐστιν
3236 599 3350 662 υίὸς
3378 596 3439 652 δν
3476 600 3540 654 οὐ
3581 617 3713 653 παι-

2127 689 2271 744 δεύει
2304 691 2523 761 πατήρς
2556 708 2574 742 ι
2621 690 2965 762 Παρατίθησι
3013 690 3070 743 δὲ
3097 690 3196 743 καὶ
3222 689 3290 743 τὰ
3335 690 3400 743 ἐκ
3451 689 3550 762 τῆς
3594 689 3713 745 θεο-

2131 779 2399 833 πνεύστου
2424 778 2667 850 Γραφῆς·
2694 780 2949 850 ἐπιφέρει
2972 780 3079 851 γὰρ
3101 778 3281 844 εύθύς*
3310 779 3461 845 ιΥίέ,
3496 778 3571 851 μὴ
3600 779 3715 832 ὀλι-

2130 868 2302 940 γώρει
2355 869 2605 933 παιδείας
2655 871 2909 941 Κυρίου,
2971 870 3106 942 μηδὲ
3151 869 3344 923 ἐκλύου
3396 870 3489 923 ὑπ’
3542 868 3712 923 αὐτοῦ

2130 960 2506 1031 ἐλεγχόμενος.
2536 959 2633 1016 Ὃν
2656 961 2766 1032 γὰρ
2787 962 2980 1034 ἀγαπᾷ
2998 961 3200 1032 Κύριος
3228 960 3490 1026 παιδεύει,
3517 976 3714 1030 μαστι-

2131 1055 2217 1120 γοί
2260 1052 2318 1106 δὲ
2364 1053 2542 1107 πάντα
2592 1053 2708 1106 υἱὸν
2759 1053 2818 1105 ὃν
2857 1053 3275 1124 παραδέχεται.»
3334 1052 3550 1125 Ἐπειδὴ
3599 1055 3716 1127 γάρ

2119 1145 2278 1196 ἐστιν
2298 1144 2503 1211 ἀγαθὸς
2531 1145 2559 1197 ὁ
2587 1142 2698 1196 τῶν
2725 1145 2862 1197 ὅλων
2893 1143 3242 1216 δημιουργὸς,
3270 1145 3502 1208 «πάντας
3536 1144 3713 1198 ἐθέλει

452 1074 572 1113 nus.
619 1056 886 1125 castigat:
918 1052 1150 1124 ﬂagellat
1198 1064 1378 1106 autem
1425 1066 1642 1107 omnem
1672 1051 1839 1105 tilium
1868 1065 2026 1120 quem

449 1147 668 1212 ειιεςιιὶνίι
690 1144 788 1199 ³⁸.»
824 1143 955 1198 Cum
975 1145 1115 1196 enim
1140 1144 1308 1196 bonus
1330 1142 1401 1196 sit
1422 1142 1793 1197 universorum
1826 1140 2024 1208 opifex,

455 1258 471 1288 ι
508 1254 695 1289 mnncs
737 1235 847 1286 vult
875 1234 1054 1288 salvos
1085 1246 1226 1297 esse,
1253 1241 1307 1286 et
1340 1234 1392 1285 in
1421 1231 1747 1301 agnitionem
1780 1230 2028 1285 veritatis

2130 1236 2371 1306 σωθῆναι
2392 1237 2485 1289 καὶ
2506 1237 2584 1299 εἰς
2597 1234 2892 1305 ἐπίγνωσιν
2906 1230 3170 1307 ἀληθείας
3191 1235 3381 1290 ἐλθεῖν.
3396 1256 3414 1288 ι
3441 1236 3713 1309 Ταύτῃτοι

453 1327 722 1382 venire“.
761 1345 780 1378 ι
828 1325 962 1378 Hinc
991 1324 1155 1394 igitur
1187 1323 1395 1378 monuit
1428 1337 1570 1393 saepe
1608 1337 1704 1392 per
1741 1323 2028 1392 prophetas

2132 1324 2486 1394 νενουθέτηκε
2543 1325 2863 1389 πλειστάκις
2894 1325 2982 1379 διὰ
3033 1324 3329 1397 προφητῶν
3376 1326 3545 1394 ἁγίων
3581 1326 3713 1388 τοὺς

453 1433 693 1486 sant-tus,
728 1418 1021 1481 lsl‘at‘lilas,
1052 1418 1284 1471 tnnxime
1331 1432 1459 1472 vero
1491 1415 2028 1489 lrlierosolymitanos,

2131 1415 2192 1482 ἐξ
2222 1417 2454 1487 αἵματος
2493 1416 2731 1489 Ἰσραὴλ,
2755 1417 2988 1488 μάλιστα
3012 1412 3068 1470 δὲ
3085 1417 3210 1480 τοὺς
3228 1416 3286 1481 ἐξ
3320 1397 3714 1489 ’ἱεροσολύμων

449 1510 622 1580 Quinti
656 1510 1489 1579 Snnmriamcommigraveruut.
1525 1506 1589 1560 Hi
1626 1516 1805 1561 autem
1835 1506 2028 1563 intem-

2134 1510 2644 1580 μεταφοιτήσαντας
2674 1511 2752 1572 εἰς
2792 1510 3127 1579 Σαμάρειαν.
3162 1510 3226 1562 Ol
3274 1508 3333 1562 ea
3382 1504 3523 1580 ἦσαν
3554 1507 3717 1578 ἀσχέο

451 1612 700 1670 perautcr
724 1600 789 1653 ad
819 1600 870 1652 id
896 1600 1035 1668 quod
1071 1601 1200 1668 ipsis
1235 1601 1486 1669 placitum
1522 1608 1610 1653 est
1665 1598 2025 1677 declinarunt,

2130 1618 2238 1665 τως
2270 1600 2363 1653 ἐπὶ
2394 1600 2456 1653 τὸ
2506 1601 2689 1663 αὐτοῖς
2734 1600 2924 1655 δοκοῦν
2963 1600 3406 1666 ἀπονενευκότες,
3458 1602 3552 1654 καὶ
3577 1602 3717 1654 Θεὸν

450 1704 503 1745 et
533 1693 638 1746 Deo
684 1702 873 1744 natura
914 1704 978 1743 ac
1005 1708 1130 1747 vero
1159 1691 1434 1755 derelicto,
1472 1690 1706 1745 cultores
1734 1689 2028 1759 daemonio-

2132 1692 2369 1761 ἀφέντες
2405 1691 2499 1745 τὸν
2536 1692 2694 1760 φύσει
2715 1692 2807 1745 καί
2835 1691 3070 1764 ἀληθῶς,
3098 1691 3427 1762 θεραπευταὶ
3454 1692 3716 1760 γεγόνασι

442 1774 570 1837 rum
626 1783 973 1845 exstiterunt,
1014 1793 1069 1837 et
1100 1783 1254 1836 idolis
1313 1781 1565 1835 inanimis
1603 1779 1805 1833 cultum
1833 1779 2028 1839 tribue-

2132 1782 2443 1852 δαιμονίων,
2473 1784 2567 1836 καὶ
2614 1782 2853 1846 εἰδώλοις
2901 1782 3132 1853 ἀψύχοις
3189 1782 3581 1854 προσεκόμιζον
3613 1781 3716 1844 τὰς

454 1885 599 1930 runt.
659 1875 793 1930 Cum
850 1882 1153 1928 verotanta
1214 1871 1522 1924 laborarent
1564 1869 1920 1940 ignoratione,
1975 1877 2036 1923 ut

456 1968 775 2034 resipiscere
829 1961 1125 2025 renuerint,
1178 1960 1392 2014 tandem
1429 1959 1568 2012 Dens
1617 1959 1841 2027 punivit.
1888 1957 2034 2024 Quos

449 2060 590 2111 enim
653 2072 756 2110 non
793 2055 986 2125 juvant
1009 2054 1194 2119 verba,
1238 2058 1410 2106 mutat
1442 2047 1679 2114 amictio,
1713 2061 2034 2105 convertens

448 2168 541 2205 eos
562 2151 704 2205 velut
727 2164 793 2203 ex
826 2148 1143 2201 necessitate
1162 2160 1228 2198 ac
1253 2143 1328 2208 vi,
1354 2142 1420 2195 ad
1445 2142 1497 2199 id
1520 2142 1660 2211 quod
1688 2141 1798 2195 Deo
1835 2141 2030 2210 placet.

450 2240 638 2294 Simile
665 2239 792 2307 quid
826 2238 1097 2291 invenitur
1125 2235 1317 2288 beatus
1347 2246 1563 2301 quoque
1595 2230 1765 2286 David
1793 2230 2027 2287 dixisse:

453 2330 541 2384 ιΙιι
566 2333 716 2383 freno
731 2339 782 2382 et
806 2343 958 2381 canto
980 2324 1225 2379 maxillas
1245 2339 1432 2378 eorum
1454 2321 1893 2392 constringasqni
1910 2334 2035 2390 pro-

447 2441 514 2494 pe
538 2422 601 2475 ad
640 2432 692 2473 te
716 2435 819 2471 non
866 2414 1244 2485 arcetlunt“.s
1281 2412 1417 2468 Nam
1443 2412 1899 2481 quemadmodum
1937 2411 2031 2482 qui

451 2514 623 2582 pullos
646 2508 808 2581 267
829 2509 1057 2561 domare
1074 2506 1271 2569 solent,
1300 2516 1595 2570 earumque
1624 2515 1803 2556 rerum
1837 2500 2029 2570 periti,

448 2617 616 2674 equos
652 2603 880 2655 feruores
931 2596 997 2650 ad
1046 2609 1265 2650 cursum
1306 2594 1643 2648 moderatum
1693 2588 1866 2645 frenis
1923 2590 2033 2644 cir-

448 2701 740 2763 cumagunt
783 2706 799 2745 :
842 2689 922 2744 sic
967 2685 1346 2759 universitatis
1394 2684 1557 2748 Deus,
1605 2684 1927 2737 necessitate
1953 2681 2035 2738 la»

445 2784 595 2841 boris
643 2797 705 2836 ac
743 2780 980 2843 doloris,
1024 2790 1168 2847 sa-pe
1201 2775 1369 2846 agitat
1413 2788 1479 2829 ac
1523 2770 1928 2834 circumﬂectit,
1975 2779 2033 2826 ut

456 2874 676 2931 rebellis
725 2881 782 2927 et
836 2868 1055 2925 ellrcnis
1107 2876 1257 2922 recte
1315 2865 1500 2920 vivere
1563 2865 1853 2921 desideret.
1902 2861 2032 2920 Tale

446 2966 575 3037 quid
605 2980 703 3019 usu
731 2961 878 3017 venit
921 2963 972 3014 in
1006 2958 1250 3014 Samaria
1295 2956 1681 3021 habitantibus,
1731 2955 1822 3025 qui
1880 2963 2028 3025 post-

454 3072 618 3127 quam
649 3055 771 3108 belli
797 3051 1138 3119 calamitates
1168 3048 1573 3113 sustinuissent,
1602 3048 1689 3100 vix
1717 3046 2027 3114 punientem

444 3154 785 3218 agnoverunt
803 3154 858 3199 et
878 3140 1164 3205 offensum,
1201 3149 1255 3193 et
1282 3136 1558 3206 proﬂigato
1579 3137 1722 3192 cultu
1744 3136 2028 3200 idolorum,

446 3240 512 3293 ad
546 3246 790 3291 sanctum
843 3231 1059 3288 lsraelis
1113 3229 1330 3284 oculqu
1368 3227 1567 3290 mentis
1615 3228 2028 3291 transtulerunt,

445 3329 516 3383 ab
562 3327 650 3379 illo
697 3323 949 3379 nimirum
1005 3328 1384 3382 exspectantes
1423 3317 1541 3373 fore
1587 3317 1878 3381 auxilium,
1917 3324 2030 3371 eta

446 3421 603 3475 malis
628 3418 731 3472 sibi
760 3415 992 3469 invectis
1034 3412 1430 3487 liberationem.
1475 3407 1594 3467 Non
1637 3410 1804 3476 enim,
1834 3407 2028 3478 inquit,

446 3510 723 3566 comment
743 3506 1042 3571 altaribus,
1082 3518 1181 3558 nec
1229 3500 1485 3572 operibus
1509 3516 1730 3556 suarum
1773 3513 2027 3555 manuum

445 3617 565 3667 qua:
595 3601 839 3653 fecerunt
861 3594 1013 3667 digiti
1041 3610 1255 3659 eorum,
1284 3603 1335 3649 et
1371 3607 1475 3648 non
1501 3593 1851 3648 intuebuntur
1877 3591 2030 3647 arbo-

445 3707 535 3747 res
571 3706 720 3753 snas,
751 3704 924 3759 neque
957 3688 1390 3743 abominationes
1417 3701 1565 3741 snas.
1596 3685 1857 3759 Solebant
1884 3685 2026 3740 enim

446 3785 708 3838 montium
760 3781 993 3835 vertit-es
1033 3780 1431 3849 conscendere,
1474 3786 1531 3833 et
1573 3777 1676 3832 sub
1723 3790 1925 3847 quercu
1964 3790 2030 3830 ac

444 3875 678 3945 pupulo,
718 3872 875 3928 sicuti
923 3870 1183 3941 scriptum
1217 3879 1335 3935 est,
1370 3870 1727 3938 procumbere
1775 3867 2029 3935 operibus

446 3980 671 4021 suarum
724 3978 1000 4020 manuum.
1052 3961 1161 4031 Sed
1192 3976 1321 4025 non,
1359 3960 1553 4029 inquit,
1605 3958 1896 4027 respiciunt
1915 3974 2028 4011 am-

443 4059 588 4132 plius
634 4060 782 4120 Iuec,
841 4069 962 4109 curn
1014 4054 1193 4122 reipsa
1241 4058 1297 4106 et
1342 4052 1711 4121 experimento
1741 4049 2029 4104 didicerint

420 4166 564 4204 .retu
592 4164 714 4205 esse
748 4145 956 4202 irritum
992 4158 1058 4199 ac
1086 4157 1311 4211 prorsus
1339 4141 1728 4210 int‘rngiferam,
1756 4140 2028 4195 ontniutn-

442 4256 546 4312 que
566 4241 743 4310 potius
759 4252 973 4309 causam
994 4234 1359 4299 miseriarum.
1379 4231 1530 4287 lianc
1546 4233 1692 4287 enim
1714 4231 1785 4287 ob
1803 4245 2023 4286 causam

442 4340 742 4409 perierunt,
768 4342 824 4391 et
876 4332 1063 4401 traditi
1096 4340 1223 4391 sunt
1253 4329 1507 4386 inimicis.
1541 4326 2022 4391 Consultissimum

2133 1873 2407 1946 λατρείας.
2442 1874 2665 1944 Ἐπειδὴ
2698 1874 2757 1933 δὲ
2805 1873 2941 1930 πολὺ
2968 1875 3090 1929 λίαν
3134 1876 3549 1946 ἀμαθαίνοντες,
3588 1870 3713 1928 οὐδέ

2133 1966 2215 2019 ὅτι
2257 1968 2520 2037 προσήκοι
2584 1965 3016 2036 μεταγινώσκειν
3073 1967 3274 2031 αὐτοὺς
3330 1962 3710 2029 ἐϐουλεύοντο,

2133 2057 2316 2111 λοιπὸν
2349 2057 2639 2121 ἐκολάζετο
2665 2058 2815 2122 Θεός.
2846 2057 2956 2122 Οὓς
2987 2057 3095 2130 γὰρ
3141 2059 3243 2113 οὐκ
3278 2056 3490 2130 ὀνίνησι
3517 2057 3707 2126 λόγος,

2136 2147 2427 2220 μεθίστησι
2469 2150 2650 2213 πόνος,
2676 2149 3025 2221 περιτρέπων
3046 2151 3242 2214 αὐτοὺς
3272 2150 3347 2214 ὡς
3381 2149 3439 2215 ἐξ
3464 2149 3715 2217 ἀνάγκης

2133 2239 2228 2292 καὶ
2262 2238 2384 2309 βίας
2413 2240 2507 2292 ἐπὶ
2537 2239 2598 2292 τὸ
2620 2240 2856 2312 ἀρέσκον
2885 2239 3026 2311 Θεῷ.
3065 2241 3318 2294 Τοιοῦτόν
3350 2258 3402 2294 τι
3426 2240 3519 2294 καὶ
3547 2242 3575 2294 ό
3606 2258 3715 2311 μα-

2132 2332 2326 2402 κάριος
2372 2329 2537 2385 Δαϐὶδ
2588 2332 2902 2403 εὑρίσκεται
2942 2331 3134 2401 λέγων’
3176 2351 3194 2385 ι
3250 2332 3338 2386 Ἐν
3370 2331 3574 2403 χαλινῷ
3615 2328 3715 2385 καὶ

2134 2422 2299 2493 κημῷ
2326 2422 2425 2486 τὰς
2451 2424 2710 2492 σιαγόνας
2745 2424 2926 2480 αὐτῶν
2958 2423 3175 2494 ἄγξαις,
3208 2426 3315 2479 τῶν
3348 2426 3423 2497 μὴ
3466 2425 3713 2495 ἐγγιςόνο

2131 2529 2238 2566 των
2266 2514 2404 2584 πρὸς
2434 2514 2514 2567 σέ.
2555 2533 2574 2567 ι
2606 2514 2816 2585 ὐνπερ
2857 2514 2968 2588 γὰρ
3000 2516 3199 2588 τρόπον
3243 2518 3293 2569 οἱ
3341 2514 3712 2586 ταολοδαμνεῐν

2131 2602 2403 2669 εἰωθότες,
2443 2605 2540 2660 καὶ
2581 2604 2755 2660 ταῦτα
2809 2608 2990 2677 σοφοὶ,
3042 2609 3428 2680 περιτρέπουσι
3474 2607 3713 2678 χαλινοῖς

2130 2695 2258 2758 τοὺς
2279 2695 2385 2750 τῶν
2418 2697 2601 2750 ἵππων
2632 2699 3004 2771 ἀγριωτέρους
3027 2701 3107 2764 εἰς
3136 2702 3473 2772 ἐπιστήμονα
3487 2699 3707 2771 δρόμον

2129 2784 2301 2850 οὕτως
2325 2786 2419 2840 καὶ
2444 2790 2472 2841 ὁ
2499 2788 2607 2843 τῶν
2634 2789 2772 2844 ὅλων
2805 2790 2961 2856 θεὸς,
2979 2794 3100 2855 ταῖς
3122 2793 3186 2845 ἐκ
3213 2792 3393 2846 πόνων
3417 2791 3710 2861 ἀνάγκαις,

2130 2876 2445 2948 περιίστησι
2492 2878 2812 2944 πλειστάκις
2851 2881 2934 2945 εἰς
2978 2882 3040 2935 τὸ
3083 2881 3300 2936 ἑλέσθαι
3349 2881 3499 2951 βιοῦν
3534 2880 3714 2953 ὀρθῶς
3790 2925 3797 2929 .

2129 2968 2221 3021 τὸν
2252 2968 2453 3039 ἀπειθῆ
2485 2971 2581 3023 καὶ
2637 2970 2870 3041 ἐξήνιον.
2901 2971 3156 3027 Τοιοῦτόν
3188 2990 3240 3026 τι
3277 2972 3626 3035 πεπονθότες,
3658 2973 3713 3026 οι

2130 3059 2188 3113 ἐν
2213 3061 2502 3133 Σαμαρείᾳ
2542 3064 2954 3133 κατῳκηκότες,
3011 3064 3150 3135 μετά
3186 3081 3249 3134 γε
3292 3065 3353 3118 τὸ
3385 3066 3576 3118 παθεῖν
3609 3063 3713 3128 τὰς

2135 3151 2201 3203 ἐκ
2228 3151 2323 3204 τοῦ
2353 3152 2592 3222 πολέμου
2610 3154 2924 3225 συμφορὰς,
2975 3155 3127 3226 μόλις
3154 3156 3470 3224 ἐπέγνωσαν
3495 3155 3586 3209 τὸν
3617 3171 3714 3209 κο-

2136 3237 2369 3304 λάζοντα
2395 3241 2495 3294 καὶ
2531 3226 2926 3314 λελυπημένον·
2953 3245 3050 3298 καὶ
3079 3245 3438 3298 ἀπεσείσαντο
3477 3247 3575 3316 μὲν
3609 3243 3713 3307 τὰς

2134 3328 2244 3383 τῶν
2269 3329 2503 3385 εἰδώλων
2524 3330 2801 3405 λατρείας,
2823 3334 3119 3404 μετέϐαλον
3149 3335 3206 3388 δὲ
3230 3336 3329 3405 τῆς
3356 3335 3594 3398 διανοίας
3618 3333 3711 3388 τὸν

2134 3421 2410 3493 ὀφθαλμὸν
2440 3425 2533 3477 ἐπὶ
2576 3426 2668 3478 τὸν
2698 3425 2853 3494 ἆγιον
2890 3425 2986 3479 τοῦ
3014 3426 3254 3500 Ἰσραὴλ,
3283 3429 3411 3498 παρ’
3441 3425 3606 3479 αὑτοῦ
3652 3425 3712 3480 δὲ

2132 3512 2377 3584 δηλονότι
2399 3516 2810 3588 προσδοκῶντες
2849 3516 3068 3575 ἔσεσθαι
3102 3518 3202 3591 τὴν
3240 3518 3578 3591 ἐπικουρίαν,
3615 3518 3713 3571 καὶ

2135 3603 2247 3660 τῶν
2268 3606 2716 3679 ἐπενηνεγμένων
2740 3608 2924 3674 αὐτοῖς
2938 3610 3127 3665 κακῶν
3147 3610 3247 3682 τὴν
3268 3611 3606 3681 ἀπαλλαγήν.
3631 3610 3711 3663 Οὐ

2133 3696 2243 3767 γὰρ
2264 3698 2339 3769 μὴ
2371 3699 2690 3757 πεποιθότες
2721 3695 2844 3769 ὦσι,
2873 3703 3059 3772 φησὶν,
3090 3704 3185 3756 ἐπὶ
3207 3706 3318 3767 τοῖς
3345 3702 3564 3773 βωμοίς,
3587 3701 3710 3755 οὐδὲ

2131 3786 2227 3841 ἐπὶ
2279 3791 2390 3849 τοῖς
2431 3787 2615 3861 ἔργοις
2659 3789 2769 3844 τῶν
2810 3792 3013 3863 χειρῶν
3040 3791 3241 3856 αὐτῶν,
3274 3792 3310 3847 θ.
3360 3793 3619 3862 ἐποίησαν
3658 3793 3711 3845 οἰ

2129 3878 2382 3935 δάκτυλοι
2406 3882 2606 3935 αὐτῶν*
2651 3883 2745 3937 καὶ
2777 3884 2879 3936 οὐκ
2907 3885 3128 3955 ὄψονται
3163 3885 3234 3939 τὰ
3268 3884 3462 3957 δένδρα
3506 3883 3708 3950 αὐτῶν,

2130 3970 2251 4023 οὐδὲ
2276 3971 2345 4026 τὰ
2375 3971 2719 4045 βδελύγματα
2746 3974 2946 4032 αὐτῶν.
2993 3976 3150 4040 Ἔθος
3181 3976 3280 4046 μὲν
3299 3976 3404 4047 γὰρ
3426 3971 3493 4047 ἧν
3526 3976 3709 4038 αὐτοῖς

2129 4061 2228 4125 τὰς
2251 4062 2358 4117 τῶν
2384 4063 2528 4136 ὀρῶν
2558 4066 2998 4138 καταλαμϐάνειν
3019 4066 3284 4139 κορυφὰς,
3305 4070 3399 4122 καὶ
3451 4067 3710 4119 ὑποκάτω

2127 4151 2289 4224 δρυὸς
2325 4155 2419 4208 καὶ
2448 4153 2666 4228 λεύκης,
2708 4156 2849 4211 καθά
2877 4158 3210 4229 γέγραπται,
3252 4156 3574 4228 προσκυνεῖν
3597 4158 3707 4218 τοῖς
3809 4217 3813 4220 ,

2129 4242 2314 4314 ἔργοις
2340 4244 2448 4298 τῶν
2478 4246 2624 4301 ἰδίων
2667 4248 2887 4320 χειρῶν.
2938 4247 3077 4303 Ἀλλ’
3115 4248 3300 4303 οὐκέτι
3345 4249 3554 4310 τούτοις
3604 4250 3706 4318 ἐμ-

2129 4333 2438 4405 ϐλέψονται,
2492 4339 2628 4408 φησί
2648 4378 2664 4403 ,
2695 4339 2861 4411 πείρα
2900 4339 3160 4410 μαθόντες
3187 4339 3260 4402 ὡς
3290 4340 3495 4392 εἰκαῖον
3525 4338 3708 4399 αὐτοῖς

442 4431 625 4501 itaque
649 4438 733 4484 est
764 4440 991 4491 cavere,
1020 4436 1074 4480 et
1108 4422 1357 4479 omnibus
1392 4421 1597 4476 viribus
1626 4421 1761 4476 iram
1788 4421 2022 4475 divinam

2130 4427 2222 4480 καὶ
2252 4427 2509 4498 ἀνόνητον
2551 4430 2826 4494 παντελῶς
2870 4430 2931 4483 τὸ
2978 4430 3167 4501 χρῆμά
3208 4432 3385 4495 ἐστιν,
3424 4428 3622 4500 μᾶλλον
3648 4428 3707 4482 δέ

442 4520 736 4583 declinare,
770 4529 826 4573 et
872 4532 982 4574 non
1030 4513 1361 4586 experiendo
1388 4512 1600 4566 discere
1638 4510 1796 4565 malis
1836 4525 2028 4565 occur-

443 4624 603 4673 rere,
637 4608 731 4663 sed
769 4616 893 4661 ante
925 4605 1108 4676 potius
1140 4616 1335 4659 causas
1394 4608 1606 4655 mature
1632 4612 1933 4666 removere,
1958 4598 2027 4653 de

442 4700 641 4770 quibus
667 4698 809 4754 Deus
844 4696 1004 4752 irasci
1042 4702 1275 4766 poterat,
1318 4692 1540 4771 Deoque
1577 4698 1867 4765 commoto,
1900 4698 2027 4757 ante

443 4792 654 4860 plagam
682 4796 735 4841 et
757 4786 979 4841 verbera
1002 4785 1240 4863 turpiora
1267 4782 1543 4847 evitando,
1560 4781 1759 4853 optima
1781 4780 2028 4847 excolen-

428 4863 533 4947 do,
562 4891 832 4949 omneque
856 4875 1069 4933 virtutis
1088 4889 1257 4955 genus
1277 4874 1602 4936 exercendo,
1624 4886 1744 4927 sese
1766 4886 2021 4943 purgare.

2124 4519 2219 4573 καὶ
2246 4520 2468 4590 ἁπάσης
2497 4522 2669 4577 αἴτιον
2707 4527 3008 4597 συμφορᾶς.
3046 4524 3261 4598 Ταύτης
3283 4527 3392 4596 γὰρ
3414 4527 3574 4580 ἕνεκα
3608 4524 3708 4593 τῆς

2123 4610 2323 4674 αἰτίας,
2382 4613 2477 4665 καὶ
2514 4612 2830 4678 διολώλασι,
2880 4617 2976 4669 καὶ
3024 4617 3261 4671 δέδονται
3310 4621 3422 4679 τοῖς
3471 4615 3703 4686 ἐχθροῖς.

2129 4698 2384 4769 Ἀριστον
2404 4696 2497 4755 οὖν
2523 4701 2632 4772 ἄρα
2661 4703 2722 4759 τὸ
2747 4705 3110 4774 φυλάττεσθαι
3126 4710 3218 4763 καὶ
3238 4708 3401 4765 παντὶ
3426 4725 3500 4762 πα
3509 4709 3706 4780 ραιτεῖ-

2125 4790 2252 4845 σθαι
2286 4791 2461 4847 σθένει
2510 4794 2609 4865 τὴν
2653 4794 2804 4851 θείαν
2834 4798 3024 4871 ὀργὴν,
3061 4802 3157 4855 καὶ
3204 4804 3279 4872 μὴ
3310 4801 3475 4873 πείρᾳ
3516 4799 3709 4871 μαθεῖν

2122 4880 2441 4952 ἐκδέχεσθαι
2469 4885 2538 4938 τὰ
2568 4886 2733 4945 κακά.
2779 4890 3258 4960 Προσαποδύεσθαι
3292 4894 3349 4946 δὲ
3386 4892 3585 4963 μᾶλλον
3612 4890 3708 4943 καὶ

444 4976 592 5059 μάλα
617 4974 832 5049 γοργῶς
860 4972 960 5053 τᾲς
993 4967 1191 5047 αἰτίας,
1229 4970 1312 5047 ἐφ’
1353 4963 1441 5033 αἷς
1467 4967 1533 5022 ἂν
1575 4965 1847 5045 ὀργίζοιτο
1878 4968 2030 5034 Θεὸς,
2064 4975 2158 5029 καὶ
2186 4977 2294 5046 πρὸ
2350 4976 2567 5049 πληγῆς
2621 4982 2717 5035 καὶ
2763 4983 3029 5054 μάστιγος
3066 4987 3451 5056 ἀπολογεῖσθαι
3472 4985 3706 5053 λελυπηο

445 5070 593 5143 μένῳ
611 5069 700 5126 διά
731 5084 796 5139 γε
823 5067 917 5123 τοῦ
944 5064 1327 5143 περαιτεῖσθᾳι
1377 5061 1475 5137 μὲν
1511 5061 1580 5116 τὰ
1642 5061 2055 5137 αἰσχίφςτιμᾷν
2122 5069 2181 5124 δὲ
2240 5073 2309 5127 τὰ
2362 5074 2661 5144 κάλλιστα,
2717 5078 2812 5133 καὶ
2871 5082 3048 5135 πάντα
3109 5081 3309 5154 τρόπον
3365 5080 3708 5152 ἐπιτηδεύειν

442 5162 663 5236 ἀρετῆς.

511 5276 681 5345 Vens.
711 5275 767 5344 9,
801 5274 888 5333 10.
928 5274 1026 5332 Die
1070 5274 1166 5331 illa
1201 5282 1353 5329 erunt
1398 5272 1662 5328 derelictae
1703 5274 1853 5329 urbes
1879 5285 2015 5340 tum,

441 5370 877 5442 quemadmodum
929 5370 1248 5440 reliquerunt
1300 5366 1622 5430 Amorrhwi,
1669 5377 1716 5421 et
1768 5367 1947 5453 lintei,
1987 5385 2020 5423 ιι

442 5462 581 5532 facie
614 5461 851 5530 ﬁliorum
889 5459 1140 5527 Israelis,
1180 5471 1228 5515 et
1276 5467 1429 5514 erunt
1466 5458 1736 5524 desolalw,
1769 5460 2018 5529 quoniam

2203 5276 2285 5348 Τῇ
2311 5278 2503 5349 ἡμέρᾳ
2560 5282 2762 5353 ἐκείνῃ
2816 5284 3061 5341 ἔσονται
3105 5290 3165 5341 αἱ
3209 5290 3419 5353 πόλεις
3467 5305 3584 5345 σου
3611 5289 3709 5359 ἐν·

2128 5372 2691 5441 καταλελειμμέναι,
2768 5374 2841 5429 ὄν
2907 5378 3130 5443 τρόπον
3197 5380 3595 5449 ἐγκατέλιπον
3646 5384 3707 5438 οἱ

2140 5458 2466 5528 ’Λμορῤαῖοι
2520 5462 2621 5516 καὶ
2674 5465 2730 5517 οὶ
2792 5461 3000 5519 Εὐαῖοι
3055 5467 3174 5521 ἀπὸ
3232 5470 3554 5539 προσώπου
3586 5469 3707 5525 τῶν

515 5663 558 5697 ’τ
592 5662 753 5718 Hebr.
787 5663 957 5728 xn,7.
1035 5664 1079 5695 ⁸·
1100 5664 1232 5719 ibid.
1278 5664 1331 5731 5,
1363 5665 1429 5730 6;
1468 5662 1628 5719 Prov.
1659 5676 1741 5728 ιιι,
1771 5660 1858 5727 Η,
1886 5659 1972 5717 ιε.

2130 5657 2412 5716 ιΤίιιιοιΙι.
2445 5674 2505 5732 ιι,
2532 5661 2588 5716 4.
2665 5660 2873 5735 ”_Psal.
2906 5678 3058 5732 xui,
3089 5667 3140 5723 9.
