4026 6210
267 313 374 368 653

1402 312 1466 364 [Ν
1511 307 1742 366 ISAIAM
1782 309 1908 364 LIB.
1949 309 2010 364 ιι.
2053 308 2290 366 TOMUS
2331 310 2414 366 Ill.

3425 319 3552 374 ἐκ

271 436 488 506 πέμπει
525 429 802 500 Ῥαψάκην
836 433 900 483 ἐκ
930 431 1130 499 Λαχεῖς
1179 430 1258 492 εἰς
1317 429 1672 500 Ἰερουσαλὴμ
1711 427 1864 480 πολι-

1975 443 2083 483 eam
2105 429 2524 498 obsiderentqui
2554 429 2641 484 ubi
2672 431 2924 497 venisset,
2947 432 3284 500 maiestatem
3310 435 3551 488 omnium

271 525 514 596 ορκῆσαι
547 522 738 591 αὑτὴν,
770 520 829 583 ὃς
871 521 935 590 δὴ
967 521 1062 574 καὶ
1093 520 1410 591 ἀφιγμένος,
1442 519 1857 591 κατεφλυάρησε

277 617 378 686 μὲν
409 617 510 685 τῆς
540 613 698 682 δόξης
726 612 820 664 τοῦ
859 612 1072 665 πάντων
1107 611 1264 682 ἡμῶν
1291 611 1544 683 Σωτῆρος
1573 610 1707 664 Θεοῦ
1730 626 1742 638 ·
1782 611 1857 680 μὴ

273 707 382 776 γάρ
419 703 682 759 δύνασθαι
733 702 1025 766 διασώζειν
1079 702 1297 764 αὐτοὺς,
1361 701 1464 754 κᾶν
1515 704 1563 753 εἰ
1621 700 1860 770 βούλοιτο

276 796 431 850 τοῦτο
476 795 652 868 δρᾷν,
705 796 734 847 6
791 795 1096 866 παράφρων
1139 793 1442 846 διετείνετο.
1491 792 1760 864 Βαρϐάρῳ
1806 793 1862 844 δὲ

278 884 490 956 γλώττῃ
536 884 632 938 καὶ
669 883 747 954 νῷ
779 883 1138 954 κεχρημένος,
1165 880 1304 948 ἔγνω
1351 885 1415 953 τῇ
1457 883 1620 952 πείρᾳ
1653 880 1859 951 μαθὼν,

279 979 356 1031 δτι
386 977 624 1048 σκληρδν
655 974 930 1046 ἀνθρώπῳ
975 974 1137 1027 παντὶ
1171 974 1267 1040 τῆς
1313 973 1571 1026 ἀνωτάτω
1601 973 1863 1025 κατεπαὶ-

282 1067 472 1139 ρεσθαι
526 1068 709 1138 δόξης.
772 1065 994 1136 Ἐξῆλθε
1051 1065 1158 1136 γὰρ
1216 1065 1445 1132 ἄγγελος
1507 1064 1734 1134 Κυρίου,
1768 1063 1862 1115 καὶ

279 1160 486 1215 ἀνεῖλεν
520 1163 579 1214 ὲν
610 1161 712 1230 μιᾷ.
743 1159 900 1212 νυκτὶ
931 1159 995 1210 ὲκ
1027 1159 1124 1226 τῆς
1166 1156 1520 1227 παρεμϐολῆς
1563 1156 1672 1208 τῶν
1701 1155 1860 1208 ἁλλο-

279 1254 460 1324 φύλων
498 1252 694 1306 ἑκατὸν
725 1252 1054 1323 ὀγδοήκοντα
1090 1250 1250 1303 πέντε
1286 1249 1530 1319 χιλιάδας
1551 1266 1562 1278 ·
1595 1249 1689 1301 καὶ
1726 1249 1860 1301 ἁνα-

279 1347 508 1410 στάντες
546 1345 610 1399 τὸ
647 1344 811 1417 πρωῒ,
855 1340 1013 1415 εὖρον
1060 1343 1236 1395 πάντα
1281 1341 1350 1394 τὰ
1391 1340 1620 1411 σώματα
1671 1340 1858 1409 νεκρά.

288 1437 515 1508 Ἐπειδὴ
545 1437 604 1491 δὲ
633 1437 742 1489 τῶν
771 1434 1249 1506 προσδοκηθέντων
1278 1435 1304 1486 6
1332 1430 1636 1502 πεπομφὼς
1663 1429 1862 1498 ἐσφάλ-

276 1531 420 1594 λετο,
452 1529 596 1600 φημὶ
623 1529 688 1598 δὴ
715 1527 1106 1598 Σενναχηρεὶμ,
1159 1525 1493 1595 ὑπενόστησε
1527 1522 1725 1592 φυγὰς,
1769 1523 1864 1575 καὶ

286 1622 438 1692 μόλις
469 1620 706 1684 ἐσώζετο
751 1619 820 1672 τὰ
852 1620 989 1672 οἴκοι
1037 1615 1381 1680 καταλαϐὼν,
1413 1617 1460 1668 εἰ
1506 1616 1598 1668 καὶ
1647 1613 1862 1667 διόλωλε

282 1713 376 1768 καὶ
406 1713 508 1767 οὐκ
538 1713 620 1775 εἰς
651 1711 870 1783 μακρὰν
900 1711 1004 1772 ὑπὸ
1032 1709 1142 1762 τῶν
1173 1709 1367 1762 ἑαυτοῦ
1417 1709 1641 1762 παίδων.
1706 1707 1861 1777 Ἐγέ-

281 1822 403 1859 νετο
427 1805 554 1873 γὰρ,
582 1805 769 1874 φησιν,
799 1805 856 1855 ἐν
885 1801 961 1872 τῷ
990 1803 1313 1872 προσκυνεῖν
1339 1801 1500 1854 αὑτὸν
1530 1802 1587 1852 ὲν
1621 1798 1696 1869 τῷ
1727 1799 1862 1868 οἴκῳ
1895 1783 1936 1842 Β

281 1894 448 1950 αὑτοῦ
495 1894 737 1965 ’Δσαρὰχ
791 1893 882 1946 τὸν
941 1894 1253 1964 πάτραρχον
1297 1893 1481 1955 αὐτοῦ,
1530 1891 1863 1962 ’Λδραμελὲχ

282 1989 378 2043 καὶ
406 1987 685 2059 Σαρασὰρ,
713 1989 762 2042 οἱ
785 1989 893 2041 υἱοὶ
923 1988 1110 2053 αὐτοῦ,
1165 1987 1441 2053 ἐπάταξαν
1472 1987 1633 2039 αὑτὸν
1666 1987 1863 2056 μαχαί-

225 2089 236 2094 ’
280 2086 427 2151 ραις.
459 2079 676 2149 Ταύτης
701 2079 1066 2150 διαμέμνηται
1093 2082 1189 2150 τῆς
1219 2079 1458 2150 ἱστορίας
1483 2081 1510 2131 6
1534 2077 1865 2149 προφητικὸς

279 2175 416 2243 ἡμῖν
458 2173 518 2224 ὲν
559 2171 771 2235 τούτοις
820 2170 997 2240 λόγος,
1034 2172 1132 2242 τὴν
1173 2171 1231 2224 δέ
1279 2189 1343 2240 γε
1395 2172 1499 2223 τῶν
1567 2169 1866 2238 Ἀσσυρίων

282 2264 467 2335 ἔφοδον
492 2266 917 2337 προαφηγείται,
944 2264 1036 2319 καί
1056 2281 1238 2332 φησιν·
1272 2264 1410 2317 Οὐαὶ
1434 2261 1635 2332 πλῆθος
1662 2260 1861 2315 ὲθνῶνῑ

283 2355 378 2412 καὶ
405 2356 474 2408 τὰ
517 2353 730 2418 τούτοις
755 2355 843 2425 ἐφ’
871 2355 1016 2425 ἑξῆς.
1048 2354 1334 2420 Ταλανίζει
1375 2356 1472 2423 μὲν
1510 2356 1616 2424 γὰρ
1649 2353 1862 2416 αὐτοὺς,

282 2445 358 2510 ὡς
385 2445 512 2498 ὅσον
557 2445 683 2502 οὐδὲ
719 2463 809 2501 πω
840 2444 1263 2516 τεθνηξομένους
1309 2445 1368 2495 ὲν
1406 2447 1518 2506 τοῖς
1575 2440 1868 2513 Ἱεροσολύ-

285 2555 428 2609 μοις.
453 2537 758 2601 διόλλυντος
808 2536 1063 2605 ἀγγέλου.
1110 2537 1231 2588 Ὅτι
1260 2535 1316 2588 δὲ
1344 2536 1442 2605 οὺχ
1482 2535 1539 2588 ἓν
1583 2531 1650 2605 ἦν
1695 2535 1866 2598 ἔθνος,

283 2629 516 2682 πλεῖστα
563 2627 620 2681 δὲ
681 2628 902 2697 μᾶλλον,
952 2627 1310 2681 διαδείκνυσιν
1355 2629 1619 2698 ἐναργῶς,
1671 2627 1870 2697 πλῆθος

281 2719 460 2774 ἐθνῶν
504 2719 782 2789 ὀνομάζων
829 2721 988 2775 αὑτά.
1053 2721 1321 2791 Ἐπῄεσαν
1371 2721 1427 2774 δὲ
1468 2724 1590 2784 ταῖς
1642 2719 1867 2791 χώραις,

285 2811 418 2884 ἤτοι
448 2813 569 2875 ταῖς
598 2811 781 2865 πόλεσι
825 2813 924 2883 τῆς
968 2813 1246 2877 Ἰουδαίας,
1280 2813 1355 2876 ὡς
1402 2813 1544 2884 ὕδωρ
1590 2813 1723 2866 πολὺ
1776 2813 1870 2866 καὶ

285 2901 370 2966 ὡς
413 2901 511 2974 βεᾳ
545 2903 998 2974 καταφερόμενον,
1033 2905 1127 2958 καὶ
1160 2904 1423 2976 θορύϐους
1452 2905 1736 2975 ἐμποιοῦν,
1777 2906 1872 2975 μό-

283 3011 382 3048 νον
404 2993 615 3068 δὲοῦχὶ
644 2993 914 3067 θαλάσσης
941 2995 1098 3066 δίκην
1123 2997 1233 3051 τῶν
1263 2996 1670 3067 ἀνθεστηκότων
1706 3013 1872 3049 κατα-

283 3085 677 3157 κυμαίνοντες.
729 3083 918 3140 Νῶτον
968 3086 1026 3140 δὲ
1088 3087 1285 3151 αὐτοὺς
1335 3087 1542 3142 πολλῶν
1595 3087 1762 3140 ἐθνῶν
1815 3089 1871 3139 ὲν

1964 528 2206 574 nostrum
2252 519 2560 575 Servateris
2609 520 2701 575 Dei
2746 521 2933 575 habuit
2979 523 3175 576 derisui
3211 542 3224 576 :
3268 537 3369 577 non
3409 524 3551 578 enim

1963 627 2122 682 posse
2169 626 2262 667 eos
2304 627 2542 672 servare.
2587 614 2688 666 etsi
2735 613 2838 668 hoc
2881 614 3007 668 velit
3039 615 3290 678 maxime,
3322 613 3554 668 allii-ma-

1965 706 2074 759 bat.
2108 705 2395 758 Barbarica
2417 714 2595 760 autem
2624 705 2800 774 lingua
2825 721 2888 761 ac
2910 717 3088 761 meme
3124 722 3275 771 usus,
3303 710 3552 776 cognotlt

1965 797 2293 865 experientia
2351 796 2609 859 edoctus,
2669 797 2861 851 durum
2925 813 3047 852 esse
3117 797 3320 850 homini
3381 798 3554 853 cuivis

1965 899 2152 942 contra
2185 904 2492 958 supremam
2525 887 2862 956 majestatem
2894 903 3015 943 sese.
3060 888 3327 942 attollere.
3359 886 3551 955 Egres-

1965 998 2055 1033 sus
2084 991 2164 1034 est
2194 981 2336 1034 enim
2375 980 2598 1050 angelus
2643 980 2876 1045 Domini,
2911 989 2962 1034 et
2997 980 3214 1034 sustulit
3250 996 3352 1034 una
3393 991 3551 1034 nocte

1965 1089 2028 1126 cx
2063 1072 2253 1127 castris
2284 1073 2708 1143 alienigenarum
2750 1081 2966 1126 centum
2999 1073 3272 1142 octoginta
3313 1073 3554 1142 quinque

1966 1164 2153 1228 millia,
2182 1179 2245 1217 ac
2275 1173 2562 1234 surgentes
2587 1177 2743 1217 mane
2771 1163 3094 1218 invenerunt
3121 1163 3299 1217 omnia
3327 1177 3551 1232 corpora

1966 1264 2199 1308 mortua.
2229 1253 2292 1307 Et
2324 1269 2444 1309 cum
2475 1254 2879 1323 exspectatione
2901 1253 3196 1308 frustratus
3223 1263 3365 1308 esset
3396 1253 3440 1308 is
3459 1255 3549 1323 qui

1967 1346 2135 1410 misit,
2181 1345 2572 1402 Senuacherim
2621 1347 2872 1415 inquam,
2908 1360 3158 1400 reversus
3185 1355 3268 1399 est
3300 1344 3547 1414 perfuga,

1966 1446 2019 1491 et
2040 1445 2288 1492 servatus
2311 1445 2395 1491 est
2420 1437 2507 1490 vix
2532 1451 2628 1490 sua
2651 1435 2794 1488 domi
2821 1449 3146 1503 recuperans
3175 1453 3188 1488 :
3217 1434 3343 1502 quin
3367 1443 3420 1487 et
3442 1435 3556 1502 ipse

1969 1528 2266 1584 trucidatus
2300 1537 2386 1584 est
2435 1543 2540 1583 non
2593 1528 2751 1598 longe
2785 1538 2903 1597 post
2933 1545 2960 1578 ιι
2995 1527 3107 1582 suis
3139 1526 3283 1581 ﬁliis.
3329 1524 3552 1580 Factum

1965 1631 2068 1684 est,
2121 1623 2331 1691 inquit,
2363 1621 2490 1674 dum
2539 1622 2792 1676 a‘doraret
2841 1623 2987 1675 domi
3044 1636 3154 1676 suae
3211 1621 3416 1675 Sarach
3465 1637 3556 1686 pa-

1969 1714 2240 1768 trarchum
2285 1727 2472 1777 suum,
2508 1711 2862 1766 Adramelech
2906 1723 2962 1766 et
3007 1711 3256 1776 Sarasar,
3290 1711 3383 1765 filii
3419 1713 3562 1778 ejus.

1966 1821 2088 1860 eum
2128 1805 2308 1874 gladio
2357 1802 2742 1859 confoderunt.
2776 1804 2943 1870 Hujus
2996 1803 3238 1857 historiae
3289 1805 3390 1857 hoc
3440 1804 3558 1855 loco

1967 1896 2218 1952 meminit
2280 1896 2437 1950 nobis
2499 1911 2680 1950 sermo
2736 1895 3119 1964 propheticus;
3178 1895 3558 1962 incursumque

1965 1988 2320 2059 Assyriorum
2367 1995 2778 2056 praemonstrat,
2823 2002 2886 2041 ac
2939 1985 3159 2055 inquit:
3199 1986 3284 2039 Va
3317 1988 3553 2054 gentium

1969 2063 2262 2134 multarum
2289 2079 2655 2134 multitudini!
2682 2088 2736 2132 et
2773 2093 2893 2147 qua:
2928 2087 3352 2146 consequuntur.
3388 2076 3556 2146 Luget

1968 2172 2111 2228 enim
2170 2187 2264 2228 eos
2306 2172 2534 2226 miseros
2574 2170 2728 2240 quasi
2780 2169 3004 2240 jamjam
3061 2171 3375 2236 morituros,
3430 2186 3553 2239 per-

1969 2262 2131 2318 dente
2171 2262 2396 2332 angelo.
2439 2262 2592 2328 Quod
2637 2271 2818 2316 autem
2869 2278 2975 2317 non
3026 2277 3130 2315 una
3182 2259 3342 2315 fuerit
3387 2275 3552 2329 gens,

1970 2355 2064 2410 sed
2120 2355 2338 2425 plures,
2389 2355 2730 2410 demonstrat
2782 2355 3099 2424 perspicue,
3151 2369 3272 2410 cum
3318 2354 3556 2423 gentium

1973 2449 2372 2506 multitudinem
2404 2447 2685 2506 nominata
2703 2446 3021 2501 invaserunt
3053 2457 3229 2500 autem
3253 2449 3557 2516 provincias

1970 2552 2066 2593 seu
2097 2536 2260 2592 urbes
2305 2535 2503 2590 Judtete
2541 2536 2686 2588 velut
2741 2551 2880 2603 aqua
2937 2535 3176 2604 cepiosa,
3215 2523 3554 2605 et'tanquam

1973 2629 2204 2697 impetus
2246 2643 2400 2698 aquae
2451 2626 2750 2681 desilientis
2797 2635 2852 2680 et
2889 2627 3304 2688 murmurantis,
3349 2635 3553 2680 tantum

1973 2738 2078 2775 non
2105 2722 2270 2775 maris
2301 2723 2350 2774 in
2384 2734 2588 2773 morem
2619 2727 2806 2774 contra
2837 2717 3178 2772 adversarius
3209 2719 3554 2774 inundantes.

1972 2811 2256 2870 lucursant
2284 2823 2461 2864 autem
2498 2825 2712 2878 semper
2745 2820 2955 2879 tergum
2988 2824 3174 2864 cormn
3207 2809 3296 2878 qui
3327 2809 3556 2879 fugiunt,

1975 2905 2026 2959 hi
2059 2903 2148 2971 qui
2190 2910 2620 2970 persequuntur.
2649 2899 2879 2953 Dorsum
2911 2914 3035 2952 vero
3069 2899 3120 2952 in
3155 2900 3236 2953 his
3269 2900 3556 2953 multarum

1975 2997 2215 3068 gentium
2249 2993 2516 3064 appellat,“
2531 3008 2597 3047 eo
2639 2991 2782 3060 quod
2816 2991 2996 3045 multae
3027 3001 3216 3060 gentes
3247 2996 3384 3060 apud
3417 2995 3560 3058 ipsos

1976 3087 2351 3158 persecutione
2383 3095 2714 3154 premantur.
2765 3083 2965 3138 Deinde
2997 3093 3179 3152 postea
3224 3071 3560 3140 exterminia?

285 3175 498 3240 τούτοις
544 3174 833 3238 ἀποκαλεῖ,
877 3176 1048 3232 διάτοι
1085 3177 1146 3230 τὸ
1195 3178 1361 3232 πολλὰ
1401 3178 1691 3231 διώκεσθαι
1742 3180 1870 3250 παρ’

1975 3147 2051 3231 bit
2079 3177 2445 3246 eum,inquit,
2483 3176 2534 3230 id
2563 3185 2668 3240 est,
2695 3190 2723 3227 a
2759 3186 2909 3243 tergo
2939 3175 3136 3238 mittet,
3167 3184 3220 3228 et
3249 3175 3407 3246 271
3437 3194 3558 3231 enin

287 3263 468 3320 αὐτῶν
507 3263 659 3336 ἔθνη.
695 3265 962 3337 Τρέχουσι
1001 3267 1062 3323 δὲ
1091 3267 1231 3322 κατὰ
1271 3267 1438 3320 νώτου
1477 3266 1654 3336 πάντη
1685 3283 1743 3318 τε
1776 3267 1869 3319 καί

289 3357 510 3422 πάντως
535 3356 647 3410 τῶν
696 3357 1081 3428 φευγόντωνόἱ
1112 3357 1418 3422 διώκοντες.
1468 3354 1602 3412 Εἶτα
1649 3358 1701 3410 τί
1732 3358 1871 3428 μετὰ

288 3449 484 3514 τοῦτος
518 3447 1134 3520 Ἀποσκορακιεῖάὒτδν,
1157 3451 1311 3519 φησι,
1335 3449 1479 3504 τοῦτ’
1506 3450 1671 3512 ἔστιν,
1697 3449 1871 3501 ὀπίσω

288 3540 523 3612 πέμψει,
555 3539 652 3594 καὶ
677 3539 870 3612 πύρῤω
894 3541 1056 3594 αὑτὸν
1085 3539 1353 3607 διώξεται,
1381 3542 1455 3604 ὼς
1482 3540 1640 3610 χνοῦν
1664 3540 1870 3610 ἀχύρου

286 3629 611 3702 λικμώντων
635 3629 900 3686 ἀπέναντι
923 3630 1148 3701 ἀνέμου,
1170 3632 1266 3683 καὶ
1285 3631 1360 3694 ὼς
1386 3631 1658 3701 κονιορτὸν
1678 3627 1872 3699 τροχοῦ

286 3709 605 3792 καταιγίδος
653 3722 912 3794 φέρουσα.
961 3722 1027 3774 Τί
1083 3722 1192 3792 γὰρ
1240 3721 1412 3785 οὕτως
1449 3721 1870 3791 εὐδιαρῐπιστον,

285 3815 364 3880 ὡς
407 3813 538 3887 χοῦς
568 3816 634 3869 ἐκ
669 3815 863 3888 τροχοῦ
909 3816 1003 3869 καὶ
1037 3815 1260 3879 άλῶνος,
1311 3815 1619 3887 πνεύματος
1664 3814 1868 3885 λάϐρου

286 3905 827 3974 κατασπιλὼζοντοςξ
877 3908 1002 3962 Ὀτι
1042 3908 1096 3962 δὲ
1126 3907 1297 3979 ᾤχετο
1330 3909 1507 3977 φυγὰς
1534 3910 1562 3960 6
1595 3909 1860 3978 Σενναχηο

1978 3269 2133 3338 longe
2181 3278 2554 3338 persequetur,
2584 3267 2740 3337 quasi
2793 3269 3066 3334 pulverem
3122 3267 3288 3336 palea:
3337 3269 3563 3322 ventila-

1981 3371 2094 3416 tum
2137 3377 2164 3414 a
2194 3369 2376 3424 vento,
2406 3369 2460 3415 et
2495 3371 2553 3414 ut
2585 3360 2940 3428 pulvisculmn
2975 3369 3100 3414 robe
3148 3361 3306 3416 turbo
3332 3360 3559 3416 auferet.

1979 3454 2116 3519 Quid
2143 3461 2226 3508 est
2254 3453 2398 3508 enim
2451 3452 2530 3506 sic
2562 3452 2676 3506 leve
2721 3463 2774 3506 et
2823 3452 3023 3507 mobile
3046 3493 3062 3516 ,
3107 3461 3161 3504 ut
3193 3451 3368 3521 pulvis
3393 3445 3563 3509 ’vente

1981 3545 2168 3612 rapido
2215 3559 2283 3599 ex
2327 3545 2460 3598 rotis
2509 3552 2562 3597 et
2608 3559 2735 3596 area
2787 3544 3140 3598 sordidaute?
3190 3543 3341 3610 Quod
3382 3559 3560 3598 autem

1974 3635 2292 3690 discesserit
2327 3633 2586 3700 fugitivus
2624 3633 3018 3688 Sennacherim
3042 3674 3056 3696 ,
3088 3635 3342 3701 probabit
3371 3637 3560 3691 dicens

1972 3725 2022 3780 ci
2059 3723 2424 3778 universitatis
2450 3723 2608 3788 Deus,
2646 3737 2774 3777 voce
2805 3724 2955 3777 lsaim
2981 3743 2994 3777 :
3033 3744 3049 3774 ι
3079 3723 3143 3776 Et
3168 3724 3401 3790 iniiciam
3431 3730 3561 3780 reti-

1970 3814 2220 3870 naculum
2251 3813 2363 3867 uari
2399 3821 2526 3878 tuae,
2557 3823 2612 3867 et
2644 3815 2853 3879 frenum
2890 3812 2970 3866 ori
3016 3823 3128 3879 tuo,
3171 3823 3224 3868 et
3270 3824 3477 3869 vertam
3512 3825 3570 3870 te

1970 3909 2022 3962 in
2058 3909 2138 3961 via
2168 3922 2271 3976 qua
2305 3899 2496 3960 venisti
2531 3905 2616 3958 δ”.
2651 3924 2668 3956 ι

289 3999 448 4076 ρεὶμ,
478 3996 1014 4067 πιστώσεταιλέγων
1041 4000 1070 4052 6
1093 3997 1202 4052 τῶν
1228 3998 1364 4052 ὅλων
1389 3997 1519 4062 Θεὸς
1546 3999 1680 4072 πρὸς
1718 3999 1879 4053 αὑτὸν
1916 3998 2006 4052 διὰ
2045 3998 2230 4068 φωνῆς
2271 3996 2493 4050 Ἡσαΐου
2513 4011 2525 4024 ·
2563 4015 2580 4048 ι
2620 3999 2729 4050 Καὶ
2762 3997 2986 4068 ἐμϐαλῶ
3018 3999 3183 4070 φιμὸν
3209 4002 3290 4066 εἰς
3314 4002 3413 4072 τὴν
3442 4003 3562 4073 ρίνα

289 4106 412 4155 σου,
439 4089 538 4144 καὶ
567 4087 784 4160 χαλινὸν
802 4088 882 4152 εἰς
903 4089 972 4142 τά
1001 4087 1154 4160 χειλη
1185 4105 1301 4153 σου,
1338 4089 1430 4141 καὶ
1451 4089 1781 4160 ἀποστρέψω
1811 4106 1872 4141 σε
1906 4089 1963 4141 ὲν
1997 4090 2062 4158 τῇ
2103 4087 2206 4157 όδῴ
2309 4082 2473 4157 ἦλθες
2509 4089 2565 4140 ὲν
2595 4088 2754 4156 αὐτῇ.
2797 4107 2814 4138 ι

363 4185 526 4255 Πρὸς
553 4183 826 4253 ἑσπέραν
857 4182 1030 4238 ἔσται
1067 4183 1288 4251 πένθος
1313 4184 1455 4252 πρὶν·
1497 4185 1536 4252 ἢ
1567 4186 1735 4254 πρωῒ,
1780 4185 1877 4238 καὶ

286 4279 408 4334 οὐκ
422 4276 620 4332 ἔσται.
632 4276 796 4345 Αὕτη
812 4276 851 4344 ἠ
863 4276 1034 4346 μερὶς
1050 4275 1170 4330 τῶν
1196 4275 1352 4346 ὑμᾶς
1365 4278 1408 4308 δ’
1427 4275 1879 4345 προνομευσάν-

287 4387 438 4436 fur,
481 4368 586 4424 καὶ
609 4367 978 4439 κληρονομία
1023 4366 1145 4422 τῶν
1191 4367 1347 4438 ὑμᾶς
1378 4366 1874 4438 κληρονομησάν-

290 4473 437 4512 των.

370 4549 590 4613 Φθάσας
641 4549 779 4620 ἔφην
823 4549 904 4603 ὅτι
953 4549 1295 4621 περιστήσας
1349 4551 1377 4602 6
1441 4548 1722 4620 Ῥαψάκης
1778 4549 1887 4612 τοῖς

299 4640 713 4712 Ἱεροσολύμοις
735 4639 798 4693 τὸ
828 4640 1088 4711 μάχιμον,
1124 4640 1222 4694 καὶ⁸
1249 4641 1350 4695 οὐκ
1378 4642 1458 4706 εἰς
1488 4640 1705 4712 μακρὰν
1731 4640 1892 4711 αἱρή-

292 4749 418 4785 σειν
471 4732 642 4796 αὑτὴν
693 4732 1025 4803 ἀπειλήσας,
1078 4731 1327 4786 ἀπόλωλε
1383 4733 1727 4803 πανστρατιᾷ
1783 4732 1889 4803 πρὸ

287 4823 474 4892 ατῦγῆς
504 4824 598 4874 καὶ
623 4822 858 4894 ἡμέρας.
893 4823 1094 4888 Πένθος
1131 4823 1310 4876 τοίνυν
1351 4823 1526 4892 ἔσται,
1563 4824 1716 4894 φησὶ,
1753 4823 1890 4894 πρὸς

289 4914 564 4982 ἑσπέραν,
601 4916 820 4979 πάντως
852 4933 954 4968 που
1002 4916 1490 4986 προσδοκησάντων
1535 4918 1593 4968 ὲν
1637 4918 1748 4978 τοῖς
1791 4915 1888 4968 Ὶε-

292 5005 626 5078 ροσολύμοις
646 5005 864 5059 ἔσεσθαι
898 5006 1062 5077 πρωῒ,
1094 5007 1188 5061 καὶ
1212 5007 1306 5060 τοῦ
1336 5006 1572 5078 πολέμου
1600 5007 1698 5076 τὴν
1727 5024 1892 5078 προσ-

267 5097 488 5169 ϐολὴν,
519 5096 656 5149 ἀλλὰ
686 5097 961 5150 πέπαυται
990 5098 1094 5167 πρὸ
1130 5098 1324 5168 αὐγῆς.
1361 5097 1460 5150 Διὰ
1502 5096 1660 5150 τοῦτό
1701 5112 1885 5166 φησιν·

265 5175 507 5270 ἷἽΞσται
535 5189 634 5257 μὲν
667 5187 861 5252 πένθος
891 5188 1027 5257 πρὸς
1049 5189 1286 5260 ἑσπέραν
1313 5206 1325 5219 ·
1370 5190 1472 5243 οὐκ
1500 5189 1651 5243 ἔσται
1681 5189 1736 5243 δὲ
1768 5189 1905 5258 πρὶν.

257 5271 330 5376 ﬁl
363 5281 541 5350 πρωϊ,
572 5279 716 5334 τοῦτ’
746 5280 884 5343 ἔστι,
916 5279 1255 5332 πεπαύσεται
1279 5280 1372 5333 καὶ
1396 5279 1690 5350 καταλήξει
1717 5279 1776 5331 τὸ
1799 5279 1894 5332 δά-

286 5388 471 5441 κρυον
492 5387 507 5399 ⁸
541 5372 637 5426 καὶ
654 5371 789 5442 ὁμοῦ
813 5373 929 5434 τοῖς
959 5372 1023 5423 ὲκ
1050 5369 1144 5424 τοῦ
1179 5369 1371 5424 παθεῖν
1398 5371 1675 5441 οἰχήσεται
1705 5369 1893 5440 δείμα-

292 5477 388 5513 σιν
424 5462 847 5534 ἐπικουροῦντος
871 5459 1006 5514 Θεοῦ
1029 5499 1044 5525 ,
1079 5462 1175 5514 καὶ
1205 5461 1523 5530 παραδόξως
1556 5460 1892 5531 ἀνῃρηκότος

294 5552 401 5619 τὰς
429 5553 543 5608 τῶν
573 5553 850 5623 πολεμίων
882 5553 1202 5621 φάλαγγας,
1233 5553 1328 5605 καὶ
1355 5552 1577 5622 προσέτι
1609 5552 1699 5604 τὸν
1734 5549 1895 5622 ἡγού-

379 5716 424 5744 "
457 5712 614 5783 Sept.
649 5713 822 5783 ἡμᾶς,
855 5722 912 5768 ut
946 5714 998 5768 in
1033 5711 1207 5770 liebr.
1278 5712 1340 5744 ’δ”
1380 5708 1481 5768 lsa.
1521 5723 1723 5773 xxxvii,
1762 5706 1853 5762 ‘29.

2061 4185 2221 4239 Vens.
2259 4182 2346 4236 Ην.
2383 4183 2464 4236 Ad
2504 4199 2773 4252 vesperum
2808 4186 2908 4238 erit
2937 4186 3131 4240 luctus.
3164 4196 3441 4257 antequam
3491 4189 3570 4240 sit.

1985 4276 2302 4342 diluculum,
2331 4285 2379 4329 et
2414 4291 2516 4330 non
2547 4276 2666 4331 erit.
2716 4275 2845 4331 Ila’c
2876 4279 2972 4339 erit
3023 4279 3196 4342 portio
3247 4278 3560 4345 depraedati-

1984 4371 2114 4420 tium
2138 4383 2245 4433 vos,
2272 4375 2319 4420 et
2360 4365 2643 4420 haereditas
2672 4383 2852 4420 eorum
2876 4367 2964 4437 qui
2993 4377 3189 4422 vestras
3223 4367 3565 4429 lta'redilatu

1987 4459 2279 4512 adiverunl.

2061 4550 2180 4604 Dixi
2217 4551 2270 4603 iu
2304 4548 2682 4616 superioribus
2726 4550 2892 4618 quod,
2957 4567 3077 4605 cum
3130 4551 3404 4620 Rapsaces
3458 4555 3564 4607 cirr

1992 4641 2328 4697 cumsideret
2357 4639 2742 4711 Hierosolyma
2773 4679 2788 4707 ,
2830 4652 2885 4696 et
2919 4641 3210 4698 bellatores
3265 4660 3370 4698 non
3409 4645 3567 4715 longo

1987 4743 2108 4804 post
2134 4732 2418 4788 intervallo
2458 4731 2911 4801 interempturum
2952 4736 3402 4799 comminaretur,
3440 4749 3567 4790 ante

1989 4825 2161 4881 lucem
2208 4835 2266 4880 et
2315 4825 2456 4879 diem
2517 4840 2639 4878 cum
2677 4835 2790 4879 toto
2841 4829 3086 4881 exercitu
3137 4828 3318 4896 periit.
3364 4829 3570 4882 Luctus

1985 4914 2151 4985 igitur
2190 4913 2315 4977 erit,
2376 4914 2569 4983 inquit,
2617 4915 2717 4969 sub
2760 4929 3065 4984 vesperum,
3120 4901 3335 4984 Settiper
3375 4931 3568 4982 Περε-

1989 5007 2302 5062 ctanctilms
2354 5006 2868 5076 llierosolymitanis
2907 5048 2922 5072 ,
2985 5009 3102 5062 fore
3142 5019 3306 5060 mane
3340 5008 3568 5078 impres-

1991 5097 2198 5151 sionem
2252 5096 2486 5164 bellique
2556 5097 2864 5166 impetum;
2931 5114 3117 5151 verum
3167 5098 3402 5153 cessavit
3446 5110 3570 5154 ante

1994 5185 2196 5252 lucem,
2237 5185 2444 5241 idcirco
2483 5188 2560 5243 ait
2610 5207 2624 5243 :
2676 5189 2793 5244 Erit
2831 5189 3047 5258 quidam
3107 5187 3284 5243 luctus
3332 5189 3583 5256 vesperi,

1992 5279 2083 5339 sed
2116 5286 2407 5349 antequam
2443 5280 2703 5344 lucescat,
2758 5295 2864 5334 nou
2904 5280 3032 5344 erit,
3068 5280 3117 5333 id
3155 5287 3280 5344 est,
3321 5280 3568 5343 desistet,

1991 5381 2046 5426 et
2071 5372 2280 5428 desinet
2314 5371 2597 5443 lacryma,
2634 5381 2687 5428 et
2741 5371 2900 5426 simul
2957 5388 3078 5426 cum
3128 5381 3272 5426 metu
3334 5372 3569 5440 patiendi

1993 5461 2247 5527 lacesset,
2315 5462 2678 5518 subveniente
2735 5463 2887 5527 Deo,
2929 5474 2984 5516 et
3031 5462 3422 5516 admirabiliter
3470 5463 3568 5518 lto-

1992 5551 2163 5607 stilem
2200 5551 2370 5608 aciem
2411 5551 2693 5618 fundente,
2728 5563 2782 5609 et
2831 5554 3022 5614 ducem
3053 5553 3276 5624 insuper
3299 5568 3363 5616 ex
3422 5564 3568 5614 terra
