3962 6216
382 341 495 398 ιτα
1369 338 1427 394 8.
1471 333 1750 393 CYBILLI
1785 335 1978 392 ALEX

2082 336 2261 394 DRINI
2299 336 2618 395 ARCHIEP.
3542 345 3644 399 ιιι)

382 455 523 511 ostia
557 453 709 521 dicit,
738 467 837 523 per
857 466 977 522 qute
998 450 1144 506 latus
1168 459 1224 506 et
1250 464 1479 522 magnus
1502 451 1721 523 Λεπριί
1755 450 1952 509 ﬂuvius

2082 453 2247 507 ιαδὼν
2262 470 2277 486 ο
2309 454 2404 507 καὶ
2435 451 2627 531 μισθὸς
2651 452 2749 505 οὒκ
2777 450 3011 523 ἐγενήθη
3031 451 3181 523 αὑτῷ
3202 457 3300 509 καὶ
3324 459 3393 527 τῇ
3416 456 3649 527 δυνάμει

386 546 440 600 in
481 560 629 601 mare
678 544 873 599 inﬂuit.
930 541 1153 597 Terram
1189 556 1319 597 vero
1347 542 1491 597 ultra
1529 541 1722 597 ﬂuvios
1770 542 1952 598 nomi-

2082 543 2244 607 ιύτοῦ,
2280 543 2399 621 ἀντὶ
2420 543 2517 613 τῆς
2542 542 2789 606 δουλείας
2817 542 2920 613 τῆς
2947 542 3209 614 σκληρᾶς,
3231 540 3301 615 ἦς
3327 545 3653 600 ἐδούλευσαν

386 645 503 702 nat,
531 620 651 689 eam
673 650 797 705 qua:
823 648 964 688 nunc
986 641 1073 688 est
1099 632 1449 698 Alexandria,
1481 643 1610 689 tunc
1627 634 1709 690 0n
1732 644 1952 690 vocata.

2082 635 2151 688 πὶ
2176 620 2356 706 Tum).
2389 635 2533 688 ’Δντὶ
2555 635 2746 687 τούτου
2775 634 2980 688 δέδωκα
3006 634 3155 706 αὐτῷ
3176 635 3280 705 γῆν
3306 636 3609 705 Αἰγύπτου.
3626 656 3646 687 ι

390 728 514 782 Erat
548 738 728 782 autem
753 726 1186 795 populosissima,
1223 736 1279 781 et
1306 726 1512 783 incolas
1557 729 1789 784 habebat
1840 727 1955 785 for-

2082 727 2351 798 Ἐπιφέρει
2377 728 2557 780 τοίνυν
2590 728 2619 779 6
2648 727 2935 797 προφήτης
2977 728 3071 781 καὶ
3094 728 3229 799 αὐτῇ
3261 727 3342 795 τὸ,
3365 728 3524 793 Οὐαὶ,
3555 730 3653 783 καί

304 820 321 837 ³
353 856 359 887 ,
388 818 650 881 tissimos,
670 826 726 872 et
751 833 779 871 a
810 816 1123 874 ﬂuminibus
1150 817 1372 889 Egypti
1398 818 1631 874 distabat
1658 820 1957 889 paululum.

2082 832 2251 886 ρησινο
2297 817 2433 869 Οὐαὶ
2463 818 2568 886 γῆς
2613 815 2815 869 πλοίων
2855 816 3128 885 πτέρυγες
3163 817 3419 870 ἐπέκεινα
3474 834 3656 870 ποτα-

346 912 355 995 ς
389 908 526 964 Nam
581 910 650 962 ah
691 908 883 963 ultimo
910 910 1073 975 ostio,
1106 909 1190 963 cui
1248 923 1443 965 nomen
1492 918 1578 965 est
1621 910 1956 978 Heracleum,

341 1004 352 1076 ξ
389 1002 456 1053 ad
496 999 845 1054 Occidentem
880 999 1071 1055 stadiis
1118 1000 1240 1071 plus
1294 1002 1473 1056 minus
1521 1002 1799 1072 octoginta
1846 1003 1959 1057 dis-

336 1084 350 1155 .f
387 1090 732 1146 terminatur.
762 1089 1026 1157 Quoniam
1061 1105 1191 1145 vero
1214 1092 1268 1146 in
1293 1105 1445 1147 more
1471 1106 1535 1147 ac
1560 1092 1960 1148 consuetudine

387 1188 506 1233 erat
542 1180 800 1249 positum,
831 1180 992 1246 hanc,
1017 1197 1139 1252 qua:
1161 1192 1585 1238 commemorata
1621 1192 1724 1251 est,
1770 1185 1963 1240 civita-

387 1280 498 1326 tem
537 1273 908 1329 habitantibus
942 1273 1085 1333 ultro
1108 1276 1354 1345 citroque
1406 1274 1626 1331 ﬂuvium
1683 1278 1964 1331 transmit-

391 1374 530 1425 tere.
566 1374 758 1435 utpote
788 1381 1003 1437 semper
1051 1367 1431 1437 navigabilem,
1470 1376 1526 1423 et
1551 1377 1845 1441 exportare
1876 1383 1964 1424 res

390 1456 457 1511 ad
493 1457 646 1522 alios,
683 1466 739 1514 et
782 1460 1074 1529 importare
1101 1499 1117 1523 ,
1175 1467 1231 1514 et
1263 1473 1331 1514 ex
1382 1461 1643 1529 emporiis
1688 1475 1752 1515 ac
1806 1475 1967 1530 nego-

389 1548 705 1605 tiationibus
751 1561 1016 1620 quaestum
1043 1551 1374 1605 uberrimum
1426 1566 1747 1620 comparare
1790 1569 1805 1605 :
1848 1552 1967 1607 ideo

388 1637 661 1694 exclamat
708 1639 794 1694 his
844 1640 1026 1696 verbis
1064 1641 1116 1694 in
1166 1655 1335 1696 naves
1360 1642 1707 1710 propheticus
1743 1656 1963 1697 sermo:

394 1744 496 1785 nec
531 1737 712 1784 tamen
743 1740 932 1785 contra
971 1745 1137 1787 naves
1179 1731 1418 1787 inferens
1451 1731 1565 1798 Vae,
1622 1735 1717 1789 sed
1774 1743 1965 1789 contra

394 1836 491 1876 eos
523 1823 722 1890 potius,
757 1824 846 1892 qui
882 1837 1097 1892 semper
1116 1823 1198 1880 eis
1222 1826 1304 1879 usi
1335 1835 1485 1891 sunt,
1518 1835 1574 1881 et
1598 1826 1894 1895 gaudentes
1914 1836 1969 1881 et

394 1914 837 1971 circumﬂuentes
874 1916 968 1972 illo
993 1926 1223 1986 quaestu,
1266 1926 1326 1973 ut
1357 1918 1497 1980 dixi,
1553 1932 1713 1987 quem
1772 1933 1840 1973 ex
1887 1919 1970 1973 his

395 2004 782 2061 conﬂaverant.
808 2007 1083 2077 Occupata
1129 2008 1398 2077 siquidem
1426 2018 1624 2063 cuncta
1674 2008 1898 2078 regione
1939 2022 1969 2061 a

395 2097 951 2164 Nabuchodonosoro,
1005 2100 1239 2156 cessavit
1291 2098 1473 2154 omnis
1522 2108 1867 2164 mercatura,
1919 2106 1973 2151 ct

398 2188 472 2241 ita
535 2188 756 2244 fiduciae
792 2188 1111 2257 magnitudo
1160 2188 1385 2258 praecisa
1438 2195 1563 2251 est,
1625 2186 1972 2256 pereuntibus

397 2278 559 2333 simul
597 2280 682 2334 his
717 2281 806 2348 qui
832 2293 927 2335 eas
967 2279 1341 2349 possederunt.
1381 2277 1471 2333 Vae
1501 2279 1685 2348 igitur,
1734 2279 1833 2341 ait,
1873 2278 1974 2332 alis

401 2370 743 2437 navigiorum
801 2377 963 2425 terra;
1020 2370 1165 2425 illius
1198 2410 1214 2435 ,
1274 2384 1394 2440 quae
1441 2379 1525 2424 cst
1579 2369 1720 2423 ultra
1781 2367 1974 2422 ﬂuvios

398 2458 711 2530 Ethiopian
756 2460 887 2517 Alas
938 2470 1116 2515 autem
1161 2461 1499 2530 navigiorum
1540 2460 1787 2514 nominat
1831 2458 1971 2522 vela,

401 2552 457 2605 in
497 2566 617 2620 quae
653 2559 939 2607 ventorum
998 2553 1231 2621 impetus
1280 2552 1602 2613 incidentes,
1648 2565 1743 2620 per
1771 2550 1975 2604 medios

400 2642 597 2699 ﬂuctus
658 2642 807 2700 alitis
862 2644 1039 2700 instar
1080 2657 1175 2697 eas
1209 2641 1478 2697 deferunt.
1549 2640 1650 2708 Qui
1699 2640 1865 2694 mittit
1921 2640 1973 2694 in

404 2736 539 2790 mari
575 2735 829 2803 obsides,
861 2744 917 2789 et
964 2733 1223 2806 epistolas
1270 2733 1591 2789 chartaceas
1648 2748 1743 2804 per
1786 2745 1974 2801 aquas.

400 2823 642 2881 Difﬁcilis
668 2836 754 2882 est
782 2826 1071 2881 admodum
1097 2826 1288 2880 horum
1336 2824 1604 2880 dictorum
1658 2825 1973 2879 sententia:

401 2920 644 2974 continet
693 2928 874 2974 autem
922 2918 1164 2974 historia:
1214 2916 1542 2973 Graecanica:
1590 2916 1976 2981 narrationem,

402 3026 567 3081 quam
599 3012 764 3067 etiam
794 3026 1225 3068 commemorare
1250 3019 1483 3081 oportet,
1519 3024 1623 3066 non
1650 3019 1708 3065 ut
1738 3010 1804 3065 ab
1856 3008 1978 3063 oﬂi-

2064 906 2180 977 μῶν
2212 905 2523 969 Αἰθιοπίαςί
2553 904 2835 968 Αἰθιοπίας
2870 905 2971 975 μέν
3000 901 3092 959 οῦν
3113 908 3393 978 ποταμοὺς
3408 907 3477 960 τά
3506 907 3655 961 ἔτιτά

2064 998 2309 1069 στόματά
2335 1015 2490 1070 φησι,
2515 997 2584 1051 δι’
2613 990 2688 1051 ὧν
2707 1001 2735 1051 6
2764 998 2928 1069 εὐρύς
2946 1015 3004 1051 τε
3032 1000 3129 1053 καὶ
3159 999 3334 1069 μέγας
3359 1000 3458 1070 τῆς
3483 998 3659 1068 Αἰγύ-

2064 1107 2199 1145 πτου
2259 1089 2507 1160 ποταμὸς
2555 1091 2620 1159 τῇ
2667 1088 2914 1163 θαλάσσῃ
2960 1090 3236 1160 μίσγεται.
3290 1089 3400 1159 Γῆν
3450 1089 3507 1143 δέ
3548 1089 3653 1160 τὴν

2064 1182 2322 1235 ἐπέκεινα
2397 1180 2659 1251 ποταμῶν
2739 1181 3036 1252 ὀνομάζει,
3125 1181 3225 1251 τὴν
3302 1179 3398 1234 νῦν
3480 1176 3657 1237 οὖσαν

2079 1272 2505 1345 Ἀλεξάνδρειαν,
2541 1256 2886 1343 καλουμένην
2915 1272 2974 1326 δὲ
2998 1273 3059 1325 τὸ
3100 1273 3355 1344 τηνικάδε
3388 1268 3509 1326 Ὧν.
3537 1270 3658 1326 Ἷΐν

2065 1366 2123 1418 δέ
2152 1364 2217 1436 δὴ
2242 1363 2654 1435 πολυανδροῦσα
2681 1364 2825 1428 λίαν,
2859 1364 2955 1417 καὶ
2990 1362 3410 1434 ἀλκιμωτάτους
3449 1366 3658 1435 ἔχοσσα.

2068 1459 2194 1522 τοὺς
2217 1459 2526 1529 οἰκήτορας,
2566 1458 2887 1528 ἀφειστήκει
2916 1456 2973 1510 δέ
3000 1455 3180 1528 βραχὺ
3210 1457 3320 1510 τῶν
3366 1458 3655 1526 Αἰγύπτου

2072 1549 2350 1621 ποταμῶν.
2395 1549 2529 1603 Ἀπὸ
2556 1548 2667 1621 γάρ
2696 1548 2791 1603 τοῦ
2821 1548 3133 1601 τελευταίου
3164 1549 3431 1619 στόματος
3458 1548 3657 1619 (δνομα

2069 1640 2125 1693 δέ
2145 1638 2293 1710 αὐτῷ
2317 1639 2379 1692 τὸ
2406 1639 2771 1711 Ἡρακλεῖον),
2799 1638 3069 1692 διίσταται
3092 1639 3229 1711 πρὸς
3250 1639 3491 1709 ἑσπέραν
3517 1657 3657 1693 στα-

2070 1729 2203 1794 δίοις
2244 1730 2386 1801 τάχα
2411 1744 2515 1783 που
2542 1729 2634 1783 τὸν
2660 1729 2894 1801 ἀριθμὸν
2936 1729 3287 1800 ὁγδοήκοντα.
3337 1729 3556 1801 Ἐπειδὴ
3598 1731 3661 1784 δὲ

2069 1818 2137 1895 ἦν
2162 1822 2283 1886 ἔθος
2315 1825 2431 1886 τοῖς
2472 1823 2574 1893 τὴν
2607 1821 3078 1893 μνημονευθεῖσαν
3102 1822 3313 1877 οἰκοῦσι
3346 1822 3673 1887 πόλιν,άνω

2067 1930 2125 1966 τε
2157 1913 2252 1967 καὶ
2282 1912 2429 1966 κάτω
2454 1913 2546 1965 τὸν
2567 1912 2812 1983 ποταμὸν
2831 1911 3096 1976 διαπλεῖν,
3126 1913 3213 1966 ἀεὶ
3236 1913 3337 1983 μὲν
3362 1912 3491 1966 ὄντα
3515 1930 3659 1967 ναυ-

2072 2004 2314 2074 σίπορον,
2363 2003 2518 2071 άγειν
2543 2002 2599 2056 δέ
2626 2003 2721 2056 xui.
2760 2002 2948 2073 φέρειν
2987 2001 3058 2056 τά
3087 2020 3147 2057 τε
3200 2004 3332 2076 παρ’
3359 2002 3537 2058 αὐτῶν
3573 2004 3663 2068 εἰς

2070 2096 2311 2166 ἐτέρους,
2359 2096 2509 2166 παρά
2539 2112 2600 2148 τε
2627 2095 2782 2165 σφίσι
2813 2095 2885 2149 τὰ
2911 2095 2970 2162 ἐξ
3005 2096 3233 2168 ἐτέρων,
3272 2097 3368 2150 καὶ
3397 2096 3660 2167 φιλοκερ-

2071 2187 2212 2252 δίαις
2239 2188 2515 2259 ἐντρυφᾷν
2545 2188 2668 2251 ταῖς
2705 2186 2764 2254 ἐξ
2802 2187 3117 2260 ἐμποριῶψ
3152 2187 3411 2260 ταύτῃτοι
3438 2189 3665 2243 ταλανί-

2074 2278 2155 2341 ζει
2184 2280 2284 2341 τὰς
2317 2276 2449 2340 ναῦς
2475 2278 2503 2330 6
2530 2277 2865 2349 προφητικὸς
2905 2278 2963 2330 ἐν
2991 2280 3231 2333 τουτοισὶ
3267 2279 3443 2347 λόγος,
3475 2279 3572 2333 καὶ
3595 2280 3662 2332 οὔ

2075 2368 2216 2423 κατά
2236 2386 2300 2437 γε
2331 2370 2438 2423 τῶν
2463 2370 2610 2440 νηῶν
2637 2371 2889 2440 ἐπιφέρει
2911 2370 2994 2437 τὸ,
3028 2371 3185 2424 Οὐαίο
3214 2374 3337 2425 κατ’
3365 2372 3670 2425 ἐκείνωνδὲ

2079 2460 2300 2530 μᾶλλον,
2327 2462 2488 2530 οἵπερ
2515 2458 2658 2533 ἦσαν
2692 2462 2887 2525 αὑταῖς
2912 2462 3001 2515 ἀεὶ
3045 2462 3341 2534 χρώμενοι,
3374 2463 3667 2534 χαίροντές

2076 2567 2134 2605 τε
2157 2552 2253 2605 καὶ
2276 2552 2671 2623 ἐντρυφῶντες,
2697 2552 2774 2616 ὡς
2803 2553 2960 2623 ἔφην,
2994 2557 3113 2618 ταῖς
3148 2552 3208 2619 ἐξ
3234 2554 3415 2608 αὐτῶν
3443 2554 3672 2625 γινομέ-

2075 2660 2195 2707 ναις
2253 2643 2637 2715 φιλοκερδίαις.
2688 2645 3150 2717 Κατειλημμένης
3184 2646 3293 2718 γάρ
3325 2647 3540 2717 ἁπάσης
3565 2647 3673 2717 τῆς

2077 2734 2269 2805 χώρας·
2289 2735 2394 2788 ὑπὸ
2422 2736 2516 2789 τοῦ
2540 2737 3034 2808 Ναϐουχοδονόσορ,
3062 2737 3336 2792 πέπαυται
3368 2739 3470 2809 μὲν
3489 2741 3675 2808 ἐμποο

2082 2828 2175 2899 ρία
2204 2828 2374 2893 πᾶσα,
2407 2828 2502 2881 καὶ
2538 2829 2639 2900 τῆς
2672 2831 2753 2893 εἰς
2798 2827 2959 2881 τοῦτο
2997 2830 3310 2901 παρρησίας
3354 2830 3416 2883 τὸ
3460 2830 3677 2895 πλάτος

2079 2918 2430 2985 ἀνεκόπετο,
2486 2919 2814 2974 διολωλότων
2866 2920 3006 2991 τάχα
3037 2937 3142 2974 που
3179 2920 3411 2975 καὶτῶν
3457 2938 3674 2993 κεκτη-

2084 3008 2261 3078 μένων
2290 3008 2481 3071 αὐτάς.
2530 3010 2668 3064 υύαὶ
2693 3010 2888 3075 τοίνυν,
2929 3011 3112 3081 φησὶν,
3151 3012 3209 3064 αἰ
3249 3011 3516 3083 πτέρυγες
3552 3011 3676 3065 τῶν

404 3106 492 3159 cio
525 3104 828 3175 decoroque
858 3104 1158 3160 Christiani
1192 3104 1462 3159 sermonis
1498 3103 1839 3169 deerremus,
1881 3101 1978 3156 sed

2083 3098 2285 3153 πλοίων
2328 3100 2429 3170 τῆς
2466 3099 2571 3171 γῆς
2621 3100 2837 3171 ἐκείνης
2879 3101 2978 3173 τῆς
3025 3100 3194 3173 οὔσης
3247 3103 3503 3155 ἐπέκεινα
3554 3102 3674 3156 τῶν

405 3209 466 3253 ut
530 3197 922 3252 sententiarum
992 3194 1408 3264 explicationem
1466 3194 1804 3248 auditoribus
1852 3204 1978 3263 per-

404 3284 646 3353 spicuam
672 3281 957 3337 faciamus.
987 3282 1159 3336 llaltct
1181 3296 1309 3336 vero
1326 3295 1384 3336 se
1402 3282 1509 3336 hoc
1527 3281 1685 3336 modo
1710 3281 1937 3336 historia
1961 3300 1975 3335 :

408 3373 745 3430 Fahulantur
767 3373 985 3443 quidam
1020 3372 1169 3443 apud,
1199 3371 1423 3427 Graecos
1465 3380 1662 3441 poetae,
1704 3370 1976 3443 Myrrham

408 3466 573 3521 fuisse
598 3464 1120 3537 (Syrtim-cujusdam
1158 3462 1349 3529 tiliam,
1407 3462 1498 3533 qui
1545 3460 1731 3516 eﬂ‘reui
1781 3463 1981 3532 impetu

410 3557 477 3612 ad
512 3548 840 3623 voluptatem
880 3552 1175 3619 ferebatur,
1212 3567 1277 3606 ac
1304 3567 1425 3606 cum
1462 3550 1678 3622 propria
1712 3551 1820 3606 lilia
1851 3566 1984 3607 con-

408 3661 630 3718 gressus
675 3645 984 3709 libidinose,
1029 3659 1149 3699 eam
1187 3644 1316 3698 fecit
1351 3643 1503 3713 pueri
1532 3652 1785 3708 matrem,
1819 3642 1982 3714 275

408 3755 566 3813 quem
598 3739 763 3794 etiam
813 3737 1111 3791 nominavit
1142 3735 1465 3790 Adonidem.
1511 3735 1627 3801 Quo
1662 3734 1807 3790 facto
1853 3750 1983 3789 eru-

410 3840 659 3896 bescens,
694 3840 748 3887 et
782 3838 985 3885 natura:
1014 3828 1241 3900 legibus,
1273 3828 1419 3898 impii
1459 3826 1645 3897 ﬂagitii
1677 3829 1981 3891 convictus,

408 3926 465 3979 in
498 3935 704 3987 monte,
734 3931 795 3977 ut
821 3922 1014 3989 fet-tur,
1048 3920 1308 3976 infantem
1334 3919 1598 3990 exposuit.
1644 3918 1983 3988 Acceperunt

408 4026 590 4070 autem
621 4029 744 4069 eum
769 4013 1016 4083 quaedam
1044 4011 1295 4083 nympha:
1324 4010 1454 4074 illic,
1479 4024 1616 4079 quas
1638 4009 1804 4063 etiam
1831 4025 1984 4065 mon-

411 4119 564 4163 tanas
600 4112 796 4162 vocant
815 4104 1110 4166 daemonas,
1145 4101 1446 4155 cducarnnt
1473 4109 1525 4155 et
1550 4109 1942 4156 conservarunt
1967 4119 1982 4155 :

411 4204 501 4273 qui
533 4216 654 4255 cum
699 4198 764 4254 ad
792 4199 1131 4268 pubertatem
1162 4201 1223 4248 et
1260 4193 1323 4245 ad
1354 4193 1654 4264 juventutis
1691 4195 1983 4248 maturita-

412 4307 521 4352 tem
554 4292 897 4363 profecisset.
923 4287 1303 4345 venustissima
1329 4285 1498 4340 forma
1526 4300 1650 4341 esse
1678 4284 1983 4353 videbatur,

411 4385 868 4453 venationemque
894 4377 1158 4442 exercuit,
1204 4377 1441 4431 studium
1479 4375 1606 4431 illud
1631 4375 1685 4429 in
1723 4375 1874 4430 silvis
1903 4374 1987 4429 di—

2089 3189 2353 3260 ποταμῶν
2395 3190 2683 3256 Αἰθιοπίας
2712 3193 2725 3245 Ῑ
2753 3193 3042 3263 Πτέρυγας
3073 3193 3129 3246 δέ
3168 3193 3370 3247 πλοίων
3410 3195 3677 3265 ὀνομάζει

2087 3284 2156 3338 τά
2181 3282 2349 3350 ἰστῐα,
2373 3277 2456 3348 οἷς
2477 3283 2665 3338 αἰτῶν
2681 3284 3008 3355 πνευμάτων
3030 3286 3403 3356 ἐμπίπτουσαι
3433 3286 3678 3356 προσϐο-

2088 3375 2201 3441 λαὶ,
2219 3375 2423 3447 πτηνοῦ
2445 3375 2600 3447 δίκην
2626 3377 2795 3441 αὐτάς
2817 3378 3152 3449 ἀποφέρουσι
3180 3376 3268 3432 διὰ
3297 3376 3465 3449 μέσου
3493 3377 3691 3446 κῦμα--

2088 3483 2201 3531 τος.
2235 3465 2294 3520 '0
2327 3466 2671 3521 ἀποστέλλων
2690 3469 2748 3520 ἐν
2780 3467 3023 3538 Θαλάσσῃ
3041 3468 3242 3539 ὅμηρα,
3264 3469 3357 3522 καὶ
3378 3467 3677 3533 ἐπιστολὰς

2093 3559 2335 3630 βιὸλίνας
2359 3560 2545 3614 ἐπάνω
2585 3559 2681 3613 τοῦ
2711 3559 2923 3623 ὓδατος.
2969 3559 3300 3628 Δυσέφικτος
3345 3558 3443 3630 μὲν
3469 3560 3681 3630 κομιδῇ

2089 3651 2198 3705 τῶν
2219 3651 2525 3723 εἰρημένων
2555 3652 2584 3704 6
2605 3650 2749 3713 νοῦς·
2779 3651 2957 3704 ὠδίνει
2985 3668 3050 3719 γε
3085 3652 3192 3722 μὴν
3214 3651 3453 3721 ἱστορίας
3478 3650 3677 3724 Ἐλλη-

2091 3741 2250 3810 νικῆς
2292 3731 2591 3814 ἀφήγησιν,
2641 3744 2708 3813 ἣν
2747 3742 2842 3795 καὶ
2887 3743 3203 3811 ἀναγκαίως
3260 3742 3511 3813 ἐροῦμεν,
3566 3745 3677 3797 οὐκ

2092 3832 2196 3898 ἔξω
2255 3833 2529 3905 βαίνοντες
2577 3833 2674 3887 τοῦ
2718 3835 2949 3899 εἰκότος,
3011 3837 3181 3907 ἤγουν
3216 3834 3311 3889 τοῦ
3361 3835 3677 3907 πρέποντος

2090 3926 2273 3995 λόγοις
2309 3927 2739 3996 Χριστιανικοίς,
2768 3926 2885 3980 ἀλλ’
2914 3926 3056 3996 ὑπέρ
3092 3944 3157 3996 γε
3190 3926 3286 3980 τοῦ
3314 3927 3457 3999 σαφῆ
3505 3945 3679 3982 κατα-

2093 4017 2291 4087 στῆσαι
2318 4020 2431 4080 τοῖς
2455 4018 2831 4087 ἀκροωμένοις
2850 4016 2963 4088 τὴν
2994 4017 3104 4071 τῶν
3136 4018 3356 4072 ἐννοιῶν
3388 4018 3671 4073 ἀπόδοσιν.

2095 4109 2251 4179 Ἔχει
2288 4108 2345 4162 δέ
2374 4107 2516 4162 οὕτω
2549 4108 2650 4175 τῆς
2702 4109 2943 4179 ἱστορίας
2986 4109 3015 4162 6
3061 4108 3219 4177 λόγος
3246 4127 3260 4140 ⁸
3295 4108 3675 4177 Μυθολογοῦσί

2091 4216 2234 4263 τινες
2265 4198 2373 4253 τῶν
2413 4198 2540 4270 παρ’
2570 4198 2797 4270 Ἕλλησι
2842 4199 3084 4269 ποιητῶν
3130 4199 3360 4271 Μύρραν
3415 4200 3676 4269 γενέσθαι

2092 4287 2190 4360 τὴν
2222 4287 2316 4342 τοῦ
2345 4288 2583 4360 Κινύρου
2602 4287 2750 4351 τινος
2777 4286 3074 4358 θυγατέρα,
3102 4286 3162 4349 ὃς
3186 4286 3251 4357 δὴ
3276 4287 3369 4341 καὶ
3392 4276 3677 4356 ἀχαλίνοις

2091 4378 2289 4449 ὁρμαῖς
2325 4379 2443 4453 ταῖς
2474 4380 2556 4440 εἰς
2584 4376 2897 4447 φιληδονίαν
2931 4374 3265 4446 ἡττώμενος,
3310 4373 3678 4428 συνεπλέκετο

414 4477 643 4545 ligenter
675 4474 907 4529 colebat.
957 4471 1126 4538 Quem
1160 4478 1294 4533 tum,
1347 4478 1406 4522 ut
1447 4468 1620 4531 aiunt,
1672 4467 1978 4535 conspicata

2095 4471 2195 4537 μέν
2232 4469 2476 4538 ἀσελγῶς
2527 4473 2591 4541 τῇ
2651 4470 2756 4540 ἰδίᾳ
2811 4468 3074 4539 θυγατρὶ,
3120 4467 3333 4539 μητέρα
3386 4466 3442 4520 δέ
3499 4465 3676 4537 αὐτὴν

418 4568 527 4623 illic
553 4566 758 4631 Venus,
811 4563 1121 4620 meretricia
1168 4560 1513 4625 muliercula,
1567 4572 1775 4625 amare,
1815 4557 1985 4623 coire,

417 4661 474 4705 et
502 4664 779 4719 nunquam
808 4663 914 4703 non
943 4647 1216 4714 amplecti.
1247 4645 1366 4712 Quo
1393 4643 1630 4699 oﬂ‘ensus
1659 4643 1803 4698 Mars
1823 4657 1992 4697 aemu-

416 4743 501 4798 lus
526 4758 590 4797 ac
619 4740 801 4795 rivalis
831 4737 1077 4804 Veneris,
1119 4738 1232 4792 suis
1279 4738 1451 4791 forma
1477 4743 1776 4805 assumpta,
1811 4734 1865 4787 in
1902 4748 1992 4787 ve-

416 4841 635 4889 nantem
686 4828 875 4884 insilit.
903 4827 1051 4883 Pcrit
1098 4828 1189 4881 ille
1228 4842 1261 4882 e
1294 4828 1543 4896 vestigio.
1567 4824 1697 4892 Quae
1744 4839 1831 4879 res
1859 4839 1988 4877 cau-

417 4945 539 4988 sam
590 4927 768 4982 luctus
822 4922 1016 4979 Veneri
1070 4921 1332 4994 prarbuit;
1387 4923 1570 4991 itaque
1621 4927 1990 4983 consternata,

419 5034 675 5094 metuque
701 5018 949 5077 confecta
980 5026 1089 5081 est,
1120 5027 1181 5070 ut
1221 5016 1288 5069 ad
1330 5012 1530 5070 Orcum
1557 5025 1729 5081 usque
1767 5010 1993 5065 descen-

416 5115 590 5182 deret,
651 5114 914 5170 amasium
962 5110 1271 5166 rcductura.
1316 5106 1452 5161 Cum
1510 5114 1697 5161 autem
1751 5099 1993 5157 Plutonis

419 5221 557 5262 uxor
611 5202 1071 5261 adolescentulum
1113 5197 1389 5267 impendio
1444 5210 1607 5266 quam
1663 5192 1993 5262 complecte-

415 5308 593 5363 retur,
624 5308 681 5353 et
719 5295 1117 5369 pulchritudine
1147 5287 1450 5345 admirabili
1501 5295 1850 5357 praestantem
1884 5300 1993 5341 non

419 5388 741 5453 dimitteret,
784 5394 1154 5444 convenerunt
1204 5384 1346 5438 inter
1379 5395 1457 5448 se,
1512 5388 1569 5433 ut
1601 5379 1725 5433 anni
1771 5377 1993 5449 periodo

418 5476 613 5534 divisa.
655 5488 709 5530 et
735 5478 963 5532 alternis
1004 5470 1212 5531 vicibus
1248 5487 1373 5529 eum
1426 5471 1714 5526 haberent.
1755 5468 1992 5523 Reversa

421 5566 606 5620 Venus
643 5582 765 5621 cum
813 5568 916 5621 hoc
968 5568 1080 5623 suis
1130 5565 1485 5623 familiaribus
1538 5576 1634 5618 seu
1670 5560 1863 5615 amicis
1898 5573 1992 5615 seu

428 5658 727 5715 cultoribus
758 5659 1117 5724 renuntiaret,
1176 5660 1228 5712 in
1261 5658 1460 5714 festum
1493 5671 1577 5711 res
1606 5654 1738 5710 exiit
1761 5669 1824 5709 ac
1850 5651 1993 5710 cele-

426 5752 699 5818 britatem.
738 5748 917 5820 Itaque
948 5748 1121 5803 Graeci
1166 5749 1289 5805 hinc
1325 5750 1429 5805 tale
1481 5748 1675 5805 festum
1712 5744 1989 5815 excogita-

2089 4559 2261 4614 ἐποίει
2296 4559 2505 4623 παιδὸς,
2524 4560 2583 4613 δν
2614 4559 2680 4630 δὴ
2714 4558 2809 4613 καὶ
2833 4557 3117 4629 ὠνόμασεν
3140 4557 3392 4610 Ἄδωνιν.
3429 4556 3668 4627 Ἑπερυ-

2090 4650 2344 4721 θριῶν-δέ
2371 4650 2449 4721 τῷ
2474 4650 2723 4720 γεγονότι
2771 4651 2869 4703 καὶ
2912 4651 3022 4712 τοῖς
3060 4649 3160 4719 τῆς
3203 4647 3420 4718 φύσεως
3458 4647 3674 4717 νόμοις,

2088 4743 2174 4795 ὅτι
2214 4742 2493 4812 πέπρακεν
2532 4741 2766 4803 ἀνοσίως
2806 4738 3250 4809 ἐξελεγχόμενος,
3299 4736 3557 4805 ἐξέθηκεν
3598 4735 3676 4799 ῶς

2090 4849 2225 4903 φασι
2263 4834 2324 4887 τὸ
2357 4831 2567 4885 παιδίον
2625 4833 2693 4884 ἐν»
2730 4831 2865 4900 ὄρει.
2924 4829 3200 4883 Δαϐοῦσαι
3247 4828 3313 4882 δὲ
3352 4827 3512 4880 τοῦτο
3564 4826 3677 4879 τῶν

2092 4925 2270 4977 ἐκεῖσε
2291 4922 2521 4994 νυμφῶν
2547 4939 2714 4987 τινες,
2749 4921 2816 4986 ἃς
2847 4921 2940 4974 καὶ
2966 4920 3197 4991 ὀρεάδας
3228 4918 3456 4972 καλοῦσι
3485 4917 3679 4987 δαίμο-

2092 5031 2215 5078 νας,
2246 5012 2561 5086 ἐθρεψάνιτε
2594 5014 2688 5066 καὶ
2718 5009 3049 5064 διεσώσαντο
3071 5026 3085 5039 ·
3118 5008 3173 5071 ὃς
3205 5009 3271 5079 δὴ
3304 5007 3401 5062 καὶ
3436 5006 3675 5078 ἡϐήσας,

2092 5109 2188 5160 καὶ
2214 5107 2271 5156 ἐν
2302 5103 2544 5168 νεανίαις
2569 5104 2670 5176 ἤδη
2698 5101 2889 5166 τελῶν,
2926 5099 3378 5173 εὐπρεπεστάτην
3407 5099 3504 5169 μέν
3534 5096 3678 5166 ἔχων
3734 5162 3747 5177 ⁸

2092 5198 2191 5268 τὴν
2225 5195 2375 5268 ὥραν
2404 5195 2656 5264 ἐφαίνετο
2678 5210 2690 5223 ·
2713 5195 2917 5264 ἥπτετο
2948 5192 3006 5245 δὲ
3038 5190 3401 5264 κυνηγ[ε]ἰας,
3439 5190 3533 5241 καὶ
3574 5188 3679 5249 τὰς

2095 5290 2187 5344 ἐπὶ
2214 5288 2388 5359 τούτῳ
2431 5285 2668 5350 σπουδάς
2700 5285 2829 5339 καθ’
2853 5283 2986 5349 ῦλας
3011 5286 3247 5338 ἐποιεῖτο
3284 5282 3415 5351 περὶ
3455 5278 3673 5333 πολλοῦ.

2094 5378 2248 5444 Εἶτα,
2279 5382 2435 5451 φησι,
2464 5377 2771 5449 θεασαμένη
2803 5376 2991 5431 τοῦτον
3017 5379 3050 5448 ἡ
3090 5376 3218 5445 παρ’
3252 5373 3437 5437 αὐτοῖς
3482 5373 3678 5439 ’Λφρο-

2091 5471 2211 5542 ὃίτη
2246 5472 2543 5544 (ἑταιρικὸν
2575 5470 2630 5523 δέ
2660 5468 2816 5523 τοῦτο
2844 5467 3063 5536 γύναιον
3087 5461 3203 5537 ἦν),
3240 5464 3455 5535 ἠράσθη
3488 5478 3546 5515 τε
3582 5461 3678 5512 καὶ

2097 5560 2437 5628 συνεγένετο,
2486 5559 2581 5611 κα)⁸
2608 5558 2944 5629 περιέπουσα
2987 5554 3234 5608 διετέλει.
3293 5552 3404 5606 Καὶ
3452 5553 3587 5619 πρός
3613 5566 3678 5616 γε

2095 5651 2254 5705 τοῦτο
2308 5649 2679 5719 λελυπημένος
2736 5651 2765 5701 ὁ
2796 5650 2990 5720 Ἄρης,
3037 5643 3370 5719 ἀντεραστὴς
3415 5641 3681 5714 ὑπάρχων

2101 5746 2198 5813 τῆς
2243 5741 2577 5815 Ἀφροδίτης,
2615 5737 2699 5791 συῒ
2736 5739 3144 5812 παρεικάζετιιι,
3182 5737 3273 5790 καὶ
3309 5733 3545 5805 θηρῶντι
3575 5732 3680 5805 μὲν
