3962 6216
306 301 422 354 διΗν

1443 298 1510 354 IN
1549 301 1782 358 ISAIAM
1821 303 1954 362 LIB.
1995 305 2062 361 ll.
2104 305 2342 364 TOMUS
2375 307 2464 364 ιη.

3481 322 3587 376 N2

310 421 585 494 ιπιπηδᾷ.
623 421 863 475 διόλλυσι
888 421 946 473 δέ
976 420 1322 492 παραχρῆμα
1349 436 1363 450 ·
1416 423 1512 474 καὶ
1541 421 1744 493 θρήνου
1772 421 1906 491 πρό-

2025 433 2156 487 runt,
2191 435 2249 480 ut
2283 441 2342 480 se
2389 441 2513 481 cum
2549 426 2758 482 Venere
2804 437 3023 499 propter
3057 439 3284 487 mortem
3321 432 3583 490 Adonidis

312 529 487 583 φασις
539 512 732 580 γέγονε
771 511 871 581 μὲν
914 511 974 564 τὸ
1022 511 1214 581 χρῆμα
1245 513 1312 580 τῇ
1375 511 1686 584 ’Δφροδίττμ
1720 512 1904 580 φησίν.

316 605 597 661 Καθίκετο
643 605 701 657 δέ
730 602 1038 673 δυσθυμίας
1084 603 1164 664 είς
1194 602 1351 654 τοῦτο
1396 601 1489 655 καὶ
1518 602 1718 673 λύπης,
1770 602 1911 655 ὥστε

317 698 418 749 καὶ
461 697 539 756 είς
587 693 754 748 αὐτὸν
803 691 1204 760 καταφοιτῆσαι
1247 690 1337 744 τὸν
1381 691 1534 763 ᾅδην,
1579 692 1912 762 ἀνακομίσαι

319 783 554 837 θέλουσα
583 780 674 834 τὸν
700 779 1000 852 ἐρώμενον.
1047 779 1263 850 Ἐπειδὴ
1301 779 1358 834 δὲ
1393 783 1425 851 ή
1470 781 1564 835 τοῦ
1600 782 1913 846 Πλούτωνος

318 873 464 944 γυνὴ
493 875 842 942 μετεποιεῖτο.
871 873 964 926 τοῦ
1013 871 1302 924 νεανίσκου
1350 873 1578 945 σφόδρα,
1627 875 1720 927 καὶ
1761 873 1910 938 ἀξιο-

321 967 642 1037 θαύμαστω
689 965 885 1034 ἔχοντα
917 964 1017 1034 τὴν
1046 963 1198 1033 ὥραν
1253 963 1353 1016 οὐκ
1407 964 1579 1033 ἠφίει,
1631 965 1913 1019 συνέθεντο

317 1058 464 1129 πρὸς
506 1057 765 1127 ἀλλήλας,
813 1055 952 1108 ὥστε
1003 1055 1333 1126 μερίσασθαι
1374 1055 1469 1109 τοῦ
1520 1057 1767 1110 ἐνιαυτοῦ
1821 1057 1913 1111 τὸν

319 1149 528 1202 κύκλον
550 1165 565 1178 ’
603 1149 699 1202 καὶ
735 1146 797 1211 ἐξ
833 1145 1092 1216 ἡμισείας
1125 1145 1272 1216 ἔχειν
1310 1147 1496 1201 αὐτόν.
1561 1147 1914 1216 ’Δνελθούσης

319 1242 378 1294 δὲ
420 1241 522 1308 τῆς
579 1239 930 1308 Ἀφροδίτης,
978 1238 1073 1292 καὶ
1121 1237 1281 1291 τοῦτο
1344 1239 1748 1311 ἀναγγειλάσης
1801 1243 1915 1303 τοῖς

320 1333 533 1401 ἑαυτῆς
562 1332 805 1394 οἰκείοις,
836 1331 954 1400 ἦτοι
999 1329 1197 1398 φίλοις,
1232 1331 1264 1400 ἢ
1295 1330 1640 1400 λατρευταῖς,
1661 1331 1824 1402 ἑορτὴ
1855 1331 1915 1384 τὸ

323 1425 522 1495 χρῆμα
563 1422 755 1492 γέγονε
805 1423 901 1474 καὶ
952 1425 1284 1492 πανήγυρις.
1337 1422 1695 1476 Ἐπλάττοντο
1738 1423 1915 1476 τοίνυν

329 1515 593 1584 Ἕλληνες
620 1514 816 1583 ἑορτὴν
844 1514 936 1566 ἐπὶ
963 1513 1139 1582 τούτῳ
1172 1513 1450 1584 τοιαύτην.
1485 1513 1916 1584 Προσεποιοῦντο

329 1607 435 1676 μὲν
471 1605 578 1674 γὰρ
624 1604 941 1676 λυπουμένῃ
971 1606 1037 1676 τῇ
1086 1605 1393 1676 Ἀφροδίτῃ,
1433 1606 1522 1659 διὰ
1565 1607 1626 1658 τὸ
1662 1607 1913 1660 τεθνάναι

325 1699 425 1752 τὸν
458 1696 705 1761 Ἀδωνιν,
736 1696 1195 1776 συνολοφύρεσθαι
1230 1698 1322 1750 καὶ
1375 1697 1614 1769 θρηνεῖνο
1659 1699 1914 1754 ἀνελθού-

330 1806 436 1859 σης
484 1789 541 1841 δέ
585 1787 646 1851 ἐξ
692 1787 844 1858 ᾅδου,
897 1788 992 1842 καὶ
1043 1789 1152 1858 μὴν
1194 1790 1289 1842 καὶ
1330 1791 1602 1860 ηὑρῆσθαι
1652 1791 1916 1862 λεγούσης

329 1880 426 1932 τὸν
464 1879 818 1948 ζητούμενον,
873 1878 1200 1948 συνήδεσθαι
1248 1882 1344 1934 καὶ
1393 1882 1764 1954 άνασκιρτᾷνο
1823 1885 1917 1938 καὶ

335 1969 501 2039 μέχρι
528 1969 636 2023 τῶν
665 1970 786 2023 καθ’
840 1971 986 2040 ἡμᾶς
1021 1970 1230 2041 καιρῶν
1277 1973 1334 2025 ἐν
1367 1974 1481 2046 τοῖς
1510 1974 1632 2026 κατ’
1673 1974 1920 2040 Ἀλεξάν-

327 2065 519 2136 δρειαν
556 2067 719 2136 ίεροῖς
762 2065 1000 2118 ἐτελεῖτο
1029 2065 1090 2117 τὺ
1121 2064 1371 2132 παίγνιον
1420 2066 1599 2120 τοῦτο.
1654 2068 1920 2139 Μεμαθή-

327 2171 465 2208 κασι
506 2156 601 2207 καὶ
646 2156 694 2208 oi
731 2154 790 2220 ἐξ
818 2155 1050 2224 αἵματος
1094 2154 1330 2225 Ἰσραήλ,
1373 2158 1469 2208 καὶ
1495 2157 1558 2225 δή
1595 2158 1688 2210 καὶ
1746 2159 1919 2230 ἔδρων

327 2245 486 2310 αὐτὸ,
517 2245 652 2298 Θεὸν
682 2247 779 2314 μὲν
813 2246 1044 2310 ἀφέντες
1067 2245 1158 2297 τὸν
1187 2246 1346 2314 φύσει
1379 2247 1474 2300 καὶ
1514 2248 1749 2318 ἀληθῶς,
1781 2251 1919 2304 ἀπο-

328 2335 654 2399 νενευκότες
672 2335 730 2388 δὲ
760 2335 899 2406 πρὸς
927 2334 962 2387 ἀ
999 2334 1071 2406 μὴ
1107 2334 1286 2404 θέμις,
1320 2336 1415 2389 καὶ
1441 2339 1561 2400 ταῖς
1592 2338 1699 2390 τῶν
1728 2338 1920 2409 δαιμο-

329 2425 462 2478 νίων
495 2425 740 2487 ἀπάταις
779 2426 860 2486 είς
913 2424 1136 2495 ὄλεθρον
1186 2426 1281 2480 καὶ
1326 2427 1602 2482 ἀπώλειαν
1646 2430 1922 2495 ἀσυνέτως

333 2514 818 2585 συνηρπασμένοι-
843 2516 1220 2586 Διαμέμνηται
1252 2519 1440 2573 τούτου
1466 2521 1560 2574 καὶ
1589 2523 1618 2574 ὁ
1655 2522 1922 2591 μακάριος

333 2607 629 2676 προφήτης
680 2605 956 2676 Ἰεζεχιήλ·
996 2608 1100 2678 ἔφη
1146 2609 1253 2678 γὰρ
1301 2608 1473 2674 οὓτως
1501 2627 1513 2639 ’
1587 2630 1604 2662 ι
1633 2612 1737 2664 Καὶ
1789 2611 1919 2676 ίδον,

335 2694 434 2749 καὶ
493 2695 603 2748 ἰδοὺ
643 2698 761 2748 ἐκεῖ
807 2702 1064 2765 γυναῖκες
1106 2700 1434 2770 καθήμεναι,
1497 2703 1794 2772 θρηνοῦσαι
1831 2704 1922 2757 τὸν

338 2785 630 2855 Θαμμούζ.
660 2805 678 2838 ι
722 2789 1146 2858 Διερμηνεύεται
1174 2790 1231 2842 δὲ
1264 2791 1292 2843 ὁ
1319 2791 1586 2862 Θαμμοὺζ
1605 2796 1633 2847 ὁ
1669 2795 1919 2859 Ἄδωνις.

356 2875 693 2946 Ἐπράττετο
713 2877 770 2930 δέ
799 2895 850 2930 τι
887 2879 1125 2933 τοιοῦτον
1153 2880 1303 2950 παρὰ
1329 2881 1439 2934 τῶν
1467 2881 1636 2937 ὄντων
1670 2886 1728 2936 ἐν
1759 2888 1825 2955 τῇ
1850 2889 1918 2957 γῇ

337 2969 404 3036 τῇ
462 2965 721 3021 ἐπέκεινα
755 2971 1018 3039 ποταμῶν
1063 2971 1369 3035 Αἰθιοπίας,
1423 2974 1554 3043 περὶ
1593 2969 1662 3044 ἦς
1709 2977 1767 3028 ἐν
1809 2980 1922 3040 τοῖς

2014 526 2208 571 maesta
2262 517 2550 574 condolere
2607 527 2664 574 et
2713 519 2896 590 lugere
2945 540 2959 576 :
3007 522 3254 579 redeunti
3298 533 3477 580 autem
3518 543 3583 582 ex

2013 605 2153 662 Orco
2201 619 2255 664 et
2277 610 2552 664 inventum
2595 625 2718 666 esse
2767 612 2990 679 dicenti,
3025 627 3183 681 quem
3235 616 3584 682 quaesiverat,

2013 699 2301 770 gratulari,
2361 710 2415 757 et
2453 717 2556 756 una
2583 703 2858 758 exsultare
2897 705 3256 772 simularent;
3300 717 3355 761 et
3389 709 3464 763 ad‘
3493 725 3588 764 no-

2014 801 2188 847 stram
2219 808 2391 863 usque
2444 803 2657 849 atatem
2694 795 2746 849 in
2789 796 3170 852 Alexandrinis
3211 798 3448 853 delubris
3486 801 3589 856 hoc

2015 884 2282 940 ludicrum
2346 886 2725 954 peragebatur.
2781 884 2894 941 Hoc
2944 901 3160 956 quoque
3208 903 3273 943 ex
3329 892 3592 958 sanguine

2014 976 2317 1033 Israelitico
2339 977 2447 1032 orti
2478 977 2809 1045 didicerunt,
2847 979 3007 1047 idque
3041 979 3218 1048 ipsum
3251 981 3590 1048 factitarunt,

2016 1069 2128 1124 Deo
2161 1068 2416 1125 videlicet
2440 1069 2675 1124 naturali
2701 1080 2755 1124 et
2780 1084 2909 1124 vero
2939 1071 3225 1138 derelicto,
3262 1075 3332 1128 ad
3366 1075 3416 1128 id
3448 1075 3592 1144 quod

2017 1163 2100 1217 fas
2129 1177 2235 1217 non
2288 1170 2408 1217 erat
2456 1161 2683 1232 delapsi,
2725 1170 2782 1218 et
2823 1164 3126 1219 daemonum
3177 1166 3488 1234 imposturis
3535 1168 3591 1221 in

2015 1253 2309 1323 perniciem
2348 1262 2403 1308 et
2456 1253 2729 1308 interitum
2787 1256 3159 1324 imprudenter
3207 1257 3438 1326 abrepti.
3475 1256 3592 1312 Me-

2016 1346 2175 1401 minit
2215 1345 2375 1416 hujus
2401 1347 2564 1400 etiam
2615 1348 2806 1402 beatus
2845 1349 3106 1417 propheta
3137 1349 3410 1403 Ezechiel.
3449 1350 3594 1403 Dixit

2017 1439 2160 1493 enim
2189 1438 2268 1492 sic
2300 1455 2313 1491 :
2353 1455 2371 1489 ι
2409 1437 2474 1491 Et
2497 1437 2628 1503 vidi,
2669 1448 2724 1492 et
2749 1453 2876 1493 ecce
2913 1440 3170 1494 mulieres
3195 1443 3462 1506 sedentes,
3510 1441 3593 1493 lu-

2017 1536 2204 1598 gentes
2245 1526 2547 1581 Thammuz
2580 1527 2626 1559 "
2661 1547 2679 1579 ι
2721 1530 3035 1598 (exponitur
3068 1537 3249 1583 autem
3290 1529 3594 1584 'l‘hammuz

2017 1615 2262 1686 Adonis).
2294 1617 2522 1671 Factum
2553 1625 2636 1672 est
2665 1626 2846 1670 autem
2880 1619 2987 1671 tale
3017 1618 3274 1686 quiddam
3302 1617 3371 1670 ab
3403 1619 3484 1671 his
3504 1619 3595 1686 qui

2018 1715 2178 1759 orant
2221 1707 2274 1760 in
2325 1715 2470 1761 terra
2518 1715 2666 1760 trans
2709 1705 2901 1761 ﬂuvios
2945 1705 3260 1777 Ᾱὲιιιίορίω,
3293 1709 3360 1760 de
3394 1721 3497 1775 qua
3541 1708 3596 1760 in

2019 1797 2392 1866 superioribus
2418 1798 2580 1867 paulo
2621 1797 2836 1866 planius
2867 1797 3124 1852 diximus.
3151 1798 3391 1865 Accepto
3423 1797 3594 1862 ﬁctili,

2021 1889 2142 1946 dein
2171 1891 2538 1959 conscriptam
2594 1891 2645 1944 in
2683 1906 2885 1962 papyro
2921 1890 3201 1960 epistolam
3235 1891 3301 1944 ad
3345 1891 3595 1952 feminas,

2019 1980 2172 2050 quasi
2233 1980 2456 2035 invento
2515 1980 2789 2044 A-donide,
2851 1995 2914 2035 ac
2966 1979 3118 2034 ﬂctili
3172 1978 3482 2048 impositam
3543 1985 3599 2032 et

2019 2072 2185 2141 276
2209 2072 2574 2141 obsignatam,
2616 2071 2670 2123 in
2707 2083 2858 2123 mare
2885 2069 3242 2132 demiserunt,
3272 2067 3595 2136 quibusdam

2021 2163 2310 2219 celebratis
2345 2162 2686 2217 caeremoniis
2729 2179 2743 2216 :
2783 2169 2840 2215 et
2865 2169 2925 2214 ut
2971 2160 3226 2240 dicebant
3281 2168 3510 2218 temere.
3542 2167 3598 2212 et

2021 2269 2150 2310 casu
2190 2255 2241 2308 in
2287 2254 2528 2313 chartas,
2575 2252 2728 2320 juxta
2769 2250 3089 2306 manifestos
3141 2251 3267 2304 anni
3303 2251 3420 2304 dies
3458 2248 3598 2303 refe-

2022 2347 2264 2400 rebatur.
2295 2345 2451 2412 Quod
2491 2345 2580 2398 ubi
2613 2343 2716 2398 illae
2755 2342 2970 2399 feminae
3004 2341 3233 2396 Veneris
3265 2341 3454 2394 amicae
3491 2354 3596 2393 uua

2022 2451 2144 2492 cum
2184 2436 2416 2506 epistola
2459 2436 2834 2504 accepissent,
2875 2434 3101 2501 perinde
3135 2448 3209 2488 ac
3247 2434 3292 2488 si
3349 2442 3599 2502 repertus

2022 2522 2214 2578 fuisset
2238 2540 2265 2576 τι
2301 2521 2511 2577 Venere
2536 2521 2762 2587 Adonis,
2806 2521 3008 2575 luctum
3052 2522 3344 2589 ponebant.
3383 2519 3601 2573 Deridet

2022 2627 2150 2681 ergo
2203 2625 2384 2666 sermo
2432 2611 2780 2678 propheticus
2845 2610 3002 2664 nobis
3059 2609 3206 2664 velut
3275 2608 3598 2663 idololatras

2024 2702 2240 2771 impios,
2288 2703 2622 2766 seductores,
2674 2711 2729 2755 et
2778 2700 2870 2754 Dei
2915 2701 3098 2754 hostes
3134 2714 3228 2753 eos
3270 2700 3360 2768 qui
3397 2709 3598 2752 terram

2023 2809 2142 2848 eam
2180 2794 2510 2857 inhabitant,
2549 2805 2699 2846 trans
2719 2791 2913 2845 ﬂuvios
2942 2789 3258 2857 IEtliiopim,
3291 2800 3348 2845 et
3374 2790 3548 2857 inquit
3579 2805 3594 2842 :

2025 2886 2128 2953 Qui
2163 2887 2334 2940 mittit
2361 2888 2414 2940 in
2452 2886 2588 2939 mari
2623 2884 2868 2949 obsides,
2890 2893 2946 2937 et
2983 2883 3240 2951 epistolas
3270 2896 3600 2951 papyraceas

2025 2991 2188 3046 super
2201 2991 2419 3046 aquam.
2444 2974 2550 3029 Huc
2575 2975 2736 3028 etiam
2758 2974 2981 3028 omnino
3003 2973 3246 3040 sequitur
3272 2972 3379 3034 Vat,
3410 2984 3599 3035 quem-

335 3058 598 3128 ἀνωτέρω
625 3058 794 3130 βραχὺ
815 3061 1000 3128 σαφῶς
1020 3065 1338 3133 εἰρήκαμεν.
1363 3065 1621 3135 Κέραμον
1640 3065 1916 3132 λαϐόντες,

2025 3067 2311 3122 admodum
2364 3077 2511 3120 certe
2570 3065 2672 3118 alis
2731 3065 2968 3118 navium.
3038 3063 3128 3117 Vae
3175 3064 3343 3126 enim,
3395 3059 3598 3128 inquit,

339 3146 457 3204 εἶτα
495 3151 801 3220 γράφοντες
829 3154 1117 3224 ἐπιστολὴν
1148 3155 1284 3226 πρὸς
1310 3157 1408 3220 τὰς
1441 3157 1498 3210 ἐν
1539 3158 1718 3229 Βίϐλῳ
1743 3163 1922 3228 γυναῖ-

339 3257 461 3305 κας,
493 3241 572 3303 ὡς
601 3242 913 3311 ηὑρημένον
959 3243 1052 3296 τοῦ
1087 3243 1380 3308 Ἀδώνιδος,
1432 3245 1526 3298 καὶ
1577 3246 1822 3311 ἐνθέντες
1861 3265 1922 3302 τε

337 3332 510 3403 αὐτὴν
539 3332 620 3402 τῷ
654 3335 902 3404 κεράμῳ,
943 3337 1036 3387 κα)⁵
1079 3337 1498 3406 σφραγίσαντες,
1553 3338 1812 3394 καθίεσαν
1841 3343 1923 3404 είς

338 3423 436 3494 τὴν
464 3423 764 3486 θάλασσαν,
799 3425 1022 3488 τελετάς
1056 3443 1205 3490 τινας
1241 3427 1327 3480 ἐπ’
1357 3428 1506 3500 αὑτῷ
1535 3432 1918 3501 ποιησάμενοι·

341 3515 438 3567 καὶ
456 3514 535 3580 ῶς
559 3532 624 3583 γε
654 3515 914 3584 ἔφασκον,
970 3517 1292 3586 αὐτομάτως
1322 3521 1400 3582 είς
1434 3520 1624 3573 Βίδλον
1653 3521 1923 3592 ἀπεκομί-

342 3605 467 3668 ζετο
493 3608 572 3674 (Ι)
599 3609 740 3660 κατά
769 3607 1012 3676 φανεράς
1044 3608 1138 3662 τοῦ
1167 3608 1320 3672 ἔτους
1345 3611 1581 3682 ἡμέρας.
1616 3615 1712 3664 ’ον
1741 3612 1812 3684 δὴ,
1831 3614 1925 3666 καὶ

341 3697 746 3767 ἀποδεξάμεναι
774 3700 1031 3766 γυναῖκές
1068 3717 1210 3764 τινες
1240 3703 1337 3770 τῆς
1383 3702 1702 3773 Ἀφροδίτης
1749 3703 1920 3773 φίλαι,

342 3783 466 3841 εἶτα
507 3787 772 3842 λαϐοῦσαι
799 3790 898 3859 τὴν
926 3790 1214 3862 ἐπιστολὴν
1244 3791 1510 3846 ἐπαύοντο
1543 3794 1635 3846 τοῦ
1683 3794 1921 3867 θρηνεῖν,

339 3874 419 3940 ὡς
463 3877 778 3948 ηὑρημένου
819 3880 966 3949 παρὰ
1007 3882 1107 3951 τῆς
1148 3883 1466 3954 Ἀφροδίτης
1488 3884 1580 3938 τοῦ
1624 3885 1922 3950 ’Δδώνιδος.

341 3969 581 4039 Διαγελᾷ
605 3971 784 4023 τοίνυν
811 3973 840 4024 ὁ
867 3972 1203 4042 προφητικδς
1233 3975 1363 4044 ἡμῖν
1401 3974 1577 4043 λόγος,
1608 3975 1684 4039 ὡς
1715 3977 1927 4030 εἰδωλο-

339 4057 547 4129 λάτρας
578 4061 708 4114 ποτέ
735 4061 829 4114 καὶ
855 4063 1127 4127 ἀνοσίους,
1177 4066 1272 4118 καὶ
1303 4066 1650 4132 ἀπατεῶνας,
1685 4069 1780 4121 καὶ
1809 4068 1926 4122 050-

346 4157 548 4225 μισεῖς,
607 4155 734 4218 τοὺς
782 4156 1176 4220 κατοικοῦντας
1220 4157 1318 4228 τὴν
1351 4160 1455 4228 γῆν
1524 4159 1622 4230 τὴν
1670 4160 1926 4215 ἐπέκεινα

344 4246 612 4315 ποταμῶν
641 4245 943 4310 Αἰθιοπίας,
979 4247 1072 4301 καί
1112 4265 1276 4318 φησιν
1301 4265 1315 4279 ·
1370 4249 1427 4302 '0
1477 4249 1822 4303 ἀποστέλλων
1869 4251 1928 4303 ἐν

345 4337 594 4409 θαλάσσῃ
627 4338 833 4408 ὅμηρα,
875 4339 970 4392 καὶ
1012 4339 1306 4402 ἐπιστολὰς
1340 4338 1584 4408 βιϐλίνας
1623 4341 1805 4394 ἐπάνω
1833 4341 1926 4395 τοῦ

2029 3165 2192 3214 ιρι-τω
2243 3159 2460 3211 navium
2513 3156 2633 3210 alis.
2675 3153 2856 3221 Quare
2917 3155 2972 3209 in
3019 3168 3309 3209 commune
3353 3146 3600 3206 extendit

2029 3250 2158 3306 illud
2201 3249 2291 3304 Vte
2329 3250 2394 3304 ad
2439 3265 2560 3304 eum
2592 3249 2754 3302 etiam
2816 3247 2907 3316 qui
2968 3246 3132 3301 mittit
3187 3247 3240 3299 in
3285 3245 3419 3298 mari
3454 3241 3602 3296 obsi-

2030 3341 2148 3405 des,
2199 3341 2251 3396 id
2300 3352 2405 3407 est,
2461 3341 2764 3396 concordirc
2815 3354 2880 3396 ac
2929 3339 3302 3394 consensionis
3351 3335 3597 3406 pignora.

2030 3428 2164 3483 Nam
2201 3430 2422 3500 perinde
2456 3430 2611 3499 quasi
2669 3429 2902 3484 Veneris
2949 3440 3206 3500 mysteria
3238 3428 3600 3488 celebrarent,

2030 3537 2148 3576 eam
2191 3522 2243 3575 in
2275 3535 2476 3590 papyro
2512 3519 2814 3574 colentibus
2863 3533 2925 3574 ac
2958 3519 3075 3586 pari
3119 3517 3488 3571 laborantibus
3520 3517 3603 3568 in-

2031 3613 2206 3674 sauia,
2277 3613 2540 3666 miserunt
2574 3610 2849 3678 epistolas,
2904 3624 3009 3661 non
3047 3609 3312 3677 impositis
3352 3607 3474 3659 navi
3521 3615 3603 3658 ta-

2031 3702 2291 3766 bellariis,
2327 3701 2420 3756 sed
2458 3700 2600 3754 velut
2632 3715 2796 3767 super
2829 3712 3021 3766 aquas.
3059 3711 3124 3750 eo
3147 3697 3312 3766 quod,
3343 3696 3419 3748 uti
3450 3695 3603 3748 dixe-

2032 3803 2172 3857 ram,
2209 3806 2302 3847 eas
2335 3791 2388 3844 in
2416 3790 2634 3844 urceolo
2675 3797 2990 3856 posuerunt.
3031 3785 3216 3840 Coacti
3265 3800 3473 3850 sumus,
3514 3797 3605 3836 so-

2033 3885 2139 3938 lum
2178 3892 2236 3938 ut
2276 3883 2559 3937 verborum
2609 3876 3020 3948 intelligentiam
3054 3876 3474 3937 declararemus,
3523 3874 3606 3926 fa-

2035 3975 2190 4030 bulas
2229 3973 2443 4046 putidas
2473 3981 2526 4028 et
2556 3971 2748 4035 aniles,
2789 3980 2841 4026 et
2866 3969 3106 4024 Graecam
3147 3967 3606 4021 aborniuationem

2033 4075 2479 4121 commemorare.
2533 4061 2689 4116 Ibunt
2719 4061 2864 4115 enim
2913 4059 3083 4113 nuntii
3131 4058 3337 4112 celeres
3377 4057 3443 4109 ad
3478 4070 3610 4124 gen-

2035 4166 2138 4210 tem
2177 4155 2468 4215 excelsam,
2511 4159 2566 4206 et
2608 4151 2950 4222 peregrinum
3000 4150 3254 4218 pupulum
3297 4156 3350 4202 et
3391 4149 3604 4200 durum.

2033 4250 2164 4315 Quis
2204 4247 2343 4301 ultra
2390 4243 2591 4299 illum?
2629 4242 2776 4299 Gens
2829 4241 3112 4310 desperata
3167 4249 3223 4294 et
3271 4238 3604 4309 proculcata.

2034 4340 2150 4393 Dixi
2187 4337 2474 4393 oﬂ‘eudisse
2507 4350 2660 4405 reges
2710 4334 3080 4404 Assyriorum,
3129 4345 3223 4386 eos
3265 4330 3359 4399 qui
3401 4341 3600 4383 terram

344 4427 560 4491 ὕδατος.
606 4429 840 4480 Ἔπεται
902 4428 958 4481 δέ
1001 4429 1218 4492 πάντως
1271 4429 1364 4482 καὶ
1411 4429 1588 4500 τούτῳ
1623 4431 1706 4496 τὸ,
1749 4430 1920 4484 οὺαί’

2031 4441 2180 4483 trans
2208 4427 2399 4482 ﬂuvios
2434 4426 2727 4497 AZthiopize
2750 4426 3063 4480 habitarunt
3104 4442 3116 4478 :
3155 4423 3411 4492 quoniam
3437 4421 3605 4490 ﬂagi-

344 4517 597 4588 καθάπερ
630 4517 822 4587 ἀμέλει
851 4519 942 4569 καὶ
973 4521 1092 4580 ταῖς
1124 4517 1349 4589 πτέρυξι
1394 4518 1502 4572 τῶν
1541 4519 1762 4574 πλοίων.
1796 4521 1931 4574 Οὐαὶ

343 4609 458 4677 γὰρ
485 4609 589 4678 γῆς
607 4609 877 4677 πτέρυγες
901 4607 1120 4691 πλοίων,
1147 4608 1312 4678 φησίν
1339 4607 1352 4660 l
1374 4607 1582 4663 Οὐκοῦν
1610 4609 1718 4661 ἀπὸ
1748 4610 1929 4664 κοινοῦ

348 4700 759 4770 προσεπάγεται
795 4700 877 4761 τὸ,
907 4699 1066 4762 Οὐαὶ,
1086 4699 1163 4770 τῷ
1196 4700 1579 4753 ἀποστέλλοντι
1607 4701 1666 4753 ἐν
1687 4700 1932 4775 θαλάσσῃ

343 4790 530 4860 δμηρα
549 4806 562 4819 ·
603 4789 748 4866 τοῦτξ
774 4789 942 4854 ἐστιν,
969 4791 1200 4862 ἐνέχυρα
1227 4794 1327 4862 τῆς
1353 4792 1676 4862 ὁμοψυχίας.
1714 4794 1802 4857 Ὠς
1821 4794 1930 4866 γάρ

358 4881 680 4951 ’.ἀφροδίτης
700 4863 981 4944 τελοῦντες
1009 4881 1304 4952 μυστήριον
1320 4885 1429 4945 τοῖς
1453 4883 1657 4954 ταύτην
1673 4885 1729 4936 ἐν
1753 4863 1930 4956 Βίδλιρ

347 4972 687 5040 σεϐομένοις.
737 4973 832 5026 καὶ
875 4973 974 5042 τὴν
1032 4974 1154 5042 ῐσην
1205 4975 1386 5036 αὐτοῖς
1433 4973 1647 5028 νοσοῦσι
1707 4976 1927 5046 μανίαν,

344 5063 660 5132 ἐξέπεμπον
684 5063 783 5127 τὰς
811 5063 1124 5128 ἐπιστολὰς,
1171 5065 1232 5116 οὑ
1273 5064 1477 5128 πλοίοις
1513 5065 1757 5129 ἐνθέντες
1800 5069 1928 5131 τοὺς

341 5153 723 5222 διακομιστάς,
769 5155 889 5208 ἀλλ’
936 5149 1046 5208 οἷον
1103 5155 1288 5210 ἐπάνω
1344 5156 1440 5209 τοῦ
1471 5155 1681 5222 ὓδατος,
1734 5158 1824 5211 διὰ
1868 5160 1930 5212 τὸ

343 5245 598 5314 κεράμῳ,
616 5247 864 5316 καθάπερ
886 5247 1044 5318 ἔφην,
1070 5245 1400 5300 ἐντεθεῖσθαι
1429 5250 1648 5311 ταύτας.
1665 5249 1932 5318 Ἧναγκά·

345 5335 532 5405 σμεθα
574 5337 630 5390 δὲ
667 5338 853 5407 μύθων
898 5339 1177 5394 ὀδωδότων
1229 5340 1321 5393 καὶ
1367 5340 1778 5410 γεγηρακότων,
1833 5343 1928 5396 καὶ

423 5493 468 5521 ⁵⁷
515 5492 708 5548 Ezech.
747 5512 865 5561 vm,
891 5496 973 5549 14.

419 5648 498 5715 {ll
547 5649 704 5724 corr.
761 5653 1210 5724 Ad1opo't1w;ieig
1265 5654 1465 5706 Βύϐλον
1527 5654 1894 5724 ἀπεκομίζετο
1934 5674 1946 5687 ·

349 5720 565 5783 charta,
606 5722 824 5790 juncus,
861 5720 916 5777 et
951 5727 1075 5778 urbs
1107 5723 1446 5781 Pltmuicum.

2038 4522 2277 4576 tantibus
2306 4520 2565 4575 auxilium
2593 4517 2850 4574 lsraclitis
2880 4531 2991 4570 non
3020 4514 3191 4569 solum
3220 4513 3608 4583 promiserunt,

2037 4617 2132 4670 sed
2153 4615 2313 4669 etiam
2349 4614 2639 4674 miserunt,
2672 4609 2884 4664 etiamsi
2933 4606 3065 4662 nihil
3098 4623 3322 4678 prorsus
3368 4606 3490 4660 illos
3523 4606 3612 4674 ju.

2036 4707 2236 4762 verint.
2268 4705 2403 4760 Hinc
2443 4704 2517 4758 illi
2554 4701 2834 4766 commoti,
2878 4709 3164 4769 postquam
3191 4699 3520 4760 universam,
3553 4708 3613 4748 ut

2037 4797 2142 4851 hoc
2193 4797 2362 4852 verbo
2417 4803 2560 4858 utar,
2619 4791 2860 4846 Judaaam
2901 4790 3212 4861 depOpulati
3268 4797 3417 4851 sunt,
3474 4786 3613 4841 bello

2037 4887 2310 4959 Egyptiis
2340 4887 2508 4952 illato,
2535 4894 2700 4939 totam
2721 4893 2922 4938 terram
2955 4883 3100 4936 nullo
3132 4882 3313 4936 labore
3330 4888 3612 4947 ceperunt,

2033 4980 2144 5036 Deo
2183 4981 2288 5035 illis
2316 4981 2478 5034 dante
2507 4986 2566 5032 ut
2598 4977 3030 5031 adversariorum
3073 4989 3289 5028 manum
3333 4984 3612 5038 expugna-

2032 5079 2173 5134 rent,
2206 5085 2272 5125 eo
2301 5070 2442 5140 quod
2485 5070 2537 5124 in
2577 5067 2856 5139 ,Ευριίοε
2890 5065 3149 5120 concitati
3183 5061 3406 5116 fuerint.
3446 5059 3607 5113 Proin

2030 5171 2408 5232 expugnatura
2441 5162 2715 5231 regionem
2751 5169 2938 5212 eorum
2994 5152 3313 5223 Babylonio,
3357 5164 3615 5204 cursores

2037 5255 2254 5322 quidam
2291 5268 2356 5306 cx
2406 5249 2588 5306 Iudam
2643 5249 2894 5319 profecti,
2951 5262 3055 5300 non
3105 5245 3260 5312 longe
3304 5240 3613 5296 abfuturam

2036 5344 2402 5399 incursionem
2454 5343 2896 5412 pronuntiarunt.
2934 5337 3010 5394 De
3055 5337 3253 5406 quibus
3292 5332 3558 5404 propheta
3596 5350 3618 5389 ε

2009 5654 2114 5710 Sun
2173 5665 2348 5725 sponte
2398 5655 2450 5709 in
2499 5652 2720 5724 Byblum
2783 5652 3157 5722 perferebatur.
3223 5649 3423 5721 Byblus
3472 5647 3624 5740 enim
