3962 6216
359 338 460 393 6η

1344 329 1406 385 5.
1446 329 1722 385 CYRILLI
1760 324 2238 384 ALEXANDRINI
2276 323 2591 381 ARCHiEP.

3520 319 3547 373 4
3559 322 3618 375 «53

358 467 534 509 menta
569 455 791 523 auferet,
831 463 881 506 et
922 453 1186 506 alvsrintlet
1214 462 1264 506 et
1308 451 1556 521 relinquet
1595 453 1750 507 simul
1782 452 1928 506 volu-

2041 450 2132 504 real
2170 451 2502 516 κατακόψει
2527 446 2624 502 καὶ
2649 446 2986 514 καταλήψει
3021 445 3148 514 ἅμα
3173 443 3296 509 τοῖς
3327 445 3621 508 πετεινοῖς

356 546 531 597 cribus
553 545 668 598 eteli
690 554 736 597 et
771 543 948 596 bestiis
981 551 1153 595 terrae.
1190 540 1257 594 Et
1292 543 1744 612 congregabantur
1776 560 1932 612 super
1976 620 1982 624 _

357 635 479 687 illos
532 635 770 688 volatilia
816 633 965 697 caeli,
1013 641 1061 685 et
1111 648 1288 686 omnes
1347 633 1523 688 bestia:
1565 645 1718 690 terra!
1747 651 1806 689 eo
1849 651 1932 689 tte-

360 729 521 779 nient.

431 814 765 868 Diﬂicilisest
789 815 1099 880 admodum,
1133 829 1230 871 nec
1266 831 1454 886 parum
1478 817 1706 872 obscura
1737 818 1928 873 lterum

362 905 646 957 verborum
713 905 1006 967 sententia,
1069 913 1123 957 et
1191 906 1309 973 ipsa
1363 915 1621 974 prmterea
1681 907 1936 961 dictionis

364 993 723 1062 compositio;
773 1003 851 1058 at,
899 998 1073 1060 quoad
1125 995 1360 1059 licuerit,
1392 998 1628 1051 conabor
1655 996 1928 1064 expedire.

363 1084 648 1139 Translert
675 1099 805 1153 ergo
830 1087 1132 1140 orationem
1167 1086 1311 1141 velut
1343 1101 1372 1139 a
1407 1087 1638 1140 scientia
1665 1087 1932 1156 agricola-

365 1191 506 1229 rum.
535 1175 699 1230 Moris
737 1177 880 1229 enim
917 1175 1024 1229 illis
1051 1177 1386 1245 est,quando
1418 1178 1544 1232 vilis
1573 1176 1755 1231 botros
1785 1177 1936 1232 cillo-

362 1267 535 1320 ruisse
589 1266 844 1332 viderint,
899 1275 952 1321 et
997 1266 1109 1334 jam
1165 1283 1393 1321 uvarum
1434 1269 1665 1336 speciem
1708 1269 1930 1333 habere,

367 1357 732 1412 redundantes
758 1357 1087 1427 propagines
1111 1367 1413 1426 amputare,
1441 1367 1496 1412 et
1519 1359 1754 1413 minutos
1782 1371 1935 1412 race-

360 1444 538 1498 ntulos
568 1447 833 1514 superllue
859 1459 1143 1515 appensos,
1174 1457 1228 1501 et
1270 1445 1564 1513 majoribus
1595 1446 1930 1514 intersertos,

362 1535 593 1589 falcibus
628 1549 897 1601 resecare,
949 1545 1008 1589 ut
1040 1534 1410 1590 fecundiorem
1441 1551 1662 1590 succum
1697 1536 1934 1602 maiores

367 1624 514 1678 botri
574 1625 936 1694 percipientcs
993 1624 1226 1679 fructum
1263 1627 1473 1694 possint
1527 1626 1771 1682 fundere.
1804 1628 1933 1682 Tale

365 1711 620 1779 quiddam
680 1711 880 1768 fecisse
927 1713 1058 1767 dicit
1090 1715 1458 1768 universitatis
1493 1715 1681 1778 Deum,
1723 1717 1837 1771 sive
1867 1719 1933 1772 de

2031 542 2139 596 τοῦ
2180 541 2441 609 οὐρανοῦ
2484 540 2581 593 καί
2622 539 2747 603 τοῖς
2773 539 3000 606 θηρίοις
3027 537 3137 605 τῆς
3166 537 3299 606 γῆς.
3333 537 3444 590 Kal
3473 552 3624 590 συν-

2031 635 2358 703 αχθήσεται
2409 633 2501 686 ἐπ’
2533 631 2755 696 αὐτοὺς
2792 631 2878 692 τὰ,
2907 631 3147 684 πετεινά
3186 629 3291 682 τοῦ
3332 628 3619 695 οὐρανοῦ,

2032 725 2129 777 καὶ
2159 723 2356 776 πάντα
2385 722 2455 775 τὰ
2477 721 2651 788 θηρία
2672 718 2782 787 τῆς
2808 719 2921 789 γῆς
2945 718 3036 771 ἐπ’
3064 717 3253 770 αὑτὸν
3278 716 3432 782 ἣξει.

2103 815 2379 884 Δυσχερὴς
2423 813 2520 882 μὲν
2561 811 2680 864 λίαν
2722 810 2816 864 καὶ
2865 809 3232 870 δυσκάτοπτος
3285 810 3346 860 ού
3387 808 3624 879 μετρίως

2031 905 2141 958 τῶν
2181 903 2578 976 προκειμένωνί
2607 903 2636 954 ὁ
2680 901 2823 965 νοῦς.
2860 904 2971 954 Καὶ
3014 901 3152 971 αὑτὴ
3198 901 3254 954 δὲ
3292 901 3430 972 πρὸς
3467 900 3626 954 τοῦτο

2033 997 2132 1067 τῆς
2153 995 2349 1060 λέξεως
2367 997 2400 1064 ἡ
2436 993 2698 1064 συνθήκη.
2738 992 2883 1063 Πλὴν
2909 993 2984 1054 ώς
3011 993 3089 1046 ἔνι
3112 993 3341 1046 διειπεῑν
3363 994 3623 1064 πειράσο-

2037 1105 2156 1158 μαι.
2202 1087 2443 1137 [lutei-eat
2486 1083 2667 1135 τοίνυν
2706 1081 2781 1144 ώς
2809 1082 2917 1134 ἀπὸ
2941 1083 3040 1150 τῆς
3077 1081 3186 1134 τῶν
3215 1081 3479 1150 γεωργῶν
3507 1083 3625 1132 ἐπι-

2036 1179 2249 1248 στήμης
2273 1177 2364 1229 τδν
2399 1175 2576 1242 λόγον.
2605 1173 2766 1236 Ἔθος
2791 1172 2899 1243 γὰρ
2935 1173 3186 1236 ἐκείνοις,
3217 1173 3347 1225 ὅταν
3375 1172 3478 1242 τῆς
3511 1173 3622 1242 ἅμα

2035 1269 2200 1322 πέλου
2241 1267 2426 1321 λοιπὸν
2469 1265 2868 1337 ὲξανθήσαντας
2902 1265 3027 1327 τοὺς
3073 1263 3268 1334 βότρυς
3297 1263 3620 1328 θεάσωνται,

2036 1360 2130 1412 καὶ
2162 1359 2264 1430 ἢδη
2296 1375 2412 1420 πως
2439 1355 2500 1408 τὸ
2527 1355 2634 1408 τῶν
2667 1354 2928 1425 ὀμφάκων
2965 1354 3184 1424 ἔχοντας
3207 1349 3365 1418 εἶδος,
3395 1353 3621 1406 ἀποκείύ

2037 1467 2152 1522 ρειν
2181 1449 2276 1518 μὲν
2296 1449 2393 1512 τὰς
2427 1447 2685 1519 περιττὰς
2713 1444 3070 1516 κληματίδας,
3103 1444 3198 1498 καὶ
3221 1444 3288 1497 τά
3319 1444 3493 1515 μικρὰ
3515 1442 3622 1496 τῶν

2038 1541 2331 1613 βοτρυδίων
2360 1538 2632 1611 περιττῶς
2672 1539 2786 1600 τοῖς
2825 1537 3036 1607 μείζοσι
3067 1536 3469 1608 παρηρτημένα
3502 1540 3624 1599 ταῖς

2035 1633 2330 1704 δρεπάναις
2359 1629 2709 1699 ἀποτέμνειν,
2746 1628 2832 1680 ἵνα
2857 1627 2950 1680 καὶ
2972 1628 3394 1699 τροφιμωτάτην
3421 1628 3621 1697 ἰκμάδα

2035 1723 2313 1793 δεχόμενοι
2361 1720 2472 1774 τῶν
2529 1718 2768 1790 βοτρύων
2809 1718 2860 1771 οἱ
2913 1719 3130 1788 μείζους
3182 1718 3623 1789 τελεσφορεῐσθαι

361 1803 629 1874 Assyriis,
653 1805 768 1860 sive
793 1805 956 1859 etiam
988 1807 1053 1859 de
1098 1805 1406 1875 Egyptiis:
1451 1821 1552 1861 nec
1603 1809 1750 1860 enim
1799 1809 1933 1862 satis

2041 1811 2300 1866 δύναιντο.
2331 1809 2585 1864 Τοιοῦτόν
2621 1827 2676 1862 τι
2715 1807 3056 1878 πεπραχέναι
3087 1808 3249 1879 φησὶν
3287 1809 3316 1862 ὁ
3351 1807 3460 1861 τῶν
3490 1807 3624 1860 ὅλων

362 1904 549 1963 aperta
582 1904 666 1949 est
691 1895 886 1958 oratio,
919 1895 1116 1965 quibus
1147 1896 1379 1951 maxime
1411 1907 1697 1967 congruat.
1729 1897 1784 1952 Si
1814 1899 1934 1967 quis

361 2001 492 2054 ergo
524 1987 674 2040 malit
696 1986 995 2057 intelligere
1017 1988 1166 2042 velut
1195 2003 1357 2042 unam
1389 1989 1933 2061 vitem,Assyriorum

363 2078 792 2144 multitudinem,
822 2095 943 2149 qua:
970 2089 1211 2136 sanctam
1239 2081 1426 2137 urbem
1469 2082 1749 2139 obsidione
1781 2099 1934 2154 pres-

362 2169 473 2222 sit:
509 2168 737 2226 dicimus
772 2169 1013 2224 iuvenire
1051 2185 1152 2226 nos
1191 2185 1348 2239 posse
1378 2187 1633 2240 magnum
1667 2175 1720 2227 in
1747 2189 1809 2228 ea
1839 2174 1937 2230 bo-

365 2270 507 2314 trum
540 2259 861 2330 signiﬁcari,
891 2262 1098 2318 scilicet
1117 2277 1240 2318 eum
1273 2263 1365 2332 qui
1403 2265 1552 2335 regio
1577 2265 1710 2321 solio
1751 2267 1937 2336 splen-

367 2351 599 2406 descens
625 2366 746 2405 cum
772 2351 996 2422 reliquis
1017 2370 1122 2408 non
1155 2355 1337 2423 periit,
1369 2355 1464 2410 sed
1498 2357 1667 2410 evasit
1695 2355 1784 2410 ille
1817 2357 1937 2426 qui-

364 2442 508 2506 dem,
531 2453 723 2497 caetera
753 2453 934 2501 autem
965 2445 1119 2499 turba
1153 2435 1298 2500 velut
1324 2447 1570 2501 ordinem
1615 2463 1680 2502 ac
1731 2450 1930 2504 seriem

362 2531 677 2601 pusillorum
709 2547 1046 2587 racemorum
1081 2549 1372 2604 occupans,
1401 2548 1719 2604 consumpta
1743 2547 1846 2604 est,
1882 2547 1939 2593 et

362 2622 742 2691 paratissimus
795 2621 1007 2677 Domini
1041 2623 1250 2692 gladius
1298 2625 1452 2694 quasi
1509 2627 1619 2682 l‘alx
1673 2630 1935 2698 quaepiam

362 2726 457 2767 eos
483 2713 1078 2783 velutsupervacaueos
1110 2716 1354 2772 surculos
1402 2718 1664 2773 detondlt.
1712 2719 1934 2775 Cecide-

363 2813 490 2860 runt
518 2806 684 2871 enim,
716 2816 773 2860 ut
798 2807 936 2871 dixi,
987 2807 1161 2876 angeli
1193 2823 1352 2863 manu
1386 2811 1660 2876 exstincti,
1714 2821 1770 2867 et
1819 2811 1939 2869 fue-

363 2907 492 2952 runt
534 2900 800 2954 cadavera
838 2914 1024 2955 eorum
1070 2900 1275 2955 deliciae
1317 2903 1686 2960 animantibus
1718 2904 1831 2976 agri
1885 2911 1941 2960 et

363 2988 677 3044 volatilibus
705 2990 852 3044 coeli.
879 2990 972 3044 Sin
997 2990 1064 3045 de
1093 2988 1364 3061 Egyptiis
1389 2990 1521 3046 velis
1561 2993 1675 3048 haec
1696 2994 1825 3058 dici,
1849 2994 1936 3048 itt-

365 3081 1019 3174 telliges-Assyrios,dum
1047 3096 1166 3138 eam
1197 3082 1432 3152 populati
1479 3094 1624 3150 sunt,
1650 3100 1756 3140 non
1813 3087 1940 3142 stir—
1965 3115 2009 3174 ο

361 3174 510 3243 pilus
533 3189 769 3241 omnem,
805 3189 909 3228 non
943 3173 1178 3229 funditus
1205 3175 1559 3230 internecioni
1583 3177 1814 3243 dedisse,
1844 3178 1939 3233 sed

365 3266 638 3321 domicilia
677 3266 804 3319 hinc
829 3265 953 3318 inde
975 3265 1227 3334 sparsim,
1273 3274 1330 3320 et
1358 3266 1505 3320 vicos
1554 3267 1700 3322 velut
1746 3283 1941 3337 parvos

361 3359 667 3411 racemulos
707 3355 884 3426 gladio
910 3356 1266 3425 percussisse,
1296 3356 1361 3410 ad
1414 3357 1506 3412 Dei
1563 3357 1937 3415 misericordis

363 3445 469 3498 iras
489 3445 654 3514 280
681 3459 741 3501 se
761 3453 1204 3513 attemperautes,
1232 3446 1322 3516 qui
1350 3448 1581 3518 castigat
1606 3449 1821 3518 quidem
1851 3449 1936 3506 of-

363 3534 661 3600 fensantes,
693 3549 834 3604 saepe
863 3545 1040 3591 tamen
1070 3551 1261 3605 poenas
1289 3536 1582 3608 abrumpit,
1615 3553 1714 3595 nec
1772 3555 1930 3608 pror-

361 3641 454 3680 sus
493 3627 713 3682 interire
733 3627 877 3681 .sinit
911 3642 1004 3681 eos
1027 3628 1115 3696 qui
1144 3628 1498 3698 castigantur.

2036 1904 2187 1966 Θεὸς,
2225 1903 2258 1973 ἢ
2301 1902 2393 1956 ὲπί
2436 1919 2501 1970 γε
2541 1902 2654 1964 τοῖς
2689 1899 3013 1969 Ἀσσυρίοις,
3049 1901 3213 1969 ηγουν
3257 1899 3350 1951 καὶ
3394 1899 3488 1950 ἐπὶ
3515 1900 3626 1960 τοῖς

2036 1996 2374 2065 Αἰγυπτίοις·
2405 1995 2468 2048 ού
2495 1995 2606 2064 γάρ
2621 2011 2706 2047 τοι
2737 1993 2856 2046 λίαν
2877 1990 3112 2062 ἐναργὴς
3137 1991 3354 2058 ὁλόγος,
3387 1990 3529 2043 κατὰ
3547 1988 3628 2042 τί-

2037 2103 2143 2140 νων
2169 2085 2232 2138 av
2266 2085 2336 2138 ῐοι
2358 2084 2452 2137 καὶ
2481 2084 2698 2155 φέροιτο
2730 2082 3198 2153 πρεπωδέστερον.
3224 2081 3410 2150 Φαμὲν
3429 2079 3514 2151 δὴ,
3544 2081 3626 2132 ὅτι

2038 2176 2172 2238 εἴτις
2201 2175 2374 2228 ἕλοιτο
2413 2177 2555 2227 νοεῖν
2581 2174 2656 2238 ώς
2686 2173 2930 2245 ἄμπελον
2967 2173 3096 2244 μίαν
3134 2172 3236 2242 τὴν
3277 2171 3385 2224 τῶν
3417 2172 3629 2223 Ἀσσυο

2040 2267 2173 2338 ρίων
2219 2265 2451 2337 πληθὺν,
2484 2265 2584 2338 τὴν
2628 2266 3070 2337 πολιορκήσασαν
3114 2263 3412 2333 τὴνκάγίαν
3448 2263 3629 2326 πόλιν,

2040 2359 2345 2430 εὑρήσομεν
2389 2359 2470 2412 ὃτι
2506 2360 2535 2411 ὁ
2582 2357 2756 2428 μέγας
2797 2359 2856 2412 ὲν
2893 2357 3030 2428 αὐτῇ
3077 2355 3368 2425 νοούμενος
3411 2354 3628 2426 βότρυς,

2038 2450 2184 2503 τοῦτ’
2209 2449 2376 2514 ἔστιν,
2406 2449 2435 2501 ὁ
2464 2451 2577 2511 τοῖς
2598 2449 2696 2518 τῆς
2723 2447 3002 2518 βασιλείας
3033 2446 3219 2510 Θάκοις
3245 2445 3631 2516 ἐκλελαμπρυ-

2041 2541 2258 2611 σμένος,
2299 2541 2360 2593 ού
2405 2539 2718 2593 συνδιόλωλε
2762 2541 2874 2602 τοῖς
2921 2538 3147 2610 ἑτέροις,
3186 2537 3322 2590 ἀλλὰ
3355 2536 3632 2591 σέσωσται

2031 2630 2145 2700 μὲν
2175 2628 2356 2692 αὐτὸς,
2388 2628 2784 2697 δεδαπάνηνται
2821 2627 2879 2680 δὲ
2903 2626 2979 2690 ώς
3011 2629 3069 2680 ὲν
3093 2626 3244 2690 τάξει
3277 2627 3385 2679 τῶν
3419 2626 3633 2696 μικρῶν

2041 2719 2285 2792 βοτρύων
2311 2720 2343 2789 ἡ
2370 2718 2532 2791 ἑτέρα
2555 2718 2784 2788 πληθὺς,
2815 2717 2909 2771 καὶ
2931 2711 3040 2770 οἷον
3068 2716 3176 2770 τῶν
3209 2718 3480 2789 περιττῶν
3507 2717 3633 2788 κληο

2045 2813 2234 2886 μάτων
2269 2812 2426 2882 δίκην
2464 2809 2715 2880 καθάπερ
2744 2810 2850 2862 τινὶ
2878 2809 3120 2880 δρεπάνῃ
3157 2809 3500 2880 περιέκειρεν
3531 2810 3634 2861 αὑ-

2041 2905 2168 2968 τοὺς
2206 2905 2239 2974 ἡ
2280 2901 2569 2973 τομωτάτη
2610 2902 2854 2972 μάχαιρα
2893 2900 2986 2954 τοῦ
3026 2899 3254 2972 Κυρίου.
3296 2897 3634 2953 Πεπτώκααι

2043 2994 2175 3066 γὰρ,
2201 2995 2278 3057 ὼς
2299 2993 2456 3066 ἔφην,
2490 2992 2722 3060 ἀγγέλου
2752 2991 2899 3064 χειρὶ
2922 2991 3324 3062 δαπανώμενοι,
3351 2991 3448 3044 καὶ
3472 2991 3634 3058 γεγόο

2043 3102 2195 3140 νασιν
2215 3084 2396 3138 αὐτῶν
2445 3083 2516 3137 τά
2563 3081 2833 3154 πτώματα
2871 3083 3052 3155 τρυφὴ
3107 3085 3221 3146 τοῖς
3271 3082 3481 3154 Θηρίοις
3531 3081 3635 3134 τοῦ

2039 3177 2232 3248 ἀγροῦ,
2268 3177 2362 3229 καὶ
2400 3179 2513 3238 τοῖς
2550 3177 2816 3238 πετεινοῖς
2843 3175 2935 3229 τοῦ
2966 3174 3218 3246 οὐρανοῦ.
3251 3175 3314 3227 Εἰ
3347 3174 3406 3227 δὲ
3438 3174 3500 3244 δή
3539 3189 3634 3235 τις

2044 3267 2286 3338 βούλοιτο
2314 3267 2409 3320 καὶ
2437 3265 2530 3318 ἐπὶ
2561 3268 2673 3329 τοῖς
2695 3265 3016 3334 Αἰγυπτίοις
3043 3265 3297 3336 εἰρῆσθαι
3321 3263 3501 3332 λέγειν
3531 3264 3632 3315 αὺ-

2041 3358 2132 3423 τά,
2170 3357 2425 3428 συνήσεις
2470 3357 2553 3410 ὅτι
2596 3357 2995 3429 καταδῃοῦντες
3041 3357 3214 3426 αὐτὴν
3243 3357 3291 3408 οί
3330 3354 3634 3423 Ἀσσύριοι,

2038 3451 2140 3504 ούκ
2161 3449 2329 3518 ἄρδην
2363 3449 2604 3514 ἅπασαν,
2636 3447 2760 3501 οὔτε
2792 3448 2896 3519 μὴν
2928 3448 3232 3520 ὁλοσχερῶς
3251 3447 3481 3508 ἀνεῖλον,
3511 3446 3634 3500 ἀλλ’

2035 3541 2146 3598 οἷον
2177 3543 2392 3614 μικροῖς
2415 3541 2710 3612 βοτρυδίοις
2729 3543 2847 3603 ταῖς
2865 3539 3005 3593 κατὰ
3033 3539 3231 3602 τόπους
3255 3536 3634 3610 συνοικξε]ίαις

2041 3633 2075 3703 ἢ
2117 3632 2332 3703 κώμαις
2370 3632 2698 3701 ὲπαφιέντες
2737 3630 2834 3702 τὴν
2878 3631 3173 3702 μάχαιραν,
3218 3632 3633 3702 συνεμέτρησαν

359 3723 486 3784 τοὺς
526 3721 732 3793 θυμοὺς
773 3721 868 3775 τοῦ
901 3722 1365 3796 φιλοικτείρμονος
1405 3726 1564 3791 Θεοῦ,
1629 3727 1975 3792 παιδεύοντος
2039 3728 2138 3798 μὲν
2181 3727 2308 3791 τοὺς
2351 3725 2811 3798 προσκρούοντας,
2843 3725 3193 3789 κολοϐοῦντος
3221 3725 3280 3778 δὲ
3308 3724 3633 3787 πλειστάκις

358 3811 460 3874 τὰς
487 3811 666 3875 δίκας,
690 3812 784 3866 καὶ
813 3812 912 3865 οὐκ
945 3813 1027 3876 είς
1049 3812 1194 3867 άπαν
1227 3815 1425 3879 ἐῶντος
1454 3816 1790 3872 ἀπόλλυσθαι
1820 3819 1948 3880 τοὺς
1989 3817 2434 3889 παιδευομένους.

436 3904 595 3956 Vsus.
629 3903 681 3956 7.
717 3902 782 3956 In
835 3915 1061 3973 tempore
1098 3906 1191 3959 illo
1216 3908 1543 3962 adducentur
1566 3925 1782 3964 munera
1821 3910 1947 3964 Dor

360 3996 504 4049 mino
539 3993 769 4048 Sabaoth
793 4011 824 4048 α
853 3997 1044 4064 populo
1069 3997 1256 4066 afﬂicto
1287 4010 1333 4050 et
1369 3999 1571 4066 avulso,
1605 4010 1652 4053 et
1679 4017 1711 4054 a
1743 4001 1932 4069 populo

357 4103 568 4156 magno,
596 4088 835 4156 deinceps
868 4098 916 4140 et
970 4089 1024 4141 in
1070 4091 1432 4143 wternitutcnt.
1467 4087 1602 4145 Gens
1638 4108 1853 4159 sperans
1883 4101 1931 4144 et

359 4173 686 4238 conculcata,
731 4190 848 4244 qua:
876 4176 1030 4228 estin
1067 4186 1216 4242 parte
1257 4177 1407 4245 ﬂuvii
1429 4180 1655 4248 regionis
1706 4181 1841 4248 ejus,
1878 4183 1930 4234 in

359 4262 473 4318 loco
496 4264 582 4318 ubi
610 4281 794 4320 nomen
816 4265 1027 4320 Domini
1059 4265 1294 4322 Sabaoth
1331 4271 1624 4324 invocatum
1666 4284 1740 4327 est
1783 4290 1932 4328 mons

359 4353 514 4411 Sion.

425 4533 562 4587 Cum
592 4548 655 4588 ea
691 4549 811 4605 quae
839 4536 892 4590 in
921 4535 1062 4592 bello
1109 4548 1370 4592 eventura
1403 4549 1563 4594 erant
1599 4541 1729 4596 olim
1762 4539 1935 4613 Egy-

355 4623 472 4694 ptio
516 4626 711 4694 populo
771 4626 1134 4696 pulcherrime
1177 4629 1547 4695 edisseruerit,
1605 4631 1934 4686 mentionem

355 4713 490 4766 facit
525 4713 782 4784 deinceps
803 4717 968 4770 etiam
1001 4718 1376 4774 conversionis
1403 4719 1468 4774 ad
1500 4717 1692 4782 Deum,
1711 4728 1766 4774 et
1791 4720 1935 4786 quod

355 4805 582 4874 pristina
637 4805 839 4862 erroris
869 4805 1101 4876 caligine
1147 4809 1217 4862 ab
1240 4807 1413 4864 oculis
1457 4808 1622 4863 animi
1663 4809 1932 4877 ablegata.

354 4895 749 4951 etidololatriae
783 4899 901 4953 vale
931 4898 1098 4963 dicto,
1142 4898 1210 4954 ad
1266 4900 1492 4956 meliora
1527 4915 1586 4955 se
1630 4899 1931 4964 conferent,

354 4997 410 5040 ct
439 4997 636 5042 natura
668 4997 724 5043 et
777 5003 906 5044 vere
950 4989 1118 5044 Deum
1155 4999 1213 5044 et
1259 4991 1626 5048 universitatis
1684 4990 1933 5061 opiﬁcem

358 5077 645 5134 Dominum
678 5087 989 5150 agnoscent,
1023 5089 1077 5134 et
1099 5081 1428 5137 divertentes
1461 5081 1604 5136 velut
1641 5083 1707 5136 ad
1740 5096 1933 5137 novam

356 5171 667 5239 quampiam
700 5181 754 5226 et
775 5172 1030 5226 selectaut
1061 5171 1245 5236 vitam,
1293 5172 1696 5228 lructillcabuut
1741 5174 1850 5229 Deo
1879 5173 1933 5228 in

357 5255 444 5310 his
493 5260 688 5325 quibus
714 5277 833 5317 esse
872 5272 1100 5332 possunt
1147 5264 1375 5331 accepti,
1400 5271 1454 5316 et
1478 5263 1727 5319 omnibus
1759 5265 1931 5320 abun-

357 5346 548 5410 dantes
582 5349 849 5418 laudibus,
878 5364 934 5408 et
961 5354 1115 5424 quasi
1144 5367 1362 5408 munera
1391 5353 1662 5408 adducent
1700 5356 1751 5410 iu
1798 5357 1932 5411 odo-

359 5448 473 5487 retn
505 5441 789 5498 suavitatis
816 5445 945 5510 Deo,
972 5447 1151 5510 ﬁdem,
1171 5461 1345 5516 spent,
1365 5445 1722 5503 'cltaritatem.
1787 5447 1930 5504 Δίιιί-

359 5533 502 5580 ctum
521 5535 698 5582 autem
727 5535 968 5589 nominat
989 5552 1112 5591 cum
1137 5538 1412 5608 populum,
1430 5539 1628 5609 quippe
1651 5539 1792 5609 quod
1813 5540 1933 5610 plu-

361 5617 525 5670 rimas
562 5620 863 5674 sustineant
923 5627 1278 5693 calamitates,
1334 5641 1386 5684 et
1440 5631 1635 5686 divina:
1675 5633 1767 5688 ira:
1826 5633 1930 5687 vim

363 5707 608 5762 subeant.
639 5707 714 5762 Ad
744 5708 876 5774 lucc,
904 5715 1144 5769 evulsum
1173 5719 1299 5772 dicit
1334 5736 1345 5770 :
1377 5721 1622 5777 fortassis
1649 5724 1930 5780 transitum

2124 3910 2226 3963 Ἐν
2291 3908 2372 3974 τῷ
2427 3907 2610 3976 καιρῷ
2663 3909 2872 3972 ἐκείνῳ
2937 3907 3413 3977 ἀνενεχθήσεται
3468 3906 3634 3976 δόλου

2040 3999 2235 4066 Κυρίῳ
2302 3997 2545 4054 Σαϐαὼθ
2587 4001 2657 4053 ἐκ
2725 3999 2878 4054 λαοῦ
2949 4000 3294 4068 τετιλμένου
3364 4000 3461 4053 καὶ
3536 4007 3633 4054 τέο

2040 4089 2384 4160 θλιμμένου,
2425 4091 2525 4144 καί
2565 4091 2683 4145 ἀπὸ
2734 4091 2890 4146 λαοῦ
2926 4091 3195 4162 μεγάλου
3222 4092 3341 4146 ἀπὸ
3376 4090 3480 4146 τοῦ
3513 4091 3633 4144 νῦν

2041 4180 2143 4233 καὶ
2193 4182 2280 4246 εὶς
2330 4179 2438 4234 τὸν
2475 4179 2660 4234 αἰῶνα
2704 4183 2944 4250 χρόνον.
2991 4184 3202 4248 Ἕθνος
3244 4179 3486 4241 ἐλπίζον
3529 4183 3632 4236 καί

2039 4271 2631 4346 καταπεπατημένον,
2674 4272 2708 4326 ὅ
2738 4273 2910 4327 ἐστιν
2939 4274 3010 4326 ἐν
3029 4272 3191 4343 μέρει
3220 4273 3487 4342 ποταμοῦ
3516 4271 3632 4343 τῆς

1965 4395 2012 4451 D
2043 4362 2239 4431 χώρας
2269 4364 2479 4429 αὐτοῦ,
2522 4367 2608 4431 είς
2639 4364 2746 4419 τὸν
2772 4365 2960 4419 τόπον
2987 4361 3058 4420 οὗ
3095 4364 3162 4418 τὸ
3190 4363 3377 4434 ὄνομα
3401 4365 3632 4433 Κυρίου

2039 4453 2282 4509 Σαϐαὼθ
2303 4453 2606 4523 ἐπεκλήθη
2634 4456 2697 4511 τὸ
2728 4456 2868 4524 ὄρος
2909 4455 3080 4510 Σιών.

2109 4543 2190 4598 Τὰ
2218 4547 2276 4598 ὲν
2305 4545 2380 4616 τῷ
2411 4545 2636 4616 πολέμῳ
2665 4547 3062 4618 συμϐησόμενα
3094 4546 3235 4600 κατὰ
3261 4546 3489 4617 καιροὺς
3513 4548 3629 4611 τοῖς

2035 4637 2350 4704 Αἰγυπτίων
2384 4637 2579 4708 δήμοις
2625 4633 2684 4690 εὖ
2727 4639 2870 4708 μάλα
2897 4638 3211 4710 διειρηκὼς,
3260 4639 3629 4710 διαμέμνηται

2033 4729 2128 4781 καὶ
2162 4727 2261 4798 τῆς
2294 4729 2432 4800 μετά
2460 4727 2618 4796 τοῦτο
2665 4731 2802 4801 πρὸς
2843 4730 2976 4784 Θεὸν
3015 4732 3374 4801 ἐπιστροφῆς,
3422 4732 3517 4785 καὶ
3545 4733 3628 4786 ὅτι

2037 4819 2137 4890 τὴν
2167 4819 2401 4889 ἀρχαίαν
2425 4819 2524 4890 τῆς
2546 4819 2762 4890 ἀπάτης
2797 4821 2982 4890 ἀχλὺν,
3004 4821 3111 4875 τῶν
3139 4821 3244 4891 τῆς
3265 4822 3502 4886 διανοίας
3521 4823 3630 4892 νομ-

2037 4911 2224 4980 μάτων
2278 4912 2758 4982 άποπεμψάμενοι,
2806 4914 2899 4966 καὶ
2947 4916 3070 4977 ταῖς
3111 4914 3242 4996 ubi
3262 4916 3496 4969 εἰδώλων
3531 4916 3628 4969 λα·

2033 5001 2244 5072 τρείαις
2295 5003 2573 5073 ἐρρῶσθαι
2625 5003 2954 5074 φράσαντες,
3012 5005 3320 5075 βαδιοῦνται
3373 5007 3512 5078 πρὸς
3556 5006 3628 5060 τὰ

2034 5091 2242 5161 ἀμείνω
2265 5107 2280 5122 ο
2311 5093 2406 5146 καὶ
2444 5092 2535 5146 τὸν
2569 5093 2667 5164 μὲν
2705 5092 2866 5162 φύσει
2910 5096 3005 5149 καὶ
3048 5095 3265 5165 άληθῶς
3308 5096 3437 5150 ὄντα
3469 5096 3625 5159 Θεὸν,

2035 5183 2130 5236 καὶ
2167 5183 2277 5237 τῶν
2316 5184 2454 5238 ὅλων
2481 5187 2554 5256 Δη
2565 5187 2824 5257 μιουργὸν
2854 5187 2949 5241 καὶ
2970 5187 3173 5259 Κύριον
3201 5188 3624 5256 ὲπιγνώσονται,

2039 5275 2604 5347 μεταστοιχειούμενοι
2654 5277 2712 5331 δὲ
2767 5277 2956 5350 ὥσπερ
3009 5279 3143 5349 πρὸς
3191 5277 3317 5332 νέαν
3365 5280 3487 5332 τινὰ
3531 5280 3627 5331 καὶ

2035 5365 2335 5420 άπόλεκτον
2372 5366 2538 5439 ζωὴν,
2574 5369 2990 5439 καρποφοροῦσι
3037 5368 3115 5438 τῷ
3161 5368 3280 5440 Θεῷ
3323 5370 3390 5422 τὰ
3424 5370 3509 5437 ἐφ’
3544 5365 3626 5431 οἷς

2033 5456 2100 5512 ἂν
2137 5454 2247 5512 εἷεν
2278 5459 2555 5530 εὐδόκιμοι
2603 5460 2699 5512 καὶ
2739 5461 2940 5524 παντὸς
2987 5460 3214 5514 ἐπαίνου
3273 5463 3483 5531 μεστοὶ,
3525 5461 3620 5513 καὶ

2033 5542 2142 5604 οἷον
2185 5549 2334 5620 δῶρα
2379 5549 2769 5620 προσκομιοῦσι
2815 5551 2884 5603 τά
2929 5552 3010 5614 είς
3052 5552 3228 5623 ὀσμὴν
3273 5552 3502 5614 εὐωδίας
3541 5551 3621 5622 τῷ

2036 5637 2173 5707 Θεῷ,
2197 5638 2295 5705 τὴν
2320 5638 2518 5696 πίστιν,
2551 5637 2648 5706 τὴν
2672 5637 2879 5700 ἐλπίδα,
2913 5641 3011 5709 τὴν
3044 5641 3284 5712 ἀγάπην.
3315 5641 3622 5711 Τεολιμμέ-

2038 5747 2125 5782 νον
2158 5728 2211 5780 δὲ
2245 5726 2403 5778 αὐτὸν
2436 5729 2687 5797 ὀνομάζει
2717 5727 2864 5795 λαὸν,
2899 5731 3068 5785 διάτοι
3105 5733 3163 5785 τὸ
3193 5733 3451 5804 πλείστην
3485 5733 3619 5804 ὅσην
