3962 6216
346 278 442 334 431

1341 283 1401 336 s.
1443 269 1718 334 CYRtLLI
1755 258 2226 331 ALEXANlENNI
2266 259 2585 327 λιιοιιιειτ.

3514 259 3616 328 ιῖᾶ

345 397 608 467 pietatem
635 396 794 467 quasi
818 391 1135 468 illaqueats,
1169 410 1266 466 per
1293 395 1452 451 (idem
1480 395 1734 451 videlicet
1773 393 1923 449 Chri-

2035 389 2132 443 καὶ
2181 388 2578 456 σεσαγήνευται
2624 386 2762 460 πρὸς
2801 385 3122 452 εὐσέϐειαν,
3165 386 3254 441 διὰ
3285 387 3525 451 πίστεως
3560 389 3616 444 δὲ

345 486 605 552 stianam,
626 489 975 558 quantumvis
1003 488 1295 542 multorum
1344 488 1570 544 deorum
1612 485 1834 549 cultrix,
1869 493 1925 544 et

347 576 552 631 erroris
593 581 785 634 morbo
833 577 1140 649 prodigiose
1193 576 1411 644 allects,
1467 578 1665 633 docere
1733 575 1926 632 nititur

350 670 496 722 hisce
527 670 702 723 verbis
732 671 1020 738 propheta.
1043 669 1210 724 Erant
1246 670 1447 725 etenim
1479 680 1731 739 tanquam
1759 667 1922 738 282

350 757 630 827 profundis
661 761 900 816 tenebris
915 762 1118 829 obruti,
1146 772 1338 818 natura
1364 763 1528 819 Deum
1556 769 1613 817 et
1645 775 1770 816 vere
1801 761 1926 814 uni—

353 852 628 904 versitatis
679 853 1036 908 architectum
1071 865 1125 907 et
1173 854 1460 909 Dominum
1509 867 1734 922 prorsus
1774 851 1926 921 igno-

352 949 566 1004 rantes,
633 952 897 997 creaturae
942 946 1344 999 venerationem
1381 945 1778 1004 attribuentes.
1836 950 1922 1006 et,

348 1035 492 1098 quod
519 1032 697 1087 adhuc
727 1036 1017 1089 absurdius
1049 1045 1154 1100 est,
1189 1051 1408 1091 suorum
1442 1037 1664 1090 deorum
1687 1032 1925 1087 artilices

351 1140 472 1177 esse
508 1127 1067 1190 deprehendehantnr,
1099 1139 1151 1180 et
1177 1127 1491 1198 multiplicia
1511 1126 1773 1181 idolorum
1794 1139 1926 1179 exa-

357 1217 496 1267 Initia
531 1219 580 1267 in
617 1217 855 1268 delubris
885 1220 1103 1284 habere,
1128 1229 1180 1270 et
1212 1219 1566 1272 animantium
1596 1217 1806 1271 ratione
1835 1230 1926 1270 ca-

350 1308 580 1356 n-ntinm
637 1306 835 1374 ﬁguras
857 1306 1126 1376 ellingere,
1163 1319 1215 1362 et
1251 1310 1450 1364 erectis
1507 1308 1787 1373 altaribus,
1820 1307 1927 1362 illis

349 1412 421 1447 Sat
447 1397 680 1448 rilicare.
698 1397 951 1466 Oportnit
984 1416 1112 1467 ergo
1139 1401 1517 1455 abundantein
1544 1400 1650 1454 illis
1669 1408 1920 1467 peccato,

351 1488 796 1552 Sttpt‘latbtlltdal‘e
829 1491 1079 1555 gratiam,
1115 1501 1169 1543 et
1197 1500 1303 1543 tam
1323 1491 1533 1545 infenso
1561 1490 1746 1544 morbo
1776 1489 1925 1544 labo-

351 1583 608 1648 l'.tlt.l|tllS.
652 1579 963 1632 illucescere
1006 1580 1291 1641 medicum,
1327 1587 1382 1633 et
1416 1580 1578 1634 corde
1605 1578 1928 1634 obtenebra-

351 1671 419 1718 tis
445 1669 688 1720 divinum
723 1669 900 1722 lumen
946 1681 1104 1738 atque
1134 1670 1353 1725 caele-ste
1389 1670 1766 1724 inclarescere.
1788 1668 1926 1723 Ecce

2029 480 2270 553 δηλονότι
2287 479 2386 550 τῆς
2410 481 2469 534 ιν
2495 477 2740 550 Χριστῷ,
2763 477 2938 534 καίτοι
2959 477 3219 542 πολύθεος
3245 479 3344 532 καὶ
3371 479 3618 545 ἐκτόπως

2029 573 2264 628 νοσοῦσα
2293 571 2392 644 τὴν
2423 571 2655 642 πλάνην,
2690 572 2947 643 πειρᾶται
2975 570 3248 626 διδάσκειν
3275 573 3305 625 ό
3329 573 3620 643 προφήτης

2029 663 2088 716 ὲν
2117 662 2347 726 τούτοις.
2391 655 2572 714 Ἦσαν
2618 659 2720 731 μὲν
2760 659 2871 730 γὰρ
2911 653 3111 730 οἷάπερ
3141 660 3200 712 ὲν
3229 659 3410 729 σκότῳ
3443 658 3617 728 βαθεῖ,

2029 755 2125 809 τὸν
2166 755 2266 826 μὲν
2298 752 2459 827 φύσει
2490 752 2623 806 Θεὸν
2647 752 2742 806 καὶ
2773 750 2991 822 άληθῶς
3036 750 3168 806 ὄντα
3204 750 3315 804 τῶν
3343 751 3484 804 ὅλων
3520 752 3618 820 δη-

2034 847 2296 920 μιουργὸν
2318 846 2414 901 καί
2439 844 2650 916 Κύριον
2672 843 3005 914 ἠγνοηκότες
3023 842 3327 907 παντελῶς,
3352 843 3620 896 summ-

2029 955 2122 1002 τες
2156 939 2214 992 δὲ
2248 940 2316 1008 τῇ
2357 936 2535 991 κτίσει
2565 935 2625 988 τὸ
2647 934 2842 998 σέϐας·
2883 934 2980 987 καὶ
3015 934 3076 988 τὸ
3108 933 3190 987 ἔτι
3216 934 3408 987 τούτου
3441 951 3619 1004 παρα-

2030 1028 2332 1100 λογώτερον
2353 1068 2367 1088 ,
2424 1025 2742 1096 τεχνουργοὶ
2803 1024 2913 1078 τῶν
2962 1024 3108 1078 ίδίων
3173 1025 3619 1093 ἀναδεικνύμενα

2031 1120 2192 1183 θεῶν,
2216 1121 2308 1173 καὶ
2331 1118 2678 1189 πολύμορφον
2710 1117 2943 1172 εἰδώλων
2973 1118 3138 1186 ἐσμὸν
3163 1119 3222 1169 ὲν
3249 1121 3364 1180 τοῖς
3391 1135 3448 1170 τε
3459 1118 3616 1186 μένε-

2035 1224 2121 1259 σιν
2147 1207 2380 1277 ἔχοντες,
2395 1207 2468 1269 ὡς
2488 1207 2580 1260 καὶ
2597 1205 2750 1270 ζώων
2768 1207 2977 1275 ἀλόγων
3007 1204 3370 1260 ἀναπλάττειν
3387 1206 3610 1269 τύπους,

2034 1301 2129 1353 καὶ
2154 1298 2371 1369 βωμοὺς
2408 1299 2660 1361 ἱστάντας
2702 1297 2995 1352 καταθύειν
3021 1298 3224 1360 αὐτοῖς.
3257 1297 3405 1350 Ἔδει
3433 1299 3612 1351 τοίνυν

2035 1390 2432 1460 πλεοναζούσης
2457 1392 2512 1442 ὲν
2551 1390 2732 1452 αὐτοῖς
2761 1388 3032 1461 ἁμαρτίας
3055 1430 3069 1452 ,
3107 1389 3610 1458 ὑπερπερισσεῦσαι

2034 1481 2131 1552 τήν
2154 1481 2332 1551 χάριν,
2367 1481 2461 1534 καὶ
2492 1483 2602 1544 τοῖς
2631 1480 2803 1544 οὕτως
2847 1480 3110 1551 ἐχθίστως
3141 1481 3458 1552 νενοσηκόσι
3494 1482 3614 1536 ἐπιδ

2034 1572 2244 1642 λάμψαι
2274 1572 2366 1624 τὸν
2402 1572 2605 1641 ἰατρὸν,
2631 1571 2724 1624 καὶ
2759 1573 2870 1633 τοῖς
2897 1571 2994 1641 τὴν
3028 1570 3254 1640 καρδίαν
3293 1587 3612 1624 κατεσκοτι-

2036 1663 2255 1732 σμένοις
2301 1663 2361 1716 τὸ
2405 1663 2546 1717 θεῖόν
2565 1679 2625 1716 τε
2652 1662 2746 1716 καὶ
2789 1661 3039 1732 οὐράνιον
3091 1661 3428 1732 ὲναστράψαι
3475 1662 3606 1730 φῶς.

350 1759 531 1822 igitur,
562 1760 757 1827 inquit,
808 1759 1064 1814 Dominus
1087 1762 1285 1814 residet
1325 1761 1376 1814 in
1423 1759 1563 1814 nube
1601 1759 1723 1824 levi,
1756 1768 1812 1813 et
1835 1774 1923 1813 ve-

2044 1754 2171 1808 Ἰδοὺ
2205 1754 2404 1819 τοίνυν,
2436 1755 2590 1825 φησι,
2615 1753 2819 1825 Κύριος
2845 1752 3079 1821 κάθηται
3109 1754 3201 1806 ἐπὶ
3230 1754 3462 1824 νεφέλης
3483 1754 3609 1807 κού-

349 1863 456 1900 ntet
482 1867 531 1900 llt
560 1850 873 1921 IEgyptnttt.
911 1852 1048 1917 Quid
1083 1862 1264 1906 autem
1303 1853 1404 1906 sibi
1433 1851 1543 1905 vult
1567 1853 1620 1905 in
1659 1852 1798 1906 nube
1821 1850 1925 1906 levi

345 1943 589 2006 ςυιιμυιυι
619 1942 903 1995 Dominum
929 1943 953 1994 ‘l
981 1946 1094 2012 Age
1122 1945 1368 1999 dicamus
1397 1944 1572 2013 quoad
1600 1943 1922 2014 poterimus.

346 2032 573 2094 Quidam
630 2036 952 2100 interpretes
998 2033 1169 2088 levem
1221 2034 1474 2088 dixerunt
1527 2047 1652 2088 esse
1703 2033 1922 2102 nubem,

344 2134 588 2174 sanctam
628 2123 836 2176 Domini
874 2140 1117 2191 carnem,
1165 2125 1214 2178 id
1261 2136 1364 2188 est,
1397 2139 1464 2179 ex
1502 2123 1722 2196 Virgine
1778 2139 1926 2178 sum-

345 2225 493 2280 plltttt
525 2215 805 2281 templum,
830 2219 971 2283 quod
996 2228 1284 2285 propterea
1331 2214 1515 2271 forsan
1568 2215 1700 2271 nubi
1747 2213 1928 2270 confe-

345 2313 492 2364 runt,
523 2305 665 2369 quod
711 2317 741 2355 a
773 2305 1004 2358 terrenis
1042 2305 1375 2360 motionibus
1425 2319 1490 2360 ac
1535 2304 1927 2374 cupiditatibus

346 2393 628 2453 liberetur.
658 2403 713 2447 et
741 2409 955 2448 sursum
984 2393 1130 2448 velut
1172 2410 1235 2448 ac
1295 2396 1347 2449 in
1386 2395 1551 2450 altum
1601 2395 1798 2449 evolet.
1833 2394 1927 2450 Est

343 2486 488 2537 enim
511 2487 732 2538 omnino
764 2486 1114 2555 purissimum
1143 2487 1401 2555 omnique
1427 2486 1669 2544 terrestri
1697 2486 1926 2540 immort-

346 2575 476 2630 ditia
509 2575 762 2642 liberum,
787 2591 851 2630 ac
894 2575 1135 2631 innnune
1180 2586 1431 2632 sanctum
1460 2591 1655 2646 corpus
1680 2578 1924 2636 omnium

346 2679 591 2720 nostrum
617 2663 925 2720 Servatoris
953 2665 1176 2721 Christi.
1222 2665 1327 2719 Alii
1381 2680 1570 2720 rursus
1614 2664 1788 2719 levem
1822 2679 1926 2722 no-

344 2758 538 2810 minari
571 2761 765 2810 nubent
787 2765 1138 2811 aututnarnnt
1167 2765 1410 2811 sanctam
1443 2755 1737 2824 Virginem.
1762 2754 1928 2825 Equi-

343 2849 465 2903 dem
499 2863 697 2903 censeo
722 2848 945 2902 alterius
973 2847 1253 2917 cujusdam
1284 2861 1476 2903 sensus
1512 2847 1922 2918 amplitudinem

344 2941 501 2993 nobis
546 2939 903 3004 suhindicari,
951 2941 1076 3001 dum
1111 2955 1232 2995 eum
1268 2941 1399 2995 dicit
1459 2941 1586 2996 nubi
1629 2941 1734 2997 levi
1791 2941 1926 2998 insi-

304 3067 306 3071 -
346 3031 495 3084 dere.
525 3030 876 3084 Multil'ariant
910 3031 1055 3086 enim
1109 3030 1252 3086 beati
1284 3032 1557 3103 propheta:
1585 3035 1922 3103 majestatem

2029 1865 2155 1918 φης,
2184 1848 2277 1900 καὶ
2301 1847 2419 1917 ἥξει
2448 1848 2528 1909 εἰς
2561 1845 2854 1913 Αἴγυπτον.
2884 1845 3046 1898 Ἀλλὰ
3069 1845 3121 1897 τί
3145 1845 3210 1899 ἂν
3233 1845 3476 1915 βούλοιτο
3505 1863 3610 1899 πα-

2030 1933 2293 2006 ραδηλοῦν
2319 1935 2380 1989 τὸ
2396 1934 2487 1987 ἐπὶ
2509 1934 2742 2002 νεφέλης
2763 1933 2973 2004 κούφης
3003 1934 3230 2004 ὁρᾶσθαι
3260 1935 3353 1988 τὸν
3369 1935 3572 2006 Κύριον
3593 1952 3608 2001 ξ

2023 2027 2160 2097 Φέρε
2182 2027 2427 2096 λέγωμεν
2455 2025 2526 2089 ὡς
2543 2026 2644 2080 ἔνι’
2670 2025 2826 2087 Τινὲς
2849 2026 2948 2095 μὲν
2973 2026 3080 2080 τῶν
3100 2027 3378 2098 ἐξηγητῶν
3401 2029 3609 2100 κούφην

2023 2119 2235 2190 ἔφησαν
2268 2114 2407 2174 εἶναι
2441 2118 2668 2190 νεφέλην
2702 2118 2800 2190 τὴν
2828 2119 2990 2188 ἁγίαν
3036 2119 3130 2172 τοῦ
3163 2121 3369 2194 Κυρίου
3405 2121 3608 2191 σάρκα,

2026 2211 2170 2265 τουτ’
2204 2211 2340 2275 ἔστι,
2374 2211 2465 2266 τὸν
2491 2211 2554 2263 ὲκ
2574 2211 2673 2280 τῆς
2703 2210 2984 2282 Παρθένου
3012 2209 3285 2281 ληφθέντα
3311 2213 3472 2266 ναόν·
3513 2215 3612 2268 καὶ

2027 2301 2227 2373 νεφέλῃ
2259 2301 2676 2373 παρεικάζουσι,
2705 2300 2874 2354 διάτοι
2897 2302 2958 2355 τὸ
2978 2303 3321 2374 ἀπηλλάχθαι
3345 2305 3485 2376 τάχα
3504 2322 3610 2360 που

2025 2392 2344 2462 κινημάτων
2375 2395 2469 2448 καὶ
2519 2392 2820 2464 ἐπιθυμιῶν
2863 2393 2974 2447 τῶν
2997 2395 3376 2467 γεωδεστέρων
3415 2398 3527 2452 ἄνω
3547 2415 3610 2452 τε

2027 2482 2123 2540 καὶ
2157 2481 2345 2554 ὥσπερ
2372 2483 2524 2552 ὑψοῦ.
2549 2486 2830 2555 Πάναγνον
2863 2487 2974 2558 γὰρ
3005 2486 3223 2558 ἀληθῶς
3264 2490 3359 2543 καὶ
3387 2491 3612 2563 ἁπάσης

2029 2573 2264 2642 γεώδους
2313 2574 2658 2647 ἀκαθαρσίας
2698 2577 3114 2648 ἀπηλλαγμένον
3145 2580 3206 2633 τὸ
3243 2579 3400 2649 ἆγιον
3447 2583 3613 2655 σῶμα

2025 2664 2122 2718 τοῦ
2157 2667 2374 2720 πάντων
2416 2668 2573 2738 ἡμῶν
2609 2670 2860 2741 Σωτῆρος
2910 2671 3167 2741 Χριστοῦ.
3209 2672 3427 2746 Ἕτεροι
3457 2674 3514 2731 δὲ
3537 2672 3609 2733 αὖ

2028 2756 2238 2828 κούφην
2283 2759 2596 2829 ὠνομάσθαι
2642 2760 2872 2830 νεφέλην
2926 2761 3257 2832 ὑπειλήφασι
3297 2765 3396 2837 τὴν
3442 2768 3612 2836 ἁγίαν

2028 2848 2320 2920 Παρθένον.
2350 2845 2515 2921 Οἶμαι
2534 2849 2590 2904 δὲ
2621 2849 2796 2920 ἔγωγε
2819 2852 2960 2922 τάχα
2992 2869 3094 2906 που
3127 2853 3218 2906 καὶ
3244 2855 3447 2927 ἑτέρων
3473 2859 3614 2930 ἡμῖν

2027 2940 2246 2995 ἐννοιῶν
2279 2941 2627 3012 ύποσημῆναι
2655 2941 2874 3007 πλάτος,
2917 2942 2978 2996 τὸ
3004 2944 3097 2997 επὶ
3129 2945 3359 3019 νεφέλης
3400 2950 3613 3023 κούφης

2029 3031 2300 3103 καθῆσθαι
2329 3033 2508 3101 λέγειν
2542 3034 2726 3088 αὐτόν.
2765 3035 3126 3108 Πολυτρόπως
3155 3039 3254 3110 μὲν
3295 3041 3403 3113 γὰρ
3431 3043 3480 3095 οί
3505 3061 3614 3114 μα·

343 3121 555 3176 D0inini
604 3122 898 3192 conspicati
941 3123 1176 3177 visiones
1219 3125 1684 3193 conscripserunt.
1756 3123 1922 3181 Isaias

2031 3122 2212 3194 κάριοι
2245 3124 2544 3195 προφῆται,
2570 3125 2669 3196 τὴν
2697 3125 2793 3180 τοῦ
2827 3127 2962 3180 Θεοῦ
2986 3129 3144 3196 δόξαν
3176 3131 3610 3204 καταθεώμενοι,

342 3215 487 3266 enim
521 3216 572 3266 in
607 3212 740 3266 solio
761 3213 905 3268 celso
931 3223 985 3267 et
1012 3212 1222 3267 elevato
1253 3214 1381 3267 dicit
1410 3225 1758 3282 conspectum
1802 3230 1927 3272 esse

347 3304 632 3359 Dominum
672 3305 932 3368 Sabaoth,
978 3304 1248 3374 supremis
1308 3305 1663 3375 potestatibus
1717 3307 1926 3362 ratione

344 3398 586 3466 praeditis
606 3397 964 3466 undeqnaque
978 3396 1479 3462 circumstantibus,
1507 3411 1571 3452 ac
1594 3397 1828 3467 hymnos
1847 3397 1924 3451 illi

343 3488 710 3550 cantantibus,
747 3487 1058 3558 coelumque
1105 3501 1168 3542 ac
1218 3497 1421 3541 terram
1484 3486 1767 3555 majestate
1809 3486 1924 3556 eius

342 3580 536 3648 repleri
581 3581 887 3634 dicentibus
931 3579 999 3634 '°.
1064 3579 1509 3648 Sapientissimus
1560 3581 1689 3635 item
1735 3580 1926 3638 Daniel

339 3673 636 3742 Antiquom
673 3674 881 3728 dierum
914 3673 968 3728 in
1026 3671 1162 3728 solio
1200 3672 1452 3735 collocat,
1497 3685 1562 3726 ac
1587 3670 1735 3726 mille
1759 3671 1924 3725 millia

341 3765 390 3820 ci
418 3766 728 3818 ministrare
755 3765 1052 3829 contendit,
1075 3780 1138 3820 ac
1170 3763 1313 3818 mille
1364 3762 1638 3832 myriadas
1689 3762 1925 3818 circuma-

342 3867 494 3913 stare
514 3857 730 3920 asserit,
750 3865 806 3910 et
839 3857 1012 3910 visum
1031 3870 1152 3912 esse
1173 3855 1325 3924 quasi
1371 3853 1566 3908 Filium
1606 3852 1840 3912 hominis
1867 3853 1922 3920 in

345 3945 585 4000 nubibus
634 3947 965 4012 venientem,
1028 3947 1241 4016 aliaque
1293 3945 1473 4016 posuit
1539 3944 1790 4014 deinceps
1839 3943 1924 4001 his

342 4047 708 4094 consentanea
743 4037 811 4091 ³¹.
851 4037 1101 4100 Ezechiel
1147 4037 1398 4092 similiter
1429 4035 1828 4091 ﬁrmamentum
1859 4049 1923 4092 se

340 4131 418 4184 ait
450 4130 670 4196 vidisse,
709 4127 993 4196 Seraphim
1018 4128 1299 4198 subjectis,
1327 4144 1393 4184 ac
1418 4128 1472 4185 in
1513 4129 1708 4184 throno
1741 4129 1921 4185 homi-

344 4232 468 4277 nem
497 4237 620 4278 esse
645 4222 950 4288 visum,seu
969 4223 1204 4292 speciem
1232 4221 1486 4287 hominis,
1507 4219 1660 4291 cujus
1687 4234 1921 4294 superna

339 4314 543 4369 electro
573 4315 700 4368 dicit
755 4328 878 4369 esse
909 4313 1128 4380 similia,
1156 4329 1184 4367 a
1217 4313 1396 4370 lumbo
1425 4323 1605 4368 autem
1660 4313 1728 4368 ad
1759 4313 1920 4384 pedes

2028 3217 2338 3287 γεγράφασι
2386 3217 2485 3281 τὰς
2521 3219 2761 3288 ὁράσεις.
2825 3221 2883 3274 Ὀ
2935 3221 3037 3292 μὲν
3086 3224 3194 3294 γάρ
3241 3224 3468 3288 Ἡσαΐας
3513 3229 3614 3282 ἐπὶ

2029 3304 2216 3376 θρόνου
2255 3305 2457 3376 ὑψηλοῦ
2503 3308 2598 3360 κτιι)⁵
2639 3310 2951 3380 ἐπηρμένου
2995 3311 3286 3367 τεθεᾶσθαι
3337 3332 3469 3388 φησι
3514 3318 3614 3372 τὸν

2027 3398 2231 3469 Κύριον
2250 3399 2501 3464 Σαϐαὼθ,
2523 3402 2901 3470 περιεστώτων
2926 3405 2986 3457 ὲν
3007 3405 3195 3476 κύκλῳ
3218 3407 3326 3460 τῶν
3349 3410 3614 3466 ἀνωτάτω

2026 3487 2306 3559 δυνάμεων
2330 3488 2584 3557 λογικῶν,
2601 3491 2628 3542 ὑ
2637 3491 3013 3561 μνολογουσῶν
3035 3510 3095 3546 τε
3124 3495 3312 3562 αὑτὸν,
3344 3497 3525 3570 πλήρη
3545 3517 3614 3554 τε

2027 3576 2167 3634 εἶναι
2203 3580 2475 3648 λεγουσῶν
2519 3579 2613 3635 τὸν
2654 3583 2883 3653 οὐρανὸν
2924 3585 3017 3637 καὶ
3054 3584 3151 3656 τὴν
3188 3587 3292 3658 γῆν
3321 3591 3420 3660 τῆς
3449 3590 3614 3661 δόξης

2026 3671 2214 3738 αὐτοῦ.
2256 3672 2315 3724 Ὀ
2339 3672 2397 3726 δέ
2437 3689 2500 3742 γε
2543 3674 2819 3743 πάνσοφος
2865 3675 3066 3748 Δανιὴλ
3094 3677 3328 3732 Παλαιὸν
3381 3682 3615 3752 ἡμερῶν

2024 3762 2118 3817 ἐπὶ
2169 3761 2360 3833 θρόνου
2406 3763 2656 3828 καθίζειο
2689 3765 2864 3836 χιλίας
2890 3783 2950 3820 τε
2987 3768 3228 3838 χιλιάδας
3274 3770 3613 3845 λειτουργεῖν

2024 3853 2174 3924 αύτῷ
2205 3855 2550 3922 διατείνεται,
2573 3857 2670 3914 καὶ
2709 3859 2910 3930 μυρίας
2949 3862 3218 3931 μυριάδας
3253 3867 3610 3935 περιεστάναι

2025 3944 2187 4018 φησί·
2220 3946 2512 4016 τεθεᾶσθαι
2539 3948 2596 4005 δὲ
2619 3949 2713 4004 καὶ
2743 3949 2818 4013 ὼς
2846 3950 2973 4005 Υίὸν
3006 3952 3297 4026 ἀνθρώπου
3323 3955 3462 4026 μετὰ
3494 3957 3610 4013 τῶν

2021 4037 2261 4109 νεφελῶν
2293 4038 2609 4110 ἐρχόμενον,
2653 4040 2745 4098 καὶ
2777 4043 2844 4096 τὰ
2863 4042 3074 4109 τούτοις
3109 4046 3353 4103 τέθεικεν
3381 4050 3605 4122 ἑφεξῆς.

2036 4128 2295 4202 Ἰεζεχιὴλ
2322 4130 2379 4183 δὲ
2407 4130 2612 4201 ὁμοίως
2644 4131 2952 4206 στερέωμα,
2987 4137 3172 4208 φησὶν,
3219 4141 3350 4207 ῐδεν,
3379 4143 3609 4199 ὑποκει-

2026 4219 2203 4290 μένων
2239 4220 2347 4275 τῶν
2378 4221 2692 4294 Σαραφείμ·
2746 4225 2840 4278 ἐπὶ
2880 4224 3073 4297 θρόνου
3113 4229 3171 4286 δὲ
3203 4232 3488 4304 ἄνθρωπον
3517 4253 3613 4290 τε⁸

2023 4308 2270 4375 θεᾶσθαι,
2299 4310 2418 4383 ἢτοι
2440 4307 2579 4377 εἶδος
2601 4312 2891 4384 ἀνθρώπου
2910 4350 2926 4381 ,
2969 4311 3031 4372 οὗ
3057 4320 3127 4373 τὰ
3157 4321 3258 4391 μὲν
3285 4323 3398 4379 ἂνω
3436 4329 3610 4398 φησὶν

339 4414 510 4475 nsque
541 4406 692 4475 quasi
724 4415 998 4478 aspectum
1045 4404 1186 4476 ignis
1229 4403 1298 4458 ".
1358 4404 1566 4470 Quibus
1615 4404 1914 4461 visionibus

2027 4402 2272 4476 ἠλέκτρῳ
2298 4407 2696 4477 προσεοικέναι,
2729 4407 2791 4462 τό
2809 4426 2872 4478 γε
2899 4409 3007 4482 μὴν
3032 4413 3090 4479 ἐξ
3109 4414 3308 4484 ὀσφύος
3330 4419 3411 4481 είς
3436 4420 3606 4486 πόδας

341 4495 565 4563 singulis
592 4495 954 4551 manifestatio
982 4495 1230 4566 quaedam
1254 4504 1308 4550 et
1345 4495 1549 4566 elIigies
1577 4496 1770 4551 divinat
1812 4510 1927 4551 ma-

337 4580 577 4650 iestatis,
609 4596 664 4642 et
734 4589 979 4660 mysterii
1036 4590 1102 4642 de
1153 4588 1395 4652 Christo,
1447 4589 1722 4658 eleganter
1772 4589 1927 4644 nobis

346 4675 744 4731 subindicatur.
776 4676 922 4732 Nihil
950 4677 1111 4749 igitur
1131 4679 1313 4733 obstat
1337 4679 1500 4734 etiam
1536 4679 1592 4733 in
1639 4680 1742 4734 hoc
1769 4678 1927 4734 Chri-

344 4776 488 4819 stum
517 4765 568 4819 in
587 4766 689 4819 levi
725 4767 864 4820 nube
889 4777 1236 4836 conspectum
1269 4769 1590 4842 intelligere,
1626 4769 1788 4839 283
1820 4769 1927 4825 imo

342 4860 777 4914 commodissime
812 4860 904 4914 liet
930 4861 1030 4915 hoc
1062 4871 1113 4915 et
1139 4864 1469 4919 necessario.
1504 4863 1713 4917 Etenim
1755 4861 1923 4919 nubes

342 4959 526 5021 typum
563 4951 754 5021 pluviae
781 4960 834 5006 et
863 4953 1004 5007 roris
1036 4953 1353 5024 spiritualis,
1373 4955 1648 5026 ipsiusque
1672 4955 1923 5011 salutaris

346 5041 546 5096 lavacri
580 5045 734 5099 nobis
767 5044 926 5116 plene
976 5056 1349 5115 repraesentat.
1395 5047 1672 5116 Siquidem
1732 5046 1921 5101 beatus

345 5129 546 5190 Paulus
569 5139 831 5209 sanguine
855 5137 1151 5196 Israelitico
1181 5149 1333 5196 ortos
1355 5140 1406 5194 in
1434 5138 1578 5195 nube
1609 5147 1662 5194 et
1693 5137 1748 5192 in
1783 5138 1920 5193 mari

345 5224 476 5278 dicit
516 5226 682 5282 fuisse
712 5228 1040 5300 baptizatos,
1063 5238 1118 5283 et
1144 5239 1352 5284 vastam
1385 5229 1528 5284 illam
1569 5227 1914 5285 solitudinem

340 5320 768 5388 transeuntibus,
819 5321 1052 5378 interdiu
1112 5322 1284 5378 nubes
1339 5319 1702 5391 impendebat,
1753 5327 1913 5374 noctu

340 5409 590 5461 columna
647 5410 786 5478 ignis
824 5415 1158 5482 praecedebat
1191 5413 1258 5468 ⁸³.
1297 5415 1416 5481 Quo
1451 5421 1677 5483 utroque
1709 5413 1914 5466 descri-

339 5506 460 5570 ptus
514 5507 598 5552 est
633 5487 899 5568 Christus,
957 5519 1052 5560 seu
1089 5507 1156 5559 de
1191 5505 1304 5576 ipso
1341 5504 1685 5576 mysterium,
1724 5516 1915 5572 nempe

2023 4493 2098 4560 ὡς
2124 4496 2311 4566 ὅρασις
2341 4497 2530 4569 πυρός,
2558 4490 2812 4573 Ἕκάστῃ
2836 4501 2893 4554 δὲ
2915 4502 3023 4557 τῶν
3052 4507 3309 4562 τοιούτων
3333 4510 3602 4580 όράσεων,

2023 4585 2260 4659 ἔμφασίν
2297 4606 2418 4642 τινα
2442 4589 2600 4660 δόξης
2631 4591 2732 4662 τῆς
2757 4593 3120 4666 θεοπρεποῦς,
3167 4600 3262 4654 καὶ
3297 4606 3604 4676 μυστηρίου

2023 4676 2119 4730 τοῦ
2143 4677 2283 4730 κατά
2307 4678 2562 4749 Χριστὸν,
2593 4681 2826 4748 ἀστείως
2854 4685 2986 4756 ἡμῖν
3016 4689 3411 4747 ὑπαινίττεται.
3431 4695 3601 4750 Οὐδὲν

2023 4764 2117 4859 οὖν
2149 4770 2256 4840 ἄρα
2300 4769 2364 4822 τὸ
2398 4770 2604 4828 κωλύον
2647 4776 2749 4829 κάν
2795 4777 2968 4849 τούτῳ
3017 4784 3192 4846 νοεῖν,
3229 4784 3323 4839 ἐπὶ
3375 4788 3603 4859 νεφέλης

2025 4858 2235 4930 κούφης
2259 4860 2544 4915 τεθεᾶσθαι
2572 4864 2664 4918 τὸν
2701 4866 2907 4939 Κύριον
2929 4910 2944 4936 ,
2982 4874 3383 4943 χρειωδέστατά
3417 4895 3476 4932 τε
3508 4858 3604 4935 καὶ

2021 4949 2358 5041 άναγκαίως.
2416 4954 2751 5028 ’Δποπληροί
2795 4958 2900 5032 γὰρ
2955 4963 3090 5033 ἡμῖν
3121 4967 3154 5036 ἡ
3190 4968 3387 5041 νεφέλη
3430 4972 3603 5027 τύπον

2022 5040 2177 5096 ὑετοῦ
2213 5059 2271 5095 τε
2311 5044 2404 5097 καὶ
2430 5045 2623 5116 δρόσου
2668 5053 3064 5124 πνευματικῆς,
3092 5057 3186 5110 καὶ
3222 5040 3387 5113 αὑτοῦ
3422 5062 3478 5115 δὲ
3506 5064 3600 5116 τοῦ

2022 5133 2290 5205 σωτηρίου
2310 5134 2705 5207 βαπτίσματος.
2724 5142 2836 5195 Καὶ
2861 5143 3039 5212 γοῦνὸ
3068 5147 3338 5218 μακάριος
3365 5151 3598 5217 Παῦλος,

2022 5225 2148 5286 τοὺς
2178 5222 2238 5289 ἐξ
2258 5225 2485 5296 αἵματος
2524 5229 2738 5300 Ἰσραὴλ
2765 5229 3123 5301 βεϐαπτίσθαι
3159 5240 3322 5309 φησὶν
3353 5241 3411 5292 ὲν
3432 5244 3498 5311 τῇ
3523 5259 3604 5296 νεά

2025 5315 2161 5388 φέλῃ
2197 5318 2289 5370 καὶ
2320 5318 2376 5370 ὲν
2415 5321 2480 5388 τῇ
2513 5319 2784 5396 θαλάσσῃ·
2812 5325 3095 5398 ἐπήρτητο
3127 5332 3220 5382 καὶ
3247 5331 3346 5402 τὴν
3382 5331 3601 5402 βαθεῖαν

2021 5407 2239 5479 ἐκείνην
2283 5409 2788 5483 διαπεραιουμένοις
2834 5415 3061 5488 ἔρημον,
3113 5422 3172 5474 ἐν
3228 5423 3406 5498 ἡμέρᾳ
3437 5427 3598 5498 μὲνὴ

2022 5499 2217 5570 νεφέλη
2241 5517 2252 5530 ·
2283 5505 2574 5572 προηγεῖτο
2603 5504 2658 5558 δὲ
2683 5507 2775 5560 καὶ
2793 5511 2946 5562 νυκτὶ
2975 5511 3163 5577 στύλος
3188 5517 3375 5586 πυρός.
3414 5519 3600 5588 Ἐγρά-

419 5654 466 5686 ⁸⁸
506 5651 606 5710 Isa.
643 5666 718 5719 vn,
759 5655 876 5708 1-5.
953 5659 996 5690 ⁸¹
1041 5658 1174 5714 Dan.
1219 5676 1314 5727 vn,
1354 5662 1386 5717 9
1423 5678 1572 5733 seqq.
1651 5663 1694 5693 ⁸²
1738 5658 1923 5714 Εεσξυιιι

2057 5657 2081 5710 l
2127 5673 2277 5728 seqq.
2360 5662 2403 5693 ⁸³
2444 5663 2460 5716 Ι
2496 5658 2620 5716 Cor.
2665 5663 2770 5729 x,l
2818 5680 2968 5736 seqq.
