3962 6216
273 203 387 261 LS3

1409 204 1478 260 IN
1515 201 1750 261 ISAIAM
1795 200 1925 258 LIB.
1967 199 2036 256 11.
2078 199 2319 258 τοιιυε
2355 197 2449 257 Π.

3439 205 3544 265 ιειι

276 331 414 389 (pste
441 314 504 370 ἃ
527 313 598 370 δι’
625 314 827 386 ἀμφοῖν
861 315 888 368 ὁ
921 315 1178 388 Χριστος,
1212 317 1330 387 ἦτοι
1364 317 1425 370 τὸ
1461 317 1548 370 ἐπ’
1589 314 1740 385 αύτῷ
1766 331 1868 387 μυ-

1977 312 2058 367 illa
2089 313 2140 368 in
2175 313 2280 369 ﬁde
2313 322 2371 370 et
2401 322 2754 372 sacrosancto
2780 313 3111 388 baptismate
3133 314 3458 388 lustitlcatio
3489 329 3546 378 et

277 411 528 481 στήριον,
553 409 719 478 ἤγουν
743 408 818 472 ὡς
847 411 906 463 ὲν
932 409 1110 463 πίστει
1138 426 1195 463 τε
1226 410 1321 464 καὶ
1341 409 1482 482 ἁγίῳ
1510 409 1864 480 βαπτίσματι,

275 501 566 564 δικαίωσις
601 502 696 552 καὶ
719 501 1011 572 ἀγιασμός.
1062 503 1210 557 Ἔδει
1258 503 1436 556 τοίνυν
1475 502 1568 556 ἐπὶ
1601 499 1868 571 καθάρσει

275 608 335 644 τε
377 590 474 643 καὶ
516 588 789 661 μεταϐολῇ
836 589 984 646 ἰόντα
1019 591 1112 646 τὸν
1142 592 1347 664 Κύριον
1377 592 1485 646 τῶν
1532 589 1867 660 Αἰγυπτίων,

278 682 600 752 θεοπρεπῶς
623 681 681 734 δὲ
702 681 949 750 δηλονότι
981 682 1075 736 καὶ
1103 684 1331 755 νοητῶς,
1366 684 1460 737 ἐπὶ
1489 683 1720 754 νεφέλης
1740 681 1871 754 ὁρᾶ-

279 774 405 826 σθαι
439 773 672 843 κούφης.
708 775 784 827 Οὐ
823 773 930 847 γὰρ
956 771 1023 846 ἦν
1066 773 1267 846 ἑτέρως
1309 775 1724 847 ἀποσμήχεσθαι
1770 775 1869 845 τῆς

275 863 386 917 τῶν
421 865 793 935 πλανωμένων
825 866 1005 936 ψυχῆς
1035 868 1132 936 τὴν
1165 869 1565 940 ὲντετηγμὲνην
1599 869 1736 940 αὐτῇ
1767 885 1870 938 κη-

278 957 421 1020 λῖδα,
457 959 532 1030 μὴ
557 960 676 1029 οὐχὶ
710 959 797 1012 διὰ
821 960 914 1013 τοῦ
949 962 1106 1029 ἁγίου
1138 961 1532 1032 βαπτίσματος.
1567 955 1642 1016 Οὗ
1673 963 1766 1018 καὶ
1789 964 1869 1025 είς

279 1048 451 1102 τύπον
490 1049 589 1120 τὴν
643 1050 873 1120 νεφέλην
915 1045 1055 1105 εἶναι
1101 1052 1470 1123 διοριζόμεθα.
1514 1053 1707 1123 Κούφη
1745 1055 1800 1107 δὲ
1831 1055 1866 1126 ή

281 1140 481 1209 νεφέλη
518 1143 610 1192 καὶ
640 1140 783 1210 μάλα
829 1142 1054 1206 εἰκότως
1100 1141 1434 1213 ὠνόμασται.
1487 1144 1870 1216 Βαπτιζόμεθα

275 1233 392 1303 ’γὰρ
428 1234 508 1295 εἰς
536 1232 794 1285 ἀπόθεσιν
827 1233 1103 1304 ἁμαρτίας
1124 1273 1138 1297 ,
1188 1237 1284 1290 καὶ
1319 1235 1480 1289 οίονεί
1511 1254 1562 1289 τι
1585 1235 1869 1294 δυσδιακό-

283 1340 482 1393 μιστον
504 1322 719 1390 ἀληθῶς
750 1323 970 1394 φορτίον
1002 1324 1439 1396 ἀποτρεπόμενοι
1463 1326 1562 1395 τὴν
1590 1325 1866 1394 ἀσέϐειαν,

283 1413 586 1482 ὑπόπτεροι
614 1414 814 1482 τρόπον
849 1415 970 1468 τινὰ
991 1414 1080 1471 διὰ
1114 1414 1309 1468 τούτου
1337 1413 1598 1484 γινόμεθα
1618 1457 1631 1479 ,
1677 1417 1771 1470 καὶ
1802 1417 1870 1470 τὰ

280 1503 396 1554 ἂνω
420 1504 655 1572 φρονεῖν,
686 1502 893 1566 καὶτὰς
921 1503 1149 1574 καρδίας
1172 1503 1316 1574 ἔχειν
1345 1503 1478 1573 ὑψοῦ
1503 1505 1866 1578 μανθάνομεν.

1970 405 2355 464 sanctiﬁcatio.
2409 407 2646 464 Decebat
2689 409 2874 481 itaque
2941 410 3426 479 Dominum,,cum
3476 415 3546 470 ad

1970 497 2414 554 emundatiouem
2441 507 2499 554 et
2525 501 2876 556 mutationem
2913 501 3290 573 Egyptiorum
3332 517 3392 558 se
3415 518 3546 561 con-

1969 582 2157 649 ferret,
2192 582 2376 640 divino
2391 585 2599 641 scilicet
2620 595 2675 642 et
2701 587 2966 656 spirituali
3001 603 3176 657 more,
3200 590 3252 643 in
3274 589 3416 644 nube
3443 591 3546 646 levi

1969 688 2252 745 apparere.
2295 673 2414 731 Non
2469 678 2613 732 enim
2644 677 2760 734 ﬁeri
2791 679 2950 735 aliter
2989 689 3200 750 poterat
3228 690 3287 734 ut
3333 683 3545 736 macula

1969 770 2168 825 animis
2231 770 2570 840 peccantium
2647 785 2870 840 aspersa
2935 774 3380 841 ahstergeretur,
3442 774 3547 828 nisi

1969 871 2159 916 sancto
2182 858 2470 929 baptismo,
2507 861 2662 928 culus
2689 862 2914 932 figuram
2951 863 3144 918 nubem
3183 878 3304 918 esse
3348 865 3545 918 statui-

1971 968 2111 1007 mus.
2135 951 2304 1008 Porro
2327 951 2459 1006 levis
2483 954 2657 1006 nubes
2685 969 2789 1008 non
2820 967 2950 1008 sane
2990 954 3087 1008 abs
3116 969 3174 1008 re
3215 954 3544 1008 nominatur.

1970 1041 2104 1096 Nam
2131 1042 2399 1108 baptismo
2425 1044 2702 1111 tingimur,
2759 1052 2817 1097 ut
2848 1044 3192 1114 repudiemus
3229 1055 3281 1098 et
3310 1046 3544 1114 abnege-

1971 1148 2090 1186 mus
2117 1145 2418 1202 peccaturo,
2470 1144 2525 1188 et
2573 1135 2853 1204 impietate
2903 1151 2999 1189 ceu
3047 1149 3172 1190 vere
3222 1135 3543 1190 intolerabili

1971 1235 2134 1276 Onere
2169 1223 2390 1292 rejects,
2417 1223 2542 1277 alati
2578 1226 2975 1292 quodammodo
3001 1226 3122 1279 inde
3149 1224 3464 1290 alliciat-iur,
3491 1235 3543 1279 et

1967 1328 2094 1382 quae
2122 1329 2283 1381 supra
2310 1326 2434 1368 sunt
2461 1316 2723 1385 cogitare,
2757 1327 2809 1369 et
2839 1317 3003 1371 corda
3026 1316 3076 1369 iu
3121 1316 3226 1368 alto
3251 1315 3354 1368 ﬁxa
3378 1329 3430 1368 et
3466 1319 3541 1368 in«

1975 1413 2119 1458 tenta
2159 1405 2358 1466 habere
2421 1405 2714 1470 discamus.
2772 1406 2900 1460 Illud
2933 1422 3098 1470 vero,
3147 1408 3442 1461 Consulere
3492 1407 3542 1458 in

1973 1497 2114 1558 nube
2127 1496 2540 1561 Christummoc
2568 1506 2696 1564 puto
2725 1498 3117 1552 demonstrare.
3142 1497 3325 1552 Sessio
3353 1497 3433 1549 Vel
3465 1511 3548 1551 re-

281 1590 357 1643 Τό
374 1608 434 1658 γε
457 1591 564 1660 μὴν
598 1591 962 1661 ἐπικαθῆσθαι
988 1596 1053 1664 τῇ
1084 1593 1278 1665 νεφέλῃ
1303 1593 1394 1663 τὸν
1433 1595 1660 1668 Κύριον,
1695 1598 1870 1658 ἐκεῖνο

1977 1585 2153 1654 quieut
2181 1587 2336 1641 nobis
2361 1584 2536 1638 innuit
2567 1585 2648 1638 vel
2677 1594 3017 1654 potestatem.
3053 1585 3305 1640 Christus
3366 1585 3548 1652 itaque

281 1656 436 1753 οἶμαι
458 1656 692 1752 ήδηλοῦν·
749 1656 1118 1755 ἸΙ-κάθησιιςῆ
1148 1656 1486 1750 ἀνάπαυσιν,
1525 1656 1693 1758 ἦγουν
1718 1656 1869 1753 ἐξου-

1977 1692 2080 1740 non
2113 1676 2169 1739 in
2199 1677 2355 1746 legali
2402 1677 2550 1732 cultu
2593 1677 2897 1744 requiescet
2928 1692 3188 1743 unquam,
3233 1677 3326 1730 sed
3369 1683 3553 1746 potius

287 1774 408 1825 σίαν
448 1776 581 1842 ἡμῖν
617 1775 1013 1830 ύπαινίττεται.
1044 1775 1252 1830 Οὐκοῦν
1285 1777 1700 1831 ὲπαναπαύεται
1734 1780 1868 1847 Χρι-

285 1864 430 1925 στὸς,
453 1863 574 1934 οὒχί
596 1867 662 1935 τῇ
691 1865 831 1917 κατὰ
861 1866 1023 1935 νόμον
1041 1865 1268 1938 λατρεία
1290 1868 1452 1920 ποθὲν
1473 1909 1488 1934 ,
1511 1871 1568 1921 ὲν
1595 1869 1867 1932 τελειώσει

280 1953 342 2006 δὲ
377 1954 576 2023 μᾶλλον
618 1958 686 2026 τῇ
731 1955 820 2008 διὰ
849 1955 942 2008 τοῦ
990 1957 1145 2023 ἁγίου
1191 1957 1584 2028 βαπτίσματος.
1638 1959 1866 2014 Βεὸασί-

285 2042 449 2095 λευκε
474 2043 528 2095 δὲ
545 2042 687 2096 οὕτω
704 2044 811 2096 τῶν
830 2045 920 2096 ἐπὶ
941 2046 1040 2116 τῆς
1061 2045 1185 2114 γῆς.
1224 2046 1614 2116 Σεισθήσεσθαι
1641 2048 1698 2100 δέ
1735 2066 1868 2119 φησι

283 2132 352 2184 τὰ
373 2134 729 2205 χειροποίητα
752 2134 1031 2203 Αἰγύπτου
1059 2136 1166 2188 ἀπὸ
1195 2137 1485 2208 προσώπου
1510 2138 1697 2192 αὑτοῦ.
1714 2140 1870 2200 Ἀνα-

281 2222 630 2292 δεδειγμένου
651 2224 759 2296 γὰρ
783 2225 881 2294 ἤδη
905 2223 998 2276 τοῦ
1023 2225 1176 2293 ἁγίου
1202 2224 1595 2298 βαπτίσματος,
1616 2229 1708 2282 καὶ
1736 2229 1871 2300 Χρι-

287 2311 414 2364 στοῦ
455 2312 646 2365 λοιπὸν
694 2314 1133 2385 ἐπιλάμψαντος,
1169 2316 1321 2369 πᾶσά
1371 2335 1487 2381 πως
1535 2318 1772 2389 ἀνάγκη,
1802 2317 1872 2372 τὰ

282 2403 385 2474 τῆς
415 2403 651 2476 ἀρχαίας
689 2405 906 2475 ἀπάτης
941 2406 1297 2474 ἀφανίζεσθαι
1345 2408 1605 2474 παίγνια,
1648 2409 1872 2476 καὶτὰς

285 2495 379 2549 τοῦ
406 2494 662 2549 διαϐόλου
704 2498 934 2564 παγίδας
959 2499 1190 2569 ὁρᾶσθαι
1223 2499 1750 2570 συντεθραυσμένας.
1785 2501 1874 2554 Σε-

289 2587 599 2658 σαγήνευκε
624 2587 681 2641 δὲ
723 2588 858 2658 πρὸς
880 2588 1100 2660 ὀλεθρον
1132 2590 1222 2642 καὶ
1249 2589 1528 2644 ἀπώλειαν
1561 2591 1706 2648 ἆπαν
1751 2594 1870 2662 μὲν,

284 2676 361 2742 ὡς
391 2678 525 2742 ἔπος
554 2681 753 2742 εἰπεῖν,
789 2677 938 2743 ἔθνος
966 2694 1025 2732 τε
1070 2682 1160 2732 καὶ
1198 2681 1368 2748 γένος.
1403 2681 1641 2750 μάλιστα
1671 2682 1728 2734 δὲ
1765 2681 1872 2736 τῶν

291 2769 467 2824 ἄλλων
501 2771 631 2832 τοὺς
659 2769 1010 2838 Αἰγυπτίους.
1044 2772 1603 2841 Δεισιδαιμονέστατοι
1641 2771 1750 2844 γὰρ
1781 2789 1874 2841 γε·

290 2861 483 2928 γόνασι
511 2861 662 2934 παρᾶ
689 2861 812 2923 τοὺς
840 2861 1051 2924 ἄλλους,
1077 2863 1169 2913 καὶ
1198 2863 1338 2930 τάχα
1374 2877 1474 2916 που
1520 2862 1779 2925 νικῶντες
1815 2865 1872 2916 ὲν

1977 1767 2128 1829 inea
2161 1782 2281 1836 qua:
2331 1775 2412 1821 est
2452 1782 2546 1835 per
2600 1780 2816 1820 sacrum
2874 1767 3136 1834 baptisma
3196 1766 3546 1834 perfectione.

1977 1857 2068 1915 Sic
2096 1860 2260 1922 etiam
2301 1873 2524 1928 regnum
2569 1859 2622 1912 in
2647 1872 2736 1912 res
2765 1867 3011 1912 terrenas
3039 1858 3296 1912 obtinuit.
3331 1857 3545 1913 Concu-

1979 1951 2178 2006 tieutur
2202 1951 2414 2014 deinde,
2473 1951 2665 2018 inquit,
2701 1947 3006 2002 mattul'acta
3051 1946 3268 2018 Egypti
3327 1964 3356 2001 a
3411 1948 3555 2004 facie

1976 2041 2112 2109 ejus.
2142 2040 2390 2096 Exhibilo
2417 2041 2560 2094 enim
2581 2039 2690 2109 jam
2715 2052 2871 2092 sacro
2899 2037 3246 2106 baptismate,
3278 2046 3333 2091 et
3373 2037 3502 2092 Chri
3520 2066 3536 2077 -

1973 2143 2062 2194 sto
2083 2135 2334 2204 deinceps
2386 2137 2701 2202 irradiante,
2755 2135 3041 2190 inveterati
3094 2136 3301 2190 erroris
3343 2135 3550 2190 ludicra

1972 2226 2351 2282 ohscurari’et
2409 2242 2755 2294 evanescere,
2818 2237 2874 2282 et
2920 2226 3116 2282 diaboli
3175 2227 3393 2292 laqueos
3427 2243 3551 2297 per-

1973 2319 2157 2388 fringi,
2203 2321 2426 2374 omnino
2452 2332 2534 2374 est
2587 2335 2834 2376 necesse.
2865 2319 3102 2376 lrretivit
3150 2332 3352 2384 autem,
3381 2329 3439 2374 ut
3472 2323 3550 2374 sic

1972 2411 2222 2469 dixerim.
2255 2425 2469 2464 omnem
2500 2421 2711 2481 gentem
2747 2425 3026 2481 genusque
3053 2425 3214 2464 omne
3260 2416 3328 2464 ad
3358 2411 3550 2466 interi-

1974 2510 2085 2554 tum
2133 2512 2188 2556 et
2213 2501 2461 2564 exitium,
2518 2503 2755 2556 maxime
2797 2517 2925 2556 vero
2966 2517 3079 2570 pra:
3133 2504 3348 2558 caeteris
3377 2501 3554 2575 ΑΕΗ-ι

1972 2595 2134 2663 plios.
2161 2595 2326 2648 Erant
2362 2595 2560 2663 quippe
2599 2604 2796 2663 prater
2843 2603 3070 2648 ca-teros
3126 2595 3554 2664 superstitiosis-

1971 2685 2117 2749 simi,
2139 2692 2194 2737 et
2223 2681 2442 2753 quidem
2505 2683 2699 2737 Persas
2757 2683 2905 2751 ipsos
2965 2683 3326 2752 Assyriosque
3363 2698 3556 2738 errore

1974 2777 2240 2837 vicerunt,
2269 2773 2549 2842 Scriptura
2583 2773 2835 2828 videlicet
2886 2774 3147 2842 inspirata
3177 2774 3438 2828 divinitus
3485 2775 3554 2828 de

1975 2881 2038 2920 ea
2067 2865 2286 2933 regione
2316 2865 2552 2926 dicente,
2601 2879 2721 2918 eam
2775 2877 2896 2919 esse
2943 2873 3140 2918 terram
3197 2864 3548 2932 sculptilium.

290 2952 471 3025 πλάνῃ
506 2953 718 3022 Πέρσας
751 2969 809 3005 τε
852 2953 945 3006 καὶ
985 2952 1302 3022 Ἀσσυρίους
1327 2969 1340 2982 ο
1391 2953 1568 3006 καίτοι
1613 2955 1708 3025 τῆς
1757 2952 1873 3006 θεο-

1979 2958 2113 3010 Dicit
2153 2971 2312 3026 porro
2337 2971 2431 3011 cor
2447 2953 2822 3025 Egyptiorum
2869 2954 3226 3021 deiecturum,
3268 2954 3550 3023 nimirum,

291 3042 558 3096 πνεύστον
582 3043 804 3115 Γραφῆς
844 3059 908 3095 πε
919 3044 971 3112 pi.
996 3044 1094 3113 τῆς
1129 3042 1351 3096 ἐκείνων
1373 3043 1636 3114 λεγούσης
1670 3043 1872 3114 χώρας,

1979 3059 2035 3102 ιιι
2061 3065 2158 3120 ego
2181 3049 2396 3116 quidem
2417 3048 2692 3111 existimo,
2746 3045 2901 3100 cedet
2930 3045 3259 3116 evangelicae
3286 3047 3549 3116 praedica-

290 3137 371 3189 ὅτι
405 3136 479 3206 γῆ
503 3135 757 3203 γλυπτῶν
784 3139 956 3188 ἐστιν.
1001 3135 1430 3206 Ἠττηθήσεσθαι
1454 3137 1511 3190 δὲ
1536 3139 1632 3207 τὴν
1654 3139 1878 3208 καρδίαν

292 3223 396 3278 τῶν
426 3225 742 3291 Αἰγυπτίων
763 3225 946 3295 φησὶν,
979 3228 1482 3297 παραχωρήσασαν,
1511 3227 1586 3288 ῶς
1617 3245 1680 3296 γε
1703 3224 1875 3297 οἶμαι,

291 3316 351 3368 τὸ
377 3315 578 3387 χρῆναι
611 3316 765 3386 νικᾷν
792 3318 902 3379 τοῖς
935 3317 1308 3385 εύαγγελικοῖς
1342 3318 1682 3389 κηρύγμασι,
1703 3319 1877 3372 καίτοι

291 3408 461 3461 πάλαι
485 3405 755 3476 θεομάχον
785 3401 970 3469 οὖσαν,
1000 3409 1092 3459 καὶ
1125 3411 1236 3470 τοῖς
1273 3408 1370 3478 τῆς
1406 3409 1664 3479 ἀληθείας
1693 3407 1880 3472 ἀντεξ-

292 3496 533 3565 ἁγουσαν
570 3496 770 3564 λόγοις.
820 3496 1142 3569 Εὑρήσομεν
1183 3494 1276 3551 οὖν
1302 3498 1393 3551 τὸν
1422 3498 1619 3569 Φαραὼ
1644 3497 1882 3552 τοιοῦτον

291 3592 420 3646 ὅντα
445 3589 652 3659 σαφῶς.
701 3589 760 3642 ’0
783 3589 881 3660 μὲν
906 3589 1013 3661 γὰρ
1039 3589 1361 3660 ἱεροφάντης
1397 3591 1601 3659 Μωσῆς
1647 3588 1883 3657 ἔφασκεν

290 3679 570 3756 ἐναργῶς·
607 3700 630 3755 ¹ι
671 3681 731 3734 ’0
761 3679 892 3743 Θεὸς
910 3681 1018 3733 τῶν
1058 3680 1327 3754 Ἑϐραίων
1363 3680 1705 3735 ἀπέσταλκεν
1737 3680 1883 3751 ἡμᾶς

290 3771 434 3846 πρὸς
460 3771 546 3840 σὲ,
573 3770 746 3841 λέγων
765 3787 780 3802 ο
809 3769 1222 3836 Ἐξαπόστειλον
1246 3771 1336 3824 τὸν
1362 3771 1489 3826 λαόν
1515 3789 1640 3842 μου,
1673 3770 1758 3823 ἵνα
1795 3770 1884 3830 λα-

289 3863 564 3937 τρεύσωσί
613 3879 704 3936 μοι
740 3863 798 3916 ὲν
841 3865 907 3933 τῇ
952 3863 1164 3934 ἐρήμῳ.
1213 3881 1231 3914 s
1279 3863 1336 3917 Ὀ
1376 3863 1432 3916 δὲ
1475 3863 1612 3934 πρὸς
1645 3861 1874 3926 αὐτούς·

298 3973 318 4007 ε
339 3953 438 4018 Τίς
467 3955 611 4007 ἐστιν
629 3991 645 4017 ,
671 3945 734 4005 οὗ
769 3950 1153 4020 εἰσακούσομαι
1181 3950 1282 4021 τῆς
1312 3951 1494 4024 φωνῆς
1525 3950 1690 4006 αὑτοῦ
1714 3967 1729 4017 ;
1762 3951 1876 4005 Ούκ

293 4042 411 4100 οἶδα
431 4045 524 4098 τδν
551 4044 774 4114 Κύριον,
804 4043 897 4096 καὶ
930 4043 1022 4095 τὸν
1079 4042 1295 4115 Ἰσραὴλ
1347 4043 1447 4096 οὐκ
1475 4042 1810 4097 ἀποστέλλω.
1848 4061 1867 4096 ι

1981 3139 2139 3200 tioni,
2192 3149 2250 3192 ut
2289 3140 2496 3207 primas
2546 3138 2686 3191 ferat
2723 3147 2780 3190 et
2822 3137 3066 3203 evincat,
3104 3138 3202 3191 etsi
3258 3137 3387 3192 olim
3428 3153 3551 3193 cum

1975 3229 2090 3286 Dro
2144 3228 2448 3296 bellaverit,
2499 3236 2556 3282 et
2600 3227 2814 3284 veritati
2864 3228 3185 3282 obstiterit:
3221 3228 3378 3283 talem
3431 3244 3551 3285 esse

1979 3321 2311 3374 Pharaonem
2345 3319 2627 3374 manifeste
2653 3318 2818 3391 284
2843 3320 3199 3375 inveniemus.
3219 3320 3391 3374 Moses
3409 3323 3551 3378 enim

1978 3427 2254 3464 sacrorum
2305 3413 2531 3465 antistes
2587 3421 2775 3478 aperte
2827 3413 3007 3465 dixit:
3052 3430 3070 3462 ι
3125 3412 3262 3465 Deus
3305 3409 3556 3466 Ηυίινωοο

1983 3516 2098 3554 rum
2156 3501 2305 3555 misit
2351 3517 2452 3556 nos
2497 3502 2564 3554 ad
2599 3511 2672 3566 te,
2728 3502 2913 3556 dicens
2966 3518 2979 3553 :
3031 3501 3252 3556 Dimitte
3300 3501 3551 3569 populum

1981 3606 2155 3654 meum
2176 3601 2233 3644 ut
2253 3592 2492 3646 serviant
2511 3593 2642 3646 mihi
2664 3594 2716 3646 in
2739 3606 2973 3646 eremo.»
3001 3590 3206 3657 Quibus
3230 3591 3348 3645 ille:
3367 3608 3386 3642 ι
3419 3591 3553 3656 Quis

1980 3681 2100 3736 est?
2119 3699 2138 3735 ›
2165 3680 2356 3751 inquit.
2386 3699 2406 3734 ι
2425 3680 2542 3736 Non
2567 3681 2780 3736 audiam
2795 3696 2980 3735 vocem
3005 3683 3152 3750 ejus’;
3171 3697 3275 3736 non
3299 3684 3418 3735 novi
3445 3681 3554 3736 Do-

1982 3775 2210 3840 minum,
2235 3773 2560 3832 etlsraelem
2588 3788 2691 3826 non
2719 3771 3088 3827 dimittam”.
3123 3790 3141 3823 ι
3183 3773 3407 3827 Deﬁciet
3454 3773 3558 3842 igi¢

1985 3874 2072 3926 tur
2092 3880 2188 3920 cor
2218 3877 2406 3922 eorum
2441 3864 2493 3919 In
2525 3864 2678 3932 ipsis,
2693 3863 2744 3918 id
2774 3872 2876 3927 est,
2910 3877 3015 3917 non
3038 3861 3146 3916 erit
3175 3862 3555 3917 reiractarinm

1981 3959 2036 4006 et
2068 3953 2336 4020 pertinax,
2382 3966 2486 4006 non
2521 3951 2714 4005 durum
2762 3950 3245 4008 etinemendabile
3291 3952 3551 4020 manebis,

1981 4041 2076 4096 sed
2116 4041 2554 4112 praedicationem
2585 4041 2764 4111 potius
2788 4039 3078 4094 salutarem
3106 4038 3373 4095 admittet.

306 4138 699 4207 Ἦττηθήσεται
729 4135 836 4204 γὰρ
870 4135 902 4204 ἡ
939 4133 1134 4203 καρδία
1172 4135 1349 4187 αὐτῶν
1379 4135 1435 4186 ἐν
1475 4135 1681 4197 αὐτοῖς,
1716 4134 1861 4187 τοῦτ⁹
1893 4132 2064 4201 ἔστιν,
2094 4132 2195 4187 οὐκ
2249 4133 2576 4204 ἄθραυστος,
2611 4131 2732 4186 οὐδὲ
2775 4129 2987 4201 σκληρὰ
3009 4171 3024 4196 ,
3065 4131 3163 4185 καὶ
3199 4129 3560 4202 ἀνουθέτητος

289 4229 568 4300 διαμενεῖ·
598 4225 955 4296 παραδέξεται
985 4226 1041 4282 δὲ
1079 4226 1276 4295 μᾶλλον
1309 4226 1370 4280 τὸ
1404 4226 1667 4297 σωτήριον
1692 4227 1970 4298 κήρυγμα.

365 4320 480 4384 Καὶ
551 4317 1052 4387 ἐπεγερθήσονται
1121 4318 1427 4388 Αἰγύπτιοι
1497 4317 1648 4384 πρὸς
1710 4320 1873 4385 Αιγυ-

2054 4316 2217 4374 Vnus.
2248 4317 2306 4383 2,
2354 4316 2408 4372 5.
2461 4312 2530 4368 Et
2575 4317 2974 4370 comitabuntur
3013 4312 3253 4384 Eggplii
3305 4315 3560 4372 adversus

292 4413 530 4477 πτίους,
553 4409 650 4464 καί
673 4409 1000 4477 πολεμήσει
1023 4407 1331 4477 ἅνθρωπος
1353 4408 1461 4462 τὸν
1479 4407 1750 4477 ἀδελφὸν
1775 4411 1882 4462 αὐτ

290 4505 422 4562 τοῦ.
449 4503 546 4556 καί
581 4503 892 4569 ἄνθρωπος
925 4499 1031 4553 τόν
1056 4500 1326 4568 πλησίον
1355 4498 1564 4556 αὑτοῦ.
1606 4499 1714 4554 Καὶ
1772 4500 1878 4554 ἐπ-

289 4595 682 4666 εγερθήσεται
725 4595 904 4657 πόλις
941 4591 1037 4644 ἐπὶ
1065 4592 1247 4645 πόλιν
1267 4630 1282 4655 ,
1319 4592 1417 4647 καὶ
1440 4592 1625 4662 νομὸς
1657 4593 1753 4645 ἐπὶ
1781 4609 1880 4647 νο-

280 4689 408 4756 μόν
433 4685 532 4756 (1).
567 4683 679 4739 Καὶ
711 4679 1144 4751 ταραχθήσεται
1188 4681 1256 4735 τὸ
1290 4682 1526 4752 πνεῦμα
1562 4681 1682 4736 τῶν
1701 4685 1878 4753 Αιγυ-

285 4779 482 4830 πτίων
510 4777 580 4830 ἐν
602 4773 826 4840 αὐτοῖς,
860 4773 958 4828 καί
988 4772 1103 4843 τὴν
1134 4773 1381 4842 βουλὴν
1411 4772 1611 4828 αὐτῶν
1640 4773 1874 4829 διασκε-

283 4867 480 4920 ὄάσω.

327 5021 329 5024 ι
363 4955 556 5018 Τοῦτο,
597 4949 769 5026 οἶμαι,
799 4953 946 5007 ἐστὶν
963 4955 1205 5025 ἐναργῶς
1233 4953 1418 5026 ἕτερον
1444 4953 1619 5020 οὐδὲν,
1646 4954 1679 5026 ἦ
1708 4955 1883 5008 ἐκεῖνό

285 5066 396 5100 που
440 5048 657 5110 πάντως
703 5047 838 5117 ὅπερ
873 5046 976 5117 ἔφη
1005 5046 1238 5118 Χριστός
1262 5063 1277 5078 ο
1314 5065 1332 5098 t
1379 5047 1470 5118 Μὴ
1513 5046 1771 5117 νομίσητε
1800 5047 1881 5100 ὅτι

282 5137 457 5213 ἦλθον
488 5138 669 5209 βαλεῖν
696 5139 915 5208 εἰρήνην
947 5139 1038 5190 ἐπὶ
1061 5138 1155 5210 τὴν
1185 5139 1287 5210 γῆν
1307 5152 1322 5167 ⁸
1364 5139 1464 5192 οὐκ
1497 5133 1660 5210 ἦλθον
1701 5139 1881 5210 βαλεῖν

284 5234 537 5306 εἰρήνην,
565 5231 700 5284 ἀλλὰ.
734 5232 1026 5302 μάχαιραν.
1057 5226 1260 5285 Ἦλθον
1291 5231 1398 5303 γὰρ
1430 5229 1647 5301 διχάσαι
1669 5229 1881 5303 ἄνθρω-

360 5388 412 5421 ⁵⁵
448 5387 620 5442 Exod.
657 5401 709 5452 v,
748 5387 800 5445 2.
838 5387 892 5445 ’5.

367 5567 444 5635 (Ι)
475 5564 639 5629 LXX,
678 5563 836 5634 νόμος
874 5563 962 5615 ἐπὶ
989 5562 1173 5634 νόμον,
1207 5562 1289 5616 (ea:
1332 5563 1382 5616 in
1418 5561 1602 5632 legem.

1985 4408 2287 4480 Egyptios,
2332 4417 2380 4460 et
2437 4407 2747 4476 oppugnabit
2798 4405 2951 4458 homo
3010 4404 3228 4473 fratrem
3282 4420 3453 4469 suum,
3505 4413 3555 4458 ει

1983 4504 2138 4555 homo
2167 4500 2394 4565 uicinum
2425 4514 2600 4558 suum.
2639 4496 2704 4550 Et
2745 4495 3098 4550 comitabitur
3148 4498 3326 4551 cit-itas
3374 4508 3560 4554 contra

1983 4593 2269 4656 civitatem,
2302 4601 2348 4646 et
2371 4589 2681 4660 prafectura
2709 4588 3170 4657 iuprwﬂcturam.
3205 4586 3556 4644 Conturbabi-

1984 4693 2071 4738 tur
2103 4682 2325 4751 spiritus
2349 4679 2726 4750 ﬁgyiitiorum
2753 4681 2805 4734 in
2823 4680 2974 4749 ipsis,
2995 4688 3042 4732 et
3077 4679 3350 4734 consilium
3377 4690 3560 4734 eorum

1980 4774 2268 4844 dissipabo.

2057 4950 2171 5006 Hoc
2208 4949 2365 5020 plane
2403 4948 2547 5005 aliud
2594 4946 2729 5004 nihil
2767 4953 2874 5010 est,
2927 4945 3184 5007 arbitror,
3223 4955 3382 5010 quam
3415 4940 3555 5008 quod

1984 5045 2123 5101 dixit
2147 5044 2396 5102 Christus
2433 5059 2454 5098 ι
2486 5059 2506 5094 ι
2537 5039 2714 5096 Nolite
2748 5049 2940 5109 putare
2980 5051 3065 5091 me
3097 5035 3308 5094 venisse
3338 5031 3406 5085 ad
3441 5033 3568 5085 mita

1986 5137 2205 5194 tendum
2236 5151 2423 5206 pacem
2471 5135 2524 5190 in
2574 5142 2798 5202 terram;
2829 5146 2938 5186 non
2971 5128 3090 5185 veni
3132 5137 3191 5181 ut
3218 5125 3430 5185 mittam
3461 5139 3559 5193 ρει-ο

1983 5245 2124 5300 ccm,
2151 5231 2244 5294 sed
2269 5228 2530 5300 gladium.
2585 5226 2715 5283 Veni
2753 5222 2898 5280 enim
2945 5229 3005 5276 ut
3049 5217 3314 5278 dissidere
3361 5214 3563 5272 iaciam

3317 5439 3349 5460 αθ
