4026 6210
429 296 534 354 855

1418 295 1473 350 S.
1517 290 1792 350 CYRILIJ
1835 288 2306 350 ALEXANDHINI
2344 290 2669 352 ARCHIEP.

3589 297 3691 357 4‘36

431 407 704 465 hominem
734 415 923 464 contra
979 415 1185 477 patrem
1243 421 1426 474 suum,
1490 417 1545 461 et
1601 408 1767 463 tiliam
1813 417 2000 464 contra

2107 426 2208 463 πον
2240 409 2380 463 κατὰ
2412 409 2508 463 τοῦ
2539 411 2744 481 πατρὸς
2770 408 2960 477 αὑτοῦ,
2986 410 3081 465 καὶ
3124 411 3398 484 θυγατέρα
3432 416 3572 468 κατὰ
3597 418 3694 488 τῆς

428 512 657 556 mmrem
690 516 862 564 suam,
886 512 947 557 εἰ
985 515 1178 554 nurum
1220 509 1410 555 contra
1468 515 1682 555 socrum
1723 516 1899 567 suam,
1951 509 2008 556 et

432 592 635 646 inimici
668 606 863 646 omnes
893 592 1138 645 homines
1163 592 1254 660 qui
1286 591 1342 645 in
1370 594 1531 646 domo
1560 590 1679 662 ejus
1723 603 1846 647 sunt
1879 592 1950 646 ⁸⁸.
1982 610 2001 644 ι

428 681 767 738 Proclamata
801 681 944 735 enim
968 682 1149 734 divina
1184 692 1234 735 et
1267 683 1577 753 evangelica
1604 685 2006 752 praedicatione,

427 771 777 826 observantia
823 787 948 840 erga
1001 783 1257 841 parentes
1304 774 1631 841 posthabita,
1686 775 1902 829 inimica
1945 790 2010 830 ac

432 860 605 916 invisa
639 861 770 930 ipsis
815 861 1120 928 cogitarunt
1174 863 1439 926 homines,
1505 871 1561 917 et
1605 863 1752 918 hei-lo
1804 874 2007 919 tantum

427 966 536 1004 non
576 966 677 1019 pro
711 951 829 1019 lege
875 954 1187 1016 concitato,
1241 952 1293 1005 in
1341 951 1540 1008 fratres
1576 953 2005 1009 insurrexerunt.

428 1041 506 1095 Illi
545 1043 693 1096 enim
728 1043 1032 1097 inveterato
1060 1042 1396 1111 indulgentes
1430 1045 1627 1108 errori,
1652 1054 1710 1099 et
1733 1045 1799 1099 ad
1842 1044 2011 1100 idolo-

428 1149 549 1187 rum
592 1132 918 1200 imposturas
951 1131 1138 1185 etfreni
1173 1147 1332 1186 cursu
1369 1144 1711 1201 proruentes,
1736 1135 1861 1189 ﬁdei
1894 1151 2010 1191 ser-

434 1239 649 1277 monem
703 1236 808 1275 non
843 1222 1133 1291 recipiunt.
1172 1221 1239 1276 lli
1274 1231 1453 1277 autem
1498 1223 1782 1279 ridiculqu
1814 1235 1871 1279 et
1909 1227 2011 1281 im-

428 1313 575 1380 pium
624 1312 842 1366 omnino
873 1316 999 1375 rati,
1028 1312 1162 1366 velle
1195 1313 1322 1366 deos
1372 1328 1402 1365 a
1452 1327 1511 1366 se
1561 1313 1856 1370 fabricatos
1915 1316 2010 1369 ad-

428 1418 608 1466 orare,
657 1405 723 1457 ad
755 1403 999 1457 veritatis
1024 1417 1300 1457 sermones
1352 1402 1725 1469 eonvolarunt,
1775 1411 1830 1459 et
1880 1419 2009 1460 cum

433 1494 563 1548 olim
593 1496 748 1564 longe
781 1494 1054 1558 abessent,
1095 1492 1224 1548 facti
1256 1502 1381 1548 sunt
1406 1495 1717 1566 propinqui,
1746 1506 1802 1551 et
1833 1496 2011 1552 decla-

442 1583 545 1635 rati
576 1598 672 1651 per
703 1582 862 1636 fidem
902 1582 1183 1636 domestici
1221 1581 1443 1650 Christi,
1480 1597 1546 1636 ac
1587 1583 1786 1649 intimi,
1820 1594 1874 1639 et
1897 1584 2011 1655 spei

429 1682 739 1727 sanctorum
779 1682 833 1726 et
858 1672 978 1726 fidei
1007 1674 1060 1725 in
1094 1671 1347 1726 saeculum
1382 1673 1656 1729 duratum
1684 1676 1870 1745 scripti
1897 1676 2010 1731 hae-

2112 496 2316 568 μητρὸς
2344 499 2534 568 αὐτῆς,
2552 501 2647 552 καὶ
2676 500 2897 571 νύμφην
2912 500 3053 555 κατὰ
3077 502 3176 572 τῆς
3214 504 3480 575 πενθερᾶς
3500 508 3690 579 αὑτῆς·

2107 589 2204 642 καὶ⁵
2256 589 2440 659 ἐχθροὶ
2474 590 2675 653 πάντες
2699 593 2748 644 οί
2777 592 2969 663 ἄνδρες
2998 594 3047 645 oi
3081 595 3138 646 ὲν
3165 594 3241 664 τῷ
3266 595 3400 665 οἴκῳ
3438 592 3626 654 αὺτοῦ.
3668 619 3688 652 ο

2122 679 2591 750 Ἀναφωνηθέντος
2609 680 2719 752 γὰρ
2741 680 2840 753 ἤδη
2862 682 2955 736 τοῦ
2978 683 3121 736 Θείου
3142 698 3203 737 τε
3224 686 3318 738 καὶ
3339 687 3694 756 εύαγγελικου

2108 772 2484 844 κηρύγματος,
2526 775 2621 829 καὶ
2643 776 2743 845 τῆς
2771 776 2852 838 εἰς
2871 776 3065 843 γονέας
3093 777 3270 840 αἰδοῦς
3309 778 3694 852 κατημεληκό-

2108 879 2199 927 τες
2227 862 2526 935 ἄνθρωποι,
2562 867 2969 937 πεφρονήκασιν
3006 867 3177 938 ἐχθρὰ
3206 870 3302 922 καὶ
3345 872 3699 941 μεμισημένα

2111 953 2316 1017 αὐτοῖς,
2334 953 2429 1007 καὶ
2455 956 2738 1025 μονονουχὶ
2754 955 2846 1009 τὸν
2869 955 3107 1026 πολέμου
3130 958 3295 1028 νόμον
3314 957 3691 1032 ἐξηρτυμένοι,

2110 1046 2585 1117 κατεξανὼτησαν
2625 1047 2890 1116 ἀδελφῶν.
2948 1050 3011 1102 Ui
3065 1048 3165 1119 μὲν
3222 1050 3332 1120 γὰρ
3372 1055 3440 1123 τῇ
3488 1050 3699 1126 ἀρχαίᾳ

2112 1136 2563 1207 συναγορεύοντες
2594 1138 2791 1210 πλάνῃ,
2827 1138 2921 1193 καὶ
2959 1142 3081 1203 ταῖς
3131 1141 3239 1194 τῶν
3283 1142 3515 1198 εἰδώλων
3545 1142 3696 1199 ἀπᾶ-

2108 1245 2230 1292 ταις
2254 1229 2524 1299 ἀχαλίνως
2562 1231 3037 1300 προσνενεοκότες,
3062 1232 3440 1303 ἀπαράδεκτον
3469 1235 3692 1292 ποιοῦνσ

2109 1339 2200 1375 ται
2235 1322 2327 1375 τὸν
2363 1322 2465 1392 τῆς
2511 1323 2749 1386 πίστεως
2784 1323 2959 1393 λόγον.
3005 1326 3068 1378 Oi
3111 1325 3171 1379 δὲ
3212 1329 3611 1396 καταγέλαστόν
3640 1345 3696 1386 ’τι

2110 1410 2305 1482 χρῆμα
2333 1411 2428 1465 καὶ
2472 1411 2687 1465 ἀνόσιον
2731 1412 3011 1477 παντελῶς
3050 1412 3342 1486 ἡγούμενοι
3366 1419 3694 1489 προελέσθαι

2111 1503 2437 1572 προσκυνεῖν
2472 1505 2587 1566 τοῖς
2619 1506 2750 1574 παρ’
2777 1503 2956 1558 αὐτῶν
2983 1509 3497 1579 τεχνουργουμένοις
3527 1512 3690 1579 θεοῖς,

2110 1596 2223 1656 τοῖς
2256 1593 2362 1664 τῆς
2394 1593 2654 1664 ἀληθείας
2677 1594 3196 1667 προσδεδραμήκασι
3233 1599 3410 1668 λόγοις
3432 1641 3448 1666 ,
3473 1605 3566 1656 καὶ
3589 1623 3694 1675 μα-

2110 1685 2251 1757 κρὰν
2283 1686 2435 1750 ὄντες
2464 1687 2613 1750 ποτὲ,
2644 1687 2930 1755 γεγόνασιν
2951 1688 3138 1758 ἐγγὺς,
3158 1690 3252 1743 καὶ
3267 1693 3453 1746 οἰκεῖοι
3481 1693 3569 1748 διὰ
3594 1695 3693 1765 τῆς

431 1766 609 1818 redes.
641 1762 930 1818 Concussis
959 1763 1142 1832 igitur,
1173 1763 1267 1830 ait,
1300 1764 1627 1820 manufactis
1672 1764 1914 1838 Egypti,
1944 1783 2002 1823 eo

2113 1777 2351 1841 πίστεως
2383 1776 2817 1850 ἀναδεδειγμένοι
2868 1757 3127 1851 Χριστοῦ,
3187 1783 3319 1837 είσω
3350 1801 3408 1838 τε
3436 1757 3693 1856 γεγόνασι

430 1854 572 1922 quod
597 1853 661 1905 ad
689 1868 807 1907 eam
838 1854 1020 1907 veniat
1048 1853 1307 1909 Domitius
1350 1855 1403 1910 iu
1443 1856 1586 1911 nube
1634 1857 1761 1921 levi,
1815 1873 2011 1927 magna

427 1944 532 1997 erit
568 1942 894 1998 familiarum
942 1954 997 2000 et
1043 1954 1394 2014 cognatorum
1438 1947 1725 2017 dissensio,
1770 1958 1825 2004 et
1851 1949 2007 2016 bella,

429 2041 541 2085 tum
567 2033 903 2102 singulorum
925 2073 940 2098 ,
982 2044 1090 2088 tum
1131 2035 1504 2091 universorum
1558 2056 1572 2092 :
1625 2039 1697 2092 ita
1735 2047 1794 2094 ut
1822 2040 2012 2096 civitas

427 2123 483 2178 in
509 2124 810 2189 civitatem,
845 2123 1169 2191 praefectura
1207 2126 1261 2181 in
1291 2127 1664 2196 praefecturam
1693 2131 2010 2200 impressio-

427 2228 554 2267 nem
588 2214 662 2269 sit
706 2213 935 2268 factura.
976 2214 1179 2273 Nomus
1220 2201 1411 2273 autem.
1444 2220 1643 2274 dicitur
1688 2220 1757 2275 ab
1791 2220 1875 2275 liis
1918 2221 2011 2290 qui

429 2304 709 2371 regionem
740 2302 1122 2376 Egyptiorum
1173 2309 1338 2380 285
1378 2311 1640 2377 incolunt,
1680 2327 2011 2382 unaquaeque

427 2392 619 2446 civitas
660 2400 714 2448 et
754 2396 920 2451 vicini
965 2398 1102 2467 agri,
1142 2409 1198 2454 et
1242 2402 1360 2471 pagi
1402 2404 1492 2470 qui
1527 2404 1575 2456 ei
1636 2404 1887 2468 subsunt,
1943 2418 2011 2459 ac

431 2479 559 2531 trita
596 2490 682 2534 est
720 2481 860 2550 apud
895 2498 990 2539 eos
1020 2487 1135 2540 haec
1172 2488 1361 2544 dictio.
1396 2490 1600 2546 Deinde
1621 2491 1698 2545 ait
1743 2508 1758 2545 :
1794 2492 2007 2547 Turba-

427 2569 575 2625 hitur
623 2572 851 2641 spiritus
892 2574 1272 2646 Egyptiorum
1324 2579 1378 2634 in
1425 2579 1578 2649 ipsis,
1627 2591 1685 2636 et
1721 2582 2008 2638 consilium

427 2677 616 2718 eorum
653 2665 947 2734 dissipabo.
983 2668 1226 2726 Dicimus
1264 2680 1446 2727 autem
1476 2675 1618 2743 quod
1650 2689 1775 2729 cum
1826 2676 2004 2731 diver-

429 2755 505 2810 sis
545 2757 876 2813 dissidereut
928 2761 1294 2830 opinionibus,
1342 2748 1652 2819 tumultuati
1708 2775 1838 2822 sunt
1897 2782 2004 2823 non

427 2847 821 2905 mediocriter:
852 2851 950 2907 sed
1003 2868 1124 2908 cum
1176 2856 1381 2910 seducti
1438 2856 1623 2912 turbas
1680 2858 2001 2924 excitarent,

427 2944 484 2989 et
509 2937 646 2993 bella
675 2948 866 2994 contra
901 2943 1210 3008 credentes,
1258 2946 1625 3001 universitatis
1682 2948 1850 3003 Deum
1891 2949 2006 3005 bel-

425 3024 627 3082 lantem
668 3045 790 3085 cum
823 3030 959 3101 ipsis
993 3042 1047 3089 et
1078 3045 1464 3105 repugnantem
1504 3037 1799 3094 invenient.
1837 3040 2004 3096 Dissi-

2112 1871 2213 1941 τῆς
2238 1870 2348 1924 τῶν
2371 1870 2543 1939 ἁγίων
2566 1871 2798 1934 ἐλπίδος,
2825 1872 2921 1927 καὶ
2944 1872 3270 1945 κληρονόμοι
3298 1876 3560 1932 τέθεινται
3590 1877 3695 1947 τῆς

2110 1962 2191 2025 είς
2210 1961 2383 2016 αἰῶνα
2409 1960 2575 2034 ζωῆς,
2616 1963 3144 2035 Κατασεσεισμένων
3163 1965 3363 2031 τοίνυν,
3406 1970 3560 2039 φησὶ,
3584 1972 3693 2024 τῶν

2110 2054 2504 2124 χειροποιήτων
2557 2053 2861 2121 Αἰγύπτου,
2914 2054 3005 2108 διὰ
3032 2054 3092 2109 τὸ
3120 2053 3296 2111 ἐλθεῖν
3346 2059 3407 2112 ἐν
3438 2057 3573 2131 αὐτῇ
3600 2060 3693 2112 τὸν

2110 2144 2315 2214 Κύριον
2342 2143 2436 2197 ἐπὶ
2453 2142 2683 2215 νεφέλης
2700 2143 2933 2216 κούφης,
2967 2146 3333 2210 ἐπανάστασις
3352 2146 3502 2203 ἔσται
3523 2144 3693 2219 πολλὴ

2110 2235 2205 2288 καὶ
2236 2234 2450 2289 οἰκείων
2482 2235 2578 2289 καὶ
2607 2235 2908 2304 συγγενῶν,
2967 2237 3063 2291 καλ⁵
3112 2235 3238 2292 καθ’
3280 2239 3379 2292 ἕνα
3424 2240 3518 2293 καὶ
3548 2241 3693 2294 κατὰ

2110 2325 2322 2397 πληθὺν
2382 2325 2432 2380 οἱ
2480 2326 2729 2398 πόλεμοι,
2775 2325 2917 2381 ὥστε
2951 2330 3045 2383 καὶ
3077 2328 3230 2383 πόλιν
3279 2331 3375 2384 καὶ
3409 2331 3571 2403 νομὸν
3597 2332 3692 2386 επὶ

2109 2414 2272 2482 νομὸν
2296 2417 2563 2470 ποιεῖσθαι
2588 2416 2685 2480 τὰς
2715 2418 2955 2487 ἐφόδους.
2985 2419 3167 2490 Νομὸς
3196 2421 3254 2474 δὲ
3280 2420 3494 2491 λέγεται
3539 2423 3693 2494 παρὰ

2106 2507 2223 2569 τοῖς
2248 2506 2349 2576 τὴν
2373 2507 2689 2576 Αἰγυπτίων
2726 2508 2933 2563 οἰκοῦσι
2956 2506 3158 2582 χώραν,
3183 2510 3387 2581 ἑκάστη
3419 2510 3569 2575 πόλις
3593 2510 3694 2566 καὶ

2108 2599 2165 2653 at
2192 2600 2523 2669 περιοικίδες
2542 2601 2714 2672 αὐτῆς
2756 2601 2851 2657 καὶ
2876 2604 2933 2655 αἱ
2958 2602 3050 2655 ὑπ’
3073 2603 3211 2674 αὐτῇ
3232 2602 3452 2675 κῶμαι·
3481 2604 3576 2659 καὶ
3602 2601 3696 2659 τέ-

2105 2704 2331 2760 τριπται
2357 2691 2486 2761 παρ’
2517 2691 2703 2756 αὐτοῖς
2727 2694 2761 2762 ὴ
2792 2691 2967 2746 τοιάδε
2994 2694 3166 2765 φωνή.
3210 2689 3348 2747 Εἶτά
3384 2712 3573 2766 φησιν,
3603 2696 3693 2750 ὅτι

2107 2779 2523 2852 Ταραχθήσεται
2568 2782 2629 2835 τὸ
2668 2781 2886 2855 πνεῦμα
2919 2781 3027 2839 τῶν
3054 2785 3365 2854 Αἰγυπτίων
3398 2785 3456 2840 ἐν
3483 2786 3689 2852 αὐτοῖς,

2107 2872 2203 2925 καὶ
2224 2871 2320 2944 τὴν
2344 2872 2538 2944 βουλὴν
2562 2872 2743 2927 αὐτῶν
2770 2875 3128 2930 διασκεδάσω.
3158 2874 3344 2947 Φαμὲν
3377 2877 3435 2930 δὲ
3461 2878 3541 2931 ὅτι
3570 2877 3697 2932 διά-

2107 2979 2273 3033 φορον
2306 2964 2600 3035 ἐσχηκότες
2620 2967 2741 3019 κατ’
2776 2965 3021 3036 ἀλλήλων
3047 2966 3109 3019 τὸ
3141 2967 3419 3039 φρόνημα,
3462 2968 3695 3039 τεθορύο

2108 3055 2302 3126 δηνται
2330 3057 2429 3127 μὲν
2457 3058 2517 3110 ού
2542 3058 2807 3129 μετρίως·
2852 3057 3248 3122 ἐπαναστάσεις
3277 3058 3337 3112 δὲ
3378 3061 3468 3112 καὶ
3507 3060 3694 3131 μάχας

425 3120 566 3186 pabo
597 3122 763 3188 enim,
792 3125 983 3194 inquit,
1008 3127 1247 3196 ipsorum
1280 3130 1527 3195 consilia,
1554 3131 1606 3186 id
1635 3142 1741 3198 est,
1790 3147 2002 3190 omnem

2113 3149 2447 3220 μελετῶντες
2473 3149 2616 3204 κατὰ
2640 3150 2747 3204 τῶν
2774 3149 3214 3204 πεπιστευκότων
3241 3151 3290 3204 οἰ
3326 3149 3693 3221 πλανώμενοι,

425 3223 612 3263 eorum
646 3214 922 3269 solertiam
957 3232 1147 3271 vanam
1180 3234 1303 3274 esse
1333 3222 1637 3291 ostendam,
1683 3231 1738 3278 et
1791 3225 2008 3283 inutiles

425 3300 646 3354 omnino
688 3310 913 3358 conatus
965 3303 1175 3360 illorum
1218 3308 1313 3377 qui
1355 3311 1615 3367 adversus
1659 3325 1755 3369 eos
1803 3313 1895 3384 qui
1938 3317 2006 3371 ad

427 3403 515 3444 me
540 3390 877 3464 confugiunt,
911 3395 1288 3456 intenduntur.

496 3671 662 3730 Vsus.
696 3674 747 3729 4.
796 3675 864 3731 Et
906 3681 1302 3753 interrogabant
1334 3686 1460 3741 deos
1493 3704 1615 3744 suos
1644 3700 1691 3743 et
1716 3691 2001 3747 simulacra

392 3773 606 3829 qua,“
636 3780 722 3819 eos
750 3766 838 3835 qui
869 3768 934 3822 de
953 3778 1093 3824 terra
1128 3789 1297 3829 vocem
1333 3776 1521 3843 edunt,
1551 3784 1598 3832 et
1626 3781 1996 3853 wntriloquor,

423 3865 470 3907 et
501 3855 716 3911 ariolos.
750 3856 818 3911 Et
845 3864 1056 3915 tradam
1082 3863 1373 3936 .Egyptum
1404 3869 1460 3923 in
1511 3887 1697 3927 "ianus
1731 3875 1998 3929 hominum

423 3947 752 4003 dominorum
786 3949 1063 4021 durarunt,
1113 3968 1162 4011 et
1212 3975 1357 4030 reges
1413 3963 1535 4016 duri
1590 3965 2000 4021 dominabuntur

424 4052 549 4105 2pm

505 4211 809 4285 Quomodo,
836 4228 891 4273 et
909 4233 1018 4289 quo
1047 4222 1208 4276 etiam
1237 4232 1501 4295 tempore.
1521 4230 1771 4290 salutaris
1804 4237 1997 4305 praedi-

428 4307 661 4361 cationis
694 4308 914 4365 divitias
934 4314 1245 4383 acceperint
1273 4315 1533 4389 Egyptii,
1556 4325 1797 4381 studiose
1831 4342 1997 4383 cona-

2110 3239 2453 3311 πολεμοῦντα
2499 3242 2685 3304 αὐτοῖς
2716 3241 2813 3294 καὶ
2856 3239 3227 3311 ἀνθεστηκότα
3259 3239 3350 3295 τὸν
3396 3240 3503 3294 τῶν
3547 3239 3696 3294 ὅλων

2107 3332 2399 3404 εὑρήσουσι
2422 3333 2577 3386 Θεόν.
2598 3333 2948 3387 Διασκεδάσω
2992 3332 3101 3404 γὰρ
3133 3332 3310 3387 αὐτῶν
3330 3332 3428 3395 τὰς
3470 3330 3690 3403 βουλὰς,

2108 3424 2293 3494 φησὶν,
2328 3424 2474 3478 τοῦτ’
2503 3423 2642 3489 ἔστι,
2676 3425 2857 3478 πᾶσαν
2887 3423 3064 3478 αὐτῶν
3096 3423 3287 3493 σκέψιν
3309 3422 3520 3477 εἰκαίαν
3547 3423 3694 3475 ἁπο-

2106 3512 2281 3580 φανῶ,
2338 3514 2431 3566 καὶ
2477 3513 2715 3584 ἀνόνητα
2768 3513 3070 3576 παντελῶςι
3104 3512 3173 3566 τὰ
3223 3514 3366 3568 κατὰ
3410 3513 3519 3567 τῶν
3558 3514 3692 3585 ἐμοὶ

2106 3603 2668 3676 προσδεδραμηκότων
2701 3605 2951 3675 ὲπιχειρή
2960 3621 3154 3686 ματα.⁹

2173 3692 2286 3746 Καὶ
2313 3693 2763 3762 ἐπερωτήσουσι
2793 3694 2933 3760 τοὺς
2972 3694 3147 3761 θεοὺς
3196 3693 3417 3765 αὐτῶν,
3471 3695 3568 3750 καὶ
3608 3695 3690 3751 τὰ

2101 3782 2415 3854 ἀγάλματα
2443 3785 2660 3854 αὐτῶν,
2687 3786 2786 3838 καὶ
2833 3786 2976 3851 τοὺς
3009 3784 3078 3839 ἐκ
3108 3785 3220 3856 τῆς
3263 3785 3377 3856 τῆς
3411 3785 3687 3856 φωνοῦν-

2100 3894 2228 3942 τας,
2258 3876 2358 3930 καὶ
2382 3876 2526 3943 τοὺς
2546 3876 3074 3947 ἐγγαστριμύθους,
3095 3878 3194 3931 καί
3225 3876 3366 3943 τοὺς
3386 3877 3683 3947 miratae.

2098 3969 2208 4023 Kal
2254 3966 2587 4037 παραδώσω
2639 3971 2945 4039 Αἴγυπτον
2985 3970 3073 4035 εἰς
3106 3967 3307 4039 χώρας
3356 3967 3686 4038 ἀνθρώπων

2099 4059 2321 4125 κυρίων
2355 4057 2670 4128 σκληρῶν·
2722 4060 2823 4114 καί
2854 4060 3139 4128 ,βασιλεῖς
3160 4062 3418 4131 σκληρυί
3444 4063 3683 4130 κυριεύ-

2098 4144 2321 4204 σουσιν
2339 4151 2557 4206 αὐτῶν.

2168 4243 2303 4298 Τίνα
2335 4243 2400 4316 δὴ
2436 4245 2659 4318 τρόπον,
2688 4243 2721 4318 ἢ
2763 4245 2903 4301 κατὰ
2925 4248 3076 4301 ποῖον
3097 4247 3233 4311 ὅλως
3269 4249 3479 4320 καιρὸν,
3511 4248 3685 4317 Αίγύ-

2101 4352 2249 4391 πτιοι
2297 4337 2713 4409 πεπλουτήκασι
2742 4338 2802 4393 τὸ
2848 4342 3118 4411 σωτήριον
3156 4341 3439 4412 κήρυγμα,
3473 4341 3678 4412 σπουδή

429 4402 518 4448 tur
542 4397 805 4467 propheta
830 4401 1140 4470 explanare.
1179 4403 1488 4477 Sensusque
1515 4412 1753 4470 historia
1794 4417 1879 4474 his
1900 4421 1993 4489 qui

2107 4426 2173 4497 τῷ
2201 4429 2457 4501 προφήτῃ
2488 4397 2827 4502 διατρανοῦν.
2862 4397 3261 4500 υύκιανόνητος
3383 4397 3483 4502 της
3533 4397 3679 4485 ἰστοἐ

426 4499 607 4540 rerum
640 4489 899 4545 bonarum
929 4493 1109 4548 studio
1158 4504 1427 4564 tenentur,
1475 4517 1581 4556 non
1628 4506 1733 4561 erit
1767 4506 1993 4566 inutilis.

425 4574 558 4628 Cum
598 4588 863 4635 vastasset
915 4584 1079 4653 igitur
1136 4585 1441 4645 Judarorum
1489 4595 1760 4664 regionem
1794 4597 1999 4671 Vespa-

425 4668 634 4731 sianus,
664 4679 720 4723 et
749 4673 1076 4731 incendisset
1113 4677 1506 4753 Hierosolyma,
1545 4689 1797 4745 omnibus
1826 4668 1998 4763 copiis

423 4772 489 4812 ac
518 4758 726 4816 viribus
748 4762 1031 4821 descendit
1065 4769 1117 4823 in
1158 4770 1471 4844 Egyptum,
1520 4791 1680 4846 quam
1723 4758 1910 4837 etiam-
1940 4784 1994 4840 in

424 4862 642 4902 manum
674 4864 824 4905 suam
857 4868 921 4908 ac
950 4866 1271 4924 potestatem
1312 4865 1537 4936 redegit.
1581 4866 1734 4935 Quod
1771 4872 1989 4940 quidem

424 4953 487 4993 ex
518 4941 796 4997 voluntate
846 4945 940 5000 Dei
1000 4946 1147 5013 fecit,
1203 4954 1293 5021 qui
1346 4954 1711 5013 Romanorum
1763 4965 1992 5033 sceptris

423 5030 731 5097 provincias
761 5048 949 5091 omnes
967 5038 1128 5092 simul
1157 5051 1213 5096 et
1240 5042 1488 5101 civitates
1514 5047 1760 5116 subjecit.
1787 5030 1992 5109 Existi-

424 5134 638 5217 marunt
689 5126 905 5194 quidem
948 5128 1191 5202 Egyptii
1258 5134 1419 5192 facile
1478 5142 1755 5200 servitutis
1800 5144 1989 5217 iugum

424 5213 653 5283 ellugero
678 5232 738 5272 se
761 5220 1024 5287 potuisse,
1056 5238 1222 5293 seque
1253 5236 1406 5281 extra
1447 5229 1619 5286 aleam
1665 5213 1992 5303 captiviiatis

425 5309 647 5373 positos,
682 5312 822 5377 quod
878 5315 1032 5382 aquis
1072 5316 1319 5384 plurimis
1373 5321 1550 5376 cincta
1588 5323 1766 5380 fuerat
1818 5330 1986 5398 regio.

427 5394 524 5449 Sed
550 5416 797 5457 errarunt
838 5421 865 5458 a
910 5423 1025 5475 spe.
1082 5408 1221 5465 Deus
1265 5412 1407 5465 enim
1455 5415 1502 5469 si
1555 5417 1682 5484 quid
1730 5394 1990 5489 perficere

427 5488 568 5555 velit,
609 5494 788 5557 omnia
830 5501 1026 5552 cedunt
1071 5499 1226 5558 facile
1277 5523 1289 5559 :
1341 5514 1395 5561 et
1449 5521 1567 5578 qua:
1612 5488 1885 5570 inaccessa
1929 5522 1983 5569 et

486 5640 532 5672 ⁸³
574 5640 762 5698 Matth.
800 5662 890 5713 xx,
929 5648 1139 5725 54-56,

2100 4517 2220 4589 ρίας
2250 4519 2279 4573 ό
2300 4520 2455 4589 λόγος
2486 4524 2599 4584 τοῖς
2652 4538 2715 4590 γε
2743 4520 2890 4587 ἅπαξ
2924 4523 3326 4593 χρηστομαθεῖν
3356 4523 3675 4594 ᾑρημένοις.

2095 4610 2472 4682 Καταδῃὼσας
2503 4613 2682 4666 τοίνυν
2711 4614 2808 4685 τὴν
2832 4613 2942 4667 τῶν
2995 4614 3263 4669 Ἰουδαίων
3319 4615 3504 4687 χώραν
3540 4615 3678 4669 0'55-

2092 4703 2416 4768 ,σπασιανὸς,
2449 4705 2544 4758 καὶ
2577 4706 2977 4777 κατεμπρήσας
3002 4705 3074 4759 τὰ
3116 4706 3493 4777 Ἰεροσόλυμα,
3544 4722 3680 4758 παν-

2095 4795 2327 4864 στρατιᾷ
2388 4793 2765 4867 καταόέὸηκεν
2809 4799 2890 4860 εἰς
2938 4799 3039 4868 τὴν
3099 4797 3413 4866 Δίγυπτίων
3466 4795 3675 4867 χώραν,

2092 4886 2493 4956 χειρωσόμενος
2523 4887 2619 4940 καὶ
2668 4886 2861 4959 αὑτήν.
2903 4887 3075 4959 Ἐδρα
3100 4887 3158 4941 δὲ
3185 4886 3342 4941 τοῦτο
3381 4887 3524 4941 κατὰ
3549 4885 3677 4955 βού-

2093 4975 2249 5045 λησιν
2276 4975 2371 5029 τοῦ
2401 4975 2559 5041 Θεοῦ,
2612 4980 2724 5041 τοῖς
2785 4979 3072 5049 Ῥωμαίων
3113 4979 3479 5048 ὑποφέροντος
3537 4978 3674 5049 σκή-

2094 5081 2287 5136 πτροις
2332 5063 2515 5137 χώρας
2552 5083 2614 5120 τε
2669 5067 2888 5131 ἁπάσας
2947 5067 3082 5139 ὁμοῦ
3126 5069 3221 5121 καὶ
3264 5068 3469 5132 πόλεις.
3536 5065 3674 5121 Ἀλλ’

2093 5153 2263 5224 ᾤοντο
2293 5155 2389 5225 μὲν
2405 5154 2698 5219 Αἰγύπτιοι
2730 5158 2823 5211 καὶ
2851 5155 3135 5226 διαφυγεῖν
3166 5154 3430 5210 δύνασθαι
3474 5154 3674 5228 ῥᾳδίως

2094 5243 2187 5299 τὸν
2216 5245 2315 5316 τῆς
2353 5246 2599 5312 δουλείας
2623 5247 2808 5318 ζυγὸν,
2833 5244 2974 5302 εἷναί
2993 5264 3049 5301 τε
3075 5249 3343 5303 ἀνάλωτοι
3370 5246 3670 5311 παντελῶς,

2095 5337 2269 5392 διὰτοι
2294 5339 2356 5393 τὸ
2387 5340 2662 5404 πλείστοις
2693 5340 2850 5395 ὕδασι
2864 5340 3151 5405 διεζῶσθαι
3173 5339 3272 5412 τὴν
3293 5338 3499 5410 χώραν.
3531 5337 3672 5391 Ἀλλ’

2095 5430 2447 5501 ἡμαρτήκασι
2492 5432 2593 5502 τῆς
2642 5431 2876 5498 ὲλπίδος.
2932 5431 3068 5486 Θεοῦ
3112 5435 3221 5504 γάρ
3267 5450 3320 5485 τι
3376 5427 3673 5499 κατορθοῦν

2090 5517 2384 5587 ἐθέλοντος,
2410 5520 2587 5577 πάντα
2618 5523 2834 5578 ὑπείκει
2890 5524 3107 5596 ῥᾳδίως,
3164 5524 3261 5577 καὶ
3308 5524 3375 5579 τὰ
3408 5520 3673 5591 ἀνέφικτα
