4026 6210
332 245 437 302 459

1312 236 1372 291 S.
1398 231 1683 290 -εγιιιιιι
1727 222 2194 286 ALEXANDRINI
2235 217 2553 282 ARClliEP.

3479 218 3582 274 ιω

333 358 679 431 proveniunt,
736 358 1049 428 decerpunt.
1099 355 1407 410 Piscatores
1455 353 1597 408 enim
1651 361 1796 416 sunt,
1854 360 1907 404 et

2024 347 2258 417 πιόμενοι.
2323 341 2662 414 Ἰχθυοθῆραί
2711 353 2768 392 τε
2826 335 2935 410 γάρ
2996 337 3122 401 εἰσι,
3196 335 3290 391 καὶ
3338 337 3592 410 πάπυρον

331 466 593 523 papyrum
628 455 904 513 desecaut,
938 465 1000 502 ac
1034 449 1232 500 charte
1282 456 1408 500 sunt
1454 446 1712 511 artifices,
1757 455 1809 498 et
1841 442 1903 498 Li-

331 557 458 595 num
494 538 658 594 fissile
716 545 1030 607 operantur.
1088 533 1364 588 Palustres
1423 543 1602 586 autem
1663 529 1904 584 homines

330 634 446 686 sive
482 628 695 684 bubulci
754 627 1192 683 denominantur.
1255 624 1394 679 Sunt
1437 623 1580 677 enim
1630 621 1766 692 apud
1815 635 1906 674 eos

331 721 612 776 innumera
639 718 799 772 boum
843 726 1090 770 armenta
1131 713 1349 784 :panis,
1392 713 1522 778 vini,
1573 710 1906 776 aliarumque

330 826 510 867 rerum
545 824 739 880 magna
775 808 1020 877 penuria.
1064 804 1447 860 Deficientibus
1503 803 1685 872 itaque
1727 799 1903 869 aquis,

250 907 254 910 ‘
331 900 526 969 inquit.
566 898 751 952 bibent
783 912 1000 967 aquam.
1039 894 1170 950 Nam
1202 897 1254 950 in
1280 894 1556 949 littoribus
1585 892 1908 962 quandoque

331 989 616 1050 fodientes,
646 987 935 1056 potabilcm
965 986 1091 1039 inde
1118 987 1328 1039 laticem
1378 983 1724 1039 exhauriunt.
1763 978 1904 1033 Defi-

331 1080 474 1134 cicnt
506 1089 683 1132 autem
735 1086 788 1130 et
835 1081 1153 1130 exarescent
1197 1091 1386 1130 omnes
1438 1074 1583 1127 fluvii
1639 1081 1694 1126 et
1747 1069 1904 1123 alvei.

330 1172 446 1225 Erit
482 1181 660 1224 autem
705 1170 757 1223 in
786 1170 932 1222 omni
969 1167 1161 1236 palude
1191 1166 1382 1220 calami
1413 1175 1464 1218 et
1491 1163 1675 1235 papyri
1715 1163 1908 1214 raritas

331 1277 615 1330 aquarum.
645 1261 706 1314 Et
739 1275 898 1314 omne
921 1259 1062 1324 quod
1096 1258 1149 1310 in
1195 1255 1350 1324 aquis
1398 1254 1659 1318 nascitur,
1712 1252 1906 1320 inquit,

332 1352 716 1417 cxsii-cabitur,
746 1359 804 1402 ιιι
839 1358 891 1402 et
915 1351 1127 1418 lugeant
1170 1349 1492 1416 piscatores,
1531 1355 1584 1400 et
1613 1345 1702 1412 qui
1739 1343 1906 1396 linunt

331 1441 622 1496 conficiunt
663 1439 848 1504 fissile,
877 1439 1013 1494 etin
1049 1437 1232 1492 dolore
1276 1451 1470 1504 magno
1511 1441 1792 1489 versentur
1816 1428 1908 1499 qui

334 1548 395 1586 ea
424 1539 718 1596 exercent;
751 1539 805 1585 et
837 1540 1093 1598 praeterea
1128 1529 1214 1596 qui
1247 1527 1386 1598 apud
1418 1542 1510 1581 cos
1543 1525 1762 1597 zythum
1807 1537 1908 1590 ap-

334 1632 543 1692 parant.
573 1623 737 1689 Aquis
765 1622 906 1674 enim
939 1620 1335 1682 deficientibus,
1375 1618 1551 1687 inopia
1593 1615 1909 1669 laborabunt

333 1713 576 1768 omnium
611 1727 731 1780 quae
764 1712 1069 1765 exhilarare
1107 1709 1302 1772 solent,
1332 1718 1381 1761 et
1416 1709 1479 1761 ad
1519 1708 1682 1760 vitam
1712 1719 1909 1775 Oppor-
1942 1687 1984 1743 Β

337 1815 466 1858 tuna
514 1812 567 1858 et
624 1803 968 1857 accommoda
1018 1802 1220 1856 affatim
1273 1800 1634 1870 suppeditare.
1695 1799 1759 1853 Et
1813 1801 1912 1853 hoc

334 1894 550 1965 quidem
580 1903 845 1963 quatenus
896 1894 962 1949 ad
993 1894 1235 1948 historiae
1285 1892 1699 1947 declarationem
1743 1891 1911 1959 perti-

336 1995 449 2051 net,
487 1987 630 2039 clare
661 1987 862 2039 dictum
887 1994 991 2040 est.
1027 1986 1121 2039 Sin
1153 1985 1278 2038 velit
1310 1986 1430 2054 quis
1472 1999 1733 2053 aquarum
1777 1983 1912 2036 rari-

339 2089 502 2131 tatem
556 2078 714 2130 aliter
763 2077 1029 2146 accipere,
1079 2085 1133 2130 et
1171 2077 1234 2129 ad
1275 2073 1571 2129 subtilioris
1615 2073 1912 2142 intelligen-

337 2171 424 2222 tiae
455 2168 869 2238 profunditatem
894 2169 1241 2231 descendere,
1271 2181 1376 2221 non
1422 2181 1449 2220 a
1478 2180 1642 2234 scopo
1679 2165 1912 2228 recedet,

337 2262 382 2318 si
417 2263 612 2316 anilem
635 2271 688 2314 et
715 2259 973 2316 insulsam
1005 2261 1306 2314 orationem
1345 2258 1657 2312 Graecorum
1700 2256 1912 2324 sapien-

341 2363 450 2407 ttun
483 2353 638 2420 aquis
687 2361 983 2417 comparet,
1035 2352 1271 2419 piscibus
1314 2360 1493 2402 autem
1526 2357 1579 2402 et
1615 2362 1819 2417 papyro
1860 2354 1912 2400 et

337 2446 567 2511 Calamo,
592 2444 841 2512 aliisque,
863 2459 1093 2512 quorum
1127 2443 1338 2496 alumna
1365 2451 1416 2496 et
1445 2441 1621 2494 nutrix
1647 2451 1722 2494 est
1752 2456 1915 2507 aqua-

343 2553 464 2592 rttnt
521 2545 735 2599 natura,
780 2534 1057 2588 hominum
1116 2532 1492 2600 frequentiam.
1553 2531 1916 2586 Piscmoribus

339 2641 491 2691 vero,
531 2635 584 2680 et
641 2640 818 2679 rerqu
878 2622 1197 2692 aquatilium
1259 2621 1622 2688 curatoribus,
1680 2636 1774 2675 eos
1823 2620 1913 2690 qui

341 2719 592 2775 inescare
652 2725 852 2771 norunt
896 2715 1197 2786 gregariam
1255 2713 1676 2780 multitudinem,
1726 2725 1780 2769 et
1825 2713 1914 2782 qui

341 2811 562 2866 student
591 2811 935 2864 sermonibus
965 2808 1017 2862 in
1058 2821 1299 2862 errorem
1359 2806 1744 2861 deducentibus
1797 2820 1915 2859 eam

341 2903 493 2973 quasi
537 2901 663 2956 linis
705 2900 1027 2970 quibusdam
1081 2897 1380 2967 implicare.
1433 2895 1495 2950 lli
1554 2895 1811 2966 lngebunt
1867 2905 1918 2950 et

2005 437 2408 508 ἀποκείροντες,
2465 435 2664 504 χάρτου
2695 429 2753 484 τέ
2783 431 2888 484 εἰσι
2917 428 3261 500 δημιουργοὶ,
3311 428 3405 482 καὶ
3451 429 3595 482 λῖνον

2007 531 2331 604 ἐργάζονται
2359 528 2420 581 τὸ
2448 525 2682 598 σχιστόν.
2735 523 2937 578 Ἕλειοι
2965 523 3020 576 δὲ
3054 523 3244 594 ἄνδρες
3267 522 3434 592 ἣγουν
3468 521 3595 592 βου-

2007 623 2155 678 κόλοι
2214 618 2707 689 κατονομάζονται’
2764 616 2858 669 καὶ
2918 615 3022 686 γάρ
3072 615 3179 667 εἰσι
3237 614 3366 684 παρ’
3408 614 3594 677 αὑτοῖς

2007 711 2242 786 ἀριθμοῦ
2279 711 2585 782 κρείττονες
2615 710 2669 761 αἰ
2697 706 2834 777 βοῶν
2861 704 3085 775 ἀγέλαι·
3139 702 3368 773 πλείστη
3402 721 3460 756 τε
3495 702 3596 773 ap-

2006 825 2100 869 του
2139 807 2230 860 καὶ
2259 805 2401 859 οἴνου
2456 804 2553 858 καί
2606 801 2714 856 τῶν
2775 801 2949 856 ἄλλων
2987 802 3020 870 ἡ
3058 800 3270 862 σπάνις.
3333 799 3598 853 Ἐκλελοι-

2009 898 2188 952 πότων
2230 895 2517 967 τοιγαροῦν
2554 893 2661 948 τῶν
2697 893 2926 956 ὑδάτων,
2950 893 3138 961 φησὶν,
3172 892 3388 945 πίονται
3417 890 3591 961 ὕδωρ.

2019 989 2364 1059 Ὀρύττοντες
2410 987 2520 1057 γὰρ
2574 988 2632 1039 ἐν
2678 987 2790 1048 τοῖς
2834 983 3099 1052 αἰγιαλοῖς
3152 983 3262 1035 ἐσθ’
3292 983 3380 1036 ὅτε
3427 983 3597 1046 τινες,

2010 1079 2242 1146 πότιμον
2268 1075 2529 1148 ἀρύονται
2563 1077 2730 1146 νᾶμα.
2793 1073 3132 1142 Ἑκλείψουσι
3174 1074 3231 1126 δὲ
3277 1074 3369 1126 καὶ
3401 1072 3595 1141 ιξηραν⁹

2009 1168 2265 1238 θήσονται
2296 1169 2343 1219 οἱ
2391 1167 2642 1236 ποταμοὶ,
2673 1165 2765 1218 καὶ
2800 1166 2971 1218 πᾶσαι
3001 1165 3058 1216 αἱ
3093 1163 3379 1234 διώρυγες.
3407 1165 3600 1216 Ἔσται

2008 1259 2064 1311 δὲ
2096 1258 2290 1320 σπάνις
2325 1257 2532 1309 ὑδάτων
2558 1257 2614 1308 ὲν
2654 1255 2816 1308 παντὶ
2854 1255 2964 1306 ἕλει
3002 1253 3270 1324 καλάμου,
3301 1255 3394 1307 καὶ
3415 1253 3600 1307 παπύ-

2013 1368 2126 1422 ρου.
2164 1351 2273 1403 Καὶ
2297 1351 2404 1404 πᾶν
2431 1350 2493 1402 τὸ
2521 1352 2579 1402 ὲν
2607 1351 2718 1411 τοῖς
2749 1347 2902 1400 ὕδασι
2947 1347 3215 1417 φυόμενον
3255 1346 3602 1417 ξηρανθήσε-

2008 1460 2118 1505 ται,
2170 1441 2356 1512 φησὶν,
2427 1439 2567 1494 ὥστε
2614 1441 2708 1494 καὶ
2763 1438 3024 1506 στενάξαι
3069 1439 3176 1492 τῶν
3235 1437 3432 1508 ἰχθύων
3475 1439 3602 1501 τοὺς

2011 1534 2299 1606 θηρευτὰς,
2317 1535 2410 1586 καὶ
2433 1534 2556 1596 τοὺς
2587 1532 2649 1585 τὸ
2677 1532 2822 1584 λίνον
2849 1528 3248 1602 ἐργαζομένους
3272 1529 3334 1582 τὸ
3362 1531 3601 1600 σχιστὸν,

2011 1627 2105 1679 καὶ
2133 1627 2190 1678 ἐν
2226 1625 2386 1695 ὀδύνῃ
2439 1623 2693 1692 γενέσθαι
2749 1621 2916 1692 πολλῇ
3001 1622 3126 1684 τοὺς
3197 1619 3605 1691 ἐργαζομένους

2013 1719 2152 1773 αὑτά
2177 1733 2190 1747 ’
2246 1719 2341 1771 καὶ
2377 1717 2514 1787 πρὸς
2553 1716 2762 1779 τούτοις
2807 1715 2911 1777 ἔτι,
2962 1716 3088 1778 τοὺς
3116 1715 3208 1768 τὸν
3253 1715 3382 1784 παρ’
3420 1714 3607 1778 αὑτοῖς

2015 1808 2174 1873 ζύθον
2219 1806 2535 1878 ἀρτύοντας.
2594 1805 3021 1859 Ἐκλελοιπότων
3067 1807 3176 1877 γὰρ
3225 1805 3335 1856 τῶν
3369 1804 3602 1866 ὑδάτων,

2013 1902 2070 1952 ὲν
2104 1900 2290 1972 ἐνδείςι⁹
2330 1898 2529 1962 παντὸς
2559 1895 2771 1950 ἔσονται
2798 1896 2890 1948 τοῦ
2929 1895 3346 1964 κατευφραίνειν
3379 1896 3605 1959 εἰδότος,

2013 1994 2107 2046 καὶ
2154 1992 2224 2045 τὰ
2262 1991 2395 2064 πρὸς
2457 1989 2605 2060 ζωὴν
2648 1989 2835 2051 αὑτοῖς
2889 1987 3173 2059 ἐπιτήδεια
3211 1988 3608 2058 παρατιθέντος

2014 2083 2302 2146 πλουσίως.
2344 2082 2454 2135 Καὶ
2503 2081 2665 2134 ταυτὶ
2714 2079 2814 2150 μὲν
2846 2079 2907 2131 τό
2937 2095 3001 2146 γε
3040 2074 3175 2150 ἧκον
3203 2081 3286 2142 εἰς
3318 2079 3380 2131 τὸ
3411 2080 3476 2132 ὲκ
3503 2078 3606 2147 τῆς

2017 2175 2254 2247 ἱστορίας
2309 2173 2638 2244 δηλούμενον
2701 2171 2920 2244 εἴρηται
2975 2171 3180 2240 σαφῶς,
3230 2173 3293 2225 Εἰ
3344 2171 3400 2226 δὲ
3434 2172 3497 2241 δή
3521 2189 3609 2234 τις

2013 2267 2185 2322 ἕλοιτο
2213 2269 2318 2322 τῶν
2363 2267 2570 2320 ὑδάτων
2601 2264 2698 2336 τὴν
2731 2265 2929 2318 σπάνιν
2956 2265 3051 2318 καὶ
3090 2264 3291 2335 ἑτέρως
3323 2263 3602 2326 ὲκλαόεῖν,

2015 2359 2108 2412 καὶ
2143 2358 2463 2430 ἰσχνοτέρων
2513 2357 2728 2410 ἐννοιῶν
2782 2359 2862 2420 εἰς
2910 2355 3073 2426 βάθος
3119 2353 3322 2418 ἐλθεῖν,
3355 2355 3457 2408 οὑκ
3497 2353 3610 2408 ἀπὸ

2018 2449 2222 2506 σκοποῦ
2276 2452 2557 2522 βαδιεῖται,
2609 2450 2959 2522 παρεικάζων
3020 2449 3176 2503 ὕδασι
3209 2448 3300 2501 τὸν
3335 2449 3490 2520 παρά
3546 2465 3610 2501 τε.

2017 2545 2127 2606 τοῖς
2157 2543 2264 2596 τῶν
2311 2543 2581 2612 Ἑλλήνιον
2612 2545 2816 2612 σοφοῖς,
2851 2541 3070 2613 γραὼδη
3121 2555 3181 2594 τε
3229 2540 3321 2594 καὶ
3349 2540 3612 2594 ἀσύνετον

2017 2633 2172 2702 λόγον
2195 2652 2206 2664 ·
2239 2633 2415 2704 ἰχθύσι
2439 2651 2501 2702 γε
2535 2634 2641 2705 μὴν
2667 2633 2763 2705 τὴν
2799 2634 2907 2688 τῶν
2931 2631 3234 2702 ἀνθρώπων
3266 2631 3493 2701 πληθὺν,
3517 2631 3614 2684 καὶ

2023 2725 2131 2798 μὴν
2181 2727 2274 2780 καὶ
2318 2726 2576 2797 παπύρῳ,
2617 2726 2848 2797 καλάμῳ
2882 2743 2940 2778 τε
2974 2725 3070 2782 καὶ
3115 2727 3229 2786 τοῖς
3269 2723 3500 2787 λοιποῖς,
3535 2717 3613 2776 ὦν

2021 2818 2136 2871 ἐστι
2168 2818 2424 2889 τροφὸςὴ
2461 2818 2572 2871 τῶν
2625 2818 2832 2872 ὑδάτων
2883 2817 3066 2886 φύσις.
3109 2816 3349 2877 ’Δλιεῦσί
3382 2833 3446 2884 γε
3481 2817 3612 2886 μὴν,

2022 2908 2114 2962 καὶ
2143 2902 2223 2972 οἷς
2252 2907 2319 2961 ἂν
2373 2908 2530 2980 ἔργον
2564 2909 2651 2978 εἴη
2683 2907 2751 2960 τά
2791 2911 2849 2961 ὲν
2895 2910 3008 2970 τοῖς
3042 2906 3220 2971 ὕδασι,
3269 2907 3394 2970 τοὺς
3443 2924 3616 2977 σαγη-

343 2993 844 3059 euntristabuntur,
887 2999 940 3044 et
991 2989 1190 3044 animis
1245 2987 1519 3052 dolcbunt,
1565 3003 1683 3041 cuiu
1731 3003 1916 3042 eorum

2024 2997 2198 3050 νεύειν
2230 2998 2438 3062 εἰδότας
2466 2999 2563 3070 τὴν
2584 2998 2693 3052 τῶν
2714 2998 2982 3067 ἀγελαίων
3006 2998 3239 3069 πληθὺν,
3260 3000 3350 3052 καὶ
3363 2989 3618 3069 καθάπερ

343 3089 516 3140 oratio
541 3086 706 3140 diluta
752 3087 844 3147 sit,
888 3091 944 3138 et
984 3082 1252 3148 inetlicax,
1305 3098 1465 3152 quam
1521 3081 1715 3136 merito
1771 3081 1923 3150 aquis

345 3177 650 3245 comparari
694 3189 851 3245 posse
891 3175 1016 3228 hinc
1054 3182 1233 3243 patet,
1269 3176 1410 3243 quod
1443 3188 1504 3227 ea
1536 3188 1760 3243 prorsus
1795 3171 1925 3226 defi-

345 3271 475 3332 ciat,
507 3277 559 3321 et
593 3268 772 3321 omnia
803 3265 925 3319 inde
968 3264 1202 3317 enutrita
1239 3271 1577 3317 exarescant.
1608 3261 1672 3317 Hi
1719 3261 1924 3317 faciunt

349 3361 568 3428 zythum
613 3375 627 3412 :
676 3371 779 3410 non
829 3355 973 3411 enim
1029 3355 1211 3409 vinum
1261 3353 1490 3408 offerunt
1520 3355 1660 3424 quod
1694 3354 1926 3408 hominis

349 3467 444 3507 cor
477 3449 764 3515 cxhilarat,
811 3449 902 3502 sed
951 3448 1189 3518 spuriam
1235 3447 1524 3517 quamdam
1579 3457 1632 3502 et
1682 3447 1924 3503 inutilem

349 3542 677 3605 doctrinam,
725 3553 954 3610 eamque
1004 3539 1182 3593 verbis
1237 3538 1522 3594 subtilibus
1577 3551 1632 3593 et
1671 3540 1924 3604 climatis,

350 3647 403 3690 ut
436 3636 650 3705 quidem
688 3642 895 3703 putant,
947 3631 1200 3687 efferunt.
1252 3628 1366 3685 Hoc
1403 3631 1568 3695 enim,
1617 3640 1674 3684 ut
1716 3632 1926 3700 opinor,

350 3731 544 3799 b‘yssus
567 3725 856 3797 significat,
885 3733 942 3778 ut
973 3725 1115 3778 dicat
1144 3721 1312 3794 288
1336 3737 1429 3778 eos
1459 3723 1684 3778 nimium
1720 3724 1931 3780 subtili-

353 3821 446 3874 tati
493 3828 546 3873 ct
575 3816 801 3888 argutiis
827 3815 1065 3871 studere.
1120 3814 1186 3868 Et
1239 3815 1406 3868 linum
1457 3813 1641 3871 fissile.
1694 3813 1931 3868 Illinutia:

351 3912 495 3966 enim
539 3911 679 3980 apud
713 3923 806 3962 eos
847 3907 1120 3963 subtiliter
1175 3919 1238 3961 ac
1275 3905 1512 3961 tenuiter
1569 3907 1929 3971 disseruntur,

353 4017 539 4057 verum
577 4015 800 4071 prorsus
847 3999 1063 4064 frivola,
1113 4007 1168 4053 et
1217 3996 1428 4069 frigidis
1475 3997 1933 4068 speculationibus

356 4095 575 4150 referta.
605 4075 852 4162 Frigidus
887 4091 1032 4145 enim
1063 4090 1276 4162 zytbus.
1307 4089 1402 4143 Est
1442 4098 1619 4144 autem
1655 4087 1934 4158 Aigyptio-

354 4202 474 4240 rum
507 4186 724 4256 quidam
767 4193 942 4254 potus,
989 4183 1085 4239 sed
1132 4180 1360 4252 frigidus
1409 4189 1460 4236 et
1499 4181 1761 4244 turbidus,
1801 4168 1935 4237 'talis

363 4279 620 4348 *lquitlcnl
655 4289 739 4334 est
772 4293 958 4333 eorum
1001 4274 1197 4342 oratio,
1225 4282 1278 4328 et
1312 4273 1444 4329 tales
1489 4282 1614 4329 sunt
1649 4275 1932 4339 doctrinm,

2026 3089 2190 3155 λίνοις
2216 3093 2358 3144 τισὶν
2407 3091 2754 3162 ὲμπλακῆναι
2808 3092 3334 3162 παρασκευάζοντας
3389 3095 3500 3154 τοῖς
3533 3092 3618 3154 είς

2025 3183 2240 3253 ἀπάτην
2271 3183 2468 3247 αὐτοὺς
2494 3183 2830 3254 ἀποφέρουσι
2866 3183 3066 3252 λόγοις.
3102 3177 3261 3237 Οὗτοι
3303 3180 3619 3246 στενάξουσι

2026 3275 2121 3327 καὶ
2153 3273 2583 3344 λυπηθήσονται,
2609 3276 2703 3328 καὶ
2737 3275 2836 3338 τὰς
2860 3275 3037 3345 ψυχὰς
3061 3275 3400 3338 πονέσουσιν,
3434 3275 3614 3342 ἁπρα-
3649 3309 3658 3318 -

2027 3361 2280 3427 κτοῦντος
2314 3363 2412 3435 ἤδη
2467 3381 2583 3426 πως
2635 3363 2728 3418 τοῦ
2761 3368 2892 3435 παρ’
2915 3365 3098 3428 αὑτοῖς
3128 3365 3283 3428 ὄντος
3330 3364 3488 3432 λόγου
3513 3381 3525 3394 ·
3557 3364 3622 3416 ὃν

2027 3454 2119 3506 καὶ
2142 3452 2296 3507 ὕδασι
2329 3455 2754 3525 παρεικάζοντες
2781 3453 3239 3525 διεῦεὸαιοὺμεθα
3283 3454 3492 3522 σαφῶς,
3530 3453 3622 3505 διὰ

2027 3543 2087 3596 τὸ
2119 3543 2487 3598 ἐκλελοιπέναι
2529 3545 2806 3609 παντελῶς
2843 3545 3030 3610 αὑτὸν,
3082 3545 3517 3617 ξηρανθήσεσθαι
3559 3543 3621 3596 δὲ

2031 3633 2207 3685 πάντα
2266 3633 2333 3686 τὰ
2388 3633 2457 3687 δι’
2495 3634 2662 3688 αὑτοῦ
2715 3634 3047 3706 τρεφόμενα.
3087 3631 3248 3688 Οὗτοι
3282 3634 3503 3687 ποιοῦσι
3529 3633 3624 3686 τὸν

2032 3721 2226 3786 ζύθονο
2277 3725 2337 3777 ού
2386 3725 2494 3795 γὰρ
2533 3722 2676 3780 οῐνον
2727 3727 3064 3798 προσάγουσι
3111 3727 3203 3779 τὸν
3255 3725 3620 3794 εὐφραίνοντα

2033 3816 2262 3886 καρδίαν
2313 3816 2625 3886 ἀνθρώπου,
2686 3818 2824 3874 ἀλλά
2863 3819 3023 3890 νόθην
3061 3820 3183 3872 τινὰ
3225 3819 3318 3872 καὶ
3350 3820 3624 3888 ἄχρηστον

2032 3907 2394 3971 διδασκαλίαν,
2427 3908 2520 3962 καὶ
2547 3911 2659 3972 τοῖς
2692 3911 2891 3980 ἰσχνοῖς
2923 3910 3088 3982 αὐτὴν
3123 3910 3314 3980 ὥσπερ
3355 3906 3448 3963 οὖν
3493 3911 3627 3962 οῖον-

2035 4016 2126 4051 ται
2164 3999 2658 4068 κατασεμνὺνοντες
2690 3999 2885 4069 λόγοις.
2932 4001 3337 4054 Ὑπαινίττεται
3382 4001 3512 4071 γὰρ,
3547 3995 3625 4052 οἱ·

2039 4106 2158 4160 μαι,
2192 4088 2340 4142 τουτὶ
2366 4089 2425 4142 τὸ
2453 4087 2648 4159 βύσσον
2689 4087 2869 4158 λέγειν
2909 4089 3106 4152 αὑτοὺς
3133 4089 3482 4161 ἐργάζεσθαι,
3525 4087 3624 4158 τὴν

2041 4181 2361 4251 ἰσχνοτάτην
2391 4181 2551 4248 ἄγαν.
2579 4181 2692 4234 Καὶ
2723 4181 2866 4235 λῖνον
2897 4182 2954 4236 δὲ
2980 4181 3041 4235 τὸ
3071 4181 3313 4251 σχιστόν.
3337 4180 3628 4233 Σκινδάλα-

2043 4290 2132 4343 μοι
2171 4272 2278 4344 γὰρ
2307 4271 2497 4344 ὥσπερ
2539 4273 2886 4343 ἰσχνομυθίας
2945 4274 3014 4326 τὰ
3057 4275 3187 4344 παρ’
3223 4275 3436 4336 αὐτοῖς’
3486 4271 3626 4340 πλὴν

355 4379 477 4436 quae
515 4369 657 4422 sitiat
719 4384 822 4422 non
879 4368 1071 4424 sedant
1119 4364 1400 4430 imbibitre,
1453 4365 1545 4419 sed
1605 4363 1911 4418 inflammati

2042 4366 2272 4435 ἀνόνητα
2315 4365 2614 4430 παντελῶς,
2660 4365 2753 4419 καὶ
2787 4365 3012 4437 ψυχρῶν
3062 4364 3437 4436 θεωρημάτων
3489 4365 3623 4416 ἀνα-

359 4459 556 4530 ,-otius,
587 4471 634 4513 el
666 4460 918 4514 insuaves
945 4466 1072 4513 sunt
1100 4456 1424 4520 bibentibus,
1464 4465 1517 4509 et
1551 4455 1619 4509 ob
1652 4457 1931 4510 vehemen-

363 4562 466 4605 tciu
493 4551 840 4620 frigiditatem
879 4551 1096 4607 morbos
1133 4548 1462 4608 insanabiles
1500 4548 1735 4618 pariunt.

333 4687 353 4749 ,ί

438 4833 599 4888 Vens.
633 4832 718 4888 ll.
752 4829 820 4884 Et
856 4828 1005 4885 stulti
1043 4838 1194 4885 erunt
1258 4830 1514 4899 principes
1565 4828 1790 4894 Taneos,
1843 4846 1934 4882 sa-

363 4927 558 4998 picmes
585 4923 874 4979 consiliarii
901 4923 1055 4992 regis,
1105 4930 1154 4976 et
1180 4921 1456 4976 consilium
1478 4937 1658 4976 eorum
1705 4919 1940 4990 infama-

368 5022 525 5073 bitur.

439 5112 760 5166 Imm-incute
788 5107 1037 5164 videlicet
1071 5105 1348 5177 [Egyptiis
1379 5103 1676 5161 inevitabili
1717 5103 1942 5158 calami.

2044 4458 2412 4529 πλιμπλάντα.
2448 4457 2668 4528 Ψυχρὸς
2698 4457 2806 4529 γὰρ
2837 4459 2866 4510 ό
2906 4456 3065 4522 ζύθος
3097 4457 3212 4526 (1).
3260 4498 3271 4512 ,
3317 4496 3330 4512 .
3377 4497 3389 4509 .
3434 4496 3447 4509 .
3491 4497 3505 4508 .
3552 4497 3564 4508 .
3607 4495 3624 4508 .

2049 4587 3625 4605 ὀ-.ιο...σοοοοοοοοοοδισοοοο

2109 4832 2218 4887 Kal
2248 4832 2433 4900 μωροί
2491 4832 2736 4888 ἔσονται
2765 4835 2820 4887 οἰ
2843 4831 3133 4903 ἄρχοντες
3168 4834 3415 4900 Τάνεως,
3442 4838 3494 4889 οἱ
3525 4851 3627 4888 σου

2040 4922 2142 4990 φοί
2203 4923 2539 4990 σύμϐουλοι
2590 4922 2697 4977 τοῦ
2731 4923 3062 4993 βασιλέως,
3096 4925 3136 4992 ἡ
3176 4925 3383 4994 ,βουλὴ
3431 4925 3630 4980 αὐτῶν

2039 5012 2514 5084 μωρανθιὶσεται.

2130 5106 2544 5178 Ἐπηρτημένης
2575 5107 2684 5180 γὰρ
2718 5107 3035 5177 Αἰγυπτίοις
3071 5107 3170 5178 τῆς
3204 5107 3452 5177 ἀφύκτου
3494 5125 3632 5177 συμ-

368 5216 499 5271 tate,
531 5215 583 5260 et
625 5204 843 5274 regione
873 5202 1162 5272 captivitati
1198 5199 1466 5269 proxima,
1502 5209 1694 5251 etcum
1722 5197 1919 5268 jamjan

2049 5197 2242 5266 φορᾶς,
2287 5198 2379 5250 καὶ
2411 5197 2710 5270 μελλούσης
2739 5199 2943 5252 ἁλῶναι
2979 5200 3080 5269 τῆς
3126 5198 3330 5270 χώρας,
3368 5201 3462 5252 καὶ
3511 5202 3632 5253 am

368 5298 495 5351 licet
536 5297 687 5351 inviti
743 5294 920 5348 alieno
973 5293 1101 5363 jugo
1151 5293 1417 5346 cervicem
1473 5288 1652 5344 daturi
1718 5298 1938 5344 essent:

370 5397 748 5441 cunternatus
773 5385 912 5439 haud
954 5384 1322 5448 mediocriter,
1355 5389 1409 5436 et
1449 5380 1788 5436 intolerando
1831 5390 1941 5436 ter-

373 5490 493 5530 tore
553 5475 826 5543 perculsus
855 5473 902 5528 is
954 5474 1044 5542 qui
1086 5473 1444 5542 principatum
1501 5471 1730 5526 sortitus
1785 5479 1940 5540 erat,

2048 5287 2258 5341 οὐδέπω
2297 5292 2407 5352 τοῖς
2443 5290 2647 5362 ἐτέρων
2707 5290 2914 5360 ζυγοῖς,
2975 5289 3078 5344 κᾶν
3133 5293 3183 5344 εἰ
3235 5291 3310 5361 μὴ
3361 5290 3632 5361 βούλοιντο

2047 5379 2230 5450 τυχδν,
2295 5382 2617 5450 ὑπενεγκεῖν
2660 5383 2752 5436 τὸν
2803 5384 3024 5454 αὐχένα,
3077 5383 3516 5454 τεθορυϐημένος
3568 5383 3629 5436 οὑ

2053 5471 2309 5542 μετρίως,
2361 5475 2456 5526 καὶ
2507 5475 2799 5544 ἀφορήτυις
2835 5473 3052 5545 δείμασι
3114 5475 3556 5545 κατεπτοημένος
3602 5475 3633 5528 ό

445 5628 520 5701 (ι)
553 5626 762 5682 Lacuna
793 5623 880 5678 hic
921 5624 1106 5679 relicta
1141 5633 1242 5692 cst,
1277 5625 1399 5681 licet
1440 5625 1490 5681 in
1527 5619 1790 5679 Vaticano
1824 5635 1876 5679 ct
1903 5625 2068 5695 [legio
2110 5626 2255 5680 nulla
2297 5627 2620 5695 reperiatur.
