3962 6216
292 310 401 370 ιιι
797 345 799 347 .
1416 295 1481 353 IN
1535 279 1768 354 ISAIAM
1812 292 1915 351 LII!

2020 291 2045 348 ί.
2087 287 2326 347 TOMUS
2362 286 2455 346 IV.
3479 284 3584 341 402

295 430 664 504 καθηγεῖσθαι
715 424 917 497 λαχὼν,
977 417 1302 492 συνεκόμισε
1345 421 1442 491 μὲν
1498 419 1626 483 τοὺς
1665 416 1894 486 ἐπίκλην

2020 413 2292 484 ιορίρηιεε,
2325 410 2414 482 qui
2445 416 2502 466 et
2535 405 2671 480 magi
2715 405 2988 470 dicuntur,
3016 403 3213 474 coegit,
3248 411 3300 460 et
3324 405 3389 459 ad
3422 418 3580 475 quem

299 496 525 597 σοφούς,
554 520 703 576 τοῦτ’
743 496 880 584 ἔστι,
918 517 1044 579 τοὺς
1080 515 1285 587 μάγους
1314 528 1327 542 ·
1358 513 1522 584 ἡρετο
1553 511 1611 564 δὲ
1651 511 1745 564 καὶ
1778 509 1898 562 λίαν

2020 509 2218 561 tandem
2253 505 2410 558 linem
2446 503 2560 557 haec
2594 514 2681 556 res
2731 499 2926 563 exiret,
2981 507 3036 553 et
3088 511 3196 567 quo
3250 505 3408 567 pacto
3463 496 3585 552 belli

302 614 780 686 ἐσπουδασμένως,
825 613 948 665 ὅποι
1002 607 1134 662 ποτὲ
1172 607 1282 678 ἄρα
1311 605 1372 659 τὸ
1399 605 1507 658 τῶν
1557 601 1900 674 πραγμάτων

305 713 487 772 αὐτοῖς
532 702 1021 778 βαδιεῖτσιιτέλος,
1074 699 1170 752 καὶ
1230 697 1352 751 τίνα
1393 695 1596 768 τρόπον
1639 692 1898 763 διακρού-

306 819 493 860 σαιντο
538 799 636 852 τοῦ
676 795 915 866 πολέμου
944 794 1043 862 τὴν
1072 791 1278 860 ἔφοδον.
1305 789 1368 842 Οἱ
1399 788 1454 842 δὲ
1485 783 1739 840 τοσοῦτον
1798 783 1902 851 ἀφ-

307 897 602 966 εστήκασι,
646 890 805 960 φησὶ,
856 885 950 940 τοῦ
998 882 1258 938 δύνασθαί
1311 899 1362 934 τι
1396 879 1505 933 τῶν
1563 875 1899 945 ἀναγκαίων,

306 964 475 1059 ἤγουν
511 981 749 1054 ἀληθῶν,
787 981 981 1042 εἰπεῖν,
1044 976 1120 1038 ώς
1167 973 1260 1028 καὶ
1308 972 1396 1024 ἐπ’
1439 969 1666 1040 ἀκράτῳ
1705 964 1902 1037 ¹μωρία

307 1073 839 1146 καταγινώσκεσθαι.
868 1069 1001 1122 Θεοῦ
1036 1067 1144 1138 γάρ
1175 1065 1379 1120 κακοῦν
1401 1062 1699 1126 ἐθέλοντος,
1721 1061 1902 1127 ἀπρασ·

307 1171 565 1238 κτήσειεν
597 1164 663 1217 ἂν
697 1165 730 1233 ἡ
758 1160 958 1223 παντὸς
1003 1155 1289 1227 ἀνθρώπου
1327 1153 1487 1225 βουλή
1517 1170 1578 1206 τε
1612 1152 1705 1205 καὶ
1743 1149 1903 1202 δύνα-

310 1275 424 1328 μις.
466 1257 594 1308 Ἐὰν
627 1252 734 1323 γὰρ
772 1249 964 1321 κλείσῃ
1014 1247 1136 1301 κατ’
1187 1243 1502 1316 ἀνθρώπου,
1537 1242 1621 1304 τίς
1664 1238 1899 1305 ἀνοίξεις

308 1348 458 1400 κατά
485 1345 548 1398 τὸ
580 1341 984 1414 γεγραμμένον.
1027 1337 1233 1407 Σοφοὺς
1253 1331 1345 1390 οὖν
1377 1337 1486 1406 ἄρα
1515 1334 1734 1396 Τάνεως
1772 1331 1906 1393 τοὺς

309 1441 372 1492 ὲν
399 1439 540 1508 αὐτῇ
580 1453 715 1506 φησι
751 1431 1200 1504 ψευδοπροφήτας
1232 1445 1292 1482 τε
1323 1429 1420 1482 καὶ
1450 1426 1564 1480 τῶν
1590 1428 1647 1479 ὲν
1666 1427 1778 1488 τοῖς
1822 1439 1910 1476 τε·

1999 599 2260 667 impetnm
2316 594 2566 662 frangere
2609 598 2850 661 possent,
2893 588 3306 657 diligentissime
3355 588 3588 644 interro-

2005 689 2172 760 gavit.
2214 685 2448 741 Tantum
2483 682 2657 748 abest,
2689 691 2748 736 ut
2780 681 2834 735 hi
2858 680 3062 751 aliquid
3087 690 3448 750 opportunum
3495 691 3590 734 aut

2005 794 2190 833 verum
2232 777 2510 847 potuerint
2547 774 2751 839 dicere,
2789 781 2850 826 ut
2902 773 3068 827 etiam
3096 772 3325 841 insignis
3352 771 3592 827 stultitiae

2006 873 2419 927 damnarentur.
2457 868 2567 922 Deo
2627 867 2770 922 enim
2831 865 3044 921 volente
3094 866 3293 920 malum
3367 866 3588 934 inferre,

2010 975 2200 1030 parum
2233 958 2429 1013 valebit
2450 970 2610 1012 omne
2637 954 2920 1010 consilium
2984 955 3276 1009 humanum
3304 966 3360 1010 et
3406 965 3593 1026 potet:-

2009 1055 2107 1107 tia.
2131 1051 2188 1106 Si
2215 1052 2356 1106 enim
2375 1052 2636 1107 clauseris
2665 1061 2852 1106 contra
2883 1050 3178 1115 hominem,
3207 1049 3326 1117 quis
3345 1049 3590 1118 aperiet?

2015 1146 2176 1204 sicuti
2221 1147 2484 1215 scriptum
2523 1157 2610 1201 est
2637 1145 2708 1200 ⁵⁷.
2743 1143 2954 1213 Sophos
2979 1143 3141 1211 igitur
3169 1143 3401 1207 Taneos,
3440 1157 3594 1213 pseu-

2012 1239 2378 1308 doprophetas
2410 1236 2528 1307 ejus
2577 1236 2926 1291 delubrorum
2963 1246 3241 1290 curatores
3270 1234 3438 1298 dicit;
3501 1231 3593 1300 qui

2013 1345 2136 1384 cum
2171 1339 2288 1384 arte
2318 1329 2523 1399 magica
2548 1343 2608 1382 se
2661 1327 3034 1391 eﬂ‘errent,cx
3061 1327 3192 1396 ipsis
3241 1327 3404 1382 rebus
3460 1325 3592 1379 nihil

2013 1435 2135 1476 esse
2158 1435 2380 1491 prorsus
2407 1420 2794 1490 arguebantur.

311 1534 538 1605 μένεσιν
598 1527 953 1600 ὲπιμελητάς.
1001 1524 1065 1578 Οἳ
1097 1523 1188 1579 καὶ
1233 1522 1328 1577 ἐπὶ
1397 1521 1559 1592 μάγῳ
1598 1519 1764 1592 τέχνῃ
1838 1515 2164 1588 φρονοῦντες
2223 1515 2387 1586 μέγα,
2448 1513 2515 1568 δι’
2559 1513 2740 1567 αὐτῶν
2779 1511 3068 1585 ἠλέγχοντο
3105 1511 3217 1565 τῶν
3254 1507 3597 1582 πραγμάτων

311 1625 468 1678 οὐδὲν
499 1623 654 1684 ὄντες
681 1618 977 1682 παντελῶς.

387 1719 523 1785 Πῶς
573 1717 761 1786 ἐρεῖτε
806 1715 888 1782 τῷ
932 1713 1218 1780 ,βασιλεῖ’
1257 1711 1378 1768 Υἱοὶ
1405 1709 1679 1766 συνετῶν
1715 1707 1908 1779 ἡμεῖς,

2090 1701 2255 1756 Vens.
2285 1700 2372 1754 12.
2419 1698 2694 1766 Quomodo
2728 1699 2914 1754 dicetis
2947 1698 3096 1767 regi:
3131 1696 3260 1753 Filii
3295 1698 3596 1770 intelliget;-

311 1813 434 1867 υἱοὶ
465 1809 780 1876 ,ϐασιλέων
805 1805 924 1860 τῶν
950 1805 1019 1870 ἐξ
1047 1802 1284 1873 ἁρχῆς;
1332 1802 1458 1856 Ποῦ
1509 1803 1632 1855 εισι
1693 1799 1812 1854 νῦν
1857 1798 1912 1851 οἱ

314 1902 504 1970 σοφοί
548 1913 688 1964 σου,
736 1895 835 1950 καὶ
878 1891 1414 1964 ἀναγγειλάτωσάν
1451 1906 1572 1955 σοι,
1610 1889 1712 1946 καὶ
1745 1888 1914 1944 εἰπά-

315 2007 526 2045 τωσαν
549 2005 564 2020 ο
602 1989 661 2042 Tl
688 1986 1093 2053 βεϐούλευται
1127 1983 1344 2052 Κύριος
1386 1981 1630 2037 Σαϐαὼθ
1666 1981 1761 2035 ἐπ’
1809 1979 1914 2035 Ατ-

311 2097 557 2153 τυπτον
569 2095 590 2144 ;

407 2175 532 2227 Ἑπι
593 2171 793 2235 ποίοις,
861 2153 996 2239 φησὶ
1021 2209 1036 2234 ,
1095 2164 1519 2236 κατορθώμασιν
1567 2163 1914 2218 ἀνασπάσετε

311 2265 422 2335 τὴν
483 2261 690 2334 ὀφρύη
743 2260 808 2312 Τί
867 2259 966 2330 τὴν
1023 2255 1337 2324 Αἰγυπτίων
1379 2255 1675 2326 όνήσαντες
1731 2251 1914 2322 χώραν

309 2352 782 2428 θαυμασθήσεσθε
851 2352 980 2421 παρ’
1026 2348 1228 2414 αὐτῶν,
1287 2347 1319 2418 ἢ
1387 2348 1561 2411 ποίοις
1637 2344 1914 2416 κέχρησθε

313 2449 506 2516 λόγοις
567 2447 662 2499 τὸν
744 2442 1099 2514 βασιλεύοντα
1183 2438 1657 2510 συναρπάζοντες·
1727 2437 1912 2504 λέγον-

315 2559 445 2604 τες,
481 2542 567 2594 ὅτι
606 2539 725 2590 Υἱοὶ
756 2535 993 2588 συνετῶν
1019 2534 1199 2604 ἡμεῖς,
1235 2530 1378 2585 τοῦτ’
1410 2530 1548 2595 ἔστι,
1584 2528 1912 2602 προφητῶν;

316 2637 510 2702 Μάγοι
562 2632 656 2685 καὶ
705 2633 772 2684 ὲκ
825 2629 1048 2700 μάγων*
1085 2625 1136 2679 οῖ
1190 2625 1284 2678 καὶ
1315 2623 1416 2695 τῆς
1441 2622 1627 2694 χώρας
1670 2622 1912 2692 ἀπάσης,

323 2723 624 2795 μονονουχὶ
651 2717 1090 2790 βεϐασιλεύκασι,
1137 2712 1418 2783 διαϐόητον
1466 2710 1760 2781 ἐσχηκότες
1813 2725 1917 2762 πα-

326 2815 402 2884 ρὰ
446 2815 558 2874 τοῖς
593 2809 700 2862 τῶν
747 2808 980 2862 εἰδώλων
1039 2805 1410 2876 θεραπευταῖς
1461 2801 1561 2872 τὴν
1600 2800 1778 2865 δόξαν,
1822 2799 1917 2853 καὶ

322 2907 442 2967 τοῖς
471 2900 768 2973 κρατοῦσιν
801 2900 890 2952 ἀεὶ
933 2897 1180 2959 συνόντες
1217 2911 1278 2948 τε
1316 2893 1412 2948 καὶ⁸
1442 2891 1912 2960 συνδιαιτώμενον

325 2994 423 3047 az;
447 2992 513 3062 δὴ
540 2993 634 3044 καὶ
677 2988 871 3058 βουλὰς
909 2989 994 3056 ἐφ’
1030 2987 1204 3041 ἅπασι
1255 2987 1368 3046 τοῖς
1409 2981 1704 3055 πρακτέοις
1741 2981 1919 3032 εἰσκο-

327 3081 512 3153 μίζειν
543 3079 816 3141 εἰωθότες,
855 3077 964 3130 τῶν
1003 3073 1368 3145 ψευδωνύμων
1405 3072 1544 3126 θεῶν
1582 3068 1916 3140 ὲνηχούντων

326 3173 516 3233 αὐτοῖς
571 3170 668 3239 τὴν
715 3167 808 3222 τοῦ
857 3167 1232 3237 συμφέροντος
1262 3156 1471 3236 θήραν.
1524 3163 1691 3217 Ὅταν
1735 3162 1915 3216 τοίνυν

325 3263 796 3336 ψευδηγοροῦντες
823 3257 1235 3330 ἐλεγχθήσεσθε,
1256 3257 1410 3328 φησὶ,
1435 3256 1530 3310 καὶ
1556 3255 1666 3309 τῶν
1698 3254 1918 3325 ἀληθῶν

325 3355 534 3416 εἰδότες
581 3353 752 3416 οὐδὲν,
785 3350 901 3414 πῶς
934 3351 1109 3421 ἐρεῖτε
1143 3347 1222 3418 τῷ
1256 3346 1464 3416 βασιλεῖ
1488 3364 1502 3378 ·
1532 3347 1648 3400 Υἱολ⁵
1680 3346 1917 3400 συνετῶν

327 3448 531 3518 apag;
569 3445 674 3497 υίοὶ
707 3442 971 3514 βασιλέων
1002 3439 1108 3493 τῶν
1142 3437 1201 3504 ἐξ
1231 3438 1440 3510 ἀρχῆς;
1466 3439 1577 3491 Καὶ
1600 3439 1790 3506 γέγονε
1819 3437 1918 3507 μὲν

326 3539 390 3589 ἐν
419 3535 633 3596 τούτοις
655 3533 684 3584 ὁ
713 3531 1048 3605 προφητικὸς
1075 3531 1205 3601 ἡμῖν
1234 3528 1412 3598 λόγος,
1430 3527 1512 3593 ὡς
1538 3529 1675 3598 πρός
1696 3544 1759 3595 γε
1793 3528 1918 3590 τοὺς

326 3627 628 3689 δοκοῦντας
657 3620 796 3678 εἶναι
827 3622 1023 3693 σοφούς
1044 3640 1059 3654 ο
1091 3619 1211 3675 εἶτα
1240 3621 1482 3692 μέτεισιν
1525 3620 1618 3674 ἐπὶ
1650 3621 1712 3674 τὺ
1751 3620 1917 3675 αὑτοῦ

329 3721 632 3790 πρόσωπον
655 3717 748 3770 τοῦ
781 3713 1138 3786 καθηγεῖσθαι
1161 3714 1439 3785 λαχόντος,
1468 3713 1564 3766 καὶ
1586 3713 1748 3784 φησίν
1765 3729 1777 3741 ·
1805 3711 1918 3766 Ποῦ

328 3813 445 3866 eisi.
475 3811 569 3863 νῦν
597 3811 650 3862 oi
675 3809 829 3876 σοφοί
863 3824 955 3860 σου
981 3823 996 3874 ;
1039 3807 1132 3860 καὶ
1176 3803 1658 3874 ἀναγγειλάτωσάν
1693 3821 1796 3869 σοι,
1821 3803 1920 3857 καὶ

328 3905 652 3956 εἰπάτωσαν
680 3901 734 3954 τί
765 3899 1110 3970 βεϐούλευται
1143 3895 1347 3968 Κύριος
1378 3894 1605 3950 Σαϐαὼθ
1643 3896 1731 3949 ἐπ’
1753 3895 1920 3964 Δίγυ-

331 4008 491 4046 πτον.
530 3991 593 4042 El
627 3988 701 4060 μὴ
733 3989 842 4058 γάρ
882 3989 987 4041 εἰσι
1021 3986 1251 4055 φένακες
1273 4027 1288 4052 ,
1315 3985 1501 4056 φησὶν,
1533 3985 1566 4056 ἢ
1605 3985 1921 4050 ἀπατεῶνες

332 4086 434 4137 καὶ
458 4083 781 4153 βωμολόχοι,
810 4081 901 4133 καὶ
918 4079 1274 4150 ψευδηγορεῖν
1306 4077 1578 4142 εἰωθότες,
1605 4080 1698 4132 καὶ
1726 4078 1793 4132 τὰ
1812 4077 1921 4132 ἀπὸ

332 4175 569 4247 καρδίας
603 4174 781 4227 αὐτῶν
811 4172 1095 4232 λαλοῦντες
1124 4170 1310 4240 μόνης,
1343 4168 1437 4222 καὶ
1457 4169 1555 4222 οὐκ
1585 4170 1692 4222 ἀπὸ
1720 4170 1922 4240 στόμα-

331 4285 431 4332 τος
457 4266 692 4335 Κυρίου’
729 4264 968 4335 μάνθανε
996 4263 1126 4335 παρ’
1157 4262 1337 4316 αὐτῶν
1365 4261 1434 4315 τὰ
1461 4265 1574 4325 τοῖς
1605 4263 1921 4330 Αἰγυπτίοις

2014 1793 2143 1847 tium
2168 1810 2283 1857 nos,
2335 1794 2434 1861 filii
2469 1807 2648 1861 regum
2683 1792 2748 1844 ab
2779 1791 2975 1846 initio?
3019 1791 3122 1845 Ubi
3169 1801 3289 1846 sunt
3329 1809 3465 1846 nunc
3499 1810 3591 1847 sa-

2013 1886 2211 1954 pientes
2255 1886 2355 1949 lui,
2385 1893 2436 1937 et
2481 1883 2793 1939 annumiem
2823 1884 2936 1948 tibi,
2972 1893 3020 1937 et
3049 1883 3224 1938 dicant
3257 1898 3276 1936 :
3309 1883 3451 1949 Quid
3471 1902 3595 1940 con-

2013 1975 2124 2030 sitii
2152 1978 2282 2046 cepit
2320 1974 2579 2030 Dominus
2616 1974 2849 2030 Sabaoth
2873 1992 3030 2046 super
3060 1974 3384 2047 Αῖςνριιιηιῖ

2083 2150 2168 2209 0b
2197 2169 2469 2224 qutenam,
2523 2155 2718 2225 inquit,
2743 2154 2999 2225 praeclara
3031 2154 3293 2222 facinora,
3329 2155 3589 2211 attolletis

2015 2246 2361 2314 supercilium
2389 2247 2412 2301 ?
2446 2246 2582 2313 Quid
2642 2248 2932 2318 adjumenti
2983 2249 3188 2319 regioni
3219 2233 3486 2317 Egyptire
3513 2260 3596 2302 at-
3675 2268 3679 2272 ~

2019 2338 2239 2403 tulistis,
2274 2348 2334 2393 ut
2360 2339 2412 2394 in
2444 2340 2802 2395 admiratione
2851 2344 2992 2410 apud
3025 2356 3116 2395 eos
3143 2341 3303 2396 sitis?
3336 2339 3434 2395 Vel
3491 2359 3594 2410 qua

2015 2431 2265 2485 oratione
2292 2432 2539 2498 utemini,
2591 2448 2712 2488 cum
2749 2448 2928 2503 regem
2964 2433 3262 2502 corripitis,
3318 2433 3596 2492 dicentes:

2015 2518 2137 2574 Filii
2168 2523 2585 2592 intelligentiam
2630 2539 2748 2592 nos,
2787 2526 2836 2581 id
2867 2535 2972 2592 est,
3028 2527 3454 2596 prophetarum?
3485 2527 3599 2582 Ma-

2016 2612 2066 2682 gi
2095 2628 2159 2668 ex
2191 2615 2394 2685 magis;
2449 2619 2539 2687 qui
2591 2617 2753 2672 etiam
2810 2633 2909 2687 per
2955 2609 3266 2674 universam
3322 2620 3596 2688 regionem

2020 2713 2229 2758 tantum
2261 2720 2366 2758 non
2395 2717 2711 2776 regnarunt,
2738 2707 2830 2775 qui
2861 2706 3000 2776 apud
3031 2707 3273 2764 cultores
3327 2709 3593 2764 idolorum

2018 2799 2477 2852 existimationem
2537 2806 2593 2854 et.
2668 2799 2837 2870 289
2903 2800 3128 2869 gloriam
3183 2801 3595 2857 celeberrimam

2018 2888 2196 2958 adepti
2229 2899 2396 2942 sunt:
2436 2888 2528 2958 qui
2594 2905 2714 2944 cum
2778 2891 3088 2959 potentibus
3129 2892 3327 2946 versati
3384 2908 3602 2963 semper

2019 2975 2257 3043 fuerunt,
2292 2989 2346 3031 et
2377 2979 2713 3045 victitarunt,
2744 2979 2942 3049 quippe
2970 2980 3194 3035 consilia
3246 2983 3296 3035 iit
3345 2984 3598 3037 omnibus

1943 3052 1984 3109 (ἶ
2021 3070 2182 3125 rebus
2237 3070 2461 3140 agendis
2487 3067 2680 3125 afferre
2716 3071 2880 3136 soliti,
2948 3071 3090 3127 falso
3151 3074 3443 3129 nominatis
3495 3077 3596 3129 diis

2018 3161 2144 3230 quid
2196 3161 2533 3216 conduceret
2603 3161 3011 3230 inspirantibus.
3069 3160 3202 3217 Cum
3252 3165 3414 3234 igitur
3464 3165 3597 3219 falsa

2017 3251 2422 3316 coneionantes,
2477 3250 2670 3319 inquit,
2709 3259 2764 3304 et
2809 3253 2918 3306 veri
2971 3249 3105 3306 nihil
3173 3251 3407 3308 scientes
3466 3270 3597 3309 eon-

2017 3343 2332 3408 vincemini,
2390 3344 2666 3412 quomodo
2695 3343 2887 3400 dicetis
2914 3344 3063 3413 regi:
3117 3344 3238 3401 Filii
3292 3347 3602 3418 intelligen-

2023 3435 2155 3489 tium
2193 3435 2331 3490 nos?
2372 3435 2492 3488 Filii
2550 3451 2731 3504 regum
2790 3435 2881 3507 qui
2935 3451 2964 3491 a
3020 3438 3212 3509 primis
3274 3441 3601 3494 exstiterunt

2021 3527 2388 3597 temporibus?
2419 3527 2476 3581 In
2503 3527 2588 3582 his
2615 3535 2791 3583 autem
2827 3542 3005 3584 sermo
3063 3530 3413 3599 propheticus
3478 3547 3603 3601 spe-

2020 3628 2132 3674 ctat
2159 3619 2222 3672 ad
2249 3633 2345 3674 eos
2401 3619 2492 3688 qui
2553 3633 2674 3674 esse
2717 3620 3038 3676 videbantur
3111 3623 3412 3692 sapientes;
3472 3623 3595 3677 dein

2020 3724 2150 3764 vero
2178 3709 2462 3764 transitum
2503 3707 2634 3763 facit
2664 3709 2731 3764 ad
2757 3724 3044 3779 personam
3097 3712 3216 3782 ejus
3248 3713 3339 3783 qui
3395 3715 3599 3783 princi-

2020 3813 2202 3875 patum
2232 3803 2455 3859 sortitus
2481 3812 2619 3867 erat,
2663 3813 2716 3858 et
2754 3799 2866 3856 ait:
2911 3801 3008 3857 Ubi
3039 3812 3162 3858 sunt
3200 3805 3471 3874 sapientes
3520 3809 3594 3862 tui

2021 3896 2648 3952 nunc?Etannuntient
2710 3894 2825 3960 tibi,
2855 3904 2908 3950 et
2968 3895 3150 3950 dicant
3211 3897 3337 3966 quid
3385 3900 3598 3954 consilii

2021 3990 2228 4059 ceperit
2255 3988 2513 4044 Dominus
2549 3986 2786 4043 Sabaoth
2817 3988 2880 4043 de
2919 3984 3175 4060 Egypto.
3233 3988 3469 4053 Etenim,
3514 3993 3596 4045 in-

2020 4083 2156 4152 quit,
2193 4082 2369 4138 sinon
2405 4088 2532 4135 sunt
2557 4079 2880 4150 impostores
2907 4091 2960 4134 et
3000 4082 3334 4152 deceptores,
3364 4092 3418 4136 et
3444 4097 3600 4137 scur-

2023 4189 2118 4238 rte,
2191 4172 2237 4227 si
2269 4187 2372 4226 non
2406 4171 2538 4225 falsa
2566 4171 2859 4241 praedicare
2886 4170 3081 4236 solent,
3110 4171 3211 4226 nisi
3247 4187 3312 4227 ex
3356 4186 3454 4227 suo
3507 4188 3605 4241 pe-
3704 4191 3709 4197 '

2019 4277 2174 4327 ctore
2229 4264 2343 4319 solo
2371 4263 2681 4333 loquantur,
2718 4277 2823 4318 non
2850 4263 2917 4318 ab
2944 4278 3042 4319 ore
3073 4263 3283 4319 Domini
3319 4281 3333 4318 :
3364 4265 3510 4319 disce
3535 4266 3604 4318 ab

334 4357 723 4430 ἐπηρτημένα,
758 4357 852 4410 καὶ
892 4355 1086 4408 αὐτίκα
1115 4355 1182 4425 δὴ
1215 4353 1359 4424 μάλα
1392 4353 1783 4425 συμϐησόμενα
1831 4355 1915 4410 διὰ

2025 4355 2129 4411 illis
2149 4372 2268 4426 qua:
2291 4355 2558 4428 Egyptiis
2591 4356 2921 4427 impendent,
2955 4365 3008 4410 et
3061 4369 3186 4424 quae
3245 4370 3311 4409 ex
3377 4355 3604 4409 consilio

338 4452 537 4524 βουλῆς
566 4448 770 4521 Κυρίου
805 4445 1054 4501 Σαϐαὼθ.
1085 4445 1444 4511 Ἐπιτωθάζει
1477 4446 1532 4500 δὲ
1556 4445 1744 4517 ῶσπερ
1771 4448 1798 4499 ὁ
1832 4446 1919 4500 λό-

336 4562 435 4614 γης
472 4547 586 4607 τοῖς
632 4543 734 4596 οὐκ
765 4541 930 4594 εἰδόσι
957 4541 1111 4606 Θεὸν,
1149 4540 1260 4595 ἀλλ’
1293 4536 1403 4595 οἷον
1444 4541 1502 4593 ὲν
1545 4541 1722 4611 σκότῳ
1767 4539 1923 4610 βαθεῖ

337 4637 652 4705 κειμένοις,
684 4634 774 4688 διὰ
815 4633 908 4687 τοῦ
946 4633 1301 4704 προσκεῖσθαι
1343 4632 1516 4701 φιλεῖν
1553 4636 1671 4696 ταῖς
1710 4632 1818 4686 τῶν
1845 4635 1922 4685 εἱ-

332 4726 527 4779 δώλων
556 4725 856 4796 λατρείαις.
888 4725 1174 4779 Πάνδεινον
1216 4720 1309 4778 οὖν
1338 4726 1468 4795 ἀρα,
1502 4723 1702 4792 μᾶλλον
1739 4723 1794 4778 δὲ
1826 4725 1922 4777 καὶ

338 4823 549 4874 εἰκαῖον
570 4819 869 4884 παντελῶς,
887 4817 948 4870 τὸ
976 4820 1098 4880 ταῖς
1121 4817 1228 4870 τῶν
1250 4817 1662 4888 ψευδομάντεων
1684 4816 1921 4879 ἀπάταις

337 4913 680 4984 ὲπιθαρσεῖν·
711 4913 910 4975 ειδότες
942 4913 1050 4984 γάρ
1073 4912 1212 4975 ὅλως
1233 4912 1294 4964 τὸ
1325 4911 1546 4980 σύμπαν
1567 4910 1736 4975 οὐδὲν,
1754 4910 1788 4980 ἢ
1819 4909 1927 4962 τῶν

341 5005 640 5073 ἐσομένων,
670 5004 703 5076 ἢ
747 5003 841 5057 καὶ
870 4996 946 5057 ῶν
983 5004 1048 5058 ἂν
1072 5004 1321 5074 ἐπιφέροι
1346 5002 1501 5065 Θεὸς,
1525 5001 1925 5072 ἀργυρολογίας

343 5094 602 5148 ὑπόθεσιν
624 5093 906 5147 ποιοῦνται
931 5092 1030 5163 τὴν
1054 5092 1468 5162 ψευδομαντίαν,
1507 5093 1598 5144 καὶ
1622 5091 1928 5145 θεοκλυτεῖν

341 5183 802 5247 ὐποπλάττοντες,
819 5184 888 5236 τὰ
901 5184 1010 5236 ἀπὸ
1025 5185 1188 5254 μόνης
1211 5183 1307 5254 τῆς
1326 5183 1476 5252 σφῶν
1497 5183 1690 5255 βουλῆς
1710 5185 1929 5254 ἐρευγό-

345 5291 523 5345 μενοι,
569 5277 664 5330 xci.
703 5276 796 5330 τὸν
842 5275 952 5328 τῶν
981 5275 1393 5346 προσκειμένων
1430 5276 1614 5338 αὐτοῖς
1648 5291 1924 5345 καταγοη-

343 5367 594 5432 τεύοντες
624 5369 769 5424 νοῦν.
806 5368 1042 5423 Λαλοῦσι
1075 5369 1184 5439 γὰρ
1226 5367 1262 5422 ἀ
1299 5368 1366 5422 ἀν
1399 5367 1640 5437 βούλοιτό
1677 5383 1781 5430 τις,
1829 5367 1925 5420 καὶ

347 5461 511 5529 μόνον
539 5461 717 5514 ἐκεῖνό
746 5477 933 5529 φασιν,
962 5461 1098 5533 ὅπερ
1135 5460 1200 5514 ἃν
1233 5455 1373 5514 εἶναι
1399 5460 1770 5529 τεκμήραιντο
1812 5462 1924 5523 τοῖς

348 5549 723 5620 ἀκροωμένοις
749 5550 871 5611 καθ’
902 5550 1116 5620 ἡδονήν.
1151 5550 1290 5602 Ἀλλ’
1321 5551 1349 5603 ὃ
1383 5565 1445 5619 γε
1468 5549 1610 5613 θεῖος
1639 5551 1772 5621 ἡμῖν
1802 5550 1924 5604 ἐπιο

419 5703 461 5733 "
503 5701 603 5758 Job
631 5720 727 5768 xit.
765 5707 847 5759 14.

2027 4449 2240 4505 Domini
2278 4449 2517 4505 Sabaoth
2547 4451 2723 4520 primo
2753 4463 2966 4520 quoque
2999 4457 3237 4517 tempore
3255 4456 3384 4502 sunt
3441 4462 3604 4502 even-

2029 4551 2172 4596 tura.
2205 4540 2430 4595 lnsultat
2462 4541 2615 4611 quasi
2653 4541 2756 4596 illis
2789 4541 2877 4610 qui
2932 4539 3100 4596 Deum
3163 4555 3268 4595 non
3339 4556 3605 4609 cognove-

2029 4646 2176 4700 runt,
2211 4635 2303 4689 sed
2337 4635 2480 4688 velut
2538 4636 2590 4690 in
2659 4633 2942 4706 profundis
3008 4634 3245 4689 tenebris
3286 4634 3602 4704 iacuerunt,

2026 4741 2093 4781 co
2123 4727 2266 4795 quod
2308 4725 2569 4781 idolorum
2601 4726 2768 4780 cultui
2801 4725 3165 4796 adigerentur.
3206 4724 3601 4781 Gravissimum

2031 4818 2213 4887 igitur,
2248 4819 2356 4873 imo
2382 4833 2511 4872 vero
2559 4833 2784 4888 prorsus
2835 4820 3223 4886 lrustraneum,
3295 4819 3606 4888 impostnris

2030 4909 2289 4964 falsorum
2345 4921 2525 4963 vatum
2558 4911 2851 4967 conlidere.
2921 4913 3058 4967 Cum
3112 4911 3256 4966 enim
3319 4911 3496 4964 futura
3549 4917 3603 4961 et

2026 5015 2146 5070 quae
2168 5002 2306 5055 Deus
2331 4999 2516 5066 infert,
2540 5003 2762 5056 omnino
2795 5003 3066 5070 ignorent,
3119 4999 3477 5056 coacervandi
3509 5015 3601 5054 ar-

2025 5092 2172 5164 genti
2216 5091 2496 5146 materiam
2523 5091 2730 5146 faciunt
2759 5101 2929 5146 artem
2955 5089 3473 5160 pseudmnanticam,
3522 5107 3609 5145 va-

2029 5183 2393 5249 ticinationes,
2414 5194 2469 5238 et
2499 5200 2525 5237 a
2545 5184 2651 5240 Deo
2684 5183 2870 5237 audire
2899 5198 2958 5236 se
2991 5181 3196 5252 lingunt
3220 5197 3336 5250 qua:
3363 5196 3461 5236 suo
3488 5182 3604 5234 solo

2028 5278 2289 5333 arbitratu
2309 5285 2578 5341 eructant,
2597 5277 2944 5345 animumque
2964 5289 3149 5329 eorum
3169 5275 3258 5344 qui
3279 5272 3406 5342 ipsis
3424 5274 3609 5328 διηπε-

2034 5379 2181 5434 rent,
2218 5379 2530 5423 excantant.
2557 5368 2874 5437 Loquuntnr
2899 5367 3041 5422 enim
3077 5381 3194 5436 quae
3223 5365 3434 5435 placent
3463 5365 3608 5432 aliis,

2029 5461 2155 5514 illud
2182 5461 2368 5514 dicunt
2420 5461 2592 5516 solum
2625 5460 2765 5529 quod
2823 5458 3074 5528 voluptati
3129 5472 3248 5513 esse
3269 5457 3610 5513 audientibus

2030 5551 2345 5621 conjiciunt.
2378 5551 2644 5606 Craterum
2677 5551 2855 5606 divina
2877 5551 2958 5606 lex
3013 5551 3258 5622 prmcipit
3291 5551 3358 5606 ab
3420 5551 3610 5620 hujus-
