4026 6210
424 317 528 372 «567

1406 305 1471 372 s.‘
1502 317 1773 374 CYittLLI
1814 315 2282 374 ALEXANDRINI
2317 314 2647 372 Attcutep.

3565 310 3662 369 463

425 444 640 484 versum
675 427 975 501 :Egyptios,
1003 439 1055 485 et
1081 445 1107 482 a
1132 425 1370 486 tenebris
1407 432 1459 486 in
1501 432 1674 488 lucem
1714 432 1960 488 transtuli

2087 432 2162 496 ὡς
2183 430 2336 500 ἔφην,
2357 432 2456 482 οὐκ
2477 427 2836 499 ἠσθενηκότος
2863 425 2958 480 τοῦ
2985 424 3361 489 διασώζοντος,
3381 422 3495 477 ἀλλ’
3522 422 3668 488 ἰδίοις

391 520 792 575 'nniversitatis
840 521 1002 587 Deus,
1033 531 1089 575 et
1116 537 1146 575 a
1175 522 1281 575 ritu
1341 523 1680 578 idololatrico
1729 524 1988 590 traduxit,

421 609 675 678 deditque
708 620 765 664 ut
805 612 872 666 de
923 621 1118 668 caetero
1148 603 1684 683 cognosceréntquis
1721 622 1868 668 esset-
1896 630 1992 668 na-

423 713 536 754 tura
568 718 631 757 ac
659 718 784 757 vere
807 703 968 770 Deus,
993 720 1056 760 ac
1102 707 1472 761 universitatis
1514 706 1812 761 fabricator
1844 707 1988 778 (cre-

418 793 668 846 ditlerunt
715 794 863 849 enim
892 796 944 850 in
971 796 1266 863 Christum,
1304 806 1356 852 et
1390 813 1484 866 per
1513 797 1661 852 illum
1690 806 1744 854 et
1795 798 1846 852 in
1897 797 1988 852 illo

419 893 681 938 noverunt
713 900 929 954 quoque
949 885 1186 958 Patrem)
1209 889 1463 953 :hincait,
1499 899 1717 959 propter
1737 904 1985 958 magnam

414 975 654 1040 ipsorum
698 979 1021 1045 probitatem
1057 988 1110 1032 et
1137 980 1476 1050 religionem,
1517 981 1644 1050 ipsis
1665 981 1782 1036 fore
1814 981 1986 1050 regio-

417 1079 538 1118 nem
606 1066 912 1124 Judaeorum
951 1073 1166 1126 terrori.
1200 1071 1415 1126 Terrori
1452 1082 1629 1127 autem
1665 1087 1787 1126 cum
1834 1072 1982 1137 dicit,

414 1164 616 1208 metum
653 1172 719 1210 ex
750 1159 950 1227 pietate
980 1161 1244 1230 intelliges
1281 1162 1604 1231 profectum.
1630 1160 1980 1215 Coluntenim

411 1260 598 1302 nnt‘nes
629 1249 1016 1322 Hierosolyma,
1050 1269 1116 1308 eo
1147 1255 1288 1323 quod
1317 1255 1388 1308 ibi
1424 1263 1579 1309 natus
1625 1254 1786 1307 fuerit
1825 1254 1982 1307 Chri-

411 1346 551 1402 stus,
582 1348 636 1392 et
665 1355 877 1396 crucem
926 1359 1023 1413 pro
1075 1346 1259 1400 mundi
1287 1345 1460 1400 salute
1490 1343 1792 1414 pertulerit,
1818 1351 1872 1397 et
1927 1343 1980 1398 in

410 1442 756 1487 monumento
789 1435 1014 1504 positus,
1042 1439 1217 1492 denuo
1246 1437 1524 1498 revixerit.
1562 1437 1737 1506 adque
1765 1435 1979 1490 Patrem

408 1521 708 1590 emigrarit.
741 1525 878 1580 Olim
921 1527 1119 1598 quippe
1142 1527 1518 1599 Egyptiorum
1563 1529 1688 1583 odio
1737 1527 1982 1598 ﬂagravit

405 1608 712 1669 Jadaeorum
772 1618 943 1686 regio,
963 1628 1081 1674 erat
1108 1620 1252 1674 enim
1287 1635 1533 1689 pugnans
1558 1629 1613 1675 et
1659 1620 1980 1687 discrepans

2092 524 2186 577 καὶ
2223 521 2390 592 αὐτὴν
2423 519 2764 583 ὑποτιθέντος
2793 517 3075 589 νεύμασιν,
3118 515 3212 570 καί
3246 517 3358 578 τοῖς
3384 514 3670 584 Ῥωμαίων

2093 615 2391 685 σκήπτροις
2418 610 2740 680 ὑπάγοντος.
2767 612 2924 663 Δοκεῖ
2952 609 3007 661 δέ
3030 624 3140 662 τισι
3181 606 3274 660 καὶ
3303 605 3503 676 ἑτέρως
3528 606 3671 658 νοεῖν

2087 708 2148 761 τὸ
2175 706 2551 777 προκείμενον.
2583 702 2802 774 Ἐπειδὴ
2835 701 2943 773 γὰρ
2975 701 3111 764 ὅλως
3156 697 3498 767 ἐπεσκέψατο
3540 697 3668 758 τοὺς

2086 799 2440 867 Αἰγυπτίους,
2476 796 2572 851 καὶ
2613 794 2971 866 μετεκόμισεν
3001 795 3066 846 ἐκ
3117 790 3341 852 σκότους
3379 791 3458 850 εἰς
3495 787 3609 856 φῶς
3638 789 3669 840 6

2086 891 2194 946 τῶν
2230 891 2366 944 ὅλων
2396 889 2549 954 Θεὸς,
2593 888 2686 941 καί
2721 886 2998 956 ἀπέστησε
3042 883 3140 954 μὲν
3166 882 3265 952 τῆς
3295 880 3404 933 τῶν
3449 878 3665 932 εἰδωλο-

2086 982 2345 1052 λατρείας
2378 980 2538 1044 ἐθῶν,
2573 979 2873 1048 δεδώρηται
2911 976 2968 1030 δὲ
3004 974 3066 1028 τὸ
3101 973 3300 1026 εἰδέναι
3344 971 3548 1035 λοιπὸν,
3578 969 3667 1034 τίς

2085 1076 2113 1127 6
2145 1073 2304 1142 φύσει
2348 1073 2444 1126 καὶ
2487 1071 2704 1142 ἀληθῶς
2743 1072 2858 1123 ἐστι
2887 1069 3040 1132 Θεὸς,
3085 1067 3179 1120 καὶ
3227 1064 3334 1118 τῶν
3385 1063 3522 1117 ὅλων
3563 1061 3662 1132 δη-

2087 1165 2364 1237 μιουργός.
2397 1163 2800 1217 Πεπιστεύκασι
2844 1161 2953 1232 γὰρ
2982 1162 3063 1224 εἰς
3095 1159 3360 1231 Χριστόν·
3389 1155 3664 1222 ἐγνώκασι

2081 1255 2138 1308 δὲ
2169 1255 2235 1308 δι’
2269 1253 2434 1306 αὐτοῦ
2474 1269 2533 1306 τε
2565 1252 2657 1306 καί
2681 1255 2738 1305 έν
2771 1251 2918 1322 αύτῷ
2946 1251 3036 1304 τὸν
3074 1248 3313 1319 Πατέρα.
3328 1243 3522 1314 ’Ταύτῃ
3552 1259 3658 1302 τοι,

2082 1346 2266 1416 φησὶν,
2304 1345 2368 1397 ὲκ
2399 1343 2602 1413 πολλῆς
2647 1343 2788 1410 ἄγαν
2808 1339 3105 1402 ἐπιεικείας
3139 1355 3200 1391 τε
3225 1336 3321 1390 καὶ
3353 1331 3658 1393 εὐλαϐείας,

2082 1435 2234 1489 ἔσται
2267 1434 2448 1498 αὐτοῖς
2478 1435 2512 1505 ἡ
2535 1433 2686 1504 χώρα
2715 1435 2823 1486 τῶν
2851 1431 3115 1485 Ἰουδαίων
3145 1431 3224 1492 εἰς
3257 1426 3547 1497 φόϐητρον.
3585 1421 3659 1474 Τὸ

2079 1527 2136 1580 δὲ
2165 1529 2244 1592 εἰς
2286 1528 2556 1599 φόϐητρον
2580 1529 2706 1580 ὅταν
2735 1527 2889 1598 λέγῃ,
2921 1525 3134 1595 νοήσεις
3163 1521 3252 1574 τὸν
3282 1522 3346 1572 ὲκ
3369 1517 3470 1586 τῆς
3497 1514 3659 1567 εύλαο

2080 1618 2232 1682 ϐείας
2263 1617 2445 1687 φόϐον.
2487 1617 2701 1688 Τιμῶσι
2753 1616 2863 1687 γὰρ
2904 1616 3140 1678 ἅπαντες
3184 1612 3252 1665 τὰ
3286 1606 3654 1680 Ἰεροσόλυμα,

342 1719 346 1724 '
406 1718 591 1756 eorum
621 1706 826 1775 religio.
861 1709 941 1764 llli
974 1711 1118 1766 enim
1149 1721 1458 1766 creaturam
1480 1720 1536 1766 et
1563 1726 1727 1781 opera
1758 1725 1963 1765 suarun‘

2078 1709 2168 1762 διά
2192 1726 2274 1762 τοι
2300 1708 2361 1761 τὸ
2395 1710 2575 1762 ἐκεῖσε
2601 1707 2852 1777 γενέσθαι
2882 1707 3135 1776 Χριστὸν,
3167 1704 3263 1758 καὶ
3287 1703 3378 1756 τὸν
3402 1699 3544 1770 ὑπὲρ
3557 1697 3657 1765 τῆς

405 1810 662 1851 manuum
692 1800 1050 1856 adoraverunt
1074 1820 1088 1869 ;
1115 1803 1170 1857 hi
1189 1818 1317 1858 vero
1350 1803 1698 1858 sanctissimo
1727 1803 1836 1857 Deo
1859 1817 1963 1857 ser-

2075 1801 2167 1855 τοῦ
2202 1801 2406 1873 κόσμου
2443 1801 2714 1873 σωτηρίας
2735 1799 3028 1870 ἀνατλῆναι
3064 1793 3318 1866 σταυρὸν,
3345 1787 3566 1858 τεθῆναί
3594 1801 3655 1838 τε

402 1884 636 1951 vierunt,
668 1899 722 1943 et
770 1889 979 1959 legibus
1010 1892 1126 1960 ejus
1155 1893 1460 1962 gubernati,
1492 1894 1722 1950 sincera:
1749 1907 1972 1948 conver-

415 1977 642 2032 sationis
672 1979 973 2038 imitatores
993 1985 1342 2040 exstiterunt.
1361 1985 1484 2041 Haec
1511 1987 1674 2056 igitur
1698 1986 1970 2056 quondam

399 2068 572 2122 invisa
605 2073 771 2140 regio,
799 2082 975 2130 terror
1002 2075 1165 2132 veluti
1203 2078 1442 2146 quidam,
1470 2088 1526 2134 et
1561 2078 1841 2149 religionis
1867 2077 1972 2134 erit

377 2175 560 2231 causa
594 2170 649 2216 et
677 2166 923 2232 materia,
950 2179 1232 2239 propterea
1259 2171 1402 2240 quod
1435 2171 1486 2224 in
1515 2185 1578 2226 ea
1596 2170 1844 2226 Christus
1871 2185 1968 2222 na-

398 2261 483 2306 tus
516 2252 699 2324 fuerit,
730 2267 789 2313 ut
810 2258 943 2325 dixi,
971 2261 1064 2330 qui
1092 2277 1156 2317 ex
1185 2263 1422 2319 tenebris
1451 2278 1545 2320 eos
1569 2263 1636 2319 ad
1663 2262 1967 2318 mirabilem

396 2343 567 2414 ipsius
594 2347 763 2405 lucem
801 2353 1033 2432 vocavit.

2078 1889 2170 1948 ἐπὶ
2207 1895 2507 1963 μνήματος,
2546 1892 2842 1947 ἀναϐιῶναί
2868 1908 2926 1944 τε
2967 1882 3056 1954 αὗ,
3090 1887 3184 1940 καὶ
3217 1883 3482 1952 ἀναϐῆναι
3517 1877 3654 1950 πρὸς

2073 1985 2164 2038 τὸν
2213 1985 2452 2056 Πατέρα.
2502 1984 2679 2037 Πάλαι
2737 1984 2834 2053 μὲν
2885 1980 2979 2038 οῦν
3019 1980 3286 2054 μεμίσητο
3332 1973 3484 2046 παρὰ
3539 1973 3653 2032 τοῖς

2073 2074 2392 2144 Αἰγυπτίοις
2409 2073 2518 2128 τῶν
2545 2072 2812 2127 Ἰουδαίων
2842 2074 2876 2144 ἡ
2898 2071 3054 2143 χώρα
3073 2089 3088 2103 ·
3117 2071 3210 2124 καὶ
3243 2067 3352 2137 γὰρ
3372 2060 3440 2136 ἦν
3476 2060 3651 2133 μαχό-

2077 2183 2238 2238 μενος
2272 2166 2455 2230 αὐτοῖς
2506 2166 2604 2236 τῆς
2635 2165 2928 2236 θρησκείας
2968 2167 2998 2217 6
3046 2163 3269 2236 τρόπος.
3298 2159 3361 2212 Οἱ
3416 2155 3514 2226 μὲν
3541 2153 3654 2224 γὰρ

2075 2259 2444 2330 προσεκύνουν
2477 2261 2544 2330 τῇ
2583 2258 2780 2323 κτίσει,
2818 2257 2913 2312 καὶ
2957 2259 3068 2322 τοῖς
3117 2255 3299 2326 ιργοις
3341 2249 3452 2304 τῶν
3503 2246 3652 2300 ἰδίων

2074 2351 2306 2420 χειρῶνο
2338 2351 2387 2404 οἰ
2431 2350 2490 2403 δὲ
2526 2348 2918 2420 λελατρεύκασι
2960 2347 3036 2419 τῷ
3075 2343 3325 2413 παναγίῳ
3368 2338 3507 2409 Θεῷ,
3552 2334 3649 2388 καὶ

391 2443 504 2504 τοῖς
558 2443 688 2514 παρ’
732 2444 896 2497 αὐτοῦ
943 2433 1302 2516 διοικούμενοι
1344 2447 1550 2518 νόμοις,
1623 2447 1724 2517 τῆς
1770 2443 2001 2513 εύαγοῦς
2063 2441 2336 2505 πολιτείας
2373 2441 2660 2510 γεγόνασιν
2702 2437 3051 2511 ἐπιμεληταί.
3103 2436 3169 2490 Ἡ
3198 2432 3374 2487 τοίνυν
3413 2442 3649 2500 μεμιση-

395 2537 528 2607 μένη
562 2538 714 2609 χώρα
757 2540 907 2605 ποτὲ,
943 2541 1212 2614 φόϐητρον
1243 2543 1430 2614 ὥσπερ
1461 2561 1514 2596 τι
1545 2543 1640 2596 καὶ
1683 2541 1969 2603 εὐλαϐείας
2035 2538 2220 2600 αὐτοῖς
2265 2535 2521 2613 ὑπόθεσις
2567 2534 2742 2601 ἔσται,
2805 2533 2977 2590 aram
3019 2531 3081 2586 τὸ
3126 2532 3182 2584 ὲν
3213 2529 3352 2599 αὐτῇ
3395 2521 3649 2594 γενέσθαι

388 2632 646 2703 Χριστὸν,
673 2632 748 2697 ὼς
780 2633 938 2705 ἔφην,
962 2636 1053 2690 τὸν
1079 2638 1142 2689 ὲκ
1180 2639 1403 2702 σκότους
1425 2638 1623 2702 αὐτοὺς
1652 2635 1954 2691 καλέσαντα
1997 2632 2133 2703 πρὸς
2157 2632 2216 2685 τὸ
2246 2631 2559 2702 θαυμαστὸν
2589 2632 2755 2687 αὑτοῦ
2791 2634 2927 2703 φῶς.

467 2722 625 2778 Vens.
662 2724 746 2779 18.
786 2725 992 2780 Dieilla
1029 2729 1254 2798 quinque
1283 2731 1516 2784 civitates
1555 2732 1609 2784 in
1637 2729 1964 2800 ﬁgyplolo-

385 2825 612 2881 queritur
631 2816 811 2883 lingua
829 2817 937 2872 Cha
947 2835 1154 2886 nautea,
1173 2819 1486 2890 eljurnbunt
1503 2823 1708 2877 nomine
1727 2820 1958 2875 Domini.

387 2906 580 2962 Civitas
615 2909 806 2964 Asedec
834 2910 1102 2967 vocabitur
1127 2929 1234 2984 una
1260 2914 1466 2970 civitas.

456 3084 640 3139 Mirari
676 3087 799 3155 quis
831 3089 1029 3157 poterit
1079 3091 1133 3144 in
1177 3090 1285 3155 his,
1319 3100 1374 3146 et
1408 3091 1562 3147 valde
1589 3091 1805 3160 quidem
1855 3105 1960 3146 me-

385 3177 514 3239 rito,
541 3185 786 3246 argutam
817 3187 871 3231 et
908 3179 1234 3248 exquisitam
1257 3181 1399 3236 beati
1451 3184 1729 3252 propheta:
1761 3191 1960 3236 tracta-

388 3273 610 3332 t‘ouem,
644 3268 735 3336 qui
786 3269 946 3339 293
978 3283 1165 3324 eorum
1217 3285 1440 3340 prorsus
1485 3273 1617 3327 nihil
1671 3274 1956 3343 ignoravit,

386 3375 505 3426 quae
555 3361 760 3430 regioni
790 3361 1164 3432 {Egyptiorum
1206 3363 1473 3419 adventus
1507 3371 1750 3434 tempore
1775 3376 1959 3420 essent

389 3453 567 3503 l'ntnra
603 3451 730 3521 :qui
767 3461 821 3506 et
874 3452 1144 3522 sigillatim
1195 3454 1439 3524 praedicit
1471 3454 1844 3524 particularia,
1902 3464 1955 3510 et

387 3540 656 3606 quomodo
713 3542 1022 3612 evangelica
1079 3543 1391 3612 praedicatio
1454 3554 1707 3614 suscepta
1771 3543 1955 3611 fuerit,

386 3635 530 3687 clare
569 3632 804 3687 disserit.
847 3632 1176 3704 Loqttentur,
1217 3635 1413 3705 inquit,
1436 3637 1676 3706 quinque
1708 3637 1956 3691 civitates

386 3726 438 3778 in
473 3724 706 3795 .IEgypto
753 3725 930 3796 lingua
977 3726 1301 3793 Chananma,
1348 3727 1400 3782 id
1435 3737 1535 3794 est,
1576 3727 1836 3799 Syrorum
1874 3727 1957 3783 vel

383 3816 812 3870 l‘alaestinorutn.
840 3816 954 3872 Una
974 3817 1118 3872 enim
1143 3818 1321 3888 lingua
1351 3817 1647 3886 loquuntur
1667 3818 1956 3873 thnices

380 3917 436 3960 et
464 3906 752 3961 Palmstini.
791 3907 930 3962 Sunt
980 3919 1158 3963 autem
1197 3911 1518 3967 contermini
1554 3911 1764 3980 sibique
1826 3911 1956 3979 ipsis

383 3999 620 4068 contigui
657 3998 925 4054 Palaestini
980 4009 1035 4055 et
1089 4001 1350 4072 Egyptii,
1386 4017 1484 4056 nec
1527 4003 1822 4073 quidquam
1873 4011 1956 4057 est

381 4093 784 4158 intermedium,
808 4091 899 4146 sed
935 4092 1118 4146 statim
1143 4095 1194 4146 in
1223 4095 1480 4148 extremis
1509 4095 1705 4150 ﬁnibus
1735 4093 1952 4165 Egypti

381 4197 500 4248 quae
526 4184 592 4234 ad
620 4182 884 4236 orientem
919 4189 975 4236 et
1007 4183 1072 4236 ad
1114 4196 1263 4237 mare
1311 4193 1540 4253 spectat,
1574 4185 1819 4256 inquam,
1849 4184 1956 4239 Pa-

381 4273 601 4327 laestina:
642 4285 798 4329 terrae
832 4272 1262 4344 primiintroitus
1299 4283 1353 4329 et
1378 4277 1531 4343 quasi
1559 4276 1746 4332 l'auces
1783 4293 1951 4347 appao

383 4372 519 4417 rent.
571 4363 814 4420 Conﬁnis
871 4366 1033 4436 igitur
1092 4364 1345 4420 Chanaan
1379 4365 1644 4438 Egyptus
1673 4385 1688 4423 :
1716 4369 1942 4440 ideoque

2146 2723 2225 2791 Τῇ
2257 2724 2445 2793 ἡμέρᾳ
2477 2725 2678 2794 ἐκείνῃ
2715 2726 2957 2781 ἔσονται
2987 2722 3168 2778 πέντε
3213 2718 3420 2783 πόλεις
3445 2714 3515 2768 ὲν
3542 2713 3647 2767 Al-

2066 2817 2271 2884 Τύπτφ
2301 2814 2602 2870 λαλοῦσαι
2648 2816 2723 2885 τῇ
2750 2815 2999 2886 γλώσσῃ
3040 2812 3115 2880 τῇ
3143 2805 3503 2868 Χανανίτιδι,
3545 2801 3650 2855 καὶ

2068 2907 2401 2976 ὀμνύουσαι
2445 2907 2526 2974 τῷ
2581 2909 2825 2977 ὀνόματι
2872 2906 3114 2976 Κυρίου.
3170 2903 3354 2966 Πόλις
3407 2893 3648 2953 Ἀσεὸὲκ

2067 2997 2436 3064 κληθήσεται
2465 2999 2504 3066 ἠ
2529 2998 2639 3069 μία
2670 2999 2867 3064 πόλις.

2129 3087 2624 3158 Καταθαυμάσειεν
2669 3086 2735 3141 ἄν
2773 3105 2859 3151 τις
2896 3088 2990 3142 καὶ
3035 3085 3239 3157 σφόδρα
3281 3081 3503 3144 εἰκότως
3544 3079 3650 3148 τῆς

2059 3175 2118 3228 έν
2156 3193 2221 3245 γε
2262 3175 2475 3240 τούτοις
2516 3175 2866 3248 ἰσχνομυθίας
2904 3176 2995 3230 τὸν
3034 3175 3302 3247 μακάριον
3335 3169 3647 3240 προφήτην,

2060 3268 2157 3322 καὶ
2184 3268 2490 3338 ⁴ἠγνοηκότα
2539 3268 2640 3338 μὲν
2681 3269 2960 3332 παντελῶς
3005 3268 3155 3321 οὐδὲν
3193 3266 3302 3320 τῶν
3343 3262 3620 3332 ἐσομένων

2058 3359 2202 3414 κατὰ
2246 3360 2374 3422 τοὺς
2418 3359 2518 3428 τῆς
2578 3360 2870 3432 ἐπιδημίας
2919 3361 3144 3432 καιροὺς
3189 3360 3257 3429 τῇ
3312 3356 3421 3410 τῶν
3471 3355 3642 3420 Δίγυ-

2059 3451 2230 3503 πτίων
2257 3449 2429 3522 χώρᾳ,
2459 3452 2980 3522 ,προαναφωνοῦντα
3021 3453 3078 3506 δὲ
3110 3451 3182 3504 τὰ
3226 3449 3348 3504 καθ’
3387 3449 3644 3508 ἕκαστον,

2057 3542 2180 3595 τίνα
2237 3542 2437 3613 τρόπον
2483 3543 2545 3596 τὸ
2585 3544 2938 3613 εὐαγγελικὸν
2997 3541 3322 3615 παρεδείχθη
3383 3540 3647 3611 κήρυγμα

2057 3635 2443 3705 διαγορεύοντα
2485 3636 2692 3705 σαφῶς.
2743 3638 2995 3690 Ἔσονται
3025 3636 3226 3699 τοίνυν,
3277 3631 3430 3702 φησί,
3478 3629 3645 3682 πέντε

2057 3734 2242 3798 πόλεις
2276 3737 2332 3788 ὲν
2375 3733 2638 3804 Αίγύπτῳ
2683 3730 2940 3785 λαλοῦσαι
2984 3730 3051 3799 τῇ
3091 3724 3312 3798 γλώσσῃ
3355 3726 3427 3794 τῇ
3461 3722 3646 3774 Χανα-

2055 3827 2233 3890 νίτιδι,
2265 3826 2410 3879 τοῦτ’
2435 3826 2552 3879 ἐστι
2594 3828 2661 3896 τῇ
2690 3823 2900 3895 Σύρων,
2944 3821 3063 3892 ἦτοι
3108 3822 3176 3890 τῇ
3209 3817 3354 3872 κατὰ
3392 3815 3489 3886 τὴν
3522 3815 3644 3866 Πα-

2057 3917 2358 3987 λαιστίνην.
2409 3919 2527 3988 Μιᾷ
2571 3917 2682 3988 γὰρ
2720 3914 2940 3970 λαλοῦσι
2986 3910 3204 3982 γλώσσῃ
3255 3909 3520 3968 Φοίνικες
3546 3904 3645 3956 καὶ

2057 4009 2424 4062 Παλαιστινοί.
2462 4007 2882 4078 Ἀγχιτέρμονες
2925 4005 2983 4059 δὲ
3025 4005 3185 4058 πάλιν
3230 4001 3485 4070 ἀλλήλοις
3529 3997 3644 4049 είσὶ

2056 4100 2405 4154 Παλαιστινοί
2441 4116 2501 4153 τε
2545 4099 2642 4152 καὶ
2681 4097 2973 4167 Αἰγύπτιοι
2996 4139 3011 4164 ,
3063 4096 3158 4149 καὶ
3190 4093 3251 4147 τὸ
3304 4088 3640 4163 μεσολαϐοῦν

2055 4190 2228 4254 οὐδὲν,
2255 4190 2371 4244 ἀλλ’
2405 4192 2464 4242 έν
2493 4191 2606 4252 τοῖς
2630 4189 2729 4260 τῆς
2779 4187 3057 4256 Αἰγύπτου
3101 4184 3322 4254 πέρασι,
3357 4184 3468 4241 τοῖς
3495 4177 3642 4247 πρός

2054 4281 2121 4350 γέ
2162 4298 2304 4352 φημι
2341 4279 2439 4352 τὴν
2495 4281 2605 4346 ἕω,
2646 4279 2741 4333 καὶ⁸
2779 4277 3060 4332 θάλασσαν
3107 4275 3206 4345 τῆς
3258 4267 3638 4326 Παλαιστινῶν

2053 4375 2177 4444 γῆς,
2209 4377 2264 4428 αἰ
2295 4373 2509 4445 πρῶται
2536 4373 2720 4428 λοιπὸν
2751 4372 3062 4441 ἀνίσχουσιν
3105 4363 3363 4421 εἰσϐολαί.
3395 4364 3640 4431 Ὄμορος

377 4455 625 4508 civitates
652 4456 756 4510 illae
784 4457 836 4510 in
871 4456 1104 4512 conﬁnio
1139 4453 1377 4526 Egypti,
1397 4457 1628 4525 primum
1665 4458 1940 4530 Evangelii

2067 4467 2225 4520 τοίνυν
2249 4468 2314 4536 τῇ
2347 4466 2666 4521 Χαναναίων
2696 4466 2730 4536 ἡ
2763 4461 3098 4531 Αἰγυπτίων.
3135 4458 3320 4528 Ταύτῃ
3341 4471 3423 4508 τοι
3452 4453 3548 4508 καὶ
3574 4452 3636 4504 αἰ

307 4596 316 4600 -
378 4555 702 4613 receperunt
772 4547 1208 4616 przedicationem
1265 4564 1278 4603 :
1341 4545 1557 4601 luerunt
1614 4558 1796 4603 autem
1867 4549 1950 4604 hae

377 4636 639 4703 quinque,
669 4653 897 4706 quarum
925 4637 1152 4705 primam
1189 4651 1309 4692 eam
1343 4651 1464 4706 quae
1498 4652 1640 4692 nunc
1675 4635 1951 4693 Rhinoco-

379 4736 685 4780 ruretarum
707 4733 810 4792 est,
825 4726 1072 4780 dicimus.
1095 4725 1412 4795 Loquuntur
1425 4726 1568 4781 enim
1589 4727 1752 4781 etiam
1771 4726 1949 4798 lingua

377 4820 700 4876 Chananaca.
732 4817 845 4875 lllis
888 4820 1032 4872 enim
1071 4819 1295 4874 urbibus
1325 4821 1501 4875 studio
1554 4829 1658 4885 est,
1690 4833 1797 4874 non
1839 4829 1950 4874 tan-

381 4923 493 4966 tum
523 4923 700 4980 Operae
726 4924 977 4978 curaque
1005 4909 1057 4963 in
1074 4908 1452 4980 Egyptiorum
1484 4924 1756 4974 sermone,
1779 4925 1951 4979 quan-

380 5008 492 5052 tum
526 4999 578 5050 in
623 4996 847 5068 Syriaca
877 4997 1058 5067 lingua
1103 5013 1326 5067 ponere.
1362 4998 1591 5064 Quidam
1624 4999 1788 5054 etiam
1825 5013 1950 5052 nar—

382 5091 504 5136 ι-.;ιιι
538 5082 591 5136 in
627 5085 738 5139 suis
777 5084 994 5153 scriptis
1035 5082 1333 5153 Josepltum
1387 5085 1589 5140 diserte
1615 5101 1948 5141 commemo-

380 5188 502 5227 rare
528 5175 814 5243 quemdam
854 5176 1072 5230 nomine
1103 5175 1314 5230 Joniam
1368 5177 1669 5234 ministerio
1703 5178 1946 5238 functum

378 5264 523 5319 inter
551 5282 644 5322 eos
675 5267 763 5336 qui
788 5269 1052 5339 sanguine
1083 5265 1328 5323 Levitico
1360 5267 1574 5324 oriundi
1604 5277 1750 5335 sunt,
1777 5277 1833 5324 et
1861 5284 1948 5325 sa-

378 5357 621 5412 cerdotio
651 5373 714 5413 ex
745 5359 860 5430 lege
885 5370 1137 5417 ornatum
1167 5363 1348 5429 simul,
1382 5364 1477 5433 qui
1505 5375 1560 5418 ut
1583 5381 1650 5420 ex
1685 5374 1830 5420 terra
1861 5363 1950 5420 Ju-

379 5447 536 5501 daica
565 5447 941 5519 demigrasset,
970 5455 1114 5522 quod
1174 5455 1506 5511 simultatem
1537 5473 1660 5512 cum
1717 5457 1947 5526 quodam

379 5547 611 5608 cognato
650 5555 748 5594 suo
792 5547 1145 5611 exercuisset,
1182 5548 1266 5600 vel
1320 5547 1464 5602 forte
1516 5549 1946 5618 persecutionem

2053 4558 2192 4629 πρὸς
2215 4560 2328 4620 τοῖς
2353 4558 2552 4628 πέρασι
2580 4558 2679 4628 τῆς
2721 4556 2998 4624 Αἰγύπτου
3034 4553 3237 4614 πόλεις,
3278 4548 3492 4620 πρῶτον
3529 4562 3638 4596 πα-

2056 4651 2366 4721 ραδέχονται
2407 4650 2468 4702 τὸ
2514 4650 2778 4721 σωτήριον
2820 4649 3112 4718 κήρυγμαο
3143 4644 3304 4697 πέντε
3347 4640 3404 4694 δὲ
3435 4631 3634 4701 αὗται,

2050 4737 2126 4794 ῶν
2164 4740 2227 4811 δὴ
2271 4739 2368 4792 καὶ
2418 4737 2642 4810 πρώτην
2693 4735 2833 4792 εἷναί
2869 4753 3049 4807 φαμεν
3089 4733 3189 4805 τὴν
3236 4732 3352 4785 νυνὶ
3394 4731 3638 4783 Ῥινοκο-

2053 4828 2348 4900 ρουρητῶν.
2381 4827 2618 4883 Λαλοῦσι
2658 4829 2757 4898 μὲν
2792 4827 2887 4882 καὶ
2930 4828 2996 4897 τῇ
3040 4823 3259 4893 γλώσσῃ
3297 4817 3632 4876 Χανανίτιδι.

2063 4920 2457 4974 Ἐσπούδασται
2486 4919 2595 4990 γὰρ
2628 4921 2739 4982 τοῖς
2767 4918 2826 4971 ὲν
2853 4916 3078 4978 ταύταις
3097 4918 3220 4977 ταῖς
3244 4913 3480 4972 πόλεσιν,
3508 4909 3634 4976 οὐχὶ

2048 5013 2146 5081 τῆς
2167 5010 2484 5078 Αἰγυπτίων
2527 5009 2712 5079 φωνῆς
2754 5005 3162 5078 μεταποιεῖσθαι
3198 5002 3471 5065 τοσοῦτον,
3505 5000 3632 5052 ὅσον

2049 5105 2147 5172 τῆς
2177 5101 2384 5173 Σύρων.
2415 5101 2551 5153 Φασί
2587 5099 2646 5152 δέ
2670 5115 2818 5161 τινες
2858 5099 2915 5150 ὲν
2957 5096 3114 5160 ἰδίαις
3139 5095 3480 5163 συγγραφαῖς
3511 5090 3630 5142 δια-

2053 5191 2424 5265 μνημονεῦσαι
2455 5191 2643 5261 σαφῶς
2677 5190 2768 5242 τὸν
2801 5187 3082 5258 Ἰώσηπον,
3121 5189 3203 5241 ὅτι
3229 5185 3331 5255 τῆς
3359 5181 3630 5238 Ἰουδαίων

2047 5286 2421 5355 ἀποφοιτήσας
2452 5285 2578 5354 γῆς,
2609 5280 2814 5343 Ἰωνίας
2841 5296 2924 5342 τις
2949 5279 3173 5348 ὀνόματι
3217 5275 3386 5331 τελῶν
3419 5276 3476 5327 έν
3513 5274 3629 5335 τοῖς

2050 5377 2304 5448 ὲξαίμασι
2345 5375 2441 5429 τοῦ
2474 5373 2604 5429 Λευῒ
2648 5373 2742 5425 καὶ
2775 5373 2840 5442 τῇ
2876 5369 3015 5433 κατὰ
3051 5370 3213 5440 νόμον
3245 5365 3512 5438 ἱερωσύνῃ
3540 5380 3630 5416 τε-

2049 5467 2349 5538 τιμημένος
2374 5507 2390 5532 ,
2428 5465 2503 5528 ὡς
2546 5463 2778 5534 ὁμόρους
2813 5462 2921 5515 τῶν
2966 5459 3286 5514 Χαναναίων
3328 5457 3426 5519 τὰς
3462 5458 3626 5509 τόντε

2049 5559 2277 5613 ταυτασί
2297 5555 2626 5612 κατελάϐετο
2663 5553 2867 5616 πόλεις,
2905 5552 3284 5622 φιλονεικήσας
3311 5549 3445 5620 πρός
3473 5564 3626 5610 τινας

382 5643 668 5700 perpessus
707 5630 918 5698 inisset,
982 5637 1046 5689 ad
1092 5638 1330 5708 quinque
1360 5639 1456 5695 ltas
1501 5641 1663 5697 urbes
1692 5640 1950 5696 ﬁnitimas

2067 5649 2155 5702 τῶν
2196 5647 2490 5717 ὁμογενῶν,
2526 5646 2560 5717 ἣ
2605 5645 2744 5716 τάχα
2790 5661 2894 5697 που
2943 5645 3037 5698 καὶ
3079 5641 3260 5707 δίωξιν
3302 5640 3621 5710 ὑπομείνας.

383 5725 635 5780 (.haztaau
675 5725 978 5797 pertigissc.
1021 5727 1138 5794 llic,
1170 5729 1362 5802 inquit,
1401 5732 1610 5790 inﬁnita
1634 5743 1819 5791 coacta
1858 5732 1947 5792 lu-

2053 5739 2232 5812 υῦτὶς,
2271 5743 2443 5814 φησὶν,
2462 5741 2560 5795 οὐκ
2589 5739 2952 5812 εὐαρίθμητον
2965 5736 3243 5792 ’Ἰουδαίων
3267 5732 3474 5804 πληθὺν
3501 5749 3614 5785 συν-
