3962 6216
557 329 654 380 ὸἹΙ

1542 335 1601 391 S.
1641 336 1918 392 CYRlLLl
1954 340 2418 399 ALEXANDRINI
2460 346 2773 416 ARQHIEP.
3665 364 3744 421 Π)

559 445 820 502 stiterunt
885 446 1107 507 Domino
1149 449 1456 521 complures
1496 461 1552 509 et
1578 454 1998 515 innumerabiles
2041 476 2124 530 per

2240 464 2300 517 τὸ
2321 466 2568 536 τηνικάδε
2589 505 2605 531 ,
2653 469 2768 521 νυνὶ
2792 467 2847 520 δὲ
2887 468 2949 539 δὴ
2981 469 3073 523 καὶ
3106 471 3185 534 είς
3228 472 3399 543 πέρας
3437 474 3749 546 ἐκϐεϐηκότα.

561 536 850 608 zEgyptum
900 556 914 594 :
969 549 1023 594 et
1072 541 1246 597 crucis
1296 543 1506 614 signum
1564 548 1756 606 incolis
1803 555 2124 610 venerabile.

563 625 772 682 Etenim
799 627 851 682 in
881 628 1160 684 Dominum
1191 631 1352 702 295
1379 644 1625 691 nostrum
1650 637 1830 694 Iesum
1855 640 2126 698 Christum

561 719 842 774 credideru
884 728 922 774 t.
962 719 1238 778 Nonnullis
1289 733 1468 780 autem
1501 730 1864 798 expositorum
1903 733 2126 802 placuit,

563 824 660 877 pro
709 811 954 864 columna
1010 811 1221 867 titulum
1269 814 1468 880 dicere,
1495 833 1728 889 eumque
1771 821 1955 878 ferunt
2003 840 2127 881 esse

562 900 704 955 hunc
757 917 1163 965 sacrosanctum
1233 909 1601 982 Evnngelium.
1674 914 1886 973 Judicet
1946 930 2124 976 autem

560 1005 748 1046 rursus
770 996 1026 1063 prudens,
1052 1000 1184 1070 quid
1206 1001 1494 1072 optimum,
1529 1014 1585 1061 et
1617 1007 1744 1076 quid
1760 1009 2123 1066 rectissimum

559 1095 679 1137 esse
708 1084 974 1144 videatur.

633 1265 795 1322 Vsus.
830 1268 922 1336 20,
941 1269 1033 1329 2i.
1059 1270 1201 1336 Quia
1217 1273 1514 1330 clamabunt
1530 1278 1600 1331 ad
1619 1278 1898 1334 Dominum
1915 1291 2127 1351 propter

560 1359 864 1428 nﬁlictanles
878 1377 952 1428 se,
975 1373 1022 1416 et
1041 1366 1203 1419 mittet
1224 1365 1330 1419 iliis
1350 1366 1607 1422 Dentium
1627 1371 1885 1425 hominem
1901 1376 1993 1442 qui
2012 1390 2127 1429 ser-

559 1451 699 1503 vabit
733 1467 842 1519 eos,
882 1461 930 1506 et
951 1465 1101 1508 notus
1121 1456 1218 1509 erit
1243 1455 1500 1512 Dominus
1522 1457 1815 1530 Egyptiis,
1855 1475 1902 1516 et
1931 1480 2127 1534 cogno-

559 1551 700 1593 scent
724 1540 1004 1597 Dominum
1026 1543 1270 1615 zEgyptii
1301 1547 1354 1600 in
1379 1548 1467 1604 die
1497 1547 1612 1616 illa,
1634 1562 1682 1603 et
1700 1551 1894 1619 facient
1920 1557 2126 1624 sacriﬁ-

559 1631 662 1696 cia,
693 1641 740 1687 et
766 1633 1019 1690 vovebant
1045 1649 1162 1692 vota
1195 1637 1444 1708 Domino,
1471 1653 1518 1696 et
1557 1645 1795 1700 reddent.

634 1895 1012 1967 Contemplare
1051 1900 1178 1956 mihi
1245 1904 1438 1958 iterum
1497 1906 1790 1976 prophetiae
1855 1911 2123 1983 egregiam

558 1996 612 2041 et
645 1985 986 2043 artiﬁciosam
1025 1990 1380 2062 vigilantiam.
1420 1992 1552 2050 Nam
1605 1999 1825 2064 perinde
1852 2003 2007 2071 quasi
2041 2005 2126 2060 iu-

563 2089 799 2148 Icrroget
861 2083 1154 2154 quispiam,
1208 2099 1272 2140 ac
1321 2085 1515 2144 dicat:
1554 2088 1692 2156 Quid
1747 2091 1849 2148 hoc
1887 2096 1961 2150 rei
2007 2097 2128 2153 est?

558 2171 684 2235 quid
733 2185 927 2238 causa},
977 2184 1034 2228 ut
1097 2174 1354 2231 D'ominus
1403 2179 1613 2236 veniret
1645 2181 1714 2236 lin
1748 2182 2036 2255 Egyptum
2074 2189 2125 2242 in

560 2257 701 2311 nube
758 2261 879 2325 levi,
932 2273 1094 2333 atque
1153 2266 1254 2320 hoc
1308 2275 1367 2323 et
1411 2269 1540 2327 illud
1594 2275 1762 2341 gratis
1819 2279 2162 2334 conferret?-

561 2361 943 2417 pragoccupans
1020 2355 1280 2424 propheta
1351 2364 1640 2430 respondet
1694 2374 1749 2419 et
1815 2368 1890 2422 ait
1937 2387 1951 2424 :
1992 2368 2126 2435 Quia

560 2439 868 2497 rlamahunt
905 2446 972 2499 ad
1023 2447 1306 2505 Dominum
1361 2464 1582 2524 propter
1626 2456 1921 2528 allligentes
1946 2475 2040 2527 se,
2073 2471 2127 2517 et

562 2533 738 2587 mittet
779 2535 905 2604 ipsis
949 2535 1206 2593 Dominus
1253 2543 1524 2598 hominem
1569 2547 1661 2616 qui
1721 2551 1962 2606 servabit
2009 2566 2122 2608 eos.

518 2619 835 2700 dusultavit
885 2629 1085 2684 etenim
1147 2635 1353 2700 peccati
1399 2645 1572 2704 pater,
1629 2637 1681 2692 id
1738 2649 1823 2695 est
1875 2639 2125 2709 Satanas,

562 2717 825 2774 universae
881 2729 1040 2776 terra:
1071 2723 1284 2788 incolis,
1310 2736 1364 2780 et
1409 2728 1660 2797 nequitiae
1683 2744 1793 2784 sua
1815 2731 2126 2803 jugoimpo-

559 2811 664 2864 sito
710 2811 984 2878 omnibus,
1034 2814 1178 2869 velut
1204 2831 1234 2869 a
1263 2817 1429 2887 septis
1484 2818 1678 2874 divinae
1706 2821 1990 2879 charitatis
2025 2827 2123 2880 ab-

559 2902 732 2967 duxit,
769 2916 822 2959 et
857 2913 1061 2960 tantum
1085 2923 1191 2962 non
1222 2907 1410 2978 ligatos
1456 2910 1665 2967 habens
1694 2915 1833 2984 apud
1858 2929 1918 2970 se
1954 2915 2144 2998 rigide.

560 3005 612 3046 et
640 2995 799 3064 impie
842 2999 887 3052 vi
935 3001 1192 3055 coercuit.
1229 3000 1494 3058 (laterum
1550 3007 1627 3061 rei
1665 3015 1858 3084 natura
1906 3023 2123 3079 gravem

561 3095 614 3139 et
668 3102 773 3141 non
827 3088 1103 3146 ferendam
1145 3091 1196 3146 in
1239 3108 1298 3148 se
1340 3095 1544 3151 habens
1570 3097 1904 3166 violentiam,
1937 3111 2124 3154 contra

567 3181 908 3248 tyrannidem
971 3181 1088 3250 ejus
1147 3187 1440 3241 vociferata
1517 3197 1620 3244 est.
1709 3190 1802 3246 Sic
1864 3192 2125 3261 intelliges

563 3271 826 3325 clamasse
852 3271 1154 3344 (Egyptios.
1208 3277 1397 3347 Atqui
1444 3294 1630 3335 verum
1669 3297 1772 3334 non
1805 3282 1874 3337 sit
1923 3284 2123 3350 dicere,

561 3373 654 3413 eos
684 3362 775 3428 qui
819 3375 1011 3418 natura
1072 3366 1436 3424 universitatis
1471 3369 1755 3425 Dominum
1807 3385 2123 3443 cognorant,

515 3515 518 3520 _
561 3452 779 3506 ()mllillO
812 3454 879 3507 ad
920 3455 1091 3524 ipsum
1123 3473 1227 3512 non
1278 3458 1578 3516 clamasse?
1600 3463 1669 3516 At
1697 3464 1838 3518 enim
1869 3467 2128 3533 quemad-

559 3544 774 3612 modum
809 3548 1028 3618 sanguis
1078 3549 1261 3606 Abelis
1320 3551 1583 3614 clamasse
1610 3540 1786 3610 dictur
1836 3559 1903 3610 ad
1937 3556 2126 3622 Deum,

560 3639 768 3694 etiamsi
807 3640 918 3710 ipse
966 3643 1237 3712 propriam
1274 3660 1460 3701 vocem
1507 3663 1729 3718 prorsus
1759 3664 1862 3704 non
1910 3649 2124 3714 haheat,

560 3731 654 3783 sed
677 3732 817 3798 quod
851 3731 1023 3800 ipsam
1056 3735 1207 3802 quasi
1243 3736 1317 3791 rei
1351 3737 1720 3808 indignitatem
1769 3739 1910 3794 Deus
1942 3755 2127 3809 prose-

558 3829 759 3888 quatur
796 3839 809 3875 :
843 3823 908 3877 ad
937 3824 1184 3880 eumdem
1213 3836 1342 3897 puto
1395 3831 1610 3884 modum
1646 3831 1945 3902 intelligere
2004 3833 2126 3902 quis

560 3913 778 3978 poterit,
817 3913 881 3969 de
917 3913 1000 3969 his
1036 3915 1221 3978 etiam:
1245 3919 1338 3986 qui
1365 3921 1598 3974 adorare
1629 3913 1872 3976 solebant
1903 3922 2127 3977 immun-

559 4007 656 4059 dos
678 4005 921 4073 Spiritus.
955 4006 1066 4061 Etsi
1103 4008 1247 4062 enim
1284 4010 1656 4066 univcrsitatis
1683 4015 1849 4067 Deum
1883 4029 1987 4068 non
2026 4015 2124 4068 Ita-

559 4099 752 4154 hebant
773 4101 1067 4169 cognitum,
1102 4110 1277 4155 tamen
1327 4102 1454 4171 quia
1494 4104 1600 4157 vim
1630 4107 1774 4172 passi
1804 4116 1931 4161 sunt
1962 4123 1990 4160 a
2027 4106 2128 4161 Sa-

559 4201 706 4256 taua,
752 4193 882 4261 ipsa
932 4194 1329 4261 quodammodo
1363 4209 1423 4249 re
1451 4197 1859 4265 exclamarunt,
1905 4201 2126 4256 omnino

558 4286 658 4340 sibi
699 4287 957 4340 auxilium
1023 4287 1394 4354 implorantes.
1464 4289 1556 4344 Sic
1593 4291 1855 4348 clamasse
1896 4295 2126 4350 dicimus

558 4388 612 4432 ct
655 4378 940 4448 Egyptios
975 4380 1040 4434 ad
1073 4378 1242 4434 Deum
1298 4388 1516 4450 propter
1542 4382 1864 4456 amictantes
1901 4401 2014 4452 eos,
2069 4387 2122 4442 id

2153 3151 2200 3212 ϐ

2227 562 2622 632 Θυσιαστήριον
2654 558 2764 629 γὰρ
2792 559 2870 630 τῷ
2902 559 3121 631 Κυρίῳ·
3166 561 3395 616 πλεῖστά
3431 581 3488 616 τε
3533 567 3657 632 ὅσα,
3682 571 3757 622 καὶ

2226 649 2458 720 ἀριθμοῦ
2478 648 2782 721 κρείττονα,
2815 649 2955 703 κατά
2982 649 3081 718 τὴν
3109 651 3422 718 Αἰγυπτίων
3440 669 3453 682 ·
3489 656 3576 708 καὶ
3605 655 3761 710 τὸτοῦ

2228 742 2461 812 σταυροῦ
2499 743 2722 812 σημεῖον
2753 743 2866 803 τοῖς
2902 740 3171 795 ἐνοικοῦσι
3201 745 3586 815 προσκυνητόν.
3618 747 3764 803 [lexl-

2228 833 2483 887 στεύκασι
2507 832 2616 903 γὰρ
2645 833 2724 894 είς
2757 832 2848 885 τὸν
2880 832 3084 903 Κύριον
3113 835 3146 903 ἡ
3157 833 3270 902 μῶν
3310 832 3516 904 Ἰησοῦν
3544 835 3628 888 τὸν
3648 838 3766 908 Χρι-

2227 923 2370 976 στόν.
2394 920 2576 984 Ἔδοξε
2611 921 2668 974 δέ
2688 937 2798 974 τισι
2824 919 2933 973 τῶν
2968 913 3265 991 ἐξηγητῶν,
3300 923 3424 975 ἀντὶ
3449 923 3548 994 τῆς
3589 925 3767 994 στήλης

2225 1011 2400 1065 τίτλον
2418 1011 2702 1080 ὀνομάσαι,
2743 1010 2837 1063 καί
2866 1026 3030 1079 φασιν
3054 1005 3190 1063 εἶναι
3227 1009 3387 1064 τοῦτο
3414 1011 3476 1064 τὸ
3505 1012 3649 1080 ἅγιον
3675 1015 3769 1066 Εὑ-

2225 1098 2493 1169 αγγέλιον.
2516 1099 2794 1175 Δοεαζέντω
2823 1099 2881 1151 δὲ
2899 1097 3058 1152 πάλιν
3085 1101 3116 1153 ὁ
3138 1099 3399 1172 νουνεχὴς
3424 1101 3482 1155 τὸ
3505 1102 3578 1165 ὡς
3597 1103 3773 1173 ἄριστὰ

2223 1207 2283 1243 τε
2307 1191 2402 1243 καὶ
2425 1185 2484 1243 εὖ
2517 1189 2660 1259 εχειν
2685 1189 2896 1245 δοκοῦν.

2295 1279 2425 1331 Ὀτι
2470 1277 2856 1346 κεκράξονται
2901 1277 3052 1347 πρὸς
3095 1279 3316 1348 Κύριον
3361 1279 3463 1334 διὰ
3503 1283 3639 1350 τοὺς
3665 1285 3775 1339 θλί-

2227 1373 2439 1436 ϐογτας
2462 1369 2701 1436 αὐτοὺς,
2729 1370 2827 1424 καὶ
2864 1370 3195 1426 ἀποστελεῖ
3220 1371 3430 1439 αὐτοῖς
3449 1374 3652 1442 Κύριος
3685 1375 3774 1428 ἄν·

2226 1466 2459 1531 θρωπον
2503 1461 2571 1528 ὃς
2624 1462 2809 1516 σώσει
2853 1463 3096 1530 αὐτούς.
3155 1463 3268 1517 Kal
3304 1465 3574 1534 γνωστὸς
3624 1465 3777 1518 ἔσται

2226 1556 2439 1623 Κιῗιριος
2487 1552 2610 1619 τοῖς
2667 1554 3028 1622 Αἰγυπτίοις.
3088 1555 3200 1610 Kal
3245 1555 3579 1626 γνώσονται
3609 1558 3660 1609 οἱ
3699 1557 3778 1610 Αί-

2225 1647 2457 1716 γύπτιοι
2500 1645 2608 1699 τὸν
2651 1646 2868 1713 Κύριον
2911 1646 2984 1700 ἑν
3029 1645 3105 1715 τῇ
3167 1647 3365 1718 ἡμέρᾳ
3423 1648 3638 1716 ἐκείνῃ.
3683 1647 3778 1701 Kal

2232 1738 2555 1806 ποιήσουσι
2579 1737 2818 1804 θυσίας,
2875 1739 2974 1792 καὶ
3007 1738 3289 1804 εὔξονται
3337 1739 3524 1810 εὐχὰς
3556 1739 3634 1805 τῷ
3675 1743 3775 1794 Κυ-

2223 1830 2355 1898 ρίῳ,
2378 1830 2477 1883 καὶ
2513 1827 2918 1884 ἀποδώσουσι.

2302 1919 2492 1989 Ἀθρει
2522 1919 2586 1990 δή
2631 1937 2722 1991 μοι
2777 1919 2939 1976 πάλιν
2982 1922 3082 1992 τῆς
3141 1923 3495 1995 προφητικῆς
3525 1919 3776 1993 εῦτεχνίας

2227 2011 2326 2081 τὴν
2357 2010 2536 2081 νῆψιν.
2575 2012 2786 2081 Ὥσπερ
2810 2011 2916 2083 γὰρ
2955 2012 3481 2085 ἀναπυνθανομένου
3510 2013 3649 2077 τινδς
3698 2012 3779 2065 καὶ

2227 2103 2494 2172 λέγοντοςδ
2528 2103 2592 2155 Τί
2613 2104 2674 2156 τὸ
2698 2103 2917 2174 χρῆμα;
2949 2105 3085 2158 Ποία
3115 2104 3170 2158 δὲ
3189 2105 3387 2174 γέγονε
3419 2105 3678 2177 πρόφασις
3700 2103 3777 2157 τοῦ

2226 2196 2318 2250 τὸν
2338 2195 2540 2266 Κύριον
2568 2194 2739 2248 ἐλθεῖν
2765 2198 2846 2259 είς
2873 2195 3143 2264 Αἴγυπτον
3173 2198 3264 2250 ἐπὶ
3304 2197 3543 2268 νεφέλης
3575 2193 3778 2264 κούφης.

2228 2287 2556 2360 χαρίσασθαί
2583 2305 2644 2341 τε
2670 2288 2852 2352 αὐτοῖς
2881 2287 3040 2342 τοῦτό
3085 2305 3144 2341 τε
3179 2289 3448 2355 κάκεῖνος
3477 2285 3726 2343 διαλαθὼν
3756 2287 3779 2338 6

2227 2381 2512 2451 προφήτης
2537 2379 2888 2452 ἀποκρίνεται
2924 2379 3016 2433 καὶ⁸
3048 2379 3232 2451 φησιν’
3274 2380 3408 2436 ’Ότι
3455 2378 3776 2449 κεκράξονται

2185 2495 2192 2501 ο
2229 2473 2366 2542 πρὸς
2410 2471 2615 2542 Κύριον
2662 2469 2749 2524 διὰ
2778 2471 2903 2534 τοὺς
2961 2469 3240 2533 θλίϐοντας
3281 2471 3514 2535 αὐτοὺς,
3547 2471 3636 2523 καὶ
3659 2470 3776 2522 ἀπο-

2232 2563 2409 2615 στελεῖ
2465 2561 2647 2624 αὐτοῖς
2681 2559 2888 2632 Κύριος
2939 2559 3224 2630 ἄνθρωπον
3275 2559 3340 2623 ὃς
3397 2559 3557 2613 σώσει
3585 2556 3773 2619 αὐτούς.

2240 2653 2581 2724 Ἐπεπήδησε
2609 2651 2707 2722 μὲν
2731 2652 2840 2722 γὰρ
2873 2654 2902 2705 ὁ
2937 2652 3038 2721 τῆς
3090 2651 3370 2723 ἁμαρτίας
3401 2651 3609 2723 πατὴρ,
3657 2646 3777 2702 τοῦτ’

2229 2744 2374 2798 ἔστιν
2404 2747 2432 2798 ὁ
2463 2744 2723 2808 Σατανᾶς,
2778 2745 2888 2806 τοῖς
2921 2741 3023 2796 ἀνά
3057 2744 3238 2796 πᾶσαν
3275 2741 3386 2813 τὴν
3414 2743 3540 2814 γῆν,
3581 2740 3666 2793 καὶ
3692 2737 3774 2806 τῆς

2229 2835 2422 2888 ἑαυτοῦ
2449 2834 2777 2904 δυστροπίας
2802 2833 3012 2896 ἐπιθεὶς
3034 2832 3205 2888 ἅπασι
3233 2833 3322 2886 τὸν
3365 2834 3544 2904 ζυγὸν,
3571 2829 3777 2884 ἀπεϐου-

2229 2926 2426 2997 κόλησε
2455 2927 2552 2998 μὲν
2585 2927 2686 2996 τῆς
2709 2927 2789 2989 εἰς
2816 2925 2948 2978 Θεὸν
2982 2927 3221 2996 ἀγάπης.
3257 2926 3442 2980 Μόνον
3472 2925 3526 2979 δὲ
3563 2923 3672 2992 οὐχὶ
3709 2919 3776 2972 δε-

2227 3019 2482 3089 δεμένους
2503 3018 2641 3088 ἔχων
2683 3019 2772 3085 ὑφ’
2804 3016 3004 3088 ἑαυτῷ,
3051 3017 3265 3088 πικρῶς
3311 3035 3380 3070 τε
3431 3016 3524 3070 καὶ
3569 3011 3776 3071 ἀνοσίως

2231 3110 2580 3174 ωτεὸιάζετο
2597 3126 2610 3140 ·
2647 3108 2761 3162 ἀλλ’
2784 3109 2817 3179 ὴ
2840 3108 2934 3162 τοῦ
2959 3108 3280 3179 πράγματος
3302 3108 3490 3177 φύσις,
3513 3105 3674 3176 δεινὴν
3697 3102 3774 3156 καὶ

2231 3199 2504 3269 ἀφόρητον
2535 3199 2730 3269 ἔχουσα
2750 3199 2848 3268 τὴν
2874 3196 3207 3262 πλεονεξίαν,
3253 3197 3360 3267 τῆς
3413 3196 3611 3250 ἐκείνου
3661 3206 3776 3246 κατ·

2229 3292 2424 3362 εϐόησε
2474 3291 2807 3364 τυραννίδος.
2865 3289 3022 3344 Οῦτω
3062 3291 3276 3360 νοήσεις
3297 3288 3660 3360 κεκράξοντας
3696 3281 3774 3335 ΔΞ-

2227 3383 2507 3454 γυπτίους.
2556 3383 2749 3438 Καίτοι
2793 3382 2910 3446 πῶς
2964 3383 3064 3436 οὐκ
3095 3380 3294 3453 ἀληθὲς
3352 3383 3550 3446 εἰπεῖν,
3579 3379 3650 3430 ὃτι
3697 3373 3772 3426 τὸν

2229 3476 2388 3546 φύσει
2437 3475 2545 3530 τῶν
2587 3475 2725 3529 ὅλων
2769 3474 3046 3546 Δεσπότην
3083 3474 3183 3527 οῦκ
3233 3466 3696 3565 Wwanting-066'
3719 3463 3773 3565 ἂν

2228 3570 2362 3631 ὅλως
2396 3567 2627 3639 ἐϐόησαν
2653 3565 2785 3638 πρὸς
2815 3565 2974 3618 αὐτόν
3000 3583 3015 3632 ;
3051 3563 3190 3616 Ἀλλ’
3217 3563 3414 3634 ὥσπερ
3451 3563 3512 3616 τδ
3546 3556 3669 3628 αἷμα
3693 3556 3770 3608 τοῦ

2231 3660 2397 3713 Ἀὁελ
2421 3659 2611 3730 βοῆσαι
2631 3657 2845 3725 λέγεται
2868 3655 3002 3724 πρὸς
3020 3655 3111 3707 τὸν
3122 3653 3276 3716 Θεὸν,
3300 3655 3403 3708 καὶ
3426 3655 3523 3708 οὐκ
3545 3648 3666 3745 αὐτό
3684 3661 3767 3745 που

2228 3751 2466 3814 πάντως,
2498 3749 2634 3804 ἰδίαν
2662 3748 2784 3818 ἔχον
2814 3747 3020 3817 φωνήν·
3047 3745 3161 3800 ἀλλ’
3199 3747 3367 3799 οἱονεὶ
3395 3746 3494 3816 τὴν
3518 3742 3669 3810 αὐτὴν
3693 3742 3770 3790 τοῦ

2201 3880 2204 3884 η
2227 3842 2552 3912 πράγματος
2567 3837 2796 3893 ἀτοπίαν
2823 3835 3289 3905 κατεστυγηκὸτος
3315 3833 3480 3888 Θεοῦ-
3506 3834 3591 3887 τὸν
3616 3827 3769 3890 αὑτὸν,

2227 3928 2404 4001 οἶμαι,
2431 3928 2632 4000 τρόπον
2655 3928 2846 3996 νοήσαι
2874 3943 2960 3988 τις
2992 3925 3058 3978 ἂν
3107 3924 3200 3977 καὶ
3246 3923 3340 3976 ἐπὶ
3393 3924 3504 3978 τῶν
3541 3919 3770 3976 εἰωθότων

2229 4022 2549 4094 προσκυνεῖν
2577 4019 2686 4081 τοῖς
2716 4016 3048 4087 ἀκαθάρτοις
3067 4015 3334 4084 δαίμοσιν.
3367 4017 3435 4070 El
3454 4015 3558 4087 γάρ
3581 4011 3664 4066 καὶ
3691 4008 3770 4062 οὐκ

2199 4147 2204 4150 -
2229 4116 2374 4168 ἴσασι
2406 4111 2496 4165 τὸν
2523 4109 2630 4164 τῶν
2659 4108 2795 4180 ὅλων
2826 4108 2981 4171 Θεὸν,
3010 4107 3124 4160 ἀλλ’
3158 4104 3250 4162 οῦν
3278 4109 3361 4162 ὃτι
3379 4104 3769 4169 πεπλεονέκτηνο

2227 4223 2314 4259 ται
2345 4203 2497 4274 παρὰ
2547 4201 2643 4255 τοῦ
2695 4200 2930 4264 Σατανᾶ,
2985 4199 3053 4252 δι’
3096 4199 3261 4253 αὐτοῦ
3309 4200 3514 4270 τρόπον
3557 4194 3665 4249 τινὰ
3691 4187 3768 4244 τοῦ

2228 4299 2550 4368 πράγματος
2569 4293 2976 4364 άνακεκράγασι
2997 4291 3096 4364 τὴν
3125 4293 3207 4359 ἐφ’
3226 4291 3442 4357 ἑαυτοῖς
3468 4306 3566 4344 που
3588 4287 3770 4342 πάντως

2225 4388 2502 4452 αἰτοῦντες
2541 4385 2876 4455 ἐπικουρίαν.
2919 4381 3078 4436 Οὕτω
3131 4381 3322 4452 βοῆσαί
3365 4398 3548 4453 φαμεν
3575 4377 3658 4432 καὶ
3691 4372 3770 4436 Al-

555 4482 660 4534 rst,
695 4471 795 4524 sub
825 4487 1038 4525 manum
1089 4486 1272 4527 eorum
1323 4488 1387 4527 ac
1432 4482 1751 4543 potestatem
1793 4478 2120 4549 redigentcs,

2225 4483 2485 4552 γυπτίους
2519 4481 2657 4568 πρὸς
2673 4479 2830 4544 Θεὸν,
2850 4476 2936 4530 διὰ
2957 4477 3084 4540 τοὺς
3107 4475 3386 4556 θλίϐοντας
3421 4476 3632 4568 αὐτοὺς,
3652 4463 3768 4568 τοῦτ’

554 4573 603 4615 ct
640 4563 784 4616 velut
818 4565 1164 4620 acerbissima
1196 4569 1424 4636 quadam
1449 4569 1710 4625 servitute
1733 4573 2117 4642 opprimentes,

554 4655 802 4708 videlicet
839 4655 1079 4723 impuros
1125 4659 1416 4715 daemonas.
1467 4660 1736 4716 Caeterum
1801 4663 1974 4717 mittet
2020 4663 2124 4717 illis

554 4745 814 4800 Doutinns
862 4747 1134 4802 hominem
1155 4751 1244 4818 qui
1271 4763 1688 4808 conservaturns
1737 4763 1820 4808 est
1842 4768 1953 4809 eos.
1990 4754 2124 4820 Quis

557 4835 770 4890 tandem
800 4837 1001 4892 homo?
1033 4854 1212 4894 annon
1242 4840 1491 4898 Christus
1525 4844 1753 4906 scilicet,
1804 4842 1856 4896 in
1886 4844 2121 4898 humana

553 4931 718 5011 296
764 4930 937 4987 forma
990 4941 1173 4997 natus,
1209 4934 1546 5004 unigenitum
1595 4933 1686 4988 Dei
1725 4933 1982 4998 Verbum,
2036 4934 2123 4989 hic

533 5027 830 5094 servavit,
882 5042 990 5083 non
1038 5024 1322 5095 Egyptios
1376 5027 1554 5089 modo,
1601 5027 1694 5081 sed
1751 5040 1912 5094 porro
1960 5025 2121 5080 etiam

531 5132 752 5186 terram
789 5119 1135 5176 universam?
1165 5119 1522 5187 Servavitque
1562 5119 1835 5186 judicans.
1883 5117 1950 5171 Et
1989 5118 2121 5186 quid

550 5223 632 5268 cst
659 5213 810 5278 illud,
843 5211 1376 5282 judicanshcilicet,
1408 5207 1614 5276 justum
1654 5209 1704 5262 in
1733 5223 1828 5263 eos
1857 5206 2120 5276 judicium

551 5306 924 5368 prOuuntians.
983 5305 1241 5358 Satanam
1303 5302 1446 5356 enim
1500 5301 1588 5368 qui
1658 5301 1762 5354 vim
1813 5300 2015 5368 intulit,
2066 5311 2122 5355 et

551 5406 672 5444 cum
707 5407 772 5444 eo
826 5395 969 5460 ipsos
1023 5393 1262 5462 impuros
1319 5392 1595 5446 daemonas
1652 5390 1865 5446 calculo
1933 5401 2122 5446 sancto

550 5478 801 5545 subjecit,
831 5484 1036 5539 catenis
1071 5486 1412 5540 tenebrarum
1453 5484 1506 5540 in
1539 5484 1772 5539 Tartaro
1805 5485 2116 5549 custodivit,

540 5568 875 5639 tradiditque
921 5582 978 5628 ut
1043 5575 1095 5630 iu
1146 5575 1411 5645 judicium
1473 5576 1652 5647 magni
1703 5577 1806 5632 diei
1865 5577 2117 5647 puniendi

550 5669 848 5715 serventur.
885 5667 983 5728 Qui
1029 5680 1189 5732 porro
1227 5670 1566 5736 tyrannidem
1597 5671 1989 5735 sustinuerunt,
2025 5686 2117 5725 eos

549 5754 887 5812 conservavit
922 5763 975 5812 et
1008 5755 1222 5825 eripuit,
1249 5769 1301 5813 et
1326 5775 1453 5816 suos
1485 5761 1660 5818 eliecit
1707 5763 1937 5820 cultores
1971 5781 1982 5818 :
2024 5779 2114 5819 ve-

2223 4576 2358 4638 ἐστι,
2393 4575 2518 4636 τοὺς
2557 4555 2661 4624 ῦπὸ
2691 4571 2848 4641 χεῖρα
2869 4569 2968 4640 τὴν
2999 4567 3205 4622 ἑαυτῶν
3238 4567 3662 4639 πεποιημένους,
3694 4555 3769 4618 κςιὶ

2221 4667 2410 4739 ὥσπερ
2437 4668 2541 4720 τινὶ
2571 4665 2870 4735 πικροτάτῃ
2896 4663 3110 4733 δουλείᾳ
3155 4661 3608 4722 καταπιέσαντας,
3640 4652 3767 4760 δῆλξν

2219 4760 2279 4812 δὲ
2310 4760 2392 4812 ὅτι
2421 4759 2547 4822 τοὺς
2571 4757 2914 4827 ἀκαθάρτους
2941 4755 3223 4824 δαίμονας.
3267 4752 3428 4806 Ἀλλὰ
3470 4752 3660 4822 πέμψει
3688 4752 3768 4796 αὺ-

2221 4852 2331 4912 τοῖς
2358 4848 2560 4920 Κύριος
2605 4846 2890 4916 ἄνθρωπον
2942 4846 3001 4909 ὃς
3035 4844 3198 4898 σώσει
3251 4845 3468 4909 αὐτούς.
3509 4843 3612 4896 Καὶ
3646 4837 3718 4899 τίς
3747 4833 3770 4884 ὁ

2223 4941 2506 5013 ἄνθρωπος
2529 4981 2543 5005 ,
2571 4939 2602 5010 ἧ
2639 4937 2878 5009 δηλονότι
2905 4937 2932 4989 ὁ
2955 4936 3225 5007 Χριστόςς
3259 4936 3406 4990 τοῦτ’
3429 4937 3592 4997 ἔστιν,
3619 4933 3670 4984 ὲν
3695 4929 3770 4980 ἀν·

2222 5030 2469 5103 θρωπείᾳ
2499 5033 2681 5102 μορφῇ
2712 5029 2967 5102 πεφηνὼς
3001 5031 3029 5082 ὁ
3075 5029 3371 5100 μονογενὴς
3401 5029 3494 5082 τοῦ
3531 5023 3654 5080 Θεοῦ
3681 5019 3767 5074 Δό-

2221 5140 2335 5192 γος·
2371 5115 2526 5184 οὗτος
2553 5121 2791 5175 σέσωκεν
2827 5123 2928 5174 οὑκ
2958 5121 3286 5189 Αἰγυπτίους
3309 5121 3488 5192 μόνον,
3515 5114 3642 5172 ἀλλὰ
3679 5108 3768 5177 γὰρ

2221 5213 2316 5266 καὶ
2333 5213 2434 5284 τὴν
2459 5213 2746 5284 σύμπασαν
2776 5213 2899 5283 γῆν.
2922 5211 3134 5265 Σέσωκε
3159 5211 3216 5264 δὲ
3248 5211 3470 5280 κρίνων·
3505 5208 3598 5302 καὶ,
3624 5202 3673 5256 τί
3698 5198 3766 5302 τξ.

2221 5305 2444 5376 κρίνων,
2465 5306 2645 5372 scrin;
2682 5306 2826 5358 Ἀντὶ
2851 5303 2966 5369 τοῦ,
2992 5303 3203 5357 δικαίαν
3233 5304 3322 5355 ἐπ’
3354 5305 3532 5365 αὐτοῖς
3554 5299 3645 5367 τὴν
3667 5299 3768 5395 κίδί·

2223 5412 2306 5450 σιν
2344 5397 2613 5468 ἐκφέρων.
2643 5397 2747 5450 Τὸν
2771 5396 2870 5466 μὲν
2907 5394 3017 5467 γάρ
3040 5394 3508 5463 πλεονεκτήσαντα
3529 5392 3764 5444 Σατανᾶν,

2220 5490 2314 5544 καὶ
2371 5491 2466 5542 σὺν
2535 5488 2682 5557 αὐτῷ
2731 5489 2857 5550 τοὺς
2886 5488 3229 5561 ἀκαθάρτους
3282 5486 3536 5557 δαίμονας
3590 5480 3766 5549 ψήφοις

2219 5580 2397 5643 ὁσίαις
2426 5579 2716 5640 ὑποτιθεὶς,
2748 5580 2957 5647 σειραῖς
3014 5578 3178 5647 ζόφου
3241 5575 3593 5650 ταρταρώσας
3645 5580 3761 5633 παρ·

2221 5671 2422 5725 ἔδωκεν
2456 5674 2533 5733 si;
2557 5671 2732 5739 κρίσιν
2775 5672 3015 5741 μεγάλης
3039 5674 3250 5743 ἡμέρας
3295 5661 3762 5736 κολασθησομένουῖ

2220 5765 2424 5833 τηρεῖν·
2463 5762 2598 5824 Τοὺς
2627 5759 2680 5812 δέ
2712 5776 2770 5828 γε
2807 5761 2904 5832 τὴν
2943 5762 3117 5830 οὕτως
3144 5763 3418 5835 ἀφόρητον
3456 5753 3759 5818 ἁνατλὰντας
