3962 6216
243 343 353 398 4⁸1⁸1

1349 348 1417 405 ΙΝ
1458 350 1688 407 lSAlAM
1727 351 1855 409 LIB.
1899 351 1961 406 11.
1993 350 2232 410 TOMUS
2270 353 2356 411 Ν.

3415 364 3520 421 4⁷8

236 459 420 527 tigno.
461 459 774 533 Τετήρηται
806 460 912 534 γὰρ
949 463 1042 516 καὶ
1104 465 1254 537 αύτῷ
1293 466 1392 538 τῆς
1433 470 1771 541 ἐπιστροφῆς
1803 476 1815 525 t

1935 473 2060 528 bent
2087 474 2231 529 enim
2264 482 2320 527 et
2371 471 2443 527 illi
2487 471 2817 528 destinatum
2863 471 2967 527 sibi
3014 447 3221 545 tempus
3244 490 3356 532 sua:
3388 494 3503 533 con-

239 551 460 622 καιρός.
485 550 804 621 Γέγραπται
839 551 989 621 γοῦν,
1019 554 1102 608 δτι
1130 574 1149 608 ι
1183 558 1352 610 Ὅταν
1385 558 1442 611 δὲ
1469 559 1531 612 τὸ
1557 561 1834 631 πλήρωμα

238 644 357 697 τῶν
386 642 553 697 ἐθνῶν
583 643 824 714 εἰσέλθῃ,
849 643 970 697 τότε
1028 648 1136 710 π’ᾶς
1175 648 1391 720 Ἰσραὴλ
1446 649 1771 721 σωθήσεται.
1809 670 1827 702 ι

247 735 445 806 Ἀθρει
473 733 536 806 δὴ
561 729 675 800 οῦν,
709 735 864 807 ἄθρει
883 737 1065 808 τρίτον
1100 741 1158 792 ἐν
1179 741 1389 804 τούτοις
1418 741 1830 813 ὠνομασμένον,

243 828 303 880 ἐν
355 830 468 890 τοῖς
509 828 815 898 Ἀσσυρίοις
857 830 952 883 καὶ
999 831 1338 900 Αἰγυπτίοις.
1398 835 1716 906 Ἀσσυρίους
1773 836 1831 889 δέ

244 935 413 987 φησιν
433 919 491 970 ἐν
519 917 748 985 τούτοις,
777 919 853 984 ὡς
901 920 1057 993 ἔφην,
1117 923 1246 986 τοὺς
1299 924 1442 978 κατά
1465 941 1528 993 γε
1558 926 1658 995 τὴν
1684 924 1830 995 ἐῴαν

242 1009 464 1062 ἃπασαν
488 1010 612 1079 γῆν,
652 1011 887 1080 μάλιστα
915 1012 969 1065 δὲ
993 1013 1090 1082 τὴν
1127 1015 1300 1086 μέσην
1325 1015 1433 1068 τῶν
1460 1016 1741 1086 ποταμῶν,
1771 1019 1829 1070 ἐν

243 1095 276 1173 ᾖ
302 1102 397 1154 καὶ
420 1097 560 1155 εἷναί
596 1118 728 1171 φασι
753 1105 1011 1175 γνησίους
1038 1107 1439 1178 προσκυνητὰς,
1472 1109 1565 1162 καὶ
1594 1109 1829 1178 ἀδελφὴν

241 1194 334 1245 καὶ
365 1194 585 1260 γείτονα
614 1195 714 1265 τῆς
743 1198 1053 1264 Αἰγυπτίων
1110 1199 1530 1268 ἐπιτηδεύοντας
1568 1201 1823 1271 ἄσκησιν,

237 1282 314 1345 ὡς
353 1283 636 1353 ίσάμιλλον
671 1285 813 1356 ἔχειν
851 1288 949 1358 τήν
983 1305 1042 1342 τε
1088 1291 1169 1353 είς
1193 1292 1302 1343 πᾶν
1331 1290 1507 1344 ὁτιοῦν
1531 1291 1639 1345 τῶν
1687 1294 1826 1360 ἀγα-

235 1373 346 1427 θῶν
375 1375 566 1443 ἕφεσίν
600 1394 660 1429 τε
691 1378 785 1429 καὶ
819 1377 1149 1449 προθυμίαν,
1199 1382 1294 1434 καὶ
1336 1383 1434 1452 μὲν
1467 1401 1548 1437 τοι
1575 1384 1671 1436 καὶ
1698 1385 1826 1454 ἁρε-

229 1465 354 1534 τήν.
389 1465 866 1538 Τοιγάρτοιφησὶν
887 1470 914 1520 6
948 1470 1056 1523 τῶν
1091 1472 1228 1526 ὅλων
1259 1473 1412 1536 Θεὸς·
1447 1472 1826 1544 Εὐλογημένος

229 1557 259 1608 6
291 1555 426 1620 λαός
474 1573 599 1626 μου,
635 1559 662 1610 6
688 1560 746 1610 ἐν
769 1559 1031 1631 Αἰγύπτῳ
1079 1564 1172 1616 καὶ
1218 1565 1274 1616 ἐν
1337 1565 1641 1636 Ἀσσυρίοις
1669 1582 1682 1596 °
1727 1568 1825 1618 ἐπ-

226 1648 556 1719 αριθμεῖται
580 1649 636 1702 δὲ
660 1652 840 1722 τρίτος
873 1655 903 1706 6
941 1655 1175 1728 Ἰσραήλ.
1213 1657 1560 1727 Προσεπάγει
1589 1656 1696 1729 γὰρ
1729 1660 1812 1712 ὅτι

227 1741 345 1792 Καὶ
389 1741 725 1812 κληρονομία
765 1761 867 1813 μου
914 1745 1150 1816 Ἰσραήλ.
1205 1747 1316 1798 Καὶ
1371 1746 1565 1799 τούτου
1615 1747 1672 1800 δὲ
1722 1747 1821 1818 τὴν

1938 564 2224 619 versionis.
2268 563 2402 618 Nam
2434 565 2693 632 scriptum
2726 575 2848 620 est:
2885 584 2904 615 s
2932 565 3156 632 Quando
3185 583 3312 623 vero
3347 571 3517 638 pleni-

1939 656 2064 708 tudo
2091 658 2332 722 gentium
2388 655 2693 720 intraverit,
2747 664 2858 709 tum
2921 658 3099 711 omnis
3147 658 3308 712 Israel
3335 660 3516 716 salvus

1933 743 2038 798 erit
2058 744 2124 797 ".
2155 763 2174 796 ι
2212 743 2590 814 Conlemplare
2647 746 2842 816 igitur,
2897 749 3268 818 contemplare
3322 751 3373 805 in
3425 752 3512 808 his
3565 811 3570 816 ,

1937 834 2153 888 tertium
2181 835 2588 890 denominatum
2641 837 2780 892 inter
2836 839 3091 909 Assyrios
3125 850 3177 894 et
3201 839 3508 911 Egyptios.

1931 927 2184 998 Assyrios
2239 927 2326 982 hic
2366 929 2517 992 dicit,
2574 937 2634 982 ut
2695 931 2927 994 aiebam,
2987 931 3077 999 qui
3137 940 3304 984 totam
3368 934 3513 987 velut

1931 1021 2248 1076 orientalem
2315 1031 2511 1076 terram
2563 1032 2876 1090 occupant,
2924 1023 3161 1079 maxime
3213 1039 3334 1079 eam
3391 1041 3512 1095 qua:

1933 1109 2073 1165 inter
2130 1110 2323 1166 ﬂuvios
2375 1112 2476 1167 sita
2538 1122 2640 1175 est,
2679 1113 2730 1165 in
2780 1127 2884 1182 qua
2917 1113 3080 1167 etiam
3127 1130 3416 1183 germanos
3456 1125 3512 1170 et

1929 1201 2193 1271 ingenuos
2231 1203 2544 1257 adoratores
2568 1217 2694 1258 esse
2717 1201 2914 1268 ferunt,
2939 1203 3028 1271 qui
3061 1214 3115 1256 at
3139 1214 3426 1273 cognatam
3455 1215 3510 1259 et

1928 1293 2161 1346 vicinam
2183 1291 2560 1364 Egyptiorum
2588 1292 2843 1347 excolunt
2870 1293 3232 1362 disciplinam.
3257 1295 3326 1348 ita
3363 1303 3420 1348 ut
3453 1296 3505 1347 i‘n

1927 1384 2190 1439 bonarum
2222 1399 2403 1438 rerum
2434 1385 2634 1448 studio,
2668 1384 2952 1440 alacritate
3013 1395 3070 1440 et
3112 1387 3313 1442 virtute
3341 1386 3510 1458 299

1925 1489 2080 1542 aeqno
2127 1490 2347 1545 prorsus
2380 1485 2553 1529 marte
2611 1475 2890 1530 decertare
2940 1476 3244 1531 videantur.
3277 1477 3512 1532 Proimle

1926 1561 2056 1616 dicit
2099 1563 2471 1618 universitatis
2495 1562 2637 1620 Deus
2669 1579 2683 1616 :
2723 1564 3048 1620 Benedictus
3071 1567 3296 1634 populus
3355 1581 3507 1622 meus

1924 1657 2014 1724 qui
2048 1666 2130 1710 est
2165 1656 2220 1710 in
2251 1655 2508 1728 Egypto,
2545 1667 2599 1710 ct
2635 1658 2726 1725 qui
2761 1659 2812 1712 iu
2844 1658 3119 1729 Assyriis,
3158 1668 3516 1716 numeratur-.

1924 1761 2029 1814 que
2079 1749 2273 1801 tertius
2335 1746 2528 1802 Israel.
2585 1745 2778 1802 Subdit
2820 1750 3008 1803 enim:
3055 1748 3354 1803 llaereditas
3385 1763 3506 1804 mea

225 1833 512 1902 πρῦφασιν
544 1811 928 1906 προαπεδειεεν
948 1811 1095 1909 ἡμῖν*
1113 1837 1142 1890 6
1169 1837 1345 1906 λόγος’
1364 1811 1815 1912 κεκυριοκτόνηκε

1925 1837 2108 1893 Israel.
2137 1839 2363 1895 Causam
2394 1850 2571 1894 autem
2617 1841 3065 1911 prmsignilicavit
3095 1841 3252 1896 nobis
3282 1843 3458 1896 oratio
3489 1859 3504 1908 ;

222 1924 336 1994 γὰρ
370 1925 466 1976 καὶ
490 1923 728 1978 τέθειται
758 1928 838 1988 είς
864 1926 1052 1992 νῶτον,
1089 1927 1234 1981 καθά
1255 1929 1466 1997 φησινὸ
1495 1929 1680 1984 Δαϐίδ.
1709 1929 1818 1982 Καὶ

221 2017 284 2070 ἐν
315 2020 432 2080 τοῖς
457 2018 795 2091 περιλοίποις
820 2019 1045 2088 γέγονεν
1080 2022 1108 2074 6
1137 2020 1498 2092 πρωτότοκος.

297 2195 417 2250 Τοῦ
463 2195 641 2263 ἔτους
683 2192 756 2254 οὖ
799 2196 1084 2266 εἰσῆλθεν
1127 2199 1394 2254 Ταναθὰν
1436 2201 1524 2266 εις
1549 2196 1814 2265 Ἄζωτον,

218 2287 410 2355 ἡνίκα
442 2289 760 2358 ἀπεστάλη
787 2290 903 2346 ὑπὸ
939 2290 1117 2360 Ἀρνὰ
1135 2292 1442 2358 βασιλέως
1465 2293 1812 2361 Ἀσσυρίων,

217 2379 321 2432 καὶ
353 2381 704 2451 ἐπολέμησε
732 2383 848 2451 τὴν
872 2383 1134 2450 Ἄζωτον,
1176 2385 1274 2438 καὶ
1320 2384 1680 2438 κατελάϐετο
1710 2385 1816 2438 αὺ-

217 2472 356 2538 τὴν,
389 2475 526 2526 τότε
571 2472 843 2542 ἐλάλησε
868 2477 1082 2544 Κύριος
1111 2475 1261 2545 πρὸς
1300 2477 1545 2530 Ἡσαΐαν
1585 2475 1811 2546 λέγων’

214 2565 494 2632 Πορεύου
523 2564 622 2618 καὶ
646 2566 835 2634 ἄφελε
859 2567 966 2620 τὸν
987 2567 1222 2621 σάκκον
1263 2568 1382 2622 ἀπὸ
1433 2566 1542 2636 τῆς
1584 2568 1814 2636 ὀσφύος

213 2669 359 2718 σου,
405 2654 508 2709 καὶ
548 2655 618 2709 τὰ
665 2656 968 2710 σανδάλιά
1011 2674 1127 2711 σου
1172 2658 1478 2712 ὑπόλυσαι
1527 2657 1646 2713 ἀπὸ
1694 2656 1815 2710 τῶν

218 2749 430 2802 ποδῶν
470 2764 624 2802 σουο
664 2749 764 2802 ’καί
817 2749 1108 2816 ἐποίησεν
1158 2750 1366 2816 οὕτως,
1409 2732 1811 2819 πορευόμεθος

217 2841 454 2909 γυμνὸς
505 2841 603 2894 καί
652 2842 1042 2906 ἀνυπόδετος.
1098 2841 1211 2896 Καὶ
1249 2839 1381 2896 εἷπε
1419 2843 1660 2910 Κύριος·
1704 2843 1814 2895 Ὃν

219 2934 451 3002 τρόπον
498 2935 857 3001 πεπόρευται
889 2933 1130 3000 Ἡσαΐας
1178 2936 1212 2987 ὀ
1250 2933 1390 3000 παῖς
1420 2950 1540 3002 μου
1586 2933 1814 3002 γυμνὸς

219 3024 320 3078 καὶ
348 3024 744 3091 ἀνυπόδετος,
777 3026 908 3093 τρία
941 3024 1043 3092 ἐτη
1073 3023 1244 3077 ἔσται
1267 3021 1486 3092 σημεῖα
1515 3021 1612 3075 καί
1647 3023 1815 3092 τέρα-

219 3135 294 3172 τα
317 3117 444 3183 τοῖς
469 3120 814 3186 Αἰγυπτίοις
853 3118 950 3171 καὶ
977 3118 1256 3185 Αίθίοψιν
1276 3132 1290 3147 ⁸
1327 3115 1414 3168 ὅτι
1458 3115 1644 3180 οὕτως
1681 3112 1812 3178 ἄξει

1921 1928 2208 1982 Dominum
2269 1931 2415 1986 enim
2450 1931 2675 1996 occidit,
2743 1941 2801 1986 et
2827 1932 3035 2001 positus
3062 1942 3142 1986 est
3175 1933 3227 1985 in
3272 1941 3505 2002 tergum,

1919 2021 2375 2088 quemadmodum
2405 2022 2483 2076 ait
2534 2021 2702 2077 David
2731 2023 2804 2089 ",
2851 2033 2908 2078 et
2957 2024 3010 2078 in
3046 2023 3286 2092 reliquiis
3310 2038 3503 2078 cense-

1919 2121 2008 2167 tur
2034 2114 2446 2183 primogenitus.

1987 2202 2117 2258 Car.
2171 2201 2288 2259 XX.
2343 2203 2502 2260 Valte.
2551 2204 2676 2259 1-4.
2736 2203 2889 2258 Anno
2951 2221 3054 2274 quo
3105 2206 3370 2273 ingressus
3427 2213 3504 2257 est.

1920 2294 2202 2350 Tanathan
2253 2297 2308 2350 in
2363 2297 2610 2362 Asotum,
2654 2296 2862 2367 quando
2895 2297 3088 2349 missus
3116 2297 3181 2348 ab
3208 2295 3354 2348 Arna
3382 2311 3502 2364 rege

1916 2387 2274 2457 Assyriorum.
2311 2397 2358 2441 et
2385 2388 2611 2441 Azotum
2657 2402 2937 2456 aggressus
2976 2394 3052 2439 est
3091 2387 3340 2454 etcepit,
3374 2397 3500 2438 tunc

1915 2477 2122 2533 locutus
2147 2488 2223 2534 cst
2261 2479 2518 2533 Dominus
2577 2478 2760 2544 Isaiae,
2800 2480 2980 2532 dicens
3007 2492 3026 2531 :
3089 2476 3252 2544 Vade,
3283 2488 3330 2532 et
3370 2491 3506 2531 nus

1916 2582 1950 2618 a
1987 2565 2162 2620 luntbo
2208 2576 2299 2620 tuo
2343 2583 2576 2632 saccum,
2610 2578 2659 2622 ct
2691 2568 2892 2631 calceos
2921 2581 3040 2623 tuos
3067 2569 3280 2622 detrahe
3313 2569 3378 2622 de
3411 2583 3500 2636 pc-

1915 2656 2068 2710 dibus
2101 2658 2224 2710 tuis.
2256 2657 2324 2711 Et
2343 2658 2466 2727 fecit
2497 2660 2594 2723 sic,
2627 2659 2873 2713 incedens
2913 2661 3086 2714 nudus
3121 2670 3172 2712 et
3213 2659 3503 2713 discatcsa-

1915 2755 2019 2800 tus.
2070 2746 2136 2800 Et
2181 2747 2315 2801 dixit
2380 2747 2636 2803 Dominus
2672 2763 2692 2802 :
2757 2749 3212 2814 Quemadmodum
3262 2749 3500 2804 ambulat

1917 2835 2092 2892 Isaias
2134 2854 2314 2892 servus
2362 2856 2504 2894 meus
2541 2843 2713 2894 mulus
2743 2851 2792 2894 et
2823 2841 3196 2905 discalceatus,
3223 2842 3302 2894 sic
3329 2843 3500 2896 tribus

1916 2931 2071 2984 annis
2103 2941 2262 2985 erunt
2301 2933 2453 3001 signa
2493 2943 2539 2986 et
2589 2935 2832 3003 prodigia
2859 2933 3127 3003 Egyptiis
3150 2943 3198 2986 ct
3225 2932 3500 3002 ιιΕιΙιὸορί-

1917 3025 2053 3087 bus,
2105 3024 2232 3092 quia
2286 3024 2361 3078 sic
2411 3025 2563 3078 ducet
2614 3041 2708 3079 rex
2753 3028 3088 3096 Assyriorum
3141 3025 3501 3089 captivitatem

1916 3114 2142 3184 Egypti
2183 3127 2230 3169 ct
2283 3114 2594 3182 xEthiopum
2637 3133 2878 3186 Juvencs,
2923 3132 3172 3186 senesque
3231 3117 3402 3170 nudos
3449 3125 3499 3170 et

218 3211 522 3276 βασιλεὺς
557 3211 885 3280 Ἀσσυρίων
915 3210 1029 3280 τὴν
1067 3194 1488 3278 αὶχμαίὶωσίαν
1509 3208 1813 3276 Αἰγύπτου

1921 3205 2288 3274 discalccatos,
2329 3217 2539 3276 opertos
2575 3209 2828 3282 dedecore
2865 3207 3108 3278 Aigypti.

220 3306 321 3358 καί
386 3305 708 3368 Αἰθιόπων,
799 3303 1163 3368 νεανίσκους
1212 3299 1311 3354 καὶ
1358 3298 1840 3368 πρεσϐυτέρους,

219 3403 336 3468 τὴν
368 3402 676 3469 αἰσχύνη-ν
702 3401 1027 3470 Αίγύπτου.

295 3500 472 3549 Διαπε
483 3497 646 3567 ράνας
669 3492 726 3550 εὖ
755 3495 898 3566 μάλα
923 3495 1012 3549 τὸν
1039 3496 1132 3549 ἐπὶ
1161 3497 1272 3558 τοῖς
1294 3493 1608 3564 Αἰγυπτίοις
1628 3492 1807 3562 λόγον,

219 3588 313 3639 καὶ
349 3587 473 3639 τίνα
501 3586 698 3658 τρόπον
727 3585 1081 3656 κεκλήσονται
1113 3585 1200 3638 διὰ
1229 3584 1460 3646 πίστεως
1495 3585 1574 3646 είς
1597 3581 1694 3653 τὴν
1715 3582 1812 3652 τῆς

217 3679 478 3750 ἀληθείας
518 3678 812 3745 ἐπίγνωσιν
849 3675 1294 3749 προηγορευκὼς,
1325 3678 1599 3746 οἰκονομεῖ
1623 3693 1676 3727 τι
1707 3674 1808 3726 πάι

215 3770 298 3822 λιν
337 3768 449 3822 τῶν
480 3769 686 3838 ὅσαπερ
719 3763 786 3838 ἦν
814 3768 1058 3838 χρήσιμά
1107 3783 1166 3818 τε
1213 3765 1308 3820 καὶ
1356 3765 1628 3832 ἀναγκαῖα
1675 3761 1812 3834 πρὸς

213 3863 407 3932 ὄνησιν
443 3864 554 3924 τοῖς
586 3859 645 3925 ἐξ
687 3859 924 3932 ἰσραήλο
957 3859 1051 3912 καὶ
1085 3859 1210 3911 ποῖα
1237 3857 1301 3928 δὴ
1327 3855 1502 3910 ταῦτά
1532 3857 1698 3918 ἐστιν,
1735 3855 1810 3919 ὡς

214 3957 272 4008 ἐν
308 3953 569 4024 βραχέσιν
592 3953 720 4024 ἐρῶ.
739 3949 1282 4040 Ἀερειδήσαντεςογὰρ
1297 3939 1399 4002 ’καὶ
1421 3948 1588 4018 αὐτῆς
1611 3947 1710 4016 τῆς
1731 3947 1812 4008 εἰς

213 4046 308 4098 τὸν
337 4045 429 4098 διὰ
460 4045 738 4107 Μωῦσέως
769 4044 930 4114 νόμον
957 4037 1173 4105 αἰδοῦς,
1193 4040 1285 4092 καὶ
1319 4039 1423 4111 μὴν
1472 4042 1567 4092 καὶ
1595 4037 1698 4107 τῆς
1729 4037 1810 4098 είς

212 4139 354 4192 Θεὸν
403 4137 624 4208 ἀγάπης
669 4135 1121 4206 ὀλιγωρήσαντες,
1154 4130 1535 4185 ἁσυνετώτατα
1573 4127 1809 4197 κατεφέ-

213 4246 378 4302 ροντο
416 4227 553 4297 πρός
585 4243 648 4295 γε
681 4226 741 4279 τὸ
776 4226 884 4278 δεῖν
917 4226 995 4288 είς
1027 4221 1287 4277 πολύθεον
1316 4219 1641 4275 καθικέσθαι
1673 4218 1808 4272 πλά-

215 4338 397 4390 νησιν,
433 4320 530 4371 καὶ
574 4321 682 4381 τοῖς
726 4317 907 4389 ἔργοις
937 4316 1044 4370 τῶν
1078 4315 1223 4369 ἰδίων
1251 4313 1448 4386 χειρῶν
1491 4310 1803 4381 λατρεῦσαι.

212 4414 346 4475 Τοῖς
377 4413 433 4465 δὲ
466 4411 614 4473 ἅπαξ
645 4411 725 4473 είς
753 4409 908 4462 τοῦτο
951 4407 1175 4478 γνώμης
1229 4404 1588 4474 ὼλισθηκόσιν
1621 4403 1808 4455 ἀνεπι-

1925 3298 2184 3369 γνυμνοὺς
2235 3298 2336 3354 καί
2389 3300 2800 3369 ἀνυποδέτους
2825 3341 2841 3368 ,
2891 3301 3501 3374 ἁνακεκαλυμμένους

1992 3487 2124 3543 Cum
2175 3489 2414 3544 sermoni
2474 3489 2541 3544 de
2595 3486 2866 3560 Egypliis
2910 3489 3070 3545 tinem
3101 3490 3503 3560 oplimeimpo-

1863 3598 1872 3608 ·
1919 3583 2128 3645 suerit,
2185 3591 2237 3634 et
2265 3582 2720 3650 quemadmodum
2752 3583 2977 3636 vocandi
3005 3595 3193 3638 essent
3221 3598 3316 3653 per
3341 3581 3500 3636 (idem

1919 3671 1985 3724 ad
2032 3672 2281 3725 veritatis
2333 3671 2665 3740 agnitionem
2723 3673 3053 3740 praadixerit,
3108 3686 3296 3724 rursus
3356 3672 3500 3740 quod

1921 3761 2182 3818 lsraelitis
2207 3763 2438 3833 perutile
2461 3769 2514 3816 et
2538 3763 3002 3831 pernecessarium
3027 3771 3268 3832 est,apte
3287 3763 3496 3818 intexit.

1917 3853 1991 3907 Ea
2046 3869 2164 3924 qua:
2207 3855 2316 3909 sint
2362 3854 2553 3922 paucis
2580 3853 2778 3907 dicam.
2814 3851 3132 3921 Contempla
3161 3853 3305 3907 enim
3330 3853 3500 3921 ipsius

1914 3946 2050 4017 legis
2106 3945 2360 4001 Mosaicae
2414 3945 2718 4016 religione,
2778 3952 2833 3998 et
2894 3943 3161 3998 charitate
3213 3943 3266 3997 in
3327 3945 3496 4000 Deum

1912 4049 2120 4109 spreta,
2142 4052 2208 4093 eo
2231 4037 2467 4092 devoluti
2497 4046 2623 4091 sunt
2654 4035 3177 4104 imprudentissime,
3211 4044 3270 4089 ut
3303 4050 3494 4091 errore

1913 4133 2204 4184 multorum
2257 4129 2480 4183 deorum
2534 4128 2976 4192 involverentur,
3025 4137 3081 4181 et
3123 4142 3341 4182 suarum
3384 4143 3498 4182 ma-

1907 4238 2070 4277 nuum
2134 4222 2390 4290 operibus
2449 4221 2743 4275 servirent.
2804 4220 2923 4288 Quo
2956 4221 3125 4275 semel
3156 4221 3208 4273 in
3246 4219 3485 4274 animum

1909 4315 2170 4378 (tenuisse,
2225 4313 2358 4367 nihil
2411 4314 2679 4368 malorum
2716 4328 2824 4368 non
2871 4312 3344 4384 aggrediebantur.
3379 4311 3495 4378 Qua

1909 4409 1975 4464 de
2015 4425 2177 4464 causa
2219 4421 2593 4476 saepenumero
2642 4405 3009 4460 universitatis
3057 4403 3196 4458 Deus
3245 4403 3399 4458 bellis
3441 4412 3497 4457 et

212 4505 478 4574 τήδευτον
519 4499 589 4574 ἦν
637 4502 747 4556 τῶν
802 4501 1020 4572 φαύλων
1064 4501 1234 4554 οὐδέν.
1263 4499 1477 4569 Ταύτης
1511 4497 1675 4550 ἕνεκα
1703 4495 1802 4566 τῆς

1921 4501 2110 4567 praeliis
2133 4516 2225 4554 eos
2245 4500 2476 4564 vexavit,
2497 4514 2617 4554 cum
2637 4513 2730 4566 per
2754 4497 3011 4551 ﬁnitimas
3031 4505 3238 4563 gentes,
3258 4507 3370 4550 tum
3400 4510 3494 4564 per

210 4599 402 4661 αίτίας
445 4596 666 4668 ἐπηφίει
710 4595 1022 4659 πλειστάκις
1066 4595 1248 4657 αὐτοῖς
1288 4594 1316 4646 6
1346 4591 1453 4645 τῶν
1487 4590 1624 4645 ὅλων
1673 4591 1805 4656 Θεὸς

212 4691 492 4761 πολέμους
514 4692 605 4744 καὶ
635 4690 834 4760 μάχας,
862 4689 1019 4744 τοῦτο
1048 4689 1147 4761 μὲν
1173 4689 1300 4751 τοὺς
1328 4686 1434 4740 ἀπὸ
1461 4703 1522 4756 γε
1544 4686 1650 4739 τῶν
1672 4686 1804 4757 69.6-

215 4801 330 4855 ρων
359 4782 549 4844 ἐθνῶν,
581 4782 738 4836 τοῦτο
764 4783 820 4835 δὲ
843 4783 969 4845 τοὺς
1005 4780 1156 4850 παρᾶ
1191 4780 1412 4851 Περσῶν
1449 4796 1509 4832 τε
1551 4779 1645 4832 καὶ
1684 4779 1803 4848 Μή-

213 4875 327 4927 δων
354 4891 368 4902 ·
418 4875 468 4926 ei
517 4873 573 4926 δέ
620 4891 682 4942 γε
732 4857 831 4944 τῆς
870 4871 1125 4935 Ἰουδαίας
1169 4870 1700 4942 κατεξανιστάμενοι,
1737 4869 1805 4922 τὰ

215 4971 390 5038 ἕτερα
431 4965 540 5020 τῶν
579 4965 748 5019 ἐθνῶν
791 4962 1293 5036 προκαταδῃοῦντες
1331 4961 1440 5015 ἔσθ’
1467 4963 1577 5025 ὅτε,
1617 4962 1808 5027 δεινοῖς

215 5062 316 5115 καὶ
351 5059 644 5130 ἀφορήτοις
684 5057 933 5129 δείμασιν
980 5057 1187 5127 ὁμιλεῖν
1235 5054 1648 5126 παρεσκεύαζον
1682 5055 1809 5118 τοὺς

217 5153 279 5219 ἐξ
326 5150 563 5221 Ἰσραήλ.
592 5152 657 5203 Ol
683 5150 740 5204 δὲ
765 5151 938 5203 καίτοι
969 5149 1085 5202 δέον
1113 5147 1202 5200 τὸν
1236 5146 1343 5200 τῶν
1375 5147 1509 5200 ὅλων
1534 5146 1810 5217 ἐκμειλίσσ

1913 4593 2108 4647 Persas
2139 4601 2192 4648 et
2217 4592 2400 4647 Medos
2431 4609 2446 4645 :
2480 4591 2571 4661 qui
2607 4591 2659 4644 in
2682 4587 2919 4643 Judaeam
2952 4588 3314 4656 impressione
3348 4588 3492 4640 fauzta

1913 4686 2036 4740 aliis
2089 4685 2340 4754 gentibus
2391 4684 2541 4755 prius
2599 4681 2866 4742 vastatis,
2931 4677 3206 4733 lsraelitas
3241 4678 3390 4745 gravi
3441 4686 3498 4732 et

1912 4778 2252 4832 intolerando
2291 4788 2432 4841 metu
2488 4790 2594 4828 non
2629 4790 2751 4828 raro
2789 4773 3190 4827 exaltimarunt.
3245 4769 3312 4824 lli
3366 4783 3498 4823 vero

1912 4885 2035 4923 cum
2069 4869 2442 4922 universitatis
2493 4867 2658 4920 Deum
2691 4865 2941 4919 emollire
2976 4874 3030 4917 et
3065 4863 3304 4932 placare,
3337 4870 3391 4915 et
3425 4862 3494 4916 ab

1911 4963 2093 5032 impiis
2143 4961 2340 5015 studiis
2371 4957 2560 5028 pedem
2595 4955 2823 5020 referre,
2857 4963 2912 5009 et
2944 4955 3122 5023 potius
3151 4953 3214 5006 ad
3248 4952 3340 5006 Dei
3377 4951 3494 5019 pla-

1910 5055 2079 5110 citum
2129 5067 2188 5109 se
2237 5051 2506 5112 conferre,
2543 5059 2597 5104 et
2627 5061 2688 5103 se
2715 5046 2763 5101 ei
2798 5045 3012 5100 oll'enso
3047 5055 3298 5113 purgare,
3333 5049 3495 5107 atque

1911 5162 1940 5200 a
1997 5144 2326 5214 turpioribus
2377 5141 2444 5195 ad
2501 5138 2723 5193 meliora
2768 5134 3086 5202 confugere,
3125 5141 3181 5186 et
3224 5133 3295 5184 ita
3336 5131 3492 5183 abeo

219 5242 415 5296 σεσθαι
447 5241 598 5305 Θεὸν,
631 5243 722 5294 καὶ
754 5241 982 5294 ἀνοσίων
1015 5240 1113 5309 μὲν
1135 5240 1436 5311 ἁποφοιτᾷν
1459 5239 1810 5308 σπουδασμά-

1921 5239 2164 5303 salutem,
2211 5234 2508 5305 etquidem
2543 5229 2708 5302 300
2735 5227 2906 5283 solam
2943 5239 3207 5294 quaarere,
3241 5236 3490 5275 manum-

227 5350 352 5396 των,
391 5331 780 5401 μεταχωρῆσαι
829 5332 885 5384 δὲ
937 5331 1134 5401 μᾶλλον
1161 5332 1254 5384 ἐπὶ
1285 5331 1347 5384 τὸ
1387 5331 1536 5400 αὐτῷ
1576 5330 1766 5384 δοκοῦν
1790 5371 1806 5397 ,

1909 5347 2014 5403 que
2041 5345 2262 5401 semper
2297 5335 2714 5384 conservanlem
2770 5329 2824 5375 et
2847 5319 3208 5373 vindicantem
3240 5325 3492 5385 expetere

221 5424 319 5476 καὶ
363 5422 747 5491 ἀπολογεῖσθαι
797 5422 1172 5494 λελυπημένῳ,
1205 5423 1294 5478 δια
1337 5441 1400 5492 γε
1443 5423 1547 5494 τῆς
1589 5424 1655 5477 ἐκ
1698 5425 1808 5477 τῶν

1921 5426 2206 5478 ieberent:
2257 5421 2310 5476 id
2350 5435 2482 5476 sane
2514 5417 2709 5474 miselli
2743 5430 2847 5468 non
2881 5414 3146 5474 fecerunt,
3177 5410 3270 5465 sed
3301 5423 3488 5463 corro-

221 5515 511 5585 αἰσχιόνων
542 5516 621 5577 εἰς
659 5514 720 5567 τὸ
757 5513 977 5585 ἄμεινον
1023 5514 1388 5585 μεταδρομῆς,
1420 5513 1562 5568 οὕτω
1604 5532 1663 5568 τε
1711 5513 1806 5587 τὴν

1921 5517 2045 5586 gatis
2078 5527 2129 5573 ct
2154 5516 2504 5572 emendicatis
2528 5514 2597 5568 ab
2621 5511 2930 5568 hominibus
2953 5503 3195 5568 auxiliis,
3220 5502 3490 5558 interdum

226 5608 354 5678 παρ’
391 5605 558 5659 αὐτοῦ
606 5607 699 5660 καὶ
753 5607 914 5676 μόνου
951 5606 1218 5677 σωτηρίαν
1250 5608 1547 5677 ἐπιζητεῖν,
1581 5609 1675 5662 καὶ
1708 5607 1803 5680 τὴν

1921 5608 2164 5665 initimos
2214 5589 2482 5677 quosdam
2544 5607 2610 5661 ad
2665 5603 2768 5659 hoc
2813 5606 3131 5668 evocarent,
3171 5595 3390 5654 interitu
3440 5602 3493 5650 et

294 5792 337 5823 "
380 5790 540 5844 lium.
583 5804 658 5857 si,
693 5787 781 5843 ‘23.
860 5789 902 5819 7°
933 5785 1073 5842 l’sal.
1099 5803 1186 5856 xx,
1223 5788 1306 5845 l3.
