4026 6210
492 339 597 396 ιτθ
1478 335 1537 390 8.
1577 331 1853 390 CYBlLLl
1893 330 2046 388 ALEI

2146 329 2362 389 ﬂ)le
2399 330 2718 389 ARCHIEP.
3624 322 3724 384 480

487 453 696 507 vicinos
731 451 1040 524 Egyptios,
1088 453 1346 511 addentes
1396 454 1737 525 iniquitatem
1774 454 2046 525 iniquitati

2149 454 2237 508 ἀεὶ
2266 452 2541 519 σώζουσαν
2575 470 2632 506 τε
2665 453 2759 506 καὶ
2788 449 3172 521 ὲπαμύνουσαν
3214 448 3369 519 χεῖρα
3430 445 3590 500 τοῦτο
3628 447 3725 516 μὲν

485 558 617 608 snre,
659 544 733 597 uti
783 545 1041 612 scriptum
1092 554 1179 598 cst
1211 545 1255 577 "
1283 563 1298 600 :
1335 554 1386 602 et
1415 547 1515 601 hoc
1537 547 1657 616 ipso
1687 545 1853 601 Deum
1874 544 2046 601 omni-

2150 548 2251 602 οὐκ
2283 546 2450 617 ἔδρων
2484 548 2532 600 οἰ
2560 546 2802 605 δείλαιοι,
2830 542 3200 613 ἐρανιζόμενοι
3225 541 3279 593 δὲ
3308 540 3406 603 τὰς
3437 539 3497 603 ἐξ
3521 539 3732 609 ἀνθρὼ-

489 642 760 707 poteutem
815 634 881 687 ad
931 634 1065 688 iram
1122 636 1557 692 exstimularunt.
1609 636 1749 691 Dixit
1781 636 2046 704 siquidem

2150 657 2268 692 πων
2296 637 2635 707 ἐπικουρίας,
2666 635 2795 689 ποτὲ
2823 635 2925 705 μὲν
2946 633 3054 686 τῶν
3082 631 3295 703 ὁμόρων
3327 630 3478 694 τινὰς
3502 629 3731 684 ἐκάλουν

484 738 584 791 per
625 704 787 777 u'tntm
838 737 870 777 θ
921 725 1122 781 sanctis
1148 728 1426 796 prophetis
1458 746 1474 784 :
1507 746 1528 780 ‹
1555 727 1623 782 Ει
1641 738 1761 782 erat
1791 726 2046 796 Ephraim

2148 729 2230 791 εἰς
2253 728 2409 782 τοῦτο
2427 769 2442 793 ,
2478 704 2610 780 ποτὲ
2637 726 2693 779 δὲ
2720 704 2843 787 τοὺς
2868 723 3112 793 γείτονας
3130 720 3481 789 Αἰγυπτίους,
3507 737 3734 791 προστι-

482 813 728 866 columba
777 827 985 881 amens,
1036 830 1132 872 cor
1174 834 1278 872 non
1313 819 1555 884 habens;
1591 820 1861 874 invocavit
1884 819 2046 891 Egy-

2152 818 2332 880 θέντες
2361 817 2592 886 ἀνομίαν
2622 816 2715 868 ἐπὶ
2737 815 2835 886 τὴν
2864 813 3093 882 ἀνομίαν
3128 811 3328 876 αὐτῶν,
3362 808 3505 863 καθά
3529 809 3733 880 γέγρα-

482 913 651 970 ptum,
684 913 737 957 et
764 904 830 957 ad
864 907 1114 976 Assyrios
1135 908 1362 977 profecti
1393 919 1521 965 sunt
1552 911 1616 964 ’³.
1656 927 1675 962 ι
1710 909 1849 976 Quin
1873 920 1926 964 et
1956 925 2046 979 per

2148 924 2300 965 πται.
2328 907 2421 960 καὶ
2457 905 2859 977 καταθήγοντες
2885 903 2961 965 ὡς
2989 904 3069 965 είς
3095 902 3264 972 ὀργὰς
3309 901 3404 955 καὶ
3452 900 3539 953 ἐπ’
3579 898 3734 968 αὐτῷ

482 996 658 1061 ipsum
709 997 1025 1065 prophetam
1073 998 1266 1052 Isaiam
1296 1017 1311 1054 :
1349 1019 1369 1052 ‹
1400 999 1491 1055 Va:
1518 1002 1965 1057 descendentibus
1993 1002 2045 1057 in

2146 998 2211 1068 δὴ
2249 997 2423 1069 τούτῳ
2475 997 2565 1051 τὸν
2610 997 2787 1052 πάντα
2833 993 3085 1066 ἰσχύοντα
3113 992 3267 1047 Θεόν.
3320 991 3430 1044 Καὶ
3465 990 3595 1057 γοῦν
3622 989 3735 1058 ἔφη

479 1083 770 1154 Ᾰέιιζγριιιηι
823 1101 920 1155 pro
970 1089 1231 1155 subsidio,
1277 1091 1366 1158 qui
1412 1093 1471 1145 ita
1507 1092 1662 1161 equis
1706 1092 1892 1148 conﬁsi
1925 1101 2046 1146 sunt

2146 1087 2212 1140 δι’
2239 1087 2359 1150 ἐνὸς
2413 1086 2522 1139 τῶν
2574 1084 2744 1154 ἁγίων
2796 1082 3121 1156 προφητῶν·
3172 1100 3190 1133 ι
3220 1080 3331 1134 Καὶ
3377 1074 3446 1149 ἦν
3489 1077 3736 1149 Ἐφραῖμ

480 1186 536 1229 et
582 1179 853 1233 curribus.
908 1180 1046 1235 Sunt
1077 1183 1221 1236 enim
1254 1182 1431 1246 multi,
1465 1191 1522 1236 et
1550 1198 1735 1237 eorum
1768 1184 1860 1252 qui
1894 1183 2046 1250 equis

2146 1177 2445 1250 περιστερὰ
2470 1176 2649 1241 ἄνους,
2681 1177 2774 1231 καὶ
2801 1176 2901 1228 οὐκ
2931 1175 3129 1244 ἔχουσα
3169 1170 3395 1242 καρδίαν
3412 1186 3426 1200 σ
3452 1170 3736 1238 Αἴγυπτον

482 1266 719 1321 insident
772 1269 1057 1323 multitudo
1133 1284 1346 1339 magna.
1402 1271 1467 1325 Et
1514 1287 1619 1325 non
1671 1272 1862 1325 confisi
1921 1279 2047 1325 sunt

480 1356 681 1412 Sancto
731 1358 971 1423 Israelis,
1009 1371 1066 1415 et
1113 1361 1277 1415 Deum
1332 1375 1439 1415 non
1492 1362 1939 1430 exquisiverunt;
1993 1371 2049 1417 et

480 1447 753 1514 sapienter
807 1449 921 1518 ipse
970 1449 1166 1505 inﬂixit
1224 1451 1332 1505 illis
1378 1451 1538 1519 mala,
1576 1462 1632 1508 et
1676 1454 1898 1508 verbum
1931 1453 2048 1521 ejus

480 1548 587 1587 non
634 1535 981 1593 frustrabitur
1021 1536 1088 1595 ".
1131 1559 1150 1593 ι
1207 1540 1339 1597 Cum
1405 1542 1573 1612 igitur
1602 1543 1842 1598 Tanatha
1904 1546 2049 1614 regis

478 1625 827 1696 Assyriorum
883 1630 991 1684 dux
1036 1643 1399 1702 oppugnasset
1449 1634 1701 1700 Azotum,
1744 1636 1905 1706 vique
1955 1649 2046 1691 ce-

482 1717 646 1784 pisset
682 1717 819 1788 (erat
854 1730 1031 1775 autem
1080 1723 1192 1778 haec
1245 1724 1446 1793 regioni
1488 1723 1793 1781 Judzeorum
1822 1727 2046 1796 vicina),

480 1818 865 1875 exspectaram
918 1810 1175 1868 Israelita:
1227 1829 1286 1869 se
1329 1814 1549 1884 iamiam
1608 1818 1770 1872 etiam
1809 1818 2049 1873 eitrala—

480 1898 667 1953 horam
713 1900 911 1956 similia
955 1918 1078 1958 esse
1122 1920 1498 1975 perpessuros.
1547 1905 1698 1962 lianc
1734 1910 1803 1961 ob
1829 1923 2049 1964 causam

478 1989 853 2062 Egyption
911 2010 1072 2050 manu
1119 2000 1408 2062 conducta,
1459 1999 1526 2052 ad
1579 1998 1857 2071 terendum
1919 2001 2049 2069 ipsis

438 2082 802 2150 .suhsidium,
862 2084 1208 2157 Assyriorum
1258 2087 1612 2158 phalangibus
1662 2103 1722 2144 se
1766 2090 2051 2146 voluerunt

477 2186 771 2241 opponere.
824 2175 1027 2231 Vanam
1079 2192 1207 2248 ergo
1249 2192 1369 2233 esse
1400 2193 1586 2234 eorum
1625 2192 1774 2246 spem
1810 2178 2051 2236 declarat

480 2266 647 2330 Deus,
677 2276 732 2320 et
759 2266 903 2321 clare
942 2269 1185 2337 pradicit
1213 2268 1328 2325 fore
1362 2270 1507 2340 ipsos
1537 2270 1770 2341 praedam
1801 2272 2051 2343 Assyrio-

481 2369 600 2407 rum
658 2356 937 2423 potentiae,
965 2365 1021 2412 et
1048 2373 1301 2414 successu
1327 2367 1626 2429 temporum
1661 2361 1968 2437 capiendos,
1993 2371 2051 2419 et

478 2445 815 2512 captivorum
842 2446 894 2500 in
924 2462 1153 2504 numero
1177 2464 1242 2505 ac
1269 2450 1391 2505 loco
1414 2449 1649 2506 futuros.
1675 2450 1877 2507 Ferunt
1900 2454 2048 2510 enim

475 2534 771 2606 IEgyptum
834 2537 1001 2594 fuisse
1056 2538 1161 2594 sub
1214 2555 1378 2594 manu
1432 2541 1781 2612 Assyriorum
1817 2543 2051 2601 diversis

478 2629 829 2697 temporibus,
853 2640 907 2685 et
934 2632 1206 2687 continuis
1233 2632 1406 2689 tribus
1429 2635 1584 2688 annis
1605 2634 1896 2692 commisso
1920 2650 2047 2693 cum

475 2733 537 2773 ea
556 2719 760 2789 praelia,
788 2721 838 2774 vi
870 2730 1036 2776 totam
1066 2723 1379 2792 cepisse,ac
1411 2738 1602 2792 magna
1624 2727 1776 2781 turba
1807 2727 2050 2796 captivo-

477 2825 596 2865 rum
628 2814 927 2868 comitante
960 2829 1109 2869 suam
1143 2814 1197 2869 in
1228 2816 1460 2882 patriam
1497 2818 1744 2873 rediisse.
1795 2817 2051 2890 Praecipit

472 2916 605 2971 ergo
663 2903 805 2959 Deus
859 2904 1133 2973 propheta:
1191 2913 1249 2959 ut
1290 2906 1534 2960 habitum
1573 2908 1804 2976 captivis
1850 2923 2048 2965 conve-

474 2995 712 3047 nientem
751 3003 805 3049 et
848 3005 1162 3049 consuetum
1207 3006 1407 3062 sumat,
1444 2996 1499 3051 id
1529 3004 1633 3064 est,
1662 2998 1959 3054 nuditatem
1990 3007 2048 3055 et

2148 1268 2482 1331 ἐπεκαλεῖτο,
2518 1267 2613 1322 καὶ
2641 1268 2720 1331 εἰς
2760 1264 3073 1336 Ἀσσυρίους
3117 1260 3507 1333 ἐπορεύθησαν.
3542 1278 3560 1309 ι
3615 1260 3737 1312 Καὶ

2148 1359 2255 1429 μὴν
2291 1358 2388 1412 καὶ
2422 1358 2488 1411 δι’
2517 1357 2681 1412 αὐτοῦ
2709 1356 2802 1411 τοῦ
2829 1355 3108 1427 προφήτου
3147 1352 3370 1407 Ἡσαΐου
3389 1367 3404 1382 °
3437 1369 3456 1402 ι
3487 1350 3639 1414 Οὐαὶ,
3671 1344 3733 1401 οε

2146 1449 2564 1514 καταδαίνοντες
2613 1450 2693 1512 εἰς
2737 1447 3012 1516 Αἴγυπτον
3064 1444 3158 1498 ἐπὶ
3208 1442 3481 1513 βοήθειαν,
3533 1441 3581 1493 oi
3633 1441 3733 1507 ἐφ’

2147 1543 2336 1606 ἵπποις
2364 1540 2683 1604 πεποιθότες
2720 1539 2815 1594 καὶ
2852 1537 2938 1608 ἐφ’
2969 1535 3396 1608 ἆρμασιν.Ἐστι
3420 1531 3528 1603 γὰρ
3559 1528 3736 1582 πολλά

2145 1634 2242 1687 καὶ
2268 1633 2352 1702 ἐφ’
2389 1632 2576 1694 ἵπποις
2604 1629 2810 1700 πλῆθος
2833 1627 3072 1699 σφόδρα⁶
3098 1627 3194 1679 καὶ
3223 1625 3323 1678 οὐκ
3352 1620 3493 1693 ἦσαν
3530 1638 3737 1674 πεποιο

2149 1720 2299 1786 θότες
2349 1720 2444 1774 ἐπὶ
2480 1719 2570 1774 τὸν
2598 1719 2788 1789 ’Δγιον
2828 1718 2921 1772 τοῦ
2957 1715 3193 1788 Ἰσραὴλ,
3226 1715 3319 1768 καὶ
3351 1712 3442 1766 τὸν
3468 1712 3598 1765 Θεὸν
3628 1710 3737 1764 οὐκ

2079 1782 2123 1837 Β
2150 1782 2483 1886 ἐξεζήτησαν
2502 1829 2516 1844 ο
2549 1813 2642 1867 καὶ
2672 1782 2836 1875 αὐτὸς
2862 1782 3187 1880 σοφὸς-ἦγεν
3217 1804 3303 1859 ἐπ’
3332 1805 3526 1867 αὐτοὺς
3557 1800 3734 1862 κακὰ,

2148 1908 2243 1962 καὶ
2261 1908 2290 1961 ό
2310 1906 2466 1975 λόγος
2486 1904 2651 1961 αὐτοῦ
2680 1903 2741 1957 οὐ
2771 1902 2848 1973 μὴ
2875 1899 3135 1970 ἀθετηθῇ.
3170 1917 3190 1951 ι
3221 1897 3327 1950 Τοῦ
3355 1896 3531 1949 τοίνυν
3557 1896 3735 1947 Tama-

2149 1996 2270 2059 θάν,
2301 1993 2604 2066 στρατηγὸς
2643 1992 2699 2051 δὲ
2725 1985 2878 2054 οὗτος
2912 1986 3175 2058 βασιλέως
3214 1984 3531 2057 Ἀσσυρίων,
3571 1983 3735 2036 πολε-

2151 2086 2420 2157 μήσαντος
2445 2082 2540 2155 τὴν
2570 2080 2831 2147 Ἄζωτον,
2864 2078 2999 2133 ἑλών
3027 2095 3089 2132 τε
3126 2074 3269 2130 κατὰ
3305 2075 3503 2148 κράτος
3532 2074 3730 2141 αὐτήνο

2147 2175 2347 2246 γείτων
2365 2174 2424 2229 δὲ
2449 2172 2586 2244 αῦτη
2616 2174 2684 2244 τῇ
2711 2171 2819 2226 τῶν
2851 2168 3117 2227 Ἰουδαίων
3145 2165 3333 2239 χώραο
3366 2165 3742 2238 προσεδόκων

2147 2269 2199 2321 οἰ
2248 2265 2308 2333 ἐξ
2344 2264 2560 2336 Ἰσραὴλ
2613 2263 2814 2319 αὐτίκα
2845 2261 2910 2334 δὴ
2963 2259 3109 2332 μάλα
3154 2259 3249 2314 καὶ
3289 2259 3441 2312 αὐτοὶ
3477 2259 3568 2311 καὶ
3606 2258 3738 2309 λίαν

2147 2356 2387 2429 ἀμογητὶ
2429 2355 2500 2410 τά
2530 2353 2621 2408 ῐσα
2649 2353 2863 2408 παθεῖν.
2896 2351 3114 2424 Ταύτης
3141 2368 3200 2405 τε
3232 2351 3395 2405 ἕνεκα
3421 2351 3519 2421 τῆς
3546 2346 3734 2413 αἰτὶ.-ς

2146 2448 2248 2523 τήν
2279 2445 2590 2516 Αἰγυπτίων
2631 2446 2789 2516 χεῖρα
2824 2440 3317 2515 καταμισθούμενοι
3363 2441 3500 2513 πρὸς
3532 2440 3591 2493 τὺ
3623 2445 3732 2494 ἐπ-

2147 2539 2377 2612 αμύνειν
2402 2538 2589 2601 αὐτοῖς
2623 2538 2745 2601 ταῖς
2786 2535 3087 2609 ’Δσσυρίων
3116 2533 3382 2607 φάλαγξιν
3411 2533 3732 2603 ἀντεξάγειν

2147 2630 2361 2704 ἤθελον.
2385 2627 2637 2689 Ματαίαν
2668 2627 2847 2682 τοίνυν
2874 2625 3052 2682 αὐτῶν
3078 2624 3368 2695 ἀποφαίνει
3399 2625 3497 2694 τὴν
3536 2625 3733 2678 ἐλπίδα.

2145 2722 2300 2786 Θεός·
2326 2717 2762 2793 προαγορεύειδέ
2785 2716 2993 2788 σαφῶς,
3018 2718 3100 2772 δτι
3122 2716 3221 2787 τῆς
3247 2714 3544 2786 Ἀσσυρίων
3561 2714 3730 2767 δυνά-

2149 2831 2292 2887 μεως
2311 2809 2880 2885 ἔργον[άγρα]ἕσονται
2898 2810 2989 2864 καὶ
3005 2809 3180 2873 αὐτοὶ,
3194 2806 3489 2861 ἀλώσονταί
3506 2823 3565 2859 τε
3585 2805 3736 2859 κατὰ

2147 2906 2396 2979 καιροὺς,
2433 2904 2529 2959 καὶ
2561 2903 2618 2958 ἐν
2649 2901 2992 2974 δορυκτήτων
3021 2900 3232 2955 ἔσονται
3261 2898 3430 2965 τάξει.
3460 2898 3593 2950 Φασὶ
3616 2898 3734 2967 γὰρ

2145 3001 2228 3057 ὅτι
2257 2997 2478 3069 γέγονεν
2509 2994 2615 3049 ὐπὸ
2646 2996 2802 3066 χεῖρα
2833 2991 3097 3065 βασιλέως
3129 2991 3426 3063 Ἀσσυρίων
3454 2988 3591 3042 κατὰ
3612 3005 3731 3040 και-

474 3083 971 3138 discalceationem.
1034 3083 1175 3143 Nam
1250 3086 1485 3140 victores
1535 3085 1871 3156 captivorum
1933 3103 2040 3142 non

2147 3094 2274 3167 ρούς
2301 3092 2335 3162 ή
2363 3086 2692 3158 Αἰγυπτίων·
2722 3084 2817 3140 καὶ
2839 3086 2897 3140 ἐν
2923 3083 3125 3153 ὀλίγοις
3151 3083 3295 3136 ἔτεσι
3321 3082 3496 3152 τρισὶν
3528 3079 3731 3148 ἐγκαθ-

476 3188 723 3240 magnam
762 3174 919 3243 plane
946 3174 1210 3243 rationem
1239 3175 1480 3230 habent:
1517 3176 1679 3244 hique
1715 3191 1781 3231 eo
1805 3177 2044 3233 miseria:

474 3262 733 3331 prolapsi,
782 3264 885 3317 etsi
927 3273 1107 3318 essent
1141 3264 1294 3330 juxta
1326 3248 1542 3320 carnem
1571 3266 1800 3332 nobiles,
1838 3267 1940 3323 etsi
1974 3284 2043 3324 ex

475 3353 659 3407 intima
686 3353 860 3420 plebe,
893 3369 999 3408 uno
1029 3354 1358 3410 calamitatis
1391 3357 1501 3411 lino
1532 3356 1903 3423 involvuntur,
1935 3373 2042 3413 non

475 3453 679 3497 vestem
735 3445 1018 3509 habentes,
1053 3459 1156 3501 nec
1202 3446 1347 3501 aliud
1381 3447 1509 3516 quid
1546 3447 1627 3503 vel
1659 3448 1728 3504 ad
1768 3458 2041 3518 ornatum,

478 3537 560 3590 vel
615 3539 681 3591 ad
726 3537 1172 3594 refecillationem
1223 3540 1462 3609 ipsorum
1502 3540 1799 3610 pertinens,
1847 3541 1943 3598 sed
1976 3543 2043 3599 ad

472 3630 620 3684 hunc
651 3639 1015 3699 contemptum
1060 3644 1129 3684 ex
1165 3631 1385 3687 libidine
1421 3631 1747 3702 capientium
1777 3642 2044 3703 coguntur

474 3719 752 3775 accedere.
802 3717 1032 3775 Jubetur
1062 3720 1265 3791 itaque,
1293 3730 1350 3775 ut
1387 3722 1521 3789 dixi,
1545 3721 1759 3778 divinus
1782 3723 2042 3794 propheta

470 3823 695 3863 saccum
718 3808 1001 3865 detrahere
1019 3809 1200 3865 lumbo
1226 3828 1346 3875 suo,
1369 3820 1424 3868 et
1456 3812 1695 3869 sandalia
1730 3814 1969 3881 solvere,
1989 3823 2046 3870 et

475 3899 708 3951 tnediam
746 3897 1046 3954 Jerusalem
1100 3901 1328 3956 transire
1359 3902 1560 3957 nudum
1593 3912 1647 3957 et
1679 3902 1796 3957 sine
1823 3902 2042 3960 calceis.

472 3987 824 4057 301hlque
857 3990 981 4044 fecit
1020 4006 1124 4045 non
1162 3992 1451 4046 admodum
1494 3992 1756 4049 sollicitus
1775 3995 2045 4065 quomodo

473 4083 691 4150 elegans
712 4091 1074 4136 antvenustns
1096 4095 1393 4153 appareat:
1423 4082 1623 4153 Deique
1663 4086 1879 4142 decreto
1912 4086 2046 4144 nihil

474 4172 695 4238 adjecit,
740 4172 866 4226 licet
916 4173 968 4228 id
1014 4189 1179 4244 grave
1216 4185 1266 4229 et
1301 4176 1705 4243 reprehensioni
1733 4179 2044 4248 expositum

474 4264 770 4319 videretur.
817 4263 925 4320 Sed
984 4263 1121 4319 forte
1173 4264 1374 4320 dixerit
1422 4267 1739 4335 quispiam:
1789 4268 1898 4326 Cur
1938 4286 2044 4328 non

475 4356 909 4419 praemonstravit
964 4355 1141 4424 potius
1186 4352 1448 4409 lsraelitis
1499 4371 1563 4412 ea
1615 4372 1736 4429 qua:
1783 4374 2045 4430 processu

2149 3181 2329 3244 εσθεὶς
2365 3178 2526 3249 αὐτῇ,
2560 3174 2741 3230 πᾶσάν
2783 3192 2846 3229 τε
2895 3172 3030 3228 ἐλὼν
3057 3176 3200 3227 κατὰ
3226 3172 3442 3244 κράτος,
3469 3169 3737 3237 πλείστην

2148 3275 2281 3343 ὅσην
2310 3270 2449 3342 ἔχων
2482 3266 2877 3339 αἰχμαλωσίαν,
2907 3264 3273 3335 ὐπενόστησεν
3295 3265 3374 3326 εἰς
3391 3262 3487 3332 τὴν
3509 3259 3730 3315 ἑαυτοῦ.

2162 3364 2467 3419 Ἐπιτάττει
2498 3359 2675 3414 τοίνυν
2701 3358 2778 3431 τῷ
2809 3358 3060 3433 προφήτῃ
3090 3356 3222 3420 Θεὸς
3242 3398 3257 3419 ,
3284 3356 3345 3408 τδ
3387 3356 3496 3418 τοῖς
3523 3355 3733 3424 αἰχμα-

2149 3453 2338 3519 λώτοις
2380 3452 2587 3525 πρέπον
2624 3467 2686 3505 τε
2733 3449 2829 3504 καὶ
2867 3447 3095 3518 σύνηθες
3126 3449 3307 3519 σχῆμα
3335 3445 3552 3500 λαὸεῖνο
3583 3443 3742 3497 τοῦτι

2150 3546 2288 3612 ἔστι,
2319 3542 2635 3615 γυμνότητά
2671 3558 2731 3596 τε
2770 3541 2865 3595 καὶ
2892 3539 3272 3594 ἀνυποδεσίαν.
3301 3539 3424 3602 Τοῖς
3451 3536 3560 3609 γὰρ
3588 3536 3729 3599 ὅλως

2148 3635 2490 3708 νενικηκόσιν
2523 3634 2583 3688 οὐ
2641 3632 2804 3697 πολύς
2836 3631 2944 3685 τῶν
2980 3632 3295 3686 ἑαλωκότων
3324 3632 3351 3684 ὁ
3373 3629 3530 3698 λόγος
3548 3646 3560 3659 ο
3590 3628 3645 3680 οἰ
3673 3627 3730 3679 δὲ

2149 3728 2229 3791 εἰς
2258 3726 2415 3787 τοῦτο
2444 3724 2699 3788 πεσόντες
2732 3722 3123 3794 ταλαιπωρίας,
3159 3721 3261 3775 κᾶν
3291 3720 3399 3774 εἴτε
3435 3720 3577 3782 τινὲς
3618 3715 3731 3772 εἷεν

2147 3817 2258 3873 τῶν
2282 3816 2515 3885 εὐγενῶν
2545 3813 2687 3870 κατά
2717 3813 2914 3886 σάρκα,
2936 3812 3036 3867 κᾶν
3056 3813 3166 3866 εἴτε
3194 3812 3293 3882 τῆς
3317 3810 3569 3879 ἀγελαίου
3593 3810 3725 3879 πλη-

2151 3907 2299 3972 θύος,
2338 3906 2420 3959 ἐνὶ
2463 3903 2542 3975 τῷ
2587 3903 2687 3973 τῆς
2738 3902 3054 3973 ἀθλιότητος
3100 3899 3409 3971 συνέχονται
3446 3898 3597 3965 λίνῳ,
3628 3900 3731 3951 οὐκ

2150 3999 2351 4070 ἄμφιον
2385 3995 2620 4067 ἔχοντες,
2654 3995 2821 4065 ἧγουν
2843 3994 3032 4066 ἕτερόν
3069 4009 3123 4047 τι
3165 3992 3274 4045 τῶν
3319 3990 3615 4044 τελούντων
3649 3994 3729 4052 εἰς

2150 4089 2354 4160 κόσμον
2379 4088 2559 4151 αὐτοῖς
2577 4087 2611 4156 ἦ
2640 4085 2966 4152 ἀνάπαυσιν,
3010 4082 3296 4156 ἀτημελῶς
3320 4082 3376 4136 δέ
3402 4081 3573 4145 οὕτως
3594 4081 3731 4152 προς

2150 4181 2260 4234 πᾶν
2299 4177 2476 4234 ὁτιοῦν
2517 4179 2630 4242 τοῖς
2659 4175 2840 4230 ἑλοῦσι
2870 4175 3244 4246 καταθυμίων,
3283 4173 3360 4236 ὡς
3397 4173 3457 4238 ἐξ
3481 4174 3732 4242 ἀνάγκης

2151 4270 2455 4343 ἐρχόμενοι.
2485 4268 2886 4341 Προστάττεται
2935 4268 3136 4330 τοίνυν,
3166 4266 3240 4331 ὡς
3284 4265 3442 4335 ἔφην,
3478 4266 3506 4317 ό
3534 4265 3730 4317 θεσπέ-

2152 4378 2267 4427 σιος
2309 4362 2615 4435 προφήτης,
2649 4361 2866 4431 ἀφελεῖν
2891 4360 2984 4413 τὸν
3023 4359 3224 4413 σάκκον
3256 4358 3363 4413 ἀπὸ
3397 4357 3495 4428 τῆς
3529 4358 3731 4423 ὀσφύος

475 4450 777 4512 temporum
825 4446 1204 4516 contingerent
1239 4444 1550 4517 IEgyptiis?
1580 4463 1678 4504 cur
1702 4451 1839 4506 adeo
1869 4453 2045 4510 nudus

2147 4450 2334 4520 αὐτοῦ,
2381 4450 2852 4519 ὐπολύσασθαίτε
2891 4449 2961 4504 τά
2997 4447 3274 4513 σανδάλια,
3307 4449 3399 4501 καὶ
3431 4446 3520 4499 διὰ
3554 4446 3731 4516 μέσης

476 4547 541 4585 ac
592 4534 949 4592 discalceatus
1007 4546 1115 4591 tam
1155 4537 1385 4593 celebris
1413 4539 1673 4607 propheta
1722 4542 2041 4610 ambulavit,

2148 4545 2288 4600 ἰέναι
2310 4545 2409 4615 τῆς
2441 4541 2793 4614 Ἰερουσαλὴμ
2820 4539 3026 4611 γυμνὸς
3052 4540 3144 4594 καὶ
3174 4538 3521 4601 ἀνυπόδετος.
3556 4536 3730 4605 Ἐδρα

474 4623 624 4677 οηιηί
656 4628 1014 4683 convenieute
1039 4628 1193 4685 cultu,
1213 4629 1463 4699 neglecto
1490 4630 1513 4684 ί
1537 4629 1621 4685 Ad
1662 4633 1765 4688 hoc
1812 4633 2046 4693 dicimus

2146 4636 2201 4692 δέ
2244 4635 2403 4689 τοῦτο
2434 4632 2528 4688 τοῦ
2572 4634 2747 4687 δοκεῖν
2790 4632 3081 4703 εὐσχήμων
3129 4626 3269 4685 εἶναί
3297 4646 3401 4693 τις,
3431 4630 3493 4681 οὐ
3525 4627 3729 4695 σφόδρα

477 4727 570 4767 eos
622 4717 1005 4782 prophetarum
1059 4721 1399 4775 sermonibus
1459 4738 1563 4783 non
1618 4722 2043 4795 obtemperasse,

2147 4724 2541 4799 πεφροντικὼς,
2578 4723 2674 4778 καὶ
2720 4723 2827 4777 τῶν
2854 4722 3204 4805 ’ἀρεσκόντων
3249 4720 3370 4790 Θεῷ
3416 4719 3731 4791 προστιθεὶς

477 4803 587 4858 imo
639 4820 758 4859 cum
808 4807 1162 4875 praedicerent
1219 4810 1420 4876 futura,
1447 4812 1755 4881 increpasse
1786 4831 1799 4867 :
1834 4832 1855 4866 ι
1892 4815 2039 4884 Alia,

2146 4816 2316 4880 οὐδὲν,
2344 4815 2448 4870 κᾶν
2497 4816 2546 4869 εἰ
2589 4803 2921 4884 φαίνοιτότι
2951 4814 3090 4885 βαρύ
3133 4813 3227 4867 καὶ
3276 4811 3471 4882 μώμου
3505 4812 3729 4881 μεστόν.

478 4898 748 4966 inquiunt,
782 4898 936 4955 nobis
963 4898 1265 4968 loquimini,
1290 4911 1345 4956 et
1363 4903 1680 4956 annuutiate
1699 4903 1853 4958 nobis
1872 4905 2037 4962 alium

2158 4904 2298 4959 Ἀλλ’
2327 4904 2455 4970 ἴσως
2486 4904 2624 4976 πρὸς
2646 4902 2805 4957 τοῦτο
2833 4903 2951 4974 ἐρεῖ
2977 4916 3087 4964 τιςο
3124 4902 3226 4955 Διά
3251 4902 3305 4955 τί
3330 4901 3437 4971 γάρ
3470 4899 3544 4969 μὴ
3593 4900 3727 4968 μᾶλα

476 5005 719 5044 errorem
752 4989 820 5043 ".
875 5008 895 5042 ι
938 4988 1072 5045 Hinc
1123 4994 1361 5061 prudens
1410 4995 1498 5049 hic
1532 4994 1635 5059 vir,
1669 4996 1964 5063 modestus,
1994 5009 2046 5056 et

2146 4995 2236 5050 λον
2265 4996 2637 5068 προηγόρευσε
2669 4993 2829 5065 μόνον
2851 4995 2964 5056 τοῖς
2993 4990 3053 5057 ἐξ
3099 4991 3315 5063 Ἰσραὴλ
3346 4993 3415 5043 τὰ
3451 4989 3727 5059 συμϐησόο

474 5083 620 5137 omni
674 5083 873 5136 virtute
904 5083 1227 5151 cumulatus,
1283 5099 1347 5139 ac
1392 5086 1687 5153 prophetiae
1716 5087 1858 5143 dono
1892 5090 2046 5158 quasi

2149 5104 2286 5159 μενα
2330 5089 2445 5151 τοῖς
2477 5086 2793 5156 Αἰγυπτίοις
2837 5085 2978 5138 κατὰ
3004 5082 3263 5155 καιρούς;
3297 5081 3639 5152 Πεπόρευται
3672 5080 3726 5132 δὲ

477 5184 789 5238 coronatus,
838 5182 892 5227 et
948 5174 999 5228 in
1036 5175 1395 5242 meditatione
1427 5176 1674 5239 illustris,
1714 5178 1887 5247 ipsum
1914 5181 2046 5237 adeo

2146 5178 2318 5242 οὕτως
2345 5178 2547 5249 γυμνός
2574 5194 2632 5232 τε
2664 5178 2758 5231 καὶ
2794 5176 3117 5238 ἀνυπόδετος
3146 5177 3175 5228 ὁ
3199 5173 3482 5244 διαϐόητος
3510 5173 3569 5223 ἐν
3598 5189 3725 5240 προσ

475 5279 691 5320 saccum
752 5266 938 5332 exuit,
1001 5283 1104 5321 nou
1153 5266 1536 5324 molientisaue
1569 5279 1662 5323 attt
1713 5270 2046 5338 splendidam

2146 5271 2362 5340 φήταις,
2393 5270 2491 5340 τῆς
2523 5269 2672 5339 αὐτῴ
2702 5267 3017 5340 πρεπούσης
3049 5266 3347 5336 εὐκοσμίας
3390 5263 3726 5331 ἡφειδηκὼς.

481 5368 708 5421 vestem,
747 5358 842 5413 sed
871 5371 1113 5413 crassam
1172 5360 1349 5427 potius
1397 5369 1449 5414 et
1489 5360 1694 5425 vilem;
1735 5361 1847 5429 ipsa
1880 5361 2040 5415 etiam

2151 5361 2293 5433 Πρὸς
2341 5361 2405 5431 δὴ
2442 5360 2598 5413 τοῦτό
2632 5376 2812 5430 φαμεν
2860 5359 2941 5412 ὅτι
2991 5360 3104 5421 τοῖς
3146 5356 3253 5433 τῶν
3306 5354 3598 5424 προφητῶν
3629 5356 3726 5406 οὐ)

479 5445 640 5500 solvit
675 5449 868 5515 pedum
916 5449 1304 5515 calceanteuta,
1362 5450 1452 5504 tali
1494 5451 1678 5505 habitu
1713 5451 2040 5520 ingrediens.

2149 5448 2429 5503 ἐπείθοντο
2459 5448 2656 5517 λόγοις,
2694 5447 2895 5518 μᾶλλον
2920 5446 2977 5499 δὲ
3010 5449 3106 5498 καὶ
3137 5443 3413 5513 ἐπετίμων
3457 5444 3566 5496 τοῖς
3596 5459 3725 5511 πριιιο

444 5592 451 5602 ι
480 5542 540 5587 ut
567 5535 659 5604 qui
690 5536 865 5604 ipsum
899 5539 1136 5605 videant,
1170 5540 1272 5598 hoc
1299 5541 1582 5606 mirentur,
1611 5558 1907 5615 causasque
1932 5543 2041 5597 sci-

2149 5541 2433 5612 αγορεύειν
2481 5540 2723 5593 ἐθέλουσι
2765 5539 2835 5592 τὰ
2872 5538 3126 5609 ἐσόμενα,
3172 5536 3457 5605 λέγοντες’
3509 5554 3528 5587 ι
3560 5535 3742 5592 Ἀλλά

551 5710 593 5742 τ’
624 5709 727 5766 lsa.
766 5713 937 5773 xxa,l
979 5727 1128 5782 seqq.
1207 5716 1248 5746 ⁷⁸
1274 5715 1409 5771 Osce
1445 5732 1538 5780 vn,
1581 5716 1661 5770 ll.

1738 5715 1904 5770 7’lsa.
1946 5716 2247 5783 xut,l,2.
2328 5712 2491 5768 7‘lsa.
2549 5730 2674 5781 xxx,
2730 5715 2812 5771 10.
