4026 6210
497 399 602 456 λετ,
1496 391 1552 447 S.
1595 388 1864 446 CYRILLI
1905 381 2375 442 ALEXANDRIN!
2416 376 2730 436 ARCHIEP.
3637 362 3748 423 εει

498 517 696 571 Paulus
745 514 887 570 enim
936 511 1066 568 dicit
1113 510 1226 566 haec
1275 509 1504 575 ﬁgurate
1558 508 1848 579 contigisse
1895 503 2122 572 majo-A

2266 499 2339 571 μὴ
2369 498 2482 569 ἔχοι
2515 496 2674 566 τυχὸν
2709 486 3084 560 πνευματικῆς
3131 481 3460 579 ἀφηγήσεως
3492 475 3686 579 τρέπον
3710 479 3745 547 ὴ

501 609 673 670 ribus,
709 608 773 660 ad
808 615 1045 661 nostram
1079 617 1298 674 quoque
1330 600 1751 656 admonitionem
1791 612 1909 654 esse
1943 611 2068 653 con-

2225 567 2410 660 τορία,
2424 567 2546 639 ἀλλ’
2576 579 2668 636 οὖν
2699 582 2759 634 τὸ
2801 580 2857 645 ἐξ
2883 576 3068 646 ,αὐτῆς
3094 573 3283 642 ὄφελος
3309 569 3368 622 οὐ
3399 567 3592 639 βραχύ.
3619 567 3751 635 Φησὶ

501 657 973 767 seri—pliav'R-‘WH
1001 657 1009 658 7
1090 657 1114 674 Β.
1168 657 1179 658 7
1211 657 1226 672 ³
2176 657 2337 748 γὰρτὸ
2358 676 2589 739 Παῦλος,
2617 671 2860 734 τυπικῶς
2883 665 3200 738 συμϐαίνειν
3223 664 3336 726 τοϊς
3359 657 3755 732 ἀρχαιοτέροις,

2178 767 2490 838 γεγράφθαι
2519 781 2581 834 γε
2622 763 2727 834 μὴν
2754 759 2890 832 πρὸς
2922 754 3202 811 νουθεσίαν

1005 908 1204 964 VISIO
1242 905 1580 964 DESERTI.
1893 884 1898 886 ⁷

2506 899 2590 950 T0
2631 895 2876 947 ΟΡΑΜΑ
2923 890 3060 943 ΤΗΣ
3096 884 3424 940 ΕΡΗΜΟΥ.

576 1049 886 1103 Terminato
913 1045 1272 1111 pulcherrime
1301 1057 1574 1108 sermone,
1598 1014 1690 1112 qui
1723 1040 1788 1097 de
1813 1034 2081 1112 Egyptiis

2259 1024 2602 1096 Διαπεράνας
2649 1017 2707 1075 εὖ
2762 1020 2906 1089 μάλα
2935 1018 3026 1072 τὸν
3054 1017 3146 1070 ἐπί
3189 1015 3254 1084 γέ
3283 1032 3424 1085 φημι
3452 1015 3564 1077 τοῖς
3597 1014 3775 1079 Αἰγυο

509 1143 724 1208 inquam
771 1139 985 1192 habitus
1033 1145 1148 1200 est,
1187 1151 1309 1189 cum
1361 1149 1390 1188 a
1434 1104 1727 1204 propheta,
1764 1104 1980 1201 quando
2031 1137 2086 1184 el.

2225 1119 2375 1180 ιτίοις
2400 1117 2577 1184 λόγον,
2608 1113 2813 1180 πηνίκα
2859 1127 2919 1162 τε
2967 1108 3061 1162 καὶ
3109 1109 3256 1171 ὅπως
3303 1105 3654 1176 κεκλήσονται
3683 1104 3777 1157 διὰ

511 1233 780 1300 quomodo
824 1245 921 1297 per
968 1229 1123 1281 fidem
1171 1227 1237 1280 ad
1282 1223 1610 1293 agnitionem
1645 1222 1755 1277 veri
1797 1221 1888 1275 Dei
1922 1230 2083 1274 vbra-

2225 1211 2426 1271 εἱστεως
2448 1207 2584 1276 πρὸς
2613 1205 2910 1272 ἐπίγνωσιν
2934 1199 3027 1253 τοῦ
3053 1199 3170 1252 κατ’
3187 1197 3442 1268 ἀλήθειαν
3461 1197 3610 1257 ὄντος
3629 1193 3776 1246 Θεοῦ

512 1333 698 1376 rentur
725 1318 1028 1388 expositum
1058 1316 1124 1370 sit
1157 1332 1173 1369 ι
1206 1314 1270 1367 ad
1297 1312 1457 1366 aliam
1481 1311 1739 1365 visionem
1769 1324 1827 1364 se
1856 1308 2086 1374 confert,

2225 1298 2414 1354 ιειπὼν
2449 1299 2477 1349 ὁ
2523 1296 2828 1367 προφήτης,
2864 1291 3162 1364 μεταφοιτᾷ
3193 1287 3327 1359 πρὸς
3361 1287 3553 1357 ἑτέραν
3578 1286 3778 1354 ὅρασιν

515 1414 580 1467 de
615 1425 796 1466 eremo
839 1427 853 1463 :
903 1422 1003 1461 nec
1048 1403 1366 1474 simpliciter
1426 1400 1515 1455 hic
1559 1408 1716 1452 terrae
1772 1400 2000 1450 deserta:
2036 1405 2091 1450 et

2225 1391 2288 1460 ὴν
2337 1389 2466 1459 περὶ
2511 1387 2614 1455 τῆς
2657 1385 2900 1455 ἐρήμουο
2943 1380 3038 1434 καὶ
3080 1380 3176 1448 οὐχ
3199 1375 3383 1438 ἁπλῶς
3420 1375 3522 1444 γῆς
3547 1376 3678 1446 ήμῖν
3713 1375 3778 1426 ἐν

516 1504 768 1557 desolatas
796 1500 924 1554 facit
952 1496 1300 1557 mentionem,
1332 1491 1425 1547 sed
1459 1505 1701 1546 eremum
1730 1495 1892 1543 vocat
1918 1487 2094 1557 Baby-

2225 1481 2400 1544 ούτοις
2427 1478 2681 1546 ἀοικήτου
2707 1474 2800 1526 καὶ
2830 1473 3041 1543 ἐρήμης
3083 1470 3313 1522 ποιεῖται
3346 1467 3563 1536 μνήμην
3583 1481 3597 1494 ι
3633 1463 3782 1517 ἀλλὰ

521 1595 741 1657 Iunium,
793 1605 912 1659 quae
939 1604 1061 1644 cum
1089 1588 1214 1641 olim
1247 1581 1670 1639 innumerabiles
1694 1581 1920 1637 haberet
1944 1579 2093 1632 incoo

2225 1573 2304 1644 ’ἀρ
2334 1571 2538 1641 ἔρημον
2573 1565 2832 1636 ὀνομάζει
2880 1565 2979 1634 τὴν
3029 1559 3400 1623 Βαϐυλωνίων,
3432 1557 3468 1626 ἦ
3497 1571 3623 1608 ποτε
3673 1554 3782 1624 μὲν

523 1686 602 1740 las
633 1684 798 1737 fortes
823 1691 876 1736 et
903 1679 1356 1750 pugnacissimos,
1387 1678 1466 1730 ira
1499 1689 1532 1729 e
1562 1673 1810 1744 supernis
1839 1671 1987 1726 illata
2017 1671 2095 1725 sic

2225 1663 2428 1737 ιριθμοῦ
2480 1660 2793 1732 κρείττονας
2826 1651 2939 1726 εἶχε
2973 1654 3098 1717 τοὺς
3124 1653 3430 1723 οἰκήτορας,
3460 1645 3662 1706 δεινούς
3712 1662 3779 1697 τε

524 1778 801 1831 devastata
831 1781 932 1838 est,
959 1781 1015 1824 ut
1043 1769 1264 1824 omnino
1293 1766 1430 1820 viris
1455 1779 1622 1819 vacua
1651 1773 1949 1829 remaneat,
1975 1769 2095 1816 cum

2225 1756 2292 1809 ιαι
2335 1750 2782 1824 μαχιμωτάτουςο
2816 1744 3084 1818 ἠρημώθη
3125 1743 3180 1796 δὲ
3217 1742 3407 1803 οὕτως,
3439 1737 3606 1810 ὀργῆς
3632 1737 3776 1806 αὐτῇ

525 1867 696 1935 Cyrus
749 1832 1033 1931 Cambysis
1089 1859 1228 1912 filius
1287 1861 1622 1925 oppugnaret
1673 1852 2024 1923 Babyloniam
2082 1869 2096 1905 :

2225 1848 2302 1917 τῆς
2331 1845 2534 1900 ἄνωθεν
2569 1839 3024 1912 ἐπενηνεγμένης,
3065 1836 3141 1900 ώς
3167 1834 3450 1901 κένανδρον
3483 1832 3781 1899 ἁπομεῖναι

525 1918 684 2025 503
731 1952 883 2020 cujus
921 1918 980 2006 et
1021 1949 1148 2003 alibi
1190 1918 1461 2011 mem-init.~
1478 1946 1759 2014 prapheta,
1790 1918 2044 2011 inquiens
2081 1953 2098 1994 :

2225 1935 2481 1999 ταντελῶς
2502 1930 3070 2003 καταστρατεύσαντος
3097 1926 3193 1997 τῆς
3221 1921 3570 1977 Βαϐυλωνίων
3591 1918 3780 1987 Κύρου

722 2011 853 2096 dicit
891 2039 1149 2095 Dominus
1183 2044 1346 2092 uncto
1380 2011 1500 2089 meo
1533 2011 1702 2104 Cyro,
1731 2033 1882 2102 cujus
1914 2045 2103 2101 appre-

2225 2030 2301 2085 τοῦ
2332 2026 2651 2099 Καμϐύσου.
2685 2017 2761 2078 Ob
2783 2024 2876 2076 καὶ
2899 2018 3127 2091 ἑτέρωθι
3157 2013 3574 2087 διαμνημονεύει
3601 2011 3782 2078 λέγων

528 2135 688 2191 bendi
731 2135 1043 2195 dexteram,
1091 2137 1152 2184 ut
1193 2129 1417 2183 audiant
1455 2100 1636 2180 cora-In
1684 2139 1749 2178 eo
1793 2100 2021 2194 ﬁgentes:
2052 2129 2107 2177 et

2225 2123 2236 2175 ὃ
2269 2121 2584 2192 προφήτηςο
2621 2135 2640 2168 ι
2671 2114 2856 2176 Οὕτως
2895 2110 3042 2177 λέγει
3085 2107 3290 2176 Κύριος
3339 2103 3416 2172 τῷ
3442 2100 3642 2172 χριστῷ
3675 2116 3783 2168 μου

529 2229 777 2283 civitates
803 2240 907 2279 non
943 2218 1425 2278 coneludentur".
1462 2235 1481 2270 ι
1519 2216 1618 2270 llic
1645 2215 1788 2269 illam
1821 2213 2106 2284 superbam

2225 2188 2474 2283 Κύρῳ,οῗ›
2502 2207 2777 2278 ἐκράτησα
2798 2203 2896 2274 τῆς
2918 2201 3115 2265 δεξιᾶς,
3145 2195 3444 2252 ἐπακοῦσαι
3474 2188 3784 2284 ἔμπροσθεν

530 2319 824 2390 quondam,
852 2323 906 2371 et
939 2324 1130 2371 contra
1162 2326 1378 2367 omnem
1409 2317 1627 2380 gentem
1659 2306 1942 2372 elevatam,
1969 2315 2023 2362 et
2051 2305 2107 2360 in

531 2411 726 2483 pugnis
757 2409 1176 2473 formidabilem,
1205 2403 1549 2476 Babylonem,
1591 2403 1835 2470 inquam,
1859 2401 1909 2454 vi
1943 2414 2109 2454 occu-

534 2503 680 2570 pavit
716 2517 730 2554 :
769 2498 901 2553 facit
934 2507 1115 2551 autem
1149 2504 1204 2550 et
1237 2507 1381 2548 nunc
1414 2492 1673 2562 propheta
1717 2488 1835 2557 ejus
1879 2488 2110 2541 mentio-

534 2607 656 2647 nem
682 2600 737 2646 et
765 2592 1034 2644 desertum
1067 2584 1327 2640 nominat.
1352 2581 1635 2649 Quomodo
1669 2591 1847 2634 autem
1881 2592 1946 2633 eo
1972 2576 2115 2633 cala—

539 2679 746 2736 mitatis
778 2679 994 2746 delapsa
1025 2675 1121 2739 sit,
1146 2673 1355 2729 duabus
1381 2673 1447 2726 de
1474 2668 1655 2725 causis
1683 2667 1963 2722 manifeste
1990 2678 2117 2719 nar-

538 2781 646 2837 rat,
676 2779 736 2824 ut
777 2769 992 2838 quidem
1037 2773 1138 2836 ego
1176 2778 1372 2820 censeo
1417 2779 1432 2816 :
1476 2760 1561 2816 vel
1602 2769 1659 2814 ut
1694 2759 1906 2813 Judteos
1951 2773 1982 2812 a
2023 2770 2117 2825 spe

540 2862 596 2917 in
639 2861 746 2914 illis
786 2857 1045 2913 collocata
1091 2853 1318 2909 abducat
1363 2869 1378 2906 :
1431 2869 1450 2904 ι
1503 2849 1633 2905 Erat
1675 2849 1817 2904 enim
1862 2846 2115 2916 Ephraim

542 2950 788 3008 columba
831 2961 1040 3009 amens,
1081 2963 1099 2998 ι
1147 2942 1599 3015 quemadmodum
1640 2940 1718 2994 ait
1755 2938 1890 2992 alius
1928 2952 1960 2993 e
1997 2953 2120 3007 pro-

546 3043 842 3114 phetis":
900 3057 920 3090 ι
956 3038 1246 3111 Egyptum
1304 3033 1602 3098 invocavit,
1647 3040 1702 3088 et
1753 3031 1820 3086 ad
1873 3029 2123 3100 Assyrios

547 3130 773 3201 profecti
801 3138 924 3182 sunt
956 3146 970 3181 :
1007 3145 1027 3178 ι
1058 3125 1142 3180 vel
1173 3131 1230 3178 ut
1256 3125 1608 3179 contristatos
1639 3121 1967 3182 consoletur,
1998 3117 2120 3187 quia

493 3229 496 3232 ’
547 3229 756 3273 vastata
791 3233 976 3272 eorum
1015 3216 1265 3284 regione,
1299 3223 1354 3266 et
1386 3219 1577 3266 exusto
1612 3212 1851 3280 ipsorum
1887 3212 2118 3279 templo,

551 3311 875 3379 Babylonem
920 3306 1120 3376 captivi
1165 3303 1380 3359 abducti
1431 3311 1560 3358 sunt
1599 3315 1722 3357 cum
1769 3301 2025 3355 uxoribus
2073 3310 2128 3356 et

552 3401 757 3456 liberis.
793 3399 910 3464 Quo
939 3395 1156 3466 quidem
1187 3396 1470 3464 perspicue
1499 3393 1676 3457 docet,
1703 3392 1749 3446 si
1782 3406 1848 3447 ex
1878 3392 2128 3459 praescri-

553 3503 646 3563 pto
677 3491 807 3561 legis
837 3490 1020 3544 vivere
1051 3487 1355 3551 instituant,
1387 3495 1440 3540 et
1473 3484 1781 3539 divinarum
1814 3482 2131 3553 praeceptio-

2212 2275 2779 2370 αὐτοθὲθνηίιῖόλεις
2811 2295 2871 2350 οὐ
2907 2290 3384 2363 συγκληθήσονται.
3419 2305 3437 2337 ι
3476 2278 3638 2345 Οὗτος
3668 2275 3783 2333 εἷλε

2210 2394 2357 2449 κατά
2400 2391 2599 2462 κράτος
2637 2389 2739 2458 τὴν
2799 2384 3031 2450 ἀλαζόνα
3078 2382 3208 2436 ποτὲ
3254 2379 3348 2434 καὶ
3391 2376 3532 2431 κατά
3582 2373 3789 2434 muti);

2215 2485 2402 2546 ἔθνους
2430 2479 2818 2549 ἐπαιρομένην,
2858 2476 2950 2528 καὶ
2992 2473 3318 2543 δυσάντητον
3348 2469 3405 2521 ἐν
3437 2467 3650 2536 μάχαις,
3686 2463 3788 2531 τὴν

2218 2572 2510 2628 Βαϐυλῶνά
2531 2589 2604 2642 φη
2614 2587 2696 2641 μι.
2728 2569 2879 2621 Ποιεῖ
2899 2565 2954 2618 δέ
2980 2567 3198 2636 μνήμην
3217 2561 3308 2614 καὶ
3337 2559 3478 2626 νῦνρ
3507 2555 3792 2626 προφήτης

2219 2667 2407 2737 αὐτῆς,
2443 2663 2540 2718 καὶ
2586 2661 2790 2733 ἔρημον
2844 2659 2940 2728 μὲν
2997 2655 3269 2727 ὀνομάζει.
3304 2651 3437 2704 Τίνα
3481 2649 3536 2702 δέ
3589 2645 3794 2716 τρόπον

2220 2736 2533 2829 ἀθλιότητος
2581 2758 2661 2820 είς
2713 2752 2869 2808 τοῦτο
2911 2749 3260 2810 κατώλισθεν,
3286 2746 3573 2816 ἀφηγεῖται
3605 2736 3796 2806 σαφῶς

2221 2854 2314 2907 δύο
2340 2851 2544 2905 τούτων
2581 2849 2745 2902 ἕνεκα
2786 2843 3036 2913 καθάπερ
3069 2839 3377 2911 ἐγῷμαι.Ἢ
3407 2837 3515 2906 γὰρ
3539 2835 3628 2886 ἵνα
3666 2831 3801 2891 τοὶς

2236 2942 2518 3004 Ἰουδαίους
2536 2939 2822 3010 ἀποστήσῃ
2849 2935 2946 3004 τῆς
2976 2932 3186 2994 ἐλπεδος
3204 2945 3220 2962 ο
3259 2925 3394 2982 (Ἱὶν
3422 2927 3528 2997 γὰρ
3560 2921 3800 2992 Ἑφραῖμ

2227 3035 2524 3110 περιστερά
2563 3034 2744 3098 ἄνους,
2781 3049 2799 3082 ι
2831 3028 2974 3085 καθά
3021 3043 3184 3098 φησιν
3227 3017 3305 3086 εἷς
3331 3021 3439 3074 τῶν
3469 3017 3634 3087 ἁγίων
3661 3033 3801 3086 προ-

2229 3105 2411 3198 φητῶν
2436 3105 2463 3156 ’Β
2497 3143 2516 3176 ι
2545 3123 2819 3191 Αἴγυπτον
2862 3117 3204 3180 ἐπεκαλεῖτο,
3239 3113 3332 3167 καὶ
3359 3112 3437 3174 είς
3482 3105 3804 3173 Ἀσσυρίους

2223 3216 2545 3291 ἐπορεύετο·
2579 3233 2601 3267 ι
2633 3214 2667 3284 ἢ
2719 3215 2807 3268 ἵνα
2851 3208 3206 3282 παρακαλέσῃ
3247 3201 3669 3272 λελυπημένους,
3720 3201 3806 3251 ὅτι

2225 3290 2566 3380 πεπόρθηται
2599 3307 2696 3377 μὲν
2729 3304 2905 3359 αὐτῶν
2934 3305 2967 3374 ή
2999 3301 3172 3373 χώρα,
3209 3297 3592 3368 ἐμπεπρησται
3708 3290 3808 3344 καὶ

2229 3374 2390 3464 αὐτὸς
2511 3374 2669 3461 νεώς,
2699 3394 3023 3466 δορύληπτοι
3053 3391 3110 3444 δὲ
3143 3387 3388 3458 γυναιξὶν
3420 3382 3552 3453 ὁμοῦ
3585 3374 3679 3434 καὶ
3707 3382 3804 3432 τὲ-

2230 3509 2376 3554 κνοις
2401 3465 2850 3560 ἀπεκομίσθησαν
2881 3485 2957 3546 είς
2985 3482 3084 3554 τὴν
3113 3477 3426 3533 Βαϐυλῶνα.
3459 3473 3626 3527 Τοῦτο
3653 3471 3712 3522 δὲ
3737 3465 3810 3540 ἦν

557 3599 684 3639 num
721 3582 961 3652 germani
993 3589 1046 3635 et
1073 3577 1286 3649 ingenui
1316 3577 1570 3632 custodes
1595 3589 1720 3631 esse
1745 3575 1932 3639 velint,
1968 3576 2122 3629 Deum

2229 3583 2571 3644 διδάσκοντος
2610 3576 2875 3649 ἐναργῶς,
2898 3575 2978 3628 ὅτι
3012 3572 3105 3627 καὶ
3133 3571 3238 3625 τῶν
3260 3565 3680 3636 πεπορθηκότων
3703 3560 3809 3613 αὓ-

555 3684 856 3730 vaslatores
911 3671 1030 3726 illos
1083 3682 1485 3740 aggressurum.
1536 3665 1916 3722 Narrationem
1971 3666 2122 3736 igitur

2229 3677 2355 3740 τοὺς
2399 3670 2928 3739 κατεξαναστήσεται
2970 3665 3120 3728 Θεὸς,
3165 3665 3214 3716 εἰ
3267 3661 3366 3731 ζῇν
3411 3658 3614 3711 ἕλοιντο
3659 3653 3812 3707 κατά

557 3765 791 3820 instituit
823 3764 1104 3833 propheta,
1129 3760 1396 3827 habetque
1419 3758 1646 3814 visionis
1671 3766 1958 3812 contextus
1984 3755 2122 3811 enal-

2233 3765 2415 3836 νόμον,
2450 3761 2544 3816 καὶ
2572 3759 2679 3813 τῶν
2711 3758 2868 3811 θείων
2894 3753 3238 3826 ὲνταλμάτων
3271 3749 3434 3805 αὑτοῦ
3468 3748 3680 3818 γνήσιοι
3709 3760 3813 3812 γε-

560 3858 737 3927 lagen,
768 3866 820 3910 et
851 3854 1182 3909 imitationes
1230 3865 1608 3922 personarum.
1639 3847 1792 3904 Nunc
1819 3848 1962 3902 enim
1996 3845 2122 3900 velut

2234 3855 2423 3913 νέσθαι
2451 3854 2705 3922 φύλακες.
2736 3847 2944 3903 Οὐκοῦν
2971 3848 3263 3916 ἀφηγεῖται
3294 3844 3391 3914 μὲν
3430 3843 3459 3895 ὁ
3497 3840 3814 3911 προφήτης.

562 3948 868 4002 futurorum
915 3945 1161 4000 oculatus
1209 3943 1381 4008 testis,
1413 3951 1468 3996 et
1497 3948 1772 4010 spectator
1807 3953 1839 3992 a
1886 3937 1994 3992 Deo
2035 3938 2117 4002 sib

2239 3951 2394 4019 Ἔχει
2413 3965 2476 4016 γε
2497 3946 2601 4017 μὴν
2629 3945 2688 3998 τὸ
2716 3945 2813 4014 τῆς
2835 3942 3073 4014 ὁράσεως
3104 3939 3234 4008 ὕψος
3257 3934 3559 4008 προσώπων
3588 3931 3819 3986 ἐναλλαο

562 4049 780 4093 ostensa
809 4045 1028 4090 enarrat
1056 4051 1069 4087 :
1103 4048 1242 4088 nunc
1267 4042 1321 4087 et
1344 4032 1470 4102 quid
1501 4042 1800 4101 temporum
1828 4029 2058 4084 decursu
2087 4043 2116 4082 e

2237 4039 2361 4107 τάς.
2397 4035 2536 4088 Ποτέ
2571 4033 2669 4104 μέν
2697 4033 2807 4102 γάρ
2839 4031 2912 4094 ὡς
2942 4030 3215 4098 αὐτόπτης
3255 4028 3361 4081 τῶν
3391 4025 3682 4096 ἐσομένων,
3717 4024 3821 4076 καὶ

563 4129 781 4195 delapsu
814 4126 1172 4193 contingeret,
1199 4124 1396 4192 spiritu
1433 4123 1756 4193 prophetico
1786 4130 1909 4175 ante
1938 4121 2122 4174 denun‘

2242 4128 2444 4199 θεωρὸς
2459 4126 2557 4196 ήδη
2580 4122 2838 4193 γεγονὼς,
2853 4123 3124 4191 ἐξηγεῖται
3141 4121 3207 4173 τὰ
3223 4116 3644 4190 παραδειχθέντα
3666 4115 3822 4185 αὑτῷ

568 4220 667 4272 tiat
696 4233 711 4271 ι
747 4232 888 4270 nunc
923 4214 1219 4268 introducit
1251 4213 1469 4280 insuper
1501 4227 1787 4282 personam
1821 4210 2122 4279 Babylonio

2243 4218 2396 4287 παρά
2418 4213 2552 4267 Θεοῦ
2573 4231 2588 4244 ο
2618 4213 2749 4265 ποτὲ
2784 4212 2841 4264 δέ
2870 4212 2962 4264 καὶ
2983 4210 3035 4262 τί
3061 4208 3393 4279 συμϐήσεται
3420 4203 3561 4258 κατά
3587 4203 3822 4272 καιροὺς

573 4325 714 4370 rum,
743 4321 862 4362 sese
895 4307 963 4359 ob
996 4315 1101 4359 tam
1131 4303 1358 4358 acerbas
1388 4309 1444 4357 et
1475 4303 1786 4371 inopinatas
1812 4301 2122 4358 calamitate:

2247 4305 2571 4380 προφητικῷ
2629 4303 2899 4373 πνεύματι
2951 4299 3361 4373 προιιναφιιινεῖ⁸
3408 4295 3709 4364 εἰσκομίζει
3763 4292 3822 4347 δὲ

567 4400 985 4470 deplorantinm.
1021 4396 1255 4451 Proinde
1303 4395 1458 4464 quasi
1510 4395 1903 4463 contemplatus
1952 4393 2122 4448 Persa-

2248 4401 2342 4454 καὶ
2390 4399 2452 4451 τὸ
2494 4395 2849 4450 Βαϐυλωνίων
2887 4391 2997 4445 ἐσθ’
3025 4393 3112 4444 ὅτε
3144 4390 3430 4461 πρόσωπον
3457 4385 3824 4454 κατοιμωξόνο

570 4505 709 4551 rum,
731 4501 784 4542 et
812 4488 1106 4550 Medorum,
1129 4495 1183 4540 et
1210 4483 1585 4548 Elamitarum,
1609 4495 1795 4538 contra
1818 4484 2121 4554 Babyloueu

2245 4505 2355 4541 των
2395 4487 2619 4549 ἑαυτοὺς
2672 4484 2928 4545 ἐπὶ-ταῖς
2978 4480 3120 4535 οὕτω
3152 4480 3352 4542 δειναῖς
3390 4477 3484 4532 καὶ
3533 4475 3825 4544 ἀδοκήτοις

569 4580 987 4648 expeditionem,
1013 4579 1087 4633 ita
1115 4578 1192 4633 ait
1223 4594 1238 4632 :
1269 4575 1674 4642 Obequitabuut
1698 4585 1753 4631 et
1778 4575 2118 4646 peragrabun

2246 4579 2575 4647 συμφοραῖς.
2593 4577 2682 4638 Ὠς
2705 4573 3027 4642 τεθεαμένος
3055 4571 3231 4626 τοίνυν
3263 4569 3357 4640 τὴν
3392 4567 3614 4639 Περσῶν
3642 4583 3700 4618 τε
3725 4567 3826 4618 καὶ

570 4684 832 4723 eremum.
2242 4667 2464 4734 Μήδων,
2496 4663 2592 4717 καὶ
2627 4663 2732 4733 μὴν
2761 4667 2854 4716 καὶ
2885 4659 3182 4731 Ἐλαμιτῶν
3211 4658 3351 4711 κατά
3378 4656 3478 4734 τῆς
3501 4652 3824 4716 Βαϐυλῶνος

634 4930 770 4990 CAP.
808 4929 948 4986 XXI.
972 4930 1137 4987 Vens.
1165 4931 1215 4986 l.
1244 4930 1557 4987 Sicutveuti
1585 4935 1856 4998 tempestas
1887 4926 2146 4982 desertum

574 5026 874 5096 pertransit.

649 5114 924 5169 l'ulverem
942 5113 1208 5176 excitans,
1225 5109 1470 5167 etomnia
1488 5123 1685 5179 susque
1703 5108 1874 5179 deque
1891 5108 2144 5164 miscens.

577 5203 737 5256 Addit
765 5221 780 5257 :

655 5295 820 5349 Vens.
849 5294 904 5348 2.
940 5291 1222 5347 Ilorribilia
1265 5291 1426 5357 visio,
1456 5300 1502 5344 et
1539 5289 1676 5344 dura
1721 5289 2036 5342 auuuutiata
2075 5295 2153 5340 est

581 5390 729 5440 mihi.

592 5514 594 5516 τ
655 5478 859 5533 Suliicit
889 5480 1033 5533 enim
1076 5477 1275 5532 nudum
1312 5483 1368 5529 et
1397 5473 1570 5528 solum
1606 5470 1838 5527 hostium
1874 5477 2156 5539 spectacu-

2240 4733 2605 4825 exetpastdv,
2639 4751 2781 4805 οὕτω
2831 4751 2998 4822 φησί’
3032 4733 3478 4804 Καθιππεύσουσί
3521 4762 3578 4798 τε
3618 4744 3712 4797 καὶ
3748 4743 3827 4796 διο

2241 4847 2550 4901 ελεύσονται
2577 4845 2672 4916 τὴν
2711 4843 2939 4914 ἔρημον.

2325 4938 2554 4995 Ὠσανεὶ
2577 4939 2675 4992 καὶ
2693 4933 2930 5006 ἀνέμων
2963 4932 3226 5003 καταιγίς
3245 4931 3321 4985 δι’
3335 4929 3556 4999 ἐρήμου
3577 4923 3826 4981 διέλθοι.

2325 5118 2435 5187 Τὴν
2460 5115 2607 5168 κόνιν
2627 5109 2765 5167 εῖναι
2783 5113 3082 5174 ἀναστᾶσα,
3099 5109 3191 5162 καὶ
3215 5107 3496 5180 μονονουχὶ
3519 5105 3832 5175 συγχέουσα

2247 5211 2310 5264 τὸ
2345 5209 2453 5261 πᾶν
2478 5249 2492 5262 .
2533 5204 2876 5276 Προσεπάγει
2908 5203 2965 5255 δέ
2985 5218 2998 5232 ·

2251 5301 2372 5353 ’Ότι
2395 5295 2649 5367 φοϐερὸν
2667 5293 2733 5348 τὸ
2757 5293 2947 5362 ὅραμα
2967 5290 3063 5345 καὶ
3085 5288 3360 5357 σκληρὸν
3381 5284 3682 5356 ἀνηγγέλη
3698 5302 3827 5353 μοι.

2333 5473 2515 5544 Ἰκανὴ
2540 5472 2647 5543 γὰρ
2676 5471 2814 5537 λίαν,
2847 5471 2938 5524 καὶ
2965 5469 3092 5540 ψιλὴ
3123 5469 3217 5523 καὶ
3249 5467 3382 5539 μόνη
3417 5465 3523 5520 τῶν
3549 5462 3830 5532 πολεμίων

585 5567 716 5632 Ιυιιι,
769 5579 823 5626 et
848 5571 1084 5624 virorum
1125 5569 1495 5624 bellicosorum
1538 5563 1820 5620 multitudo
1864 5562 2120 5617 fortissim

2254 5565 2288 5634 ή
2321 5563 2445 5629 θέα,
2475 5562 2567 5615 καὶ
2599 5561 2703 5615 τῶν
2726 5550 2982 5632 ’μαχίμων
3015 5563 3048 5632 ή
3081 5559 3430 5631 ἀλκιμωτάτη
3458 5552 3662 5622 πληθὺς
3696 5568 3834 5604 κατ-

651 5741 699 5774 ’⁵
733 5739 748 5794 l
778 5741 905 5798 Cor.
958 5757 1011 5810 ι,
1050 5743 1137 5797 ll.

1235 5745 1280 5776 ⁷⁸
1335 5745 1436 5798 lsa.
1485 5759 1605 5808 xu,
1669 5743 1718 5794 l.
1794 5741 1838 5774 ⁷⁷
1876 5740 2034 5807 Osce,
2077 5739 2131 5807 7,
2172 5739 2254 5794 li.
