3962 6216
195 286 302 342 £85

1159 271 1177 289 '
1288 285 1357 342 IN
1398 286 1631 344 lSAlAM
1669 286 1797 344 LIB.
1843 289 1906 344 n.
1947 288 2186 348 Touus
2225 290 2314 349 tv.

3359 304 3461 364 486

183 400 557 473 ισκευασμένη
584 401 723 473 πρὸς
754 401 1009 473 πόλεμον,
1037 402 1274 476 σκληρὸν
1296 406 1597 477 ἐμποιῆσαι
1620 407 1765 479 δεῖμα

1885 412 1951 463 a’d
1997 410 2194 465 bellum
2246 412 2544 480 instructa,
2576 406 3241 475 timorem‘vehementem
3293 421 3466 492 injicit

183 496 296 559 τοῖς
322 492 637 563 θεωμένοις.
657 492 797 545 Ἀλλ’
827 493 889 546 οὐ
932 493 1222 549 τεθεᾶσθαί
1252 514 1385 567 φησι
1421 497 1603 567 μόνον,
1640 498 1775 552 ἀλλὰ

185 584 294 654 γὰρ
323 583 435 650 καὶ,
454 582 758 651 Ἀνηγγέλη
794 599 907 653 μοι,
942 583 1131 654 φησιν·
1155 584 1290 656 ὁμοῦ
1314 586 1503 658 γὰρτῇ
1535 586 1652 658 θέᾳ,
1683 588 1775 642 καὶ

185 675 300 750 τῶν
323 673 667 747 πραγμάτων
693 673 792 745 τὴν
821 674 1048 729 Ξκϐασιν
1079 676 1408 746 ὲδιδάσκετο,
1432 678 1590 750 δῆλον
1612 679 1670 734 δὲ
1693 680 1774 736 ὅτι

187 746 335 837 napi
356 746 512 816 Θεοῦ.

332 855 386 907 '0
420 853 647 908 ἀθετῶν
675 852 891 919 ἀθετεῖ,
926 856 1025 910 καὶ
1053 859 1087 911 ό
1114 856 1359 927 ἁνομῶν
1384 859 1612 930 ἀνομεῖ.

265 945 721 1017 Ἀνεπίπληκτον,
752 948 907 1017 φησι,
936 948 1047 1001 τῶν
1071 948 1335 1003 ἐπιόντων
1362 950 1425 1004 τὸ
1458 951 1676 1023 θράσος.
1697 954 1771 1007 Οὐ

185 1037 289 1108 γὰρ
321 1038 605 1107 λογισμοῖς
630 1038 998 1110 ἀνθρωπίνοις
1029 1040 1361 1096 ἀνάπτονται
1395 1044 1533 1114 πρὸς
1558 1045 1619 1098 τὸ
1642 1046 1775 1117 ἤμει

187 1147 305 1205 ρον·
336 1129 452 1184 ἀλλ’
479 1129 603 1182 οὐδέ
639 1146 725 1193 τις
751 1130 859 1183 τῶν
893 1132 952 1185 ὲν
981 1133 1163 1196 αὐτοῖς
1190 1133 1552 1205 διενθυμεῖταί
1584 1154 1636 1189 τι
1665 1138 1773 1192 τῶν

186 1222 427 1291 ἡκόντων
449 1238 463 1252 ·
494 1221 691 1291 ἀνομεῖ
716 1220 771 1274 δὲ
806 1222 1148 1290 ἀκαθέκτως,
1188 1227 1283 1279 καὶ
1325 1226 1510 1281 ἀθετεῖ
1538 1228 1682 1281 κατὰ
1711 1230 1773 1283 τὸ

186 1311 332 1384 αὑτῷ
365 1310 579 1375 δοκοῦν,
603 1310 664 1364 οὐ
695 1310 914 1381 φειδοῦς
942 1313 1171 1385 ἐνούσης
1201 1316 1377 1380 τινός·
1418 1318 1492 1369 Οὐ
1534 1318 1643 1389 γὰρ
1692 1322 1772 1384 εἰς

185 1403 332 1456 ιλεον
360 1401 672 1474 βλέπουσιν,
702 1402 818 1455 ἀλλ’
852 1404 1011 1475 ἔργον
1037 1405 1219 1469 αὐτοῖς
1251 1406 1312 1459 τὸ
1336 1409 1770 1481 ἐσπουδασμένον

181 1494 354 1559 ἔσται,
373 1494 560 1563 φησιν,
585 1493 646 1547 τὸ
666 1495 889 1565 ἁνομεῖν
910 1513 968 1550 τε
987 1498 1078 1551 καὶ
1102 1498 1487 1571 ἁθετεῖν.Ἔφη
1513 1518 1566 1555 τι
1592 1501 1769 1554 τοιοῦ-

178 1603 270 1639 τον
299 1587 394 1640 καὶ
418 1586 508 1639 διὰ
549 1588 733 1658 φωνῆς
766 1585 860 1640 τοῦ
895 1589 1084 1653 αὑτοῦ,
1118 1592 1253 1661 πρὸς
1284 1585 1411 1655 τοῦς
1453 1593 1553 1663 τῆς
1586 1594 1773 1646 Ἀσσυ-

180 1678 315 1751 ρίων
339 1680 661 1750 οἰκήτορας·
698 1680 830 1733 Ἰδοὺ
858 1680 970 1749 ἐγὼ
1003 1683 1195 1751 ἐπάγω
1225 1683 1353 1753 ὑμῖν
1382 1684 1509 1748 τοὺς
1530 1684 1766 1756 Μήδους,

1882 502 2303 567 δριιριοιοτὶιιιιε.
2342 503 2450 560 Sed
2494 520 2598 560 non
2634 507 2869 575 spectari
2902 517 3107 563 tantum
3151 512 3310 576 dicit,
3339 518 3456 581 sed,

1882 591 2278 646 Annuittiatnm
2306 601 2391 648 est
2416 594 2573 658 mihi,
2600 594 2809 664 inquit;
2837 595 2993 650 simul
3017 598 3306 685 enimcum
3337 614 3464 669 spe-

1881 682 2095 736 ctaculo
2126 698 2306 738 rerum
2338 695 2593 739 eventum
2622 686 2825 751 docuit,
2857 700 2887 740 a
2925 686 3033 741 Deo
3061 682 3287 744 scilicet.

1953 852 2321 910 Prauricans
2354 856 2759 926 prmearieatur,
2786 860 2995 929 iniquus
3025 862 3198 932 inique
3226 867 3357 933 agit.

1951 942 2117 1017 304
2154 947 2578 1016 llr-perterritam
2610 965 2730 1005 esse
2758 953 2853 1019 ait,
2883 964 2933 1006 et
2966 966 3276 1024 promptam
3311 971 3462 1027 gras-

1880 1047 2122 1091 satorum
2155 1038 2461 1102 audaciam,
2487 1041 2576 1107 qui
2615 1054 2720 1094 non
2759 1041 3060 1096 ratiociniis
3091 1042 3343 1100 humanis
3374 1061 3461 1100 re-

1880 1138 2142 1182 vocantur
2173 1130 2239 1182 ad
2275 1130 2718 1199 placabilitatem,
2748 1135 2844 1187 sed
2881 1149 3040 1188 nemo
3079 1151 3266 1190 eorum
3301 1141 3459 1207 quid-

1880 1234 2042 1289 quam
2077 1233 2201 1274 cum
2238 1220 2413 1275 otiicio
2448 1232 2503 1276 et
2533 1223 2732 1277 decoro
2767 1223 3116 1292 conjunctum
3150 1229 3370 1297 cogitat,
3407 1237 3463 1284 at

1878 1310 2286 1377 praevaricator,
2320 1325 2419 1365 nec
2453 1314 2672 1382 reprimi
2710 1325 2905 1384 potest,
2940 1316 3189 1387 nulloque
3224 1318 3458 1374 suﬂnsus

1878 1406 2082 1470 pudore
2117 1420 2213 1474 pro
2246 1420 2342 1459 sua
2380 1404 2603 1461 libidine
2636 1409 2892 1479 opprimit
2927 1428 2941 1464 :
2974 1410 3088 1464 Non
3117 1413 3258 1466 enim
3291 1414 3454 1468 mise-

1878 1494 2167 1549 ricordiam
2196 1505 2461 1564 spectant,
2492 1499 2586 1552 sed
2621 1512 2777 1567 opus,
2811 1499 3002 1569 inquit,
3037 1501 3229 1555 horum
3264 1513 3318 1555 ct
3349 1504 3450 1557 huc

1877 1587 2112 1639 studium
2139 1595 2243 1650 est,
2280 1588 2467 1654 iniqua
2504 1602 2691 1655 agere,
2734 1599 2786 1644 et
2819 1592 3146 1660 opprimere.
3181 1592 3311 1647 lluic
3348 1610 3454 1648 non

1878 1676 2134 1730 dissimile
2172 1677 2308 1732 dixit
2335 1693 2467 1732 voce
2495 1677 2733 1746 ejusdem
2765 1681 2831 1734 ad
2863 1683 3203 1751 Assyriorum
3234 1684 3454 1740 habita-

175 1772 231 1824 οῖ
278 1771 340 1824 οὐ
392 1770 699 1839 λογίζονται
755 1773 1037 1844 ἀργύριον,
1097 1774 1219 1828 οὐδὲ
1275 1776 1501 1845 χρυσίου
1584 1776 1765 1847 χρείαν

1878 1776 2021 1822 torcs
2050 1785 2063 1822 :
2099 1768 2238 1823 Ecce
2267 1770 2461 1825 induco
2486 1786 2585 1839 ego
2614 1771 2766 1826 vobis
2807 1771 3012 1837 Medos,
3043 1775 3133 1843 qui
3170 1786 3450 1844 argentum

174 1861 382 1932 ἔχουσι.
415 1860 734 1932 Τοξεύματα
767 1863 1068 1916 νεανίσκων
1093 1863 1466 1934 συντρίψουσι.
1492 1865 1628 1918 Θεοῦ
1659 1866 1770 1938 γὰρ

171 1953 349 2023 ὀργὴν
387 1955 501 2015 τοῖς
535 1952 953 2023 πλημμελοῦσιν
990 1953 1310 2023 ἐπάγοντος,
1346 1956 1499 2008 οὐδὲν
1527 1958 1680 2010 ἔσται
1710 1958 1770 2010 τὸ

172 2044 495 2114 ἐπικουρεῖν
522 2042 842 2113 δυνάμενον.
875 2043 1267 2115 Θηριοπρεπὴς
1318 2045 1374 2099 δὲ
1428 2045 1627 2117 μᾶλλον
1654 2051 1768 2112 τοῖς

170 2133 419 2187 ἐθέλουσι
450 2133 757 2205 καταδῃοῦν
794 2135 921 2199 τοὺς
951 2135 1038 2204 ἐφ’
1068 2129 1151 2199 οἷς
1177 2135 1244 2190 ἂν
1274 2137 1538 2209 τρέχοιεν,
1568 2138 1767 2192 ἐνοικί-

170 2222 328 2288 ζεται
358 2222 507 2286 νοῦς.

255 2313 382 2367 Ἐπ’
416 2312 545 2381 ἐμοὶ
587 2315 642 2367 οἱ
689 2312 993 2382 Ἐλομῗτιιι
1015 2356 1030 2381 ,
1083 2313 1184 2368 καί
1227 2317 1282 2368 ot
1322 2314 1604 2385 πρέσϐεις
1650 2317 1770 2374 τῶν

167 2401 423 2469 Περσῶν
451 2402 544 2454 ἐπ’
569 2400 676 2471 ἐμὲ
713 2403 1011 2472 ἔρχονται.
1044 2404 1176 2458 Νῦν
1204 2406 1494 2471 στενάξω,
1529 2410 1625 2461 καὶ
1652 2424 1766 2463 πα-

163 2491 491 2562 ρηκαλέσω
546 2493 826 2561 ἐμαυτόν.
894 2493 997 2548 Διὰ
1066 2495 1243 2549 τοῦτο
1303 2496 1655 2567 ἐνεπλήσθη
1725 2501 1765 2570 ἡ

168 2584 371 2652 ὀσφύς
402 2600 523 2651 μου
558 2583 885 2651 ἐκλύσεως,
927 2585 1026 2638 καὶ
1062 2585 1270 2653 ὠδῖνες
1297 2586 1522 2644 ἔλαϐόν
1558 2609 1653 2660 με,
1683 2592 1766 2659 ὡς

164 2675 288 2740 τὴν
313 2677 645 2729 τίκτουσαν
663 2689 675 2703 °
702 2675 969 2744 ἠδίκησα
996 2678 1105 2732 τοῦ
1127 2678 1214 2747 μὴ
1238 2680 1519 2743 ἀκοῦσαι,
1541 2684 1764 2738 ἐσπού-

166 2770 335 2824 δασα
376 2769 485 2824 τοῦ
540 2768 624 2838 μή
670 2769 950 2834 βλέπειν.
969 2770 1037 2824 Ἦ
1064 2771 1274 2840 καρδιά
1294 2791 1415 2841 μου
1445 2774 1762 2842 πλανᾶται,

167 2863 280 2916 καί
302 2863 342 2928 ἡ
368 2862 587 2931 ἀνομία
602 2878 680 2932 με
695 2861 996 2928 βαπτίζει,
1024 2862 1063 2931 ἠ
1093 2863 1263 2932 ψυχή
1286 2878 1407 2934 μου
1425 2866 1765 2936 ἐφέστηκεν

165 2955 261 3018 αῖς
284 2952 495 3020 φόϐον.

243 3043 696 3113 Προσωποποιῖας
719 3043 833 3114 ἔχει
858 3043 1089 3114 δύναμιν
1111 3045 1139 3098 6
1163 3044 1220 3098 ἐν
1243 3062 1305 3114 γε
1326 3048 1561 3101 τουτοισὶ
1582 3047 1758 3117 λόγος.

170 3106 562 3204 Εξσκομίζεται
607 3133 715 3203 γὰρ
809 3106 1117 3215 Ἀσσύριος,
1158 3106 1266 3186 καὶ.
1298 3133 1484 3199 δεδιὼς
1530 3136 1629 3208 τὴν
1654 3106 1759 3207 ἰῷ.
1789 3106 1832 3166 C

171 3225 309 3288 οδον,
340 3225 436 3278 καὶ
465 3225 573 3278 τῶν
598 3224 871 3295 πολεμίων
895 3225 995 3288 τὰς
1023 3224 1310 3294 φάλαγγας
1333 3226 1431 3279 οὐκ
1455 3227 1760 3299 ἦγνοηκὼς,

173 3318 270 3371 καὶ
302 3319 393 3370 ἐπὶ
435 3316 588 3379 τίνας
620 3317 812 3379 αὐταῖς
841 3318 870 3368 6
894 3315 987 3368 τοῦ
1025 3316 1267 3387 πολέμου
1299 3319 1522 3374 σκοπός.
1554 3322 1628 3373 Οὐ
1654 3322 1763 3394 γὰρ

174 3410 261 3475 ἐφ’
293 3407 517 3479 ἑτέρους
552 3410 726 3470 τινας,
745 3407 861 3460 ἀλλ’
886 3406 1029 3477 ἐμοὶ,
1053 3411 1236 3478 φησιν,
1255 3410 1304 3461 οἱ
1344 3409 1647 3480 Ἐλαμῖται,
1669 3415 1764 3466 καὶ
1806 3446 1811 3450 ~

172 3502 227 3579 οῖ
268 3502 593 3570 πανάριστοι
639 3499 748 3552 τῶν
784 3500 1008 3569 Περσῶν
1053 3500 1369 3572 ὡρμήκασι.
1401 3503 1652 3569 Στενάξω
1700 3504 1762 3575 δὴ

171 3585 265 3643 οὖν
302 3590 400 3641 καὶ
446 3588 812 3659 παρικαλὲσω
841 3587 1097 3659 ἐμαυτόν.
1128 3589 1254 3652 Τοῖς
1298 3589 1408 3661 γὰρ
1454 3592 1512 3642 ὲν
1559 3590 1761 3663 ἐσχάτῃ

174 3681 429 3751 συμφορᾷ
460 3680 710 3748 γεγονόσι
744 3680 902 3733 δοκεῖ
952 3682 1238 3751 προσεῖναί
1282 3698 1367 3744 τις
1410 3684 1763 3754 παραμυθίας

166 3774 393 3845 τρόπος,
425 3772 489 3824 τὸ
529 3771 749 3850 θρηνεῖν
777 3790 832 3825 τε
874 3773 970 3826 καὶ
1019 3772 1761 3846 ὁλοιρύρεσθαι.Ἐκθλί6εται

170 3865 277 3931 γὰρ
302 3864 363 3930 eg
395 3862 588 3932 ὀδύνης
619 3864 681 3916 τὸ
709 3863 963 3934 δάκρυον.
1012 3864 1254 3935 Πρᾶγμα
1286 3865 1339 3918 δὲ
1371 3862 1522 3930 ξένον
1553 3868 1601 3919 ει
1638 3860 1763 3938 ορη’.

170 3955 357 4008 νοῦσιν
401 3955 704 4025 ’Δσσὺριοι,
732 3954 961 4025 σκληροὶ
1007 3955 1103 4009 καὶ
1151 3955 1424 4028 ἀγέρωχοι
1477 3959 1761 4027 γεγονότες

166 4050 276 4115 ἀεὶ,
305 4045 712 4118 ὲξοςρρυωμένοι
741 4065 800 4100 τε
835 4048 974 4116 ἄγαν
1006 4042 1148 4101 κατὰ
1181 4049 1398 4101 πάντων
1426 4048 1535 4102 τῶν
1566 4049 1758 4112 ἐθνῶν,

163 4141 261 4195 καὶ
278 4140 386 4193 οὐκ
402 4138 698 4209 εὐάντητον
724 4138 868 4209 ἔχειν
890 4139 1126 4210 οἰόμενοι
1149 4139 1248 4210 τὴν
1270 4138 1603 4194 ἀντίστασιν.
1622 4140 1759 4194 Ἀλλ’

161 4234 210 4285 oi
240 4232 472 4300 θρασεῖς
506 4229 649 4283 οὕτω
684 4229 778 4283 καὶ
806 4232 1123 4302 φρονήμασι
1150 4234 1265 4293 τοῖς
1301 4231 1443 4303 ὑπὲρ
1477 4231 1761 4302 ἄνθρωπον

163 4324 396 4392 ἐξογκοὺ
406 4338 579 4392 μενοι,
616 4321 1055 4392 γυναικοπρεπὲς
1076 4322 1405 4393 εἰσδέχονται
1429 4322 1487 4375 τὸ
1506 4322 1757 4393 δάκρυον,

1874 1871 1980 1909 non
2012 1868 2228 1921 curant,
2260 1874 2358 1913 nec
2393 1873 2527 1913 auro
2560 1872 2695 1927 opus
2732 1861 2952 1915 habent.
2983 1864 3161 1919 Arcus
3191 1862 3453 1929 iuvenum

1873 1956 2172 2002 conterent.
2205 1949 2313 2003 Deo
2343 1952 2485 2003 enim
2521 1951 2655 2004 iram
2686 1950 3121 2018 delinquentibus
3154 1953 3449 2023 inﬂigente,

1872 2039 2002 2092 nihil
2035 2053 2189 2107 opem
2220 2039 2417 2095 λίποιτο
2447 2043 2642 2111 poterit
2674 2058 2691 2098 :
2734 2044 2842 2097 imo
2878 2053 2931 2099 et
2969 2045 3020 2098 in
3058 2043 3163 2098 illis
3195 2049 3282 2113 qni
3316 2062 3452 2115 quos

1871 2128 2176 2195 incursant,
2211 2131 2437 2199 perdere
2471 2132 2879 2201 aggrediuntur,
2908 2132 3143 2189 belluina
3180 2150 3333 2191 utens
3371 2141 3451 2190 in-

1869 2219 2028 2275 sidet.

1938 2308 2106 2363 Vens.
2136 2310 2190 2376 5,
2219 2314 2273 2368 4.
2303 2311 2368 2365 1η
2398 2328 2479 2367 me
2511 2313 2778 2378 Elamittz.
2810 2325 2857 2370 et
2896 2312 3179 2370 Persarum
3210 2317 3365 2388 legati
3397 2320 3450 2373 in

1866 2416 1948 2453 me
1968 2402 2187 2455 venient.
2212 2401 2369 2456 Nam:
2397 2405 2728 2473 ingemiscant
2751 2416 2797 2461 et
2822 2406 3132 2462 consolabor
3178 2411 3453 2479 meipsum.

1870 2490 2159 2562 Propterea
2213 2495 2417 2562 impleti
2464 2508 2584 2549 sunt
2635 2498 2799 2556 lumbi
2840 2501 2940 2554 mei
2987 2502 3355 2576 dissolutione,
3398 2518 3448 2561 et

1870 2584 2077 2638 dolores
2114 2597 2357 2654 ceperunt
2386 2603 2466 2642 me
2499 2590 2636 2642 sicut
2671 2593 2958 2660 parientem
2991 2610 3012 2648 :
3045 2595 3240 2664 injuste
3271 2599 3352 2666 egi
3387 2592 3448 2651 ne

1867 2674 2129 2740 audirem,
2152 2684 2363 2744 operam
2387 2680 2510 2733 dedi
2541 2697 2603 2734 ne
2629 2684 2874 2736 viderem.
2900 2681 3005 2737 Cor
3024 2703 3194 2754 meum
3218 2688 3447 2755 aberrat,

1865 2772 1912 2816 et
1940 2764 2191 2833 iniquitas
2223 2782 2306 2820 me
2338 2766 2620 2838 demergit,
2652 2771 2832 2824 anima
2866 2787 2980 2827 mea
3014 2774 3249 2845 conjecta
3283 2786 3358 2830 est
3394 2782 3446 2831 in

1865 2854 2121 2910 timorem.

1936 3035 2337 3110 Prosopopteite
2388 3039 2497 3094 vim
2554 3040 2718 3096 habet
2771 3040 2887 3097 haec
2931 3043 3124 3098 oratio.
3174 3043 3447 3100 inducitur

1865 3131 2006 3187 enim
2041 3132 2328 3203 Assyrius,
2365 3133 2623 3203 impetum
2670 3134 3090 3204 pertimescens,
3123 3146 3177 3191 et
3211 3140 3442 3192 hostium

1865 3223 2157 3293 phalanges
2191 3238 2296 3279 non
2329 3227 2577 3280 nesciens
2603 3265 2617 3289 ,
2646 3235 2701 3280 et
2725 3235 2911 3280 contra
2942 3241 3100 3298 quem
3137 3230 3292 3300 hujus
3325 3230 3448 3286 belli

1862 3329 2060 3383 scopus
2118 3320 2319 3371 tendat.
2367 3316 2479 3371 Non
2533 3318 2714 3382 enim,
2767 3319 2973 3390 inquit,
3029 3331 3215 3376 contra
3271 3324 3438 3379 alium

1862 3420 2150 3476 quemque,
2175 3410 2268 3461 sed
2299 3418 2490 3464 contra
2522 3424 2608 3463 me
2636 3409 2879 3463 Elamita:
2935 3421 2989 3464 et
3017 3413 3447 3481 prtestantissimi

1864 3499 2103 3553 omnium
2166 3497 2461 3552 Persarum
2524 3500 2771 3554 fecerunt
2824 3503 3105 3570 impetum.
3153 3502 3447 3573 lllgt'lllisco

1866 3586 2029 3658 igitur
2056 3597 2110 3642 et
2143 3589 2462 3643 consolabor
2492 3593 2774 3658 meipsum.
2834 3591 2934 3656 Qui
2971 3606 3201 3660 namque
3235 3594 3286 3646 in
3323 3594 3448 3648 ulti-

1864 3681 1966 3734 mis
1990 3680 2246 3734 :erumnis
2276 3690 2421 3746 sunt,
2448 3681 2532 3734 his
2563 3680 2950 3735 consolationis
2981 3697 3150 3750 genus
3179 3685 3443 3751 quoddam

1863 3785 1982 3826 esse
2027 3771 2257 3838 videtur,
2288 3770 2415 3825 ﬂere
2452 3781 2507 3825 et
2552 3772 2787 3841 plorare.
2821 3771 3147 3827 Extunditur
3172 3775 3333 3828 ~enim
3378 3789 3445 3830 ex

1867 3864 2051 3919 dolore
2083 3863 2343 3935 Iacryma.
2384 3861 2591 3919 Novum
2629 3878 2756 3918 vero
2785 3874 2838 3919 et
2871 3866 3240 3935 peregrinum,
3276 3868 3446 3940 Assy-

1864 3946 2003 4020 iios,
2041 3957 2203 4010 duros
2244 3967 2300 4011 et
2341 3952 2612 4010 l'asttrosos
2654 3969 2891 4026 seraper,
2927 3964 2982 4011 et
3026 3966 3212 4012 contra
3256 3973 3446 4015 omnes

1861 4056 2049 4116 gentes
2081 4047 2640 4115 superciliosissimos,
2669 4062 2898 4118 quorum
2936 4062 3198 4104 occursus
3231 4051 3442 4106 omino-

1861 4152 1988 4200 sus,
2041 4148 2094 4191 et
2152 4137 2514 4194 formidabilis
2569 4153 2693 4194 esse
2748 4138 3077 4208 putabatur,
3128 4140 3436 4214 lacrymari.

1859 4225 2128 4283 (Steterunt
2161 4228 2215 4283 bi
2256 4239 2363 4284 tam
2401 4228 2635 4284 audaces
2668 4238 2722 4283 et
2754 4228 2947 4285 animis
2984 4244 3143 4300 supra
3201 4231 3446 4287 homines

1865 4321 2108 4386 tumidis,
2149 4320 2490 4376 muliebriter
2524 4321 2750 4377 fundunt
2782 4321 3067 4393 lacrymas,
3086 4331 3139 4376 et
3160 4332 3284 4377 ante
3320 4324 3443 4379 belli

159 4416 257 4471 καὶ
289 4415 491 4486 θρῆνον
513 4414 601 4485 ἐφ’
628 4416 843 4477 ἑαυτοῖς
884 4414 1166 4485 ἀρτύουσι,
1196 4414 1301 4487 πρὸ
1335 4416 1433 4486 τῆς
1473 4414 1568 4468 τοῦ
1602 4416 1758 4469 πολέ-

1872 4411 2158 4480 periculum
2204 4411 2480 4486 debilitate
2526 4412 2681 4467 fracti
2724 4423 2777 4467 et
2821 4413 3031 4467 contusi
3058 4453 3073 4479 ,
3110 4412 3290 4469 ﬂetum
3340 4416 3441 4470 sibi

160 4523 267 4578 μου
311 4507 513 4577 πείρας
561 4503 977 4576 κατακλώμενοι
1007 4506 1142 4577 πρὸς
1179 4506 1487 4560 ἀσθένειαν.
1506 4506 1763 4578 Ἑνεπλή-

159 4596 263 4666 σθη
312 4596 427 4665 γὰρ
479 4594 514 4666 ἡ
561 4595 733 4663 ὀσφύς
772 4611 874 4665 μου
908 4595 1199 4660 ἐκλύσεως,
1231 4596 1324 4649 καὶ
1346 4596 1531 4660 ὠδῖνες
1573 4596 1764 4651 ἔλαϐόν

161 4704 228 4756 με
266 4686 349 4749 ὡς
374 4686 477 4756 τὴν
503 4687 818 4739 τίκτουσαν.
838 4685 981 4740 Ἀλλ’
1009 4687 1131 4740 ὅτου
1161 4685 1225 4758 δὴ
1251 4688 1412 4757 χάριν
1444 4687 1512 4740 τὰ
1539 4687 1764 4742 τοιαῦτα

161 4796 241 4832 σοι
277 4776 648 4848 συμῦήσεται,
688 4777 876 4848 φησιν,
912 4772 957 4831 ὦ
997 4777 1285 4850 Ἀσσύριες
1325 4778 1566 4851 Φράσαις
1593 4779 1659 4833 ἂν
1685 4779 1763 4850 τῷ

161 4869 417 4940 ἑρομένῳ
439 4886 454 4900 ο
488 4869 617 4933 Ναὶ,
656 4865 993 4941 φησίνοοῖδα
1040 4867 1147 4944 γὰρ
1187 4869 1647 4940 προσκεκρουκὼς
1676 4870 1763 4924 διὰ

162 4962 366 5033 πολλὴν
385 4960 666 5033 ἁμαρτίαν
681 4962 759 5033 τῷ
782 4962 1000 5015 πάντων
1024 4961 1317 5033 κρατοῦντι
1340 4960 1480 5030 Θεῷ.
1500 4958 1686 5032 Ἠδὶκη
1695 4978 1762 5014 σα

164 5051 219 5103 τὸ
245 5053 325 5124 μὴ
353 5052 612 5111 ἀκοῦσαι.
634 5052 941 5106 ἐσπούδασα
961 5053 1021 5105 τὺ
1045 5053 1121 5125 μὴ
1144 5050 1385 5122 βλέπειν.
1406 5050 1561 5105 Κατὰ
1580 5050 1758 5115 τοῦτο,

167 5145 351 5214 φησιν,
400 5143 640 5213 ἐμαυτὸν
685 5143 940 5213 ⁴ὴδίκησα,
982 5145 1067 5198 ὅτι
1115 5143 1463 5215 μεμελέτηκα
1513 5143 1649 5196 πολὺ
1700 5143 1762 5197 τὸ

166 5230 451 5305 δυσὴκοον,
481 5234 578 5287 καὶ
622 5235 857 5306 σπουδῆς
895 5236 1055 5306 ἔργον
1087 5234 1290 5307 ἐθέμην
1312 5235 1373 5289 τὸ
1414 5234 1490 5307 μὴ
1522 5234 1759 5304 βλέπειν,

166 5326 305 5379 τοῦτ’
331 5327 474 5387 ἐστι,
505 5327 593 5388 τίς
617 5328 647 5379 6
666 5326 827 5396 φύσει
856 5328 949 5380 καὶ
978 5325 1194 5398 ἀληθῶς
1225 5329 1341 5380 ὲστι
1361 5326 1760 5389 θεό;.Ἤκουον

168 5416 262 5483 μὲν
288 5417 404 5488 γὰρ
430 5419 532 5488 τὴν
571 5416 847 5471 Ἰουδαίων
890 5418 1168 5490 λατρείαν,
1204 5412 1347 5471 εἷλον
1380 5408 1523 5471 κατὰ
1559 5415 1761 5487 κράτος

165 5508 258 5578 τὴν
286 5510 451 5578 ἁγίαν
477 5509 650 5575 πόλιν,
672 5508 1000 5581 πεπόρθηκα
1014 5510 1107 5562 τὸν
1137 5509 1502 5578 νεώνίἜσχον
1528 5510 1593 5560 ὲκ
1625 5524 1762 5578 παρ-

166 5613 260 5651 uno
274 5601 530 5671 ναμάτων
584 5603 686 5670 τὴν
733 5601 961 5671 μετρίαν
991 5600 1197 5671 εἴδησιν
1216 5599 1323 5653 τῶν
1353 5598 1759 5668 ἐντεταλμένων

164 5692 263 5754 τοῖς
297 5691 359 5759 ἐξ
391 5692 636 5763 Ἰσραήλ.
667 5693 886 5746 Μᾶλλον
934 5692 990 5745 δὲ
1032 5696 1126 5745 καὶ
1175 5693 1203 5744 6
1249 5691 1538 5761 προφήτης
1574 5690 1757 5755 Ἰωνᾶς

1865 4501 1998 4570 ipsis
2046 4501 2388 4557 consciscunt
2436 4510 2490 4556 et
2538 4502 2778 4558 eliciunt.
2820 4500 3029 4573 Repleti
3084 4514 3214 4561 sunt
3260 4507 3440 4573 enim,

1865 4593 2071 4662 inquit,
2101 4592 2266 4648 lumbi
2303 4593 2408 4648 mei
2442 4593 2823 4661 dissolutione,
2852 4604 2906 4650 et
2938 4595 3152 4652 dolores
3184 4609 3444 4669 ceperunt

1866 4700 1951 4739 me
1980 4684 2117 4738 sicut
2143 4684 2556 4760 parturientem.
2582 4684 2689 4739 Sed
2720 4686 3071 4755 quamobrem
3103 4689 3195 4742 tibi
3229 4692 3441 4745 contin-

1861 4789 1989 4847 gent
2031 4776 2177 4843 haec,
2217 4776 2420 4847 inquit.
2458 4790 2491 4830 ο
2540 4775 2803 4846 Assyrie?
2850 4774 2947 4833 Dic
2994 4780 3200 4850 roganti
3252 4800 3265 4835 :
3317 4782 3437 4845 Nic,

1863 4868 2056 4938 inquit,
2080 4867 2330 4922 conscius
2361 4865 2490 4920 mihi
2521 4880 2641 4920 sum
2672 4863 2964 4922 oﬂ‘endisse
2994 4868 3178 4921 multis
3206 4870 3440 4936 peccatis

1861 4960 2281 5030 omnipotentem
2322 4957 2510 5012 Deum.
2538 4953 2737 5023 lnjuste
2770 4958 2853 5027 egi
2888 4973 2955 5012 ne
2990 4959 3252 5022 audirem,
3279 4957 3439 5028 305

1860 5067 2082 5123 operam
2132 5049 2254 5105 dedi
2303 5064 2371 5104 ne
2416 5046 2678 5103 viderem.
2725 5047 2781 5101 In
2832 5047 2962 5113 hoc,
3016 5048 3123 5111 ait,
3178 5048 3437 5116 meipsum

1862 5145 2080 5208 damno,
2110 5153 2164 5198 et
2194 5143 2375 5211 inique
2407 5138 2531 5204 feci,
2565 5141 2707 5210 quod
2740 5139 2930 5208 insigni
2959 5137 3353 5209 pervicacia,et
3385 5138 3457 5192 in»

1861 5237 2129 5292 audiendo
2175 5234 2471 5305 pertinacia
2525 5248 2654 5287 usus
2685 5234 2808 5301 sint,
2853 5241 2907 5286 et.
2947 5246 3164 5301 Operam
3210 5230 3329 5283 dedi
3374 5245 3442 5286 ne

1861 5329 2139 5392 viderem,
2176 5327 2229 5381 id
2266 5338 2380 5389 est,
2416 5329 2540 5396 quis
2573 5327 2642 5381 sit
2675 5324 2766 5379 ille
2801 5335 2991 5377 natura
3029 5334 3082 5377 et
3116 5338 3241 5376 vere
3278 5321 3440 5377 Deus.

1862 5420 2154 5475 Audieram
2189 5418 2333 5472 enim
2366 5416 2670 5472 Judaenrum
2709 5416 2932 5482 cultum,
2964 5423 3206 5469 sanctam
3248 5416 3441 5469 urbem

1860 5513 1910 5567 vi
1947 5511 2093 5579 cepi,
2129 5510 2385 5578 templum
2432 5509 2632 5569 everti,
2667 5522 2733 5562 ex
2769 5507 3052 5576 disciplina
3089 5505 3276 5561 auditu
3319 5523 3428 5574 pcr-

1859 5614 2033 5671 cepta,
2071 5602 2390 5654 medim-rem
2438 5598 2794 5669 cognitionem
2836 5611 3024 5671 eorum
3068 5612 3188 5667 quia:
3231 5597 3443 5653 Israeli-

1862 5692 1968 5746 tico
2007 5689 2203 5760 populo
2243 5695 2515 5758 prteccpta
2547 5698 2707 5743 erant
2743 5698 3064 5745 consecutus
3104 5700 3225 5742 sum
3269 5705 3287 5742 :
3332 5684 3443 5739 inm
