4026 6210
516 322 616 378 ιϐἷ

1506 307 1563 364 S.
1604 301 1881 361 CYl‘ciLlJ
1927 291 2405 354 ALEXANDINM
2447 283 2808 346 ARClllEP.’

3682 279 3788 338 £88

520 433 781 508 propheta
821 429 988 485 Jonas
1031 441 1062 481 ε
1113 426 1222 481 Deo
1265 423 1462 479 missus
1501 433 1607 487 est,
1644 433 1704 474 ut
1750 419 2024 490 praedicet,
2056 424 2108 468 et

2234 408 2489 479 ιπεστάλη
2542 403 2694 478 παρὰ
2741 401 2876 455 Θεοῦ
2928 398 3216 469 κηρύσσων
3254 397 3346 450 καὶ
3390 396 3600 465 λέγων·
3639 399 3791 453 «Ἔτι

520 506 670 581 dicat
703 541 716 577 :
752 540 770 573 ι
806 521 994 575 Adhuc
1025 527 1137 572 tres
1167 517 1282 571 dies
1309 525 1364 570 et
1390 515 1736 568 snbvertetur
1766 506 2043 567 Ninive";
2079 525 2096 555 ι

521 633 643 671 mox
676 611 924 684 pertimui
957 609 1152 670 minas,
1176 617 1231 661 et
1253 606 1339 675 egi
1365 603 1760 676 pceniteutiam,
1785 601 1880 654 sed
1909 597 2105 663 injuste

523 709 715 762 iterum
749 704 878 762 feci,
903 715 971 755 ne
1001 700 1272 761 audirem,
1299 706 1354 752 et
1388 695 1572 751 studio
1604 693 1837 747 anuixus
1868 705 2008 751 sum,
2039 701 2106 739 ne

524 799 761 851 viderem
820 808 938 862 qua:
973 792 1171 846 vidisse
1203 787 1460 859 Oportuit.
1521 783 1806 840 Aberravit
1839 781 1979 836 enim
2015 794 2108 832 cor

525 904 732 950 meum,
787 895 841 939 et
899 883 1155 938 demersit
1215 895 1301 935 me
1365 878 1656 948 iniquitas,
1711 871 2108 943 quodammodo

524 975 778 1026 ohruens.
807 969 942 1024 lliuc
962 977 1014 1023 et
1041 969 1220 1022 anima
1245 981 1362 1020 mea
1387 965 1630 1034 conjecta
1656 971 1740 1017 est
1761 963 1812 1014 iu
1840 960 2106 1020 timorem,

528 1061 600 1113 lui
645 1060 786 1113 enim
837 1059 888 1111 in
941 1065 1080 1110 metu
1132 1063 1396 1109 extremo.
1434 1051 1525 1106 lla:
1573 1051 1739 1121 igitur
1782 1061 1940 1101 voces
1989 1059 2111 1098 esse

529 1159 754 1220 possunt
791 1147 1159 1216 Assyriorum.
1196 1144 1485 1198 Familiare
1523 1143 1668 1197 enim
1709 1151 1793 1194 est
1837 1135 2111 1208 prophetis

534 1251 689 1289 voces
725 1242 780 1288 et
813 1248 1072 1301 personas
1120 1231 1379 1302 aliiugere
1419 1240 1641 1301 propter
1685 1227 1970 1284 utilitatem
2017 1240 2114 1278 au-

528 1325 812 1380 dientium.

604 1503 770 1558 Vens.
813 1504 865 1557 5.
904 1503 1096 1556 Parata
1149 1517 1405 1565 mensam,
1457 1500 1632 1563 bibite,
1663 1499 1832 1554 ἐάας.
1880 1495 2114 1567 Surgite,

535 1596 813 1662 principes,
844 1596 1060 1663 arripite
1093 1593 1320 1662 rlypeos.

609 1682 861 1739 Dixeram
923 1683 1225 1736 orationem
1295 1679 1664 1750 propin-ticam
1720 1678 1901 1732 multis
1952 1677 2117 1732 inter-

2211 506 2358 573 τρεῖς
2386 500 2612 571 ἡμέραι,
2645 497 2738 550 καὶ
2765 492 2967 561 Νινευὴ
3007 489 3541 560 καταστραφπίγσεται⁸
3573 507 3592 540 ι
3627 507 3794 545 κατα-

2211 593 2394 654 δείσας
2437 591 2495 644 δὲ
2543 585 2882 659 παραχρῆμα
2914 582 3012 652 τὴν
3041 579 3292 649 ἀπειλὴν,
3327 579 3628 649 μετενόησα
3676 578 3797 648 μὲν,

2213 684 2328 737 ἀλλ’
2362 681 2594 751 ἠδίκησα
2622 679 2782 733 πάλιν
2835 677 2909 748 μὴ
2940 673 3202 734 ἀκούσας,
3247 671 3341 723 καὶ
3369 669 3427 722 ὲν
3461 669 3664 740 σπουδῇ
3707 671 3800 723 τέ-

2215 771 2391 825 θειταί
2418 787 2508 841 μοι
2533 769 2594 821 τὸ
2628 767 2702 838 μὴ
2729 767 2860 836 ὁρᾷν
2916 765 3058 834 ἅπερ
3089 757 3158 833 ἦν
3186 762 3317 831 ὁρᾷν
3342 756 3802 827 ἀναγκαῖον.Ἵ1ε-

2216 864 2483 933 πλάνηται
2510 859 2619 930 γὰρ
2647 861 2679 930 ἡ
2709 857 2906 928 καρδία
2943 873 3065 926 μου.
3104 854 3217 907 Καὶ
3241 851 3570 922 ὐποόρύχιὸν
3603 869 3669 922 με
3700 869 3800 903 πε·-

2215 955 2442 1026 ποίηκεν
2475 954 2508 1024 ἡ
2542 951 2802 1021 ἁμαρτία,
2844 945 3230 1016 καταχωννῦσα
3257 946 3457 1016 τρόπον
3481 944 3624 998 τινά.
3653 944 3801 997 Ταύ-

2216 1061 2284 1115 τῃ
2316 1062 2397 1098 τοι
2435 1044 2528 1096 καὶ
2562 1045 2595 1114 ἡ
2623 1041 2765 1111 ψυχή
2798 1057 2896 1110 μου
2926 1039 3230 1109 ἐφέστηκεν
3264 1039 3342 1100 είς
3375 1037 3537 1106 φόϐον
3558 1053 3572 1066 ·
3601 1036 3802 1104 γέγονα

2219 1137 2327 1206 γὰρ
2357 1139 2414 1190 ἑν
2437 1135 2658 1205 δείμασι
2683 1137 2792 1196 τοῖς
2815 1132 2922 1184 τῶν
2952 1130 3216 1204 ἐσχάτων.
3245 1124 3413 1183 Αἶιται
3431 1128 3606 1182 τοίνυν
3626 1129 3801 1193 φωναὶ

2217 1228 2327 1280 τῶν
2372 1226 2668 1297 Ἀσσυρίων
2702 1219 2811 1276 εἷεν
2845 1221 3101 1284 ἅν.Ἔθὸς
3129 1221 3238 1290 γὰρ
3273 1223 3386 1283 τοῖς
3436 1220 3612 1288 ἁγίοις
3663 1236 3802 1288 προ-

2221 1320 2416 1390 φήταις
2456 1317 2889 1388 προσωποποιεῖν
2916 1314 3016 1378 τὰς
3040 1313 3347 1384 φωνὰς,διὰ
3373 1311 3433 1366 τὸ
3457 1314 3567 1374 τοῖς
3589 1313 3802 1383 ἀκροω-

2225 1411 2409 1479 μένοις
2437 1411 2726 1480 χρήσιμον.

2308 1499 2685 1568 Ἑτοιμάσατε
2724 1495 3034 1567 τράπεζαν,
3085 1496 3250 1549 πίετε
3275 1537 3290 1561 ,
3339 1493 3573 1564 φάγετε.
3628 1494 3800 1550 Ἀι-α·

2225 1590 2482 1656 στάντες
2513 1592 2567 1644 ol
2597 1589 2904 1658 ἄρχοντες,
2935 1585 3287 1656 ἑτοιμάσατε
3327 1585 3593 1653 θυρεούς.

2299 1685 2475 1753 Ἔφην
2500 1684 2581 1736 ὃτι
2613 1685 2713 1752 τῆς
2742 1679 3078 1753 προφητείας
3107 1680 3134 1731 6
3155 1678 3312 1747 λόγος
3361 1679 3440 1740 είς
3467 1677 3667 1741 πολλὰς
3689 1677 3807 1730 ἔσθ’

537 1773 664 1827 dum
741 1787 1089 1841 personarum
1149 1770 1500 1825 varietatibus
1557 1769 1812 1839 distingui
1858 1751 2109 1838 pulcher-

2234 1777 2302 1827 ἱτε
2336 1751 2643 1846 προσώπων
2671 1751 2937 1845 διαςρορὰς
2979 1766 3036 1824 εὖ
3073 1771 3217 1848 μάλα
3239 1769 3693 1824 διαποικίλλεται’
3724 1770 3808 1823 δεῖ

541 1867 712 1919 rime:
747 1864 965 1919 omnino
1001 1863 1164 1931 igitur
1189 1864 1279 1932 qui
1306 1861 1448 1917 scire
1486 1861 1607 1916 haec
1644 1868 1697 1914 et
1725 1860 1927 1914 referre
1956 1859 2123 1929 probe

541 1957 748 2021 volunt,
784 1954 909 2008 talia
960 1954 1156 2008 debent
1220 1951 1533 2006 observare.
1586 1949 1881 2017 Perspicua
1960 1949 2123 2019 igitur

539 2048 646 2100 erit
717 2057 772 2101 et
843 2043 976 2100 nihil
1039 2041 1430 2112 abrupti,nihil
1502 2039 1832 2096 dillicultatis
1908 2039 2126 2094 habebit

542 2138 734 2191 horum
798 2136 1063 2189 dictorum
1144 2132 1519 2202 intelligentia.
1557 2132 1771 2186 lnduxit
1825 2144 1956 2200 ergo
2005 2143 2127 2198 per-

547 2241 737 2281 sonam
784 2225 1133 2296 Assyriorum
1205 2225 1345 2294 apud
1401 2239 1520 2280 sese
1579 2223 1843 2287 ﬂentium,
1870 2230 1924 2276 et
1983 2220 2128 2276 timi-

555 2319 724 2370 ditate
779 2316 1207 2383 confractorum,
1239 2324 1295 2368 et
1352 2316 1420 2369 de
1481 2314 1639 2369 malis
1684 2312 1880 2366 futuris
1933 2311 2129 2364 intole-

546 2406 698 2460 rabili
729 2407 924 2459 timore
962 2405 1275 2459 dolentium.
1313 2403 1442 2458 Dein
1490 2411 1700 2472 tempus
1740 2409 2130 2457 commemorat

545 2513 652 2566 quo
701 2512 795 2552 eos
839 2498 957 2566 capi
1010 2506 1066 2552 et
1117 2497 1540 2551 itnmedicahiles
1580 2497 1632 2550 in
1701 2510 1972 2550 aerumnas
2047 2495 2130 2547 in-

546 2591 727 2644 cidere
761 2589 1052 2659 continget,
1092 2597 1148 2644 et
1175 2603 1394 2643 causam
1425 2590 1518 2642 ira:
1542 2596 1732 2642 contra
1778 2585 1897 2640 illos
1951 2584 2131 2640 decla-

550 2689 653 2731 rat.
681 2677 911 2746 Scripsit
947 2677 1089 2731 enim
1131 2677 1323 2731 beatus
1355 2675 1571 2731 Daniel:
1613 2692 1632 2726 ι
1661 2674 1910 2730 Baltasar
1945 2689 2128 2744 regem

557 2782 849 2838 apparasse
907 2782 1118 2822 coenant
1173 2767 1518 2836 magnatibus
1559 2767 1704 2832 suis,
1758 2765 1994 2821 millibus
2038 2780 2130 2822 co-

553 2874 667 2912 ram
714 2858 950 2914 millibus
1002 2859 1184 2913 vinum
1214 2861 1282 2912 τ’.
1318 2877 1336 2910 ι
1390 2859 1524 2914 Dein
1567 2861 1662 2927 ait,
1704 2868 1760 2914 el.
1807 2873 1962 2914 sacra
2000 2873 2127 2913 vasa

554 2967 621 3004 ex
668 2949 1053 3022 Hierosolymis
1105 2960 1315 3021 sumpta
1353 2951 1480 3006 olim
1517 2953 1780 3007 obtulisse
1837 2951 2022 3019 impie,
2079 2958 2134 3005 et

559 3044 762 3098 bibisse
822 3059 886 3098 ex
949 3043 1052 3098 illis
1099 3058 1219 3096 cum
1263 3043 1458 3113 ipsum,
1517 3052 1626 3098 tum
1667 3043 1885 3114 pollices
1919 3041 2039 3112 ejus
2079 3049 2133 3094 et

2222 1866 2279 1918 δὲ
2310 1864 2373 1935 δὴ
2397 1863 2613 1927 πάντως
2642 1865 2789 1928 τοὺς,
2829 1862 2986 1931 οἵπερ
3020 1861 3085 1916 ἂν
3117 1861 3320 1914 ἕλοιντο
3353 1859 3592 1913 συνιέναι
3620 1876 3680 1912 τε
3709 1860 3809 1912 καὶ

2225 1954 2590 2023 ἀπαγγέλλειν
2633 1952 2828 2023 ὀρθῶς,
2875 1954 3155 2023 ἐπιτηρεῖν
3201 1950 3444 2024 ἀκριϐῶς
3483 1951 3552 2004 τὰ
3604 1951 3807 2004 τοιάδε.

2226 2043 2410 2114 Σαφὴς
2462 2042 2571 2112 γὰρ
2605 2042 2672 2096 ἂν
2721 2041 2862 2096 οὕτω
2896 2042 3124 2110 γένοιτο,
3176 2041 3270 2094 καὶ
3311 2039 3463 2092 οὐδὲν
3515 2039 3712 2110 ἔχουσα
3747 2039 3812 2091 τὸ

2226 2136 2451 2197 ἄναντες
2505 2135 2585 2196 είς
2633 2133 2952 2204 δυσχερείαν
2993 2132 3102 2184 τῶν
3150 2131 3456 2202 λεγομένων
3497 2131 3528 2200 ἡ
3582 2129 3811 2198 γνῶσις.

2227 2225 2591 2296 Είσκεκόμικο
2646 2225 2824 2278 τοίνυν
2867 2225 2928 2277 τὸ
2980 2225 3089 2278 τῶν
3163 2222 3462 2293 ’Δσσυρίων
3515 2222 3818 2293 πρόσωπον

2229 2318 2522 2371 κλαιόντων
2546 2319 2630 2387 ἐφ’
2655 2319 2890 2380 ἑαυτοῖς,
2927 2318 3022 2369 καὶ
3051 2315 3570 2386 συντεθραυσμένων
3600 2313 3697 2384 μὲν
3730 2316 3820 2376 εἰς

2229 2409 2450 2472 δειλίας,
2491 2408 2764 2479 ἀφόρητον
2791 2408 2847 2460 δὲ
2879 2407 2970 2459 τὸν
3004 2407 3094 2460 ἐπί
3126 2424 3190 2476 γε
3222 2409 3334 2470 τοῖς
3377 2405 3657 2476 μέλλουσιν
3688 2403 3824 2457 ἐσε-

2232 2501 2354 2554 σθαι
2390 2501 2579 2562 κακοῖς
2603 2499 2899 2552 ὼδινόντων
2931 2497 2992 2550 τὸ
3014 2499 3196 2568 δεῖμα.
3234 2494 3364 2551 Εἶτα
3411 2496 3681 2567 μέμνηται
3708 2495 3818 2549 τοῦ

2229 2589 2444 2660 χρόνου,
2490 2588 2612 2641 καθ’
2647 2587 2705 2640 ὃν
2737 2587 2934 2650 αὐτοὺς
2977 2586 3181 2640 ἁλῶναί
3210 2602 3269 2638 τε
3323 2588 3418 2640 καὶ
3448 2587 3569 2649 ταῖς
3605 2585 3816 2654 ἀνηχέ-

2234 2696 2380 2743 στοις
2422 2681 2728 2749 συμφοραῖς
2777 2680 3094 2749 περιπεσεῖν
3142 2677 3516 2748 συμϐήσεταιο
3558 2676 3650 2728 καὶ
3698 2677 3820 2746 μὴν

2232 2769 2326 2822 καὶ
2359 2768 2527 2838 αὐτὴν
2545 2767 2864 2837 καθίστησιν
2895 2766 3100 2838 ἐναργῆ
3130 2767 3228 2836 τῆς
3260 2766 3343 2818 ἐπ’
3367 2767 3551 2828 αὐτοῖς
3579 2781 3820 2837 γεγενη-

2239 2861 2408 2930 μένης
2439 2858 2654 2931 Ιόργῆς]
2687 2859 2785 2930 τὴν
2830 2859 3029 2914 αἰτίαν.
3061 2858 3310 2930 Γέγραφε
3350 2859 3458 2928 γὰρ
3483 2857 3509 2909 6
3541 2859 3822 2928 μακάριος

2235 2951 2454 3021 Δανιὴλ,
2491 2951 2572 3004 ὅτι
2613 2969 2630 3000 ι
2665 2949 2951 3020 Βαλτάσαρ
2991 2952 3018 3002 6
3066 2949 3316 3019 βασιλεὺς
3354 2949 3575 3019 εποίησε
3599 2949 3822 3003 δεῖπνον

2236 3045 2349 3103 τοῖς
2375 3042 2698 3111 μεγιστᾶσιν
2723 3040 2908 3093 αὑτοῦ·
2950 3039 3140 3110 χιλίοις
3169 3040 3456 3095 κατέναντι
3483 3041 3589 3093 τῶν
3624 3040 3824 3110 χιλίων

555 3133 909 3187 concubinas.
948 3131 1060 3187 lloc
1098 3145 1273 3188 autem
1315 3133 1459 3186 aliud
1495 3133 1628 3187 nihil
1664 3143 1782 3188 erat
1807 3148 1970 3202 quam
1997 3147 2131 3186 con-

2234 3133 2262 3184 6
2289 3130 2452 3195 οἶνος.
2492 3151 2509 3182 ι
2546 3128 2681 3186 Εἶτά
2717 3149 2904 3203 φησιν,
2937 3132 3019 3185 ὅτι
3047 3132 3141 3186 καὶ
3171 3130 3239 3184 τὰ
3266 3133 3330 3186 ὲκ
3369 3131 3478 3186 τῶν
3517 3132 3827 3202 Ἰεροσολύ·

558 3233 639 3275 tra
707 3223 944 3275 divinam
1011 3221 1352 3288 majestatcm
1410 3237 1604 3292 magno
1643 3220 1893 3290 elatoque
1953 3221 2134 3276 animo

565 3325 625 3362 sc
677 3309 890 3372 clferre,
923 3318 977 3363 et
1009 3312 1266 3362 adversus
1308 3307 1669 3363 lsraelitarum
1697 3309 1885 3364 ducem
1923 3318 1976 3364 et
2000 3323 2136 3379 pra:-

562 3399 731 3452 sidem
792 3399 966 3469 erigi:
1023 3397 1177 3466 quasi
1237 3413 1392 3453 suum
1459 3397 1712 3466 populum
1763 3399 1911 3453 nullo
1978 3399 2136 3452 modo

555 3488 745 3556 jnvare
806 3498 1007 3557 posset.
1053 3487 1278 3544 Bibente
1319 3489 1479 3558 igitur
1522 3488 1825 3552 Baltasaro,
1881 3499 1936 3544 et
1983 3504 2136 3543 sacra

563 3589 686 3626 vasa
721 3571 884 3642 306
912 3581 1089 3627 tamen
1139 3589 1242 3626 tton
1293 3573 1552 3626 irrideute
1589 3573 1914 3642 :Apparuit,
1967 3573 2140 3642 inquit

562 3665 826 3718 articulus
852 3679 1041 3718 manus
1068 3673 1122 3718 et
1152 3665 1366 3734 scripsit
1393 3665 1446 3720 in
1470 3665 1697 3734 pariete,
1723 3662 1901 3729 Mane,
1931 3663 2134 3728 Thecel,

565 3755 765 3808 Phares
784 3755 856 3821 ”,
886 3771 1047 3824 quam
1101 3756 1426 3824 scripturam
1485 3757 1698 3812 divinus
1740 3757 1923 3810 Daniel
1981 3757 2143 3811 inter-

567 3854 812 3917 pretatus
869 3854 971 3911 est,
1022 3846 1306 3916 Assyrium
1357 3847 1670 3916 alloquens:
1709 3847 1947 3914 Disrupit
1999 3845 2142 3900 Deus

569 3951 791 4006 regnum
820 3943 994 4001 tuum,
1022 3947 1075 3990 et
1104 3937 1291 3990 divisit
1323 3938 1473 4002 illud,
1509 3954 1573 3991 ac
1616 3939 1800 3992 datum
1836 3945 1920 3992 est
1974 3936 2144 3991 Medis

567 4036 623 4082 et
670 4027 868 4081 Persis.
906 4025 1076 4094 Hujus
1131 4027 1392 4094 historiae,
1433 4039 1490 4082 ut
1522 4044 1622 4100 ego
1653 4031 1867 4098 quidem
1924 4043 2141 4092 censeo,

571 4119 820 4172 meminit
879 4120 1142 4190 prepheta
1195 4119 1387 4175 allatus
1441 4122 1602 4177 veluti
1660 4123 1803 4192 ipsos
1855 4124 2142 4192 principes,

568 4224 662 4263 seu
704 4220 981 4279 tnaguates
1023 4221 1076 4265 et
1104 4209 1346 4265 Baltasar
1378 4228 1392 4266 :
1427 4211 1620 4267 Parate
1667 4229 1933 4278 mensam,
1958 4214 2143 4281 bibite,

569 4299 734 4356 edite.
754 4300 990 4370 Surgite,
1016 4299 1306 4372 principes,
1349 4303 1572 4373 arripite
1611 4303 1849 4375 clypeos,
1873 4304 1998 4359 luxu
2043 4303 2148 4359 dii-

2239 3238 2354 3291 μων
2391 3219 2663 3291 ληφθέντα
2697 3221 2838 3274 κατὰ
2867 3221 3089 3294 καιροὺς
3134 3221 3265 3289 ἅγια
3301 3221 3468 3292 σκεύη
3510 3223 3826 3292 προσκεκό-

2239 3328 2398 3382 μικεν
2444 3311 2696 3377 ἀνοσίως,
2737 3312 2832 3365 καὶ
2878 3311 3060 3366 ἔπινον
3101 3313 3159 3365 ὲν
3200 3312 3383 3374 αὐτοῖς
3419 3312 3580 3375 αὐτὸς
3621 3313 3715 3364 καὶ
3763 3317 3826 3366 αἱ

2238 3401 2512 3454 παλλακαὶ
2540 3401 2729 3466 αὑτοῦ,
2772 3402 2868 3456 καὶ
2897 3403 2953 3455 αἱ
2989 3402 3323 3473 παράκοιται
3347 3402 3536 3456 αὑτοῦ.
3560 3401 3731 3454 Τοῦτο
3765 3403 3826 3456 δὲ

2237 3487 2305 3564 ἦν
2341 3492 2527 3562 ἓτερον
2555 3492 2727 3556 οὐδὲν,
2757 3491 2899 3562 πλὴν
2928 3493 3010 3546 ὅτι
3041 3491 3404 3564 μεγαλαυχεῖν
3433 3492 3574 3545 κατά
3601 3491 3701 3562 τῆς
3721 3492 3828 3545 τοῦ

2238 3581 2373 3635 Θεοῦ
2400 3581 2556 3652 δόξης
2581 3599 2594 3612 ·
2629 3583 3057 3654 κατεπαίρεσθαί
3083 3601 3142 3637 τε
3164 3583 3258 3637 τοῦ
3290 3583 3687 3655 προεστηκότος
3711 3584 3828 3637 τῶν

2240 3672 2300 3738 ἐξ
2344 3673 2581 3744 Ἰσραὴλ,
2621 3673 2697 3736 ὡς
2727 3673 2867 3726 κατὰ
2907 3673 3110 3744 μηδένα
3139 3675 3338 3746 τρόπον
3379 3675 3568 3745 ὀνῆσαι
3598 3673 3827 3744 δεδυνηο

2240 3763 2409 3834 μένου
2441 3764 2534 3816 τὸν
2565 3763 2699 3830 ἴδιον,
2730 3763 2876 3818 λαόν.
2902 3765 3155 3827 Πίνοντος
3181 3765 3359 3819 τοίνυν
3386 3765 3480 3817 τοῦ
3512 3765 3830 3837 Βαλτάσαρ,

2241 3853 2336 3907 καὶ
2372 3855 2651 3924 μονονουχὶ
2679 3855 2942 3923 γελῶντος
2970 3855 3038 3908 τὰ
3080 3855 3249 3926 σκεύη
3287 3855 3357 3908 τὰ
3405 3855 3536 3925 ἅγια
3559 3872 3574 3886 ·
3619 3856 3828 3926 "Upon,

2243 3962 2317 4015 φη
2330 3946 2431 4012 σιν,
2458 3945 2799 4016 ἀστράγαλος
2827 3946 3027 4018 χειρὸς,
3062 3948 3155 4001 καὶ
3186 3947 3421 4017 ἔγραφεν
3447 3950 3505 4000 ὲν
3531 3946 3608 4016 τῷ
3632 3947 3829 4016 τοίχῳ,

2241 4036 2416 4107 Μανῆ
2464 4039 2650 4092 Θεκὲλ
2696 4039 2919 4107 Φαρές·
2967 4039 3337 4112 διερμηνεύων
3377 4038 3474 4110 τὴν
3523 4038 3744 4109 γραφὴν
3798 4039 3829 4091 6

2246 4129 2532 4193 θεσπέσιος
2557 4131 2775 4203 Δανιὴλ,
2807 4132 2911 4200 ἔφη
2949 4131 3085 4204 πρὸς
3121 4131 3212 4184 τὸν
3251 4130 3530 4201 Ἀσσύριον
3553 4145 3567 4157 ⁸
3601 4129 3831 4201 Διέρρη-

2245 4221 2335 4287 ξεν
2363 4221 2391 4272 6
2424 4219 2555 4282 Θεὸς
2600 4221 2698 4292 τὴν
2730 4219 3006 4290 βασιλείαν
3053 4238 3168 4287 σου,
3199 4221 3293 4274 καὶ
3325 4220 3579 4291 ἐμέρισεν
3627 4219 3828 4290 αὐτὴν,

2247 4313 2344 4366 καὶ
2377 4310 2534 4382 ἐδόθη
2567 4312 2774 4382 Μήδοις
2822 4312 2917 4366 καὶ⁵
2962 4312 3220 4385 Πέρσαις.
3257 4313 3498 4382 Ταυτησὶ
3536 4315 3636 4382 τῆς
3685 4313 3830 4364 lato-

573 4389 743 4456 ﬂuite,
774 4391 970 4462 inquit,
1004 4393 1055 4447 in
1091 4394 1800 4463 mensisintentperantibus
1835 4397 1938 4467 (est
1963 4407 2131 4450 auten:

2251 4401 2393 4472 ρίας,
2423 4399 2498 4464 ὦς
2545 4417 2609 4468 γε
2645 4396 2820 4471 οἶμαι,
2851 4401 3218 4472 διαμέμνηται
3269 4403 3408 4466 νυνὶ,
3449 4401 3542 4455 καί
3586 4418 3755 4471 φησιν
3799 4401 3830 4452 6

573 4486 688 4535 hare
751 4483 926 4536 oratio
979 4483 1636 4553 usitata),exsatnratnini
1691 4487 1937 4542 bibentes
1992 4487 2142 4541 inex-

575 4572 857 4640 plebiliter.
891 4572 1026 4638 Quid
1059 4573 1452 4629 deindeiBella
1482 4576 1751 4646 excipient
1776 4577 2144 4632 celebritatem

573 4671 628 4712 ct
679 4677 781 4714 non
843 4663 998 4733 longe
1059 4665 1230 4718 aberit
1284 4675 1342 4720 ut
1406 4667 1706 4736 patiamini,
1746 4667 1838 4722 sed
1896 4668 1963 4721 ab
2033 4669 2146 4737 ipsa

575 4753 976 4819 compotatione
1006 4756 1070 4807 ad
1114 4770 1262 4808 arma
1292 4758 1522 4812 curretis
1550 4768 1604 4811 et
1632 4759 1882 4826 qumrelis
1908 4759 2144 4828 clypeos.

580 4840 672 4894 list
723 4841 866 4894 enim
925 4856 1049 4897 Vere
1098 4846 1474 4914 gravissimum
1525 4858 1710 4902 contra
1765 4849 1930 4902 Deum
1964 4848 2143 4904 ell'erri

577 4941 630 4985 et
674 4943 857 4986 contra
885 4925 1241 5004 tnajestatent,
1269 4953 1371 5007 qua
1414 4939 1541 4994 nihii
1573 4949 1653 4995 est
1705 4940 2005 5008 sublimius,
2035 4943 2144 4996 ani-

580 5037 694 5076 mos
741 5032 794 5076 et
829 5024 1048 5091 spiritus
1084 5027 1288 5084 tollere.
1331 5029 1580 5082 Traditus
1608 5038 1691 5085 est
1735 5031 1878 5084 enim
1903 5031 2145 5102 Assyriis

580 5111 782 5167 Israel:
817 5113 922 5168 Deo
973 5129 1190 5186 propter
1231 5133 1495 5173 summam
1549 5120 1883 5190 iniquitatem
1916 5123 2146 5189 captivi-

583 5205 706 5257 tatis
742 5219 952 5274 pmnam
1002 5206 1296 5279 irrogante.
1323 5208 1436 5263 Non
1493 5191 1635 5264 enim
1689 5227 1786 5281 par
1827 5213 1924 5266 fuit
1954 5228 2047 5268 eos
2081 5213 2146 5266 ad

580 5293 721 5348 lianc
783 5296 1152 5365 stupiditalem
1211 5308 1265 5352 et
1291 5299 1342 5352 itt
1387 5300 1486 5355 has
1540 5301 1732 5355 stultas
1795 5305 2150 5374 cogitationes

579 5385 826 5439 consulto
906 5387 1179 5453 devenire,
1212 5397 1270 5443 ut
1336 5391 1638 5460 cogitarent
1695 5403 1750 5448 et
1796 5394 1847 5448 in
1902 5397 2141 5449 animum

580 5468 899 5529 iuducereut
952 5491 1010 5532 se
1075 5493 1290 5534 manum
1347 5497 1603 5553 superare
1657 5500 1812 5556 posse
1878 5487 1993 5555 ejus
2051 5487 2140 5556 qui

645 5639 692 5675 "'
725 5641 845 5700 Jon.
891 5663 968 5715 ιιι,
1006 5650 1058 5708 4.
1137 5653 1183 5685 τ’
1225 5654 1356 5710 Dan.
1409 5672 1458 5725 ι’,
1505 5659 1708 5729 lseqq.
1787 5660 1833 5691 ⁸⁸
1870 5661 1938 5715 ibi
1965 5663 1994 5712 Ι.
2038 5662 2128 5716 9.3.

2249 4494 2534 4562 προφήτης
2569 4492 2644 4556 ὡς
2690 4492 2827 4562 πρός
2859 4509 2920 4561 γε
2967 4493 3162 4556 αὐτοὺς
3199 4495 3326 4557 τοὺς
3363 4494 3650 4563 ἄρχοντας,
3704 4493 3830 4562 ητοι

2249 4583 2602 4652 μεγιστᾶνας,
2636 4583 2731 4635 καὶ
2761 4583 2861 4652 μέν
2900 4599 2984 4636 τοι
3008 4583 3101 4636 τὸν
3129 4584 3431 4654 Βαλτάσαρ’
3467 4583 3829 4652 Ἑτοιμάσατε

2246 4672 2546 4745 τράπεζαν,
2587 4673 2760 4736 πίετε,
2797 4673 2998 4742 φάγετε
3032 4690 3045 4704 ·
3071 4674 3400 4738 ἀναστάντες
3445 4674 3495 4727 οἱ
3541 4674 3832 4742 ἄρχοντες,

2247 4763 2570 4834 ἑτοιμάσατε
2601 4763 2826 4836 θυρεούς
2849 4779 2862 4792 ·
2897 4766 3302 4836 σπαταλήσατε,
3347 4765 3532 4836 φησιν,
3575 4766 3669 4816 ἐπὶ
3695 4781 3831 4833 τρα-

2247 4855 2438 4918 πέζαις
2474 4855 2703 4920 ἀσώτοις
2727 4873 2741 4888 ο
2777 4859 2835 4910 ὲν
2867 4857 2978 4912 ἔθει
3019 4857 3075 4910 δέ
3107 4858 3223 4922 πῶς
3256 4859 3402 4911 ἔστιν
3425 4859 3454 4911 6
3494 4856 3680 4924 λόγος’
3722 4873 3823 4908 κα·

2247 4947 2616 5020 τακορέσθητε
2639 4949 2885 5015 πίνοντες
2908 4951 3218 5023 ἀπλήστως.
3248 4952 3358 5004 Καὶ
3382 4951 3434 5003 τί
3468 4948 3606 5020 μετὰ
3632 4947 3830 5012 τοῦτος

2243 5038 2478 5108 Πόλεμοι
2501 5039 2833 5106 διαδέξονται
2865 5042 2965 5113 τὴν
2992 5044 3321 5116 πανήγυριν,
3356 5042 3450 5095 καὶ
3475 5042 3574 5094 οὐκ
3607 5043 3689 5105 είς
3725 5057 3833 5111 μα-

2245 5128 2383 5199 κρὰν
2420 5129 2479 5182 τὸ
2509 5130 2702 5183 παθεῖν
2725 5147 2738 5161 ·
2770 5131 2883 5184 ἀλλ’
2919 5133 2978 5197 ἐξ
3011 5131 3174 5186 αὑτοῦ
3207 5131 3302 5186 τοῦ
3333 5133 3496 5188 πότου
3525 5130 3834 5203 δραμεῖσθε

2247 5219 2383 5288 πρὸς
2417 5219 2573 5281 ὅπλα,
2609 5221 2702 5274 καὶ
2743 5221 3007 5294 ζητήσετε
3045 5223 3292 5294 θυρεούς.
3327 5222 3690 5293 Παγχάλεπον
3718 5223 3837 5293 γὰρ

2249 5309 2462 5380 ἀληθῶς
2507 5311 2569 5365 τὸ
2607 5313 3034 5386 κατεπαίρεσθαι
3069 5314 3226 5379 Θεοῦ,
3277 5316 3374 5369 καὶ
3407 5313 3828 5384 καταθρασύνε-

2255 5399 2376 5452 σθαι
2419 5396 2594 5467 δόξης,
2625 5398 2693 5471 ἦς
2740 5403 2997 5458 ἐπέκεινα
3041 5405 3147 5459 τῶν
3185 5405 3352 5459 ὄντων
3393 5403 3564 5459 οὐδέν.
3605 5404 3834 5456 Δέδοται

2254 5490 2353 5560 μὲν
2385 5489 2490 5559 γὰρ
2530 5494 2641 5556 τοῖς
2682 5493 3029 5566 Ἀσσυρίοιςὸ
3073 5496 3290 5568 Ἰσρχήλ
3314 5513 3326 5527 ·
3363 5495 3496 5550 θεοῦ
3526 5495 3585 5548 τὸ
3627 5494 3834 5566 χρῆναι
