3962 6216
502 207 544 242 α

264 342 368 397 ιεθ

1304 394 1309 399 ,
1354 329 1426 386 οικ
1465 329 1707 386 ιιεΑιΑιι
1742 330 1874 383 1.13.
1914 331 1978 384 ιι.
2019 331 2255 385 Tunth
2294 333 2381 382 tt.

3400 343 3504 388 49η»

263 454 454 508 παθεῖν
485 448 681 512 αὐτοὺς
707 447 805 518 τὴν
829 444 1203 517 αἰχμαλωσίαν
1232 445 1317 500 διὰ
1343 446 1543 516 πολλὴν
1565 445 1840 518 ἁμαρτίαν

1961 460 2161 500 servare
2248 444 2365 499 illos
2424 444 2653 509 volebat,
2713 453 2767 500 et
2831 445 3147 502 ineffabilem
3218 447 3309 502 Dei
3385 464 3505 518 quae

264 541 669 615 ὶπενηνοχότος.
707 539 782 592 Οὐ
821 538 927 610 μὴν
973 536 1079 591 ἔδει
1125 537 1399 608 ᾑρηκότας
1440 539 1521 600 είς
1547 536 1704 591 τοῦτο
1737 554 1837 590 πε-

267 640 381 691 σεῖν
410 633 649 706 ἀμαθίας
683 631 780 685 καὶ
824 629 1098 684 ἀσυνέτων
1136 628 1373 694 ἐννοιῶν,
1397 628 1472 693 ὡς
1502 628 1711 683 οῐεσοαι
1743 628 1839 682 καὶ

1942 551 2104 606 super
2165 537 2342 592 omnia
2398 547 2575 594 exstat
2633 548 2687 594 et
2740 540 2961 605 eminet,
2996 542 3288 609 potentiam
3319 540 3500 594 debel-

1943 628 2074 681 lare.

267 735 484 806 φρονεῖν
505 730 602 802 τὴν
626 728 721 782 τοῦ
751 725 943 792 σώζειν
964 726 1160 789 αὐτοὺς
1184 724 1457 787 ἐθέλοντος
1476 724 1864 794 πλεονεκτῆσαι
1909 725 2089 796 χεῖρα,
2118 722 2212 776 καὶ
2238 722 2491 792 ἀμείνους
2522 722 2773 789 γενέσθαι
2794 724 2891 796 τῆς
2920 724 3199 796 ἀφράστοιο
3229 724 3510 794 δυνάμεως

268 824 360 879 τοῦ
400 822 580 875 πάντα
609 817 1009 890 ὑπερκειμένου
1045 817 1139 870 καὶ
1173 816 1532 887 ἀνεστηκότος
1569 814 1668 887 τὴν
1696 815 1874 889 κτίσιν
1901 814 1977 879 ὡς
2014 815 2173 870 Θεοῦ.

341 916 469 967 Ὅτι
499 913 691 976 οὕτως
726 906 857 964 εἶπε
887 909 1099 977 Κύριος
1133 909 1282 975 πρός
1307 924 1384 977 με
1405 924 1420 940 ·
1452 907 1719 972 Βαδίσας
1756 923 1850 961 σε·

271 1002 425 1068 αυτῷ
456 1000 700 1070 στῆσον
728 996 1002 1053 σκοπόν’
1043 996 1141 1049 καί
1177 994 1208 1048 ὃ
1248 994 1356 1048 ἐὰν
1384 993 1539 1063 τδῃς,
1578 992 1849 1063 circinat-

271 1097 403 1149 ⁸ίιον.
438 1090 548 1145 Καὶ
584 1084 750 1142 εἶδον
773 1084 1073 1150 ἀναϐάτας
1105 1081 1304 1149 ίππεῖς
1335 1081 1445 1136 δύο
1468 1097 1480 1111 ⁸
1545 1079 1849 1149 ἀναϐάτην

273 1184 437 1244 ὄνου,
472 1181 571 1235 καί
599 1177 911 1246 ἀναϐάτην
941 1174 1238 1245 καμήλου.

344 1274 513 1337 Ἐθος
540 1275 654 1334 τοῖς
690 1269 867 1338 ἁγίοις
906 1268 1213 1338 προφήταις
1250 1267 1309 1319 ἐν
1348 1264 1428 1336 τῷ
1458 1266 1556 1336 τῆς
1594 1264 1848 1328 θεοπτίας

270 1370 393 1439 ἦτοι
414 1365 525 1419 τῶν
552 1364 798 1434 δράσεων
828 1356 1026 1430 καιρῷ,
1050 1358 1326 1427 συλλέγειν
1346 1357 1535 1426 ὥσπερ
1560 1356 1617 1409 ἐν
1639 1357 1849 1420 ἑαυτοῖς

270 1459 366 1510 τὸν
392 1454 539 1521 νοῦν,
569 1452 664 1506 καὶ
704 1449 1100 1521 ἀπερισπάστῳ
1128 1446 1337 1517 διανοίᾳ
1374 1443 1848 1501 κατασκέπτεσθαι

271 1549 343 1602 τὰ
382 1544 712 1615 δεικνύμενα
754 1532 913 1613 ’παρά
959 1538 1126 1595 Θεοῦ.
1185 1538 1281 1593 καὶ
1324 1533 1436 1592 οἷον
1469 1536 1606 1607 ὑψοῦ
1658 1536 1751 1590 καὶ
1790 1536 1848 1588 ἐν

270 1639 578 1710 ἀπορρήτῳ
612 1635 720 1689 τιν)⁵
756 1637 1008 1703 περιωπῇ
1042 1629 1330 1699 γεγονότας
1383 1628 1491 1682 τῶν
1541 1628 1699 1681 θείων
1745 1627 1847 1678 ἐπ-

2017 906 2183 962 Vens.
2211 906 2269 972 6,
2294 908 2348 963 7.
2379 905 2517 972 Quid
2558 907 2632 960 sic
2661 907 2797 960 dixit
2841 907 3091 961 Dominus
3127 908 3254 960 mihi
3281 925 3298 961 :
3338 906 3389 973 1,
3417 910 3511 961 tibi
3602 894 3627 909 “

1945 1000 2203 1053 constitue
2245 998 2640 1066 speculatorem,
2687 1006 2736 1052 et
2785 999 2924 1068 quod
2975 999 3185 1061 videris,
3240 1000 3503 1054 renuntio.

1945 1086 2012 1141 Et
2053 1088 2160 1142 vidi
2193 1103 2417 1143 sessores
2465 1088 2660 1158 equites
2728 1086 2860 1142 duos
2895 1099 2914 1139 :
2945 1103 3199 1143 sessorem
3248 1090 3430 1155 asina',
3464 1102 3509 1143 et

1945 1194 2196 1234 sessorem
2248 1178 2457 1233 cameli.

2018 1268 2076 1324 ln
2125 1284 2274 1326 more
2324 1279 2410 1325 est
2457 1270 2663 1326 sanctis
2715 1271 3013 1341 prophetis,
3040 1271 3235 1327 divina:
3282 1286 3516 1328 contem-

1946 1359 2198 1429 plationis
2246 1374 2339 1415 seu
2375 1360 2638 1416 visionum
2695 1372 2957 1432 tempore,
2986 1364 3128 1418 velut
3180 1365 3231 1418 in
3263 1379 3323 1419 se
3381 1364 3514 1434 ipsis

1946 1452 2185 1507 animum
2245 1465 2439 1522 cogere
2482 1461 2534 1507 et
2584 1452 2857 1523 colligere,
2888 1462 2943 1509 et
3003 1456 3269 1509 acerrima
3343 1465 3512 1510 atten-

1946 1543 2259 1612 tissimaque
2303 1528 2631 1613 cogitatione
2684 1559 2715 1600 a
2745 1545 2853 1601 Deo
2904 1560 2991 1601 res
3029 1556 3276 1604 ostensas
3336 1548 3518 1618 perlu—

1944 1643 2140 1701 strare,
2171 1645 2228 1691 et
2249 1636 2393 1691 velut
2422 1638 2473 1691 in
2498 1636 2714 1692 sublimi
2752 1652 2816 1693 ac
2837 1647 3044 1693 secreta
3076 1640 3291 1709 specula
3320 1640 3518 1694 divinis

284 1708 599 1801 expedirent
626 1726 821 1794 λόγων.
852 1721 958 1776 Καὶ
994 1720 1124 1790 γοῦν
1155 1720 1258 1790 ἔφη
1282 1736 1366 1783 τις
1391 1719 1498 1772 τῶν
1530 1719 1699 1785 ἁγίων
1724 1733 1852 1787 προ-

1961 1725 2135 1781 verbis
2177 1741 2359 1781 aurem
2393 1730 2651 1797 praebere.
2681 1726 2887 1798 Quippe
2919 1743 2985 1783 ex
3016 1708 3222 1785 sanctis
3243 1732 3517 1799 prophetis

271 1819 464 1891 φητῶν
484 1834 500 1849 ’
541 1836 560 1869 ι
606 1815 731 1870 Ἐπὶ
755 1816 855 1884 τῆς
884 1811 1130 1882 φυλακῆς
1162 1828 1262 1881 μου
1296 1811 1582 1880 στήσομαι,
1617 1808 1711 1861 καὶ
1735 1809 1847 1861 ἐπι⁹

272 1911 517 1981 ϐήσομαι
546 1908 637 1961 ἐπὶ
682 1905 909 1976 πέτραν,
948 1904 1043 1956 καὶ
1080 1900 1494 1965 ἀποσκοπεύσω,
1524 1900 1616 1953 τοῦ
1646 1900 1772 1953 ἰδεῖν
1792 1898 1846 1951 τί

272 2002 502 2072 λαλήσει
531 2001 588 2052 ἐν
621 1997 765 2067 ἐμοὶ,
797 1997 889 2049 καὶ
925 1993 978 2048 τί
1018 1992 1301 2064 ἀποκριθῶ
1347 1991 1438 2044 ἐπὶ
1477 1991 1569 2043 τὸν
1627 1989 1847 2059 ἕλεγχόν

274 2110 403 2163 μου.
437 2112 458 2144 ι
501 2085 754 2145 Τοιοῦτόν
781 2104 832 2140 τι
855 2085 951 2139 νῦν
973 2087 1001 2138 ὁ
1030 2084 1311 2155 προφήτης
1329 2082 1588 2145 διδάσκει,
1626 2081 1719 2134 καί
1747 2098 1849 2151 φη-

273 2201 362 2236 σιν
393 2180 626 2235 ἀκοῦσαι
657 2176 807 2250 παρὰ
830 2174 986 2229 Θεοῦ·
1011 2173 1240 2235 Βαδίσας
1264 2171 1473 2242 σεαυτῷ
1497 2171 1692 2241 στῆσον
1724 2188 1847 2225 σκο-

271 2275 401 2338 πὸν,
426 2273 522 2327 καὶ
556 2271 585 2324 δ
612 2269 707 2324 ἐὰν
735 2269 850 2340 ἴδῃς
877 2265 1198 2335 άνάγγειλον
1222 2279 1234 2293 ⁸
1274 2264 1367 2317 καὶ
1398 2263 1495 2333 οὐχ
1523 2262 1706 2333 ἔτερόν
1726 2278 1847 2316 τινα

274 2364 484 2419 σκοπὸν
514 2364 669 2433 ίστᾷν
698 2360 998 2425 ἐκελεύετο,
1028 2357 1145 2412 ἀλλ’
1180 2356 1369 2410 ἐαυτόν
1395 2372 1497 2407 που
1518 2354 1735 2418 πάντως
1762 2354 1850 2406 εύ-

269 2451 536 2522 τρεπίσαι
576 2448 713 2520 πρὸς
743 2446 1017 2513 θεοπτίαν,
1046 2446 1139 2499 καὶ
1178 2439 1289 2497 οἷόν
1321 2460 1441 2497 τινα
1482 2442 1684 2496 σκοπὸν
1713 2438 1848 2512 ὑψοῦ

272 2542 543 2611 γεγονότα
564 2540 643 2612 τῷ
669 2539 745 2609 νῷ
761 2581 777 2605 ,
798 2537 1089 2610 καταθρεῖν
1108 2536 1179 2590 τά
1201 2528 1465 2606 ἐσόμενα,
1495 2535 1589 2588 καὶ⁸
1622 2534 1741 2604 ὕψει
1759 2532 1847 2587 δέ·

273 2634 473 2706 χεσθαι
502 2634 612 2686 τῶν
653 2631 990 2703 πραγμάτων
1013 2629 1114 2699 τὴν
1146 2624 1293 2682 θέαν.
1335 2623 1486 2682 Εἶδον
1522 2623 1633 2690 οὖν,
1662 2626 1845 2697 φησὶν,

278 2726 554 2789 ἀναϐάτας
589 2725 772 2787 ἱππεῖς
800 2722 922 2776 δύοο
954 2721 1229 2793 ἀναϐάτην
1259 2720 1402 2787 ὄνου,
1439 2720 1533 2774 καὶ
1574 2720 1851 2791 ἀναϐάτην

280 2817 553 2887 καμήλου.
595 2816 705 2868 Καὶ
752 2814 804 2868 τί
835 2814 898 2884 δὴ
946 2812 1105 2866 τοῦτό
1159 2815 1325 2879 ἐστιν,
1350 2813 1378 2865 ό
1410 2811 1518 2864 τῶν
1552 2811 1851 2883 Ἀσσυρίων

282 2908 482 2980 θρῆνος
542 2906 740 2971 διδάξει
785 2905 990 2973 σαφῶς.
1045 2902 1291 2973 Ἔφασκε
1346 2903 1490 2975 γάρ·
1557 2904 1672 2956 Ἐπ’
1728 2904 1852 2974 ἐμοὶ⁵

294 3000 598 3072 Ἑλαμῖται,
632 3000 727 3052 καὶ
767 3000 814 3051 oi
854 2995 1111 3068 πρέσϐεις
1158 2994 1267 3049 τῶν
1310 2994 1531 3067 Περσῶν
1582 2994 1716 3065 πρὸς
1750 2994 1851 3064 ἐμὲ

280 3062 703 3161 ἔρχονται-καὶ
743 3062 1025 3156 Ἐλαμῖται
1075 3083 1175 3156 μὲν
1225 3062 1503 3155 βάρϐαρον
1544 3062 1716 3148 ἔθνος,
1749 3062 1851 3138 κα·
1882 3062 1922 3118 C

284 3181 476 3252 μήλοις
532 3178 842 3250 ἐποχεῖσθαι
873 3175 1263 3248 μεμελετηκός.
1312 3175 1367 3228 '0
1397 3174 1454 3229 δέ
1480 3191 1540 3243 γε
1582 3175 1855 3245 ἀναϐάτης

280 3275 381 3343 τῆς
412 3272 535 3325 ὄνου
589 3271 673 3333 τίς
707 3271 772 3323 ἂν
800 3269 986 3339 ἕτερος
1032 3268 1116 3337 εἴη
1151 3265 1303 3337 παρά
1347 3283 1409 3336 γε
1461 3267 1586 3329 τοὺς
1631 3267 1855 3337 Περσῶν

281 3360 715 3430 ἐξειλεγμένους;
740 3359 833 3422 οὓς
856 3358 920 3431 δὴ
941 3358 1032 3412 καί
1056 3374 1217 3427 φασιν
1241 3357 1483 3428 ήμιόνοις
1507 3374 1567 3410 τε
1588 3358 1681 3411 καὶ
1704 3374 1856 3410 σκια⁹

280 3452 414 3514 δίοις
444 3452 523 3520 (1)
553 3450 928 3522 ἐμϐεϐηκότας
973 3450 1108 3502 ίέναι
1156 3448 1291 3520 πρὸς
1332 3448 1532 3519 μάχην,
1559 3447 1635 3512 ὼς
1679 3448 1745 3501 ἂν
1779 3449 1854 3519 μή

280 3561 366 3608 τις
396 3544 597 3606 αὐτοὺς
633 3541 990 3615 ἀπνευρὼσῃ
1029 3541 1208 3603 πόνος.
1246 3540 1507 3593 ’Ἐπειδὰν
1540 3539 1596 3592 δὲ
1643 3540 1732 3591 τὸν
1757 3540 1856 3610 τῆς

282 3635 470 3705 μάχης
505 3634 655 3687 ἴδωσι
695 3633 892 3704 χῶρον,
940 3633 1000 3685 τὸ
1026 3630 1279 3703 τηνικάδε
1316 3630 1423 3683 τῶν
1470 3629 1724 3682 σκιαδίων
1752 3646 1854 3681 κα-

278 3726 730 3796 ταπηδήσαντες,
805 3725 991 3786 ἵπποις
1067 3723 1365 3793 κέχρηνται
1436 3719 1851 3791 ἐξειλεγμένοις.

283 3817 453 3868 ’ωνου
485 3814 664 3868 τοίνυν
701 3813 976 3884 ἀναϐάτην
1010 3812 1100 3865 τὸν
1134 3813 1253 3873 ταῖς
1286 3808 1529 3880 ἡμιόνοις
1566 3807 1856 3879 ἐποχούμε-

277 3907 374 3960 νὸν
410 3923 596 3977 φησιν.
630 3906 695 3959 El
721 3907 813 3959 καὶ
840 3904 961 3958 καθ’
991 3903 1178 3974 ἕτερον
1202 3901 1401 3970 τρόπον
1432 3898 1728 3955 θεάσασθαι
1759 3899 1855 3970 μὲν

276 3997 434 4061 εἰκὸς
471 3996 562 4050 τὸν
587 3997 892 4067 προφήτην,
934 3995 1117 4057 ἵπποις
1157 3991 1521 4062 ἐποχούμενον
1545 3990 1652 4044 τῶν
1700 3990 1857 4043 πολε-

278 4087 428 4160 μίων
473 4087 534 4141 τὸ
566 4090 752 4155 στῖφος
772 4124 787 4149 ,
821 4086 1094 4160 ἐπομένην
1138 4083 1195 4137 δέ
1224 4082 1434 4154 πληθὺν
1465 4081 1727 4152 καμήλων
1765 4080 1856 4133 καὶ

277 4158 552 4250 ἡμιόνων,
604 4158 1049 4249 ηὐτρεπισμένων
1094 4174 1235 4245 τάχα
1276 4191 1377 4227 που
1425 4172 1562 4244 πρὸς
1613 4170 1711 4241 τὴν
1748 4170 1856 4223 τῶν

279 4269 542 4342 λαφύρων
582 4267 965 4340 μετακομιδήν.
998 4267 1167 4320 Τοῦτο
1196 4264 1304 4336 γάρ
1353 4262 1578 4334 ἑτέρωθί
1621 4261 1723 4315 πού
1754 4278 1857 4332 φη-

278 4377 406 4416 σιν·
450 4379 471 4412 s
520 4359 606 4413 Ἐν
635 4361 700 4431 τῇ
733 4358 908 4427 suos:
958 4358 1049 4412 xci
1082 4359 1146 4428 τῇ
1194 4354 1545 4426 στενοχωρίᾳ,
1578 4354 1715 4409 λέων
1763 4356 1857 4409 καὶ¹
1889 4399 1933 4453 D

277 4452 529 4523 σκύμνος
584 4450 829 4513 λέοντος·
878 4449 1087 4503 ἐκεῖθεν
1116 4448 1210 4502 καὶ
1249 4447 1473 4510 ἀσπίδες
1518 4448 1613 4500 καὶ
1656 4446 1854 4515 ἔγγονα

275 4544 527 4599 ἀσπίδων
556 4542 887 4613 πετομένων,
914 4541 963 4594 οἳ
989 4539 1181 4611 ἔφερον
1206 4538 1291 4591 ἐπ’
1315 4538 1452 4592 όνων
1479 4538 1573 4592 καὶ
1597 4539 1859 4609 καμήλων

275 4635 379 4686 τὸν
410 4633 638 4686 πλοῦτον
658 4632 857 4685 αὐτῶν.
891 4650 910 4683 ι
940 4632 1143 4685 Λέοντα
1171 4629 1279 4699 γάρ
1301 4630 1395 4682 καὶ
1430 4627 1666 4700 σκύμνον
1709 4629 1859 4682 λέον-

276 4742 376 4787 τος
400 4723 493 4777 τὸν
518 4723 699 4795 Κύρον
730 4721 942 4788 ἐκάλει,
980 4720 1221 4784 καὶτοὺς
1242 4719 1335 4772 ὑπ’
1364 4718 1515 4789 αύτῷ
1545 4719 1759 4791 Πέρσας
1797 4737 1857 4773 τε

276 4817 382 4872 καὶ
410 4816 649 4887 Μήδους.
688 4815 946 4878 ’Δσπίδας
973 4813 1031 4865 δέ
1064 4813 1157 4868 καί⁵
1184 4811 1426 4867 ἀσπίδων
1455 4811 1655 4881 ἔγγονα
1693 4826 1856 4864 πετο-

279 4908 467 4980 μένων
488 4922 502 4935 °
557 4907 714 4959 τοῦτο
741 4906 908 4968 ἔστιν,
937 4904 1101 4969 ὀξέως
1134 4904 1369 4973 διᾴττειν
1413 4903 1507 4955 καὶ
1548 4903 1773 4973 πτηνοῖς
1796 4904 1854 4956 ἐν

1953 1813 2170 1883 quidam
2199 1814 2336 1870 divit
2363 1832 2379 1870 :
2416 1834 2433 1869 ι
2455 1815 2510 1870 1η
2543 1816 2786 1883 custodia
2819 1830 2935 1871 mea
2966 1817 3146 1884 stabo,
3179 1825 3228 1872 et
3260 1832 3517 1873 conscen-

1956 1905 2077 1959 dam
2126 1913 2353 1975 petram,
2382 1914 2440 1962 et
2472 1906 2906 1976 speculaborgut
2932 1906 3141 1962 videam
3174 1907 3302 1977 quid
3331 1907 3519 1976 loque-

1955 2003 2044 2050 tur
2095 1996 2149 2050 in
2193 2010 2300 2062 me,
2338 2005 2393 2052 et
2440 1998 2568 2068 quid
2614 1997 2961 2067 respondeam
3006 1999 3072 2052 ad
3107 1998 3536 2069 castigationem

1954 2096 2128 2136 meam
2153 2083 2216 2138 ⁸¹.
2246 2103 2265 2135 ι
2308 2083 2419 2139 Hoc
2466 2086 2645 2155 itaque
2705 2086 2964 2155 propheta
3030 2084 3187 2140 docet
3234 2099 3294 2140 se
3337 2099 3365 2138 a
3411 2084 3520 2141 Deo

1953 2173 2170 2231 audire:
2222 2172 2267 2243 Ι,
2300 2184 2354 2231 et
2397 2176 2664 2231 constitue
2711 2177 3120 2247 speculatorem,
3153 2187 3208 2231 et
3262 2178 3403 2246 quod
3437 2179 3518 2232 vi-

1955 2263 2102 2319 deris
2158 2267 2423 2323 renuntia.
2457 2266 2569 2322 Non
2612 2266 2832 2338 iubetur
2900 2268 3060 2322 alium
3130 2268 3518 2339 speculatorem

1955 2362 2212 2422 statuere,
2239 2364 2295 2410 at
2318 2356 2553 2426 seipsum
2607 2356 2826 2411 omnino
2875 2357 2942 2410 ad
2991 2357 3225 2411 divinam
3272 2363 3519 2409 contem-

1954 2444 2243 2515 plationem
2306 2460 2640 2517 comparare,
2683 2455 2737 2501 et
2792 2445 2939 2501 velut
3008 2446 3402 2517 Speculatorem
3466 2445 3520 2499 in

1955 2536 2103 2594 edito
2125 2537 2266 2604 loco,
2293 2539 2474 2595 animo
2504 2553 2571 2595 ac
2602 2547 2809 2606 mente,
2847 2538 3070 2605 factum,
3103 2537 3521 2608 circumspicere

1957 2628 2158 2696 futura,
2203 2637 2258 2685 et
2315 2644 2493 2685 rerum
2556 2629 2942 2700 inspectionem
3018 2630 3134 2685 visu
3194 2637 3521 2700 aspectuque

1958 2720 2233 2789 consequi.
2284 2719 2403 2774 Vidi
2478 2720 2661 2790 igitur,
2695 2720 2792 2784 ait,
2833 2735 3076 2776 sessores
3101 2722 3308 2791 equites
3364 2720 3522 2787 duos,

1957 2810 2118 2879 307
2144 2824 2405 2864 sessorem
2446 2811 2631 2876 asinae,
2668 2820 2723 2867 et
2749 2825 3017 2865 sessorem
3054 2811 3269 2866 cameli.
3302 2811 3365 2865 Et
3395 2811 3522 2880 quid

1961 2900 2061 2954 hoc
2129 2909 2233 2963 est,
2272 2898 2581 2954 lamentatio
2657 2901 3000 2970 Assyriorum
3063 2901 3219 2970 plane
3288 2900 3521 2956 docebit.

1960 2990 2101 3044 Dixit
2160 2991 2334 3045 enim:
2368 2992 2423 3045 ln
2477 3006 2562 3046 me
2594 2991 2853 3059 Elamitze,
2894 2998 2948 3045 et
3017 2991 3173 3061 legati
3234 2990 3520 3046 Persarum
3614 3056 3619 3061 ο

1958 3078 2023 3130 ad
2052 3093 2136 3131 me
2182 3078 2425 3133 veniunt.
2483 3078 2724 3134 Elamita:
2796 3094 2928 3150 gens
2987 3080 3215 3134 barbara
3276 3089 3419 3146 sunt,
3470 3090 3521 3133 ct

1956 3170 2175 3225 camelis
2231 3169 2348 3225 vehi
2377 3170 2552 3225 solita.
2580 3168 2770 3226 Sessor
2796 3181 2972 3225 autem
3011 3172 3177 3226 asinae
3223 3172 3344 3242 quis
3390 3172 3522 3225 alius

1957 3264 2024 3316 sit
2056 3271 2251 3332 praeter
2283 3262 2483 3318 electos
2507 3271 2562 3318 et
2588 3264 2816 3319 eximios
2858 3265 3139 3319 Persarum
3193 3263 3362 3318 viros?
3385 3278 3523 3334 quos
3553 3272 3564 3282 ‘

1956 3354 2283 3409 aiuntmulis
2299 3364 2353 3409 et
2381 3355 2600 3411 sciadiis
2631 3355 3038 3420 conscensis,ad
3063 3370 3293 3425 pugnam
3330 3355 3523 3419 fuisse.

1959 3458 2025 3499 ne
2056 3445 2178 3514 quis
2205 3460 2298 3500 eos
2328 3444 2482 3501 labor
2505 3455 2725 3502 enervet
2755 3464 2769 3501 :
2797 3447 2883 3500 ubi
2915 3456 3093 3502 autem
3121 3462 3309 3519 pugna?
3349 3446 3525 3505 locum

1957 3536 2162 3601 vident,
2195 3546 2307 3591 tum
2357 3552 2389 3592 e
2430 3539 2651 3595 sciadiis
2720 3540 3073 3605 desultantes,
3114 3542 3269 3609 equis
3296 3549 3525 3595 utuntur

1958 3627 2282 3684 lectissimis.
2318 3630 2498 3685 Asinae
2536 3645 2665 3701 ergo
2713 3632 3056 3687 insessorem-
3079 3632 3233 3695 dicit,
3265 3645 3388 3685 eum
3423 3631 3519 3700 qui

1957 3718 2203 3775 mulabus
2253 3729 2439 3776 vectus
2477 3732 2576 3776 est.
2616 3721 2707 3778 Vel
2755 3723 2918 3776 etiam
2965 3722 3069 3775 alio
3101 3722 3299 3777 modo:
3339 3722 3524 3776 verisi-

1956 3811 2083 3865 mile
2122 3820 2208 3867 est
2263 3812 2458 3866 vidisse
2487 3812 2824 3881 prophetam,
2852 3810 3090 3866 hostium
3122 3826 3349 3866 cuneum
3371 3812 3525 3880 equis

1956 3910 2190 3966 vectum,
2218 3910 2273 3956 et
2333 3902 2655 3956 camelorum
2705 3910 2759 3957 et
2808 3901 3073 3956 mulorum
3135 3903 3521 3958 instructorum

1957 3994 2353 4050 multitudinem
2391 4002 2728 4062 sequentem,
2771 3992 3024 4067 fortassis
3068 3996 3136 4048 ad
3182 3994 3348 4063 spolia
3397 4008 3525 4048 ave-

1958 4085 2152 4140 benda.
2195 4085 2306 4141 Hoc
2342 4086 2603 4156 siquidem
2646 4084 2777 4140 dicit
2822 4084 2977 4138 alibi:
3015 4104 3035 4137 ι
3072 4086 3134 4139 1η
3159 4084 3443 4139 alnictione
3470 4097 3523 4142 et

1958 4177 2203 4246 angustia
2228 4178 2310 4232 leo
2335 4186 2390 4231 et
2442 4174 2721 4232 leunculus
2752 4192 2767 4230 :
2804 4175 2898 4239 ibi,
2925 4185 2982 4231 et
3027 4177 3240 4246 aspides
3287 4185 3344 4230 ct
3404 4190 3523 4244 pro.

1958 4267 2141 4337 genies
2176 4267 2420 4336 aspidum
2460 4265 2777 4330 volantium,
2801 4265 2889 4333 qui
2958 4265 3243 4333 portabant
3280 4264 3447 4319 asinis
3473 4275 3525 4318 et

1960 4364 2181 4421 camelis
2239 4364 2457 4421 divitias
2517 4379 2646 4421 suas
2680 4364 2811 4421 ⁸⁸.»
2866 4362 3098 4419 Leonem
3154 4364 3417 4431 siquidem
3472 4375 3525 4416 et

1960 4455 2194 4510 catulum
2254 4455 2428 4511 leonis
2488 4455 2686 4528 Cyrum
2739 4455 2971 4519 vocavit,
2994 4463 3049 4507 et
3086 4454 3280 4508 Persas
3317 4453 3417 4509 sub
3460 4468 3526 4506 eo

1972 4547 2306 4618 Medosque:
2343 4548 2556 4616 aspidas
2606 4557 2661 4601 et
2692 4545 2938 4616 aspidum
2991 4544 3284 4598 volantium
3345 4557 3525 4612 proge-

1960 4635 2127 4699 niem,
2165 4637 2215 4690 id
2243 4645 2348 4698 est,
2370 4636 2457 4703 qui
2500 4649 2728 4704 propere
2785 4646 3139 4703 praecurrere,
3161 4642 3215 4686 et
3254 4632 3434 4685 avium
3470 4632 3522 4684 in

1959 4740 2165 4781 morem
2224 4725 2352 4780 ferri
2405 4726 2602 4788 solent,
2633 4737 2728 4778 eos
2773 4723 2904 4777 dicit
2962 4723 3052 4791 qui
3093 4737 3160 4777 ex
3213 4721 3335 4776 aliis
3370 4731 3526 4776 erant

1956 4816 2232 4886 gentibus,
2262 4830 2400 4884 quos
2439 4815 2599 4869 etiam
2622 4812 2843 4868 camelis
2864 4812 2983 4867 vehi
3021 4814 3072 4867 in
3110 4827 3260 4867 more
3293 4811 3525 4881 positum

1954 4913 2071 4959 erat
2124 4914 2181 4959 et
2210 4902 2621 4959 consuetudine.

279 4968 386 5073 ίσῳ
420 5001 681 5073 φέρεσθαι
729 4968 1352 5071 μεμελετηκόταςίτοὺς
1392 4999 1456 5049 ἐκ
1503 4997 1612 5051 τῶν
1646 4968 1853 5069 ἐτέρων
1891 4997 2079 5065 ἐθνῶν,
2128 4995 2210 5063 οἷς
2261 4998 2355 5053 καὶ
2439 4994 2745 5066 ἐποχεῖσθαι
2803 4968 3079 5066 καμήλοις⁴
3122 4996 3179 5045 ἐν
3226 4991 3338 5044 ἔθει
3431 4990 3522 5043 καὶ

275 5092 471 5147 τοιϐἦ.

358 5111 471 5146 tor.

315 5111 674 5256 ρἈξιρόασαι
700 5184 994 5253 ἀκρόασιν
1026 5180 1287 5247 πολλὴν,
1318 5176 1415 5231 καί
1447 5176 1712 5232 κάλεσον
1737 5179 1851 5231 Οὐ-

274 5276 421 5344 ρίαν
446 5277 532 5340 είς
565 5274 678 5342 τὴν
713 5272 974 5329 σκοπιὰν
1001 5270 1247 5339 Κυρίου.

354 5367 770 5438 Διωμολόγηκεν
821 5367 851 5419 ό
899 5364 1219 5435 προφήτης,
1270 5360 1346 5423 ὡς
1400 5357 1651 5413 Θεάσαιτό
1699 5374 1851 5421 τινας

351 5537 645 5606 ⁸⁸,Ηιιιιαα
700 5553 760 5602 ιι,
814 5539 866 5592 1.
941 5538 984 5569 ⁸²
1049 5538 1153 5592 lsa.
1213 5551 1338 5602 xxx,
1373 5536 1427 5588 6.

2024 5177 2183 5231 Vens.
2210 5177 2261 5231 8.
2290 5177 2427 5249 Audi
2468 5176 2790 5230 auditionem
2824 5174 3063 5237 multam,
3101 5185 3151 5226 et
3181 5189 3305 5227 vara
3337 5171 3522 5227 Unam

1952 5270 2008 5322 in
2056 5268 2321 5333 speculam
2360 5266 2590 5321 Domini.

2022 5360 2316 5418 Confessus
2391 5369 2476 5416 est
2548 5360 2804 5430 propheta
2885 5355 3084 5411 vidisse
3142 5368 3200 5410 se
3260 5355 3521 5425 quosdam

357 5721 438 5791 (ἰ)
463 5718 689 5775 Σκιάδια
729 5716 981 5772 videntur
1026 5715 1195 5771 fuisse
1243 5729 1438 5771 currus
1470 5713 1688 5785 quidam
1737 5727 1833 5770 ceu
1876 5712 2186 5770 umbraculo
2218 5710 2450 5782 quodam
2482 5709 2681 5782 operti.

608 5816 885 5877 l'n'uos.
927 5813 1041 5875 GR.
1076 5812 1240 5876 LXX

3177 5808 3250 5872 16
