4026 6210
418 351 515 406 ml

1444 349 1500 403 S.
1541 344 1816 402 CYRILLI
1858 343 2328 402 ALEXANDNNI
2362 344 2679 402 ARCHIEP.

3576 346 3675 401 ιοε

418 487 754 545 ascensores,
817 473 1025 542 equites
1090 473 1248 537 duos,
1279 473 1469 527 cameli
1523 481 1576 526 et
1626 472 1832 526 asiam:
1892 473 1981 542 qui

2099 470 2360 536 ἱλαὸέιτας
2390 473 2575 534 ἱππεῖς
2599 470 2710 535 δύο,
2732 469 2977 541 καμήλου
3005 485 3061 522 τε
3095 468 3190 523 καὶ
3224 467 3347 522 ὄνου
3365 483 3379 498 ο
3405 466 3502 521 καὶ
3527 469 3675 531 τίνες

418 575 593 619 autem
674 564 895 629 fuerint,
944 564 1193 635 superius
1268 565 1521 620 diximus.
1572 562 1748 619 Semel
1815 573 1992 620 autem

418 656 745 725 speculatus,
776 654 961 722 jussus
998 665 1080 710 est
1133 655 1387 726 deinceps
1423 669 1546 725 quae
1588 670 1651 710 ex
1688 668 1750 709 ea
1814 654 1993 709 incur-

418 748 567 802 sione
599 746 775 801 futura
826 756 973 812 sunt,
1005 747 1220 813 docere,
1263 757 1317 803 et
1345 748 1670 802 calamitatis
1715 747 1992 803 Chaldaeo-

419 854 533 891 rum
584 837 945 892 narrationem
1002 837 1294 895 terribilem
1327 839 1600 893 indueere.
1641 838 1804 892 Multa
1851 839 1991 892 enim

415 929 620 983 auditio
668 929 929 999 ejusmodi
979 940 1063 984 est
1107 945 1312 986 revera.
1354 929 1487 984 Nam
1545 946 1666 1001 quas
1737 929 1991 1000 Babyloni

418 1014 786 1082 contigerunt,
830 1014 1099 1068 horrenda
1170 1024 1350 1081 erant,
1398 1031 1499 1071 nec
1574 1015 1678 1069 ulla
1747 1015 1993 1069 oratione

413 1104 643 1173 exprimi
663 1114 933 1175 poterant,
960 1112 1014 1160 et
1033 1106 1086 1160 in
1121 1121 1388 1161 summum
1412 1115 1675 1162 venerunt
1703 1106 1988 1161 malorum.

416 1196 589 1268 Cyrus
630 1196 830 1251 etenim
862 1197 942 1252 sic
986 1211 1105 1251 eam
1148 1198 1311 1266 cepit,
1345 1206 1403 1252 ut
1444 1213 1664 1268 prorsus
1722 1200 1988 1253 desertam

415 1287 729 1351 reddiderit,
763 1296 815 1342 et
853 1288 942 1357 qui
990 1288 1041 1340 in
1099 1302 1160 1343 ea
1214 1298 1372 1343 erant
1412 1288 1770 1354 interemerit,
1797 1297 1850 1343 et
1894 1302 1989 1342 eos

414 1380 627 1434 demum
688 1381 776 1447 qui
820 1380 870 1433 iu
920 1381 1189 1450 Speluncis
1242 1381 1655 1449 insidiabantur,
1684 1392 1738 1437 et
1773 1383 1991 1436 omnino

416 1482 473 1522 se
524 1482 682 1536 posse
742 1469 908 1523 latere
966 1470 1273 1539 sperabant.
1315 1470 1525 1524 Etenim
1586 1471 1720 1524 dixit
1772 1470 1820 1525 ei
1867 1471 1989 1524 uni-

415 1561 838 1616 mrsitatisDeus
861 1579 875 1616 :
900 1579 918 1612 ι
944 1561 1089 1616 Dabo
1107 1562 1198 1617 tibi
1225 1564 1509 1617 thesauros
1531 1563 1872 1628 tenebrosus,
1897 1576 1988 1617 oc-

314 1670 322 1687 υ
414 1648 608 1712 cultos,
643 1664 670 1702 a
736 1660 1026 1718 conspectu
1105 1662 1341 1705 remotos
1409 1650 1648 1720 aperiam
1713 1651 1806 1705 tibi
1835 1651 1881 1682 ⁸³
1914 1692 1927 1705 .
1961 1668 1980 1702 ι

416 1738 692 1793 luducitnr
744 1739 907 1794 etiam
942 1752 1169 1809 persona
1221 1738 1520 1794 Jerusalem
1581 1739 1725 1794 velut
1800 1738 1980 1810 Baby-

2100 563 2166 616 ἂν
2199 556 2309 615 εἶεν
2348 557 2516 626 οὗτοι,
2566 560 2865 630 φθάσαντες
2913 560 3015 631 ἤδη
3052 558 3417 630 προείπαμεν.
3452 558 3677 630 Ἐπειδὴ

2094 651 2151 704 δὲ
2193 649 2338 714 ἅπαξ
2374 648 2660 713 τεθέαται,
2703 647 3093 721 προστάττεται
3133 647 3320 701 λοιπὸν
3363 648 3432 700 τὰ
3474 650 3539 701 ἐκ
3575 650 3678 718 τῆς

2094 742 2286 813 ἐφόδου
2319 740 2609 812 μανθάνειν
2633 739 2964 809 ἐπείγεσθαι,
2999 740 3092 794 καὶ
3118 740 3216 810 τῆς
3249 738 3361 793 τῶν
3386 738 3676 792 Χαλδαίων

2096 834 2382 904 συμφορᾶς
2402 832 2469 886 τὰ
2492 831 2692 903 φρικτὰ
2716 828 3053 903 διηγήματα.
3073 830 3249 902 Πολλὴ
3276 832 3388 900 γὰρ
3409 831 3676 900 ἀκρόασις

2094 926 2127 995 ή
2169 925 2351 979 τοιάδε
2387 923 2526 978 κατὰ
2576 923 2638 977 τὸ
2680 923 2898 993 ἀληθές.
2943 924 3232 993 Τοιγάρτοι
3276 925 3341 992 τῇ
3392 921 3674 976 Βαϐυλῶνι

2095 1015 2478 1085 συμϐεϐηκότα
2521 1013 2744 1086 φρικτὰ,
2782 1014 2877 1068 καὶ
2916 1013 3076 1081 λόγου
3129 1014 3272 1084 πέρα
3306 1013 3526 1080 παντὸς,
3577 1013 3673 1066 καὶ

2092 1108 2172 1168 είς
2206 1107 2373 1175 ἄκρον
2402 1106 2606 1176 ἥκοντα
2642 1105 2850 1159 κακῶν.
2902 1100 3032 1158 Elis
3075 1104 3184 1176 γὰρ
3228 1104 3398 1168 οὕτως
3426 1105 3455 1157 ό
3492 1104 3675 1175 Κύρος

2092 1197 2284 1268 αὐτὴν,
2341 1195 2481 1249 ὥστε
2545 1196 2882 1266 καταστῆσαι
2939 1194 3039 1266 μὲν
3088 1197 3301 1267 ἐρήμην
3358 1195 3528 1267 αὐτὴν
3592 1199 3674 1258 εἰς

2092 1290 2237 1345 ἅπαν
2260 1329 2275 1354 ,
2306 1288 2514 1342 ἀνελεῖν
2549 1286 2604 1340 δὲ
2633 1289 2771 1352 τοὺςκ
2792 1290 2847 1341 ὲν
2875 1289 3033 1360 αὐτῇ,
3067 1288 3161 1340 καὶ
3188 1288 3245 1353 ἐξ
3267 1287 3446 1341 αὐτῶν
3476 1304 3532 1340 τε
3560 1286 3673 1340 τῶν

2092 1378 2780 1452 σπηλαίων-σαγηνεύοντα
2850 1378 2975 1442 τοὺς
3011 1379 3147 1443 ὅλως
3187 1377 3445 1432 δύνασθαι
3489 1377 3672 1430 λαθεῖν

2091 1470 2591 1544 προσδοκήσαντας.
2639 1470 2749 1524 Καὶ
2778 1469 2911 1540 γοῦν
2945 1469 3052 1540 ἔφη
3103 1469 3239 1542 πρὸς
3282 1468 3443 1522 αὐτὸν
3484 1469 3517 1523 ὁ
3561 1468 3674 1521 τῶν

2087 1564 2224 1618 ὅλων
2285 1563 2419 1628 Θεὸς
2445 1604 2458 1629 ,
2519 1563 2599 1616 ὅτι
2638 1562 2815 1615 Δώσω
2864 1579 2947 1616 σοι
2985 1560 3293 1633 θησαυροὺς
3337 1560 3668 1623 σκοτεινοὺς.

2087 1656 2437 1728 ἀποκρύφους
2462 1698 2478 1723 ,
2512 1654 2777 1725 ἀοράτους
2811 1651 3006 1717 ἁνοίξω
3040 1670 3143 1706 σοι.
3182 1671 3202 1704 s
3246 1653 3571 1726 Εἰσφέρεται
3608 1652 3669 1707 δέ

2090 1763 2193 1799 που
2242 1746 2337 1800 καὶ
2378 1747 2479 1817 τῆς
2536 1744 2891 1817 Ἰερουσαλὴμ
2948 1744 3010 1798 τὺ
3056 1744 3347 1817 πρόσωπον
3399 1744 3474 1808 ὡς
3530 1746 3672 1816 πρός

416 1828 591 1882 leuem
648 1828 996 1896 alloquentis:
1040 1828 1116 1885 Ne
1159 1829 1405 1899 gaudete,
1431 1843 1466 1883 o
1502 1827 1720 1882 inimica
1755 1841 1894 1891 mea,
1917 1828 1984 1883 de

2099 1855 2158 1908 γε
2186 1838 2281 1911 τὴν
2309 1837 2603 1892 Βαϐυλῶνα
2632 1837 2789 1906 λέγον
2809 1851 2824 1865 ⁸
2871 1833 2962 1907 Μὴ
2996 1833 3246 1905 ἐπιχαιρέ
3279 1851 3392 1903 μοι,
3432 1836 3464 1905 ή
3498 1832 3672 1904 ἐχθρά.

416 1933 501 1974 me
527 1935 542 1984 ;
573 1919 737 1989 308
768 1921 811 1975 si
857 1920 1164 1988 ceciderim;
1193 1934 1472 1990 resurgam
1503 1936 1517 1974 :
1550 1920 1593 1975 si
1651 1919 1706 1974 in
1756 1919 1991 1976 tenebris

415 2010 625 2074 sedero,
659 2010 915 2065 Dominus
949 2009 1077 2064 mihi
1109 2010 1195 2066 lux
1232 2010 1362 2065 erit.
1399 2009 1534 2064 Iram
1560 2009 1768 2065 Domini
1795 2009 1983 2074 feram,

415 2101 540 2169 quia
602 2099 819 2171 peccavi
881 2101 952 2165 ei,
996 2098 1168 2157 donec
1229 2102 1345 2171 ipse
1399 2100 1658 2169 justificet
1725 2100 1987 2169 justitiam

414 2207 615 2257 meam,
667 2202 723 2248 et
770 2192 934 2246 faciat
989 2191 1252 2260 judicium
1306 2207 1510 2258 meum,
1538 2201 1592 2246 et
1639 2192 1835 2247 educat
1904 2206 1987 2246 me

416 2283 469 2335 in
533 2283 727 2348 lucem,
764 2284 1082 2355 videamque
1117 2283 1378 2350 justitiam
1428 2284 1563 2351 ejus.
1601 2282 1815 2338 Videbit
1880 2282 1985 2337 ini~

416 2372 554 2426 mica
609 2386 726 2426 mea
776 2381 825 2424 et
885 2372 1348 2428 circumfundetur
1395 2373 1618 2441 pudore,
1670 2388 1789 2443 quae
1858 2371 1992 2427 dicit

414 2463 581 2517 mihi:
617 2462 714 2518 Ubi
765 2462 1023 2517 Dominus
1078 2461 1217 2517 Deus
1273 2462 1616 2519 tuus?oculi
1670 2465 1774 2519 mei
1835 2464 1988 2518 vide-

417 2556 549 2607 bunt
584 2567 725 2635 eam.
770 2552 997 2623 Jamjam
1054 2554 1414 2609 conculcanda
1475 2562 1577 2619 est,
1623 2553 1777 2624 quasi
1814 2553 1983 2608 lutum

416 2644 469 2697 in
524 2644 646 2698 viis.
682 2643 803 2698 Dies
857 2642 1032 2699 liturae
1082 2643 1285 2705 lateris,
1315 2644 1509 2699 deletio
1549 2653 1636 2699 tua
1678 2645 1793 2699 dies
1858 2643 1983 2699 illa:

415 2749 518 2803 qua
555 2735 803 2790 videlicet
828 2750 856 2789 a
884 2733 1064 2791 Persis
1122 2745 1176 2791 et
1212 2733 1381 2790 Medis
1410 2742 1464 2790 et
1499 2734 1743 2789 Elamitis
1781 2743 1987 2790 vastata

414 2835 471 2880 et
514 2824 684 2879 deleta
738 2833 837 2889 est,
902 2832 963 2879 ut
1012 2825 1142 2879 dixi.
1175 2823 1311 2879 Audi
1354 2823 1539 2894 igitur,
1587 2823 1783 2894 inquit,
1838 2823 1988 2878 audi-

416 2914 618 2969 tionem
676 2913 923 2976 multum,
960 2913 1013 2969 id
1071 2923 1175 2978 est,
1207 2914 1274 2969 de
1312 2913 1625 2984 captivitate
1678 2913 1886 2984 longam
1932 2922 1988 2967 et

418 3005 732 3060 horribilem
802 3005 1192 3061 narrationem.
1228 3004 1292 3058 Et
1354 3019 1485 3059 voca
1522 3004 1708 3061 Uriam
1754 3004 1805 3059 in
1864 3019 1987 3074 spe-

415 3093 591 3150 culam
635 3095 865 3151 Domini.
895 3095 1078 3152 Uriam
1123 3095 1308 3150 dicunt
1335 3094 1501 3149 fuisse
1545 3092 1829 3163 quemdam
1855 3094 2015 3163 legis-

2103 1946 2240 2000 μου,
2300 1928 2383 1983 ὅτι
2421 1928 2707 1982 ’πέπτωκα
2756 1927 2853 1981 καὶ
2912 1927 3285 1998 ἀναστήσομαι
3314 1943 3331 1959 ο
3387 1926 3520 1980 διότι
3573 1926 3670 1979 ἐὰν

2096 2020 2306 2077 καθίσω
2349 2022 2408 2074 ὲν
2447 2021 2525 2092 τῷ
2559 2020 2770 2084 σκότει,
2805 2021 2834 2074 ό
2874 2019 3077 2092 Κύριος
3111 2022 3300 2089 φωτιεϊ
3333 2036 3419 2090 με.
3464 2018 3671 2090 Ὀρτὴν

2096 2110 2300 2181 Κυρίου
2334 2111 2563 2175 ὑποίσω,
2593 2112 2675 2165 ὄτι
2706 2111 2951 2181 ἥμαρτον
2972 2109 3140 2180 αὐτῷ,
3167 2109 3270 2173 ἕως
3290 2106 3351 2164 οὗ
3378 2109 3670 2163 δικαιῶσαι

2095 2202 2255 2256 αὑτὸν
2274 2202 2373 2273 τὴν
2394 2201 2739 2273 δικαιοσύνην
2761 2219 2887 2273 μου,
2917 2202 3010 2256 καὶ
3036 2204 3234 2275 ποιήσῃ
3259 2200 3318 2253 τὸ
3343 2202 3515 2272 κρίμα
3541 2217 3668 2271 μου,

2097 2296 2189 2348 καὶ
2224 2294 2400 2359 ἐξάξει
2437 2312 2503 2365 με
2538 2297 2617 2359 εἰς
2650 2294 2710 2347 τὸ
2747 2293 2893 2362 φῶς*
2940 2294 3036 2347 καὶ
3083 2293 3284 2364 δέκομαι
3331 2292 3430 2364 τὴν
3464 2294 3672 2347 δικαιο-

2097 2385 2260 2455 σύνην
2305 2385 2491 2440 αὑτοῦ.
2548 2386 2657 2439 Καὶ
2703 2384 2894 2454 ὄψεται
2923 2387 2956 2455 ἡ
2995 2383 3164 2455 ἐχθρά
3198 2401 3319 2455 μου,
3373 2383 3466 2437 καὶ
3510 2400 3670 2452 περι-

2095 2476 2336 2530 ϐαλεῖται
2364 2476 2659 2548 αἰσχύνην,
2691 2478 2724 2547 ἡ
2758 2475 2990 2545 λέγουσα
3024 2474 3159 2546 πρός
3196 2492 3283 2545 με,
3322 2474 3434 2527 Ποῦ
3466 2473 3673 2545 Κύριος

2093 2569 2121 2620 ό
2145 2567 2276 2631 Θεός
2309 2566 2440 2633 σοῦ;
2473 2568 2520 2620 οί
2563 2566 2830 2637 ὀφθαλμοί
2866 2584 2966 2637 μου
3001 2565 3288 2636 ὲπόψονται
3320 2566 3512 2636 αὐτήν.
3553 2565 3672 2621 Νῦν

2093 2656 2245 2710 ἔσται
2291 2657 2373 2721 εἰς
2416 2656 2787 2728 καταπάτημα
2836 2656 2911 2720 ὡς
2964 2655 3131 2727 πηλὸς
3176 2658 3232 2710 ὲν
3279 2660 3397 2721 ταῖς
3446 2656 3667 2721 ἐξόδοις.

2104 2740 2338 2818 ’Ἡμέραι
2371 2747 2599 2818 ἀλοιφῆς
2647 2746 2903 2811 πλίνθου,
2956 2747 3225 2817 ὲξάλειφίς
3266 2764 3359 2800 σου
3404 2748 3436 2818 ἡ
3485 2747 3672 2818 ἡμέρα

2094 2836 2296 2909 ἐκείνη·
2334 2838 2454 2892 καθ’
2472 2838 2536 2909 ἣν
2557 2838 2797 2910 δηλονότι
2828 2839 3166 2912 πεπόρθηται
3199 2840 3299 2910 μὲν
3322 2839 3426 2892 ὑπὸ
3443 2839 3672 2911 Περσῶν

2092 2947 2151 2984 τε
2204 2931 2296 2983 καὶ
2346 2929 2546 3001 Μήδων
2594 2929 2687 2982 καὶ
2733 2929 3071 3000 Ἐλαμιτῶν,
3117 2932 3406 3002 ἠρήμωται
3460 2929 3537 2991 δὲ,
3593 2930 3675 2992 ὡς

2094 3016 2249 3088 ἔφην.
2292 3018 2589 3087 Ἀκρόασαι
2640 3018 2841 3083 τοίνυν,
2896 3020 3082 3090 φησὶν,
3138 3018 3403 3094 ἀκρόασιν
3441 3019 3670 3090 πολλὴν,

2092 3105 2235 3160 τοῦτ’
2265 3106 2404 3172 ἔστι,
2428 3107 2496 3161 τὰ
2528 3108 2620 3161 ἐπὶ
2644 3111 2712 3179 τῇ
2743 3109 2943 3164 ἁλώσει
2984 3111 3170 3182 μακρὰ
3199 3114 3291 3166 καὶ
3322 3114 3525 3184 φρικτὰ
3589 3112 3675 3166 διι-
3714 3144 3721 3147 -

415 3189 720 3244 ministerio
761 3189 997 3243 maxime
1040 3188 1415 3257 conspicuum.
1472 3183 1639 3250 Voca,
1676 3186 1869 3253 inquit,
1905 3195 1984 3240 te-

2099 3200 2197 3271 ηγή
2207 3212 2369 3270 ματα¹
2389 3200 2483 3253 καὶ
2509 3199 2639 3254 καλε
2649 3175 2736 3253 σον
2754 3200 2955 3273 Οὐρίαν
2983 3175 3170 3275 sire-ip:
3193 3175 3420 3258 axon'tdv
3436 3206 3670 3274 Κυρίου.

415 3289 553 3334 stem
619 3277 774 3333 factze
834 3277 930 3332 tibi
995 3276 1400 3346 speculationis,
1455 3275 1704 3329 videlicet
1742 3275 1984 3339 visionis,

420 3368 627 3433 Uriam,
662 3376 716 3422 ct
761 3366 1019 3423 doceatur
1053 3366 1148 3421 abs
1196 3376 1247 3421 te
1301 3366 1501 3421 futura.
1526 3365 1815 3434 Postquam
1844 3366 1987 3421 enim

417 3458 800 3526 prophetarum
829 3458 1266 3512 enarratiouibus
1298 3456 1476 3510 minus
1516 3455 1817 3521 credentes,
1838 3457 1991 3511 dixe-

422 3557 584 3605 runt:
619 3567 639 3602 ι
681 3548 799 3604 Alia
828 3549 981 3604 nobis
1042 3548 1355 3619 loquamini,
1388 3554 1443 3602 et
1471 3546 1786 3601 annuntiate
1829 3546 1986 3602 nobis

416 3639 646 3696 alterum
696 3654 934 3696 errorem
974 3639 1023 3674 ’δ
1054 3658 1068 3708 ;
1105 3659 1124 3693 ι
1153 3640 1280 3695 hinc
1323 3646 1379 3694 et
1422 3638 1822 3709 appositissime
1862 3637 1988 3692 uni-

417 3745 699 3787 versorum
730 3730 1220 3805 Deus,Juda:orum
1262 3730 1713 3785 houoratissimos
1747 3728 1993 3785 adhibuit

418 3830 584 3880 testes
623 3836 810 3878 eorum
842 3836 963 3892 quas
1019 3832 1233 3878 ostensa
1280 3831 1406 3877 sunt
1446 3820 1676 3877 diversis
1743 3820 1996 3890 tempori-

419 3921 541 3980 bus,
575 3925 634 3970 ut
667 3916 756 3984 qui
799 3916 944 3970 velut
990 3916 1041 3969 in
1082 3914 1286 3970 visione
1337 3914 1651 3986 prophetica
1701 3913 1995 3984 prophetia:

420 4008 670 4077 spititttm
720 4007 1001 4072 haberent,
1037 4014 1096 4060 ut
1139 4006 1242 4061 nisi
1282 4005 1491 4060 illorum
1543 4005 1724 4061 verbis
1790 4019 1993 4060 morem

420 4113 607 4168 gerere
683 4098 999 4162 voluissent,
1063 4097 1253 4151 saltem
1345 4097 1649 4152 animarent
1728 4095 1846 4152 illos
1915 4096 1991 4161 bi,

419 4191 510 4260 qui
571 4192 711 4261 apud
767 4204 861 4246 eos
920 4188 1096 4244 ornati
1139 4194 1193 4242 et
1238 4187 1486 4243 honorati
1534 4196 1658 4243 sunt
1716 4185 1871 4259 legali
1906 4202 1994 4244 sa-

421 4283 684 4337 cerdotio.

2097 3289 2300 3362 Οὐρίαν
2334 3291 2465 3360 φασί
2502 3308 2625 3345 τινα
2651 3292 2902 3360 γενέσθαι
2948 3295 3056 3348 τῶν
3086 3296 3168 3349 ὅτι
3214 3296 3444 3368 μάλιστα
3481 3296 3673 3365 διαφα-

2094 3382 2364 3436 νεστάτων
2397 3384 2454 3436 ὲν
2487 3383 2792 3456 ίερουργοῖς
2823 3389 2936 3450 τοῖς
2963 3388 3103 3441 κατὰ
3130 3388 3221 3441 τὸν
3250 3389 3431 3461 νόμον.
3467 3389 3675 3452 Παρὰ-

2093 3471 2224 3526 λαϐε
2259 3471 2457 3541 τοίνυν,
2501 3475 2658 3546 φησὶ,
2722 3476 2974 3550 μάρτυρα
3026 3481 3123 3551 τῆς
3173 3479 3525 3551 δεικνυμένης
3586 3497 3674 3534 σοι

2094 3565 2471 3635 κατασκοπῆς,
2505 3566 2672 3637 ἤγουν
2720 3568 2988 3639 ὁράσεως,
3021 3570 3114 3624 τὸν
3148 3570 3370 3643 Οὐρίαν,
3397 3572 3487 3624 καὶ
3519 3571 3671 3625 διδα-

2099 3654 2313 3709 σκέσθω
2338 3655 2489 3727 παρὰ
2522 3656 2617 3710 σοῦ
2646 3658 2712 3712 τὰ
2753 3657 3005 3729 ἐσόμενα.
3051 3658 3267 3731 Ἐπειδὴ
3293 3663 3401 3731 γὰρ
3422 3663 3533 3725 τοῖς
3563 3660 3675 3715 τῶν

2103 3744 2399 3816 προφητῶν
2423 3746 2754 3817 διηγήμασιν
2782 3748 3135 3815 ἀπειθοῦντες
3170 3750 3434 3819 ἔφασκον·
3466 3752 3674 3805 «Ἄλλοι

2100 3833 2231 3904 ἡμῖν
2264 3833 2493 3899 λαλεῖτε,
2534 3838 2626 3889 καὶ
2650 3837 3007 3906 ἀναγγέλλετε
3047 3840 3178 3910 ἡμῖν
3225 3841 3417 3913 ἑτέραν
3466 3841 3674 3912 πλάνη·

2104 3939 2215 3987 σιν,
2252 3942 2272 3975 s
2314 3924 2570 3996 ταύτητοι
2621 3926 2714 3980 καὶ
2755 3927 2876 3981 λίαν
2923 3930 3282 4001 οἰκονομικῶς
3316 3924 3344 3985 ὃ
3374 3932 3482 3985 τῶν
3534 3932 3674 3986 ὅλων

2101 4011 2232 4076 Θεὸς
2260 4014 2383 4079 τοὺς
2415 4016 2564 4086 παρὰ
2592 4019 2701 4080 τοῖς
2729 4017 3001 4085 Ἰουδαίοις
3025 4020 3406 4091 ἐντιμοτάτους
3434 4024 3675 4078 ἐποιεῖτο

2105 4101 2386 4175 μάρτυρας
2434 4106 2544 4160 τῶν
2599 4106 2970 4180 ’δεικνυμένων
3013 4111 3156 4169 κατὰ
3213 4114 3456 4184 καιροὺς,
3500 4114 3577 4177 ὡς
3612 4117 3675 4168 ὲν

2098 4194 2286 4265 ὁράσει
2317 4199 2660 4270 προφητικῇ,
2710 4201 2823 4263 τοῖς
2874 4200 2935 4253 τὸ
2976 4202 3074 4271 τῆς
3121 4206 3458 4274 προφητείας
3489 4204 3675 4275 ἔχουσι

2101 4284 2339 4357 πνεῦμα,
2372 4287 2439 4340 ἶν’
2469 4288 2519 4342 εί
2549 4288 2625 4360 μὴ
2675 4286 2947 4359 βούλοιντο
2976 4292 3089 4353 τοῖς
3129 4292 3260 4363 παρ’
3303 4293 3484 4348 αὐτῶν
3511 4310 3677 4348 κατα-

421 4379 702 4435 πείθεσθαι
730 4379 929 4448 λόγοις,
961 4374 1063 4430 κᾶν
1081 4370 1173 4432 οὖν
1205 4376 1433 4442 ἐκείνοις
1464 4375 1819 4448 θαρσήσειαν,
1855 4377 1905 4432 οἳ
1926 4380 1991 4450 τῇ
2020 4377 2162 4433 κατὰ
2189 4380 2352 4452 νόμον
2386 4383 2650 4455 ἱερωσύνῃ
2689 4386 3008 4457 τετίμηνται
3044 4389 3177 4460 παρ’
3206 4387 3408 4451 αὐτοῖς.

494 4472 562 4526 Et
616 4471 783 4526 dixit:
810 4469 942 4526 Steti
994 4486 1193 4540 semper
1245 4472 1415 4535 die,et
1460 4471 1513 4524 in
1544 4473 1729 4526 castris
1763 4472 1883 4527 steti
1910 4488 1990 4543 per

2176 4475 2283 4528 Kal
2306 4471 2494 4529 εἶπεν
2524 4478 2754 4546 Ἔστην
2771 4478 2869 4535 διὰ
2886 4481 3112 4547 παντὸς
3132 4481 3374 4550 ἡμέρας,
3388 4481 3486 4535 καὶ
3507 4480 3578 4534 ἐν
3598 4479 3674 4549 τῇ

421 4572 584 4617 totum
642 4572 861 4626 noctem,
913 4570 960 4616 et
1030 4577 1143 4616 ecce
1189 4559 1278 4615 ille
1352 4561 1490 4614 venit
1556 4577 1799 4618 ascensor
1848 4563 1996 4634 bigae.

494 4741 685 4797 Jussus
732 4742 993 4811 prapheta
1052 4741 1154 4796 sibi
1210 4742 1541 4797 constituere
1578 4742 1994 4811 speculatorem,

425 4842 477 4886 et
526 4840 648 4901 apte
699 4829 1016 4885 denuntiare
1061 4830 1319 4899 quidquid
1373 4832 1419 4886 ei
1472 4846 1499 4884 a
1557 4831 1671 4885 Deo
1717 4842 1997 4887 emensum

424 4931 602 4976 esset:
631 4920 788 4985 Steti,
816 4918 1123 4988 iuquit,per
1173 4929 1335 4975 tutam
1388 4919 1530 4975 diem
1574 4928 1629 4975 et
1683 4935 1777 4989 per
1827 4929 1994 4975 totam

426 5021 662 5068 noctem.
702 5011 764 5089 Et
803 5025 930 5066 ecce
966 5009 1055 5067 ille
1099 5011 1246 5067 venit
1300 5025 1553 5068 ascensor
1604 5010 1759 5081 bigae.
1832 5011 1994 5078 Quis-

427 5122 549 5161 nam
583 5105 708 5161 ille?
733 5104 896 5161 Persa
913 5113 967 5161 et
999 5104 1246 5167 Elamita;
1282 5103 1365 5159 vel
1392 5103 1662 5159 exercitus
1691 5101 1994 5173 praefectus,

429 5196 480 5248 id
519 5204 621 5261 est,
665 5195 858 5267 Cyrus.

502 5285 667 5339 Vitas.
696 5288 747 5339 9.
782 5283 847 5338 Et
880 5284 1189 5353 respondens
1225 5282 1332 5336 ait:
1395 5280 1592 5336 Cecidit
1644 5280 1903 5352 Babylon,
1947 5291 1997 5336 et

430 5390 604 5429 omnes
662 5375 915 5444 imagines
974 5377 1107 5443 ejus,
1168 5381 1218 5427 et
1265 5370 1570 5440 manufacta
1610 5370 1723 5440 ejus
1771 5372 1999 5425 contrita

432 5474 550 5517 sunt
603 5466 655 5517 in
693 5476 903 5520 terram.

500 5553 635 5608 Cum
674 5555 897 5609 dixisset
948 5556 1243 5624 prephela:
1274 5554 1414 5610 Ecce
1463 5555 1550 5611 ille
1579 5555 1722 5611 venit
1753 5569 2005 5612 asceusor

502 5714 677 5782 "lsa.
741 5742 859 5790 τιν,
910 5728 963 5782 '5.
1037 5731 1083 5761 "
1119 5733 1217 5785 lsa.
1257 5747 1382 5788 xxx.
1443 5733 1527 5787 l0.

2100 4564 2443 4635 παρεμϐολῇ
2483 4566 2676 4637 ἔστην
2721 4570 2875 4639 ὅλην
2922 4571 3038 4640 τὴν
3075 4573 3298 4627 νύκτα·
3348 4572 3445 4629 καί
3489 4573 3674 4639 αὑτός

2097 4654 2331 4725 ἔρχεται
2363 4658 2665 4728 ἁναὸάτης
2692 4660 3039 4731 ξυνωρίδος.

2169 4748 2611 4820 Κεκελευσμένος
2640 4753 2667 4805 ό
2701 4754 2988 4825 προφήτης
3018 4754 3197 4825 ἑαυτῷ
3231 4753 3425 4821 στῆσαι
3449 4754 3671 4821 σκοπδν,

2096 4839 2428 4908 ἀπαγγεῖλαί
2451 4858 2511 4894 τε
2531 4843 2737 4911 σαφῶς,
2756 4846 2895 4917 ὅπερ
2913 4846 3061 4916 αὐτῷ
3075 4845 3311 4916 δειχθείη
3341 4845 3493 4915 παρὰ
3513 4846 3672 4899 Θεοῦ·

2104 4929 2327 5001 Ἔστην,
2360 4933 2515 5002 φησὶ,
2545 4933 2633 4987 διὰ
2665 4935 2864 4999 παντὸς
2889 4937 3121 5008 ἡμέρας,
3152 4937 3243 4990 καὶ
3293 4932 3361 4989 δι’
3401 4936 3531 5006 ὅλης
3576 4953 3672 4990 νυσο

2102 5019 2258 5083 κτός·
2293 5021 2388 5074 καὶ
2429 5021 2537 5076 ἰδοὺ
2572 5024 2734 5089 αὐτὸς
2760 5024 3000 5097 ,ἔρχεται
3042 5025 3318 5096 ἀναϐάτης
3360 5025 3670 5098 ξυνωρίδος.

2102 5111 2272 5175 Αὐτὸς
2300 5112 2408 5183 ἄρα
2437 5114 2556 5181 τίς;
2583 5115 2612 5168 ὁ
2640 5115 2853 5188 Πέρσης
2873 5134 2930 5171 τε
2958 5118 3049 5171 καὶ
3098 5117 3414 5188 Ἐλαμίτης,
3446 5119 3616 5190 ήγουν
3646 5120 3678 5171 ό

2102 5201 2200 5271 τῆς
2227 5206 2483 5274 στρατιᾶς
2508 5206 2833 5278 ἡγούμενος,
2864 5208 3006 5263 τοῦτ’
3036 5211 3203 5276 ἔστιν,
3238 5210 3267 5262 ὁ
3299 5209 3499 5281 Κύρος.

2168 5294 2276 5347 Kal
2319 5295 2662 5365 ἀποκριθεὶς
2701 5294 2871 5353 εἶπεν
2892 5315 2906 5331 ·
2933 5301 3211 5355 Πέπτωκε
3233 5299 3542 5363 Βαϐυλὼν,
3575 5300 3678 5353 και

2099 5383 2295 5438 πάντα
2339 5386 2409 5440 τὰ
2436 5389 2751 5460 ἀγάλματα
2780 5391 2971 5459 αὐτῆς
2991 5433 3005 5458 ,
3050 5393 3149 5447 καὶ
3185 5391 3261 5447 τὰ
3290 5392 3678 5462 χειροποίητα

2100 5472 2291 5541 αὐτῆς
2315 5480 2761 5549 συνετρίϐησαν
2788 5484 2876 5548 εἱς
2898 5482 3012 5551 τὴν
3038 5481 3177 5551 γῆν.

2175 5565 2281 5619 Τοῦ
2343 5572 2622 5642 προφήτου
2674 5571 2955 5642 λέγοντος’
3032 5574 3164 5629 Ἰδοὺ
3235 5573 3397 5639 αὐτὸς
3455 5571 3687 5643 ἔρχεται
