4042 6200
363 280 498 359 ttat

1523 263 1589 319 IN
1628 262 1862 318 ISMAM
1900 261 2028 316 LIB.
2075 262 2139 317 Υ.
2180 261 2416 318 TUMLS
2456 264 2495 319 l.

3489 266 3627 324 Ηΰὸ

359 397 598 472 Χριστοῦ
630 392 906 467 βασιλείαν
932 388 1343 459 εὐηγγελίσατο,
1381 387 1474 440 καὶ
1508 389 1597 440 ὑπ’
1624 386 1774 457 αὑτῷ
1804 386 1935 440 πάν-

2057 399 2184 442 enta
2208 403 2314 471 seu
2365 387 2569 442 elevata
2602 396 2704 442 cst.
2774 408 2793 440 ι
2821 387 3198 444 Custodientcs
3244 401 3364 442 esse
3411 398 3628 457 possent

359 504 449 549 τες
474 484 660 555 ἐσμέν.
698 478 1062 549 Ἐπὴγγελται
1086 476 1196 546 γὰρ
1214 476 1410 545 λέγων,
1435 477 1515 528 ὅτι
1552 476 1579 528 τ
1601 474 1763 540 Σιὼν,
1790 476 1943 538 βασι-

360 577 544 630 λεύσει
580 592 670 627 σου
697 575 727 626 6
753 571 902 634 Θεός.
934 588 952 622 ι
984 565 1310 622 Βασιλεὺσει
1340 566 1397 619 δὲ
1427 567 1565 630 πῶς,
1597 568 1630 638 ἢ
1663 567 1785 622 τίνα
1820 567 1946 638 τρό-

360 686 486 729 πον,
514 665 677 728 αὐτὸς
703 663 863 725 εὐθὺς
889 649 1240 732 διεσάφησεν,
1270 660 1459 725 εἰπὼν,
1491 662 1573 714 ὅτι
1605 679 1624 712 ι
1651 659 1807 731 Φωνὴ
1836 660 1946 713 τῶν

341 747 742 827 ²φυλασσόντων
775 770 835 807 σε
879 752 1087 823 ὑψώθη.
1118 772 1137 803 ι
1186 753 1295 805 Καὶ
1342 752 1704 821 φυλάσσοντες
1748 750 1805 804 δὲ
1835 749 1943 805 εἶεν

361 853 423 903 ἂν
452 853 500 903 οἱ
532 846 808 900 θεσπέσιοι
857 845 1123 915 μαθηταὶ,
1174 845 1339 915 ἣγουν
1373 843 1610 907 ἅπαντες
1659 842 1844 905 ἁπλῶς
1890 845 1943 896 οἱ

364 941 741 1009 μυσταγωγεῖν
786 937 989 999 εἰδότες
1030 937 1126 990 καὶ
1157 937 1466 1006 δυνάμενοι,
1503 936 1602 989 καὶ
1635 935 1946 1008 ὀρθοποδεῖν
1992 953 2002 964 ο

358 1031 750 1092 ἀναπείθοντες
779 1028 906 1090 τοὺς
940 1027 1332 1098 κεκλημένους,
1367 1029 1446 1091 εῖς
1495 1046 1559 1095 γε
1589 1028 1651 1081 τὸ
1687 1027 1946 1081 δύνασθαι

363 1120 662 1192 κατορθοῦν
696 1115 755 1173 εὖ
790 1119 935 1189 μάλα
964 1118 1027 1172 τὸ
1067 1117 1292 1185 ἀγαθὸν,
1329 1118 1424 1171 καὶ
1461 1118 1556 1187 τῆς
1588 1119 1668 1182 εἰς
1712 1117 1945 1189 Χριστὸν

365 1215 587 1284 ἀγάπης
616 1210 967 1281 ἀντέχεσθαι,
1009 1210 1101 1262 καὶ
1133 1207 1299 1279 ὀρθὴν
1342 1209 1426 1261 ἐπ’
1463 1207 1611 1278 αὑτῷ
1649 1208 1742 1261 καὶ
1795 1206 1947 1276 ἀμώ-

370 1322 539 1377 μητον
581 1303 849 1357 ποιεῖσθαι
887 1300 988 1370 τῆς
1031 1300 1262 1363 πίστεως
1307 1299 1405 1368 τὴν
1439 1299 1749 1369 ὁμολογίαν.
1787 1291 1946 1352 Οὗτοι

367 1396 623 1467 ποιμένες
649 1395 785 1447 εἰσιν
811 1391 1008 1459 ἀγαθοὶ
1041 1392 1407 1460 φυλάσσοντες
1433 1391 1510 1462 τῷ
1542 1392 1758 1445 πάντων
1791 1393 1947 1461 ἀρχι·

366 1488 585 1558 ποιμένι
616 1486 683 1539 τὰ
720 1485 914 1554 λογικὰ
958 1484 1270 1555 θρέμματα,
1304 1483 1401 1537 καὶ
1429 1483 1529 1545 τὰς
1571 1482 1680 1536 τῶν
1725 1482 1947 1535 ἀτιθάσσ

369 1597 477 1633 σων
513 1578 717 1650 θηρίων
742 1575 1134 1639 άποσοόοῦντες
1162 1575 1404 1644 ἐφόδους.
1430 1573 1646 1628 Τούτων
1681 1573 1947 1644 ὑψοῦσθαι

366 1671 516 1739 λέγει
544 1670 642 1740 τὴν
673 1668 879 1739 φωνὴν,
921 1667 1069 1720 τοῦτ’
1098 1667 1267 1728 ἔστιν,
1305 1665 1635 1737 ἀκουσθῆναι
1666 1668 1778 1728 τοῖς
1812 1681 1945 1718 παν-

2046 480 2209 534 divini
2240 479 2507 546 discipuli,
2535 479 2618 532 vel
2659 479 2831 532 etiam
2865 479 3173 548 quicunque
3218 478 3476 549 mysteria
3512 489 3627 531 tra-

2049 572 2179 626 dere
2205 571 2403 636 sciunt,
2432 580 2485 625 et
2516 579 2739 639 possunt
2769 578 2917 625 recto
2942 570 3076 639 pede
3101 569 3370 632 insistere,
3425 585 3487 624 ac
3508 587 3627 639 per-

2048 662 2275 718 suadere
2304 661 2529 723 vocatis,
2557 672 2613 715 ut
2639 663 2779 730 quod
2813 663 3008 716 bonum
3041 669 3129 717 est
3188 661 3385 715 ohezmt
3435 664 3627 717 rectis-

2048 755 2206 819 sime,
2230 764 2284 809 et
2311 753 2631 807 charitatcm
2664 753 2715 807 in
2752 752 3031 808 Christum
3091 752 3508 821 amplectantur,
3573 763 3628 808 et

2050 855 2255 901 rectam
2296 845 2362 900 de
2416 860 2480 900 eo
2524 860 2588 899 ac
2647 846 2975 914 inculpatant
3050 845 3173 898 fidei
3236 845 3627 899 confessionem

2047 939 2229 995 edant.
2253 937 2315 992 lli
2345 948 2470 994 sunt
2495 947 2748 1007 pastores
2775 937 2924 1004 boni,
2972 938 3338 992 custodientes
3387 938 3626 992 omnium

2048 1040 2324 1097 pastorum
2355 1029 2580 1098 principi
2622 1044 2749 1083 oves
2777 1030 2987 1083 ratione
3018 1029 3290 1096 prazditas,
3316 1039 3370 1083 et
3397 1028 3627 1083 indomi-

2051 1130 2224 1175 torum
2281 1121 2636 1174 auimantium
2708 1119 2939 1174 insultus
3000 1121 3369 1188 prohibentes.
3426 1119 3627 1175 Horum

2048 1225 2235 1265 vocem
2266 1210 2470 1264 intendi
2494 1209 2590 1272 ait,
2635 1208 2686 1263 id
2721 1217 2827 1277 est,
2858 1209 3094 1262 auditam
3120 1224 3240 1264 esse
3275 1210 3471 1279 passim
3505 1224 3628 1264 om-

2049 1302 2231 1357 nibus.
2265 1301 2476 1354 Dictum
2505 1301 2749 1355 estenim
2799 1302 2866 1357 ad
2896 1316 2990 1356 eos
3017 1317 3147 1357 voce
3182 1300 3332 1356 Isaiae
3366 1320 3379 1356 :
3411 1323 3434 1355 ι
3476 1302 3630 1355 Mon-

2050 1400 2156 1445 tem
2206 1389 2477 1445 excelsum
2504 1390 2827 1455 conscende,
2868 1392 3321 1461 quicvangelizas
3360 1393 3512 1456 Sion,
3548 1393 3631 1446 in-

2051 1484 2207 1538 tende
2240 1483 2452 1539 fortiter
2470 1498 2656 1537 vocem
2689 1495 2857 1548 tuam,
2889 1484 2980 1554 qui
3032 1485 3370 1553 evangelizas
3415 1482 3632 1538 Jerusa-

2049 1574 2152 1628 lem
2183 1575 2253 1629 ".
2309 1593 2328 1627 ι
2356 1574 2642 1638 Intendite,
2678 1590 2745 1629 ne
2803 1576 3004 1629 timete.
3049 1575 3203 1629 Clara
3232 1576 3376 1629 enim
3420 1585 3474 1629 et
3497 1574 3628 1628 nulli

2050 1682 2153 1721 non
2183 1666 2395 1734 cognita
2442 1676 2527 1719 est
2579 1665 2871 1732 apostolica
2902 1664 3230 1732 praedicatio.
3254 1664 3404 1730 Quod
3445 1673 3628 1718 autem

365 1760 555 1832 ταχοῦ.
586 1760 817 1830 Εἴρηται
845 1758 954 1828 γὰρ
978 1758 1112 1827 πρὸς
1140 1757 1335 1820 αὐτοὺς
1358 1758 1446 1811 διὰ
1475 1758 1656 1826 φωνῆς
1691 1758 1912 1809 Ἠσαῖου
1936 1772 1948 1785 ·

2057 1757 2233 1811 omnia
2256 1756 2360 1812 illis
2412 1756 2638 1810 feliciter
2683 1766 2738 1810 et
2788 1771 3042 1824 prospere
3088 1754 3279 1821 ﬂuent,
3303 1765 3357 1808 et
3387 1764 3633 1825 prompte

373 1869 394 1904 ι
431 1850 547 1904 Ἐπ’
572 1849 695 1922 ὅρος
723 1848 924 1918 ὑψηλὸν
954 1847 1213 1919 ἀνάϐηθι,
1232 1850 1261 1900 6
1288 1848 1771 1918 εὐαγγελιζόμενος
1789 1846 1948 1911 Σιὼν,

369 1940 582 2011 ὕψωσον
617 1942 683 2010 τῇ
729 1939 875 2009 ἰσχύϊ
916 1956 1010 1992 σου
1041 1939 1138 2010 τὴν
1161 1940 1365 2010 φωνὴν,
1407 1941 1435 1992 6
1466 1941 1951 2011 εὐαγγελιζόμενος

379 2028 758 2102 Ἰερουσαλήμ.
784 2048 802 2079 ι
846 2028 1151 2098 Tal/(iisan,
1193 2028 1268 2099 μὴ
1311 2028 1584 2098 φοϐεῖσθε.
1624 2030 1953 2101 Διαπρύσιον

369 2122 477 2191 γὰρ
534 2122 627 2174 καὶ
667 2120 842 2173 οὐδενὶ
884 2120 945 2173 τὸ
981 2120 1203 2190 σύμπαν
1246 2122 1584 2191 ἠγνοημένον
1628 2124 1690 2176 τὸ
1721 2124 1954 2177 ἀποστο-

369 2212 518 2265 λικόν
562 2212 677 2264 ἐστι
724 2212 1009 2282 κήρυγμα.
1050 2212 1177 2264 "Ott
1217 2212 1273 2265 δὲ
1322 2212 1501 2266 πάντα
1545 2213 1835 2284 δραμεῖται
1886 2215 1952 2267 δι’

371 2304 668 2376 εὐημερίας
698 2305 903 2367 αὐτοῖς,
939 2307 1034 2356 καὶ
1067 2303 1423 2373 κεκλήσονται
1488 2305 1584 2375 μὲν
1632 2306 1864 2377 ἑτοίμως
1904 2307 1953 2359 οἱ

371 2397 508 2465 πρὸς
535 2394 739 2465 οὕσπερ
770 2395 836 2449 ἂν
865 2395 894 2447 6
916 2394 1046 2466 παρ’
1078 2394 1256 2447 αὐτῶν
1283 2395 1491 2464 γένοιτο
1518 2394 1693 2463 λόγος,
1717 2397 1948 2467 εὐφραν·

372 2487 624 2556 θήσονται
641 2486 697 2539 δὲ
719 2488 871 2540 αὐτοὶ
895 2487 1034 2551 λίαν,
1062 2488 1187 2550 τοῦς
1212 2487 1313 2557 τῆς
1333 2487 1541 2540 ἑαυτῶν
1566 2491 1956 2559 μυσταγωγίας

369 2580 603 2651 ὁρῶντες
639 2582 905 2651 καρποὺς,
946 2580 1174 2651 ἐναργὲς
1215 2580 1506 2651 καθίστησι
1531 2582 1728 2650 λέγων,
1764 2583 1845 2636 ὅτι
1876 2584 1954 2653 Τῇ

370 2672 523 2740 φωνῇ
572 2670 690 2740 ἆμα
754 2670 1243 2742 εὐφρανθήσονται.
1286 2671 1439 2741 ’Ἅμα
1486 2672 1594 2741 γὰρ
1628 2671 1945 2741 λαλήσουσι,

371 2762 537 2831 φησι,
578 2761 738 2832 καὶὴ
781 2762 892 2814 τῶν
939 2763 1535 2832 μεμυσταγωγημένων
1585 2763 1774 2827 ἕψεται
1821 2762 1977 2834 πλη-ν

372 2851 490 2914 θὺς,
516 2852 609 2903 κοιλ⁸
636 2850 953 2922 ἀμελ[λ]ητὶ
982 2852 1316 2922 δραμοῦνται
1341 2853 1479 2923 πρὸς
1512 2853 1695 2906 πίστιν
1719 2854 1767 2907 oi
1800 2853 1959 2908 παιδ-

371 2941 767 3011 αγωγούμενοι.
800 2942 959 3012 Χαρὰ
988 2942 1045 2995 δὲ
1074 2942 1231 2996 τοῦτο
1259 2948 1370 3006 τοῖς
1396 2945 1665 2999 διδάσκειν
1709 2947 1961 3000 ἐπιτετα-

370 3030 618 3100 γμένοις.
663 3030 996 3084 Ἐπιστέλλει
1044 3031 1171 3100 γοῦν
1200 3033 1230 3085 6
1261 3032 1473 3094 Παῦλος
1521 3037 1631 3098 τοῖς
1678 3035 1745 3088 δι’
1788 3034 1955 3089 αὑτοῦ

2054 1850 2410 1913 \‘0cabttntur,
2460 1850 2528 1903 ad
2582 1862 2719 1917 quos
2772 1862 2959 1900 eorum
3016 1845 3307 1900 habebitur
3355 1847 3549 1903 oratio.
3577 1856 3633 1901 et

2052 1942 2194 2010 quod
2231 1941 2327 2010 ipsi
2355 1942 2595 2009 impense
2623 1939 2956 2008 gaudebunt,
2997 1953 3108 1992 suae
3129 1938 3470 2007 mystagogiae
3520 1936 3634 1990 fru-

2054 2031 2500 2099 ctuscouspicati,
2538 2029 2751 2098 planum
2790 2029 2936 2093 facit,
2960 2028 3248 2098 inquiens:
3307 2028 3451 2081 V'oce
3471 2026 3630 2083 simul

2053 2123 2399 2179 laetabuntur.
2420 2121 2828 2190 Quamprimum
2866 2121 3032 2185 enim,
3086 2120 3275 2189 inquit,
3326 2118 3633 2188 loquentur,

2058 2215 2342 2268 multitudo
2377 2214 2706 2268 iuitiatorum
2760 2222 3037 2280 sequetur,
3082 2220 3137 2265 et
3200 2212 3507 2281 pa'dagogia
3547 2211 3636 2264 in-

2057 2306 2248 2359 structi
2280 2314 2497 2359 current
2524 2305 2590 2358 ad
2628 2304 2783 2357 fidem
2811 2303 3080 2358 celeriter.
3118 2303 3228 2357 Hoc
3282 2302 3388 2356 illis
3436 2302 3637 2370 gaudio

2059 2407 2161 2461 est,
2184 2398 2274 2467 qui
2301 2398 2367 2450 ad
2398 2397 2696 2451 docendum
2725 2394 3000 2449 constituti
3031 2401 3174 2447 sunt.
3199 2392 3397 2446 Scribit
3419 2392 3561 2445 enim
3580 2392 3634 2445 in

2061 2490 2295 2559 Epistula
2355 2488 2676 2554 l’aulus,his
2734 2487 2823 2554 qui
2859 2501 2953 2555 per
3011 2485 3186 2556 ipsum
3240 2483 3634 2536 crediderunt:

2052 2601 2084 2641 ,ι
2119 2582 2385 2636 Gaudium
2432 2589 2487 2634 et
2533 2592 2733 2633 coroaa
2779 2591 2895 2631 mea
2926 2576 2996 2631 ".
3052 2593 3071 2627 ι
3116 2575 3637 2630 Sauctorumautcm

2061 2672 2407 2743 ntystagogiis
2437 2669 2763 2735 obedivissc,
2785 2676 2839 2723 et
2861 2668 3147 2723 obsecutus
3170 2682 3291 2722 esse
3322 2669 3638 2736 plerumque

2061 2777 2153 2818 eos
2175 2762 2264 2832 qui
2293 2761 2547 2833 mysteria
2586 2759 2887 2823 discebant,
2913 2774 2977 2814 ex
3024 2758 3209 2812 multis
3240 2772 3440 2811 sancta!
3474 2767 3524 2813 et
3555 2758 3638 2812 di-

2061 2851 2260 2906 vinitus
2287 2851 2558 2920 inspirata:
2588 2847 2883 2917 Scriptura:
2913 2847 3047 2901 locis
3069 2845 3232 2918 734
3258 2847 3435 2901 videre
3459 2857 3560 2911 est,
3593 2849 3636 2901 si

2062 2946 2183 3014 quis
2202 2958 2317 2997 eam
2342 2942 2667 3011 percurrerit
2696 2949 2747 2993 et
2769 2938 3199 3007 perlustraverit.
3234 2937 3465 2991 Allocuti
3492 2940 3636 2993 enim

2073 3046 2199 3091 sunt
2223 3034 2611 3103 Hierosolymis
2632 3030 2943 3086 Judzeorum
2968 3030 3246 3084 cohortem
3272 3029 3439 3083 divini
3468 3028 3636 3084 disci-

371 3120 752 3186 πιστεύσασιν,
785 3121 867 3173 ὅτι
905 3139 924 3173 ι
956 3122 1116 3193 Χαρὰ
1175 3123 1270 3176 καὶ
1321 3124 1583 3192 στέφανός
1632 3141 1756 3196 μου.
1783 3145 1803 3178 ι
1839 3126 1955 3179 Ὅτι

2066 3128 2175 3198 puli
2211 3144 2227 3183 :
2283 3126 2399 3190 sed,
2434 3134 2492 3178 ut
2544 3126 2600 3179 in
2651 3122 2802 3177 Actis
2849 3122 3207 3191 apostolorum
3227 3122 3482 3188 scriptum
3507 3130 3636 3177 est:

370 3209 429 3262 δὲ
461 3212 582 3273 ταῖς
618 3209 725 3262 τῶν
756 3208 927 3276 ἁγίων
978 3211 1388 3279 μυσταγωγίαις
1424 3210 1485 3265 τὸ
1514 3212 1624 3265 τῶν
1664 3230 1956 3284 μυσταγως

371 3300 651 3369 γουμένων
686 3297 939 3362 εὐπειθὲς
979 3298 1265 3368 ἠκολούθει
1317 3301 1666 3373 πλειστακοῦ,
1709 3302 1799 3356 διὰ
1823 3304 1981 3358 πολ-ι.

373 3390 480 3443 λῶν
522 3393 585 3445 ἄν
619 3408 702 3453 τις
734 3390 852 3452 ἴδοι,
883 3393 978 3461 τὴν
1010 3392 1173 3459 ἁγίαν
1204 3392 1298 3444 καὶ
1331 3392 1689 3459 θεόπνευστον
1730 3394 1951 3464 Γραφὴν

319 3533 322 3537 _
375 3481 791 3551 περινοστήσας.
824 3480 1200 3552 Προσελάλουν
1232 3480 1332 3550 μὲν
1357 3482 1466 3553 γὰρ
1495 3482 1554 3534 ἐν
1579 3483 1692 3544 τοῖς
1726 3482 1955 3552 Ἱεροσο-

375 3572 565 3641 λύμοις
620 3574 731 3636 τοῖς
787 3573 894 3625 τῶν
934 3571 1203 3625 Ἰουδαίων
1249 3572 1528 3642 τάγμασιν
1578 3573 1628 3625 oi
1675 3572 1952 3627 θεσπέσιοι

377 3663 639 3734 μαθηταί*
673 3664 789 3717 ἀλλ’
818 3664 892 3726 ὡς
937 3665 993 3717 ὲν
1034 3667 1153 3727 ταῖς
1205 3665 1442 3735 Πράξεσι
1485 3664 1594 3717 τῶν
1638 3664 1953 3717 ἀποστόλων

372 3754 725 3824 γέγραπταιο
781 3774 797 3805 ι
849 3755 1262 3825 Προσετέθησαν
1317 3756 1376 3808 ἑν
1428 3757 1528 3827 μιᾷ
1576 3755 1761 3827 ἡμέρᾳ
1806 3758 1956 3828 τρεῖς

371 3848 607 3918 χιλιάδες
648 3847 878 3916 ἀνδρῶν.
910 3866 927 3897 ι
962 3847 1069 3900 Ναὶ
1102 3847 1208 3918 μὴν
1250 3848 1345 3901 καὶ
1371 3850 1398 3901 6
1430 3847 1715 3913 θεσπέσιος
1746 3848 1956 3911 Παῦλος

370 3938 508 4008 ὁμοῦ
538 3938 612 4009 τῷ
645 3937 896 4011 μακαρίῳ
920 3938 1050 4009 Σίλᾳ
1074 3938 1351 4009 δεσμῶται
1368 3941 1727 4011 τυγχάνοντες
1754 3938 1956 4011 ὕμνουν

372 4029 515 4083 κατὰ
570 4028 740 4100 μέσην
797 4029 967 4082 νύκτα
1001 4028 1090 4082 τὸν
1142 4029 1294 4082 Θεόν.
1347 4030 1563 4102 Ἐπειδὴ
1618 4031 1675 4085 δὲ
1726 4031 1957 4100 ἄγγελος

374 4119 526 4188 ἅγιος
577 4122 804 4184 ἐπιστὰς
855 4119 932 4190 τῷ
984 4120 1345 4192 δεσμωτηρίῳ
1392 4120 1460 4174 τὰ
1511 4122 1732 4176 πάντων
1784 4122 1957 4193 ἀνῆκε

373 4211 571 4281 δεσμὰ,
604 4212 857 4283 περιδεὴς
890 4210 1132 4280 γεγονὼς
1161 4213 1189 4264 6
1217 4212 1564 4283 δεσμοφύλαξ
1594 4213 1828 4285 ἠθέλησε
1860 4216 1957 4285 μὲν

376 4304 564 4356 ἑαυτὸν
594 4304 818 4358 ἀνελεῖν·
849 4308 1195 4374 φωνήσαντος
1224 4304 1280 4357 δὲ
1306 4306 1396 4357 τοῦ
1431 4305 1641 4359 Παύλου
1661 4321 1675 4336 '
1723 4325 1741 4358 ι
1773 4308 1958 4377 Μηδὲν

376 4395 591 4467 πράξῃς
621 4396 828 4468 σεαυτῷ
880 4399 1066 4450 κακόν*
1100 4396 1339 4459 ἅπαντες
1364 4398 1471 4468 γάρ
1516 4400 1682 4468 ἐσμεν
1732 4399 1916 4454 ἐνθάδε
1940 4419 1952 4430 ·

2066 3237 2085 3272 ι
2119 3218 2342 3290 Adjecta
2358 3226 2482 3272 sunt
2504 3232 2609 3271 uno
2627 3216 2712 3269 die
2734 3214 2832 3268 tria
2852 3214 3127 3268 hominum
3149 3212 3312 3266 millia
3329 3212 3399 3267 ³⁸,
3429 3231 3447 3264 ι
3475 3213 3640 3279 Quiu-

2061 3312 2169 3368 imo
2200 3312 2414 3366 divinus
2446 3308 2642 3366 Paulus
2681 3318 2737 3363 et
2772 3308 2962 3364 beatus
3001 3305 3143 3360 Silas
3194 3305 3418 3374 captivi,
3465 3306 3639 3357 media

2060 3413 2218 3458 nocte
2244 3403 2410 3458 Deum
2450 3402 2699 3456 laudibus
2749 3408 2803 3453 et
2850 3397 3066 3469 hymnis
3120 3396 3485 3451 eclebrahant.
3537 3393 3636 3449 Ubi

2060 3503 2240 3548 autem
2273 3501 2491 3548 sanctus
2525 3490 2767 3561 angelus,
2798 3491 3086 3543 imminens
3126 3487 3353 3551 carceri,
3395 3487 3643 3541 solvisset

2059 3581 2298 3644 vincula,
2319 3581 2497 3633 timuit
2521 3579 2810 3633 admodum
2834 3588 3016 3632 custos
3051 3577 3308 3639 careeris,
3328 3585 3382 3628 et
3401 3570 3637 3643 seipsum

2059 3671 2227 3726 voluit
2254 3670 2577 3725 interﬁcere.
2609 3669 2889 3724 Clamante
2909 3677 3084 3721 autem
3111 3667 3276 3721 Paulo
3301 3681 3314 3718 :
3340 3685 3358 3716 ι
3386 3665 3526 3720 Nhil
3546 3668 3637 3721 tibi

2063 3763 2186 3817 mali
2232 3762 2453 3825 inferas,
2511 3775 2700 3815 sumus
2743 3759 2889 3813 enim
2936 3758 3024 3812 hic
3069 3773 3259 3812 omnes
3294 3775 3309 3812 :
3343 3756 3640 3812 admiratus

2065 3872 2175 3912 rem
2222 3853 2615 3918 incredibilem,
2661 3866 2785 3907 cum
2843 3860 2950 3905 tota
3008 3850 3167 3905 domo
3209 3864 3306 3904 sua
3334 3850 3639 3920 baptizatus

2063 3959 2145 4004 est
2186 3948 2254 4000 ".
2285 3964 2304 3997 ι
2338 3944 2527 4000 Fuisse
2574 3954 2751 3996 autem
2792 3942 2839 3995 ei
2885 3943 2985 3996 hoc
3031 3940 3226 3995 laetitire
3283 3956 3523 4005 causam,
3585 3952 3642 3995 et

2065 4037 2427 4103 occasionem,
2462 4033 2693 4088 dubitari
2722 4033 2812 4101 qui
2847 4032 3062 4101 potest?
3092 4031 3272 4101 Itaque
3323 4033 3526 4095 statim,
3553 4032 3638 4086 in-

2064 4132 2198 4201 quit,
2230 4138 2350 4198 post
2398 4126 2810 4197 tnystagogiatn,
2840 4126 2928 4192 qui
2960 4125 3132 4179 vocati
3179 4133 3320 4188 sunt,
3349 4132 3639 4177 accurrunt

2063 4222 2397 4278 obedienter.
2440 4220 2505 4273 Et
2534 4218 2674 4273 oculi
2717 4218 2789 4271 lui
2822 4218 2887 4271 ad
2918 4216 3101 4271 oculos
3138 4216 3640 4285 \iidcbunt,quando

2067 4315 2319 4370 misertus
2348 4312 2508 4366 fuerit
2544 4311 2800 4364 Dominus
2841 4308 3041 4364 Siouis.
3072 4308 3237 4374 Quem
3273 4316 3454 4361 autem
3492 4306 3640 4359 vide-

2069 4405 2223 4470 bunt,
2264 4402 2366 4457 nisi
2401 4402 2591 4457 salutis
2616 4401 2898 4477 praesidem
2927 4411 2979 4453 et
3015 4406 3440 4467 procuratorem,
3463 4398 3513 4449 id
3536 4409 3639 4459 est,

375 4486 667 4557 θαυμάσας
713 4486 775 4540 τὸ
822 4488 1141 4558 παράδοξον,
1175 4488 1476 4558 ἐϐαπτίσθη
1515 4489 1612 4542 σὺν
1648 4491 1828 4543 ,παντὶ
1881 4491 1955 4561 τῷ

2065 4493 2378 4546 Christum:
2422 4506 2639 4545 carnem
2661 4490 2801 4543 enim
2834 4472 3006 4543 induit
3057 4485 3311 4553 Verbum,
3352 4489 3506 4555 cujus
3560 4495 3640 4539 te-

375 4578 509 4646 οῖκῳ
548 4577 734 4631 αὑτοῦ.
761 4598 779 4631 ι
816 4580 937 4633 Ὅτι
975 4579 1032 4631 δὲ
1071 4581 1345 4650 πρόφασις
1389 4580 1538 4651 αὐτῷ
1589 4582 1855 4653 θυμηδίας
1897 4584 1958 4637 τὸ

375 4670 610 4739 πρᾶγμα
639 4668 848 4737 γέγονε,
876 4671 990 4735 πῶς
1020 4670 1165 4725 ἔστιν
1192 4672 1556 4743 ἀμφιϐαλεῖνς
1584 4672 1795 4727 Οὐκοῦν
1817 4675 1960 4728 κατὰ

378 4761 536 4819 7:561.
586 4761 771 4832 φησὶν,
823 4762 922 4831 τῆς
980 4765 1371 4833 μυσταγωγίας
1422 4764 1531 4816 τῶν
1607 4764 1962 4837 κεκλημένων

376 4851 666 4921 δραμεῖται
717 4852 776 4905 τὸ
811 4854 1076 4918 εὐπειθές.
1135 4855 1247 4908 Καὶ⁸
1294 4856 1343 4907 oi
1378 4855 1647 4925 ὀφθαλμοί
1692 4874 1784 4911 σου
1830 4857 1967 4927 πρὸς

378 4939 692 5013 ὀφθαλμοὺς
737 4944 992 5014 ὄψονται,
1037 4944 1205 5016 ἡνίκα
1241 4943 1309 4998 ἂν
1355 4944 1566 5015 ἐλεήσει
1619 4946 1823 5017 Κύριος
1866 4948 1967 5019 τὴν

382 5031 543 5087 Σιών.
594 5034 728 5088 Τίνα
765 5037 820 5089 δὲ
864 5034 1118 5105 ὄψονται,
1165 5036 1197 5106 ἧ
1242 5034 1333 5090 τὸν
1364 5035 1462 5106 τῆς
1508 5038 1783 5107 σωτηρίας
1825 5036 1967 5111 πρύ-

378 5142 554 5190 τανιν,
587 5126 732 5181 τοῦτ’
763 5127 897 5189 ἔστι,
928 5129 1191 5198 Χριστὸν;
1226 5129 1538 5199 Σαρκωθεὶς
1570 5130 1679 5200 γάρ
1713 5125 1781 5201 ἦν
1806 5132 1835 5184 6
1863 5132 1968 5186 A6-

2066 4585 2164 4639 5tis
2190 4584 2351 4637 etiam
2387 4594 2470 4637 est
2499 4581 2802 4646 Psahnista,
2838 4596 2959 4634 cum
2981 4581 3093 4633 ait:
3132 4597 3152 4630 ι
3185 4579 3322 4633 Deus
3357 4576 3643 4633 manifeste

2067 4676 2265 4738 veniet,
2292 4676 2430 4729 Deus
2458 4682 2662 4739 noster,
2690 4681 2745 4728 et
2768 4687 2870 4725 non
2898 4670 3155 4725 obticebit
3183 4666 3227 4701 “
3261 4687 3276 4724 :
3315 4687 3335 4723 ι
3376 4668 3640 4724 velctiam

2065 4769 2210 4839 quod
2247 4768 2356 4822 dixi
2392 4784 2406 4820 ε
2451 4766 2594 4822 Voce
2625 4765 2785 4820 simul
2806 4763 3152 4825 laetabuntur,
3182 4763 3347 4818 etiam
3385 4764 3508 4824 hoc,
3565 4761 3644 4813 iu-

2064 4864 2203 4930 quit,
2253 4858 2426 4914 oculis
2459 4858 2564 4911 tuis
2596 4855 2895 4920 intuebere,
2944 4854 3035 4910 illo
3061 4863 3322 4922 tempore,
3353 4867 3458 4920 quo
3480 4851 3642 4903 misc-

2065 4952 2274 5007 rebitur
2299 4949 2553 5005 Dominus
2606 4948 2761 5013 Sion,
2788 4948 3039 5000 omnibus
3070 4959 3375 5014 proponens
3412 4942 3644 5011 gratiam

2065 5056 2161 5111 per
2208 5042 2389 5106 fidem,
2444 5049 2500 5095 et
2554 5036 2858 5093 caelestium
2904 5035 3171 5090 bonorum
3213 5032 3451 5087 fructum
3485 5035 3646 5085 uber—

2072 5147 2292 5188 ῐιωιιιιι.

381 5233 499 5283 γος,
548 5218 642 5271 καὶ
686 5214 875 5273 τούτου
930 5220 1137 5290 μάρτυς
1179 5221 1205 5271 ὁ
1234 5219 1567 5289 Ψαλμῳδὸς,
1606 5220 1811 5289 λέγων·
1851 5240 1870 5272 ι
1910 5222 1967 5273 '0
2004 5220 2136 5286 Θεὸς
2211 5223 2472 5292 ἐμφανῶς
2498 5219 2642 5290 ἥξει,
2670 5218 2699 5273 ὁ
2731 5216 2863 5281 θεὸς
2894 5212 3071 5287 ἡμῶν,
3104 5217 3196 5267 καὶ
3227 5212 3287 5267 οὐ
3357 5229 3643 5285 παρασιω-

384 5308 639 5378 πήσεται.
674 5326 693 5359 ι
727 5308 931 5376 ’Ἡγουν
970 5309 1107 5382 ὅπερ
1141 5310 1297 5380 ἔφην,
1328 5310 1408 5364 ὅτι
1444 5311 1520 5380 Τῇ
1556 5313 1706 5382 φωνῇ
1746 5312 1864 5381 ἅμα
1929 5311 2416 5384 εὐφρανθήσονται,
2444 5311 2536 5365 καὶ
2600 5308 2760 5364 τοῦτο
2786 5309 2898 5370 τοῖς
2964 5307 3074 5369 σοῖς
3113 5303 3406 5375 ὀφθαλμοῖς
3447 5305 3644 5377 θεωρή-

384 5414 526 5461 σεις,
569 5398 722 5468 φησι,
754 5402 874 5453 κατ’
900 5405 1075 5455 ἐκεῖνο
1102 5402 1194 5456 τοῦ
1227 5400 1441 5472 καιροῦ,
1479 5402 1601 5455 καθ’
1626 5401 1685 5455 ὃν
1717 5402 1782 5455 ἃν
1813 5402 2022 5474 ἐλεήσει
2079 5403 2282 5474 Κύριος
2320 5402 2416 5473 τὴν
2455 5401 2613 5468 Σιὼν,
2648 5398 2898 5471 ’προσθεὶς
2948 5392 3119 5451 ἅπασι
3166 5395 3263 5467 τὴν
3296 5395 3381 5451 διὰ
3413 5396 3646 5462 πίστεως

386 5495 569 5565 χάριν,
626 5495 719 5546 καὶ
769 5493 877 5549 τῶν
928 5496 1193 5567 οὐρανίων
1243 5497 1461 5567 ἀγαθῶν
1525 5496 1814 5568 ἀμφιλαφῆ
1862 5499 1963 5572 τὴν
2001 5500 2321 5553 ἀπόλαυσιν.

465 5676 510 5709 ³⁸
536 5676 751 5745 lsa.u.,
776 5679 829 5736 9.
906 5680 950 5712 ⁸⁷
989 5679 1127 5737 Phil.
1152 5696 1221 5737 tv.
1263 5682 1313 5733 i.
1392 5683 1438 5714 ’³
1478 5683 1597 5737 Act.
1633 5698 1693 5750 ιι,
1725 5682 1777 5735 4.

1884 5680 1928 5711 ³⁹
1967 5679 2089 5737 Act.
2133 5693 2242 5742 tm,
2279 5676 2369 5744 25,
2398 5673 2593 5743 26,27.
2670 5673 2715 5705 '°
2743 5670 2886 5728 Psal.
2914 5686 3060 5739 λιικ,
3088 5669 3146 5725 3.
