4042 6200
443 287 577 343 “'39

506 400 676 458 Vens.
710 402 766 469 9,
800 399 883 455 I0.
918 398 1212 465 Erumpunt
1246 389 1485 446 lanitium
1511 384 1671 440 simul
1707 383 1911 447 assuta
1934 379 2024 436 Je-
2058 383 2104 439 Α

445 494 694 557 riualem,
726 492 853 560 quia
884 493 1132 544 misertus
1160 494 1235 538 est
1268 479 1519 536 Dominus
1540 476 1674 545 ejus,
1704 486 1751 528 et
1781 473 1914 528 eruit
1935 472 2029 527 Je-

448 584 693 639 rusalem.
733 580 795 634 Et
830 578 1106 647 patefaciet
1155 573 1412 628 Dominus
1439 565 1706 621 brachium
1726 579 1876 617 suum
1904 578 2032 615 san-

448 690 585 732 ctum
620 677 673 728 in
708 682 985 740 conspectu
1013 665 1245 721 omnium
1274 661 1528 732 gentium,
1565 667 1610 709 et
1656 654 1898 709 videbunt
1925 667 2034 704 out-

450 772 538 825 nia
569 777 800 823 extrema
831 773 1007 827 terra,
1032 759 1254 814 salutent
1280 769 1398 826 qua:
1424 760 1502 807 est
1535 767 1566 803 α
1603 746 1733 802 Deo.

522 949 820 1015 Erumpere
847 940 1114 1003 laetitiam,
1148 933 1461 1007 signiﬁcare
1483 936 1686 1000 potest,
1714 936 1901 980 vocem
1937 920 2042 977 tol-

454 1040 588 1104 lere,
611 1046 666 1092 et
689 1035 820 1092 odas
843 1032 1138 1104 gratiarum
1188 1026 1418 1084 actionis
1478 1033 1756 1084 resonare,
1789 1012 2042 1071 ctstndio

456 1133 688 1205 quodam
713 1128 957 1183 adhibito
988 1124 1301 1192 doxologias
1340 1116 1611 1182 meditari,
1661 1112 1856 1183 quibus
1903 1111 2043 1164 Deus

458 1201 690 1277 laetetur.
736 1216 1007 1285 Scriptum
1046 1221 1131 1267 est
1192 1210 1336 1266 enim
1374 1209 1427 1262 in
1472 1204 1614 1260 libro
1665 1201 2039 1257 Psalmorum:

466 1331 483 1364 ι
526 1312 593 1367 Et
622 1311 800 1380 lingua
829 1322 948 1362 mea
994 1302 1347 1359 meditabitur
1398 1296 1664 1368 justitiam
1719 1302 1883 1355 tuam,
1934 1298 2046 1345 toto

459 1404 546 1459 die
572 1402 779 1456 Iaudem
812 1407 958 1452 tuam
975 1395 1119 1447 ³¹-³³.
1152 1412 1170 1446 ι
1195 1392 1293 1459 Qui
1329 1400 1506 1445 autem
1542 1388 1642 1442 hoc
1667 1384 1844 1439 Iacere
1867 1380 2046 1435 solue.

468 1493 617 1556 rint,
663 1490 750 1545 his
783 1502 847 1543 ea
875 1502 962 1542 res
982 1485 1170 1541 alI'eret
1211 1477 1757 1545 Imtitiaanuoniam
1798 1487 1926 1527 vero
1972 1470 2048 1524 di—

464 1586 557 1648 cit,
592 1583 804 1637 deserta
840 1577 1138 1634 Jerusalem
1190 1573 1386 1630 debere
1414 1575 1514 1627 hoc
1543 1576 1829 1639 praestare,
1865 1562 1930 1617 ad
1956 1577 2051 1618 exa-

465 1674 787 1747 planandam
821 1674 1011 1727 horum
1053 1667 1340 1724 verborum
1370 1662 1719 1722 sententiam,
1767 1653 1896 1710 illud
1944 1667 2036 1707 ne-

466 1720 787 1747 ,.._.._...._---
1068 1720 1175 1724 ντί
1707 1720 1714 1722 ν

351 1807 357 1813 ι
465 1781 616 1823 cosse
649 1764 960 1820 estdicere.
998 1759 1100 1825 Qui
1148 1757 1421 1812 civitatem
1469 1752 1706 1821 aliquam
1761 1748 1923 1800 latam
1989 1751 2044 1799 et
2076 1720 2117 1775 Β

466 1861 677 1927 longam
707 1853 1033 1916 inhabitant,
1072 1851 1117 1905 si
1172 1861 1400 1903 numero
1436 1853 1510 1899 tot
1535 1845 1664 1907 sint,
1698 1851 1755 1895 ut
1804 1853 1924 1893 eam
1956 1848 2043 1889 res

467 1950 610 2020 plere
632 1954 857 2017 queant.
916 1942 1119 1997 nullum
1143 1939 1260 2008 ejus
1324 1938 1499 1991 locum
1578 1934 1892 2002 relinquunt
1952 1944 2047 1980 vn-

467 2056 626 2095 cuum
666 2057 680 2093 :
719 2034 879 2108 735
918 2034 1001 2089 sin
1033 2027 1401 2086 numerabiles
1427 2027 1559 2089 sint,
1589 2040 1654 2079 eo
1698 2021 1842 2092 quod
1892 2016 2043 2073 multi

471 2132 730 2197 obierint,
767 2138 861 2183 aut
894 2124 1036 2195 quod
1067 2121 1263 2177 bellum
1303 2117 1740 2183 incubuerit,aut
1772 2112 1875 2166 alia
1900 2125 2044 2181 qua:-

469 2231 592 2282 dam
622 2223 838 2280 occasio
870 2220 937 2275 ad
962 2219 1066 2274 hoc
1087 2214 1397 2279 deduxerit,
1436 2212 1550 2266 loca
1579 2225 1700 2279 qua:
1720 2216 1843 2262 sunt
1879 2206 1932 2260 in
1958 2218 2043 2269 ea,

470 2319 723 2390 plurima,
755 2323 814 2371 et
844 2309 1207 2368 habitationes
1238 2306 1393 2360 und-.e
1449 2311 1691 2357 manent.
1739 2294 2047 2366 Cuiusmodi

472 2388 598 2468 sunt
636 2407 892 2465 Israelitae
925 2403 1088 2475 passi.
1128 2402 1485 2466 Posteaquam
1515 2394 1657 2450 enim
1684 2388 2049 2446 Dominicidte

472 2500 829 2560 exstitissent,
860 2504 913 2549 et
932 2506 1123 2547 manus
1147 2491 1334 2560 plenas
1365 2484 1627 2555 sanguine
1658 2482 1992 2543 habuissent,
2018 2492 2049 2531 a

472 2591 733 2651 Romanis
762 2584 1073 2655 consumpti
1103 2590 1228 2637 sunt
1252 2578 1418 2643 bello,
1447 2576 1581 2631 adeo
1597 2584 1655 2628 ut
1682 2572 1836 2644 pauci
1860 2570 2051 2625 admo‘

475 2688 602 2742 dum
633 2679 805 2737 relicti
846 2676 1050 2732 fuerint
1080 2670 1420 2742 superstites,
1452 2676 1678 2735 eratque
1724 2662 1857 2718 viris
1881 2660 2050 2716 desti-

478 2787 588 2832 tuta
617 2783 802 2830 sancta
835 2767 1043 2823 civitas.
1099 2762 1229 2829 Sed,
1260 2758 1455 2829 mquit,
1500 2756 1713 2810 deserta
1738 2751 1855 2821 ejus
1904 2749 2054 2804 laeta-

478 2872 699 2924 buntur.
730 2863 942 2932 Lugent
967 2858 1111 2914 enim
1146 2855 1360 2917 domus,
1381 2859 1437 2905 et
1456 2847 1673 2903 tristitia
1702 2841 1860 2915 quasi
1881 2841 2054 2913 plena;

479 2970 624 3025 sunt,
654 2974 774 3013 cum
798 2970 903 3012 non
935 2952 1136 3008 habent
1167 2944 1376 3002 incolas
1406 2957 1421 2995 :
1465 2940 1559 2997 sed
1585 2938 1786 2994 hilares
1814 2943 1965 3001 sunt,
1998 2942 2057 2988 ct

1472 268 1531 326 Β.
1576 264 1857 325 εῖιιιιω
1893 259 2367 317 ΑιεχΑδυιιιΝι
2405 250 2715 313 ARCHIEP.

3160 165 3282 217 Γ.

3585 241 3732 298 H6O

2214 372 2484 444 Ῥηξὰτω
2511 363 2905 438 εὐφροσύνην
2942 359 3064 430 ἅμα
3104 356 3178 413 τὰ
3204 356 3401 425 ἔρημα
3431 355 3738 423 Ἰερουσα-

2132 471 2172 521 ,ι
2182 466 2283 535 ius,
2316 463 2406 517 ὅτι
2438 451 2668 528 ἠλέησε
2694 454 2911 521 Κύριος
2932 446 3150 513 αὐτὴν,
3170 445 3268 499 καὶ
3291 445 3589 513 ὲρρύσατο
3612 444 3741 512 τὴν

2148 550 2571 625 Ἰερουσαιήμ.
2605 546 2715 602 Kal
2751 540 3139 608 ἀποκαλύψει
3168 539 3383 606 Κύριος
3427 535 3536 590 τὸν
3577 537 3745 605 βραο

2134 648 2313 718 κίονα
2366 639 2556 697 αὑτοῦ
2609 638 2717 691 τὸν
2758 634 2932 705 ἅγιον
2991 629 3248 684 ἐνώπιον
3296 627 3544 683 πάντων
3613 624 3746 678 τῶν

2141 714 2356 802 ἐθνῶν,
2388 732 2489 789 καί
2520 732 2775 800 ὄψονται
2804 724 3005 780 πάντα
3040 722 3114 779 τὰ
3141 720 3294 790 ἄκρα
3327 718 3437 788 τῆς
3457 718 3597 788 γῆς,
3620 714 3748 785 τὴν

2141 827 2449 897 σωτηρίαν
2469 824 2586 892 τὴν
2604 819 2764 890 παρὰ
2786 815 2955 873 Osci}.

2210 891 2426 992 Tb—utv
2472 917 2632 991 ῥῆξαι
2671 914 2772 985 τὴν
2813 906 3155 980 εὐφροσύνην
3194 891 3638 974 κατασημήνειεν
3671 894 3781 953 av‘

2141 1015 2202 1070 τὸ
2226 1016 2285 1069 ἐν
2316 1012 2395 1083 τῷ
2425 1007 2732 1084 χρήσασθαι
2777 1005 2952 1075 φωνῇ,
2980 997 3371 1072 χαριστηρίους
3411 992 3557 1065 ᾠδάς
3600 992 3743 1045 ἀνα-

2144 1082 2435 1180 φέροντας,
2464 1101 2561 1157 καὶ
2605 1098 2839 1168 μελέτην
2880 1092 3151 1147 ποιεῖσθαι
3199 1087 3606 1152 σπουδάζοντας
3636 1082 3744 1146 τὰς

2143 1179 2454 1267 δοξολογίας
2474 1235 2489 1260 ,
2528 1194 2593 1248 δι’
2626 1187 2701 1245 ὢν
2735 1189 2801 1244 ἂν
2836 1185 3182 1259 εὐφραίνοιτο
3220 1183 3375 1246 Θεός.
3416 1179 3742 1249 Γέγραπται

2146 1290 2277 1358 γοῦν
2305 1290 2364 1341 ἐν
2409 1284 2598 1358 βιϐλίῳ
2635 1279 2914 1352 Ψαλμῶνο
2941 1294 2960 1329 ι
2990 1276 3101 1331 Καὶ
3129 1276 3163 1345 η
3193 1271 3418 1343 γλῶσσά
3443 1288 3548 1342 μου
3573 1268 3745 1350 μελε-

2145 1346 2303 1453 στήσει
2349 1346 2450 1447 την
2478 1346 2828 1440 δικαιοσύνην
2885 1384 3015 1431 σου,
3063 1367 3195 1436 ὅλην
3244 1363 3345 1435 τὴν
3373 1361 3591 1433 ἡμέραν
3644 1346 3740 1411 τὸν

2149 1452 2371 1526 ἔπαινόν
2402 1487 2496 1523 σου
2519 1484 2532 1497 ’
2562 1486 2581 1519 ι
2625 1466 2721 1519 καὶ
2763 1464 2945 1527 αὐτοῖς
2981 1461 3095 1523 τοῖς
3126 1456 3287 1511 τοῦτο
3328 1455 3462 1526 δρᾷν
3492 1452 3743 1508 ἐθέλουσι

2150 1565 2288 1636 πρὸς
2330 1559 2669 1631 εὐφροσύνην
2717 1556 2869 1610 ἔσται
2913 1555 2975 1609 τὸ
3016 1552 3225 1624 χρῆμα.
3285 1548 3502 1618 Ἐπειδὴ
3564 1547 3627 1601 δέ
3672 1546 3743 1601 τὰ

2154 1656 2335 1726 ἔρημά
2363 1669 2526 1724 φησιν
2554 1647 2912 1722 Ἆερουσαλὴμ
2947 1645 3107 1700 τοῦτο
3138 1645 3337 1715 χρῆναι
3371 1641 3525 1713 δρᾷν.
3559 1640 3743 1693 ἐκεῖνό

2148 1762 2327 1818 φαμεν
2348 1737 3019 1812 ἀναγκαίωςιδιατρανοῦν
3046 1735 3321 1798 ἐθέλοντες
3349 1732 3446 1803 τὴν
3466 1731 3576 1785 τῶν
3610 1746 3743 1801 προὸ

2146 1815 2416 1909 κειμένων
2467 1834 2726 1887 διάνοιαν.
2773 1833 2837 1884 Ol.
2873 1829 3026 1882 πόλιν
3066 1826 3340 1888 οἰκοῦντες
3382 1824 3602 1894 εὐρεῖαν
3644 1822 3742 1875 καὶ

2151 1928 2390 1999 μακρὰν,
2441 1927 2491 1979 εί
2529 1924 2628 1995 μὲν
2662 1919 2772 1976 εἶεν
2801 1920 3046 1974 τοσοῦτοι
3094 1918 3185 1971 τὸν
3224 1916 3478 1988 ἀριθμὸν,
3531 1913 3610 1977 ὡς
3645 1912 3739 1966 δύδ

2147 2020 2341 2079 νασθαι
2366 2017 2460 2073 καὶ
2485 2014 2839 2087 ἀποπληροῦν
2871 2014 2938 2067 αὖ
2952 2012 3072 2084 τὴν,
3125 2010 3318 2063 οὐδένα
3360 2008 3528 2061 τόπον
3567 2006 3739 2075 αὐτῆς

2147 2115 2379 2185 ἀφιᾶσιν
2411 2111 2512 2183 ἐρη
2521 2123 2641 2181 μον·
2670 2105 2859 2177 εὐαριθ
2869 2105 3054 2174 μὴτων
3078 2103 3135 2156 δὲ
3163 2102 3331 2155 ὄντων
3353 2101 3444 2154 διὰ
3467 2100 3530 2153 τὸ
3551 2098 3741 2153 τεθνά-

2151 2224 2242 2260 ναι
2264 2201 2567 2272 πολλοὺς,ἢ
2602 2198 2837 2270 πολέμου
2863 2192 3340 2265 κατασκήψαντος,
3361 2192 3396 2264 ἢ
3424 2192 3520 2245 καὶ
3544 2191 3739 2261 ἐτέρας

2150 2297 2299 2361 τινος
2326 2293 2579 2367 ἀφορμῆς
2619 2287 3053 2358 κατενεγκούσης
3099 2286 3181 2348 είς
3205 2284 3384 2349 τοῦτο,
3419 2283 3489 2336 τὰ
3514 2283 3740 2336 πλεῖστα

2151 2386 2259 2441 τῶν
2289 2388 2348 2440 ἐν
2379 2385 2515 2455 αὐτῇ
2560 2380 2778 2453 χωρίων
2809 2381 2979 2450 ἡγουν
3042 2375 3360 2447 οἰκημάτων
3408 2374 3736 2443 ἁπομένουσι

2150 2476 2354 2550 γυμνά.
2373 2473 2624 2530 Τοιοῦτόν
2646 2489 2700 2526 τι
2729 2468 3061 2525 πεπόνθασιν
3087 2469 3134 2520 οῑ
3161 2466 3222 2531 ἐξ
3252 2464 3487 2536 Ἰσραήλ.
3522 2462 3738 2532 Ἐπειδὴ

2152 2569 2261 2641 γὰρ
2285 2568 2542 2639 γεγόνασι
2575 2563 2956 2637 Κυριοκτόνοι,
2980 2560 3078 2615 καὶ
3106 2559 3334 2630 πλήρεις
3364 2556 3615 2628 αἱμάτων
3640 2554 3740 2616 τὰς

2153 2664 2345 2733 χεῖρας
2362 2660 2686 2730 ἐσχήκασιν,
2710 2654 3109 2724 δεδαπάνηνται
3136 2650 3215 2722 τῷ
3236 2649 3462 2719 πολέμῳ
3481 2648 3561 2716 τῷ
3588 2645 3742 2716 παρὰ

2164 2753 2483 2826 Ῥωμαίοις,
2520 2754 2594 2817 ὡς
2649 2751 2866 2820 ὀλίγους
2912 2747 3111 2819 κομιδῇ
3153 2743 3586 2818 περιλειφθῆναι
3616 2741 3745 2803 τοὺς

2157 2848 2557 2920 σεσωσμένους,
2602 2844 2701 2900 καὶ
2743 2842 3032 2910 κένανδρος
3055 2836 3124 2912 ἦν
3166 2842 3200 2912 ἡ
3235 2838 3362 2906 ἁγία
3398 2837 3571 2900 πόλις.
3605 2831 3744 2889 Ἀλλ’

2157 2938 2644 3013 εὐφρανθήσονται,
2679 2936 2836 3009 φησὶ,
2894 2934 2963 2988 τὰ
3025 2932 3207 3004 ἔρημα
3265 2930 3458 3002 αὐτῆς.
3520 2930 3746 2999 Στυγνοὶ

479 3024 639 3110 veluti
670 3052 871 3115 rident,
903 3047 946 3103 si
973 3045 1155 3117 plures
1186 3040 1297 3098 sint
1342 3036 1433 3109 qui
1474 3033 1800 3091 inhabitcnt.
1852 3030 1966 3100 Age
1988 3043 2057 3084 ex

2167 3031 2267 3103 μὲν
2309 3031 2419 3102 γὰρ
2460 3026 2621 3095 οἶκοι,
2662 3030 2758 3083 καὶ
2791 3026 3097 3098 κατηφείας
3147 3024 3335 3097 ῶσπερ
3397 3024 3506 3077 εἰσὶ
3560 3024 3749 3094 μεστοὶ

480 3149 583 3203 hac
620 3143 847 3200 historia
898 3115 1102 3207 aliquid
1152 3134 1397 3187 dicamus
1456 3126 1755 3197 spirituale.
1809 3121 2061 3178 Gentium

2164 3124 2293 3185 τοὺς
2323 3120 2666 3184 ἐνοικοῦντας
2708 3119 2809 3173 οὐκ
2851 3118 3068 3189 ἔχοντες
3092 3133 3106 3148 ’
3164 3115 3340 3187 ἱλαροὶ
3375 3116 3434 3169 δέ
3487 3132 3604 3179 πως
3650 3115 3751 3168 καὶ

483 3235 744 3295 Ecclesia,
773 3232 823 3285 id
851 3237 955 3291 cst,
991 3233 1178 3296 gentes
1206 3236 1326 3290 qua:
1356 3217 1723 3282 crediderunt,
1755 3227 1877 3283 qua:
1897 3211 2064 3266 etiam

486 3326 834 3382 nominantur
902 3315 1032 3371 Sion
1065 3321 1120 3368 et
1175 3307 1498 3375 Jerusalem,
1526 3304 1798 3375 principio
1845 3301 2064 3372 quidem

486 3426 667 3484 pauca!
695 3416 872 3475 erant,
901 3415 955 3462 et
973 3402 1129 3474 quasi
1163 3400 1382 3456 deserta
1419 3410 1551 3452 vere
1570 3394 1780 3451 exstitit
1807 3400 1994 3449 sancta
2013 3401 2069 3444 et

486 3507 578 3563 Dei
612 3505 826 3569 civitas,
862 3499 916 3557 id
946 3506 1053 3563 est,
1089 3494 1350 3551 Ecclesia.
1385 3491 1492 3547 Sed
1519 3491 1572 3545 in
1606 3502 1670 3544 ea
1697 3484 1829 3542 nihil
1859 3497 2069 3540 reman-

488 3602 561 3660 sit
593 3612 825 3655 vacuum
885 3607 903 3646 :
965 3590 1165 3662 quippe
1217 3587 1439 3655 impleta
1486 3591 1573 3638 est
1623 3593 1722 3652 per
1767 3576 2066 3633 Christum.

489 3696 706 3751 Dictum
730 3698 814 3746 est
837 3685 1077 3742 scilicet:
1122 3700 1140 3733 ι
1178 3678 1333 3734 Tolle
1361 3676 1599 3743 undique
1624 3671 1813 3728 oculos
1843 3678 1986 3731 tuos.
2015 3675 2072 3722 et

488 3786 609 3839 vide
645 3786 999 3850 congregatos
1028 3772 1167 3827 ﬁlios
1190 3782 1309 3825 tuos
1338 3769 1406 3821 “.
1448 3786 1467 3819 ι
1495 3794 1566 3807 --
1594 3782 1615 3818 ι
1636 3764 1777 3819 Ecce
1796 3761 1872 3817 illi
1895 3775 1927 3816 e
1954 3759 2072 3816 Ion-

492 3880 693 3950 ginquo
733 3872 973 3934 veniunt,
1008 3866 1061 3922 hi
1087 3865 1154 3920 ab
1177 3860 1425 3932 aquilone
1451 3867 1507 3914 et
1545 3858 1703 3925 mari,
1728 3854 1821 3913 alti
1853 3868 1983 3911 vero
2003 3866 2069 3910 ex

493 3948 634 4025 terra
670 3967 978 4021 l’crsarum.
1032 3960 1098 4014 Et
1162 3958 1332 4020 dices,
1392 3953 1587 4023 inquit,
1638 3952 1691 4005 in
1734 3948 1900 4005 corde
1925 3955 2068 4003 tuo:

490 4062 625 4127 Quis
656 4059 785 4112 mihi
820 4053 1007 4127 genuit
1032 4049 1212 4106 istos?
1249 4048 1359 4119 Ego
1388 4056 1568 4101 autem
1610 4044 1743 4099 orba
1780 4049 1837 4097 et
1887 4040 2069 4106 vidua,

496 4155 547 4209 hi
581 4152 709 4206 mihi
743 4150 884 4204 unde
917 4152 1069 4201 erant
1097 4142 1181 4196 ιιι
1217 4159 1236 4193 ι
1258 4142 1326 4195 Ει
1357 4152 1545 4194 rursus
1580 4153 1596 4192 :
1632 4153 1652 4188 σ
1691 4134 1864 4192 Dilata
1893 4133 2071 4189 locum

494 4239 823 4300 tabernaculi
849 4239 946 4303 tui,
978 4243 1033 4290 et
1054 4234 1222 4307 pelles
1275 4228 1632 4285 tentoriorum
1680 4234 1894 4282 tuorum
1948 4221 2069 4293 ﬁge.

494 4336 571 4390 Ne
626 4343 840 4403 parcas,
889 4327 1066 4382 adhuc
1107 4325 1159 4379 in
1208 4322 1417 4377 dextris
1464 4328 1520 4374 et
1573 4317 1627 4374 in
1684 4316 1924 4373 sinistris
1976 4328 2073 4370 ex-

2165 3209 2276 3270 οἷον
2308 3212 2598 3283 γελῶντες,
2624 3214 2672 3266 εί
2696 3211 2762 3284 δὴ
2789 3210 3075 3275 πλείστους
3099 3208 3273 3281 ἔχοιεν
3294 3207 3420 3272 τοὺς
3447 3207 3754 3279 ἐνῳκισμιά

2167 3319 2312 3370 νους.
2343 3305 2477 3358 Ἀπὸ
2505 3304 2570 3375 δὴ
2594 3306 2693 3375 τῆς
2732 3303 2995 3375 ἱστορίας,
3024 3302 3159 3375 φέρε
3196 3303 3262 3375 δή
3285 3318 3337 3356 τι
3365 3300 3615 3372 λέγωμεν
3638 3299 3752 3353 τῶν

2168 3397 2580 3468 πνευματικῶν
2611 3398 2676 3452 Ἦ
2699 3396 2757 3463 ἐξ
2778 3395 2948 3451 ἐθνῶν
2977 3396 3295 3468 Ἐκκλησία,
3323 3395 3469 3449 τοῦτ’
3499 3393 3645 3448 ἐστιν
3697 3382 3754 3447 οι

2168 3487 2227 3555 ἐξ
2255 3486 2425 3541 ἐθνῶν
2460 3485 2867 3552 πιστεύσαντες,
2885 3487 2935 3540 οἳ
2965 3486 3060 3540 καὶ
3090 3484 3229 3540 Σιὼν
3249 3485 3633 3557 ὀνομάζονται,
3654 3480 3756 3540 καὶ

2173 3578 2355 3649 μέντοι
2384 3577 2480 3631 καὶ
2512 3575 2889 3648 Ἰερουσαλὴμ,
2923 3574 3092 3644 ὀλίγοι
3133 3575 3233 3646 μὲν
3265 3570 3405 3646 ἦσαν
3438 3576 3497 3628 ἐν
3530 3575 3751 3645 ἀρχαῖς,

2173 3671 2265 3726 καὶ
2293 3664 2406 3723 οἷον
2421 3668 2629 3741 ἔρημος
2657 3670 2690 3741 ἠ
2719 3667 2937 3739 ἀληθῶς
2964 3668 3095 3738 ἁγία
3125 3669 3221 3723 καὶ
3249 3668 3385 3721 Θεοῦ
3408 3666 3563 3731 πόλις
3589 3666 3755 3735 ἐτύγ-

2171 3778 2325 3833 χανε,
2362 3760 2505 3815 τοῦτ’
2544 3760 2692 3814 ἐστιν
2750 3762 2784 3833 ή
2825 3760 3141 3833 Ἐκκλησία.
3185 3759 3324 3814 Ἀλλ’
3364 3760 3517 3814 οὐδὲν
3546 3761 3759 3831 ἀπομεά

2174 3853 2380 3927 μένηκε
2411 3851 2673 3923 σχολάζον
2700 3853 2759 3906 ἐν
2790 3851 2951 3924 αὐτῇο
2995 3851 3354 3924 πεπλήρωται
3379 3851 3489 3924 γὰρ
3514 3850 3604 3906 διὰ
3618 3852 3760 3923 ἷιὶριὸ

2173 3946 2321 4002 στοῦ.
2367 3945 2481 4003 Kal.
2511 3944 2643 4016 γοῦν
2672 3945 2888 4020 εἴρηται
2921 3946 3059 4020 πρὸς
3095 3946 3296 4019 αὐτήνο
3316 3940 3528 4018 «Ἀρον
3570 3943 3759 4017 κύκλῳ

2171 4040 2297 4104 τοὺς
2310 4037 2621 4110 ὀφθαλμούς
2644 4054 2762 4104 σου,
2793 4040 2888 4094 καὶ
2905 4038 2988 4092 ibe
2996 4038 3308 4110 συνηγμένα
3320 4036 3388 4092 τὰ
3404 4037 3570 4092 τέκνα
3584 4053 3703 4093 σου.
3733 4054 3752 4089 ι

2177 4147 2197 4183 ι
2249 4129 2381 4184 Ἰδοὺ
2410 4122 2558 4185 οὗτοι
2591 4128 2873 4202 πόρρωθεν
2901 4130 3172 4201 ἔρχονται,
3218 4123 3364 4184 οὗτοι
3419 4126 3527 4183 ἀπὸ
3584 4128 3765 4201 βορρᾶ

2174 4223 2270 4277 καὶ
2303 4221 2603 4293 θαλάσσης,
2630 4221 2781 4276 ἄλλοι
2828 4222 2887 4276 δέ
2921 4222 2987 4275 ἐκ
3019 4221 3122 4292 γῆς
3149 4221 3398 4294 Περσῶν.
3435 4222 3544 4275 Καὶ
3587 4222 3762 4292 ἐρεῖς,

2173 4314 2359 4386 φησὶν,
2393 4315 2451 4369 ἐν
2479 4315 2547 4385 τῇ
2579 4313 2779 4386 καρδίᾳ
2809 4330 2902 4367 σου
2921 4333 2936 4346 ·
2965 4314 3062 4378 Τίς
3091 4313 3349 4382 ἐγέννησε
3378 4327 3470 4382 μοι
3496 4310 3760 4376 τούτουςι

496 4426 669 4495 pande
692 4423 738 4456 ⁸⁸
775 4460 791 4476 .
841 4438 861 4473 ι
889 4418 965 4473 Ex
1012 4414 1159 4471 omni
1216 4412 1361 4468 enim
1394 4420 1573 4483 gente,
1596 4408 1730 4463 urbe
1768 4414 1825 4462 et
1852 4405 2061 4477 regione

2188 4405 2333 4478 Ἐγὼ
2365 4405 2422 4461 δέ
2450 4405 2678 4468 ἄτεκνος
2719 4404 2816 4460 καὶ
2839 4405 3008 4477 χήρα,
3039 4398 3184 4459 οὗτοι
3202 4403 3260 4457 δέ
3289 4421 3382 4475 μοι
3406 4402 3510 4458 ποῦ
3532 4400 3715 4476 ἦσαν;
3739 4422 3759 4456 s

494 4527 792 4572 concursus
809 4509 984 4565 factus
1013 4515 1097 4563 est
1141 4504 1380 4575 gentium
1416 4516 1509 4573 per
1545 4499 1704 4555 [idem
1756 4506 2070 4554 vocaturum

2168 4500 2282 4556 Kal.
2315 4498 2479 4554 πάλιν
2500 4509 2518 4529 θ
2560 4515 2580 4551 ι
2604 4497 2883 4552 Πλάτυνον
2923 4496 3018 4553 τὸν
3062 4497 3226 4551 τόπον
3264 4500 3366 4569 τῆς
3397 4497 3607 4567 σκηνῆς
3643 4514 3764 4560 σου,

496 4606 562 4660 ad
584 4606 859 4660 Christum
892 4621 905 4656 :
941 4610 998 4656 ut
1018 4600 1087 4654 ab
1127 4598 1338 4655 oriente
1372 4602 1426 4650 et
1457 4602 1658 4659 austro,
1699 4590 1981 4647 occidente
2022 4599 2061 4642 ei

2172 4591 2400 4647 καὶτῶν
2448 4589 2686 4646 αὑλαιῶν
2720 4601 2832 4643 σουδ
2859 4588 3053 4660 πῆξον,
3102 4589 3178 4660 μὴ
3220 4590 3416 4661 φείσῃ’
3458 4588 3542 4642 ἔτι
3574 4590 3659 4652 είς
3695 4589 3766 4642 τὰ

498 4694 750 4769 aquilone
795 4699 1119 4745 vocarentur
1145 4686 1237 4757 qui
1272 4683 1520 4740 conversi
1542 4690 1686 4748 sunt,
1706 4680 1866 4752 longe
1897 4678 2077 4749 plures

497 4804 660 4861 quam
682 4799 750 4839 ex
778 4781 1043 4852 sanguine
1086 4776 1277 4832 Israel.
1316 4775 1493 4845 Atque
1518 4774 1621 4829 hoc
1655 4775 1830 4842 ipsum
1868 4768 2078 4840 signiti-

498 4878 642 4935 cavit
664 4874 925 4946 prepbeta
966 4869 1152 4933 Isaias,
1180 4868 1404 4936 loquens
1432 4865 1498 4920 de
1548 4862 1789 4919 Ecclesia
1833 4871 1887 4918 et
1911 4874 2074 4931 syna-

499 4986 631 5042 goga
663 4966 990 5022 Judaeorum.
1025 4979 1045 5013 ι
1082 4960 1311 5023 Laetare,
1359 4957 1558 5012 sterilis
1589 4971 1710 5026 qua:
1745 4969 1853 5010 non
1901 4953 2073 5024 paris,

499 5074 726 5131 erumpe
751 5068 805 5112 et
828 5056 1024 5121 clama,
1054 5066 1174 5122 qua:
1211 5066 1317 5106 non
1338 5047 1594 5120 parturis,
1612 5046 1736 5116 quia
1766 5044 1947 5116 plures
1979 5044 2077 5100 ﬁlii

498 5160 928 5218 deserta:,qua1n
961 5142 1214 5199 habentis
1238 5139 1413 5193 virum
1445 5137 1513 5192 ⁸⁷.
1545 5154 1564 5187 ι
1601 5134 1851 5192 Sterilem
1905 5134 2074 5203 enim,

497 5260 600 5298 μυη
639 5244 963 5310 parientem,
993 5246 1047 5292 et
1071 5236 1136 5287 ad
1169 5233 1282 5286 haec
1307 5231 1575 5285 desertam
1603 5226 1857 5297 appellat,
1888 5226 2076 5282 Eccle-

499 5333 633 5384 sium
667 5332 927 5401 gentium.
970 5326 1100 5381 Erat
1126 5325 1271 5380 enim
1296 5335 1492 5391 expers
1522 5318 1849 5386 liberorum,
1885 5328 1941 5375 et
1979 5318 2075 5374 de-

501 5433 668 5485 serta,
695 5423 746 5475 id
779 5430 881 5485 est,
914 5420 1095 5484 vidua,
1121 5428 1426 5472 sermonem
1450 5411 1629 5468 omnis
1670 5410 1792 5467 boni
1835 5420 2073 5467 satorem

503 5529 607 5569 non
667 5514 891 5565 habens.
942 5512 1250 5566 Judaeorum
1306 5517 1490 5562 autem
1546 5519 1899 5576 synagogam,
1957 5506 2074 5559 viro

569 5694 692 5738 ³³·³³
721 5696 858 5752 l’sal.
886 5682 1066 5762 xxxiv,
1092 5698 1180 5753 28.
1259 5699 1304 5729 ³⁸
1333 5698 1434 5752 Isa.
1472 5712 1615 5763 xm,
1656 5697 1737 5753 IS.
1817 5697 1862 5729 "
1896 5695 2029 5751 Ibid.
2059 5736 2073 5762 ,
2112 5694 2203 5748 21.

2172 4682 2324 4765 δεξιὰ
2382 4681 2475 4736 καὶ
2507 4681 2589 4745 εἰς
2611 4680 2681 4735 τά
2716 4680 2981 4752 ἀριστερὰ
3018 4681 3346 4735 ἐκπέτασον.
3377 4699 3396 4732 ι
3429 4681 3527 4734 Ἐκ
3557 4680 3765 4744 παντὸς

2176 4774 2288 4846 γὰρ
2312 4773 2532 4839 ἔθνους,
2574 4772 2788 4835 πόλεως
2807 4810 2822 4837 ,
2870 4772 2966 4825 καὶ
3003 4772 3187 4844 χώρας
3220 4771 3493 4844 συνδρομὴ
3537 4772 3765 4841 γέγονεν

2178 4867 2271 4920 ἐπὶ
2297 4863 2663 4937 Χριστῷ,τῶν
2693 4864 2863 4919 ἐθνῶν
2884 4864 3239 4934 κεκλημένων
3265 4863 3353 4918 διὰ
3391 4864 3652 4928 πίστεως,
3688 4863 3765 4927 ὡς

2180 4957 2241 5023 ἐξ
2263 4955 2415 5027 ἠοῦς,
2445 4955 2542 5010 καὶ
2565 4956 2743 5021 νότου,
2768 4954 2971 5019 δύσεώς
2991 4973 3049 5009 τε
3098 4956 3191 5009 καὶ
3223 4956 3446 5026 saepto»
3478 4954 3764 5010 καλεῖσθαι

2180 5050 2310 5114 τοὺς
2365 5048 2816 5121 ἐπιστρέφοντας,
2866 5047 3048 5118 πολλῷ
3087 5047 3306 5111 πλείους
3339 5046 3501 5110 ὄντας
3554 5045 3671 5105 τῶν
3706 5046 3765 5111 ἐξ

2174 5141 2405 5213 αἳματος
2431 5140 2668 5213 Ἰσραήλ.
2705 5142 2817 5195 Kal.
2854 5139 3011 5195 τοῦτο
3043 5136 3174 5194 αὐτὸ
3195 5138 3631 5210 καταμεμήνυκε
3672 5136 3763 5190 λέ-

2174 5250 2288 5303 γων
2319 5235 2349 5287 ό
2392 5237 2684 5306 προφήτης
2711 5231 2940 5296 Ἡσαΐας
2985 5231 3119 5302 περὶ
3159 5232 3262 5301 τῆς
3302 5228 3630 5301 Ἐκκλησίας
3669 5226 3763 5281 ul.

2171 5324 2272 5395 τῆς
2302 5323 2574 5378 Ἰουδαίων
2598 5324 2956 5396 Συναγωγῆςο
2987 5342 3006 5376 ι
3026 5323 3395 5397 Εὐφράνθητι,
3416 5324 3603 5391 στεῖρα
3637 5320 3673 5389 ἡ
3702 5319 3759 5371 οὐ

2171 5414 2433 5469 τίκτουσα
2456 5430 2471 5445 ·
2534 5413 2696 5486 ῥῆξον
2745 5415 2840 5468 καὶ
2876 5414 3090 5485 βόησον,
3139 5416 3172 5486 η
3217 5415 3317 5468 οὐκ
3339 5413 3638 5481 ὠδίνουσα,
3681 5413 3759 5465 ὃτι

2173 5506 2347 5561 πολλὰ
2377 5505 2447 5559 τὰ
2483 5507 2652 5561 τέκνα
2679 5507 2779 5578 τῆς
2822 5508 3035 5578 ἐρήμου
3075 5506 3276 5578 μᾶλλον
3318 5505 3350 5578 ἢ
3390 5506 3491 5576 τῆς
3529 5505 3759 5577 ἐχούσης

2314 5695 2356 5726 ³·
2396 5695 2500 5749 Isa.
2527 5692 2708 5757 mv,2.
2783 5692 2825 5722 ³¹
2864 5692 3034 5757 lbid.,
3074 5692 3129 5748 1.
