4042 6200
575 454 716 516 H63

1571 455 1651 512 ‘S.
1693 454 1966 510 CYRILIJ
2005 451 2470 510 ALI‘ZXANDIHNI
2510 451 2823 506 ARCHIEP.

3686 458 3809 513 ιιδι

561 572 688 627 -lloc
711 574 882 626 solum
918 572 1036 626 volo
1057 569 1267 627 discere
1299 587 1328 625 a
1362 572 1530 641 vobis,
1567 584 1744 627 utrum
1772 588 1836 627 ex
1885 574 2137 644 operibus

2252 571 2414 634 \ti’t'at,
2430 570 2512 633 τίς
2529 571 2673 640 ὑμᾶς
2694 569 2963 640 ἐϐάσκηνε
2979 573 3045 639 τῇ
3062 570 3289 640 ἀληθείᾳ
3311 571 3386 642 μὴ
3409 571 3718 637 πείθεσθαι,
3739 571 3814 638 οἷς

563 665 715 732 legis
753 663 1000 732 spiritum
1038 663 1374 732 acceperitis,
1417 677 1484 718 an
1551 681 1613 719 ex
1666 665 1936 721 auditione
1986 665 2146 718 iidei?

2252 659 2367 711 κατ’
2392 658 2702 728 ὀφθαλμοὺς
2736 658 2944 729 Ἰησοῦς
2982 659 3219 730 Χριστὸς
3258 664 3581 732 προεγράφη
3625 664 3814 717 ἐσταυ-

573 758 790 808 Adeone
806 754 1083 808 dementes
1108 755 1272 821 estis,
1306 764 1365 808 ιιι
1393 771 1420 808 a
1457 756 1646 826 spiritu
1678 757 1876 821 exorsi,
1906 771 2046 810 nunc
2090 757 2142 809 in

571 861 788 900 carnem
805 847 1062 902 desinatis
1083 847 1146 879 ‘°'
1165 847 1188 901 ?
1209 847 1546 903 )Cll‘CllmCiSl
1563 850 1702 903 enim
1719 848 1929 904 fuerunt
1945 850 2145 918 impru-

553 940 781 996 denter,
824 936 1034 990 etiamsi
1060 935 1349 992 habuerint
1390 939 1861 993 cireuntcisionem
1904 941 1955 992 i‘n
1985 939 2145 1007 spiri-

577 1036 651 1090 tu,
685 1025 766 1080 vel
797 1041 892 1094 per
917 1027 1213 1082 Christum.
1281 1026 1466 1097 ltaque
1514 1031 1817 1083 necessario
1852 1029 1938 1084 hic
1974 1029 2146 1097 inquit

575 1116 945 1172 Universorum
971 1119 1108 1173 Deus
1139 1135 1153 1173 :
1194 1117 1470 1185 Recedite,
1495 1129 1546 1174 et
1567 1121 1709 1174 exite
1744 1121 1885 1184 inde,
1906 1130 1961 1174 et
1987 1135 2141 1188 sepao

577 1208 791 1274 ramini,
827 1209 916 1279 qui
949 1211 1178 1278 portatis
1207 1227 1332 1267 vasa
1375 1213 1607 1268 Domini.
1655 1211 1790 1266 Nam
1837 1214 1929 1282 qui
1976 1212 2142 1266 solida

577 1301 679 1354 ﬁde
709 1300 1109 1356 Emmanuelem
1141 1301 1441 1370 coluerunt,
1461 1313 1513 1358 et
1537 1303 1729 1358 divinae
1753 1303 1920 1373 ipsius
1940 1312 2143 1356 natura:

555 1390 865 1460 participes
899 1389 1024 1445 facti
1060 1401 1206 1457 sunt,
1241 1406 1306 1446 eo
1336 1392 1476 1460 quod
1511 1402 1787 1447 consortes
1809 1391 1913 1446 sint
1971 1391 2141 1446 sancti

577 1479 830 1548 Spiritus,
856 1482 1169 1552 sanctisque
1192 1481 1309 1550 eius
1336 1483 1494 1537 donis
1529 1483 1735 1552 repleti,
1775 1498 1902 1537 vasa
1919 1491 2144 1553 portant

558 1573 706 1629 ED'eo.
760 1571 875 1638 Quo
939 1583 1119 1629 autem
1181 1576 1362 1642 modo,
1427 1577 1638 1630 docebit
1712 1575 2142 1646 sapientissimus

576 1661 793 1726 Paulus,
823 1664 1114 1731 inquiens:
1157 1682 1176 1714 ι
1229 1665 1438 1720 lnduite
1491 1676 1818 1720 armaturam
1876 1665 1991 1730 Dei,
2027 1681 2145 1734 qutc

574 1761 655 1804 cst
683 1751 845 1807 lorica
864 1751 1119 1821 justitiae,
1147 1755 1296 1823 galea
1323 1755 1530 1824 salutis,
1566 1757 1786 1827 clypeus
1818 1757 1961 1822 iidei,
2035 1757 2146 1826 gla-

553 1841 695 1896 adius
725 1843 964 1912 spiritus,
989 1843 1081 1913 qui
1106 1856 1187 1899 est
1217 1843 1448 1923 Yerbum
1478 1847 1567 1899 Dei
1600 1847 1642 1878 δ’
1675 1888 1689 1900 .
1749 1866 1767 1898 ›
1813 1847 2019 1903 Etenim
2047 1848 2143 1901 ha-

2255 753 2528 820 ρωμένος;
2562 770 2578 799 ι
2611 751 2780 802 Τοῦτο
2815 751 2973 820 μόνον
3004 750 3144 805 θέλω
3191 753 3379 821 μαθεῖν
3412 755 3506 822 ἀφ’
3546 755 3725 824 ὑμῶν,
3764 756 3817 820 ἐξ

2251 839 2424 910 ἔργων
2450 827 2611 911 νόμου
2635 842 2693 894 τὸ
2717 841 2932 912 πνεῦμα
2961 843 3201 907 ἐλάϐετε,
3225 845 3258 912 ἢ
3283 845 3339 910 ἐξ
3363 846 3530 915 ἀκοῆς
3554 847 3815 910 πίστεως;

2253 930 2438 994 οὕτως
2456 931 2669 1002 ἀνόητοί
2686 934 2806 985 ἐστε
2826 951 2838 998 ;
2860 933 3216 1004 ἐναρξάμενοι
3236 937 3527 1006 πνεύματι,
3542 938 3638 991 νῦν
3663 942 3821 1010 σαρκὶ

2251 1021 2582 1075 ἐπιτελεῖσθε
2604 1040 2619 1086 ;
2643 1023 3066 1091 Περιετέμνοντο
3087 1025 3196 1094 γάρ
3218 1026 3508 1088 ἀσυνέτως,
3531 1027 3707 1080 καίτοι
3735 1031 3823 1099 τὴν

2252 1113 2308 1164 ἐν
2335 1112 2605 1182 πνεύματι
2635 1112 2937 1182 περιτομὴν
2981 1112 3258 1182 λαχόντες,
3290 1115 3408 1183 ἦτοι
3449 1115 3534 1168 διὰ
3565 1117 3818 1188 Χριστοῦ.

2251 1203 2459 1255 Οὐκοῦν
2485 1202 2794 1271 ἀναγκαίως
2821 1203 2902 1265 τὸ,
2935 1203 3251 1274 Ἀπόστητε,
3284 1206 3339 1256 ἐν
3366 1205 3574 1267 τούτοις
3603 1207 3771 1276 φησιν
3799 1210 3824 1259 6

2250 1291 2359 1344 τῶν
2387 1289 2522 1343 ὅλων
2550 1291 2700 1353 Θεὸς,
2724 1289 2817 1343 καὶ
2843 1291 2922 1355 τὸ,
2941 1290 3213 1354 Ἐξέλθετε
3236 1293 3461 1358 ἐκεῖθεν,
3480 1295 3572 1347 καὶ
3600 1296 3680 1362 τὸ,
3702 1298 3821 1364 Ἀσ-

2250 1381 2526 1452 ορίσθητε,
2546 1385 2593 1434 οἱ
2628 1383 2884 1452 φέροντες
2907 1382 2973 1435 τὰ
3003 1383 3173 1454 σκεύη
3205 1384 3428 1455 Κυρίου.
3461 1387 3524 1439 Οί
3553 1387 3660 1458 γὰρ
3687 1388 3818 1452 ὅλως

2250 1473 2316 1541 τῇ
2351 1470 2532 1522 πίστει
2565 1471 2892 1541 τιμήσαντες
2917 1473 3008 1525 τὸν
3037 1473 3402 1544 Ἐμμανουήλ,
3435 1477 3527 1528 καὶ
3556 1478 3654 1543 τῆς
3675 1463 3820 1540 θείας

2251 1561 2416 1615 αὐτοῦ
2440 1562 2654 1630 φύσεως
2679 1565 2920 1617 κοινωνοὶ
2950 1565 3257 1633 γεγονότες,
3277 1566 3361 1620 διὰ
3385 1567 3478 1620 τοῦ
3505 1569 3820 1639 μεταλαχεῖν

2237 1653 2407 1721 ,ἁγίου
2451 1653 2786 1723 Πνεύματος,
2827 1654 3204 1725 ἐμπλησθῆναί
3237 1674 3293 1709 τε
3327 1656 3433 1709 τῶν
3468 1658 3627 1728 ἱερῶν
3658 1659 3818 1712 αὖτοῦ

2251 1744 2627 1814 χαρισμάτων,
2658 1745 3050 1817 σκευοφοροῦσι
3073 1747 3213 1817 Θεῷ.
3247 1749 3355 1800 Καὶ
3380 1748 3568 1800 τίναδέ
3602 1751 3814 1819 τρόπον.

2250 1835 2448 1899 διδάξει
2481 1836 2654 1904 λέγων
2682 1839 2711 1888 6
2745 1838 3019 1905 πάνσοφος
3051 1837 3290 1900 Παῦλος·
3321 1856 3340 1888 ι
3380 1839 3698 1893 Ἐνδύσασθε
3732 1842 3817 1910 τὴν

575 1937 765 1990 bentes
823 1937 961 1990 hanc
1012 1945 1340 1991 armaturam
1395 1938 1742 2008 intelligentia
1802 1949 2142 2008 perceptam,

2252 1927 2551 1980 πανοπλίαν
2586 1927 2680 1978 τοῦ
2709 1925 2868 1979 Θεοῦο
2911 1926 3047 1996 αὕτη
3079 1927 3134 1978 δέ
3174 1929 3319 1980 ἐστιν
3352 1930 3380 1981 6
3417 1928 3600 1999 θώραξ
3629 1932 3728 1999 τῆς
3751 1932 3815 1983 δι-

573 2026 842 2080 obsistunt
864 2026 1099 2092 Satante,
1121 2026 1344 2095 ejusque
1377 2029 1743 2084 adversatttur
1769 2030 2144 2100 potestatibus,

556 2131 638 2170 ac
675 2117 996 2186 prmsultant
1038 2117 1455 2187 quodammodo,
1482 2129 1535 2176 et
1561 2133 1686 2175 snas
1719 2120 1925 2175 animas
1966 2128 2138 2189 prote-

489 2270 492 2274 I
554 2218 728 2276 -gunt,
769 2209 1097 2280 populosque
1125 2226 1236 2266 sua:
1257 2212 1439 2266 manui
1474 2211 1717 2266 subditos
1747 2219 2092 2281 propugnant
2129 2227 2146 2265 :

557 2299 677 2352 “hoc
706 2308 788 2352 est
825 2299 968 2354 enim
993 2315 1186 2356 munus
1222 2311 1276 2357 et
1303 2303 1465 2357 statio
1498 2301 1717 2357 ducum.
1769 2301 1963 2356 Verum
2025 2318 2147 2357 cum

553 2387 722 2442 “exire
763 2387 828 2441 de
854 2391 1028 2443 medio
1047 2389 1163 2456 ejus
1200 2391 1497 2462 praecipiat,
1521 2392 1630 2447 ait:
1654 2391 1768 2446 Non
1799 2393 2014 2447 exibitis
2028 2407 2149 2447 cum

555 2479 845 2534 tumultu:
887 2494 1062 2547 neque
1104 2482 1224 2550 fuga
1266 2482 1434 2536 ibitis.
1467 2481 1577 2537 Nec
1598 2483 1741 2537 enim
1770 2483 1924 2551 quasi
1953 2483 2154 2553 fugien-

552 2582 655 2628 ~tes
677 2584 730 2628 et
763 2573 1034 2640 timentes,
1066 2575 1133 2627 ab
1163 2574 1353 2628 ordine
1381 2572 1610 2628 Judaico
1646 2574 1901 2629 recedere
1963 2573 2148 2641 prazci-

573 2663 670 2731 pit,
699 2664 790 2718 sed
817 2664 997 2733 quiete
1025 2664 1224 2733 potius,
1247 2675 1297 2718 et
1330 2664 1480 2731 quasi
1518 2663 1840 2718 auctoritate
1879 2663 2150 2731 praeditos,

565 2753 718 2808 velut
752 2757 1117 2811 detrectantes
1137 2770 1260 2810 cum
1291 2755 1376 2812 his
1410 2757 1543 2812 adeo
1595 2755 1888 2825 inquinatis
1922 2755 2148 2820 versari,

555 2845 1039 2915 ~eteumprofanis
1079 2861 1143 2900 ac
1198 2835 1458 2915 improbis
1517 2847 1913 2902 connumerari.
1965 2847 2146 2914 Itaque

557 2937 682 2989 ait:
716 2934 980 3004 Necul‘uga
1009 2936 1175 2990 ibitis.
1205 2935 1355 3002 Quod
1387 2947 1569 2991 autem
1618 2952 1703 2992 res
1749 2951 1938 2991 eorum
2001 2935 2146 2990 facili

573 3040 732 3080 cursu
761 3027 1073 3096 procedent,
1099 3027 1342 3096 nihilque
1389 3044 1614 3098 prorsus
1643 3037 1896 3082 occurret
1937 3027 2151 3090 durum,

572 3117 654 3170 vel
676 3117 981 3187 abruptum,
1014 3119 1095 3172 vel
1123 3133 1395 3187 a5perum,
1453 3118 1610 3172 tidem
1668 3118 1793 3172 fecit
1859 3117 2150 3184 inquiens:

575 3209 850 3264 Prmcedet
877 3224 971 3264 vos
1006 3209 1284 3273 Dominus,
1326 3220 1380 3262 et
1410 3211 1500 3278 qui
1529 3218 1819 3278 congregat
1859 3222 1960 3262 vos
2015 3207 2154 3261 Deus

2251 2018 2562 2088 καιοσύνηῖ,
2587 2020 2620 2088 ἡ
2667 2017 3068 2088 περικεφαλαία
3102 2017 3196 2070 τοῦ
3245 2019 3534 2090 σωτηρίου,
3565 2022 3594 2072 6
3634 2021 3815 2091 θυρεὸς

2248 2109 2345 2178 τῆς
2368 2108 2620 2170 πίστεως.
2649 2109 2682 2178 ἡ
2716 2107 2958 2177 μάχαιρα
2989 2106 3080 2159 τοῦ
3107 2107 3440 2177 Πνεῦματος,
3464 2110 3493 2161 ὃ
3513 2111 3628 2162 ἐστι
3650 2111 3812 2180 Ῥῆμσ

2249 2196 2404 2250 Θεοῦ.
2438 2215 2456 2247 ι
2489 2196 2708 2267 Ταύτην
2735 2197 2843 2266 γὰρ
2875 2196 3088 2266 ἔχοντες
3117 2196 3214 2266 τὴν
3245 2198 3442 2267 νοητὴν
3476 2203 3810 2269 παντευχίαν,

2251 2288 2609 2356 άντεξάγουσι
2646 2287 2724 2357 τῷ
2755 2288 3002 2358 Σατανᾷ,
3038 2288 3133 2340 καὶ
3183 2289 3304 2351 ταῖς
3331 2291 3428 2342 σὺν
3471 2289 3622 2359 αὐτῷ
3666 2291 3810 2344 δυνά-

2255 2397 2410 2450 μεσιν
2447 2379 2884 2442 άντανίστανται,
2921 2379 3306 2450 προπηδῶντες
3339 2383 3540 2450 τρόπον
3581 2384 3697 2436 τινὰ
3727 2385 3809 2434 καὶ

2254 2473 2682 2543 προασπίζοντες
2714 2471 2822 2524 τῶν
2855 2472 2999 2524 ἰδίων
3031 2471 3218 2542 ψυχῶν
3259 2474 3353 2526 καὶ
3394 2473 3500 2526 τῶν
3539 2474 3644 2526 ὑπὸ
3667 2479 3809 2545 χεῖρα

2251 2563 2395 2618 λαῶν
2411 2579 2424 2593 ·
2444 2563 2583 2632 αὕτη
2610 2563 2720 2634 γάρ
2749 2563 2856 2616 τῶν
2882 2563 3200 2633 ἡγουμένων
3222 2563 3397 2628 τάξις.
3418 2563 3560 2632 Πλὴν
3591 2564 3810 2630 ἐξελθεῖν

2253 2655 2515 2719 ἐπιτάξας
2548 2656 2613 2707 ἐκ
2645 2654 2808 2725 μέσου
2835 2655 3028 2724 αὐτῆς,
3063 2655 3138 2708 Οὐ
3174 2657 3313 2725 μετὰ
3341 2656 3581 2727 ταραχῆς
3613 2656 3808 2721 ἐξελεύ-

2256 2745 2412 2799 σεσθε
2439 2787 2453 2811 ,
2504 2748 2701 2817 φησὶν,
2750 2746 2869 2800 οὐδὲ
2912 2748 3056 2817 φυγῇ
3099 2746 3450 2817 πορεύσεσθε.
3490 2750 3564 2801 υύ
3604 2748 3706 2819 γὰρ
3743 2749 3810 2811 ὡς

2255 2837 2543 2907 φυγόντας,
2583 2839 2747 2909 ἤγουν
2799 2838 3062 2904 δεδιότας,
3118 2839 3226 2893 τῶν
3273 2839 3592 2906 Ἰουδαϊκῶν,
3616 2843 3809 2912 ταγμὰ·

2254 2947 2362 2982 των
2392 2931 2694 3000 άποφοιτᾷν
2721 2932 3019 2995 ἐπιτάττει,
3059 2933 3360 3002 ἀνειμένως
3388 2933 3446 2986 δέ
3488 2934 3680 3004 μᾶλλον
3728 2939 3810 2987 καὶ

2253 3013 2363 3072 οἷον
2397 3018 2482 3070 ἐπ’
2524 3019 2792 3087 ἐξουσίας,
2822 3021 2897 3082 ὼς
2937 3022 3407 3090 παραιτουμένους
3437 3022 3499 3074 τὸ
3527 3024 3808 3077 συνδιαιτᾶ-

2257 3113 2379 3164 σθαι
2413 3110 2588 3164 θέλειν
2631 3115 2744 3173 τοῖς
2773 3111 2916 3165 οὓτω
2972 3091 3426 3184 μεμολυσμένοις,
3468 3115 3560 3169 καὶ
3608 3133 3809 3186 συναρι-

2252 3202 2510 3274 θμεῖσθαι
2563 3203 2808 3274 βεϐήλοις
2839 3205 2934 3257 καὶ
2968 3208 3246 3275 πονηροῖς.
3305 3206 3533 3272 Οὐκοῦν,
3566 3208 3639 3260 Οὐ
3675 3211 3808 3276 φυγῇ

560 3297 757 3352 πιεισιιει.
787 3298 843 3353 Si
900 3299 1039 3354 Deus
1070 3298 1348 3353 uobiscum
1373 3274 1467 3361 sit.
1500 3309 1555 3352 et
1607 3274 1826 3368 praeut,
1887 3297 2014 3367 quid
2068 3308 2151 3352 est

2270 3293 2623 3363 πορεύσεσθε,
2661 3294 2846 3364 φησίν·
2876 3295 2956 3348 ὃτι
2979 3295 3036 3348 δὲ
3068 3296 3164 3349 καὶ
3192 3296 3259 3349 δι’
3284 3297 3582 3368 εὐμαρείας
3612 3298 3722 3366 ἥξει
3753 3300 3809 3350 τά

572 3389 718 3460 quod
755 3403 926 3445 sacra:
963 3393 1362 3460 praedicationis
1401 3391 1566 3463 738
1602 3392 1820 3446 nuntios
1860 3392 2119 3461 impediat
2153 3420 2169 3468 ς

577 3488 686 3540 imo
735 3479 918 3548 quidni
960 3481 1138 3535 omnia
1198 3480 1304 3536 illis
1347 3495 1444 3550 pro
1476 3494 1595 3536 voto
1629 3482 1896 3548 eveniant,
1936 3490 1991 3536 et
2015 3479 2169 3550 piana

569 3567 725 3635 quasi
755 3567 839 3621 via
880 3579 1102 3622 currant
1131 3583 1408 3638 .ptmcones
1435 3575 1460 3626 ?

2271 3385 2571 3454 πράγματα
2612 3387 2812 3451 αὐτοῖς,
2844 3387 2937 3439 καὶ
2970 3387 3120 3442 οὐδὲν
3148 3387 3283 3451 ὅλως
3320 3389 3619 3460 ἀπαντήσει
3659 3390 3807 3459 σκλη·

2278 3476 2391 3546 ρὸν,
2417 3477 2449 3547 ἢ
2473 3476 2771 3548 άναντες,ἢ
2793 3481 2987 3548 τραχὺ,
3033 3480 3520 3551 πεπληροφόρηκεν
3536 3480 3714 3545 είττὼν,
3736 3483 3807 3534 ὅτι

2268 3568 2710 3639 Προπορεύοεται
2743 3569 2898 3639 ὑμῶν
2928 3569 3150 3642 Κύριος,
3177 3573 3268 3624 καὶ
3297 3575 3326 3625 6
3353 3574 3596 3643 συνάγων
3625 3574 3756 3643 ὑμᾶς
3781 3576 3806 3626 6

556 3659 726 3724 τθεός.
741 3661 875 3714 Θεοῦ
895 3662 953 3714 δὲ
978 3664 1225 3726 συνόντος
1254 3664 1349 3716 καὶ
1374 3664 1811 3734 προϐαδίζοντος,
1828 3665 1978 3718 ποῖον
1993 3664 2146 3717 ἔσται
2171 3663 2230 3717 τὸ
2247 3662 2574 3717 κακοποιοῦν
2588 3663 2698 3717 τῶν
2717 3662 2880 3734 ίερῶν
2900 3666 3270 3735 κηρυγμάτων
3294 3667 3420 3730 τοὺς
3445 3667 3802 3736 διακομιστά;;

561 3753 776 3824 ,μᾶλλον
801 3753 992 3818 δὲ-πῶς
1013 3754 1109 3824 οὐχ
1133 3755 1346 3809 ἅπαντα
1366 3757 1548 3820 αὐτοῖς
1569 3757 1635 3810 τά
1663 3758 1782 3810 κατ’
1799 3756 1964 3828 εὐχὴν
1983 3756 2298 3826 ἐκϐήσεται,
2317 3755 2411 3808 καὶ
2437 3754 2525 3808 διὰ
2545 3755 2705 3825 ψιλῆς
2725 3755 2913 3827 ὥσπερ
2937 3755 3057 3810 ὀδοῦ
3087 3757 3419 3828 δραμοῦνται
3437 3758 3802 3829 κηρύττοντεῃ

656 3845 818 3900 Vens.
843 3845 1033 3900 15-15.
1064 3845 1196 3900 Ecce
1219 3847 1474 3916 intelliget
1499 3864 1628 3916 puer
1649 3864 1813 3911 meus,
1841 3857 1888 3900 et
1914 3847 1968 3900 in
1987 3845 2152 3899 altum

553 3934 874 3999 cxtolietur,
902 3943 950 3989 et
979 3933 1149 4005 gloria
1179 3936 1434 4005 afﬁcietur
1465 3937 1633 3991 valde.
1701 3936 2150 4001 Quemadmodum

567 4027 937 4092 obstupescent
981 4041 1137 4092 super
1199 4037 1246 4080 te
1299 4028 1478 4092 multi,
1539 4028 1615 4081 sic
1661 4027 2036 4096 vituperabitur
2091 4027 2155 4080 ab

562 4118 872 4172 ﬂaminibus
901 4118 1229 4187 speciestuo,
1270 4128 1318 4172 et
1359 4119 1528 4188 gloria
1574 4129 1666 4174 tua
1728 4121 1791 4173 ab
1835 4121 2153 4174 hominibus.

568 4208 664 4264 Jta
687 4210 1017 4264 mirabuntur
1043 4219 1216 4276 gentes
1249 4210 1427 4264 multa:
1457 4226 1594 4273 eum,
1624 4221 1670 4264 et
1702 4212 2035 4265 continebant
2070 4227 2149 4266 re-

563 4316 659 4370 «ges
679 4316 925 4356 ossuum.
958 4301 1094 4365 Quia
1122 4299 1306 4370 quibus
1331 4315 1436 4352 non
1462 4310 1535 4354 est
1580 4304 1949 4357 annuntiatum
1979 4306 2044 4357 de
2065 4319 2146 4368 eo,

570 4392 818 4445 uidebunt
847 4429 863 4457 ,
912 4400 959 4444 et
1016 4391 1105 4460 qui
1149 4405 1250 4442 non
1301 4388 1608 4444 audiverunt
1633 4391 1938 4463 intelligent.

647 4559 928 4618 Manifeste
976 4563 1126 4618 hisce
1153 4562 1332 4620 verbis
1361 4566 1426 4620 de
1452 4567 1689 4622 omnium
1729 4578 1968 4623 nostrum
2025 4569 2151 4624 Ser-
2184 4583 2228 4636 ι)

577 4659 760 4705 vatore
780 4651 998 4709 Christo
1027 4654 1167 4708 Deus
1201 4664 1252 4708 et
1292 4655 1446 4712 Pater
1471 4659 1731 4729 loquitur.
1768 4661 1904 4715 Ecce
1956 4661 2152 4716 intelli-

575 4750 664 4813 get
692 4758 824 4813 puer
889 4759 1060 4809 meus,
1111 4747 1327 4816 inquit:
1359 4764 1588 4819 puerum
1648 4751 1936 4819 intelliges,
1983 4753 2148 4808 illium

573 4837 657 4891 vel
681 4851 914 4892 servum.
949 4837 1190 4909 Sumpsit
1212 4841 1354 4896 enim
1383 4841 1614 4898 formam
1637 4844 1779 4900 servi
1817 4843 1959 4898 Deus
2017 4843 2148 4900 Ver-

575 4926 702 4982 bum
729 4937 820 4984 :et
849 4930 1090 4985 omnium
1116 4930 1528 4991 Dominus‘cum
1556 4945 1721 5001 esset,
1750 4936 1816 4991 ad
1841 4936 2149 4992 humanita-

576 5022 646 5078 ti!
679 5023 948 5079 modulum
975 5041 1038 5080 ac
1069 5040 1375 5083 mensuram
1416 5027 1726 5083 descendit.
1784 5047 1803 5080 ι
1845 5027 1957 5082 Non
1997 5029 2141 5083 enim

571 5113 816 5182 rapinam
870 5117 1160 5171 arbitratus
1201 5129 1286 5172 est
1316 5133 1436 5173 esse
1468 5133 1526 5173 se
1557 5118 1818 5188 aqualem
1871 5118 1980 5174 Deo
2009 5137 2023 5173 :
2050 5121 2144 5176 sed

571 5203 800 5259 inauivit
827 5205 1085 5274 seipsutn,
1109 5207 1300 5261 similis
1329 5206 1639 5262 hominibus
1665 5207 1859 5273 factus,
1881 5218 1935 5262 et
1959 5209 2145 5265 habitu

569 5301 821 5364 repertus
856 5307 915 5350 ut
937 5297 1116 5364 homo,
1149 5298 1263 5366 ipse
1291 5313 1350 5353 se
1383 5297 1578 5367 dejecit
1605 5299 1706 5353 “J
1737 5300 1918 5369 Itaque
1933 5302 2146 5370 quando

577 5384 846 5440 metusest
876 5381 1061 5455 homo,
1098 5390 1432 5459 seipsum-ad
1471 5390 1609 5445 hanc
1635 5390 1989 5459 dejectionem
2019 5395 2142 5450 sub-

577 5473 829 5539 mittens,
859 5484 992 5533 tunc
1027 5478 1192 5533 etiam
1225 5488 1416 5535 servus
1445 5479 1620 5537 dictus
1659 5489 1763 5550 est,
1797 5497 1920 5537 cum
1969 5485 2144 5539 servi-

575 5566 677 5622 lem
714 5569 938 5624 formatn
966 5573 1302 5640 sumpsisset.
1336 5571 1769 5644 Sed,lutelliget,
1807 5576 1998 5647 inquit,
2024 5592 2143 5646 pro,

571 5656 762 5713 Omnia
793 5674 916 5714 cum
947 5662 1293 5733 intelligentia
1313 5675 1370 5721 et
1388 5667 1653 5736 sapientia
1673 5669 1855 5723 divina
1889 5679 1943 5725 et
1985 5669 2146 5725 faciet

2334 3843 2480 3897 Ἰδοὺ
2504 3845 2767 3912 συνήσει
2792 3848 2824 3898 ὀ
2849 3845 2991 3910 παῖς
3013 3862 3152 3914 μου,
3174 3847 3272 3900 καί
3302 3847 3692 3914 ὑψωθήσεται,
3711 3849 3800 3898 καὶ

2251 3935 2693 4003 δοξασθήσεται
2734 3936 2991 4006 σφόδρα.
3033 3939 3142 3990 Ὃν
3177 3943 3400 4007 τρόπον
3429 3938 3799 4007 ἐκστήσονται

2251 4029 2351 4082 ἐπὶ
2394 4029 2494 4083 σοι
2530 4029 2768 4092 πολλοὶ,
2809 4029 2997 4095 οὕτως
3025 4029 3314 4096 ἀδοξήσει
3352 4030 3475 4085 ἀπὸ
3503 4029 3796 4098 ἀνθρώπων

2253 4121 2320 4175 τὸ
2347 4118 2506 4188 εἶδός
2533 4137 2668 4187 σου,
2699 4122 2795 4176 καὶ
2823 4123 2860 4189 ή
2887 4122 3036 4187 δόξα
3063 4141 3180 4177 σου
3203 4123 3318 4178 ἀπὸ
3345 4122 3465 4178 τῶν
3483 4122 3798 4190 ἀνθρώπων.

2259 4212 2367 4265 Καὶ
2393 4211 2544 4264 οὕτω
2574 4213 2982 4281 θαυμάσονται
3010 4213 3157 4281 ἔθνη
3187 4215 3391 4268 πολλὰ
3415 4214 3508 4267 ἐπ’
3527 4211 3690 4276 αὐτῷ,
3711 4211 3799 4263 καὶ

2255 4302 2586 4366 συνέξουσι
2617 4302 2900 4368 βασιλεῖς
2917 4305 2982 4357 τὸ
3012 4305 3206 4373 στόμα
3237 4304 3460 4359 αὐτῶν*
3487 4306 3574 4358 ὅτι
3597 4299 3678 4368 οἷς
3699 4302 3796 4353 οὐκ

2255 4393 2560 4464 ἀνηγγέλη
2603 4396 2737 4463 περὶ
2769 4396 2956 4451 αὐτοῦ
3001 4398 3272 4466 ὄψονται,
3305 4397 3402 4451 καὶ
3449 4396 3506 4450 ot
3547 4395 3795 4457 061tde-

2257 4486 2436 4539 κόασι
2465 4486 2870 4552 συνήσουσιν.
3015 4556 3020 4558 _

2342 4579 2667 4647 Ἀναφανδον
2694 4581 2749 4631 ἐν
2779 4579 2986 4643 τούτοις
3008 4581 3132 4641 τοὺς
3168 4578 3407 4650 περὶτοῦ
3442 4579 3647 4632 πάντων
3665 4573 3793 4645 ἡμῶν

2254 4667 2504 4740 Σωτῆρος
2546 4671 2783 4741 Χριστοῦ
2813 4675 3042 4725 ποιεῖται
3071 4671 3262 4740 λόγους
3283 4674 3310 4724 6
3339 4671 3472 4734 Θεὸς
3497 4671 3591 4724 καὶ
3610 4667 3792 4734 Πατήρ.

2263 4758 2392 4812 Ἰδοὺ
2419 4759 2529 4830 γὰρ
2575 4762 2797 4832 συνήσει
2839 4762 2868 4814 6
2909 4764 3041 4825 παῖς
3079 4778 3201 4832 μου,
3242 4760 3410 4830 φησί’
3455 4759 3552 4812 καὶ
3597 4758 3681 4810 τὸν
3712 4753 3791 4823 μὲν

2251 4849 2417 4926 παῖδα
2459 4851 2702 4920 νοήσεις,
2737 4853 2829 4906 τὸν
2858 4852 3015 4919 Υἱὺν,
3058 4853 3226 4924 ἤγουν
3266 4853 3357 4904 τὸν
3393 4850 3598 4904 δοῦλον.
3625 4843 3789 4902 Ἕλαϐι

2250 4941 2360 5013 γὰρ
2391 4941 2579 4997 δούλου
2625 4944 2840 5016 μορφὴν
2879 4944 3012 5004 Θεὸς
3055 4943 3130 4998 ὢν
3171 4946 3200 4997 6
3246 4943 3444 5011 Λόγος,
3486 4944 3579 4997 καὶ
3623 4939 3789 5009 Κύριυιῖ

2249 5034 2468 5107 πάντων
2516 5033 2614 5099 ὢν,
2646 5038 2762 5099 τοῖς
2812 5037 2911 5106 τῆς
2958 5035 3376 5107 ἀνθρωπότητος
3422 5034 3689 5106 ἐμϐέϐηκε
3720 5028 3786 5100 μὶ·

2241 5100 2412 5195 τροις.
2447 5145 2471 5189 ς
2512 5125 2587 5179 Οὐ
2636 5124 2748 5196 γὰρ
2794 5100 3090 5197 ἁρπαγμὸν
3153 5100 3396 5198 ἡγήσατο
3437 5100 3504 5180 τὸ
3545 5100 3679 5179 εἶναι
3726 5123 3787 5176 is:

2245 5215 2384 5285 Θεῷ,
2420 5215 2535 5269 ἀλλ’
2571 5217 2764 5270 ἑαυτὸν
2794 5218 3060 5272 ἐκένωσεν
3089 5219 3147 5271 ἐν
3175 5217 3483 5289 ὁμοιώματι
3522 5215 3787 5287 ἀνθρώπων

2250 5309 2563 5379 γενόμενος,
2587 5310 2682 5363 καὶ
2731 5293 2972 5381 σχήματι
3001 5310 3244 5382 εὑρεθεὶς
3281 5310 3354 5373 ὡς
3386 5309 3671 5382 ἄνθρωπος
3697 5310 3790 5360 ἐτι·

2247 5399 2510 5453 πείνωσεν
2552 5400 2763 5454 ἑαυτόν.
2799 5419 2818 5454 ι
2851 5400 3095 5467 Οὐκοῦν,
3148 5402 3238 5455 ὅτε
3281 5401 3503 5471 γέγονεν
3539 5402 3792 5472 ἄνθρωπος

2248 5490 2439 5555 καθεὶς
2479 5492 2671 5546 ἑαυτὸν
2709 5494 2790 5557 είς
2820 5493 3172 5557 ταπείνωσιν,
3211 5494 3330 5547 τότε
3366 5494 3461 5548 καὶ
3500 5492 3685 5555 δοῦλος
3728 5491 3795 5541 ἁν-

2246 5580 2526 5653 εΥκλήτως
2564 5582 2879 5654 ὠνόμασται
2911 5585 2973 5638 τδ
2999 5585 3097 5656 τῆς
3126 5584 3369 5649 δουλείας
3406 5586 3588 5655 σχῆμα
3623 5578 3797 5635 λαϐὼν.

2259 5671 2436 5738 Ἀλλά,
2471 5675 2718 5747 Συνήσει,
2747 5676 2932 5748 φησὶν,
2962 5677 3092 5754 αντὶ
3129 5675 3246 5744 τοῦ,
3281 5677 3466 5730 Πάντα
3517 5671 3656 5746 μετὰ
3693 5683 3799 5722 συνο

645 5827 712 5859 ⁴⁶”
745 5830 862 5885 Gal.
895 5849 975 5896 ιιι,
1004 5835 1114 5888 1-5.
1195 5838 1234 5868 ιι
1263 5839 1394 5908 Eph.
1425 5857 1500 5906 γι,
1525 5844 1610 5900 Η.
1689 5846 1734 5878 ⁸⁸
1763 5846 1992 5916 Philipp.
2023 5863 2087 5914 ιι,
2117 5849 2170 5913 6,
2200 5851 2252 5903 7.
