4096 6212
408 391 544 445 ίι75

1529 390 1604 443 IN
1639 389 1869 444 ISAIAM
1908 390 2038 451 ΜΒ.
2083 391 2145 445 ν.
2189 389 2428 447 Τοιιυδ
2469 390 2531 444 Ι.¹

3513 392 3650 445 ΗΠ

402 504 554 574 φησί,
587 503 648 554 το
680 503 966 572 πρόσωπον
1003 502 1170 572 αὐτῷ.
1208 504 1280 556 T6
1310 504 1389 567 δέ,
1409 504 1838 574 Ἀπέστραπται,
1858 509 1979 561 ἀντὶ

2110 525 2264 564 evcra
2307 511 2604 564 exstitisse.
2640 510 2839 560 Aversa
2889 513 2993 568 est,
3047 507 3235 575 inquit,
3286 507 3452 562 facies
3513 507 3672 573 ejus.-

401 592 516 657 τοῦ,
535 591 918 665 Κατῃσχύνθη,
944 591 1242 663 ἡτιμάσθη,
1275 597 1368 648 καὶ
1395 597 1494 648 οὐκ
1518 597 1787 667 ἐλογίσθη.
1814 598 1983 650 Πιλά-

402 702 493 749 τος
521 685 622 754 μὲν
649 684 758 754 γὰρ
786 684 996 754 ἔπεμψε
1041 685 1132 737 τὸν
1179 681 1384 756 Ἰησοῦν
1419 687 1555 756 πρὸς
1583 687 1675 742 τὸν
1713 688 1980 758 Ἡρώδην·

401 777 429 827 ὁ
474 774 530 828 δέ
565 792 651 843 γε,
684 775 869 844 φησιν,
905 773 1258 844 ἐξουθενήσας
1293 775 1452 828 αὑτὸν
1477 776 1984 846 ἀνέπεμψεναὺτόν.

403 867 476 918 Οὐ
501 867 610 936 γάρ
642 867 923 933 ἐλογίσατο
949 862 1087 920 εἶναι
1110 867 1201 918 τὸν
1232 865 1461 936 Ἰησοῦν,
1485 867 1768 938 τήτιμάσθη
1790 867 1845 920 δὲ
1893 869 1988 921 καὶ

403 957 462 1009 τὸ
525 958 816 1028 πρόσωπον
876 958 1041 1013 αὑτοῦ
1063 997 1078 1022 ,
1154 957 1519 1027 πεμπομένων
1571 957 1811 1026 δηλονότι
1880 957 1988 1010 τῶν

405 1048 759 1119 πτυσμάτων,
791 1049 885 1101 καὶ
907 1048 1348 1102 Δκαταπαιόντων
1375 1047 1538 1100 αὑτὸν
1566 1047 1672 1101 τῶν
1687 1048 1782 1100 τοῦ
1821 1047 1988 1103 Πιλά-

401 1158 495 1194 του
519 1139 886 1210 στρατιωτῶν,
909 1139 1004 1194 καὶ
1027 1139 1294 1207 λεγόντων
1319 1155 1334 1169 ·
1362 1158 1380 1190 ι
1410 1138 1794 1209 Προφήτευσον
1829 1140 1985 1209 ἡμῖν,

405 1233 630 1303 Χριστέ,
662 1230 746 1294 τίς
779 1232 928 1286 ἐστιν
961 1233 988 1285 6
1014 1229 1214 1293 παίσας
1262 1247 1346 1286 σε.
1376 1248 1396 1281 ι
1452 1229 1758 1298 Ἠτιμάσθη
1803 1229 1872 1287 δὲ,
1899 1231 2013 1283 καὶ

405 1325 632 1394 ἑτέρως,
665 1323 762 1387 τᾲς
793 1322 883 1377 διὰ
917 1322 1200 1394 μαστίγων
1231 1321 1416 1384 αἰκίας
1443 1319 1782 1389 ὑπενεγκὼν,
1805 1321 1900 1374 καὶ
1925 1321 1999 1374 τά

407 1419 472 1470 ἐκ
503 1417 608 1470 τῶν
636 1417 926 1489 ὑπηρετῶν
963 1415 1304 1487 ῥαπίσματα.
1353 1416 1496 1485 Ἔφη
1527 1413 1657 1482 γοῦν
1679 1415 1770 1468 διὰ
1811 1415 1994 1484 φωνῆς

419 1508 662 1561 Ἡσαΐου·
707 1526 724 1559 ι
765 1508 868 1562 Τὸν
893 1507 1060 1561 νῶτόν
1097 1525 1196 1578 μου
1213 1507 1419 1561 δέδωκα
1459 1509 1538 1570 εἰς
1564 1506 1852 1577 μάστιγας,
1895 1506 1995 1568 τὰς

407 1599 469 1651 δὲ
487 1598 747 1665 σιαγόνας
780 1615 878 1668 μου
905 1599 984 1660 είς
1023 1597 1365 1668 ῥαπίσματα,
1399 1596 1460 1648 τὸ
1479 1595 1859 1665 δὲ’πρόσωπόν
1893 1612 1994 1666 μου

409 1689 508 1741 οὐκ
529 1688 846 1759 ἀπέστρεῴα
873 1687 982 1741 ἀπὸ
1005 1686 1266 1757 αἰσχύνης
1295 1686 1992 1757 ἐμπτυσμάτων.ιυύκοῦν,

412 1777 487 1840 ὡς
512 1777 670 1847 ἐφην,
701 1778 942 1829 ἐοίκασιν
969 1777 1017 1829 οἰ
1055 1777 1331 1830 θεσπέσιοι
1357 1776 1632 1847 προφῆται
1657 1776 1775 1830 καθ’
1803 1777 1997 1846 ὅρασιν

411 1841 656 1937 δηλονότι
685 1866 782 1936 τὴν
809 1866 895 1922 διὰ
926 1866 1018 1920 τοῦ
1046 1866 1200 1934 ἀγίου
1233 1841 1548 1936 Πνεύματος
1579 1866 1705 1919 ἰδεῖν
1727 1865 1820 1919 τὸν
1839 1841 1994 1929 Ῠίὸν,
2029 1841 2070 1898 Β

415 1958 531 2025 ήτοι
557 1956 618 2008 τὸ
640 1954 808 2010 αὑτοῦ
849 1957 1141 2027 πρόσωπον
1167 1956 1470 2026 κατηφείας
1493 1956 1998 2027 ἀνθρωποπρετιοῦς

415 2045 516 2096 οὐκ
545 2044 986 2113 ἀπηλλαγμένον,
1017 2045 1111 2098 ἅτε
1143 2044 1206 2115 δὴ
1239 2045 1332 2097 καὶ
1357 2044 1707 2114 ἐνεστηκότος
1742 2045 1837 2098 τοῦ
1877 2063 2001 2099 και-

420 2133 536 2204 ροῦ,
573 2133 695 2186 καθ’
731 2133 789 2186 ὃν
833 2135 940 2188 ἔδει
976 2135 1166 2190 παθεῖν
1201 2136 1402 2202 αὐτὸν,
1427 2134 1513 2187 ἵνα
1534 2133 1612 2205 τῷ
1652 2134 1869 2206 θανάτῳ
1899 2135 2001 2205 τῆς

421 2221 556 2284 ιδίας
582 2221 782 2292 σαρκὸς
817 2223 1137 2294 καταργήσῃ
1165 2223 1256 2277 τὸν
1283 2223 1530 2289 θάνατον,
1562 2224 1878 2294 ἀποστήσας
1905 2225 2000 2278 τοῦ
2057 2247 2064 2258 κ

419 2309 624 2381 κόσμου
659 2311 756 2382 τὴν
788 2313 1087 2384 ἁμαρτίαν.

485 2397 673 2471 Οὗτος
696 2403 802 2468 τὰς
821 2404 1110 2472 ἁμαρτίας
1133 2403 1300 2474 ἡμῶν
1322 2406 1506 2475 φέρι-τι,
1547 2408 1650 2462 καί
1677 2407 1810 2476 περὶ
1835 2407 2003 2476 ἡμῶν

418 2489 723 2546 ὀδυνᾶταιν·
747 2494 844 2546 καὶ
868 2493 1040 2561 ἡμεῖς
1088 2493 1485 2564 ἐλογισάμεθα
1529 2497 1715 2550 αὑτὸν
1752 2495 1904 2552 εἴναι
1935 2497 2004 2550 ἐν

420 2584 731 2650 πόνῳγκαὶ
760 2585 831 2637 ἐν
859 2586 1088 2656 πληγῇ,
1129 2587 1229 2640 καὶ
1273 2589 1343 2640 ἐν
1386 2589 1662 2642 κακώσει.
1708 2591 1893 2656 Αὐτὸς
1935 2589 2003 2642 δὲ

422 2671 863 2743 ἑτραυματίσθη
893 2676 991 2728 διὰ
1014 2675 1122 2741 τὰς
1143 2677 1432 2748 ἁμαρτίας
1467 2678 1652 2746 ήμῶν,
1683 2680 1782 2734 καί
1813 2698 2003 2751 μεμα-

420 2764 700 2817 λὰκισται
724 2764 822 2818 διὰ
849 2767 956 2831 τὰς
977 2768 1229 2836 ἀνομίας
1267 2767 1454 2836 ἡμῶν.
1488 2769 1731 2823 Παιδεία
1763 2769 2004 2838 εἰρήνης

422 2853 588 2922 ἡμῶν
616 2855 710 2908 ἐπ’
740 2855 946 2920 αὐτὸν,
975 2856 1048 2922 τῷ
1058 2857 1304 2926 μώλωπι
1327 2859 1513 2913 αὑτοῦ
1535 2861 1709 2928 ἡμεῖς
1736 2860 2000 2929 ιάθημεν.

426 2940 655 3007 Πάντες
687 2943 767 3008 ὡς
797 2946 1060 3011 πρόϐατα
1093 2947 1547 3016 ὲπλανήθημεν·
1595 2950 1904 3018 ἅνθρωπος
1935 2949 2006 3018 τῇ

423 3031 541 3096 ὀδῷ
565 3033 752 3086 αὐτοῦ
785 3034 1120 3104 ἐπλανήθη,
1152 3037 1254 3091 καὶ.
1275 3040 1488 3108 Κύριος
1515 3039 1857 3107 παρέδωκεν
1898 3043 2003 3097 αὑ·

423 3121 530 3174 τὸν
559 3123 684 3188 ταῖς
717 3123 1028 3191 ἁμαρτίαις
1053 3126 1240 3194 ἡμῶν.

511 3212 804 3283 ’Υπέμεινε
833 3215 1084 3285 σταυρὸν,
1115 3218 1377 3286 αἰσχυνης
1401 3218 1817 3288 καταφρονήσας
1841 3218 1869 3268 6
1893 3217 2004 3269 Κύ-

430 3319 542 3369 ριος
568 3304 724 3372 ἡμῶν
766 3304 972 3374 Ἰησοῦς
996 3305 1248 3376 Χριστὸς,
1277 3308 1371 3359 καὶ
1411 3307 1633 3375 γέγονεν
1663 3308 1902 3377 ὑπήκοος
1926 3308 2008 3379 τῷ

430 3394 604 3464 Πατρὶ
642 3393 804 3466 μέχρι
848 3396 1101 3460 Θανάτου,
1150 3395 1244 3449 καὶ
1288 3397 1390 3466 τῆς
1440 3396 1705 3450 Ἰουδαίων
1749 3398 2008 3467 ήνέσχετο

427 3485 765 3551 δυσσεϐείας,
794 3489 904 3552 ἵνα,
935 3486 1009 3547 ὡς
1043 3487 1177 3556 ἔφην
1218 3487 1441 3557 ἀρτίως,
1481 3488 1653 3559 ἀφέλῃ
1683 3488 1776 3542 τοῦ
1802 3490 2006 3560 κόσμου

427 3579 526 3649 τήν
555 3575 854 3647 ἁμαρτίαν,
884 3575 1036 3629 οὐδὲν
1079 3577 1158 3639 εἰς
1206 3575 1364 3628 τοῦτο
1399 3576 1701 3648 κατορθοῦν
1733 3577 2009 3647 ἰσχύοντος

428 3667 522 3721 τοῦ
540 3666 763 3738 νομικοῦ
781 3668 1128 3737 γράμματος,
1152 3665 1270 3724 ἦτοι
1285 3665 1384 3737 τῆς
1402 3666 1540 3720 κατὰ
1563 3668 1722 3738 νόμον
1736 3667 2006 3738 λατρείας.

431 3757 540 3812 Καὶ
585 3757 696 3828 γὰρ
744 3753 812 3829 ἦν
863 3757 1142 3827 ἀμήχανον
1191 3751 1327 3825 αἷμα
1377 3754 1595 3826 τράγων
1649 3757 1740 3808 καὶ
1795 3757 2011 3828 ταύρων

432 3849 688 3920 ἀφαιρεῖν
728 3848 1024 3918 ἁμαρτίας.
1055 3847 1201 3911 Ἐξω
1230 3865 1292 3916 γε
1319 3848 1427 3917 μὴν
1453 3847 1550 3918 τῆς
1576 3847 1748 3919 πύλης
1787 3847 2009 3915 ἔπαθεν,

435 3942 538 4005 ἴνα,
572 3941 647 4004 ὡς
677 3941 705 3992 6
732 3938 946 4002 ῐΙαῦλός
973 3938 1242 4008 φησι,ςδιά
1273 3938 1365 3992 τοῦ
1392 3938 1520 3993 ἰδίου
1544 3941 1777 4010 αἵματος
1807 3942 2012 4014 ἁγιάσῃ

432 4031 522 4082 τὸν
551 4029 677 4082 λαόν
695 4045 707 4058 ο
736 4027 970 4081 πέπονθε
996 4027 1124 4097 γὰρ,
1160 4028 1258 4097 οὐχ
1294 4029 1432 4098 ὺπέρ
1463 4045 1524 4093 γε
1570 4030 1768 4099 μᾶλλον
1796 4031 2010 4096 ἑαυτοῦ,

436 4121 630 4175 πολλοῦ
669 4138 731 4188 γε
760 4121 852 4174 καὶ
883 4119 982 4184 δεῖ,
1013 4118 1127 4174 ἀλλ’
1158 4119 1297 4189 ὑπὲρ
1332 4118 1511 4189 πάσης
1533 4119 1631 4190 τῆς
1652 4122 1742 4173 ὑπ’
1765 4123 2008 4194 οὐρανόν.

436 4210 547 4265 Καὶ
598 4211 934 4280 μαρτυρήσει
980 4207 1206 4277 γράφων
1249 4210 1277 4260 6
1325 4207 1595 4276 πάνσοφος
1631 4211 1841 4276 Παῦλος
1887 4215 2015 4284 περὶ

436 4301 530 4355 τοῦ
564 4301 697 4354 Θεοῦ
723 4302 813 4353 καὶ
840 4299 1074 4371 Πατρὸς,
1102 4300 1180 4351 ὅτι
1226 4319 1243 4350 t
1268 4297 1374 4351 Τοῦ
1410 4299 1538 4356 ἰδίου
1581 4301 1710 4354 Υἱοῦ
1737 4305 1835 4357 ούκ
1863 4304 2013 4372 ἐφεί-

441 4410 590 4457 σατο,
622 4393 736 4444 ἀλλ’
759 4393 898 4460 ὑπὲρ
931 4391 1087 4462 ὴμῶν
1123 4390 1340 4443 πάντων
1371 4391 1684 4462 παρέδωκεν
1714 4394 1894 4459 αὐτὸν,
1931 4396 2014 4448 ἵνα

2089 605 2313 664 Aversa,
2351 618 2468 671 pro,
2506 599 2727 655 confusa
2776 609 2877 660 est.
2915 607 3244 665 contempta,
3274 609 3325 651 et
3362 615 3464 653 non
3493 616 3652 668 repu-

2092 703 2224 750 tata.
2251 693 2451 746 Pilatus
2476 692 2618 745 enim
2652 689 2795 743 misit
2822 687 3003 742 Jesum
3035 688 3101 740 ad
3137 685 3433 753 llerndem;
3462 696 3514 742 at
3544 688 3652 750 ille,

2090 782 2283 851 inquit,
2314 795 2438 836 eum
2469 779 2620 833 nihili
2648 777 2846 832 factum
2881 773 3111 830 remisit.
3145 774 3262 830 Non
3315 776 3460 829 enim
3502 792 3658 845 repu-

2091 874 2224 927 tavit
2248 887 2371 928 esse
2407 870 2614 926 Iesum.
2653 870 2974 938 Contempla
3003 881 3217 937 quoque
3267 868 3366 921 fuit
3414 866 3530 936 ejus
3578 868 3658 922 fa-

2091 963 2221 1028 cies,
2256 961 2518 1030 conjectis
2541 959 2747 1014 scilicet
2773 959 2826 1012 in
2861 973 2982 1012 eum
3022 957 3217 1026 sputis,
3249 965 3302 1010 et
3331 955 3486 1010 Pilati
3520 956 3660 1010 mili-

2093 1054 2232 1108 tibus
2272 1067 2394 1107 eum
2415 1050 2750 1120 pulsantibus
2784 1064 2849 1104 ac
2881 1047 3188 1103 dicentibus
3229 1066 3244 1103 :
3285 1068 3304 1100 ‹
3336 1048 3659 1118 Prophetiza

2093 1143 2271 1206 nobis,
2310 1139 2547 1202 Christe.
2571 1139 2712 1209 quis.
2728 1146 2812 1194 est
2840 1139 2930 1208 qui
2965 1148 3015 1192 te
3051 1137 3313 1206 percussit
3337 1137 3415 1192 ἐἰ
3460 1157 3478 1189 ι
3522 1140 3663 1194 Cou-

2094 1239 2328 1298 temptus
2354 1238 2437 1284 est
2466 1229 2573 1285 alio
2592 1242 2806 1298 quoque
2836 1230 3012 1293 modo,
3039 1230 3266 1284 verbera
3299 1243 3362 1282 ac
3403 1228 3661 1297 supplicia

2094 1322 2336 1386 subiens,
2365 1330 2420 1376 et
2451 1322 2819 1376 ministrorum
2844 1320 3050 1390 alapas.
3081 1319 3358 1390 Siquidem
3384 1321 3666 1375 dixitvoee

2097 1411 2258 1484 7M
2286 1411 2434 1467 Isaia:
2472 1431 2484 1466 :
2527 1431 2545 1463 ι
2577 1410 2810 1482 Tergum
2868 1426 3045 1465 meum
3089 1411 3259 1480 objeci
3309 1411 3623 1465 verberibus
3648 1451 3664 1476 ,

2096 1517 2149 1561 et
2183 1505 2428 1559 maxillas
2455 1521 2605 1560 meas
2635 1506 2838 1574 alapis,
2872 1505 3063 1559 faciem
3101 1514 3280 1558 autem
3336 1518 3508 1558 meum
3561 1521 3665 1557 non

2097 1600 2265 1654 averti
2309 1615 2338 1651 a
2383 1599 2646 1653 dedecore
2692 1611 2972 1668 sputorum
3003 1597 3091 1651 ⁸⁶·.
3136 1615 3154 1648 ι
3193 1597 3382 1651 Vident
3413 1610 3559 1664 ergo,
3609 1607 3669 1650 ut

2099 1693 2228 1756 dixi,
2259 1691 2425 1745 divini
2479 1691 2751 1760 prophetae
2807 1705 2903 1759 per
2949 1691 3237 1752 visionem,
3303 1687 3531 1750 scilicet,
3574 1703 3669 1755 per

2101 1783 2357 1852 Spiritum
2389 1791 2656 1845 sauctmn,
2708 1782 2890 1835 videre
2919 1779 3138 1846 Filium,
3201 1779 3283 1832 vel
3315 1778 3505 1832 faciem
3531 1777 3667 1845 ejus,

2100 1888 2127 1924 a
2166 1871 2382 1924 tristitia
2407 1873 2638 1924 humana
2675 1870 2894 1923 minime
2920 1869 3168 1932 liberam,
3223 1867 3462 1920 instante
3510 1867 3659 1919 uimi-

2099 1977 2217 2016 rum
2254 1971 2496 2028 tempore
2545 1975 2650 2028 quo
2710 1975 2831 2012 cum
2883 1958 2988 2026 pati
3044 1956 3283 2027 oportuit
3329 1972 3342 2007 :
3397 1964 3456 2008 ut
3501 1968 3674 2010 morte

2099 2053 2330 2121 propria:
2362 2052 2541 2107 carnis
2580 2061 2823 2108 mortem
2863 2049 3122 2114 aboleret,
3159 2058 3212 2104 et
3246 2048 3426 2102 mundi
3485 2062 3672 2116 pecca-

2102 2153 2211 2198 tum
2249 2143 2481 2198 tolleret.

2175 2406 2336 2461 Vens.
2379 2406 2500 2460 4-6.
2540 2407 2637 2459 llic
2663 2415 2870 2474 peccata
2899 2417 3075 2462 nostra
3103 2415 3295 2473 portat,
3335 2416 3380 2458 et
3408 2423 3502 2474 pro
3531 2408 3674 2460 nobis

2102 2497 2241 2551 dolet
2271 2513 2289 2551 :
2317 2506 2367 2552 et
2402 2515 2493 2551 nos
2527 2500 2821 2562 putarimus
2850 2498 2999 2551 illum
3039 2498 3094 2551 in
3141 2497 3319 2551 labore
3359 2513 3489 2560 esse,
3527 2508 3573 2550 et
3622 2498 3676 2550 in

2101 2589 2280 2656 plaga,
2305 2601 2352 2641 et
2375 2590 2427 2640 in
2458 2588 2752 2657 amictione.
2779 2587 2897 2655 Ipse
2926 2596 3100 2640 autent
3138 2587 3435 2640 vulneratus
3455 2597 3529 2642 est
3554 2604 3676 2656 pro-

2101 2691 2215 2746 pter
2239 2688 2450 2746 peccata
2476 2689 2679 2742 nostra,
2704 2688 2756 2732 et
2775 2677 3016 2745 inﬁrmus
3040 2677 3210 2745 [nctus
3241 2687 3315 2730 est
3350 2689 3557 2745 promer
3589 2675 3679 2730 ini-

2102 2769 2331 2839 quitates
2372 2780 2600 2823 nostras.
2638 2769 2921 2837 Disciplina
2947 2771 3089 2838 pacis
3114 2779 3313 2829 nostrae
3345 2785 3498 2836 super
3539 2785 3675 2829 ειιιιι,

2106 2861 2268 2913 livore
2295 2858 2410 2927 ejus
2449 2875 2542 2911 nos
2571 2860 2743 2912 sanati
2775 2874 2976 2911 sumus.
3013 2856 3204 2912 Omnes
3230 2868 3286 2910 ut
3331 2874 3443 2911 oves
3477 2859 3678 2911 errati-.-

2108 2965 2223 3004 mus
2252 2963 2271 3002 .'
2295 2950 2448 3002 homo
2478 2950 2530 3002 in
2572 2950 2657 3006 t-ia
2689 2966 2784 3002 sua
2813 2948 3024 3013 erravit,
3059 2959 3105 3002 et
3157 2948 3406 3002 Dominus
3459 2947 3688 3000 tradidit.

2107 3055 2224 3094 eum
2250 3039 2610 3106 iniquitatibus
2643 3041 2877 3099 nostris".

2190 3213 2402 3268 Subivit
2434 3227 2674 3278 crucem,
2709 3212 3002 3282 ignominia
3042 3217 3370 3280 contempta,
3423 3212 3682 3267 Dominus

2117 3313 2300 3359 noster
2322 3303 2480 3359 Jesus
2510 3302 2780 3366 Christus,
2817 3312 2873 3357 et
2893 3305 3070 3357 l'actus
3099 3311 3184 3356 est
3224 3303 3483 3358 obetlieu-s
3537 3301 3711 3356 Patri.

2115 3410 2286 3463 usque
2310 3395 2376 3449 ad
2417 3407 2668 3458 mortem,
2707 3403 2762 3450 et
2793 3393 3102 3449 Judazorum
3145 3394 3474 3463 impietatem
3516 3393 3683 3449 susti-

2117 3484 2252 3547 nuit,
2289 3492 2366 3544 ut,
2401 3483 2856 3550 quemadmodum
2884 3483 2995 3550 jam
3027 3482 3158 3547 disi,
3197 3485 3375 3536 mundi
3409 3494 3684 3550 peccatum
3713 3531 3715 3533 .

2118 3571 2380 3632 auferret,
2415 3584 2536 3624 cum
2566 3569 2698 3623 nihil
2728 3569 2796 3622 ad
2833 3571 2934 3623 hoc
2956 3569 3148 3638 legalis
3185 3570 3380 3626 littera
3417 3571 3500 3626 vel
3529 3595 3541 3601 --
3556 3572 3686 3639 legis

2119 3659 2296 3716 cultus
2315 3662 2661 3730 conduceret.
2696 3659 2804 3721 Nec
2835 3661 2980 3714 enim
3022 3660 3276 3730 possibile
3315 3673 3433 3717 erat
3472 3666 3688 3731 sangui-

2121 3765 2242 3804 nem
2280 3759 2554 3803 taurorum
2589 3759 2644 3804 et
2671 3750 2944 3805 hircorum
2977 3750 3190 3806 auferre
3236 3763 3474 3822 peccata.
3523 3754 3705 3808 ESlt‘u

2120 3849 2334 3909 portam
2355 3853 2550 3907 passus
2581 3847 2686 3903 est,
2712 3849 2790 3904 ut,
2815 3841 2972 3894 sicuti
3001 3841 3198 3898 Paulus
3241 3844 3319 3898 ait
3359 3844 3428 3910 ",
3475 3845 3690 3912 proprio
3719 3885 3722 3888 .

2121 3933 2388 4000 sanguine
2437 3930 2690 4002 pupulum
2729 3931 3142 4004 sanctificat-et;
3169 3949 3360 4002 passus
3417 3946 3500 3990 est
3545 3939 3712 3990 enim.

2121 4041 2226 4078 non
2255 4040 2352 4094 pro
2386 4026 2587 4096 seipso,
2618 4025 2668 4078 id
2698 4023 2840 4078 enim
2868 4022 3027 4093 longe
3057 4025 3206 4080 abest
3236 4041 3266 4079 a
3298 4041 3446 4090 vero,
3471 4027 3565 4080 sed
3597 4041 3720 4095 pro.

2124 4128 2234 4173 tota
2271 4117 2372 4173 sub
2400 4119 2522 4177 eteli
2548 4118 2832 4186 complexu
2859 4119 3111 4174 terra.Et
3134 4119 3507 4175 testiileabitur
3528 4123 3690 4178 etiam

2125 4209 2324 4263 Paulus
2357 4208 2812 4278 sapientissimus,
2847 4209 3094 4264 scribens
3122 4211 3188 4265 tle
3223 4210 3332 4266 Deo
3370 4220 3425 4265 et
3471 4212 3632 4266 Patre
3678 4231 3688 4262 τ

2128 4320 2149 4353 ι
2182 4300 2415 4369 Proprie
2444 4300 2580 4354 Filio
2604 4315 2708 4354 non
2736 4300 3000 4370 pepercit,
3030 4301 3124 4356 sed
3149 4316 3244 4372 pro
3268 4303 3422 4357 nobis
3445 4303 3695 4358 omnibus

2127 4394 2346 4449 tradidit
2374 4409 2518 4458 eum,
2545 4404 2603 4456 ut
2631 4405 2685 4447 et
2710 4408 2832 4448 cum
2851 4393 3154 4462 ipsomnuia
3173 4395 3325 4449 nobis
3352 4395 3651 4450 donaret".
3672 4416 3688 4446 ι
3717 4435 3724 4441 .

423 4484 534 4560 ’καί
555 4483 652 4536 σὺν
683 4482 833 4550 αύτῷ
859 4481 926 4533 τὰ
961 4481 1137 4535 πάντα
1165 4481 1298 4552 ἡμῖν
1332 4483 1642 4553 χαρίσηται.
1671 4502 1690 4534 ι
1722 4487 1828 4538 Καὶ
1852 4487 2006 4550 αὐτὸς

2122 4485 2241 4554 lpse
2300 4486 2426 4539 item
2456 4485 2586 4539 dicit
2627 4499 2721 4552 per
2770 4485 2940 4554 lyram
2992 4484 3191 4540 Psaltse
3251 4487 3317 4541 ad
3375 4485 3592 4541 Patrem
3643 4500 3696 4538 et

437 4575 493 4627 δέ
526 4573 628 4626 πού
661 4590 793 4643 φησι
819 4572 906 4625 διὰ
942 4575 1038 4643 τῆς
1076 4573 1169 4625 τοῦ
1198 4573 1506 4635 Ψάλλοντος
1544 4573 1711 4646 λύρας
1745 4577 1880 4646 πρὸς
1925 4577 2006 4631 τὸν

2122 4576 2290 4632 Deum
2327 4577 2380 4630 in
2412 4576 2568 4636 caelis
2602 4593 2615 4628 :
2657 4594 2687 4628 ι.
2723 4575 3059 4629 Sacriﬁcium
3097 4585 3150 4631 et
3175 4577 3500 4632 oblationem
3528 4577 3696 4632 nolui-

441 4668 498 4717 ἐν
538 4667 648 4726 τοῖς
692 4665 936 4734 οὐρανοῖς
989 4664 1205 4736 Πατέρα
1244 4666 1337 4719 καὶ
1385 4665 1554 4719 Θεὸν·
1617 4687 1634 4717 ι
1663 4666 1865 4721 Θυσίαν
1925 4669 2006 4722 xui

2124 4669 2192 4723 sti
2228 4687 2242 4722 :
2280 4682 2476 4738 corpus
2510 4676 2690 4726 autem
2744 4667 3020 4736 perlbcisti
3075 4669 3226 4723 mihi.
3266 4669 3584 4724 Holocausta
3645 4683 3698 4723 et

440 4754 756 4824 προσφορὰν
797 4756 896 4808 οὐκ
926 4755 1214 4826 ἠθέλησας,
1253 4758 1409 4828 σῶμα
1448 4759 1502 4812 δὲ
1546 4760 1858 4829 κατηρτίσω
1885 4778 2006 4832 μοι.

2126 4775 2223 4830 pro
2254 4768 2481 4829 peccato
2514 4760 2973 4829 non-acceptasti,-
2996 4769 3119 4814 tunc
3142 4760 3251 4815 dixi
3293 4776 3308 4814 :
3350 4762 3488 4816 Ecce
3519 4764 3696 4816 venio.

454 4844 910 4915 Ὀλοκαυτώματα
961 4847 1052 4898 καὶ
1090 4848 1221 4917 περὶ
1255 4848 1522 4919 ἁμαρτίας
1568 4851 1668 4902 οὐκ
1701 4850 2006 4920 εὐδόκησας,

2127 4851 2182 4904 lu
2211 4851 2387 4919 capite
2414 4849 2542 4904 libri
2571 4851 2830 4918 scriptum
2875 4862 2956 4906 est
2999 4853 3066 4908 de
3117 4869 3222 4918 me,
3267 4862 3328 4907 ut
3366 4853 3615 4916 facerem,
3666 4871 3700 4906 0

441 4934 563 4986 τότε
605 4932 755 4989 εἷπον
781 4953 796 4967 ·
855 4937 984 4989 Ἰδοὺ
1015 4938 1153 5007 ήκω.
1207 4938 1295 4989 Ἐν
1321 4939 1566 5007 κεφαλίδι
1595 4940 1797 5008 βιϐλίου
1824 4943 2006 5012 γέγρα-

2125 4942 2286 5005 Deus,
2315 4940 2641 4994 voluntatem
2678 4950 2822 4994 tuam
2847 4942 2990 4996 volui
3029 4944 3097 4994 ⁸³.
3141 4961 3160 4993 ι
3208 4941 3340 4994 Nam
3387 4958 3506 4997 cum
3568 4943 3699 5012 legis

445 5045 574 5081 πται
609 5028 736 5099 περί
761 5029 918 5100 ἐμοῦ,
951 5029 1045 5082 τοῦ
1075 5029 1328 5099 ποιῆσαι,
1348 5032 1376 5083 6
1418 5030 1568 5095 Θεὸς,
1596 5033 1656 5084 τὸ
1686 5033 1899 5104 θέλημά
1931 5051 2006 5085 σοι

2121 5030 2297 5086 cultus
2360 5030 2426 5083 ad
2473 5029 2708 5084 tollenda
2771 5039 2990 5098 peccata
3041 5040 3196 5083 terrae
3253 5029 3443 5104 incolis
3511 5047 3696 5098 parum

440 5117 773 5188 ἠϐουλήθην.
811 5139 829 5169 ι
874 5120 1159 5188 Ἀνονήτου
1198 5119 1305 5189 γὰρ
1330 5118 1496 5189 οὔσης
1524 5122 1634 5182 τοῖς
1668 5122 1758 5173 ἐπὶ
1786 5123 1888 5190 τῆς
1924 5123 2027 5191 γῆς

443 5210 521 5270 εἰς
550 5208 610 5261 τὸ
643 5210 859 5278 ἀφελεῖν
893 5210 1168 5281 ἁμαρτίας
1223 5210 1321 5279 τῆς
1366 5211 1506 5263 κατά
1543 5211 1706 5280 νόμον
1748 5212 2022 5283 λατρείας,

444 5301 676 5371 ἐπείπερ
717 5297 856 5374 ἦσαν
901 5304 1189 5375 ἀϐούλητοι
1220 5302 1298 5373 τῷ
1325 5302 1444 5372 Θεῷ
1497 5302 1774 5372 βουθυσίαι
1823 5321 1880 5355 τε
1927 5305 2018 5356 καὶ

444 5391 736 5460 προϐάτων
773 5395 1001 5462 σφαγαὶ,
1034 5395 1472 5467 προσκεκὸμικεν
1501 5395 1692 5447 ἑαυτὸν
1722 5397 1802 5458 εἰς
1846 5395 2018 5467 ὀσμήν

445 5481 671 5545 εὐωδίας
699 5483 838 5556 ὑπὲρ
870 5485 1028 5554 ήμῶν
1056 5487 1084 5537 ὁ
1116 5485 1285 5555 ἀμνὸς
1315 5488 1342 5540 ὁ
1365 5483 1635 5555 ἀληθινὸς,
1667 5485 1695 5536 6
1729 5484 1899 5556 αἴρων
1925 5487 2020 5556 τήν

447 5574 722 5645 ἁμαρτίαν
740 5576 833 5630 τοῦ
852 5577 1080 5648 κόσμου·
1111 5573 1229 5632 εἶτα
1247 5577 1338 5631 τὸν
1368 5577 1468 5648 τῆς
1497 5577 1697 5650 σαρκὸς
1721 5578 2021 5648 ὑπομείνας

2122 5122 2446 5188 prodesset:
2483 5134 2588 5174 nou
2621 5119 2764 5172 enim
2806 5118 2914 5172 Deo
2962 5117 3246 5187 placebant
3291 5102 3452 5173 boum
3496 5131 3699 5174 macta-

2126 5214 2319 5274 tiones,
2345 5221 2398 5267 et
2416 5212 2594 5266 ovium
2630 5211 2856 5264 laniena:
2889 5229 2902 5263 :
2942 5211 3178 5278 seipsum
3215 5211 3267 5264 in
3303 5210 3524 5264 odorem
3551 5213 3702 5266 ltOt-Im

2127 5302 2436 5374 fragrantia}
2463 5317 2558 5373 pro
2609 5300 2766 5355 nobis
2812 5300 3027 5363 obtulit,
3083 5300 3244 5372 745
3302 5317 3473 5371 agnus
3522 5318 3700 5361 verus,

2127 5394 2220 5462 qui
2252 5393 2390 5448 tollit
2419 5402 2698 5462 peccatum
2747 5391 2928 5445 mundi
2988 5410 3001 5445 :
3054 5391 3248 5446 deinde
3290 5395 3468 5448 carnis
3528 5405 3703 5448 morte

2130 5502 2402 5557 perpessa,
2434 5495 2604 5540 totum
2629 5485 2812 5538 orbem
2840 5485 2940 5538 sub
2963 5485 3087 5540 ραιιί
3137 5487 3419 5556 complexu
3457 5487 3700 5542 liberavit

2130 5589 2185 5636 et
2215 5597 2243 5635 a
2275 5588 2448 5636 morte
2475 5587 2529 5634 et
2563 5592 2591 5630 a
2629 5584 2870 5646 peccato.
2910 5575 3057 5632 Unus
3090 5578 3232 5632 enim
3262 5579 3432 5635 instar
3462 5579 3700 5633 omnium

520 5761 698 5818 "Luc
729 5777 866 5829 xxii,
893 5761 978 5816 (Si.
1058 5761 1120 5793 ”'
1153 5760 1254 5818 lsa.
1287 5779 1338 5829 ι..
1371 5764 1421 5818 Ε.
1502 5766 1542 5796 ⁸⁷
1573 5765 1728 5823 llebr.
1765 5783 1883 5831 xm,
1917 5767 1997 5821 l2.
2043 5766 2046 5772 ’
2082 5766 2125 5797 ⁸⁸
2148 5765 2304 5820 llum.
2336 5781 2450 5832 vni,
2491 5765 2578 5820 52.
2658 5766 2701 5795 ⁸³
2731 5764 2873 5820 Psal.
2919 5779 3104 5827 satis,
3137 5765 3231 5819 7-0
