4042 6200
517 325 653 393 H79

1538 309 1595 365 S.
1639 307 1911 371 CYRILLI
1948 305 2420 365 ΑιῖτιΑΜιιιΝι
2459 307 2783 364 ,ιιιαιιιειδι

3645 303 3853 361 nso

513 444 701 506 silent,
732 446 866 500 etin
909 454 1003 494 eos
1052 436 1142 507 qui
1171 437 1272 491 hoc
1303 434 1504 489 faciunt
1544 447 1650 487 non
1706 430 1968 486 insiliunt.
2004 429 2079 485 Ita

2200 429 2424 482 εναντίον
2450 428 2543 482 τοῦ
2578 430 2850 499 κείροντος
2885 425 3075 492 αὑτὸν,
3107 426 3338 490 ἄφωνκ.
3382 424 3820 495 ’Διτοφέρονται

511 534 765 591 Christus
798 528 1060 584 conviciis
1098 525 1384 596 appetitus,
1413 522 1654 578 convicia
1689 536 1796 575 nou
1837 520 2083 589 regessit,

514 625 726 694 patiens
755 636 862 675 non
892 620 1130 674 minatus
1156 626 1262 683 est,
1314 616 1409 670 sed
1457 613 1604 681 juste
1651 611 1929 680 judieanti.
1962 627 2084 667 rem

514 712 807 769 commisit.
840 711 1039 765 Verum
1075 709 1238 778 igitur
1269 716 1373 769 est,
1408 706 1462 760 in
1494 704 1798 759 humilitate
1821 701 2087 771 judicium

515 805 633 872 ejus
656 802 926 856 sublatum
955 814 1096 855 esse.
1131 797 1267 865 Quia
1302 799 1446 853 enim
1484 795 1590 851 illis
1632 796 1786 849 visus
1827 807 1912 849 est
1958 808 2090 849 con-

518 893 833 964 temptibilis
855 892 1148 963 quispiam,
1186 900 1241 945 et
1275 889 1430 944 valde
1453 888 1742 955 demissus,
1774 885 2088 941 facillimum

516 980 805 1043 calculum,
838 996 933 1035 seu
976 979 1239 1047 judicium
1292 978 1349 1032 in
1403 992 1529 1033 eum
1583 975 1882 1045 proferunt.
1936 973 2091 1042 Quod

517 1074 612 1141 qui
639 1077 738 1127 'em
769 1072 967 1126 faciunt
998 1071 1207 1140 judices
1243 1068 1486 1139 quidam,
1512 1067 1603 1137 qui
1638 1074 1844 1121 exacta:
1868 1076 2089 1122 senten-

523 1165 611 1219 tize
642 1173 693 1219 et
721 1163 962 1219 veritatis
999 1177 1187 1233 parum
1227 1161 1515 1216 admodum
1563 1159 1710 1226 pensi
1762 1157 1983 1224 habent,
2036 1166 2093 1213 et

519 1255 610 1323 qui
638 1268 702 1307 ex
728 1267 955 1322 persona
984 1252 1160 1322 potius
1189 1265 1350 1319 quam
1390 1263 1455 1304 ex
1506 1248 1660 1302 factis
1707 1247 1974 1315 jndicaut.
2029 1249 2086 1305 Si

521 1348 666 1400 enim
699 1347 789 1415 qui
831 1346 885 1399 in
910 1345 1170 1413 judicium
1195 1351 1437 1406 vocatur,
1471 1341 1543 1395 sit
1574 1341 1770 1410 aliquis
1804 1341 1859 1394 itt
1892 1342 2094 1396 mundo

523 1438 774 1500 illustris,
806 1436 981 1492 exacti
1011 1446 1066 1490 et
1106 1450 1261 1489 acres
1303 1432 1656 1501 inquisitores
1705 1446 1830 1486 esse
1877 1446 2095 1500 compe-

524 1529 763 1595 ttinntur,
792 1536 848 1582 et
880 1537 989 1581 tum
1018 1527 1182 1581 etiam
1209 1524 1458 1581 fortassis
1486 1523 1700 1578 veritati
1735 1535 2095 1594 repugnantes

524 1621 884 1689 undecunque
912 1619 1136 1679 subsidii
1168 1632 1365 1690 genera
1399 1627 1455 1673 et
1491 1616 1678 1671 auxilii
1707 1625 1976 1670 conantur
1999 1631 2095 1671 ex-

524 1709 787 1781 cogitare.
821 1708 926 1769 Sed
961 1707 1176 1778 ignobili
1207 1708 1458 1777 quopiam
1489 1707 1743 1771 adducto,
1794 1715 1922 1760 tunc
1969 1715 2095 1761 tunc

2189 520 2287 590 μὲν
2307 518 2417 589 γὰρ
2445 520 2528 582 είς
2550 519 2613 572 τὸ
2634 517 2977 588 καθαρθῆναι
3001 515 3144 570 κατά
3171 516 3394 587 καιροὺς
3412 514 3481 569 τὰ
3502 513 3816 586 πρόϐατα,

2186 610 2281 663 καὶ
2310 610 2409 673 τὰς
2447 609 2703 679 κουρίδας
2759 610 2944 672 αὐτοῖς
2994 607 3269 678 μαχαίρας
3314 606 3684 677 ἐπιφέρουσιν
3747 607 3817 657 οι

2187 698 2464 769 ποιμένες.
2490 699 2571 753 Τὰ
2596 699 2671 763 δὲ,
2708 699 2883 752 καίτοι
2910 699 3188 770 πάσχοντα
3218 698 3646 769 (παραψαὺουσα
3677 696 3818 767 γὰρ

2188 789 2300 843 εσθ’
2338 790 2426 843 ὅτε
2460 789 2570 843 τῶν
2600 790 2885 860 δερμάτων
2913 792 2946 861 ή
2982 790 3228 860 μάχαιρα
3252 788 3456 858 λυπεῖ),
3486 787 3653 858 φέρει
3690 790 3816 840 καὶ

2191 882 2392 950 σιωπᾷ,
2422 881 2518 933 καὶ
2567 882 2683 942 τοῖς
2706 878 2865 933 τοῦτο
2902 878 3104 951 δρῶσιν
3157 878 3258 932 οὐκ
3305 876 3566 949 ὲπιπηδᾷ.
3622 877 3813 931 Οὕτω

2189 972 2285 1025 καὶ
2338 973 2368 1024 6
2419 970 2691 1042 Χριστὸς,
2749 970 3158 1042 λοιδορούμενος
3216 966 3319 1023 οὗκ
3376 967 3762 1039 ἀντελοιδόρει
3787 1006 3809 1029 ,
3832 1026 3843 1033 ,

2191 1065 2416 1134 πάσχων
2441 1063 2543 1116 οὐκ
2587 1062 2823 1132 ήπείλει,
2877 1061 3168 1132 παρεδίδου
3216 1060 3275 1114 δὲ
3305 1059 3383 1130 τῷ
3412 1060 3661 1131 κρίνοντι
3706 1059 3811 1111 δι-

2192 1153 2384 1217 καίως.
2427 1153 2648 1225 Ἀληθὲς
2666 1148 2780 1218 οὖν,
2811 1154 2896 1208 ὃτι
2938 1153 3031 1207 Ἐν
3058 1155 3125 1223 τῇ
3150 1151 3481 1211 ταπεινώσει
3527 1150 3562 1222 ή
3598 1151 3809 1221 κρίσις

2192 1245 2355 1300 αὐτοῦ
2393 1243 2556 1318 ήρθη.
2614 1244 2831 1313 Ἐπειδὴ
2883 1243 2995 1316 γὰρ
3039 1241 3218 1307 ἔδοξεν
3267 1238 3408 1295 εἶναί
3457 1257 3542 1303 τις
3592 1240 3809 1302 αὐτοῖς

2192 1338 2435 1407 εὐτελὴς,
2459 1339 2554 1391 καὶ
2578 1339 2636 1390 ἐν
2666 1339 2776 1399 τοῖς
2805 1335 2946 1404 ἄγαν
2975 1335 3314 1406 ὑφειμένοις,
3348 1333 3805 1405 προχειροτάτην

2193 1432 2313 1484 κατ’
2359 1428 2524 1482 αὐτοῦ
2579 1427 2677 1497 τὴν
2734 1426 2934 1498 ψῆφον,
2989 1427 3109 1497 ἦτοι
3161 1426 3364 1497 κρίσιν,
3406 1425 3801 1495 ἐξενηνόχασι.

2195 1519 2374 1588 Δρῶσι
2406 1520 2463 1573 δὲ
2492 1518 2648 1572 τοῦτο
2670 1518 2778 1571 τῶν
2800 1518 3129 1582 δικαζόντων
3153 1518 3318 1582 τινὲς,
3354 1512 3434 1582 οἷς
3474 1517 3663 1585 ὀλίγος
3690 1518 3801 1587 μὲν

2195 1612 2391 1682 κομιδῇ
2423 1611 2524 1681 τῆς
2571 1610 2874 1681 ἀκριϐείας,
2928 1611 3048 1681 ήτοι
3080 1609 3181 1679 τῆς
3228 1609 3506 1679 ἀληθείας,
3534 1612 3565 1663 6
3590 1608 3795 1677 λόγος’

2197 1702 2509 1773 προσώποις
2541 1702 2598 1759 δὲ
2651 1702 2884 1773 μᾶλλον,
2924 1702 2957 1771 ἢ
2996 1704 3109 1764 τοῖς
3151 1702 3398 1770 γεγονόσι
3442 1700 3792 1764 δικάζουσιν.

524 1801 861 1873 praecipites,
880 1800 1111 1864 audaces
1132 1809 1187 1853 et
1227 1800 1343 1854 sine
1374 1800 1716 1855 cunctatione
1739 1797 1910 1862 omni,
1950 1799 2097 1867 capi-

2200 1795 2262 1847 Ei
2298 1794 2396 1863 μὲν
2427 1793 2536 1864 γάρ
2564 1809 2648 1855 τις
2674 1794 2758 1863 εἴη
2798 1792 2909 1845 τῶν
2937 1793 2997 1844 ὲν
3024 1792 3216 1863 κόσμῳ
3240 1790 3505 1862 λαμπρῶν
3533 1793 3565 1844 6
3591 1792 3790 1862 κρινό-

527 1890 689 1944 talem
715 1890 766 1943 in
793 1905 914 1943 eum
951 1890 1133 1953 ferunt
1160 1887 1508 1944 sententiain.
1538 1887 1821 1942 Sublatum
1857 1897 2098 1957 estergo

521 1980 787 2050 judicium
821 1980 937 2048 ejus
963 1980 1014 2033 in
1053 1979 1376 2042 humilitate,
1420 1978 1611 2048 inquit.
1640 1977 1906 2044 Quoniam
1933 1977 2100 2046 igitur

528 2071 675 2124 visus
720 2080 804 2123 est
848 2070 1169 2139 quibusdam
1236 2070 1377 2139 apud
1437 2067 1650 2123 Iudaeos
1702 2068 1783 2122 vel
1812 2067 2101 2136 judicibns

524 2161 682 2229 plane
724 2160 965 2229 humilis,
995 2159 1253 2237 propheta
1297 2157 1478 2212 animo
1518 2156 1913 2225 contemplatus
1952 2157 2103 2210 nubi-

526 2250 694 2309 lilalis
725 2266 845 2320 quae
869 2250 924 2309 in
957 2250 1046 2304 illo
1076 2258 1207 2313 erat,
1239 2249 1669 2320 amplitudinem,
1708 2257 1761 2302 et
1793 2252 1936 2318 quod
1965 2248 2103 2302 Deus

526 2341 687 2401 luerit
718 2342 771 2403 in
802 2341 982 2413 specie
1014 2351 1222 2404 nostra,
1252 2341 1399 2395 visus
1424 2351 1582 2395 terra:
1619 2340 1833 2404 incolis,
1892 2348 2099 2393 tantum

526 2446 632 2487 non
656 2432 833 2501 capite
861 2439 1005 2485 motu
1020 2430 1271 2499 deplorat
1303 2444 1418 2494 eos,
1458 2429 1549 2498 qui
1583 2429 1848 2498 judicium
1882 2426 1933 2481 in
1977 2442 2101 2480 eum

524 2531 853 2587 statuerunt,
877 2531 933 2579 et
965 2509 1138 2589 inquit
1171 2538 1183 2573 :
1217 2518 1636 2587 Generationem
1660 2520 1775 2587 ejus
1802 2517 1921 2585 quis
1944 2531 2103 2572 enar-

527 2614 706 2669 tab‘tt?
736 2611 851 2667 Non
898 2610 1350 2687 elenitn,‘inquit,
1401 2619 1456 2663 ut
1494 2609 1715 2678 putatis.
1759 2620 1947 2662 contra
1991 2607 2105 2678 ple-

526 2704 704 2761 beium
741 2715 795 2760 et
840 2704 998 2761 vilem
1050 2704 1325 2769 hominem
1376 2701 1515 2763 duri
1547 2710 1602 2756 et
1675 2701 1844 2771 iniqui
1891 2700 2103 2770 judices

524 2794 820 2852 exstitistis
852 2815 865 2851 :
893 2796 986 2850 sed
1031 2796 1085 2854 in
1122 2810 1246 2850 eum
1281 2791 1668 2866 potius,.cujus
1697 2794 2117 2862 generationem.

527 2878 613 2935 vel
643 2888 822 2942 ortum
855 2878 998 2941 nulla
1027 2878 1179 2935 vobis
1213 2879 1485 2947 explicare
1523 2886 1699 2947 potest
1747 2877 1947 2933 oratio.
1996 2876 2104 2932 Du-

2204 1904 2381 1955 μενος,
2404 1884 2651 1957 ἀκριϐεῖς
2678 1884 2787 1939 τῶν
2814 1885 3155 1956 πραγμάτων
3185 1884 3472 1951 ἐξετασταὶ
3496 1884 3762 1955 εὑρίσκον
3774 1914 3803 1933 ο.

2198 1996 2311 2040 ται,
2333 1978 2476 2047 τάχα
2515 1994 2616 2029 που
2649 1976 2744 2030 καὶ
2775 1975 2899 2029 τότε
2925 1978 2992 2046 τῇ
3024 1974 3254 2047 ἀληθείᾳ
3303 1976 3597 2046 μαχόμενοι
3618 2016 3635 2037 ,
3689 1974 3789 2025 καὶ

2200 2071 2434 2141 τρόπους
2466 2068 2783 2141 ἐπικουρίας
2811 2068 3057 2139 ἀνευρεῖν
3078 2067 3426 2139 πειρώμενοι⁸
3476 2065 3789 2138 ἀσήμου-δέ

2200 2178 2344 2225 τινος
2363 2158 2929 2233 προσκεκομισμένου,
2972 2159 3094 2213 τότε
3138 2158 3226 2229 δὴ,
3271 2158 3392 2212 τότε
3422 2158 3646 2231 θερμοὶ,
3694 2160 3785 2211 καὶ

2202 2251 2457 2324 θρασεῖς,
2516 2252 2612 2305 καὶ⁸
2672 2250 2989 2305 ἀοκνότατοι
3039 2249 3181 2314 λίαν,
3238 2249 3331 2303 καὶ
3380 2249 3480 2320 τὴν
3518 2250 3613 2303 ἐπὶ
3672 2251 3786 2310 τοῖς

2202 2341 2451 2411 ἐσχάτοις
2480 2340 2646 2395 αὑτοῦ
2676 2341 3043 2411 καταφέρουσι
3081 2338 3284 2410 ψῆφον.
3328 2339 3506 2410 Ἠρθη
3535 2340 3717 2393 τοίνυν
3748 2342 3782 2407 ή

2202 2434 2383 2506 κρίσις
2410 2434 2578 2489 αὐτοῦ
2618 2435 2675 2487 ὲν
2700 2435 2767 2503 τῇ
2786 2430 3115 2486 ταπεινώσει
3144 2428 3529 2500 αὐτοῦ,φησίν.
3559 2430 3784 2501 Ἐπειδὴ

2201 2525 2257 2577 δὲ
2285 2525 2420 2588 ὅλως
2445 2523 2591 2589 ἐδοξέ
2622 2538 2766 2575 τισιν
2796 2516 2936 2575 εἶναι
2974 2522 3144 2592 παρὰ.
3176 2523 3292 2583 τοῖς
3326 2520 3625 2584 Ἰουδαίοις,
3660 2522 3782 2592 ἦτοι

2201 2620 2314 2680 τοῖς
2369 2617 2640 2687 κρίνουσι,
2698 2614 2974 2678 ταπεινὸς,
3008 2615 3268 2686 ἐννοήσας
3300 2615 3329 2668 6
3362 2615 3650 2685 προφήτης
3684 2617 3784 2686 τῆς

2204 2707 2431 2776 ἐνούσης
2463 2705 2716 2769 εὐκλείας
2768 2703 2917 2774 αὺτῷ
2946 2705 3023 2758 τὸ·
3042 2705 3362 2777 περιφανὲς,
3413 2704 3508 2757 καὶ
3536 2706 3620 2757 ὅτι
3652 2705 3781 2768 Θεὸς

2201 2795 2292 2871 ἦν,
2339 2801 2397 2852 ὲν
2427 2798 2560 2852 εῖδει
2591 2796 2670 2868 τῷ
2715 2797 2840 2852 καθ’
2893 2798 3038 2869 ἡμᾶς
3071 2796 3349 2868 ὁρώμενος
3400 2796 3648 2860 τοῖσέπὶ
3690 2798 3782 2866 τῆς

2204 2892 2326 2963 γῆς·
2359 2890 2642 2962 μονονουχὶ
2673 2889 2956 2943 κατασείει
2983 2889 3081 2958 τὴν
3132 2887 3394 2958 κεφαλὴν,
3430 2888 3525 2941 καὶ
3565 2888 3777 2940 κατολοο

529 2970 745 3040 pliciter
795 2981 974 3027 autem
1010 2972 1113 3026 boe
1151 2970 1435 3040 intelliges.
1484 2967 1656 3031 Natus
1707 2977 1793 3025 est
1851 2970 1994 3024 enim
2038 2983 2100 3024 ex

2205 2982 2436 3055 φύρεται
2470 2984 2596 3046 τοὺς
2624 2981 2722 3052 τήν
2779 2980 2866 3034 ἐπ’
2920 2979 3073 3051 αὐτῷ
3115 2981 3299 3052 κρίσιν
3354 2981 3660 3051 ὁρίσαντας,
3693 2981 3781 3033 καί

528 3063 641 3119 Deo
673 3074 728 3121 et
758 3063 917 3119 Patre
969 3066 1113 3120 Deus
1144 3064 1380 3119 Verbum
1414 3080 1428 3118 :
1467 3071 1522 3118 et
1557 3060 1855 3119 nativitatis
1890 3062 2102 3126 modus,

529 3169 632 3211 nec
661 3156 912 3210 oratione
945 3154 1105 3218 valet,
1143 3171 1242 3209 nec
1288 3152 1639 3221 intelligentia
1699 3152 2103 3221 comprehendi.

530 3245 646 3301 Non
673 3247 818 3300 enim
848 3244 1201 3314 corporaliter
1225 3243 1402 3317 748,
1423 3243 1761 3313 genitnsest,
1786 3247 1879 3299 sed
1917 3252 1975 3297 ut
2012 3259 2109 3298 na-

535 3346 668 3389 turae
696 3334 797 3390 sub
824 3333 1229 3404 intelligentiam
1262 3333 1477 3389 cadenti
1507 3344 1561 3389 et
1602 3336 1940 3406 incorporea:
1975 3352 2104 3392 con-

529 3426 702 3483 venit.
740 3426 854 3480 Lux
884 3426 1029 3481 enim
1064 3426 1393 3495 resplenduit
1422 3426 1492 3483 de
1521 3426 1661 3491 luce,
1692 3437 1747 3483 et
1769 3429 1878 3483 vita
1907 3443 1972 3483 ex
2001 3429 2107 3483 vita

528 3527 683 3575 ortus
712 3528 813 3574 est.
858 3516 921 3571 Et
953 3517 1196 3585 genitum
1237 3532 1359 3575 esse
1387 3533 1533 3583 vere,
1565 3518 1962 3581 exsubstantia
2013 3518 2106 3576 Dei

528 3624 594 3665 ac
614 3606 810 3673 Patris,
838 3606 1055 3662 indubie
1082 3608 1392 3665 credimus:
1448 3617 1504 3669 at
1531 3608 1822 3677 quomodo,
1867 3624 1972 3663 non
2027 3617 2110 3664 est

530 3699 808 3753 facultatis
840 3708 1068 3765 nostra},
1103 3699 1189 3753 vel
1222 3701 1547 3770 exprimere,
1578 3700 1663 3759 vel
1688 3701 1946 3770 cogitare.
2002 3700 2107 3759 Sed

531 3805 654 3854 cum
683 3799 827 3846 esset
854 3800 1044 3846 natura
1080 3791 1240 3856 Deus,
1271 3806 1333 3846 se
1363 3791 1479 3861 ipse
1522 3791 1758 3857 demisit,
1794 3800 1853 3846 ιιι
1895 3801 2111 3863 propter

532 3897 629 3937 nos
656 3882 1079 3938 exinanitionem
1116 3890 1414 3954 pateretur,
1438 3898 1501 3938 ac
1530 3884 1672 3940 servi
1707 3884 1934 3941 formam
1961 3898 2110 3939 sum-

446 4030 457 4041 _
532 3973 665 4043 psit,
687 3983 742 4028 et
766 3973 916 4028 nasci
955 3973 1021 4028 de
1065 3973 1292 4029 muliere
1328 3973 1622 4031 secundum
1673 3989 1891 4033 carnem
1944 3975 2107 4031 susti-

534 4066 676 4132 nuit,
700 4082 806 4123 non
835 4052 1085 4121 humana:
1116 4074 1294 4122 tamen
1336 4065 1638 4125 nativitatis
1680 4066 1839 4137 leges.
1870 4076 2107 4125 secutus.

532 4154 649 4213 Non
684 4157 829 4212 enim
856 4173 922 4212 es
955 4158 1072 4213 viro
1105 4166 1160 4211 et
1194 4156 1418 4212 muliere
1443 4166 1597 4212 ortus
1625 4166 1763 4222 erat,
1796 4158 1890 4219 sed
1919 4158 2109 4228 mysti-

531 4261 628 4302 cus
657 4246 836 4316 potius
856 4255 913 4302 et
954 4247 1292 4317 peregrinus,
1339 4257 1403 4303 et‘
1445 4263 1608 4319 supra
1661 4264 1781 4317 nos,
1830 4264 1896 4305 ac
1943 4263 2111 4319 prope

532 4337 935 4394 inenarrabilis.
974 4338 1189 4395 Dictum
1234 4338 1380 4392 enim
1427 4348 1512 4393 est
1561 4350 1764 4395 sancta)
1826 4338 2035 4410 Virgini
2093 4358 2106 4395 :

2131 3109 2174 3167 ϐ
2208 3090 2376 3146 φησι·
2428 3074 2541 3145 Τὴν
2574 3073 2769 3143 γενεὰν
2820 3072 2986 3127 αὐτοῦ
3038 3073 3124 3137 τίς
3170 3073 3519 3167 διηγήσεταις
3559 3073 3645 3167 ΟιῖιΔ
3675 3073 3782 3143 γὰρ

2207 3164 2353 3229 κατά
2376 3164 2469 3218 τοῦ
2492 3164 2766 3235 τυχόντος,
2795 3164 2991 3235 φησιν,
3014 3164 3091 3228 ὡς
3126 3162 3258 3233 γοῦν
3288 3162 3526 3235 ᾠήθητε,
3562 3162 3781 3235 σκληροὶ

2209 3256 2305 3310 καὶ
2336 3256 2513 3310 ἄδικοι
2541 3256 2803 3325 γεγόνατε
2829 3256 3106 3323 δικασταί’
3136 3256 3289 3311 ικατά
3323 3256 3518 3311 τούτου
3548 3256 3621 3309 δὲ
3653 3257 3779 3327 μᾶλ-

2208 3346 2319 3413 λον,
2343 3339 2405 3399 οὗ
2433 3348 2534 3418 τὴν
2554 3348 2767 3415 γενεὰν,
2787 3347 2905 3418 ήτοι
2930 3348 3031 3418 τὴν
3057 3348 3332 3418 γέννησιν,
3358 3346 3537 3413 οὐδεὶς
3564 3346 3630 3400 ἃν
3656 3348 3787 3417 ἡμῖν

2207 3437 2659 3511 διερμηνεῦσει[ε]
2676 3439 2851 3507 λόγος.
2867 3440 3003 3511 Διχῆ
3013 3439 3075 3492 δὲ
3086 3439 3247 3492 τοῦτο
3266 3441 3501 3509 νοήσεις.
3526 3440 3772 3510 Γεγὲννη-

2209 3547 2298 3584 ται
2319 3530 2417 3601 μὲν
2432 3530 2541 3601 γὰρ
2563 3530 2784 3596 ἐκιβεοῦ
2806 3531 3018 3600 [ἰατρὸς
3044 3529 3176 3594 Θεὸς
3199 3530 3273 3591 ὢν
3294 3530 3538 3598 ὁ,Λόγο;,
3557 3532 3785 3602 ἀρρητο;

2207 3619 2265 3677 δὲ
2289 3619 2382 3675 καὶ
2402 3618 2759 3690 ἀπερινόητος
2780 3618 3059 3683 παντελῶς
3073 3620 3101 3672 6
3119 3620 3218 3690 τῆς
3237 3623 3549 3689 γεννήσεως⁸
3568 3621 3783 3688 τρόπος.

2210 3710 2287 3765 06
2324 3710 2433 3780 γὰρ
2464 3710 2608 3763 κατά
2636 3709 2794 3781 σῶμα
2820 3710 3062 3780 γέγονεν,
3118 3711 3234 3764 ἀλλ’
3262 3710 3339 3775 ὡς
3379 3711 3448 3771 ἂν
3486 3712 3688 3785 πρέποι
3723 3714 3785 3781 τῇ

2210 3801 2371 3871 νοερᾷ
2405 3818 2464 3854 τε
2517 3802 2613 3854 καὶ
2640 3802 2923 3873 ἀσωμάτῳ
2953 3801 3132 3869 φύσει.
3177 3800 3297 3865 Φῶς
3357 3808 3465 3873 γαρ
3495 3801 3787 3871 ἐξέλαμψεν

2212 3893 2287 3946 ἐκ
2309 3891 2509 3961 φωτὸς,
2553 3892 2725 3962 ἀνέφυ
2767 3892 2823 3946 δὲ
2868 3893 2964 3947 καὶ
2985 3892 3099 3964 ζωὴ
3155 3894 3218 3946 ὲκ
3248 3893 3414 3964 ζωῆς·
3451 3893 3548 3945 καὶ
3585 3894 3669 3946 ὅτι
3694 3894 3787 3962 μὲν

2212 3978 2476 4050 ἐγεννήθη
2500 3979 2642 4043 κατὰ
2670 3978 2927 4051 ἀλήθειαν
2959 3983 3023 4033 εκ
3060 3980 3161 4050 τῆς
3185 3980 3371 4043 οὐσίας
3409 3980 3501 4033 τοῦ
3534 3980 3669 4033 Θεοῦ
3700 3998 3785 4034 και

2213 4071 2449 4143 Πατρδς,
2473 4070 2864 4137 ἀνενδοιάστως
2887 4071 3233 4143 πιστεύομεν·
3269 4071 3330 4125 τὸ
3355 4072 3414 4126 δὲ
3436 4072 3603 4135 ὅπως,
3621 4074 3789 4124 εἰπεῖν

2215 4160 2248 4232 ἢ
2274 4164 2415 4216 νοεῖν
2442 4162 2545 4216 οὐκ
2575 4162 2713 4217 ἐστι.
2749 4162 2880 4227 Θεὸς
2903 4163 2961 4217 δὲ
2995 4164 3072 4218 ὢν
3108 4164 3289 4233 φύσει,
3336 4164 3573 4234 καθῆκεν
3604 4167 3788 4219 tam?»

2214 4253 2293 4314 είς
2325 4253 2387 4306 τὸ
2418 4252 2635 4307 ἑλέσθαι
2664 4253 2865 4315 ,παθεῖν
2892 4253 2959 4306 δι’
2985 4256 3132 4324 ἡμᾶς
3178 4256 3276 4325 τὴν
3306 4254 3556 4309 κένωσιν.
3595 4256 3789 4308 Ἕλαεε

2214 4341 2271 4399 δὲ
2293 4341 2483 4397 δούλου
2526 4342 2763 4415 μορφὴν,
2796 4344 2891 4398 καὶ
2933 4344 3197 4415 ὑπέμεινε
3241 4345 3493 4415 γέννησιν
3523 4344 3623 4416 τήν
3656 4363 3789 4398 κατ)

538 4427 830 4505 «περίτὶιιιε
860 4437 1080 4483 sanctus
1114 4428 1457 4498 superveniet
1489 4429 1541 4483 in
1586 4440 1655 4494 te,
1690 4438 1745 4486 et
1789 4430 1962 4486 virtus
2010 4430 2100 4486 Al--

2202 4430 2392 4513 ‘ca'pxa
2415 4432 2478 4484 ὲκ
2505 4431 2781 4500 γυναικὸς,
2835 4432 2897 4484 οῦ
2937 4435 3050 4496 τοῖς
3071 4432 3170 4503 τῆς
3202 4431 3548 4503 ἀνθρωπείας
3581 4433 3787 4501 φύσεω,

522 4516 725 4593 tissimi
753 4518 1101 4575 obumbrabit
1132 4522 1247 4577 tibi.
1298 4521 1422 4576 ldeo
1455 4521 1593 4591 quod
1642 4531 1822 4577 natum
1858 4530 1942 4576 est
1977 4539 2105 4577 san-

532 4616 701 4667 ctum.
749 4608 1028 4661 vocabitur
1054 4608 1224 4663 Filius
1257 4609 1350 4663 Dei
1381 4610 1448 4663 “.
1489 4627 1508 4661 ι
1543 4609 1810 4674 Quoniam
1860 4625 1990 4667 vero
2017 4626 2106 4668 su-

531 4708 627 4764 pra
660 4704 864 4750 naturte
897 4713 1008 4752 suae
1038 4700 1402 4754 conditionem
1447 4701 1549 4756 hoc
1586 4702 1823 4756 carnalis
1853 4703 2106 4757 nativita-

533 4786 599 4841 tis
628 4783 744 4852 ejus
770 4788 1086 4860 mysterium
1118 4789 1317 4844 factum
1361 4805 1483 4846 esse
1521 4794 1778 4857 creditur,
1817 4803 2099 4863 propterea

527 4877 665 4934 dicit
686 4879 949 4948 propheta
982 4897 997 4935 :
1026 4880 1441 4938 Generationem
1471 4882 1590 4953 ejus
1626 4884 1748 4952 quis
1795 4886 2105 4940 enarrabit?

526 4968 664 5036 Quia
700 4969 905 5025 tollitur
934 4969 1000 5024 de
1031 4979 1173 5025 terra
1207 4972 1315 5027 vita
1342 4972 1481 5040 ejus.
1516 4974 1769 5038 Tollitur,
1812 4976 1963 5040 dicit,
2006 4993 2103 5046 pro

525 5062 814 5126 attollitur,
844 5070 900 5117 et
932 5063 1039 5119 vita
1072 5062 1190 5132 ejus
1225 5067 1458 5119 terrenis
1483 5066 1790 5122 hominibus
1822 5077 1905 5120 est
1935 5069 2102 5123 subii-

528 5154 689 5222 ntior,
721 5153 774 5209 id
802 5162 909 5218 est,
943 5155 1285 5210 conversatio
1310 5165 1364 5209 et
1388 5155 1505 5223 ejus
1537 5156 1589 5210 in
1625 5171 1789 5213 carne
1834 5158 1963 5214 vita.
1996 5159 2101 5214 So-

528 5246 615 5313 lus
641 5246 785 5302 enim
812 5262 879 5303 ex
910 5247 1182 5311 omnibus,
1214 5246 1316 5302 etsi
1361 5256 1556 5302 nostra:
1581 5249 1908 5303 conditionis
1942 5251 2104 5305 homo

528 5335 676 5402 visus
706 5338 800 5403 sit,
854 5354 962 5394 non
1009 5338 1246 5407 patravit
1284 5346 1584 5409 peccatum,
1628 5354 1803 5409 neque
1857 5342 2104 5396 inretitus

532 5431 613 5485 est
641 5423 796 5492 dolus
824 5427 877 5483 in
909 5443 1003 5482 ore
1039 5429 1174 5496 ejus,
1205 5442 1330 5482 eum
1352 5428 1662 5484 mortalium
1689 5429 1742 5484 in
1771 5439 1913 5486 terra
1943 5447 2102 5488 nemo

498 5516 632 5571 ~hoc
658 5515 972 5584 perfecerit.
1006 5520 1111 5576 Nec
1154 5520 1299 5576 enim
1346 5520 1488 5577 inter
1532 5537 1632 5579 nos
1683 5524 1968 5594 quisquam
2019 5536 2104 5581 est

597 5697 642 5730 “
680 5697 812 5768 Luc.
833 5714 867 5751 t.
898 5697 984 5763 55.

2210 4523 2587 4594 ἀκολουθήσας
2613 4523 2822 4592 νόμοις.
2849 4523 2924 4577 Οὐ
2959 4525 3068 4597 γὰρ
3093 4525 3155 4590 ἐξ
3184 4526 3398 4596 ἀνδρὸς,
3420 4525 3454 4595 ή
3478 4526 3737 4594 γυναικὸς
3762 4529 3787 4590 ἠ

2212 4612 2457 4683 πρόοδοςο
2497 4613 2753 4685 μυστικὴν
2784 4614 2843 4668 δὲ
2881 4615 3103 4685 μᾶλλον,
3157 4616 3250 4671 καὶ
3308 4616 3467 4684 ξένη,
3522 4617 3620 4669 καὶ
3655 4617 3787 4686 ὑπὲρ

2209 4704 2380 4781 ἡμᾶς,
2416 4705 2512 4756 καὶ
2558 4703 2729 4772 ὲγγῦς
2779 4704 3090 4777 ἀδιήγητος.
3125 4707 3351 4778 Εἴρηται
3377 4707 3485 4778 γὰρ
3512 4708 3649 4779 πρὸς
3698 4708 3786 4776 τὴ»

2211 4795 2370 4862 ἁγίαν
2393 4794 2690 4867 Παρθένον,
2730 4796 2814 4850 ὃτι
2855 4817 2875 4849 ι
2894 4799 3116 4870 Πνεῦμα
3142 4800 3297 4867 ᾶγιον
3322 4800 3675 4852 ἐπελεύσεται
3699 4802 3783 4851 ἐπι

2211 4887 2292 4952 σὲ,
2328 4887 2424 4941 καὶ
2444 4886 2675 4957 δύναμις
2722 4888 2978 4958 Ὑψίστου
3006 4892 3316 4946 ἐπισκιάσει
3352 4883 3455 4948 σοι.
3490 4892 3582 4946 Διὸ
3609 4894 3697 4946 καλ⁵
3728 4893 3787 4943 τὸ

2208 4976 2544 5047 γεννώμενον
2575 4976 2753 5046 ἅγιον,
2811 4978 3142 5057 κληθήσεται
3175 4980 3304 5043 Tib;
3331 4981 3488 5034 Θεοῦ.
3517 5000 3537 5033 ι
3575 4981 3781 5053 Ἐπειδὴ

2207 5069 2271 5131 δὲ,
2321 5070 2416 5122 καὶ
2444 5070 2584 5140 ὑπὲρ
2614 5068 2774 5139 φύσιν
2816 5069 2915 5140 τὴν
2972 5070 3095 5124 καθ’
3134 5073 3284 5143 ἡμᾶς
3335 5072 3652 5144 πεπρᾶχθαι
3699 5091 3781 5125 πιο

2205 5159 2454 5215 στεύεται
2485 5160 2546 5212 τὸ
2565 5160 2663 5230 τῆς
2686 5159 2836 5214 κατά
2872 5162 3052 5232 σάρκα
3082 5164 3388 5233 γεννήσεως
3406 5163 3569 5222 αὑτοῦ
3597 5167 3779 5235 μυστήν

2202 5268 2337 5320 ριον,
2382 5244 2472 5305 διὰ
2519 5252 2675 5306 τοῦτό
2712 5269 2878 5324 φησιν
2919 5256 2947 5306 6
2977 5256 3282 5325 προφήτης,
3313 5257 3398 5309 ὅτι
3449 5256 3564 5326 Τὴν
3589 5256 3774 5324 γενεὰν

2199 5341 2364 5393 αὑτοῦ
2387 5341 2475 5405 τίς
2505 5341 2817 5413 διηγήσεται
2836 5341 2989 5406 ;”Οτι
3005 5343 3219 5414 αἴρεται
3241 5344 3351 5401 ἀπὸ
3376 5343 3474 5413 τῆς
3496 5343 3651 5414 γῆςή
3672 5338 3772 5414 ζωή

2199 5432 2386 5489 αὐτοῦ.
2435 5432 2508 5487 Τὸ
2527 5433 2876 5504 δὲ,,Αίρεται,
2907 5435 3095 5504 φησιν,
3129 5434 3250 5488 ἀντὶ
3290 5434 3410 5498 τοῦ,
3441 5429 3766 5506 Ἐπαίρεται,

2201 5526 2294 5577 καὶ
2328 5524 2632 5596 ὑψηλοτέρα
2668 5525 2775 5577 τῶν
2824 5526 2915 5578 ἐπὶ
2945 5525 3043 5597 τῆς
3079 5526 3181 5597 γῆς
3206 5528 3410 5596 ἐστινὴ
3444 5526 3558 5598 ζωὴ
3580 5524 3777 5590 αὐτοῦ,
