2021 3100
123 185 186 216 “Si

680 184 713 211 IN
733 184 850 213 ISAIAM
870 186 934 212 LIB.
958 186 988 213 V.
1011 186 1131 215 TOMUS
1153 187 1174 213 l.

1679 188 1750 216 “3‘1

119 241 264 267 τουτέστιν
281 241 297 276 ἠ
315 240 434 267 πολιτεία
447 240 493 266 καὶ
516 240 530 266 ὁ
553 241 622 267 κατά
637 240 726 275 σάρκα
741 241 806 276 βίος.
821 242 910 273 Μόνος

981 243 1073 270 mnino
1094 243 1139 278 qui
1164 242 1374 278 reprehensione
1398 248 1500 271 careat.
1526 243 1640 271 Tollitur
1665 245 1747 272 etiam

121 285 176 320 γὰρ
192 285 224 311 ὲκ
240 285 356 314 πάντων,
379 284 466 310 καίτοι
484 284 544 311 καθ’
561 286 636 320 ἡμᾶς
652 284 790 320 ὁρώμενος
804 286 908 320 ἄνθρω-

122 336 185 359 πος,
206 329 256 361 οὐκ
271 328 396 362 ἐποίησεν
409 328 562 363 ἁμαρτίαν,
590 329 649 355 οὐδὲ
674 329 772 364 εὑρέθη
789 330 861 361 δόλος
880 331 909 356 ὲν

122 373 162 407 τῷ
180 373 292 407 στόματι
308 372 402 405 αὑτοῦ,
419 373 506 408 καίτοι
522 374 601 400 τοῦτο
621 374 833 409 κατωρθωκότος
849 375 909 401 οὐδ-

124 417 183 447 ενὸς
198 417 251 442 τῶν
270 416 316 442 ἐπὶ
329 416 379 451 τῆς
396 417 458 452 γῆς·
473 418 623 453 ἀμώμητος
646 418 700 453 γὰρ
722 419 860 450 παντελῶς
881 420 910 445 ὲν

124 464 189 496 ἡμῖν
201 462 297 493 οὐδείς.
310 462 422 497 Αῐρεται
440 462 469 489 δὲ
484 463 530 489 καὶ
543 463 652 498 ἑτέρως,
664 464 711 491 καὶ
726 464 796 500 ὑπὲρ
807 465 910 498 πάντας

125 508 182 548 εστὶ
201 508 263 538 τοὺς
276 507 322 534 ἐπὶ
338 507 387 543 τῆς
407 508 458 543 γῆς
473 509 489 544 ἡ
510 508 577 544 ζωὴ,
591 509 729 536 τουτέστιν
750 511 766 546 ἡ
783 510 899 546 ὕπαρξις

124 553 170 579 τοῦ
187 553 365 587 Μονογενοῦς,
379 554 443 580 ὅταν
460 553 512 586 ἔξω
527 555 618 589 νοῆται
635 555 745 590 σαρκὸς,
767 557 813 582 καὶ
835 556 911 582 οὔπω

125 598 185 638 καθ’
200 598 274 633 ἡμᾶς
291 599 436 634 γενόμενος
461 599 611 634 ἄνθρωπος.
630 598 666 627 Οὖ
688 601 777 627 τοίνυν
793 602 912 636 παράδο-

126 644 170 675 ξος
183 644 229 670 καὶ
243 644 312 680 ὑπὲρ
336 643 415 680 φύσιν
435 645 452 680 ἡ
467 644 537 671 κατὰ
553 645 642 680 σάρκα
661 646 802 682 γέννησις,
819 647 913 672 τούτου

125 685 173 732 καὶ
190 691 207 725 ἠ
232 690 289 725 ζωὴ
305 690 353 716 καὶ
371 691 385 717 ό
412 690 469 724 βίος
498 690 679 726 ὑπερνήχεται
703 692 733 718 τὸ
752 693 849 726 μέτρον
861 691 915 718 τῶν

125 735 172 761 ἐπὶ
183 735 232 770 τῆς
246 735 307 770 γῆς.
330 734 401 761 Ἀλλ’
418 735 512 771 ὥσπερ
527 736 600 768 τινὸς
627 737 695 772 πρὸς
720 737 807 763 ταῦτα
824 737 916 770 λέγον-

126 789 181 811 τος’
201 780 261 812 Πῶς
278 782 292 807 ὁ
312 780 349 816 μὴ
365 780 442 813 είδὼς
461 781 608 816 ἁμαρτίαν,
627 782 727 817 ψήφοις
736 782 916 816 ὑπενήνεκται

127 824 254 857 θανάτου,
266 825 313 851 καὶ
326 825 394 860 μετὰ
407 825 460 852 τῶν
471 826 578 861 ἀνόμων
590 826 715 860 ἐλογίσθη
726 835 733 859 ;
749 827 918 861 Κατακέκρι-

127 879 172 903 ται
188 871 241 906 γὰρ
255 870 292 901 ὡς
306 870 476 906 ἁμαρτωλός·
491 872 631 906 μονονουχὶ
650 872 697 898 καὶ
725 872 917 900 ἀντανίσταται

962 287 1014 314 alio
1032 287 1121 319 modo,
1136 292 1163 314 et
1178 295 1260 321 supra
1275 294 1369 315 omnes
1383 288 1511 315 mortales
1522 292 1564 315 est
1578 288 1642 319 vita,
1658 288 1683 315 id
1695 293 1747 320 est,

964 333 1100 368 Uuigeniti
1114 334 1249 368 essentia,
1258 334 1366 368 quando
1373 339 1449 361 extra
1459 341 1568 361 carnem
1578 334 1746 367 intelligitur,

964 383 991 405 et
1010 383 1156 413 antequam
1170 378 1258 406 iactus
1269 379 1400 406 sithomo
1425 379 1511 406 nostri
1533 379 1639 406 similis.
1667 379 1751 412 Cujus

965 424 1046 458 igitur
1058 424 1197 459 generatio
1212 423 1331 451 carnalis
1347 431 1453 450 ornuern
1477 424 1631 458 opitrionenr
1654 427 1680 450 et
1703 431 1749 449 ua-

967 474 1054 495 tnram
1070 473 1180 502 superat
1197 478 1205 496 :
1223 468 1302 503 hujus
1317 469 1397 496 etiam
1422 470 1475 496 vita
1494 474 1522 496 et
1544 468 1650 495 vivendi
1674 469 1749 495 insti-

967 518 1052 540 tutum
1064 521 1095 541 ac
1106 514 1174 541 ratio
1186 513 1339 541 mortalium
1353 514 1491 541 hominum
1505 522 1658 542 mensuram
1670 521 1750 541 exce-

967 559 1006 586 dit
1022 564 1048 586 et
1072 559 1151 593 longe
1177 559 1343 593 prmeminct.
1370 559 1505 586 Craterum
1538 559 1648 593 perinde
1673 558 1749 592 quasi

967 608 1061 631 contra
1080 604 1136 632 haec
1150 604 1253 632 diceret
1267 605 1400 640 quispiam
1417 613 1423 631 :
1440 604 1579 637 Quomodo
1594 604 1638 637 qui
1656 610 1752 637 peceau

969 654 1022 675 ttrm
1037 657 1089 676 non
1106 650 1191 680 novit.
1205 649 1347 677 sententia:
1371 650 1467 676 mortis
1491 650 1628 683 subjectus
1647 653 1698 680 est,
1724 653 1753 675 et

969 702 1029 720 cum
1045 694 1145 727 iniquis
1165 699 1304 728 repntatus
1320 695 1379 721 est?
1398 695 1593 722 condemnatus
1618 698 1657 720 est
1679 694 1754 720 enirn

970 745 996 766 ut
1013 745 1155 774 peccator:
1173 741 1364 775 propemodum
1377 741 1494 768 occtrrrit
1526 740 1596 767 Deus
1611 745 1638 766 et
1662 740 1752 770 Pater,

969 790 996 812 et
1010 785 1097 819 inquit
1112 794 1118 812 :
1133 785 1172 812 Ab
1193 785 1382 819 iniquitatibus
1405 785 1493 819 populi
1519 785 1569 811 ιιιοὶ
1586 785 1684 811 ductus
1713 788 1754 810 est

971 831 1003 856 ad
1018 835 1141 857 mortem.
1158 829 1208 857 Vel
1222 831 1293 857 enim
1311 830 1361 857 lroc
1374 830 1439 857 dicit
1454 841 1460 858 ;
1479 831 1530 857 Pro
1545 835 1653 864 peccato
1666 829 1755 862 populi

974 876 1037 907 mei,
1052 876 1144 903 volens
1157 876 1251 902 mortis
1263 876 1426 903 sententiam
1443 876 1542 908 subiit;
1560 875 1599 901 vel
1619 875 1682 901 illud
1698 874 1755 900 ror-

127 915 215 951 λέγων
226 917 239 943 ό
250 916 314 947 Θεὸς
330 917 376 943 καὶ
391 917 495 952 Πατήρ·
510 917 577 943 Ἀπὸ
588 918 642 944 τῶν
657 918 777 952 ἀνομιῶν
795 917 840 944 τοῦ
855 918 919 944 λαοῦ

978 921 1051 949 .assis
1068 930 1074 948 :
1091 921 1157 954 Quia
1178 922 1317 954 nimirum,
1333 921 1433 955 inquit,
1456 920 1621 955 iniquissimi
1642 919 1755 946 exstile<

131 971 181 998 μου
211 962 280 998 ἢχθη
309 964 348 993 εἰς
367 962 492 990 θάνατον,
518 963 553 989 ’Ἦ
574 963 629 998 γὰρ
658 963 738 990 τοῦτό
765 972 857 998 φησιν.
878 965 918 990 ὅτι

134 1008 222 1044 Ὑπὲρ
235 1009 283 1044 τῆς
294 1008 430 1043 ἁμαρτίας
445 1008 492 1034 τοῦ
510 1008 574 1035 λαοῦ
598 1017 648 1043 μου
671 1009 721 1044 τὴν
741 1009 788 1035 τοῦ
804 1009 919 1035 θανάτου

130 1054 219 1089 ψῆςρον
239 1054 448 1089 ὑπομεμένηκεν
470 1053 550 1087 ἑκὼν,
566 1054 650 1089 ἦγουν
672 1055 760 1082 ἐκεῖνό
775 1064 826 1082 που
839 1057 918 1090 τάχα.

137 1098 245 1134 Ἐπειδὴ
258 1098 312 1134 γὰρ
326 1099 505 1133 ἀνομώτατοι,
519 1099 596 1134 φησὶ,
613 1100 756 1134 γεγόνασιν
773 1100 797 1126 οἱ
812 1100 920 1126 τελοῦν·

131 1152 177 1175 τες
192 1145 231 1175 είς
242 1144 286 1171 te»
296 1144 361 1179 ὲμὸν
371 1144 445 1177 λαὸν,
457 1144 500 1170 διὰ
512 1144 590 1170 τοῦτο
604 1145 652 1180 τῆς
663 1146 752 1172 αὐτῶν
767 1145 917 1180 ὠμότητος,

133 1189 180 1231 καὶ
212 1190 381 1224 μιαιφονίας,
407 1190 455 1216 καὶ
491 1190 534 1216 ἐπ’
559 1190 640 1217 αὑτὸν
668 1189 748 1226 ἦλθον
767 1192 791 1217 oi
817 1191 920 1227 βρόχοι,

132 1236 202 1271 ἤχθη
214 1235 243 1262 δὲ
258 1232 336 1269 οὗτος
353 1237 392 1267 είς
411 1235 655 1271 θάνατον.’Λληοὲς
676 1236 703 1262 δὲ
723 1237 832 1268 πάντως
843 1237 921 1263 τοῦτό

132 1290 162 1308 τε
180 1282 299 1308 κάκεῖνο.
322 1281 452 1307 Ἀπέθανε
467 1282 521 1317 γὰρ
537 1281 579 1307 ἴνα
592 1282 754 1318 καταργήσῃ
771 1283 820 1317 τὴν
831 1283 922 1318 ἁμαρ-

133 1327 194 1353 τίαν
208 1326 262 1353 τῶν
281 1327 327 1353 ἐπὶ
352 1327 402 1362 τῆς
416 1327 482 1361 γῆς,
498 1326 545 1352 καὶ
562 1326 610 1352 σὺν
634 1327 702 1361 αὐτῇ
731 1327 775 1353 τὸν
793 1327 822 1359 ἐξ
839 1328 923 1362 αὐτῆς

134 1371 275 1406 ἀναφύντα
292 1371 431 1406 καταλύσῃ
445 1371 568 1397 θάνατον.
587 1370 720 1397 Ἀπέθανε
736 1371 783 1397 καὶ
802 1371 903 1405 ἑτέρως
915 1390 923 1403 ,

968 972 1031 994 runt
1050 967 1076 994 bi
1104 966 1148 1001 qui
1178 966 1274 1000 popqu
1304 974 1364 993 meo
1386 966 1492 994 accensi
1517 970 1589 997 sunt,
1616 970 1755 998 propterea

969 1018 1063 1038 eorum
1080 1010 1247 1038 crudelitatis
1261 1015 1288 1037 et
1305 1011 1386 1038 caedis
1400 1011 1486 1044 laquei
1503 1011 1528 1037 in
1544 1011 1617 1036 illum
1642 1010 1756 1036 devenu-

971 1063 1043 1089 runt,
1058 1057 1147 1091 itaque
1164 1058 1197 1085 ad
1214 1062 1329 1085 morteru
1345 1058 1441 1084 ducttts
1454 1063 1504 1084 est.
1522 1056 1620 1083 Verum
1647 1056 1757 1082 omnino

971 1108 1012 1130 est
1026 1108 1053 1129 et
1069 1102 1119 1129 hoc
1130 1108 1157 1129 et
1172 1103 1247 1130 illud.
1266 1103 1387 1130 Mortuus
1399 1104 1471 1130 enim
1489 1106 1539 1135 est,
1559 1107 1587 1128 ιιι
1601 1101 1755 1128 ruortuliuur

972 1147 1092 1174 aboleret
1111 1153 1264 1182 peccatum,
1280 1153 1306 1175 et
1327 1155 1378 1174 una
1393 1156 1454 1175 cum
1468 1155 1500 1174 eo
1521 1152 1633 1174 mortem
1658 1155 1691 1173 ex
1714 1146 1758 1171 illo

973 1193 1055 1228 749
1068 1198 1176 1220 enataui
1193 1193 1305 1220 deleret.
1321 1193 1440 1220 Mortuus
1456 1197 1498 1220 est
1513 1192 1565 1219 alio
1577 1192 1655 1218 modo
1666 1192 1757 1222 etiam,

972 1239 1073 1265 Juda-is
1090 1239 1114 1265 in
1134 1238 1206 1265 illum
1224 1239 1316 1272 inique
1335 1239 1487 1273 agentibus.
1512 1237 1568 1264 Etsi
1588 1238 1660 1264 enim
1678 1244 1760 1270 agno-

973 1288 1069 1310 verunt
1091 1291 1152 1310 ettrn
1173 1290 1233 1310 esse
1267 1284 1413 1315 ltwredcm,
1443 1283 1514 1317 apttd
1541 1290 1569 1309 se
1599 1283 1724 1309 dixerunt
1751 1290 1760 1309 :

977 1336 986 1352 ι
1004 1327 1110 1359 Vertite,
1125 1326 1282 1354 occidanrus
1300 1335 1372 1360 curn,
1388 1332 1415 1354 et
1429 1327 1615 1354 haereditatern
1631 1327 1689 1360 ejus
1713 1334 1762 1353 no-

975 1371 1016 1398 bis
1036 1379 1200 1406 occuperurrs
1215 1372 1247 1398 ⁶⁷.
1265 1381 1273 1398 ι
1447 1362 1452 1364 ί

135 1419 328 1456 ᾀνομησάντων
341 1419 380 1449 εἰς
397 1418 476 1444 αὐτὸν
502 1417 645 1444 Ἰουδαίων.
670 1418 769 1444 Καίτοι
790 1418 844 1453 γὰρ
860 1419 1046 1452 ἐπεγνωκότες
1075 1420 1115 1446 ὅτι
1135 1419 1215 1450 αὑτός
1247 1420 1320 1445 ἐστιν
1336 1419 1349 1445 ὁ
1371 1418 1548 1453 κληρονόμος,
1563 1416 1640 1445 εἷπον
1654 1419 1682 1443 ἐν
1697 1418 1763 1443 suun

135 1468 200 1501 τοῖς
220 1466 326 1497 «Δεῦτε,
341 1465 545 1501 ἀποκτείνωμεν
555 1465 646 1498 αὐτὸν,
662 1466 708 1493 καὶ
721 1465 830 1501 σχῶμεν
842 1467 948 1498 ἑαυτοῖς
966 1467 1015 1502 τὴν
1031 1466 1212 1502 κληρονομίαν
1231 1466 1341 1493 αὑτοῦ.)

173 1513 224 1540 Καὶ
236 1512 322 1539 δώσω
337 1512 406 1545 τοὺς
425 1512 576 1546 πονηροὺς
601 1513 667 1541 ἀντὶ
686 1512 740 1548 τῆς
761 1513 857 1547 ταφῆς
872 1514 925 1540 αὐ-

1014 1513 1096 1542 Vens.
1110 1515 1137 1542 9.
1161 1514 1194 1541 Et
1211 1513 1279 1542 dabo
1307 1513 1436 1547 improbo:
1462 1520 1510 1547 pro
1532 1511 1665 1546 sepultura
1692 1513 1761 1546 ejus,

136 1559 201 1591 τοῦ,
210 1558 258 1585 καὶ
273 1558 344 1590 τοὺς
355 1558 524 1591 πλουσίους
534 1559 600 1586 ἀντὶ
616 1559 668 1587 τοῦ
683 1559 811 1587 θανάτου
822 1560 924 1587 αὑτοῦ.

138 1604 202 1630 Ὅτι
218 1603 364 1637 ἁμαρτίαν
380 1605 435 1631 οὐκ
460 1603 615 1637 ἐποίησεν,
634 1604 706 1631 οὐδὲ
715 1604 821 1639 εὑρέθη
838 1605 928 1639 δόλος

138 1649 173 1684 ἐν
191 1648 230 1681 τῷ
241 1649 366 1683 στόματι
382 1649 485 1676 αὑτοῦ.
819 1681 830 1685 _

176 1695 283 1721 Ἔοικεν
299 1696 326 1720 ὲν
343 1694 449 1726 τούτοις
474 1695 564 1721 ἐκεῖνο
589 1694 732 1729 βούλεσθαι
750 1695 857 1729 δηλοῦν,
882 1696 928 1722 καί

140 1741 238 1776 ἀληθὲς
252 1740 281 1767 ὂν
310 1741 482 1775 ἀποφαίνειν,
515 1741 583 1776 ὅπερ
615 1740 718 1775 ἔφαμεν
742 1741 858 1776 ἀρτίως,
888 1742 929 1767 ὅτι

140 1780 183 1813 διὰ
200 1786 229 1812 τὸ
255 1784 323 1812 εἶναι
351 1777 489 1816 δυσσεϐεῖς
517 1785 628 1821 σφόδρα,
660 1785 706 1811 καὶ
738 1785 929 1820 ἀνομωτάτους

140 1833 203 1863 τοὺς
214 1831 356 1863 τελοῦντας
374 1832 413 1863 εἰς
424 1830 487 1858 λαὸν
507 1830 584 1862 Θεοῦ,
605 1830 674 1865 ἤχθη
696 1830 810 1864 Χριστὸς
826 1830 864 1861 εἰς
881 1830 930 1856 θά-

140 1887 230 1905 νατον.
252 1877 361 1912 Ἐπειδὴ
380 1877 445 1912 γὰρ,
466 1876 559 1911 φησὶν,
581 1876 813 1911 πεπαρῳνήκασιν
828 1876 868 1908 είς
880 1875 929 1902 αὑ-

140 1925 186 1953 τὸν
201 1924 326 1956 ἀνοσίως,
341 1924 388 1950 καὶ
401 1922 522 1958 ἀρχηγὸν
533 1922 596 1948 ὄντα
606 1922 657 1956 τῆς
667 1921 739 1957 ζωῆς
755 1921 930 1952 ἀπεκτόνασι,

141 1971 335 2006 δυσσεὸοὖντες
352 1970 516 2004 ἀφυλάκτως
531 1969 578 1996 καὶ
590 1970 629 2000 είς
641 1969 722 1997 αὑτὸν
733 1968 778 1995 τὸν
794 1967 929 2000 σώζοντα’

143 2017 271 2052 ταύτῃτοι
302 2017 350 2044 καὶ
378 2016 449 2052 μάλα
478 2015 589 2046 δικαίως
619 2015 681 2046 τοὺς
714 2013 848 2050 πονηροὺς
887 2013 934 2039 καὶ

144 2063 286 2095 πλουσίους
299 2061 386 2094 δώσω,
398 2062 492 2096 φησὶν.
507 2061 547 2092 είς
573 2062 666 2095 χεῖρας
681 2059 798 2095 ἐχθρῶν,
811 2060 870 2086 ἀντὶ
884 2060 933 2095 τῆς

144 2108 230 2143 ταφῆς
243 2107 336 2140 αὑτοῦ,
353 2107 399 2134 καὶ
415 2107 474 2133 ἀντὶ
486 2105 534 2134 τοῦ
554 2106 668 2132 θανάτου
685 2105 779 2133 αὑτοῦ.
803 2105 933 2141 Πεπλημς

146 2153 281 2189 μελήκασι
315 2154 371 2188 γὰρ
399 2152 520 2180 Ἰουδαῖοι
549 2150 620 2178 κατὰ
650 2151 696 2179 δύο
723 2151 860 2187 τρόπους,
887 2151 934 2179 καὶ

144 2199 323 2230 ἀπεκτονότες
337 2198 382 2225 τὸν
396 2197 509 2233 Κύριον,
534 2198 581 2225 καὶ
600 2197 830 2231 συκοφαντοῦντες
850 2196 932 2225 αὑτοῦ
949 2185 972 2214 D

144 2245 193 2280 τὴν
210 2245 308 2280 ταφήν.
326 2244 381 2272 Καὶ
405 2245 469 2270 τίνα
493 2244 604 2280 τρόπον,
618 2243 745 2279 ἐροῦμεν.
765 2243 865 2278 Ὲτάφη
885 2244 934 2278 μὲν

146 2292 200 2325 γὰρ
211 2292 360 2327 ὑπομείνας
371 2291 415 2318 τὺν
425 2292 496 2318 κατά
514 2291 602 2326 σάρκα
616 2291 739 2319 θάνατον’
755 2290 824 2326 πλὴν
835 2291 935 2318 ἀνεϐίω

146 2337 303 2372 τριήμερος,
322 2336 433 2371 σεισμοῦ
446 2337 586 2371 γεγονότος
605 2338 633 2363 ἐν
656 2336 694 2371 τῷ
716 2336 849 2371 μνημείῳ·
865 2335 935 2363 ὥστε

148 2384 195 2410 καὶ
211 2384 272 2414 τοὺς
287 2383 472 2417 φυλάσσοντας
496 2381 663 2418 στρατιώτας
678 2384 706 2408 ὲν
720 2382 844 2417 αἰσθήσει
858 2381 933 2415 γενέ-

150 2429 271 2456 σθαιτοῦ
297 2429 468 2464 πράγματος,
493 2428 638 2463 ἀφικέσθαι
662 2437 692 2454 τε
720 2428 788 2463 πρὸς
801 2428 863 2468 τοὺς
880 2427 935 2453 τῶν

155 2475 288 2503 Ἰουδαίων
306 2474 474 2509 καθηγητὰς,
490 2473 655 2507 ἀπαγγεῖλαί
671 2482 700 2499 τε
716 2473 806 2504 τοῦτο,
824 2473 871 2499 xui.
888 2472 937 2500 αὑ-

149 2522 198 2554 τὴν
210 2521 239 2548 δὲ
249 2521 297 2556 τὴν
311 2521 469 2548 ἀνάστασιν.
496 2520 528 2548 Οἱ
546 2520 585 2551 δὲ,
610 2518 682 2545 καθά
708 2527 789 2553 φησιν
812 2520 827 2545 ὁ
854 2519 937 2552 εὐαγ-

149 2567 287 2602 γελιστὴς.
308 2567 427 2603 ἀργύρια
441 2565 522 2593 ἱκανὰ
537 2565 639 2594 ἔδωκαν
663 2566 720 2596 τοῖς
740 2564 938 2600 στρατιώταις,

151 2614 195 2640 ἵνα
210 2614 336 2645 εἴπωσιν,
351 2614 392 2640 ὅτι.
415 2613 440 2638 οἱ
457 2612 578 2647 μαθηταὶ
600 2610 682 2637 αὑτοῦ
698 2610 819 2641 ἐλθόντες
843 2609 938 2641 νυκτὸς

151 2659 270 2694 ἔκλεψαν
289 2659 380 2685 αὐτόν.
403 2658 459 2685 Κα)⁸
487 2657 625 2693 ἐφημίσθη
645 2658 659 2683 ὁ
681 2657 758 2690 λόγος
774 2653 850 2687 οὗτος
865 2655 940 2690 παρὰ

150 2706 207 2737 τοῖς
227 2704 366 2736 Ἰουδαίοις
384 2704 465 2739 μέχρι
480 2704 530 2739 τῆς
554 2704 673 2738 σήμερον
698 2703 813 2737 ἡμέρας.
837 2700 941 2727 Οὐκοῦν

152 2751 251 2784 διττοῖς
269 2750 486 2785 πλημμελήμασι
509 2750 643 2785 γράφεται
657 2749 720 2780 τοὺς
744 2747 913 2782 ὴσεόηκότας
928 2748 942 2773 ὁ

154 2796 220 2829 Θεὸς
243 2795 291 2823 καὶ
309 2796 414 2830 Πατήρ¹
428 2795 562 2829 πονηροὺς
573 2794 600 2821 δὲ
615 2794 712 2826 αὐτοὺς
736 2795 782 2820 καὶ
802 2793 944 2823 πλουσίους

172 2884 195 2901 ⁸⁷
211 2882 307 2912 Matth.
325 2891 379 2916 χιιι,
396 2882 440 2910 58.
479 2883 501 2898 ⁵⁸
526 2881 618 2908 Matth.
640 2889 737 2914 sunt,
761 2881 802 2918 t2,
828 2881 867 2907 i5.

977 1566 999 1588 et
1015 1562 1109 1589 diui/es
1130 1569 1177 1594 pro
1191 1566 1273 1586 morte
1283 1560 1349 1594 ejus.
1370 1559 1438 1591 Quia
1455 1559 1619 1593 iniquitatem
1648 1566 1698 1585 non
1720 1555 1762 1590 Ie-

978 1608 1022 1640 cit,
1039 1615 1120 1642 neque
1133 1608 1251 1633 inventus
1272 1611 1308 1633 est
1324 1606 1399 1632 dolus
1417 1605 1443 1631 in
1465 1613 1509 1631 ore
1524 1604 1592 1638 ejus.

1017 1696 1127 1724 Videtur
1143 1697 1169 1723 itr
1185 1696 1229 1724 his
1252 1696 1343 1724 verbis
1363 1696 1427 1723 illud
1447 1696 1515 1723 velle
1549 1695 1714 1730 signiﬁcare,
1741 1702 1767 1723 et

980 1741 1006 1768 id
1020 1748 1113 1768 verum
1127 1749 1188 1768 esse
1213 1742 1366 1774 ostendere,
1394 1741 1464 1774 quod
1491 1741 1547 1774 jatn
1571 1740 1699 1771 diximus,
1733 1747 1766 1765 eo

980 1788 1051 1821 quod
1068 1787 1141 1820 inrpii
1158 1787 1304 1813 admodum
1321 1792 1348 1814 et
1382 1786 1544 1820 iniquissimi
1573 1784 1690 1816 fuerant,
1720 1785 1766 1818 qtti

981 1831 1080 1866 populo
1098 1831 1143 1859 Dei
1157 1831 1265 1858 accensi
1281 1835 1370 1862 erant,
1383 1835 1525 1865 propterea
1543 1830 1680 1856 Chrismm
1706 1836 1768 1855 esse

982 1879 1013 1905 ad
1031 1881 1145 1904 mortem
1159 1876 1313 1911 abreptum.
1332 1875 1412 1908 Nam,
1431 1875 1529 1909 inquit,
1546 1873 1765 1909 quandoquidem

982 1924 1063 1959 impie
1078 1924 1104 1950 in
1116 1923 1189 1951 illum
1210 1922 1367 1950 dehaccbati
1386 1926 1459 1953 sunt,
1483 1926 1510 1947 et
1529 1921 1677 1955 principem
1705 1921 1768 1946 vita:

984 1967 1190 1999 irtturioccrnnl,
1225 1966 1427 1996 inconsiderate
1464 1965 1630 1999 impietatem
1657 1965 1684 1991 in
1707 1972 1769 1991 emn

983 2014 1066 2042 etiam
1090 2015 1136 2048 qtri
1153 2019 1244 2041 servat
1256 2017 1414 2040 exercentes
1429 2020 1437 2038 :
1453 2012 1516 2038 hinc
1530 2014 1557 2038 et
1570 2011 1676 2045 quidem
1694 2011 1771 2038 valde

985 2061 1082 2088 merito
1092 2059 1231 2093 improbos
1242 2063 1269 2086 et
1279 2058 1385 2090 divites,
1396 2057 1493 2092 inquit,
1503 2064 1551 2090 pro
1566 2056 1702 2091 sepultura
1712 2055 1770 2088 ejus

985 2111 1011 2133 et
1029 2114 1077 2140 pro
1092 2109 1179 2132 morte
1194 2104 1266 2139 ejus,
1276 2104 1347 2131 dabo
1361 2103 1386 2130 in
1400 2110 1497 2130 manus
1514 2102 1641 2129 hostium.
1661 2101 1770 2128 Duobus

986 2152 1056 2179 enirn
1073 2151 1160 2178 modis
1175 2150 1347 2184 deliquerunt.
1361 2148 1456 2179 Jutlazi,
1476 2154 1531 2175 turn
1543 2148 1613 2182 quod
1626 2147 1771 2174 interfece-

987 2197 1040 2223 rint
1055 2195 1208 2228 Dorninntn,
1223 2200 1278 2223 tum
1301 2195 1371 2229 quod
1400 2194 1458 2227 ejus
1485 2193 1651 2228 sepulturam
1669 2192 1772 2218 calum-

988 2242 1054 2269 niati
1070 2242 1181 2270 fuerint.
1199 2242 1259 2275 Quo
1274 2246 1364 2268 autem
1380 2240 1470 2273 modo,
1487 2239 1618 2266 dicemus.
1646 2238 1773 2272 Sepultus

987 2294 1028 2316 est
1057 2288 1130 2315 enim
1158 2293 1299 2322 postquam
1350 2286 1441 2313 carnis
1475 2290 1588 2312 mortem
1633 2284 1772 2313 snbiisset.

988 2339 1014 2361 et
1027 2338 1116 2361 taruen
1144 2333 1224 2361 tertio
1247 2333 1289 2359 die
1316 2331 1423 2362 revixit,
1455 2335 1533 2357 terra:
1561 2334 1633 2356 ruotu
1658 2330 1774 2364 quodam

989 2380 1106 2407 excitato
1122 2379 1149 2407 in
1168 2381 1354 2410 monumento,
1384 2377 1452 2405 adeo
1467 2381 1495 2403 ιιι
1510 2376 1609 2403 milites
1622 2375 1775 2402 custodien-

989 2431 1029 2453 tes
1046 2433 1103 2454 rem
1127 2425 1270 2457 sentirent,
1284 2429 1310 2451 et
1327 2424 1360 2451 ad
1377 2423 1528 2451 Iudaeorum
1539 2424 1678 2457 praefer-tos
1692 2421 1775 2450 irent,

988 2479 1103 2506 eamque
1118 2471 1283 2503 nuntiarent,
1314 2470 1452 2505 ipsamque
1481 2468 1719 2495 resurrectionem.
1743 2465 1774 2491 lli

990 2526 1064 2551 vero,
1095 2517 1172 2545 sicuti
1198 2515 1363 2551 evangelista
1392 2514 1485 2545 refert,
1517 2517 1659 2547 argenteos
1678 2511 1776 2537 nntltos

990 2565 1121 2592 dederunt
1153 2563 1358 2595 ruilitibus,»ut
1388 2561 1509 2587 dicerent
1539 2558 1685 2592 discipulos
1719 2557 1777 2591 ejus

992 2610 1096 2636 venisse
1111 2613 1203 2642 noctu,
1224 2614 1340 2642 eurrrqtre
1367 2605 1532 2640 srrrripttisse
1545 2605 1579 2631 “.
1611 2604 1710 2637 Estque
1729 2603 1771 2628 hic.

991 2662 1079 2682 seruio
1100 2654 1254 2688 divulgattrs
1268 2654 1338 2688 apud
1363 2652 1469 2680 Judreos
1493 2651 1526 2677 ad
1547 2650 1706 2676 hodiernum
1733 2655 1776 2673 us-

993 2707 1045 2735 que
1065 2700 1146 2729 dicrrr.
1167 2699 1260 2734 itaque
1274 2700 1309 2726 ob
1322 2699 1379 2726 haec
1392 2698 1445 2724 duo
1461 2696 1562 2724 scelera
1597 2698 1707 2721 accusat.
1730 2701 1777 2719 eos

994 2747 1038 2781 qui
1059 2746 1139 2780 impie
1160 2745 1411 2780 praevaricatisunt,
1434 2743 1504 2770 Deus
1525 2746 1552 2769 et
1565 2740 1665 2771 Pater;
1692 2743 1778 2765 etcos

997 2793 1081 2820 malus
1098 2792 1215 2829 appellat
1230 2796 1257 2819 et
1270 2791 1366 2819 divites
1383 2798 1390 2817 :
1406 2788 1500 2822 malos,
1513 2792 1543 2815 ut
1562 2787 1607 2822 qui
1624 2783 1777 2813 cnluruuiati
