4096 6212
3407 410 3545 465 illiti

356 556 491 610 Ἐὰν
517 554 667 609 δῶτε
695 555 830 621 περὶ
863 552 1174 620 ἁμαρτίας,
1219 551 1260 617 ἡ
1299 551 1472 620 ψυχὴ
1510 551 1678 622 ὑμῶν
1717 551 1861 625 διέξε-

2036 542 2199 597 Vens.
2267 537 2456 593 10-12.
2507 535 2566 589 Si
2625 533 2873 588 dederitis
2920 547 3012 600 pro
3080 536 3309 598 peccato,
3367 530 3546 582 animo

274 661 370 700 rat
401 642 640 712 σπέρμα
664 619 1012 711 μακρόϐιον.
1045 638 1154 692 Καὶ
1191 619 1488 703 βούλεται
1520 619 1735 705 Κύριος
1761 619 1873 705 de.

1982 645 2143 691 vestra
2171 631 2562 686 oidebitsemen
2613 626 2927 695 ionngum.
2991 621 3058 674 Et
3117 622 3221 675 vult
3290 619 3545 676 Dominus

274 736 441 791 ελεῒν
596 706 703 786 τοῦ
720 706 912 785 πόνου
933 729 1044 799 τῆς
1058 728 1269 799 ψυχῆς
1279 728 1694 794 αὐτοῦ,“δεῖξαι
1714 726 1874 794 αὐτῷ

1982 730 2186 799 auferre
2232 727 2296 778 de
2318 723 2499 777 dolore
2532 706 2771 774 animum
2797 717 2934 785 ejus,
2987 714 3254 769 ostendere
3283 715 3331 768 ei
3373 717 3546 767 lumen

276 827 404 900 ςρῶς
460 825 559 880 καὶ
603 822 835 877 πλάσαι
872 821 945 891 τῇ
978 820 1235 877 συνέσει
1259 820 1615 886 ,δικαιῶσαι
1639 819 1873 872 δίκαιον

1982 831 2016 876 rt
2048 820 2280 890 formare
2305 812 2677 882 intelligentia,
2708 807 3249 878 justiﬁcarejustum,
3286 806 3408 856 bene
3438 819 3547 856 ser-

275 892 348 975 ὲῦ
380 892 753 973 δουλεύοντα
776 913 1053 979 πολλοῖς,
1088 912 1187 968 καὶ
1221 912 1329 978 τὰς
1361 912 1653 981 ἁμαρτίας
1671 909 1872 965 αὐτῶν

1982 913 2188 967 rientem
2224 909 2428 971 multis,
2477 916 2524 959 et
2544 912 2759 969 peccata
2784 914 2968 956 eorum
2995 900 3103 965 ipse
3134 897 3376 949 remittett
3402 892 3547 958 Quos

277 1011 459 1074 αὐτὸς
488 1007 704 1073 ἀνήσει
736 1005 905 1078 [vulg.
962 1002 1244 1075 ἀνοίσει].
1291 1000 1395 1055 Διά
1448 1001 1627 1057 τοῦτο
1677 1000 1862 1068 αὐτὸς

1982 1011 2179 1071 iropter
2213 1003 2320 1069 ipse
2343 996 2628 1068 possidebit
2656 993 2868 1054 multos,
2892 998 2941 1042 et
2968 988 3183 1057 fortium
3219 986 3409 1038 dividet
3428 994 3549 1050 spo-

279 1099 724 1170 κληρονομήσει
740 1077 1049 1163 πολλοὺς,
1090 1096 1190 1150 καὶ
1216 1094 1335 1149 τῶν
1366 1092 1635 1162 ἰσχυρῶν
1676 1091 1871 1162 μεριεῖ

1982 1095 2066 1147 lia.
2118 1091 2227 1145 Pro
2265 1109 2325 1145 eo
2361 1089 2499 1160 quod
2524 1087 2723 1141 tradita
2763 1081 2917 1137 estin
2947 1089 3167 1133 mortem
3197 1077 3373 1129 animo
3411 1077 3546 1143 ejus,

279 1165 500 1255 σκῦλα,
670 1184 760 1243 ὧν
776 1187 1078 1259 παρεδόθη
1110 1190 1197 1254 εις
1218 1185 1481 1241 θάνατον
1503 1184 1541 1251 ἡ
1566 1183 1740 1254 ψυχὴ
1763 1185 1868 1236 αὺ-

1982 1194 2023 1239 ιι
2050 1186 2186 1239 inter
2221 1184 2430 1253 iniquos
2458 1188 2728 1248 reputatus
2764 1186 2860 1238 est,
2908 1184 2955 1227 et
3010 1172 3118 1238 ipse
3179 1177 3387 1238 peccata
3413 1165 3552 1219 ntul-

280 1286 406 1351 τοῦ,
458 1285 554 1338 καὶ
606 1283 677 1336 ἐν
718 1282 845 1347 τοῖς
875 1281 1121 1350 ἀνόμοις
1176 1279 1487 1349 ἐλογίσθη,
1543 1275 1639 1328 καὶ
1688 1275 1868 1340 αὐτὸς

1982 1286 2151 1328 torum
2185 1274 2328 1332 tulit.
2366 1283 2411 1326 et
2435 1280 2647 1341 propter
2678 1274 2892 1338 peccata
2918 1277 3097 1317 eorum
3124 1259 3351 1314 traditus
3380 1268 3475 1311 est.

287 429 417 490 ιιιιε
1410 413 1475 482 IN
1516 416 1750 483 ιδΑιξιιι
1795 426 1878 482 ιιι

1982 386 2390 478 ιζτοηυει.

281 1380 569 1452 ἁμαρτίας
597 1375 847 1431 πολλῶν
875 1375 1191 1444 ἀνήνεγκε,
1222 1374 1319 1427 καὶ
1344 1371 1441 1425 διὰ
1475 1371 1582 1436 τὰς
1606 1370 1897 1440 ἁμαρτιας
1915 1369 2116 1422 αὐτῶν
2136 1367 2459 1436 παρεδόθη.

365 1472 699 1541 Ἐγκαλέσας
719 1472 834 1532 τοῖς
863 1469 923 1536 ἐξ
964 1467 1182 1538 Ἰσραὴλ
1201 1505 1215 1528 ,
1256 1466 1333 1528 ὡς
1371 1464 1728 1525 ἀπεκτονόσιν
1749 1462 1863 1515 ἀδί-

284 1573 395 1627 κως
425 1563 517 1616 τὸν
536 1562 638 1631 τῆς
667 1561 815 1630 ζωῆς
836 1558 1091 1630 χορηγὸν,
1128 1557 1221 1610 καὶ
1256 1556 1357 1625 τῆς
1389 1553 1644 1607 ἀπάντων
1685 1569 1862 1621 σωτη-

291 1659 410 1729 ρίας
437 1644 725 1729 πρῦτανιν,
764 1651 1053 1723 μεθίστησι
1106 1650 1232 1712 τοὺς
1274 1647 1463 1716 λόγους
1481 1646 1573 1697 ἐπὶ
1624 1644 1723 1706 τὰς
1756 1643 1863 1695 τῶν

286 1751 455 1805 ἐθνῶν
505 1749 727 1817 ἀγέλας,
763 1745 858 1798 καὶ
886 1735 949 1815 δῆ
1002 1743 1096 1795 καί
1153 1758 1317 1812 φησιν
1362 1740 1437 1801 ὼς
1472 1738 1611 1808 πρὸς
1663 1737 1862 1799 αὑτάς’

291 1834 424 1896 ’Ἐὰν
446 1839 583 1894 δῶτε
606 1836 735 1908 περὶ
766 1832 1064 1906 ἁμαρτίας,
1083 1833 1116 1902 ἡ
1137 1831 1284 1901 ψυχὴ
1306 1828 1460 1899 ὑμῶν
1486 1827 1674 1896 ὄψεται
1699 1825 1865 1895 σπέρ-

2037 1460 2297 1515 lsraelitis
2328 1456 2620 1517 accusatis,
2685 1463 2745 1507 ut
2813 1452 2903 1522 qui
2971 1450 3174 1519 injuste
3234 1446 3551 1502 occiderunt

1967 1550 2091 1604 vitae
2152 1550 2399 1603 datorem
2452 1556 2507 1601 et
2552 1545 2890 1615 largitorem,
2942 1538 3294 1607 omniumque
3361 1533 3549 1591 salutis

1966 1642 2432 1711 dispensatorem:
2488 1638 2552 1692 ad
2613 1636 2854 1706 gentium
2902 1631 3376 1703 congregationem
3428 1640 3549 1680 con-

1970 1733 2131 1785 vertit
2158 1731 2491 1792 orationem,
2523 1737 2579 1782 et
2615 1742 2735 1781 eam
2783 1725 2863 1779 sic
2889 1722 3120 1777 affatur;
3180 1719 3234 1772 Si
3290 1715 3551 1771 dederitis

1967 1842 2063 1893 pro
2086 1832 2327 1894 peccato,
2364 1825 2543 1877 anima
2564 1828 2747 1874 vestra
2779 1816 2979 1871 videbit
3005 1828 3189 1869 semen
3222 1811 3545 1879 longmvmu.

290 1894 714 2005 pa'paxp66tov.
767 1894 989 1998 Ὅμοιον
1331 1894 1479 1991 λέγοι
1506 1894 1713 1987 σαφῶς·
1762 1894 1866 1970 Τέ-

1982 1915 2200 1969 Perinde
2228 1923 2309 1969 σει
2337 1928 2399 1966 ac
2431 1911 2479 1966 si
2523 1919 2711 1979 aperte
2731 1909 2915 1963 dicat:
2993 1904 3177 1959 Posuit
3242 1916 3341 1971 pro
3393 1899 3550 1953 nobis

286 2020 472 2077 θεικεν
495 2021 635 2090 ὑπὲρ
664 2018 817 2090 ὑμῶν
845 2016 943 2087 τὴν
974 2012 1167 2068 ἑαυτοῦ
1197 2013 1376 2084 ψυχὴν
1395 2014 1424 2064 6
1449 2009 1710 2082 Χριστός·
1729 2008 1863 2078 ἠγό-

294 2118 462 2186 ρασεν
504 2110 665 2181 ὑμᾶς
691 2109 749 2162 ὲν
798 2107 990 2176 αἵματι
1018 2104 1098 2174 τῷ
1129 2102 1264 2174 ἰδίῳ,
1316 2102 1577 2171 ὑπέμεινε
1608 2098 1864 2169 σταυρὸν,

290 2203 555 2272 αἰσχύνης
574 2196 1023 2269 καταφρονήσας,
1078 2193 1165 2247 τνα
1204 2192 1357 2263 ὑμῶν
1407 2187 1728 2261 κατορθώσῃ
1770 2188 1867 2260 τὴν

291 2291 590 2361 σωτηρίαν.
638 2289 736 2342 Ἂν
773 2286 954 2340 τοίνυν
993 2282 1299 2361 ἀμείψησθε
1353 2281 1450 2334 καὶ
1482 2281 1640 2350 ὑμεῖς
1674 2279 1827 2332 αὐτοὶ
1851 2318 1867 2341 ,

292 2381 385 2435 καὶ
427 2354 747 2449 ’καταθῆσθε
802 2376 991 2445 ὥσπερ
1024 2375 1083 2428 ὲν
1117 2354 1433 2444 ὀφλήματος
1480 2369 1637 2435 τάξει
1680 2370 1740 2423 τὸ
1783 2368 1872 2422 εὐ-

291 2458 460 2539 ἦνιον,
496 2470 589 2522 καὶ
616 2467 949 2543 ὑπαγάγῃτε
977 2465 1068 2520 τὸν
1104 2464 1309 2534 αὐχένα
1341 2465 1453 2527 τοῖς
1478 2461 1642 2515 αὐτοῦ
1663 2461 1868 2530 ζυγοῖς·

293 2563 415 2616 τότε
445 2562 479 2631 ἡ
508 2558 654 2630 ψυχὴ
677 2557 835 2629 ὑμῶν
860 2557 1051 2627 ὄψεται
1086 2557 1308 2626 σπέρμα
1342 2553 1638 2625 μακρόϐιον
1657 2596 1672 2620 ,
1717 2570 1871 2605 τουτ-

286 2651 461 2719 έστιν,
485 2650 675 2704 ἔσεσθε
702 2648 951 2702 κοινωνοὶ
978 2646 1087 2700 τῶν
1115 2648 1195 2708 είς
1221 2644 1543 2716 μακραίωνα
1571 2643 1684 2714 βίον
1709 2660 1870 2712 τετη-

297 2745 572 2818 ρημένων,
606 2741 776 2810 ἁγίων
801 2740 857 2793 δὲ
885 2738 1148 2811 δηλονότι,
1179 2738 1227 2791 οἳ
1249 2738 1348 2809 τῆς
1386 2738 1468 2800 είς
1514 2735 1686 2790 αἰῶνα
1725 2734 1870 2806 ζωῆς

292 2836 390 2908 τὴν
420 2836 612 2888 ἐλπίδα
664 2831 1127 2902 πεπλουτήκασιν.
1184 2830 1373 2892 Οὐδεὶς
1432 2826 1531 2899 μὲν
1583 2826 1692 2898 γὰρ
1738 2825 1869 2897 παρ’

294 2914 522 2995 Ἕλλησι
553 2923 710 2992 λόγος
736 2923 832 2992 τῆς
871 2919 980 2974 τῶν
1016 2920 1225 2993 νεκρῶν
1254 2920 1603 2982 ἀναστάσεως
1624 2914 1714 2987 ἦν,
1742 2918 1872 2969 ἀπι-

297 3021 501 3073 στεῖται
521 3016 578 3069 δὲ
608 3015 803 3078 καὶοείς
823 3011 982 3082 δεῦρο
1010 3012 1072 3065 τὸ
1103 3013 1421 3084 μυστήριον.
1443 3010 1742 3078 Μονονουχί
1772 3026 1875 3077 φα-

298 3115 352 3163 ᾰι
390 3109 483 3173 τὸ,
528 3107 620 3160 ’ὅτι
646 3104 871 3167 Καπνδς
921 3105 954 3174 ή
989 3103 1127 3172 πνοὴ
1167 3105 1224 3155 ἐν
1255 3101 1399 3170 ῥισὶν
1447 3099 1628 3170 ἡμῶν,
1657 3091 1718 3152 οῦ
1750 3099 1876 3150 σϐε-

298 3200 536 3263 σθέντος,
562 3197 739 3270 τέφρα
778 3194 1117 3265 ἀποϐήσεται
1151 3190 1212 3244 τὸ
1241 3193 1384 3255 πᾶν,
1415 3192 1510 3245 καὶ
1555 3190 1617 3243 τὸ
1658 3189 1874 3259 πνεῦμα
1902 3227 1944 3282 C

295 3291 684 3364 διαχυθήσεται
710 3290 786 3353 ὼς
809 3287 1007 3359 χαῦνος
1038 3285 1194 3355 ἀνήρ.
1242 3283 1403 3353 Παρά
1431 3282 1488 3335 δέ
1532 3297 1597 3349 γε
1634 3283 1745 3344 τοῖς
1775 3281 1872 3351 τῆς

308 3381 635 3452 Ἕκκλησίας
663 3379 975 3452 τροφίμοις,
1005 3376 1158 3438 ἐλπὶς
1197 3374 1538 3445 ἀκράδαντος
1570 3373 1604 3442 ή
1640 3373 1875 3426 ἀνάστα-

303 3488 385 3541 σις
409 3474 518 3528 τῶν
541 3470 958 3542 κεκοιμημένων
984 3465 1075 3539 ἦν,
1102 3468 1197 3520 καὶ
1224 3469 1337 3528 τοῖς
1367 3465 1574 3518 ἔθνεσιν
1604 3463 1877 3531 ὑπισχνεῖ-

300 3583 390 3621 ται
415 3565 569 3629 Θεὸς,
609 3563 769 3633 εῐπερ
789 3562 993 3616 ἕλοιντο
1045 3558 1145 3629 τὴν
1181 3557 1484 3611 ἀντέκτισιν
1517 3554 1618 3624 τῆς
1669 3552 1876 3605 ἑαυτῶν

299 3656 481 3729 ipoch
512 3653 885 3727 προσκομίσαι
936 3648 1160 3723 Χριστῷ
1179 3647 1257 3719 τῷ
1288 3645 1481 3701 παθεῖν
1516 3645 1757 3716 ἑλομένῳ
1788 3644 1878 3699 διὰ

301 3750 401 3820 τὴν
443 3746 623 3802 αὐτῶν
670 3745 966 3817 ἁμαρτίαν.
1029 3739 1331 3811 Ὀφείλημα
1356 3738 1412 3792 δὲ
1445 3738 1507 3791 τὸ
1540 3738 1676 3809 πρὸς
1722 3736 1878 3808 ἡμῶν

302 3843 483 3895 ὁποῖον
509 3840 617 3909 ἄρα
638 3837 774 3901 ἐστὶ,
804 3836 1059 3906 σαφηνιεῖ
1085 3832 1260 3901 λέγων
1279 3834 1308 3886 6
1324 3830 1536 3893 Παῦλος
1556 3846 1570 3860 ’
1607 3848 1625 3880 ι
1651 3824 1746 3893 Εἷς
1768 3828 1878 3902 γὰρ

306 3932 448 4003 ὑπὲρ
477 3914 693 3985 πάντων
725 3928 1014 3993 ἀπέθανεν,
1053 3924 1139 3979 ινα
1176 3926 1225 3976 οι
1264 3923 1464 3987 ζῶντες
1509 3921 1707 3992 μηκέτι
1754 3922 1879 3974 ἑαυ-

305 4022 417 4083 τοῖς
454 4018 659 4086 ζῶσιν,
707 4018 843 4073 ἀλλά
884 4014 962 4086 τῷ
1005 4015 1145 4086 ὑπὲρ
1181 4013 1361 4068 αὐτῶν
1412 4011 1732 4065 ἀποθανόντι
1785 4008 1880 4062 καὶ

309 4102 606 4178 ἔγερθέντι.
650 4125 670 4157 ι
706 4104 918 4160 Οὐκοῦν
947 4103 1351 4174 ὲπωφλήσαμεν
1383 4100 1533 4171 αὐτῷ
1554 4100 1651 4171 τὴν
1666 4099 1880 4151 ἑαυτῶν

312 4198 474 4269 ζωήν.
527 4195 626 4249 Διά
652 4194 813 4249 τοῦτό
844 4209 1042 4266 φησιν·
1086 4211 1103 4243 ι
1129 4191 1196 4244 Et
1223 4208 1306 4254 τις
1360 4191 1506 4243 θέλει
1557 4191 1734 4243 ὀπίσω
1780 4206 1880 4260 μου

311 4290 504 4352 ἐλθεῖν,
547 4287 877 4361 ἀρνησάσθω
907 4283 1120 4347 ἑαυτὸν,
1170 4283 1262 4336 καὶ
1295 4282 1481 4352 ἀράτω
1517 4281 1610 4335 τὸν
1650 4281 1881 4352 σταυρὸν

311 4384 499 4448 αὐτοῦ,
547 4383 639 4436 καὶ¹
694 4379 1054 4435 ἀκολουθείτω
1107 4394 1216 4447 μοι.
1258 4395 1276 4427 ι
1327 4375 1397 4427 Ὅ
1441 4392 1505 4443 γε
1547 4375 1653 4445 μὴν
1692 4375 1882 4428 ἑαυτὸν

310 4476 661 4547 ἀρνούμενος,
686 4475 745 4525 οὐ
773 4472 872 4542 τὴν
900 4468 1049 4540 αὐτῷ
1071 4466 1195 4522 καθ’
1225 4465 1417 4538 ἡδονὴν
1433 4464 1514 4518 ἔτι
1538 4464 1883 4519 διαϐιώσεται

1968 2006 2207 2061 animam
2241 2018 2393 2059 suam
2427 1999 2723 2056 Christus:
2773 1997 3036 2066 sanguine
3062 1993 3282 2063 proprio
3327 2005 3425 2045 nos
3457 2004 3548 2043 re-

1969 2098 2159 2163 demit,
2190 2095 2483 2167 ignominia
2529 2099 2838 2161 contempta
2885 2102 3102 2144 crucem
3142 2084 3331 2146 subiit,
3364 2090 3423 2136 ut
3452 2095 3551 2133 no-

1967 2191 2048 2245 bis
2078 2189 2308 2244 salutem
2335 2193 2671 2256 procuraret.
2710 2182 2767 2237 Si
2805 2195 2936 2250 ergo
2986 2192 3084 2232 vos
3129 2175 3352 2231 reddere
3405 2172 3552 2225 vices

1969 2281 2171 2346 velitis,
2213 2278 2260 2333 si
2292 2278 2457 2333 debiti
2516 2278 2635 2329 loco
2688 2272 2844 2341 quasi
2886 2267 3247 2323 obedientiam
3299 2278 3551 2334 reposue-

1971 2373 2111 2434 ritis,
2144 2370 2369 2438 ejusque
2411 2368 2541 2437 jugo
2571 2365 2839 2421 cervicem
2873 2358 3249 2429 subjeceritis:
3287 2366 3410 2410 tunc
3432 2354 3550 2407 ani-

1972 2475 2058 2515 ma
2102 2468 2281 2513 vestra
2308 2467 2493 2512 semen
2523 2455 2823 2525 longaevum
2884 2450 3108 2513 videbit,
3147 2448 3200 2501 id
3240 2457 3342 2510 est,
3418 2444 3548 2499 socii

1970 2566 2156 2608 eorum
2200 2549 2374 2612 eritis,
2436 2547 2527 2614 qui
2582 2545 2649 2598 ad
2712 2543 2925 2611 longam
2981 2540 3148 2593 vitam
3182 2544 3548 2597 reservantur,

1971 2653 2284 2698 sanctorum
2329 2638 2602 2700 videlicet,
2636 2635 2727 2704 qui
2778 2643 2999 2688 aeterna:
3038 2632 3159 2684 vitae
3188 2644 3285 2699 spe
3316 2626 3553 2695 locuple-

1973 2736 2064 2790 tati
2097 2741 2244 2790 sunt.
2303 2731 2453 2784 Nulla
2488 2730 2632 2784 enim
2668 2725 2809 2796 apud
2844 2725 3068 2779 Grmcos
3139 2731 3256 2776 erat
3314 2730 3553 2775 mortuo-

1972 2842 2092 2880 rum
2122 2819 2539 2878 resurrectionis
2586 2817 2744 2881 ratio,
2778 2814 2923 2867 nulla
2977 2827 3143 2867 cura:
3203 2809 3298 2865 sed
3330 2825 3428 2863 nec
3458 2809 3553 2863 atl-
3583 2847 3601 2861 .

1975 2919 2080 2972 huc
2122 2916 2254 2970 ﬁdes
2305 2912 2596 2967 adhibetur
2644 2905 2929 2976 mysterio,
3000 2904 3109 2957 imo
3166 2912 3376 2957 tantum
3438 2916 3544 2954 non

1975 3009 2230 3062 dictitant
2293 3004 2497 3058 fumum
2567 3014 2686 3054 esse
2761 2996 2947 3050 ﬂatum
3017 2996 3158 3049 hunc
3205 2994 3259 3047 in
3334 2991 3555 3046 naribus

1979 3100 2212 3160 nostris,
2246 3109 2355 3164 quo
2388 3092 2682 3152 exstincto,
2711 3087 2892 3143 omnia
2919 3086 2969 3139 lu
3011 3086 3246 3141 cinerem
3288 3082 3554 3147 recidunt,

1977 3201 2032 3245 et
2074 3190 2163 3244 hic
2207 3188 2430 3257 spiritus
2483 3195 2737 3251 tanquam
2824 3178 3000 3233 inanis
3061 3192 3156 3231 aer
3206 3176 3552 3231 dilfundetur.

1980 3284 2248 3338 Caeterum
2283 3278 2421 3348 apud
2458 3276 2721 3331 Ecclesiae
2747 3274 2997 3328 alumnos
3049 3272 3186 3340 'spes
3238 3271 3556 3324 inconcussa

1980 3386 2061 3430 est
2100 3372 2434 3428 resurrectio
2472 3368 2880 3430 dormientium,
2913 3366 3071 3433 idque
3100 3363 3372 3432 promittit
3418 3361 3561 3415 Deus

1984 3463 2259 3533 gentibus,
2293 3459 2558 3528 siquidem
2592 3455 2859 3510 voluerint
2892 3455 3300 3508 retributionem
3353 3453 3560 3505 anima-

1983 3568 2100 3609 rum
2136 3566 2352 3607 suarmu
2408 3546 2608 3603 offerre
2658 3545 2896 3609 Christo,
2949 3544 3039 3613 qui
3105 3553 3323 3613 propter
3369 3558 3559 3596 eorum

1984 3653 2263 3714 peccatum
2310 3641 2419 3709 pati
2477 3637 2669 3692 voluit.
2726 3635 2977 3690 Debitum
3057 3644 3238 3687 autem
3310 3643 3559 3685 nostrum

1986 3734 2288 3807 cujusmodi
2345 3733 2436 3795 sit,
2480 3728 2780 3784 declarabit
2830 3725 3049 3791 Paulus,
3105 3727 3320 3780 dicens:
3357 3743 3376 3775 ι
3414 3723 3564 3779 Unus

1985 3829 2131 3884 enim
2162 3842 2259 3896 pro
2290 3824 2448 3880 nobis
2497 3831 2745 3876 mortuus
2776 3828 2880 3883 est,
2930 3828 2988 3873 ut
3050 3818 3140 3887 qui
3195 3817 3400 3884 vivunt,
3456 3832 3560 3870 non

1987 3919 2218 3989 amplius
2243 3916 2342 3971 sibi
2367 3915 2573 3979 vivant,
2610 3912 2707 3966 sed
2749 3911 2797 3964 ei
2841 3909 2930 3978 qui
2966 3922 3062 3976 pro
3134 3908 3265 3977 ipsis
3321 3915 3564 3962 mortuus

1985 4018 2069 4065 est
2103 4019 2157 4062 et
2178 4008 2448 4062 excitatus
2480 4003 2592 4057 “.r
2650 4000 2917 4055 Debemus
3002 4014 3131 4069 ergo
3185 3999 3257 4052 illi
3319 4009 3561 4053 nostram

1985 4101 2170 4155 vitam.
2204 4097 2434 4165 Ideoque
2460 4094 2591 4148 dicit
2619 4106 2635 4146 :
2673 4110 2691 4142 ι
2729 4090 2786 4145 Si
2811 4091 2932 4159 quis
2948 4089 3072 4145 velit
3098 4101 3215 4158 post
3242 4105 3326 4143 me
3353 4090 3561 4155 venire,

1988 4194 2217 4267 abneget
2269 4186 2637 4254 semetipsum,
2695 4192 2749 4236 et
2801 4181 2952 4236 tollat
3006 4196 3218 4236 crucem
3283 4195 3456 4243 suam,
3512 4190 3566 4233 ct

1989 4290 2244 4351 sequatur
2284 4294 2369 4333 me
2398 4277 2465 4331 ⁷⁸.
2501 4296 2520 4329 ι
2565 4274 2727 4346 752
2766 4274 2957 4344 Atqui
3009 4287 3067 4327 se
3098 4281 3282 4341 negat,
3324 4286 3428 4325 non
3452 4272 3564 4338 jam

1989 4376 2154 4429 vitam
2184 4374 2327 4426 vivet
2379 4367 2797 4440 voluptuariarn,
2859 4364 2953 4420 sed
3008 4379 3126 4420 eam
3190 4378 3309 4432 quae
3364 4363 3565 4417 Christi

1991 4480 2111 4522 esse
2139 4462 2491 4532 intelligatur,
2529 4459 2583 4514 id
2627 4467 2729 4523 est,
2759 4464 3001 4511 sanctam
3030 4466 3084 4510 et
3117 4455 3566 4524 irreprehensibi-

312 4544 493 4638 ζωὴν,
516 4564 732 4634 ἐκείνην
772 4562 830 4615 δὲ
879 4561 1100 4631 μᾶλλον,
1134 4561 1281 4631 ἥπερ
1319 4557 1385 4613 ἂν
1417 4560 1594 4611 νοοῖτο
1626 4555 1878 4625 Χριστοῦ,

1993 4558 2129 4632 lem:
2192 4551 2645 4624 quemadmodum
2691 4556 2840 4603 certe
2889 4547 3109 4621 divinus
3178 4544 3396 4610 Paulus,
3474 4547 3566 4614 qui

312 4657 588 4711 τουτέστιν
619 4654 799 4722 ἁγίαν,
826 4653 922 4704 καὶ
946 4651 1261 4721 ἀμώμητον,
1289 4650 1542 4720 καθάπερ
1564 4647 1751 4718 ἀμέλει
1801 4648 1893 4727 καὶ

316 4751 346 4800 ὁ
377 4745 669 4807 θεσπέσιος
697 4742 934 4804 Παῦλος,
974 4741 1032 4803 ὃς
1080 4741 1144 4810 δὴ
1183 4741 1278 4793 καὶ
1301 4740 1579 4811 γέγραφεν
1609 4734 1890 4810 ἐναργῶς·

325 4859 341 4887 ι
375 4834 520 4896 Ἐγὼ
542 4834 657 4904 γὰρ
681 4832 770 4886 διὰ
790 4833 955 4904 νόμου
978 4830 1126 4900 νόμῳ
1149 4830 1438 4883 ἀπέθανον·
1470 4832 1556 4884 ἵνα
1580 4830 1699 4901 Θεῷ
1722 4829 1890 4900 ζήσω,

322 4924 542 5000 Χριστῷ
570 4924 1041 4993 συνεσταύρωμαι.
1075 4920 1160 4973 Ζῶ
1178 4920 1236 4973 δὲ
1259 4921 1360 4972 οὐκ
1387 4920 1465 4973 ἔτι
1495 4921 1625 4989 ἐγὼ,
1660 4921 1724 4993 ζῇ
1756 4921 1812 4974 δὲ
1837 4923 1894 4974 ἐν

2008 4650 2210 4703 diserte
2234 4644 2492 4714 scripsit:
2536 4661 2556 4694 ι
2603 4640 2712 4709 Ego
2734 4638 2876 4691 enim
2918 4653 3012 4707 per
3043 4637 3213 4707 legem
3270 4636 3371 4707 legi
3425 4651 3570 4691 mor-

1990 4753 2117 4794 tuus
2136 4755 2276 4803 sum,
2302 4748 2360 4791 ut
2379 4738 2487 4792 Deo
2505 4735 2699 4800 vivam,
2727 4747 2849 4788 cum
2877 4730 3093 4785 Christo
3118 4730 3409 4785 cruciﬁxus
3427 4745 3566 4783 smn.

1991 4834 2125 4888 Vivo
2152 4840 2356 4892 autem,
2395 4841 2498 4882 non
2535 4826 2645 4896 jam
2673 4824 2898 4894 ego,sed
2934 4824 3065 4877 vivit
3096 4823 3147 4876 in
3183 4837 3267 4876 me
3297 4824 3566 4877 Christus.

1990 4921 2140 4989 Quod
2169 4934 2297 4975 vero
2339 4933 2483 4971 nunc
2528 4916 2582 4969 in
2615 4930 2778 4969 carne
2806 4914 2949 4977 vivo,
2994 4914 3047 4965 in
3083 4911 3186 4965 [ide
3241 4911 3383 4971 vivo,
3442 4910 3567 4972 fide,

322 5017 447 5088 ἐμοὶ
479 5015 733 5087 Χριστός.
781 5015 846 5066 '0
879 5012 936 5066 δὲ
968 5012 1064 5066 νῦν
1094 5011 1173 5076 ζῶ
1205 5013 1264 5064 ὲν
1297 5013 1479 5081 σαρκὶ,
1515 5015 1574 5065 ὲν
1608 5015 1787 5068 πίστει
1816 5013 1878 5079 ζ’ιῖ

1993 5015 2233 5082 inquam,
2265 5009 2389 5065 Filii
2437 5007 2550 5071 Dei,
2610 5007 2701 5074 qui
2742 5005 2926 5059 dilexit
2977 5017 3082 5068 me,
3139 5010 3193 5055 et
3230 5000 3447 5054 tradidit
3495 5016 3573 5053 se-

323 5111 386 5179 τῇ
409 5105 503 5160 τοῦ
531 5104 661 5159 Υίοῦ
692 5105 785 5158 τοῦ
818 5103 952 5158 Θεοῦ
979 5104 1074 5156 τοῦ
1104 5103 1491 5174 ἀγαπήσαντός
1520 5121 1587 5174 με
1606 5143 1621 5168 ,
1657 5106 1751 5158 καὶ
1788 5122 1893 5158 πα-

326 5197 572 5271 ραδόντος
591 5195 781 5249 ἑαυτὸν
806 5195 948 5263 ὑπὲρ
974 5193 1130 5264 ἐμοῦ,
1158 5191 1272 5247 Οὐκ
1288 5192 1463 5247 ἀθετῶ
1488 5194 1586 5265 τὴν
1610 5194 1771 5265 χάριν
1796 5196 1892 5248 τοῦ

325 5287 480 5370 θεοῦ.
510 5307 530 5339 ι
567 5286 757 5357 Ἀθρει
785 5286 851 5353 δὴ
877 5281 970 5339 οὖν
1007 5286 1157 5349 ὅπως
1182 5285 1379 5339 δέδωκε
1426 5287 1554 5355 περὶ
1598 5286 1894 5356 ἁμαρτίας,

327 5376 548 5440 ἀναθεὶς
597 5374 787 5446 ὥσπερ
837 5373 916 5446 τῷ
964 5375 1033 5428 δι’
1087 5375 1248 5428 αὐτὸν
1282 5373 1508 5427 παθόντι
1561 5372 1662 5444 τὴν
1699 5373 1893 5427 ἑαυτοῦ

2000 5107 2170 5174 ipsum
2207 5117 2305 5172 pro
2349 5116 2456 5155 me.
2490 5097 2608 5153 Non
2639 5097 2863 5167 repudio
2900 5095 3130 5166 gratiam
3168 5093 3260 5148 Dei
3290 5092 3356 5147 ⁷⁸.
3392 5110 3410 5142 ι
3442 5091 3573 5144 Vide

2000 5210 2130 5263 ergo
2161 5207 2270 5263 quo
2319 5198 2479 5260 pacto
2510 5204 2568 5244 se
2610 5187 2818 5242 dederit
2853 5198 2949 5254 pro
2981 5193 3225 5250 peccato,
3252 5195 3575 5237 consecratis

2000 5285 2152 5352 quasi
2172 5285 2219 5337 ei
2238 5284 2327 5353 qui
2352 5296 2448 5352 pro
2472 5272 2595 5349 ipso
2624 5293 2816 5349 passus
2831 5286 2934 5342 est,
2967 5290 3118 5332 suam
3150 5276 3340 5328 vitam.
3364 5269 3579 5325 Audivi-

2004 5388 2120 5426 mus
2134 5375 2274 5427 enim
2299 5371 2571 5426 Christum
2601 5371 2868 5424 dicentem
2895 5366 3008 5421 suis
3028 5362 3417 5419 lamiliarihus:
3445 5359 3575 5426 «Qui

330 5468 494 5540 ζωήν.
550 5466 892 5537 ’Ᾱκηκόαμεν
925 5466 1035 5536 γὰρ
1072 5466 1323 5533 λέγοντες
1374 5463 1469 5517 τοῦ
1507 5464 1743 5536 Χριστοῦ
1784 5469 1878 5518 coit

2004 5464 2177 5532 diligit
2241 5471 2448 5533 patrem
2471 5462 2556 5516 vel
2591 5473 2817 5515 matrem
2852 5473 3011 5527 supra
3035 5469 3254 5521 me,non
3275 5463 3357 5509 est
3381 5467 3464 5507 me
3498 5453 3579 5506 di-

330 5558 524 5613 ἐαυτοῦ
554 5557 888 5629 γνωρίμοις·
940 5574 960 5608 ι
997 5557 1055 5610 '0
1083 5555 1313 5624 ἀγαπῶν
1352 5555 1565 5626 πατέρα
1616 5554 1648 5625 ἢ
1688 5555 1878 5625 μητέρι

2003 5568 2159 5623 guus.
2187 5553 2253 5607 Et
2291 5555 2381 5623 qui
2399 5553 2570 5623 diligit
2596 5551 2764 5606 lilium
2786 5550 2868 5606 vel
2889 5549 3049 5604 liliam
3070 5562 3231 5617 supra
3248 5560 3463 5609 me,non
3495 5554 3577 5598 est

336 5650 468 5749 ὑπὲρ
504 5649 624 5719 ἐμὲ,
650 5649 751 5701 οὑκ
791 5648 906 5701 ἔστι
952 5665 1053 5719 μου
1088 5647 1259 5712 ἄξιος.
1288 5648 1398 5701 Καὶ
1426 5649 1455 5700 6
1496 5644 1725 5715 ἀγαπῶν
1758 5644 1893 5707 υἱὸν,

398 5823 449 5858 τι
479 5814 664 5881 ιιιῖοικ
702 5843 753 5893 ν,
790 5829 877 5883 l5.
953 5826 998 5857 τε
1027 5825 1212 5880 anna.
1240 5838 1352 5889 m,
1380 5823 1473 5878 et.

1585 5824 1631 5855 "‘
1661 5823 1778 5879 Gal.
1816 5838 1874 5886 ιι,
1916 5820 2099 5875 19-21.
2177 5822 2219 5853 ’⁷
2260 5819 2449 5875 Matth.
2505 5835 2561 5885 ιι,
2608 5819 2688 5875 57.

2006 5662 2092 5701 me
2109 5646 2300 5716 dignus
2317 5646 2387 5698 ⁷⁷.
2412 5664 2432 5698 ι
2460 5644 2669 5699 Etenim
2697 5652 2867 5700 mater
2882 5653 2931 5700 et
2952 5635 3577 5713 paterhominis,princi-

3334 5937 3405 5957 ...ι-ι

3574 5861 3635 5903 ’δι
