4096 6212
551 426 681 484 iis?

1579 409 1634 468 S.
1679 413 1945 468 CVRILLI
1985 411 2456 467 ALEXANDRINI
2497 407 2816 466 AllClllEP.

3677 389 3821 473 uss.

550 538 695 605 plum
717 546 770 588 et
793 547 952 588 causa
969 531 1015 586 ei
1037 531 1358 586 exstiterunt
1390 529 1693 597 corporalis
1711 528 1987 583 essentia:
2017 528 2117 582 uni-

2241 529 2577 600 ἦθυγατέρα
2608 529 2747 600 ὑπὲρ
2793 529 2914 598 ἐμὲ,
2949 531 3048 584 οὐκ
3095 531 3209 583 ἔστι
3243 549 3344 601 μου
3366 523 3537 597 ἄξιος.
3562 552 3581 582 ›
3616 535 3817 603 Μήτηρ

551 640 830 681 versorum
902 633 1081 677 autem
1143 622 1282 675 Deus
1317 631 1374 675 et
1431 619 1593 674 Pater
1641 627 1814 675 marte
1859 621 2130 684 detentos,

548 730 605 774 et
664 719 832 771 instar
873 714 1165 769 herbarum
1231 712 1521 776 marcidos,
1551 713 1619 767 ad
1666 711 2129 766 immortalitatem

549 816 644 876 per
673 807 948 861 Christum
999 805 1051 858 iu
1081 801 1286 872 Spiritu
1321 803 1681 873 regenera'vit,
1759 801 2132 868 fortioresque

549 897 783 952 reddidit
837 911 998 965 quam
1033 905 1092 950 ut
1123 896 1395 964 corrumpi
1438 903 1682 965 possent,
1770 904 1825 949 ct
1876 895 2130 949 diuturna

550 998 712 1057 atque
755 987 967 1041 infinita
997 988 1104 1041 vita
1159 986 1462 1041 coronavit.
1505 986 1691 1054 itaque
1721 987 1824 1042 hac
1879 1000 2006 1054 erga
2063 985 2129 1039 il-

549 1079 659 1133 lum
687 1079 953 1134 cbaritate
1005 1094 1109 1133 non
1144 1080 1260 1133 sine
1299 1092 1460 1133 causa
1539 1079 1760 1133 inferior
1795 1089 1878 1134 est
1931 1078 2018 1132 illa
2080 1077 2129 1131 in

548 1180 806 1238 parentes
845 1171 1194 1226 reverentia:
1247 1180 1302 1224 at
1356 1170 1631 1226 Christum
1687 1181 1795 1224 tota
1850 1171 2024 1225 anima
2077 1180 2132 1225 et

550 1263 724 1315 corde
761 1261 1009 1330 diligere,
1058 1271 1114 1315 et
1147 1263 1366 1316 nutibus
1389 1277 1451 1316 ac
1474 1262 1836 1316 sacrosanctis
1893 1262 2129 1316 oraculis

549 1352 799 1421 obsequi,
834 1353 934 1407 hoc
955 1362 1042 1407 est
1085 1354 1213 1406 dare
1242 1367 1338 1420 pro
1383 1363 1627 1422 peccato,
1676 1362 1732 1408 et
1771 1353 1927 1407 simul
1971 1353 2128 1408 fidem

559 1439 613 1492 in
639 1440 787 1495 illum
819 1450 1019 1496 rectam
1043 1451 1098 1496 'et
1125 1442 1714 1511 inculpatmuretiuere.
1743 1444 1956 1497 Videbit
1977 1457 2127 1513 ergo,

549 1533 750 1600 mquit.
778 1534 959 1588 anima
991 1542 1170 1587 vestra
1199 1548 1385 1587 semen
1425 1533 1745 1604 leugaevum.
1801 1523 1922 1590 Vult
1984 1537 2126 1590 enim

550 1623 810 1680 Dominus
833 1625 1049 1680 auferre
1086 1625 1326 1680 laborem
1371 1627 1567 1680 anima:
1595 1627 1736 1696 ejus,
1767 1637 1821 1683 et
1852 1629 1901 1683 ei
1955 1629 2126 1684 lucem

553 1717 865 1781 ostendere,
932 1731 995 1770 ac
1037 1715 1277 1771 formare
1328 1717 1708 1787 intelligentia.
1759 1718 1930 1774 Valde
1983 1721 2126 1774 enim

552 1806 722 1860 tristis
763 1815 899 1869 erat,
941 1816 1067 1860 ante
1091 1809 1381 1877 pretiosam
1410 1824 1651 1874 crucem,
1684 1826 1853 1880 usque
1900 1812 1966 1864 ad
1987 1822 2129 1866 mor-

2236 620 2334 690 μὲν
2377 620 2483 690 γὰρ
2538 619 2830 690 ἀνθρώπου
2863 620 2956 673 καὶ
2989 622 3193 692 πατὴρ,
3224 622 3366 693 ἁρχὴ
3405 623 3501 676 καὶ
3540 625 3820 694 7:969:53-

2232 710 2378 781 αὐτῷ
2405 711 2660 779 γεγόνασι
2697 711 2798 780 τῆς
2827 713 2907 775 είς
2932 712 2995 765 τὸ
3016 707 3155 766 εἶναι
3188 714 3417 783 προόδου
3454 717 3779 786 σωματικῆς
3801 736 3815 749 ·

2231 805 2260 856 6
2288 804 2345 856 δέ
2377 819 2440 871 γε
2471 804 2577 856 τῶν
2605 803 2740 855 ὅλων
2789 802 2921 866 Θεὸς
2955 804 3050 856 καὶ
3089 803 3276 872 Πατὴρ
3301 845 3316 870 ,
3369 798 3819 875 κεκρατημένους

2232 896 2470 966 θανάτῳ,
2494 894 2590 947 καὶ
2631 895 3064 966 μαραινομένους
3094 897 3151 947 ὲν
3189 895 3286 965 ἴσῳ
3321 895 3500 962 πόαις,
3527 897 3819 964 ἀνεγέννη-

2235 1002 2326 1038 σεν
2355 986 2436 1048 εἰς
2480 984 2790 1053 ἀτθαρσίαν
2839 983 2927 1036 διὰ
2975 982 3213 1054 Χριστοῦ
3260 986 3317 1036 ἐν
3360 985 3666 1054 Πνεῦματι,
3722 986 3821 1041 καὶ

2232 1071 2516 1148 κρείττους
2553 1077 2799 1146 ἀπέφηνε
2823 1076 2922 1146 τῆς
2955 1077 3193 1147 φθορᾶς,
3223 1078 3416 1148 μακρᾷ
3459 1078 3552 1131 καὶ
3591 1077 3817 1130 ἀτελευ-

2231 1168 2379 1239 τήτῳ
2412 1167 2758 1236 στεφανώσας
2797 1166 2932 1238 ζωῇ.
2961 1167 3168 1221 Οὐκοῦν
3211 1168 3442 1238 ἥττηται
3497 1167 3564 1221 ἂν
3587 1168 3819 1232 εἰκότως

2229 1259 2330 1328 τῆς
2360 1261 2439 1322 είς
2458 1259 2620 1312 αὑτὸν
2652 1259 2874 1329 ἀγάπης
2901 1260 2934 1328 ἡ
2964 1260 3043 1322 είς
3071 1259 3264 1327 γονέας
3295 1258 3478 1321 αἰδώς*
3513 1259 3574 1312 τὸ
3597 1258 3653 1311 δὲ
3683 1260 3817 1326 ἁγα-

2233 1341 2406 1418 πῆσαι
2435 1349 2667 1419 Χριστὸν
2696 1348 2755 1413 ἐξ
2781 1348 2906 1419 ὅλης
2940 1349 3118 1420 ψυχῆς
3145 1351 3237 1402 καὶ
3265 1350 3493 1419 καρδίας
3513 1387 3528 1412 ,
3565 1349 3658 1402 καὶ⁵
3699 1353 3815 1412 τοῖς

2231 1436 2395 1490 αὐτοῦ
2422 1435 2714 1506 νεύμασιν,
2767 1437 2935 1507 ἤγουν
2979 1438 3142 1508 ἱεροῖς
3177 1437 3536 1508 θεσπίσμασι,
3571 1434 3810 1492 κατακοο

2231 1526 2462 1592 λουθεῖν,
2508 1529 2570 1581 τὸ
2607 1528 2790 1581 δοῦναί
2839 1531 2954 1582 ἐστι
3002 1529 3130 1600 περὶ
3173 1530 3449 1600 ἁμαρτίας
3475 1569 3491 1594 ,
3544 1517 3680 1600 μετὰ
3713 1531 3809 1584 τοῦ

2229 1621 2329 1692 τὴν
2360 1623 2440 1684 είς
2469 1620 2628 1673 αὑτὸν
2664 1621 2842 1674 πίστιν
2872 1619 3046 1691 ὀρθῶς
3099 1633 3158 1672 τε
3194 1619 3289 1674 καὶ
3318 1621 3634 1690 ἀμωμήτως
3659 1622 3813 1690 £109-

2235 1731 2334 1767 σαν
2368 1713 2584 1767 ἑλέσθαι
2625 1716 2832 1786 τηρεῖν.
2866 1713 3093 1782 Ὅψεται
3139 1714 3319 1767 τοίνυν
3360 1715 3393 1783 ἡ
3422 1713 3571 1784 ψυχὴ
3618 1715 3806 1783 ὑμῶν,

2233 1807 2386 1876 φησι,
2422 1805 2645 1876 σπέρμα
2677 1806 2988 1876 μακρόϐιον.
3014 1805 3267 1858 Βούλεται
3294 1805 3402 1876 γὰρ
3439 1805 3644 1876 Κύριος
3699 1807 3809 1873 ἁφ-

551 1905 679 1950 tcm.
727 1897 816 1952 Sic
845 1913 1075 1968 namque
1109 1915 1138 1953 a
1212 1900 1414 1956 sanctis
1463 1903 1809 1972 evangelis'tis
1859 1905 2117 1973 scriptum

2228 1897 2368 1950 ελεῖν
2382 1897 2492 1950 ἀπὸ
2515 1897 2606 1950 τοῦ
2639 1897 2800 1949 πόνου
2823 1895 2920 1964 τῆς
2940 1896 3115 1967 ψυχῆς
3139 1896 3325 1960 αὑτοῦ,
3346 1895 3441 1949 καὶ
3459 1897 3630 1961 δεῖξαι
3657 1897 3805 1968 αὐτῷ

549 1996 650 2040 est.
683 1987 969 2058 Postquam
1003 2005 1130 2044 vero
1162 1990 1385 2046 calcatis
1408 1991 1622 2059 inferis,
1655 1995 1818 2048 tertio
1863 1993 1948 2050 die
1980 1997 2124 2050 revi-

548 2089 723 2143 κει-ιιι,
751 2095 981 2149 moxque
1017 2082 1294 2138 contuitus
1327 2092 1471 2138 esset
1497 2085 1732 2140 hominis
1774 2095 2026 2142 naturam
2064 2089 2117 2142 in

547 2170 726 2235 seipso
767 2170 1208 2228 transformatam
1235 2173 1301 2227 ad
1329 2175 1816 2243 immortalitatem,
1855 2189 1910 2234 et
1939 2175 2032 2234 Dei
2061 2195 2125 2234 ac

548 2258 725 2315 Patris
747 2261 1174 2318 benevolentiam
1243 2274 1338 2334 per
1372 2266 1682 2321 universam
1751 2267 1863 2337 iam
1923 2276 2123 2325 terram

550 2348 895 2416 ampliﬁcari,
930 2366 992 2406 ac
1027 2353 1272 2420 gentium
1317 2352 1712 2408 multitudinem
1747 2357 2122 2412 colIuStratum

550 2437 638 2501 iri,
680 2447 734 2492 et
773 2440 1001 2508 pristino
1036 2457 1097 2496 ac
1131 2443 1288 2496 simul
1313 2458 1436 2498 cum
1475 2444 1614 2512 ipsis
1646 2446 1886 2501 enutrito
1942 2461 2126 2503 errore

548 2527 765 2594 abduci,
791 2539 845 2583 et
869 2531 935 2584 ad
971 2533 1299 2601 agnitionem
1325 2535 1407 2588 sui
1436 2548 1499 2589 ac
1531 2534 1709 2592 Patris
1750 2539 1929 2592 vocari
1966 2556 1977 2592 :
2025 2541 2122 2591 ah-

546 2618 677 2687 iecit
724 2621 998 2689 passionis
1024 2623 1286 2689 laborem,
1317 2633 1373 2679 et
1434 2626 1720 2682 victoriam
1785 2630 1936 2684 dedit
1988 2630 2124 2686 bene

544 2708 928 2766 sentientibus.
1001 2711 1170 2766 Simul
1219 2713 1364 2768 enim
1433 2725 1596 2785 atque
1638 2733 1668 2772 e
1699 2721 1927 2774 mortuis
1983 2724 2126 2776 exci-

550 2810 691 2856 tatus
734 2810 838 2869 est,
873 2812 928 2857 et
971 2804 1096 2872 quia
1157 2805 1328 2862 bonus
1371 2818 1477 2872 est,
1515 2808 1668 2864 valde
1692 2811 1757 2864 de
1812 2813 1994 2867 nmndi
2037 2829 2125 2868 sa-

489 2921 492 2924 ~
547 2891 660 2948 lute
717 2908 782 2948 ac
849 2896 957 2949 vita
1004 2897 1263 2966 gavisus,
1331 2901 1536 2956 sanctis
1608 2902 1885 2972 discipulis
1949 2905 2122 2960 dixit:

547 2983 707 3054 753
745 3002 768 3038 ι
811 2985 940 3042 Data
972 2998 1055 3042 est
1087 2989 1218 3043 mihi
1247 2989 1422 3044 omnis
1469 3001 1705 3058 potestas
1745 3003 1799 3048 et
1831 2996 1880 3049 in
1911 2995 2047 3050 coelo
2076 3006 2130 3051 et

547 3074 603 3128 in
637 3083 802 3130 terra.
860 3077 963 3139 Ite.
1015 3079 1205 3134 docete
1243 3096 1433 3136 omnes
1463 3087 2011 3155 gentes,baptizantes
2033 3102 2127 3141 eos

547 3166 601 3218 in
659 3181 856 3221 nomen
911 3167 1112 3234 Patris,
1149 3181 1203 3223 et
1246 3170 1392 3237 Filii,
1425 3183 1479 3226 et
1520 3176 1692 3227 sancti
1745 3175 1978 3242 Spiritus
2003 3160 2069 3230 ⁷⁸.
2102 3197 2120 3228 ι

2227 1989 2363 2057 φῶς,
2391 1987 2486 2042 καὶ
2515 1987 2716 2041 πλάσαι
2743 1989 2806 2059 τῇ
2845 1987 3076 2041 συνέσει.
3123 1989 3316 2056 Γέγονε
3368 1990 3468 2059 μὲν
3498 1990 3607 2060 γὰρ
3651 1991 3803 2059 περί-

2225 2081 2394 2142 λυπος
2426 2079 2531 2142 ἓως
2559 2078 2789 2132 θανάτου
2829 2078 2934 2149 πρὸ
2969 2078 3064 2131 τοῦ
3091 2079 3274 2158 τιμίου
3310 2078 3569 2150 σταυροῦ·
3596 2081 3803 2153 γέγρα-

2227 2186 2358 2222 πται
2406 2168 2514 2238 γὰρ
2571 2167 2713 2219 οὕτω
2767 2166 2918 2236 παρὰ
2976 2169 3088 2228 τοῖς
3133 2165 3310 2234 ἁγίοις
3366 2167 3797 2237 εὐαγγελισταῖς.

2238 2258 2455 2329 Ἐπειδὴ
2476 2257 2532 2310 δὲ
2558 2258 2801 2329 πατήσας
2827 2255 2918 2310 τὸν
2958 2257 3090 2328 ᾅδην
3116 2257 3317 2312 ἀνεϐίω
3338 2247 3656 2330 τριήμερος,
3683 2255 3803 2313 εἶτα

2224 2349 2474 2403 τεθέαται
2503 2348 2602 2419 τὴν
2630 2347 2917 2418 ἀνθρώπου
2951 2348 3111 2416 φύσιν
3138 2350 3196 2401 ὲν
3223 2349 3403 2420 ἑαυτῷ
3437 2367 3800 2421 μεταμορφω-

2227 2440 2410 2493 θεῖσαν
2433 2441 2514 2503 είς
2545 2439 2874 2510 ἀφθαρσίαν,
2901 2440 2993 2491 καὶ
3013 2440 3112 2509 τὴν
3132 2439 3226 2492 τοῦ
3275 2440 3410 2493 Θεοῦ
3460 2441 3556 2493 καὶ
3587 2441 3802 2511 Πατρὸς

2225 2534 2472 2587 εὐδοκίαν
2501 2533 2680 2603 πάσης
2733 2532 2834 2603 ἤδη
2873 2532 3342 2603 κατευρυνομένην
3387 2533 3485 2601 τῆς
3509 2535 3632 2603 γῆς,
3669 2532 3805 2602 μέλα

2225 2622 2424 2675 λουσὰν
2471 2640 2530 2675 τε
2575 2621 3048 2692 καταφωτίζεσθαι
3081 2623 3187 2675 τῶν
3212 2622 3374 2675 ἐθνῶν
3415 2621 3513 2693 τὴν
3559 2621 3801 2692 πληθὺν,

2227 2715 2320 2767 καὶ
2345 2714 2444 2784 τῆς
2477 2715 2576 2784 μὲν
2605 2714 2836 2785 ἀρχαίας
2881 2714 2975 2767 καὶ
3003 2715 3296 2786 συντρόφου
3327 2715 3538 2785 πλάνης
3569 2715 3805 2784 ἀποφοι-

2225 2807 2344 2875 τᾷν,
2373 2803 2654 2858 καλεῖσθαι
2685 2805 2742 2856 δὲ
2765 2805 2904 2875 πρὸς
2925 2807 3218 2874 ἐπίγνωσιν
3250 2805 3441 2858 ἑαυτοῦ
3472 2823 3532 2858 τε
3587 2807 3682 2859 καὶ
3707 2804 3801 2858 τοῦ

2177 2943 2179 2947 ,
2227 2897 2438 2967 Πατρός
2464 2911 2476 2924 °
2534 2893 2877 2967 ἀποϐέϐληκε
2909 2897 2997 2950 τὸν
3031 2897 3122 2950 ἐπὶ⁵
3146 2897 3222 2966 τῷ
3252 2897 3448 2950 παθεῖν
3479 2897 3640 2950 πόνον
3667 2936 3682 2960 ,
3710 2898 3804 2951 καὶ

2225 2990 2337 3050 τοῖς
2371 2983 2429 3041 εὖ
2457 2987 2712 3058 φρονοῦσι
2739 2988 2938 3042 δέδωκε
2968 2988 3030 3041 τὸ
3062 2991 3237 3060 νικᾷν.
3288 2989 3442 3059 Ἅμα
3473 2989 3582 3059 γὰρ
3613 2991 3677 3042 ὲκ
3717 3007 3803 3042 νε-

2228 3079 2724 3149 κρῶνὲγήγερται,
2764 3079 2858 3132 καὶ⁹
2890 3080 3120 3149 ἐπείπερ
3148 3079 3296 3132 ἐστὶν
3330 3079 3566 3147 ἀγαθὸς,
3617 3079 3802 3150 ἡσθεὶς

2227 3171 2366 3238 ἄγαν
2387 3172 2478 3222 ἐπὶ
2499 3174 2565 3242 τῇ
2597 3169 2690 3224 τοῦ
2714 3171 2918 3240 κόσμου
2942 3171 3186 3242 σωτηρίᾳ
3204 3174 3296 3226 καὶ
3323 3173 3461 3243 ζωῇ,
3484 3175 3595 3234 τοῖς
3628 3172 3804 3240 ἁγίοις

553 3249 611 3304 Si
633 3268 762 3321 ergo
789 3255 1050 3308 dederitis
1085 3271 1183 3324 pro
1205 3266 1445 3323 peccato,
1477 3260 1630 3314 eritis
1664 3260 1824 3314 etiam
1858 3262 1957 3332 ipsi
2009 3263 2117 3317 lon-

2225 3234 2328 3336 é'rpq
2361 3234 2630 3336 μαθηταῖς
2651 3282 2664 3296 ο
2701 3282 2720 3317 ι
2770 3234 2952 3337 Ἰῦδόθη
2994 3234 3264 3337 μοίυπὰσα
3297 3234 3515 3331 ἐξουσία
3535 3267 3592 3320 ἐν
3615 3234 3685 3320 τε⁷
3707 3234 3805 3320 οὐἐ

545 3343 731 3411 giuqui
753 3345 1002 3408 seminis,
1034 3344 1283 3401 videlicet
1311 3356 1624 3404 sanctorum
1651 3353 1963 3421 participes.
1999 3353 2123 3408 Vult

545 3433 690 3487 enim
760 3433 903 3489 Deus
927 3445 984 3490 et
1010 3435 1174 3492 Pater
1215 3437 1430 3493 auferre
1471 3439 1711 3495 laborem
1752 3444 1946 3498 anima:
1983 3445 2117 3513 eius,

544 3526 759 3581 scilicet
821 3527 1047 3595 Christi,
1083 3527 1135 3582 id
1168 3538 1283 3592 est,
1334 3530 1512 3584 crucis
1561 3533 1837 3587 tristitiam
1878 3550 2122 3590 commu-

547 3628 662 3671 tare
701 3619 937 3688 gaudio:
970 3621 1329 3676 monstrando
1374 3620 1447 3676 illi
1493 3623 1782 3679 translatos
1835 3627 1890 3680 in
1925 3626 2117 3692 lucem,

543 3709 634 3778 qui
662 3709 936 3777 quondam
963 3719 1121 3765 erant
1153 3711 1413 3775 tenebrae.
1464 3712 1517 3767 id
1554 3725 1656 3778 est,
1707 3716 1798 3785 qui
1848 3718 2117 3785 quondam

549 3809 876 3854 erraverunt
903 3818 917 3853 :
951 3801 1148 3869 quibus
1172 3801 1336 3855 etiam
1363 3804 1796 3871 sapientissimus
1825 3807 2024 3862 Paulus
2063 3810 2116 3863 in

544 3889 783 3960 Epistola
831 3893 1042 3957 scribit,
1096 3891 1279 3949 dicens
1311 3914 1324 3949 :
1363 3913 1381 3946 ‹
1411 3897 1510 3962 Qui
1553 3899 1824 3966 quondam
1858 3901 2116 3965 tenebrze,

545 3998 689 4038 nunc
728 3983 910 4040 autem
955 3985 1046 4039 lux
1080 3988 1148 4049 in
1189 3988 1416 4043 Domino
1441 3990 1506 4041 ⁷⁹.
1544 4009 1562 4041 ι
1605 3990 1730 4044 Vult
1765 3992 2000 4047 fortunare
2030 3993 2116 4046 in-

545 4075 859 4145 telligentia.
895 4077 1038 4145 Quid
1071 4091 1252 4136 autem
1290 4081 1392 4136 hoc
1420 4082 1511 4146 sit,
1541 4083 1754 4136 docebit
1779 4084 2118 4151 sapientissi-

542 4183 663 4223 mus
706 4167 926 4237 Paulus,
970 4187 1093 4225 cum
1135 4173 1306 4228 dicit:
1348 4193 1366 4225 ι
1393 4174 1503 4228 Nos
1525 4175 1667 4227 euim
1697 4189 1888 4229 onmes
1912 4185 2114 4229 retecta

540 4255 680 4312 facie
705 4258 930 4328 gloriam
964 4259 1176 4315 Domini
1213 4263 1572 4331 speculantes,
1604 4265 1669 4317 ad
1703 4265 1944 4318 eamdem
1983 4268 2115 4318 imm-

539 4347 716 4416 ginem
744 4350 1220 4416 transformamur,
1251 4367 1277 4405 a
1304 4352 1470 4421 gloria
1499 4355 1552 4408 iu
1575 4355 1826 4424 gloriam,
1857 4363 2112 4426 tanquam

540 4455 570 4492 a
605 4440 814 4495 Domini
858 4440 1061 4512 Spiritu
1086 4443 1152 4494 ⁸ο.
1181 4463 1199 4494 ι
1234 4442 1333 4510 Qui
1386 4446 1528 4500 enim
1574 4457 1868 4501 versantur
1904 4448 1954 4500 in
1986 4462 2110 4516 pec-

538 4531 697 4598 catis,
743 4542 799 4588 et
841 4545 1148 4590 creaturam
1180 4551 1288 4605 pra:
1319 4537 1577 4593 Creatore
1620 4539 1824 4605 colunt,
1867 4539 2109 4593 deforme

540 4621 849 4675 habentcor
871 4624 1051 4692 aliquo
1072 4629 1253 4691 modo,
1277 4637 1331 4680 et
1359 4631 1594 4683 animum
1619 4628 1995 4685 ftedissimum.
2026 4629 2103 4682 Ad

538 4707 825 4775 quemdam
864 4713 1027 4778 igitur
1052 4714 1250 4767 dictum
1295 4728 1379 4768 est
1426 4733 1557 4770 voce
1598 4717 1887 4775 Jeremitcz
1923 4739 1941 4772 ι
1971 4720 2108 4774 Ecce

540 4815 644 4854 non
690 4810 818 4856 sunt
867 4803 1009 4855 oculi
1057 4806 1154 4869 tui,
1201 4820 1299 4859 nec
1343 4823 1438 4861 cor
1484 4819 1630 4863 tuum
1669 4812 1951 4879 pulchrum
1978 4814 2045 4866 ⁸⁸.
2083 4834 2101 4866 ι

540 4892 647 4946 Sed
690 4907 812 4946 cum
869 4892 1025 4947 Iidem
1067 4893 1121 4947 in
1159 4892 1432 4950 Christum
1478 4899 1899 4968 amplectuntur,
1935 4913 2108 4958 trans-

541 4987 845 5038 tormantur
885 4983 1298 5054 intelligibiliter
1333 4987 1400 5040 ad
1431 4988 1664 5042 divinam
1694 4988 1809 5054 ejus
1841 4999 1895 5044 et
1923 4991 2104 5045 excel-

539 5072 737 5130 lentem
780 5074 1254 5144 pulchritudinem.
1297 5075 1497 5133 Scribit
1529 5078 1806 5135 enimvero
1836 5083 1903 5136 ad
1938 5097 2102 5151 quos-

537 5163 660 5217 dam
704 5163 1139 5233 sapientissimus
1186 5164 1385 5220 Paulus
1414 5183 1428 5218 :
1459 5183 1479 5218 ι
1505 5163 1702 5228 Filioli,
1738 5182 1874 5236 quos
1904 5168 2099 5222 iterum

536 5255 805 5324 parturio,
852 5256 1030 5324 quoad
1082 5255 1344 5312 formetur
1390 5257 1444 5312 in
1498 5257 1653 5314 vobis
1701 5258 1952 5315 Christus
1976 5259 2041 5312 ⁸².
2077 5279 2095 5311 ι

536 5342 660 5398 Vult
709 5355 888 5399 autent
920 5347 1064 5401 :Deus
1087 5357 1146 5400 et
1178 5346 1338 5402 Pater
1369 5348 1750 5419 intelligentia,
1775 5351 1829 5405 id
1861 5362 1943 5407 est
2003 5368 2099 5408 sua

532 5435 819 5504 sapientia,
854 5437 1035 5492 divina
1071 5438 1301 5504 scilicet,
1332 5454 1427 5494 eos
1455 5441 1546 5509 qui
1580 5441 1629 5494 iu
1661 5442 1836 5511 ipsum
1870 5445 2101 5499 credunt

533 5525 789 5593 formare,
848 5528 1063 5597 ipsique
1088 5529 1416 5597 ,coniormes
1468 5531 1690 5587 reddere
1729 5547 1828 5603 per
1861 5535 2098 5588 sanctiﬁ-

532 5621 796 5676 cationem
832 5621 884 5674 in
927 5621 1141 5690 spiritu.
1182 5641 1204 5674 ι
1237 5621 1394 5690 Nam,
1427 5624 1642 5695 inquit,
1669 5643 1802 5696 quos
1837 5629 2005 5693 novit,
2041 5638 2095 5682 et

2224 3355 2392 3426 ρανῷ,
2419 3357 2511 3408 καὶ
2539 3356 2632 3409 ἐπὶ
2658 3357 2779 3427 γῆςδ
2814 3359 3166 3429 πορευθέντες
3214 3359 3594 3430 μαθητεύσατε
3625 3359 3802 3412 πάντα

2219 3446 2287 3499 τὰ
2324 3447 2475 3516 ἔθνη,
2512 3448 2866 3517 βαπτίζοντες
2895 3450 3092 3513 αὐτοὺς
3140 3451 3220 3512 είς
3251 3450 3312 3504 τδ
3348 3449 3519 3520 ὄνομα
3563 3435 3655 3506 τοῦ
3684 3451 3800 3504 Πα-

2220 3539 2365 3609 τρὺς,
2401 3539 2610 3593 καὶτοῦ
2637 3540 2787 3604 Υίοῦ,
2814 3542 2906 3594 καὶ
2932 3542 3025 3594 τοῦ
3067 3542 3222 3610 ἁγίου
3248 3541 3588 3611 [Ινεύματος.
3617 3560 3634 3592 ι
3655 3542 3798 3594 Οὐκ-

2219 3629 2313 3682 οῦν
2333 3631 2425 3682 ἐὰν
2441 3630 2573 3683 δῶτε
2593 3631 2720 3701 περὶ
2746 3632 3039 3702 ἁμαρτίας,
3059 3630 3252 3684 ἔσεσθε
3279 3632 3499 3702 μέτοχοι
3526 3633 3622 3684 καὶ
3646 3631 3800 3685 αὐτοὶ

2223 3721 2520 3792 μακροϐίου
2551 3723 2886 3792 σπέρματος,
2915 3721 3012 3776 τοῦ
3043 3721 3146 3775 τῶν
3175 3722 3344 3789 ἁγίων
3364 3723 3640 3792 δηλονότι.
3667 3721 3798 3774 Βού-

2217 3812 2366 3866 λεται.
2392 3813 2502 3883 γὰρ
2530 3815 2558 3865 6
2577 3813 2709 3876 Θεὸς
2738 3815 2830 3867 καὶ
2862 3813 3050 3883 Πατὴρ
3088 3813 3305 3881 ἀφελεῖν
3337 3813 3448 3868 ἀπὸ
3497 3813 3592 3867 τοῦ
3635 3813 3796 3866 πόνου

2218 3903 2315 3972 τῆς
2337 3903 2516 3973 ψυχῆς
2539 3903 2724 3968 αὑτοῦ,
2752 3905 2910 3976 δῆλον
2938 3905 2994 3958 δὲ
3017 3906 3100 3958 ὅτι
3123 3905 3383 3976 Χριστοῦ,
3408 3905 3680 3966 τουτέστι,
3696 3903 3796 3973 τὴν

2217 3996 2308 4047 ἐπὶ
2336 3994 2414 4064 τῷ
2442 3995 2658 4066 σταυρῷ
2688 3995 2863 4067 λύπην
2894 3997 3232 4066 μεταστῆσαι
3261 3984 3396 4066 πρὸς
3442 3997 3650 4066 χαρὰν,
3703 3996 3793 4048 διὰ

2215 4086 2307 4140 τοῦ
2336 4088 2505 4152 δεῖξαι
2529 4087 2677 4158 αὐτῷ
2711 4087 3174 4158 μεταποιηθέντας
3198 4089 3278 4152 είς
3321 4087 3437 4156 φῶς
3480 4087 3605 4149 τούς
3655 4103 3788 4140 ποτε

2218 4177 2429 4241 σκότος,
2459 4179 2704 4231 τουτέστι
2732 4178 2858 4240 τούς
2891 4195 3021 4231 ποτε
3064 4178 3465 4248 πλανωμένους
3504 4172 3587 4241 οἷς
3638 4177 3734 4230 καὶ
3760 4179 3792 4230 6

2216 4270 2490 4338 πάνσοφος
2511 4271 2721 4333 Παῦλος
2748 4269 3074 4336 ἐπιστέλλει,
3105 4269 3279 4337 λέγων
3302 4286 3316 4300 ·
3351 4289 3371 4320 ι
3395 4270 3458 4322 Oi
3494 4269 3626 4322 ποτὲ
3659 4269 3786 4322 σκό-

2213 4376 2325 4421 τος,
2361 4361 2476 4413 νυνὶ
2500 4360 2557 4413 δὲ
2595 4361 2711 4429 φῶς
2750 4361 2808 4414 ἐν
2860 4360 3069 4432 Κυρίῳ.
3097 4379 3116 4413 ι
3153 4359 3410 4414 Βούλεται
3462 4360 3668 4413 πλάσαι
3723 4361 3784 4429 τῇ

2216 4449 2447 4503 συνέσει.
2486 4451 2594 4504 Καὶ
2625 4451 2676 4503 τί
2699 4451 2762 4522 δὴ
2794 4451 2952 4504 τοῦτό
2972 4453 3123 4517 ἐστι,
3151 4452 3350 4516 διδάξει
3384 4452 3560 4520 λέγων
3595 4453 3626 4503 ὁ
3657 4452 3788 4505 πᾶν·

2215 4556 2376 4610 σοφος
2398 4539 2608 4607 Παῦλος
2627 4559 2642 4573 ο
2671 4559 2690 4591 ι
2721 4542 2908 4611 Ἡμεῖς
2927 4541 3035 4612 γὰρ
3062 4542 3260 4606 πάντες
3283 4543 3785 4614 ἀνακεκαλυμμένῳ

2211 4631 2484 4702 προσώπῳ
2509 4631 2608 4702 τὴν
2634 4632 2792 4698 δόξαν
2812 4633 3016 4704 Κυρίου
3031 4635 3536 4704 κατοπτριζόμενοι,
3566 4636 3668 4705 τὴν
3691 4636 3786 4688 αὖ-

2206 4723 2304 4793 τὴν
2353 4723 2536 4776 είκὸνα
2595 4726 3093 4796 μεταμορφούμεθα
3133 4716 3242 4779 ἀπὸ
3278 4725 3437 4796 δόξης
3469 4729 3552 4790 εἰς
3589 4727 3785 4790 δόξαν,

2207 4812 2457 4882 καθάπερ
2485 4814 2591 4866 ἀπὸ
2621 4816 2828 4887 Κυρίου
2856 4816 3190 4886 Πνεῦματος.
3215 4835 3234 4869 ι
3266 4819 3328 4870 Oi
3359 4818 3461 4888 μὲν
3490 4821 3600 4886 γὰρ
3638 4821 3788 4881 ὄντες

2206 4904 2264 4956 ὲν
2293 4899 2615 4973 ἁμαρτίαις,
2646 4906 2739 4959 καὶ
2763 4906 2860 4977 τὴν
2886 4908 3064 4961 κτίσιν
3097 4907 3249 4978 παρὰ
3285 4899 3376 4961 τὸν
3415 4909 3661 4978 Κτίστην
3694 4909 3786 4961 λα-

2207 4993 2510 5065 τρεύοντες,
2569 4994 2786 5066 δυσειδῆ
2845 5014 2961 5062 πως
3006 4997 3188 5068 ἔχουσι
3217 4999 3314 5070 τὴν
3370 4998 3634 5068 καρδίαν,
3690 5000 3783 5051 καὶ

2207 5085 2610 5155 ἀκαλλεστάτην
2665 5087 2866 5158 σφόδρα
2924 5086 3022 5158 τὴν
3071 5089 3329 5143 διάνοιαν.
3377 5089 3612 5158 Εἴρηται
3653 5089 3782 5157 γοῦν

2208 5175 2346 5246 πρός
2380 5193 2500 5229 τινα
2529 5177 2618 5231 διὰ
2646 5178 3026 5249 τῆςΊερεμίου
3051 5180 3234 5249 φωνῆς
3254 5198 3268 5210 ο
3293 5199 3311 5230 ι
3357 5180 3489 5232 Ἰδοὺ
3509 5180 3610 5232 οὐκ
3643 5180 3782 5232 εἰσὶν

2205 5266 2254 5318 οί
2285 5265 2554 5336 ὀφθαλμοί
2583 5283 2696 5331 σου,
2728 5267 2847 5320 οὐδὲ
2879 5268 2912 5337 ἡ
2937 5269 3136 5337 καρδία
3163 5285 3254 5321 σου
3293 5267 3455 5337 καλή.
3477 5287 3500 5318 ο
3530 5268 3784 5320 Ἐπειδὰν

2207 5356 2262 5408 δὲ
2308 5359 2406 5426 τὴν
2449 5359 2529 5422 είς
2572 5357 2806 5428 Χριστὸν
2841 5358 3269 5429 παραδέξωνται,
3313 5359 3782 5429 μεταπλὰττονται

2206 5448 2412 5519 νοητῶς
2445 5449 2580 5519 πρὸς
2604 5450 2665 5502 τὸ
2695 5450 2837 5504 θεῖον
2875 5449 3039 5503 αὐτοῦ
3099 5452 3192 5504 καὶ
3233 5451 3508 5522 ἐξαίρετον
3559 5450 3792 5511 κάλλος.

2205 5540 2409 5610 Γράφει
2441 5540 2573 5609 γοῦν
2603 5559 2741 5595 τισιν
2762 5545 2790 5596 6
2824 5543 3100 5613 πάνσοφος
3132 5543 3338 5606 Παῦλος
3357 5560 3370 5572 ·
3399 5561 3418 5593 ι
3443 5541 3661 5607 Τεκνία,
3685 5540 3784 5603 οὓς

2204 5632 2364 5686 πάλιν
2393 5633 2585 5700 ὠδίνω,
2637 5636 2793 5705 ἄχρις
2823 5629 2884 5690 οὗ
2917 5637 3178 5708 μορφωθῇ
3217 5635 3450 5706 Χριστος
3476 5637 3532 5687 ὲν
3565 5635 3714 5705 ὑμῖν.
3751 5652 3777 5684 ι

597 5801 642 5832 ⁷⁸
671 5800 859 5856 Matth.
899 5815 1050 5865 xvm,
1084 5802 1262 5869 18,19.
1339 5808 1382 5841 τ’
1421 5807 1462 5862 ll
1503 5808 1627 5864 Cor.
1669 5827 1742 5874 xi,
1778 5810 1858 5864 ἰαί.
1935 5811 1979 5844 ⁸ο
2025 5809 2060 5861 ll
2103 5813 2117 5862 ι

2220 5851 2225 5863 ,
2261 5827 2342 5873 ιιι,
2372 5812 2455 5869 l8.
2537 5816 2577 5846 ‘“
2615 5812 2721 5870 Jer.
2757 5832 2889 5881 xxtt,
2935 5817 3018 5870 17.
3097 5817 3141 5848 ⁸³
3181 5816 3300 5871 Gul.
3346 5833 3416 5880 tv,
3465 5813 3548 5873 l9.
