4096 6212
386 403 519 458 ii89

1514 408 1583 461 IN
1626 406 1858 463 ISAIAM
1903 407 2031 464 LIB.
2075 408 2138 466 V.
2183 408 2422 464 TOMUS
2463 411 2500 463 Ι.

3496 413 3623 466 “fill

365 497 640 571 ’Βούλεται
668 520 846 574 τοίνυν
864 522 892 575 ό
919 521 1052 586 Θεὸς
1101 525 1194 576 καὶ
1229 519 1421 596 Πατὴρ
1447 526 1514 596 τῇ
1546 524 1779 589 συνέσει,
1804 543 1961 578 τουτ-

2067 526 2476 596 praedestinavit
2525 525 2826 578 conl‘ormes
2881 524 3098 593 imagini
3148 525 3268 579 Filii
3302 527 3406 591 sui,
3453 528 3548 581 hos
3576 532 3630 578 et

383 611 498 663 ἐστι
521 612 583 680 τῇ
615 609 808 664 ἑαυτοῦ
845 612 1033 683 σοφία,
1054 613 1346 685 θεοπρεπεῖ
1371 615 1428 668 δὲ
1449 615 1714 686 δηλονότι,
1739 615 1967 668 διαπλά-

383 718 472 755 σαι
501 702 637 772 πρὸς
661 702 824 756 αὑτὸν
861 704 989 766 τοὺς
1013 704 1390 770 πιστεύοντας,
1434 707 1715 778 ’ἀποφῆναί
1741 725 1798 760 τε
1830 725 1965 778 συμ-

385 793 625 865 μόρφους
656 794 804 866 αύτῷ
833 796 900 848 δι’
931 795 1204 866 ἀγιασμοῦ
1241 798 1298 850 ὲν
1321 797 1613 868 πνεύματι,
1659 818 1677 850 ι
1708 798 1814 862 Οὓς
1854 800 1965 870 γάρ

381 881 541 949 ἅγνω,
582 882 738 954 φησὶ,
793 885 889 937 καὶ
919 884 1196 956 προώρισε
1243 887 1602 958 συμμόρφους
1633 888 1731 957 τῆς
1760 890 1964 954 εἰκόνος

381 970 476 1024 τοῦ
525 972 651 1025 Υίοῦ
685 972 873 1039 αὐτοῦ,
925 974 1150 1038 τούτους
1200 977 1295 1029 καὶ
1334 977 1581 1031 ὲκάλεσε.
1617 996 1639 1029 ⁷)
1679 979 1878 1032 Κτίσαι
1908 979 1963 1032 δὲ

381 1063 596 1130 λέγεται
648 1062 779 1125 Θεὸς
811 1063 904 1116 καὶ
934 1064 1062 1126 τοὺς
1092 1064 1186 1117 δύο
1223 1065 1384 1128 λαοὺς
1415 1067 1494 1128 είς
1521 1066 1620 1120 ἕνα
1649 1067 1835 1121 καινὸν
1869 1068 1964 1121 ἄν-

383 1153 886 1224 θρωπον.Βούλεται
910 1153 988 1222 δὲ,
1009 1150 1183 1226 οἶμαι,
1202 1157 1229 1209 ό
1244 1156 1394 1219 Θεὸς,
1423 1157 1516 1209 καὶ
1544 1156 1732 1228 Πατὴρ
1746 1159 1964 1211 δικαιῶ-

384 1259 472 1294 σαι
492 1242 723 1306 δίκαιον,
755 1239 812 1297 εὖ
845 1244 1162 1299 δουλεύοντα
1192 1247 1426 1310 πολλοῖς,
1451 1248 1664 1310 καὶτὰς
1689 1248 1962 1317 ἁμαρτίας

381 1333 560 1387 αὐτῶν
589 1335 749 1399 αὐτὸς
777 1337 988 1408 ἀνήσει.
1037 1338 1094 1391 '0
1116 1339 1220 1408 ,μὲν
1243 1335 1337 1392 οὖν
1387 1337 1592 1402 δίκαιος
1613 1335 1672 1392 εὖ
1702 1339 1963 1392 δουλεύων

383 1423 614 1489 πολλοῖς,
637 1426 854 1498 νοηθείη
883 1427 949 1481 ἂν
969 1429 1067 1498 οὐχ
1087 1428 1295 1499 ἕτερος,
1330 1424 1503 1499 οἶμαι,
1541 1431 1630 1491 τίς
1654 1470 1667 1491 ,
1721 1429 1871 1499 παρά
1901 1445 1963 1496 γε

381 1515 471 1566 τὸν
519 1515 721 1588 Κύριον
769 1519 924 1588 ήμῶν
965 1517 1170 1589 Ἰησοῦν
1190 1518 1279 1570 τὸν
1310 1519 1564 1589 Χριστόν.
1591 1520 1664 1572 Ού
1702 1520 1809 1590 γὰρ
1833 1515 1964 1589 ἦ).οε

2067 616 2279 670 vocavit
2307 616 2418 668 ".t
2471 616 2539 668 Et
2582 614 2888 668 condidisse
2933 615 3132 668 dicitur
3176 616 3313 670 Dens
3363 617 3414 670 itt
3467 635 3634 671 unum

2065 723 2262 764 novum
2317 709 2591 764 hominem
2633 707 2769 762 duos
2816 707 3074 778 populos;
3124 708 3363 778 vultque,
3419 711 3635 778 opinor,

2067 800 2206 855 Deus
2261 799 2500 856 etPater
2536 799 2839 866 justiﬁeare
2877 799 3078 867 justum
3124 799 3260 854 bene
3307 801 3632 855 servientem

2067 893 2271 958 multis,
2320 901 2374 948 et
2423 903 2641 961 peccata
2686 905 2872 945 eorum
2901 891 3014 959 ipse
3043 890 3296 945 remittet.
3326 891 3508 946 Justus
3537 907 3603 944 au
3622 922 3634 932 -

2071 995 2178 1040 tem
2231 985 2369 1040 bene
2422 985 2665 1038 serviens
2720 982 2921 1049 multis,
2961 999 3067 1037 non
3107 984 3270 1048 alius,
3298 991 3355 1037 ut
3378 985 3632 1047 arbitror,

2011 1129 2020 1132 _
2065 1077 2354 1146 quisquam
2381 1075 2607 1145 intelligi
2637 1083 2832 1142 potest,
2865 1083 3058 1143 praeter
3086 1075 3368 1128 Dominum
3394 1083 3633 1128 nostrum

2063 1167 2245 1223 Jesum
2281 1168 2575 1222 Christum.
2622 1164 2738 1221 Non
2775 1167 2918 1219 enim
2955 1167 3098 1220 venit
3123 1176 3179 1220 ut
3204 1168 3249 1220 ei
3278 1167 3634 1232 ministretur,

2063 1259 2220 1312 sicuti
2247 1259 2360 1327 ipse
2391 1257 2467 1310 ait
2493 1256 2561 1318 ⁸⁸,
2619 1257 2711 1309 sed
2756 1263 2814 1309 ut
2844 1255 3110 1308 ministret
3141 1255 3339 1322 potius,
3391 1256 3636 1308 inhuma-

2067 1349 2300 1400 nationis
2364 1345 2785 1414 dispensatione.
2865 1343 3000 1397 llinc
3083 1346 3254 1398 visum
3336 1355 3417 1398 est
3479 1345 3640 1400 beato

2065 1437 2232 1491 Paulo
2271 1453 2391 1490 eum
2429 1438 2737 1490 ministrum
2776 1436 2974 1489 dicere.
3023 1434 3112 1487 Ait
3150 1436 3292 1489 enim
3329 1435 3395 1488 de
3434 1438 3549 1504 lege
3581 1447 3636 1490 et

2063 1527 2212 1582 Novo
2247 1528 2597 1582 Testamento
2631 1545 2645 1580 :
2690 1545 2708 1577 ι
2741 1526 2798 1580 Si
2826 1528 2970 1580 enim
2994 1526 3348 1580 ministerium
3382 1527 3636 1580 condem-

381 1606 782 1678 διακονηθῆναι,
823 1609 970 1663 καθὰ
995 1626 1157 1679 φησιν
1178 1609 1362 1674 αὐτὸς,
1389 1609 1708 1679 διακονῆσαι
1741 1611 1796 1662 δὲ
1826 1610 1961 1680 μᾶλ-

2067 1621 2299 1674 nationis
2341 1620 2506 1687 gloria
2563 1617 2819 1687 (gloriosa
2875 1619 3016 1671 enim
3069 1616 3209 1670 facta
3273 1628 3390 1671 erat
3438 1617 3639 1688 Moysis

383 1697 492 1762 λον,
523 1700 662 1752 κατά
682 1700 780 1770 τὴν
813 1702 910 1771 τῆς
941 1701 1404 1771 ὲνανθρωπήσεως
1422 1701 1967 1773 οἱκονομίαν.Ταύτῃ-

2067 1717 2360 1782 persona),
2405 1711 2572 1764 multo
2822 1711 2992 1779 magis
3029 1709 3240 1763 excellit
3275 1710 3631 1782 ministerium

381 1801 463 1842 τοι
493 1788 737 1843 διάκονον
764 1791 932 1843 ἐδόκει
955 1791 1133 1859 λέγειν
1160 1790 1237 1860 τῷ
1260 1791 1512 1861 μακαρίῳ
1557 1791 1769 1861 Παύλῳ.
1818 1793 1958 1862 Ἔφη

2067 1779 2280 1867 iustitia:
2321 1779 2370 1854 in
2401 1799 2567 1869 gloria
2597 1779 2664 1852 δέ.
2695 1779 2725 1850 ί»
2750 1779 2942 1854 ]ιιειιιε
2971 1799 3132 1867 igitur
3156 1808 3209 1852 et
3245 1779 3631 1868 irreplehcnsi-

384 1881 491 1953 γὰρ
526 1883 729 1952 περίτε
760 1882 851 1935 τοῦ
874 1884 1037 1954 νόμου
1077 1885 1171 1937 καὶ
1197 1887 1294 1954 τῆς
1323 1885 1527 1955 Καινῆς
1560 1885 1959 1955 ΔιαθήκηςίΕί

2067 1891 2185 1945 bilis
2222 1889 2493 1954 Christus,
2529 1890 2665 1943 bene
2693 1889 2932 1943 serviens
2970 1889 3174 1944 multis.
3204 1888 3453 1942 Formam
3489 1889 3630 1942 enim

385 1975 490 2044 γὰρ
514 1976 544 2038 ἡ
572 1975 813 2027 διακονία
839 1976 937 2045 τῆς
963 1975 1339 2047 κατακρίσεως
1364 1975 1490 2039 δόξα
1528 1974 1838 2047 (δεδόξαστο
1851 1975 1960 2045 γὰρ

2067 1980 2202 2033 servi
2251 1979 2458 2047 aecepit
2505 1977 2646 2031 Deus
2697 1975 2952 2054 Vprbum,
2986 1991 3090 2029 non
3125 1985 3181 2030 ut
3211 1979 3482 2045 propriam
3515 1978 3634 2045 ipse

384 2064 445 2114 τὸ
475 2065 716 2128 Μωσέως
737 2068 1072 2138 πρόσωπον),
1093 2066 1271 2138 πολλῷ
1308 2067 1507 2137 μᾶλλον
1530 2066 1775 2138 διαφέρει
1801 2065 1964 2136 ήδια-

387 2153 539 2207 κονία
570 2156 669 2226 τῆς
699 2157 1046 2230 δικαιοσύνης
1073 2160 1131 2211 ὲν
1160 2159 1306 2232 δόξῃ.
1332 2178 1353 2211 s
1387 2159 1605 2222 Δίκαιος
1653 2158 1834 2212 τοίνυν
1866 2159 1962 2212 καὶ

383 2249 615 2317 ἄμωμος
636 2251 665 2302 ό
687 2251 920 2320 Χριστὸς
951 2247 1010 2304 εὖ
1040 2251 1305 2305 δουλεύων
1354 2252 1587 2314 πολλοῖς.
1623 2250 1825 2304 Ἔλαῦε
1853 2250 1963 2322 γὰρ

382 2336 570 2391 δούλου
600 2341 813 2410 μορφὴν
838 2341 969 2404 Θεὸς
1001 2341 1076 2394 ὢν
1097 2345 1126 2396 ό
1154 2343 1346 2411 Λόγος,
1371 2343 1470 2412 ούχ
1498 2343 1584 2395 ἵνα
1611 2341 1708 2412 τὴν
1753 2341 1963 2394 οἰκείαν

384 2428 546 2492 αὐτὸς
578 2432 750 2503 ὀνήσῃ
771 2432 953 2500 φύσιν,
985 2433 1100 2487 ἀλλ’
1130 2437 1262 2506 ήμῖν
1288 2435 1383 2488 καὶ
1421 2434 1581 2488 τοῦτο
1601 2433 1960 2504 δωρούμενος,

385 2519 479 2572 καὶ
516 2518 705 2588 ὥσπερ
757 2521 879 2574 τινὰ
927 2522 1200 2577 διακονίαν
1229 2524 1565 2594 ἀποπληρῶν
1599 2524 1679 2585 εἰς
1704 2523 1868 2591 ἡμᾶς,
1897 2520 1962 2575 δι’

383 2603 450 2687 ἧς
477 2611 570 2663 καὶ
593 2611 934 2681 σεσώσμεθα.
963 2611 1278 2666 Δικαιοῠταί
1300 2630 1365 2682 γε
1401 2614 1509 2684 μὴν
1532 2613 1632 2684 τὴν
1664 2614 1757 2666 τοῦ
1790 2614 1962 2666 δοκεῖν

384 2693 523 2752 εἶναι
547 2701 803 2771 πονηρὸς,
843 2703 961 2772 ἦτοι
978 2701 1202 2765 δικαίως
1226 2700 1420 2757 παθεῖν
1445 2701 1539 2753 τὸν
1563 2702 1656 2753 ἐπὶ
1681 2700 1837 2765 ξύλου
1865 2699 1962 2754 0dr-

384 2805 563 2854 νατον,
599 2789 834 2860 ὑποψίαν
863 2791 1302 2861 ἀποκρουόμενος
1324 2790 1411 2844 διὰ
1434 2790 1529 2843 τοῦ
1565 2791 1660 2844 καὶ
1689 2791 1842 2853 δίκας
1870 2791 1963 2842 ὲκ-

385 2883 535 2932 τῖσαι
564 2879 665 2949 τῆς
691 2883 771 2944 είς
810 2881 972 2935 αὐτὸν
1006 2881 1324 2943 δυσσεϐείας
1351 2881 1480 2944 τοὺς
1508 2881 1567 2948 ἐξ
1608 2881 1841 2952 Ἰσραὴλ,
1873 2881 1966 2933 καὶ

387 2969 482 3024 τοῦ
504 2970 814 3053 βασιλεῦσαι
840 2976 954 3037 τοῖς
983 2975 1074 3026 ὑπ’
1094 2972 1320 3044 οὐρανὸν
1347 2973 1604 3026 ἀπάντων
1630 2971 1780 3042 αὐτῷ
1803 2984 1969 3041 προσ-

2063 2081 2314 2124 naturam
2347 2068 2649 2136 adiuvaret,
2683 2067 2774 2123 sed
2799 2067 2956 2121 nobis
2997 2067 3097 2120 hoc
3127 2065 3354 2133 donans,
3392 2073 3444 2120 et
3475 2067 3633 2120 veluti

2064 2161 2297 2229 quodam
2340 2159 2392 2213 in
2427 2173 2524 2213 nos
2557 2159 2789 2227 fungens
2825 2157 3153 2218 ministerio,
3189 2171 3295 2226 quo
3327 2156 3487 2211 etiam
3517 2171 3636 2210 ser-

2064 2249 2174 2302 vati
2219 2263 2427 2304 suntus.
2459 2247 2798 2302 Justilicatur
2831 2256 3038 2312 autem,
3069 2245 3194 2299 dum
3221 2259 3340 2298 eam
3369 2246 3635 2313 suspicio»

2064 2355 2185 2394 nem
2225 2340 2499 2403 amolitnr,
2539 2353 2641 2408 qua
2693 2337 2868 2391 malus
2899 2351 3040 2400 esse,
3071 2337 3290 2403 etjuste
3323 2347 3548 2389 mortem
3580 2337 3634 2389 itt

2058 2431 2212 2501 ligno
2247 2445 2438 2500 passus
2464 2430 2750 2482 videbatur
2779 2443 2794 2480 :
2832 2436 2946 2479 tum
2975 2427 3117 2495 quod
3158 2439 3346 2494 poenas
3378 2426 3638 2480 solverint

2065 2539 2178 2578 sua:
2196 2525 2247 2577 in
2267 2523 2416 2577 illum
2436 2521 2741 2590 impietatis
2756 2518 3032 2580 Israelitae,
3049 2529 3158 2572 tum
3191 2521 3312 2588 quia
3334 2519 3640 2573 dominetur

2063 2615 2179 2667 orbi
2225 2617 2615 2678 terrarum‘,et
2657 2611 2910 2666 omnibus
2945 2610 3010 2662 ad
3051 2625 3172 2664 eum
3218 2610 3637 2665 accnrrentibus

2065 2705 2506 2777 gentibusuQuod
2531 2704 2678 2758 enim
2699 2713 2892 2773 potens
2917 2702 3272 2757 ministerium
3301 2705 3498 2758 habeat
3523 2705 3637 2756 haec

2065 2797 2460 2852 incarnationis
2523 2795 2690 2858 ratio,
2742 2795 2980 2848 ostendit
3031 2809 3152 2847 cum
3207 2795 3320 2847 ait:
3363 2794 3472 2847 «Et
3525 2795 3639 2862 ipse

2068 2898 2288 2955 peccata
2364 2899 2552 2940 eorum
2639 2885 2901 2938 remittet.
2951 2902 2972 2935 ι
3045 2881 3115 2936 Ut
3165 2884 3306 2937 enim
3359 2895 3639 2953 peccatum

2068 2985 2339 3031 averteret
2390 2991 2420 3029 a
2471 2977 2692 3039 mundo,
2746 2977 2858 3042 ipse
2902 2975 2953 3028 itt
2991 2988 3050 3028 se
3081 2975 3207 3028 illud
3239 2978 3547 3043 assumpsit,
3588 2987 3641 3026 (ιι

385 3061 805 3133 διδραμηκότων
833 3063 1024 3118 ἐθνῶν.
1056 3066 1178 3118 Ὀτι
1205 3065 1314 3135 γάρ
1343 3062 1622 3126 διακονίας
1650 3063 1801 3133 ἰσχὺν
1821 3064 1850 3114 ὁ
1871 3063 1967 3132 τῆς

2072 3082 2214 3122 unus
2247 3082 2347 3136 pro
2388 3067 2638 3122 omnibus
2669 3075 2913 3119 mortuus
2941 3075 3045 3130 est,
3077 3066 3166 3133 qui
3202 3066 3438 3118 omnium
3473 3067 3640 3119 instar

389 3153 849 3224 ὲνανθρωπήσεως
877 3153 990 3224 ἔχει
1022 3155 1200 3223 λόγος,
1230 3154 1551 3226 παρέδειξεν
1571 3152 1740 3207 εἰπών
1757 3165 1773 3185 ⁸
1810 3172 1828 3203 ι
1856 3151 1966 3205 Καὶ

2068 3170 2220 3214 erat:
2245 3167 2533 3227 propterea
2585 3158 2812 3211 servivit
2838 3156 3040 3211 multis.
3081 3157 3213 3210 Cum
3244 3155 3394 3218 dicit,
3435 3155 3637 3215 Multis,

387 3244 548 3308 αὐτὸς
575 3244 673 3306 τὰς
701 3245 977 3315 ἁμαρτίας
1009 3245 1189 3298 αὐτῶν
1217 3246 1428 3314 ἀνήσει.
1477 3263 1496 3296 ›
1533 3245 1650 3297 Ἵνα
1684 3242 1794 3314 γὰρ
1824 3243 1962 3296 ἀπο-

2069 3259 2255 3318 gentes
2303 3247 2590 3316 signiﬁcat.
2636 3244 2752 3300 Una
2785 3245 2934 3300 enim
2965 3260 3098 3315 gens
3128 3254 3247 3299 erat
3285 3245 3462 3298 Israel.
3505 3245 3641 3311 Quia

392 3334 562 3404 στήσῃ
588 3333 684 3387 τοῦ
724 3334 928 3404 κόσμου
975 3336 1073 3405 τὴν
1106 3333 1397 3404 ἁμαρτίαν,
1458 3335 1619 3399 αὐτὸς
1675 3335 1758 3404 ἐφ’
1788 3332 1966 3402 ἑαυτῷ

2067 3353 2218 3401 vero,
2267 3339 2460 3407 inquit,
2505 3339 2621 3406 ipse
2662 3347 2887 3406 peccata
2923 3342 3110 3391 eorum
3152 3336 3297 3400 tulit,
3359 3347 3640 3406 pr0pterea

389 3425 593 3496 ταύτην
620 3424 927 3490 ἀναλαϐὼν,
969 3426 1065 3489 καὶ
1099 3423 1183 3488 εἷς
1217 3426 1359 3496 ὑπὲρ
1388 3427 1605 3479 πάντων
1629 3423 1918 3478 ἀποθανὼν
1939 3426 1967 3476 ὁ

2070 3430 2265 3483 multos
2318 3430 2633 3495 possidebit,
2681 3439 2738 3481 et
2796 3429 3011 3481 fortium
3059 3427 3262 3481 dividet
3309 3427 3500 3495 spolia.
3544 3425 3643 3480 llic

391 3515 612 3571 πάντων
663 3517 934 3583 ἀντάξιος,
989 3516 1078 3571 διὰ
1103 3516 1261 3569 τοῦτο
1287 3516 1601 3568 δεδούλευκε
1636 3515 1870 3576 πολλοῖς.
1895 3513 1967 3566 Τὸ

2072 3517 2268 3570 multos
2290 3516 2558 3585 intelliges
2580 3531 2674 3570 eos
2702 3532 2767 3569 ex
2792 3518 3040 3585 gentibus
3063 3535 3077 3569 :
3106 3517 3326 3570 infinitis
3354 3517 3493 3569 enim
3523 3533 3639 3586 ρει-ι

395 3608 613 3672 Πολλοῖς
647 3608 702 3661 δὲ
760 3608 956 3676 λέγων,
986 3607 1055 3660 τὰ
1083 3607 1210 3677 ἔθνη
1238 3604 1404 3676 δηλοῖ.
1449 3606 1544 3657 Ἓν
1584 3605 1691 3674 γὰρ
1723 3600 1792 3672 ἦν
1819 3603 1967 3668 ἔθνος

2074 3608 2219 3661 tibus
2250 3606 2429 3676 plures
2455 3615 2616 3660 erant
2648 3622 2808 3674 quam
2853 3607 3108 3660 Israelita:
3142 3608 3367 3668 :fortes,
3397 3607 3481 3659 vel
3512 3621 3642 3659 sau-

405 3699 639 3770 Ίσραήλ.
674 3699 891 3768 Ἐπειδὴ
922 3697 978 3752 δὲ
1009 3697 1108 3761 τὰς
1136 3697 1407 3769 ἁμαρτίας
1441 3695 1620 3750 αὐτῶν
1660 3696 1827 3759 αὐτὸς
1874 3697 1967 3748 ἀν-

2072 3706 2188 3751 clos
2247 3697 2540 3764 apostolos,
2600 3696 2683 3750 vel
2736 3697 2898 3750 etiam
2962 3709 3151 3749 omnes
3211 3696 3535 3764 simpliciter
3591 3698 3643 3750 in

393 3793 613 3862 ήνεγκε,
628 3792 780 3861 φησὶ,
793 3791 880 3843 διὰ
900 3789 1057 3843 τοῦτο
1077 3790 1475 3860 κληρονομήσει
1492 3787 1738 3853 πολλοὺς,
1757 3786 1974 3840 καὶτῶν

396 3883 632 3954 ἰσχυρῶν
655 3883 834 3954 μεριεῖ
855 3881 1048 3935 σκύλα.
1075 3881 1246 3934 Πάλιν
1271 3879 1456 3933 ἐνθάδε
1475 3878 1702 3940 πολλοὺς
1723 3879 1974 3948 συνήσεις

392 3972 520 4036 τοὺς
543 3971 602 4039 ἐξ
633 3973 822 4026 ὲθνῶψ
883 3971 1308 4042 μυριοπλασίους
1357 3970 1466 4041 γάρ
1496 3972 1601 4022 εἰσι
1627 3969 1736 4022 τῶν
1767 3967 1828 4032 ἐξ
1868 3969 1974 4021 Ἰσ-

2071 3787 2288 3842 Christo
2327 3797 2604 3857 potentes,
2652 3797 2707 3840 et
2748 3787 3005 3841 virilitate
3037 3788 3302 3854 spirituali
3341 3789 3596 3856 praaditos
3628 3807 3640 3841 :

2082 3879 2280 3949 quibus
2305 3878 2468 3933 veluti
2506 3878 2765 3933 Satanam
2800 3877 3145 3933 vincentibus
3190 3879 3469 3935 distribuit
3519 3894 3646 3948 spo-

2074 3971 2164 4025 lia.
2198 3969 2533 4040 Dispartitur
2559 3969 2711 4023 enim
2748 3956 2952 4022 sanctis
3002 3969 3166 4023 divite
3201 3984 3359 4022 manu
3389 3971 3646 4039 spiritua-

399 4059 555 4130 ραήλ’
599 4061 854 4132 ἰσχυροὺς
884 4062 940 4116 δέ
961 4077 1046 4130 γε,
1076 4062 1108 4131 ἢ
1136 4063 1263 4124 τοὺς
1309 4057 1495 4126 ἁγίους
1539 4055 1872 4118 ἀποστόλους
1894 4095 1908 4120 ν
1939 4053 1972 4123 ἢ

403 4155 496 4206 καὶ
542 4153 784 4218 ἅπαντας
834 4155 1022 4217 ἁπλῶς
1049 4154 1175 4216 τοὺς
1206 4155 1262 4206 ὲν
1295 4150 1518 4222 Χριστῷ
1557 4151 1837 4215 δυνατοὺς,
1881 4148 1976 4202 καὶ

2073 4061 2203 4114 lium
2247 4060 2520 4114 donorum
2577 4057 2841 4114 subsidia.
2901 4059 3004 4112 Alii
3055 4059 3224 4124 enim,
3259 4060 3453 4128 inquit,
3489 4063 3647 4116 datus

2073 4159 2156 4204 est
2181 4165 2274 4218 per
2296 4148 2552 4218 Spiritum
2579 4163 2758 4204 sermo
2788 4148 3087 4218 sapientiae,
3116 4149 3208 4207 alii
3257 4163 3437 4204 sermo
3465 4153 3648 4220 cogni-

395 4247 681 4320 εὐανδρίαν
706 4247 933 4319 ἔχοντας
963 4246 1062 4318 τὴν
1103 4244 1499 4315 πνευματικὴν,
1521 4237 1603 4306 οἷς
1633 4242 1730 4295 fite
1763 4257 1967 4310 νενικη-

2078 4241 2259 4308 tionis,
2297 4249 2350 4295 et
2380 4241 2700 4310 prophetiae,
2744 4249 2798 4294 et
2843 4239 3204 4294 discretiones
3250 4240 3556 4307 spirituum,
3595 4252 3650 4295 et

394 4339 516 4393 κόσι
543 4339 634 4393 τὸν
656 4340 924 4404 Σατανᾶν,
943 4337 1214 4393 διαδίδωσι
1242 4333 1430 4388 σκύλα.
1453 4333 1710 4402 Διανέμει
1733 4331 1842 4402 γὰρ
1865 4333 1967 4394 τοῖς

2076 4333 2212 4388 dona
2242 4332 2584 4387 sanationem
2614 4333 2759 4386 3"".
2807 4331 3086 4387 Sermonis
3117 4341 3293 4386 autem
3355 4335 3648 4402 potentiam

395 4432 571 4501 ἁγίοις
599 4431 834 4501 πλουσίᾳ
864 4431 1010 4501 χειρὶ
1040 4429 1151 4482 τῶν
1183 4423 1572 4496 πνευματικῶν
1623 4422 1967 4494 χαρισμάτων

2080 4424 2288 4479 sanctis
2347 4424 2608 4495 apostolis
2671 4425 2998 4491 tribuimus,
3078 4424 3314 4492 illudque
3376 4425 3647 4481 dicimus:

395 4521 493 4583 τὰς
513 4522 796 4591 χορηγίας.
821 4513 890 4589 ᾯ
919 4520 1018 4590 μὲν
1040 4520 1150 4591 γὰρ
1177 4519 1396 4581 δίδοται,
1417 4516 1572 4587 φησι,
1594 4513 1683 4568 διὰ
1697 4514 1790 4567 τοῦ
1817 4513 1967 4567 πνεύ-

2089 4514 2256 4568 luisse
2298 4514 2443 4568 velut
2482 4513 2881 4582 possessionem
2947 4512 3162 4568 Satanae
3201 4528 3392 4568 omnes
3437 4523 3647 4584 gentes.

401 4628 570 4680 ματος
592 4611 750 4679 λόγος
780 4611 994 4678 σοφίας,
1021 4611 1165 4680 ἄλλῳ
1184 4611 1240 4664 δὲ
1263 4612 1419 4679 λόγος
1441 4607 1715 4679 γνώσεως,
1761 4623 1967 4677 προφη-

2082 4601 2191 4656 Sed
2234 4600 2418 4656 divisit
2465 4615 2560 4655 eos
2606 4601 2812 4655 sanctis
2866 4602 3196 4670 mystagogis
3253 4603 3296 4655 is
3337 4603 3426 4672 qui
3455 4604 3652 4658 multos

397 4697 538 4749 τεῖαί
595 4715 654 4750 τε
687 4699 783 4751 καὶ
811 4699 1111 4769 διακρίσεις
1134 4699 1477 4769 πνευμάτων,
1513 4699 1607 4752 καὶ
1641 4696 1708 4750 τὰ
1759 4695 1866 4749 τῶν
1898 4697 1967 4749 ία-

2082 4693 2345 4764 possedit.
2379 4691 2484 4746 Alii
2509 4692 2653 4746 enim
2686 4705 2716 4744 a
2752 4690 2936 4747 divino
2975 4691 3140 4746 Petro
3190 4693 3365 4746 vocati
3416 4703 3544 4748 sunt
3585 4696 3653 4747 ad

404 4787 588 4856 μάτων
622 4788 958 4857 χαρίσματα.
997 4790 1430 4859 Περιστήσαντες
1478 4790 1535 4841 δὲ
1577 4788 1670 4842 τοῦ
1700 4787 1858 4856 λόγου
1879 4787 1967 4857 rip

2082 4784 2412 4854 agnitionem
2457 4790 2700 4837 nostrum
2758 4785 2998 4838 eum-ium
3037 4782 3342 4838 Servatoris
3384 4785 3590 4838 Clu-isti
3637 4805 3650 4837 :

399 4875 629 4946 δύναμιν
656 4879 736 4940 είς
765 4878 888 4941 τοὺς
922 4878 1106 4948 ἁγίους
1140 4879 1469 4942 ἀποστόλους
1491 4919 1508 4945 ,
1551 4880 1727 4932 ικεῖνό
1756 4893 1967 4950 φαμεν⁴

2085 4877 2174 4933 alii
2207 4891 2304 4946 per
2334 4874 2726 4944 mystagogiam
2753 4874 2927 4940 Pauli,
2968 4876 3053 4930 vel
3099 4877 3323 4931 alterius
3353 4877 3650 4944 cujtlsplatll

399 4963 540 5037 ἦσαν
571 4967 670 5037 μὲν
703 4969 812 5040 γάρ
835 4968 1030 5039 κτῆσις
1060 4965 1251 5039 ὥσπερ
1297 4969 1390 5022 τοῦ
1426 4971 1641 5023 Σατανᾶ
1687 4971 1863 5024 πάντα
1913 4968 1967 5021 τὰ

2085 4977 2395 5024 sanctorum
2433 4967 2827 5036 apostolorum,
2856 4967 2922 5021 ad
2955 4965 3198 5022 veritatis
3233 4967 3406 5021 lucem
3435 4969 3653 5022 adducti

401 5057 551 5128 ἔθνη,
583 5059 697 5113 ἀλλ’
722 5059 980 5132 ἐμέρισεν
1015 5059 1155 5114 αὺτά
1183 5063 1296 5124 τοῖς
1322 5060 1500 5128 ἁγίοις
1548 5062 1927 5130 μυσταγωγοῖς
1952 5061 1967 5112 ί

2085 5068 2232 5114 sunt.
2279 5056 2472 5112 Divisit
2512 5071 2641 5128 ergo
2692 5057 2800 5112 illis
2837 5056 3099 5112 Servator
3134 5057 3286 5126 quasi
3313 5057 3482 5124 spolia
3513 5074 3656 5126 ιιιιιιορ

401 5150 816 5223 κληρονομήσας
842 5153 1090 5216 πολλούς.
1117 5154 1179 5206 υἱ
1204 5151 1302 5222 μὲν
1321 5152 1452 5222 γάρ,
1474 5149 1562 5204 διὰ
1582 5150 1675 5203 τοῦ
1693 5150 1967 5203 θεσπεσίοι

2086 5151 2233 5214 dam,
2262 5149 2314 5203 id
2339 5159 2444 5215 est,
2477 5148 2597 5204 belli
2622 5149 2850 5218 praedas,
2876 5162 3061 5203 eoru
3091 5148 3185 5217 qui
3210 5147 3489 5217 quondam
3515 5163 3658 5202 erra-

403 5242 611 5313 Πέτρου
637 5243 934 5315 κέκληνται
961 5245 1098 5315 πρὸς
1129 5243 1424 5313 ἐπίγνωσιν
1450 5240 1543 5295 τοῦ
1569 5242 1790 5294 πάντων
1819 5240 1967 5311 span

2078 5249 2204 5295 runt
2231 5240 2640 5297 conversionem
2663 5251 2718 5296 et
2747 5241 3104 5296 vocationem.
3132 5239 3450 5310 Oporurisse
3471 5253 3654 5297 autem

402 5335 654 5406 Σωτῆρος
687 5336 949 5408 Χριστοζν
982 5338 1032 5390 oi
1052 5336 1110 5390 δὲ
1137 5336 1228 5390 διὰ
1257 5338 1354 5408 τῆς
1381 5333 1476 5388 τοῦ
1513 5333 1800 5386 θεσπεσίου
1846 5333 1987 5386 Παύ-

401 5425 493 5480 λου
523 5430 933 5498 μυσταγωγίας,
956 5430 1124 5500 ἧγουν
1147 5429 1334 5501 ἑτέρου
1357 5429 1505 5490 τινὸς
1525 5424 1634 5479 τῶν
1652 5424 1824 5493 ἁγίων
1852 5424 1989 5477 ἀπο-

403 5517 627 5586 στόλων,
648 5519 727 5584 είς
749 5519 922 5591 τὸτῆς
943 5519 1198 5590 ἀληθείας
1219 5516 1660 5590 ὲσαγηνεύθησαν
1679 5515 1814 5584 φῶς.
1833 5515 1886 5567 Ἐ
1893 5514 1992 5584 μέ-

2084 5350 2237 5401 eum,
2259 5337 2356 5406 qui
2379 5352 2481 5407 pro
2507 5336 2758 5393 omnibus
2802 5345 3051 5391 mortuus
3097 5345 3202 5400 est,
3247 5336 3489 5390 omnium
3522 5351 3653 5392 cou-

2087 5428 2222 5499 spici
2258 5429 2571 5497 Dominum,
2599 5429 2912 5501 persuadet,
2967 5429 3216 5498 inquiens
3245 5448 3259 5484 :
3289 5429 3392 5484 Pro
3422 5445 3486 5484 eo
3515 5433 3654 5499 quod

2094 5519 2292 5574 tradita
2340 5529 2424 5576 est
2473 5521 2527 5575 in
2577 5529 2808 5575 mortem
2842 5519 3024 5574 anima
3051 5519 3192 5590 ejus,
3225 5531 3280 5578 et
3310 5520 3473 5592 7‘55
3519 5522 3658 5576 inter

476 5755 522 5786 ⁸⁸
552 5755 710 5813 Rom.
771 5775 891 5825 νιιι,
917 5759 1096 5815 29-30.
1213 5760 1258 5793 ⁸⁵
1292 5757 1478 5813 Matth.
1509 5773 1600 5824 xx,
1630 5757 1720 5812 ‘28.
1829 5756 1876 5786 ⁸³
1920 5755 1960 5810 ll

2072 5771 2115 5810 r.
2157 5771 2236 5820 ιιι,
2278 5756 2330 5810 9.
2460 5754 2575 5787 ⁸³³⁸⁷
2627 5753 2642 5808 ι
2679 5754 2802 5810 Cor.
2835 5770 2932 5821 χιι,
2965 5752 3060 5808 10.
