4042 6200
468 369 590 422 illi!

1483 362 1537 415 S.
1581 358 1847 415 εϊιιιι.ι,ι
1888 354 2356 415 ALEXANDRINI
2400 353 2717 409 ARCHIEP.

3582 351 3735 402 11.ἓὲ

459 482 676 550 iniquos
729 486 1005 548 rcputatus
1037 487 1139 531 est.
1194 474 1257 528 Et
1306 476 1419 544 ipse
1463 484 1685 544 peccata
1747 473 2030 525 multorum

2144 487 2260 540 ρισε
2290 469 2469 520 τοίνυν
2489 468 2672 530 αὐτοῖς
2694 468 2722 519 ὀ
2748 466 2956 536 Σωτὴρ,
2981 466 3167 539 ῶσπερ
3190 466 3314 519 τινὰ
3342 470 3537 530 σκῦλα,
3567 481 3749 518 τουτ-

459 576 598 636 tulit,
634 581 688 626 et
715 580 931 639 propter
971 556 1283 636 iniquitates
1308 581 1495 630 eorum
1532 566 1759 618 traditus
1783 575 1888 616 est.

2123 560 2259 621 ἐστι,
2299 559 2537 628 πολέμου
2581 560 2830 628 λάφυρα,
2881 559 2981 627 τὴν
3028 557 3137 611 τῶν
3177 577 3308 612 ποτε
3347 559 3749 625 πλανωμένων

456 659 789 730 ἐπιστροφήν
836 672 896 707 τε
949 656 1044 707 καὶ
1093 655 1316 724 κλῆσινθ
1348 655 1429 706 ὅτι
1478 654 1523 706 δ’
1550 654 1717 723 ἐχρῆν
1765 653 1857 705 τὸν
1893 650 2033 721 ὑπὲρ
2072 651 2289 704 πάντων
2347 648 2686 702 ἀποθανόντα
2715 648 2970 718 Χριστὸν,
3002 648 3220 702 πάντων
3242 649 3476 720 ὁρᾶσθαι
3530 647 3753 700 δεσπόι

454 771 573 824 την,
600 745 880 802 ἀναπείθει
919 745 1111 813 λέγων·
1164 745 1306 798 Ἀνθ¹
1341 740 1415 798 ὧν
1443 743 1713 815 παρεδόθη
1740 745 1820 807 είς
1844 742 2072 797 θάνατον
2106 743 2140 811 ἡ
2174 741 2321 811 ψυχὴ
2377 738 2543 792 αὐτοῦ
2567 779 2581 802 ,
2633 739 2728 792 καὶ
2776 739 2833 792 ἐν
2871 740 2983 801 τοῖς
3046 739 3266 809 ἀνόμοις
3304 738 3589 808 ἐλογίσθη,
3633 745 3745 796 καὶ

454 842 617 905 abab;
649 837 922 911 ἁμαρτίας
947 836 1154 890 πολλῶν
1203 837 1494 907 ἀνήνεγκε,
1534 836 1628 889 καὶ
1661 834 1729 887 δι’
1792 834 2070 905 ἁμαρτίας
2107 831 2284 885 αὐτῶν
2315 830 2603 900 παρεδόθη.

1080 970 1317 1028 TOMUS
1359 971 1423 1027 ll.

526 1091 652 1146 Cu.
670 1086 970 1144 LIV.V£us.
1000 1087 1111 1142 l-3.
1140 1086 1368 1154 Lwtare,
1393 1086 1604 1153 sterilis,
1631 1102 1746 1157 qua:
1762 1102 1863 1140 non
1878 1086 2042 1154 paris,

453 1198 667 1249 erumpe
690 1191 737 1233 et
770 1180 963 1244 clama,
1007 1194 1125 1247 qum
1158 1194 1260 1231 non
1290 1178 1548 1243 parturis,
1578 1178 1703 1247 quia
1737 1177 1891 1230 multi
1941 1176 2044 1245 lilii

453 1275 691 1334 deserar,
754 1282 911 1338 quam
946 1269 1060 1338 ejus
1105 1284 1221 1338 qua:
1265 1268 1419 1322 habet
1465 1270 1653 1322 virum.
1711 1266 1862 1322 Dixit
1902 1267 2041 1321 enim

458 1364 758 1417 Dominus:
799 1361 977 1414 Dilata
1006 1360 1178 1414 locum
1216 1360 1543 1413 tabernaculi
1595 1360 1694 1426 tui,
1743 1369 1793 1414 et
1832 1360 2035 1414 aulam-

457 1469 571 1505 rum
636 1460 872 1516 tuorum,
918 1450 1040 1519 ﬁge,
1099 1466 1162 1503 ue
1212 1464 1449 1517 parcas:
1476 1452 1728 1518 praleude
1772 1449 2037 1518 [utriculos

454 1556 593 1608 tuos,
641 1555 688 1597 et
740 1542 890 1613 palos
946 1553 1064 1596 tuos
1106 1542 1420 1609 corrobora,
1470 1542 1640 1594 adhuc
1689 1551 1735 1594 et
1765 1541 1819 1595 in
1840 1541 2037 1594 dextris

453 1638 504 1682 et
532 1631 581 1680 in
613 1628 838 1682 sinistris
877 1628 1133 1696 expende.
1165 1626 1231 1679 Et
1263 1643 1435 1680 semen
1478 1637 1626 1679 tuum
1670 1639 1842 1695 gentes
1870 1628 2037 1688 possi-

454 1718 612 1784 debit,
646 1716 958 1783 el‘iuitates
991 1718 1223 1772 desertas
1247 1718 1491 1772 habitare
1523 1718 1710 1785 facies.

525 2020 779 2089 Exposito
807 2019 1172 2091 pulcherrime
1246 2005 1698 2090 quemadmodum
1744 2020 2033 2089 pretiosam

453 2129 552 2183 pro
586 2113 739 2168 nobis
765 2127 1004 2176 crucem,
1039 2122 1094 2167 et
1125 2112 1510 2167 mactatiouem
1557 2126 1655 2181 pro
1706 2112 1905 2166 tnnudo
1943 2128 2029 2167 ve-

461 2220 553 2261 rus
605 2220 798 2275 agnus,
857 2204 909 2259 id
948 2214 1033 2260 est
1092 2202 1363 2268 Christus,
1411 2203 1633 2267 tulerit;
1694 2211 1744 2257 et
1781 2204 2037 2272 praedicto

455 2295 647 2360 etiam,
707 2310 832 2349 eum
882 2296 1082 2350 multos
1129 2309 1509 2364 possessurum
1541 2312 1555 2348 :
1585 2294 1885 2363 prophetia:
1913 2308 2039 2349 ora-

456 2386 656 2439 tionem
711 2385 777 2438 ad
817 2400 912 2440 eos
951 2384 1064 2452 jam
1109 2386 1200 2454 qui
1247 2385 1321 2440 illi
1374 2386 1426 2439 in
1474 2394 1681 2441 sortem
1715 2400 1747 2439 a
1778 2387 1889 2441 Deo
1920 2386 2032 2440 dati

452 2484 599 2537 sunt,
651 2473 707 2529 id
730 2484 811 2528 est
840 2485 1048 2543 gentes,
1077 2475 1364 2530 convertit.
1420 2474 1533 2531 Hoc
1553 2478 1698 2530 enim
1729 2476 1892 2531 etiam
1925 2477 2039 2545 ipse

453 2565 627 2621 Filius
661 2579 795 2619 voce
829 2565 981 2635 lyrici
1018 2564 1212 2619 Psalta:
1244 2564 1602 2634 proclamavit
1633 2576 1781 2631 ante,
1807 2567 2035 2623 dicens:

459 2673 478 2707 ι
506 2653 767 2711 Dominus
799 2656 934 2709 dixit
958 2655 1088 2709 mihi
1123 2670 1140 2709 :
1171 2654 1341 2710 Filius
1377 2670 1530 2713 meus
1557 2671 1618 2712 es
1642 2666 1722 2723 tu,
1748 2672 1850 2727 ego
1879 2657 2037 2714 hodie

453 2746 614 2817 genui
652 2758 724 2804 te.
754 2743 977 2802 Postula
1005 2760 1036 2800 a
1061 2761 1169 2813 me,
1195 2755 1251 2803 et
1274 2747 1414 2803 dabo
1444 2747 1539 2803 tibi
1567 2758 1762 2817 gentes
1793 2748 2028 2804 haeredi-

457 2849 621 2893 tatem
697 2848 883 2902 tuam,
959 2847 1015 2893 et
1070 2839 1475 2908 possessionem
1552 2851 1700 2895 tuam
1774 2840 2037 2896 terminos

457 2943 616 2986 teme
639 2930 705 2983 ⁸ο.
735 2948 755 2982 ι
808 2929 1004 2985 Multos
1045 2944 1141 2986 eos
1184 2946 1305 2987 esse
1336 2933 1468 2987 dicit
1496 2949 1509 2983 :
1546 2933 1715 2989 multo
1748 2933 1895 2988 enim
1927 2932 2038 2988 fre-

2757 968 2980 1022 ῙῸΜΟΣ
3027 966 3101 1020 B'.

2212 1082 2616 1154 Εὐφράνθητι,
2639 1080 2846 1149 στεῖρα
2872 1081 2916 1147 -ή
2946 1081 3019 1133 οὑ
3058 1078 3366 1132 τίκτουσιν
3392 1075 3597 1144 ῥῆξον
3626 1075 3739 1127 καὶ

2130 1179 2400 1246 ⁹ϐόησον,
2432 1178 2470 1244 ἡ
2527 1177 2637 1230 οὐκ
2680 1173 3005 1234 ὠδίνουσα,
3039 1170 3125 1221 ὅτι
3181 1168 3382 1222 πολλὰ
3426 1168 3502 1221 τὰ
3540 1168 3739 1221 τέλη-υ

2137 1270 2251 1339 τῆς
2283 1268 2507 1339 ἐρήμου
2546 1263 2790 1335 μᾶλλον
2822 1263 2860 1331 ἢ
2895 1262 3007 1329 τῆς
3037 1261 3303 1329 ἐχούσης
3354 1259 3461 1345 τὸν
3505 1258 3732 1325 ἄνδρα.

2142 1358 2291 1416 Eine
2321 1359 2429 1429 γὰρ
2458 1359 2671 1425 Κύριος
2696 1372 2710 1385 ’
2737 1354 3057 1409 Πλάτυνον
3083 1351 3191 1405 τὸν
3216 1351 3405 1404 τόπον
3439 1347 3546 1417 τῆς
3570 1366 3733 1415 uxr;-

2141 1451 2256 1521 γῆς
2287 1468 2403 1504 σου
2437 1449 2535 1503 καὶ
2561 1446 2678 1502 τῶν
2698 1445 2967 1500 αὺλαιῶν
2985 1459 3123 1498 o‘ov'
3144 1446 3365 1515 πῆξον,
3386 1441 3476 1511 μὴ
3504 1442 3727 1510 μείς-ῃ*

2138 1524 2453 1613 μὰκρυνον
2484 1542 2554 1594 τὰ
2587 1537 2989 1609 σχοινίσματά
3018 1552 3157 1597 σου,
3182 1533 3278 1587 καὶ
3307 1534 3447 1598 τοὺς
3476 1531 3731 1585 πασσά-

2139 1637 2291 1699 λους
2320 1631 2719 1700 κατίσχυσον,
2758 1629 2846 1683 ἑτι
2889 1626 2987 1681 καὶ
3014 1630 3101 1692 είς
3142 1625 3321 1696 [Vulg
3359 1625 3446 1677 ἐτι
3472 1621 3583 1694 εἰς]
3650 1622 3728 1676 τὰ

2063 1731 2107 1790 Β
2135 1712 2325 1789 δεξιὰί
2350 1723 2448 1776 καὶ
2503 1723 2591 1788 είς
2628 1721 2701 1775 τὰ
2744 1718 3028 1788 ἀριστερὰ
3066 1715 3427 1771 ἐκπέτασον.
3477 1716 3589 1769 Kai
3653 1715 3725 1768 τὸ

2139 1818 2378 1885 σπέρμα
2437 1830 2555 1869 σου
2622 1814 2767 1880 ἔθνη
2832 1809 3297 1881 κληρονομήσει,
3353 1808 3455 1863 καί
3503 1809 3719 1870 πόλεις

2135 1906 2525 1977 ἠρημωμένας
2552 1903 2891 1970 κατοικιεῖς.

2207 2021 2341 2074 Τίνα
2368 2020 2433 2090 δὴ
2475 2019 2674 2089 τρόπον
2715 2017 2805 2071 τὸν
2849 2017 3029 2087 τίμιον
3066 2014 3209 2086 ὑπὲρ
3248 2012 3405 2085 ⁴ἡμῶν
3448 2011 3712 2081 ὑπέμεινε

2138 2112 2391 2184 σταυρὸν,
2422 2110 2514 2163 καὶ
2553 2110 2650 2181 τὴν
2681 2107 2823 2180 ὑπὲρ
2856 2107 2947 2162 τοῦ
2970 2106 3186 2177 κόσμου
3238 2102 3451 2173 σφαγὴν
3478 2103 3508 2154 6
3539 2101 3713 2171 ἀμνὸς

2136 2209 2165 2260 6
2194 2204 2464 2275 ἀληθινὸς,
2487 2201 2733 2255 τουτέστι
2758 2199 3013 2271 Χριστὸς,
3046 2195 3267 2251 διειπῶν
3307 2191 3366 2249 εὖ
3401 2194 3570 2266 μάλα,
3619 2194 3715 2246 καὶ

2137 2297 2273 2368 πρός
2297 2313 2363 2365 γε
2386 2294 2615 2358 τούτοις,
2652 2294 2734 2346 ὅτι
2776 2290 3175 2363 κληρονομήσει
3212 2286 3442 2349 πολλοὺς
3473 2303 3715 2357 προηγο-

2140 2387 2372 2459 ρευκὼς,
2409 2385 2698 2458 μεθίστησι
2731 2383 2833 2453 τῆς
2870 2378 3205 2453 προφητείας
3234 2380 3363 2442 τοὺς
3393 2377 3582 2446 λόγους
3622 2378 3709 2428 ἐπ’

2137 2480 2334 2542 αὐτοὺς
2369 2478 2469 2549 ἤδη
2523 2476 2650 2540 τοὺς
2706 2476 2786 2538 είς
2840 2473 3041 2544 κλῆρον
3084 2470 3233 2542 αὐτῷ
3272 2469 3523 2531 δοθέντας
3558 2468 3711 2539 παρὰ

2136 2568 2293 2635 Θεοῦ,
2323 2568 2569 2622 τουτέστι
2601 2568 2669 2621 τὰ
2714 2565 2861 2635 ἔθνη.
2894 2563 3064 2618 Τοῦτο
3110 2562 3220 2633 γάρ
3262 2578 3365 2614 που
3413 2560 3509 2613 καὶ
3548 2559 3710 2621 αὸτὸς

2135 2663 2165 2714 6
2195 2662 2321 2725 Υἱὸς
2350 2661 2437 2714 διὰ
2456 2662 2557 2730 τῆς
2585 2658 2679 2712 τοῦ
2705 2657 3014 2719 Ψάλλοντος
3034 2654 3204 2726 λύρας
3236 2651 3709 2723 προανακεκράγει

2136 2754 2341 2822 λέγων’
2373 2770 2391 2803 ι
2430 2751 2632 2821 Κύριος
2660 2744 2781 2802 εἷπε
2813 2748 2948 2820 πρός
2990 2763 3078 2817 με·
3109 2744 3237 2809 Υἱός
3266 2761 3365 2816 μου
3394 2739 3447 2796 εἴ
3470 2743 3556 2805 σὺ,
3597 2741 3711 2809 ἐγὼ

2139 2845 2377 2916 σήμερον
2404 2841 2711 2912 γεγέννηκά
2732 2858 2814 2894 σε.
2841 2840 3069 2911 Αίτησαι
3097 2836 3226 2909 παρ’
3251 2835 3411 2906 ἐμοῦ,
3434 2834 3531 2890 καὶ
3553 2833 3709 2887 δώσω

2139 2954 2222 2992 σοι
2256 2936 2352 3008 ἔθη
2396 2936 2496 3006 τὴν
2544 2932 2907 3006 κληρονομίαν
2954 2949 3068 2996 σου,
3105 2929 3200 2984 καὶ
3237 2930 3339 3001 τὴν
3382 2926 3707 3005 κατᾴσχεσίν

452 3024 770 3092 queutiores
823 3032 880 3078 ct
911 3037 1137 3077 numero
1169 3023 1372 3093 plures,
1427 3022 1500 3077 illi
1538 3038 1607 3078 ex
1653 3025 1901 3095 gentibus
1951 3025 2030 3079 in-

2140 3046 2233 3083 σου
2259 3028 2327 3082 τὰ
2358 3022 2568 3096 πέρατα
2606 3027 2705 3096 τῆς
2737 3028 2859 3096 γῆς.
2897 3044 2916 3077 ι
2960 3023 3193 3085 Πολλοὺς
3242 3022 3301 3074 δὲ
3333 3019 3524 3081 αὐτοὺς
3563 3014 3707 3070 εἶναί

455 3115 625 3185 telligi
663 3123 895 3184 possunt
938 3128 1081 3180 esse,
1112 3116 1515 3183 comparatione
1541 3129 1729 3170 eorum
1774 3116 1866 3185 qui
1911 3128 2030 3172 sunt

2140 3137 2293 3193 φησι*
2332 3119 2766 3182 πολλαπλασίους
2793 3117 2900 3191 γὰρ
2934 3117 3026 3170 καὶ
3058 3114 3293 3186 ἀριθμοῦ
3327 3113 3624 3186 κρείττονες
3652 3112 3702 3163 ei

454 3220 521 3259 ex
568 3205 830 3273 sanguine
869 3202 1057 3269 Israel,
1104 3206 1195 3272 qui
1231 3220 1330 3273 pro
1356 3221 1463 3258 una
1494 3205 1610 3261 sola
1636 3217 1795 3276 gente
1833 3208 2036 3263 haben-

454 3305 561 3349 tur.
580 3293 786 3348 Mulieri
818 3294 988 3347 sterili
1011 3303 1065 3348 et
1090 3294 1332 3363 abjectae,
1369 3295 1484 3350 viro
1506 3296 1713 3352 scilicet
1734 3298 2029 3366 destitutae,

452 3397 767 3453 coiriparare
801 3384 1058 3453 dignatur
1086 3387 1325 3454 gentiqu
1352 3387 1768 3453 multitudinem,
1808 3403 2036 3459 eamque

454 3474 791 3543 alloquitur:
832 3473 1082 3542 Laetare,
1112 3475 1313 3531 sterilis
1337 3517 1355 3543 ,
1396 3492 1517 3547 quae
1564 3493 1670 3533 non
1704 3480 1869 3549 paris.
1928 3480 2034 3536 Sed

454 3567 662 3623 dixerit
701 3566 830 3621 illud
863 3566 1100 3622 fortasse
1128 3569 1398 3638 quispiam
1425 3584 1439 3622 :
1472 3571 1583 3625 Cur
1611 3550 1853 3641 gentium
1885 3572 2033 3627 mul-

456 3662 766 3728 titudinem,
815 3675 909 3717 seu
932 3678 997 3717 ex
1021 3665 1271 3733 gentibus
1299 3680 1684 3740 congregatum
1711 3672 2030 3738 Ecclesiam,

461 3756 703 3809 sterilem
735 3754 1010 3809 nominat?
1047 3753 1181 3810 Cutu
1213 3755 1265 3809 iu
1288 3758 1560 3827 superiori
1594 3761 1840 3818 oratione
1866 3764 2034 3834 signi—

456 3845 675 3897 ﬁcatum
707 3845 797 3908 sit,
831 3843 989 3912 longe
1028 3844 1208 3915 plures
1242 3844 1412 3900 fuisse
1448 3858 1713 3915 errantes,
1737 3860 1792 3903 et
1817 3860 2033 3906 creatu-

455 3950 569 3987 rum
596 3949 708 4003 pm
732 3934 990 3989 Creatore
1018 3935 1276 4002 colentes,
1325 3952 1510 4005 quam,
1543 3937 1742 3994 fuerint
1769 3942 2028 4011 redempti

453 4026 543 4095 qui
567 4040 661 4094 per
678 4024 907 4089 Mosetu,
927 4037 981 4080 et
1000 4035 1281 4096 propterea
1301 4027 1352 4081 in
1368 4040 1513 4084 sorte
1527 4030 1706 4085 divina
1727 4034 2032 4087 numerati?

458 4135 478 4169 ι
509 4118 731 4184 Quando
766 4119 939 4183 enim,
969 4118 1143 4187 inquit
1172 4119 1335 4191 756
1358 4120 1539 4176 divisit
1560 4122 1868 4179 Altissimus
1901 4140 2029 4193 gen-

2137 3214 2197 3278 ὲξ
2224 3212 2391 3266 ἐθνῶν
2437 3210 2681 3283 νοηθεῖεν
2713 3211 2801 3274 ἂν,
2830 3210 2906 3272 ὡς
2942 3207 3077 3278 πρός
3120 3224 3184 3275 γε
3215 3208 3342 3269 τοὺς
3370 3205 3426 3273 ἐξ
3476 3205 3703 3274 αἵματος

2149 3301 2385 3373 Ἰσραὴλ,
2416 3304 2496 3366 είς
2533 3302 2591 3355 ἓν
2624 3302 2719 3355 καὶ
2764 3300 2923 3371 μόνον
2949 3297 3238 3362 τελοῦντας
3285 3297 3454 3359 ἔθνος.
3485 3296 3704 3348 Γυναικί

2135 3409 2198 3462 γε
2223 3392 2328 3464 μὴν
2356 3392 2545 3464 στείρᾳ
2573 3392 2667 3445 καὶ
2697 3389 3135 3459 ἁποϐεὸλημένῃ.
3164 3388 3332 3458 ἦγουν
3350 3386 3548 3456 έρὴμη,
3565 3400 3706 3453 παρη

2134 3484 2374 3549 εικάξειν
2406 3484 2547 3549 ἀξιοῖ
2596 3482 2707 3536 τῶν
2768 3481 2939 3535 ἐθνῶν
2985 3479 3081 3550 τὴν
3121 3477 3351 3551 πληθύν·
3384 3477 3478 3530 καὶ
3512 3476 3577 3546 δὴ
3610 3475 3704 3528 καί

2135 3593 2267 3647 φησι
2291 3575 2425 3647 πρὸς
2440 3575 2639 3646 αὐτήν·
2670 3573 3036 3644 Εὐφράνθητι,
3066 3572 3253 3642 στεῖρα
3279 3571 3312 3640 ὴ
3344 3568 3404 3621 οὐ
3426 3568 3704 3622 τίκτουσα.

2146 3666 2285 3719 Ἀλλ’
2323 3665 2452 3728 ίσως
2497 3666 2675 3718 έκεῖνο
2718 3664 2834 3733 ὲρεῖ
2875 3679 2980 3726 ’σις’
3023 3662 3249 3731 Στείραν
3294 3659 3548 3729 ὀνομάζει
3599 3657 3708 3710 τῶν

2132 3755 2303 3810 ἐθνῶν
2331 3758 2428 3827 τὴν
2463 3755 2694 3826 πληθὺν,
2722 3756 2841 3826 ἢτοι
2873 3754 2971 3824 τὴν
3004 3753 3063 3820 ἐξ
3091 3752 3261 3806 ἐθνῶν
3292 3751 3709 3822 συναγηγερμέ-

2131 3864 2228 3920 νην
2268 3847 2611 3917 Ἐκκλησίαν,
2639 3846 2727 3900 διὰ
2762 3846 2922 3900 ποίαν
2950 3846 3164 3911 αίτίαν;
3197 3844 3375 3897 καίτοι
3418 3843 3710 3913 προμεμή-

2131 3956 2291 3995 νυκεν
2321 3940 2350 3991 6
2379 3939 2553 4006 λόγος,
2589 3939 2668 3991 ὅτι
2716 3937 2894 4007 πολλῷ
2919 3936 3133 4000 πλείους
3154 3932 3298 4007 ἦσαν
3325 3936 3375 3988 οἱ
3418 3933 3707 4003 πλανώμεσ

2132 4048 2234 4097 νοι,
2257 4032 2352 4085 καὶ
2373 4032 2439 4101 τῇ
2459 4030 2633 4083 κτίσει
2658 4030 2808 4101 παρὰ
2825 4030 2919 4083 τὸν
2944 4031 3181 4099 Κτίστην
3204 4027 3574 4099 λατρεύοντες,
3594 4027 3709 4079 τῶν

2130 4122 2555 4193 λελυτρωμένων
2576 4121 2663 4174 διὰ
2680 4122 2941 4184 Μωσέως,
2961 4122 3054 4175 καὶ
3069 4119 3156 4172 διὰ
3179 4118 3336 4172 τοῦτο
3353 4118 3445 4171 καὶ
3463 4118 3589 4189 ὴριθ
3598 4134 3707 4187 μη-

455 4218 558 4281 tes,
587 4220 642 4263 et
669 4209 928 4278 dispersit
978 4210 1119 4266 ﬁlios
1170 4213 1361 4275 Adam,
1410 4214 1601 4268 statuit
1632 4215 1768 4271 lines
1789 4218 2027 4284 gentium

2133 4214 2309 4285 μένων
2329 4215 2424 4269 καὶ
2440 4216 2519 4274 sl;
2536 4214 2737 4286 κλῆρον
2756 4213 2920 4280 Θεοῦ;
2942 4214 3101 4267 «Ὅτε
3124 4233 3141 4263 i
3175 4212 3305 4283 γὰρ,
3337 4213 3492 4284 φησι,
3532 4231 3551 4263 ι
3595 4210 3709 4264 διε-

452 4315 550 4370 pro
579 4314 802 4354 numero
822 4300 1134 4370 angelorum
1161 4300 1283 4366 θεῖ,
1295 4311 1347 4355 et
1375 4302 1550 4370 portio
1565 4303 1779 4358 Domini
1801 4315 1919 4359 erat
1936 4322 2029 4376 po-

2133 4292 2353 4375 μέρισεν
2386 4306 2415 4356 6
2445 4303 2706 4373 ’Υψιστος
2733 4304 2884 4374 ἔθνη,
2914 4303 2989 4366 ὼς
3022 4303 3326 4373 διέσπειρεν
3339 4301 3490 4364 υἱοὺς
3507 4301 3703 4371 Ἀδὰμ,

452 4391 607 4461 pulos
629 4392 743 4461 ejus
766 4390 955 4458 Jacob,
973 4391 1241 4447 funiculus
1263 4392 1589 4448 hzerediiatis
1609 4375 2015 4463 ejuslsrael'i.i

2133 4395 2353 4464 ἔστησεν
2375 4395 2498 4465 ὅρια
2527 4394 2695 4449 ἐθνῶν
2724 4395 2862 4447 κατὰ
2891 4375 3123 4464 ἀριθμὸν
3148 4391 3394 4460 ἀγγέλων
3418 4391 3580 4454 Θεοῦ,
3606 4395 3707 4446 καὶ

451 4481 732 4547 Quomodo
794 4481 958 4551 igitur
1002 4481 1203 4537 sterilis
1242 4496 1344 4550 est,
1391 4485 1527 4540 adeo
1565 4485 1748 4541 liberis
1772 4485 2022 4554 fecunda,

450 4585 506 4627 et
558 4572 713 4640 quasi
768 4572 1143 4627 feracissima?
1191 4573 1377 4631 Nullus
1417 4578 1559 4632 enim
1602 4576 1702 4631 fuit
1740 4580 1880 4648 apud
1907 4596 2022 4646 eos,

452 4662 544 4732 qui
588 4664 970 4717 universorum
1009 4665 1174 4719 Deum
1220 4666 1561 4736 ignorabant,
1597 4673 2024 4742 preptercogni-

454 4756 655 4810 tionem
688 4765 744 4810 et
770 4755 1023 4810 virtutem
1061 4757 1113 4810 itt
1143 4756 1269 4813 ﬁliis
1300 4758 1391 4812 Dei
1438 4766 1825 4818 numerandus.
1875 4764 2017 4819 Prae-

452 4857 619 4910 terea,
676 4861 782 4902 non
825 4854 940 4900 erat
986 4848 1124 4916 apud
1166 4862 1260 4903 eos
1295 4864 1393 4919 per
1432 4864 1626 4919 aquam
1673 4865 1728 4907 et
1767 4855 2016 4923 spiritum

452 4939 828 5005 regeneratio:
861 4938 956 4993 sed
985 4954 1051 4994 ex
1107 4941 1315 4996 sentiae
1363 4952 1520 4997 erant
1554 4954 1849 5014 corrupto,
1898 4961 2019 5002 cor-

451 5030 589 5098 rupti
616 5039 671 5084 et
700 5029 927 5095 terreni;
959 5041 1012 5085 et
1041 5032 1202 5087 sicuti
1227 5031 1548 5091 Psalmodus
1573 5035 1650 5090 ait
1678 5054 1693 5091 :
1732 5052 1756 5089 ι
1784 5039 1825 5091 Α
1859 5036 2014 5093 vulva

445 5119 740 5175 abalienati
801 5130 949 5188 sunt,
1006 5137 1036 5175 a
1083 5121 1467 5191 conjunctione
1508 5139 1631 5180 eum
1669 5124 1798 5192 Deo,
1839 5135 1897 5181 et
1947 5128 2016 5183 ab

446 5211 563 5277 ipso
594 5222 748 5268 utero
775 5224 1092 5270 erraverunt
1120 5216 1166 5249 ’θ
1196 5235 1216 5269 ι
1247 5234 1261 5272 :
1292 5226 1479 5290 utpote
1526 5234 1593 5274 ex
1639 5223 2015 5290 peccatoribus

440 5308 774 5367 peccatores,
813 5312 869 5357 et
897 5304 1215 5374 ἰάοιοιαιι-ω,
1275 5318 1331 5363 et
1379 5324 1528 5379 spem
1579 5326 1685 5366 non
1732 5313 2014 5379 habentes,

2133 5310 2328 5379 ιήτρας
2360 5309 2861 5383 ἀπηλλοτριωμένοι
2889 5315 2989 5384 τῆς
3018 5314 3154 5384 πρὸς
3176 5314 3308 5368 Θεὸν
3335 5314 3688 5384 οἰκειότητος,

441 5386 599 5479 sicuti
647 5389 779 5444 dicit
818 5394 1247 5461 sapientissimus
1286 5398 1481 5454 Paulus
1504 5401 1571 5454 ἰ.
1619 5400 1750 5457 Erat
1784 5419 1922 5475 ergo
1961 5406 2014 5460 iit

2133 5402 2206 5453 ιαὶ
2239 5401 2299 5466 ἐξ
2335 5402 2503 5473 αὐτῆς
2538 5402 2877 5475 πλανώμενοι
2892 5405 2994 5475 τῆς
3023 5407 3279 5479 γαστρὸς,
3315 5426 3334 5457 ι
3378 5406 3474 5460 ἅτε
3501 5404 3565 5476 δὴ
3596 5406 3687 5457 καὶ

444 5473 556 5530 Deo
578 5479 819 5532 omnium
878 5485 1108 5551 sterilis,
1157 5488 1359 5543 nullum
1386 5491 1603 5560 pariens
1651 5496 1742 5561 qui
1795 5473 2017 5551 deberet

2133 5493 2264 5557 ὅντες
2293 5494 2351 5561 ἐξ
2384 5473 2739 5567 ἁμαρτωλῶν
2767 5473 3104 5569 ἁμαρτωλοὶ,
3143 5473 3237 5555 καὶ
3276 5473 3684 5568 εἰδωλολάτραῃ

443 5576 538 5621 aut
567 5575 752 5637 posset
775 5568 826 5624 in
855 5569 981 5628 [iliis
1010 5574 1104 5630 Dei
1137 5580 1385 5649 reputari
1409 5592 1463 5636 et
1492 5582 1764 5638 recenset'i
1794 5594 2015 5655 propter

2133 5584 2208 5638 ιαὶ
2237 5585 2424 5639 ἐλπίδα
2454 5586 2529 5658 μὴ
2560 5587 2793 5660 ἔχοντες,
2821 5589 2966 5645 καθά
2993 5607 3157 5663 φησιν
3184 5593 3212 5645 ὁ
3237 5590 3507 5661 πάνσονρος
3541 5590 3685 5642 Παῦ-

2125 4486 2358 4558 ὲγενήθη
2409 4487 2565 4557 μερὶς
2613 4486 2819 4558 Κυρίου
2858 4486 2985 4549 λαὸς
3024 4485 3190 4539 αὑτοῦ
3229 4483 3446 4550 Ἰακὼϐ,
3494 4486 3706 4554 σχοινίω-

2126 4593 2309 4648 σματα
2323 4578 2685 4649 κληρονομίας
2699 4577 2863 4630 αὐτοῦ
2884 4577 3136 4648 -Ἰσραὴλ,
3168 4598 3186 4629 ι
3214 4578 3411 4646 Στεῖρα
3443 4572 3538 4629 οὖν
3561 4577 3706 4629 κατὰ

2121 4671 2243 4724 τίνα
2273 4670 2474 4739 τρόπον
2501 4671 2534 4740 ὴ
2563 4669 2832 4733 πολὺπαις
2870 4667 3014 4722 οὕτω
3042 4670 3136 4722 καὶ
3169 4668 3280 4722 οἷον
3308 4669 3659 4739 γονιμωτάτῃ
3687 4684 3702 4732 ;

2123 4760 2311 4823 οὐδεὶς
2335 4760 2441 4831 γὰρ
2470 4755 2538 4831 ἦν
2579 4760 2732 4830 πα·ρά
2755 4778 2819 4829 γε
2847 4763 2959 4824 τοῖς
2980 4760 3083 4814 οὐκ
3115 4760 3276 4813 εἰδόσι
3303 4759 3398 4812 τὸν
3426 4758 3536 4811 ⁶ἑῶν
3562 4759 3718 4811 ὅλων.

2121 4851 2274 4915 Θεὸν,
2307 4851 2382 4912 ὡς
2416 4850 2502 4905 διὰ
2525 4869 2584 4904 τε
2623 4852 2823 4920 γνῶσιν
2865 4854 2956 4907 καὶ
2993 4852 3195 4924 ἀρετὴν
3242 4850 3702 4922 καταλογισθῆναι

2121 4940 2346 5012 πρέπων
2374 4941 2431 4993 ὲν
2460 4943 2671 5007 τέκνοις
2702 4944 2857 4999 Θεοῦ.
2891 4945 3001 4998 Καὶ
3028 4944 3153 4998 καθ’
3185 4945 3372 5015 ἓτερον
3398 4942 3456 4996 δὲ
3495 4942 3701 5013 τρότιον

2160 5034 2171 5050 ,
2260 5029 2287 5049 τ
2472 5035 2486 5053 ,
2586 5036 2599 5053 ,
3326 5038 3337 5054 .
3503 5035 3517 5050 .

2119 5050 2220 5085 ουκ
2258 5051 2326 5103 ην
2356 5051 2471 5105 παρ
2539 5039 2722 5100 αυτοῖς
2755 5038 2788 5107 ἡ
2827 5036 3122 5111 δι’ῦδατός
3149 5053 3209 5090 τε
3253 5054 3348 5090 και
3385 5052 3699 5106 πνευματος

2120 5125 2500 5195 ἁναγέννησις,
2560 5126 2677 5180 ἀλλ’
2735 5123 2877 5199 ἦσαν
2928 5131 2992 5182 ἐκ
3026 5129 3248 5200 ’φθορᾶς
3295 5128 3373 5182 ἔτι
3422 5128 3694 5198 φθαρτῆς,

2119 5216 2351 5288 ιρθαριιτολ⁵
2379 5220 2474 5272 καὶ
2494 5222 2691 5291 γήϊνοι,
2712 5222 2807 5274 καὶ
2835 5221 2979 5276 καθά
3003 5240 3169 5294 φησιν
3184 5225 3212 5277 6
3231 5221 3694 5293 Ψαλμῳδὸς,ιἚκ

508 5741 557 5776 ⁸⁸
588 5743 743 5800 Deut.
781 5758 951 5812 unt,
977 5747 1032 5814 8,
1063 5746 1116 5802 9.
1227 5749 1272 5784 ⁸³
1305 5750 1445 5810 Psal.
1480 5768 1540 5822 ιι,
1574 5754 1627 5821 7,
1657 5756 1711 5813 8.
1788 5714 1834 5789 λθ
1859 5757 2008 5816 Psal.

2136 5777 2174 5831 ι,
2204 5762 2254 5817 4.
2331 5763 2373 5795 ⁹¹
2408 5763 2607 5835 Ephes.
2637 5781 2697 5833 ιι,
2742 5766 2831 5825 l2.
