4042 6200
306 294 444 352 1193

1415 290 1485 349 IN
1523 290 1762 350 lSAlAH
1804 289 1939 346 LIB.
1981 288 2049 345 ν.
2092 287 2330 347 τυιιυδ
2368 287 2433 344 ιι.

3441 266 3578 326 ll”

300 392 413 456 λος.
454 391 521 445 Ἦ
552 385 648 446 οὖν
670 392 856 464 στείρα
882 389 962 464 τῷ
991 389 1085 445 ἔπι
1127 358 1337 456 πάντας
1355 389 1479 464 θεῷ
1501 392 1760 447 τίκτουσα
1789 407 1892 463 μη-

2011 387 2159 444 Βάειη
2187 393 2245 444 et
2276 386 2555 442 virtutem.
2603 381 2711 441 Sed
2753 398 2885 442 ecce
2923 383 3135 456 iussum
3173 391 3259 439 est
3295 382 3583 454 erumpere

300 483 431 538 δένα
461 483 573 537 τῶν
599 483 941 553 ὀφειλόντων,
978 483 1013 556 ἢ
1042 483 1359 556 δυναμένων
1388 486 1446 538 έν
1484 484 1699 549 τέκνοις
1728 484 1895 538 αὐτοῦ

2011 491 2052 538 ιι
2129 480 2390 536 clamare.
2462 477 2651 534 Solent
2709 488 2894 533 autem
2956 476 3013 532 id
3077 476 3257 532 lacere
3329 475 3589 531 mulieres

243 574 246 584 ’
306 577 787 649 καταλογισθῆναι.
824 578 920 632 καὶ
971 576 1146 631 τελεῖν
1190 577 1281 631 διά
1302 593 1363 629 τε
1412 575 1596 630 πίστιν
1622 577 1718 631 καὶ
1764 578 1894 647 ἀρε-

303 673 427 743 τήν.
490 668 631 724 Ἀλλ’
659 670 769 724 ίδοὺ
816 671 1222 743 προστέτακται
1259 668 1422 741 ῥῆξαί
1466 686 1526 723 τε
1554 671 1650 723 καὶ
1680 668 1895 740 βοῆσαι.

290 762 472 826 ΔἛθος
489 761 544 815 δὲ
559 759 719 814 τοῦτο
736 760 869 832 δρᾷν
887 763 1007 825 ταῖς
1027 761 1122 815 ἐπὶ
1140 761 1317 833 δίφρῳ
1341 762 1527 816 λοιπὸν
1550 763 1645 816 καὶ
1688 761 1901 815 τικτού-

304 870 430 917 σαις
477 851 747 922 γυναιξὶν,
787 852 856 918 ἀς
882 854 947 925 δή
995 870 1131 923 φασι
1181 854 1546 925 παροτρύνειν
1584 852 1680 918 τὰς
1732 853 1901 924 μαίας

304 946 517 1001 ῐντονόν
539 962 594 1000 τι
619 947 715 1002 καὶ
745 946 905 1018 τορὸν
932 947 1195 1020 ἀναδοᾲν,
1228 948 1296 1002 ἵν’
1323 948 1630 1003 έκθλίδοιτο
1659 948 1761 1019 τῆς
1793 947 1902 1020 μή·

300 1058 436 1113 τρας
458 1040 520 1094 τὸ
549 1038 771 1112 βρέφος.
794 1041 1156 1112 εὐρυνομένου
1185 1041 1281 1095 τοῦ
1304 1041 1615 1113 σπλάγχνου
1643 1042 1780 1113 πρὸς
1796 1040 1899 1113 τὴν

305 1129 460 1203 βοήν.
483 1129 676 1197 Τοῦτο,
712 1126 885 1201 οἶμαι,
913 1130 1033 1186 ἐστὶ
1067 1129 1151 1195 τὸ,
1197 1150 1218 1182 ι
1254 1129 1467 1199 Ῥἧξον,
1496 1129 1588 1183 καὶ
1632 1127 1846 1199 βόησον.
1873 1144 1893 1179 ι

307 1223 502 1297 Ἀρξαι
519 1222 588 1295 δὴ
615 1218 824 1290 οὖν,τοῦ
839 1222 1068 1285 τίκτειν,
1093 1223 1249 1293 φησί,
1273 1222 1367 1276 καὶ
1392 1220 1748 1292 ῶςξὼδίνουσα
1771 1218 1902 1274 πολ-

303 1317 452 1380 λοὺς,
487 1315 635 1370 δίδου
658 1315 870 1386 συχνῶς
902 1316 1147 1402 τὴνοταίς
1174 1315 1488 1379 τικτούσαις
1520 1315 1610 1369 ἀεὶ
1649 1313 1901 1387 πρέπου-

307 1425 409 1464 σαν
441 1407 603 1480 βοήνσ
635 1408 712 1472 ὡς
743 1406 979 1478 ἐσομένη
1007 1407 1065 1462 δὲ
1097 1408 1281 1479 μήτηρ
1311 1404 1703 1479 ἀναριθμήτων
1734 1403 1901 1467 λαῶν,

306 1500 650 1572 εὐφροσύνην
697 1500 857 1570 δέχου
905 1499 1006 1570 τὴν
1054 1499 1455 1571 πνευματικήν.
1491 1495 1814 1570 Σαφηνίζων
1842 1496 1904 1551 δὲ

305 1595 402 1651 τοῦ
422 1594 787 1667 προκειμένου
816 1595 982 1665 ῥητοῦ
1008 1594 1110 1666 τὴν
1137 1593 1380 1648 διάνοιαν
1395 1595 1424 1647 ό
1446 1591 1556 1647 τῶν
1583 1592 1721 1646 ὅλων
1744 1591 1900 1655 Θεὸς,

309 1689 560 1760 ἐπιφέρει
616 1687 830 1757 λέγων·
889 1690 987 1741 Οτι
1022 1686 1197 1741 πολλά
1247 1686 1318 1741 τὰ
1349 1686 1515 1741 τέκνα
1542 1686 1644 1759 τῆς
1692 1685 1902 1758 ἐρήμου

1997 591 2120 647 qua:
2149 576 2204 630 in
2246 574 2378 629 sella
2414 583 2560 640 sunt,
2592 583 2645 629 et
2691 575 2946 644 pariunt:
2977 588 3115 645 quas
3161 573 3315 627 aiunt
3353 573 3595 629 excitare

1996 667 2345 731 obstetrices,
2385 666 2638 721 interrita
2689 676 2744 722 et
2792 665 2901 720 alta
2953 679 3085 721 voce
3111 665 3441 731 exclamare,
3482 680 3592 735 quo

1998 759 2183 816 infans
2210 775 2243 813 e
2273 761 2503 814 matrice
2546 759 2894 823 extralmtur,
2943 759 3250 814 visceribus
3282 759 3349 812 ad
3381 758 3590 813 clamo-

2009 868 2122 906 rem
2148 851 2407 909 dilatatis.
2433 850 2568 914 lloc.
2597 851 2812 920 opinor,
2849 860 2954 917 est,
2984 851 3255 920 «Erumpe
3275 860 3327 905 et
3359 852 3552 907 clama.
3571 876 3588 903 ο

2000 940 2208 1013 Incipe,
2250 942 2454 1011 inquit,
2499 957 2715 1013 parere,
2751 953 2806 999 ct
2834 943 2989 1014 quasi
3029 944 3338 1015 parturiens
3370 944 3593 1007 multos,

1999 1035 2345 1106 parientibus
2385 1038 2803 1093 convenientem
2853 1051 3073 1108 semper
3120 1038 3415 1095 clamorem
3452 1038 3597 1095 ecb-

2003 1128 2128 1184 inde
2167 1131 2307 1193 ede;
2347 1141 2603 1201 tanquam
2636 1141 2813 1186 mater
2846 1146 2975 1187 vero
3009 1131 3188 1187 futura
3221 1132 3593 1188 innumerabi-

2004 1220 2135 1274 lintn
2188 1221 2536 1291 papnlornm,
2586 1221 2921 1292 voluptatem
2965 1222 3185 1293 percipe
3234 1220 3592 1293 spiritualcm.

2004 1311 2301 1368 Declarans
2358 1327 2492 1369 vero
2545 1311 2709 1385 hujus
2753 1314 2882 1370 dicti
2918 1328 3161 1382 sensum,
3216 1315 3596 1370 universorum

2003 1401 2149 1458 Deus
2200 1402 2389 1469 infert,
2450 1404 2641 1459 dicens
2686 1421 2701 1459 :
2769 1404 2906 1472 Quia
2953 1404 3137 1474 plures
3184 1404 3279 1460 lilii
3329 1405 3595 1470 deseme,

2005 1510 2167 1566 qnam
2219 1496 2472 1552 habentis
2513 1497 2714 1553 virum.
2750 1494 3049 1553 Familiare
3098 1507 3183 1552 est
3224 1496 3389 1568 igitur
3433 1495 3588 1551 Scri-

2005 1598 2179 1660 ptura:
2219 1587 2481 1644 divinitus
2528 1588 2827 1660 inspirata,
2874 1590 3146 1645 desertam
3197 1589 3469 1661 appellare
3518 1589 3590 1642 vi-

2006 1680 2191 1734 duam.
2240 1677 2416 1735 Vidua
2469 1689 2648 1736 autem
2694 1680 3074 1751 fuit‘gentium
3118 1681 3427 1736 multitudo.
3481 1678 3597 1734 Non

296 1784 301 1791 ’
312 1781 535 1853 μᾶλλον,
576 1778 610 1851 ἢ
642 1779 742 1850 τῆς
771 1778 1004 1852 ὲχούοης
1033 1779 1128 1833 τδν
1159 1779 1349 1853 ἄνδρα.
1381 1779 1544 1845 Ἔθος
1586 1779 1684 1852 μὲν
1716 1775 1810 1834 οὖν
1836 1782 1903 1850 τῇ

2011 1775 2152 1828 enim
2185 1772 2481 1842 quidquam
2525 1774 2573 1828 ei
2613 1772 2930 1829 commercii
2980 1772 3082 1828 fuit
3145 1786 3269 1827 cum
3304 1785 3598 1839 sermone;

308 1872 657 1944 θεοπνεύστῳ
703 1873 897 1945 Γραφῇ
955 1872 1162 1945 ἔρημον
1217 1873 1519 1928 ἀποκαλεῖν
1563 1875 1665 1946 τὴν
1708 1875 1905 1946 χήραν.

320 1965 622 2036 Ἐχήοευσε
640 1965 696 2019 δὲ
708 1965 817 2018 τῶν
830 1966 1001 2020 ἐθνῶν
1021 1967 1054 2038 η
1078 1965 1307 2038 πληθύς.
1327 1967 1402 2021 Οὐ
1415 1966 1525 2038 γὰρ
1538 1966 1789 2021 ἐπλούτει
1809 1965 1909 2038 τὴν

307 2057 597 2112 κοινωνίαν
648 2057 747 2130 τὴν
776 2057 916 2129 πρός
967 2073 1054 2127 γε,
1076 2061 1243 2130 φημὶ,
1272 2057 1364 2112 τὸν
1408 2058 1629 2130 ἀπάσης
1657 2057 1910 2128 γνώσεως

309 2148 565 2222 ἀληθοῦς,
597 2150 691 2204 καὶ
735 2149 828 2204 τὸν
861 2150 969 2203 τῶν
1008 2152 1090 2215 είς
1140 2149 1426 2204 εὐσέϐειαν
1472 2146 1908 2220 σπουδασμάτων

312 2243 524 2303 σπορὲα
574 2243 760 2313 λόγον,
808 2244 868 2298 ὃν
912 2245 979 2299 ἄν
1026 2262 1111 2308 τις
1162 2242 1334 2298 είπὼν
1379 2243 1640 2314 γηπόνον,
1667 2242 1743 2306 ὡς
1775 2240 1909 2313 περὶ

311 2337 491 2400 πάσης
521 2336 755 2400 κτίσεως
781 2336 1030 2410 λογικῆς,
1060 2339 1161 2391 οὐκ
1198 2337 1266 2392 ἂν
1303 2336 1541 2409 ἁμάρτοι
1576 2336 1624 2391 τ’
1650 2333 1905 2406 ἀληθοῦς.

308 2429 388 2483 Δι’
427 2428 595 2484 αὐτοῦ
642 2431 751 2501 γὰρ
796 2432 948 2485 πᾶσα
995 2430 1347 2503 καρποφορία
1382 2428 1729 2501 πνευματικὴ
1766 2427 1822 2481 ἒν
1848 2445 1907 2481 τε

307 2526 423 2587 τοῖς
459 2524 637 2593 ἁγίοις
667 2524 922 2593 ἀγγέλοις
951 2524 1045 2577 καὶ
1090 2526 1223 2595 ἡμῖν
1252 2524 1437 2588 αὐτοῖς
1470 2522 1762 2595 ἐμφύεται.
1799 2522 1907 2575 Οὐ-

310 2615 441 2669 κοῦν
474 2617 621 2687 χήρα
658 2614 760 2685 μὲν
797 2609 867 2685 ἦν
898 2613 1004 2685 πρὸ
1044 2614 1144 2686 τῆς
1177 2613 1271 2667 τοῦ
1305 2613 1560 2684 Σωτῆρος
1589 2612 1904 2683 ἐπιδημίας,

309 2706 504 2774 ἄγονός
542 2723 601 2759 τε
637 2705 725 2760 δια
759 2707 918 2760 τοῦτο
968 2705 1067 2760 καὶ
1110 2703 1260 2770 ἅτεξ.
1308 2705 1532 2775 Ἐπειδὴ
1576 2704 1635 2757 δὲ
1677 2703 1909 2776 παρεδέ-

313 2793 445 2862 ξατο
466 2796 556 2849 διὰ
586 2796 822 2862 πίστεως
846 2797 939 2852 τδν
976 2796 1036 2863 ἐξ
1068 2796 1303 2869 ούρανοῦ
1338 2796 1594 2868 νυμφίον,
1619 2795 1791 2851 πολλά
1817 2796 1907 2866 γέ·

312 2905 471 2958 γονεν
503 2888 674 2960 αὐτῆς
706 2888 776 2942 τὰ
794 2889 960 2942 τέκνα
993 2889 1216 2959 μᾶλλον.
1246 2889 1280 2960 ἢ
1307 2888 1407 2959 τῆς
1439 2888 1672 2960 ἐχούσης
1701 2889 1791 2943 τὸν
1813 2888 1909 2942 ἄν-

312 2980 434 3053 δρα,
484 2978 734 3033 τουτέστι
794 2980 896 3050 τῆς
948 2980 1056 3032 τῶν
1105 2979 1380 3034 Ἰουδαίων
1426 2980 1779 3053 Συναγωγῆς,
1837 2981 1908 3053 ἥν

310 3073 377 3144 δὴ
429 3072 814 3143 προπηγάγετο
864 3072 997 3136 Θεὸς
1046 3071 1133 3127 διὰ
1176 3070 1273 3126 τοῦ
1322 3073 1603 3145 πανσόφου
1659 3073 1907 3137 Μωσέως
1931 3123 1975 3183 c

313 3165 452 3237 πρὸς
484 3166 794 3234 οἰκειότητα
819 3164 918 3237 τὴν
948 3166 1348 3237 πνευματικὴν,
1379 3166 1474 3221 καὶ
1500 3165 1690 3238 ὥσπερ
1724 3166 1903 3220 σύνοιο

311 3275 409 3315 κον
438 3257 533 3310 καλ⁸
578 3256 785 3310 πολλῶν
818 3258 1114 3329 ἐποιήσατο
1144 3257 1241 3311 καὶ
1267 3258 1519 3330 ἀπέφηνε
1547 3259 1766 3332 μητέρα
1808 3260 1906 3313 καὶ

311 3349 536 3421 τροφόν.
555 3348 697 3402 Ἀλλ’
719 3346 1001 3420 ητεκνώθη
1028 3348 1116 3402 διὰ
1137 3349 1603 3420 Χριστὸν,καίτοι,
1636 3351 1779 3406 καθά
1802 3370 1907 3422 φη-

300 3432 401 3496 ’σιν
443 3444 472 3496 ὁ
508 3442 795 3514 προφήτης
855 3440 1162 3512 Ἱερεμίας,
1222 3439 1478 3506 εὔτεκνος
1524 3437 1659 3496 οὖσα
1711 3443 1900 3515 πολλή.

316 3537 541 3601 mea»);
587 3536 717 3609 γὰρ,
763 3536 840 3600 ὠς
885 3534 1042 3604 ἔφην,
1089 3535 1138 3588 οί
1171 3534 1270 3605 τῆς
1328 3552 1459 3589 ποτε
1505 3535 1725 3609 στείρας
1778 3536 1904 3599 υίοὶ,

317 3629 453 3699 πρὸς
482 3631 547 3700 ἣν
569 3628 663 3682 καί
692 3645 825 3699 φησι
840 3626 922 3691 τδ,
955 3625 1262 3681 ιΙΙλάτυνον
1283 3627 1375 3682 τὸν
1394 3628 1559 3683 τόπον
1580 3629 1682 3702 τῆς
1701 3630 1907 3702 σκηνῆς

320 3741 413 3779 σου
450 3724 544 3777 καὶ
574 3722 683 3775 τῶν
707 3720 949 3776 αὑλαιῶν
983 3737 1132 3776 σου.»
1178 3720 1399 3794 Ἐπειδὴ
1431 3721 1544 3794 γὰρ
1590 3720 1788 3788 εὔπαις
1845 3740 1906 3777 τε

317 3818 412 3871 καὶ
463 3815 737 3881 πολύπαις
769 3814 1052 3887 ἀδοκήτως
1082 3814 1253 3884 ἀνέφυ
1285 3814 1379 3869 τὸν
1420 3813 1481 3883 ἐξ
1534 3815 1767 3887 ούρανοῦ
1808 3817 1907 3872 λα-

317 3907 490 3963 ϐοῦσα
530 3908 707 3977 λόγον,
738 3908 859 3980 ἦτοι
897 3908 1163 3980 νυμφίον,
1181 3907 1499 3978 ἀναγκαίως
1524 3910 1788 3965 ἐκτείνειν
1827 3913 1907 3975 είς

315 3997 473 4075 εὖρός
496 4018 557 4055 τε
610 4003 703 4055 καὶ
734 4003 909 4073 μῆκος
933 4002 1032 4066 τάς
1058 4002 1257 4074 ἑαυτῆς
1280 4002 1449 4067 αύλάς
1482 4003 1905 4075 προστέτακται,

318 4092 412 4145 καὶ
439 4090 854 4163 καταπηγνύναι
894 4091 1021 4155 τοὺς
1048 4092 1383 4160 πασσάλους,
1427 4093 1513 4148 ἵνα
1541 4093 1604 4149 τὸ
1636 4095 1910 4168 ἀκράδαν-

317 4201 410 4238 τον
435 4182 535 4254 τῆς
561 4181 624 4250 ἐξ
665 4183 833 4238 ἐθνῶν
871 4184 1197 4257 Ἐκκλησίας
1240 4184 1339 4260 διὰ,
1367 4185 1561 4243 τούτου
1615 4189 1765 4260 νοῇς·
1814 4188 1909 4242 καὶ

316 4274 379 4329 τὸ
414 4274 791 4347 μακρύνεσθαι
823 4275 880 4330 δὲ
906 4275 974 4329 τὰ
1003 4276 1385 4348 σχοινίσματα,
1412 4277 1472 4332 τὸ
1499 4280 1909 4353 ἀπαραδλήτως

319 4365 576 4420 πλούσιον
631 4368 711 4431 είς
758 4369 1103 4440 εὐρυγωρίαν
1161 4368 1272 4425 τῶν
1333 4369 1505 4440 ἁγίων
1569 4371 1907 4444 Ἐκκλησιῶν

2010 1880 2137 1919 cum
2185 1879 2462 1931 sermone,
2493 1865 2738 1936 inquam,
2790 1864 2971 1920 omnis
3009 1879 3152 1920 rem
3188 1862 3514 1931 cognitionis
3542 1874 3601 1916 et

2010 1956 2313 2011 studiorum
2405 1957 2474 2012 ad
2549 1958 2812 2029 pietatem
2881 1957 3269 2029 pertinentium
3343 1966 3596 2011 satore:

2010 2064 2175 2118 quem
2219 2050 2265 2104 si
2302 2050 2425 2120 quis
2453 2051 2609 2121 quasi
2657 2050 2951 2121 agricolam
2988 2049 3168 2105 omnis
3207 2058 3474 2104 creatura:
3512 2061 3601 2102 ra-

2011 2143 2158 2198 tione
2207 2142 2446 2212 prardita:
2498 2142 2680 2208 dicat,
2721 2157 2752 2197 a
2805 2157 2936 2199 vero
2989 2143 3306 2211 neutiquam
3373 2140 3601 2196 aberra-

2010 2237 2106 2292 bit.
2138 2235 2242 2291 Per
2269 2237 2447 2305 ipsum
2476 2236 2621 2291 enim
2655 2237 2835 2291 omnis
2878 2234 3227 2291 fructiﬁcatio
3266 2232 3596 2305 spiritualis.

2013 2338 2123 2383 tum
2160 2329 2214 2383 in
2262 2328 2470 2385 sanctis
2520 2328 2750 2399 angelis,
2790 2339 2902 2384 tum
2954 2329 3008 2384 in
3052 2328 3214 2384 nobis
3258 2327 3390 2398 ipsis
3435 2325 3599 2381 insita

2010 2432 2114 2477 t'sl.
2146 2419 2336 2492 Itaque
2395 2429 2525 2477 ante
2582 2418 2894 2476 Servatoris
2933 2421 3226 2477 adventum
3270 2419 3431 2475 vidua
3480 2427 3604 2473 erat

2009 2505 2065 2569 et
2114 2513 2339 2579 sterilis,
2380 2512 2451 2568 ob
2510 2526 2743 2582 eamque
2790 2527 3014 2568 causam
3063 2511 3195 2568 orba
3242 2510 3447 2567 liberis.
3492 2509 3600 2565 Sed

2009 2616 2300 2679 postquam
2364 2620 2463 2677 per
2537 2604 2697 2659 tidem
2765 2603 3048 2660 cmlestem
3119 2618 3377 2676 sponsum
3444 2617 3603 2658 acce-

2011 2700 2127 2770 pit,
2168 2699 2352 2771 plures
2411 2696 2614 2754 liberos
2676 2697 2919 2770 suscepit
2985 2712 3148 2768 quam
3208 2712 3272 2753 ea
3327 2712 3449 2767 quae
3509 2696 3599 2751 vl-

2012 2808 2131 2847 rnm
2222 2790 2460 2856 habuit,
2554 2790 2609 2846 id
2687 2798 2820 2855 est,
2880 2787 3195 2844 Iudaeorum
3271 2787 3598 2861 Synagoga,

2010 2884 2173 2958 757
2204 2900 2367 2956 quam
2409 2885 2550 2940 Deus
2573 2882 2796 2939 adduxit
2827 2897 2924 2953 per
2954 2881 3416 2952 sapientissimum
3450 2880 3603 2948 Moy-

2009 2994 2123 3034 Betti
2169 2976 2238 3031 ad
2303 2975 2746 3046 conjunctionem
2788 2971 3126 3044 spiritualein
3161 3009 3179 3037 ,
3229 2986 3396 3042 quam
3449 2969 3601 3025 velut

2011 3068 2458 3124 cobabitatricem
2503 3075 2562 3122 et
2612 3063 3057 3121 contubernalem
3104 3062 3256 3131 fecit,
3292 3077 3358 3119 ac
3411 3063 3606 3120 multo-

2018 3175 2137 3215 rum
2220 3158 2517 3214 liberurum
2576 3167 2804 3213 matrem
2851 3165 2906 3213 et
2980 3156 3274 3213 nutricem.
3316 3156 3425 3212 Sed
3486 3162 3605 3212 btet:

2015 3250 2205 3306 liberis
2248 3260 2408 3305 aucta
2455 3259 2538 3305 est
2569 3263 2666 3318 per
2692 3244 2996 3311 Christum,
3039 3255 3116 3314 et,
3150 3245 3311 3301 sicuti
3341 3247 3601 3317 propheta

2012 3342 2282 3400 Jeremias
2321 3343 2441 3410 ait,
2476 3342 2676 3398 multos
2729 3341 2892 3397 habet
2929 3339 3154 3396 liberos.
3198 3337 3392 3395 Plures
3432 3340 3602 3404 enim,

2017 3447 2076 3491 ut
2120 3436 2253 3501 dixi,
2286 3436 2404 3506 ejus
2442 3449 2565 3506 qua;
2585 3435 2857 3506 quondam
2881 3432 3097 3499 sterilis
3129 3440 3271 3496 erat,
3320 3431 3413 3487 lilii
3440 3442 3600 3491 sunt.

2015 3530 2101 3584 cui
2151 3538 2204 3583 et
2261 3527 2391 3581 illud
2445 3526 2622 3581 dicit:
2660 3540 2680 3575 ι
2707 3522 2880 3578 Dilata
2924 3523 3104 3578 locum
3161 3523 3377 3578 tentorii
3436 3524 3513 3579 tui
3550 3533 3608 3579 et

2027 3619 2507 3677 tabernaculorum
2560 3628 2797 3672 tuorum.
2822 3633 2844 3667 ι
2881 3613 3018 3670 Nam
3054 3615 3183 3685 quia
3212 3615 3352 3669 bona
3392 3626 3450 3669 et
3500 3631 3604 3670 nu-

2018 3733 2231 3773 tnerosa
2289 3713 2476 3772 sobole
2536 3720 2734 3786 prazter
2788 3709 3101 3783 opinionem
3174 3708 3403 3778 praedita
3468 3707 3604 3772 luit.

2016 3819 2242 3879 accepto
2284 3809 2352 3864 de
2401 3807 2544 3864 coelo
2579 3819 2832 3862 sermone
2881 3804 2999 3861 sive
3053 3816 3287 3875 sponso,
3337 3816 3597 3859 necessa-

2016 3906 2100 3961 rio
2159 3903 2380 3973 jubetur
2448 3898 2801 3957 tabernacula
2880 3910 2979 3952 sua
3034 3896 3089 3951 in
3141 3894 3482 3952 latitudinem
3547 3911 3606 3953 et

2017 3997 2404 4069 longitudinem
2455 3992 2770 4059 extendere,
2800 3999 2857 4047 et
2881 3990 3064 4046 clavos
3099 3990 3289 4062 ﬁgere,
3318 4000 3377 4044 ut
3411 3989 3602 4046 incon-

2015 4107 2233 4148 cussam
2291 4089 2548 4146 Ecclesia:
2608 4088 2853 4158 gentium
2904 4085 3078 4141 basim
3138 4085 3263 4140 inde
3308 4083 3598 4155 intelligas.

2016 4183 2349 4243 Protendere
2415 4181 2704 4247 l‘uuiculos,
2754 4180 3047 4252 spatiosam
3103 4187 3155 4235 et
3208 4179 3603 4251 incomparabi-

2016 4281 2142 4336 liter
2186 4277 2411 4335 divitem
2447 4285 2763 4332 sanctarum
2798 4273 3159 4331 Ecclesiarum
3194 4272 3603 4343 amplitudinem

2016 4371 2347 4436 subindicat,
2378 4368 2594 4424 etiamsi
2642 4366 2875 4437 primum
2908 4366 3195 4422 tentorium
3229 4365 3453 4421 omnino
3482 4382 3605 4436 par-

320 4459 631 4529 ὑποφαίνει,
664 4460 843 4514 καίτοι
874 4461 973 4534 τῆς
1017 4460 1252 4533 ἀρχαίας
1283 4463 1489 4535 σκηνῆς
1528 4462 1717 4536 ὀλίγης
1739 4464 1907 4535 οὔσης

2019 4482 2144 4521 vum
2194 4463 2380 4529 luerit,
2418 4470 2476 4519 et
2530 4462 2670 4518 atria
2734 4460 2990 4516 habuerit
3046 4457 3456 4530 angustissima.
3500 4457 3604 4514 Ve-

321 4550 621 4617 παντελῶς,
658 4552 754 4605 καὶ
786 4553 1112 4616 στενοτάτας
1144 4553 1376 4628 ἐχούσης
1409 4555 1599 4621 αὐλάς.
1635 4556 1782 4630 Πλὴν
1813 4560 1909 4612 καὶ

320 4642 378 4694 ὲν
407 4642 602 4715 ἐκείνῳ
639 4642 718 4714 τῷ
760 4645 1060 4717 τεχνήματι
1091 4645 1299 4700 κατίδοι
1327 4664 1408 4711 τις
1447 4646 1514 4702 ἂν
1551 4647 1627 4712 ὡς
1663 4649 1721 4703 ὲν
1754 4648 1910 4722 τύπῳ

322 4735 671 4807 γραφόμενον
715 4734 816 4806 τῆς
845 4734 905 4801 ἐξ
949 4734 1117 4790 ἐθνῶν
1161 4737 1492 4809 Ἔκκλησίας
1541 4740 1604 4795 τὸ
1643 4742 1724 4805 είς
1750 4736 1910 4813 εὖρός

321 4841 381 4878 τε
423 4828 519 4880 καὶ
577 4827 757 4900 μῆκος
811 4827 1143 4899 ἀμφιλαφές.
1187 4830 1321 4902 Περὶ
1366 4832 1476 4904 γάρ
1518 4849 1601 4886 τοι
1650 4832 1748 4897 τὰς
1778 4834 1910 4888 δέκα

323 4917 492 4983 αὐλὰς
518 4920 616 4984 τὰς
648 4920 713 4975 ἐκ
740 4919 943 4993 δέρεων
976 4920 1233 4991 τριχίνων
1255 4924 1794 4997 κατεσκευασμένας,
1819 4926 1915 4979 αύ-

322 5008 414 5065 λαὶ
447 5012 710 5082 τετὰχατο
738 5010 925 5083 κύκλῳ
955 5012 1242 5084 τέσσαρες,
1275 5009 1387 5067 οἷον
1436 5017 1517 5080 είς
1560 5017 1790 5073 ἕκαστον
1815 5019 1916 5089 τῆς

323 5102 651 5174 οίκουμένης
686 5103 957 5177 τρέχουσα
1006 5104 1194 5177 μέρος,
1236 5106 1317 5171 είς
1352 5106 1527 5179 μῆκος
1568 5109 1668 5181 μὲν
1698 5109 1914 5174 ἑκατὸν,

2017 4568 2322 4616 rumtamen
2354 4556 2436 4613 vel
2489 4554 2543 4612 in
2601 4553 2692 4609 illo
2719 4552 2936 4622 opiliciu
2970 4552 3155 4607 videre
3192 4551 3318 4607 licet
3346 4562 3603 4623 tanquam

2019 4653 2070 4709 in
2120 4650 2293 4722 ﬁgura
2340 4663 2407 4704 ac
2470 4658 2597 4720 typo
2647 4646 2972 4716 descriptam
3029 4645 3286 4702 Ecclesiae
3347 4646 3590 4716 gentium

2016 4742 2381 4805 latitudinem,
2415 4737 2807 4811 longitudinem
2861 4734 2920 4793 et
2953 4737 3254 4794 laxitatem.
3287 4733 3419 4792 Nam
3454 4738 3600 4795 circa

2017 4837 2202 4892 decem
2228 4832 2429 4888 animas
2453 4830 2533 4904 (l)
2557 4844 2622 4886 ex
2649 4830 2881 4902 pellibus
2911 4830 3145 4887 cilicinis
3168 4828 3468 4893 coniectas,
3502 4845 3569 4881 an
3590 4857 3604 4868 -

2018 4928 2084 4984 lae
2114 4927 2306 4997 posita:
2367 4931 2528 4979 erant
2586 4924 2830 4994 undique
2876 4933 3134 4992 quatuor,
3166 4920 3327 4975 veluti
3364 4920 3606 4991 singulas

2016 5020 2166 5076 orbis
2216 5027 2400 5089 partes
2447 5022 2721 5080 secantes,
2750 5014 3085 5085 longitudine
3131 5024 3374 5075 centum,
3418 5015 3602 5068 latitu-

2016 5113 2146 5168 dine
2211 5109 2626 5182 quinquaginta.
2700 5107 2997 5177 Propterea
3055 5107 3186 5163 dicit
3231 5121 3248 5161 :
3302 5106 3497 5162 Adhuc
3550 5107 3603 5162 in

325 5196 668 5266 πεντήκοντα
694 5197 751 5250 δὲ
781 5199 859 5261 είς
882 5197 1104 5263 πλάτος.
1145 5198 1247 5252 Διὰ
1270 5197 1430 5253 τοῦτό
1470 5217 1657 5272 φησιν’
1689 5202 1806 5257 Ἔτι
1837 5204 1907 5266 είς

2020 5205 2232 5261 dextris
2275 5212 2328 5259 et
2358 5203 2412 5258 in
2465 5200 2701 5259 sinistris
2750 5201 3028 5272 expande,
3072 5200 3126 5255 id
3173 5211 3278 5265 est,
3324 5202 3605 5275 unde-quvi-

323 5289 393 5342 τὰ
416 5288 569 5356 δεξιὰ
604 5290 702 5345 καὶ
725 5294 805 5355 είς
830 5293 901 5348 τὰ
929 5292 1195 5367 ἀριστερά
1243 5293 1578 5361 έκπέτασον,
1609 5294 1911 5361 τουτέστιν,

327 5381 721 5439 ἀπλούσθωσαν
737 5385 1014 5458 πανταχοῦ
1030 5386 1101 5442 τὰ
1123 5388 1190 5442 σὰ
1206 5388 1780 5462 σχοινίσματαλιίεστὴ
1804 5388 1914 5463 γὰρ

327 5475 502 5543 ἁγίων
535 5476 872 5551 Ἐκκλησιῶν
890 5480 923 5551 η
941 5479 1035 5534 ὑπ’
1063 5480 1312 5552 οὐρανὸν,
1343 5480 1451 5536 elei
1469 5480 1526 5535 δὲ
1553 5479 1648 5536 καὶ
1676 5480 1913 5553 εὐμεγέ-

329 5567 468 5634 θεις,
496 5569 707 5642 εὐρεῖαι
728 5588 787 5625 τε
827 5571 923 5626 καὶ
948 5569 1212 5644 εὐμήκεις
1243 5571 1542 5647 πανταχοῦ,
1591 5572 1685 5628 καὶ
1711 5572 1915 5641 παντὸς

2023 5311 2129 5369 que
2188 5294 2416 5352 funiculi
2462 5294 2537 5350 tui
2603 5293 2954 5363 atnplientur.
2998 5292 3195 5349 Plenus
3249 5304 3333 5349 est
3390 5300 3609 5350 sa'rutn-

2023 5403 2145 5443 rum
2196 5387 2569 5444 Ecclesiarnm
2632 5386 2782 5442 orbis
2858 5380 3408 5442 terrarum:etenim
3475 5395 3609 5441 sunt

2020 5496 2238 5554 quoque
2306 5483 2443 5539 bene
2520 5495 2754 5552 magum,
2807 5480 3064 5552 spatiosa:
3136 5490 3192 5537 et
3255 5483 3390 5538 bene
3436 5480 3612 5552 longa:

2025 5575 2268 5644 undique
2316 5583 2370 5629 et
2421 5572 2822 5646 pulcherrimae.
2855 5572 2949 5631 Sic
2994 5574 3139 5631 enim
3195 5574 3329 5632 dicit
3390 5574 3611 5631 univer-

402 5743 481 5818 (ί)
511 5743 685 5803 Locus
715 5749 1001 5817 obscurus,
1032 5760 1085 5807 et
1117 5752 1169 5807 ni
1203 5750 1360 5807 fallor
1392 5763 1704 5824 corruptus,
1735 5754 1909 5824 inquit
1953 5748 2280 5807 Hutil‘redus.

655 5842 925 5905 l‘ATtt0t..
956 5844 1077 5903 litt.
1126 5842 1288 5903 LXX

3239 5848 3313 5908 33
