4042 6200
509 241 654 299 Ηοῦ

1500 236 1558 293 5.
1598 238 1874 293 ειιιιιιι
1914 238 2379 296 ALEXANDRINI
2421 237 2738 294 ABCHIEP.

3625 246 3781 303 “96

509 369 691 414 eorum
707 354 872 423 Deus,
900 353 1098 426 templo
1128 325 1624 424 liierosolymitano
1653 365 2072 426 exstructo,post

2184 359 2264 421 εις
2289 357 2440 428 λῆξιν
2470 355 2642 410 ίοῦσαι
2666 355 2918 420 κάλλους.
2951 357 3108 411 Οὕτω
3136 357 3246 429 γάρ
3287 356 3391 412 πού
3428 375 3589 430 φησιν
3614 362 3642 414 δ
3661 363 3783 416 τῶν

508 449 740 517 primum
791 446 1044 504 manibus
1083 445 1428 518 Assyriorum
1461 456 1712 502 exustum
1744 465 1756 500 :
1796 466 1815 499 ι
1855 447 1987 514 Quis
2011 463 2078 504 ex

506 539 658 596 vobis
705 547 790 594 est
845 538 934 607 qui
985 537 1119 591 vidit
1170 538 1389 590 domum
1419 561 1425 566 -
1460 537 1600 591 hanc
1640 537 1692 592 in
1757 537 1924 606 gloria
1979 555 2075 594 sua

505 623 727 695 priore?
762 625 826 680 Et
875 625 1144 695 quomodo
1191 641 1355 692 nunc,
1409 625 1604 695 inquit,
1639 629 1833 683 videtis
1884 629 2076 698 ipsam,

514 719 672 788 quasi
739 733 844 774 non
885 727 1032 774 esset
1068 718 1122 772 in
1144 719 1316 774 oculis
1350 720 1586 774 vestris?
1621 720 1754 775 Vivo
1795 736 1916 791 ego,
1950 722 2082 776 dicit

506 808 806 863 Dominus:
839 809 967 878 quia
1031 807 1204 878 major
1253 810 1363 865 erit
1417 809 1586 878 gloria
1653 811 1847 866 domus
1923 809 2080 879 hujus

505 902 734 969 ultimae,
789 915 952 970 quam
1031 901 1242 970 primae,
1294 901 1428 957 dicit
1491 902 1749 957 Dominus
1813 902 2077 972 omnipo-

508 1003 628 1050 tens
649 991 749 1047 υ.»
787 990 921 1046 Nam
964 993 1162 1062 templo
1183 993 1328 1062 quod
1353 993 1742 1064 Hierosolymis
1772 992 1873 1047 fuit
1907 993 2078 1048 multo

506 1085 659 1154 plura
689 1094 747 1141 et
796 1082 1136 1154 opulentiora
1191 1099 1289 1153 per
1347 1085 1661 1140 universum
1723 1084 1906 1139 orbem
1965 1093 2076 1139 ter-

501 1192 688 1234 rarum
741 1175 1007 1233 :edilicata
1064 1185 1194 1233 sunt
1238 1175 1458 1246 templa,
1513 1177 1566 1231 id
1627 1185 1742 1242 est,
1793 1176 2074 1244 ecclesiae,

502 1270 769 1326 habentes
842 1269 1015 1324 altare
1095 1267 1148 1323 in
1201 1266 1426 1338 gloriam
1494 1267 1698 1322 Christi
1766 1276 2074 1337 augustum.

503 1362 674 1416 Dilata
715 1361 900 1430 igitur,
933 1359 1129 1429 inquit,
1161 1358 1338 1415 locum
1386 1359 1603 1413 tentorii
1663 1359 1763 1425 tui,
1807 1366 1861 1412 et
1893 1359 2076 1413 taber-

501 1451 823 1508 naculorum
895 1458 1138 1504 tuorum.
1205 1447 1402 1502 Semen
1476 1448 1621 1502 enim
1681 1457 1828 1502 tuum
1891 1457 2078 1516 gentes

500 1544 834 1614 possidebit,
859 1553 917 1598 et
939 1543 1194 1599 civitates
1224 1549 1467 1598 vastatas
1511 1542 1867 1599 inhabitabis.
1902 1542 2079 1598 Pluri-

502 1653 711 1693 morum
750 1651 990 1707 namque
1034 1637 1271 1690 virorum
1321 1646 1634 1691 sanctorum
1682 1635 1850 1706 758
1897 1646 1952 1690 et
1980 1635 2077 1691 bo-

2180 451 2316 503 ὃλων
2346 448 2476 512 Θεὸς
2523 447 2896 518 ἐγηγερμένον
2943 447 3034 502 τοῦ
3071 447 3202 501 ναοῦ
3237 447 3335 502 τοῦ
3375 451 3434 503 ἐν
3475 449 3784 523 Ἰεροσολύ-

2181 557 2324 612 μοις,
2369 540 2508 610 μετά
2547 556 2607 606 γε
2643 539 2704 591 τὸ
2738 539 2828 592 διὰ
2869 540 2968 610 τῆς
3014 540 3315 610 ’Δσσυριων
3354 541 3538 612 χειρὸς
3563 560 3787 615 κατεμι

2181 631 2489 702 πρησθῆναι
2543 631 2635 684 τὸν
2683 630 3067 702 πρῶτον.‹Τίς
3101 631 3162 697 ἐξ
3204 633 3376 702 ὑμῶν,
3405 634 3467 698 ὃς
3516 631 3625 689 εἶδε
3679 636 3783 690 τὸν

2179 718 2327 776 οἶκον
2364 722 2552 776 τοῦτον
2597 724 2655 776 ὲν
2703 725 2770 793 τῇ
2807 722 2936 794 δόξῃ
2977 722 3142 777 αὑτοῦ
3170 727 3236 796 τῇ
3279 725 3630 797 ἒμπροσθεν;
3661 730 3780 783 Καὶ

2180 814 2298 878 πῶς
2323 813 2438 879 νῦν,
2473 813 2658 884 φησὶν,
2689 814 2854 885 ὁρᾶτε
2884 812 3070 879 αὑτὸν,
3102 813 3285 878 καθὼς
3317 817 3417 886 οὐχ
3453 818 3778 890 ὑπάρχοντα

2179 907 2409 961 ἐνώπιον
2446 905 2623 977 ὐμῶν;
2704 906 2792 960 Ζῶ
2823 904 2958 976 ἐγὼ,
2981 905 3134 974 λέγει
3175 907 3400 978 Κύριος,
3429 910 3512 963 ὅτι
3553 912 3776 984 μεγάλη

2179 1002 2331 1056 ἔσται
2360 1005 2393 1072 ἠ
2427 1001 2554 1068 δόξα
2583 999 2678 1055 τοῦ
2725 1001 2875 1055 οῐκου
2921 999 3138 1065 τούτου,
3169 1001 3202 1071 η
3239 1000 3442 1072 ἐσχάτη
3477 1003 3619 1072 ὑπὲρ
3665 1003 3776 1074 τὴν

2181 1092 2425 1164 πρώτην,
2445 1092 2593 1161 λέγει
2616 1091 2819 1164 Κύριος
2842 1093 3259 1163 παντοκράτωρ.
3281 1092 3418 1145 »Τοῦ
3443 1093 3553 1164 γὰρ
3575 1095 3637 1148 ὲν
3656 1097 3777 1160 τοῖς

2191 1183 2584 1256 Ἰεροσολύμοις
2610 1184 2762 1247 ὄντος
2806 1183 2958 1247 ναοῦ,
2991 1182 3172 1253 πολλῷ
3208 1183 3448 1254 μείζους,
3475 1185 3570 1238 καὶ
3602 1184 3773 1238 πλούο

2180 1290 2284 1327 σιοι
2310 1274 2448 1328 κατὰ
2483 1276 2655 1328 πᾶσαν
2689 1274 2786 1344 τὴν
2835 1273 2927 1327 ὑπ’
2970 1272 3199 1344 οὐρανὸν
3237 1272 3578 1344 ὼρθὼθησαν
3623 1275 3770 1339 ναοὶ,

2178 1366 2454 1420 τουτέστιν
2506 1363 2819 1436 ἐκκλησίαι,
2859 1364 2922 1416 τὸ
2960 1363 3157 1416 σεπτὸν
3195 1365 3417 1434 ἔχουσαι
3467 1365 3774 1437 θυσιαστή-

2182 1475 2292 1530 ριον
2323 1460 2403 1522 εἰς
2446 1458 2602 1524 δόξαν
2633 1455 2889 1528 Χριστοῦ.
2937 1455 3210 1510 Πλάτυνον
3238 1455 3303 1526 δὴ
3341 1452 3457 1522 οὖν,
3484 1458 3642 1527 φησὶ,
3677 1458 3771 1510 τὸν

2177 1551 2341 1605 τόπον
2369 1549 2464 1621 τῆς
2501 1550 2706 1620 σκηνῆς
2735 1565 2828 1601 σου
2876 1547 2972 1599 καὶ
2997 1545 3104 1600 τῶν
3135 1545 3374 1600 αὺλαιῶν
3405 1564 3524 1603 σου.
3557 1549 3632 1601 Τὸ
3659 1548 3772 1619 γὰρ

2181 1639 2403 1710 σπέρμα
2435 1655 2529 1691 σου
2568 1637 2696 1707 ἔθνη
2733 1635 3155 1706 κληρονομήσει,
3187 1636 3282 1688 καὶ
3312 1637 3496 1700 πόλεις
3529 1637 3770 1708 ἠρημω-

500 1745 695 1785 norum
765 1739 940 1784 mater
1006 1733 1188 1782 nutrix
1232 1727 1473 1782 Ecclesia
1530 1727 1771 1799 gentiuru
1826 1729 1964 1796 fuit,
2011 1742 2072 1782 ac

2183 1730 2350 1800 μένας
2390 1730 2706 1790 κατοικιεῖς.
2744 1727 3019 1781 Πλείστων
3060 1730 3158 1798 μὲν
3208 1726 3318 1798 γὰρ
3366 1728 3506 1782 ὅσων
3552 1729 3769 1799 ἀνδρῶν

507 1821 706 1878 multos
756 1820 1030 1891 principes
1073 1818 1574 1888 atque..pr:el'ectos
1617 1818 1934 1888 populorum
1976 1832 2072 1888 pe-

502 1915 684 1987 perit:
715 1914 852 1969 adeo
900 1921 959 1967 ut
1021 1911 1206 1966 multis
1247 1910 1501 1980 gentibus
1561 1910 1954 1976 dominaretur,
2007 1922 2075 1965 eo

498 2007 643 2077 quod
721 2004 984 2059 illibatum
1054 2001 1404 2073 mystagogite
1478 2015 1786 2056 sermonem
1861 2001 2075 2056 tradere

499 2097 692 2168 potuit,
730 2106 786 2151 et
838 2093 1069 2150 artiﬁcio
1122 2093 1381 2164 pascendi
1438 2107 1547 2148 non
1621 2093 1822 2148 caruit.
1867 2093 2074 2159 Quibus

495 2193 661 2247 etiam
704 2192 819 2261 ipse
845 2188 1126 2257 Servator,
1164 2197 1226 2242 ut
1261 2187 1354 2257 qui
1390 2185 1663 2242 laudatam
1686 2194 1739 2241 et
1793 2188 2074 2257 probatam

498 2285 662 2338 vitam
709 2284 1084 2350 traduxerant,
1116 2287 1316 2337 sortem
1386 2279 1668 2350 promittit,
1698 2287 1753 2334 et
1812 2279 1866 2332 in
1916 2291 2076 2333 omne

499 2386 715 2444 tempus
770 2372 1010 2428 futurum
1065 2371 1354 2442 imperium
1399 2371 1742 2441 pepulorum.
1782 2369 1995 2425 Etenim
2019 2368 2072 2422 in

499 2465 823 2520 talentorum
868 2463 1268 2526 distributione,
1316 2462 1401 2518 his
1429 2462 1519 2530 qui
1571 2461 1900 2530 duplicatum
1925 2470 2074 2514 attu-

500 2560 678 2615 lerunt
720 2557 862 2628 quod
909 2557 1096 2611 datum
1149 2564 1309 2609 erat:
1349 2573 1368 2606 ι
1399 2553 1573 2623 Supra
1603 2553 1787 2608 decem
1825 2553 2073 2607 civitates

497 2652 611 2707 eris
639 2649 709 2716 ",
747 2668 766 2702 ι
802 2647 1010 2718 inquit;
1042 2645 1196 2700 alteri
1229 2662 1242 2699 :
1269 2663 1287 2697 ι
1321 2645 1438 2698 Eris
1485 2659 1650 2715 supra
1678 2645 1919 2713 quinque
1949 2643 2074 2698 civi-

505 2755 646 2800 tates
673 2741 742 2797 “.
775 2759 794 2794 ι
826 2739 1022 2794 Semen
1082 2751 1211 2810 ergo
1258 2747 1406 2791 tuum
1454 2735 1798 2790 luereditario
1841 2735 2075 2806 posside-

495 2836 579 2892 bit
631 2843 841 2906 gentes.
895 2830 1200 2887 Convenire
1252 2837 1430 2900 potest
1484 2832 1610 2893 hoc,
1669 2829 1746 2884 uti
1771 2830 1884 2897 jam
1929 2828 2066 2895 dixi,

493 2927 770 3000 pralectis
820 2924 1208 2990 Ecclesiarum,
1243 2922 1332 2992 qui
1377 2924 1540 2975 etiam
1573 2935 1684 2989 pra:
1727 2935 1922 2991 magno
1947 2935 2074 2990 gau-

499 3021 589 3078 dio
627 3020 814 3075 dicunt
839 3034 853 3072 :
895 3037 913 3069 ι
945 3016 1189 3084 Subjecit
1223 3013 1446 3086 populos
1475 3014 1652 3078 nobis,
1679 3023 1732 3068 et
1762 3023 1949 3084 gentes
1975 3028 2069 3082 pe—

499 3113 660 3167 dibus
689 3109 917 3166 nostris.
951 3109 1124 3178 Elegit
1176 3108 1330 3162 nobis
1363 3107 1734 3162 haereditatem
1769 3121 1924 3161 suam
1948 3105 2067 3157 ⁸⁵⁸.»

496 3203 783 3260 Sorsenim
821 3209 910 3256 est
948 3215 1067 3269 qua:
1089 3201 1190 3255 soli
1214 3209 1269 3254 et
1287 3215 1410 3254 vere
1429 3198 1886 3267 quadratChristo
1911 3197 2074 3251 maxi-

500 3309 607 3355 me,
647 3304 889 3359 praeesse
926 3288 1212 3342 universis.
1241 3286 1533 3356 Pmpterea
1571 3287 1825 3355 praecepit
1865 3287 2068 3349 dicere,

501 3379 935 3449 Rabbi,nemini:
968 3397 986 3430 ι
1016 3376 1167 3436 Unus
1189 3377 1330 3432 enim
1350 3385 1454 3443 est,
1486 3396 1504 3428 ι
1528 3375 1750 3446 inquit,i
1776 3386 2072 3446 praeceptor

498 3484 671 3528 vester
693 3470 1060 3526 Cbristus““.
1076 3468 1214 3524 iSed
1230 3469 1679 3540 quemadmodum
1700 3485 1822 3524 cum
1845 3470 1958 3540 ipse
1980 3469 2069 3523 lux

495 3567 568 3622 sit
619 3581 768 3630 vera,
795 3562 972 3619 lucem
993 3564 1202 3619 vocavit
1229 3571 1445 3618 sanctos
1470 3563 1760 3630 apostolos,
1786 3572 1841 3616 et
1867 3573 1922 3616 ut
1956 3562 2072 3630 ipse

495 3669 691 3715 natura
730 3667 786 3713 et
820 3656 970 3713 solus
1003 3672 1132 3712 vere
1166 3656 1372 3721 Filius,
1423 3656 1578 3711 nobis
1633 3655 1686 3710 in
1729 3654 1903 3726 ipsum
1950 3671 2069 3711 cre-

493 3750 746 3805 dentibus
786 3757 1106 3819 potestatem
1150 3747 1296 3803 dedit
1329 3745 1547 3800 l‘atrem
1590 3747 1818 3801 vocandi
1875 3745 2067 3813 Deum,

494 3848 677 3910 utpote
712 3838 806 3908 qui
850 3839 1110 3910 dignitate
1144 3836 1266 3892 Filii
1309 3837 1699 3908 locupletamur
1731 3854 1745 3891 :
1788 3837 1868 3893 sic
1904 3839 2066 3892 etiam

493 3934 610 4000 ipse
671 3945 796 3987 curn
853 3933 928 3986 sit
981 3932 1355 3987 universorum
1401 3938 1814 4000 praeceptor,et
1875 3932 2066 3985 sortito

494 4022 693 4076 habeat
720 4022 907 4078 orbem
923 4030 1215 4086 terrarum,
1242 4021 1343 4075 hoc
1365 4019 1512 4074 dedit
1541 4019 1764 4085 sanctis,
1790 4033 1885 4074 eos
1908 4035 2066 4076 coro-

2174 1822 2346 1890 ἁγίων
2387 1821 2482 1874 καὶ⁵
2520 1819 2742 1889 ἀγαθῶν
2790 1821 2975 1892 μήτηρ
3022 1818 3116 1873 καὶ
3168 1819 3368 1889 τροφὸς
3405 1821 3439 1890 ἡ
3487 1819 3545 1886 ἐξ
3592 1819 3768 1874 ἐθνῶν

2176 1915 2400 1982 γέγονεν
2439 1911 2760 1983 Ἐκκλησία,
2811 1911 3062 1964 ὲκτέτοκε
3107 1909 3165 1964 δὲ
3220 1909 3449 1975 πολλοὺς
3495 1910 3765 1982 ἄρχοντάς

2173 2023 2235 2060 τε
2267 2006 2362 2060 καὶ
2401 2005 2740 2077 ἡγουμένους
2785 2003 2961 2058 λαῶν’
2991 2003 3132 2057 ῶστε
3167 2003 3260 2057 καὶ
3292 2002 3460 2057 ἐθνῶν
3497 2005 3761 2075 καθηγεῖ-

2176 2097 2299 2152 σθαι
2334 2096 2568 2159 πολλῶν,
2601 2095 2690 2149 διά
2715 2112 2797 2148 τοι
2823 2095 2884 2148 τὸ
2913 2094 3171 2149 δύνασθαι
3205 2095 3294 2149 τὸν
3327 2095 3630 2168 ἀμώμητον
3663 2100 3762 2168 τῆς

2182 2187 2571 2260 μυσταγωγίας
2611 2185 2884 2239 ποιεῖσθαι
2925 2185 3102 2256 λόγον,
3131 2187 3226 2241 καὶ
3258 2188 3581 2258 ποιμνικῆς
3604 2188 3757 2241 εὐτε·-

2174 2283 2329 2352 χνίας
2364 2283 2463 2335 οὐκ
2489 2281 2757 2352 ἀμοιρεῖν.
2806 2276 2901 2344 Οἷς
2927 2281 3021 2333 καὶ
3055 2280 3218 2344 αὐτὸς
3255 2283 3284 2334 ό
3312 2281 3527 2352 Σωτὴρ,
3556 2281 3650 2335 ἁτε
3694 2282 3758 2353 δὴ

2172 2375 2272 2443 τὴν
2298 2373 2494 2426 εὐκλεᾶ
2522 2373 2615 2424 καὶ
2644 2371 2928 2442 εὐδόκιμον
2955 2372 3344 2441 κατωρθωκόσι
3370 2373 3542 2444 ζωὴν,
3561 2373 3757 2445 κλῆρον

2175 2464 2592 2532 ἐπαγγέλλεται,
2627 2463 2722 2515 καλ⁵
2752 2464 2833 2526 είς
2887 2463 3059 2516 αίῶνα
3083 2462 3173 2514 τὸν
3233 2463 3492 2533 μέλλοντα
3525 2465 3585 2517 τὸ
3626 2464 3756 2518 καθ-

2173 2555 2422 2628 ηγεῖσθαι
2453 2555 2616 2609 λαῶν.
2638 2555 2727 2608 Ἐν
2743 2554 2852 2626 γάρ
2875 2571 2957 2608 τοι
2978 2557 3052 2624 ,τῇ
3079 2554 3186 2607 τῶν
3212 2553 3486 2608 ταλάντων
3504 2555 3753 2628 διανομῇ,

2173 2652 2285 2712 τοῖς
2319 2649 2684 2716 προσάγουσιν
2739 2648 2798 2698 ὲν
2837 2645 3008 2716 διπλῷ
3039 2647 3096 2698 τὸ
3136 2644 3306 2709 δοθὲν,
3339 2663 3357 2696 ι
3388 2645 3538 2711 Ἐσο,
3573 2648 3752 2718 φησὶν,

2175 2740 2360 2793 ἐπάνω
2383 2741 2514 2793 δέκα
2537 2739 2766 2792 πόλεων*
2796 2738 2910 2791 »ἑτέ
2918 2755 2996 2808 ρῳ
3016 2737 3072 2790 δὲ
3095 2733 3214 2800 αὖ,ι
3231 2739 3362 2790 "Eoo
3378 2738 3563 2792 ἐπάνω
3595 2739 3752 2791 πέντε

2174 2832 2435 2885 πόλεων.»
2467 2829 2675 2883 Οὐκοῦν
2705 2829 2834 2900 ἔθνη
2881 2829 3279 2900 κληρονομήσει
3306 2828 3366 2881 τὸ
3388 2829 3610 2900 σπέρμα
3639 2847 3750 2884 σου.

2175 2925 2382 2994 Πρέποι
2401 2923 2445 2976 δ’
2475 2923 2540 2976 ἂν
2561 2922 2738 2985 τοῦτο,
2772 2921 3025 2991 καθάπερ
3052 2920 3186 2990 ἔφην
3211 2920 3434 2992 ἀρτίως,
3459 2925 3570 2986 τοῖς
3591 2925 3752 2991 ἡγου-

2181 3015 2361 3087 μένοις
2390 3013 2744 3085 Ἐκκλησιῶν,
2764 3014 2812 3066 οἳ
2827 3013 2891 3084 δὴ
2909 3013 3001 3066 καί
3019 3029 3180 3081 φασιν
3202 3015 3264 3066 ὲκ
3287 3015 3639 3086 περιχαρείας
3658 3015 3753 3084 τῆς

2181 3109 2336 3178 ἄγαν·
2360 3127 2377 3158 ι
2409 3106 2671 3171 ’Υπέταξε
2685 3106 2846 3169 λαοὺς
2883 3108 3034 3177 ἡμῖν,
3053 3105 3146 3159 κα)⁸
3173 3105 3300 3177 ἔθνη
3330 3106 3434 3159 ὑπὸ
3449 3108 3572 3170 τοὺς
3589 3107 3752 3169 πόδας

2180 3199 2368 3270 ἡμῶν.
2419 3197 2727 3263 Ἐξελέξατο
2769 3198 2899 3268 ⁴ἡμῖν
2942 3196 3039 3267 τὴν
3085 3196 3452 3268 κληρονομίαν
3506 3196 3696 3250 ἑαυτοῦ
3728 3218 3746 3248 ι

2184 3288 2399 3358 Κλῆρος
2439 3286 2536 3357 μὲν
2573 3287 2682 3356 γὰρ
2706 3288 2734 3339 ὁ
2770 3287 2916 3357 μόνῳ
2947 3286 3041 3339 καὶ
3065 3284 3281 3356 ἀληθῶς
3307 3286 3751 3354 πρεπωδέστατος

2181 3378 2399 3450 Χριστῷ
2419 3379 2475 3432 τὸ
2487 3378 2844 3449 καθηγεῖσθαι
2860 3378 2970 3430 τῶν
2992 3376 3185 3430 ἄλλων.
3205 3378 3301 3430 Διὰ
3317 3377 3473 3431 τοῦτο
3485 3378 3574 3431 καὶ
3591 3395 3753 3450 προσο

2177 3471 2367 3542 τέταχε
2389 3471 2575 3542 μηδενὶ
2597 3472 2776 3540 λέγειν
2795 3488 2808 3501 ⁸
2845 3470 3032 3523 Ῥαϐὁί
3048 3485 3064 3502 ⁸
3093 3488 3110 3520 ι
3134 3465 3226 3534 Εἷς
3242 3471 3349 3542 γάρ
3373 3473 3542 3536 seu,»
3572 3472 3754 3542 φησὶν,

2184 3581 2202 3614 ι
2234 3562 2386 3634 ὑμῶν
2400 3562 2715 3634 καθηγητὴς
2730 3563 2758 3615 ό
2775 3563 3027 3634 Χριστός.
3043 3581 3062 3615 ι
3082 3561 3222 3614 Ἀλλ’
3240 3561 3430 3634 ὥσπερ
3446 3563 3560 3634 φῶς
3577 3566 3752 3636 ὑπάρ-

2174 3675 2285 3728 χων
2325 3656 2486 3720 αὐτὸς
2527 3657 2587 3709 τὸ
2632 3654 2910 3726 ἀληθινὸν,
2956 3654 3073 3726 φῶς
3120 3655 3347 3709 ἐκάλεσε
3397 3658 3522 3720 τοὺς
3571 3659 3757 3725 ἁγίους

2175 3747 2536 3812 ἀποστόλους,
2576 3746 2673 3801 καὶ
2717 3745 2905 3820 ῶσπερ
2945 3745 3106 3809 αὐτὸς
3149 3745 3223 3798 ῶν
3259 3745 3419 3816 φύσει
3459 3747 3552 3801 καὶ
3599 3750 3757 3818 μόνος

2174 3839 2388 3910 ἀληθῶς
2413 3838 2560 3902 Υἱὸς,
2580 3838 2809 3892 δέδωκεν
2837 3839 2968 3909 ἡμῖν
2995 3839 3240 3906 ἐξουσίαν
3261 3842 3372 3903 τοῖς
3408 3839 3759 3893 πιστεύσασιν

2175 3932 2252 3994 είς
2279 3931 2463 3991 αὑτὸν,
2501 3932 2719 4002 Πατέρα
2749 3929 2933 3983 καλεῖν
2979 3930 3068 3984 τὸν
3109 3932 3261 3999 Θεὸν,
3314 3932 3409 3985 ἆτε
3462 3931 3526 4003 δὴ
3551 3933 3613 3985 τὸ
3658 3933 3758 4003 τῆς

2181 4024 2424 4096 υίὸτητος
2457 4023 2780 4078 πλουτοῦσιν
2821 4025 3068 4096 ἀξίωμαο
3094 4025 3237 4077 οὕτω
3270 4025 3364 4078 καὶ
3397 4023 3559 4088 αὐτὸς
3583 4025 3762 4096 ὑπάρ-

2174 4131 2282 4183 χων
2311 4113 2418 4167 τῶν
2445 4113 2581 4167 ὅλων
2614 4114 2954 4186 καθηγητὴς,
3002 4113 3098 4167 καὶ
3133 4114 3336 4184 κλῆρον
3365 4114 3504 4184 ἔχων
3535 4113 3635 4182 τὴν
3664 4115 3759 4166 ὑπ’

2172 4204 2421 4275 οὐρανὸν,
2450 4204 2649 4258 δέδωκε
2687 4207 2800 4268 τοῖς
2837 4205 3012 4273 ἁγίοις
3041 4205 3102 4259 τὸ
3145 4209 3355 4277 χρῆμα,
3383 4204 3508 4278 δόξῃ
3533 4207 3602 4275 τῇ
3650 4204 3760 4277 ίδίᾳ

491 4129 630 4170 nans
683 4129 779 4170 sua
829 4113 1020 4184 gloria,
1060 4112 1186 4183 quia
1237 4112 1406 4182 ipsius
1479 4111 1777 4181 cooperarii
1839 4113 2065 4168 exstite-

495 4207 620 4273 rint,
645 4215 702 4261 et
739 4205 958 4277 ingenui
1021 4219 1085 4260 ac
1129 4203 1369 4276 germani
1409 4202 1724 4273 pepulorum
1761 4205 2066 4259 moderato-

492 4311 603 4362 res,
633 4295 832 4352 multos
872 4295 1069 4351 lucrati
1115 4295 1332 4360 fuerint,
1361 4293 1607 4347 abductis
1657 4293 1740 4347 his
1789 4309 1884 4364 per
1906 4293 2064 4349 ﬁdem

2176 4297 2454 4365 στεφανῶν
2502 4295 2700 4360 αὐτούς
2722 4311 2734 4324 ·
2771 4297 2852 4350 ὅτι
2891 4298 3218 4369 συνεργάται
3249 4297 3535 4365 γεγόνασιν
3563 4296 3756 4361 αὐτοῦ,

488 4391 583 4463 (ιυί
621 4400 929 4446 creaturam
995 4401 1156 4457 supra
1223 4386 1397 4455 ipsum
1457 4384 1762 4448 coluerunt,
1803 4394 1858 4439 et
1923 4387 2062 4440 viam

2173 4388 2266 4440 ml.
2309 4389 2521 4458 γνήσιοι
2571 4386 2714 4440 λαῶν
2763 4387 3060 4458 κηδεμόνες
3113 4387 3473 4458 κεκερδήκασι
3501 4387 3754 4452 πολλοὺς,

489 4481 814 4556 praestabilis
840 4481 968 4536 vitae
1019 4493 1124 4534 non
1159 4479 1496 4548 ignorarunt.
1546 4473 1680 4530 Illud
1719 4491 1880 4543 vero,
1919 4477 2064 4532 Civi-

2173 4481 2640 4551 προσκομίσαντες
2695 4477 2842 4548 αὖτῷ
2891 4479 2980 4531 διὰ
3026 4479 3262 4543 πίστεως
3307 4480 3432 4541 τοῦς
3467 4482 3534 4548 τῇ
3581 4481 3762 4532 κτίσει

492 4585 630 4628 lates
651 4581 892 4628 vastatas
916 4570 1269 4636 inhabitabis,
1297 4568 1377 4624 sic
1401 4565 1693 4638 intelliges:
1716 4566 1890 4623 Tanta
1919 4570 2061 4624 enim

2172 4573 2303 4642 παρ’
2351 4572 2510 4625 αὑτὸν
2545 4571 2973 4643 λατρεύσαντας,
3025 4571 3118 4624 καὶ
3148 4573 3246 4640 τῆς
3279 4571 3561 4642 ἐξαιρέτου
3615 4569 3759 4639 ζωῆς

489 4665 684 4734 inquit,
746 4662 1035 4718 multitudo
1100 4662 1326 4718 seminis
1372 4662 1446 4716 tui
1504 4661 1644 4727 erit,
1700 4669 1760 4714 ut
1815 4661 2064 4718 civitates

2169 4663 2270 4717 οὐκ
2311 4662 2516 4725 εἰδότας
2550 4662 2648 4732 τὴν
2675 4661 2810 4714 όδὸν.
2848 4662 2921 4715 Τὸ
2949 4661 3007 4714 δέ
3029 4679 3113 4730 γε,
3153 4662 3339 4724 Πόλεις
3380 4662 3757 4732 ἠρημωμένας

489 4755 658 4824 plena:
700 4751 1100 4808 habitatoribus
1137 4765 1246 4807 non
1286 4748 1630 4817 suffecerint,
1656 4750 1749 4806 sed
1792 4761 1848 4806 ut
1881 4762 2063 4807 vastas

2169 4755 2497 4816 κατοικιείς,
2565 4752 2788 4806 τοιῶσδε
2829 4753 3104 4824 συνήσεις·
3136 4751 3381 4820 Τοσαύτη
3433 4752 3542 4822 γὰρ
3577 4752 3754 4814 ἔσται,

492 4845 701 4919 replere
733 4844 960 4916 possint.

2171 4845 2326 4916 φησὶ,
2377 4842 2472 4896 τοῦ
2524 4843 2615 4896 σοῦ
2683 4843 2998 4915 σπέρματος
3039 4843 3073 4913 ἠ
3139 4842 3386 4912 πληθὺς,
3428 4842 3569 4894 ὥστε
3618 4842 3754 4912 μηδὲ

487 4937 718 5009 ἀρκέσαι
781 4935 879 4999 τὰς
935 4934 1116 4998 πόλεις
1161 4933 1362 4997 αὐτοῖς,
1400 4932 1494 4996 τὰς
1537 4932 1644 4984 τῶν
1713 4931 2012 5002 οἰκητόρων
2063 4936 2512 5006 μεμεστωμένας,
2572 4931 2704 4985 ἁλλὰ
2743 4932 2852 5004 γὰρ
2907 4932 2999 4986 καὶ
3051 4933 3151 4995 τὰς
3201 4932 3442 5002 ἐρήμους
3491 4930 3755 4983 δύνασθαι

487 5027 750 5099 πληροῦν.

561 5161 801 5225 νων,
829 5160 885 5214 5.
923 5157 1049 5213 Noli
1083 5157 1284 5217 timere.
1335 5154 1459 5224 quia
1515 5151 1736 5220 confusa
1770 5169 1822 5206 es
1851 5168 1869 5206 :
1900 5169 2060 5222 neque

489 5254 852 5328 confundaris,
881 5251 1006 5322 quia
1067 5245 1439 5316 exprobratum
1491 5245 1586 5297 tibi
1629 5255 1701 5297 est
1732 5259 1751 5297 :
1791 5245 2060 5314 confusio-

489 5367 602 5404 nem
650 5349 788 5404 enim
834 5357 1088 5402 a'ternam
1137 5339 1475 5401 obliviscaris,
1514 5350 1561 5392 et
1603 5341 1866 5407 opprobrii
1895 5342 2062 5395 uidui-

482 5443 613 5496 tatis
658 5453 760 5493 tua!
819 5455 917 5492 non
967 5433 1361 5496 recordaberis;
1392 5432 1516 5500 quia
1576 5428 1830 5485 Dominus
1862 5432 1951 5502 qui
1982 5432 2063 5499 {a-

555 5667 601 5701 ⁹²
636 5663 940 5735 Agg.,2t,4,
967 5663 1050 5716 ιο.
1141 5665 1184 5694 ’⁸
1227 5662 1353 5718 an.
1388 5679 1498 5730 xix,
1529 5663 1608 5716 l7.

2239 5159 2333 5228 Μὴ
2367 5161 2576 5228 φοϐοῦ,
2616 5160 2707 5214 ὅτι
2755 5159 3202 5227 κατῃσχύνθης,
3234 5157 3390 5228 μηδὲ
3421 5156 3750 5225 ἐντραπῇς.

2165 5249 2254 5304 ὅτι
2286 5252 2642 5320 ὡνειδίσθης
2666 5269 2680 5282 ·
2706 5251 2794 5306 ὅτι
2843 5253 3144 5320 αἰσχύνην
3182 5250 3424 5303 αἰώνιον
3454 5248 3748 5314 ἐπιλήσῃ,

2165 5344 2265 5397 καί
2319 5343 2383 5396 τὸ
2423 5343 2654 5410 ὄνειδος
2711 5344 2822 5411 τῆς
2875 5345 3122 5414 χηρείας
3180 5360 3298 5398 σου
3340 5343 3413 5396 οὑ
3457 5340 3544 5411 μὴ
3593 5357 3748 5409 prn-

2165 5431 2399 5503 σοήσῃ’
2434 5434 2522 5488 ὅτι
2571 5435 2783 5503 Κύριος
2818 5439 2849 5489 d
2887 5434 3075 5489 ποιῶν
3123 5449 3216 5500 σε,
3256 5435 3470 5502 Κύριος
3509 5429 3752 5486 Σαϐαὼθ

1688 5664 1732 5693 ’³
1777 5661 1908 5716 ibid.
1949 5661 2029 5714 l9.
2108 5660 2174 5692 ’δ’
2209 5660 2347 5717 Psal.
2381 5678 2523 5727 XLVI,
2562 5664 2607 5728 4,
2634 5665 2685 5718 5.
2725 5663 2808 5694 ’⁵⁸⁸
2847 5663 3030 5718 Matth.
3071 5678 3227 5729 um,
3268 5663 3319 5715 8.
