4042 6200
343 316 478 373 “97

1429 304 1496 359 IN
1536 303 1771 361 ιειιλιι
1815 301 1942 357 LIB.
1989 301 2053 357 ν.
2096 297 2340 356 TOMUS
2380 297 2442 353 ll.

3454 298 3600 355 H98

342 429 529 497 ὄνομα
580 424 760 490 αὐτῷ.
805 421 901 476 καὶ
951 425 981 475 ὀ
1018 419 1366 489 ρυσάμεγός
1399 435 1492 480 σε.
1544 419 1730 485 αὐτὸς
1785 415 1930 482 Osric

2049 415 2099 466 rit
2149 426 2219 480 te,
2251 414 2505 468 Dominus
2578 413 2808 468 Sabaoth
2873 428 3056 467 nomen
3098 413 3168 476 ei,
3217 422 3263 464 et
3317 415 3406 481 qui
3461 421 3599 471 eruit

299 587 304 592 _
355 517 601 589 Ἰσραὴλ
643 514 808 582 πάσῃ
842 511 913 581 τῇ
943 511 1018 582 γῇ
1049 511 1438 579 κληθήσεται.

415 688 818 761 Δεδικαιώμεθα
867 689 966 760 μὲν
1001 691 1056 743 ἒν
1082 689 1322 762 Χριστῷ,
1356 689 1452 743 καὶ
1495 689 1594 742 οῦκ
1640 688 1701 755 ἐξ
1746 687 1925 759 ἔργων

343 783 452 837 τῶν
484 785 544 835 ἐν
582 780 916 852 δικαιοσύνῃ,
957 780 992 834 ἃ
1025 782 1362 852 ἐποιήσαμεν
1391 783 1575 852 ἡμεῖς,
1607 779 1745 834 άλλά
1787 777 1929 832 κατά

343 875 405 930 τὸ
448 875 582 928 πολὺ
635 873 802 927 αὑτοῦ
852 873 1018 937 ἔλεος.
1051 873 1255 942 Γράφει
1293 871 1349 926 δὲ
1393 872 1566 936 οὕτως
1597 874 1624 925 6
1653 872 1926 940 πάνσοφος

347 965 578 1028 Παῦλος.
627 963 1054 1036 Ἀπηλλάγμεθα
1087 965 1197 1036 γὰρ
1258 965 1354 1018 καὶ
1389 964 1632 1028 σκότους,
1667 964 1760 1018 καὶ
1790 963 1925 1018 πλάο

343 1074 462 1128 νης.
496 1057 592 1109 Wst
626 1056 968 1126 ἀνοσιότητος
1007 1055 1508 1127 πατροπαραδότου,
1539 1055 1675 1109 καθὸ
1705 1057 1771 1126 τῇ
1812 1054 1928 1108 κτίο

347 1166 428 1203 σει
479 1148 632 1220 παρά
677 1147 766 1200 τὸν
791 1147 1032 1217 κτίστην
1076 1145 1520 1218 λελατρεύκαμεν
1544 1187 1557 1211 ,
1598 1145 1692 1199 καὶ
1730 1145 1930 1217 τρόπος

346 1241 680 1310 φαυλότητος
712 1235 780 1310 ἦν
803 1239 980 1303 ουδεὶς
1006 1242 1128 1302 ταῖς
1159 1239 1266 1292 τῶν
1291 1238 1462 1292 ἐθνῶν
1490 1239 1713 1306 ἀγέλαις
1741 1238 1929 1291 ἀνεπι-

344 1332 622 1402 τήδευτος·
645 1333 721 1396 ὡς
739 1333 847 1404 γάρ
867 1349 1030 1404 φησιν
1057 1333 1086 1386 6
1110 1331 1473 1402 Ψαλμῳδδς,ι
1488 1331 1697 1394 Πάντες
1721 1330 1928 1395 ἐξέκλι-

343 1442 460 1487 ναν,
500 1424 617 1494 ἅμα
649 1424 1047 1496 ὴχρειὼθησαν,
1079 1426 1179 1478 οῦκ
1206 1419 1273 1496 ἦν
1305 1426 1334 1478 6
1360 1423 1529 1479 ποιῶν
1564 1423 1926 1494 χρηστότητα,

345 1516 446 1570 οὐκ
478 1512 546 1588 ἦν
571 1515 676 1579 ἕως
705 1515 841 1580 ἑνός.
873 1533 892 1566 ι
915 1514 1246 1586 Ὀνειδισμὸς
1268 1510 1362 1568 οὗν
1391 1513 1500 1586 ἄρα
1529 1517 1638 1574 τοῖς
1663 1513 1841 1566 ἔθνεσι
1869 1513 1931 1565 τδ

347 1606 539 1679 χρῆμα
571 1606 811 1676 γέγονεν,
844 1607 974 1660 αὐτὸ
995 1605 1059 1678 δὴ
1090 1607 1240 1659 ’τουτὶ⁸
1266 1605 1328 1660 τὸ
1359 1605 1736 1677 πεπλανῆσθαι
1765 1622 1930 1675 φημι.

2029 519 2096 571 te,
2144 508 2253 576 ipse
2292 507 2432 561 Deus
2481 503 2649 560 Israel
2673 546 2686 570 ,
2737 503 2872 560 Deus
2907 506 3073 557 omnia
3109 513 3263 556 terra
3308 507 3597 561 vocabitur.

2097 688 2386 744 Justilicati
2423 689 2564 743 enim
2610 702 2796 742 smnus
2842 687 2892 741 in
2935 685 3254 749 Christo,et
3299 683 3465 756 759
3497 700 3602 739 non

2028 797 2093 837 ex
2133 781 2390 852 operibus
2420 780 2645 849 iustitiae
2669 794 2786 849 qua:
2818 779 3042 836 fecimus
3085 792 3204 843 uos,
3249 778 3345 832 sed
3386 792 3451 830 ex
3491 792 3606 831 ma.

2029 889 2132 943 gna
2179 874 2296 944 ejus
2335 871 2749 936 misericordia;
2788 885 2913 924 nam
2959 869 3038 924 sic
3077 868 3269 924 scribit
3321 869 3604 938 sapientis-

2030 967 2200 1019 simus
2235 964 2430 1018 Paulus
2451 963 2522 1017 ”.
2569 961 2809 1017 Liberali
2856 961 3000 1016 enim
3044 976 3233 1017 sunms
3276 975 3304 1014 a
3348 962 3603 1026 tenebris,

2029 1067 2085 1113 et
2117 1071 2326 1120 errore,
2371 1065 2426 1112 et
2463 1056 2737 1126 impietate
2791 1069 2820 1108 a
2865 1053 3113 1124 patribus
3156 1054 3385 1118 tradita,
3415 1063 3606 1123 quate-

2033 1164 2134 1204 nus
2180 1155 2485 1204 creaturam
2519 1161 2629 1216 pra:
2665 1144 2928 1201 Creatore
2965 1145 3252 1210 coluimus,
3279 1155 3332 1200 et
3361 1145 3604 1214 gentium

2031 1255 2161 1310 grex
2204 1240 2255 1294 in
2301 1239 2447 1294 nullo
2484 1253 2589 1293 non
2646 1238 2898 1292 vitiorum
2963 1253 3162 1309 genere
3223 1247 3342 1292 erat
3395 1237 3610 1292 voluta-

2034 1341 2160 1399 tus;
2217 1317 2274 1385 ut
2319 1341 2376 1385 et
2437 1329 2755 1384 Psalmodus
2799 1330 2920 1384 ait:
2991 1347 3010 1382 ι
3047 1329 3248 1386 Omnes
3301 1328 3609 1384 declinave-

2034 1431 2179 1486 runt,
2222 1420 2381 1476 simul
2425 1421 2642 1475 inutiles
2678 1419 2802 1475 lacti
2835 1431 2980 1484 sunt,
3043 1435 3146 1475 nou
3171 1429 3288 1476 erat
3324 1419 3417 1490 qui
3470 1420 3608 1475 bene

2034 1500 2261 1580 faceret,
2304 1529 2369 1569 ue
2413 1527 2552 1567 unus
2596 1513 2892 1584 quidem".
2938 1531 2958 1566 ι
2988 1510 3143 1580 Quod
3190 1513 3407 1582 quidem
3433 1512 3608 1580 ipsum

2034 1605 2230 1674 probro
2270 1606 2453 1658 datum
2481 1613 2564 1660 est
2587 1604 2856 1675 gentibus,
2890 1619 3065 1671 error,
3100 1603 3340 1674 inquam,
3362 1611 3417 1658 et
3439 1619 3507 1658 ex
3525 1618 3610 1656 er-

346 1699 439 1753 καὶ
491 1699 560 1753 τά
593 1701 657 1752 ὲκ
702 1699 795 1753 τοῦ
842 1698 1220 1769 πεπλανῆσθαι
1247 1699 1614 1770 συμϐαίνοντα
1644 1698 1836 1770 βλάϐη.
1866 1696 1931 1749 Τί

2049 1710 2158 1750 rore
2195 1695 2533 1751 incommoda
2575 1705 2884 1752 consecuta.
2923 1695 3063 1763 Quid
3115 1693 3258 1750 enim
3319 1701 3404 1748 est
3468 1695 3608 1761 quod

348 1787 458 1862 γὰρ
485 1788 659 1852 οὓτως
703 1789 985 1860 ἀσχήμονα
1012 1765 1106 1842 καὶ
1136 1765 1566 1860 ἀκαλλέστάτην,
1597 1765 1690 1841 καὶ
1717 1765 1931 1860 μυρίοις

2049 1787 2268 1842 nominis
2311 1789 2547 1842 animam
2593 1788 2664 1842 ita
2731 1785 3119 1858 tttrpilieatam,
3155 1794 3208 1840 et
3243 1785 3610 1864 invenustam.

349 1879 670 1950 αἰτιάμασιν
711 1880 895 1950 ἔνοχον
931 1881 1264 1952 ἀποφήνειεν
1290 1880 1357 1934 ἂν
1383 1880 1481 1952 τὴν
1512 1879 1606 1933 τοῦ
1641 1877 1930 1950 ἀνθρώπου

347 1968 546 2040 ψυχὴν,
587 1969 661 2035 ὡς
699 1969 762 2023 τὸ
803 1972 1106 2040 ἀποστῆναι
1148 1969 1284 2024 Θεοῦ
1339 1969 1575 2034 ζῶντος,
1620 1967 1834 2020 ἑλέσθαι
1877 1966 1934 2019 δὲ

351 2064 679 2132 προσκυνεῖν
723 2063 852 2133 παρ’
883 2062 1045 2116 αὐτὸν
1092 2065 1205 2124 τοῖς
1256 2061 1587 2133 ἀκαθάρτοις
1637 2059 1932 2129 πνεύμασι,

350 2151 444 2206 καὶ
487 2154 602 2215 τοῖς
644 2153 742 2224 τῆς
791 2153 1064 2224 ἁμαρτίας
1112 2147 1202 2208 οἷά
1239 2171 1343 2206 τινι
1384 2152 1540 2224 πηλῷ
1569 2153 1664 2206 καὶ
1694 2150 1938 2223 βορϐόρῳ

350 2239 666 2306 ἐγκαθιέναι
692 2240 990 2312 τέλμασιν;
1037 2241 1199 2295 Ἀλλά
1222 2242 1275 2295 τί
1303 2259 1468 2312 φησιν
1497 2244 1525 2294 6
1551 2239 1934 2310 φιλάνθρωπος

359 2336 462 2396 τοῖς
499 2332 856 2403 κεκλημένοις
902 2335 982 2396 είς
1026 2334 1220 2400 ἄφεσιν
1257 2334 1531 2405 ἁμαρτίας
1557 2333 1646 2387 διά
1679 2333 1933 2398 πίστεως,

355 2423 506 2494 δῆλον
533 2425 588 2478 δὲ
617 2425 698 2477 ὃτι
727 2424 826 2494 τῆς
846 2425 926 2487 είς
950 2425 1147 2489 αὑτόνς
1173 2424 1264 2496 Μὴ
1303 2425 1492 2494 φοϐοῦ,
1521 2425 1602 2478 ὅτι
1631 2425 1938 2496 κατῃσχύν-

353 2515 472 2585 θης.
492 2515 708 2588 Ἐπειδὴ
753 2516 864 2586 γὰρ
901 2516 1056 2579 ὅλως,
1102 2515 1286 2579 καθὼς
1340 2516 1704 2588 κατοικτείρει
1759 2517 1942 2589 πατὴρ

357 2608 527 2672 υἱοὺς,
567 2607 870 2680 ᾠκτείρησε
915 2607 1120 2678 Κύριος
1159 2609 1287 2672 τοὺς
1333 2608 1701 2678 φοϐουμένους
1755 2609 1938 2674 αὑτὸν,

357 2697 453 2751 καὶ
491 2696 719 2751 καθόσον
757 2697 1054 2768 ἀπέχουσιν
1103 2697 1360 2751 ἀνατολαὶ
1410 2699 1520 2752 ἀπὸ
1556 2699 1779 2770 δυσμῶν
1807 2699 1939 2770 ἐμά·

358 2806 559 2859 κρυνεν
588 2790 681 2857 ἀφ’
709 2789 864 2860 ἡμῶν
939 2791 1036 2852 τὰς
1073 2791 1301 2861 ἀνομίας
1329 2792 1486 2862 ἡμῶν
1507 2809 1520 2822 ο
1557 2793 1675 2856 πῶς
1706 2793 1806 2847 οῦκ
1837 2792 1945 2847 ἔδει

359 2882 473 2942 τοῖς
502 2879 668 2932 πάλαι
698 2879 1156 2950 διεπταισμὲνοις,
1197 2884 1293 2936 καὶ
1322 2884 1414 2936 τὸν
1457 2885 1544 2937 ἀπ’
1575 2885 1760 2947 αὐτοῖς
1795 2885 1945 2956 ἡμᾶς

305 3041 322 3054 .
358 2969 770 3024 συναποπτύσαι
805 2970 989 3039 φόϐον.
1026 2974 1346 3045 μνησικάκῳ
1388 2976 1568 3047 χάριτι
1613 2976 1946 3039 δικαιοῦντος

355 3060 518 3124 Θεοῦ,
547 3062 641 3115 καὶ
679 3062 780 3114 οὐκ
807 3061 1145 3128 ἐξαιτοῦντος
1183 3065 1337 3130 δίκας
1371 3069 1462 3120 τὸν
1492 3067 1801 3141 ἀλιτήριονξ
1837 3069 1944 3124 Καὶ

358 3153 491 3222 γοῦν
521 3153 622 3224 ἔφη
655 3154 889 3222 Χριστὸς
920 3158 1018 3225 τῆς
1049 3157 1341 3228 ἐπιδημίας
1367 3160 1456 3212 τὸν
1479 3161 1670 3231 καιρὸν
1690 3163 1770 3223 είς
1805 3165 1940 3233 ἡμε-

361 3245 564 3315 ρότητα
602 3244 978 3306 καταδεικνύς·
1013 3262 1031 3294 ι
1065 3246 1140 3298 Οὐ
1170 3247 1280 3318 γὰρ
1298 3247 1617 3303 ἀπέστειλεν
1643 3252 1671 3304 6
1697 3249 1828 3314 Θεὸς
1847 3249 1940 3305 τὸν

359 3331 488 3386 nev
519 3331 684 3385 αὐτοῦ
731 3334 810 3394 εἰς
861 3334 953 3387 τὸν
1014 3335 1220 3405 κόσμον
1255 3338 1342 3392 ἵνα
1371 3339 1530 3410 κρίνῃ
1576 3340 1668 3393 τὸν
1715 3341 1918 3411 κόσμον

360 3423 477 3478 ἀλλ’
508 3424 593 3478 ἵνα
628 3425 772 3496 σωθῇ
807 3425 836 3476 6
864 3425 1066 3495 κόσμος
1091 3426 1158 3480 δι’
1183 3428 1369 3482 αὑτοῦ,
1398 3449 1415 3480 ι
1453 3430 1662 3482 οὐκοῦν
1684 3431 1759 3494 ὼς
1786 3431 1942 3502 δίκης

361 3515 789 3586 ἀπηλλαγμένοι,
823 3515 916 3568 καὶ
949 3518 1047 3586 τὴν
1077 3517 1134 3568 ὲν
1161 3521 1271 3581 τοῖς
1298 3519 1855 3590 πεπλημμελημένοις
1880 3529 1945 3582 οὐ

363 3609 773 3680 προσδοκῶντες
798 3609 1037 3672 κόλασιν,
1063 3611 1156 3662 καὶ
1176 3609 1448 3680 δειμάτων
1468 3612 1758 3683 ἐλευθέραν
1780 3615 1946 3685 ἐσχή-

364 3717 541 3770 καμεν
575 3700 674 3771 τὴν
717 3701 980 3766 διάνοιαν,
1014 3701 1134 3755 οὐδὲ
1185 3702 1294 3756 τῶν
1341 3703 1719 3774 προλαϐόντων
1755 3706 1948 3760 ὀνειδι-

366 3794 519 3864 σμῶν
561 3793 908 3866 μεμνήμεθα.
942 3794 1088 3866 Νικᾷ
1129 3794 1236 3866 γὰρ
1272 3797 1305 3865 ή
1337 3795 1495 3866 χάρις
1539 3797 1824 3853 δικαιοῦσα
1856 3800 1947 3854 τὸν

365 3883 557 3954 ἀσεϐῆ,
594 3884 685 3937 καὶ
715 3881 908 3954 μώμου
942 3883 1142 3948 παντὸς
1177 3884 1593 3941 ἀπαλλάττουσα
1621 3889 1748 3954 τοὺς
1788 3889 1947 3961 ἠλεηο

371 3975 692 4046 μένους.Ὠς
735 3976 843 4048 γὰρ
885 3979 913 4030 6
957 3978 1231 4048 πάνσοφος
1274 3979 1486 4044 Παῦλός
1523 3999 1676 4052 φησι,
1713 4001 1732 4036 ι
1761 3982 1892 4045 Θεὸς
1922 3985 1950 4036 6

368 4062 615 4128 δικαιῶν,
640 4063 726 4128 τίς
772 4066 801 4118 6
847 4065 1230 4136 κατακρίνων;
1266 4086 1285 4116 ›
1318 4067 1847 4137 Ἀμνησικακοῦντος
1893 4068 1951 4122 δὲ

369 4153 464 4208 τοῦ
488 4155 704 4209 πάντων
722 4157 1014 4220 Δεσπότου,
1033 4157 1115 4220 τίς
1135 4159 1266 4227 ἡμῖν
1287 4158 1534 4212 όνειδίσει
1557 4159 1663 4212 τῶν
1687 4159 1952 4232 ὲνηάγνοία

373 4246 729 4316 πταισμάτων
757 4246 850 4302 τὸν
880 4246 1082 4318 ῥύπονς
1133 4248 1396 4322 Ἐπιλὴσῃ
1424 4251 1621 4317 τοίνυν,
1651 4251 1835 4322 φησιν,
1864 4253 1947 4306 αξ-

375 4337 576 4407 σχύνην
597 4336 816 4392 αἰώνιον
839 4339 980 4410 (ἀντὶ
994 4338 1108 4424 τοῦ,
1141 4341 1402 4411 μακρὰν),
1433 4344 1526 4396 καὶ
1551 4343 1610 4397 τὸ
1637 4343 1836 4407 ὄνειδος
1855 4344 1953 4416 τῆς

375 4429 602 4501 χηρείας
649 4445 743 4483 σου
766 4430 826 4483 οὺ
850 4431 924 4502 μὴ
954 4430 1507 4504 μνησθήσῃ.”ονειδος
1530 4434 1586 4486 δὲ
1618 4435 1859 4506 χηρείας,
1892 4435 1958 4490 τὸ

2033 1895 2096 1936 ac
2130 1880 2355 1936 iulluitis
2393 1883 2541 1937 vitiis
2599 1882 2927 1954 implicatam
2969 1882 3168 1945 reddit,
3211 1889 3270 1935 ’.ιῑ
3304 1897 3332 1934 a
3381 1881 3491 1934 Deo
3530 1885 3603 1933 vi-

2034 1979 2194 2026 vente
2238 1970 2493 2038 deﬁcere,
2534 1981 2587 2026 et
2649 1987 2806 2042 supra
2874 1971 3021 2027 illum
3069 1972 3295 2040 impuris
3325 1971 3607 2040 spiritibus

2034 2076 2094 2118 se
2129 2074 2502 2131 prosternere,
2540 2073 2592 2118 et
2618 2063 2669 2118 in
2693 2064 3060 2134 peccativelut
3095 2062 3264 2116 lutum
3309 2061 3606 2131 quoddam,

2035 2170 2098 2210 ac
2154 2171 2367 2212 cmnum
2431 2165 2488 2210 et
2525 2167 2742 2226 puteum
2790 2155 3077 2225 dejicere?
3119 2153 3226 2209 Sed
3288 2153 3416 2223 quid
3474 2153 3606 2206 tlit'tt

2038 2246 2316 2302 hominum
2361 2262 2546 2302 amans
2594 2246 2678 2302 bis
2715 2247 2803 2316 qui
2847 2247 2913 2300 ad
2964 2244 3334 2300 remissionem
3379 2245 3607 2313 peccati.

2037 2353 2135 2407 per
2174 2338 2333 2392 lldem
2374 2339 2425 2392 iu
2463 2339 2635 2408 ipsum
2670 2338 2898 2403 scilicet,
2941 2337 3114 2391 vocati
3165 2336 3335 2391 sunt?
3373 2333 3490 2387 Noli
3549 2337 3614 2387 ti-

2043 2445 2211 2493 mere,
2243 2428 2369 2499 quia
2408 2428 2634 2484 confusa
2661 2445 2739 2484 es.
2769 2429 2900 2483 Nam
2940 2443 3062 2482 eum
3098 2427 3321 2481 omnino
3354 2425 3495 2480 velut
3519 2440 3614 2494 pa-

2045 2529 2128 2576 ter
2180 2525 2470 2576 miseretur
2529 2521 2786 2586 ﬁliorum,
2819 2521 2897 2575 sic
2957 2521 3209 2572 misertus
3233 2519 3303 2573 sit
3355 2518 3616 2572 Dominus

2043 2613 2346 2667 timentium
2397 2627 2476 2677 se,
2511 2621 2563 2666 et
2606 2621 2863 2680 quantum
2912 2613 3072 2666 distat
3117 2621 3269 2666 ortus
3309 2611 3376 2664 ab
3416 2625 3614 2666 occasu

2043 2702 2199 2774 longe
2232 2709 2506 2758 removeat
2545 2718 2573 2756 a
2617 2703 2769 2758 nobis
2808 2714 3025 2772 peccata
3060 2711 3260 2764 nostra,
3280 2695 3468 2771 quidni
3526 2700 3618 2755 de-

2044 2803 2165 2847 ceat
2205 2808 2303 2848 uos
2335 2793 2427 2862 qui
2471 2793 2738 2862 quondam
2783 2792 2916 2862 lapsi
2953 2807 3142 2848 sumus
3187 2807 3402 2846 omnem
3457 2792 3618 2845 timo.

2047 2900 2160 2940 rem
2213 2900 2500 2956 exspuere,
2549 2886 2657 2940 Deo
2694 2886 2865 2954 gratia
2909 2885 3196 2941 oblivionis
3261 2884 3616 2954 jnstilieante,

2049 2987 2103 3030 et
2129 2991 2157 3028 a
2196 2975 2460 3030 scelerato
2499 2990 2687 3044 pinnas
2711 2990 2816 3030 non
2841 2975 3136 3044 exigente?
3161 2973 3438 3042 Siquidem
3464 2971 3620 3026 Chri-

2051 3079 2168 3125 stus
2226 3069 2361 3123 dixit
2417 3069 2680 3124 adventus
2726 3076 2938 3138 tempus
2977 3066 3043 3122 ad
3096 3065 3437 3122 clementiam
3496 3077 3618 3134 spe-

2046 3171 2229 3216 ctare:
2254 3179 2274 3214 ι
2295 3160 2408 3215 Non
2430 3162 2595 3226 enim,
2618 3179 2638 3212 ι
2662 3160 2852 3230 inquit,
2873 3176 2894 3211 ε
2926 3159 3071 3214 misit
3089 3159 3229 3212 Deus
3251 3157 3444 3212 Filium
3465 3172 3620 3211 suum

2049 3253 2101 3308 in
2169 3254 2424 3307 mundum
2465 3262 2522 3306 ut
2553 3250 2757 3318 iudicet
2794 3251 3074 3316 mundum,
3110 3252 3206 3304 sed
3239 3259 3296 3302 ttt
3326 3257 3426 3320 per‘
3448 3249 3620 3316 ipsum

2049 3346 2286 3400 mundus
2327 3344 2661 3402 servetur".
2685 3361 2704 3396 ι
2737 3341 2917 3410 Quare
2945 3344 3090 3397 Velut
3143 3355 3302 3412 pteua
3357 3341 3626 3395 inmunes

2051 3436 2214 3500 facti,
2248 3446 2304 3491 et
2338 3436 2659 3490 delictorum
2712 3435 3033 3504 supplicium
3083 3450 3186 3488 non
3221 3441 3621 3502 exspectantes,

2050 3530 2216 3584 etiam
2268 3531 2443 3584 libero
2479 3544 2543 3583 ac
2581 3530 2880 3583 terroribus
2931 3543 3099 3582 vacuo
3153 3530 3335 3581 animo
3393 3527 3623 3587 fuimus.

2057 3637 2156 3678 nec
2190 3622 2602 3692 praecedentium
2639 3619 3053 3688 opprobriorum
3085 3619 3447 3671 meminimus.
3489 3618 3623 3672 Vin-

2053 3717 2127 3770 cit
2185 3713 2450 3783 siquidem
2527 3712 2723 3781 gratia,
2773 3726 2892 3778 qua:
2969 3709 3231 3778 justiilcat
3294 3708 3542 3776 impium,
3571 3722 3618 3761 οι

2055 3807 2202 3862 omni
2255 3805 2373 3858 labe
2419 3817 2513 3856 eos
2559 3803 2648 3872 qui
2702 3800 3130 3855 misericordiam
3181 3800 3459 3853 consecuti
3501 3809 3629 3853 sunt

2056 3895 2267 3951 liberat.
2303 3894 2370 3949 L't
2395 3894 2537 3947 enim
2578 3891 3010 3960 sapientissimus
3037 3888 3233 3944 Paulus
3262 3890 3337 3943 ait
3367 3907 3380 3943 :
3413 3907 3432 3942 ι
3489 3892 3632 3945 Deus

2055 3997 2138 4042 est
2172 3986 2261 4056 qui
2293 3985 2575 4054 justillcat,
2603 3983 2724 4053 quis
2751 3995 2833 4038 est
2867 3983 2958 4052 qui
2987 3981 3314 4042 condemnet
3341 3982 3386 4014 "
3409 3982 3468 4036 ἳι
3497 3983 3628 4036 Cum

2058 4088 2238 4132 autem
2279 4077 2537 4132 Dominus
2586 4076 2828 4131 omnium
2873 4073 3252 4135 obliviscatur,
3285 4074 3406 4142 quis
3473 4073 3628 4127 nobis

2058 4171 2247 4226 sordes
2283 4178 2588 4224 erratorum
2632 4168 2684 4223 in
2721 4166 3024 4238 ignorantia
3071 4164 3434 4221 admissorum
3493 4165 3632 4229 θωπ-

2058 4261 2168 4316 ciet
2192 4259 2217 4315 ?
2241 4258 2592 4315 Oblivisceris
2626 4259 2832 4326 itaque,
2887 4255 3084 4326 inquit,
3116 4256 3426 4325 ignominia:
3483 4270 3630 4310 sem-

2061 4353 2306 4424 piternm,
2338 4367 2456 4421 pro,
2483 4352 2788 4415 diuturnre;
2821 4359 2876 4404 et
2905 4347 3177 4416 approbrii
3210 4347 3490 4402 viduitatis
3530 4358 3635 4400 tua:

2064 4458 2170 4498 non
2208 4443 2602 4498 recordaberis.
2636 4441 2902 4496 Probrum
2935 4449 3120 4494 autem
3170 4439 3445 4493 viduitatis
3494 4453 3634 4498 cur,

379 4524 580 4596 μηδένα
629 4524 830 4598 τρόπον
870 4527 1290 4598 καρποφορῆσαι
1332 4527 1451 4598 Θεῷ
1499 4529 1627 4592 τοὺς
1675 4528 1734 4596 ἐξ
1787 4528 1944 4582 ἐθνῶν

2059 4535 2200 4606 quod
2277 4545 2464 4604 gentes
2515 4533 2715 4589 nullum
2777 4547 2948 4600 genus
3019 4533 3293 4588 fructuum
3342 4531 3470 4584 olim
3531 4529 3640 4582 Dm

379 4617 598 4689 ἰσχύσαι
633 4617 785 4682 ποτὲ,
825 4617 947 4671 καθ’
968 4618 1028 4671 δν
1064 4619 1374 4674 ἐπλανῶντο
1405 4622 1616 4692 καιρόν.
1643 4621 1719 4674 υῦ
1757 4621 1865 4693 γάρ
1890 4618 1958 4692 ἦν

379 4708 510 4778 παρ’
529 4709 734 4771 αὐτοῖς,
765 4707 838 4770 ὡς
869 4705 1029 4778 ἔφην,
1059 4707 1088 4759 6
1118 4708 1178 4772 ἐξ
1204 4709 1437 4780 οὐρανοῦ
1465 4709 1720 4781 νυμφίος,
1741 4711 1770 4762 6
1796 4727 1962 4763 πνευο

386 4798 621 4869 ματικῆς
652 4797 957 4868 εὐκαρπίας
995 4799 1180 4871 δοτὴρ,
1211 4803 1240 4853 6
1267 4801 1599 4872 σπερμάτων
1632 4801 1850 4870 ἀγαθῶν
1876 4804 1963 4855 ὲν-

385 4889 552 4953 τιθεὶς
568 4890 820 4960 ἀφορμάς
841 4891 1047 4964 ἑκάστῃ
1068 4888 1234 4961 ψυχῇ.
1272 4892 1382 4945 Καὶ
1400 4892 1528 4960 γοῦν
1546 4894 1602 4945 ἐν
1631 4892 1964 4964 παραϐολαῖς

387 4983 768 5052 εῦαγγελικαῖς
792 4982 1033 5036 τοιοῦτον
1077 4984 1208 5052 ἡμῖν
1257 4982 1449 5036 ἑαυτὸν
1486 4983 1848 5048 διαδείκνυσι,
1884 4984 1967 5038 λέ-

388 5094 550 5145 γων’(
576 5075 830 5146 Ἐξῆλθεν
851 5077 882 5130 6
903 5077 1142 5149 σπείρων
1161 5077 1256 5132 τοῦ
1285 5080 1503 5150 σπεῖραι
1525 5079 1619 5130 τὸν
1645 5079 1843 5150 σπόρον
1869 5080 1965 5133 αῦ-

388 5167 502 5222 τοῦ.
531 5187 550 5220 ι
587 5169 720 5224 Τίνα
747 5169 804 5222 δὲ
834 5169 1034 5239 τρόπον
1078 5169 1506 5242 ἀφανισθήσεται
1539 5170 1600 5223 τὸ
1631 5170 1830 5234 ὄνειδος
1864 5172 1962 5241 τῆς

390 5262 616 5334 χηρείας
640 5263 830 5333 αὐτῆς,
865 5263 1139 5334 διατρανοῖ
1162 5263 1355 5332 λέγων,
1392 5265 1474 5318 ὅτι
1505 5263 1706 5334 Κύριος
1734 5264 1760 5315 6
1796 5263 1965 5318 ποιῶν

394 5369 474 5418 σε,
510 5352 710 5426 Κύριος
728 5352 953 5407 Σαϐαὼθ
983 5353 1334 5425 ὄνομααὺτῴ.
1351 5356 1423 5409 Τὸ
1451 5355 1528 5419 δὲ,
1557 5355 1731 5410 [loth
1755 5371 1839 5419 σε,
1859 5372 1966 5424 φης

397 5445 502 5506 σὶν,
535 5446 655 5500 ἀντὶ
678 5445 795 5508 τοῦ.
818 5444 1019 5510 κτίζων
1051 5463 1132 5510 σε,
1165 5447 1259 5501 καὶ
1287 5447 1654 5518 μεταμορφῶν
1679 5450 1758 5510 είς
1787 5447 1970 5520 ἑτερό·

393 5549 593 5606 τροπον
625 5534 916 5596 πολιτείαν,
953 5536 1043 5588 καὶ
1095 5537 1173 5598 είς
1220 5536 1530 5606 εὐσχήμονα
1578 5535 1750 5608 ζωήν⁹
1793 5553 1972 5607 μετα-

2063 4624 2337 4696 potuerint
2377 4626 2655 4689 edere,eo
2711 4637 2820 4693 quo
2869 4622 3128 4678 errabant
3186 4631 3450 4692 tempore.
3510 4617 3624 4672 Νυιι

2061 4717 2206 4772 enim
2241 4726 2361 4771 erat
2395 4716 2534 4786 apud
2561 4730 2678 4778 eos,
2705 4723 2762 4769 ut
2802 4715 2985 4781 dixi,e
3018 4715 3172 4770 cmlis
3209 4727 3441 4783 sponsus
3482 4711 3641 4780 spiri-

2065 4807 2224 4864 tualis
2273 4804 2438 4877 760
2496 4804 2791 4859 fertilitatis
2841 4805 3016 4870 dator,
3045 4804 3138 4874 qui
3168 4803 3432 4859 seminum
3474 4801 3644 4853 bono-

2069 4916 2185 4956 rum
2241 4898 2558 4954 occasiones
2598 4897 2795 4965 cuique
2849 4898 3044 4951 auimte
3102 4895 3313 4951 inserit.
3363 4891 3640 4959 Siquidem

2074 4991 2236 5045 talem
2294 4989 2348 5042 iu
2395 4985 2722 5056 evangelicis
2782 4986 3055 5055 parabolis
3099 5000 3159 5040 se
3207 4999 3329 5039 esse.
3379 4983 3640 5041 ostendit,

2071 5097 2194 5137 eum
2224 5079 2434 5150 inquit:
2464 5097 2483 5130 ι
2515 5077 2661 5132 Exiit
2693 5077 2785 5146 qui
2839 5077 2973 5131 serit
3017 5077 3083 5131 ad
3122 5076 3407 5131 serendum
3457 5087 3643 5127 semen

2073 5187 2228 5228 suum
2252 5172 2318 5224 ”.
2373 5188 2392 5222 ι
2448 5169 2728 5236 Quomodo
2793 5179 2974 5222 autem
3037 5166 3318 5220 viduitatis
3352 5165 3469 5232 ejus
3529 5180 3624 5233 prn

2073 5267 2229 5317 brum
2277 5262 2638 5325 amovebitur,
2667 5258 2907 5328 exponit,
2933 5259 3118 5312 dicens
3153 5275 3166 5310 :
3215 5257 3349 5324 Quia
3391 5255 3644 5310 Dominus

2075 5352 2282 5409 faciens
2315 5362 2386 5418 te,
2442 5351 2699 5407 Dominus
2741 5348 2981 5404 Sabaoth
3023 5362 3214 5402 nomen
3263 5347 3332 5403 ei.
3380 5347 3645 5409 Faciens,

2077 5445 2230 5509 dicit,
2269 5458 2388 5515 pro,
2415 5443 2654 5499 condens
2685 5449 2759 5505 te,
2814 5449 2868 5496 et
2916 5439 3311 5497 transformans
3357 5441 3425 5495 ad
3481 5441 3648 5494 alius-

2081 5537 2226 5594 modi
2257 5537 2382 5592 vita!
2412 5535 2738 5601 institutum,
2761 5541 2815 5588 ot
2854 5534 2919 5590 ad
2951 5535 3110 5592 aliam
3153 5535 3314 5590 vitam
3345 5535 3646 5589 honestam.

478 5720 521 5749 ’³
550 5719 654 5774 Tit.
687 5734 767 5783 ut,
812 5717 860 5771 5.
937 5715 981 5746 "
1012 5713 1080 5769 Ps
1118 5714 1152 5768 1.
1186 5729 1302 5778 xm,
1335 5714 1387 5768 5.
1465 5712 1686 5771 "Juan.
1725 5700 1802 5779 tu,
1847 5713 1928 5768 Π.

2049 5733 2050 5742 ι
2092 5713 2246 5768 Rom.
2284 5728 2392 5774 tut,
2427 5714 2514 5778 53,
2546 5715 2633 5770 33.
2711 5717 2757 5750 ”
2794 5717 2979 5773 Matth.
3017 5731 3129 5780 tm,
3171 5715 3223 5771 3.
