  <div class='ocr_page' id='page_1' title='image "/cluster/home/n/w/nwhite01/storage/ocr_20150623/70/hvd.32044073501991/605.png"; bbox 0 0 4042 6200; ppageno 0'>
   <div class='ocr_carea' id='block_1_1' title="bbox 461 245 599 303">
    <p class='ocr_par' dir='ltr' id='par_1_1' title="bbox 461 245 599 303">
     <span class='ocr_line' id='line_1_1' title="bbox 461 245 599 303; baseline 0.007 -1"><span class='ocrx_word' id='word_1_1' title='bbox 461 245 599 303; x_wconf 62' lang='grc'><strong>1199</strong></span> 
     </span>
    </p>
   </div>
   <div class='ocr_carea' id='block_1_2' title="bbox 1450 243 2699 304">
    <p class='ocr_par' dir='ltr' id='par_1_2' title="bbox 1450 243 2699 304">
     <span class='ocr_line' id='line_1_2' title="bbox 1450 243 2699 304; baseline 0.001 -1"><span class='ocrx_word' id='word_1_2' title='bbox 1450 247 1506 303; x_wconf 74' lang='lat'><strong>8.</strong></span> <span class='ocrx_word' id='word_1_3' title='bbox 1549 245 1822 304; x_wconf 77' lang='lat' dir='ltr'><strong>CYBILLI</strong></span> <span class='ocrx_word' id='word_1_4' title='bbox 1864 243 2335 303; x_wconf 69' lang='lat' dir='ltr'><strong>ALEXANDRINI</strong></span> <span class='ocrx_word' id='word_1_5' title='bbox 2379 245 2699 304; x_wconf 72' lang='lat' dir='ltr'><strong>ARCBIEP.</strong></span> 
     </span>
    </p>
   </div>
   <div class='ocr_carea' id='block_1_3' title="bbox 3574 248 3724 307">
    <p class='ocr_par' dir='ltr' id='par_1_3' title="bbox 3574 248 3724 307">
     <span class='ocr_line' id='line_1_3' title="bbox 3574 248 3724 307; baseline -0.013 0"><span class='ocrx_word' id='word_1_6' title='bbox 3574 248 3724 307; x_wconf 80' lang='grc' dir='ltr'>ιεοο</span> 
     </span>
    </p>
   </div>
   <div class='ocr_carea' id='block_1_4' title="bbox 458 353 2035 430">
    <p class='ocr_par' dir='ltr' id='par_1_4' title="bbox 458 358 2029 416">
     <span class='ocr_line' id='line_1_4' title="bbox 458 358 2029 416; baseline -0.002 -1"><span class='ocrx_word' id='word_1_7' title='bbox 458 360 906 416; x_wconf 73' lang='lat' dir='ltr'><strong>Transniutamur</strong></span> <span class='ocrx_word' id='word_1_8' title='bbox 943 359 1086 415; x_wconf 86' lang='lat' dir='ltr'><strong>enim</strong></span> <span class='ocrx_word' id='word_1_9' title='bbox 1124 359 1177 415; x_wconf 90' lang='lat' dir='ltr'><strong>in</strong></span> <span class='ocrx_word' id='word_1_10' title='bbox 1210 358 1426 415; x_wconf 87' lang='lat' dir='ltr'><strong>Cbristo</strong></span> <span class='ocrx_word' id='word_1_11' title='bbox 1466 358 1535 415; x_wconf 87' lang='lat' dir='ltr'><strong>ad</strong></span> <span class='ocrx_word' id='word_1_12' title='bbox 1574 359 1868 415; x_wconf 73' lang='lat' dir='ltr'><strong>novitatem</strong></span> <span class='ocrx_word' id='word_1_13' title='bbox 1908 358 2029 412; x_wconf 67' lang='lat' dir='ltr'><strong>vitae</strong></span> 
     </span>
    </p>
   </div>
   <div class='ocr_carea' id='block_1_5' title="bbox 2138 353 3729 430">
    <p class='ocr_par' dir='ltr' id='par_1_5' title="bbox 2138 353 3729 430">
     <span class='ocr_line' id='line_1_5' title="bbox 2138 353 3729 430; baseline -0.002 -19"><span class='ocrx_word' id='word_1_14' title='bbox 2138 357 2547 430; x_wconf 82' lang='grc' dir='ltr'>στοιχειούμεθα</span> <span class='ocrx_word' id='word_1_15' title='bbox 2587 357 2697 430; x_wconf 78' lang='grc' dir='ltr'><strong>γάρ</strong></span> <span class='ocrx_word' id='word_1_16' title='bbox 2745 359 2804 412; x_wconf 82' lang='grc' dir='ltr'><strong>ἐν</strong></span> <span class='ocrx_word' id='word_1_17' title='bbox 2851 356 3074 429; x_wconf 80' lang='grc' dir='ltr'><strong>Χριστῷ</strong></span> <span class='ocrx_word' id='word_1_18' title='bbox 3105 358 3184 422; x_wconf 87' lang='grc' dir='ltr'><strong>εἰς</strong></span> <span class='ocrx_word' id='word_1_19' title='bbox 3234 356 3532 428; x_wconf 70' lang='grc' dir='ltr'><strong>καινότητα</strong></span> <span class='ocrx_word' id='word_1_20' title='bbox 3575 353 3729 426; x_wconf 59' lang='grc' dir='ltr'><strong>ζωῆς</strong></span> 
     </span>
    </p>
   </div>
   <div class='ocr_carea' id='block_1_6' title="bbox 456 450 2033 520">
    <p class='ocr_par' dir='ltr' id='par_1_6' title="bbox 456 450 2033 520">
     <span class='ocr_line' id='line_1_6' title="bbox 456 450 2033 520; baseline 0.001 -16"><span class='ocrx_word' id='word_1_21' title='bbox 456 460 658 505; x_wconf 67' lang='lat' dir='ltr'><strong>sancta:</strong></span> <span class='ocrx_word' id='word_1_22' title='bbox 692 464 758 506; x_wconf 89' lang='lat' dir='ltr'><strong>ac</strong></span> <span class='ocrx_word' id='word_1_23' title='bbox 808 451 1152 520; x_wconf 72' lang='lat' dir='ltr'><strong>evangelicae,</strong></span> <span class='ocrx_word' id='word_1_24' title='bbox 1189 451 1594 506; x_wconf 73' lang='lat' dir='ltr'><strong>suliolescetites</strong></span> <span class='ocrx_word' id='word_1_25' title='bbox 1642 451 1708 505; x_wconf 91' lang='lat' dir='ltr'><strong>ad</strong></span> <span class='ocrx_word' id='word_1_26' title='bbox 1757 450 1874 520; x_wconf 84' lang='lat' dir='ltr'><strong>ejus</strong></span> <span class='ocrx_word' id='word_1_27' title='bbox 1922 451 2033 505; x_wconf 75' lang='lat' dir='ltr'><strong>{or-</strong></span> 
     </span>
    </p>
   </div>
   <div class='ocr_carea' id='block_1_7' title="bbox 458 540 2034 610">
    <p class='ocr_par' dir='ltr' id='par_1_7' title="bbox 458 540 2034 610">
     <span class='ocr_line' id='line_1_7' title="bbox 458 540 2034 610; baseline 0 -16"><span class='ocrx_word' id='word_1_28' title='bbox 458 557 557 595; x_wconf 64' lang='lat' dir='ltr'><strong>ma:</strong></span> <span class='ocrx_word' id='word_1_29' title='bbox 606 540 1057 610; x_wconf 74' lang='lat' dir='ltr'><strong>pulchritudinem</strong></span> <span class='ocrx_word' id='word_1_30' title='bbox 1083 556 1179 609; x_wconf 78' lang='lat' dir='ltr'><strong>pt-r</strong></span> <span class='ocrx_word' id='word_1_31' title='bbox 1207 540 1494 609; x_wconf 90' lang='lat' dir='ltr'><strong>spiritum,</strong></span> <span class='ocrx_word' id='word_1_32' title='bbox 1516 550 1577 595; x_wconf 89' lang='grc' dir='ltr'>ιιι</span> <span class='ocrx_word' id='word_1_33' title='bbox 1621 540 1877 607; x_wconf 81' lang='lat' dir='ltr'><strong>deinceps</strong></span> <span class='ocrx_word' id='word_1_34' title='bbox 1936 554 2034 594; x_wconf 86' lang='lat' dir='ltr'><strong>nos</strong></span> 
     </span>
    </p>
   </div>
   <div class='ocr_carea' id='block_1_8' title="bbox 455 631 2035 701">
    <p class='ocr_par' dir='ltr' id='par_1_8' title="bbox 455 631 2035 701">
     <span class='ocr_line' id='line_1_8' title="bbox 455 631 2035 701; baseline -0.001 -14"><span class='ocrx_word' id='word_1_35' title='bbox 455 634 546 687; x_wconf 87' lang='lat' dir='ltr'><strong>alii</strong></span> <span class='ocrx_word' id='word_1_36' title='bbox 576 648 642 687; x_wconf 78' lang='lat' dir='ltr'><strong>cx</strong></span> <span class='ocrx_word' id='word_1_37' title='bbox 676 632 795 686; x_wconf 83' lang='lat' dir='ltr'><strong>aliis</strong></span> <span class='ocrx_word' id='word_1_38' title='bbox 830 633 1127 686; x_wconf 86' lang='lat' dir='ltr'><strong>videamur.</strong></span> <span class='ocrx_word' id='word_1_39' title='bbox 1168 632 1314 685; x_wconf 78' lang='lat' dir='ltr'><strong>Dixit</strong></span> <span class='ocrx_word' id='word_1_40' title='bbox 1374 632 1627 686; x_wconf 88' lang='lat' dir='ltr'><strong>nimirttm</strong></span> <span class='ocrx_word' id='word_1_41' title='bbox 1665 632 1731 687; x_wconf 90' lang='lat' dir='ltr'><strong>de</strong></span> <span class='ocrx_word' id='word_1_42' title='bbox 1784 631 2035 701; x_wconf 82' lang='lat' dir='ltr'><strong>gentibus</strong></span> 
     </span>
    </p>
   </div>
   <div class='ocr_carea' id='block_1_9' title="bbox 458 724 2031 792">
    <p class='ocr_par' dir='ltr' id='par_1_9' title="bbox 458 724 2031 792">
     <span class='ocr_line' id='line_1_9' title="bbox 458 724 2031 792; baseline 0 -16"><span class='ocrx_word' id='word_1_43' title='bbox 458 740 591 779; x_wconf 74' lang='lat' dir='ltr'><strong>voce</strong></span> <span class='ocrx_word' id='word_1_44' title='bbox 644 724 984 780; x_wconf 83' lang='lat' dir='ltr'><strong>Ezechielis:</strong></span> <span class='ocrx_word' id='word_1_45' title='bbox 1039 743 1058 776; x_wconf 80' lang='grc' dir='ltr'>ι</span> <span class='ocrx_word' id='word_1_46' title='bbox 1096 726 1335 781; x_wconf 77' lang='lat' dir='ltr'><strong>Evcllam</strong></span> <span class='ocrx_word' id='word_1_47' title='bbox 1370 740 1465 779; x_wconf 90' lang='lat' dir='ltr'><strong>cor</strong></span> <span class='ocrx_word' id='word_1_48' title='bbox 1495 739 1684 778; x_wconf 89' lang='lat' dir='ltr'><strong>eorum</strong></span> <span class='ocrx_word' id='word_1_49' title='bbox 1754 724 2031 792; x_wconf 88' lang='lat' dir='ltr'><strong>lapideum</strong></span> 
     </span>
    </p>
   </div>
   <div class='ocr_carea' id='block_1_10' title="bbox 454 817 2034 883">
    <p class='ocr_par' dir='ltr' id='par_1_10' title="bbox 454 817 2034 883">
     <span class='ocr_line' id='line_1_10' title="bbox 454 817 2034 883; baseline -0.003 -12"><span class='ocrx_word' id='word_1_50' title='bbox 454 834 483 871; x_wconf 74' lang='grc' dir='ltr'>ι</span> <span class='ocrx_word' id='word_1_51' title='bbox 550 833 715 871; x_wconf 89' lang='lat' dir='ltr'><strong>carne</strong></span> <span class='ocrx_word' id='word_1_52' title='bbox 780 832 990 883; x_wconf 87' lang='lat' dir='ltr'><strong>eorum,</strong></span> <span class='ocrx_word' id='word_1_53' title='bbox 1030 826 1083 872; x_wconf 89' lang='lat' dir='ltr'><strong>ct</strong></span> <span class='ocrx_word' id='word_1_54' title='bbox 1135 818 1272 873; x_wconf 87' lang='lat' dir='ltr'><strong>dabo</strong></span> <span class='ocrx_word' id='word_1_55' title='bbox 1337 817 1444 872; x_wconf 90' lang='lat' dir='ltr'><strong>illis</strong></span> <span class='ocrx_word' id='word_1_56' title='bbox 1488 832 1584 871; x_wconf 89' lang='lat' dir='ltr'><strong>cor</strong></span> <span class='ocrx_word' id='word_1_57' title='bbox 1637 831 1917 878; x_wconf 87' lang='lat' dir='ltr'><strong>carneum,</strong></span> <span class='ocrx_word' id='word_1_58' title='bbox 1973 823 2034 868; x_wconf 90' lang='lat' dir='ltr'><strong>ut</strong></span> 
     </span>
    </p>
   </div>
   <div class='ocr_carea' id='block_1_11' title="bbox 457 906 2034 980">
    <p class='ocr_par' dir='ltr' id='par_1_11' title="bbox 457 906 2034 980">
     <span class='ocr_line' id='line_1_11' title="bbox 457 906 2034 980; baseline -0.003 -16"><span class='ocrx_word' id='word_1_59' title='bbox 457 927 543 966; x_wconf 79' lang='lat' dir='ltr'><strong>tne</strong></span> <span class='ocrx_word' id='word_1_60' title='bbox 592 919 948 980; x_wconf 76' lang='lat' dir='ltr'><strong>cognoscant,</strong></span> <span class='ocrx_word' id='word_1_61' title='bbox 992 911 1133 979; x_wconf 89' lang='lat' dir='ltr'><strong>quod</strong></span> <span class='ocrx_word' id='word_1_62' title='bbox 1187 924 1289 979; x_wconf 82' lang='lat' dir='ltr'><strong>ego</strong></span> <span class='ocrx_word' id='word_1_63' title='bbox 1345 909 1447 964; x_wconf 91' lang='lat' dir='ltr'><strong>sim</strong></span> <span class='ocrx_word' id='word_1_64' title='bbox 1499 908 1755 962; x_wconf 89' lang='lat' dir='ltr'><strong>Dominus</strong></span> <span class='ocrx_word' id='word_1_65' title='bbox 1790 908 1864 962; x_wconf 85' lang='grc' dir='ltr'><strong>¹.ι</strong></span> <span class='ocrx_word' id='word_1_66' title='bbox 1894 906 2034 961; x_wconf 76' lang='lat' dir='ltr'><strong>Ven-</strong></span> 
     </span>
    </p>
   </div>
   <div class='ocr_carea' id='block_1_12' title="bbox 458 1001 2034 1071">
    <p class='ocr_par' dir='ltr' id='par_1_12' title="bbox 458 1001 2034 1071">
     <span class='ocr_line' id='line_1_12' title="bbox 458 1001 2034 1071; baseline -0.003 -15"><span class='ocrx_word' id='word_1_67' title='bbox 458 1015 633 1058; x_wconf 89' lang='lat' dir='ltr'><strong>turam</strong></span> <span class='ocrx_word' id='word_1_68' title='bbox 669 1014 848 1056; x_wconf 86' lang='lat' dir='ltr'><strong>autem</strong></span> <span class='ocrx_word' id='word_1_69' title='bbox 871 1014 1087 1058; x_wconf 73' lang='lat' dir='ltr'><strong>mtatetn</strong></span> <span class='ocrx_word' id='word_1_70' title='bbox 1122 1014 1174 1057; x_wconf 85' lang='lat' dir='ltr'><strong>et</strong></span> <span class='ocrx_word' id='word_1_71' title='bbox 1204 1001 1458 1071; x_wconf 84' lang='lat' dir='ltr'><strong>populum</strong></span> <span class='ocrx_word' id='word_1_72' title='bbox 1500 1002 1816 1062; x_wconf 82' lang='lat' dir='ltr'><strong>creandum,</strong></span> <span class='ocrx_word' id='word_1_73' title='bbox 1850 1014 1945 1053; x_wconf 92' lang='lat' dir='ltr'><strong>eos</strong></span> <span class='ocrx_word' id='word_1_74' title='bbox 1967 1012 2034 1051; x_wconf 80' lang='lat' dir='ltr'><strong>ex</strong></span> 
     </span>
    </p>
   </div>
   <div class='ocr_carea' id='block_1_13' title="bbox 454 1092 2033 1167">
    <p class='ocr_par' dir='ltr' id='par_1_13' title="bbox 454 1092 2033 1167">
     <span class='ocr_line' id='line_1_13' title="bbox 454 1092 2033 1167; baseline -0.003 -17"><span class='ocrx_word' id='word_1_75' title='bbox 454 1097 705 1167; x_wconf 73' lang='lat' dir='ltr'><strong>gentibus</strong></span> <span class='ocrx_word' id='word_1_76' title='bbox 744 1111 888 1165; x_wconf 74' lang='lat' dir='ltr'><strong>sa-pc</strong></span> <span class='ocrx_word' id='word_1_77' title='bbox 931 1096 1173 1150; x_wconf 80' lang='lat' dir='ltr'><strong>nominat</strong></span> <span class='ocrx_word' id='word_1_78' title='bbox 1203 1096 1415 1149; x_wconf 83' lang='lat' dir='ltr'><strong>divinus</strong></span> <span class='ocrx_word' id='word_1_79' title='bbox 1445 1094 1608 1149; x_wconf 79' lang='lat' dir='ltr'><strong>etiam</strong></span> <span class='ocrx_word' id='word_1_80' title='bbox 1666 1092 1853 1147; x_wconf 89' lang='lat' dir='ltr'><strong>David.</strong></span> <span class='ocrx_word' id='word_1_81' title='bbox 1894 1092 2033 1157; x_wconf 87' lang='lat' dir='ltr'><strong>Quin</strong></span> 
     </span>
    </p>
   </div>
   <div class='ocr_carea' id='block_1_14' title="bbox 453 1184 2031 1259">
    <p class='ocr_par' dir='ltr' id='par_1_14' title="bbox 453 1184 2031 1259">
     <span class='ocr_line' id='line_1_14' title="bbox 453 1184 2031 1259; baseline -0.004 -16"><span class='ocrx_word' id='word_1_82' title='bbox 453 1198 508 1244; x_wconf 89' lang='lat' dir='ltr'><strong>ct</strong></span> <span class='ocrx_word' id='word_1_83' title='bbox 547 1189 979 1259; x_wconf 85' lang='lat' dir='ltr'><strong>sapientissimus</strong></span> <span class='ocrx_word' id='word_1_84' title='bbox 1009 1187 1206 1242; x_wconf 83' lang='lat' dir='ltr'><strong>Paulus</strong></span> <span class='ocrx_word' id='word_1_85' title='bbox 1239 1203 1253 1240; x_wconf 89' lang='lat'><strong>:</strong></span> <span class='ocrx_word' id='word_1_86' title='bbox 1283 1206 1302 1241; x_wconf 84' lang='lat' dir='ltr'><strong>t</strong></span> <span class='ocrx_word' id='word_1_87' title='bbox 1359 1185 1469 1240; x_wconf 76' lang='lat' dir='ltr'><strong>Nos</strong></span> <span class='ocrx_word' id='word_1_88' title='bbox 1515 1199 1745 1251; x_wconf 90' lang='lat' dir='ltr'><strong>omnes,</strong></span> <span class='ocrx_word' id='word_1_89' title='bbox 1783 1203 1802 1236; x_wconf 82' lang='grc' dir='ltr'>ι</span> <span class='ocrx_word' id='word_1_90' title='bbox 1837 1184 2031 1252; x_wconf 79' lang='lat' dir='ltr'><strong>inquit,</strong></span> 
     </span>
    </p>
   </div>
   <div class='ocr_carea' id='block_1_15' title="bbox 461 1275 2036 1349">
    <p class='ocr_par' dir='ltr' id='par_1_15' title="bbox 461 1275 2036 1349">
     <span class='ocr_line' id='line_1_15' title="bbox 461 1275 2036 1349; baseline -0.001 -18"><span class='ocrx_word' id='word_1_91' title='bbox 461 1299 483 1331; x_wconf 71' lang='grc' dir='ltr'><strong>ε</strong></span> <span class='ocrx_word' id='word_1_92' title='bbox 528 1289 736 1336; x_wconf 85' lang='lat' dir='ltr'><strong>retecta</strong></span> <span class='ocrx_word' id='word_1_93' title='bbox 766 1279 904 1334; x_wconf 77' lang='lat' dir='ltr'><strong>facie</strong></span> <span class='ocrx_word' id='word_1_94' title='bbox 934 1280 1161 1349; x_wconf 78' lang='lat' dir='ltr'><strong>gloriam</strong></span> <span class='ocrx_word' id='word_1_95' title='bbox 1198 1278 1411 1335; x_wconf 87' lang='lat' dir='ltr'><strong>Domini</strong></span> <span class='ocrx_word' id='word_1_96' title='bbox 1443 1278 1809 1347; x_wconf 85' lang='lat' dir='ltr'><strong>speculantes,</strong></span> <span class='ocrx_word' id='word_1_97' title='bbox 1843 1277 1910 1329; x_wconf 84' lang='lat' dir='ltr'><strong>ad</strong></span> <span class='ocrx_word' id='word_1_98' title='bbox 1962 1275 2036 1345; x_wconf 89' lang='lat' dir='ltr'><strong>ip-</strong></span> 
     </span>
    </p>
   </div>
   <div class='ocr_carea' id='block_1_16' title="bbox 454 1358 2033 1445">
    <p class='ocr_par' dir='ltr' id='par_1_16' title="bbox 454 1358 2033 1445">
     <span class='ocr_line' id='line_1_16' title="bbox 454 1358 2033 1445; baseline -0.005 -16"><span class='ocrx_word' id='word_1_99' title='bbox 454 1392 569 1429; x_wconf 87' lang='lat' dir='ltr'><strong>sam</strong></span> <span class='ocrx_word' id='word_1_100' title='bbox 608 1374 896 1445; x_wconf 79' lang='lat' dir='ltr'><strong>imaginem</strong></span> <span class='ocrx_word' id='word_1_101' title='bbox 947 1358 1462 1427; x_wconf 48' lang='lat' dir='ltr'><strong>transformamur&#39;a</strong></span> <span class='ocrx_word' id='word_1_102' title='bbox 1510 1371 1678 1441; x_wconf 82' lang='lat' dir='ltr'><strong>gloria</strong></span> <span class='ocrx_word' id='word_1_103' title='bbox 1719 1370 1773 1423; x_wconf 90' lang='lat' dir='ltr'><strong>in</strong></span> <span class='ocrx_word' id='word_1_104' title='bbox 1807 1368 2033 1435; x_wconf 78' lang='lat' dir='ltr'><strong>gloriam</strong></span> 
     </span>
    </p>
   </div>
   <div class='ocr_carea' id='block_1_17' title="bbox 458 1462 2034 1535">
    <p class='ocr_par' dir='ltr' id='par_1_17' title="bbox 458 1462 2034 1535">
     <span class='ocr_line' id='line_1_17' title="bbox 458 1462 2034 1535; baseline 0 -19"><span class='ocrx_word' id='word_1_105' title='bbox 458 1479 713 1535; x_wconf 87' lang='lat' dir='ltr'><strong>tanquant</strong></span> <span class='ocrx_word' id='word_1_106' title='bbox 743 1482 772 1519; x_wconf 86' lang='lat' dir='ltr'><strong>a</strong></span> <span class='ocrx_word' id='word_1_107' title='bbox 805 1464 1018 1518; x_wconf 88' lang='lat' dir='ltr'><strong>Domini</strong></span> <span class='ocrx_word' id='word_1_108' title='bbox 1070 1465 1267 1533; x_wconf 83' lang='lat' dir='ltr'><strong>spiritu</strong></span> <span class='ocrx_word' id='word_1_109' title='bbox 1290 1464 1334 1518; x_wconf 83' lang='grc'><strong>³.</strong></span> <span class='ocrx_word' id='word_1_110' title='bbox 1360 1481 1381 1516; x_wconf 78' lang='grc' dir='ltr'>ι</span> <span class='ocrx_word' id='word_1_111' title='bbox 1410 1462 1664 1519; x_wconf 81' lang='lat' dir='ltr'><strong>COndidil</strong></span> <span class='ocrx_word' id='word_1_112' title='bbox 1716 1462 1880 1531; x_wconf 88' lang='lat' dir='ltr'><strong>igitur</strong></span> <span class='ocrx_word' id='word_1_113' title='bbox 1935 1475 2034 1516; x_wconf 80' lang='lat' dir='ltr'><strong>nos</strong></span> 
     </span>
    </p>
   </div>
   <div class='ocr_carea' id='block_1_18' title="bbox 454 1552 2037 1625">
    <p class='ocr_par' dir='ltr' id='par_1_18' title="bbox 454 1552 2037 1625">
     <span class='ocr_line' id='line_1_18' title="bbox 454 1552 2037 1625; baseline -0.003 -15"><span class='ocrx_word' id='word_1_114' title='bbox 454 1559 729 1621; x_wconf 77' lang='lat' dir='ltr'><strong>Christus,</strong></span> <span class='ocrx_word' id='word_1_115' title='bbox 760 1572 858 1611; x_wconf 91' lang='lat' dir='ltr'><strong>ceu</strong></span> <span class='ocrx_word' id='word_1_116' title='bbox 886 1557 1021 1610; x_wconf 90' lang='lat' dir='ltr'><strong>duos</strong></span> <span class='ocrx_word' id='word_1_117' title='bbox 1051 1555 1298 1625; x_wconf 90' lang='lat' dir='ltr'><strong>populos,</strong></span> <span class='ocrx_word' id='word_1_118' title='bbox 1332 1554 1386 1608; x_wconf 87' lang='lat' dir='ltr'><strong>itt</strong></span> <span class='ocrx_word' id='word_1_119' title='bbox 1416 1569 1580 1608; x_wconf 89' lang='lat' dir='ltr'><strong>unum</strong></span> <span class='ocrx_word' id='word_1_120' title='bbox 1633 1567 1827 1607; x_wconf 87' lang='lat' dir='ltr'><strong>novum</strong></span> <span class='ocrx_word' id='word_1_121' title='bbox 1862 1552 2037 1607; x_wconf 84' lang='lat' dir='ltr'><strong>homi-</strong></span> 
     </span>
    </p>
   </div>
   <div class='ocr_carea' id='block_1_19' title="bbox 455 1642 2031 1715">
    <p class='ocr_par' dir='ltr' id='par_1_19' title="bbox 455 1642 2031 1715">
     <span class='ocr_line' id='line_1_19' title="bbox 455 1642 2031 1715; baseline -0.004 -14"><span class='ocrx_word' id='word_1_122' title='bbox 455 1664 601 1711; x_wconf 80' lang='lat' dir='ltr'><strong>num,</strong></span> <span class='ocrx_word' id='word_1_123' title='bbox 660 1648 869 1701; x_wconf 82' lang='lat' dir='ltr'><strong>iaciens</strong></span> <span class='ocrx_word' id='word_1_124' title='bbox 917 1660 1132 1715; x_wconf 84' lang='lat' dir='ltr'><strong>pacem,</strong></span> <span class='ocrx_word' id='word_1_125' title='bbox 1183 1655 1238 1699; x_wconf 88' lang='lat' dir='ltr'><strong>et</strong></span> <span class='ocrx_word' id='word_1_126' title='bbox 1295 1656 1585 1714; x_wconf 87' lang='lat' dir='ltr'><strong>utrumque</strong></span> <span class='ocrx_word' id='word_1_127' title='bbox 1625 1644 1766 1713; x_wconf 89' lang='lat' dir='ltr'><strong>apud</strong></span> <span class='ocrx_word' id='word_1_128' title='bbox 1817 1642 2031 1698; x_wconf 84' lang='lat' dir='ltr'><strong>Patrem</strong></span> 
     </span>
    </p>
   </div>
   <div class='ocr_carea' id='block_1_20' title="bbox 2136 447 3731 521">
    <p class='ocr_par' dir='ltr' id='par_1_20' title="bbox 2136 447 3731 521">
     <span class='ocr_line' id='line_1_20' title="bbox 2136 447 3731 521; baseline 0.004 -22"><span class='ocrx_word' id='word_1_129' title='bbox 2136 447 2297 516; x_wconf 89' lang='grc' dir='ltr'>άγίας</span> <span class='ocrx_word' id='word_1_130' title='bbox 2328 450 2420 503; x_wconf 77' lang='grc' dir='ltr'><strong>καὶ</strong></span> <span class='ocrx_word' id='word_1_131' title='bbox 2449 448 2831 520; x_wconf 83' lang='grc' dir='ltr'>εὐαγγελικῆς,</span> <span class='ocrx_word' id='word_1_132' title='bbox 2864 448 3250 514; x_wconf 83' lang='grc' dir='ltr'>ἀναϐαίνοντες</span> <span class='ocrx_word' id='word_1_133' title='bbox 3291 450 3374 514; x_wconf 86' lang='grc' dir='ltr'><strong>εἰς</strong></span> <span class='ocrx_word' id='word_1_134' title='bbox 3417 449 3731 521; x_wconf 71' lang='grc' dir='ltr'>εὐμορφίαν</span> 
     </span>
    </p>
   </div>
   <div class='ocr_carea' id='block_1_21' title="bbox 2133 536 3734 612">
    <p class='ocr_par' dir='ltr' id='par_1_21' title="bbox 2133 536 3734 612">
     <span class='ocr_line' id='line_1_21' title="bbox 2133 536 3734 612; baseline -0.001 -19"><span class='ocrx_word' id='word_1_135' title='bbox 2133 540 2300 593; x_wconf 79' lang='grc' dir='ltr'>αὐτοῦ</span> <span class='ocrx_word' id='word_1_136' title='bbox 2356 540 2445 595; x_wconf 86' lang='grc' dir='ltr'><strong>διά</strong></span> <span class='ocrx_word' id='word_1_137' title='bbox 2501 542 2833 611; x_wconf 80' lang='grc' dir='ltr'>πνεύματος,</span> <span class='ocrx_word' id='word_1_138' title='bbox 2867 540 3010 594; x_wconf 81' lang='grc' dir='ltr'>ὥστε</span> <span class='ocrx_word' id='word_1_139' title='bbox 3055 540 3152 594; x_wconf 75' lang='grc' dir='ltr'>καὶ</span> <span class='ocrx_word' id='word_1_140' title='bbox 3206 540 3430 612; x_wconf 76' lang='grc' dir='ltr'>ἐτέρους</span> <span class='ocrx_word' id='word_1_141' title='bbox 3472 541 3622 609; x_wconf 69' lang='grc' dir='ltr'>ἡμᾶς</span> <span class='ocrx_word' id='word_1_142' title='bbox 3665 536 3734 603; x_wconf 73' lang='grc' dir='ltr'>ἐξ</span> 
     </span>
    </p>
   </div>
   <div class='ocr_carea' id='block_1_22' title="bbox 2134 630 3735 704">
    <p class='ocr_par' dir='ltr' id='par_1_22' title="bbox 2134 630 3735 704">
     <span class='ocr_line' id='line_1_22' title="bbox 2134 630 3735 704; baseline 0.001 -20"><span class='ocrx_word' id='word_1_143' title='bbox 2134 632 2336 703; x_wconf 77' lang='grc' dir='ltr'>ἑτέρων</span> <span class='ocrx_word' id='word_1_144' title='bbox 2366 632 2596 704; x_wconf 79' lang='grc' dir='ltr'>ὁρᾶσθαι</span> <span class='ocrx_word' id='word_1_145' title='bbox 2629 632 2992 703; x_wconf 78' lang='grc' dir='ltr'>λοιπόν.”Εφη</span> <span class='ocrx_word' id='word_1_146' title='bbox 3034 631 3167 701; x_wconf 88' lang='grc' dir='ltr'>γοῦν</span> <span class='ocrx_word' id='word_1_147' title='bbox 3214 633 3341 703; x_wconf 84' lang='grc' dir='ltr'><strong>περί</strong></span> <span class='ocrx_word' id='word_1_148' title='bbox 3388 631 3501 685; x_wconf 83' lang='grc' dir='ltr'>τῶν</span> <span class='ocrx_word' id='word_1_149' title='bbox 3552 630 3735 686; x_wconf 79' lang='grc' dir='ltr'>ἐθνῶν</span> 
     </span>
    </p>
   </div>
   <div class='ocr_carea' id='block_1_23' title="bbox 2132 723 3737 797">
    <p class='ocr_par' dir='ltr' id='par_1_23' title="bbox 2132 723 3737 797">
     <span class='ocr_line' id='line_1_23' title="bbox 2132 723 3737 797; baseline 0.001 -19"><span class='ocrx_word' id='word_1_150' title='bbox 2132 723 2220 778; x_wconf 69' lang='grc' dir='ltr'>διὰ</span> <span class='ocrx_word' id='word_1_151' title='bbox 2246 725 2431 796; x_wconf 66' lang='grc' dir='ltr'>φωνῆς</span> <span class='ocrx_word' id='word_1_152' title='bbox 2465 725 2743 796; x_wconf 76' lang='grc' dir='ltr'>Ἰεζεχιὴλ,</span> <span class='ocrx_word' id='word_1_153' title='bbox 2772 726 2854 779; x_wconf 82' lang='grc' dir='ltr'><strong>δτι</strong></span> <span class='ocrx_word' id='word_1_154' title='bbox 2882 744 2901 776; x_wconf 83' lang='grc' dir='ltr'>ι</span> <span class='ocrx_word' id='word_1_155' title='bbox 2935 726 3046 778; x_wconf 78' lang='grc' dir='ltr'><strong>Καὶ</strong></span> <span class='ocrx_word' id='word_1_156' title='bbox 3076 726 3337 780; x_wconf 81' lang='grc' dir='ltr'>ἐκσπάσω</span> <span class='ocrx_word' id='word_1_157' title='bbox 3362 725 3464 797; x_wconf 78' lang='grc' dir='ltr'>τὴν</span> <span class='ocrx_word' id='word_1_158' title='bbox 3496 724 3737 793; x_wconf 77' lang='grc' dir='ltr'>καρδίαν</span> 
     </span>
    </p>
   </div>
   <div class='ocr_carea' id='block_1_24' title="bbox 2134 816 3734 889">
    <p class='ocr_par' dir='ltr' id='par_1_24' title="bbox 2134 816 3734 889">
     <span class='ocr_line' id='line_1_24' title="bbox 2134 816 3734 889; baseline 0.001 -19"><span class='ocrx_word' id='word_1_159' title='bbox 2134 817 2312 872; x_wconf 80' lang='grc' dir='ltr'>αὐτῶν</span> <span class='ocrx_word' id='word_1_160' title='bbox 2358 820 2458 888; x_wconf 84' lang='grc' dir='ltr'>τὴν</span> <span class='ocrx_word' id='word_1_161' title='bbox 2499 818 2709 888; x_wconf 83' lang='grc' dir='ltr'>λιθίνην</span> <span class='ocrx_word' id='word_1_162' title='bbox 2748 820 2814 871; x_wconf 83' lang='grc' dir='ltr'>ὲκ</span> <span class='ocrx_word' id='word_1_163' title='bbox 2840 817 2938 889; x_wconf 82' lang='grc' dir='ltr'>τῆς</span> <span class='ocrx_word' id='word_1_164' title='bbox 2983 817 3187 887; x_wconf 76' lang='grc' dir='ltr'>σαρκὸς</span> <span class='ocrx_word' id='word_1_165' title='bbox 3215 817 3416 883; x_wconf 78' lang='grc' dir='ltr'>αὐτῶν,</span> <span class='ocrx_word' id='word_1_166' title='bbox 3444 819 3541 871; x_wconf 81' lang='grc' dir='ltr'>καὶ</span> <span class='ocrx_word' id='word_1_167' title='bbox 3566 816 3734 877; x_wconf 78' lang='grc' dir='ltr'>δώσω</span> 
     </span>
    </p>
   </div>
   <div class='ocr_carea' id='block_1_25' title="bbox 2135 906 3734 979">
    <p class='ocr_par' dir='ltr' id='par_1_25' title="bbox 2135 906 3734 979">
     <span class='ocr_line' id='line_1_25' title="bbox 2135 906 3734 979; baseline -0.001 -17"><span class='ocrx_word' id='word_1_168' title='bbox 2135 908 2320 970; x_wconf 79' lang='grc' dir='ltr'>αὐτοῖς</span> <span class='ocrx_word' id='word_1_169' title='bbox 2342 907 2573 978; x_wconf 83' lang='grc' dir='ltr'>καρδίαν</span> <span class='ocrx_word' id='word_1_170' title='bbox 2605 908 2868 979; x_wconf 85' lang='grc' dir='ltr'>σαρκίνην</span> <span class='ocrx_word' id='word_1_171' title='bbox 2902 906 2995 961; x_wconf 90' lang='grc' dir='ltr'><strong>τοῦ</strong></span> <span class='ocrx_word' id='word_1_172' title='bbox 3024 907 3223 961; x_wconf 76' lang='grc' dir='ltr'>εἰδέναι</span> <span class='ocrx_word' id='word_1_173' title='bbox 3247 906 3447 971; x_wconf 71' lang='grc' dir='ltr'>αὐτοὺς</span> <span class='ocrx_word' id='word_1_174' title='bbox 3483 909 3608 978; x_wconf 81' lang='grc' dir='ltr'>ἐμὲ,</span> <span class='ocrx_word' id='word_1_175' title='bbox 3644 909 3734 963; x_wconf 81' lang='grc' dir='ltr'>ὅτι</span> 
     </span>
    </p>
   </div>
   <div class='ocr_carea' id='block_1_26' title="bbox 2136 998 3735 1071">
    <p class='ocr_par' dir='ltr' id='par_1_26' title="bbox 2136 998 3735 1071">
     <span class='ocr_line' id='line_1_26' title="bbox 2136 998 3735 1071; baseline 0.001 -20"><span class='ocrx_word' id='word_1_176' title='bbox 2136 998 2248 1067; x_wconf 83' lang='grc' dir='ltr'>ἐγὼ</span> <span class='ocrx_word' id='word_1_177' title='bbox 2273 999 2497 1069; x_wconf 82' lang='grc' dir='ltr'>Κύριος.</span> <span class='ocrx_word' id='word_1_178' title='bbox 2530 1018 2547 1049; x_wconf 84' lang='grc' dir='ltr'>ι</span> <span class='ocrx_word' id='word_1_179' title='bbox 2569 1000 2903 1071; x_wconf 80' lang='grc' dir='ltr'>Ἑρχομένην</span> <span class='ocrx_word' id='word_1_180' title='bbox 2944 998 3004 1052; x_wconf 79' lang='grc' dir='ltr'>δὲ</span> <span class='ocrx_word' id='word_1_181' title='bbox 3037 1000 3233 1068; x_wconf 73' lang='grc' dir='ltr'>γενεὰν</span> <span class='ocrx_word' id='word_1_182' title='bbox 3262 1000 3356 1052; x_wconf 80' lang='grc' dir='ltr'>καὶ</span> <span class='ocrx_word' id='word_1_183' title='bbox 3380 999 3509 1052; x_wconf 76' lang='grc' dir='ltr'>λαὸν</span> <span class='ocrx_word' id='word_1_184' title='bbox 3542 998 3735 1063; x_wconf 70' lang='grc' dir='ltr'>κτιζό-</span> 
     </span>
    </p>
   </div>
   <div class='ocr_carea' id='block_1_27' title="bbox 2139 1091 3735 1165">
    <p class='ocr_par' dir='ltr' id='par_1_27' title="bbox 2139 1091 3735 1165">
     <span class='ocr_line' id='line_1_27' title="bbox 2139 1091 3735 1165; baseline 0.002 -22"><span class='ocrx_word' id='word_1_185' title='bbox 2139 1109 2300 1163; x_wconf 80' lang='grc' dir='ltr'>μενον</span> <span class='ocrx_word' id='word_1_186' title='bbox 2332 1094 2460 1156; x_wconf 72' lang='grc' dir='ltr'>τοὺς</span> <span class='ocrx_word' id='word_1_187' title='bbox 2501 1092 2561 1157; x_wconf 80' lang='grc' dir='ltr'>ἐξ</span> <span class='ocrx_word' id='word_1_188' title='bbox 2607 1092 2778 1147; x_wconf 83' lang='grc' dir='ltr'>ἐθνῶν</span> <span class='ocrx_word' id='word_1_189' title='bbox 2810 1094 3239 1165; x_wconf 79' lang='grc' dir='ltr'><strong>ἐπιστρέφοντας</strong></span> <span class='ocrx_word' id='word_1_190' title='bbox 3280 1091 3541 1162; x_wconf 74' lang='grc' dir='ltr'><strong>ὀνομάζει</strong></span> <span class='ocrx_word' id='word_1_191' title='bbox 3571 1093 3735 1146; x_wconf 77' lang='grc' dir='ltr'>πλειο</span> 
     </span>
    </p>
   </div>
   <div class='ocr_carea' id='block_1_28' title="bbox 2140 1181 3728 1254">
    <p class='ocr_par' dir='ltr' id='par_1_28' title="bbox 2140 1181 3728 1254">
     <span class='ocr_line' id='line_1_28' title="bbox 2140 1181 3728 1254; baseline 0.001 -21"><span class='ocrx_word' id='word_1_192' title='bbox 2140 1181 2364 1251; x_wconf 88' lang='grc' dir='ltr'>σταχοῦ.</span> <span class='ocrx_word' id='word_1_193' title='bbox 2409 1182 2560 1236; x_wconf 80' lang='grc' dir='ltr'><strong>Καὶὸ</strong></span> <span class='ocrx_word' id='word_1_194' title='bbox 2577 1182 2862 1247; x_wconf 81' lang='grc' dir='ltr'>θεσπέσιος</span> <span class='ocrx_word' id='word_1_195' title='bbox 2882 1182 3110 1246; x_wconf 61' lang='grc' dir='ltr'>Παῦλος</span> <span class='ocrx_word' id='word_1_196' title='bbox 3142 1200 3160 1234; x_wconf 86' lang='grc' dir='ltr'>ι</span> <span class='ocrx_word' id='word_1_197' title='bbox 3181 1183 3374 1254; x_wconf 81' lang='grc' dir='ltr'><strong>Ἡμεῖς</strong></span> <span class='ocrx_word' id='word_1_198' title='bbox 3395 1182 3451 1235; x_wconf 77' lang='grc' dir='ltr'>δὲ</span> <span class='ocrx_word' id='word_1_199' title='bbox 3464 1182 3691 1244; x_wconf 86' lang='grc' dir='ltr'>πάντες,</span> <span class='ocrx_word' id='word_1_200' title='bbox 3705 1201 3728 1235; x_wconf 81' lang='lat' dir='ltr'><strong>s</strong></span> 
     </span>
    </p>
   </div>
   <div class='ocr_carea' id='block_1_29' title="bbox 2138 1274 3729 1349">
    <p class='ocr_par' dir='ltr' id='par_1_29' title="bbox 2138 1274 3729 1349">
     <span class='ocr_line' id='line_1_29' title="bbox 2138 1274 3729 1349; baseline 0.001 -23"><span class='ocrx_word' id='word_1_201' title='bbox 2138 1290 2211 1343; x_wconf 85' lang='grc' dir='ltr'><strong>φη</strong></span> <span class='ocrx_word' id='word_1_202' title='bbox 2220 1275 2325 1337; x_wconf 73' lang='lat' dir='ltr'><strong>oiv,</strong></span> <span class='ocrx_word' id='word_1_203' title='bbox 2345 1292 2364 1327; x_wconf 82' lang='lat' dir='ltr'><strong>t</strong></span> <span class='ocrx_word' id='word_1_204' title='bbox 2398 1275 2907 1347; x_wconf 80' lang='grc' dir='ltr'>ἀνακεκαλυμμένῳ</span> <span class='ocrx_word' id='word_1_205' title='bbox 2921 1274 3198 1346; x_wconf 83' lang='grc' dir='ltr'><strong>προσώπῳ</strong></span> <span class='ocrx_word' id='word_1_206' title='bbox 3212 1276 3312 1347; x_wconf 75' lang='grc' dir='ltr'>τὴν</span> <span class='ocrx_word' id='word_1_207' title='bbox 3337 1275 3495 1341; x_wconf 78' lang='grc' dir='ltr'>δόξαν</span> <span class='ocrx_word' id='word_1_208' title='bbox 3513 1275 3729 1349; x_wconf 77' lang='grc' dir='ltr'>Κυρίου</span> 
     </span>
    </p>
   </div>
   <div class='ocr_carea' id='block_1_30' title="bbox 2137 1366 3735 1439">
    <p class='ocr_par' dir='ltr' id='par_1_30' title="bbox 2137 1366 3735 1439">
     <span class='ocr_line' id='line_1_30' title="bbox 2137 1366 3735 1439; baseline 0.003 -22"><span class='ocrx_word' id='word_1_209' title='bbox 2137 1366 2650 1437; x_wconf 75' lang='grc' dir='ltr'><strong>κατοπτριζόμενοι,</strong></span> <span class='ocrx_word' id='word_1_210' title='bbox 2675 1368 2775 1439; x_wconf 79' lang='grc' dir='ltr'>τὴν</span> <span class='ocrx_word' id='word_1_211' title='bbox 2807 1368 2976 1437; x_wconf 78' lang='grc' dir='ltr'>αὐτὴν</span> <span class='ocrx_word' id='word_1_212' title='bbox 3005 1368 3192 1421; x_wconf 80' lang='grc' dir='ltr'>εἰκόνα</span> <span class='ocrx_word' id='word_1_213' title='bbox 3227 1367 3735 1438; x_wconf 76' lang='grc' dir='ltr'>μεταμορφούμεθα</span> 
     </span>
    </p>
   </div>
   <div class='ocr_carea' id='block_1_31' title="bbox 2137 1453 3735 1528">
    <p class='ocr_par' dir='ltr' id='par_1_31' title="bbox 2137 1453 3735 1528">
     <span class='ocr_line' id='line_1_31' title="bbox 2137 1453 3735 1528; baseline 0.002 -21"><span class='ocrx_word' id='word_1_214' title='bbox 2137 1453 2247 1507; x_wconf 79' lang='grc' dir='ltr'>άπὸ</span> <span class='ocrx_word' id='word_1_215' title='bbox 2282 1454 2439 1527; x_wconf 79' lang='grc' dir='ltr'>δόξης</span> <span class='ocrx_word' id='word_1_216' title='bbox 2471 1457 2551 1519; x_wconf 93' lang='grc' dir='ltr'><strong>εἰς</strong></span> <span class='ocrx_word' id='word_1_217' title='bbox 2600 1457 2776 1523; x_wconf 78' lang='grc' dir='ltr'>δόξαν,</span> <span class='ocrx_word' id='word_1_218' title='bbox 2807 1457 3060 1527; x_wconf 84' lang='grc' dir='ltr'>καθάπερ</span> <span class='ocrx_word' id='word_1_219' title='bbox 3091 1458 3201 1510; x_wconf 79' lang='grc' dir='ltr'>ἀπὸ</span> <span class='ocrx_word' id='word_1_220' title='bbox 3242 1458 3449 1526; x_wconf 80' lang='grc' dir='ltr'>Κυρίου</span> <span class='ocrx_word' id='word_1_221' title='bbox 3480 1456 3735 1528; x_wconf 78' lang='grc' dir='ltr'>πνεύμα-</span> 
     </span>
    </p>
   </div>
   <div class='ocr_carea' id='block_1_32' title="bbox 2136 1549 3736 1622">
    <p class='ocr_par' dir='ltr' id='par_1_32' title="bbox 2136 1549 3736 1622">
     <span class='ocr_line' id='line_1_32' title="bbox 2136 1549 3736 1622; baseline 0.005 -25"><span class='ocrx_word' id='word_1_222' title='bbox 2136 1562 2247 1609; x_wconf 78' lang='grc' dir='ltr'>τος.</span> <span class='ocrx_word' id='word_1_223' title='bbox 2281 1549 2534 1601; x_wconf 80' lang='grc' dir='ltr'>ιἘκτισε</span> <span class='ocrx_word' id='word_1_224' title='bbox 2561 1550 2740 1603; x_wconf 84' lang='grc' dir='ltr'>τοίνυν</span> <span class='ocrx_word' id='word_1_225' title='bbox 2776 1551 2923 1621; x_wconf 74' lang='grc' dir='ltr'>ἡμᾶς</span> <span class='ocrx_word' id='word_1_226' title='bbox 2972 1552 3003 1603; x_wconf 99' lang='lat'><strong>6</strong></span> <span class='ocrx_word' id='word_1_227' title='bbox 3045 1550 3300 1622; x_wconf 70' lang='grc' dir='ltr'>Χριστὸς,</span> <span class='ocrx_word' id='word_1_228' title='bbox 3326 1552 3444 1622; x_wconf 71' lang='grc' dir='ltr'>ἦτοι</span> <span class='ocrx_word' id='word_1_229' title='bbox 3479 1550 3610 1614; x_wconf 78' lang='grc' dir='ltr'>τοὺς</span> <span class='ocrx_word' id='word_1_230' title='bbox 3637 1551 3736 1606; x_wconf 71' lang='grc' dir='ltr'><strong>δυο</strong></span> 
     </span>
    </p>
   </div>
   <div class='ocr_carea' id='block_1_33' title="bbox 2138 1639 3737 1715">
    <p class='ocr_par' dir='ltr' id='par_1_33' title="bbox 2138 1639 3737 1715">
     <span class='ocr_line' id='line_1_33' title="bbox 2138 1639 3737 1715; baseline 0.004 -22"><span class='ocrx_word' id='word_1_231' title='bbox 2138 1639 2298 1703; x_wconf 79' lang='grc' dir='ltr'>λαοὺς</span> <span class='ocrx_word' id='word_1_232' title='bbox 2323 1642 2403 1704; x_wconf 91' lang='grc' dir='ltr'><strong>εἰς</strong></span> <span class='ocrx_word' id='word_1_233' title='bbox 2435 1640 2533 1696; x_wconf 67' lang='grc' dir='ltr'>ἕνα</span> <span class='ocrx_word' id='word_1_234' title='bbox 2568 1642 2754 1695; x_wconf 78' lang='grc' dir='ltr'>καινὸν</span> <span class='ocrx_word' id='word_1_235' title='bbox 2795 1641 3102 1712; x_wconf 81' lang='grc' dir='ltr'>ἄνθρωπον,</span> <span class='ocrx_word' id='word_1_236' title='bbox 3138 1643 3306 1697; x_wconf 76' lang='grc' dir='ltr'>ποιῶν</span> <span class='ocrx_word' id='word_1_237' title='bbox 3345 1644 3591 1715; x_wconf 77' lang='grc' dir='ltr'><strong>εἰρήνην,</strong></span> <span class='ocrx_word' id='word_1_238' title='bbox 3635 1662 3737 1699; x_wconf 85' lang='grc' dir='ltr'><strong>και</strong></span> 
     </span>
    </p>
   </div>
   <div class='ocr_carea' id='block_1_34' title="bbox 457 1715 2035 1807">
    <p class='ocr_par' dir='ltr' id='par_1_34' title="bbox 457 1736 2033 1807">
     <span class='ocr_line' id='line_1_34' title="bbox 457 1736 2033 1807; baseline 0 -16"><span class='ocrx_word' id='word_1_239' title='bbox 457 1738 815 1793; x_wconf 86' lang='lat' dir='ltr'><strong>reconcilians</strong></span> <span class='ocrx_word' id='word_1_240' title='bbox 862 1738 914 1792; x_wconf 91' lang='lat' dir='ltr'><strong>in</strong></span> <span class='ocrx_word' id='word_1_241' title='bbox 948 1752 1056 1792; x_wconf 90' lang='lat' dir='ltr'><strong>uno</strong></span> <span class='ocrx_word' id='word_1_242' title='bbox 1097 1736 1627 1807; x_wconf 72' lang='lat' dir='ltr'><strong>corporeJubetnur</strong></span> <span class='ocrx_word' id='word_1_243' title='bbox 1650 1736 1907 1791; x_wconf 87' lang='lat' dir='ltr'><strong>nimirum</strong></span> <span class='ocrx_word' id='word_1_244' title='bbox 1940 1752 2033 1792; x_wconf 56' lang='lat' dir='ltr'><strong>ve.</strong></span> 
     </span>
    </p>
   </div>
   <div class='ocr_carea' id='block_1_35' title="bbox 2138 1715 3735 1807">
    <p class='ocr_par' dir='ltr' id='par_1_35' title="bbox 2138 1730 3735 1807">
     <span class='ocr_line' id='line_1_35' title="bbox 2138 1730 3735 1807; baseline 0.002 -22"><span class='ocrx_word' id='word_1_245' title='bbox 2138 1730 2636 1785; x_wconf 83' lang='grc' dir='ltr'>άποκαταλλάσσων</span> <span class='ocrx_word' id='word_1_246' title='bbox 2659 1734 2785 1796; x_wconf 72' lang='grc' dir='ltr'>τοὺς</span> <span class='ocrx_word' id='word_1_247' title='bbox 2807 1734 3150 1804; x_wconf 68' lang='grc' dir='ltr'>ἀμφοτέρους</span> <span class='ocrx_word' id='word_1_248' title='bbox 3170 1736 3228 1788; x_wconf 86' lang='grc' dir='ltr'>ὲν</span> <span class='ocrx_word' id='word_1_249' title='bbox 3250 1736 3332 1788; x_wconf 77' lang='grc' dir='ltr'><strong>ἐνὶ</strong></span> <span class='ocrx_word' id='word_1_250' title='bbox 3354 1733 3571 1805; x_wconf 82' lang='grc' dir='ltr'>σώματι</span> <span class='ocrx_word' id='word_1_251' title='bbox 3591 1737 3735 1807; x_wconf 60' lang='grc' dir='ltr'>πρὸς</span> 
     </span>
    </p>
   </div>
   <div class='ocr_carea' id='block_1_36' title="bbox 458 1830 2028 1900">
    <p class='ocr_par' dir='ltr' id='par_1_36' title="bbox 458 1830 2028 1900">
     <span class='ocr_line' id='line_1_36' title="bbox 458 1830 2028 1900; baseline 0.001 -17"><span class='ocrx_word' id='word_1_252' title='bbox 458 1845 627 1888; x_wconf 87' lang='lat' dir='ltr'><strong>terem</strong></span> <span class='ocrx_word' id='word_1_253' title='bbox 669 1831 943 1886; x_wconf 81' lang='lat' dir='ltr'><strong>hominem</strong></span> <span class='ocrx_word' id='word_1_254' title='bbox 993 1844 1216 1895; x_wconf 80' lang='lat' dir='ltr'><strong>exuere,</strong></span> <span class='ocrx_word' id='word_1_255' title='bbox 1272 1839 1587 1899; x_wconf 89' lang='lat' dir='ltr'><strong>corruptum</strong></span> <span class='ocrx_word' id='word_1_256' title='bbox 1638 1830 2028 1900; x_wconf 80' lang='lat' dir='ltr'><strong>cupiditatibus</strong></span> 
     </span>
    </p>
   </div>
   <div class='ocr_carea' id='block_1_37' title="bbox 455 1923 2035 1992">
    <p class='ocr_par' dir='ltr' id='par_1_37' title="bbox 455 1923 2035 1992">
     <span class='ocr_line' id='line_1_37' title="bbox 455 1923 2035 1992; baseline -0.003 -11"><span class='ocrx_word' id='word_1_257' title='bbox 455 1927 702 1992; x_wconf 83' lang='lat' dir='ltr'><strong>erroris;</strong></span> <span class='ocrx_word' id='word_1_258' title='bbox 730 1932 785 1978; x_wconf 91' lang='lat' dir='ltr'><strong>et</strong></span> <span class='ocrx_word' id='word_1_259' title='bbox 817 1940 1014 1978; x_wconf 89' lang='lat' dir='ltr'><strong>novum</strong></span> <span class='ocrx_word' id='word_1_260' title='bbox 1070 1924 1318 1989; x_wconf 84' lang='lat' dir='ltr'><strong>induere,</strong></span> <span class='ocrx_word' id='word_1_261' title='bbox 1354 1924 1444 1991; x_wconf 88' lang='lat' dir='ltr'><strong>qui</strong></span> <span class='ocrx_word' id='word_1_262' title='bbox 1513 1933 1802 1978; x_wconf 84' lang='lat' dir='ltr'><strong>renovatus</strong></span> <span class='ocrx_word' id='word_1_263' title='bbox 1840 1930 1925 1977; x_wconf 83' lang='lat' dir='ltr'><strong>est</strong></span> <span class='ocrx_word' id='word_1_264' title='bbox 1968 1923 2035 1976; x_wconf 90' lang='lat' dir='ltr'><strong>ad</strong></span> 
     </span>
    </p>
   </div>
   <div class='ocr_carea' id='block_1_38' title="bbox 456 2014 2038 2088">
    <p class='ocr_par' dir='ltr' id='par_1_38' title="bbox 456 2014 2038 2088">
     <span class='ocr_line' id='line_1_38' title="bbox 456 2014 2038 2088; baseline -0.003 -17"><span class='ocrx_word' id='word_1_265' title='bbox 456 2017 748 2088; x_wconf 76' lang='lat' dir='ltr'><strong>imaginem</strong></span> <span class='ocrx_word' id='word_1_266' title='bbox 785 2014 902 2084; x_wconf 84' lang='lat' dir='ltr'><strong>ejus</strong></span> <span class='ocrx_word' id='word_1_267' title='bbox 946 2016 1037 2085; x_wconf 88' lang='lat' dir='ltr'><strong>qui</strong></span> <span class='ocrx_word' id='word_1_268' title='bbox 1084 2016 1258 2083; x_wconf 87' lang='lat' dir='ltr'><strong>ipsum</strong></span> <span class='ocrx_word' id='word_1_269' title='bbox 1287 2014 1550 2077; x_wconf 77' lang='lat' dir='ltr'><strong>condidit,</strong></span> <span class='ocrx_word' id='word_1_270' title='bbox 1607 2014 1807 2069; x_wconf 84' lang='lat' dir='ltr'><strong>Christi</strong></span> <span class='ocrx_word' id='word_1_271' title='bbox 1846 2014 2038 2067; x_wconf 80' lang='lat' dir='ltr'><strong>videli-</strong></span> 
     </span>
    </p>
   </div>
   <div class='ocr_carea' id='block_1_39' title="bbox 457 2107 2035 2182">
    <p class='ocr_par' dir='ltr' id='par_1_39' title="bbox 457 2107 2035 2182">
     <span class='ocr_line' id='line_1_39' title="bbox 457 2107 2035 2182; baseline -0.003 -17"><span class='ocrx_word' id='word_1_272' title='bbox 457 2123 561 2165; x_wconf 88' lang='lat' dir='ltr'><strong>cet.</strong></span> <span class='ocrx_word' id='word_1_273' title='bbox 602 2112 712 2182; x_wconf 77' lang='lat' dir='ltr'><strong>Ego</strong></span> <span class='ocrx_word' id='word_1_274' title='bbox 752 2109 917 2178; x_wconf 77' lang='lat' dir='ltr'><strong>igitur</strong></span> <span class='ocrx_word' id='word_1_275' title='bbox 957 2123 1075 2162; x_wconf 89' lang='lat' dir='ltr'><strong>sum</strong></span> <span class='ocrx_word' id='word_1_276' title='bbox 1111 2107 1370 2163; x_wconf 89' lang='lat' dir='ltr'><strong>Dominus</strong></span> <span class='ocrx_word' id='word_1_277' title='bbox 1429 2107 1671 2163; x_wconf 85' lang='lat' dir='ltr'><strong>Sabaoth</strong></span> <span class='ocrx_word' id='word_1_278' title='bbox 1723 2107 1933 2164; x_wconf 79' lang='lat' dir='ltr'><strong>faciens</strong></span> <span class='ocrx_word' id='word_1_279' title='bbox 1963 2117 2035 2172; x_wconf 90' lang='lat' dir='ltr'><strong>te,</strong></span> 
     </span>
    </p>
   </div>
   <div class='ocr_carea' id='block_1_40' title="bbox 455 2200 2038 2275">
    <p class='ocr_par' dir='ltr' id='par_1_40' title="bbox 455 2200 2038 2275">
     <span class='ocr_line' id='line_1_40' title="bbox 455 2200 2038 2275; baseline -0.004 -13"><span class='ocrx_word' id='word_1_280' title='bbox 455 2204 656 2275; x_wconf 82' lang='lat' dir='ltr'><strong>inquit,</strong></span> <span class='ocrx_word' id='word_1_281' title='bbox 719 2201 770 2257; x_wconf 94' lang='lat' dir='ltr'><strong>id</strong></span> <span class='ocrx_word' id='word_1_282' title='bbox 828 2210 933 2267; x_wconf 91' lang='lat' dir='ltr'><strong>est,</strong></span> <span class='ocrx_word' id='word_1_283' title='bbox 983 2201 1223 2256; x_wconf 87' lang='lat' dir='ltr'><strong>condens</strong></span> <span class='ocrx_word' id='word_1_284' title='bbox 1277 2208 1334 2255; x_wconf 90' lang='lat' dir='ltr'><strong>et</strong></span> <span class='ocrx_word' id='word_1_285' title='bbox 1383 2201 1679 2271; x_wconf 80' lang='lat' dir='ltr'><strong>reﬁngens.</strong></span> <span class='ocrx_word' id='word_1_286' title='bbox 1728 2200 1805 2256; x_wconf 80' lang='lat' dir='ltr'><strong>Ne</strong></span> <span class='ocrx_word' id='word_1_287' title='bbox 1854 2208 2038 2255; x_wconf 79' lang='lat' dir='ltr'><strong>autem</strong></span> 
     </span>
    </p>
   </div>
   <div class='ocr_carea' id='block_1_41' title="bbox 456 2293 2038 2366">
    <p class='ocr_par' dir='ltr' id='par_1_41' title="bbox 456 2293 2038 2366">
     <span class='ocr_line' id='line_1_41' title="bbox 456 2293 2038 2366; baseline -0.003 -15"><span class='ocrx_word' id='word_1_288' title='bbox 456 2299 675 2365; x_wconf 87' lang='lat' dir='ltr'><strong>quidam</strong></span> <span class='ocrx_word' id='word_1_289' title='bbox 710 2303 931 2366; x_wconf 78' lang='lat' dir='ltr'><strong>prapter</strong></span> <span class='ocrx_word' id='word_1_290' title='bbox 972 2294 1051 2349; x_wconf 89' lang='lat' dir='ltr'><strong>rei</strong></span> <span class='ocrx_word' id='word_1_291' title='bbox 1080 2293 1540 2363; x_wconf 81' lang='lat' dir='ltr'><strong>rnaguiilcentiam</strong></span> <span class='ocrx_word' id='word_1_292' title='bbox 1571 2293 1900 2361; x_wconf 79' lang='lat' dir='ltr'><strong>dillitlerent,</strong></span> <span class='ocrx_word' id='word_1_293' title='bbox 1929 2294 2038 2348; x_wconf 81' lang='lat' dir='ltr'><strong>Do-</strong></span> 
     </span>
    </p>
   </div>
   <div class='ocr_carea' id='block_1_42' title="bbox 458 2385 2040 2446">
    <p class='ocr_par' dir='ltr' id='par_1_42' title="bbox 458 2385 2040 2446">
     <span class='ocr_line' id='line_1_42' title="bbox 458 2385 2040 2446; baseline -0.002 -3"><span class='ocrx_word' id='word_1_294' title='bbox 458 2390 666 2444; x_wconf 89' lang='lat' dir='ltr'><strong>minum</strong></span> <span class='ocrx_word' id='word_1_295' title='bbox 699 2387 1033 2441; x_wconf 77' lang='lat' dir='ltr'><strong>exercituum</strong></span> <span class='ocrx_word' id='word_1_296' title='bbox 1075 2399 1198 2439; x_wconf 88' lang='lat' dir='ltr'><strong>sese</strong></span> <span class='ocrx_word' id='word_1_297' title='bbox 1231 2385 1425 2440; x_wconf 87' lang='lat' dir='ltr'><strong>iterum</strong></span> <span class='ocrx_word' id='word_1_298' title='bbox 1460 2385 1726 2446; x_wconf 88' lang='lat' dir='ltr'><strong>nominat,</strong></span> <span class='ocrx_word' id='word_1_299' title='bbox 1753 2395 1808 2440; x_wconf 87' lang='lat' dir='ltr'><strong>et</strong></span> <span class='ocrx_word' id='word_1_300' title='bbox 1835 2386 2040 2440; x_wconf 88' lang='lat' dir='ltr'><strong>utiliter</strong></span> 
     </span>
    </p>
   </div>
   <div class='ocr_carea' id='block_1_43' title="bbox 455 2475 2037 2544">
    <p class='ocr_par' dir='ltr' id='par_1_43' title="bbox 455 2475 2037 2544">
     <span class='ocr_line' id='line_1_43' title="bbox 455 2475 2037 2544; baseline -0.002 -9"><span class='ocrx_word' id='word_1_301' title='bbox 455 2492 510 2536; x_wconf 84' lang='lat' dir='ltr'><strong>et</strong></span> <span class='ocrx_word' id='word_1_302' title='bbox 540 2478 871 2534; x_wconf 81' lang='lat' dir='ltr'><strong>necessario.</strong></span> <span class='ocrx_word' id='word_1_303' title='bbox 896 2476 1049 2544; x_wconf 85' lang='lat' dir='ltr'><strong>Quod</strong></span> <span class='ocrx_word' id='word_1_304' title='bbox 1075 2477 1240 2530; x_wconf 89' lang='lat' dir='ltr'><strong>etiam</strong></span> <span class='ocrx_word' id='word_1_305' title='bbox 1280 2475 1775 2532; x_wconf 81' lang='lat' dir='ltr'><strong>transformationis</strong></span> <span class='ocrx_word' id='word_1_306' title='bbox 1808 2492 1902 2532; x_wconf 85' lang='lat' dir='ltr'><strong>seu</strong></span> <span class='ocrx_word' id='word_1_307' title='bbox 1950 2478 2037 2532; x_wconf 89' lang='lat' dir='ltr'><strong>iu-</strong></span> 
     </span>
    </p>
   </div>
   <div class='ocr_carea' id='block_1_44' title="bbox 456 2556 2039 2637">
    <p class='ocr_par' dir='ltr' id='par_1_44' title="bbox 456 2556 2039 2637">
     <span class='ocr_line' id='line_1_44' title="bbox 456 2556 2039 2637; baseline -0.004 -9"><span class='ocrx_word' id='word_1_308' title='bbox 456 2572 803 2628; x_wconf 71' lang='lat' dir='ltr'><strong>staurationis</strong></span> <span class='ocrx_word' id='word_1_309' title='bbox 849 2578 1060 2637; x_wconf 83' lang='lat' dir='ltr'><strong>tempus</strong></span> <span class='ocrx_word' id='word_1_310' title='bbox 1089 2569 1180 2635; x_wconf 83' lang='lat' dir='ltr'><strong>sit,</strong></span> <span class='ocrx_word' id='word_1_311' title='bbox 1235 2567 1552 2635; x_wconf 81' lang='lat' dir='ltr'><strong>declaravit,</strong></span> <span class='ocrx_word' id='word_1_312' title='bbox 1593 2556 1840 2637; x_wconf 80' lang='lat' dir='ltr'><strong>inquiens</strong></span> <span class='ocrx_word' id='word_1_313' title='bbox 1878 2584 1893 2620; x_wconf 92' lang='lat'><strong>:</strong></span> <span class='ocrx_word' id='word_1_314' title='bbox 1935 2567 2039 2634; x_wconf 86' lang='lat' dir='ltr'><strong>Qui</strong></span> 
     </span>
    </p>
   </div>
   <div class='ocr_carea' id='block_1_45' title="bbox 456 2657 2036 2731">
    <p class='ocr_par' dir='ltr' id='par_1_45' title="bbox 456 2657 2036 2731">
     <span class='ocr_line' id='line_1_45' title="bbox 456 2657 2036 2731; baseline -0.003 -13"><span class='ocrx_word' id='word_1_315' title='bbox 456 2665 604 2720; x_wconf 86' lang='lat' dir='ltr'><strong>eruit</strong></span> <span class='ocrx_word' id='word_1_316' title='bbox 639 2674 713 2727; x_wconf 90' lang='lat' dir='ltr'><strong>te,</strong></span> <span class='ocrx_word' id='word_1_317' title='bbox 768 2663 882 2731; x_wconf 84' lang='lat' dir='ltr'><strong>ipse</strong></span> <span class='ocrx_word' id='word_1_318' title='bbox 922 2659 1068 2715; x_wconf 85' lang='lat' dir='ltr'><strong>Deus</strong></span> <span class='ocrx_word' id='word_1_319' title='bbox 1112 2658 1277 2714; x_wconf 87' lang='lat' dir='ltr'><strong>lsrael</strong></span> <span class='ocrx_word' id='word_1_320' title='bbox 1326 2660 1474 2712; x_wconf 86' lang='lat' dir='ltr'><strong>omni</strong></span> <span class='ocrx_word' id='word_1_321' title='bbox 1523 2669 1678 2712; x_wconf 76' lang='lat' dir='ltr'><strong>terra:</strong></span> <span class='ocrx_word' id='word_1_322' title='bbox 1736 2657 2036 2713; x_wconf 77' lang='lat' dir='ltr'><strong>vocabitur.</strong></span> 
     </span>
    </p>
   </div>
   <div class='ocr_carea' id='block_1_46' title="bbox 456 2750 2036 2825">
    <p class='ocr_par' dir='ltr' id='par_1_46' title="bbox 456 2750 2036 2825">
     <span class='ocr_line' id='line_1_46' title="bbox 456 2750 2036 2825; baseline -0.005 -15"><span class='ocrx_word' id='word_1_323' title='bbox 456 2757 528 2810; x_wconf 79' lang='lat' dir='ltr'><strong>At</strong></span> <span class='ocrx_word' id='word_1_324' title='bbox 571 2754 791 2825; x_wconf 85' lang='lat' dir='ltr'><strong>quando</strong></span> <span class='ocrx_word' id='word_1_325' title='bbox 841 2753 946 2808; x_wconf 86' lang='lat' dir='ltr'><strong>hoc</strong></span> <span class='ocrx_word' id='word_1_326' title='bbox 996 2750 1249 2806; x_wconf 85' lang='lat' dir='ltr'><strong>eli&#39;cctum</strong></span> <span class='ocrx_word' id='word_1_327' title='bbox 1306 2751 1440 2805; x_wconf 80' lang='lat' dir='ltr'><strong>est?</strong></span> <span class='ocrx_word' id='word_1_328' title='bbox 1489 2751 1755 2804; x_wconf 86' lang='lat' dir='ltr'><strong>adventus</strong></span> <span class='ocrx_word' id='word_1_329' title='bbox 1831 2760 2036 2820; x_wconf 64' lang='lat' dir='ltr'><strong>tetnpo.</strong></span> 
     </span>
    </p>
   </div>
   <div class='ocr_carea' id='block_1_47' title="bbox 456 2842 2040 2914">
    <p class='ocr_par' dir='ltr' id='par_1_47' title="bbox 456 2842 2040 2914">
     <span class='ocr_line' id='line_1_47' title="bbox 456 2842 2040 2914; baseline -0.004 -10"><span class='ocrx_word' id='word_1_330' title='bbox 456 2863 517 2904; x_wconf 77' lang='lat' dir='ltr'><strong>re</strong></span> <span class='ocrx_word' id='word_1_331' title='bbox 598 2847 827 2903; x_wconf 78' lang='lat' dir='ltr'><strong>scilicet.</strong></span> <span class='ocrx_word' id='word_1_332' title='bbox 881 2842 1183 2914; x_wconf 70' lang='lat' dir='ltr'><strong>Imperavit</strong></span> <span class='ocrx_word' id='word_1_333' title='bbox 1252 2846 1395 2900; x_wconf 77' lang='lat' dir='ltr'><strong>enim</strong></span> <span class='ocrx_word' id='word_1_334' title='bbox 1470 2842 1718 2899; x_wconf 86' lang='lat' dir='ltr'><strong>Christus</strong></span> <span class='ocrx_word' id='word_1_335' title='bbox 1787 2845 2040 2899; x_wconf 87' lang='lat' dir='ltr'><strong>omnibus</strong></span> 
     </span>
    </p>
   </div>
   <div class='ocr_carea' id='block_1_48' title="bbox 452 2935 2043 3010">
    <p class='ocr_par' dir='ltr' id='par_1_48' title="bbox 452 2935 2043 3010">
     <span class='ocr_line' id='line_1_48' title="bbox 452 2935 2043 3010; baseline -0.004 -15"><span class='ocrx_word' id='word_1_336' title='bbox 452 2939 730 3010; x_wconf 81' lang='lat' dir='ltr'><strong>gentibus,</strong></span> <span class='ocrx_word' id='word_1_337' title='bbox 760 2938 922 3007; x_wconf 84' lang='lat' dir='ltr'><strong>idque</strong></span> <span class='ocrx_word' id='word_1_338' title='bbox 961 2936 1229 3007; x_wconf 85' lang='lat' dir='ltr'><strong>Propheta</strong></span> <span class='ocrx_word' id='word_1_339' title='bbox 1269 2935 1451 3002; x_wconf 84' lang='lat' dir='ltr'><strong>docet,</strong></span> <span class='ocrx_word' id='word_1_340' title='bbox 1485 2936 1775 3005; x_wconf 81' lang='lat' dir='ltr'><strong>inquiens:</strong></span> <span class='ocrx_word' id='word_1_341' title='bbox 1818 2935 1884 2991; x_wconf 83' lang='lat' dir='ltr'><strong>Et</strong></span> <span class='ocrx_word' id='word_1_342' title='bbox 1935 2936 2043 2990; x_wconf 86' lang='lat' dir='ltr'><strong>erit</strong></span> 
     </span>
    </p>
   </div>
   <div class='ocr_carea' id='block_1_49' title="bbox 2133 1822 3733 1899">
    <p class='ocr_par' dir='ltr' id='par_1_49' title="bbox 2133 1822 3733 1899">
     <span class='ocr_line' id='line_1_49' title="bbox 2133 1822 3733 1899; baseline 0.006 -23"><span class='ocrx_word' id='word_1_343' title='bbox 2133 1822 2225 1878; x_wconf 77' lang='grc' dir='ltr'><strong>τὸν</strong></span> <span class='ocrx_word' id='word_1_344' title='bbox 2269 1824 2510 1896; x_wconf 82' lang='grc' dir='ltr'>Πατέρα.</span> <span class='ocrx_word' id='word_1_345' title='bbox 2546 1826 2655 1879; x_wconf 74' lang='grc' dir='ltr'><strong>Καὶ</strong></span> <span class='ocrx_word' id='word_1_346' title='bbox 2683 1825 2815 1894; x_wconf 90' lang='grc' dir='ltr'>γοῦν</span> <span class='ocrx_word' id='word_1_347' title='bbox 2843 1826 3299 1896; x_wconf 62' lang='grc' dir='ltr'>πῳστετάγμεθα</span> <span class='ocrx_word' id='word_1_348' title='bbox 3343 1828 3436 1883; x_wconf 77' lang='grc' dir='ltr'><strong>τὸν</strong></span> <span class='ocrx_word' id='word_1_349' title='bbox 3483 1829 3585 1899; x_wconf 75' lang='grc' dir='ltr'>μὲν</span> <span class='ocrx_word' id='word_1_350' title='bbox 3627 1849 3733 1885; x_wconf 81' lang='grc' dir='ltr'>πα·</span> 
     </span>
    </p>
   </div>
   <div class='ocr_carea' id='block_1_50' title="bbox 2134 1912 3734 1989">
    <p class='ocr_par' dir='ltr' id='par_1_50' title="bbox 2134 1912 3734 1989">
     <span class='ocr_line' id='line_1_50' title="bbox 2134 1912 3734 1989; baseline 0.008 -24"><span class='ocrx_word' id='word_1_351' title='bbox 2134 1912 2283 1968; x_wconf 82' lang='grc' dir='ltr'>λαιὸν</span> <span class='ocrx_word' id='word_1_352' title='bbox 2305 1915 2592 1986; x_wconf 82' lang='grc' dir='ltr'>ἄνθρωπον</span> <span class='ocrx_word' id='word_1_353' title='bbox 2611 1916 2934 1980; x_wconf 83' lang='grc' dir='ltr'>ἀποθέσθαι,</span> <span class='ocrx_word' id='word_1_354' title='bbox 2959 1918 3051 1970; x_wconf 81' lang='grc' dir='ltr'>τὸν</span> <span class='ocrx_word' id='word_1_355' title='bbox 3078 1918 3437 1989; x_wconf 83' lang='grc' dir='ltr'>φθειρόμενον</span> <span class='ocrx_word' id='word_1_356' title='bbox 3464 1922 3607 1975; x_wconf 80' lang='grc' dir='ltr'>κατὰ</span> <span class='ocrx_word' id='word_1_357' title='bbox 3630 1924 3734 1989; x_wconf 82' lang='grc' dir='ltr'><strong>τάς</strong></span> 
     </span>
    </p>
   </div>
   <div class='ocr_carea' id='block_1_51' title="bbox 2138 2005 3733 2079">
    <p class='ocr_par' dir='ltr' id='par_1_51' title="bbox 2138 2005 3733 2079">
     <span class='ocr_line' id='line_1_51' title="bbox 2138 2005 3733 2079; baseline 0.006 -20"><span class='ocrx_word' id='word_1_358' title='bbox 2138 2005 2435 2076; x_wconf 74' lang='grc' dir='ltr'>ἐπιθυμίας</span> <span class='ocrx_word' id='word_1_359' title='bbox 2473 2008 2574 2078; x_wconf 82' lang='grc' dir='ltr'>τῆς</span> <span class='ocrx_word' id='word_1_360' title='bbox 2610 2008 2858 2079; x_wconf 80' lang='grc' dir='ltr'>ἀπάτης,</span> <span class='ocrx_word' id='word_1_361' title='bbox 2901 2008 3225 2062; x_wconf 75' lang='grc' dir='ltr'>ἐνδύσασθαι</span> <span class='ocrx_word' id='word_1_362' title='bbox 3267 2009 3324 2063; x_wconf 80' lang='grc' dir='ltr'>δὲ</span> <span class='ocrx_word' id='word_1_363' title='bbox 3356 2010 3448 2064; x_wconf 71' lang='grc' dir='ltr'>τὸν</span> <span class='ocrx_word' id='word_1_364' title='bbox 3479 2013 3598 2067; x_wconf 79' lang='grc' dir='ltr'>νέον</span> <span class='ocrx_word' id='word_1_365' title='bbox 3637 2014 3733 2069; x_wconf 73' lang='grc' dir='ltr'><strong>τὸν</strong></span> 
     </span>
    </p>
   </div>
   <div class='ocr_carea' id='block_1_52' title="bbox 2136 2099 3735 2179">
    <p class='ocr_par' dir='ltr' id='par_1_52' title="bbox 2136 2099 3735 2179">
     <span class='ocr_line' id='line_1_52' title="bbox 2136 2099 3735 2179; baseline 0.005 -26"><span class='ocrx_word' id='word_1_366' title='bbox 2136 2100 2597 2170; x_wconf 83' lang='grc' dir='ltr'>ἀνακαινούμενον</span> <span class='ocrx_word' id='word_1_367' title='bbox 2621 2101 2741 2154; x_wconf 84' lang='grc' dir='ltr'>κατ’</span> <span class='ocrx_word' id='word_1_368' title='bbox 2774 2101 2965 2154; x_wconf 81' lang='grc' dir='ltr'>εἰκόνα</span> <span class='ocrx_word' id='word_1_369' title='bbox 2991 2099 3086 2154; x_wconf 90' lang='grc' dir='ltr'><strong>τοῦ</strong></span> <span class='ocrx_word' id='word_1_370' title='bbox 3116 2101 3398 2167; x_wconf 78' lang='grc' dir='ltr'>κτίσαντος</span> <span class='ocrx_word' id='word_1_371' title='bbox 3429 2104 3610 2165; x_wconf 62' lang='grc' dir='ltr'>αὑτὸν.</span> <span class='ocrx_word' id='word_1_372' title='bbox 3637 2108 3735 2179; x_wconf 80' lang='grc' dir='ltr'><strong>δῆ-</strong></span> 
     </span>
    </p>
   </div>
   <div class='ocr_carea' id='block_1_53' title="bbox 2137 2192 3729 2269">
    <p class='ocr_par' dir='ltr' id='par_1_53' title="bbox 2137 2192 3729 2269">
     <span class='ocr_line' id='line_1_53' title="bbox 2137 2192 3729 2269; baseline 0.006 -24"><span class='ocrx_word' id='word_1_373' title='bbox 2137 2192 2227 2246; x_wconf 88' lang='grc' dir='ltr'><strong>λον</strong></span> <span class='ocrx_word' id='word_1_374' title='bbox 2250 2193 2306 2247; x_wconf 84' lang='grc' dir='ltr'>δὲ</span> <span class='ocrx_word' id='word_1_375' title='bbox 2330 2195 2413 2247; x_wconf 83' lang='grc' dir='ltr'>ὅτι</span> <span class='ocrx_word' id='word_1_376' title='bbox 2437 2193 2698 2266; x_wconf 78' lang='grc' dir='ltr'>Χριστοῦ.</span> <span class='ocrx_word' id='word_1_377' title='bbox 2720 2193 2861 2263; x_wconf 82' lang='grc' dir='ltr'><strong>Ἐγὼ</strong></span> <span class='ocrx_word' id='word_1_378' title='bbox 2897 2194 3076 2248; x_wconf 83' lang='grc' dir='ltr'>τοίνυν</span> <span class='ocrx_word' id='word_1_379' title='bbox 3104 2194 3224 2266; x_wconf 82' lang='grc' dir='ltr'><strong>εἰμί</strong></span> <span class='ocrx_word' id='word_1_380' title='bbox 3261 2197 3467 2269; x_wconf 86' lang='grc' dir='ltr'>Κύριος</span> <span class='ocrx_word' id='word_1_381' title='bbox 3498 2199 3729 2254; x_wconf 81' lang='grc' dir='ltr'>Σαϐαὼθ</span> 
     </span>
    </p>
   </div>
   <div class='ocr_carea' id='block_1_54' title="bbox 2137 2287 3731 2369">
    <p class='ocr_par' dir='ltr' id='par_1_54' title="bbox 2137 2287 3731 2369">
     <span class='ocr_line' id='line_1_54' title="bbox 2137 2287 3731 2369; baseline 0.006 -31"><span class='ocrx_word' id='word_1_382' title='bbox 2137 2287 2167 2338; x_wconf 94' lang='lat'><strong>6</strong></span> <span class='ocrx_word' id='word_1_383' title='bbox 2198 2287 2369 2341; x_wconf 76' lang='grc' dir='ltr'>ποιῶν</span> <span class='ocrx_word' id='word_1_384' title='bbox 2415 2304 2496 2353; x_wconf 88' lang='grc' dir='ltr'><strong>σε,</strong></span> <span class='ocrx_word' id='word_1_385' title='bbox 2537 2287 2672 2360; x_wconf 77' lang='grc' dir='ltr'>φησὶ</span> <span class='ocrx_word' id='word_1_386' title='bbox 2699 2330 2714 2355; x_wconf 91' lang='grc'><strong>,</strong></span> <span class='ocrx_word' id='word_1_387' title='bbox 2758 2288 3038 2341; x_wconf 77' lang='grc' dir='ltr'>τουτέστιν</span> <span class='ocrx_word' id='word_1_388' title='bbox 3069 2289 3099 2340; x_wconf 90' lang='lat'><strong>6</strong></span> <span class='ocrx_word' id='word_1_389' title='bbox 3129 2290 3330 2369; x_wconf 63' lang='grc' dir='ltr'>κτίζων</span> <span class='ocrx_word' id='word_1_390' title='bbox 3361 2294 3455 2345; x_wconf 77' lang='grc' dir='ltr'>καὶ</span> <span class='ocrx_word' id='word_1_391' title='bbox 3488 2294 3731 2366; x_wconf 75' lang='grc' dir='ltr'>ἀναμορο</span> 
     </span>
    </p>
   </div>
   <div class='ocr_carea' id='block_1_55' title="bbox 2138 2380 3729 2456">
    <p class='ocr_par' dir='ltr' id='par_1_55' title="bbox 2138 2380 3729 2456">
     <span class='ocr_line' id='line_1_55' title="bbox 2138 2380 3729 2456; baseline 0.004 -23"><span class='ocrx_word' id='word_1_392' title='bbox 2138 2380 2401 2449; x_wconf 78' lang='grc' dir='ltr'>φῶν.”ινα</span> <span class='ocrx_word' id='word_1_393' title='bbox 2426 2381 2483 2433; x_wconf 72' lang='grc' dir='ltr'>δὲ</span> <span class='ocrx_word' id='word_1_394' title='bbox 2515 2382 2591 2453; x_wconf 78' lang='grc' dir='ltr'>μὴ</span> <span class='ocrx_word' id='word_1_395' title='bbox 2619 2381 2914 2452; x_wconf 79' lang='grc' dir='ltr'>ἀπιστῆται</span> <span class='ocrx_word' id='word_1_396' title='bbox 2943 2381 3081 2454; x_wconf 86' lang='grc' dir='ltr'>πρός</span> <span class='ocrx_word' id='word_1_397' title='bbox 3105 2399 3269 2436; x_wconf 90' lang='grc' dir='ltr'>τινων</span> <span class='ocrx_word' id='word_1_398' title='bbox 3296 2383 3386 2438; x_wconf 77' lang='grc' dir='ltr'><strong>διά</strong></span> <span class='ocrx_word' id='word_1_399' title='bbox 3406 2385 3468 2438; x_wconf 77' lang='grc' dir='ltr'>τὸ</span> <span class='ocrx_word' id='word_1_400' title='bbox 3497 2388 3729 2456; x_wconf 81' lang='grc' dir='ltr'>μεγαλο-</span> 
     </span>
    </p>
   </div>
   <div class='ocr_carea' id='block_1_56' title="bbox 2139 2474 3727 2548">
    <p class='ocr_par' dir='ltr' id='par_1_56' title="bbox 2139 2474 3727 2548">
     <span class='ocr_line' id='line_1_56' title="bbox 2139 2474 3727 2548; baseline 0.003 -21"><span class='ocrx_word' id='word_1_401' title='bbox 2139 2475 2348 2547; x_wconf 75' lang='grc' dir='ltr'>πρεπὲς</span> <span class='ocrx_word' id='word_1_402' title='bbox 2375 2474 2470 2529; x_wconf 88' lang='grc' dir='ltr'><strong>τοῦ</strong></span> <span class='ocrx_word' id='word_1_403' title='bbox 2501 2476 2846 2547; x_wconf 86' lang='grc' dir='ltr'>πράγματος,</span> <span class='ocrx_word' id='word_1_404' title='bbox 2870 2474 3076 2546; x_wconf 82' lang='grc' dir='ltr'>Κύριον</span> <span class='ocrx_word' id='word_1_405' title='bbox 3098 2476 3209 2529; x_wconf 84' lang='grc' dir='ltr'><strong>τῶν</strong></span> <span class='ocrx_word' id='word_1_406' title='bbox 3227 2476 3513 2548; x_wconf 82' lang='grc' dir='ltr'>δυνάμεων</span> <span class='ocrx_word' id='word_1_407' title='bbox 3536 2478 3727 2531; x_wconf 70' lang='grc' dir='ltr'>ἑαυτὸν</span> 
     </span>
    </p>
   </div>
   <div class='ocr_carea' id='block_1_57' title="bbox 2137 2567 3721 2639">
    <p class='ocr_par' dir='ltr' id='par_1_57' title="bbox 2137 2567 3721 2639">
     <span class='ocr_line' id='line_1_57' title="bbox 2137 2567 3721 2639; baseline 0.003 -18"><span class='ocrx_word' id='word_1_408' title='bbox 2137 2567 2395 2638; x_wconf 77' lang='grc' dir='ltr'>ὀνομάζει</span> <span class='ocrx_word' id='word_1_409' title='bbox 2425 2568 2609 2631; x_wconf 82' lang='grc' dir='ltr'>πάλιν,</span> <span class='ocrx_word' id='word_1_410' title='bbox 2639 2569 2926 2639; x_wconf 78' lang='grc' dir='ltr'>χρησίμως</span> <span class='ocrx_word' id='word_1_411' title='bbox 2953 2587 3013 2623; x_wconf 87' lang='grc' dir='ltr'><strong>τε</strong></span> <span class='ocrx_word' id='word_1_412' title='bbox 3042 2570 3138 2623; x_wconf 77' lang='grc' dir='ltr'>καὶ</span> <span class='ocrx_word' id='word_1_413' title='bbox 3164 2571 3498 2639; x_wconf 76' lang='grc' dir='ltr'>ἀναγκαίως.</span> <span class='ocrx_word' id='word_1_414' title='bbox 3540 2571 3635 2635; x_wconf 82' lang='grc' dir='ltr'>Τίς</span> <span class='ocrx_word' id='word_1_415' title='bbox 3664 2571 3721 2626; x_wconf 73' lang='grc' dir='ltr'><strong>δέ</strong></span> 
     </span>
    </p>
   </div>
   <div class='ocr_carea' id='block_1_58' title="bbox 2088 2659 3727 2733">
    <p class='ocr_par' dir='ltr' id='par_1_58' title="bbox 2088 2659 3727 2733">
     <span class='ocr_line' id='line_1_58' title="bbox 2088 2659 3727 2733; baseline 0.004 -20"><span class='ocrx_word' id='word_1_416' title='bbox 2088 2696 2097 2707; x_wconf 81' lang='grc'>.</span> <span class='ocrx_word' id='word_1_417' title='bbox 2139 2664 2233 2714; x_wconf 70' lang='grc' dir='ltr'>καὶ</span> <span class='ocrx_word' id='word_1_418' title='bbox 2257 2664 2285 2715; x_wconf 95' lang='lat'><strong>6</strong></span> <span class='ocrx_word' id='word_1_419' title='bbox 2313 2661 2411 2730; x_wconf 80' lang='grc' dir='ltr'>τῆς</span> <span class='ocrx_word' id='word_1_420' title='bbox 2440 2659 2937 2733; x_wconf 77' lang='grc' dir='ltr'>μεταμορφώσεως.</span> <span class='ocrx_word' id='word_1_421' title='bbox 2966 2662 3134 2733; x_wconf 72' lang='grc' dir='ltr'>ἤγουν</span> <span class='ocrx_word' id='word_1_422' title='bbox 3163 2664 3191 2716; x_wconf 90' lang='lat'><strong>6</strong></span> <span class='ocrx_word' id='word_1_423' title='bbox 3216 2662 3310 2715; x_wconf 84' lang='grc' dir='ltr'><strong>τοῦ</strong></span> <span class='ocrx_word' id='word_1_424' title='bbox 3339 2663 3727 2728; x_wconf 74' lang='grc' dir='ltr'>ἀνακτίξεσθαι</span> 
     </span>
    </p>
   </div>
   <div class='ocr_carea' id='block_1_59' title="bbox 2139 2754 3729 2829">
    <p class='ocr_par' dir='ltr' id='par_1_59' title="bbox 2139 2754 3729 2829">
     <span class='ocr_line' id='line_1_59' title="bbox 2139 2754 3729 2829; baseline 0.003 -22"><span class='ocrx_word' id='word_1_425' title='bbox 2139 2754 2350 2825; x_wconf 78' lang='grc' dir='ltr'>καιρὸς,</span> <span class='ocrx_word' id='word_1_426' title='bbox 2369 2754 2667 2824; x_wconf 73' lang='grc' dir='ltr'>διεσάφησε</span> <span class='ocrx_word' id='word_1_427' title='bbox 2693 2755 2890 2823; x_wconf 83' lang='grc' dir='ltr'>λέγων,</span> <span class='ocrx_word' id='word_1_428' title='bbox 2914 2756 2995 2809; x_wconf 86' lang='grc' dir='ltr'>ὅτι</span> <span class='ocrx_word' id='word_1_429' title='bbox 3027 2755 3087 2809; x_wconf 87' lang='lat'><strong>&#39;0</strong></span> <span class='ocrx_word' id='word_1_430' title='bbox 3116 2756 3423 2829; x_wconf 77' lang='grc' dir='ltr'>ρυσάμενὸς</span> <span class='ocrx_word' id='word_1_431' title='bbox 3456 2774 3541 2824; x_wconf 86' lang='grc' dir='ltr'><strong>σε,</strong></span> <span class='ocrx_word' id='word_1_432' title='bbox 3569 2758 3729 2822; x_wconf 73' lang='grc' dir='ltr'>αὐτὸς</span> 
     </span>
    </p>
   </div>
   <div class='ocr_carea' id='block_1_60' title="bbox 2137 2846 3731 2921">
    <p class='ocr_par' dir='ltr' id='par_1_60' title="bbox 2137 2846 3731 2921">
     <span class='ocr_line' id='line_1_60' title="bbox 2137 2846 3731 2921; baseline 0.004 -22"><span class='ocrx_word' id='word_1_433' title='bbox 2137 2846 2271 2910; x_wconf 80' lang='grc' dir='ltr'>Θεὸς</span> <span class='ocrx_word' id='word_1_434' title='bbox 2295 2847 2513 2919; x_wconf 77' lang='grc' dir='ltr'>Ἰσραὴλ</span> <span class='ocrx_word' id='word_1_435' title='bbox 2536 2849 2686 2919; x_wconf 75' lang='grc' dir='ltr'>πάσῃ</span> <span class='ocrx_word' id='word_1_436' title='bbox 2715 2850 2786 2919; x_wconf 75' lang='grc' dir='ltr'>τῇ</span> <span class='ocrx_word' id='word_1_437' title='bbox 2805 2851 2876 2920; x_wconf 76' lang='grc' dir='ltr'>γῇ</span> <span class='ocrx_word' id='word_1_438' title='bbox 2901 2849 3259 2921; x_wconf 82' lang='grc' dir='ltr'>κληθήσεται.</span> <span class='ocrx_word' id='word_1_439' title='bbox 3286 2850 3574 2921; x_wconf 79' lang='grc' dir='ltr'>Πηνίκαδέ</span> <span class='ocrx_word' id='word_1_440' title='bbox 3593 2850 3731 2915; x_wconf 79' lang='grc' dir='ltr'>ὅλως</span> 
     </span>
    </p>
   </div>
   <div class='ocr_carea' id='block_1_61' title="bbox 2140 2938 3729 3015">
    <p class='ocr_par' dir='ltr' id='par_1_61' title="bbox 2140 2938 3729 3015">
     <span class='ocr_line' id='line_1_61' title="bbox 2140 2938 3729 3015; baseline 0.003 -23"><span class='ocrx_word' id='word_1_441' title='bbox 2140 2938 2414 2994; x_wconf 71' lang='grc' dir='ltr'>καὶτοῦτο</span> <span class='ocrx_word' id='word_1_442' title='bbox 2441 2938 2800 3008; x_wconf 82' lang='grc' dir='ltr'>κατώρθωται</span> <span class='ocrx_word' id='word_1_443' title='bbox 2815 2958 2830 3007; x_wconf 82' lang='grc'>;</span> <span class='ocrx_word' id='word_1_444' title='bbox 2847 2942 2990 2995; x_wconf 74' lang='grc' dir='ltr'>κατὰ</span> <span class='ocrx_word' id='word_1_445' title='bbox 3004 2943 3093 2996; x_wconf 79' lang='grc' dir='ltr'><strong>τὸν</strong></span> <span class='ocrx_word' id='word_1_446' title='bbox 3112 2943 3210 3013; x_wconf 83' lang='grc' dir='ltr'>τῆς</span> <span class='ocrx_word' id='word_1_447' title='bbox 3230 2944 3523 3013; x_wconf 76' lang='grc' dir='ltr'>ἐπιδημίας</span> <span class='ocrx_word' id='word_1_448' title='bbox 3540 2943 3729 3015; x_wconf 68' lang='grc' dir='ltr'>καιρὸν</span> 
     </span>
    </p>
   </div>
   <div class='ocr_carea' id='block_1_62' title="bbox 458 3026 2035 3121">
    <p class='ocr_par' dir='ltr' id='par_1_62' title="bbox 458 3026 2035 3095">
     <span class='ocr_line' id='line_1_62' title="bbox 458 3026 2035 3095; baseline -0.003 -10"><span class='ocrx_word' id='word_1_449' title='bbox 458 3031 720 3087; x_wconf 87' lang='lat' dir='ltr'><strong>Dominus</strong></span> <span class='ocrx_word' id='word_1_450' title='bbox 762 3045 925 3094; x_wconf 88' lang='lat' dir='ltr'><strong>unus,</strong></span> <span class='ocrx_word' id='word_1_451' title='bbox 949 3037 1003 3084; x_wconf 90' lang='lat' dir='ltr'><strong>et</strong></span> <span class='ocrx_word' id='word_1_452' title='bbox 1032 3044 1227 3083; x_wconf 87' lang='lat' dir='ltr'><strong>nomen</strong></span> <span class='ocrx_word' id='word_1_453' title='bbox 1277 3026 1393 3095; x_wconf 83' lang='lat' dir='ltr'><strong>ejus</strong></span> <span class='ocrx_word' id='word_1_454' title='bbox 1433 3043 1597 3082; x_wconf 89' lang='lat' dir='ltr'><strong>unum</strong></span> <span class='ocrx_word' id='word_1_455' title='bbox 1630 3027 1898 3082; x_wconf 87' lang='lat' dir='ltr'><strong>circuiens</strong></span> <span class='ocrx_word' id='word_1_456' title='bbox 1921 3042 2035 3082; x_wconf 86' lang='lat' dir='ltr'><strong>ont-</strong></span> 
     </span>
    </p>
   </div>
   <div class='ocr_carea' id='block_1_63' title="bbox 2138 3026 3732 3121">
    <p class='ocr_par' dir='ltr' id='par_1_63' title="bbox 2142 3031 3732 3106">
     <span class='ocr_line' id='line_1_63' title="bbox 2142 3031 3732 3106; baseline 0.003 -21"><span class='ocrx_word' id='word_1_457' title='bbox 2142 3031 2405 3102; x_wconf 75' lang='grc' dir='ltr'>δηλονότι.</span> <span class='ocrx_word' id='word_1_458' title='bbox 2458 3032 2820 3086; x_wconf 76' lang='grc' dir='ltr'>Βεϐασίλευκε</span> <span class='ocrx_word' id='word_1_459' title='bbox 2849 3033 2961 3106; x_wconf 77' lang='grc' dir='ltr'>γὰρ</span> <span class='ocrx_word' id='word_1_460' title='bbox 2991 3036 3020 3087; x_wconf 93' lang='lat'><strong>6</strong></span> <span class='ocrx_word' id='word_1_461' title='bbox 3052 3033 3287 3106; x_wconf 78' lang='grc' dir='ltr'>Χριστὸς</span> <span class='ocrx_word' id='word_1_462' title='bbox 3316 3036 3409 3089; x_wconf 77' lang='grc' dir='ltr'>ἐπὶ</span> <span class='ocrx_word' id='word_1_463' title='bbox 3443 3036 3621 3090; x_wconf 87' lang='grc' dir='ltr'>πάντα</span> <span class='ocrx_word' id='word_1_464' title='bbox 3660 3036 3732 3091; x_wconf 65' lang='grc' dir='ltr'><strong>τά</strong></span> 
     </span>
    </p>
   </div>
   <div class='ocr_carea' id='block_1_64' title="bbox 454 3117 2035 3200">
    <p class='ocr_par' dir='ltr' id='par_1_64' title="bbox 454 3117 2035 3177">
     <span class='ocr_line' id='line_1_64' title="bbox 454 3117 2035 3177; baseline -0.003 -1"><span class='ocrx_word' id='word_1_465' title='bbox 454 3140 581 3176; x_wconf 69' lang='lat' dir='ltr'><strong>item</strong></span> <span class='ocrx_word' id='word_1_466' title='bbox 634 3132 850 3177; x_wconf 86' lang='lat' dir='ltr'><strong>terram.</strong></span> <span class='ocrx_word' id='word_1_467' title='bbox 893 3119 1031 3175; x_wconf 88' lang='lat' dir='ltr'><strong>Olim</strong></span> <span class='ocrx_word' id='word_1_468' title='bbox 1078 3121 1221 3175; x_wconf 85' lang='lat' dir='ltr'><strong>enim</strong></span> <span class='ocrx_word' id='word_1_469' title='bbox 1272 3118 1325 3172; x_wconf 88' lang='lat' dir='ltr'><strong>in</strong></span> <span class='ocrx_word' id='word_1_470' title='bbox 1356 3119 1470 3173; x_wconf 83' lang='lat' dir='ltr'><strong>sola</strong></span> <span class='ocrx_word' id='word_1_471' title='bbox 1513 3117 1698 3173; x_wconf 65' lang='lat' dir='ltr'><strong>Judaea</strong></span> <span class='ocrx_word' id='word_1_472' title='bbox 1736 3130 1897 3173; x_wconf 74' lang='lat' dir='ltr'><strong>natus</strong></span> <span class='ocrx_word' id='word_1_473' title='bbox 1925 3126 2035 3172; x_wconf 85' lang='lat' dir='ltr'><strong>erat</strong></span> 
     </span>
    </p>
   </div>
   <div class='ocr_carea' id='block_1_65' title="bbox 2138 3117 3729 3200">
    <p class='ocr_par' dir='ltr' id='par_1_65' title="bbox 2149 3124 3729 3200">
     <span class='ocr_line' id='line_1_65' title="bbox 2149 3124 3729 3200; baseline 0.004 -23"><span class='ocrx_word' id='word_1_474' title='bbox 2149 3125 2298 3195; x_wconf 77' lang='grc' dir='ltr'>ἔθνη.</span> <span class='ocrx_word' id='word_1_475' title='bbox 2318 3125 2587 3179; x_wconf 78' lang='grc' dir='ltr'>καὶτοῦτο</span> <span class='ocrx_word' id='word_1_476' title='bbox 2610 3124 3035 3194; x_wconf 74' lang='grc' dir='ltr'>διδάσκεελέγων</span> <span class='ocrx_word' id='word_1_477' title='bbox 3053 3128 3081 3178; x_wconf 87' lang='lat'><strong>6</strong></span> <span class='ocrx_word' id='word_1_478' title='bbox 3101 3129 3413 3200; x_wconf 73' lang='grc' dir='ltr'>Προφήτης·</span> <span class='ocrx_word' id='word_1_479' title='bbox 3450 3129 3556 3182; x_wconf 68' lang='grc' dir='ltr'><strong>Καὶ</strong></span> <span class='ocrx_word' id='word_1_480' title='bbox 3573 3129 3729 3184; x_wconf 70' lang='grc' dir='ltr'>ἔσται</span> 
     </span>
    </p>
   </div>
   <div class='ocr_carea' id='block_1_66' title="bbox 461 3209 2045 3280">
    <p class='ocr_par' dir='ltr' id='par_1_66' title="bbox 461 3209 2045 3280">
     <span class='ocr_line' id='line_1_66' title="bbox 461 3209 2045 3280; baseline -0.002 -14"><span class='ocrx_word' id='word_1_481' title='bbox 461 3213 767 3267; x_wconf 79' lang='grc' dir='ltr'><strong>υοιιε²⁶.Αι</strong></span> <span class='ocrx_word' id='word_1_482' title='bbox 793 3222 1147 3280; x_wconf 84' lang='lat' dir='ltr'><strong>posteaquam</strong></span> <span class='ocrx_word' id='word_1_483' title='bbox 1176 3220 1364 3263; x_wconf 84' lang='lat' dir='ltr'><strong>vocata</strong></span> <span class='ocrx_word' id='word_1_484' title='bbox 1389 3218 1470 3263; x_wconf 90' lang='lat' dir='ltr'><strong>est</strong></span> <span class='ocrx_word' id='word_1_485' title='bbox 1501 3225 1599 3278; x_wconf 85' lang='lat' dir='ltr'><strong>per</strong></span> <span class='ocrx_word' id='word_1_486' title='bbox 1631 3209 1787 3262; x_wconf 78' lang='lat' dir='ltr'><strong>[idem</strong></span> <span class='ocrx_word' id='word_1_487' title='bbox 1803 3210 1868 3261; x_wconf 89' lang='lat' dir='ltr'><strong>ad</strong></span> <span class='ocrx_word' id='word_1_488' title='bbox 1891 3210 2045 3277; x_wconf 79' lang='lat' dir='ltr'><strong>agni-</strong></span> 
     </span>
    </p>
   </div>
   <div class='ocr_carea' id='block_1_67' title="bbox 458 3300 2041 3371">
    <p class='ocr_par' dir='ltr' id='par_1_67' title="bbox 458 3300 2041 3371">
     <span class='ocr_line' id='line_1_67' title="bbox 458 3300 2041 3371; baseline -0.001 -15"><span class='ocrx_word' id='word_1_489' title='bbox 458 3308 661 3358; x_wconf 82' lang='lat' dir='ltr'><strong>tionem</strong></span> <span class='ocrx_word' id='word_1_490' title='bbox 706 3304 824 3370; x_wconf 86' lang='lat' dir='ltr'><strong>ejus</strong></span> <span class='ocrx_word' id='word_1_491' title='bbox 864 3301 1152 3357; x_wconf 86' lang='lat' dir='ltr'><strong>multitudo</strong></span> <span class='ocrx_word' id='word_1_492' title='bbox 1200 3303 1483 3371; x_wconf 87' lang='lat' dir='ltr'><strong>gentium:</strong></span> <span class='ocrx_word' id='word_1_493' title='bbox 1524 3302 1598 3354; x_wconf 90' lang='lat' dir='ltr'><strong>illi</strong></span> <span class='ocrx_word' id='word_1_494' title='bbox 1637 3303 1831 3355; x_wconf 85' lang='lat' dir='ltr'><strong>deinde</strong></span> <span class='ocrx_word' id='word_1_495' title='bbox 1861 3300 2041 3356; x_wconf 79' lang='lat' dir='ltr'><strong>ﬂectet</strong></span> 
     </span>
    </p>
   </div>
   <div class='ocr_carea' id='block_1_68' title="bbox 455 3393 2041 3469">
    <p class='ocr_par' dir='ltr' id='par_1_68' title="bbox 455 3393 2041 3469">
     <span class='ocr_line' id='line_1_68' title="bbox 455 3393 2041 3469; baseline -0.002 -19"><span class='ocrx_word' id='word_1_496' title='bbox 455 3397 617 3469; x_wconf 74' lang='lat'><strong>761</strong></span> <span class='ocrx_word' id='word_1_497' title='bbox 647 3411 706 3450; x_wconf 89' lang='lat' dir='ltr'><strong>se</strong></span> <span class='ocrx_word' id='word_1_498' title='bbox 725 3409 885 3448; x_wconf 83' lang='lat' dir='ltr'><strong>omne</strong></span> <span class='ocrx_word' id='word_1_499' title='bbox 920 3408 1085 3463; x_wconf 86' lang='lat' dir='ltr'><strong>genu,</strong></span> <span class='ocrx_word' id='word_1_500' title='bbox 1148 3404 1203 3449; x_wconf 91' lang='lat' dir='ltr'><strong>et</strong></span> <span class='ocrx_word' id='word_1_501' title='bbox 1240 3394 1419 3449; x_wconf 89' lang='lat' dir='ltr'><strong>omnis</strong></span> <span class='ocrx_word' id='word_1_502' title='bbox 1457 3393 1639 3465; x_wconf 82' lang='lat' dir='ltr'><strong>lingua</strong></span> <span class='ocrx_word' id='word_1_503' title='bbox 1697 3394 2041 3449; x_wconf 81' lang='lat' dir='ltr'><strong>conﬁtebitur</strong></span> 
     </span>
    </p>
   </div>
   <div class='ocr_carea' id='block_1_69' title="bbox 453 3484 2037 3556">
    <p class='ocr_par' dir='ltr' id='par_1_69' title="bbox 453 3484 2037 3556">
     <span class='ocr_line' id='line_1_69' title="bbox 453 3484 2037 3556; baseline 0.001 -15"><span class='ocrx_word' id='word_1_504' title='bbox 453 3505 575 3544; x_wconf 63' lang='lat' dir='ltr'><strong>esse</strong></span> <span class='ocrx_word' id='word_1_505' title='bbox 618 3488 902 3542; x_wconf 87' lang='lat' dir='ltr'><strong>Dominum</strong></span> <span class='ocrx_word' id='word_1_506' title='bbox 958 3484 1140 3541; x_wconf 79' lang='lat' dir='ltr'><strong>Jcsnm</strong></span> <span class='ocrx_word' id='word_1_507' title='bbox 1206 3485 1507 3553; x_wconf 85' lang='lat' dir='ltr'><strong>Christum,</strong></span> <span class='ocrx_word' id='word_1_508' title='bbox 1552 3487 1611 3541; x_wconf 86' lang='lat' dir='ltr'><strong>in</strong></span> <span class='ocrx_word' id='word_1_509' title='bbox 1656 3486 1891 3556; x_wconf 79' lang='lat' dir='ltr'><strong>gloriam</strong></span> <span class='ocrx_word' id='word_1_510' title='bbox 1940 3487 2037 3543; x_wconf 87' lang='lat' dir='ltr'><strong>Dei</strong></span> 
     </span>
    </p>
   </div>
   <div class='ocr_carea' id='block_1_70' title="bbox 453 3577 2036 3651">
    <p class='ocr_par' dir='ltr' id='par_1_70' title="bbox 453 3577 2036 3651">
     <span class='ocr_line' id='line_1_70' title="bbox 453 3577 2036 3651; baseline -0.003 -13"><span class='ocrx_word' id='word_1_511' title='bbox 453 3581 631 3638; x_wconf 81' lang='lat' dir='ltr'><strong>l&#39;atris</strong></span> <span class='ocrx_word' id='word_1_512' title='bbox 656 3581 696 3635; x_wconf 87' lang='grc'><strong>³.</strong></span> <span class='ocrx_word' id='word_1_513' title='bbox 734 3577 878 3634; x_wconf 87' lang='lat' dir='ltr'><strong>Dens</strong></span> <span class='ocrx_word' id='word_1_514' title='bbox 918 3579 1086 3649; x_wconf 78' lang='lat' dir='ltr'><strong>igitur</strong></span> <span class='ocrx_word' id='word_1_515' title='bbox 1142 3578 1373 3633; x_wconf 89' lang='lat' dir='ltr'><strong>inomni</strong></span> <span class='ocrx_word' id='word_1_516' title='bbox 1407 3590 1548 3634; x_wconf 89' lang='lat' dir='ltr'><strong>terra</strong></span> <span class='ocrx_word' id='word_1_517' title='bbox 1593 3581 1896 3647; x_wconf 75' lang='lat' dir='ltr'><strong>vocabitur,</strong></span> <span class='ocrx_word' id='word_1_518' title='bbox 1943 3580 2036 3651; x_wconf 89' lang='lat' dir='ltr'><strong>qui</strong></span> 
     </span>
    </p>
   </div>
   <div class='ocr_carea' id='block_1_71' title="bbox 456 3671 2037 3744">
    <p class='ocr_par' dir='ltr' id='par_1_71' title="bbox 456 3671 2037 3744">
     <span class='ocr_line' id='line_1_71' title="bbox 456 3671 2037 3744; baseline 0 -17"><span class='ocrx_word' id='word_1_519' title='bbox 456 3675 599 3729; x_wconf 80' lang='lat' dir='ltr'><strong>eruit</strong></span> <span class='ocrx_word' id='word_1_520' title='bbox 631 3688 749 3736; x_wconf 87' lang='lat' dir='ltr'><strong>nos,</strong></span> <span class='ocrx_word' id='word_1_521' title='bbox 789 3681 844 3726; x_wconf 90' lang='lat' dir='ltr'><strong>et</strong></span> <span class='ocrx_word' id='word_1_522' title='bbox 870 3688 898 3724; x_wconf 91' lang='lat' dir='ltr'><strong>a</strong></span> <span class='ocrx_word' id='word_1_523' title='bbox 929 3672 1132 3726; x_wconf 69' lang='lat' dir='ltr'><strong>Sil&#39;Villa</strong></span> <span class='ocrx_word' id='word_1_524' title='bbox 1176 3671 1375 3726; x_wconf 85' lang='lat' dir='ltr'><strong>diaboli</strong></span> <span class='ocrx_word' id='word_1_525' title='bbox 1418 3673 1643 3739; x_wconf 79' lang='lat' dir='ltr'><strong>exemit,</strong></span> <span class='ocrx_word' id='word_1_526' title='bbox 1695 3673 2037 3744; x_wconf 68' lang='lat' dir='ltr'><strong>proliriisqtte</strong></span> 
     </span>
    </p>
   </div>
   <div class='ocr_carea' id='block_1_72' title="bbox 453 3763 2037 3836">
    <p class='ocr_par' dir='ltr' id='par_1_72' title="bbox 453 3763 2037 3836">
     <span class='ocr_line' id='line_1_72' title="bbox 453 3763 2037 3836; baseline 0 -16"><span class='ocrx_word' id='word_1_527' title='bbox 453 3766 685 3836; x_wconf 73' lang='lat' dir='ltr'><strong>sceptris</strong></span> <span class='ocrx_word' id='word_1_528' title='bbox 707 3765 963 3819; x_wconf 87' lang='lat' dir='ltr'><strong>subdidit.</strong></span> <span class='ocrx_word' id='word_1_529' title='bbox 983 3763 1147 3834; x_wconf 90' lang='lat' dir='ltr'><strong>quue</strong></span> <span class='ocrx_word' id='word_1_530' title='bbox 1172 3764 1331 3819; x_wconf 89' lang='lat' dir='ltr'><strong>docet</strong></span> <span class='ocrx_word' id='word_1_531' title='bbox 1354 3764 1543 3819; x_wconf 90' lang='lat' dir='ltr'><strong>beatus</strong></span> <span class='ocrx_word' id='word_1_532' title='bbox 1567 3765 1756 3832; x_wconf 85' lang='lat' dir='ltr'><strong>David,</strong></span> <span class='ocrx_word' id='word_1_533' title='bbox 1784 3766 2037 3836; x_wconf 82' lang='lat' dir='ltr'><strong>inquiens</strong></span> 
     </span>
    </p>
   </div>
   <div class='ocr_carea' id='block_1_73' title="bbox 455 3854 2036 3927">
    <p class='ocr_par' dir='ltr' id='par_1_73' title="bbox 455 3854 2036 3927">
     <span class='ocr_line' id='line_1_73' title="bbox 455 3854 2036 3927; baseline 0.002 -18"><span class='ocrx_word' id='word_1_534' title='bbox 455 3857 683 3911; x_wconf 74' lang='lat' dir='ltr'><strong>alicubi:</strong></span> <span class='ocrx_word' id='word_1_535' title='bbox 716 3875 734 3906; x_wconf 79' lang='grc' dir='ltr'>ι</span> <span class='ocrx_word' id='word_1_536' title='bbox 764 3854 965 3912; x_wconf 65' lang='lat' dir='ltr'><strong>Omnes</strong></span> <span class='ocrx_word' id='word_1_537' title='bbox 988 3868 1198 3924; x_wconf 77' lang='lat' dir='ltr'><strong>gentes,</strong></span> <span class='ocrx_word' id='word_1_538' title='bbox 1226 3858 1464 3926; x_wconf 85' lang='lat' dir='ltr'><strong>plaudite</strong></span> <span class='ocrx_word' id='word_1_539' title='bbox 1506 3859 1779 3925; x_wconf 84' lang='lat' dir='ltr'><strong>manibus,</strong></span> <span class='ocrx_word' id='word_1_540' title='bbox 1805 3858 2036 3927; x_wconf 89' lang='lat' dir='ltr'><strong>jnbilate</strong></span> 
     </span>
    </p>
   </div>
   <div class='ocr_carea' id='block_1_74' title="bbox 454 3948 2033 4018">
    <p class='ocr_par' dir='ltr' id='par_1_74' title="bbox 454 3948 2033 4018">
     <span class='ocr_line' id='line_1_74' title="bbox 454 3948 2033 4018; baseline 0 -15"><span class='ocrx_word' id='word_1_541' title='bbox 454 3950 566 4004; x_wconf 78' lang='lat' dir='ltr'><strong>Deo</strong></span> <span class='ocrx_word' id='word_1_542' title='bbox 590 3948 792 4004; x_wconf 80' lang='lat' dir='ltr'><strong>Jacob:</strong></span> <span class='ocrx_word' id='word_1_543' title='bbox 824 3948 949 4018; x_wconf 89' lang='lat' dir='ltr'><strong>quia</strong></span> <span class='ocrx_word' id='word_1_544' title='bbox 983 3949 1242 4003; x_wconf 86' lang='lat' dir='ltr'><strong>Dominus</strong></span> <span class='ocrx_word' id='word_1_545' title='bbox 1267 3948 1589 4016; x_wconf 77' lang='lat' dir='ltr'><strong>altissimus,</strong></span> <span class='ocrx_word' id='word_1_546' title='bbox 1615 3950 1890 4013; x_wconf 86' lang='lat' dir='ltr'><strong>terribilis,</strong></span> <span class='ocrx_word' id='word_1_547' title='bbox 1935 3963 2033 4004; x_wconf 80' lang='lat' dir='ltr'><strong>rex</strong></span> 
     </span>
    </p>
   </div>
   <div class='ocr_carea' id='block_1_75' title="bbox 457 4041 2029 4110">
    <p class='ocr_par' dir='ltr' id='par_1_75' title="bbox 457 4041 2029 4110">
     <span class='ocr_line' id='line_1_75' title="bbox 457 4041 2029 4110; baseline 0.004 -19"><span class='ocrx_word' id='word_1_548' title='bbox 457 4055 686 4110; x_wconf 60' lang='lat' dir='ltr'><strong>ungulis</strong></span> <span class='ocrx_word' id='word_1_549' title='bbox 718 4054 884 4107; x_wconf 82' lang='lat' dir='ltr'><strong>super</strong></span> <span class='ocrx_word' id='word_1_550' title='bbox 913 4055 1129 4095; x_wconf 88' lang='lat' dir='ltr'><strong>omnem</strong></span> <span class='ocrx_word' id='word_1_551' title='bbox 1156 4049 1358 4095; x_wconf 84' lang='lat' dir='ltr'><strong>terram</strong></span> <span class='ocrx_word' id='word_1_552' title='bbox 1387 4041 1450 4095; x_wconf 84' lang='grc'><strong>⁸’.</strong></span> <span class='ocrx_word' id='word_1_553' title='bbox 1484 4060 1504 4092; x_wconf 80' lang='grc' dir='ltr'>ι</span> <span class='ocrx_word' id='word_1_554' title='bbox 1538 4042 1751 4097; x_wconf 80' lang='lat' dir='ltr'><strong>Alicnbi</strong></span> <span class='ocrx_word' id='word_1_555' title='bbox 1789 4057 1980 4097; x_wconf 81' lang='lat' dir='ltr'><strong>rursus</strong></span> <span class='ocrx_word' id='word_1_556' title='bbox 2014 4057 2029 4096; x_wconf 88' lang='lat'><strong>:</strong></span> 
     </span>
    </p>
   </div>
   <div class='ocr_carea' id='block_1_76' title="bbox 457 4132 1645 4202">
    <p class='ocr_par' dir='ltr' id='par_1_76' title="bbox 457 4132 1645 4202">
     <span class='ocr_line' id='line_1_76' title="bbox 457 4132 1645 4202; baseline 0.003 -21"><span class='ocrx_word' id='word_1_557' title='bbox 457 4152 475 4181; x_wconf 76' lang='grc' dir='ltr'>ι</span> <span class='ocrx_word' id='word_1_558' title='bbox 517 4133 775 4187; x_wconf 89' lang='lat' dir='ltr'><strong>Dominus</strong></span> <span class='ocrx_word' id='word_1_559' title='bbox 804 4134 1067 4202; x_wconf 77' lang='lat' dir='ltr'><strong>regnavit,</strong></span> <span class='ocrx_word' id='word_1_560' title='bbox 1097 4132 1331 4187; x_wconf 80' lang='lat' dir='ltr'><strong>exsultet</strong></span> <span class='ocrx_word' id='word_1_561' title='bbox 1363 4142 1506 4188; x_wconf 86' lang='lat' dir='ltr'><strong>terra</strong></span> <span class='ocrx_word' id='word_1_562' title='bbox 1543 4133 1585 4186; x_wconf 72' lang='grc'><strong>⁵.</strong></span> <span class='ocrx_word' id='word_1_563' title='bbox 1625 4152 1645 4185; x_wconf 77' lang='grc' dir='ltr'>ι</span> 
     </span>
    </p>
   </div>
   <div class='ocr_carea' id='block_1_77' title="bbox 2150 3213 3726 3293">
    <p class='ocr_par' dir='ltr' id='par_1_77' title="bbox 2150 3213 3726 3293">
     <span class='ocr_line' id='line_1_77' title="bbox 2150 3213 3726 3293; baseline 0.004 -22"><span class='ocrx_word' id='word_1_564' title='bbox 2150 3217 2354 3287; x_wconf 80' lang='grc' dir='ltr'>Κύριος</span> <span class='ocrx_word' id='word_1_565' title='bbox 2373 3213 2576 3281; x_wconf 76' lang='grc' dir='ltr'>εἶς,κα“ι</span> <span class='ocrx_word' id='word_1_566' title='bbox 2590 3218 2763 3289; x_wconf 66' lang='grc' dir='ltr'>ὄνομα</span> <span class='ocrx_word' id='word_1_567' title='bbox 2780 3219 2946 3272; x_wconf 79' lang='grc' dir='ltr'>αὐτοῦ</span> <span class='ocrx_word' id='word_1_568' title='bbox 2957 3219 3018 3273; x_wconf 81' lang='grc' dir='ltr'>ἓν</span> <span class='ocrx_word' id='word_1_569' title='bbox 3032 3220 3267 3273; x_wconf 85' lang='grc' dir='ltr'>κυκλοῦν</span> <span class='ocrx_word' id='word_1_570' title='bbox 3287 3222 3467 3274; x_wconf 82' lang='grc' dir='ltr'>πᾶσαν</span> <span class='ocrx_word' id='word_1_571' title='bbox 3481 3222 3578 3293; x_wconf 74' lang='grc' dir='ltr'>τὴν</span> <span class='ocrx_word' id='word_1_572' title='bbox 3603 3223 3726 3292; x_wconf 82' lang='grc' dir='ltr'>γῆν.</span> 
     </span>
    </p>
   </div>
   <div class='ocr_carea' id='block_1_78' title="bbox 2149 3306 3732 3384">
    <p class='ocr_par' dir='ltr' id='par_1_78' title="bbox 2149 3306 3732 3384">
     <span class='ocr_line' id='line_1_78' title="bbox 2149 3306 3732 3384; baseline 0.004 -21"><span class='ocrx_word' id='word_1_573' title='bbox 2149 3310 2323 3363; x_wconf 77' lang='grc' dir='ltr'>Πάλαι</span> <span class='ocrx_word' id='word_1_574' title='bbox 2347 3311 2445 3380; x_wconf 80' lang='grc' dir='ltr'>μὲν</span> <span class='ocrx_word' id='word_1_575' title='bbox 2469 3312 2580 3381; x_wconf 74' lang='grc' dir='ltr'><strong>γάρ</strong></span> <span class='ocrx_word' id='word_1_576' title='bbox 2605 3306 2673 3382; x_wconf 75' lang='grc' dir='ltr'>ἦν</span> <span class='ocrx_word' id='word_1_577' title='bbox 2689 3311 2831 3365; x_wconf 85' lang='grc' dir='ltr'>κατὰ</span> <span class='ocrx_word' id='word_1_578' title='bbox 2846 3311 3016 3383; x_wconf 84' lang='grc' dir='ltr'>μόνην</span> <span class='ocrx_word' id='word_1_579' title='bbox 3033 3311 3132 3384; x_wconf 84' lang='grc' dir='ltr'>τὴν</span> <span class='ocrx_word' id='word_1_580' title='bbox 3165 3312 3426 3367; x_wconf 76' lang='grc' dir='ltr'>Ἰουδαίαν</span> <span class='ocrx_word' id='word_1_581' title='bbox 3443 3329 3685 3382; x_wconf 77' lang='grc' dir='ltr'>γνωστος</span> <span class='ocrx_word' id='word_1_582' title='bbox 3700 3316 3732 3369; x_wconf 90' lang='lat'><strong>6</strong></span> 
     </span>
    </p>
   </div>
   <div class='ocr_carea' id='block_1_79' title="bbox 2143 3399 3733 3474">
    <p class='ocr_par' dir='ltr' id='par_1_79' title="bbox 2143 3399 3733 3474">
     <span class='ocr_line' id='line_1_79' title="bbox 2143 3399 3733 3474; baseline 0.003 -21"><span class='ocrx_word' id='word_1_583' title='bbox 2143 3399 2295 3465; x_wconf 84' lang='grc' dir='ltr'>Θεός.</span> <span class='ocrx_word' id='word_1_584' title='bbox 2314 3401 2533 3473; x_wconf 78' lang='grc' dir='ltr'>Ἐπειδὴ</span> <span class='ocrx_word' id='word_1_585' title='bbox 2564 3402 2621 3455; x_wconf 78' lang='grc' dir='ltr'><strong>δέ</strong></span> <span class='ocrx_word' id='word_1_586' title='bbox 2653 3401 2914 3474; x_wconf 77' lang='grc' dir='ltr'>κέκληται</span> <span class='ocrx_word' id='word_1_587' title='bbox 2944 3402 3034 3456; x_wconf 81' lang='grc' dir='ltr'>διὰ</span> <span class='ocrx_word' id='word_1_588' title='bbox 3057 3402 3294 3467; x_wconf 88' lang='grc' dir='ltr'>πίστεως</span> <span class='ocrx_word' id='word_1_589' title='bbox 3326 3405 3408 3467; x_wconf 87' lang='grc' dir='ltr'><strong>εἰς</strong></span> <span class='ocrx_word' id='word_1_590' title='bbox 3435 3404 3733 3473; x_wconf 75' lang='grc' dir='ltr'>ἐπίγνωσιν</span> 
     </span>
    </p>
   </div>
   <div class='ocr_carea' id='block_1_80' title="bbox 2144 3493 3734 3568">
    <p class='ocr_par' dir='ltr' id='par_1_80' title="bbox 2144 3493 3734 3568">
     <span class='ocr_line' id='line_1_80' title="bbox 2144 3493 3734 3568; baseline 0.004 -23"><span class='ocrx_word' id='word_1_591' title='bbox 2144 3493 2310 3546; x_wconf 82' lang='grc' dir='ltr'>αὐτοῦ</span> <span class='ocrx_word' id='word_1_592' title='bbox 2348 3493 2457 3547; x_wconf 86' lang='grc' dir='ltr'>τῶν</span> <span class='ocrx_word' id='word_1_593' title='bbox 2481 3494 2650 3549; x_wconf 81' lang='grc' dir='ltr'>ἐθνῶν</span> <span class='ocrx_word' id='word_1_594' title='bbox 2676 3498 2709 3567; x_wconf 81' lang='grc' dir='ltr'><strong>η</strong></span> <span class='ocrx_word' id='word_1_595' title='bbox 2745 3495 2972 3567; x_wconf 76' lang='grc' dir='ltr'>πληθὺς,</span> <span class='ocrx_word' id='word_1_596' title='bbox 3008 3496 3157 3567; x_wconf 81' lang='grc' dir='ltr'><strong>αὐτῷ</strong></span> <span class='ocrx_word' id='word_1_597' title='bbox 3182 3496 3367 3550; x_wconf 81' lang='grc' dir='ltr'>λοιπὸν</span> <span class='ocrx_word' id='word_1_598' title='bbox 3396 3496 3603 3568; x_wconf 77' lang='grc' dir='ltr'>κάμψει</span> <span class='ocrx_word' id='word_1_599' title='bbox 3623 3499 3734 3551; x_wconf 74' lang='grc' dir='ltr'>πᾶν</span> 
     </span>
    </p>
   </div>
   <div class='ocr_carea' id='block_1_81' title="bbox 2142 3586 3734 3663">
    <p class='ocr_par' dir='ltr' id='par_1_81' title="bbox 2142 3586 3734 3663">
     <span class='ocr_line' id='line_1_81' title="bbox 2142 3586 3734 3663; baseline 0.003 -24"><span class='ocrx_word' id='word_1_600' title='bbox 2142 3586 2294 3655; x_wconf 85' lang='grc' dir='ltr'>γόνυ,</span> <span class='ocrx_word' id='word_1_601' title='bbox 2323 3588 2417 3641; x_wconf 68' lang='grc' dir='ltr'><strong>καί⁸</strong></span> <span class='ocrx_word' id='word_1_602' title='bbox 2455 3590 2605 3642; x_wconf 74' lang='grc' dir='ltr'>πᾶσα</span> <span class='ocrx_word' id='word_1_603' title='bbox 2647 3589 2867 3657; x_wconf 81' lang='grc' dir='ltr'>γλῶσσα</span> <span class='ocrx_word' id='word_1_604' title='bbox 2899 3588 3355 3661; x_wconf 78' lang='grc' dir='ltr'>ἐξομολογήσεται</span> <span class='ocrx_word' id='word_1_605' title='bbox 3381 3609 3395 3622; x_wconf 91' lang='grc'><strong>·</strong></span> <span class='ocrx_word' id='word_1_606' title='bbox 3420 3592 3504 3645; x_wconf 80' lang='grc' dir='ltr'>ὅτι</span> <span class='ocrx_word' id='word_1_607' title='bbox 3531 3590 3734 3663; x_wconf 78' lang='grc' dir='ltr'>Κύριος</span> 
     </span>
    </p>
   </div>
   <div class='ocr_carea' id='block_1_82' title="bbox 2157 3678 3744 3754">
    <p class='ocr_par' dir='ltr' id='par_1_82' title="bbox 2157 3678 3744 3754">
     <span class='ocr_line' id='line_1_82' title="bbox 2157 3678 3744 3754; baseline 0.001 -21"><span class='ocrx_word' id='word_1_608' title='bbox 2157 3678 2364 3749; x_wconf 80' lang='grc' dir='ltr'>Ἰησοῦς</span> <span class='ocrx_word' id='word_1_609' title='bbox 2397 3680 2654 3750; x_wconf 82' lang='grc' dir='ltr'>Χριστὸς,</span> <span class='ocrx_word' id='word_1_610' title='bbox 2678 3683 2759 3746; x_wconf 91' lang='grc' dir='ltr'><strong>εἰς</strong></span> <span class='ocrx_word' id='word_1_611' title='bbox 2808 3681 2967 3746; x_wconf 80' lang='grc' dir='ltr'>δόξαν</span> <span class='ocrx_word' id='word_1_612' title='bbox 3015 3680 3152 3735; x_wconf 89' lang='grc' dir='ltr'>Θεοῦ</span> <span class='ocrx_word' id='word_1_613' title='bbox 3201 3682 3434 3754; x_wconf 86' lang='grc' dir='ltr'>Πατρός.</span> <span class='ocrx_word' id='word_1_614' title='bbox 3469 3682 3605 3746; x_wconf 73' lang='grc' dir='ltr'>Θεὸς</span> <span class='ocrx_word' id='word_1_615' title='bbox 3642 3679 3744 3737; x_wconf 80' lang='grc' dir='ltr'><strong>οῦν</strong></span> 
     </span>
    </p>
   </div>
   <div class='ocr_carea' id='block_1_83' title="bbox 2143 3772 3740 3846">
    <p class='ocr_par' dir='ltr' id='par_1_83' title="bbox 2143 3772 3740 3846">
     <span class='ocr_line' id='line_1_83' title="bbox 2143 3772 3740 3846; baseline 0.004 -22"><span class='ocrx_word' id='word_1_616' title='bbox 2143 3772 2253 3844; x_wconf 77' lang='grc' dir='ltr'>ἄρα</span> <span class='ocrx_word' id='word_1_617' title='bbox 2286 3774 2343 3827; x_wconf 88' lang='grc' dir='ltr'>ὲν</span> <span class='ocrx_word' id='word_1_618' title='bbox 2389 3772 2537 3845; x_wconf 76' lang='grc' dir='ltr'>πάσῃ</span> <span class='ocrx_word' id='word_1_619' title='bbox 2573 3776 2640 3845; x_wconf 80' lang='grc' dir='ltr'>τῇ</span> <span class='ocrx_word' id='word_1_620' title='bbox 2671 3777 2742 3845; x_wconf 77' lang='grc' dir='ltr'>γῇ</span> <span class='ocrx_word' id='word_1_621' title='bbox 2773 3773 3107 3846; x_wconf 83' lang='grc' dir='ltr'>κληθήσεται</span> <span class='ocrx_word' id='word_1_622' title='bbox 3150 3776 3179 3828; x_wconf 94' lang='lat'><strong>6</strong></span> <span class='ocrx_word' id='word_1_623' title='bbox 3215 3776 3520 3846; x_wconf 76' lang='grc' dir='ltr'>ῥυσάμενος</span> <span class='ocrx_word' id='word_1_624' title='bbox 3562 3775 3740 3846; x_wconf 75' lang='grc' dir='ltr'>ἡμᾶς.</span> 
     </span>
    </p>
   </div>
   <div class='ocr_carea' id='block_1_84' title="bbox 2151 3865 3740 3937">
    <p class='ocr_par' dir='ltr' id='par_1_84' title="bbox 2151 3865 3740 3937">
     <span class='ocr_line' id='line_1_84' title="bbox 2151 3865 3740 3937; baseline 0.001 -20"><span class='ocrx_word' id='word_1_625' title='bbox 2151 3865 2247 3917; x_wconf 72' lang='grc' dir='ltr'><strong>καὶ</strong></span> <span class='ocrx_word' id='word_1_626' title='bbox 2292 3866 2391 3936; x_wconf 85' lang='grc' dir='ltr'><strong>τῆς</strong></span> <span class='ocrx_word' id='word_1_627' title='bbox 2438 3865 2530 3919; x_wconf 86' lang='grc' dir='ltr'><strong>τοῦ</strong></span> <span class='ocrx_word' id='word_1_628' title='bbox 2577 3865 2824 3919; x_wconf 80' lang='grc' dir='ltr'>διαϐόλου</span> <span class='ocrx_word' id='word_1_629' title='bbox 2866 3867 3185 3937; x_wconf 82' lang='grc' dir='ltr'>σκαιότητος</span> <span class='ocrx_word' id='word_1_630' title='bbox 3225 3865 3445 3931; x_wconf 80' lang='grc' dir='ltr'>ἐξελὼν,</span> <span class='ocrx_word' id='word_1_631' title='bbox 3479 3866 3576 3919; x_wconf 78' lang='grc' dir='ltr'>καὶ</span> <span class='ocrx_word' id='word_1_632' title='bbox 3624 3867 3740 3929; x_wconf 77' lang='grc' dir='ltr'>τοῖς</span> 
     </span>
    </p>
   </div>
   <div class='ocr_carea' id='block_1_85' title="bbox 2147 3956 3734 4031">
    <p class='ocr_par' dir='ltr' id='par_1_85' title="bbox 2147 3956 3734 4031">
     <span class='ocr_line' id='line_1_85' title="bbox 2147 3956 3734 4031; baseline 0.001 -22"><span class='ocrx_word' id='word_1_633' title='bbox 2147 3956 2295 4021; x_wconf 84' lang='grc' dir='ltr'>ἰδίοις</span> <span class='ocrx_word' id='word_1_634' title='bbox 2338 3959 2639 4031; x_wconf 79' lang='grc' dir='ltr'>σκήπτροις</span> <span class='ocrx_word' id='word_1_635' title='bbox 2677 3960 3014 4029; x_wconf 80' lang='grc' dir='ltr'>ὑπενεγκὼν.</span> <span class='ocrx_word' id='word_1_636' title='bbox 3046 3960 3158 4014; x_wconf 78' lang='grc' dir='ltr'><strong>Καὶ</strong></span> <span class='ocrx_word' id='word_1_637' title='bbox 3189 3958 3348 4012; x_wconf 88' lang='grc' dir='ltr'>τοῦτο</span> <span class='ocrx_word' id='word_1_638' title='bbox 3373 3957 3617 4012; x_wconf 75' lang='grc' dir='ltr'>διδάσκει</span> <span class='ocrx_word' id='word_1_639' title='bbox 3644 3956 3734 4010; x_wconf 82' lang='grc' dir='ltr'><strong>λέ-</strong></span> 
     </span>
    </p>
   </div>
   <div class='ocr_carea' id='block_1_86' title="bbox 2141 4048 3737 4122">
    <p class='ocr_par' dir='ltr' id='par_1_86' title="bbox 2141 4048 3737 4122">
     <span class='ocr_line' id='line_1_86' title="bbox 2141 4048 3737 4122; baseline -0.001 -19"><span class='ocrx_word' id='word_1_640' title='bbox 2141 4064 2255 4117; x_wconf 84' lang='grc' dir='ltr'><strong>γων</strong></span> <span class='ocrx_word' id='word_1_641' title='bbox 2281 4052 2309 4104; x_wconf 90' lang='lat'><strong>6</strong></span> <span class='ocrx_word' id='word_1_642' title='bbox 2340 4052 2610 4122; x_wconf 79' lang='grc' dir='ltr'>μακάριος</span> <span class='ocrx_word' id='word_1_643' title='bbox 2635 4052 2818 4111; x_wconf 76' lang='grc' dir='ltr'>Δαϐὶδ.</span> <span class='ocrx_word' id='word_1_644' title='bbox 2839 4053 2969 4105; x_wconf 86' lang='grc' dir='ltr'><strong>ποτέ</strong></span> <span class='ocrx_word' id='word_1_645' title='bbox 2996 4052 3212 4122; x_wconf 83' lang='grc' dir='ltr'>μὲν,ὅτι</span> <span class='ocrx_word' id='word_1_646' title='bbox 3242 4050 3460 4104; x_wconf 79' lang='grc' dir='ltr'>ιΠάντα</span> <span class='ocrx_word' id='word_1_647' title='bbox 3481 4048 3550 4102; x_wconf 83' lang='grc' dir='ltr'><strong>τά</strong></span> <span class='ocrx_word' id='word_1_648' title='bbox 3578 4050 3737 4117; x_wconf 71' lang='grc' dir='ltr'>ἔθνη,</span> 
     </span>
    </p>
   </div>
   <div class='ocr_carea' id='block_1_87' title="bbox 2141 4141 3739 4216">
    <p class='ocr_par' dir='ltr' id='par_1_87' title="bbox 2141 4141 3739 4216">
     <span class='ocr_line' id='line_1_87' title="bbox 2141 4141 3739 4216; baseline 0.001 -23"><span class='ocrx_word' id='word_1_649' title='bbox 2141 4143 2443 4213; x_wconf 83' lang='grc' dir='ltr'>κροτήσατε</span> <span class='ocrx_word' id='word_1_650' title='bbox 2488 4147 2710 4216; x_wconf 81' lang='grc' dir='ltr'>χεῖρας,</span> <span class='ocrx_word' id='word_1_651' title='bbox 2756 4144 3059 4209; x_wconf 79' lang='grc' dir='ltr'>άλαλάξατε</span> <span class='ocrx_word' id='word_1_652' title='bbox 3113 4143 3191 4215; x_wconf 83' lang='grc' dir='ltr'><strong>τῷ</strong></span> <span class='ocrx_word' id='word_1_653' title='bbox 3219 4143 3339 4214; x_wconf 81' lang='grc' dir='ltr'><strong>Θεῷ</strong></span> <span class='ocrx_word' id='word_1_654' title='bbox 3375 4141 3611 4197; x_wconf 67' lang='grc' dir='ltr'>Ἰακὼϐθ</span> <span class='ocrx_word' id='word_1_655' title='bbox 3654 4141 3739 4195; x_wconf 78' lang='grc' dir='ltr'><strong>δτι</strong></span> 
     </span>
    </p>
   </div>
   <div class='ocr_carea' id='block_1_88' title="bbox 451 4224 3723 4311">
    <p class='ocr_par' dir='ltr' id='par_1_88' title="bbox 451 4224 3723 4311">
     <span class='ocr_line' id='line_1_88' title="bbox 451 4224 3723 4311; baseline 0.003 -30"><span class='ocrx_word' id='word_1_656' title='bbox 451 4225 654 4297; x_wconf 79' lang='grc' dir='ltr'>Κύριος</span> <span class='ocrx_word' id='word_1_657' title='bbox 686 4225 931 4296; x_wconf 75' lang='grc' dir='ltr'>ὕψιστος,</span> <span class='ocrx_word' id='word_1_658' title='bbox 959 4224 1209 4297; x_wconf 72' lang='grc' dir='ltr'>φοϐερὸς,</span> <span class='ocrx_word' id='word_1_659' title='bbox 1240 4226 1494 4297; x_wconf 85' lang='grc' dir='ltr'>βασιλεὺς</span> <span class='ocrx_word' id='word_1_660' title='bbox 1533 4227 1709 4298; x_wconf 78' lang='grc' dir='ltr'>μέγας</span> <span class='ocrx_word' id='word_1_661' title='bbox 1772 4228 1866 4282; x_wconf 82' lang='grc' dir='ltr'>ἐπὶ</span> <span class='ocrx_word' id='word_1_662' title='bbox 1912 4232 2094 4286; x_wconf 80' lang='grc' dir='ltr'>πᾶσαν</span> <span class='ocrx_word' id='word_1_663' title='bbox 2127 4234 2225 4306; x_wconf 77' lang='grc' dir='ltr'>τὴν</span> <span class='ocrx_word' id='word_1_664' title='bbox 2258 4238 2391 4309; x_wconf 78' lang='grc' dir='ltr'>γῆν·</span> <span class='ocrx_word' id='word_1_665' title='bbox 2424 4257 2444 4290; x_wconf 83' lang='grc' dir='ltr'>ι</span> <span class='ocrx_word' id='word_1_666' title='bbox 2486 4241 2616 4293; x_wconf 79' lang='grc' dir='ltr'>ποτὲ</span> <span class='ocrx_word' id='word_1_667' title='bbox 2644 4239 2701 4293; x_wconf 80' lang='grc' dir='ltr'>δὲ</span> <span class='ocrx_word' id='word_1_668' title='bbox 2727 4240 2912 4305; x_wconf 87' lang='grc' dir='ltr'>πάλιν,</span> <span class='ocrx_word' id='word_1_669' title='bbox 2946 4257 2966 4293; x_wconf 80' lang='grc' dir='ltr'><strong>ι</strong></span> <span class='ocrx_word' id='word_1_670' title='bbox 3005 4239 3064 4295; x_wconf 89' lang='lat'><strong>&#39;0</strong></span> <span class='ocrx_word' id='word_1_671' title='bbox 3095 4239 3301 4311; x_wconf 76' lang='grc' dir='ltr'>Κύριος</span> <span class='ocrx_word' id='word_1_672' title='bbox 3347 4236 3723 4302; x_wconf 79' lang='grc' dir='ltr'>ἐϐασίλευσεν,</span> 
     </span>
    </p>
   </div>
   <div class='ocr_carea' id='block_1_89' title="bbox 450 4319 1044 4389">
    <p class='ocr_par' dir='ltr' id='par_1_89' title="bbox 450 4319 1044 4389">
     <span class='ocr_line' id='line_1_89' title="bbox 450 4319 1044 4389; baseline -0.005 -15"><span class='ocrx_word' id='word_1_673' title='bbox 450 4319 802 4389; x_wconf 76' lang='grc' dir='ltr'>ἁγαλλιάσθω</span> <span class='ocrx_word' id='word_1_674' title='bbox 832 4321 865 4389; x_wconf 86' lang='grc' dir='ltr'><strong>ἠ</strong></span> <span class='ocrx_word' id='word_1_675' title='bbox 899 4321 992 4389; x_wconf 78' lang='grc' dir='ltr'><strong>γῆ.</strong></span> <span class='ocrx_word' id='word_1_676' title='bbox 1023 4336 1044 4371; x_wconf 78' lang='grc' dir='ltr'>ι</span> 
     </span>
    </p>
   </div>
   <div class='ocr_carea' id='block_1_90' title="bbox 521 4383 2035 4487">
    <p class='ocr_par' dir='ltr' id='par_1_90' title="bbox 521 4383 2034 4475">
     <span class='ocr_line' id='line_1_90' title="bbox 521 4383 2034 4475; baseline -0.001 -8"><span class='ocrx_word' id='word_1_677' title='bbox 521 4407 687 4467; x_wconf 72' lang='lat' dir='ltr'><strong>Vens.</strong></span> <span class='ocrx_word' id='word_1_678' title='bbox 735 4383 864 4464; x_wconf 51' lang='lat'><strong>6-8:</strong></span> <span class='ocrx_word' id='word_1_679' title='bbox 913 4383 1041 4460; x_wconf 62' lang='lat' dir='ltr'><strong>Non</strong></span> <span class='ocrx_word' id='word_1_680' title='bbox 1097 4405 1250 4475; x_wconf 82' lang='lat' dir='ltr'><strong>quasi</strong></span> <span class='ocrx_word' id='word_1_681' title='bbox 1306 4406 1578 4461; x_wconf 77' lang='lat' dir='ltr'><strong>mulierem</strong></span> <span class='ocrx_word' id='word_1_682' title='bbox 1631 4407 1932 4463; x_wconf 78' lang='lat' dir='ltr'><strong>derelictam</strong></span> <span class='ocrx_word' id='word_1_683' title='bbox 1982 4420 2034 4465; x_wconf 78' lang='lat' dir='ltr'><strong>et</strong></span> 
     </span>
    </p>
   </div>
   <div class='ocr_carea' id='block_1_91' title="bbox 2138 4383 3736 4487">
    <p class='ocr_par' dir='ltr' id='par_1_91' title="bbox 2214 4383 3736 4487">
     <span class='ocr_line' id='line_1_91' title="bbox 2214 4383 3736 4487; baseline 0.004 -20"><span class='ocrx_word' id='word_1_684' title='bbox 2214 4415 2340 4484; x_wconf 78' lang='grc' dir='ltr'><strong>Οὐχ</strong></span> <span class='ocrx_word' id='word_1_685' title='bbox 2386 4417 2468 4483; x_wconf 75' lang='grc' dir='ltr'>ὡς</span> <span class='ocrx_word' id='word_1_686' title='bbox 2500 4416 2757 4487; x_wconf 77' lang='grc' dir='ltr'>γυναῖκα</span> <span class='ocrx_word' id='word_1_687' title='bbox 2803 4383 3432 4487; x_wconf 65' lang='grc' dir='ltr'>ἐγκαταλελειμμένην</span> <span class='ocrx_word' id='word_1_688' title='bbox 3464 4416 3564 4470; x_wconf 82' lang='grc' dir='ltr'><strong>καί</strong></span> <span class='ocrx_word' id='word_1_689' title='bbox 3609 4420 3736 4474; x_wconf 70' lang='grc' dir='ltr'><strong>ὀλι-</strong></span> 
     </span>
    </p>
   </div>
   <div class='ocr_carea' id='block_1_92' title="bbox 448 4497 2038 4570">
    <p class='ocr_par' dir='ltr' id='par_1_92' title="bbox 448 4497 2038 4570">
     <span class='ocr_line' id='line_1_92' title="bbox 448 4497 2038 4570; baseline 0.004 -21"><span class='ocrx_word' id='word_1_690' title='bbox 448 4501 839 4568; x_wconf 71' lang='grc' dir='ltr'><strong>ιιιιιὶίίοιιὶηιριιι</strong></span> <span class='ocrx_word' id='word_1_691' title='bbox 862 4500 1058 4554; x_wconf 75' lang='lat' dir='ltr'><strong>vocarit</strong></span> <span class='ocrx_word' id='word_1_692' title='bbox 1080 4509 1128 4552; x_wconf 87' lang='lat' dir='ltr'><strong>te</strong></span> <span class='ocrx_word' id='word_1_693' title='bbox 1151 4497 1404 4553; x_wconf 77' lang='lat' dir='ltr'><strong>Dominus</strong></span> <span class='ocrx_word' id='word_1_694' title='bbox 1427 4515 1448 4554; x_wconf 88' lang='lat'><strong><em>:</em></strong></span> <span class='ocrx_word' id='word_1_695' title='bbox 1476 4516 1568 4553; x_wconf 79' lang='lat' dir='ltr'><strong>nec</strong></span> <span class='ocrx_word' id='word_1_696' title='bbox 1591 4501 1745 4570; x_wconf 85' lang='lat' dir='ltr'><strong>quasi</strong></span> <span class='ocrx_word' id='word_1_697' title='bbox 1768 4503 2038 4556; x_wconf 78' lang='lat' dir='ltr'><strong>mulierem</strong></span> 
     </span>
    </p>
   </div>
   <div class='ocr_carea' id='block_1_93' title="bbox 450 4591 2039 4665">
    <p class='ocr_par' dir='ltr' id='par_1_93' title="bbox 450 4591 2039 4665">
     <span class='ocr_line' id='line_1_93' title="bbox 450 4591 2039 4665; baseline 0.003 -21"><span class='ocrx_word' id='word_1_698' title='bbox 450 4614 480 4644; x_wconf 80' lang='grc' dir='ltr'><strong>α</strong></span> <span class='ocrx_word' id='word_1_699' title='bbox 508 4592 790 4662; x_wconf 80' lang='lat' dir='ltr'><strong>jurentttte</strong></span> <span class='ocrx_word' id='word_1_700' title='bbox 823 4592 945 4646; x_wconf 81' lang='lat' dir='ltr'><strong>odio</strong></span> <span class='ocrx_word' id='word_1_701' title='bbox 979 4592 1239 4657; x_wconf 71' lang='lat' dir='ltr'><strong>habitam,</strong></span> <span class='ocrx_word' id='word_1_702' title='bbox 1268 4591 1403 4647; x_wconf 71' lang='lat' dir='ltr'><strong>dixit</strong></span> <span class='ocrx_word' id='word_1_703' title='bbox 1443 4592 1578 4646; x_wconf 84' lang='lat' dir='ltr'><strong>Deus</strong></span> <span class='ocrx_word' id='word_1_704' title='bbox 1616 4604 1761 4647; x_wconf 81' lang='lat' dir='ltr'><strong>mus.</strong></span> <span class='ocrx_word' id='word_1_705' title='bbox 1790 4592 2039 4665; x_wconf 77' lang='lat' dir='ltr'><strong>Tempore</strong></span> 
     </span>
    </p>
   </div>
   <div class='ocr_carea' id='block_1_94' title="bbox 452 4682 2038 4757">
    <p class='ocr_par' dir='ltr' id='par_1_94' title="bbox 452 4682 2038 4757">
     <span class='ocr_line' id='line_1_94' title="bbox 452 4682 2038 4757; baseline 0.004 -22"><span class='ocrx_word' id='word_1_706' title='bbox 452 4683 657 4736; x_wconf 80' lang='lat' dir='ltr'><strong>modico</strong></span> <span class='ocrx_word' id='word_1_707' title='bbox 689 4682 944 4754; x_wconf 77' lang='lat' dir='ltr'><strong>dereliqui</strong></span> <span class='ocrx_word' id='word_1_708' title='bbox 978 4695 1047 4748; x_wconf 83' lang='lat' dir='ltr'><strong>te,</strong></span> <span class='ocrx_word' id='word_1_709' title='bbox 1075 4693 1125 4737; x_wconf 79' lang='lat' dir='ltr'><strong>et</strong></span> <span class='ocrx_word' id='word_1_710' title='bbox 1158 4701 1277 4738; x_wconf 82' lang='lat' dir='ltr'><strong>cum</strong></span> <span class='ocrx_word' id='word_1_711' title='bbox 1314 4686 1676 4741; x_wconf 74' lang='lat' dir='ltr'><strong>misericordia</strong></span> <span class='ocrx_word' id='word_1_712' title='bbox 1713 4703 1903 4757; x_wconf 80' lang='lat' dir='ltr'><strong>magno</strong></span> <span class='ocrx_word' id='word_1_713' title='bbox 1937 4688 2038 4741; x_wconf 78' lang='lat' dir='ltr'><strong>mi-</strong></span> 
     </span>
    </p>
   </div>
   <div class='ocr_carea' id='block_1_95' title="bbox 449 4772 2034 4846">
    <p class='ocr_par' dir='ltr' id='par_1_95' title="bbox 449 4772 2034 4846">
     <span class='ocr_line' id='line_1_95' title="bbox 449 4772 2034 4846; baseline 0.003 -17"><span class='ocrx_word' id='word_1_714' title='bbox 449 4775 659 4829; x_wconf 71' lang='lat' dir='ltr'><strong>serebor</strong></span> <span class='ocrx_word' id='word_1_715' title='bbox 686 4775 783 4828; x_wconf 79' lang='lat' dir='ltr'><strong>tui.</strong></span> <span class='ocrx_word' id='word_1_716' title='bbox 818 4772 914 4829; x_wconf 84' lang='lat' dir='ltr'><strong>Ira</strong></span> <span class='ocrx_word' id='word_1_717' title='bbox 946 4775 1085 4828; x_wconf 81' lang='lat' dir='ltr'><strong>brevi</strong></span> <span class='ocrx_word' id='word_1_718' title='bbox 1112 4778 1277 4829; x_wconf 78' lang='lat' dir='ltr'><strong>averti</strong></span> <span class='ocrx_word' id='word_1_719' title='bbox 1312 4776 1502 4846; x_wconf 78' lang='lat' dir='ltr'><strong>[aciem</strong></span> <span class='ocrx_word' id='word_1_720' title='bbox 1537 4794 1707 4832; x_wconf 86' lang='lat' dir='ltr'><strong>meam</strong></span> <span class='ocrx_word' id='word_1_721' title='bbox 1740 4797 1771 4833; x_wconf 81' lang='grc' dir='ltr'><strong>α</strong></span> <span class='ocrx_word' id='word_1_722' title='bbox 1806 4790 1875 4844; x_wconf 83' lang='lat' dir='ltr'><strong>te,</strong></span> <span class='ocrx_word' id='word_1_723' title='bbox 1901 4791 1949 4834; x_wconf 84' lang='lat' dir='ltr'><strong>et</strong></span> <span class='ocrx_word' id='word_1_724' title='bbox 1979 4781 2034 4833; x_wconf 84' lang='lat' dir='ltr'><strong>in</strong></span> 
     </span>
    </p>
   </div>
   <div class='ocr_carea' id='block_1_96' title="bbox 451 4866 2032 4940">
    <p class='ocr_par' dir='ltr' id='par_1_96' title="bbox 451 4866 2032 4940">
     <span class='ocr_line' id='line_1_96' title="bbox 451 4866 2032 4940; baseline 0.002 -21"><span class='ocrx_word' id='word_1_725' title='bbox 451 4866 814 4921; x_wconf 76' lang='lat' dir='ltr'><strong>misericordia</strong></span> <span class='ocrx_word' id='word_1_726' title='bbox 843 4871 1158 4937; x_wconf 76' lang='lat' dir='ltr'><strong>sempiterna</strong></span> <span class='ocrx_word' id='word_1_727' title='bbox 1186 4869 1468 4924; x_wconf 79' lang='lat' dir='ltr'><strong>miserebor</strong></span> <span class='ocrx_word' id='word_1_728' title='bbox 1494 4872 1590 4937; x_wconf 80' lang='lat' dir='ltr'><strong>tui,</strong></span> <span class='ocrx_word' id='word_1_729' title='bbox 1617 4872 1756 4924; x_wconf 70' lang='lat' dir='ltr'><strong>dixit</strong></span> <span class='ocrx_word' id='word_1_730' title='bbox 1781 4872 1870 4940; x_wconf 80' lang='lat' dir='ltr'><strong>qui</strong></span> <span class='ocrx_word' id='word_1_731' title='bbox 1894 4870 2032 4924; x_wconf 79' lang='lat' dir='ltr'><strong>eruit</strong></span> 
     </span>
    </p>
   </div>
   <div class='ocr_carea' id='block_1_97' title="bbox 448 4958 808 5015">
    <p class='ocr_par' dir='ltr' id='par_1_97' title="bbox 448 4958 808 5015">
     <span class='ocr_line' id='line_1_97' title="bbox 448 4958 808 5015; baseline 0 -2"><span class='ocrx_word' id='word_1_732' title='bbox 448 4971 501 5013; x_wconf 76' lang='lat' dir='ltr'><strong>te</strong></span> <span class='ocrx_word' id='word_1_733' title='bbox 532 4958 808 5015; x_wconf 75' lang='lat' dir='ltr'><strong>Dominus.</strong></span> 
     </span>
    </p>
   </div>
   <div class='ocr_carea' id='block_1_98' title="bbox 523 5048 2033 5126">
    <p class='ocr_par' dir='ltr' id='par_1_98' title="bbox 523 5048 2033 5126">
     <span class='ocr_line' id='line_1_98' title="bbox 523 5048 2033 5126; baseline 0.002 -20"><span class='ocrx_word' id='word_1_734' title='bbox 523 5048 675 5106; x_wconf 83' lang='lat' dir='ltr'><strong>Solet</strong></span> <span class='ocrx_word' id='word_1_735' title='bbox 739 5051 1021 5121; x_wconf 84' lang='lat' dir='ltr'><strong>Scriptura</strong></span> <span class='ocrx_word' id='word_1_736' title='bbox 1085 5055 1344 5109; x_wconf 89' lang='lat' dir='ltr'><strong>divinitus</strong></span> <span class='ocrx_word' id='word_1_737' title='bbox 1399 5055 1661 5126; x_wconf 83' lang='lat' dir='ltr'><strong>inspirata</strong></span> <span class='ocrx_word' id='word_1_738' title='bbox 1717 5053 2033 5110; x_wconf 75' lang='lat' dir='ltr'><strong>derelictam</strong></span> 
     </span>
    </p>
   </div>
   <div class='ocr_carea' id='block_1_99' title="bbox 453 5142 2033 5218">
    <p class='ocr_par' dir='ltr' id='par_1_99' title="bbox 453 5142 2033 5218">
     <span class='ocr_line' id='line_1_99' title="bbox 453 5142 2033 5218; baseline 0.004 -22"><span class='ocrx_word' id='word_1_739' title='bbox 453 5142 756 5210; x_wconf 79' lang='lat' dir='ltr'><strong>mulierem,</strong></span> <span class='ocrx_word' id='word_1_740' title='bbox 791 5146 1060 5216; x_wconf 88' lang='lat' dir='ltr'><strong>aliquibus</strong></span> <span class='ocrx_word' id='word_1_741' title='bbox 1094 5147 1160 5202; x_wconf 89' lang='lat' dir='ltr'><strong>de</strong></span> <span class='ocrx_word' id='word_1_742' title='bbox 1196 5148 1377 5203; x_wconf 75' lang='lat' dir='ltr'><strong>causis</strong></span> <span class='ocrx_word' id='word_1_743' title='bbox 1417 5148 1704 5216; x_wconf 83' lang='lat' dir='ltr'><strong>abjectam,</strong></span> <span class='ocrx_word' id='word_1_744' title='bbox 1737 5146 2033 5218; x_wconf 81' lang='lat' dir='ltr'><strong>appellare.</strong></span> 
     </span>
    </p>
   </div>
   <div class='ocr_carea' id='block_1_100' title="bbox 452 5235 2033 5309">
    <p class='ocr_par' dir='ltr' id='par_1_100' title="bbox 452 5235 2033 5309">
     <span class='ocr_line' id='line_1_100' title="bbox 452 5235 2033 5309; baseline 0.005 -23"><span class='ocrx_word' id='word_1_745' title='bbox 452 5235 537 5287; x_wconf 83' lang='lat' dir='ltr'><strong>cui</strong></span> <span class='ocrx_word' id='word_1_746' title='bbox 573 5235 689 5306; x_wconf 83' lang='lat' dir='ltr'><strong>lege</strong></span> <span class='ocrx_word' id='word_1_747' title='bbox 723 5236 958 5294; x_wconf 78' lang='lat' dir='ltr'><strong>Mosaica</strong></span> <span class='ocrx_word' id='word_1_748' title='bbox 1013 5238 1224 5295; x_wconf 83' lang='lat' dir='ltr'><strong>libellus</strong></span> <span class='ocrx_word' id='word_1_749' title='bbox 1260 5239 1465 5309; x_wconf 85' lang='lat' dir='ltr'><strong>repudii</strong></span> <span class='ocrx_word' id='word_1_750' title='bbox 1498 5239 1657 5294; x_wconf 88' lang='lat' dir='ltr'><strong>datus</strong></span> <span class='ocrx_word' id='word_1_751' title='bbox 1691 5247 1773 5294; x_wconf 85' lang='lat' dir='ltr'><strong>est</strong></span> <span class='ocrx_word' id='word_1_752' title='bbox 1813 5240 1882 5293; x_wconf 91' lang='lat' dir='ltr'><strong>ab</strong></span> <span class='ocrx_word' id='word_1_753' title='bbox 1914 5238 2033 5308; x_wconf 86' lang='lat' dir='ltr'><strong>ejus</strong></span> 
     </span>
    </p>
   </div>
   <div class='ocr_carea' id='block_1_101' title="bbox 451 5324 2033 5401">
    <p class='ocr_par' dir='ltr' id='par_1_101' title="bbox 451 5324 2033 5401">
     <span class='ocr_line' id='line_1_101' title="bbox 451 5324 2033 5401; baseline 0.007 -25"><span class='ocrx_word' id='word_1_754' title='bbox 451 5324 715 5396; x_wconf 83' lang='lat' dir='ltr'><strong>conjuge,</strong></span> <span class='ocrx_word' id='word_1_755' title='bbox 761 5330 888 5384; x_wconf 90' lang='lat' dir='ltr'><strong>odio</strong></span> <span class='ocrx_word' id='word_1_756' title='bbox 941 5331 1177 5386; x_wconf 82' lang='lat' dir='ltr'><strong>habita-tn</strong></span> <span class='ocrx_word' id='word_1_757' title='bbox 1233 5347 1446 5398; x_wconf 82' lang='lat' dir='ltr'><strong>rursus,</strong></span> <span class='ocrx_word' id='word_1_758' title='bbox 1493 5332 1560 5386; x_wconf 90' lang='lat' dir='ltr'><strong>de</strong></span> <span class='ocrx_word' id='word_1_759' title='bbox 1602 5331 1935 5401; x_wconf 87' lang='lat' dir='ltr'><strong>turpitudine</strong></span> <span class='ocrx_word' id='word_1_760' title='bbox 1977 5343 2033 5387; x_wconf 84' lang='lat' dir='ltr'><strong>et</strong></span> 
     </span>
    </p>
   </div>
   <div class='ocr_carea' id='block_1_102' title="bbox 453 5416 2029 5489">
    <p class='ocr_par' dir='ltr' id='par_1_102' title="bbox 453 5416 2029 5489">
     <span class='ocr_line' id='line_1_102' title="bbox 453 5416 2029 5489; baseline 0.006 -22"><span class='ocrx_word' id='word_1_761' title='bbox 453 5416 672 5471; x_wconf 77' lang='lat' dir='ltr'><strong>levitate</strong></span> <span class='ocrx_word' id='word_1_762' title='bbox 695 5422 817 5473; x_wconf 81' lang='lat' dir='ltr'><strong>vitae</strong></span> <span class='ocrx_word' id='word_1_763' title='bbox 847 5421 1356 5480; x_wconf 79' lang='lat' dir='ltr'><strong>insimulatam.Coi</strong></span> <span class='ocrx_word' id='word_1_764' title='bbox 1387 5424 1551 5479; x_wconf 87' lang='lat' dir='ltr'><strong>etiam</strong></span> <span class='ocrx_word' id='word_1_765' title='bbox 1580 5425 1835 5478; x_wconf 86' lang='lat' dir='ltr'><strong>convenit</strong></span> <span class='ocrx_word' id='word_1_766' title='bbox 1864 5425 2029 5489; x_wconf 87' lang='lat' dir='ltr'><strong>pusil-</strong></span> 
     </span>
    </p>
   </div>
   <div class='ocr_carea' id='block_1_103' title="bbox 2144 4508 3736 4579">
    <p class='ocr_par' dir='ltr' id='par_1_103' title="bbox 2144 4508 3736 4579">
     <span class='ocr_line' id='line_1_103' title="bbox 2144 4508 3736 4579; baseline 0.004 -20"><span class='ocrx_word' id='word_1_767' title='bbox 2144 4508 2421 4577; x_wconf 69' lang='grc' dir='ltr'>γόψυχον</span> <span class='ocrx_word' id='word_1_768' title='bbox 2450 4508 2712 4577; x_wconf 76' lang='grc' dir='ltr'>κέκληκέ</span> <span class='ocrx_word' id='word_1_769' title='bbox 2739 4525 2813 4563; x_wconf 75' lang='grc' dir='ltr'><strong>σε</strong></span> <span class='ocrx_word' id='word_1_770' title='bbox 2838 4511 3072 4579; x_wconf 81' lang='grc' dir='ltr'>Κύριος,</span> <span class='ocrx_word' id='word_1_771' title='bbox 3098 4508 3241 4563; x_wconf 83' lang='grc' dir='ltr'>οὐδὲ</span> <span class='ocrx_word' id='word_1_772' title='bbox 3263 4509 3345 4574; x_wconf 82' lang='grc' dir='ltr'>ὠς</span> <span class='ocrx_word' id='word_1_773' title='bbox 3377 4508 3637 4577; x_wconf 76' lang='grc' dir='ltr'>γυναῖκα</span> <span class='ocrx_word' id='word_1_774' title='bbox 3666 4512 3736 4565; x_wconf 80' lang='grc' dir='ltr'><strong>ἐκ</strong></span> 
     </span>
    </p>
   </div>
   <div class='ocr_carea' id='block_1_104' title="bbox 2138 4596 3737 4669">
    <p class='ocr_par' dir='ltr' id='par_1_104' title="bbox 2138 4596 3737 4669">
     <span class='ocr_line' id='line_1_104' title="bbox 2138 4596 3737 4669; baseline 0.002 -18"><span class='ocrx_word' id='word_1_775' title='bbox 2138 4598 2423 4666; x_wconf 74' lang='grc' dir='ltr'>νεότητος</span> <span class='ocrx_word' id='word_1_776' title='bbox 2444 4599 2885 4669; x_wconf 75' lang='grc' dir='ltr'>μεμισημένην,</span> <span class='ocrx_word' id='word_1_777' title='bbox 2915 4596 3086 4652; x_wconf 76' lang='grc' dir='ltr'>εἶπεν</span> <span class='ocrx_word' id='word_1_778' title='bbox 3109 4601 3143 4652; x_wconf 80' lang='grc' dir='ltr'><em>ό</em></span> <span class='ocrx_word' id='word_1_779' title='bbox 3169 4598 3333 4663; x_wconf 79' lang='grc' dir='ltr'>Θεός·</span> <span class='ocrx_word' id='word_1_780' title='bbox 3368 4598 3604 4667; x_wconf 81' lang='grc' dir='ltr'><strong>Χρόνον</strong></span> <span class='ocrx_word' id='word_1_781' title='bbox 3637 4618 3737 4669; x_wconf 80' lang='grc' dir='ltr'>μι-</span> 
     </span>
    </p>
   </div>
   <div class='ocr_carea' id='block_1_105' title="bbox 2138 4686 3734 4757">
    <p class='ocr_par' dir='ltr' id='par_1_105' title="bbox 2138 4686 3734 4757">
     <span class='ocr_line' id='line_1_105' title="bbox 2138 4686 3734 4757; baseline 0.003 -17"><span class='ocrx_word' id='word_1_782' title='bbox 2138 4688 2287 4755; x_wconf 79' lang='grc' dir='ltr'>κρὸν</span> <span class='ocrx_word' id='word_1_783' title='bbox 2331 4689 2655 4741; x_wconf 72' lang='grc' dir='ltr'>κατέλιπον</span> <span class='ocrx_word' id='word_1_784' title='bbox 2705 4704 2814 4752; x_wconf 84' lang='grc' dir='ltr'><strong>σε,</strong></span> <span class='ocrx_word' id='word_1_785' title='bbox 2864 4690 2964 4743; x_wconf 82' lang='grc' dir='ltr'><strong>καί</strong></span> <span class='ocrx_word' id='word_1_786' title='bbox 3006 4688 3158 4757; x_wconf 79' lang='grc' dir='ltr'>μετὰ</span> <span class='ocrx_word' id='word_1_787' title='bbox 3200 4686 3416 4753; x_wconf 72' lang='grc' dir='ltr'>ἐλέους</span> <span class='ocrx_word' id='word_1_788' title='bbox 3458 4688 3734 4757; x_wconf 66' lang='grc' dir='ltr'>μεγάλου</span> 
     </span>
    </p>
   </div>
   <div class='ocr_carea' id='block_1_106' title="bbox 2135 4778 3735 4851">
    <p class='ocr_par' dir='ltr' id='par_1_106' title="bbox 2135 4778 3735 4851">
     <span class='ocr_line' id='line_1_106' title="bbox 2135 4778 3735 4851; baseline -0.003 -16"><span class='ocrx_word' id='word_1_789' title='bbox 2135 4781 2370 4850; x_wconf 57' lang='lat' dir='ltr'><strong>Aleriae:</strong></span> <span class='ocrx_word' id='word_1_790' title='bbox 2404 4797 2497 4835; x_wconf 88' lang='grc' dir='ltr'>σε.</span> <span class='ocrx_word' id='word_1_791' title='bbox 2516 4782 2614 4834; x_wconf 68' lang='grc' dir='ltr'><strong>Ἐν·</strong></span> <span class='ocrx_word' id='word_1_792' title='bbox 2653 4779 2821 4851; x_wconf 74' lang='grc' dir='ltr'>θυμῷ</span> <span class='ocrx_word' id='word_1_793' title='bbox 2852 4780 3044 4851; x_wconf 80' lang='grc' dir='ltr'>μικρῷ</span> <span class='ocrx_word' id='word_1_794' title='bbox 3069 4778 3426 4847; x_wconf 68' lang='grc' dir='ltr'>ἀπέστρεψα</span> <span class='ocrx_word' id='word_1_795' title='bbox 3454 4779 3521 4832; x_wconf 88' lang='grc' dir='ltr'>τὸ</span> <span class='ocrx_word' id='word_1_796' title='bbox 3546 4781 3735 4849; x_wconf 80' lang='grc' dir='ltr'>πρόσ-</span> 
     </span>
    </p>
   </div>
   <div class='ocr_carea' id='block_1_107' title="bbox 2136 4870 3731 4943">
    <p class='ocr_par' dir='ltr' id='par_1_107' title="bbox 2136 4870 3731 4943">
     <span class='ocr_line' id='line_1_107' title="bbox 2136 4870 3731 4943; baseline -0.001 -16"><span class='ocrx_word' id='word_1_797' title='bbox 2136 4873 2301 4927; x_wconf 78' lang='grc' dir='ltr'>ωπόν</span> <span class='ocrx_word' id='word_1_798' title='bbox 2341 4889 2459 4943; x_wconf 87' lang='grc' dir='ltr'><strong>μου</strong></span> <span class='ocrx_word' id='word_1_799' title='bbox 2503 4872 2622 4928; x_wconf 78' lang='grc' dir='ltr'>ἀπὸ</span> <span class='ocrx_word' id='word_1_800' title='bbox 2664 4873 2803 4938; x_wconf 86' lang='grc' dir='ltr'>σοῦ,</span> <span class='ocrx_word' id='word_1_801' title='bbox 2834 4873 2932 4927; x_wconf 80' lang='grc' dir='ltr'><strong>καί</strong></span> <span class='ocrx_word' id='word_1_802' title='bbox 2961 4874 3033 4927; x_wconf 79' lang='grc' dir='ltr'>ἐν</span> <span class='ocrx_word' id='word_1_803' title='bbox 3069 4871 3224 4926; x_wconf 74' lang='grc' dir='ltr'>ἐλέει</span> <span class='ocrx_word' id='word_1_804' title='bbox 3252 4870 3472 4935; x_wconf 75' lang='grc' dir='ltr'>αἰωνίῳ</span> <span class='ocrx_word' id='word_1_805' title='bbox 3494 4870 3731 4937; x_wconf 67' lang='grc' dir='ltr'>ἐλεήσει</span> 
     </span>
    </p>
   </div>
   <div class='ocr_carea' id='block_1_108' title="bbox 2139 4959 3249 5032">
    <p class='ocr_par' dir='ltr' id='par_1_108' title="bbox 2139 4959 3249 5032">
     <span class='ocr_line' id='line_1_108' title="bbox 2139 4959 3249 5032; baseline 0.001 -15"><span class='ocrx_word' id='word_1_806' title='bbox 2139 4978 2235 5026; x_wconf 83' lang='grc' dir='ltr'><strong>σε,</strong></span> <span class='ocrx_word' id='word_1_807' title='bbox 2265 4959 2436 5017; x_wconf 70' lang='grc' dir='ltr'>εἶπεν</span> <span class='ocrx_word' id='word_1_808' title='bbox 2470 4965 2501 5017; x_wconf 78' lang='grc' dir='ltr'><em>ό</em></span> <span class='ocrx_word' id='word_1_809' title='bbox 2526 4961 2872 5032; x_wconf 82' lang='grc' dir='ltr'>ρυσάμενός</span> <span class='ocrx_word' id='word_1_810' title='bbox 2900 4978 2980 5018; x_wconf 85' lang='grc' dir='ltr'><strong>σε</strong></span> <span class='ocrx_word' id='word_1_811' title='bbox 3012 4964 3249 5032; x_wconf 75' lang='grc' dir='ltr'>Κύριος.</span> 
     </span>
    </p>
   </div>
   <div class='ocr_carea' id='block_1_109' title="bbox 2215 5054 3728 5129">
    <p class='ocr_par' dir='ltr' id='par_1_109' title="bbox 2215 5054 3728 5129">
     <span class='ocr_line' id='line_1_109' title="bbox 2215 5054 3728 5129; baseline -0.001 -20"><span class='ocrx_word' id='word_1_812' title='bbox 2215 5054 2376 5119; x_wconf 84' lang='grc' dir='ltr'>Ἔθος</span> <span class='ocrx_word' id='word_1_813' title='bbox 2400 5058 2465 5126; x_wconf 83' lang='grc' dir='ltr'><strong>τῇ</strong></span> <span class='ocrx_word' id='word_1_814' title='bbox 2499 5054 2844 5128; x_wconf 79' lang='grc' dir='ltr'>θεοπνεύστῳ</span> <span class='ocrx_word' id='word_1_815' title='bbox 2870 5056 3059 5128; x_wconf 78' lang='grc' dir='ltr'>Γραφῇ</span> <span class='ocrx_word' id='word_1_816' title='bbox 3090 5056 3596 5129; x_wconf 73' lang='grc' dir='ltr'>καταλελειμμένην</span> <span class='ocrx_word' id='word_1_817' title='bbox 3629 5072 3728 5125; x_wconf 80' lang='grc' dir='ltr'>γυ-</span> 
     </span>
    </p>
   </div>
   <div class='ocr_carea' id='block_1_110' title="bbox 2141 5149 3723 5222">
    <p class='ocr_par' dir='ltr' id='par_1_110' title="bbox 2141 5149 3723 5222">
     <span class='ocr_line' id='line_1_110' title="bbox 2141 5149 3723 5222; baseline -0.001 -19"><span class='ocrx_word' id='word_1_818' title='bbox 2141 5151 2305 5203; x_wconf 78' lang='grc' dir='ltr'>ναῖκα</span> <span class='ocrx_word' id='word_1_819' title='bbox 2329 5150 2430 5218; x_wconf 78' lang='grc' dir='ltr'>τὴν</span> <span class='ocrx_word' id='word_1_820' title='bbox 2456 5149 2548 5202; x_wconf 82' lang='grc' dir='ltr'><strong>ἐπί</strong></span> <span class='ocrx_word' id='word_1_821' title='bbox 2570 5165 2712 5203; x_wconf 86' lang='grc' dir='ltr'>τισιν</span> <span class='ocrx_word' id='word_1_822' title='bbox 2737 5149 2937 5214; x_wconf 83' lang='grc' dir='ltr'>αἰτίαις</span> <span class='ocrx_word' id='word_1_823' title='bbox 2964 5149 3377 5222; x_wconf 78' lang='grc' dir='ltr'>ἐκϐεϐλημένην</span> <span class='ocrx_word' id='word_1_824' title='bbox 3405 5149 3723 5207; x_wconf 75' lang='grc' dir='ltr'>ἀποκαλεῖν.</span> 
     </span>
    </p>
   </div>
   <div class='ocr_carea' id='block_1_111' title="bbox 2140 5232 3723 5312">
    <p class='ocr_par' dir='ltr' id='par_1_111' title="bbox 2140 5232 3723 5312">
     <span class='ocr_line' id='line_1_111' title="bbox 2140 5232 3723 5312; baseline -0.001 -20"><span class='ocrx_word' id='word_1_825' title='bbox 2140 5232 2641 5312; x_wconf 77' lang='grc' dir='ltr'>ᾖπροσερρίπτετο</span> <span class='ocrx_word' id='word_1_826' title='bbox 2694 5238 2835 5293; x_wconf 83' lang='grc' dir='ltr'>κατὰ</span> <span class='ocrx_word' id='word_1_827' title='bbox 2879 5240 2972 5294; x_wconf 80' lang='grc' dir='ltr'>τὸν</span> <span class='ocrx_word' id='word_1_828' title='bbox 3004 5240 3246 5305; x_wconf 81' lang='grc' dir='ltr'>Μωσέως</span> <span class='ocrx_word' id='word_1_829' title='bbox 3294 5240 3459 5311; x_wconf 84' lang='grc' dir='ltr'>νόμον</span> <span class='ocrx_word' id='word_1_830' title='bbox 3504 5240 3600 5293; x_wconf 77' lang='grc' dir='ltr'>καὶ</span> <span class='ocrx_word' id='word_1_831' title='bbox 3642 5238 3723 5311; x_wconf 84' lang='grc' dir='ltr'><strong>βι-</strong></span> 
     </span>
    </p>
   </div>
   <div class='ocr_carea' id='block_1_112' title="bbox 2140 5332 3723 5405">
    <p class='ocr_par' dir='ltr' id='par_1_112' title="bbox 2140 5332 3723 5405">
     <span class='ocr_line' id='line_1_112' title="bbox 2140 5332 3723 5405; baseline 0.001 -21"><span class='ocrx_word' id='word_1_832' title='bbox 2140 5332 2286 5387; x_wconf 79' lang='grc' dir='ltr'>ϐλίον</span> <span class='ocrx_word' id='word_1_833' title='bbox 2322 5333 2654 5387; x_wconf 87' lang='grc' dir='ltr'>ἀποστασίου</span> <span class='ocrx_word' id='word_1_834' title='bbox 2704 5333 2855 5404; x_wconf 73' lang='grc' dir='ltr'>παρὰ</span> <span class='ocrx_word' id='word_1_835' title='bbox 2900 5333 2993 5387; x_wconf 83' lang='grc' dir='ltr'><strong>τοῦ</strong></span> <span class='ocrx_word' id='word_1_836' title='bbox 3034 5332 3412 5397; x_wconf 82' lang='grc' dir='ltr'>συνοικοῦντος</span> <span class='ocrx_word' id='word_1_837' title='bbox 3438 5334 3599 5405; x_wconf 77' lang='grc' dir='ltr'>αὐτῇ,</span> <span class='ocrx_word' id='word_1_838' title='bbox 3629 5349 3723 5403; x_wconf 84' lang='grc' dir='ltr'>με·</span> 
     </span>
    </p>
   </div>
   <div class='ocr_carea' id='block_1_113' title="bbox 2141 5425 3717 5498">
    <p class='ocr_par' dir='ltr' id='par_1_113' title="bbox 2141 5425 3717 5498">
     <span class='ocr_line' id='line_1_113' title="bbox 2141 5425 3717 5498; baseline 0.001 -20"><span class='ocrx_word' id='word_1_839' title='bbox 2141 5426 2450 5497; x_wconf 83' lang='grc' dir='ltr'>μισημένην</span> <span class='ocrx_word' id='word_1_840' title='bbox 2487 5426 2547 5480; x_wconf 78' lang='grc' dir='ltr'>δὲ</span> <span class='ocrx_word' id='word_1_841' title='bbox 2588 5425 2751 5481; x_wconf 76' lang='grc' dir='ltr'>πάλιν</span> <span class='ocrx_word' id='word_1_842' title='bbox 2802 5426 2890 5480; x_wconf 81' lang='grc' dir='ltr'><strong>ἐπ’</strong></span> <span class='ocrx_word' id='word_1_843' title='bbox 2916 5427 3157 5498; x_wconf 76' lang='grc' dir='ltr'>ἀκοσμίᾳ</span> <span class='ocrx_word' id='word_1_844' title='bbox 3203 5426 3301 5480; x_wconf 79' lang='grc' dir='ltr'>καὶ</span> <span class='ocrx_word' id='word_1_845' title='bbox 3345 5426 3569 5496; x_wconf 80' lang='grc' dir='ltr'>ἀσέμνῳ</span> <span class='ocrx_word' id='word_1_846' title='bbox 3610 5425 3717 5493; x_wconf 76' lang='grc' dir='ltr'>ζωῇ</span> 
     </span>
    </p>
   </div>
   <div class='ocr_carea' id='block_1_114' title="bbox 452 5511 2035 5594">
    <p class='ocr_par' dir='ltr' id='par_1_114' title="bbox 452 5511 2026 5594">
     <span class='ocr_line' id='line_1_114' title="bbox 452 5511 2026 5594; baseline 0.016 -30"><span class='ocrx_word' id='word_1_847' title='bbox 452 5511 770 5566; x_wconf 81' lang='lat' dir='ltr'><strong>lanimitatis</strong></span> <span class='ocrx_word' id='word_1_848' title='bbox 811 5517 1040 5587; x_wconf 88' lang='lat' dir='ltr'><strong>crimen,</strong></span> <span class='ocrx_word' id='word_1_849' title='bbox 1080 5531 1137 5575; x_wconf 85' lang='lat' dir='ltr'><strong>ut</strong></span> <span class='ocrx_word' id='word_1_850' title='bbox 1178 5535 1299 5592; x_wconf 70' lang='lat' dir='ltr'><strong>quae</strong></span> <span class='ocrx_word' id='word_1_851' title='bbox 1339 5523 1536 5578; x_wconf 77' lang='lat' dir='ltr'><strong>durare</strong></span> <span class='ocrx_word' id='word_1_852' title='bbox 1581 5537 1687 5576; x_wconf 82' lang='lat' dir='ltr'><strong>non</strong></span> <span class='ocrx_word' id='word_1_853' title='bbox 1730 5533 1936 5594; x_wconf 52' lang='lat' dir='ltr'><strong>posset.</strong></span> <span class='ocrx_word' id='word_1_854' title='bbox 1973 5534 2026 5576; x_wconf 79' lang='grc' dir='ltr'>ει</span> 
     </span>
    </p>
   </div>
   <div class='ocr_carea' id='block_1_115' title="bbox 2138 5511 3719 5594">
    <p class='ocr_par' dir='ltr' id='par_1_115' title="bbox 2138 5512 3719 5591">
     <span class='ocr_line' id='line_1_115' title="bbox 2138 5512 3719 5591; baseline -0.004 -19"><span class='ocrx_word' id='word_1_855' title='bbox 2138 5517 2592 5589; x_wconf 80' lang='grc' dir='ltr'>διαϐεϐλημένην,</span> <span class='ocrx_word' id='word_1_856' title='bbox 2632 5512 2817 5591; x_wconf 79' lang='grc' dir='ltr'>ᾞπερ</span> <span class='ocrx_word' id='word_1_857' title='bbox 2846 5518 2912 5573; x_wconf 79' lang='grc' dir='ltr'>ἂν</span> <span class='ocrx_word' id='word_1_858' title='bbox 2935 5518 3135 5588; x_wconf 79' lang='grc' dir='ltr'>πρέποι</span> <span class='ocrx_word' id='word_1_859' title='bbox 3160 5519 3256 5575; x_wconf 73' lang='grc' dir='ltr'>καὶ</span> <span class='ocrx_word' id='word_1_860' title='bbox 3274 5519 3337 5573; x_wconf 73' lang='grc' dir='ltr'>τὸ</span> <span class='ocrx_word' id='word_1_861' title='bbox 3350 5518 3450 5588; x_wconf 84' lang='grc' dir='ltr'>τῆς</span> <span class='ocrx_word' id='word_1_862' title='bbox 3472 5513 3719 5586; x_wconf 73' lang='grc' dir='ltr'>ὀλιγοψυ-</span> 
     </span>
    </p>
   </div>
   <div class='ocr_carea' id='block_1_116' title="bbox 452 5620 2035 5752">
    <p class='ocr_par' dir='ltr' id='par_1_116' title="bbox 452 5623 2029 5752">
     <span class='ocr_line' id='line_1_116' title="bbox 452 5623 2029 5726; baseline 0.011 -50"><span class='ocrx_word' id='word_1_863' title='bbox 452 5693 480 5726; x_wconf 50' lang='grc' dir='ltr'><strong>ι</strong></span> <span class='ocrx_word' id='word_1_864' title='bbox 524 5623 542 5656; x_wconf 76' lang='grc' dir='ltr'><strong>ί</strong></span> <span class='ocrx_word' id='word_1_865' title='bbox 574 5623 769 5679; x_wconf 75' lang='grc' dir='ltr'>Ειεείι.</span> <span class='ocrx_word' id='word_1_866' title='bbox 805 5643 876 5688; x_wconf 76' lang='lat' dir='ltr'><strong>xi.</strong></span> <span class='ocrx_word' id='word_1_867' title='bbox 909 5630 992 5687; x_wconf 72' lang='grc'><strong>19.</strong></span> <span class='ocrx_word' id='word_1_868' title='bbox 1069 5640 1090 5669; x_wconf 79' lang='lat'>&#39;</span> <span class='ocrx_word' id='word_1_869' title='bbox 1119 5637 1160 5692; x_wconf 88' lang='lat' dir='ltr'><strong>ll</strong></span> <span class='ocrx_word' id='word_1_870' title='bbox 1190 5638 1313 5697; x_wconf 83' lang='lat' dir='ltr'><strong>Cor.</strong></span> <span class='ocrx_word' id='word_1_871' title='bbox 1348 5654 1431 5695; x_wconf 87' lang='grc' dir='ltr'>ιιι.</span> <span class='ocrx_word' id='word_1_872' title='bbox 1467 5638 1549 5696; x_wconf 86' lang='lat' dir='ltr'><strong>l8.</strong></span> <span class='ocrx_word' id='word_1_873' title='bbox 1625 5639 1668 5670; x_wconf 79' lang='lat'><strong>&quot;</strong></span> <span class='ocrx_word' id='word_1_874' title='bbox 1694 5635 1829 5691; x_wconf 82' lang='lat' dir='ltr'><strong>Psal.</strong></span> <span class='ocrx_word' id='word_1_875' title='bbox 1862 5651 2029 5693; x_wconf 64' lang='grc' dir='ltr'><strong>μιν.</strong></span> 
     </span>
     <span class='ocr_line' id='line_1_117' title="bbox 508 5690 918 5752; baseline 0.002 -2"><span class='ocrx_word' id='word_1_876' title='bbox 508 5690 653 5751; x_wconf 80' lang='lat' dir='ltr'><strong>Psal.</strong></span> <span class='ocrx_word' id='word_1_877' title='bbox 687 5710 828 5752; x_wconf 73' lang='lat' dir='ltr'><strong>xcvi.</strong></span> <span class='ocrx_word' id='word_1_878' title='bbox 868 5698 918 5751; x_wconf 83' lang='lat' dir='ltr'><strong>l.</strong></span> 
     </span>
    </p>
   </div>
   <div class='ocr_carea' id='block_1_117' title="bbox 2138 5620 3713 5752">
    <p class='ocr_par' dir='ltr' id='par_1_117' title="bbox 2196 5620 3713 5696">
     <span class='ocr_line' id='line_1_118' title="bbox 2196 5620 3713 5696; baseline -0.006 -10"><span class='ocrx_word' id='word_1_879' title='bbox 2196 5633 2215 5664; x_wconf 81' lang='grc'><strong>³</strong></span> <span class='ocrx_word' id='word_1_880' title='bbox 2240 5629 2375 5686; x_wconf 79' lang='lat' dir='ltr'><strong>Rom</strong></span> <span class='ocrx_word' id='word_1_881' title='bbox 2407 5645 2532 5696; x_wconf 44' lang='grc' dir='ltr'>τινε</span> <span class='ocrx_word' id='word_1_882' title='bbox 2556 5627 2653 5693; x_wconf 84' lang='lat' dir='ltr'><strong>ll;</strong></span> <span class='ocrx_word' id='word_1_883' title='bbox 2697 5625 2888 5695; x_wconf 75' lang='lat' dir='ltr'><strong>Philip.</strong></span> <span class='ocrx_word' id='word_1_884' title='bbox 2916 5626 3083 5693; x_wconf 78' lang='grc' dir='ltr'>ιι,Η.</span> <span class='ocrx_word' id='word_1_885' title='bbox 3164 5626 3205 5658; x_wconf 80' lang='grc'><strong>⁸·</strong></span> <span class='ocrx_word' id='word_1_886' title='bbox 3231 5623 3372 5681; x_wconf 82' lang='lat' dir='ltr'><strong>Psal.</strong></span> <span class='ocrx_word' id='word_1_887' title='bbox 3410 5637 3555 5689; x_wconf 75' lang='lat' dir='ltr'><strong>lLYl,</strong></span> <span class='ocrx_word' id='word_1_888' title='bbox 3585 5620 3713 5688; x_wconf 73' lang='lat'><strong>9,3.</strong></span> 
     </span>
    </p>
   </div>
  </div>
