4042 6200
467 343 604 396 1⁸205

1454 343 1512 400 S.
1552 342 1829 398 CYRlLLl
1866 345 2333 402 ALEXASDRIM
2373 346 2692 403 ARCHIEP.

3589 344 3730 402 I201

466 456 604 512 brati
653 463 780 508 sunt
828 455 968 509 oculi
1022 469 1212 509 eorum
1263 469 1328 506 ne
1371 455 1619 520 videant,
1655 465 1710 511 et
1759 457 2033 511 incurvata

2141 458 2294 528 γυνή.
2326 457 2557 528 Πλείστη
2607 458 2713 526 γὰρ
2751 457 2851 525 όση
2882 458 2977 527 τῆς
3012 454 3258 525 κλήσεως
3293 454 3327 523 ἡ
3362 453 3612 523 διαφοράο
3647 451 3734 522 Τῇ

463 552 622 604 dorsa
643 550 709 610 ”,
741 547 790 602 id
823 557 925 611 est,
961 555 1194 602 mentem
1225 560 1441 601 curvam
1475 549 1803 614 habuerunt,
1829 563 2042 619 semper

465 646 716 698 deorsum
761 648 1114 708 spectantem,
1151 650 1204 694 et
1231 639 1284 694 in
1329 655 1415 695 rcs
1456 650 1698 696 terrenas
1728 643 2036 710 proclivem.

463 742 527 792 At
563 736 812 805 gentibus
855 734 991 788 nihil
1033 734 1298 805 ejusmodi
1344 735 1545 789 evenit.
1575 734 1688 790 Non
1721 737 1863 791 enim
1899 736 2037 791 oculi

461 843 648 879 earum
682 825 1021 881 obtenebrati
1053 833 1201 892 sunt,
1247 827 1340 881 sed
1375 829 1554 898 potius
1587 829 1882 895 illustrati;
1932 845 2037 884 non

462 919 802 971 incurvatum
825 926 908 973 est
929 918 1169 984 dorsum,
1186 919 1278 974 sed
1303 919 1712 989 intelligibiliter
1733 921 1892 992 763
1915 936 2039 976 ere-

461 1021 638 1073 ctum;
701 1023 800 1064 nec
843 1019 1074 1064 servata:
1139 1019 1264 1065 sunt
1306 1011 1469 1067 totius
1541 1011 1778 1080 reliquiae
1841 1011 2035 1076 solum,

464 1109 521 1151 ut
567 1099 618 1153 iu
676 1098 873 1166 Israel,
937 1099 1032 1154 sed
1083 1100 1329 1154 universa
1379 1115 1569 1156 eorum
1622 1101 1907 1155 multitudo
1945 1116 2040 1169 per

458 1192 735 1247 Christum
767 1191 974 1247 irretita
1005 1202 1059 1246 et
1088 1201 1243 1263 capta
1271 1201 1377 1256 est,
1409 1202 1464 1248 et
1503 1193 1568 1248 ad
1609 1193 1838 1246 salutem
1870 1195 2040 1248 addu-

460 1293 577 1347 cta,
611 1295 773 1351 atque
822 1283 888 1337 ab
939 1285 1143 1340 erroris
1193 1284 1514 1339 criminibus
1558 1283 1862 1350 vindicata,
1895 1299 1958 1339 ac
2009 1300 2041 1341 e

464 1375 776 1442 laqueorum
827 1377 1034 1446 peccati
1085 1375 1339 1432 violentia
1385 1377 1591 1445 elapsa.
1626 1375 1827 1432 Vocat:
1876 1377 2040 1447 igitur

461 1477 567 1530 est,
601 1483 706 1520 non
742 1477 800 1522 ut
829 1469 1036 1537 abiecta
1069 1481 1124 1526 et
1155 1471 1340 1526 odiosa
1385 1469 1578 1525 mulier
1625 1488 1639 1524 :
1686 1472 1802 1535 sel,
1833 1471 2039 1526 Modico

465 1569 728 1626 tempore,
763 1559 956 1628 inquit,
987 1560 1246 1628 dereliqui
1289 1570 1358 1625 te,
1389 1570 1444 1615 et
1489 1562 1541 1615 in
1587 1577 1780 1632 magna
1829 1563 2039 1616 miseri-

461 1649 644 1702 cordia
697 1650 998 1706 miserebor
1041 1651 1134 1705 tui.
1174 1651 1384 1706 Etenim
1428 1653 1708 1723 superiore
1755 1654 2036 1717 memoria,

462 1749 539 1791 ut-
565 1740 640 1791 ait
682 1738 880 1795 Christi
928 1739 1244 1808 discipulus,
1273 1741 1521 1809 permisit
1563 1743 1704 1795 Deus
1744 1751 1935 1812 gentes
1979 1742 2033 1796 in

463 1831 566 1884 viis
585 1830 700 1885 suis
733 1830 1105 1896 arnbulare"‘,
1142 1840 1302 1901 atque
1318 1846 1380 1886 ea
1402 1841 1505 1898 est,
1540 1833 1752 1902 opinor,
1787 1832 1852 1886 ad
1875 1834 2037 1887 breve

459 1931 513 1976 et
554 1923 808 1991 exiguum
853 1929 1063 1990 tempus
1102 1921 1384 1978 derelictio
1411 1923 1475 1977 “.
1516 1922 1734 1977 Etiamsi
1777 1923 1922 1978 enim
1969 1921 2037 1978 ad

459 2010 686 2064 llttllllllll
734 2012 991 2080 temporis
1037 2011 1266 2066 durasse
1323 2011 1602 2078 videatur,
1646 2020 1824 2066 tamen
1864 2011 1944 2067 sic
1980 2011 2034 2066 in

457 2100 621 2154 breve
647 2107 701 2154 et
721 2100 969 2170 exiguum
991 2111 1323 2155 momentum
1347 2101 1706 2156 contrahitur.
1736 2100 1900 2154 Multo
1929 2100 2032 2171 igi-

459 2200 546 2243 tur
571 2188 782 2259 longius
809 2201 891 2245 est
915 2189 1529 2259 tempusmiserieordiae
1543 2205 1654 2245 sua:
1673 2199 1727 2245 et
1749 2189 2030 2254 ininliuita

457 2280 651 2335 saecula
675 2282 968 2351 procurrit.
996 2281 1087 2338 Sic
1111 2283 1274 2337 etiam
1309 2283 1574 2352 intelliges
1605 2283 1655 2336 id
1685 2285 1828 2352 quod
1852 2283 2034 2353 sequi-

459 2383 567 2439 tur,
600 2373 876 2439 nimirum,
916 2373 968 2440 [η
1005 2376 1084 2430 ira
1113 2376 1322 2431 modica
1373 2377 1544 2431 averti
1579 2376 1769 2432 faciem
1802 2392 1976 2430 meam
2004 2392 2032 2430 a

461 2477 543 2528 te,
587 2475 641 2520 et
689 2467 740 2520 in
791 2468 1167 2522 misericordia
1221 2469 1552 2538 sempiterna
1599 2469 1895 2523 miserebor
1940 2468 2034 2523 tui.

455 2557 625 2613 Breve
641 2559 782 2614 enim
807 2569 859 2612 et
883 2568 1220 2613 contractum
1245 2569 1328 2614 est
1347 2561 1438 2614 iraa
1466 2569 1695 2628 tempus,
1716 2560 1758 2614 si
1779 2559 1842 2612 ad
1871 2559 2041 2628 longi-

457 2650 696 2706 tudinem
724 2650 1076 2706 humanitatis
1117 2665 1388 2721 nunquam
1417 2651 1660 2704 liniendze
1691 2651 1844 2706 nobis
1866 2665 1897 2706 a
1931 2651 2040 2706 Deo

456 2743 595 2796 datae
623 2743 955 2808 conferatur,
986 2743 1078 2813 qui
1112 2758 1210 2798 nos
1240 2752 1295 2798 et
1325 2759 1354 2796 a
1385 2751 1652 2813 potestate
1689 2743 2034 2797 tenebrarum

453 2837 616 2899 eruit,
657 2847 712 2891 et
737 2836 801 2889 ad
830 2853 1054 2908 regnum
1099 2837 1218 2891 Filii
1269 2837 1572 2893 dilectionis
1612 2852 1742 2904 sum,
1774 2837 1826 2892 in
1866 2837 2036 2892 lucem

457 2929 823 2987 transtulit'".
849 2928 1037 3000 Magna
1059 2939 1237 2984 autem
1258 2928 1371 2983 bam
1387 2930 1753 2984 misericordia
1774 2946 1868 2999 per
1883 2931 2037 2986 Chri~

455 3031 597 3074 stum
629 3023 823 3076 merito
856 3023 1077 3092 intelligi
1111 3025 1290 3088 debet,
1323 3024 1412 3091 qui
1459 3022 1524 3077 ab
1561 3021 1814 3076 omnibus
1847 3022 2038 3076 liberat

2154 549 2253 617 μὲν
2284 550 2391 619 γὰρ
2433 548 2702 602 Ἰουδαίων
2726 548 3024 618 Συναγωγῇ
3057 548 3150 601 καὶ
3186 547 3426 616 πύρωσις
3470 544 3580 598 ἀπὸ
3631 543 3734 616 μέ-

2143 656 2271 710 ρους
2325 639 2540 708 γέγονε,
2575 637 2717 693 καθά
2752 655 2916 707 φησιν
2939 641 2966 691 6
3006 637 3279 706 πάνσοφος
3302 635 3544 698 Παῦλοςο
3575 636 3739 688 ἐσκο-

2140 732 2400 800 τίσϐησαν
2437 730 2495 783 δέ
2531 731 2624 783 κα)⁸
2675 730 2724 782 oi
2750 728 3020 798 ὀφθαλμοὶ
3052 727 3231 782 αὐτῶν
3259 726 3351 780 τοῦ
3383 726 3458 797 μὴ
3487 725 3734 796 βλέπειν,

2143 821 2497 892 συνεκᾶμφθη
2535 821 2592 874 δέ
2619 822 2712 875 καὶ
2730 821 2800 875 τὰ
2834 820 2999 875 νῶτα.
3023 819 3288 881 τουτέστι,
3311 818 3400 871 τὸν
3421 816 3543 870 νοῦν
3568 817 3738 886 ἐσχήσ

2142 933 2299 969 κασιν
2327 915 2416 968 ἀεὶ
2439 915 2590 968 κάτω
2627 915 2914 985 βλέποντα,
2949 914 3045 968 καὶ
3077 917 3190 976 τοῖς
3217 912 3424 980 γηῒνοις
3458 909 3737 982 ἐνορῶντα

2144 1009 2451 1078 πράγμασι.
2529 1009 2652 1070 Τοῖς
2704 1023 2768 1075 γε
2817 1007 2924 1077 μὴν
2967 1005 3024 1072 ἐξ
3079 1005 3248 1058 ἐθνῶν
3304 1003 3454 1056 οὐδὲν
3529 1003 3737 1074 συνέϐη

2141 1101 2398 1154 τοιοῦτον.
2428 1101 2506 1154 Οὐ
2535 1101 2643 1172 γὰρ
2677 1101 3068 1171 ἐσκοτίσθησαν
3113 1097 3294 1154 αὐτῶν
3341 1099 3389 1150 oi
3434 1095 3730 1165 ὀφθαλμοὶ,

2141 1193 2252 1246 ἀλλ’
2298 1192 2676 1261 ἐφωτίσθησαν
2726 1191 2945 1260 μᾶλλον,
2983 1191 3076 1244 καὶ
3129 1191 3190 1243 οὐ
3239 1185 3594 1257 συνεκάμερθη
3669 1189 3736 1243 τὸ

2143 1282 2330 1341 νῶτον,
2363 1281 2478 1334 ἀλλ’
2509 1281 2740 1352 ὠρθώθη
2768 1280 2973 1350 νοητῶς
3041 1279 3156 1333 ἀλλ’
3180 1279 3302 1333 οὐδὲ
3333 1279 3598 1332 σέσωσται
3639 1287 3736 1330 και

2143 1375 2271 1445 παρ’
2310 1375 2490 1435 αὐτοῖς
2521 1374 2580 1427 τὸ
2614 1375 2962 1444 κατάλειμμα
2993 1372 3088 1426 τοῦ
3123 1372 3345 1436 παντὸς,
3376 1369 3521 1424 καθά
3555 1370 3653 1422 καὶ
3674 1371 3736 1422 ἐν

2139 1463 2215 1534 τῷ
2257 1464 2502 1534 Ἰσραὴλ·
2530 1466 2678 1518 πᾶσα
2713 1465 2768 1517 δὲ
2809 1464 3008 1533 μᾶλλον
3042 1461 3222 1516 αὐτῶν
3255 1463 3288 1531 ἡ
3321 1461 3530 1531 πληθὺς
3565 1476 3736 1512 σεσα-

2141 1557 2400 1626 γήνευται
2438 1555 2527 1607 διὰ
2558 1554 2815 1626 Χριστοῦ,
2849 1556 2940 1608 καὶ
2967 1554 3231 1625 ἐκομίσθη
3269 1553 3402 1624 πρὸς
3435 1551 3735 1622 σωτηρίαν,

2142 1647 2233 1698 καὶ
2277 1646 2384 1698 τῶν
2432 1650 2531 1717 τῆς
2582 1646 2792 1716 πλάνης
2843 1647 3186 1716 αἰτιαμάτων
3233 1644 3593 1715 ἀπήλλακται,
3640 1642 3738 1696 καὶ

2140 1736 2246 1789 τῶν
2274 1737 2371 1806 τῆς
2405 1737 2679 1808 ἁμαρτίας
2715 1736 2925 1808 βρόχων
2956 1737 3140 1808 διέδρα
3163 1735 3262 1806 τὴν
3297 1737 3581 1805 ἐπήρειαν.
3629 1734 3740 1787 Κέ-

2140 1829 2334 1897 κληται
2377 1829 2560 1882 τοίνυν
2605 1829 2704 1899 οὐχ
2741 1828 2936 1894 οὓτως,
2985 1828 3122 1897 ὼςὴ
3158 1826 3462 1896 ἀπόϐλητος
3502 1824 3598 1876 καὶ
3628 1840 3729 1892 με-

2145 1920 2427 1990 μισημένη
2453 1921 2608 1989 γυνή·
2682 1916 2819 1984 ἀλλ’,
2846 1920 2940 1983 Εἰς
2972 1919 3161 1991 χρόνον
3182 1918 3398 1990 μικρὸν,
3423 1917 3576 1986 φησι,
3594 1935 3736 1971 κατ⁸

2144 2012 2329 2066 έλιπόν
2362 2029 2442 2076 σε,
2477 2013 2570 2065 καὶ
2618 2012 2755 2082 μετά
2790 2012 2974 2076 ἐλέους
3021 2010 3254 2082 μεγάλου
3299 2009 3507 2079 ἐλεήσω
3542 2027 3624 2063 σε.
3645 2011 3738 2062 Ἐν
3811 2065 3822 2076 ,

2149 2105 2246 2173 μέν
2286 2104 2395 2175 γὰρ
2427 2105 2549 2166 ταῖς
2593 2104 3020 2175 παρῳχημέναις
3047 2105 3282 2170 γενεαῖς,
3314 2101 3458 2155 καθά
3499 2118 3670 2172 φησιν
3705 2103 3736 2154 6

2145 2195 2380 2265 Χριστοῦ
2431 2193 2702 2266 μαθητὴς,
2731 2194 3123 2265 συγκεχώρηκε
3167 2192 3302 2257 Θεὸς
3347 2192 3414 2246 τὰ
3461 2193 3586 2263 ἔθνη
3635 2210 3737 2246 πο⁸

2149 2286 2397 2357 ρεύεσθαι
2416 2290 2532 2350 ταῖς
2548 2289 2685 2352 ὁδοῖς
2715 2287 2893 2342 αὐτῶν
2916 2304 2927 2317 ·
2970 2287 3064 2340 καὶ
3088 2286 3278 2351 τοῦτο,
3308 2283 3482 2356 οἶμαι,
3512 2286 3666 2338 ἐστὶν
3695 2287 3728 2356 ἡ

2143 2379 2527 2449 ἐγκατάλειψις
2559 2381 2592 2451 ἡ
2621 2382 2699 2443 είς
2727 2379 2919 2450 χρόνον
2949 2378 3166 2449 μικρόν.
3198 2378 3259 2431 El
3302 2377 3410 2447 γὰρ
3451 2378 3544 2431 καὶ
3584 2376 3736 2429 δοκεῖ

2143 2490 2260 2535 πως
2315 2475 2394 2535 είς
2443 2473 2687 2544 μακροὺς
2731 2471 2983 2539 γενέσθαι
3017 2472 3262 2542 καιροὺς,
3295 2470 3434 2523 ἀλλὰ
3465 2470 3556 2522 καὶ
3587 2467 3731 2521 οὕτω

2141 2565 2486 2617 συστέλλεται
2515 2563 2649 2635 πρὸς
2679 2564 2740 2617 τὸ
2763 2563 2958 2635 βραχύ.
2985 2562 3411 2616 Πολλαπλασίων
3445 2562 3552 2632 ἄρα
3577 2563 3603 2613 6
3635 2559 3730 2613 τοῦ

2139 2654 2324 2718 ἐλέους
2373 2655 2582 2722 καιρὸς,
2619 2655 2713 2709 καὶ
2766 2655 2846 2719 είς
2888 2655 3226 2728 ἀπεράντους
3281 2653 3485 2715 αἰῶνας
3521 2652 3726 2722 τρέχει.

2139 2744 2296 2800 Οὕτω
2343 2748 2596 2816 συνήσεις
2639 2747 2732 2800 καὶ
2755 2747 2816 2799 τὸ
2853 2748 3071 2816 ἐφεξῆς,
3101 2747 3401 2811 τουτέστιν,
3453 2746 3538 2797 Ἐν
3568 2743 3731 2814 θυμῷ

2142 2828 2323 2910 μικρῷ
2355 2837 2675 2909 ἀπέστρεψα
2701 2838 2762 2891 τὸ
2798 2839 3091 2910 πρόσωπον
3125 2855 3224 2909 μου
3258 2839 3366 2890 ἀπὸ
3401 2836 3516 2898 σοῦ,
3547 2837 3642 2888 καὶ
3674 2837 3732 2888 ἐν

2139 2932 2278 2986 ἐλέει
2324 2931 2528 3000 αἰωνίῳ
2566 2930 2773 3002 ἐλεήσω
2812 2948 2900 2984 σε·
2941 2929 3147 3002 βραχὺς
3172 2929 3282 3000 γὰρ
3320 2930 3411 2984 καὶ
3446 2928 3732 2982 συνεσταλο

2145 3023 2307 3093 μένος
2341 3024 2437 3094 τῆς
2469 3023 2642 3093 ὀργῆς
2675 3025 2703 3076 6
2737 3023 2949 3094 καιρὸς,
2978 3023 3054 3087 ὡς
3087 3023 3223 3093 πρός
3257 3039 3320 3090 γε
3349 3021 3408 3075 τὸ
3441 3023 3609 3092 μῆκος
3629 3021 3731 3089 τῆς

455 3113 726 3178 sontibus,
759 3129 786 3164 ει
818 3113 1082 3182 supplicio
1108 3125 1162 3167 et
1190 3129 1349 3181 pmua
1381 3115 1562 3181 eripit,
1595 3114 1660 3167 ad
1694 3112 2030 3179 COIIjIlttClio-

2141 3115 2516 3186 ἀκαταλήκτου
2562 3114 2969 3185 φιλανθρωπίας
2995 3116 3093 3185 τῆς
3119 3114 3368 3184 δοθείσης
3396 3115 3528 3183 ἡμῖν
3571 3113 3729 3183 παρά

457 3219 576 3255 nem
621 3219 740 3256 cum
780 3203 897 3268 ipso
937 3218 1032 3270 per
1066 3203 1548 3256 sanctiﬁcationem
1585 3201 1809 3263 reducit,
1843 3209 1896 3254 et
1935 3202 2030 3253 ad-

454 3293 687 3362 optionis
734 3292 964 3345 filiorum
1012 3294 1346 3346 ornamentis
1391 3299 1649 3356 coronat,
1683 3283 2034 3361 baercdesque

457 3384 604 3451 regni
637 3383 895 3438 cmlornm
927 3392 1163 3453 priestat.

2140 3204 2304 3258 Θεοῦ·
2340 3206 2398 3267 ὃς
2426 3204 2489 3276 δὴ
2517 3207 2610 3258 καὶ
2647 3206 2914 3278 ἐρρύσατο
2947 3207 3092 3276 ἡμᾶς
3121 3207 3184 3256 ἐκ
3219 3205 3316 3276 τῆς
3345 3203 3590 3271 ἐξουσίας
3631 3203 3726 3256 τοῦ

2143 3297 2387 3360 σκότους,
2414 3298 2507 3350 καὶ
2537 3298 2872 3368 μετέστησεν
2911 3299 2991 3362 είς
3027 3298 3126 3368 τὴν
3169 3296 3446 3367 βασιλείαν
3477 3295 3570 3348 τοῦ
3593 3293 3726 3347 Υίοῦ

2143 3387 2241 3457 τῆς
2291 3387 2514 3458 ἀγάπης
2541 3389 2706 3442 αὑτοῦ
2733 3391 2790 3442 ὲν
2837 3389 2998 3458 φωτί.
3042 3389 3228 3452 Ἔλεος
3275 3387 3331 3441 δὲ
3378 3387 3519 3457 μέγα
3551 3384 3611 3438 τὸ
3640 3383 3727 3437 διὰ

455 3478 689 3549 Χριστοῦ
731 3481 902 3532 νοοῖτο
931 3480 996 3533 ἂν
1024 3479 1269 3545 εἰκότως,
1331 3479 1360 3532 ὃ
1392 3479 1487 3533 καὶ
1525 3479 1724 3541 παντὸς
1779 3479 2111 3536 ἀπαλλάττει
2152 3482 2346 3553 ῥύπου,
2374 3484 2646 3548 κολάσεώς
2698 3503 2758 3538 τε
2808 3487 2903 3540 καὶ
2939 3485 3094 3554 δίκης
3133 3483 3380 3555 ἐκφέρει,
3404 3483 3498 3536 καὶ
3531 3482 3728 3534 ἀνακο-

457 3570 604 3639 μίζει
634 3570 769 3641 πρὸς
797 3571 1108 3641 οίκειότητα
1135 3571 1233 3642 τὴν
1263 3571 1398 3643 πρὸς
1439 3570 1602 3624 αὑτὸν
1643 3572 1709 3625 δι’
1773 3573 2067 3644 ἀγιασμοῦ,
2108 3576 2202 3628 καὶ
2245 3579 2360 3641 τοῖς
2403 3578 2502 3648 τῆς
2541 3578 2811 3642 υἱοθεσίας
2857 3578 3138 3648 αὐχήμασι
3198 3578 3474 3646 στεφανοῖ,
3507 3573 3600 3628 καὶ
3627 3571 3727 3641 τῆς

456 3666 564 3719 τῶν
593 3665 838 3737 οὐρανῶν
870 3665 1148 3736 βασιλείας
1174 3666 1462 3737 καθίστησι
1493 3666 1884 3737 κληρονόμους.

531 3757 690 3813 Vens.
723 3759 776 3824 9,
807 3761 894 3814 10.
923 3760 1000 3813 Ab
1028 3777 1190 3831 aqua,
1217 3777 1335 3830 quae
1363 3760 1463 3829 fuit
1491 3761 1584 3813 sui:
1618 3759 1752 3825 Noe,
1782 3760 1876 3813 hoc
1908 3761 2035 3813 mihi

454 3864 529 3904 est
571 3866 588 3904 :
623 3853 757 3906 sicut
791 3852 975 3920 jurnci
1016 3853 1064 3908 ei
1105 3855 1156 3906 in
1207 3862 1433 3921 tempore
1474 3854 1567 3906 illo
1627 3863 1779 3906 terrtc
1809 3869 1890 3908 me
1933 3869 2035 3906 non

455 3961 826 3999 succensnrnm
861 3947 956 3998 tibi
993 3945 1252 4014 amplius,
1291 3963 1383 3999 nec
1417 3947 1468 3999 in
1504 3943 1906 4000 commintitione
1939 3957 2031 3999 tua

455 4043 656 4088 vetantes
692 4033 1106 4100 translaturum,
1139 4051 1300 4101 neque
1331 4034 1486 4090 colles
1520 4036 2032 4102 transmovebumur,

453 4131 529 4184 sic
564 4147 727 4198 neque
761 4131 1119 4186 misericordia
1154 4147 1266 4184 mea
1301 4143 1351 4184 te
1407 4129 1641 4197 deﬁciet,
1677 4143 1838 4198 neque
1872 4136 2032 4180 testa-

453 4233 681 4277 mentum
712 4224 858 4290 pacis
891 4239 1017 4278 metc
1045 4224 1332 4293 auferetur.

524 4401 576 4455 in
632 4401 784 4456 libris
841 4400 1038 4472 Moysis
1098 4400 1355 4471 scriptum
1412 4408 1496 4453 est
1543 4396 1861 4462 manifeste,
1909 4411 2032 4452 cum

2229 3759 2275 3813 Ἄ
2286 3758 2361 3812 πὸ
2399 3758 2504 3812 τοῦ
2539 3759 2756 3826 ὕδατος
2791 3760 2896 3815 τοῦ
2925 3759 3023 3813 ἐπὶ
3051 3759 3180 3814 Νῶε
3209 3757 3387 3812 τοῦτό
3409 3759 3517 3826 μοι
3535 3758 3726 3812 ἐστιν’

2141 3849 2228 3904 ὅτι
2275 3847 2484 3915 ὤμοσα
2515 3849 2675 3914 αὐτῷ
2717 3850 2788 3903 ἐν
2817 3847 2897 3915 τῷ
2925 3852 3122 3919 χρόνῳ
3149 3848 3361 3914 ἐκείνῳ
3404 3846 3482 3917 τῇ
3511 3847 3610 3917 τῇ,
3638 3848 3728 3918 μὴ

2141 3943 2598 4010 θυμωθήσεσθαι
2629 3941 2728 3995 ἐπὶ
2770 3940 2870 3996 σοι
2914 3941 3024 4004 ἔτι,
3059 3939 3216 4009 μηδὲ
3249 3940 3320 3993 ἐν
3349 3939 3575 4008 ἀπειλῇ
3610 3956 3730 3996 σου

2140 4034 2214 4088 τὰ
2251 4033 2355 4103 ὄρη
2385 4034 2899 4104 μεταστήσεσθαι,
2948 4036 3003 4088 οί
3049 4033 3119 4087 δὲ
3171 4036 3226 4087 οί
3263 4032 3483 4098 βουνοί
3533 4034 3604 4086 οὐ
3648 4032 3727 4100 (1)

2135 4125 2739 4194 μετακινηθήσονται.
2779 4125 2977 4191 Οὕτως
3007 4123 3150 4179 οὐδὲ
3171 4124 3271 4179 σοί
3302 4124 3372 4177 τὸ
3414 4123 3552 4192 παρ’
3576 4121 3728 4192 ἐμοῦ

2139 4218 2311 4284 ἕλεος
2338 4218 2629 4288 ἐκλείψει,
2671 4217 2813 4272 οὐδὲ
2837 4220 2875 4288 ἠ
2905 4217 3157 4288 διαθήκη
3203 4217 3314 4287 τῆς
3339 4217 3589 4287 εἰρήνης
3607 4233 3729 4285 μου

2141 4312 2212 4366 οὐ
2236 4311 2322 4380 μὴ
2343 4311 2692 4381 peremta/)7}
2724 4311 2822 4382 (2).
3396 4307 3400 4310 ’

2225 4401 2313 4456 Ἐν
2343 4406 2464 4466 ταῖς
2515 4403 2759 4466 Μωσέως
2793 4401 2995 4472 βίϐλοις
3027 4402 3336 4472 γέγραπται
3393 4401 3605 4470 σαφῶς.
3653 4402 3729 4464 ὡς

453 4503 644 4546 cuncta
679 4502 820 4547 terra
851 4494 914 4546 ad
945 4493 1299 4548 defectionem
1334 4507 1361 4546 a
1390 4491 1501 4546 Deo
1530 4490 1872 4555 deelinasset,
1899 4497 1954 4544 et
1981 4490 2032 4545 in

2141 4495 2358 4566 ἀπάσης
2378 4497 2476 4567 τῆς
2503 4496 2608 4564 γῆς
2642 4495 3022 4565 ἀπονευσάσης
3051 4496 3131 4558 είς
3159 4493 3461 4547 ἀπόστασιν
3487 4493 3588 4562 τὴν
3618 4492 3731 4547 ἀπὸ

452 4583 603 4640 varia
632 4599 828 4651 genera
859 4585 1064 4654 peccati
1095 4585 1522 4656 intemperanter
1549 4583 1794 4653 prolapsa
1823 4583 2032 4650 fuisset,

2141 4587 2294 4653 θεοῦ,
2332 4588 2426 4641 καὶ
2465 4587 2711 4657 ἀσχέτως
2738 4587 3213 4657 κατενηνεγμένης
3258 4585 3339 4648 είς
3384 4584 3730 4656 πολύτροπον

451 4673 580 4728 etin
607 4673 770 4726 studii
798 4675 1050 4728 curanda!
1076 4677 1254 4730 carnis
1281 4691 1496 4732 canum
1525 4674 1823 4740 incidisset,
1846 4677 2032 4742 Deum,

2141 4678 2428 4750 ἁμαρτίαν,
2455 4677 2551 4730 καὶ
2577 4679 2686 4740 τοῖς
2713 4677 2812 4748 τῆς
2841 4676 3200 4747 φιλοσαρκίας
3227 4674 3576 4746 ἐμπαρείσης
3607 4674 3728 4727 τέλ-

453 4763 546 4833 qui
587 4778 748 4834 supra
788 4765 969 4818 omnia
1015 4774 1121 4830 est,
1153 4766 1304 4820 hisce
1333 4767 1398 4820 de
1429 4766 1588 4823 rebus
1613 4767 1737 4838 jure
1765 4765 2030 4822 otfensum

2141 4787 2298 4841 μασιν
2323 4787 2338 4801 ο
2373 4770 2402 4824 6
2452 4768 2547 4822 ἐπὶ
2594 4769 2813 4824 πάντων
2862 4769 3014 4833 Θεὸς,
3042 4769 3129 4822 ἐπ’
3155 4768 3341 4831 αὐτοῖς
3392 4767 3458 4838 δὴ
3514 4767 3726 4829 τούτοις

451 4856 690 4912 dixisse:
731 4876 750 4909 ι
780 4855 896 4912 Non
929 4858 1265 4928 permanebit
1291 4859 1514 4928 spiritus
1539 4875 1688 4914 meus
1708 4859 1761 4913 in
1790 4856 2028 4913 homini-

453 4949 552 5002 bus
568 4948 837 5018 istis,qsuia
861 4965 988 5005 caro
1005 4961 1132 5006 sunt
1147 4952 1214 5018 ",
1230 4952 1308 5007 rid
1329 4963 1430 5020 est,
1451 4954 1622 5008 solum
1646 4966 1766 5021 qua:
1788 4949 2026 5004 carnalia

452 5049 575 5095 sunt
601 5042 839 5110 sapiunt.
869 5043 1022 5110 Quod
1047 5042 1407 5100 abominabile
1433 5053 1546 5109 est,
1571 5054 1625 5097 et
1655 5042 1728 5096 illi
1775 5040 2029 5106 invisum,

453 5147 517 5188 ac
543 5132 707 5205 764
730 5135 874 5187 omni
906 5135 1216 5203 impuritate
1249 5135 1530 5190 refertum.
1558 5132 1716 5197 Hinc,
1739 5141 1797 5186 ut
1823 5140 1877 5186 et
1903 5129 2030 5186 Ser-

452 5224 656 5276 vatoris
679 5225 980 5295 discipulus
1005 5226 1081 5279 ait
1107 5241 1124 5282 :
1155 5245 1173 5277 ι
1206 5224 1390 5281 Prisco
1413 5224 1613 5278 mundo
1639 5237 1741 5277 non
1770 5223 2028 5292 pepercit,

451 5313 542 5364 sed
589 5329 778 5369 omnes
829 5317 1062 5382 perdidit
1109 5316 1380 5383 funditus,
1413 5331 1475 5372 ac
1518 5315 1776 5371 diluvium
1828 5313 2028 5368 mundo

454 5401 734 5471 impiorum
778 5409 990 5464 induxit
1017 5413 1103 5465 ¹¹⁶.
1146 5428 1164 5462 ι
1208 5410 1366 5467 Solus
1390 5418 1568 5466 autem
1596 5406 1708 5464 Noe
1748 5421 1871 5462 cum
1917 5415 2026 5462 tota

528 5583 572 5613 ⁸⁸
602 5582 758 5638 “om.
792 5604 872 5650 κι,
902 5590 986 5644 10.
1065 5592 1128 5624 ¹⁶⁶
1155 5593 1276 5646 Act.
1312 5607 1420 5660 xw,
1461 5593 1548 5647 l5.

523 5767 602 5839 (1)
634 5763 799 5836 LXX,
841 5766 959 5822 οὖδὶ
1001 5769 1046 5824 οξ
1087 5769 1265 5840 βουνοί
1308 5786 1420 5831 σου,

1654 5592 1693 5626 ⁶¹
1727 5591 1884 5650 Rom.
1919 5605 1997 5661 st,
2027 5589 2118 5648 32.

2127 4860 2350 4923 εἰκότως
2369 4858 2790 4930 λελυπημένος,ι
2809 4860 2884 4914 Οὐ
2909 4860 2982 4930 μὴ
3013 4859 3342 4931 καταμείνῃ,
3374 4873 3393 4908 ι
3425 4859 3582 4929 φησι,
3611 4879 3631 4912 e
3666 4858 3726 4910 τὸ

2139 4951 2356 5022 πνεῦμά
2391 4969 2491 5022 μου
2524 4952 2582 5006 ἐν
2619 4954 2732 5015 τοῖς
2774 4950 3083 5021 ἀνθρώποις
3110 4950 3342 5014 τούτοις,
3375 4949 3466 5004 διὰ
3497 4948 3557 5001 τὸ
3586 4943 3725 5002 εἶναι

2142 5045 2340 5110 αὐτοὺς
2366 5045 2938 5117 σάρκας,ιτουτὲστιν,
2976 5047 3033 5098 ἐν
3068 5044 3214 5115 μόνῳ
3250 5043 3560 5114 φρονήματι
3587 5058 3719 5110 σαρ-

2137 5135 2314 5207 κικῷο
2365 5135 2624 5208 βδελυρὸν
2667 5137 2724 5191 δὲ
2775 5137 2933 5190 τοῦτο
2972 5135 3071 5190 καὶ
3118 5133 3511 5204 ἀπηχθημένον
3552 5130 3716 5201 αὐτῷ,

2139 5229 2233 5282 καὶ
2282 5228 2625 5299 ἀκαθαρσίας
2671 5227 2892 5298 ἁπάσης
2941 5227 3214 5297 ἔμπλεων.
3253 5226 3544 5299 Ταύτῃτοι,
3581 5223 3719 5278 καθά

2137 5337 2272 5390 φησι
2299 5318 2390 5372 τοῦ
2429 5319 2680 5390 Σωτῆρος
2713 5321 2740 5372 6
2766 5318 3035 5390 μαθητὴς,
3066 5337 3084 5369 ι
3115 5316 3225 5372 Καὶ
3254 5317 3484 5388 ἀρχαίου
3515 5315 3718 5385 κόσμου

2135 5411 2233 5463 οὐκ
2285 5410 2557 5480 ἐφείσατο,
2591 5409 2760 5481 ἄρδην
2807 5409 2864 5472 δέ
2913 5408 3126 5474 πάντας
3160 5406 3499 5472 ἀπολώλεκε,
3551 5422 3715 5461 κατα·

2230 5590 2291 5621 ¹¹⁶
2325 5588 2440 5644 Col.
2480 5605 2519 5656 ι,
2562 5590 2642 5644 l5.
2753 5589 2796 5620 "
2820 5588 2954 5644 Gen.
2991 5604 3065 5654 vt,
3103 5591 3156 5645 5.
3228 5591 3295 5620 ¹¹⁴
3323 5588 3360 5643 ll
3396 5587 3541 5644 Petr.
3572 5600 3633 5654 rt,
3657 5583 3715 5652 6,

2214 5768 2290 5839 (ἒ)
2323 5768 2505 5834 Iidem,
2541 5783 2632 5820 σου
2660 5767 2719 5820 ού
2762 5766 2834 5837 μὴ
2865 5768 3123 5838 μεταστῇ.
