4042 6200
486 318 516 402 ι
525 313 633 375 901

1481 321 1535 376 5.
1578 320 1850 380 CYRILLI
1893 324 2360 381 ALEXANDRIM
2400 325 2722 382 ARCHIEP.

3619 328 3768 384 ιεοε

489 445 616 490 sunt
640 435 785 492 cultu
812 436 982 504 valde,
1018 436 1069 490 id
1113 446 1214 502 est,
1248 437 1498 503 humiles,
1534 449 1586 493 et
1617 441 1963 510 proculcatm,
2004 453 2061 497 et

2177 446 2441 511 διανοίαις,
2466 446 2718 517 καθάπερ
2746 446 2866 499 τινὰ
2891 445 3048 499 νόσον
3080 444 3452 515 ἐνσκήψαντα.
3487 445 3768 501 ταπειναδ

457 539 744 598 .tanquam
778 527 924 581 humi
973 535 1240 595 repentes,
1285 543 1346 582 ac
1395 529 1716 586 rouculcare
1763 531 2065 587 volentibus

489 620 812 685 prostitutae,
849 633 970 672 cum
1027 626 1338 671 sanctorum
1384 633 1479 672 cor
1523 636 1626 674 non
1659 621 1730 674 ita
1763 637 1820 675 se
1848 623 2063 676 haheat.

488 708 597 763 Nec
618 708 762 762 enim
785 716 908 761 sunt
939 723 1124 762 eorum
1147 708 1311 763 animi
1338 711 1639 764 damonum
1662 712 2061 769 incursionibus

486 801 679 870 pervii,
703 815 797 855 seu
823 801 972 867 elati,
1009 810 1061 854 et
1088 801 1246 856 Redis
1269 803 1654 873 cupiditatibus
1680 821 1784 860 non
1807 806 2064 875 subjecti.

487 891 593 945 Sed
635 890 905 960 abjectum
935 900 1043 954 est,
1075 901 1133 944 ut
1158 890 1290 956 dixi,
1341 907 1436 946 cor
1462 894 1762 948 errantium
1797 912 1812 948 :
1845 906 1894 949 et
1929 912 2066 965 prte-

488 995 634 1038 terea
658 985 820 1037 etiam
877 983 1146 1050 instabile,
1195 999 1260 1040 eo
1290 988 1432 1056 quod
1467 986 1603 1040 ebrii
1642 987 1752 1041 sint
1801 990 2068 1058 quodam-

487 1075 669 1138 modo,
705 1083 758 1130 et
787 1075 1061 1140 vacillent,
1095 1075 1444 1147 feranturque
1466 1079 1772 1147 praecipites
1815 1079 1866 1132 in
1916 1081 2069 1149 cupi-

485 1167 683 1220 ditates
723 1165 840 1236 lege
874 1168 1050 1221 divina
1083 1179 1297 1224 notatas
1331 1185 1393 1224 ac
1427 1177 1662 1233 taxatas,
1701 1186 1765 1224 ac
1793 1186 1889 1240 pro
1921 1174 2068 1227 vitiis

486 1261 896 1314 rondeumatas.
929 1261 1402 1316 Circutul'eruntur
1446 1265 1588 1316 enim
1638 1273 1892 1332 tanquam
1919 1266 2063 1319 amni

486 1351 610 1406 llatu
635 1363 710 1418 et,
732 1362 788 1405 ut
810 1351 1196 1408 Parcemiastes
1217 1355 1442 1421 dieit‘”,
1464 1355 1867 1412 lluctuatioaem
1917 1359 2070 1427 cupi-

485 1444 714 1498 ditatum
747 1445 1166 1512 subeunt.Quod
1183 1447 1559 1502 universorum
1582 1450 1720 1504 Deus
1751 1449 2067 1504 criminatus

485 1547 568 1591 est
616 1538 864 1594 evenisse
888 1538 1208 1605 Jerusalem,
1255 1555 1320 1595 eo
1366 1542 1506 1611 quod
1540 1544 1590 1595 iu
1623 1557 1840 1597 errores
1865 1545 2064 1596 denuo-

487 1645 612 1683 num
655 1629 905 1700 prolapsa
950 1641 1115 1695 esset,
1160 1632 1346 1686 dicens
1387 1650 1402 1686 :
1451 1633 1851 1704 Cupiditatibus
1873 1636 2068 1690 anima:

485 1737 595 1776 suae
628 1733 884 1792 tanquam
911 1733 1071 1778 vento
1096 1723 1294 1792 agitata
1319 1733 1422 1780 est.
1454 1723 1622 1781 Vento
1647 1725 1812 1793 igitur
1837 1726 2066 1781 circum-

485 1813 588 1866 lata
621 1816 828 1880 anima,
871 1815 1058 1898 utique
1089 1821 1173 1870 est
1226 1815 1391 1870 etiam
1421 1816 1756 1873 inconstans.
1791 1816 1893 1884 Qui
1939 1830 2066 1871 vero
2099 1797 2141 1853 Β

487 1905 769 1960 adhaerent
823 1904 953 1968 Deo,
984 1907 1231 1960 morbum
1271 1906 1416 1960 hunc
1463 1906 1696 1978 fugiunt,
1742 1918 1798 1962 ut
1831 1908 1920 1978 qui
1951 1922 2069 1977 per-

488 1997 681 2052 niciem
715 1998 923 2062 allerat,
967 2008 1020 2052 et
1045 1998 1432 2065 gratulatori-as
1465 2002 1598 2056 odas
1640 1999 1906 2065 referunt,
1941 2011 2065 2055 tan-

485 2107 647 2160 quam
684 2106 712 2144 a
744 2091 886 2146 malo
938 2090 1165 2146 liberati.
1209 2092 1406 2148 Dicunt
1445 2094 1632 2148 enim:
1677 2111 1696 2144 ι
1740 2093 1941 2148 Statuit
1972 2109 2068 2148 su-

493 2198 590 2252 per
607 2193 816 2252 petram
836 2181 999 2252 pedes
1018 2197 1186 2247 mens,
1204 2193 1261 2252 et
1277 2183 1477 2239 direxit
1501 2200 1722 2254 gressus
1740 2200 1892 2240 meos
1916 2186 2027 2240 ¹⁸⁶⁵.
2041 2204 2060 2238 ι

487 2280 526 2328 Α
559 2276 666 2329 Deo
692 2291 905 2345 quoque
923 2276 1125 2332 dictum
1151 2286 1233 2331 est
1253 2277 1408 2331 matri
1437 2275 1746 2332 Iudaeorum
1780 2295 1795 2332 :
1830 2295 1850 2329 ι
1877 2277 2068 2334 Statue

491 2368 740 2436 teipsam,
782 2383 816 2423 ο
847 2367 979 2423 Siou
1011 2368 1074 2422 ".
1105 2387 1123 2420 ι
1165 2368 1228 2423 Ει
1263 2367 1460 2424 Paulus
1524 2369 1958 2438 sapientissimus
2015 2371 2068 2425 in

489 2457 726 2529 Epistola
791 2459 981 2514 scribit
1028 2459 1092 2514 ad
1139 2461 1452 2529 quosdam:
1491 2479 1510 2511 ι
1553 2460 1656 2526 Qui
1712 2461 1814 2516 sibi
1859 2461 2072 2514 videtur

485 2563 657 2615 stare,
688 2551 863 2605 videat
893 2566 958 2607 ne
994 2552 1256 2606 cadat'".
1295 2570 1312 2602 ι
1349 2552 1514 2623 763
1550 2551 1714 2606 Caret
1737 2567 1867 2623 ergo
1899 2552 2072 2607 sacris

488 2643 826 2698 ornamentis
876 2643 1174 2698 errantium
1213 2643 1412 2697 anima.
1465 2642 1576 2699 Nec
1610 2645 1756 2699 enim
1797 2655 1881 2700 est
1935 2660 2068 2699 con-

488 2745 662 2790 stans.
701 2734 828 2802 Sed,
858 2743 916 2789 ut
946 2734 1078 2800 dixi,
1101 2735 1358 2807 quoniam
1388 2735 1704 2792 misericors
1733 2746 1818 2792 est
1848 2738 2069 2793 univer-

491 2841 675 2882 sorum
706 2825 990 2893 Conditor,
1053 2827 1296 2883 defendit
1353 2829 1750 2898 quodammodo
1821 2843 1939 2884 eam
1983 2831 2069 2885 cui

489 2919 593 2974 hoc
641 2919 860 2986 accidit,
919 2929 974 2976 et
1009 2920 1186 2992 inquit
1217 2939 1230 2977 :
1270 2921 1659 2978 Consolatione
1689 2923 1952 2978 destituta
1990 2938 2072 2978 es.

492 3012 787 3067 Plurimum
818 3015 961 3069 enim
1011 3013 1401 3071 consolationis
1444 3015 1714 3070 habebant
1753 3017 2014 3071 Israelitae
2042 3032 2070 3070 a

491 3103 625 3168 Deo,
665 3121 785 3173 quae
819 3105 939 3160 illos
988 3106 1256 3175 spirituali
1309 3107 1504 3161 robore
1538 3107 1901 3172 cntillrmavit,
1929 3113 1980 3160 et
2008 3109 2072 3161 ad

489 3196 855 3264 cognitionem
878 3198 996 3262 ejus
1027 3198 1167 3262 quod
1195 3197 1328 3248 utile
1351 3206 1431 3251 est
1454 3207 1507 3249 et
1534 3199 1600 3250 ad
1629 3197 1853 3250 salutem
1885 3213 2073 3252 neces-

499 3287 703 3340 sarium
737 3285 1130 3339 adduxit.Nam
1165 3287 1286 3339 data
1315 3297 1398 3340 cst
1429 3285 1536 3340 illis
1568 3286 1652 3342 lex
1679 3303 1774 3356 per
1806 3288 2069 3361 Moysem,

487 3387 543 3433 et
590 3386 908 3433 sanctorum
961 3377 1342 3448 prophetarum
1374 3378 1573 3440 chorus
1635 3381 1910 3437 exhibitus
1961 3394 2070 3449 est,

490 3469 804 3525 caelestibus
835 3469 1023 3524 rivulis
1053 3485 1149 3526 cos
1174 3470 1406 3527 inﬂuens
1433 3479 1487 3525 et
1519 3471 1809 3540 inundans,
1842 3475 1947 3528 Deo
1967 3475 2075 3530 illis

491 3561 824 3617 uberrimam
889 3562 1338 3622 consolationem.
1386 3563 1556 3619 instar
1615 3565 1812 3634 plurim
1870 3567 2073 3625 immit.

497 3664 663 3711 lente.
712 3653 818 3710 Sed
873 3669 1032 3710 nemo
1067 3665 1382 3714 sanctorum
1433 3673 1671 3730 unquam
1707 3669 1894 3729 gentes
1944 3661 2076 3716 allo-

493 3757 651 3802 cutus
692 3756 807 3812 est,
852 3760 948 3800 nec
984 3744 1118 3817 legis
1169 3745 1418 3802 Mosaiczn
1460 3749 1769 3820 pzedagogia
1823 3751 2078 3806 institutae

492 3849 638 3906 sunt,
663 3841 758 3896 sed
798 3849 854 3895 et
887 3839 1326 3910 propheticarum
1357 3842 1663 3897 orationum
1687 3854 1935 3911 expertes
1956 3858 2076 3897 om-

495 3935 622 3988 nino
660 3939 1000 3990 manscrunt.
1037 3931 1223 4001 Itaque
1276 3932 1646 3987 consolatione
1671 3932 1928 3989 destituta
1971 3944 2075 3990 est.

495 4025 657 4095 quue
689 4023 837 4080 clare
884 4024 1314 4079 demonstratum
1359 4034 1439 4078 est
1477 4023 1530 4078 in
1557 4026 1867 4095 evangelica
1915 4041 2076 4095 para-

495 4119 614 4173 bola
665 4133 769 4187 qua
799 4132 926 4171 usus
949 4125 1035 4172 est
1074 4115 1354 4180 Christus,
1393 4125 1453 4171 ut
1485 4117 1578 4186 qui
1618 4119 2079 4188 conducitopera-

497 4210 606 4266 rios
633 4209 686 4264 iu
727 4207 941 4264 vineam
998 4223 1178 4272 suam,
1210 4208 1351 4278 quod
1400 4209 1533 4264 hora
1573 4207 1771 4278 prima,
1801 4217 1855 4264 et
1894 4211 2075 4275 tertia,

495 4311 652 4358 sexta
675 4309 730 4356 et
752 4316 891 4356 nona
925 4300 1074 4356 fecit.
1125 4301 1204 4355 Ad
1238 4301 1425 4356 horam
1476 4310 1660 4354 autem
1711 4303 2076 4369 undecimam,

495 4410 617 4450 cum
680 4395 818 4450 alios
878 4404 1088 4449 stantes
1131 4393 1335 4450 otiosos
1386 4393 1704 4463 invenisset,
1766 4395 1902 4450 dixit
1947 4396 2075 4452 eis:

2169 541 2276 610 γὰρ
2305 540 2443 601 λίαν,
2476 538 2720 592 τουτέστι
2760 536 3041 607 χθαμαλαὶ
3081 536 3176 590 καὶ
3209 537 3616 607 πεπατημέναι,
3662 539 3768 592 καὶ

2167 625 2278 682 οἷον
2306 631 2697 700 χαμαιρῤιφεῖς
2719 623 2900 687 αὗται,
2927 629 3020 680 καὶ
3041 630 3153 690 τοῖς
3176 625 3452 680 ἐθέλουσιν
3474 628 3766 695 ἐγκεῖσθαι

2168 724 2305 792 πρὸς
2331 722 2727 792 καταπάτημα,
2755 722 2854 790 τῆς
2896 720 3007 774 τῶν
3035 720 3210 788 ἁγίων
3248 720 3478 792 καρδίας
3529 721 3606 784 ὡς
3655 723 3761 793 οὔχ

2166 815 2338 878 οὕτως
2379 815 2610 885 ἐχούσης
2641 813 2825 867 ποθέν.
2854 814 2928 866 Οὐ
2963 814 3072 883 γάρ
3113 815 3220 866 είσι
3253 813 3474 884 βάσιμοι
3500 817 3623 877 ταῖς
3649 815 3765 866 τῶν

2166 905 2460 975 δαιμονίων
2506 905 2736 975 ἐφόδοις,
2783 906 3160 976 ἀνῳκισμέναι
3193 906 3251 959 δέ
3281 905 3471 975 ῶσπερ
3497 906 3593 959 καὶ
3635 910 3762 970 ταῖς

2169 998 2421 1062 ἐκτόποις
2468 1000 2577 1051 τῶν
2617 997 2924 1068 ἐπιθυμιῶν
2951 997 3274 1050 ὑποκεῖσθαι
3303 1001 3377 1068 μη
3405 998 3758 1068 άνεχόμεναι.

2169 1090 2412 1161 Ταπεινὴ
2439 1089 2515 1154 δέ,
2541 1089 2615 1153 ὡς
2642 1089 2797 1158 ἔφην,
2829 1090 2862 1159 ἡ
2890 1089 3000 1142 τῶν
3025 1088 3397 1159 πλανωμένων
3419 1089 3639 1159 καρδία,
3663 1091 3762 1142 καὶ

2168 1183 2306 1254 πρός
2338 1200 2400 1252 γε
2430 1182 2606 1254 τούτῳ
2633 1185 2728 1236 καὶ⁸
2757 1182 3156 1246 ἀκατάστατος,
3200 1181 3291 1236 διά
3318 1199 3401 1235 τοι
3442 1182 3502 1234 τὸ
3536 1181 3762 1250 μεθύειν

2167 1277 2367 1348 τρόπον
2409 1275 2551 1340 τινά,
2595 1275 2687 1330 καὶ
2717 1275 3102 1329 κατασείεσθαι
3131 1275 3269 1346 πρὸς
3317 1274 3616 1343 ἐπιθυμίας
3660 1274 3763 1338 τάς

2167 1367 2246 1438 τῷ
2290 1366 2419 1438 θείῳ
2460 1366 2611 1437 νόμῳ
2653 1365 3109 1435 διαϐεϐλημένας.
3141 1365 3236 1419 καὶ
3276 1367 3399 1428 ταῖς
3446 1366 3529 1427 είς
3559 1364 3763 1432 τραυλό-

2167 1475 2306 1528 τητα
2349 1458 2554 1529 ψήφοις
2597 1455 3148 1526 καταδεδικασμένας.
3209 1456 3608 1527 Περιφέρονται
3654 1456 3762 1527 γὰρ

2167 1546 2357 1618 ῶσπερ
2385 1546 2546 1600 παντὶ
2580 1545 2871 1616 πνεύματι,
2913 1544 3183 1606 mima“
3204 1563 3368 1617 φησιν
3392 1547 3421 1598 ό
3449 1547 3762 1618 Παροιμια-

2170 1640 2322 1710 στὴς,
2394 1638 2714 1712 ρεμσασμὸν
2779 1638 3086 1709 ἐπιθυμιῶν
3143 1638 3529 1709 ὑπομένουσιν.
3583 1639 3764 1710 Ὅπερ

2171 1732 2451 1788 παθοῦσαν
2493 1731 2592 1802 τὴν
2627 1731 3006 1802 Ἰερουσαλὴμ,
3049 1731 3137 1785 διά
3168 1731 3229 1784 τδ
3273 1731 3608 1803 προσνεῦσαι
3642 1735 3763 1794 ταῖς

2171 1826 2284 1881 τῶν
2330 1827 2623 1897 δαιμονίων
2645 1823 2906 1888 ἀπάταις,
2945 1826 3138 1896 ᾐτιᾶτο
3181 1823 3357 1892 λέγων
3392 1825 3420 1877 6
3470 1824 3581 1878 τῶν
3624 1825 3764 1877 ὅλων

2172 1919 2336 1984 Θεός·
2383 1921 2473 1974 Ἐν
2533 1919 2854 1990 ἐπιθυμίαις
2903 1917 3083 1988 ψυχῆς
3139 1917 3307 1987 αὐτῆς
3354 1918 3766 1987 ἐπνευματοφο-

2175 2009 2344 2079 ρεϊτο.
2402 2006 3006 2078 Πνευματοφορουμένη
3051 2005 3109 2059 δὲ
3155 2004 3336 2075 ψυχὴ,
3374 2006 3597 2069 πάντως
3657 2023 3764 2058 που

2174 2097 2270 2152 καὶ
2295 2097 2686 2160 ἀκατάστατος.
2715 2096 2825 2150 Καὶ
2844 2093 2975 2164 γοῦν
2997 2096 3046 2150 οί
3068 2093 3185 2164 Θεῷ
3215 2094 3599 2166 προσκείμενοι
3631 2094 3764 2160 φεύ-

2174 2209 2329 2263 γουσι
2375 2190 2475 2262 τὴν
2513 2191 2688 2254 νόσον,
2735 2189 2812 2254 ὡς
2850 2188 3074 2261 ὀλέθρου
3120 2188 3399 2259 πρόξενον,
3431 2190 3524 2242 καὶ
3565 2188 3632 2259 δὴ
3668 2188 3763 2242 καὶ

2175 2285 2562 2358 χαριστηρίους
2611 2283 2756 2354 ᾠδὰς
2805 2283 3191 2354 ἀναφέρουσιν,
3232 2281 3310 2346 ὼς
3348 2281 3762 2352 ἀπηλλαγμένοι

2175 2374 2271 2428 τοῦ
2305 2371 2498 2427 κακοῦο
2535 2371 2667 2442 φασὶ
2689 2370 2818 2442 γάρ,
2838 2371 2918 2424 ὅτι
2949 2388 2968 2421 ι
3007 2368 3275 2438 ’Ἑστησεν
3300 2370 3392 2422 ἐπὶ
3423 2369 3523 2439 τὴν
3551 2369 3760 2438 πέτραν

2176 2468 2303 2531 τοὺς
2342 2465 2505 2528 πόδας
2542 2482 2664 2536 μου,
2700 2463 2794 2518 καὶ
2820 2460 3116 2515 κατεόθυνε
3142 2459 3210 2514 τὰ
3230 2461 3544 2530 διαδήματά
3574 2477 3696 2528 μου.
3733 2480 3752 2512 ι

2177 2560 2405 2630 Εἴρηται
2439 2557 2496 2609 δὲ
2536 2555 2686 2628 παρά
2717 2553 2854 2608 Θεοῦ
2910 2555 3003 2608 καὶ
3042 2553 3178 2625 πρὸς
3209 2553 3308 2623 τὴν
3343 2553 3451 2606 τῶν
3491 2551 3760 2606 Ἰουδαίων

2181 2649 2398 2722 μητέρα
2421 2665 2434 2678 ·
2460 2647 2694 2718 ιΣτῆσον
2723 2648 2976 2717 σεαυτὴν,
3003 2644 3314 2701 Σιών.›ῐ(α“ι
3328 2646 3433 2717 μὴν
3457 2645 3554 2699 καὶ
3571 2645 3599 2697 6
3625 2645 3764 2700 πάν-

2179 2759 2341 2812 σοφος
2367 2739 2578 2804 Παῦλος
2603 2739 2908 2793 ἐπιστέλλει
2927 2738 3067 2793 τισίν
3088 2754 3102 2770 ⁸
3133 2739 3328 2792 «Ὥστε
3351 2741 3380 2792 ό
3405 2737 3577 2792 δοκῶν
3606 2739 3762 2794 ἐστά-

2178 2854 2288 2900 ναι,
2310 2835 2554 2905 βλεπέτω
2580 2833 2656 2906 μὴ
2685 2831 3040 2905 πέσῃ.»Ἷέξω
3066 2833 3130 2902 δὴ
3156 2829 3252 2887 οὖν
3277 2833 3383 2888 τῶν
3411 2831 3764 2904 ἀγιοπρεπῶν

2180 2929 2516 3000 αὐχημάτων
2547 2930 2580 2998 ἠ
2614 2926 2722 2981 τῶν
2755 2926 3121 2997 πλανωμένων
3139 2925 3309 2998 ψυχή.
3347 2928 3456 2980 Καὶ
3485 2927 3592 2996 γάρ
3618 2927 3764 2979 ἐστιν

2180 3023 2578 3083 ἀκατάστατος.
2623 3019 2840 3089 Ἐπειδὴ
2874 3018 2930 3072 δέ
2960 3019 3262 3090 οἰκτίρμων
3285 3019 3452 3078 ἐστὶν,
3485 3017 3562 3081 ὡς
3600 3017 3761 3087 ἔφην.

2180 3117 2207 3168 6
2235 3114 2341 3167 τῶν
2365 3114 2502 3167 ὅλων
2524 3113 2585 3182 δη
2596 3111 2876 3184 μιουργὸς,
2903 3112 3398 3178 ὑπεραπολογεῖται
3419 3111 3621 3181 τρόπον
3642 3108 3764 3163 τινὰ

2176 3204 2276 3273 τῆς
2306 3202 2468 3256 τοῦτο
2523 3201 2821 3272 παθούσης,
2871 3201 2963 3254 καί
3010 3218 3175 3272 φησιν
3213 3217 3229 3232 ο
3259 3202 3333 3255 Οὐ
3389 3199 3760 3272 παρεκλήθης.

2175 3296 2300 3358 Τοῖς
2333 3295 2431 3363 μὲν
2467 3293 2577 3365 γὰρ
2609 3295 2668 3358 ἐξ
2709 3292 2926 3365 Ἰσραὴλ
2959 3294 3185 3365 πλείστη
3211 3293 3403 3364 γέγονε
3432 3292 3582 3363 παρὰ
3629 3289 3764 3344 Θεοῦ

2178 3385 2547 3460 παράκλησις,
2599 3387 2678 3449 είς
2725 3385 3024 3457 εὐρωστίαν
3058 3386 3256 3450 αὐτοὺς
3277 3385 3627 3456 ἀναφέρουσα
3667 3385 3767 3452 τὴν

2177 3478 2572 3551 πνευματικὴν,
2605 3479 2700 3533 καὶ
2742 3479 2842 3550 τὴν
2883 3480 2977 3532 τοῦ
3007 3480 3283 3550 χρησίμου
3326 3479 3423 3531 καὶ
3465 3478 3764 3548 ἀναγκαίου

2178 3572 2314 3645 πρὸς
2345 3570 2618 3642 σωτηρίαν
2646 3569 2977 3640 εἰσφέρουσα
3006 3569 3228 3638 γνῶσιν.
3267 3570 3486 3623 Δέδοται
3517 3570 3629 3639 γὰρ
3671 3569 3771 3621 αὐ-

2175 3666 2291 3727 τοῖς
2327 3662 2492 3733 νόμος
2540 3662 2569 3713 ό
2619 3661 2707 3715 διά
2761 3661 3026 3726 Μωσέως,
3092 3662 3188 3716 καὶ
3248 3661 3546 3735 προφητῶν
3599 3660 3768 3728 ἁγίων

2177 3755 2461 3826 ἀνεδείχθη
2495 3754 2674 3826 χορὸς,
2698 3755 2812 3817 τοῖς
2842 3753 2902 3820 ἐξ
2933 3753 3164 3826 οὐρανοῦ
3196 3754 3433 3826 νάμασιν
3458 3752 3771 3816 ἐπικλύζων

2179 3848 2398 3911 αὐτοὺς,
2446 3848 2542 3900 καὶ
2577 3846 2922 3919 παράκλησιν
2970 3833 3345 3918 άφθονοτάτην
3404 3845 3565 3900 ὑετοῦ
3611 3846 3773 3915 δίκην

2179 3937 2458 4002 καθιέντος
2489 3939 2672 4002 αὐτοῖς
2704 3938 2799 3992 τοῦ
2824 3938 2959 3992 Θεοῦ
2981 3954 2996 3970 °
3020 3941 3134 4002 τοῖς
3159 3955 3223 4007 γε
3257 3937 3363 4008 μὴν
3392 3936 3572 3990 ἔθνεσι
3605 3953 3774 4007 προσο

2180 4029 2473 4099 λελάληκεν
2516 4030 2694 4094 οὐδεὶς
2741 4029 2850 4082 τῶν
2901 4030 3071 4099 ἁγίων
3132 4029 3432 4092 παντελῶς
3489 4027 3615 4082 οὔτε
3664 4028 3775 4100 γὰρ

2181 4121 2671 4192 πεπαιδαγώγηται
2694 4121 2846 4193 νόμῳ
2874 4123 2953 4193 τῷ
2975 4122 3062 4176 διὰ
3091 4122 3362 4186 Μωσέως,
3399 4119 3697 4190 ἀπείρατοι
3719 4119 3778 4172 δὲ

2181 4213 2460 4278 παντελῶς
2493 4213 2588 4266 καὶ
2621 4212 2976 4284 προφητικῶν
3015 4215 3357 4284 μεμενήκασι
3395 4212 3593 4280 λόγων.
3629 4211 3778 4263 06x-

2180 4305 2275 4360 οὖν
2321 4305 2382 4358 οὐ
2434 4304 2774 4378 παρεκλήθη.
2806 4304 2918 4358 Καὶ
2960 4304 3121 4358 τοῦτο
3159 4303 3426 4357 δέδεικται
3465 4301 3656 4368 σαφῶς
3687 4299 3778 4353 διὰ

2181 4397 2282 4468 τῆς
2309 4397 2672 4468 εὐαγγελικῆς
2711 4396 3048 4469 παραϐολῆς·
3093 4395 3196 4467 ἔφη
3229 4396 3340 4466 γάρ
3382 4409 3486 4448 που
3514 4390 3778 4463 Χριστὸς,

500 4506 518 4539 ι
543 4487 682 4556 Quid
714 4488 802 4543 hic
831 4487 990 4543 statis
1019 4496 1192 4542 totum
1225 4487 1364 4543 diem
1383 4486 1592 4543 otiosi?
1619 4486 1719 4542 (iui
1750 4486 1829 4542 illi
1854 4506 1867 4542 :
1889 4486 2074 4556 Nemo,

2184 4487 2260 4551 ὡς
2292 4489 2321 4541 6
2365 4485 2728 4558 μισθούμενος
2773 4488 2898 4550 τοὺς
2945 4487 3184 4558 ἐργάτας
3227 4486 3309 4548 εἰς
3343 4484 3434 4537 τὸν
3470 4481 3779 4552 ἀμπελῶνα

497 4581 868 4648 inquiunt,nos
883 4578 1261 4634 coutluxiti‘“.
1275 4597 1294 4632 ι
1307 4577 1415 4634 Nec
1431 4579 1578 4635 enim
1602 4579 1890 4650 quisquam
1910 4595 2074 4635 vocu-

496 4671 569 4725 ςίι
586 4672 827 4740 gentium
863 4672 1287 4738 multitudinem,
1315 4671 1417 4726 nisi
1443 4671 1590 4728 solus
1618 4671 1788 4728 vinea:
1815 4671 2076 4727 Dominus

495 4759 808 4818 novissimis
848 4761 1202 4830 temporibus.

2183 4580 2370 4646 αὐτοῦ,
2395 4581 2646 4651 πέπραχε
2681 4581 2778 4650 μὲν
2806 4579 2965 4634 τοῦτο
2994 4580 3123 4650 περὶ
3149 4577 3396 4649 πρώτην,
3430 4576 3527 4630 καὶ
3557 4573 3776 4645 τρίτην,

2182 4673 2348 4743 ἕκτην
2377 4689 2436 4725 τε
2486 4673 2581 4726 καὶ
2613 4672 2842 4743 ἐννάτην
2869 4672 3039 4744 ῶραν.
3075 4674 3210 4745 Περὶ
3247 4672 3304 4726 δέ
3338 4670 3524 4740 γετὴν
3554 4667 3781 4720 ἑνδεκά-

2181 4781 2280 4836 την
2313 4765 2483 4836 ῶραν,
2515 4763 2690 4837 εὑρὼν
2720 4765 2939 4836 ἐτέρους
2961 4765 3200 4827 ἑστῶτας
3233 4764 3460 4835 ἀργοὺς,
3497 4761 3605 4828 ἔφη
3637 4757 3780 4829 πρὸς

493 4855 716 4922 αὐτούς·
745 4856 841 4910 «Τί
867 4849 973 4912 ὧδε
1001 4856 1268 4929 ἑστήκατε
1298 4857 1426 4929 ὅλην
1453 4859 1551 4932 τὴν
1577 4857 1796 4931 ἡμέραν
1818 4858 1976 4930 ἀργοί
2000 4875 2014 4921 ς
2040 4876 2057 4908 ι
2087 4860 2149 4913 ΟΞ
2177 4858 2234 4914 δὲ
2262 4860 2399 4931 πρὸς
2420 4861 2578 4915 τοῦτο
2608 4859 2816 4929 ἔφασαν
2836 4859 2916 4925 τὸ,
2944 4859 3166 4922 «Οὐδεὶς
3190 4859 3339 4929 ἡμᾶς
3369 4853 3771 4927 ἐμισθώσατο.»

508 4949 763 5009 Ἐκάλεσε
811 4949 920 5022 γάρ
951 4949 1128 5014 οὐδεὶς
1156 4949 1264 5005 τῶν
1312 4951 1481 5004 ἐθνῶν
1526 4951 1624 5023 τὴν
1679 4950 1908 5023 πληθὺν,
1981 4951 2121 5025 πλὴν
2193 4956 2275 5008 ὅτι
2324 4957 2481 5027 μόνος
2512 4956 2570 5009 ὲν
2605 4953 2856 5025 ἐσχάτοις
2886 4955 3097 5025 καιροῖς
3139 4953 3168 5005 ό
3200 4951 3294 5006 τοῦ
3322 4947 3651 5022 ἀμπελῶνος
3677 4948 3778 5002 Δε-

497 5060 724 5115 σποτης.

570 5137 731 5194 Vsus.
762 5139 951 5195 H—l3.
993 5137 1125 5193 Ecce
1157 5156 1250 5208 ego
1278 5155 1517 5206 purpura
1554 5140 1651 5192 tibi
1683 5139 2062 5192 carbunculum

496 5229 723 5296 lapidem
795 5239 965 5292 tuum,
1015 5238 1062 5283 et
1105 5227 1448 5298 fundamenta
1508 5236 1600 5281 tua
1643 5229 1972 5295 sapphirum.
2029 5240 2076 5284 et

494 5334 685 5382 ponam
725 5318 1119 5388 propugnacula
1149 5329 1239 5372 tua
1273 5319 1472 5386 iuspin,
1515 5329 1562 5372 et
1588 5327 1765 5386 portas
1791 5328 1908 5372 tuas
1941 5319 2078 5386 (api-

496 5409 587 5460 ἄη
628 5411 892 5478 crystalli,
939 5421 985 5464 et
1049 5426 1260 5464 murum
1319 5421 1467 5462 tuum
1523 5407 1722 5479 lapides
1773 5409 1985 5474 electos,
2030 5419 2079 5462 et

498 5511 675 5551 omnes
692 5497 830 5564 filios
858 5509 973 5556 tuos
1001 5501 1290 5569 discipulos
1320 5499 1436 5566 Dei,
1462 5511 1508 5555 ct
1536 5501 1588 5554 in
1620 5502 1784 5556 multa
1815 5517 1942 5571 pace
1978 5501 2079 5569 ﬁlii

497 5587 595 5644 tui.
817 5645 845 5673 δ

582 5768 646 5804 ⁸⁵⁸
691 5767 817 5838 Sap.
851 5782 921 5832 tv,
958 5767 1010 5820 ι.
1092 5768 1172 5797 ⁸⁵⁸⁵
1207 5769 1348 5824 ι’δτιι.
1384 5788 1572 5840 tum,
1605 5775 1656 5828 5.
1737 5776 1777 5807 ¹⁴
1810 5775 2036 5840 Baruch,
2061 5792 2109 5843 γ,
2140 5775 2192 5830 ἒί.

2255 5135 2399 5190 Ἰδοὺ
2453 5133 2567 5205 ἐγὼ
2599 5133 2877 5203 erat};de
2891 5149 2991 5190 σοι
3024 5133 3293 5202 ἄνθρακα
3317 5133 3425 5188 τὸν
3450 5135 3651 5195 λίθον,
3678 5134 3773 5188 καὶ

2181 5226 2255 5281 τὰ
2302 5225 2547 5295 θεμέλιά
2593 5241 2710 5281 σου
2755 5226 3128 5297 σάπφειρον,
3165 5226 3262 5280 καί
3302 5224 3469 5292 θήσω
3520 5226 3630 5292 τὰς
3669 5227 3773 5279 ἐπ-

2183 5318 2391 5383 άλξεις
2423 5335 2540 5371 σου
2576 5318 2809 5384 tamur,
2844 5319 2941 5372 καὶ
2993 5319 3103 5384 τὰς
3154 5319 3354 5384 πύλας
3387 5314 3506 5372 σοὺ
3563 5319 3775 5383 λίθους

2185 5411 2606 5478 κρυστάλλου,
2658 5410 2758 5465 καί
2825 5411 2934 5465 τὸν
2995 5413 3320 5480 περιϐολόν
3375 5428 3494 5467 σου
3562 5415 3772 5476 λίθους·

2185 5503 2531 5571 ἐκλεκτοὺς,
2589 5503 2687 5558 καὶ
2737 5503 2969 5570 πάντας
3025 5505 3168 5570 τοὺς
3214 5505 3384 5571 υἱούς
3434 5522 3554 5560 σου
3608 5504 3771 5558 διδα-

2191 5596 2372 5662 κτςὶος
2407 5597 2575 5661 θεοῦ,
2609 5597 2708 5652 καὶ
2737 5597 2806 5652 ἐν
2833 5596 3036 5666 πολλῇ
3065 5598 3273 5666 ειρήνῃ
3305 5599 3376 5653 τὰ
3407 5599 3592 5654 τέκνα
3635 5613 3767 5653 σου.

2275 5775 2333 5806 σε*
2369 5776 2537 5831 “for.
2565 5794 2612 5843 ι,
2648 5778 2729 5832 l2.
2813 5779 2891 5810 ¹⁵⁸⁶
2926 5777 3117 5834 Matth.
3148 5793 3240 5843 XI.
3276 5777 3328 5833 δ’
