  <div class='ocr_page' id='page_1' title='image "/cluster/home/n/w/nwhite01/storage/ocr_20150623/70/hvd.32044073501991/610.png"; bbox 0 0 4096 6212; ppageno 0'>
   <div class='ocr_carea' id='block_1_1' title="bbox 338 292 475 349">
    <p class='ocr_par' dir='ltr' id='par_1_1' title="bbox 338 292 475 349">
     <span class='ocr_line' id='line_1_1' title="bbox 338 292 475 349; baseline 0.007 -1"><span class='ocrx_word' id='word_1_1' title='bbox 338 292 475 349; x_wconf 70' lang='grc' dir='ltr'>ιτιιο</span> 
     </span>
    </p>
   </div>
   <div class='ocr_carea' id='block_1_2' title="bbox 1469 293 2470 356">
    <p class='ocr_par' dir='ltr' id='par_1_2' title="bbox 1469 293 2470 356">
     <span class='ocr_line' id='line_1_2' title="bbox 1469 293 2470 356; baseline 0.008 -8"><span class='ocrx_word' id='word_1_2' title='bbox 1469 293 1534 348; x_wconf 65' lang='lat' dir='ltr'><strong>IN</strong></span> <span class='ocrx_word' id='word_1_3' title='bbox 1577 295 1812 350; x_wconf 75' lang='lat' dir='ltr'><strong>lSMAM</strong></span> <span class='ocrx_word' id='word_1_4' title='bbox 1853 296 1982 353; x_wconf 87' lang='lat' dir='ltr'><strong>LIB.</strong></span> <span class='ocrx_word' id='word_1_5' title='bbox 2025 298 2090 354; x_wconf 66' lang='grc' dir='ltr'><strong>Υ.</strong></span> <span class='ocrx_word' id='word_1_6' title='bbox 2134 297 2367 356; x_wconf 74' lang='lat' dir='ltr'><strong>TOMUS</strong></span> <span class='ocrx_word' id='word_1_7' title='bbox 2409 299 2470 356; x_wconf 89' lang='lat' dir='ltr'><strong>ll.</strong></span> 
     </span>
    </p>
   </div>
   <div class='ocr_carea' id='block_1_3' title="bbox 3449 300 3590 360">
    <p class='ocr_par' dir='ltr' id='par_1_3' title="bbox 3449 300 3590 360">
     <span class='ocr_line' id='line_1_3' title="bbox 3449 300 3590 360; baseline 0.035 -5"><span class='ocrx_word' id='word_1_8' title='bbox 3449 300 3590 360; x_wconf 73' lang='grc' dir='ltr'>ΗΙῦ</span> 
     </span>
    </p>
   </div>
   <div class='ocr_carea' id='block_1_4' title="bbox 409 406 1922 488">
    <p class='ocr_par' dir='ltr' id='par_1_4' title="bbox 409 406 1916 484">
     <span class='ocr_line' id='line_1_4' title="bbox 409 406 1916 484; baseline 0.005 -24"><span class='ocrx_word' id='word_1_9' title='bbox 409 406 602 478; x_wconf 77' lang='grc' dir='ltr'>’Δθρει</span> <span class='ocrx_word' id='word_1_10' title='bbox 634 407 698 479; x_wconf 75' lang='grc' dir='ltr'>δή</span> <span class='ocrx_word' id='word_1_11' title='bbox 747 425 837 479; x_wconf 81' lang='grc' dir='ltr'>μοι</span> <span class='ocrx_word' id='word_1_12' title='bbox 892 410 1050 464; x_wconf 68' lang='grc' dir='ltr'>πάλιν</span> <span class='ocrx_word' id='word_1_13' title='bbox 1072 411 1164 465; x_wconf 76' lang='grc' dir='ltr'><strong>τοῦ</strong></span> <span class='ocrx_word' id='word_1_14' title='bbox 1209 413 1364 481; x_wconf 81' lang='grc' dir='ltr'>λόγου</span> <span class='ocrx_word' id='word_1_15' title='bbox 1413 413 1474 466; x_wconf 78' lang='grc' dir='ltr'>τὸ</span> <span class='ocrx_word' id='word_1_16' title='bbox 1516 415 1788 484; x_wconf 82' lang='grc' dir='ltr'>εὐτεχνὲς,</span> <span class='ocrx_word' id='word_1_17' title='bbox 1824 415 1916 468; x_wconf 76' lang='grc' dir='ltr'><strong>καὶ</strong></span> 
     </span>
    </p>
   </div>
   <div class='ocr_carea' id='block_1_5' title="bbox 2024 406 3594 488">
    <p class='ocr_par' dir='ltr' id='par_1_5' title="bbox 2091 416 3594 488">
     <span class='ocr_line' id='line_1_5' title="bbox 2091 416 3594 488; baseline 0 -14"><span class='ocrx_word' id='word_1_18' title='bbox 2091 417 2285 488; x_wconf 85' lang='lat' dir='ltr'><strong>Specta</strong></span> <span class='ocrx_word' id='word_1_19' title='bbox 2343 419 2472 473; x_wconf 89' lang='lat' dir='ltr'><strong>mihi</strong></span> <span class='ocrx_word' id='word_1_20' title='bbox 2512 433 2702 474; x_wconf 80' lang='lat' dir='ltr'><strong>rursus</strong></span> <span class='ocrx_word' id='word_1_21' title='bbox 2728 418 2992 473; x_wconf 86' lang='lat' dir='ltr'><strong>orationis</strong></span> <span class='ocrx_word' id='word_1_22' title='bbox 3038 416 3354 484; x_wconf 79' lang='lat' dir='ltr'><strong>artificium,</strong></span> <span class='ocrx_word' id='word_1_23' title='bbox 3387 423 3442 472; x_wconf 82' lang='lat' dir='ltr'><strong>et</strong></span> <span class='ocrx_word' id='word_1_24' title='bbox 3476 419 3594 474; x_wconf 84' lang='lat' dir='ltr'><strong>bcl-</strong></span> 
     </span>
    </p>
   </div>
   <div class='ocr_carea' id='block_1_6' title="bbox 335 497 1918 576">
    <p class='ocr_par' dir='ltr' id='par_1_6' title="bbox 335 497 1918 576">
     <span class='ocr_line' id='line_1_6' title="bbox 335 497 1918 576; baseline 0.004 -24"><span class='ocrx_word' id='word_1_25' title='bbox 335 497 443 553; x_wconf 85' lang='grc' dir='ltr'><strong>τῶν</strong></span> <span class='ocrx_word' id='word_1_26' title='bbox 499 498 719 552; x_wconf 71' lang='grc' dir='ltr'>ἐννοιῶν</span> <span class='ocrx_word' id='word_1_27' title='bbox 779 499 838 554; x_wconf 80' lang='grc' dir='ltr'><strong>τὸ</strong></span> <span class='ocrx_word' id='word_1_28' title='bbox 900 502 1228 572; x_wconf 81' lang='grc' dir='ltr'><strong>εὐμήχανον.</strong></span> <span class='ocrx_word' id='word_1_29' title='bbox 1279 504 1596 574; x_wconf 79' lang='grc' dir='ltr'><strong>Διαλέγεται</strong></span> <span class='ocrx_word' id='word_1_30' title='bbox 1653 507 1751 574; x_wconf 88' lang='grc' dir='ltr'>μὲν</span> <span class='ocrx_word' id='word_1_31' title='bbox 1810 506 1918 576; x_wconf 81' lang='grc' dir='ltr'><strong>γὰρ</strong></span> 
     </span>
    </p>
   </div>
   <div class='ocr_carea' id='block_1_7' title="bbox 334 589 1918 666">
    <p class='ocr_par' dir='ltr' id='par_1_7' title="bbox 334 589 1918 666">
     <span class='ocr_line' id='line_1_7' title="bbox 334 589 1918 666; baseline 0.005 -26"><span class='ocrx_word' id='word_1_32' title='bbox 334 589 410 646; x_wconf 77' lang='grc' dir='ltr'>ὡς</span> <span class='ocrx_word' id='word_1_33' title='bbox 485 590 609 642; x_wconf 84' lang='grc' dir='ltr'>ὅσον</span> <span class='ocrx_word' id='word_1_34' title='bbox 686 589 896 644; x_wconf 78' lang='grc' dir='ltr'><strong>οὐδέπω</strong></span> <span class='ocrx_word' id='word_1_35' title='bbox 962 592 1168 655; x_wconf 80' lang='grc' dir='ltr'>πόλεως</span> <span class='ocrx_word' id='word_1_36' title='bbox 1243 593 1622 666; x_wconf 76' lang='grc' dir='ltr'>δφθησομένης</span> <span class='ocrx_word' id='word_1_37' title='bbox 1687 597 1785 666; x_wconf 78' lang='grc' dir='ltr'>τῆς</span> <span class='ocrx_word' id='word_1_38' title='bbox 1861 596 1918 663; x_wconf 75' lang='grc' dir='ltr'><strong>ἐξ</strong></span> 
     </span>
    </p>
   </div>
   <div class='ocr_carea' id='block_1_8' title="bbox 336 680 1923 757">
    <p class='ocr_par' dir='ltr' id='par_1_8' title="bbox 336 680 1923 757">
     <span class='ocr_line' id='line_1_8' title="bbox 336 680 1923 757; baseline 0.004 -24"><span class='ocrx_word' id='word_1_39' title='bbox 336 681 506 734; x_wconf 66' lang='grc' dir='ltr'>ἐθνῶν</span> <span class='ocrx_word' id='word_1_40' title='bbox 578 680 904 750; x_wconf 82' lang='grc' dir='ltr'>Ἐκκλησίας</span> <span class='ocrx_word' id='word_1_41' title='bbox 967 682 1415 756; x_wconf 80' lang='grc' dir='ltr'><strong>μεγαλοπρεποῦς</strong></span> <span class='ocrx_word' id='word_1_42' title='bbox 1478 703 1536 738; x_wconf 85' lang='grc' dir='ltr'>τε</span> <span class='ocrx_word' id='word_1_43' title='bbox 1619 685 1713 738; x_wconf 79' lang='grc' dir='ltr'><strong>καὶ</strong></span> <span class='ocrx_word' id='word_1_44' title='bbox 1765 703 1923 757; x_wconf 86' lang='grc' dir='ltr'>περι-</span> 
     </span>
    </p>
   </div>
   <div class='ocr_carea' id='block_1_9' title="bbox 337 773 1919 846">
    <p class='ocr_par' dir='ltr' id='par_1_9' title="bbox 337 773 1919 846">
     <span class='ocr_line' id='line_1_9' title="bbox 337 773 1919 846; baseline 0.004 -20"><span class='ocrx_word' id='word_1_45' title='bbox 337 773 728 842; x_wconf 79' lang='grc' dir='ltr'>καλλεστάτης,</span> <span class='ocrx_word' id='word_1_46' title='bbox 781 773 950 838; x_wconf 79' lang='grc' dir='ltr'><strong>λίθοις</strong></span> <span class='ocrx_word' id='word_1_47' title='bbox 983 791 1047 843; x_wconf 89' lang='grc' dir='ltr'>γε</span> <span class='ocrx_word' id='word_1_48' title='bbox 1100 775 1206 846; x_wconf 80' lang='grc' dir='ltr'>μὴν</span> <span class='ocrx_word' id='word_1_49' title='bbox 1238 779 1351 840; x_wconf 85' lang='grc' dir='ltr'>τοῖς</span> <span class='ocrx_word' id='word_1_50' title='bbox 1385 779 1466 830; x_wconf 81' lang='grc' dir='ltr'>ὅτι</span> <span class='ocrx_word' id='word_1_51' title='bbox 1525 777 1760 846; x_wconf 87' lang='grc' dir='ltr'>μάλιστα</span> <span class='ocrx_word' id='word_1_52' title='bbox 1799 778 1919 832; x_wconf 84' lang='grc' dir='ltr'>δια-</span> 
     </span>
    </p>
   </div>
   <div class='ocr_carea' id='block_1_10' title="bbox 337 865 1919 940">
    <p class='ocr_par' dir='ltr' id='par_1_10' title="bbox 337 865 1919 940">
     <span class='ocr_line' id='line_1_10' title="bbox 337 865 1919 940; baseline 0.004 -23"><span class='ocrx_word' id='word_1_53' title='bbox 337 865 735 936; x_wconf 70' lang='grc' dir='ltr'>πρεπεστάτοις</span> <span class='ocrx_word' id='word_1_54' title='bbox 793 866 1204 939; x_wconf 77' lang='grc' dir='ltr'>ὲξωραῖσμένην</span> <span class='ocrx_word' id='word_1_55' title='bbox 1272 870 1752 940; x_wconf 56' lang='grc' dir='ltr'>ἀποψανθήσεοθαι</span> <span class='ocrx_word' id='word_1_56' title='bbox 1829 870 1919 924; x_wconf 83' lang='grc' dir='ltr'><strong>λέ-</strong></span> 
     </span>
    </p>
   </div>
   <div class='ocr_carea' id='block_1_11' title="bbox 335 957 1918 1031">
    <p class='ocr_par' dir='ltr' id='par_1_11' title="bbox 335 957 1918 1031">
     <span class='ocr_line' id='line_1_11' title="bbox 335 957 1918 1031; baseline 0.005 -21"><span class='ocrx_word' id='word_1_57' title='bbox 335 975 444 1026; x_wconf 85' lang='grc' dir='ltr'>γει.</span> <span class='ocrx_word' id='word_1_58' title='bbox 514 957 677 1028; x_wconf 82' lang='grc' dir='ltr'>Θήσω</span> <span class='ocrx_word' id='word_1_59' title='bbox 738 957 868 1029; x_wconf 85' lang='grc' dir='ltr'>γὰρ,</span> <span class='ocrx_word' id='word_1_60' title='bbox 923 960 1108 1030; x_wconf 68' lang='grc' dir='ltr'>φησιν,</span> <span class='ocrx_word' id='word_1_61' title='bbox 1159 959 1409 1031; x_wconf 81' lang='grc' dir='ltr'>ἄνθρακα</span> <span class='ocrx_word' id='word_1_62' title='bbox 1463 962 1554 1014; x_wconf 76' lang='grc' dir='ltr'><strong>τὸν</strong></span> <span class='ocrx_word' id='word_1_63' title='bbox 1605 961 1750 1014; x_wconf 88' lang='grc' dir='ltr'>λίθον</span> <span class='ocrx_word' id='word_1_64' title='bbox 1802 979 1918 1018; x_wconf 91' lang='grc' dir='ltr'>σου.</span> 
     </span>
    </p>
   </div>
   <div class='ocr_carea' id='block_1_12' title="bbox 341 1049 1920 1123">
    <p class='ocr_par' dir='ltr' id='par_1_12' title="bbox 341 1049 1920 1123">
     <span class='ocr_line' id='line_1_12' title="bbox 341 1049 1920 1123; baseline 0.003 -20"><span class='ocrx_word' id='word_1_65' title='bbox 341 1050 525 1103; x_wconf 80' lang='grc' dir='ltr'>Ἐοικε</span> <span class='ocrx_word' id='word_1_66' title='bbox 553 1051 609 1103; x_wconf 80' lang='grc' dir='ltr'>δὲ</span> <span class='ocrx_word' id='word_1_67' title='bbox 638 1049 725 1104; x_wconf 84' lang='grc' dir='ltr'>διὰ</span> <span class='ocrx_word' id='word_1_68' title='bbox 754 1050 957 1104; x_wconf 86' lang='grc' dir='ltr'>τούτων</span> <span class='ocrx_word' id='word_1_69' title='bbox 1008 1053 1439 1123; x_wconf 79' lang='grc' dir='ltr'>κατατημαίνειν</span> <span class='ocrx_word' id='word_1_70' title='bbox 1487 1053 1771 1122; x_wconf 85' lang='grc' dir='ltr'>βουλεσθαι</span> <span class='ocrx_word' id='word_1_71' title='bbox 1829 1055 1920 1107; x_wconf 76' lang='grc' dir='ltr'><strong>τὸν</strong></span> 
     </span>
    </p>
   </div>
   <div class='ocr_carea' id='block_1_13' title="bbox 350 1141 1923 1216">
    <p class='ocr_par' dir='ltr' id='par_1_13' title="bbox 350 1141 1923 1216">
     <span class='ocr_line' id='line_1_13' title="bbox 350 1141 1923 1216; baseline 0.004 -23"><span class='ocrx_word' id='word_1_72' title='bbox 350 1141 579 1212; x_wconf 78' lang='grc' dir='ltr'>Ἰησοῦν,</span> <span class='ocrx_word' id='word_1_73' title='bbox 643 1142 703 1194; x_wconf 81' lang='grc' dir='ltr'><strong>ὂν</strong></span> <span class='ocrx_word' id='word_1_74' title='bbox 773 1141 836 1213; x_wconf 78' lang='grc' dir='ltr'>δὴ</span> <span class='ocrx_word' id='word_1_75' title='bbox 902 1142 1176 1197; x_wconf 85' lang='grc' dir='ltr'>τεθεῖσθαί</span> <span class='ocrx_word' id='word_1_76' title='bbox 1240 1161 1374 1214; x_wconf 80' lang='grc' dir='ltr'>φησι</span> <span class='ocrx_word' id='word_1_77' title='bbox 1437 1146 1498 1198; x_wconf 76' lang='grc' dir='ltr'>τὸ</span> <span class='ocrx_word' id='word_1_78' title='bbox 1563 1146 1800 1216; x_wconf 76' lang='grc' dir='ltr'>Γράμμα</span> <span class='ocrx_word' id='word_1_79' title='bbox 1861 1146 1923 1200; x_wconf 81' lang='grc' dir='ltr'>τὸ</span> 
     </span>
    </p>
   </div>
   <div class='ocr_carea' id='block_1_14' title="bbox 341 1233 1920 1304">
    <p class='ocr_par' dir='ltr' id='par_1_14' title="bbox 341 1233 1920 1304">
     <span class='ocr_line' id='line_1_14' title="bbox 341 1233 1920 1304; baseline 0.003 -18"><span class='ocrx_word' id='word_1_80' title='bbox 341 1234 484 1304; x_wconf 69' lang='grc' dir='ltr'>ἱερὸν</span> <span class='ocrx_word' id='word_1_81' title='bbox 508 1237 588 1296; x_wconf 87' lang='grc' dir='ltr'><strong>είς</strong></span> <span class='ocrx_word' id='word_1_82' title='bbox 614 1233 683 1287; x_wconf 76' lang='grc' dir='ltr'><strong>τὰ</strong></span> <span class='ocrx_word' id='word_1_83' title='bbox 709 1235 935 1303; x_wconf 80' lang='grc' dir='ltr'>θεμέλια</span> <span class='ocrx_word' id='word_1_84' title='bbox 965 1235 1125 1298; x_wconf 80' lang='grc' dir='ltr'>Σιὼν,</span> <span class='ocrx_word' id='word_1_85' title='bbox 1157 1240 1236 1299; x_wconf 87' lang='grc' dir='ltr'><strong>είς</strong></span> <span class='ocrx_word' id='word_1_86' title='bbox 1268 1237 1327 1290; x_wconf 82' lang='grc' dir='ltr'>ὃν</span> <span class='ocrx_word' id='word_1_87' title='bbox 1366 1238 1528 1302; x_wconf 77' lang='grc' dir='ltr'>εἴτις</span> <span class='ocrx_word' id='word_1_88' title='bbox 1558 1237 1920 1303; x_wconf 80' lang='grc' dir='ltr'><strong>πιστεύσειεν,</strong></span> 
     </span>
    </p>
   </div>
   <div class='ocr_carea' id='block_1_15' title="bbox 337 1326 1921 1399">
    <p class='ocr_par' dir='ltr' id='par_1_15' title="bbox 337 1326 1921 1399">
     <span class='ocr_line' id='line_1_15' title="bbox 337 1326 1921 1399; baseline 0.001 -21"><span class='ocrx_word' id='word_1_89' title='bbox 337 1327 398 1379; x_wconf 84' lang='grc' dir='ltr'>οὐ</span> <span class='ocrx_word' id='word_1_90' title='bbox 455 1326 530 1396; x_wconf 82' lang='grc' dir='ltr'>μὴ</span> <span class='ocrx_word' id='word_1_91' title='bbox 576 1327 970 1398; x_wconf 81' lang='grc' dir='ltr'>καταισχυνθῇ.</span> <span class='ocrx_word' id='word_1_92' title='bbox 1004 1327 1288 1399; x_wconf 81' lang='grc' dir='ltr'>Ἀνθρακα</span> <span class='ocrx_word' id='word_1_93' title='bbox 1337 1329 1434 1398; x_wconf 82' lang='grc' dir='ltr'>μὲν</span> <span class='ocrx_word' id='word_1_94' title='bbox 1488 1327 1647 1382; x_wconf 78' lang='grc' dir='ltr'>αὐτὸν</span> <span class='ocrx_word' id='word_1_95' title='bbox 1692 1328 1751 1380; x_wconf 83' lang='grc' dir='ltr'><strong>ὲν</strong></span> <span class='ocrx_word' id='word_1_96' title='bbox 1797 1326 1921 1380; x_wconf 69' lang='grc' dir='ltr'>τούκ</span> 
     </span>
    </p>
   </div>
   <div class='ocr_carea' id='block_1_16' title="bbox 335 1418 1920 1490">
    <p class='ocr_par' dir='ltr' id='par_1_16' title="bbox 335 1418 1920 1490">
     <span class='ocr_line' id='line_1_16' title="bbox 335 1418 1920 1490; baseline 0.003 -20"><span class='ocrx_word' id='word_1_97' title='bbox 335 1435 452 1481; x_wconf 86' lang='grc' dir='ltr'>τοις</span> <span class='ocrx_word' id='word_1_98' title='bbox 493 1418 768 1489; x_wconf 79' lang='grc' dir='ltr'><strong>ὀνομάζει.</strong></span> <span class='ocrx_word' id='word_1_99' title='bbox 823 1420 1203 1490; x_wconf 77' lang='grc' dir='ltr'>Διαμέμνηται</span> <span class='ocrx_word' id='word_1_100' title='bbox 1251 1421 1308 1473; x_wconf 84' lang='grc' dir='ltr'>δὲ</span> <span class='ocrx_word' id='word_1_101' title='bbox 1363 1421 1454 1473; x_wconf 79' lang='grc' dir='ltr'><strong>καὶ</strong></span> <span class='ocrx_word' id='word_1_102' title='bbox 1510 1420 1713 1490; x_wconf 79' lang='grc' dir='ltr'>ἑτέρως</span> <span class='ocrx_word' id='word_1_103' title='bbox 1756 1419 1920 1474; x_wconf 80' lang='grc' dir='ltr'>αὐτοῦ</span> 
     </span>
    </p>
   </div>
   <div class='ocr_carea' id='block_1_17' title="bbox 336 1509 1919 1582">
    <p class='ocr_par' dir='ltr' id='par_1_17' title="bbox 336 1509 1919 1582">
     <span class='ocr_line' id='line_1_17' title="bbox 336 1509 1919 1582; baseline 0.003 -21"><span class='ocrx_word' id='word_1_104' title='bbox 336 1509 424 1562; x_wconf 66' lang='grc' dir='ltr'>διὰ</span> <span class='ocrx_word' id='word_1_105' title='bbox 455 1509 752 1579; x_wconf 62' lang='grc' dir='ltr'>προφητῶν</span> <span class='ocrx_word' id='word_1_106' title='bbox 785 1511 978 1579; x_wconf 85' lang='grc' dir='ltr'>ἁγίων.</span> <span class='ocrx_word' id='word_1_107' title='bbox 1007 1512 1150 1582; x_wconf 67' lang='grc' dir='ltr'>Ἔφη</span> <span class='ocrx_word' id='word_1_108' title='bbox 1197 1511 1328 1579; x_wconf 83' lang='grc' dir='ltr'>γοῦν</span> <span class='ocrx_word' id='word_1_109' title='bbox 1357 1511 1445 1564; x_wconf 74' lang='grc' dir='ltr'>διὰ</span> <span class='ocrx_word' id='word_1_110' title='bbox 1477 1512 1661 1580; x_wconf 81' lang='grc' dir='ltr'>φωνῆς</span> <span class='ocrx_word' id='word_1_111' title='bbox 1699 1509 1882 1580; x_wconf 78' lang='grc' dir='ltr'><strong>’Δμώς</strong></span> <span class='ocrx_word' id='word_1_112' title='bbox 1905 1528 1919 1543; x_wconf 90' lang='grc'><strong>·</strong></span> 
     </span>
    </p>
   </div>
   <div class='ocr_carea' id='block_1_18' title="bbox 345 1587 1921 1670">
    <p class='ocr_par' dir='ltr' id='par_1_18' title="bbox 345 1587 1921 1670">
     <span class='ocr_line' id='line_1_18' title="bbox 345 1587 1921 1670; baseline 0.003 -22"><span class='ocrx_word' id='word_1_113' title='bbox 345 1617 362 1648; x_wconf 76' lang='grc' dir='ltr'>ι</span> <span class='ocrx_word' id='word_1_114' title='bbox 388 1598 516 1650; x_wconf 77' lang='grc' dir='ltr'>Ἰδοὺ</span> <span class='ocrx_word' id='word_1_115' title='bbox 568 1596 679 1664; x_wconf 81' lang='grc' dir='ltr'><strong>ἐγὼ</strong></span> <span class='ocrx_word' id='word_1_116' title='bbox 725 1599 970 1651; x_wconf 84' lang='grc' dir='ltr'>ὲντάσσω</span> <span class='ocrx_word' id='word_1_117' title='bbox 1014 1587 1297 1668; x_wconf 73' lang='grc' dir='ltr'>ἀδάμαντα</span> <span class='ocrx_word' id='word_1_118' title='bbox 1340 1601 1398 1651; x_wconf 85' lang='grc' dir='ltr'>ὲν</span> <span class='ocrx_word' id='word_1_119' title='bbox 1442 1600 1594 1670; x_wconf 81' lang='grc' dir='ltr'>μέσῳ</span> <span class='ocrx_word' id='word_1_120' title='bbox 1640 1599 1771 1652; x_wconf 74' lang='grc' dir='ltr'>λαοῦ</span> <span class='ocrx_word' id='word_1_121' title='bbox 1817 1617 1921 1669; x_wconf 88' lang='grc' dir='ltr'><strong>μου</strong></span> 
     </span>
    </p>
   </div>
   <div class='ocr_carea' id='block_1_19' title="bbox 352 1689 1921 1760">
    <p class='ocr_par' dir='ltr' id='par_1_19' title="bbox 352 1689 1921 1760">
     <span class='ocr_line' id='line_1_19' title="bbox 352 1689 1921 1760; baseline 0 -17"><span class='ocrx_word' id='word_1_122' title='bbox 352 1690 623 1760; x_wconf 75' lang='grc' dir='ltr'>Ἰσραήλ.»</span> <span class='ocrx_word' id='word_1_123' title='bbox 651 1689 752 1742; x_wconf 82' lang='grc' dir='ltr'><strong>Διὰ</strong></span> <span class='ocrx_word' id='word_1_124' title='bbox 781 1689 838 1742; x_wconf 85' lang='grc' dir='ltr'>δέ</span> <span class='ocrx_word' id='word_1_125' title='bbox 867 1707 929 1758; x_wconf 90' lang='grc' dir='ltr'>γε</span> <span class='ocrx_word' id='word_1_126' title='bbox 961 1692 1142 1760; x_wconf 75' lang='grc' dir='ltr'>φωνῆς</span> <span class='ocrx_word' id='word_1_127' title='bbox 1172 1691 1444 1760; x_wconf 87' lang='grc' dir='ltr'>Ζαχαρίου</span> <span class='ocrx_word' id='word_1_128' title='bbox 1464 1707 1478 1721; x_wconf 86' lang='grc'><strong>·</strong></span> <span class='ocrx_word' id='word_1_129' title='bbox 1521 1709 1539 1742; x_wconf 76' lang='grc' dir='ltr'>ι</span> <span class='ocrx_word' id='word_1_130' title='bbox 1563 1690 1691 1744; x_wconf 85' lang='grc' dir='ltr'><strong>’1δού</strong></span> <span class='ocrx_word' id='word_1_131' title='bbox 1728 1691 1836 1744; x_wconf 63' lang='lat' dir='ltr'><strong>Emi</strong></span> <span class='ocrx_word' id='word_1_132' title='bbox 1852 1708 1921 1758; x_wconf 71' lang='grc' dir='ltr'>(ω</span> 
     </span>
    </p>
   </div>
   <div class='ocr_carea' id='block_1_20' title="bbox 338 1761 1993 1852">
    <p class='ocr_par' dir='ltr' id='par_1_20' title="bbox 338 1761 1993 1852">
     <span class='ocr_line' id='line_1_20' title="bbox 338 1761 1993 1852; baseline 0.001 -18"><span class='ocrx_word' id='word_1_133' title='bbox 338 1781 432 1834; x_wconf 78' lang='grc' dir='ltr'>ιπι</span> <span class='ocrx_word' id='word_1_134' title='bbox 461 1782 550 1834; x_wconf 81' lang='grc' dir='ltr'><strong>τὸν</strong></span> <span class='ocrx_word' id='word_1_135' title='bbox 581 1780 765 1834; x_wconf 73' lang='grc' dir='ltr'>δοῦλόν</span> <span class='ocrx_word' id='word_1_136' title='bbox 800 1798 903 1851; x_wconf 89' lang='grc' dir='ltr'><strong>μου</strong></span> <span class='ocrx_word' id='word_1_137' title='bbox 935 1782 1235 1852; x_wconf 59' lang='grc' dir='ltr'>ἀνατολήν</span> <span class='ocrx_word' id='word_1_138' title='bbox 1268 1783 1398 1835; x_wconf 79' lang='grc' dir='ltr'>διότι</span> <span class='ocrx_word' id='word_1_139' title='bbox 1433 1781 1580 1846; x_wconf 84' lang='grc' dir='ltr'>λίθος</span> <span class='ocrx_word' id='word_1_140' title='bbox 1612 1782 1671 1836; x_wconf 88' lang='grc' dir='ltr'><strong>ὃν</strong></span> <span class='ocrx_word' id='word_1_141' title='bbox 1713 1783 1919 1836; x_wconf 81' lang='grc' dir='ltr'>δέδωκα</span> <span class='ocrx_word' id='word_1_142' title='bbox 1955 1761 1993 1815; x_wconf 80' lang='grc' dir='ltr'><strong>Β</strong></span> 
     </span>
    </p>
   </div>
   <div class='ocr_carea' id='block_1_21' title="bbox 340 1870 1922 1942">
    <p class='ocr_par' dir='ltr' id='par_1_21' title="bbox 340 1870 1922 1942">
     <span class='ocr_line' id='line_1_21' title="bbox 340 1870 1922 1942; baseline 0.001 -18"><span class='ocrx_word' id='word_1_143' title='bbox 340 1871 450 1941; x_wconf 76' lang='grc' dir='ltr'>πρὸ</span> <span class='ocrx_word' id='word_1_144' title='bbox 486 1870 781 1940; x_wconf 80' lang='grc' dir='ltr'>προσώπου</span> <span class='ocrx_word' id='word_1_145' title='bbox 825 1871 1024 1942; x_wconf 83' lang='grc' dir='ltr'>Ἰησοῦ,</span> <span class='ocrx_word' id='word_1_146' title='bbox 1065 1873 1158 1924; x_wconf 72' lang='grc' dir='ltr'><strong>ἐπὶ</strong></span> <span class='ocrx_word' id='word_1_147' title='bbox 1200 1872 1291 1926; x_wconf 73' lang='grc' dir='ltr'>τὸν</span> <span class='ocrx_word' id='word_1_148' title='bbox 1337 1871 1486 1926; x_wconf 85' lang='grc' dir='ltr'>λίθον</span> <span class='ocrx_word' id='word_1_149' title='bbox 1519 1871 1608 1925; x_wconf 80' lang='grc' dir='ltr'><strong>τὸν</strong></span> <span class='ocrx_word' id='word_1_150' title='bbox 1647 1872 1742 1925; x_wconf 75' lang='grc' dir='ltr'>ἕνα</span> <span class='ocrx_word' id='word_1_151' title='bbox 1784 1873 1922 1926; x_wconf 79' lang='grc' dir='ltr'>ἑπτὰ</span> 
     </span>
    </p>
   </div>
   <div class='ocr_carea' id='block_1_22' title="bbox 339 1962 1921 2033">
    <p class='ocr_par' dir='ltr' id='par_1_22' title="bbox 339 1962 1921 2033">
     <span class='ocr_line' id='line_1_22' title="bbox 339 1962 1921 2033; baseline 0.001 -19"><span class='ocrx_word' id='word_1_152' title='bbox 339 1962 610 2031; x_wconf 56' lang='grc' dir='ltr'>ὀφθαλμοί</span> <span class='ocrx_word' id='word_1_153' title='bbox 643 1963 802 2016; x_wconf 90' lang='grc' dir='ltr'>είσιν.</span> <span class='ocrx_word' id='word_1_154' title='bbox 832 1981 850 2014; x_wconf 74' lang='grc' dir='ltr'><strong>ι</strong></span> <span class='ocrx_word' id='word_1_155' title='bbox 881 1964 1099 2016; x_wconf 81' lang='grc' dir='ltr'>Ἐνεστι</span> <span class='ocrx_word' id='word_1_156' title='bbox 1131 1962 1238 2033; x_wconf 71' lang='grc' dir='ltr'><strong>γὰρ</strong></span> <span class='ocrx_word' id='word_1_157' title='bbox 1260 1962 1330 2016; x_wconf 77' lang='grc' dir='ltr'>τὰ</span> <span class='ocrx_word' id='word_1_158' title='bbox 1353 1963 1628 2032; x_wconf 78' lang='grc' dir='ltr'>πανταχοῦ</span> <span class='ocrx_word' id='word_1_159' title='bbox 1661 1962 1921 2016; x_wconf 80' lang='grc' dir='ltr'>δύνασθαι</span> 
     </span>
    </p>
   </div>
   <div class='ocr_carea' id='block_1_23' title="bbox 343 2052 1922 2125">
    <p class='ocr_par' dir='ltr' id='par_1_23' title="bbox 343 2052 1922 2125">
     <span class='ocr_line' id='line_1_23' title="bbox 343 2052 1922 2125; baseline 0.001 -19"><span class='ocrx_word' id='word_1_160' title='bbox 343 2052 584 2124; x_wconf 81' lang='grc' dir='ltr'>καθορᾷν</span> <span class='ocrx_word' id='word_1_161' title='bbox 615 2052 693 2123; x_wconf 81' lang='grc' dir='ltr'><strong>τῷ</strong></span> <span class='ocrx_word' id='word_1_162' title='bbox 729 2054 1083 2125; x_wconf 81' lang='grc' dir='ltr'>παντεπόπτῃ</span> <span class='ocrx_word' id='word_1_163' title='bbox 1126 2053 1367 2124; x_wconf 79' lang='grc' dir='ltr'>Χριστῷ.</span> <span class='ocrx_word' id='word_1_164' title='bbox 1405 2054 1655 2107; x_wconf 77' lang='grc' dir='ltr'>Τέθειται</span> <span class='ocrx_word' id='word_1_165' title='bbox 1683 2053 1860 2108; x_wconf 82' lang='grc' dir='ltr'>τοίνυν</span> <span class='ocrx_word' id='word_1_166' title='bbox 1893 2055 1922 2107; x_wconf 86' lang='grc' dir='ltr'><strong>ό</strong></span> 
     </span>
    </p>
   </div>
   <div class='ocr_carea' id='block_1_24' title="bbox 341 2146 1921 2219">
    <p class='ocr_par' dir='ltr' id='par_1_24' title="bbox 341 2146 1921 2219">
     <span class='ocr_line' id='line_1_24' title="bbox 341 2146 1921 2219; baseline -0.001 -19"><span class='ocrx_word' id='word_1_167' title='bbox 341 2146 545 2216; x_wconf 77' lang='grc' dir='ltr'>ἄνθραξ</span> <span class='ocrx_word' id='word_1_168' title='bbox 583 2147 662 2209; x_wconf 86' lang='grc' dir='ltr'>εἰς</span> <span class='ocrx_word' id='word_1_169' title='bbox 698 2146 845 2199; x_wconf 83' lang='grc' dir='ltr'>λίθον</span> <span class='ocrx_word' id='word_1_170' title='bbox 887 2147 981 2219; x_wconf 75' lang='grc' dir='ltr'>καὶ</span> <span class='ocrx_word' id='word_1_171' title='bbox 1020 2146 1414 2199; x_wconf 80' lang='grc' dir='ltr'>ἁκατάσειστον</span> <span class='ocrx_word' id='word_1_172' title='bbox 1450 2146 1767 2218; x_wconf 79' lang='grc' dir='ltr'>ὑποϐάθραν</span> <span class='ocrx_word' id='word_1_173' title='bbox 1819 2149 1921 2218; x_wconf 77' lang='grc' dir='ltr'>τῆς</span> 
     </span>
    </p>
   </div>
   <div class='ocr_carea' id='block_1_25' title="bbox 342 2237 1916 2311">
    <p class='ocr_par' dir='ltr' id='par_1_25' title="bbox 342 2237 1916 2311">
     <span class='ocr_line' id='line_1_25' title="bbox 342 2237 1916 2311; baseline 0.001 -21"><span class='ocrx_word' id='word_1_174' title='bbox 342 2237 550 2301; x_wconf 84' lang='grc' dir='ltr'>πόλεως</span> <span class='ocrx_word' id='word_1_175' title='bbox 589 2238 689 2306; x_wconf 75' lang='grc' dir='ltr'><strong>τῆς</strong></span> <span class='ocrx_word' id='word_1_176' title='bbox 731 2239 910 2305; x_wconf 79' lang='grc' dir='ltr'>ἁγίας.</span> <span class='ocrx_word' id='word_1_177' title='bbox 957 2237 1076 2291; x_wconf 82' lang='grc' dir='ltr'><strong>Ἐπ’</strong></span> <span class='ocrx_word' id='word_1_178' title='bbox 1120 2238 1267 2308; x_wconf 82' lang='grc' dir='ltr'>αὐτῷ</span> <span class='ocrx_word' id='word_1_179' title='bbox 1311 2238 1366 2292; x_wconf 82' lang='grc' dir='ltr'>δὲ</span> <span class='ocrx_word' id='word_1_180' title='bbox 1405 2238 1542 2292; x_wconf 82' lang='grc' dir='ltr'>λίθοι</span> <span class='ocrx_word' id='word_1_181' title='bbox 1590 2240 1916 2311; x_wconf 73' lang='grc' dir='ltr'>σαπφείρου,</span> 
     </span>
    </p>
   </div>
   <div class='ocr_carea' id='block_1_26' title="bbox 339 2329 1919 2402">
    <p class='ocr_par' dir='ltr' id='par_1_26' title="bbox 339 2329 1919 2402">
     <span class='ocr_line' id='line_1_26' title="bbox 339 2329 1919 2402; baseline 0.001 -21"><span class='ocrx_word' id='word_1_182' title='bbox 339 2329 482 2399; x_wconf 88' lang='grc' dir='ltr'>τάχα</span> <span class='ocrx_word' id='word_1_183' title='bbox 509 2347 612 2383; x_wconf 89' lang='grc' dir='ltr'><strong>που</strong></span> <span class='ocrx_word' id='word_1_184' title='bbox 638 2331 698 2383; x_wconf 83' lang='grc' dir='ltr'>τὸ</span> <span class='ocrx_word' id='word_1_185' title='bbox 720 2329 825 2382; x_wconf 88' lang='grc' dir='ltr'><strong>τῶν</strong></span> <span class='ocrx_word' id='word_1_186' title='bbox 858 2331 1031 2398; x_wconf 81' lang='grc' dir='ltr'><strong>ἁγίων</strong></span> <span class='ocrx_word' id='word_1_187' title='bbox 1058 2330 1373 2384; x_wconf 70' lang='grc' dir='ltr'>ἀποστόλων</span> <span class='ocrx_word' id='word_1_188' title='bbox 1391 2335 1581 2400; x_wconf 75' lang='grc' dir='ltr'>στῖφος</span> <span class='ocrx_word' id='word_1_189' title='bbox 1602 2331 1919 2402; x_wconf 8' lang='grc' dir='ltr'>,ὑποσημαί-</span> 
     </span>
    </p>
   </div>
   <div class='ocr_carea' id='block_1_27' title="bbox 340 2414 1922 2492">
    <p class='ocr_par' dir='ltr' id='par_1_27' title="bbox 340 2414 1922 2492">
     <span class='ocr_line' id='line_1_27' title="bbox 340 2414 1922 2492; baseline 0.002 -20"><span class='ocrx_word' id='word_1_190' title='bbox 340 2438 543 2484; x_wconf 86' lang='grc' dir='ltr'>νοντες.</span> <span class='ocrx_word' id='word_1_191' title='bbox 576 2422 892 2492; x_wconf 80' lang='grc' dir='ltr'>Ἐγγύτεροι</span> <span class='ocrx_word' id='word_1_192' title='bbox 921 2423 1028 2491; x_wconf 82' lang='grc' dir='ltr'>γὰρ</span> <span class='ocrx_word' id='word_1_193' title='bbox 1058 2414 1207 2475; x_wconf 73' lang='grc' dir='ltr'>οὗτοι</span> <span class='ocrx_word' id='word_1_194' title='bbox 1235 2423 1498 2492; x_wconf 80' lang='grc' dir='ltr'>Χριστοῦ.</span> <span class='ocrx_word' id='word_1_195' title='bbox 1531 2425 1624 2475; x_wconf 77' lang='grc' dir='ltr'><strong>καὶ</strong></span> <span class='ocrx_word' id='word_1_196' title='bbox 1647 2418 1757 2475; x_wconf 69' lang='grc' dir='ltr'>οἷον</span> <span class='ocrx_word' id='word_1_197' title='bbox 1778 2441 1922 2486; x_wconf 85' lang='grc' dir='ltr'>τινες</span> 
     </span>
    </p>
   </div>
   <div class='ocr_carea' id='block_1_28' title="bbox 342 2511 1921 2584">
    <p class='ocr_par' dir='ltr' id='par_1_28' title="bbox 342 2511 1921 2584">
     <span class='ocr_line' id='line_1_28' title="bbox 342 2511 1921 2584; baseline 0.001 -20"><span class='ocrx_word' id='word_1_198' title='bbox 342 2511 582 2580; x_wconf 75' lang='grc' dir='ltr'>θεμέλιοι</span> <span class='ocrx_word' id='word_1_199' title='bbox 618 2511 738 2580; x_wconf 83' lang='grc' dir='ltr'>μετ’</span> <span class='ocrx_word' id='word_1_200' title='bbox 765 2512 925 2564; x_wconf 84' lang='grc' dir='ltr'>αὐτὸν</span> <span class='ocrx_word' id='word_1_201' title='bbox 957 2513 1213 2580; x_wconf 84' lang='grc' dir='ltr'>γεγόνασι</span> <span class='ocrx_word' id='word_1_202' title='bbox 1245 2516 1344 2583; x_wconf 83' lang='grc' dir='ltr'>τῆς</span> <span class='ocrx_word' id='word_1_203' title='bbox 1373 2513 1464 2566; x_wconf 86' lang='grc' dir='ltr'>ὐπ’</span> <span class='ocrx_word' id='word_1_204' title='bbox 1490 2513 1736 2584; x_wconf 83' lang='grc' dir='ltr'>οὐρανόν.</span> <span class='ocrx_word' id='word_1_205' title='bbox 1766 2514 1921 2566; x_wconf 73' lang='grc' dir='ltr'>Οὕτω</span> 
     </span>
    </p>
   </div>
   <div class='ocr_carea' id='block_1_29' title="bbox 341 2601 1920 2674">
    <p class='ocr_par' dir='ltr' id='par_1_29' title="bbox 341 2601 1920 2674">
     <span class='ocr_line' id='line_1_29' title="bbox 341 2601 1920 2674; baseline 0.003 -20"><span class='ocrx_word' id='word_1_206' title='bbox 341 2601 444 2654; x_wconf 77' lang='grc' dir='ltr'><strong>πού</strong></span> <span class='ocrx_word' id='word_1_207' title='bbox 489 2619 650 2672; x_wconf 80' lang='grc' dir='ltr'>φησιν</span> <span class='ocrx_word' id='word_1_208' title='bbox 703 2604 731 2656; x_wconf 90' lang='grc' dir='ltr'>ὁ</span> <span class='ocrx_word' id='word_1_209' title='bbox 778 2602 943 2654; x_wconf 76' lang='grc' dir='ltr'>Δαϐὶδ</span> <span class='ocrx_word' id='word_1_210' title='bbox 977 2605 1039 2656; x_wconf 71' lang='grc' dir='ltr'><strong>ἐν</strong></span> <span class='ocrx_word' id='word_1_211' title='bbox 1085 2605 1535 2674; x_wconf 76' lang='grc' dir='ltr'><strong>ἑπτακαιδεκάτῳ</strong></span> <span class='ocrx_word' id='word_1_212' title='bbox 1580 2604 1800 2674; x_wconf 63' lang='grc' dir='ltr'>ψαλμῷ,</span> <span class='ocrx_word' id='word_1_213' title='bbox 1839 2605 1920 2658; x_wconf 82' lang='grc' dir='ltr'><strong>ὅτι</strong></span> 
     </span>
    </p>
   </div>
   <div class='ocr_carea' id='block_1_30' title="bbox 347 2693 1918 2764">
    <p class='ocr_par' dir='ltr' id='par_1_30' title="bbox 347 2693 1918 2764">
     <span class='ocr_line' id='line_1_30' title="bbox 347 2693 1918 2764; baseline 0.001 -19"><span class='ocrx_word' id='word_1_214' title='bbox 347 2712 366 2745; x_wconf 72' lang='grc' dir='ltr'><strong>ι</strong></span> <span class='ocrx_word' id='word_1_215' title='bbox 408 2694 688 2762; x_wconf 72' lang='grc' dir='ltr'>Ὠφθησαν</span> <span class='ocrx_word' id='word_1_216' title='bbox 714 2694 772 2747; x_wconf 82' lang='grc' dir='ltr'>αἱ</span> <span class='ocrx_word' id='word_1_217' title='bbox 804 2698 978 2764; x_wconf 80' lang='grc' dir='ltr'>πηγαὶ</span> <span class='ocrx_word' id='word_1_218' title='bbox 1006 2693 1112 2746; x_wconf 89' lang='grc' dir='ltr'><strong>τῶν</strong></span> <span class='ocrx_word' id='word_1_219' title='bbox 1142 2695 1370 2756; x_wconf 83' lang='grc' dir='ltr'>ὑδάτων,</span> <span class='ocrx_word' id='word_1_220' title='bbox 1413 2695 1504 2747; x_wconf 76' lang='grc' dir='ltr'>καὶ</span> <span class='ocrx_word' id='word_1_221' title='bbox 1537 2694 1918 2763; x_wconf 66' lang='grc' dir='ltr'>άνεκαλύιεθη-</span> 
     </span>
    </p>
   </div>
   <div class='ocr_carea' id='block_1_31' title="bbox 343 2783 1921 2857">
    <p class='ocr_par' dir='ltr' id='par_1_31' title="bbox 343 2783 1921 2857">
     <span class='ocr_line' id='line_1_31' title="bbox 343 2783 1921 2857; baseline 0.002 -21"><span class='ocrx_word' id='word_1_222' title='bbox 343 2800 443 2838; x_wconf 88' lang='grc' dir='ltr'><strong>σαν</strong></span> <span class='ocrx_word' id='word_1_223' title='bbox 482 2783 550 2836; x_wconf 83' lang='grc' dir='ltr'>τὰ</span> <span class='ocrx_word' id='word_1_224' title='bbox 597 2783 820 2853; x_wconf 86' lang='grc' dir='ltr'>θεμέλια</span> <span class='ocrx_word' id='word_1_225' title='bbox 868 2784 966 2855; x_wconf 83' lang='grc' dir='ltr'>τῆς</span> <span class='ocrx_word' id='word_1_226' title='bbox 998 2785 1357 2854; x_wconf 71' lang='grc' dir='ltr'>οἰκουμένης,</span> <span class='ocrx_word' id='word_1_227' title='bbox 1405 2786 1510 2838; x_wconf 83' lang='grc' dir='ltr'>ἀπὸ</span> <span class='ocrx_word' id='word_1_228' title='bbox 1549 2785 1921 2857; x_wconf 75' lang='grc' dir='ltr'>ἐπιτιμήσεως</span> 
     </span>
    </p>
   </div>
   <div class='ocr_carea' id='block_1_32' title="bbox 342 2873 1915 2945">
    <p class='ocr_par' dir='ltr' id='par_1_32' title="bbox 342 2873 1915 2945">
     <span class='ocr_line' id='line_1_32' title="bbox 342 2873 1915 2945; baseline 0.002 -19"><span class='ocrx_word' id='word_1_229' title='bbox 342 2890 459 2934; x_wconf 86' lang='grc' dir='ltr'>σου,</span> <span class='ocrx_word' id='word_1_230' title='bbox 491 2875 689 2945; x_wconf 74' lang='grc' dir='ltr'>Κύριε,</span> <span class='ocrx_word' id='word_1_231' title='bbox 713 2873 1190 2944; x_wconf 75' lang='grc' dir='ltr'>ἀπὺὲμπνεύσεως</span> <span class='ocrx_word' id='word_1_232' title='bbox 1220 2875 1531 2944; x_wconf 74' lang='grc' dir='ltr'>πνεύματος</span> <span class='ocrx_word' id='word_1_233' title='bbox 1562 2876 1732 2945; x_wconf 83' lang='grc' dir='ltr'>ὀργῆς</span> <span class='ocrx_word' id='word_1_234' title='bbox 1766 2894 1915 2930; x_wconf 67' lang='grc' dir='ltr'>σου.)</span> 
     </span>
    </p>
   </div>
   <div class='ocr_carea' id='block_1_33' title="bbox 352 2964 1921 3038">
    <p class='ocr_par' dir='ltr' id='par_1_33' title="bbox 352 2964 1921 3038">
     <span class='ocr_line' id='line_1_33' title="bbox 352 2964 1921 3038; baseline 0 -19"><span class='ocrx_word' id='word_1_235' title='bbox 352 2965 832 3036; x_wconf 80' lang='grc' dir='ltr'>Ἐπιτημηθὲντων</span> <span class='ocrx_word' id='word_1_236' title='bbox 871 2964 980 3035; x_wconf 76' lang='grc' dir='ltr'><strong>γὰρ</strong></span> <span class='ocrx_word' id='word_1_237' title='bbox 1011 2965 1118 3016; x_wconf 88' lang='grc' dir='ltr'>τῶν</span> <span class='ocrx_word' id='word_1_238' title='bbox 1153 2965 1211 3031; x_wconf 77' lang='grc' dir='ltr'>ἐξ</span> <span class='ocrx_word' id='word_1_239' title='bbox 1250 2966 1487 3037; x_wconf 77' lang='grc' dir='ltr'>Ἰσραὴλ,</span> <span class='ocrx_word' id='word_1_240' title='bbox 1520 2968 1614 3020; x_wconf 73' lang='grc' dir='ltr'><strong>καὶ</strong></span> <span class='ocrx_word' id='word_1_241' title='bbox 1653 2967 1728 3038; x_wconf 80' lang='grc' dir='ltr'><strong>τῷ</strong></span> <span class='ocrx_word' id='word_1_242' title='bbox 1759 2968 1921 3020; x_wconf 79' lang='grc' dir='ltr'>πνεύ-</span> 
     </span>
    </p>
   </div>
   <div class='ocr_carea' id='block_1_34' title="bbox 345 3057 1920 3129">
    <p class='ocr_par' dir='ltr' id='par_1_34' title="bbox 345 3057 1920 3129">
     <span class='ocr_line' id='line_1_34' title="bbox 345 3057 1920 3129; baseline 0.002 -19"><span class='ocrx_word' id='word_1_243' title='bbox 345 3075 474 3129; x_wconf 86' lang='grc' dir='ltr'>ματι</span> <span class='ocrx_word' id='word_1_244' title='bbox 506 3058 604 3127; x_wconf 84' lang='grc' dir='ltr'>τῆς</span> <span class='ocrx_word' id='word_1_245' title='bbox 643 3057 795 3120; x_wconf 85' lang='grc' dir='ltr'>θείας</span> <span class='ocrx_word' id='word_1_246' title='bbox 827 3058 997 3128; x_wconf 77' lang='grc' dir='ltr'>ὀργῆς</span> <span class='ocrx_word' id='word_1_247' title='bbox 1037 3059 1512 3128; x_wconf 81' lang='grc' dir='ltr'>ὐπενηνεγμένων,</span> <span class='ocrx_word' id='word_1_248' title='bbox 1550 3060 1670 3112; x_wconf 83' lang='grc' dir='ltr'>ἐπεί</span> <span class='ocrx_word' id='word_1_249' title='bbox 1710 3077 1791 3112; x_wconf 91' lang='grc' dir='ltr'>τοι</span> <span class='ocrx_word' id='word_1_250' title='bbox 1825 3079 1920 3113; x_wconf 83' lang='grc' dir='ltr'><strong>πε-</strong></span> 
     </span>
    </p>
   </div>
   <div class='ocr_carea' id='block_1_35' title="bbox 341 3146 1920 3219">
    <p class='ocr_par' dir='ltr' id='par_1_35' title="bbox 341 3146 1920 3219">
     <span class='ocr_line' id='line_1_35' title="bbox 341 3146 1920 3219; baseline 0.001 -17"><span class='ocrx_word' id='word_1_251' title='bbox 341 3150 735 3218; x_wconf 82' lang='grc' dir='ltr'>παρῳνήκασιν</span> <span class='ocrx_word' id='word_1_252' title='bbox 769 3149 850 3211; x_wconf 87' lang='grc' dir='ltr'><strong>είς</strong></span> <span class='ocrx_word' id='word_1_253' title='bbox 881 3148 1150 3219; x_wconf 74' lang='grc' dir='ltr'>Χριστὸν,</span> <span class='ocrx_word' id='word_1_254' title='bbox 1195 3146 1457 3218; x_wconf 74' lang='grc' dir='ltr'>ὤφθησαν</span> <span class='ocrx_word' id='word_1_255' title='bbox 1489 3150 1545 3201; x_wconf 77' lang='grc' dir='ltr'>αἱ</span> <span class='ocrx_word' id='word_1_256' title='bbox 1576 3149 1683 3203; x_wconf 86' lang='grc' dir='ltr'><strong>τῶν</strong></span> <span class='ocrx_word' id='word_1_257' title='bbox 1712 3150 1920 3204; x_wconf 80' lang='grc' dir='ltr'>ὑδάτων</span> 
     </span>
    </p>
   </div>
   <div class='ocr_carea' id='block_1_36' title="bbox 341 3237 1917 3311">
    <p class='ocr_par' dir='ltr' id='par_1_36' title="bbox 341 3237 1917 3311">
     <span class='ocr_line' id='line_1_36' title="bbox 341 3237 1917 3311; baseline 0.001 -19"><span class='ocrx_word' id='word_1_258' title='bbox 341 3241 552 3310; x_wconf 73' lang='grc' dir='ltr'>πηγαὶ,</span> <span class='ocrx_word' id='word_1_259' title='bbox 603 3239 880 3292; x_wconf 79' lang='grc' dir='ltr'>τουτέστιν</span> <span class='ocrx_word' id='word_1_260' title='bbox 936 3240 968 3309; x_wconf 85' lang='grc' dir='ltr'><strong>ἡ</strong></span> <span class='ocrx_word' id='word_1_261' title='bbox 1016 3238 1104 3291; x_wconf 88' lang='grc' dir='ltr'>διὰ</span> <span class='ocrx_word' id='word_1_262' title='bbox 1164 3237 1259 3290; x_wconf 80' lang='grc' dir='ltr'><strong>τοῦ</strong></span> <span class='ocrx_word' id='word_1_263' title='bbox 1325 3239 1480 3306; x_wconf 71' lang='grc' dir='ltr'>ἁγίου</span> <span class='ocrx_word' id='word_1_264' title='bbox 1537 3240 1917 3311; x_wconf 80' lang='grc' dir='ltr'>βαπτίσματος</span> 
     </span>
    </p>
   </div>
   <div class='ocr_carea' id='block_1_37' title="bbox 341 3330 1920 3406">
    <p class='ocr_par' dir='ltr' id='par_1_37' title="bbox 341 3330 1920 3406">
     <span class='ocr_line' id='line_1_37' title="bbox 341 3330 1920 3406; baseline 0.002 -21"><span class='ocrx_word' id='word_1_265' title='bbox 341 3332 626 3402; x_wconf 80' lang='grc' dir='ltr'><strong>κάθαρσις,</strong></span> <span class='ocrx_word' id='word_1_266' title='bbox 661 3332 880 3403; x_wconf 76' lang='grc' dir='ltr'>ἐμφανῆ</span> <span class='ocrx_word' id='word_1_267' title='bbox 910 3331 966 3384; x_wconf 82' lang='grc' dir='ltr'>δὲ</span> <span class='ocrx_word' id='word_1_268' title='bbox 998 3330 1256 3399; x_wconf 84' lang='grc' dir='ltr'>γεγόνασι</span> <span class='ocrx_word' id='word_1_269' title='bbox 1301 3333 1393 3385; x_wconf 73' lang='grc' dir='ltr'><strong>καὶ</strong></span> <span class='ocrx_word' id='word_1_270' title='bbox 1432 3332 1502 3385; x_wconf 76' lang='grc' dir='ltr'>τὰ</span> <span class='ocrx_word' id='word_1_271' title='bbox 1548 3332 1774 3402; x_wconf 79' lang='grc' dir='ltr'>Θεμέλια</span> <span class='ocrx_word' id='word_1_272' title='bbox 1822 3335 1920 3406; x_wconf 86' lang='grc' dir='ltr'>τῆς</span> 
     </span>
    </p>
   </div>
   <div class='ocr_carea' id='block_1_38' title="bbox 339 3421 1921 3503">
    <p class='ocr_par' dir='ltr' id='par_1_38' title="bbox 339 3421 1921 3503">
     <span class='ocr_line' id='line_1_38' title="bbox 339 3421 1921 3503; baseline -0.002 -24"><span class='ocrx_word' id='word_1_273' title='bbox 339 3424 699 3494; x_wconf 75' lang='grc' dir='ltr'>οἰκουμένης,</span> <span class='ocrx_word' id='word_1_274' title='bbox 735 3423 981 3503; x_wconf 65' lang='grc' dir='ltr'><strong>τουτέστι¹</strong></span> <span class='ocrx_word' id='word_1_275' title='bbox 1047 3421 1210 3475; x_wconf 86' lang='grc' dir='ltr'>πάλιν</span> <span class='ocrx_word' id='word_1_276' title='bbox 1256 3425 1306 3475; x_wconf 75' lang='grc' dir='ltr'>οἱ</span> <span class='ocrx_word' id='word_1_277' title='bbox 1356 3423 1631 3476; x_wconf 82' lang='grc' dir='ltr'>θεσπέσιοι</span> <span class='ocrx_word' id='word_1_278' title='bbox 1683 3424 1921 3494; x_wconf 62' lang='grc' dir='ltr'><strong>μαθηταὶ⁸</strong></span> 
     </span>
    </p>
   </div>
   <div class='ocr_carea' id='block_1_39' title="bbox 338 3514 1922 3584">
    <p class='ocr_par' dir='ltr' id='par_1_39' title="bbox 338 3514 1922 3584">
     <span class='ocr_line' id='line_1_39' title="bbox 338 3514 1922 3584; baseline -0.001 -14"><span class='ocrx_word' id='word_1_279' title='bbox 338 3515 627 3570; x_wconf 77' lang='grc' dir='ltr'>άπὸστολοί</span> <span class='ocrx_word' id='word_1_280' title='bbox 675 3533 734 3568; x_wconf 87' lang='grc' dir='ltr'><strong>τε</strong></span> <span class='ocrx_word' id='word_1_281' title='bbox 765 3515 859 3569; x_wconf 75' lang='grc' dir='ltr'><strong>καὶ</strong></span> <span class='ocrx_word' id='word_1_282' title='bbox 887 3514 1295 3582; x_wconf 83' lang='grc' dir='ltr'>εὐαγγελισταί.</span> <span class='ocrx_word' id='word_1_283' title='bbox 1326 3515 1489 3584; x_wconf 82' lang='grc' dir='ltr'>Θήσω</span> <span class='ocrx_word' id='word_1_284' title='bbox 1521 3515 1599 3576; x_wconf 84' lang='grc' dir='ltr'>δὲ,</span> <span class='ocrx_word' id='word_1_285' title='bbox 1631 3518 1784 3584; x_wconf 69' lang='grc' dir='ltr'>φησι,</span> <span class='ocrx_word' id='word_1_286' title='bbox 1827 3516 1922 3569; x_wconf 80' lang='grc' dir='ltr'><strong>καὶ</strong></span> 
     </span>
    </p>
   </div>
   <div class='ocr_carea' id='block_1_40' title="bbox 337 3605 1922 3674">
    <p class='ocr_par' dir='ltr' id='par_1_40' title="bbox 337 3605 1922 3674">
     <span class='ocr_line' id='line_1_40' title="bbox 337 3605 1922 3674; baseline -0.004 -9"><span class='ocrx_word' id='word_1_287' title='bbox 337 3610 439 3672; x_wconf 83' lang='grc' dir='ltr'>τὰς</span> <span class='ocrx_word' id='word_1_288' title='bbox 473 3609 726 3674; x_wconf 75' lang='grc' dir='ltr'><strong>ἐπάλξεις</strong></span> <span class='ocrx_word' id='word_1_289' title='bbox 759 3624 852 3660; x_wconf 85' lang='grc' dir='ltr'><strong>σου</strong></span> <span class='ocrx_word' id='word_1_290' title='bbox 888 3606 1106 3668; x_wconf 77' lang='grc' dir='ltr'>ἴασπιν,</span> <span class='ocrx_word' id='word_1_291' title='bbox 1142 3605 1239 3659; x_wconf 76' lang='grc' dir='ltr'><strong>καὶ</strong></span> <span class='ocrx_word' id='word_1_292' title='bbox 1268 3605 1368 3669; x_wconf 78' lang='grc' dir='ltr'><strong>τὰς</strong></span> <span class='ocrx_word' id='word_1_293' title='bbox 1405 3605 1580 3669; x_wconf 76' lang='grc' dir='ltr'>πύλας</span> <span class='ocrx_word' id='word_1_294' title='bbox 1613 3623 1706 3658; x_wconf 91' lang='grc' dir='ltr'>σου</span> <span class='ocrx_word' id='word_1_295' title='bbox 1739 3605 1922 3670; x_wconf 78' lang='grc' dir='ltr'>λίθους</span> 
     </span>
    </p>
   </div>
   <div class='ocr_carea' id='block_1_41' title="bbox 339 3695 1916 3773">
    <p class='ocr_par' dir='ltr' id='par_1_41' title="bbox 339 3695 1916 3773">
     <span class='ocr_line' id='line_1_41' title="bbox 339 3695 1916 3773; baseline -0.003 -17"><span class='ocrx_word' id='word_1_296' title='bbox 339 3700 807 3773; x_wconf 76' lang='grc' dir='ltr'>κρυστάλλου,καὶ</span> <span class='ocrx_word' id='word_1_297' title='bbox 839 3698 930 3752; x_wconf 82' lang='grc' dir='ltr'>τὸν</span> <span class='ocrx_word' id='word_1_298' title='bbox 961 3697 1248 3770; x_wconf 72' lang='grc' dir='ltr'>περίϐολον</span> <span class='ocrx_word' id='word_1_299' title='bbox 1283 3714 1374 3749; x_wconf 90' lang='grc' dir='ltr'><strong>σου</strong></span> <span class='ocrx_word' id='word_1_300' title='bbox 1399 3696 1580 3759; x_wconf 79' lang='grc' dir='ltr'>λίθους</span> <span class='ocrx_word' id='word_1_301' title='bbox 1606 3695 1916 3759; x_wconf 78' lang='grc' dir='ltr'>ἐκλεκτούς.</span> 
     </span>
    </p>
   </div>
   <div class='ocr_carea' id='block_1_42' title="bbox 351 3789 1921 3861">
    <p class='ocr_par' dir='ltr' id='par_1_42' title="bbox 351 3789 1921 3861">
     <span class='ocr_line' id='line_1_42' title="bbox 351 3789 1921 3861; baseline -0.006 -10"><span class='ocrx_word' id='word_1_302' title='bbox 351 3794 660 3861; x_wconf 81' lang='grc' dir='ltr'>Ἐπάλξεις,</span> <span class='ocrx_word' id='word_1_303' title='bbox 693 3793 784 3848; x_wconf 78' lang='grc' dir='ltr'>καί</span> <span class='ocrx_word' id='word_1_304' title='bbox 829 3791 1022 3854; x_wconf 82' lang='grc' dir='ltr'>πύλας,</span> <span class='ocrx_word' id='word_1_305' title='bbox 1068 3791 1160 3843; x_wconf 74' lang='grc' dir='ltr'><strong>καὶ</strong></span> <span class='ocrx_word' id='word_1_306' title='bbox 1183 3789 1468 3860; x_wconf 72' lang='grc' dir='ltr'>περίϐολον</span> <span class='ocrx_word' id='word_1_307' title='bbox 1506 3789 1783 3858; x_wconf 77' lang='grc' dir='ltr'>ὀνομάζων</span> <span class='ocrx_word' id='word_1_308' title='bbox 1813 3789 1921 3842; x_wconf 86' lang='grc' dir='ltr'>τῶν</span> 
     </span>
    </p>
   </div>
   <div class='ocr_carea' id='block_1_43' title="bbox 339 3882 1922 3958">
    <p class='ocr_par' dir='ltr' id='par_1_43' title="bbox 339 3882 1922 3958">
     <span class='ocr_line' id='line_1_43' title="bbox 339 3882 1922 3958; baseline -0.003 -17"><span class='ocrx_word' id='word_1_309' title='bbox 339 3889 512 3958; x_wconf 74' lang='grc' dir='ltr'>ἁγίων</span> <span class='ocrx_word' id='word_1_310' title='bbox 544 3885 917 3957; x_wconf 85' lang='grc' dir='ltr'>μυσταγωγῶν</span> <span class='ocrx_word' id='word_1_311' title='bbox 959 3885 1021 3937; x_wconf 78' lang='grc' dir='ltr'>τὸ</span> <span class='ocrx_word' id='word_1_312' title='bbox 1054 3883 1318 3953; x_wconf 73' lang='grc' dir='ltr'>θεοφιλὲς,</span> <span class='ocrx_word' id='word_1_313' title='bbox 1357 3883 1452 3936; x_wconf 76' lang='grc' dir='ltr'><strong>καὶ</strong></span> <span class='ocrx_word' id='word_1_314' title='bbox 1488 3883 1798 3952; x_wconf 75' lang='grc' dir='ltr'>σοφώτατον</span> <span class='ocrx_word' id='word_1_315' title='bbox 1831 3882 1922 3937; x_wconf 80' lang='grc' dir='ltr'>σύ-</span> 
     </span>
    </p>
   </div>
   <div class='ocr_carea' id='block_1_44' title="bbox 339 3974 1922 4051">
    <p class='ocr_par' dir='ltr' id='par_1_44' title="bbox 339 3974 1922 4051">
     <span class='ocr_line' id='line_1_44' title="bbox 339 3974 1922 4051; baseline -0.004 -16"><span class='ocrx_word' id='word_1_316' title='bbox 339 3997 547 4051; x_wconf 87' lang='grc' dir='ltr'>στημα,</span> <span class='ocrx_word' id='word_1_317' title='bbox 574 3979 625 4032; x_wconf 80' lang='grc' dir='ltr'>οἶ</span> <span class='ocrx_word' id='word_1_318' title='bbox 657 3978 750 4031; x_wconf 78' lang='grc' dir='ltr'><strong>καὶ</strong></span> <span class='ocrx_word' id='word_1_319' title='bbox 793 3976 1153 4050; x_wconf 72' lang='grc' dir='ltr'>προμαχῶνες</span> <span class='ocrx_word' id='word_1_320' title='bbox 1205 3977 1312 4028; x_wconf 86' lang='grc' dir='ltr'>εἰσι</span> <span class='ocrx_word' id='word_1_321' title='bbox 1359 3976 1453 4029; x_wconf 72' lang='grc' dir='ltr'><strong>καὶ</strong></span> <span class='ocrx_word' id='word_1_322' title='bbox 1485 3974 1649 4028; x_wconf 76' lang='grc' dir='ltr'>πύλαι</span> <span class='ocrx_word' id='word_1_323' title='bbox 1684 3976 1782 4046; x_wconf 80' lang='grc' dir='ltr'>τῆς</span> <span class='ocrx_word' id='word_1_324' title='bbox 1821 3976 1922 4028; x_wconf 65' lang='grc' dir='ltr'><strong>πός</strong></span> 
     </span>
    </p>
   </div>
   <div class='ocr_carea' id='block_1_45' title="bbox 338 4067 1922 4142">
    <p class='ocr_par' dir='ltr' id='par_1_45' title="bbox 338 4067 1922 4142">
     <span class='ocr_line' id='line_1_45' title="bbox 338 4067 1922 4142; baseline -0.004 -16"><span class='ocrx_word' id='word_1_325' title='bbox 338 4071 477 4135; x_wconf 80' lang='grc' dir='ltr'>λεως</span> <span class='ocrx_word' id='word_1_326' title='bbox 501 4071 601 4142; x_wconf 87' lang='grc' dir='ltr'>τῆς</span> <span class='ocrx_word' id='word_1_327' title='bbox 642 4070 828 4139; x_wconf 83' lang='grc' dir='ltr'>ἁγίας,</span> <span class='ocrx_word' id='word_1_328' title='bbox 869 4067 1149 4140; x_wconf 71' lang='grc' dir='ltr'>περίϐολοι</span> <span class='ocrx_word' id='word_1_329' title='bbox 1174 4085 1234 4120; x_wconf 90' lang='grc' dir='ltr'>τε</span> <span class='ocrx_word' id='word_1_330' title='bbox 1286 4069 1380 4120; x_wconf 77' lang='grc' dir='ltr'><strong>καὶ</strong></span> <span class='ocrx_word' id='word_1_331' title='bbox 1410 4069 1606 4137; x_wconf 88' lang='grc' dir='ltr'>τεῖχος.</span> <span class='ocrx_word' id='word_1_332' title='bbox 1643 4067 1922 4137; x_wconf 84' lang='grc' dir='ltr'>Μάχονται</span> 
     </span>
    </p>
   </div>
   <div class='ocr_carea' id='block_1_46' title="bbox 344 4160 1923 4235">
    <p class='ocr_par' dir='ltr' id='par_1_46' title="bbox 344 4160 1923 4235">
     <span class='ocr_line' id='line_1_46' title="bbox 344 4160 1923 4235; baseline -0.004 -17"><span class='ocrx_word' id='word_1_333' title='bbox 344 4164 445 4235; x_wconf 70' lang='grc' dir='ltr'>μὲν</span> <span class='ocrx_word' id='word_1_334' title='bbox 494 4166 606 4226; x_wconf 86' lang='grc' dir='ltr'>τοῖς</span> <span class='ocrx_word' id='word_1_335' title='bbox 649 4161 906 4231; x_wconf 82' lang='grc' dir='ltr'>πολεμεῖν</span> <span class='ocrx_word' id='word_1_336' title='bbox 955 4160 1231 4213; x_wconf 77' lang='grc' dir='ltr'>ἐθέλουσιν</span> <span class='ocrx_word' id='word_1_337' title='bbox 1281 4161 1472 4232; x_wconf 82' lang='grc' dir='ltr'>αὐτὴν,</span> <span class='ocrx_word' id='word_1_338' title='bbox 1531 4161 1650 4230; x_wconf 75' lang='grc' dir='ltr'>ἦτοι</span> <span class='ocrx_word' id='word_1_339' title='bbox 1697 4161 1820 4223; x_wconf 74' lang='grc' dir='ltr'>τοὺς</span> <span class='ocrx_word' id='word_1_340' title='bbox 1864 4162 1923 4212; x_wconf 81' lang='grc' dir='ltr'>ἐν</span> 
     </span>
    </p>
   </div>
   <div class='ocr_carea' id='block_1_47' title="bbox 341 4251 1922 4328">
    <p class='ocr_par' dir='ltr' id='par_1_47' title="bbox 341 4251 1922 4328">
     <span class='ocr_line' id='line_1_47' title="bbox 341 4251 1922 4328; baseline -0.004 -17"><span class='ocrx_word' id='word_1_341' title='bbox 341 4257 520 4328; x_wconf 84' lang='grc' dir='ltr'>αὐτῇ,</span> <span class='ocrx_word' id='word_1_342' title='bbox 553 4257 801 4310; x_wconf 82' lang='grc' dir='ltr'>τουτέστι</span> <span class='ocrx_word' id='word_1_343' title='bbox 848 4254 946 4327; x_wconf 77' lang='grc' dir='ltr'><strong>τὴν</strong></span> <span class='ocrx_word' id='word_1_344' title='bbox 989 4255 1098 4305; x_wconf 90' lang='grc' dir='ltr'>τῶν</span> <span class='ocrx_word' id='word_1_345' title='bbox 1139 4252 1227 4306; x_wconf 76' lang='grc' dir='ltr'><strong>διὰ</strong></span> <span class='ocrx_word' id='word_1_346' title='bbox 1265 4252 1503 4316; x_wconf 85' lang='grc' dir='ltr'>πίστεως</span> <span class='ocrx_word' id='word_1_347' title='bbox 1560 4251 1922 4320; x_wconf 82' lang='grc' dir='ltr'>σεσωσμένων</span> 
     </span>
    </p>
   </div>
   <div class='ocr_carea' id='block_1_48' title="bbox 341 4341 1920 4419">
    <p class='ocr_par' dir='ltr' id='par_1_48' title="bbox 341 4341 1920 4419">
     <span class='ocr_line' id='line_1_48' title="bbox 341 4341 1920 4419; baseline -0.004 -17"><span class='ocrx_word' id='word_1_348' title='bbox 341 4348 551 4419; x_wconf 78' lang='grc' dir='ltr'>πληθὺν</span> <span class='ocrx_word' id='word_1_349' title='bbox 591 4348 978 4416; x_wconf 79' lang='grc' dir='ltr'>ἀντεξὰγοντες</span> <span class='ocrx_word' id='word_1_350' title='bbox 1022 4345 1312 4416; x_wconf 75' lang='grc' dir='ltr'>ἐμφρόνως</span> <span class='ocrx_word' id='word_1_351' title='bbox 1351 4347 1466 4407; x_wconf 81' lang='grc' dir='ltr'>τοῖς</span> <span class='ocrx_word' id='word_1_352' title='bbox 1528 4341 1638 4395; x_wconf 86' lang='grc' dir='ltr'><strong>τῶν</strong></span> <span class='ocrx_word' id='word_1_353' title='bbox 1687 4342 1920 4396; x_wconf 80' lang='grc' dir='ltr'>ἀνοσίων</span> 
     </span>
    </p>
   </div>
   <div class='ocr_carea' id='block_1_49' title="bbox 2019 508 3590 564">
    <p class='ocr_par' dir='ltr' id='par_1_49' title="bbox 2019 508 3590 564">
     <span class='ocr_line' id='line_1_49' title="bbox 2019 508 3590 564; baseline 0 -2"><span class='ocrx_word' id='word_1_354' title='bbox 2019 508 2126 564; x_wconf 84' lang='lat' dir='ltr'><strong>iam</strong></span> <span class='ocrx_word' id='word_1_355' title='bbox 2222 511 2618 563; x_wconf 89' lang='lat' dir='ltr'><strong>sententiarum</strong></span> <span class='ocrx_word' id='word_1_356' title='bbox 2707 517 3064 564; x_wconf 89' lang='lat' dir='ltr'><strong>structuram.</strong></span> <span class='ocrx_word' id='word_1_357' title='bbox 3152 508 3377 562; x_wconf 80' lang='lat' dir='ltr'><strong>llisserit</strong></span> <span class='ocrx_word' id='word_1_358' title='bbox 3443 509 3590 563; x_wconf 87' lang='lat' dir='ltr'><strong>enim</strong></span> 
     </span>
    </p>
   </div>
   <div class='ocr_carea' id='block_1_50' title="bbox 2019 598 3591 668">
    <p class='ocr_par' dir='ltr' id='par_1_50' title="bbox 2019 598 3591 668">
     <span class='ocr_line' id='line_1_50' title="bbox 2019 598 3591 668; baseline 0.001 -17"><span class='ocrx_word' id='word_1_359' title='bbox 2019 598 2087 653; x_wconf 85' lang='lat' dir='ltr'><strong>de</strong></span> <span class='ocrx_word' id='word_1_360' title='bbox 2153 600 2372 654; x_wconf 81' lang='lat' dir='ltr'><strong>civitate</strong></span> <span class='ocrx_word' id='word_1_361' title='bbox 2433 600 2579 654; x_wconf 82' lang='lat' dir='ltr'><strong>velut</strong></span> <span class='ocrx_word' id='word_1_362' title='bbox 2653 614 2773 668; x_wconf 71' lang='lat' dir='ltr'><strong>quae</strong></span> <span class='ocrx_word' id='word_1_363' title='bbox 2853 601 3012 652; x_wconf 88' lang='lat' dir='ltr'><strong>modo</strong></span> <span class='ocrx_word' id='word_1_364' title='bbox 3083 613 3189 652; x_wconf 89' lang='lat' dir='ltr'><strong>non</strong></span> <span class='ocrx_word' id='word_1_365' title='bbox 3268 598 3447 651; x_wconf 90' lang='lat' dir='ltr'><strong>futura</strong></span> <span class='ocrx_word' id='word_1_366' title='bbox 3509 609 3591 653; x_wconf 87' lang='lat' dir='ltr'><strong>est</strong></span> 
     </span>
    </p>
   </div>
   <div class='ocr_carea' id='block_1_51' title="bbox 2021 689 3594 763">
    <p class='ocr_par' dir='ltr' id='par_1_51' title="bbox 2021 689 3594 763">
     <span class='ocr_line' id='line_1_51' title="bbox 2021 689 3594 763; baseline -0.003 -17"><span class='ocrx_word' id='word_1_367' title='bbox 2021 691 2260 748; x_wconf 79' lang='lat' dir='ltr'><strong>Ecclesia</strong></span> <span class='ocrx_word' id='word_1_368' title='bbox 2295 693 2558 763; x_wconf 78' lang='lat' dir='ltr'><strong>gentium,</strong></span> <span class='ocrx_word' id='word_1_369' title='bbox 2601 707 2721 760; x_wconf 66' lang='lat' dir='ltr'><strong>quae</strong></span> <span class='ocrx_word' id='word_1_370' title='bbox 2777 690 3060 760; x_wconf 77' lang='lat' dir='ltr'><strong>magnifica</strong></span> <span class='ocrx_word' id='word_1_371' title='bbox 3103 689 3385 760; x_wconf 76' lang='lat' dir='ltr'><strong>apparebit</strong></span> <span class='ocrx_word' id='word_1_372' title='bbox 3418 699 3471 743; x_wconf 90' lang='lat' dir='ltr'><strong>et</strong></span> <span class='ocrx_word' id='word_1_373' title='bbox 3529 690 3594 742; x_wconf 90' lang='lat' dir='ltr'><strong>il-</strong></span> 
     </span>
    </p>
   </div>
   <div class='ocr_carea' id='block_1_52' title="bbox 2019 782 3596 854">
    <p class='ocr_par' dir='ltr' id='par_1_52' title="bbox 2019 782 3596 854">
     <span class='ocr_line' id='line_1_52' title="bbox 2019 782 3596 854; baseline -0.003 -15"><span class='ocrx_word' id='word_1_374' title='bbox 2019 785 2342 841; x_wconf 82' lang='lat' dir='ltr'><strong>lustrissima</strong></span> <span class='ocrx_word' id='word_1_375' title='bbox 2402 805 2415 841; x_wconf 89' lang='lat'><strong>:</strong></span> <span class='ocrx_word' id='word_1_376' title='bbox 2463 800 2622 854; x_wconf 88' lang='lat' dir='ltr'><strong>quam</strong></span> <span class='ocrx_word' id='word_1_377' title='bbox 2679 785 2810 839; x_wconf 85' lang='lat' dir='ltr'><strong>dicit</strong></span> <span class='ocrx_word' id='word_1_378' title='bbox 2867 784 3137 852; x_wconf 79' lang='lat' dir='ltr'><strong>lapidibus</strong></span> <span class='ocrx_word' id='word_1_379' title='bbox 3212 782 3596 850; x_wconf 83' lang='lat' dir='ltr'><strong>insignissimis</strong></span> 
     </span>
    </p>
   </div>
   <div class='ocr_carea' id='block_1_53' title="bbox 2020 872 3594 940">
    <p class='ocr_par' dir='ltr' id='par_1_53' title="bbox 2020 872 3594 940">
     <span class='ocr_line' id='line_1_53' title="bbox 2020 872 3594 940; baseline -0.005 -8"><span class='ocrx_word' id='word_1_380' title='bbox 2020 877 2408 932; x_wconf 82' lang='lat' dir='ltr'><strong>exornandam.</strong></span> <span class='ocrx_word' id='word_1_381' title='bbox 2462 874 2663 928; x_wconf 80' lang='lat' dir='ltr'><strong>Ponant</strong></span> <span class='ocrx_word' id='word_1_382' title='bbox 2719 874 2888 938; x_wconf 88' lang='lat' dir='ltr'><strong>enim,</strong></span> <span class='ocrx_word' id='word_1_383' title='bbox 2952 874 3150 940; x_wconf 82' lang='lat' dir='ltr'><strong>inquit,</strong></span> <span class='ocrx_word' id='word_1_384' title='bbox 3207 872 3594 925; x_wconf 78' lang='lat' dir='ltr'><strong>carbunculum</strong></span> 
     </span>
    </p>
   </div>
   <div class='ocr_carea' id='block_1_54' title="bbox 2022 964 3595 1039">
    <p class='ocr_par' dir='ltr' id='par_1_54' title="bbox 2022 964 3595 1039">
     <span class='ocr_line' id='line_1_54' title="bbox 2022 964 3595 1039; baseline -0.003 -17"><span class='ocrx_word' id='word_1_385' title='bbox 2022 968 2250 1039; x_wconf 86' lang='lat' dir='ltr'><strong>lapidem</strong></span> <span class='ocrx_word' id='word_1_386' title='bbox 2286 978 2454 1020; x_wconf 87' lang='lat' dir='ltr'><strong>tuum.</strong></span> <span class='ocrx_word' id='word_1_387' title='bbox 2484 964 2712 1020; x_wconf 79' lang='lat' dir='ltr'><strong>Videtur</strong></span> <span class='ocrx_word' id='word_1_388' title='bbox 2749 976 2929 1019; x_wconf 90' lang='lat' dir='ltr'><strong>autem</strong></span> <span class='ocrx_word' id='word_1_389' title='bbox 2983 967 3132 1019; x_wconf 90' lang='lat' dir='ltr'><strong>hisce</strong></span> <span class='ocrx_word' id='word_1_390' title='bbox 3179 964 3358 1018; x_wconf 79' lang='lat' dir='ltr'><strong>verbis</strong></span> <span class='ocrx_word' id='word_1_391' title='bbox 3413 964 3595 1017; x_wconf 85' lang='lat' dir='ltr'><strong>Jesum</strong></span> 
     </span>
    </p>
   </div>
   <div class='ocr_carea' id='block_1_55' title="bbox 2023 1055 3593 1131">
    <p class='ocr_par' dir='ltr' id='par_1_55' title="bbox 2023 1055 3593 1131">
     <span class='ocr_line' id='line_1_55' title="bbox 2023 1055 3593 1131; baseline -0.004 -17"><span class='ocrx_word' id='word_1_392' title='bbox 2023 1061 2156 1116; x_wconf 85' lang='lat' dir='ltr'><strong>velle</strong></span> <span class='ocrx_word' id='word_1_393' title='bbox 2213 1060 2543 1131; x_wconf 73' lang='lat' dir='ltr'><strong>significare,</strong></span> <span class='ocrx_word' id='word_1_394' title='bbox 2603 1075 2761 1129; x_wconf 83' lang='lat' dir='ltr'><strong>quem</strong></span> <span class='ocrx_word' id='word_1_395' title='bbox 2816 1058 3096 1125; x_wconf 88' lang='lat' dir='ltr'><strong>Scriptura</strong></span> <span class='ocrx_word' id='word_1_396' title='bbox 3167 1073 3321 1110; x_wconf 85' lang='lat' dir='ltr'><strong>sacra</strong></span> <span class='ocrx_word' id='word_1_397' title='bbox 3380 1055 3510 1109; x_wconf 80' lang='lat' dir='ltr'><strong>dicit</strong></span> <span class='ocrx_word' id='word_1_398' title='bbox 3544 1056 3593 1107; x_wconf 90' lang='lat' dir='ltr'><strong>in</strong></span> 
     </span>
    </p>
   </div>
   <div class='ocr_carea' id='block_1_56' title="bbox 2024 1147 3596 1218">
    <p class='ocr_par' dir='ltr' id='par_1_56' title="bbox 2024 1147 3596 1218">
     <span class='ocr_line' id='line_1_56' title="bbox 2024 1147 3596 1218; baseline -0.008 -10"><span class='ocrx_word' id='word_1_399' title='bbox 2024 1153 2368 1208; x_wconf 84' lang='lat' dir='ltr'><strong>fundamenta</strong></span> <span class='ocrx_word' id='word_1_400' title='bbox 2414 1152 2542 1206; x_wconf 84' lang='lat' dir='ltr'><strong>Sion</strong></span> <span class='ocrx_word' id='word_1_401' title='bbox 2597 1166 2718 1204; x_wconf 85' lang='lat' dir='ltr'><strong>esse</strong></span> <span class='ocrx_word' id='word_1_402' title='bbox 2752 1151 2985 1218; x_wconf 86' lang='lat' dir='ltr'><strong>positum</strong></span> <span class='ocrx_word' id='word_1_403' title='bbox 3019 1167 3032 1202; x_wconf 91' lang='lat'>:</span> <span class='ocrx_word' id='word_1_404' title='bbox 3070 1148 3122 1201; x_wconf 89' lang='lat' dir='ltr'><strong>itt</strong></span> <span class='ocrx_word' id='word_1_405' title='bbox 3159 1164 3316 1217; x_wconf 84' lang='lat' dir='ltr'><strong>quem</strong></span> <span class='ocrx_word' id='word_1_406' title='bbox 3377 1147 3418 1198; x_wconf 88' lang='lat' dir='ltr'><strong>si</strong></span> <span class='ocrx_word' id='word_1_407' title='bbox 3473 1147 3596 1214; x_wconf 87' lang='lat' dir='ltr'><strong>quis</strong></span> 
     </span>
    </p>
   </div>
   <div class='ocr_carea' id='block_1_57' title="bbox 2021 1239 3598 1312">
    <p class='ocr_par' dir='ltr' id='par_1_57' title="bbox 2021 1239 3598 1312">
     <span class='ocr_line' id='line_1_57' title="bbox 2021 1239 3598 1312; baseline -0.006 -14"><span class='ocrx_word' id='word_1_408' title='bbox 2021 1244 2330 1307; x_wconf 78' lang='lat' dir='ltr'><strong>crediderit,</strong></span> <span class='ocrx_word' id='word_1_409' title='bbox 2367 1259 2473 1298; x_wconf 86' lang='lat' dir='ltr'><strong>non</strong></span> <span class='ocrx_word' id='word_1_410' title='bbox 2510 1242 2744 1312; x_wconf 79' lang='lat' dir='ltr'><strong>pttdeliel</strong></span> <span class='ocrx_word' id='word_1_411' title='bbox 2777 1243 2843 1295; x_wconf 79' lang='grc'><strong>’⁷.</strong></span> <span class='ocrx_word' id='word_1_412' title='bbox 2881 1241 3031 1294; x_wconf 88' lang='lat' dir='ltr'><strong>lluttc</strong></span> <span class='ocrx_word' id='word_1_413' title='bbox 3071 1242 3313 1292; x_wconf 81' lang='lat' dir='ltr'><strong>nominat</strong></span> <span class='ocrx_word' id='word_1_414' title='bbox 3349 1239 3434 1292; x_wconf 90' lang='lat' dir='ltr'><strong>hic</strong></span> <span class='ocrx_word' id='word_1_415' title='bbox 3477 1253 3598 1290; x_wconf 82' lang='lat' dir='ltr'><strong>car-</strong></span> 
     </span>
    </p>
   </div>
   <div class='ocr_carea' id='block_1_58' title="bbox 2025 1331 3596 1402">
    <p class='ocr_par' dir='ltr' id='par_1_58' title="bbox 2025 1331 3596 1402">
     <span class='ocr_line' id='line_1_58' title="bbox 2025 1331 3596 1402; baseline -0.003 -14"><span class='ocrx_word' id='word_1_416' title='bbox 2025 1336 2340 1389; x_wconf 91' lang='lat' dir='ltr'><strong>bunculum.</strong></span> <span class='ocrx_word' id='word_1_417' title='bbox 2373 1334 2544 1388; x_wconf 84' lang='lat' dir='ltr'><strong>Aliter</strong></span> <span class='ocrx_word' id='word_1_418' title='bbox 2596 1348 2812 1402; x_wconf 87' lang='lat' dir='ltr'><strong>quoque</strong></span> <span class='ocrx_word' id='word_1_419' title='bbox 2871 1333 2986 1401; x_wconf 82' lang='lat' dir='ltr'><strong>ejus</strong></span> <span class='ocrx_word' id='word_1_420' title='bbox 3024 1332 3184 1402; x_wconf 81' lang='lat'><strong>767</strong></span> <span class='ocrx_word' id='word_1_421' title='bbox 3220 1333 3274 1383; x_wconf 89' lang='lat' dir='ltr'><strong>lit</strong></span> <span class='ocrx_word' id='word_1_422' title='bbox 3315 1331 3517 1383; x_wconf 76' lang='lat' dir='ltr'><strong>mentio</strong></span> <span class='ocrx_word' id='word_1_423' title='bbox 3543 1331 3596 1384; x_wconf 90' lang='lat' dir='ltr'><strong>in</strong></span> 
     </span>
    </p>
   </div>
   <div class='ocr_carea' id='block_1_59' title="bbox 2021 1419 3598 1489">
    <p class='ocr_par' dir='ltr' id='par_1_59' title="bbox 2021 1419 3598 1489">
     <span class='ocr_line' id='line_1_59' title="bbox 2021 1419 3598 1489; baseline -0.001 -15"><span class='ocrx_word' id='word_1_424' title='bbox 2021 1422 2224 1474; x_wconf 84' lang='lat' dir='ltr'><strong>sanctis</strong></span> <span class='ocrx_word' id='word_1_425' title='bbox 2289 1421 2590 1489; x_wconf 80' lang='lat' dir='ltr'><strong>prophetis.</strong></span> <span class='ocrx_word' id='word_1_426' title='bbox 2659 1419 2938 1487; x_wconf 73' lang='lat' dir='ltr'><strong>Siquidem</strong></span> <span class='ocrx_word' id='word_1_427' title='bbox 3000 1419 3134 1472; x_wconf 76' lang='lat' dir='ltr'><strong>dixit</strong></span> <span class='ocrx_word' id='word_1_428' title='bbox 3194 1433 3326 1471; x_wconf 89' lang='lat' dir='ltr'><strong>voce</strong></span> <span class='ocrx_word' id='word_1_429' title='bbox 3381 1421 3543 1472; x_wconf 84' lang='lat' dir='ltr'><strong>Amos</strong></span> <span class='ocrx_word' id='word_1_430' title='bbox 3581 1437 3598 1472; x_wconf 90' lang='lat'><strong>:</strong></span> 
     </span>
    </p>
   </div>
   <div class='ocr_carea' id='block_1_60' title="bbox 2027 1511 3598 1582">
    <p class='ocr_par' dir='ltr' id='par_1_60' title="bbox 2027 1511 3598 1582">
     <span class='ocr_line' id='line_1_60' title="bbox 2027 1511 3598 1582; baseline 0 -18"><span class='ocrx_word' id='word_1_431' title='bbox 2027 1531 2046 1563; x_wconf 73' lang='grc' dir='ltr'>ι</span> <span class='ocrx_word' id='word_1_432' title='bbox 2088 1513 2224 1566; x_wconf 87' lang='lat' dir='ltr'><strong>Ecce</strong></span> <span class='ocrx_word' id='word_1_433' title='bbox 2252 1527 2352 1582; x_wconf 76' lang='lat' dir='ltr'><strong>ego</strong></span> <span class='ocrx_word' id='word_1_434' title='bbox 2381 1513 2649 1566; x_wconf 89' lang='lat' dir='ltr'><strong>constituo</strong></span> <span class='ocrx_word' id='word_1_435' title='bbox 2698 1511 3045 1566; x_wconf 87' lang='lat' dir='ltr'><strong>adamantetn</strong></span> <span class='ocrx_word' id='word_1_436' title='bbox 3092 1512 3142 1564; x_wconf 90' lang='lat' dir='ltr'><strong>in</strong></span> <span class='ocrx_word' id='word_1_437' title='bbox 3192 1511 3368 1564; x_wconf 89' lang='lat' dir='ltr'><strong>medio</strong></span> <span class='ocrx_word' id='word_1_438' title='bbox 3417 1511 3598 1579; x_wconf 83' lang='lat' dir='ltr'><strong>populi</strong></span> 
     </span>
    </p>
   </div>
   <div class='ocr_carea' id='block_1_61' title="bbox 2023 1603 3604 1672">
    <p class='ocr_par' dir='ltr' id='par_1_61' title="bbox 2023 1603 3604 1672">
     <span class='ocr_line' id='line_1_61' title="bbox 2023 1603 3604 1672; baseline 0 -16"><span class='ocrx_word' id='word_1_439' title='bbox 2023 1606 2126 1659; x_wconf 86' lang='lat' dir='ltr'><strong>mei</strong></span> <span class='ocrx_word' id='word_1_440' title='bbox 2151 1604 2310 1660; x_wconf 88' lang='lat' dir='ltr'><strong>Israel</strong></span> <span class='ocrx_word' id='word_1_441' title='bbox 2334 1605 2419 1658; x_wconf 70' lang='lat'><strong>‘7&#39;.</strong></span> <span class='ocrx_word' id='word_1_442' title='bbox 2443 1623 2463 1656; x_wconf 77' lang='grc' dir='ltr'>ι</span> <span class='ocrx_word' id='word_1_443' title='bbox 2498 1604 2561 1658; x_wconf 86' lang='lat' dir='ltr'><strong>Et</strong></span> <span class='ocrx_word' id='word_1_444' title='bbox 2589 1619 2720 1658; x_wconf 87' lang='lat' dir='ltr'><strong>voce</strong></span> <span class='ocrx_word' id='word_1_445' title='bbox 2739 1603 3052 1657; x_wconf 65' lang='lat' dir='ltr'><strong>Zachariae:</strong></span> <span class='ocrx_word' id='word_1_446' title='bbox 3073 1624 3089 1654; x_wconf 78' lang='grc' dir='ltr'>ι</span> <span class='ocrx_word' id='word_1_447' title='bbox 3120 1603 3256 1657; x_wconf 83' lang='lat' dir='ltr'><strong>Ecce</strong></span> <span class='ocrx_word' id='word_1_448' title='bbox 3275 1619 3374 1672; x_wconf 83' lang='lat' dir='ltr'><strong>ego</strong></span> <span class='ocrx_word' id='word_1_449' title='bbox 3393 1603 3604 1656; x_wconf 80' lang='lat' dir='ltr'><strong>adduco</strong></span> 
     </span>
    </p>
   </div>
   <div class='ocr_carea' id='block_1_62' title="bbox 2024 1689 3599 1759">
    <p class='ocr_par' dir='ltr' id='par_1_62' title="bbox 2024 1689 3599 1759">
     <span class='ocr_line' id='line_1_62' title="bbox 2024 1689 3599 1759; baseline -0.001 -15"><span class='ocrx_word' id='word_1_450' title='bbox 2024 1705 2187 1759; x_wconf 85' lang='lat' dir='ltr'><strong>super</strong></span> <span class='ocrx_word' id='word_1_451' title='bbox 2240 1705 2455 1744; x_wconf 89' lang='lat' dir='ltr'><strong>servum</strong></span> <span class='ocrx_word' id='word_1_452' title='bbox 2499 1705 2679 1743; x_wconf 88' lang='lat' dir='ltr'><strong>meum</strong></span> <span class='ocrx_word' id='word_1_453' title='bbox 2721 1689 3036 1756; x_wconf 85' lang='lat' dir='ltr'><strong>Orientem,</strong></span> <span class='ocrx_word' id='word_1_454' title='bbox 3075 1691 3200 1759; x_wconf 84' lang='lat' dir='ltr'><strong>quia</strong></span> <span class='ocrx_word' id='word_1_455' title='bbox 3252 1691 3388 1758; x_wconf 86' lang='lat' dir='ltr'><strong>lapis</strong></span> <span class='ocrx_word' id='word_1_456' title='bbox 3440 1705 3599 1757; x_wconf 86' lang='lat' dir='ltr'><strong>quem</strong></span> 
     </span>
    </p>
   </div>
   <div class='ocr_carea' id='block_1_63' title="bbox 2024 1779 3634 1852">
    <p class='ocr_par' dir='ltr' id='par_1_63' title="bbox 2024 1779 3634 1852">
     <span class='ocr_line' id='line_1_63' title="bbox 2024 1779 3634 1852; baseline 0 -18"><span class='ocrx_word' id='word_1_457' title='bbox 2024 1783 2144 1836; x_wconf 84' lang='lat' dir='ltr'><strong>dedi</strong></span> <span class='ocrx_word' id='word_1_458' title='bbox 2175 1789 2300 1834; x_wconf 86' lang='lat' dir='ltr'><strong>ante</strong></span> <span class='ocrx_word' id='word_1_459' title='bbox 2325 1782 2514 1835; x_wconf 81' lang='lat' dir='ltr'><strong>faciem</strong></span> <span class='ocrx_word' id='word_1_460' title='bbox 2539 1779 2690 1843; x_wconf 79' lang='lat' dir='ltr'><strong>Jcsu,</strong></span> <span class='ocrx_word' id='word_1_461' title='bbox 2721 1797 2886 1851; x_wconf 89' lang='lat' dir='ltr'><strong>super</strong></span> <span class='ocrx_word' id='word_1_462' title='bbox 2910 1781 3142 1852; x_wconf 88' lang='lat' dir='ltr'><strong>lapidem</strong></span> <span class='ocrx_word' id='word_1_463' title='bbox 3171 1797 3360 1848; x_wconf 90' lang='lat' dir='ltr'><strong>unum,</strong></span> <span class='ocrx_word' id='word_1_464' title='bbox 3391 1791 3599 1848; x_wconf 82' lang='lat' dir='ltr'><strong>septem</strong></span> <span class='ocrx_word' id='word_1_465' title='bbox 3632 1845 3634 1848; x_wconf 26' lang='grc' dir='ltr'>ι</span> 
     </span>
    </p>
   </div>
   <div class='ocr_carea' id='block_1_64' title="bbox 2023 1871 3601 1940">
    <p class='ocr_par' dir='ltr' id='par_1_64' title="bbox 2023 1871 3601 1940">
     <span class='ocr_line' id='line_1_64' title="bbox 2023 1871 3601 1940; baseline -0.003 -13"><span class='ocrx_word' id='word_1_466' title='bbox 2023 1873 2163 1929; x_wconf 91' lang='lat' dir='ltr'><strong>oculi</strong></span> <span class='ocrx_word' id='word_1_467' title='bbox 2212 1874 2463 1928; x_wconf 76' lang='lat' dir='ltr'><strong>snnt”“.</strong></span> <span class='ocrx_word' id='word_1_468' title='bbox 2501 1892 2518 1924; x_wconf 77' lang='grc' dir='ltr'><strong>ι</strong></span> <span class='ocrx_word' id='word_1_469' title='bbox 2559 1871 2741 1926; x_wconf 85' lang='lat' dir='ltr'><strong>Potest</strong></span> <span class='ocrx_word' id='word_1_470' title='bbox 2775 1873 2916 1926; x_wconf 90' lang='lat' dir='ltr'><strong>enim</strong></span> <span class='ocrx_word' id='word_1_471' title='bbox 2947 1874 3126 1926; x_wconf 83' lang='lat' dir='ltr'><strong>omnia</strong></span> <span class='ocrx_word' id='word_1_472' title='bbox 3169 1873 3365 1940; x_wconf 83' lang='lat' dir='ltr'><strong>passim</strong></span> <span class='ocrx_word' id='word_1_473' title='bbox 3417 1871 3601 1938; x_wconf 85' lang='lat' dir='ltr'><strong>perln-</strong></span> 
     </span>
    </p>
   </div>
   <div class='ocr_carea' id='block_1_65' title="bbox 2023 1963 3604 2033">
    <p class='ocr_par' dir='ltr' id='par_1_65' title="bbox 2023 1963 3604 2033">
     <span class='ocr_line' id='line_1_65' title="bbox 2023 1963 3604 2033; baseline 0 -15"><span class='ocrx_word' id='word_1_474' title='bbox 2023 1974 2196 2018; x_wconf 85' lang='lat' dir='ltr'><strong>strare</strong></span> <span class='ocrx_word' id='word_1_475' title='bbox 2221 1964 2266 2017; x_wconf 89' lang='lat' dir='ltr'><strong>is</strong></span> <span class='ocrx_word' id='word_1_476' title='bbox 2295 1965 2384 2033; x_wconf 89' lang='lat' dir='ltr'><strong>qui</strong></span> <span class='ocrx_word' id='word_1_477' title='bbox 2412 1973 2497 2020; x_wconf 86' lang='lat' dir='ltr'><strong>est</strong></span> <span class='ocrx_word' id='word_1_478' title='bbox 2526 1964 2802 2033; x_wconf 86' lang='lat' dir='ltr'><strong>inspector</strong></span> <span class='ocrx_word' id='word_1_479' title='bbox 2819 1965 3059 2018; x_wconf 88' lang='lat' dir='ltr'><strong>omnium</strong></span> <span class='ocrx_word' id='word_1_480' title='bbox 3085 1964 3357 2018; x_wconf 76' lang='lat' dir='ltr'><strong>Christus.</strong></span> <span class='ocrx_word' id='word_1_481' title='bbox 3389 1963 3604 2018; x_wconf 83' lang='lat' dir='ltr'><strong>Positus</strong></span> 
     </span>
    </p>
   </div>
   <div class='ocr_carea' id='block_1_66' title="bbox 2024 2053 3599 2123">
    <p class='ocr_par' dir='ltr' id='par_1_66' title="bbox 2024 2053 3599 2123">
     <span class='ocr_line' id='line_1_66' title="bbox 2024 2053 3599 2123; baseline -0.003 -14"><span class='ocrx_word' id='word_1_482' title='bbox 2024 2063 2107 2109; x_wconf 83' lang='lat' dir='ltr'><strong>est</strong></span> <span class='ocrx_word' id='word_1_483' title='bbox 2158 2053 2322 2123; x_wconf 79' lang='lat' dir='ltr'><strong>igitur</strong></span> <span class='ocrx_word' id='word_1_484' title='bbox 2391 2054 2754 2108; x_wconf 84' lang='lat' dir='ltr'><strong>carbunculus</strong></span> <span class='ocrx_word' id='word_1_485' title='bbox 2817 2055 2868 2107; x_wconf 90' lang='lat' dir='ltr'><strong>in</strong></span> <span class='ocrx_word' id='word_1_486' title='bbox 2941 2054 3168 2122; x_wconf 80' lang='lat' dir='ltr'><strong>lapidem</strong></span> <span class='ocrx_word' id='word_1_487' title='bbox 3218 2063 3271 2107; x_wconf 89' lang='lat' dir='ltr'><strong>et</strong></span> <span class='ocrx_word' id='word_1_488' title='bbox 3323 2057 3599 2106; x_wconf 88' lang='lat' dir='ltr'><strong>immotam</strong></span> 
     </span>
    </p>
   </div>
   <div class='ocr_carea' id='block_1_67' title="bbox 2023 2143 3606 2211">
    <p class='ocr_par' dir='ltr' id='par_1_67' title="bbox 2023 2143 3606 2211">
     <span class='ocr_line' id='line_1_67' title="bbox 2023 2143 3606 2211; baseline 0.001 -15"><span class='ocrx_word' id='word_1_489' title='bbox 2023 2155 2223 2196; x_wconf 72' lang='lat' dir='ltr'><strong>sancta:</strong></span> <span class='ocrx_word' id='word_1_490' title='bbox 2251 2144 2485 2197; x_wconf 80' lang='lat' dir='ltr'><strong>civitatis</strong></span> <span class='ocrx_word' id='word_1_491' title='bbox 2517 2145 2710 2197; x_wconf 82' lang='lat' dir='ltr'><strong>basim.</strong></span> <span class='ocrx_word' id='word_1_492' title='bbox 2751 2143 2929 2210; x_wconf 90' lang='lat' dir='ltr'><strong>Super</strong></span> <span class='ocrx_word' id='word_1_493' title='bbox 2967 2143 3141 2210; x_wconf 90' lang='lat' dir='ltr'><strong>ipsum</strong></span> <span class='ocrx_word' id='word_1_494' title='bbox 3176 2155 3351 2196; x_wconf 77' lang='lat' dir='ltr'><strong>autem</strong></span> <span class='ocrx_word' id='word_1_495' title='bbox 3401 2143 3606 2211; x_wconf 81' lang='lat' dir='ltr'><strong>lapides</strong></span> 
     </span>
    </p>
   </div>
   <div class='ocr_carea' id='block_1_68' title="bbox 2024 2232 3603 2303">
    <p class='ocr_par' dir='ltr' id='par_1_68' title="bbox 2024 2232 3603 2303">
     <span class='ocr_line' id='line_1_68' title="bbox 2024 2232 3603 2303; baseline -0.001 -16"><span class='ocrx_word' id='word_1_496' title='bbox 2024 2234 2284 2302; x_wconf 87' lang='lat' dir='ltr'><strong>sapphiri,</strong></span> <span class='ocrx_word' id='word_1_497' title='bbox 2328 2232 2575 2287; x_wconf 87' lang='lat' dir='ltr'><strong>fortassis</strong></span> <span class='ocrx_word' id='word_1_498' title='bbox 2626 2245 2938 2288; x_wconf 84' lang='lat' dir='ltr'><strong>sanctorum</strong></span> <span class='ocrx_word' id='word_1_499' title='bbox 2996 2233 3369 2300; x_wconf 79' lang='lat' dir='ltr'><strong>apostolorum</strong></span> <span class='ocrx_word' id='word_1_500' title='bbox 3411 2249 3603 2303; x_wconf 80' lang='lat' dir='ltr'><strong>agmen</strong></span> 
     </span>
    </p>
   </div>
   <div class='ocr_carea' id='block_1_69' title="bbox 2024 2326 3602 2390">
    <p class='ocr_par' dir='ltr' id='par_1_69' title="bbox 2024 2326 3602 2390">
     <span class='ocr_line' id='line_1_69' title="bbox 2024 2326 3602 2390; baseline -0.001 -10"><span class='ocrx_word' id='word_1_501' title='bbox 2024 2329 2300 2382; x_wconf 88' lang='lat' dir='ltr'><strong>denotant.</strong></span> <span class='ocrx_word' id='word_1_502' title='bbox 2330 2326 2464 2381; x_wconf 86' lang='lat' dir='ltr'><strong>Sunt</strong></span> <span class='ocrx_word' id='word_1_503' title='bbox 2510 2327 2651 2380; x_wconf 90' lang='lat' dir='ltr'><strong>enim</strong></span> <span class='ocrx_word' id='word_1_504' title='bbox 2686 2327 2757 2380; x_wconf 90' lang='lat' dir='ltr'><strong>illi</strong></span> <span class='ocrx_word' id='word_1_505' title='bbox 2789 2327 3004 2381; x_wconf 83' lang='lat' dir='ltr'><strong>Christo</strong></span> <span class='ocrx_word' id='word_1_506' title='bbox 3031 2328 3339 2390; x_wconf 87' lang='lat' dir='ltr'><strong>viciniores,</strong></span> <span class='ocrx_word' id='word_1_507' title='bbox 3397 2336 3448 2379; x_wconf 93' lang='lat' dir='ltr'><strong>et</strong></span> <span class='ocrx_word' id='word_1_508' title='bbox 3479 2337 3602 2378; x_wconf 89' lang='lat' dir='ltr'><strong>tan-</strong></span> 
     </span>
    </p>
   </div>
   <div class='ocr_carea' id='block_1_70' title="bbox 2023 2415 3605 2486">
    <p class='ocr_par' dir='ltr' id='par_1_70' title="bbox 2023 2415 3605 2486">
     <span class='ocr_line' id='line_1_70' title="bbox 2023 2415 3605 2486; baseline 0 -18"><span class='ocrx_word' id='word_1_509' title='bbox 2023 2433 2183 2486; x_wconf 90' lang='lat' dir='ltr'><strong>quam</strong></span> <span class='ocrx_word' id='word_1_510' title='bbox 2215 2417 2564 2471; x_wconf 87' lang='lat' dir='ltr'><strong>fundamenta</strong></span> <span class='ocrx_word' id='word_1_511' title='bbox 2610 2419 2858 2485; x_wconf 72' lang='lat' dir='ltr'><strong>qttredatn</strong></span> <span class='ocrx_word' id='word_1_512' title='bbox 2899 2417 3196 2470; x_wconf 76' lang='lat' dir='ltr'><strong>Secundum</strong></span> <span class='ocrx_word' id='word_1_513' title='bbox 3248 2418 3420 2484; x_wconf 88' lang='lat' dir='ltr'><strong>ipsum</strong></span> <span class='ocrx_word' id='word_1_514' title='bbox 3455 2415 3605 2468; x_wconf 90' lang='lat' dir='ltr'><strong>orbis</strong></span> 
     </span>
    </p>
   </div>
   <div class='ocr_carea' id='block_1_71' title="bbox 2027 2507 3602 2575">
    <p class='ocr_par' dir='ltr' id='par_1_71' title="bbox 2027 2507 3602 2575">
     <span class='ocr_line' id='line_1_71' title="bbox 2027 2507 3602 2575; baseline -0.002 -13"><span class='ocrx_word' id='word_1_515' title='bbox 2027 2521 2294 2562; x_wconf 86' lang='lat' dir='ltr'><strong>terrarum</strong></span> <span class='ocrx_word' id='word_1_516' title='bbox 2327 2511 2674 2562; x_wconf 84' lang='lat' dir='ltr'><strong>exstiterunt.</strong></span> <span class='ocrx_word' id='word_1_517' title='bbox 2713 2507 2802 2560; x_wconf 84' lang='lat' dir='ltr'><strong>Sic</strong></span> <span class='ocrx_word' id='word_1_518' title='bbox 2838 2510 2910 2559; x_wconf 88' lang='lat' dir='ltr'><strong>ait</strong></span> <span class='ocrx_word' id='word_1_519' title='bbox 2938 2507 3104 2560; x_wconf 90' lang='lat' dir='ltr'><strong>David</strong></span> <span class='ocrx_word' id='word_1_520' title='bbox 3136 2508 3344 2575; x_wconf 77' lang='lat' dir='ltr'><strong>psalmo</strong></span> <span class='ocrx_word' id='word_1_521' title='bbox 3389 2507 3602 2560; x_wconf 89' lang='lat' dir='ltr'><strong>decimo</strong></span> 
     </span>
    </p>
   </div>
   <div class='ocr_carea' id='block_1_72' title="bbox 2022 2597 3605 2669">
    <p class='ocr_par' dir='ltr' id='par_1_72' title="bbox 2022 2597 3605 2669">
     <span class='ocr_line' id='line_1_72' title="bbox 2022 2597 3605 2669; baseline -0.002 -16"><span class='ocrx_word' id='word_1_522' title='bbox 2022 2601 2255 2668; x_wconf 87' lang='lat' dir='ltr'><strong>septimo</strong></span> <span class='ocrx_word' id='word_1_523' title='bbox 2294 2618 2365 2654; x_wconf 61' lang='lat'><strong>:4</strong></span> <span class='ocrx_word' id='word_1_524' title='bbox 2399 2600 2780 2666; x_wconf 86' lang='lat' dir='ltr'><strong>Apparuerunt</strong></span> <span class='ocrx_word' id='word_1_525' title='bbox 2825 2597 3001 2652; x_wconf 85' lang='lat' dir='ltr'><strong>fontes</strong></span> <span class='ocrx_word' id='word_1_526' title='bbox 3044 2615 3327 2669; x_wconf 86' lang='lat' dir='ltr'><strong>aquarum.</strong></span> <span class='ocrx_word' id='word_1_527' title='bbox 3354 2608 3404 2650; x_wconf 87' lang='lat' dir='ltr'><strong>et</strong></span> <span class='ocrx_word' id='word_1_528' title='bbox 3450 2613 3605 2651; x_wconf 87' lang='lat' dir='ltr'><strong>reve-</strong></span> 
     </span>
    </p>
   </div>
   <div class='ocr_carea' id='block_1_73' title="bbox 2022 2688 3601 2759">
    <p class='ocr_par' dir='ltr' id='par_1_73' title="bbox 2022 2688 3601 2759">
     <span class='ocr_line' id='line_1_73' title="bbox 2022 2688 3601 2759; baseline -0.004 -15"><span class='ocrx_word' id='word_1_529' title='bbox 2022 2691 2130 2744; x_wconf 77' lang='lat' dir='ltr'><strong>lata</strong></span> <span class='ocrx_word' id='word_1_530' title='bbox 2175 2700 2301 2743; x_wconf 90' lang='lat' dir='ltr'><strong>sunt</strong></span> <span class='ocrx_word' id='word_1_531' title='bbox 2345 2688 2689 2742; x_wconf 85' lang='lat' dir='ltr'><strong>fundamenta</strong></span> <span class='ocrx_word' id='word_1_532' title='bbox 2739 2698 2917 2750; x_wconf 65' lang='lat' dir='ltr'><strong>terra},</strong></span> <span class='ocrx_word' id='word_1_533' title='bbox 2958 2691 3024 2742; x_wconf 90' lang='lat' dir='ltr'><strong>ab</strong></span> <span class='ocrx_word' id='word_1_534' title='bbox 3060 2691 3431 2759; x_wconf 82' lang='lat' dir='ltr'><strong>increpatione</strong></span> <span class='ocrx_word' id='word_1_535' title='bbox 3474 2699 3601 2751; x_wconf 85' lang='lat' dir='ltr'><strong>tua,</strong></span> 
     </span>
    </p>
   </div>
   <div class='ocr_carea' id='block_1_74' title="bbox 2025 2777 3604 2848">
    <p class='ocr_par' dir='ltr' id='par_1_74' title="bbox 2025 2777 3604 2848">
     <span class='ocr_line' id='line_1_74' title="bbox 2025 2777 3604 2848; baseline -0.003 -14"><span class='ocrx_word' id='word_1_536' title='bbox 2025 2781 2268 2844; x_wconf 85' lang='lat' dir='ltr'><strong>Domine,</strong></span> <span class='ocrx_word' id='word_1_537' title='bbox 2304 2780 2371 2832; x_wconf 86' lang='lat' dir='ltr'><strong>ab</strong></span> <span class='ocrx_word' id='word_1_538' title='bbox 2407 2779 2772 2832; x_wconf 87' lang='lat' dir='ltr'><strong>insulllatione</strong></span> <span class='ocrx_word' id='word_1_539' title='bbox 2803 2781 3021 2848; x_wconf 84' lang='lat' dir='ltr'><strong>spiritus</strong></span> <span class='ocrx_word' id='word_1_540' title='bbox 3076 2781 3169 2832; x_wconf 61' lang='lat' dir='ltr'><strong>ira!</strong></span> <span class='ocrx_word' id='word_1_541' title='bbox 3216 2790 3318 2832; x_wconf 62' lang='lat' dir='ltr'><strong>tua:</strong></span> <span class='ocrx_word' id='word_1_542' title='bbox 3345 2780 3406 2833; x_wconf 83' lang='grc'><strong>’⁸.</strong></span> <span class='ocrx_word' id='word_1_543' title='bbox 3443 2796 3462 2831; x_wconf 76' lang='grc' dir='ltr'><strong>ι</strong></span> <span class='ocrx_word' id='word_1_544' title='bbox 3501 2777 3604 2830; x_wconf 74' lang='lat' dir='ltr'><strong>lle—</strong></span> 
     </span>
    </p>
   </div>
   <div class='ocr_carea' id='block_1_75' title="bbox 2021 2869 3605 2940">
    <p class='ocr_par' dir='ltr' id='par_1_75' title="bbox 2021 2869 3605 2940">
     <span class='ocr_line' id='line_1_75' title="bbox 2021 2869 3605 2940; baseline -0.003 -14"><span class='ocrx_word' id='word_1_545' title='bbox 2021 2873 2307 2940; x_wconf 87' lang='lat' dir='ltr'><strong>prehensis</strong></span> <span class='ocrx_word' id='word_1_546' title='bbox 2338 2872 2483 2924; x_wconf 86' lang='lat' dir='ltr'><strong>enim</strong></span> <span class='ocrx_word' id='word_1_547' title='bbox 2529 2871 2809 2938; x_wconf 75' lang='lat' dir='ltr'><strong>lsraelitis,</strong></span> <span class='ocrx_word' id='word_1_548' title='bbox 2857 2879 2910 2925; x_wconf 88' lang='lat' dir='ltr'><strong>et</strong></span> <span class='ocrx_word' id='word_1_549' title='bbox 2948 2869 3093 2922; x_wconf 84' lang='lat' dir='ltr'><strong>llatui</strong></span> <span class='ocrx_word' id='word_1_550' title='bbox 3120 2872 3313 2923; x_wconf 71' lang='grc' dir='ltr'><strong>ιιίνὶιιιῐ⁵</strong></span> <span class='ocrx_word' id='word_1_551' title='bbox 3346 2871 3438 2923; x_wconf 76' lang='lat' dir='ltr'><strong>irzc</strong></span> <span class='ocrx_word' id='word_1_552' title='bbox 3473 2871 3605 2922; x_wconf 85' lang='lat' dir='ltr'><strong>sub-</strong></span> 
     </span>
    </p>
   </div>
   <div class='ocr_carea' id='block_1_76' title="bbox 2018 2962 3605 3033">
    <p class='ocr_par' dir='ltr' id='par_1_76' title="bbox 2018 2962 3605 3033">
     <span class='ocr_line' id='line_1_76' title="bbox 2018 2962 3605 3033; baseline -0.004 -14"><span class='ocrx_word' id='word_1_553' title='bbox 2018 2965 2196 3033; x_wconf 86' lang='lat' dir='ltr'><strong>jectis,</strong></span> <span class='ocrx_word' id='word_1_554' title='bbox 2229 2979 2349 3018; x_wconf 87' lang='lat' dir='ltr'><strong>cum</strong></span> <span class='ocrx_word' id='word_1_555' title='bbox 2385 2964 2436 3016; x_wconf 89' lang='lat' dir='ltr'><strong>in</strong></span> <span class='ocrx_word' id='word_1_556' title='bbox 2469 2963 2742 3016; x_wconf 87' lang='lat' dir='ltr'><strong>Christum</strong></span> <span class='ocrx_word' id='word_1_557' title='bbox 2787 2962 3102 3016; x_wconf 88' lang='lat' dir='ltr'><strong>debaccbati</strong></span> <span class='ocrx_word' id='word_1_558' title='bbox 3165 2962 3413 3028; x_wconf 80' lang='lat' dir='ltr'><strong>fuissent,</strong></span> <span class='ocrx_word' id='word_1_559' title='bbox 3440 2977 3605 3029; x_wconf 90' lang='lat' dir='ltr'><strong>appa-</strong></span> 
     </span>
    </p>
   </div>
   <div class='ocr_carea' id='block_1_77' title="bbox 2024 3056 3598 3124">
    <p class='ocr_par' dir='ltr' id='par_1_77' title="bbox 2024 3056 3598 3124">
     <span class='ocr_line' id='line_1_77' title="bbox 2024 3056 3598 3124; baseline -0.004 -13"><span class='ocrx_word' id='word_1_560' title='bbox 2024 3066 2247 3111; x_wconf 89' lang='lat' dir='ltr'><strong>ruerunt</strong></span> <span class='ocrx_word' id='word_1_561' title='bbox 2273 3059 2447 3110; x_wconf 90' lang='lat' dir='ltr'><strong>fontes</strong></span> <span class='ocrx_word' id='word_1_562' title='bbox 2491 3070 2774 3124; x_wconf 81' lang='lat' dir='ltr'><strong>aquarum,</strong></span> <span class='ocrx_word' id='word_1_563' title='bbox 2806 3056 2855 3106; x_wconf 79' lang='lat' dir='ltr'><strong>itl</strong></span> <span class='ocrx_word' id='word_1_564' title='bbox 2888 3063 2988 3116; x_wconf 86' lang='lat' dir='ltr'><strong>est,</strong></span> <span class='ocrx_word' id='word_1_565' title='bbox 3047 3070 3141 3121; x_wconf 84' lang='lat' dir='ltr'><strong>per</strong></span> <span class='ocrx_word' id='word_1_566' title='bbox 3185 3064 3598 3108; x_wconf 77' lang='lat' dir='ltr'><strong>sacrosanctum</strong></span> 
     </span>
    </p>
   </div>
   <div class='ocr_carea' id='block_1_78' title="bbox 2023 3143 3599 3218">
    <p class='ocr_par' dir='ltr' id='par_1_78' title="bbox 2023 3143 3599 3218">
     <span class='ocr_line' id='line_1_78' title="bbox 2023 3143 3599 3218; baseline -0.006 -13"><span class='ocrx_word' id='word_1_567' title='bbox 2023 3152 2286 3218; x_wconf 85' lang='lat' dir='ltr'><strong>baptisma</strong></span> <span class='ocrx_word' id='word_1_568' title='bbox 2321 3148 2660 3216; x_wconf 81' lang='lat' dir='ltr'><strong>purificatio;</strong></span> <span class='ocrx_word' id='word_1_569' title='bbox 2711 3157 2764 3200; x_wconf 91' lang='lat' dir='ltr'><strong>et</strong></span> <span class='ocrx_word' id='word_1_570' title='bbox 2813 3147 3102 3214; x_wconf 85' lang='lat' dir='ltr'><strong>conspicua</strong></span> <span class='ocrx_word' id='word_1_571' title='bbox 3136 3146 3272 3199; x_wconf 89' lang='lat' dir='ltr'><strong>facta</strong></span> <span class='ocrx_word' id='word_1_572' title='bbox 3320 3156 3443 3198; x_wconf 91' lang='lat' dir='ltr'><strong>sunt</strong></span> <span class='ocrx_word' id='word_1_573' title='bbox 3477 3143 3599 3196; x_wconf 86' lang='lat' dir='ltr'><strong>fun-</strong></span> 
     </span>
    </p>
   </div>
   <div class='ocr_carea' id='block_1_79' title="bbox 2021 3233 3605 3302">
    <p class='ocr_par' dir='ltr' id='par_1_79' title="bbox 2021 3233 3605 3302">
     <span class='ocr_line' id='line_1_79' title="bbox 2021 3233 3605 3302; baseline -0.007 -8"><span class='ocrx_word' id='word_1_574' title='bbox 2021 3242 2269 3294; x_wconf 89' lang='lat' dir='ltr'><strong>damenta</strong></span> <span class='ocrx_word' id='word_1_575' title='bbox 2323 3239 2494 3300; x_wconf 89' lang='lat' dir='ltr'><strong>orbis,</strong></span> <span class='ocrx_word' id='word_1_576' title='bbox 2553 3235 2604 3289; x_wconf 86' lang='lat' dir='ltr'><strong>id</strong></span> <span class='ocrx_word' id='word_1_577' title='bbox 2643 3245 2745 3298; x_wconf 89' lang='lat' dir='ltr'><strong>est,</strong></span> <span class='ocrx_word' id='word_1_578' title='bbox 2789 3235 2956 3288; x_wconf 82' lang='lat' dir='ltr'><strong>divini</strong></span> <span class='ocrx_word' id='word_1_579' title='bbox 2992 3235 3263 3302; x_wconf 87' lang='lat' dir='ltr'><strong>discipuli,</strong></span> <span class='ocrx_word' id='word_1_580' title='bbox 3297 3233 3520 3299; x_wconf 87' lang='lat' dir='ltr'><strong>apostoli</strong></span> <span class='ocrx_word' id='word_1_581' title='bbox 3549 3240 3605 3286; x_wconf 88' lang='lat' dir='ltr'><strong>et</strong></span> 
     </span>
    </p>
   </div>
   <div class='ocr_carea' id='block_1_80' title="bbox 2021 3325 3604 3399">
    <p class='ocr_par' dir='ltr' id='par_1_80' title="bbox 2021 3325 3604 3399">
     <span class='ocr_line' id='line_1_80' title="bbox 2021 3325 3604 3399; baseline -0.006 -13"><span class='ocrx_word' id='word_1_582' title='bbox 2021 3332 2390 3399; x_wconf 66' lang='lat' dir='ltr'><strong>evangelisne.</strong></span> <span class='ocrx_word' id='word_1_583' title='bbox 2446 3328 2648 3382; x_wconf 81' lang='lat' dir='ltr'><strong>Ponant</strong></span> <span class='ocrx_word' id='word_1_584' title='bbox 2687 3341 2923 3394; x_wconf 87' lang='lat' dir='ltr'><strong>quoque,</strong></span> <span class='ocrx_word' id='word_1_585' title='bbox 2987 3325 3183 3394; x_wconf 81' lang='lat' dir='ltr'><strong>inquit,</strong></span> <span class='ocrx_word' id='word_1_586' title='bbox 3210 3335 3261 3377; x_wconf 90' lang='lat' dir='ltr'><strong>et</strong></span> <span class='ocrx_word' id='word_1_587' title='bbox 3294 3339 3604 3393; x_wconf 68' lang='lat' dir='ltr'><strong>propugna-</strong></span> 
     </span>
    </p>
   </div>
   <div class='ocr_carea' id='block_1_81' title="bbox 2021 3417 3607 3490">
    <p class='ocr_par' dir='ltr' id='par_1_81' title="bbox 2021 3417 3607 3490">
     <span class='ocr_line' id='line_1_81' title="bbox 2021 3417 3607 3490; baseline -0.005 -12"><span class='ocrx_word' id='word_1_588' title='bbox 2021 3425 2136 3478; x_wconf 81' lang='lat' dir='ltr'><strong>cula</strong></span> <span class='ocrx_word' id='word_1_589' title='bbox 2162 3433 2248 3476; x_wconf 88' lang='lat' dir='ltr'><strong>tua</strong></span> <span class='ocrx_word' id='word_1_590' title='bbox 2266 3422 2556 3490; x_wconf 57' lang='lat' dir='ltr'><strong>iaspidem,</strong></span> <span class='ocrx_word' id='word_1_591' title='bbox 2588 3430 2640 3472; x_wconf 88' lang='lat' dir='ltr'><strong>et</strong></span> <span class='ocrx_word' id='word_1_592' title='bbox 2664 3430 2849 3489; x_wconf 85' lang='lat' dir='ltr'><strong>portas</strong></span> <span class='ocrx_word' id='word_1_593' title='bbox 2878 3428 2999 3471; x_wconf 88' lang='lat' dir='ltr'><strong>tuas</strong></span> <span class='ocrx_word' id='word_1_594' title='bbox 3033 3418 3239 3484; x_wconf 82' lang='lat' dir='ltr'><strong>lapides</strong></span> <span class='ocrx_word' id='word_1_595' title='bbox 3269 3417 3530 3488; x_wconf 66' lang='lat' dir='ltr'><strong>crystalli,</strong></span> <span class='ocrx_word' id='word_1_596' title='bbox 3551 3424 3607 3470; x_wconf 77' lang='lat' dir='ltr'><strong>et</strong></span> 
     </span>
    </p>
   </div>
   <div class='ocr_carea' id='block_1_82' title="bbox 2023 3497 3605 3579">
    <p class='ocr_par' dir='ltr' id='par_1_82' title="bbox 2023 3497 3605 3579">
     <span class='ocr_line' id='line_1_82' title="bbox 2023 3497 3605 3579; baseline -0.004 -11"><span class='ocrx_word' id='word_1_597' title='bbox 2023 3529 2232 3568; x_wconf 88' lang='lat' dir='ltr'><strong>murum</strong></span> <span class='ocrx_word' id='word_1_598' title='bbox 2261 3523 2408 3564; x_wconf 89' lang='lat' dir='ltr'><strong>ttnnu</strong></span> <span class='ocrx_word' id='word_1_599' title='bbox 2431 3511 2634 3579; x_wconf 86' lang='lat' dir='ltr'><strong>lapides</strong></span> <span class='ocrx_word' id='word_1_600' title='bbox 2661 3512 2880 3564; x_wconf 81' lang='lat' dir='ltr'><strong>electos.</strong></span> <span class='ocrx_word' id='word_1_601' title='bbox 2914 3497 3318 3578; x_wconf 80' lang='lat' dir='ltr'><strong>Propugnacula</strong></span> <span class='ocrx_word' id='word_1_602' title='bbox 3351 3519 3605 3574; x_wconf 85' lang='lat' dir='ltr'><strong>etportas</strong></span> 
     </span>
    </p>
   </div>
   <div class='ocr_carea' id='block_1_83' title="bbox 2022 3604 3602 3672">
    <p class='ocr_par' dir='ltr' id='par_1_83' title="bbox 2022 3604 3602 3672">
     <span class='ocr_line' id='line_1_83' title="bbox 2022 3604 3602 3672; baseline -0.003 -13"><span class='ocrx_word' id='word_1_603' title='bbox 2022 3616 2076 3659; x_wconf 86' lang='lat' dir='ltr'><strong>et</strong></span> <span class='ocrx_word' id='word_1_604' title='bbox 2108 3604 2498 3659; x_wconf 84' lang='lat' dir='ltr'><strong>munimentum</strong></span> <span class='ocrx_word' id='word_1_605' title='bbox 2529 3606 2790 3668; x_wconf 82' lang='lat' dir='ltr'><strong>nominat,</strong></span> <span class='ocrx_word' id='word_1_606' title='bbox 2821 3613 3134 3656; x_wconf 84' lang='lat' dir='ltr'><strong>sanctorum</strong></span> <span class='ocrx_word' id='word_1_607' title='bbox 3168 3611 3602 3672; x_wconf 68' lang='lat' dir='ltr'><strong>mystagogornm</strong></span> 
     </span>
    </p>
   </div>
   <div class='ocr_carea' id='block_1_84' title="bbox 2027 3693 3599 3761">
    <p class='ocr_par' dir='ltr' id='par_1_84' title="bbox 2027 3693 3599 3761">
     <span class='ocr_line' id='line_1_84' title="bbox 2027 3693 3599 3761; baseline -0.004 -10"><span class='ocrx_word' id='word_1_608' title='bbox 2027 3698 2132 3751; x_wconf 88' lang='lat' dir='ltr'><strong>Deo</strong></span> <span class='ocrx_word' id='word_1_609' title='bbox 2177 3696 2409 3748; x_wconf 90' lang='lat' dir='ltr'><strong>amicum</strong></span> <span class='ocrx_word' id='word_1_610' title='bbox 2437 3704 2490 3749; x_wconf 89' lang='lat' dir='ltr'><strong>et</strong></span> <span class='ocrx_word' id='word_1_611' title='bbox 2517 3694 2984 3760; x_wconf 82' lang='lat' dir='ltr'><strong>sapientissimum</strong></span> <span class='ocrx_word' id='word_1_612' title='bbox 3010 3702 3207 3744; x_wconf 71' lang='lat' dir='ltr'><strong>emtum</strong></span> <span class='ocrx_word' id='word_1_613' title='bbox 3238 3710 3250 3744; x_wconf 90' lang='lat'><strong>:</strong></span> <span class='ocrx_word' id='word_1_614' title='bbox 3289 3693 3378 3761; x_wconf 89' lang='lat' dir='ltr'><strong>qui</strong></span> <span class='ocrx_word' id='word_1_615' title='bbox 3437 3693 3599 3744; x_wconf 86' lang='lat' dir='ltr'><strong>etiam</strong></span> 
     </span>
    </p>
   </div>
   <div class='ocr_carea' id='block_1_85' title="bbox 2023 3785 3605 3858">
    <p class='ocr_par' dir='ltr' id='par_1_85' title="bbox 2023 3785 3605 3858">
     <span class='ocr_line' id='line_1_85' title="bbox 2023 3785 3605 3858; baseline -0.004 -18"><span class='ocrx_word' id='word_1_616' title='bbox 2023 3786 2418 3858; x_wconf 73' lang='lat' dir='ltr'><strong>propugnacula</strong></span> <span class='ocrx_word' id='word_1_617' title='bbox 2444 3796 2594 3847; x_wconf 88' lang='lat' dir='ltr'><strong>sunt,</strong></span> <span class='ocrx_word' id='word_1_618' title='bbox 2618 3795 2670 3838; x_wconf 83' lang='lat' dir='ltr'><strong>et</strong></span> <span class='ocrx_word' id='word_1_619' title='bbox 2701 3794 2868 3853; x_wconf 76' lang='lat' dir='ltr'><strong>portze</strong></span> <span class='ocrx_word' id='word_1_620' title='bbox 2896 3795 3098 3838; x_wconf 74' lang='lat' dir='ltr'><strong>sanctae</strong></span> <span class='ocrx_word' id='word_1_621' title='bbox 3129 3785 3386 3848; x_wconf 73' lang='lat' dir='ltr'><strong>civitatis,</strong></span> <span class='ocrx_word' id='word_1_622' title='bbox 3411 3796 3465 3838; x_wconf 87' lang='lat' dir='ltr'><strong>et</strong></span> <span class='ocrx_word' id='word_1_623' title='bbox 3488 3799 3605 3836; x_wconf 87' lang='lat' dir='ltr'><strong>um-</strong></span> 
     </span>
    </p>
   </div>
   <div class='ocr_carea' id='block_1_86' title="bbox 2024 3875 3602 3946">
    <p class='ocr_par' dir='ltr' id='par_1_86' title="bbox 2024 3875 3602 3946">
     <span class='ocr_line' id='line_1_86' title="bbox 2024 3875 3602 3946; baseline -0.004 -12"><span class='ocrx_word' id='word_1_624' title='bbox 2024 3880 2260 3935; x_wconf 75' lang='lat' dir='ltr'><strong>nitnenta</strong></span> <span class='ocrx_word' id='word_1_625' title='bbox 2291 3893 2354 3932; x_wconf 91' lang='lat' dir='ltr'><strong>ac</strong></span> <span class='ocrx_word' id='word_1_626' title='bbox 2395 3881 2555 3933; x_wconf 88' lang='lat' dir='ltr'><strong>tmtri.</strong></span> <span class='ocrx_word' id='word_1_627' title='bbox 2590 3877 2836 3946; x_wconf 79' lang='lat' dir='ltr'><strong>Pugnant</strong></span> <span class='ocrx_word' id='word_1_628' title='bbox 2857 3877 3001 3930; x_wconf 90' lang='lat' dir='ltr'><strong>enim</strong></span> <span class='ocrx_word' id='word_1_629' title='bbox 3032 3892 3152 3931; x_wconf 89' lang='lat' dir='ltr'><strong>cum</strong></span> <span class='ocrx_word' id='word_1_630' title='bbox 3191 3875 3273 3930; x_wconf 89' lang='lat' dir='ltr'><strong>his</strong></span> <span class='ocrx_word' id='word_1_631' title='bbox 3294 3877 3384 3944; x_wconf 88' lang='lat' dir='ltr'><strong>qui</strong></span> <span class='ocrx_word' id='word_1_632' title='bbox 3407 3875 3602 3929; x_wconf 61' lang='lat' dir='ltr'><strong>bellum</strong></span> 
     </span>
    </p>
   </div>
   <div class='ocr_carea' id='block_1_87' title="bbox 2025 3967 3602 4035">
    <p class='ocr_par' dir='ltr' id='par_1_87' title="bbox 2025 3967 3602 4035">
     <span class='ocr_line' id='line_1_87' title="bbox 2025 3967 3602 4035; baseline -0.003 -10"><span class='ocrx_word' id='word_1_633' title='bbox 2025 3972 2260 4026; x_wconf 85' lang='lat' dir='ltr'><strong>inferunt</strong></span> <span class='ocrx_word' id='word_1_634' title='bbox 2291 3969 2387 4032; x_wconf 90' lang='lat' dir='ltr'><strong>illi,</strong></span> <span class='ocrx_word' id='word_1_635' title='bbox 2436 3969 2486 4022; x_wconf 84' lang='lat' dir='ltr'><strong>id</strong></span> <span class='ocrx_word' id='word_1_636' title='bbox 2529 3979 2633 4034; x_wconf 86' lang='lat' dir='ltr'><strong>est,</strong></span> <span class='ocrx_word' id='word_1_637' title='bbox 2661 3969 2746 4022; x_wconf 87' lang='lat' dir='ltr'><strong>his</strong></span> <span class='ocrx_word' id='word_1_638' title='bbox 2786 3969 2875 4035; x_wconf 88' lang='lat' dir='ltr'><strong>qtti</strong></span> <span class='ocrx_word' id='word_1_639' title='bbox 2906 3968 2956 4020; x_wconf 88' lang='lat' dir='ltr'><strong>itt</strong></span> <span class='ocrx_word' id='word_1_640' title='bbox 2995 3983 3054 4022; x_wconf 92' lang='lat' dir='ltr'><strong>ea</strong></span> <span class='ocrx_word' id='word_1_641' title='bbox 3095 3976 3242 4030; x_wconf 88' lang='lat' dir='ltr'><strong>sunt,</strong></span> <span class='ocrx_word' id='word_1_642' title='bbox 3272 3967 3602 4020; x_wconf 81' lang='lat' dir='ltr'><strong>multitudini</strong></span> 
     </span>
    </p>
   </div>
   <div class='ocr_carea' id='block_1_88' title="bbox 2025 4057 3605 4128">
    <p class='ocr_par' dir='ltr' id='par_1_88' title="bbox 2025 4057 3605 4128">
     <span class='ocr_line' id='line_1_88' title="bbox 2025 4057 3605 4128; baseline -0.004 -14"><span class='ocrx_word' id='word_1_643' title='bbox 2025 4075 2216 4128; x_wconf 88' lang='lat' dir='ltr'><strong>nempe</strong></span> <span class='ocrx_word' id='word_1_644' title='bbox 2264 4073 2451 4112; x_wconf 87' lang='lat' dir='ltr'><strong>eorum</strong></span> <span class='ocrx_word' id='word_1_645' title='bbox 2487 4057 2577 4126; x_wconf 89' lang='lat' dir='ltr'><strong>qui</strong></span> <span class='ocrx_word' id='word_1_646' title='bbox 2625 4073 2722 4126; x_wconf 89' lang='lat' dir='ltr'><strong>per</strong></span> <span class='ocrx_word' id='word_1_647' title='bbox 2767 4057 2925 4110; x_wconf 83' lang='lat' dir='ltr'><strong>fidem</strong></span> <span class='ocrx_word' id='word_1_648' title='bbox 2971 4057 3169 4110; x_wconf 81' lang='lat' dir='ltr'><strong>servati</strong></span> <span class='ocrx_word' id='word_1_649' title='bbox 3196 4066 3354 4118; x_wconf 89' lang='lat' dir='ltr'><strong>sunt;</strong></span> <span class='ocrx_word' id='word_1_650' title='bbox 3385 4063 3439 4108; x_wconf 88' lang='lat' dir='ltr'><strong>et</strong></span> <span class='ocrx_word' id='word_1_651' title='bbox 3478 4071 3605 4122; x_wconf 83' lang='lat' dir='ltr'><strong>pru-</strong></span> 
     </span>
    </p>
   </div>
   <div class='ocr_carea' id='block_1_89' title="bbox 2024 4148 3602 4218">
    <p class='ocr_par' dir='ltr' id='par_1_89' title="bbox 2024 4148 3602 4218">
     <span class='ocr_line' id='line_1_89' title="bbox 2024 4148 3602 4218; baseline -0.003 -14"><span class='ocrx_word' id='word_1_652' title='bbox 2024 4153 2212 4205; x_wconf 83' lang='lat' dir='ltr'><strong>denter</strong></span> <span class='ocrx_word' id='word_1_653' title='bbox 2246 4151 2502 4203; x_wconf 87' lang='lat' dir='ltr'><strong>resistuut</strong></span> <span class='ocrx_word' id='word_1_654' title='bbox 2555 4149 2839 4218; x_wconf 84' lang='lat' dir='ltr'><strong>impiarum</strong></span> <span class='ocrx_word' id='word_1_655' title='bbox 2874 4159 3146 4202; x_wconf 86' lang='lat' dir='ltr'><strong>sectarum</strong></span> <span class='ocrx_word' id='word_1_656' title='bbox 3207 4148 3602 4214; x_wconf 84' lang='lat' dir='ltr'><strong>inventoribus,</strong></span> 
     </span>
    </p>
   </div>
   <div class='ocr_carea' id='block_1_90' title="bbox 2023 4240 3604 4310">
    <p class='ocr_par' dir='ltr' id='par_1_90' title="bbox 2023 4240 3604 4310">
     <span class='ocr_line' id='line_1_90' title="bbox 2023 4240 3604 4310; baseline -0.003 -15"><span class='ocrx_word' id='word_1_657' title='bbox 2023 4258 2087 4296; x_wconf 89' lang='lat' dir='ltr'><strong>ac</strong></span> <span class='ocrx_word' id='word_1_658' title='bbox 2117 4240 2317 4296; x_wconf 88' lang='lat' dir='ltr'><strong>diaboli</strong></span> <span class='ocrx_word' id='word_1_659' title='bbox 2380 4243 2599 4296; x_wconf 72' lang='lat' dir='ltr'><strong>malitia:</strong></span> <span class='ocrx_word' id='word_1_660' title='bbox 2658 4242 2952 4305; x_wconf 89' lang='lat' dir='ltr'><strong>obsistunt,</strong></span> <span class='ocrx_word' id='word_1_661' title='bbox 2990 4257 3086 4295; x_wconf 85' lang='lat' dir='ltr'><strong>nec</strong></span> <span class='ocrx_word' id='word_1_662' title='bbox 3121 4255 3449 4310; x_wconf 89' lang='lat' dir='ltr'><strong>quemquam</strong></span> <span class='ocrx_word' id='word_1_663' title='bbox 3491 4253 3604 4291; x_wconf 88' lang='lat' dir='ltr'><strong>ser-</strong></span> 
     </span>
    </p>
   </div>
   <div class='ocr_carea' id='block_1_91' title="bbox 2024 4331 3606 4402">
    <p class='ocr_par' dir='ltr' id='par_1_91' title="bbox 2024 4331 3606 4402">
     <span class='ocr_line' id='line_1_91' title="bbox 2024 4331 3606 4402; baseline -0.004 -18"><span class='ocrx_word' id='word_1_664' title='bbox 2024 4344 2271 4387; x_wconf 86' lang='lat' dir='ltr'><strong>vatorum</strong></span> <span class='ocrx_word' id='word_1_665' title='bbox 2302 4334 2624 4402; x_wconf 89' lang='lat' dir='ltr'><strong>permittunt</strong></span> <span class='ocrx_word' id='word_1_666' title='bbox 2653 4333 2703 4386; x_wconf 92' lang='lat' dir='ltr'><strong>in</strong></span> <span class='ocrx_word' id='word_1_667' title='bbox 2742 4331 2858 4400; x_wconf 79' lang='lat' dir='ltr'><strong>ejus</strong></span> <span class='ocrx_word' id='word_1_668' title='bbox 2910 4333 3156 4387; x_wconf 88' lang='lat' dir='ltr'><strong>incidere</strong></span> <span class='ocrx_word' id='word_1_669' title='bbox 3210 4331 3488 4384; x_wconf 86' lang='lat' dir='ltr'><strong>sinistram</strong></span> <span class='ocrx_word' id='word_1_670' title='bbox 3523 4335 3606 4398; x_wconf 80' lang='lat' dir='ltr'><strong>ty-</strong></span> 
     </span>
    </p>
   </div>
   <div class='ocr_carea' id='block_1_92' title="bbox 339 4419 1922 4514">
    <p class='ocr_par' dir='ltr' id='par_1_92' title="bbox 339 4433 1922 4514">
     <span class='ocr_line' id='line_1_92' title="bbox 339 4433 1922 4514; baseline -0.008 -19"><span class='ocrx_word' id='word_1_671' title='bbox 339 4442 602 4514; x_wconf 78' lang='grc' dir='ltr'>αίρέσεων</span> <span class='ocrx_word' id='word_1_672' title='bbox 631 4443 902 4512; x_wconf 81' lang='grc' dir='ltr'>εὑρεταῖς,</span> <span class='ocrx_word' id='word_1_673' title='bbox 951 4439 1046 4492; x_wconf 70' lang='grc' dir='ltr'><strong>καὶ</strong></span> <span class='ocrx_word' id='word_1_674' title='bbox 1096 4440 1219 4501; x_wconf 80' lang='grc' dir='ltr'>ταῖς</span> <span class='ocrx_word' id='word_1_675' title='bbox 1261 4435 1355 4490; x_wconf 75' lang='grc' dir='ltr'><strong>τοῦ</strong></span> <span class='ocrx_word' id='word_1_676' title='bbox 1401 4434 1650 4488; x_wconf 78' lang='grc' dir='ltr'>διαϐόλου</span> <span class='ocrx_word' id='word_1_677' title='bbox 1699 4433 1922 4503; x_wconf 86' lang='grc' dir='ltr'>δυστρο-</span> 
     </span>
    </p>
   </div>
   <div class='ocr_carea' id='block_1_93' title="bbox 2024 4419 3604 4514">
    <p class='ocr_par' dir='ltr' id='par_1_93' title="bbox 2030 4419 3604 4494">
     <span class='ocr_line' id='line_1_93' title="bbox 2030 4419 3604 4494; baseline -0.008 -13"><span class='ocrx_word' id='word_1_678' title='bbox 2030 4426 2333 4494; x_wconf 85' lang='lat' dir='ltr'><strong>rannidem,</strong></span> <span class='ocrx_word' id='word_1_679' title='bbox 2373 4426 2631 4480; x_wconf 89' lang='lat' dir='ltr'><strong>continuo</strong></span> <span class='ocrx_word' id='word_1_680' title='bbox 2689 4441 2752 4481; x_wconf 89' lang='lat' dir='ltr'><strong>ac</strong></span> <span class='ocrx_word' id='word_1_681' title='bbox 2806 4425 3030 4478; x_wconf 82' lang='lat' dir='ltr'><strong>rite&#39;ad</strong></span> <span class='ocrx_word' id='word_1_682' title='bbox 3092 4422 3184 4477; x_wconf 84' lang='lat' dir='ltr'><strong>Dei</strong></span> <span class='ocrx_word' id='word_1_683' title='bbox 3241 4419 3604 4487; x_wconf 76' lang='lat' dir='ltr'><strong>cognitionem</strong></span> 
     </span>
    </p>
   </div>
   <div class='ocr_carea' id='block_1_94' title="bbox 340 4524 1924 4600">
    <p class='ocr_par' dir='ltr' id='par_1_94' title="bbox 340 4524 1924 4600">
     <span class='ocr_line' id='line_1_94' title="bbox 340 4524 1924 4600; baseline -0.005 -14"><span class='ocrx_word' id='word_1_684' title='bbox 340 4533 495 4596; x_wconf 87' lang='grc' dir='ltr'>πίαις</span> <span class='ocrx_word' id='word_1_685' title='bbox 542 4531 962 4600; x_wconf 81' lang='grc' dir='ltr'>ἀνθιστάμενοι.</span> <span class='ocrx_word' id='word_1_686' title='bbox 1017 4527 1112 4583; x_wconf 72' lang='grc' dir='ltr'><strong>κάι</strong></span> <span class='ocrx_word' id='word_1_687' title='bbox 1163 4528 1273 4583; x_wconf 92' lang='grc' dir='ltr'>τῶν</span> <span class='ocrx_word' id='word_1_688' title='bbox 1327 4526 1691 4598; x_wconf 84' lang='grc' dir='ltr'>σεσωσμένων</span> <span class='ocrx_word' id='word_1_689' title='bbox 1734 4524 1924 4578; x_wconf 78' lang='grc' dir='ltr'>οὐδένα</span> 
     </span>
    </p>
   </div>
   <div class='ocr_carea' id='block_1_95' title="bbox 341 4615 1926 4694">
    <p class='ocr_par' dir='ltr' id='par_1_95' title="bbox 341 4615 1926 4694">
     <span class='ocr_line' id='line_1_95' title="bbox 341 4615 1926 4694; baseline -0.006 -17"><span class='ocrx_word' id='word_1_690' title='bbox 341 4624 698 4694; x_wconf 83' lang='grc' dir='ltr'>περιπίπτειν</span> <span class='ocrx_word' id='word_1_691' title='bbox 723 4639 825 4674; x_wconf 84' lang='grc' dir='ltr'><strong>που</strong></span> <span class='ocrx_word' id='word_1_692' title='bbox 856 4623 957 4689; x_wconf 82' lang='grc' dir='ltr'>τῆς</span> <span class='ocrx_word' id='word_1_693' title='bbox 988 4620 1305 4689; x_wconf 68' lang='grc' dir='ltr'>σκαιότητος</span> <span class='ocrx_word' id='word_1_694' title='bbox 1336 4619 1575 4688; x_wconf 86' lang='grc' dir='ltr'>συνεχῶς</span> <span class='ocrx_word' id='word_1_695' title='bbox 1599 4615 1926 4688; x_wconf 73' lang='grc' dir='ltr'>ἐπιτρέπον-</span> 
     </span>
    </p>
   </div>
   <div class='ocr_carea' id='block_1_96' title="bbox 341 4708 1924 4781">
    <p class='ocr_par' dir='ltr' id='par_1_96' title="bbox 341 4708 1924 4781">
     <span class='ocr_line' id='line_1_96' title="bbox 341 4708 1924 4781; baseline -0.004 -15"><span class='ocrx_word' id='word_1_696' title='bbox 341 4731 455 4776; x_wconf 85' lang='grc' dir='ltr'>τες,</span> <span class='ocrx_word' id='word_1_697' title='bbox 486 4713 583 4765; x_wconf 74' lang='grc' dir='ltr'><strong>καὶ</strong></span> <span class='ocrx_word' id='word_1_698' title='bbox 611 4708 722 4764; x_wconf 79' lang='grc' dir='ltr'>οἷον</span> <span class='ocrx_word' id='word_1_699' title='bbox 757 4715 816 4775; x_wconf 79' lang='grc' dir='ltr'>ὲν</span> <span class='ocrx_word' id='word_1_700' title='bbox 840 4710 992 4774; x_wconf 80' lang='grc' dir='ltr'>τάξει</span> <span class='ocrx_word' id='word_1_701' title='bbox 1025 4711 1432 4781; x_wconf 77' lang='grc' dir='ltr'>εἰσκομίζοντες</span> <span class='ocrx_word' id='word_1_702' title='bbox 1469 4713 1547 4775; x_wconf 84' lang='grc' dir='ltr'>εἰς</span> <span class='ocrx_word' id='word_1_703' title='bbox 1593 4709 1924 4779; x_wconf 79' lang='grc' dir='ltr'>θεογνωσίαν</span> 
     </span>
    </p>
   </div>
   <div class='ocr_carea' id='block_1_97' title="bbox 343 4801 1926 4876">
    <p class='ocr_par' dir='ltr' id='par_1_97' title="bbox 343 4801 1926 4876">
     <span class='ocr_line' id='line_1_97' title="bbox 343 4801 1926 4876; baseline -0.003 -18"><span class='ocrx_word' id='word_1_704' title='bbox 343 4805 469 4868; x_wconf 79' lang='grc' dir='ltr'>τοὺς</span> <span class='ocrx_word' id='word_1_705' title='bbox 499 4804 556 4870; x_wconf 75' lang='grc' dir='ltr'><strong>ἐξ</strong></span> <span class='ocrx_word' id='word_1_706' title='bbox 585 4804 802 4876; x_wconf 80' lang='grc' dir='ltr'>ἀπάτης</span> <span class='ocrx_word' id='word_1_707' title='bbox 850 4804 1201 4875; x_wconf 79' lang='grc' dir='ltr'>Ἑλληνικῆς,</span> <span class='ocrx_word' id='word_1_708' title='bbox 1233 4803 1692 4873; x_wconf 81' lang='grc' dir='ltr'>περιφράττοντὲς</span> <span class='ocrx_word' id='word_1_709' title='bbox 1724 4819 1783 4854; x_wconf 90' lang='grc' dir='ltr'>τε</span> <span class='ocrx_word' id='word_1_710' title='bbox 1831 4801 1926 4854; x_wconf 81' lang='grc' dir='ltr'><strong>καὶ</strong></span> 
     </span>
    </p>
   </div>
   <div class='ocr_carea' id='block_1_98' title="bbox 344 4893 1919 4966">
    <p class='ocr_par' dir='ltr' id='par_1_98' title="bbox 344 4893 1919 4966">
     <span class='ocr_line' id='line_1_98' title="bbox 344 4893 1919 4966; baseline -0.001 -18"><span class='ocrx_word' id='word_1_711' title='bbox 344 4894 765 4966; x_wconf 74' lang='grc' dir='ltr'>περιϐάλλοντες</span> <span class='ocrx_word' id='word_1_712' title='bbox 836 4895 1140 4955; x_wconf 86' lang='grc' dir='ltr'>νουθεσίαις</span> <span class='ocrx_word' id='word_1_713' title='bbox 1204 4893 1400 4955; x_wconf 74' lang='grc' dir='ltr'>αὐτοὺς</span> <span class='ocrx_word' id='word_1_714' title='bbox 1466 4896 1557 4946; x_wconf 77' lang='grc' dir='ltr'><strong>καὶ</strong></span> <span class='ocrx_word' id='word_1_715' title='bbox 1627 4910 1919 4963; x_wconf 79' lang='grc' dir='ltr'>μυσταγω-</span> 
     </span>
    </p>
   </div>
   <div class='ocr_carea' id='block_1_99' title="bbox 342 4977 1923 5054">
    <p class='ocr_par' dir='ltr' id='par_1_99' title="bbox 342 4977 1923 5054">
     <span class='ocr_line' id='line_1_99' title="bbox 342 4977 1923 5054; baseline -0.003 -15"><span class='ocrx_word' id='word_1_716' title='bbox 342 4987 511 5054; x_wconf 68' lang='grc' dir='ltr'><strong>⁴γίαις.</strong></span> <span class='ocrx_word' id='word_1_717' title='bbox 540 4985 681 5038; x_wconf 82' lang='grc' dir='ltr'>ὥστε</span> <span class='ocrx_word' id='word_1_718' title='bbox 717 4984 809 5036; x_wconf 72' lang='grc' dir='ltr'><strong>καὶ</strong></span> <span class='ocrx_word' id='word_1_719' title='bbox 842 4983 1115 5053; x_wconf 77' lang='grc' dir='ltr'>ἀλήπτους</span> <span class='ocrx_word' id='word_1_720' title='bbox 1139 4977 1301 5043; x_wconf 80' lang='grc' dir='ltr'>εἶναι.</span> <span class='ocrx_word' id='word_1_721' title='bbox 1340 4983 1432 5035; x_wconf 57' lang='grc' dir='ltr'><strong>καὶ⁵</strong></span> <span class='ocrx_word' id='word_1_722' title='bbox 1466 4981 1727 5052; x_wconf 86' lang='grc' dir='ltr'>δυνάμεσι</span> <span class='ocrx_word' id='word_1_723' title='bbox 1754 5000 1923 5051; x_wconf 80' lang='grc' dir='ltr'>πονη-</span> 
     </span>
    </p>
   </div>
   <div class='ocr_carea' id='block_1_100' title="bbox 347 5072 1921 5147">
    <p class='ocr_par' dir='ltr' id='par_1_100' title="bbox 347 5072 1921 5147">
     <span class='ocr_line' id='line_1_100' title="bbox 347 5072 1921 5147; baseline -0.003 -17"><span class='ocrx_word' id='word_1_724' title='bbox 347 5079 489 5145; x_wconf 81' lang='grc' dir='ltr'>ραῖς.</span> <span class='ocrx_word' id='word_1_725' title='bbox 511 5075 606 5130; x_wconf 74' lang='grc' dir='ltr'><strong>καὶ</strong></span> <span class='ocrx_word' id='word_1_726' title='bbox 630 5075 991 5147; x_wconf 80' lang='grc' dir='ltr'>βωμολοχίαις</span> <span class='ocrx_word' id='word_1_727' title='bbox 1016 5072 1530 5144; x_wconf 76' lang='grc' dir='ltr'>ψευδοδιδασκάλων,</span> <span class='ocrx_word' id='word_1_728' title='bbox 1561 5074 1610 5127; x_wconf 85' lang='grc' dir='ltr'><strong>οἳ</strong></span> <span class='ocrx_word' id='word_1_729' title='bbox 1635 5077 1732 5145; x_wconf 82' lang='grc' dir='ltr'>τῆς</span> <span class='ocrx_word' id='word_1_730' title='bbox 1757 5073 1921 5143; x_wconf 81' lang='grc' dir='ltr'>ψευδ-</span> 
     </span>
    </p>
   </div>
   <div class='ocr_carea' id='block_1_101' title="bbox 341 5165 1924 5238">
    <p class='ocr_par' dir='ltr' id='par_1_101' title="bbox 341 5165 1924 5238">
     <span class='ocr_line' id='line_1_101' title="bbox 341 5165 1924 5238; baseline -0.003 -17"><span class='ocrx_word' id='word_1_731' title='bbox 341 5167 448 5221; x_wconf 88' lang='grc' dir='ltr'><strong>ωνύ</strong></span> <span class='ocrx_word' id='word_1_732' title='bbox 459 5186 562 5238; x_wconf 90' lang='grc' dir='ltr'><strong>μου</strong></span> <span class='ocrx_word' id='word_1_733' title='bbox 604 5167 859 5238; x_wconf 84' lang='grc' dir='ltr'>γνώσεως</span> <span class='ocrx_word' id='word_1_734' title='bbox 883 5168 974 5222; x_wconf 80' lang='grc' dir='ltr'>τὸν</span> <span class='ocrx_word' id='word_1_735' title='bbox 994 5167 1072 5220; x_wconf 77' lang='grc' dir='ltr'><strong>ἱὸν</strong></span> <span class='ocrx_word' id='word_1_736' title='bbox 1105 5165 1355 5235; x_wconf 77' lang='grc' dir='ltr'>ἐκχέουσι</span> <span class='ocrx_word' id='word_1_737' title='bbox 1385 5166 1503 5228; x_wconf 84' lang='grc' dir='ltr'>ταῖς</span> <span class='ocrx_word' id='word_1_738' title='bbox 1527 5165 1636 5218; x_wconf 87' lang='grc' dir='ltr'><strong>τῶν</strong></span> <span class='ocrx_word' id='word_1_739' title='bbox 1667 5166 1924 5234; x_wconf 77' lang='grc' dir='ltr'>ἀκεραιοο</span> 
     </span>
    </p>
   </div>
   <div class='ocr_carea' id='block_1_102' title="bbox 341 5255 1926 5332">
    <p class='ocr_par' dir='ltr' id='par_1_102' title="bbox 341 5255 1926 5332">
     <span class='ocr_line' id='line_1_102' title="bbox 341 5255 1926 5332; baseline -0.004 -20"><span class='ocrx_word' id='word_1_740' title='bbox 341 5261 517 5330; x_wconf 78' lang='grc' dir='ltr'>τέρων</span> <span class='ocrx_word' id='word_1_741' title='bbox 546 5261 939 5332; x_wconf 74' lang='grc' dir='ltr'>ψυχαῖς.Ἕθος</span> <span class='ocrx_word' id='word_1_742' title='bbox 974 5261 1031 5314; x_wconf 82' lang='grc' dir='ltr'>δὲ</span> <span class='ocrx_word' id='word_1_743' title='bbox 1061 5261 1126 5327; x_wconf 83' lang='grc' dir='ltr'>τῇ</span> <span class='ocrx_word' id='word_1_744' title='bbox 1161 5256 1502 5327; x_wconf 87' lang='grc' dir='ltr'>θεοπνεύστῳ</span> <span class='ocrx_word' id='word_1_745' title='bbox 1533 5256 1724 5328; x_wconf 72' lang='grc' dir='ltr'>Γραφῇ</span> <span class='ocrx_word' id='word_1_746' title='bbox 1753 5255 1926 5318; x_wconf 89' lang='grc' dir='ltr'>λίθοις</span> 
     </span>
    </p>
   </div>
   <div class='ocr_carea' id='block_1_103' title="bbox 348 5345 1925 5423">
    <p class='ocr_par' dir='ltr' id='par_1_103' title="bbox 348 5345 1925 5423">
     <span class='ocr_line' id='line_1_103' title="bbox 348 5345 1925 5423; baseline -0.003 -19"><span class='ocrx_word' id='word_1_747' title='bbox 348 5352 827 5416; x_wconf 83' lang='grc' dir='ltr'>πολυτελεστάτοις</span> <span class='ocrx_word' id='word_1_748' title='bbox 857 5350 1156 5423; x_wconf 74' lang='grc' dir='ltr'>ἀφομοιοῦν</span> <span class='ocrx_word' id='word_1_749' title='bbox 1204 5348 1314 5402; x_wconf 76' lang='grc' dir='ltr'>ἔσθ’</span> <span class='ocrx_word' id='word_1_750' title='bbox 1341 5349 1429 5402; x_wconf 83' lang='grc' dir='ltr'>ὅτε</span> <span class='ocrx_word' id='word_1_751' title='bbox 1459 5349 1584 5407; x_wconf 70' lang='grc' dir='ltr'>τοὺς</span> <span class='ocrx_word' id='word_1_752' title='bbox 1613 5347 1708 5417; x_wconf 84' lang='grc' dir='ltr'><strong>τὴν</strong></span> <span class='ocrx_word' id='word_1_753' title='bbox 1755 5345 1925 5415; x_wconf 81' lang='grc' dir='ltr'>ἁγίαν</span> 
     </span>
    </p>
   </div>
   <div class='ocr_carea' id='block_1_104' title="bbox 350 5439 1920 5517">
    <p class='ocr_par' dir='ltr' id='par_1_104' title="bbox 350 5439 1920 5517">
     <span class='ocr_line' id='line_1_104' title="bbox 350 5439 1920 5517; baseline -0.001 -21"><span class='ocrx_word' id='word_1_754' title='bbox 350 5445 572 5514; x_wconf 77' lang='grc' dir='ltr'>ἔχοντας</span> <span class='ocrx_word' id='word_1_755' title='bbox 596 5445 763 5517; x_wconf 73' lang='grc' dir='ltr'>ζωὴν,</span> <span class='ocrx_word' id='word_1_756' title='bbox 783 5447 879 5498; x_wconf 70' lang='grc' dir='ltr'><strong>καὶ</strong></span> <span class='ocrx_word' id='word_1_757' title='bbox 905 5444 1236 5498; x_wconf 78' lang='grc' dir='ltr'>πολυειδέσιν</span> <span class='ocrx_word' id='word_1_758' title='bbox 1261 5444 1484 5514; x_wconf 74' lang='grc' dir='ltr'>ἀρεταῖς</span> <span class='ocrx_word' id='word_1_759' title='bbox 1514 5439 1920 5513; x_wconf 79' lang='grc' dir='ltr'>ἐμπρέποντας.</span> 
     </span>
    </p>
   </div>
   <div class='ocr_carea' id='block_1_105' title="bbox 351 5524 1924 5611">
    <p class='ocr_par' dir='ltr' id='par_1_105' title="bbox 351 5524 1924 5611">
     <span class='ocr_line' id='line_1_105' title="bbox 351 5524 1924 5611; baseline -0.002 -21"><span class='ocrx_word' id='word_1_760' title='bbox 351 5538 459 5591; x_wconf 58' lang='grc' dir='ltr'><strong>Καὶ</strong></span> <span class='ocrx_word' id='word_1_761' title='bbox 497 5540 628 5607; x_wconf 76' lang='grc' dir='ltr'>γοῦν</span> <span class='ocrx_word' id='word_1_762' title='bbox 671 5541 776 5610; x_wconf 72' lang='grc' dir='ltr'>ἔφη</span> <span class='ocrx_word' id='word_1_763' title='bbox 820 5557 920 5593; x_wconf 85' lang='grc' dir='ltr'><strong>που</strong></span> <span class='ocrx_word' id='word_1_764' title='bbox 958 5540 1083 5611; x_wconf 78' lang='grc' dir='ltr'>περὶ</span> <span class='ocrx_word' id='word_1_765' title='bbox 1123 5537 1232 5590; x_wconf 82' lang='grc' dir='ltr'><strong>τῶν</strong></span> <span class='ocrx_word' id='word_1_766' title='bbox 1273 5524 1444 5606; x_wconf 79' lang='grc' dir='ltr'>ὸίγίων</span> <span class='ocrx_word' id='word_1_767' title='bbox 1473 5533 1806 5602; x_wconf 82' lang='grc' dir='ltr'>ἀποστόλων,</span> <span class='ocrx_word' id='word_1_768' title='bbox 1843 5535 1924 5588; x_wconf 82' lang='grc' dir='ltr'><strong>ὃτι</strong></span> 
     </span>
    </p>
   </div>
   <div class='ocr_carea' id='block_1_106' title="bbox 427 5715 1514 5784">
    <p class='ocr_par' dir='ltr' id='par_1_106' title="bbox 427 5715 1514 5784">
     <span class='ocr_line' id='line_1_106' title="bbox 427 5715 1514 5784; baseline 0 -14"><span class='ocrx_word' id='word_1_769' title='bbox 427 5717 470 5750; x_wconf 77' lang='grc'><strong>⁸⁷</strong></span> <span class='ocrx_word' id='word_1_770' title='bbox 509 5716 816 5784; x_wconf 59' lang='grc' dir='ltr'>ΙεειΛλιιιι,</span> <span class='ocrx_word' id='word_1_771' title='bbox 857 5719 939 5773; x_wconf 78' lang='lat' dir='ltr'><strong>l6.</strong></span> <span class='ocrx_word' id='word_1_772' title='bbox 1023 5720 1084 5750; x_wconf 78' lang='lat'><strong>&quot;‘</strong></span> <span class='ocrx_word' id='word_1_773' title='bbox 1123 5718 1308 5783; x_wconf 80' lang='lat' dir='ltr'><strong>Amos,</strong></span> <span class='ocrx_word' id='word_1_774' title='bbox 1343 5733 1436 5784; x_wconf 72' lang='grc' dir='ltr'>ιιι,</span> <span class='ocrx_word' id='word_1_775' title='bbox 1465 5715 1514 5772; x_wconf 89' lang='lat'><strong>8.</strong></span> 
     </span>
    </p>
   </div>
   <div class='ocr_carea' id='block_1_107' title="bbox 1638 5711 2228 5782">
    <p class='ocr_par' dir='ltr' id='par_1_107' title="bbox 1638 5711 2228 5782">
     <span class='ocr_line' id='line_1_107' title="bbox 1638 5711 2228 5782; baseline -0.008 -12"><span class='ocrx_word' id='word_1_776' title='bbox 1638 5716 1721 5747; x_wconf 80' lang='lat'>””</span> <span class='ocrx_word' id='word_1_777' title='bbox 1759 5714 1925 5770; x_wconf 81' lang='lat' dir='ltr'><strong>Zaclt.</strong></span> <span class='ocrx_word' id='word_1_778' title='bbox 1971 5729 2052 5782; x_wconf 88' lang='grc' dir='ltr'>ιιι,</span> <span class='ocrx_word' id='word_1_779' title='bbox 2092 5712 2144 5777; x_wconf 81' lang='lat'><strong>8,</strong></span> <span class='ocrx_word' id='word_1_780' title='bbox 2176 5711 2228 5766; x_wconf 86' lang='lat'><strong>9.</strong></span> 
     </span>
    </p>
   </div>
   <div class='ocr_carea' id='block_1_108' title="bbox 2031 4511 3603 4581">
    <p class='ocr_par' dir='ltr' id='par_1_108' title="bbox 2031 4511 3603 4581">
     <span class='ocr_line' id='line_1_108' title="bbox 2031 4511 3603 4581; baseline -0.008 -8"><span class='ocrx_word' id='word_1_781' title='bbox 2031 4519 2347 4573; x_wconf 84' lang='lat' dir='ltr'><strong>inducentes</strong></span> <span class='ocrx_word' id='word_1_782' title='bbox 2391 4518 2605 4572; x_wconf 89' lang='lat' dir='ltr'><strong>ethnica</strong></span> <span class='ocrx_word' id='word_1_783' title='bbox 2641 4516 2828 4572; x_wconf 86' lang='lat' dir='ltr'><strong>fraude</strong></span> <span class='ocrx_word' id='word_1_784' title='bbox 2875 4516 3137 4579; x_wconf 89' lang='lat' dir='ltr'><strong>irretitos,</strong></span> <span class='ocrx_word' id='word_1_785' title='bbox 3187 4511 3516 4581; x_wconf 86' lang='lat' dir='ltr'><strong>monitisque</strong></span> <span class='ocrx_word' id='word_1_786' title='bbox 3553 4518 3603 4564; x_wconf 90' lang='lat' dir='ltr'><strong>et</strong></span> 
     </span>
    </p>
   </div>
   <div class='ocr_carea' id='block_1_109' title="bbox 2030 4603 3608 4682">
    <p class='ocr_par' dir='ltr' id='par_1_109' title="bbox 2030 4603 3608 4682">
     <span class='ocr_line' id='line_1_109' title="bbox 2030 4603 3608 4682; baseline -0.008 -17"><span class='ocrx_word' id='word_1_787' title='bbox 2030 4610 2378 4682; x_wconf 75' lang='lat' dir='ltr'><strong>Itystagogiis</strong></span> <span class='ocrx_word' id='word_1_788' title='bbox 2434 4624 2528 4662; x_wconf 89' lang='lat' dir='ltr'><strong>eos</strong></span> <span class='ocrx_word' id='word_1_789' title='bbox 2590 4607 2928 4662; x_wconf 86' lang='lat' dir='ltr'><strong>obvallantes</strong></span> <span class='ocrx_word' id='word_1_790' title='bbox 2981 4616 3034 4659; x_wconf 91' lang='lat' dir='ltr'><strong>et</strong></span> <span class='ocrx_word' id='word_1_791' title='bbox 3083 4603 3494 4666; x_wconf 89' lang='lat' dir='ltr'><strong>obmunieutes,</strong></span> <span class='ocrx_word' id='word_1_792' title='bbox 3551 4611 3608 4654; x_wconf 88' lang='lat' dir='ltr'><strong>ut</strong></span> 
     </span>
    </p>
   </div>
   <div class='ocr_carea' id='block_1_110' title="bbox 2030 4700 3606 4772">
    <p class='ocr_par' dir='ltr' id='par_1_110' title="bbox 2030 4700 3606 4772">
     <span class='ocr_line' id='line_1_110' title="bbox 2030 4700 3606 4772; baseline -0.006 -12"><span class='ocrx_word' id='word_1_793' title='bbox 2030 4721 2135 4760; x_wconf 89' lang='lat' dir='ltr'><strong>non</strong></span> <span class='ocrx_word' id='word_1_794' title='bbox 2185 4703 2296 4759; x_wconf 88' lang='lat' dir='ltr'><strong>sint</strong></span> <span class='ocrx_word' id='word_1_795' title='bbox 2345 4703 2574 4772; x_wconf 80' lang='lat' dir='ltr'><strong>expositi</strong></span> <span class='ocrx_word' id='word_1_796' title='bbox 2639 4702 2795 4757; x_wconf 90' lang='lat' dir='ltr'><strong>malis</strong></span> <span class='ocrx_word' id='word_1_797' title='bbox 2843 4703 3202 4772; x_wconf 86' lang='lat' dir='ltr'><strong>potestatibus</strong></span> <span class='ocrx_word' id='word_1_798' title='bbox 3245 4710 3298 4754; x_wconf 88' lang='lat' dir='ltr'><strong>et</strong></span> <span class='ocrx_word' id='word_1_799' title='bbox 3348 4700 3606 4755; x_wconf 86' lang='lat' dir='ltr'><strong>falsorum</strong></span> 
     </span>
    </p>
   </div>
   <div class='ocr_carea' id='block_1_111' title="bbox 2029 4791 3610 4863">
    <p class='ocr_par' dir='ltr' id='par_1_111' title="bbox 2029 4791 3610 4863">
     <span class='ocr_line' id='line_1_111' title="bbox 2029 4791 3610 4863; baseline -0.006 -13"><span class='ocrx_word' id='word_1_800' title='bbox 2029 4798 2308 4852; x_wconf 78' lang='lat' dir='ltr'><strong>doctarum</strong></span> <span class='ocrx_word' id='word_1_801' title='bbox 2368 4793 2689 4848; x_wconf 89' lang='lat' dir='ltr'><strong>scurrilibus</strong></span> <span class='ocrx_word' id='word_1_802' title='bbox 2740 4793 2916 4863; x_wconf 80' lang='lat' dir='ltr'><strong>nugis,</strong></span> <span class='ocrx_word' id='word_1_803' title='bbox 2970 4794 3060 4861; x_wconf 92' lang='lat' dir='ltr'><strong>qui</strong></span> <span class='ocrx_word' id='word_1_804' title='bbox 3110 4791 3245 4845; x_wconf 85' lang='lat' dir='ltr'><strong>falso</strong></span> <span class='ocrx_word' id='word_1_805' title='bbox 3315 4791 3610 4844; x_wconf 66' lang='lat' dir='ltr'><strong>nominatas</strong></span> 
     </span>
    </p>
   </div>
   <div class='ocr_carea' id='block_1_112' title="bbox 2027 4878 3606 4949">
    <p class='ocr_par' dir='ltr' id='par_1_112' title="bbox 2027 4878 3606 4949">
     <span class='ocr_line' id='line_1_112' title="bbox 2027 4878 3606 4949; baseline -0.006 -10"><span class='ocrx_word' id='word_1_806' title='bbox 2027 4885 2266 4940; x_wconf 64' lang='lat' dir='ltr'><strong>scientia:</strong></span> <span class='ocrx_word' id='word_1_807' title='bbox 2312 4898 2575 4938; x_wconf 89' lang='lat' dir='ltr'><strong>venenum</strong></span> <span class='ocrx_word' id='word_1_808' title='bbox 2631 4883 2829 4937; x_wconf 88' lang='lat' dir='ltr'><strong>animis</strong></span> <span class='ocrx_word' id='word_1_809' title='bbox 2880 4883 3271 4949; x_wconf 87' lang='lat' dir='ltr'><strong>sitnplieiorutn</strong></span> <span class='ocrx_word' id='word_1_810' title='bbox 3304 4878 3606 4932; x_wconf 73' lang='lat' dir='ltr'><strong>offendunt.</strong></span> 
     </span>
    </p>
   </div>
   <div class='ocr_carea' id='block_1_113' title="bbox 2031 4971 3651 5042">
    <p class='ocr_par' dir='ltr' id='par_1_113' title="bbox 2031 4971 3651 5042">
     <span class='ocr_line' id='line_1_113' title="bbox 2031 4971 3651 5042; baseline -0.006 -12"><span class='ocrx_word' id='word_1_811' title='bbox 2031 4977 2127 5031; x_wconf 83' lang='lat' dir='ltr'><strong>Est</strong></span> <span class='ocrx_word' id='word_1_812' title='bbox 2159 4977 2320 5030; x_wconf 89' lang='lat' dir='ltr'><strong>etiam</strong></span> <span class='ocrx_word' id='word_1_813' title='bbox 2357 4974 2598 5029; x_wconf 88' lang='lat' dir='ltr'><strong>solemne</strong></span> <span class='ocrx_word' id='word_1_814' title='bbox 2648 4973 2943 5042; x_wconf 72' lang='lat' dir='ltr'><strong>Scriptum</strong></span> <span class='ocrx_word' id='word_1_815' title='bbox 2991 4973 3248 5025; x_wconf 80' lang='lat' dir='ltr'><strong>divinitus</strong></span> <span class='ocrx_word' id='word_1_816' title='bbox 3307 4971 3651 5039; x_wconf 59' lang='lat' dir='ltr'><strong>inspiratam]</strong></span> 
     </span>
    </p>
   </div>
   <div class='ocr_carea' id='block_1_114' title="bbox 2029 5062 3609 5138">
    <p class='ocr_par' dir='ltr' id='par_1_114' title="bbox 2029 5062 3609 5138">
     <span class='ocr_line' id='line_1_114' title="bbox 2029 5062 3609 5138; baseline -0.006 -16"><span class='ocrx_word' id='word_1_817' title='bbox 2029 5069 2300 5138; x_wconf 84' lang='lat' dir='ltr'><strong>lapidibus</strong></span> <span class='ocrx_word' id='word_1_818' title='bbox 2365 5064 2776 5136; x_wconf 82' lang='lat' dir='ltr'><strong>pretiosissimis</strong></span> <span class='ocrx_word' id='word_1_819' title='bbox 2826 5064 3134 5117; x_wconf 82' lang='lat' dir='ltr'><strong>assitnilare</strong></span> <span class='ocrx_word' id='word_1_820' title='bbox 3191 5062 3461 5116; x_wconf 88' lang='lat' dir='ltr'><strong>interdum</strong></span> <span class='ocrx_word' id='word_1_821' title='bbox 3516 5075 3609 5113; x_wconf 90' lang='lat' dir='ltr'><strong>eos</strong></span> 
     </span>
    </p>
   </div>
   <div class='ocr_carea' id='block_1_115' title="bbox 2030 5153 3611 5228">
    <p class='ocr_par' dir='ltr' id='par_1_115' title="bbox 2030 5153 3611 5228">
     <span class='ocr_line' id='line_1_115' title="bbox 2030 5153 3611 5228; baseline -0.003 -17"><span class='ocrx_word' id='word_1_822' title='bbox 2030 5162 2338 5228; x_wconf 71' lang='lat' dir='ltr'><strong>qni&#39;sauete</strong></span> <span class='ocrx_word' id='word_1_823' title='bbox 2386 5160 2554 5212; x_wconf 88' lang='lat' dir='ltr'><strong>vitam</strong></span> <span class='ocrx_word' id='word_1_824' title='bbox 2608 5157 2916 5219; x_wconf 90' lang='lat' dir='ltr'><strong>instituunt,</strong></span> <span class='ocrx_word' id='word_1_825' title='bbox 2967 5167 3014 5209; x_wconf 85' lang='lat' dir='ltr'><strong>et</strong></span> <span class='ocrx_word' id='word_1_826' title='bbox 3056 5155 3222 5209; x_wconf 77' lang='lat' dir='ltr'><strong>variis</strong></span> <span class='ocrx_word' id='word_1_827' title='bbox 3259 5154 3465 5224; x_wconf 81' lang='lat' dir='ltr'><strong>fulgent</strong></span> <span class='ocrx_word' id='word_1_828' title='bbox 3504 5153 3611 5206; x_wconf 85' lang='lat' dir='ltr'><strong>vir-</strong></span> 
     </span>
    </p>
   </div>
   <div class='ocr_carea' id='block_1_116' title="bbox 2031 5242 3606 5318">
    <p class='ocr_par' dir='ltr' id='par_1_116' title="bbox 2031 5242 3606 5318">
     <span class='ocr_line' id='line_1_116' title="bbox 2031 5242 3606 5318; baseline -0.006 -12"><span class='ocrx_word' id='word_1_829' title='bbox 2031 5253 2256 5306; x_wconf 87' lang='lat' dir='ltr'><strong>tutibus.</strong></span> <span class='ocrx_word' id='word_1_830' title='bbox 2291 5251 2432 5305; x_wconf 79' lang='lat' dir='ltr'><strong>Dixit</strong></span> <span class='ocrx_word' id='word_1_831' title='bbox 2463 5250 2730 5318; x_wconf 78' lang='lat' dir='ltr'><strong>siquidem</strong></span> <span class='ocrx_word' id='word_1_832' title='bbox 2765 5250 2830 5303; x_wconf 89' lang='lat' dir='ltr'><strong>de</strong></span> <span class='ocrx_word' id='word_1_833' title='bbox 2865 5249 3032 5318; x_wconf 80' lang='lat'><strong>768</strong></span> <span class='ocrx_word' id='word_1_834' title='bbox 3074 5245 3284 5302; x_wconf 85' lang='lat' dir='ltr'><strong>sanctis</strong></span> <span class='ocrx_word' id='word_1_835' title='bbox 3311 5242 3606 5316; x_wconf 75' lang='lat' dir='ltr'><strong>apostolis:</strong></span> 
     </span>
    </p>
   </div>
   <div class='ocr_carea' id='block_1_117' title="bbox 2031 5331 3605 5413">
    <p class='ocr_par' dir='ltr' id='par_1_117' title="bbox 2031 5331 3605 5413">
     <span class='ocr_line' id='line_1_117' title="bbox 2031 5331 3605 5413; baseline -0.006 -16"><span class='ocrx_word' id='word_1_836' title='bbox 2031 5341 2266 5413; x_wconf 87' lang='lat' dir='ltr'><strong>Lapides</strong></span> <span class='ocrx_word' id='word_1_837' title='bbox 2299 5342 2472 5397; x_wconf 88' lang='lat' dir='ltr'><strong>sancti</strong></span> <span class='ocrx_word' id='word_1_838' title='bbox 2503 5341 2791 5394; x_wconf 88' lang='lat' dir='ltr'><strong>volvuntur</strong></span> <span class='ocrx_word' id='word_1_839' title='bbox 2822 5355 2986 5409; x_wconf 85' lang='lat' dir='ltr'><strong>super</strong></span> <span class='ocrx_word' id='word_1_840' title='bbox 3008 5338 3254 5393; x_wconf 78' lang='lat' dir='ltr'><strong>terra&quot;&#39;.</strong></span> <span class='ocrx_word' id='word_1_841' title='bbox 3282 5335 3410 5391; x_wconf 85' lang='lat' dir='ltr'><strong>Nam</strong></span> <span class='ocrx_word' id='word_1_842' title='bbox 3439 5331 3605 5387; x_wconf 88' lang='lat' dir='ltr'><strong>divini</strong></span> 
     </span>
    </p>
   </div>
   <div class='ocr_carea' id='block_1_118' title="bbox 2033 5429 3610 5505">
    <p class='ocr_par' dir='ltr' id='par_1_118' title="bbox 2033 5429 3610 5505">
     <span class='ocr_line' id='line_1_118' title="bbox 2033 5429 3610 5505; baseline -0.007 -15"><span class='ocrx_word' id='word_1_843' title='bbox 2033 5435 2280 5505; x_wconf 85' lang='lat' dir='ltr'><strong>discipuli</strong></span> <span class='ocrx_word' id='word_1_844' title='bbox 2299 5435 2482 5489; x_wconf 90' lang='lat' dir='ltr'><strong>orbem</strong></span> <span class='ocrx_word' id='word_1_845' title='bbox 2504 5444 2771 5486; x_wconf 90' lang='lat' dir='ltr'><strong>terrarum</strong></span> <span class='ocrx_word' id='word_1_846' title='bbox 2793 5429 3537 5501; x_wconf 68' lang='lat' dir='ltr'><strong>peragrabant,praatlicanlcs</strong></span> <span class='ocrx_word' id='word_1_847' title='bbox 3553 5432 3610 5480; x_wconf 80' lang='lat' dir='ltr'><strong>et</strong></span> 
     </span>
    </p>
   </div>
   <div class='ocr_carea' id='block_1_119' title="bbox 2033 5517 3610 5598">
    <p class='ocr_par' dir='ltr' id='par_1_119' title="bbox 2033 5517 3610 5598">
     <span class='ocr_line' id='line_1_119' title="bbox 2033 5517 3610 5598; baseline -0.008 -16"><span class='ocrx_word' id='word_1_848' title='bbox 2033 5527 2464 5598; x_wconf 82' lang='lat' dir='ltr'><strong>evangelizantes</strong></span> <span class='ocrx_word' id='word_1_849' title='bbox 2483 5527 2680 5594; x_wconf 88' lang='lat' dir='ltr'><strong>ubique</strong></span> <span class='ocrx_word' id='word_1_850' title='bbox 2701 5524 2939 5593; x_wconf 79' lang='lat' dir='ltr'><strong>gentium</strong></span> <span class='ocrx_word' id='word_1_851' title='bbox 2959 5523 3206 5576; x_wconf 89' lang='lat' dir='ltr'><strong>omnibus</strong></span> <span class='ocrx_word' id='word_1_852' title='bbox 3225 5520 3451 5591; x_wconf 74' lang='lat' dir='ltr'><strong>gratiam</strong></span> <span class='ocrx_word' id='word_1_853' title='bbox 3465 5517 3610 5574; x_wconf 86' lang='lat' dir='ltr'><strong>salu-</strong></span> 
     </span>
    </p>
   </div>
   <div class='ocr_carea' id='block_1_120' title="bbox 2311 5699 3462 5774">
    <p class='ocr_par' dir='ltr' id='par_1_120' title="bbox 2311 5699 3462 5774">
     <span class='ocr_line' id='line_1_120' title="bbox 2311 5699 3462 5774; baseline -0.012 -9"><span class='ocrx_word' id='word_1_854' title='bbox 2311 5711 2352 5742; x_wconf 84' lang='lat'>&quot;</span> <span class='ocrx_word' id='word_1_855' title='bbox 2383 5709 2526 5764; x_wconf 80' lang='lat' dir='ltr'><strong>Psal.</strong></span> <span class='ocrx_word' id='word_1_856' title='bbox 2562 5725 2693 5774; x_wconf 64' lang='grc' dir='ltr'>χιιι,</span> <span class='ocrx_word' id='word_1_857' title='bbox 2737 5707 2817 5760; x_wconf 87' lang='grc'><strong>16.</strong></span> <span class='ocrx_word' id='word_1_858' title='bbox 2898 5708 2959 5736; x_wconf 77' lang='grc'><strong>⁸⁸⁸</strong></span> <span class='ocrx_word' id='word_1_859' title='bbox 2995 5704 3222 5761; x_wconf 66' lang='lat' dir='ltr'><strong>Zacltur.</strong></span> <span class='ocrx_word' id='word_1_860' title='bbox 3263 5718 3340 5767; x_wconf 74' lang='lat' dir='ltr'><strong>ts,</strong></span> <span class='ocrx_word' id='word_1_861' title='bbox 3377 5699 3462 5753; x_wconf 67' lang='lat'><strong>16.</strong></span> 
     </span>
    </p>
   </div>
  </div>
