4042 6200
501 351 630 408 1211

1485 342 1541 392 S.
1583 336 1857 392 CHHLLI
1902 326 2372 390 ALEXANDIUNI
2413 332 2732 390 ARCHIEP.

3627 333 3772 389 ιαια

499 471 568 524 tis
594 483 689 538 per
718 464 1018 523 Christum.
1037 461 1243 514 Rursus
1271 457 1530 526 propheta
1550 456 1713 510 etiam
1738 455 1902 510 ls:iias
1923 457 2076 521 dixit,

2181 452 2315 507 λίθοι
2357 455 2503 523 uno;
2549 453 2823 507 κυλῖονται
2873 452 2963 503 ἐπὶ
3009 449 3105 520 τῆς
3158 449 3281 519 γῆς.
3325 448 3771 521 Περιιφοίτησαν

497 557 647 614 velut
667 560 764 612 sub
793 569 1020 627 persona
1049 550 1138 606 Dei
1165 567 1178 603 :
1208 566 1226 600 ι
1252 548 1479 602 Perdam
1504 547 1846 602 insolentiam
1867 547 2080 615 iniquo-

499 667 640 713 rum,
667 658 720 704 et
741 645 1079 702 insolentiam
1120 639 1474 710 superborum
1502 638 1822 708 deprimam,
1845 648 1899 692 et
1923 645 2083 692 erunt

506 739 756 796 derelicti
783 735 1132 806 pretiosiores
1150 747 1283 786 auro
1310 731 1533 803 obryzu,
1561 741 1614 786 et
1644 732 1805 785 homo
1825 731 1933 786 erit.
1960 744 2080 800 pre-

497 830 876 900 tiosiorlapide
890 845 954 884 ex
971 827 1254 896 souphir"
1281 823 1357 898 (1)
1409 845 1427 878 ι
1449 823 1754 880 Iudaeorum
1784 823 2080 893 enintprm-

495 921 620 977 fecti
651 923 741 992 qui
777 921 828 975 in
851 920 1124 975 Christum
1146 916 1484 987 prmvaricati
1505 923 1650 982 sunt,
1685 915 1982 983 perierunt.
2012 915 2080 970 At

494 1014 812 1084 superstites
836 1027 932 1083 per
948 1011 1126 1076 ﬁdem,
1144 1009 1290 1064 omni
1313 1023 1444 1063 auro
1461 1017 1514 1063 et
1536 1008 1711 1076 lapide
1730 1008 2079 1077 pretiosiores

499 1105 696 1160 merito
725 1105 936 1159 censeri
976 1112 1221 1171 possunt.
1255 1101 1451 1154 Paulus
1475 1109 1622 1155 certe
1639 1100 2078 1169 sapientissimus

496 1194 906 1250 fundamentum
933 1194 1120 1250 dicens
1148 1207 1268 1248 esse
1287 1190 1472 1246 Iesum
1515 1191 1814 1256 Christum,
1851 1191 2080 1246 creden-

496 1296 576 1342 tes
601 1287 654 1342 in
691 1288 884 1357 ipsum,
920 1287 1066 1342 velut
1095 1285 1301 1354 lapides
1330 1285 1598 1355 pretiosos
1633 1283 1932 1353 superstrui
1977 1284 2076 1350 ait,

499 1379 550 1433 in
579 1390 826 1435 sanctum
871 1378 1150 1448 templum,
1180 1379 1231 1431 in
1255 1377 1542 1432 aediﬁcium
1584 1375 1676 1430 Dei
1705 1376 1758 1430 in
1783 1375 1986 1445 Spiritu
2006 1377 2074 1431 ⁸⁸.

493 1469 729 1525 Proinde
781 1481 1006 1525 sanctos
1057 1478 1420 1540 mystagogos,
1487 1469 1750 1522 virtutum
1811 1468 2077 1523 varietate

493 1567 548 1613 ct
594 1559 991 1630 pulchritudine
1023 1556 1346 1627 intelligihili
1380 1554 1901 1625 resplendescentes,
1934 1554 2075 1624 lapi-

493 1650 652 1705 dilms
735 1650 1147 1721 pretiosissimis
1208 1655 1536 1718 comparat:
1576 1656 1630 1700 et
1667 1646 1804 1701 alios
1851 1644 1983 1701 dicit
2021 1645 2077 1700 in

2181 545 2290 618 γὰρ
2313 547 2414 617 τὴν
2456 547 2546 600 ὑπ’
2576 545 2804 616 ούρανδν
2857 545 2906 597 οἱ
2954 540 3235 596 θεσπέσιοι
3271 541 3533 612 μαθηταὶ,
3568 542 3771 611 διακη-

2183 636 2467 708 ρύττοντές
2515 653 2575 689 τε
2625 637 2719 689 καὶ
2759 631 3239 703 εὐαγγελιζόμενοι
3278 634 3393 696 τοῖς
3443 634 3768 703 ἁπανταχοῦ

2179 727 2281 798 τῆς
2306 727 2393 782 διὰ
2420 727 2656 799 Χριστοῦ
2690 726 2966 796 σωτηρίας
2991 725 3090 796 τὴν
3123 724 3307 797 χάριν.
3334 726 3477 796 Ἔφη
3511 725 3569 778 δὲ
3599 727 3770 780 πάλιν

2181 820 2274 874 καὶ
2329 821 2360 872 6
2420 821 2708 891 προφήτης
2763 819 3021 882 Ἡσαΐας,
3072 818 3149 881 ὡς
3197 819 3262 870 ὲκ
3309 818 3604 887 προσώπου
3666 817 3764 872 τοῦ

2179 910 2315 965 Θεοῦ
2335 929 2348 944 ·
2390 929 2410 964 ι
2445 912 2556 964 Καὶ
2583 911 2771 965 ἀπολῶ
2810 909 2970 981 ὕϐριν
2999 910 3240 981 ἀνόμων,
3282 911 3376 963 καὶ
3404 909 3560 980 ὓὸριν
3589 911 3766 981 ὑπερ-

2180 1004 2405 1074 ηφάνων
2432 1001 2779 1066 ταπεινώσω,
2817 1002 2911 1056 καὶ
2942 1001 3153 1055 ἔσονται
3175 1003 3225 1054 οι
3263 1000 3767 1072 ἐγκαταλελειμμέ-

2180 1112 2262 1151 νοι
2289 1095 2497 1166 ἔντιμοι
2531 1095 2751 1166 μᾶλλον,
2796 1095 2918 1166 ἢτδ
2945 1094 3170 1164 χρυσίον
3206 1093 3268 1147 τὸ
3314 1094 3546 1164 ἄπυρον,
3596 1094 3692 1147 καὶ
3735 1097 3765 1147 6

2179 1187 2466 1258 ἄνθρωπος
2503 1187 2722 1258 ἔντιμος
2755 1187 2975 1256 μᾶλλον,
3004 1189 3037 1257 ἢ
3065 1189 3093 1240 6
3124 1185 3271 1250 λίθος
3300 1187 3329 1239 6
3356 1188 3420 1240 ὲκ
3452 1187 3697 1257 σουφείρ.
3738 1207 3758 1238 ν

2194 1277 2530 1332 ’Ᾱπλὼλασι
2555 1279 2654 1350 μὲν
2685 1279 2794 1350 γὰρ
2827 1278 3319 1349 παρανομήσαντες
3343 1278 3422 1340 είς
3447 1278 3686 1345 Χριττὺν
3708 1281 3757 1330 οἱ

2178 1370 2287 1425 τῶν
2331 1370 2602 1425 Ἰουδαίων
2653 1370 2966 1442 καθηγηταὶ
2991 1408 3007 1431 ,
3059 1369 3108 1422 οἱ
3163 1369 3221 1422 δέ
3267 1385 3332 1436 γε
3384 1369 3474 1423 διὰ
3521 1369 3768 1433 πίστεως

2179 1461 2644 1534 ἀνασεσωσμένοι,
2691 1462 2914 1533 χρυσίου
2949 1460 3153 1526 παντὸς
3196 1461 3290 1514 καὶ
3319 1461 3468 1515 λίθου
3501 1461 3761 1532 τιμιὼτε-

2184 1569 2265 1624 ροι
2313 1553 2760 1624 καταλογισθετεν
2790 1556 2856 1609 ἂν
2889 1554 3118 1617 εῑκότως
3136 1571 3148 1584 ο
3176 1557 3263 1607 ναὶ
3298 1553 3406 1624 μὴν
3442 1555 3539 1608 καὶ
3568 1555 3597 1607 ὁ
3627 1556 3765 1608 πᾶν-

2181 1659 2346 1713 σοφος
2373 1644 2602 1711 Παῦλος,
2633 1644 2882 1716 θεμέλιον
2912 1644 3088 1713 λέγων
3129 1644 3338 1713 Ἰησοῦν
3365 1643 3458 1696 τὸν
3493 1645 3761 1715 Χριστὸν,

493 1742 840 1796 fuinlanienta
901 1741 1109 1812 positos
1156 1755 1276 1795 esse
1315 1749 1518 1794 sanctae
1566 1738 1792 1802 civitati,
1837 1737 1972 1793 alios
2019 1737 2070 1792 in

2180 1738 2306 1802 τοὺς
2337 1739 2418 1802 είς
2452 1739 2613 1793 αὐτὸν
2655 1738 3084 1802 πιστεύσαντας,
3129 1737 3204 1801 ὡς
3243 1737 3425 1801 λίθους
3467 1738 3767 1803 ἐκλεκτοὺς

491 1831 915 1902 propugnacula,
967 1833 1103 1887 alios
1166 1841 1446 1900 portarum
1482 1840 1534 1884 et
1569 1828 1864 1884 munitonis
1911 1842 2068 1882 nsunt

2180 1829 2643 1900 ὲποικοδομείσθαί
2676 1847 2838 1901 φησιν
2875 1831 2954 1893 είς
2991 1829 3120 1882 ναὸν
3163 1827 3342 1896 ἅγιον,
3380 1829 3461 1892 είς
3493 1846 3759 1901 κατοικη-

493 1940 556 1977 ac
579 1924 754 1978 locum
811 1923 1080 1994 supplere.
1115 1924 1291 1992 Atque
1338 1923 1454 1978 haec
1483 1923 1698 1993 quidem
1726 1921 1793 1977 de
1822 1920 2070 1976 civitatis

491 2017 785 2086 prmlectis,
814 2031 975 2086 quam
1028 2015 1183 2070 nobis
1208 2017 1320 2070 haec
1365 2015 1623 2069 describit
1651 2014 1849 2067 oratio.
1884 2012 1956 2068 De
1986 2013 2073 2070 his

495 2123 622 2162 vero
642 2107 730 2176 qui
761 2122 878 2161 eam
903 2107 1227 2173 inhabitant,
1257 2105 1384 2176 quid
1412 2105 1626 2160 tandem
1653 2105 1768 2159 ait?
1793 2105 1856 2159 Et
1883 2121 2073 2161 omnes

495 2196 633 2251 ﬁlios
667 2207 785 2252 tuos
822 2198 1011 2252 doctos
1044 2212 1072 2248 a
1105 2193 1236 2250 Deo.
1274 2192 1416 2250 Olim
1471 2207 1706 2262 namque
1733 2207 1830 2262 per
1860 2192 2074 2261 sapien-

496 2288 761 2342 tissimum
823 2286 1042 2360 Moysen
1093 2296 1145 2342 et
1212 2285 1506 2356 prophetas
1581 2293 1798 2339 sanctos
1847 2284 2077 2338 instituit

496 2376 769 2433 Israelem.
849 2377 1120 2431 Extremis
1217 2384 1397 2430 autem
1457 2373 1641 2429 saeculi
1719 2375 2072 2442 temporibus,

497 2468 638 2522 docti
663 2466 864 2521 fuimus
891 2484 918 2521 a
957 2469 1084 2524 Deo.
1113 2466 1279 2538 Cujus
1299 2467 1454 2521 testis
1476 2475 1559 2521 est
1590 2465 1809 2533 Paulus,
1840 2465 2027 2522 dicens
2059 2484 2071 2520 :

500 2578 520 2611 ι
558 2558 899 2614 Multifariam
924 2573 987 2612 ac
1014 2557 1195 2611 multis
1245 2557 1417 2610 modis
1445 2556 1570 2609 olim
1614 2555 1758 2611 Deus
1806 2557 2075 2610 allocutus

497 2660 577 2706 est
606 2661 788 2722 patres
846 2651 898 2705 in
949 2649 1228 2719 prophetis
1273 2667 1285 2702 :
1339 2647 1627 2717 postremis
1703 2662 1832 2702 vero
1887 2648 2076 2702 diebus

497 2745 647 2800 hisce
704 2741 917 2797 locutus
953 2750 1038 2796 est
1072 2741 1227 2796 nobis
1271 2739 1326 2793 itt
1356 2737 1495 2794 Filio
1521 2739 1588 2792 ’⁸.
1630 2757 1648 2791 ι
1682 2737 2076 2808 Praeceptorcm

497 2834 640 2891 enim
676 2834 853 2890 sortiti
877 2849 1091 2898 sumus,
1116 2848 1222 2888 non
1259 2831 1570 2902 prophetam
1601 2830 1831 2900 aliquem
1885 2845 2080 2899 seque-

502 2938 701 2991 strem,
749 2935 804 2981 et
836 2926 1034 2982 divinis
1079 2925 1420 2980 sermonibus
1452 2924 1872 2988 ministrantem,
1918 2923 2076 2979 sicuti

495 3017 620 3072 otim
657 3034 672 3071 :
717 3016 810 3071 sed
865 3015 1040 3088 ipsum
1076 3016 1257 3086 potius
1297 3029 1363 3070 ex
1400 3013 1509 3069 Deo
1550 3024 1603 3068 ct
1649 3013 1813 3068 Patre
1839 3013 2078 3082 genitum

499 3123 831 3172 sermonem,
863 3110 956 3177 qui
1003 3109 1055 3162 in
1115 3109 1295 3176 specie
1329 3117 1512 3161 nostra
1562 3105 1737 3161 factus
1775 3114 1879 3168 est,
1908 3114 1963 3161 et
1988 3105 2077 3176 qui

496 3204 550 3258 tn
586 3214 750 3254 carne
778 3200 1045 3268 apparuit.
1074 3198 1366 3266 Pmpterea
1419 3213 1519 3264 pax
1554 3197 1721 3250 multa
1749 3205 1832 3249 est
1881 3196 2074 3251 Eccle-

498 3291 590 3343 sia:
628 3289 774 3353 ﬁliis,
832 3299 1008 3345 matre
1070 3299 1255 3342 nostra
1314 3287 1577 3342 aedificata
1615 3288 1666 3342 in
1693 3288 1929 3358 justitia.
1969 3288 2071 3355 Qui

497 3380 642 3436 enim
675 3395 801 3434 vere
841 3395 868 3434 a
905 3379 1017 3435 Deo
1065 3379 1210 3432 docti
1255 3387 1403 3443 sunt,
1435 3393 1529 3432 eos
1557 3393 1714 3432 nemo
1747 3378 1939 3433 laedere
1975 3393 2075 3448 po-

503 3479 599 3522 trst
631 3483 817 3522 eorum
853 3467 943 3538 qui
983 3466 1248 3522 inanitate
1313 3465 1706 3521 v‘erburum'uti
1731 3467 1908 3522 solent
1938 3485 1951 3522 :
1980 3467 2072 3522 sed

499 3573 681 3626 pacem
706 3558 907 3614 habent
932 3559 1071 3629 apud
1096 3559 1286 3625 Deum,
1317 3574 1500 3613 amore
1517 3573 1639 3613 cum
1669 3559 1786 3628 ipso
1811 3559 2070 3630 colligati,

499 3659 552 3706 et
599 3650 864 3722 justitiam
919 3651 1179 3707 colentes.
1231 3649 1346 3707 Hoc
1396 3651 1632 3706 aedificat
1673 3649 1991 3720 Ecclesiam,
2019 3663 2074 3710 et

498 3756 616 3798 eam
663 3753 867 3798 sartatn
925 3751 1120 3798 tectam
1173 3751 1459 3798 conservat
1527 3741 1694 3816 769
1749 3757 1816 3799 ne
1869 3754 2071 3811 nutet,

496 3831 714 3889 Christo
753 3842 1069 3905 protegente
1111 3843 1168 3890 et
1221 3836 1572 3901 concedente,
1625 3844 1685 3889 ut
1753 3836 2073 3892 inconcussa

496 3925 570 3982 sit
598 3935 650 3979 et
678 3924 922 3980 immota.
969 3926 1269 3980 Adversum
1297 3925 1439 3980 enim
1483 3926 1644 3991 hanc,
1680 3926 1876 3996 inquit,
1902 3937 2072 3996 porta;

497 4014 791 4072 inferorum
817 4032 922 4071 non
950 4017 1319 4087 praevalebunt
1342 4017 1428 4071 ²¹’.
1469 4017 1544 4072 De
1583 4032 1644 4072 ea
1673 4033 1908 4086 namque
1938 4019 2073 4072 scri-

494 4116 642 4178 ptum
667 4118 748 4164 est
776 4109 941 4164 etiam
973 4109 1026 4164 in
1045 4108 1183 4164 libro
1209 4107 1548 4165 Psalmorum
1580 4127 1593 4164 :
1637 4127 1656 4161 ι
1688 4107 1755 4163 Ει
1783 4111 2074 4167 aadilicabit

494 4197 642 4252 velut
661 4198 940 4254 unicornis
961 4200 1328 4255 sanctuarium
1355 4217 1511 4255 suum
1558 4202 1610 4255 in
1635 4211 1798 4270 terra,
1828 4203 2072 4258 fundavit

495 4287 622 4344 illud
659 4291 710 4344 in
744 4291 1184 4346 aeternitatem".
1238 4311 1256 4346 ι
1294 4291 1672 4348 Sanctuarium
1703 4293 1841 4363 ejus,
1874 4294 2065 4351 Eccle—

493 4381 630 4436 siam
691 4397 813 4439 esse
859 4383 1109 4448 dicimus,
1138 4399 1258 4455 qum
1313 4383 1562 4440 hostibus
1595 4385 1855 4441 horribile
1901 4402 2068 4442 cornu

2175 1923 2366 1993 τήριον
2411 1923 2506 1976 τοῦ
2535 1923 2671 1976 Θεοῦ
2707 1923 2764 1975 ἐν
2794 1921 3086 1991 πνεύματι.
3122 1918 3333 1974 Ούκοῦν
3373 1923 3440 1991 τῇ
3479 1921 3592 1973 τῶν
3639 1923 3764 1993 ἀρίο

2175 2030 2314 2067 στων
2354 2013 2631 2084 πολυειδία
2665 2013 2760 2066 καὶ
2799 2013 2986 2066 κάλλει
3023 2010 3102 2082 τῷ
3133 2009 3311 2081 νοητῷ
3349 2011 3758 2082 διαπρέποντας

2173 2105 2299 2168 τοὺς
2345 2103 2534 2172 ἁγίους
2593 2105 2988 2175 μυσταγωγοὺς
3051 2104 3376 2175 παρεικάζει
3424 2103 3596 2169 λίθοις
3639 2109 3763 2168 ταῖς

2173 2196 2532 2266 τιμιωτάταις
2561 2207 2576 2223 '
2615 2196 2708 2249 καὶ
2733 2197 2860 2259 τοὺς
2888 2196 2986 2267 μὲν
3019 2197 3098 2258 είς
3137 2194 3363 2266 θεμέλια
3394 2195 3675 2249 τεθεῖσθαι
3699 2200 3764 2266 τῇ

2177 2287 2309 2358 ἁγίᾳ.
2351 2287 2504 2340 πόλει
2553 2288 2707 2356 φησὶ,
2751 2288 2880 2352 τοὺς
2916 2288 2972 2341 δὲ
3007 2289 3088 2351 είς
3117 2287 3377 2352 ἐπάλξεις
3401 2305 3414 2318 ·
3455 2288 3677 2357 ἑτέρους
3707 2289 3764 2342 δὲ

2183 2380 2368 2434 πυλῶν
2418 2379 2513 2433 καὶ
2538 2379 2824 2450 περιϐόλου
2857 2379 3048 2451 χρείαν
3075 2377 3443 2450 ἀναπληροῦν.
3473 2380 3583 2432 Καὶ
3606 2382 3763 2434 ταυτὶ

2186 2473 2284 2543 μὲν
2317 2472 2442 2541 περὶ
2472 2471 2581 2524 τῶν
2614 2471 2712 2542 τῆς
2740 2470 2948 2535 πόλεως
2981 2471 3423 2542 προεστηκότων,
3457 2473 3523 2542 ἢν
3547 2472 3576 2523 6
3599 2471 3758 2540 λόγος

2181 2567 2315 2634 ήμίν
2346 2560 2646 2634 ζωγραφεῖ.
2679 2562 2814 2633 Περὶ
2851 2561 2907 2615 δέ
2943 2579 3006 2630 γε
3038 2561 3144 2615 τῶν
3178 2561 3472 2616 οἰκούντων
3500 2561 3672 2633 αὐτὴν
3705 2563 3759 2616 τί

2183 2656 2292 2726 ἄρα
2349 2654 2516 2724 φησί;
2550 2654 2662 2707 Καὶ
2710 2653 2921 2716 πάντας
2965 2652 3092 2715 τοὺς
3137 2653 3287 2715 υἱούς
3337 2669 3430 2706 σου
3481 2652 3764 2716 διδακτοϋς

2177 2745 2333 2801 Θεοῦ.
2376 2744 2548 2797 Πάλαι
2596 2743 2693 2814 μὲν
2739 2742 2848 2814 γὰρ
2894 2741 2981 2796 διὰ
3028 2739 3122 2795 τοῦ
3185 2740 3465 2810 πανσόφου
3518 2741 3766 2805 Μωσέως

2185 2838 2278 2892 καὶ
2322 2835 2620 2908 προφητῶν
2659 2835 2827 2904 ἁγίων
2888 2832 3346 2904 πεπαιδαγώγηκε
3388 2818 3762 2906 τδνοίσραήλ.

2200 2931 2286 2984 Ἐν
2314 2929 2564 2998 ἐσχάτοις
2594 2927 2648 2981 δὲ
2678 2925 2772 2980 τοῦ
2804 2925 2998 2989 αἰῶνος
3029 2927 3240 2995 καιροῖς
3269 2924 3510 2978 διδακτοὶ
3535 2926 3766 2994 γεγόνα-

2186 3037 2284 3095 μεν
2322 3019 2494 3075 Θεοῦ·
2551 3019 2646 3076 καὶ
2695 3017 2885 3072 τούτου
2943 3018 3155 3090 μάρτυς
3197 3018 3226 3070 ὁ
3282 3015 3494 3078 Παῦλος
3558 3015 3764 3084 λέγων·

2108 3141 2154 3205 C
2193 3132 2211 3166 ι
2241 3110 2574 3182 Πολυμερῶς
2600 3110 2694 3164 καὶ
2725 3109 3078 3181 πολυτρόπως
3102 3109 3267 3163 πάλαι
3300 3111 3329 3161 ό
3357 3108 3490 3170 Θεὸς
3524 3107 3766 3178 λαλήσας

2183 3207 2294 3268 τοῖς
2325 3203 2594 3273 πατράσιν
2638 3205 2694 3254 ὲν
2726 3204 2836 3266 τοῖς
2887 3203 3213 3274 προφήταις,
3259 3202 3347 3254 ἐπ’
3378 3200 3613 3272 ἐσχάτου
3657 3201 3765 3255 τῶι.

2184 3294 2407 3366 ήμερῶν
2435 3294 2639 3347 τούτων
2667 3293 2929 3364 ἐλάλησεν
2958 3295 3090 3364 ἡμῖν
3119 3295 3177 3345 ἐν
3207 3291 3341 3364 Υίῷ.
3383 3311 3404 3344 ι
3430 3293 3766 3365 Καθηγητήυ

2185 3387 2294 3457 γὰρ
2330 3385 2612 3456 ἐλάχομεν,
2658 3386 2718 3438 ού
2767 3386 3051 3457 προφήτην
3083 3383 3206 3438 τινὰ
3247 3383 3626 3456 μεσιτεύοντα,
3673 3385 3763 3438 καὶ

2181 3480 2293 3541 τοῖς
2325 3477 2476 3548 παρὰ
2504 3475 2638 3531 Θεοῦ
2677 3476 2855 3546 λόγοις
2881 3475 3252 3542 διακονοῦντα,
3275 3477 3418 3530 καθὰ
3442 3477 3535 3530 καὶ
3563 3477 3728 3532 πάλαι
3745 3493 3760 3506 ο

2184 3570 2343 3623 αὑτὸν
2371 3569 2425 3624 δὲ
2460 3570 2660 3641 μᾶλλον
2693 3569 2782 3622 τὸν
2810 3570 2875 3621 ὲκ
2899 3567 3032 3622 Θεοῦ
3070 3571 3165 3623 καὶ
3190 3569 3405 3642 Πατρὸς
3435 3568 3764 3640 γεννηθέντα

2182 3664 2372 3733 Λόγον,
2396 3664 2454 3715 ὲν
2481 3662 2610 3715 εἴδει
2639 3661 2716 3732 τῷ
2749 3661 2868 3715 καθ’
2891 3662 3041 3732 ἡμᾶς
3071 3662 3356 3731 γεγονότα,
3389 3663 3483 3714 καὶ
3517 3663 3576 3715 ὲν
3602 3663 3764 3732 σαρκὶ

2182 3756 2482 3825 πεφηνότα.
2539 3753 2638 3808 Διὰ
2673 3752 2833 3807 τοῦτο
2879 3754 2972 3808 καὶ
3010 3753 3067 3806 ὲν
3115 3753 3306 3825 εἰρήνῃ
3354 3752 3522 3824 πολλῇ
3564 3753 3633 3806 τὰ
3671 3752 3766 3821 τῆς

2193 3848 2523 3918 Ἐκκλησίας
2549 3847 2656 3900 εἰσὶ
2678 3846 2864 3912 τέκνα,
2898 3848 3000 3915 τῆς
3031 3845 3238 3916 μητρὸς
3263 3844 3420 3915 ἡμῶν
3448 3843 3767 3914 οἰκοδομου-

2186 3938 2355 4008 μένης
2388 3939 2445 3990 ὲν
2475 3935 2809 4008 δικαιοσύνῃ.
2835 3935 2976 3999 Τοὺς
3011 3935 3121 4006 γὰρ
3151 3935 3288 3998 ὅλως
3314 3933 3452 3987 Θεοῦ
3475 3933 3768 3996 διδακτοϋς

2181 4028 2493 4098 γεγονότας,
2527 4027 2972 4100 καταλωὸήσαιτο
2998 4027 3043 4081 6‘
3072 4027 3139 4082 ἂν
3169 4027 3342 4091 οὐδεὶς
3371 4025 3483 4080 τῶν
3525 4042 3768 4094 κενοφω-

2182 4122 2294 4174 νεῖν
2333 4119 2620 4182 εἰωθότων,
2665 4118 3007 4191 εἰρηνεύουσι
3036 4120 3093 4173 δὲ
3124 4118 3260 4190 πρὸς
3301 4118 3436 4172 Θεὸν
3468 4117 3660 4190 ἀγάπῃ
3701 4121 3768 4187 τῇ

2183 4213 2321 4283 πρὸς
2366 4211 2527 4265 αὐτὸν
2580 4210 2935 4282 συνδούμενα,
2984 4212 3079 4266 καὶ
3117 4216 3246 4275 τοὺς
3287 4212 3385 4282 τῆς
3417 4211 3771 4280 δικαιοσύνης

2177 4302 2420 4373 τιμῶντα
2443 4303 2676 4373 τρόπους
2693 4317 2709 4334 ο
2736 4302 3012 4373 οἰκοδομεῖ
3028 4302 3084 4356 δὲ
3102 4302 3258 4356 τοῦτο
3280 4302 3378 4373 τὴν
3400 4302 3603 4371 Ἐκκλη
3613 4301 3760 4364 τίαν,

2181 4395 2274 4448 καὶ
2315 4394 2374 4448 τὸ
2402 4394 2752 4466 ἀκραδὰντως
2784 4393 2929 4464 ἔχειν
2954 4395 3092 4464 αὐτῇ
3128 4391 3603 4464 πραγματεύεται,
3634 4391 3768 4461 Χρι-

492 4472 673 4545 erigit,
729 4477 1184 4546 quemadmodum
1233 4477 1485 4532 videlicet
1529 4478 1804 4534 unicornis
1856 4481 2071 4536 caeteris

2182 4486 2307 4540 στοῦ
2345 4484 2788 4552 συνασπίζοντος,
2830 4487 2923 4540 καὶ
2960 4485 3020 4538 τὸ
3053 4484 3365 4556 ἁκλονήτως
3400 4484 3548 4555 ἔχειν
3575 4484 3768 4554 νέμον-

494 4563 656 4617 etiam
682 4567 1065 4624 animantibus.
1104 4568 1346 4626 Fundata
1384 4578 1466 4624 est
1511 4569 1652 4624 enim
1693 4571 1744 4625 in
1793 4573 2067 4627 aeternita-

497 4663 604 4708 tem
637 4669 664 4707 τι
694 4655 934 4714 Christo.

2174 4593 2266 4642 τος
2294 4579 2464 4650 αύτῇο
2497 4579 2671 4632 Πύλαι
2703 4577 2813 4650 γὰρ
2847 4577 2994 4649 ᾅδου,
3032 4577 3217 4648 φησὶν,
3245 4577 3305 4630 ού
3337 4575 3768 4645 κατισχύσουσιν

2188 4667 2373 4736 αὐτῆς.
2409 4667 2723 4739 Γέγραπται
2769 4668 2877 4738 γὰρ
2913 4668 3008 4720 καὶ
3051 4668 3108 4720 ὲν
3141 4665 3307 4735 βίϐλῳ
3338 4666 3592 4735 Ψαλμῶν
3639 4666 3766 4734 mp;

493 4745 696 4818 αὐτῆς·
725 4765 743 4797 ι
775 4748 887 4800 Καὶ
956 4749 1304 4820 ᾠκοδόμησεν
1338 4752 1415 4813 ὡς
1455 4755 1827 4824 μονοκέρωτος
1893 4754 1954 4806 τὸ
2023 4755 2271 4826 ἁγίασμα
2313 4755 2498 4823 αὐτοῦ,
2545 4757 2625 4820 είς
2667 4758 2765 4828 τὴν
2809 4758 2913 4828 γῆν
2965 4754 3325 4826 ὲθεμελίωσεν
3355 4753 3525 4825 αὐτὴν
3558 4755 3641 4816 εἰς
3677 4754 3767 4806 τὸν

495 4841 686 4898 αἰῶνα.
724 4861 742 4896 ι
787 4842 1063 4914 ’Λγῑασμα
1111 4844 1168 4897 δὲ
1212 4845 1375 4898 αὑτοῦ
1424 4847 1520 4918 τὴν
1568 4848 1897 4914 Ἐκκλησίαν
1965 4843 2105 4902 εἷναί
2169 4867 2368 4921 φαμεν,
2405 4851 2438 4922 ἢ
2488 4853 2583 4904 καὶ
2608 4851 2916 4922 ἀπόϐλητον
2947 4851 3154 4922 ἐγείρει
3185 4849 3298 4910 τοῖς
3335 4847 3553 4917 ἐχθροῖς
3583 4846 3648 4899 τδ
3673 4845 3765 4900 κὲ-

501 4952 626 5008 ρας,
673 4935 768 4989 καλ⁸
812 4935 1064 5008 καθάπερ
1121 4937 1311 5008 ἀμέλει
1359 4939 1450 4992 καὶ
1496 4941 1524 4992 6
1577 4941 1887 5010 μονόκερως
1934 4944 2047 5004 τοῖς
2087 4941 2295 5013 ἑτέροις
2355 4941 2466 4995 τῶν
2529 4943 2705 5007 ζώων.
2743 4943 3144 5014 Τεθεμελίωται
3182 4940 3291 5012 γὰρ
3330 4940 3410 5002 εἰς
3451 4939 3546 4992 τὸν
3583 4937 3761 4992 αἰῶνα

509 5026 663 5098 παρὰ
689 5027 947 5099 Χριστοῦ.

567 5119 733 5174 Vsus.
787 5121 874 5176 H.
930 5121 1130 5178 Recede
1176 5126 1240 5179 ab
1275 5127 1474 5194 iniquo,
1509 5136 1558 5178 et
1606 5144 1704 5178 nun
1741 5127 1974 5189 timebis,
2022 5135 2073 5181 ct

503 5220 693 5264 tremor
721 5229 821 5267 non
850 5216 1288 5287 appropinquabit
1321 5217 1435 5269 tibi.
1471 5215 1606 5270 Ecce
1635 5216 1890 5287 proselytt’
1919 5235 2068 5272 acre-

499 5295 618 5353 dent
650 5302 718 5354 ad
746 5311 795 5357 te
822 5320 914 5371 per
935 5322 1036 5371 me,
1066 5316 1112 5359 et
1148 5307 1217 5358 ad
1245 5317 1293 5360 te
1322 5306 1640 5375 confugient.

571 5555 614 5588 “
646 5558 748 5612 Isa.
783 5575 900 5625 xm,
945 5563 1027 5628 11,
1071 5566 1150 5620 12.

2264 5120 2510 5190 Ἀπέχου
2552 5121 2671 5176 ἀπὸ
2713 5121 2948 5185 ἀδίκου,
2991 5119 3090 5173 καὶ
3137 5120 3210 5172 οὐ
3268 5117 3614 5187 φοϐηθιξσῃ,
3664 5119 3763 5172 καὶ

2181 5211 2395 5281 τρόμος
2438 5215 2549 5266 οὐκ
2602 5213 2789 5283 ἐγγιεῖ
2826 5229 2946 5266 σοι.
2975 5203 2979 5207 ζ
3010 5209 3168 5266 Ἰδοὺ
3225 5209 3606 5276 προσήλυτοι
3681 5211 3760 5264 δι-

2181 5305 2549 5358 ελεύσοντίιὶ
2586 5305 2661 5375 (9.)
2695 5321 2791 5359 σοι
2817 5304 2893 5357 δι’
2923 5302 3091 5369 ἐμοῦ,
3119 5301 3214 5355 καὶ
3236 5301 3333 5354 ἐπὶ
3367 5301 3442 5354 σὲ
3461 5304 3760 5372 καταρεέο

2185 5398 2408 5459 ἕξονται.

1253 5569 1297 5598 ’⁸
1339 5567 1505 5621 lCur.
1551 5585 1630 5633 ιιι,
1671 5571 1850 5624 11ο13.
1931 5573 1970 5602 ’⁸
2012 5572 2077 5627 ιιι

2212 5593 2262 5642 ι,
2308 5577 2353 5637 1,
2385 5578 2438 5631 ‘2.
2517 5580 2581 5610 "‘
2613 5559 2799 5632 Matth.
2838 5595 2947 5644 xu,
2991 5579 3073 5633 18.
3153 5581 3197 5610 "
3228 5575 3368 5631 Psal.
3402 5590 3610 5640 Lxxvtt,
3665 5571 3752 5629 69.

579 5715 653 5782 (I)
688 5715 934 5788 Sapphit'.
975 5719 1135 5774 Hebr.
1174 5723 1354 5791 (ip/(ir.
1401 5727 1496 5796 (ἐξ).
1531 5728 1692 5790 LXX.
1727 5729 2191 5801 προπλεύσονται.
