4042 6200
314 344 450 400 1213

1435 333 1502 388 IN
1541 329 1772 388 lSAlMI
1815 328 1946 384 LIB.
1991 326 2051 383 V.
2083 323 2320 381 TOMUS
2357 321 2418 377 11.

3424 302 3560 362 1211

376 457 582 523 εἰπὼν,
600 457 680 510 ὅτι
713 455 890 526 τίθησι
917 453 1014 523 μιν
1069 450 1161 504 τὸν
1197 411 1480 520 περίϐολον
1510 445 1678 514 αὐτῆς
1704 441 1886 504 λίθους

2063 438 2196 494 Cum
2227 437 2448 499 dixerit,
2481 448 2681 504 ponere
2715 448 2773 487 se
2806 429 3158 484 munitionem
3193 426 3309 493 ejus
3355 423 3560 492 lapides

308 547 626 613 ικλικτοὺς,
679 549 881 608 πάντας
922 544 980 598 δὲ
1021 542 1148 605 τοὺς
1185 541 1339 604 υίοὺς
1387 539 1559 608 αὐτῆς
1602 534 1886 596 διδακτοὺς

308 639 470 703 Θεοῦ,
518 638 872 694 διαδείκνυσιν
914 634 1074 699 εὐθὺς
1119 636 1200 698 είς
1261 633 1433 702 πέρας
1479 627 1778 698 ἐκϐεϐηκὸς
1825 625 1886 678 τὸ

315 727 744 803 1πηγγελμένον.
791 725 1159 793 Μυσταγωγεῖ
1184 722 1294 795 γὰρ
1322 721 1534 790 ῶσπερ,
1567 719 1628 772 οὐ
1671 718 1758 772 διὰ
1790 737 1887 789 με·

315 825 462 878 σίτου
507 821 671 885 τινὸς,
724 819 868 874 καθά
914 819 1011 872 καὶ
1057 816 1224 871 πάλαι
1266 813 1355 869 διὸ.
1399 812 1663 878 Μωσέως,
1719 811 1887 882 ῆγουν

310 916 509 986 ἑτέρων
549 912 659 966 τῶν
695 911 865 980 ἁγίων
893 907 1210 980 προφητῶν,
1236 906 1302 960 δι’
1338 902 1533 958 ἑαυτοῦ
1562 904 1618 957 δὲ
1651 904 1876 974 μᾶλλον,

307 1007 424 1077 ἦτοι
452 1003 635 1074 φωνῆς
664 997 934 1066 ἱδίας.⁷Ην
955 1000 1063 1070 γὰρ
1103 997 1262 1053 τοῦτο
1281 997 1664 1061 τὸ,ιἘσονται
1688 997 1888 1058 πάντες

305 1096 546 1152 δ.δακτο“ι
568 1093 726 1148 Θεοῦ.
758 1112 776 1146 1
793 1093 1049 1164 Γέγραφε
1069 1089 1127 1144 δὲ
1148 1090 1244 1144 καὶ
1267 1091 1296 1142 6
1321 1087 1628 1157 σοφώτατος
1654 1085 1884 1150 Παῦλος,

303 1190 386 1242 δτι
415 1185 779 1258 ιῐῐολυμερῶς
834 1184 928 1237 καὶ
960 1181 1317 1253 πολυτρόπως
1374 1179 1546 1233 πάλαι
1578 1179 1606 1230 ό
1629 1176 1760 1240 Θεὸς
1792 1177 1888 1229 λα-

303 1280 475 1353 λήσας
487 1281 599 1343 τοῖς
628 1277 902 1347 πατράσιν
936 1276 994 1328 ὲν
1028 1275 1142 1337 τοῖς
1169 1273 1506 1343 προφήταις,
1535 1269 1623 1322 ἐπ’
1654 1268 1886 1336 ἐσχάτου

305 1371 414 1426 τῶν
439 1369 668 1443 ἡμερῶν
698 1369 904 1422 τούτων
935 1366 1199 1435 ἐλάλησεν
1227 1365 1359 1434 ἡμῖν
1393 1363 1450 1416 ὲν
1476 1358 1689 1430 Υίῷ,ὃν
1714 1359 1881 1429 ἔθηκε

305 1463 642 1534 κληρονόμον
688 1460 928 1524 πάντων,
960 1458 1028 1512 δι’
1057 1450 1120 1510 οῦ
1159 1455 1254 1508 καὶ
1295 1453 1426 1516 τοὺς
1454 1451 1657 1513 αἰῶνας
1699 1450 1890 1518 ὲποίηο

307 1569 420 1607 σεν.
459 1570 478 1602 1
534 1548 744 1604 Οὐκοῦν
801 1547 868 1601 δι’
923 1544 1118 1600 ἑαυτοῦ
1165 1541 1275 1597 τῶν
1320 1539 1532 1594 αἰώνων
1584 1541 1613 1592 6
1660 1538 1890 1608 ποιητὴς

306 1641 586 1710 ὶξυφαίνει
633 1639 732 1703 τὰς
769 1636 1158 1708 μυσταγωγίας
1185 1636 1300 1698 τοῖς
1327 1633 1395 1687 δι’
1420 1631 1587 1686 αὐτοῦ
1615 1628 1890 1699 κεκλημὲ-

305 1749 418 1797 νοις
445 1735 524 1797 είς
549 1732 648 1802 τὴν
678 1731 768 1786 διὰ
796 1731 1034 1792 πίστεως
1078 1727 1262 1799 χάριν.
1306 1725 1406 1779 Διά
1445 1723 1612 1778 τοῦτο
1642 1721 1738 1776 καὶ
1765 1722 1798 1791 ὴ
1830 1722 1888 1773 ὲν

304 1817 384 1890 τῷ
406 1819 646 1892 ᾍσματι
675 1818 784 1872 τῶν
829 1816 1092 1890 ᾀσμάτων
1129 1813 1455 1886 γραφομένη
1517 1811 1707 1882 νύμφη
1759 1807 1888 1880 περὶ

305 1911 471 1966 αὐτοῦ
521 1911 624 1965 πού
671 1928 805 1981 φησι
841 1928 855 1942 ·
893 1929 912 1963 ι
943 1909 1233 1980 Φιλησάτω
1284 1923 1354 1977 με
1410 1904 1519 1958 ἀπὸ
1567 1901 1888 1974 φιλημάτων

308 2003 575 2072 στόματος
638 2001 828 2056 αὐτοῦ.
867 2019 888 2056 1
941 1999 1338 2072 Κατησπάζετο
1380 1995 1480 2067 μὲν
1525 1993 1635 2066 γὰρ
1687 1991 1880 2062 ὥσπερ

308 2092 401 2145 καὶ
427 2081 717 2145 πάΜιῶιὰ
746 2092 1013 2162 στόματος
1037 2088 1203 2143 αὐτοῦ
1231 2085 1526 2158 προφητῶν
1557 2083 1749 2153 ἁγίων,
1783 2099 1888 2136 κα-

305 2179 414 2235 λῶν
436 2182 518 2246 είς
543 2182 843 2251 συνάφειαν
871 2181 970 2252 τὴν
1008 2181 1146 2251 πρὸς
1177 2178 1338 2233 αὐτὸν
1375 2177 1442 2230 δι’
1486 2173 1760 2246 άγιασμοῦ
1788 2173 1886 2228 καὶ⁸

306 2271 672 2343 δικαιοσύνης.
712 2271 934 2343 Ἐπειδὴ
973 2271 1032 2325 δὲ
1065 2270 1331 2342 προῆλθεν
1376 2267 1661 2338 ἄνθρωπος
1694 2267 1759 2319 ἐκ
1793 2281 1892 2333 γυ-

308 2363 512 2432 ναικὸς,
539 2363 649 2417 άπὸ
687 2361 1014 2433 φιλημάτων
1035 2361 1301 2432 στόματος
1325 2356 1490 2413 αὑτοῦ
1518 2356 1718 2426 πεφιλή
1729 2355 1888 2424 μεθα.

309 2455 494 2527 Στόμα
530 2455 640 2526 γὰρ
667 2454 807 2526 πρὸς
835 2453 1011 2524 στόμα
1042 2452 1304 2522 λελάληκε
1345 2448 1484 2521 πρὸς
1519 2449 1688 2519 ἡμᾶς.
1721 2447 1893 2500 Ὅταν

307 2546 484 2602 τοίνυν
512 2545 750 2615 ἀπόσχῃ,
777 2544 960 2616 φησιν,
985 2544 1095 2597 ἀπὸ
1130 2542 1332 2604 παντὸς
1363 2541 1552 2594 ἀδίκου
1604 2538 1698 2592 καὶ
1727 2553 1895 2606 πονη-

310 2632 407 2706 ροῦ
443 2635 792 2705 πράγματος,
836 2633 956 2688 τότε
985 2635 1047 2686 οὐ
1079 2632 1387 2702 φοϐηθήσῃ,
1431 2631 1525 2683 καὶ
1550 2628 1754 2700 τρόμος
1787 2627 1891 2680 οὐκ

308 2726 485 2795 tnta!
515 2741 620 2778 σοι·
645 2725 744 2796 ἔσῃ
768 2725 878 2797 γάρ
910 2724 1184 2787 ἀνάλωτος
1207 2725 1319 2786 τοῖς
1347 2721 1582 2793 ἐχθροῖς,
1626 2720 1721 2772 καὶ
1750 2717 1896 2788 πέρα

313 2815 483 2886 φόϐου
512 2815 735 2878 παντὸς,
770 2815 874 2868 κάν
901 2814 1291 2881 ἑξοπλίζωνταί
1324 2830 1405 2867 σοι
1437 2808 1745 2884 καταδῃοῦν
1773 2807 1895 2863 ἑθέ-

313 2905 497 2969 λοντες
525 2905 633 2960 τῶν
659 2906 715 2958 ὲν
741 2907 932 2975 κόσμῳ
963 2905 1108 2968 τινὶς
1127 2946 1142 2969 ,
1183 2903 1444 2974 πλείστην
1472 2904 1605 2972 ὅσην
1643 2901 1897 2972 λαχόντες

311 2997 414 3068 τὴν
456 2996 796 3058 δυναστείαν,
833 2996 1000 3066 ἤγουν
1046 2996 1102 3049 αἱ
1139 2995 1509 3065 άντικείμεναί
1543 3011 1601 3048 τε
1663 2994 1757 3046 καὶ
1795 3009 1896 3046 πο·
1938 2997 1940 3001 ’

310 3087 476 3158 νηραὶ
530 3087 868 3157 δυνάμεις,ἢ
903 3087 1043 3156 τάχα
1074 3103 1176 3140 που
1218 3087 1310 3140 καὶ
1351 3085 1490 3140 αὐτὰ
1528 3086 1627 3155 τῆς
1665 3085 1896 3138 ἔκτόπου

310 3179 403 3234 καὶ
434 3180 686 3250 μυσαράς
720 3177 913 3248 ἡδονῆς
948 3178 1016 3232 τά
1057 3177 1297 3246 κύματα,
1327 3176 1564 3248 φέροντα
1597 3177 1723 3238 τοὺς
1768 3174 1891 3244 φιλ-

313 3271 710 3345 αμαρτήμονας
756 3269 835 3332 είς
885 3267 1012 3338 ᾅδου
1058 3267 1330 3338 πυθμένα,
1382 3266 1475 3320 καὶ
1518 3268 1597 3330 είς
1629 3267 1762 3320 αὐτὸ
1794 3265 1894 3333 τῆς

314 3360 589 3424 ἀπωλείας
627 3358 687 3413 τὺ
711 3359 862 3412 κάτω
893 3357 1188 3429 βάραθρον.
1235 3358 1565 3429 ’Λξιόληπτα
1588 3357 1768 3410 τοίνυν
1796 3357 1895 3425 τῆς

315 3451 661 3518 δικαιοσύνης
699 3451 771 3504 τά
812 3451 972 3522 γέρα.
1020 3451 1114 3504 καὶ
1141 3449 1384 3520 λαμπροὶ
1419 3449 1516 3518 μὲν
1547 3449 1666 3500 λίαν
1699 3449 1746 3499 οἱ
1777 3446 1896 3500 στέ-

314 3561 503 3611 φανοι,
544 3541 973 3614 τεθαυμασμένη
1023 3541 1082 3594 δὲ
1138 3539 1290 3610 παρά
1336 3556 1399 3607 γε
1450 3540 1562 3600 τοῖς
1605 3537 1895 3608 ἀρτίφροσι

313 3634 421 3690 τῶν
452 3633 838 3703 πνευματικῶν
865 3631 1221 3702 χαρισμάτων
1248 3632 1280 3701 ὴ
1315 3631 1528 3700 κτῆσις.
1547 3627 1897 3699 Προσεπάγει

311 3728 369 3782 δέ
388 3746 447 3786 τι
470 3727 564 3782 καὶ
581 3727 768 3795 ἕτερον
783 3743 798 3756 ·
829 3725 962 3779 Ἰδοὺ
984 3723 1311 3795 προσήλυτοι
1329 3717 1780 3793 προσελεόσονταί
1805 3735 1886 3772 σοι

314 3821 383 3874 δι’
411 3817 570 3890 ἐμοῦ,
595 3819 691 3872 καὶ
720 3818 813 3871 ἐπὶ
853 3815 913 3870 σὲ
947 3813 1400 3884 καταφεύξονται.
1423 3808 1806 3882 Προσηλύτους
1835 3808 1897 3863 δέ

317 3929 506 3986 φησιν,
540 3911 574 3982 ἢ
600 3911 727 3973 τοὺς
755 3913 815 3965 ἐν
845 3909 1061 3980 ἑκάστῳ
1099 3905 1276 3977 καιρῷ
1324 3903 1649 3974 προσιόντας
1681 3901 1780 3974 τὴν
1813 3901 1902 3956 πί-

316 4023 434 4060 στιν
484 4005 579 4059 ml.
615 4003 982 4074 καλουμένους
1029 3999 1088 4068 ἐξ
1145 4001 1336 4061 ὲθνων,
1384 3998 1418 4068 ἢ
1456 3996 1598 4066 τάχα
1647 4011 1751 4049 που
1805 3995 1901 4048 καὶ

315 4099 514 4161 αὐτοὺς
545 4097 672 4160 τοὺς
723 4095 782 4163 ἐξ
833 4093 1072 4166 Ἰσραὴλ,
1115 4092 1165 4146 οἳ
1204 4074 1437 4144 κατόπιν
1476 4089 1749 4144 τέθεινται
1792 4085 1900 4139 τῶν

317 4187 506 4252 ἐθνῶν,
554 4188 731 4242 καίτοι
783 4185 882 4257 τὴν
934 4182 1158 4256 πρώτην
1204 4181 1420 4252 ἔχοντες
1477 4179 1654 4243 τάξιν,
1705 4177 1798 4232 καὶ
1850 4180 1905 4234 οἶ

318 4278 690 4351 προσηλῦτους
744 4277 1024 4347 δεχόμενοι
1063 4275 1192 4338 τοὺς
1225 4274 1289 4327 ὲκ
1331 4271 1539 4342 πλάνης
1576 4269 1898 4341 Ἑλληνικῆς

271 4395 280 4402 ο
318 4370 455 4441 πρὸς
503 4370 636 4425 Θεὸν
677 4368 1139 4440 ἐπιστρέφοντας,
1177 4365 1330 4419 αὐτοὶ
1364 4362 1698 4436 προσήλυτοι
1737 4361 1897 4430 γεγόο

1989 530 2210 592 elcctos,
2245 542 2541 597 omnesque
2581 525 2718 578 ﬁlios
2751 521 2867 590 ejus
2898 520 3083 574 doctos
3115 532 3145 570 a
3181 519 3321 571 Deo:
3358 513 3540 568 statim

1989 625 2222 679 ostendit
2251 623 2392 692 quod
2422 620 2746 691 promissum
2770 623 2873 678 est,
2904 614 2970 666 ad
2993 611 3196 665 exitum
3221 607 3557 678 pervenisse.

1991 715 2259 788 Mystcriis
2296 715 2440 768 enim
2491 712 2606 767 suis
2638 710 2816 764 iuitiat
2848 717 2900 761 et
2935 703 3250 770 crutlit,non
3305 711 3561 767 tanquam

1992 826 2091 879 per
2139 808 2375 863 medium
2429 805 2728 874 quoddam,
2779 799 2937 854 sicuti
2982 797 3111 851 olim
3161 809 3254 863 per
3301 792 3561 862 Moysetu,

1992 911 2086 956 aut
2145 899 2308 954 alium
2358 911 2389 952 e
2439 894 2640 950 sanctis
2696 890 2996 962 prophetis,
3043 887 3140 941 sed
3184 899 3279 949 per
3322 885 3564 952 scipsutu

1991 992 2188 1063 potius,
2221 1005 2315 1046 seu
2344 1003 2476 1044 voce
2507 984 2748 1056 propria.
2793 981 2928 1036 Illud
2969 979 3113 1034 enim
3154 977 3256 1032 hoc
3291 974 3566 1036 signiﬁca-

1990 1086 2078 1138 bat
2113 1103 2126 1139 :
2158 1103 2176 1136 ι
2215 1082 2388 1137 Erunt
2423 1094 2613 1135 omnes
2642 1075 2786 1131 docti
2821 1089 2849 1126 a
2883 1073 2989 1126 Deo
3012 1070 3078 1124 ".
3112 1089 3131 1121 1
3165 1067 3396 1136 Scripsit
3435 1066 3563 1119 item

1989 1175 2425 1246 sapientissimus
2476 1170 2678 1225 Paulus
2725 1181 2743 1222 :
2794 1185 2812 1219 ι
2870 1162 3220 1219 Mnltiiariam
3272 1157 3566 1224 multisque

1991 1269 2164 1324 modis
2195 1267 2322 1322 olim
2347 1267 2488 1321 Deus
2518 1263 2730 1316 locutus
2756 1267 2836 1314 est
2865 1255 3130 1326 patribus,
3163 1252 3216 1306 in
3244 1249 3521 1321 prephctis
3547 1264 3561 1301 :

1990 1361 2252 1417 extremis
2284 1368 2464 1414 autem
2505 1359 2657 1412 hisce
2689 1355 2881 1409 dielms
2919 1353 3134 1406 locutus
3174 1356 3254 1401 est
3303 1343 3461 1398 nobis
3508 1341 3563 1396 in

1989 1453 2163 1517 Filio,
2199 1466 2359 1520 quem
2405 1449 2586 1519 posuit
2636 1444 2900 1501 hmredem
2952 1440 3214 1502 omnium,
3263 1451 3359 1505 per
3404 1447 3563 1500 quem

1992 1545 2154 1600 etiam
2206 1541 2335 1597 fecit
2387 1541 2584 1596 sucula
2613 1540 2680 1592 “.
2734 1555 2753 1590 1
2798 1533 3030 1590 Proinde
3068 1546 3166 1600 per
3215 1526 3564 1595 semetipsum

1999 1633 2226 1690 effector
2269 1632 2592 1687 saeculorum
2647 1627 2884 1700 pertexit
2927 1620 3294 1696 mystagogias
3337 1618 3420 1672 his
3473 1617 3565 1685 qui

1993 1741 2090 1796 per
2122 1730 2298 1795 ipsum
2330 1724 2505 1778 vocati
2552 1730 2680 1776 sunt
2711 1720 2779 1774 ad
2823 1718 2963 1772 hanc
2995 1730 3090 1784 per
3121 1712 3280 1767 (idem
3308 1709 3562 1780 gratiam.

1991 1817 2288 1887 Propterea
2320 1829 2521 1884 sponsa
2557 1827 2676 1883 qua
2710 1811 2761 1865 in
2793 1808 3020 1864 Cantico
3052 1803 3390 1860 canticorum
3456 1799 3555 1853 de-

1991 1907 2191 1976 scripta
2221 1915 2325 1971 est,
2359 1906 2423 1960 de
2447 1919 2512 1960 eo
2535 1903 2701 1959 dicit:
2729 1919 2748 1953 ι
2787 1897 3074 1956 Osculetur
3125 1911 3214 1950 me
3243 1891 3426 1948 osculo
3454 1887 3568 1942 oris

1991 1999 2074 2055 sui
2103 1999 2173 2053 ".
2205 2016 2224 2051 1
2274 1995 2622 2066 Amplexalus
2673 2001 2757 2048 est
2799 1991 2944 2046 enim
2994 1988 3158 2042 veluti
3196 2001 3292 2040 ore
3342 1996 3565 2036 suorum

1995 2097 2308 2146 sanctorum
2341 2087 2749 2156 prophetarum,
2778 2094 2984 2136 vocans
3011 2080 3077 2132 ad
3103 2075 3415 2132 aliinitatem
3443 2086 3566 2126 eum

1994 2182 2136 2252 ipso,
2165 2192 2261 2250 per
2287 2176 2777 2234 sanctiﬁcationem
2808 2182 2860 2228 et
2884 2170 3174 2241 justitiam.
3205 2166 3567 2233 Posteaquam

1991 2289 2124 2330 vero
2155 2271 2355 2342 prodiit
2394 2270 2556 2324 homo
2588 2269 2656 2324 de
2689 2266 2935 2328 muliere.
2975 2260 3165 2318 osculo
3198 2259 3310 2312 oris
3345 2255 3428 2311 sui
3471 2267 3571 2308 nos

1992 2365 2266 2423 osculatus
2309 2370 2412 2418 est.
2459 2359 2568 2415 Ore
2621 2359 2766 2414 enim
2799 2357 2866 2411 ad
2915 2369 2979 2410 os
3014 2367 3112 2407 nos
3155 2356 3238 2405 est
3281 2348 3567 2400 allocutus.

1995 2456 2221 2525 Quando
2242 2455 2428 2525 igitur,
2450 2453 2647 2522 inquit,
2670 2450 2739 2503 ab
2765 2447 2909 2504 omni
2934 2443 3201 2514 iniustitia
3251 2435 3568 2502 recesseris,

1995 2557 2049 2603 et
2077 2563 2107 2602 a
2140 2546 2302 2600 rebus
2338 2525 2495 2598 malis
2525 2561 2538 2596 :
2571 2553 2681 2594 tum
2716 2550 2820 2592 non
2861 2535 3100 2598 timebis,
3132 2540 3183 2586 et
3230 2539 3435 2582 tremor
3465 2541 3571 2580 nou

1995 2634 2449 2706 appropinquabit
2499 2631 2620 2684 tibi.
2667 2628 2779 2684 Nec
2804 2628 2947 2682 enim
2983 2626 3094 2680 eris
3129 2621 3374 2678 hostibus
3405 2631 3572 2685 expo-

1995 2731 2154 2792 situs,
2186 2736 2241 2782 et
2267 2737 2418 2780 extra
2447 2738 2661 2778 omnem
2691 2731 2894 2776 metum
2929 2719 3060 2781 eris,
3092 2714 3308 2770 etiamsi
3348 2711 3570 2780 quidam

1997 2820 2051 2874 in
2100 2817 2303 2873 mundo
2335 2823 2618 2870 armentur
2654 2822 2842 2867 contra
2880 2819 2953 2875 te,
2987 2818 3042 2864 et
3081 2808 3265 2862 delere
3306 2809 3572 2866 statuant,

2004 2925 2214 2966 summa
2249 2916 2522 2978 potestate
2563 2905 2773 2974 ιιι-ωιΙίιί
2801 2921 2815 2957 :
2845 2903 2928 2957 vel
2954 2901 3119 2956 etiam
3152 2895 3479 2953 adversaria:
3511 2905 3575 2947 ac

1999 3001 2152 3056 malae
2179 3007 2513 3070 potestates;
2549 2997 2632 3051 vel
2672 2996 2923 3050 fortassis
2955 2994 3108 3050 medic
3139 3008 3204 3053 ac
3239 2987 3572 3044 detestandae

2001 3093 2296 3159 voluptatis
2341 3090 2554 3154 ﬂuctus,
2600 3089 2764 3159 7'70
2791 3087 2878 3155 qui
2905 3085 3050 3138 vitiis
3094 3083 3304 3137 deditos
3352 3081 3404 3133 in
3454 3075 3574 3133 orci

2001 3185 2352 3254 profundum,
2385 3192 2440 3238 et
2465 3183 2518 3235 in
2547 3183 2720 3250 ipsum
2748 3179 2898 3234 exitii
2930 3176 3246 3231 barathrum
3274 3169 3572 3238 abripiunt.

1995 3277 2223 3332 iustitiae
2257 3291 2388 3346 ergo
2417 3274 2708 3329 honoraria
2756 3272 2914 3339 digna
2946 3276 3075 3324 sunt
3109 3281 3232 3336 quae
3271 3262 3577 3332 apprehen-

1999 3371 2220 3430 dantur,
2252 3379 2307 3425 et
2338 3384 2556 3424 coronrc
2592 3366 2976 3421 illustrissith
3007 3377 3023 3414 :
3052 3371 3107 3415 et
3145 3356 3466 3414 admiranda
3492 3361 3578 3408 est

1997 3461 2235 3516 conlatis
2275 3461 2587 3519 hominibus
2636 3455 2999 3525 spiritualium
3049 3453 3314 3505 donorum
3361 3459 3578 3516 posscs-

1998 3550 2099 3605 sio.
2172 3547 2408 3603 Adducit
2461 3555 2517 3601 et
2572 3547 2717 3600 aliud
2767 3543 3072 3613 quiddam:
3121 3539 3261 3592 Ecce
3312 3533 3576 3604 proselyti

2000 3640 2260 3696 accedent
2288 3639 2356 3693 ad
2393 3649 2446 3693 te
2484 3652 2579 3705 per
2609 3650 2714 3699 me,
2746 3645 2804 3691 et
2837 3633 2906 3688 ad
2938 3641 2990 3686 te
3017 3628 3350 3697 confugient.
3382 3623 3577 3678 Prose-

2001 3732 2140 3804 lytos
2168 3739 2347 3793 vocat,
2366 3728 2454 3786 vel
2478 3729 2672 3798 quovis
2691 3734 2934 3793 tempore
2962 3722 3287 3797 accedentes
3304 3717 3369 3770 ad
3395 3716 3576 3776 Iidem,

1999 3832 2054 3880 et
2087 3831 2314 3878 vocatos
2356 3837 2424 3876 ex
2470 3820 2750 3889 gentibus,
2779 3817 2862 3871 vel
2899 3815 3064 3870 etiam
3111 3811 3252 3867 forte
3300 3805 3578 3862 Israelitas

2002 3916 2173 3987 ipsos,
2197 3916 2288 3985 qui
2323 3915 2574 3984 gentibus
2606 3907 2890 3981 postpositi
2922 3913 3068 3970 sunt,
3096 3901 3310 3960 etiamsi
3342 3899 3578 3970 primum

2001 4009 2247 4063 ordinem
2276 4015 2564 4072 tenerent;
2603 4013 2658 4059 et
2689 4003 2779 4073 qui
2809 4006 3134 4069 acceperunt
3168 3992 3472 4064 proselytos
3510 3989 3580 4045 ab

2003 4115 2194 4158 errore
2235 4101 2422 4169 gentili
2470 4100 2540 4155 ad
2585 4101 2753 4154 Deum
2806 4108 3089 4160 reversos,
3123 4091 3227 4161 ipsi
3279 4086 3408 4144 facti
3451 4092 3582 4140 sunt

2002 4189 2264 4260 proselyti
2304 4190 2544 4261 gentium
2575 4207 2591 4246 :
2625 4198 2868 4242 attamen
2900 4184 3063 4238 etiam
3098 4195 3193 4250 per
3219 4177 3495 4234 Christum
3527 4172 3580 4228 id

2005 4280 2286 4335 consecuti
2339 4289 2487 4334 sunt.
2524 4279 2638 4335 lloc
2662 4279 2809 4334 enim
2844 4273 3116 4345 signiﬁcat
3155 4269 3306 4334 illud,
3342 4281 3439 4337 per
3472 4278 3580 4319 me.

2003 4369 2109 4425 Per
2136 4369 2313 4441 ipsum
2336 4371 2604 4440 siquidem
2627 4368 2870 4425 omnium
2900 4374 2986 4423 est
3010 4361 3250 4420 reversio
3275 4369 3328 4415 et
3351 4356 3581 4421 vocatio,

317 4479 439 4516 νασι
477 4463 586 4516 τῶν
624 4461 825 4523 ἐθνῶν,
857 4461 998 4526 πλὴν
1031 4460 1126 4514 καὶ
1158 4457 1318 4512 τοῦτο
1361 4456 1450 4511 διὰ
1497 4455 1758 4527 Χριστοῦ.
1795 4455 1893 4526 Ση-

2001 4467 2054 4514 et
2075 4461 2142 4514 ad
2175 4460 2341 4515 Deum
2370 4477 2436 4516 ae
2461 4461 2670 4515 Patrem
2704 4471 2976 4513 accessus.
3010 4473 3028 4506 ι
3061 4453 3228 4508 Nemo
3255 4449 3424 4512 enim,
3449 4467 3468 4500 1
3503 4447 3584 4500 in-

323 4555 499 4627 μαίνει
524 4557 632 4626 γάρ
655 4554 812 4608 τοῦτο
833 4553 914 4617 τὸ,
933 4553 1001 4606 δι’
1025 4551 1182 4621 ἐμοῦ.
1203 4551 1282 4604 Δι’
1309 4548 1472 4603 αὐτοῦ
1497 4549 1654 4620 γὰρὴ
1684 4547 1900 4602 πάντων

329 4649 630 4718 ἐπιστροφή
674 4663 732 4700 τε
775 4645 871 4699 καὶ
932 4643 1158 4712 κλῆσις,
1205 4643 1301 4696 καὶ
1344 4643 1376 4711 ή
1425 4641 1560 4712 πρὸς
1607 4639 1741 4693 θεὸν
1806 4638 1903 4692 καὶ

2009 4553 2148 4622 quit,
2173 4571 2192 4604 ι
2217 4553 2358 4609 venit
2379 4556 2446 4607 ad
2465 4553 2698 4614 Patrem,
2721 4551 2822 4605 nisi
2853 4564 2948 4616 per
2963 4562 3049 4603 me
3085 4546 3151 4602 ".
3178 4563 3198 4598 1
3229 4543 3297 4598 Et
3319 4555 3536 4598 rursum
3564 4555 3580 4592 :

2009 4661 2027 4694 ι
2065 4642 2177 4714 Ego
2203 4659 2323 4699 sum
2353 4645 2543 4703 τιού,
2582 4661 2604 4696 1
2640 4653 2715 4706 et,
2755 4660 2774 4694 ι
2813 4641 2924 4710 Ego
2953 4638 3148 4694 ostium
3198 4635 3342 4687 ““.1

332 4738 547 4810 Πατέρα
564 4737 819 4809 πρόσοδος
846 4735 943 4808 [σιν
967 4731 1229 4805 πρόοδος].
1266 4731 1485 4795 ιοῦδεὶς
1514 4729 1875 4800 γὰρὶρχεται,
1909 4747 1928 4782 1
1961 4734 2116 4804 φησὶ,
2153 4754 2170 4786 ι
2203 4734 2336 4806 πρὸς
2362 4734 2454 4787 τὸν
2485 4733 2720 4806 Πατέρα,
2754 4734 2802 4786 εἰ
2835 4731 2909 4803 μὴ
2941 4730 2990 4784 δι
3031 4726 3219 4798 ἐμοῦ.»
3254 4724 3363 4778 Καὶ
3389 4722 3583 4776 πάλιν·

331 4853 350 4885 ι
400 4833 540 4901 Ἐγώ
568 4833 737 4904 εἰμιή
767 4830 914 4894 ὁδός
945 4849 964 4883 1
990 4830 1106 4892 καὶ,
1142 4845 1162 4879 ι
1184 4824 1379 4897 Ἐγὼὴ
1415 4825 1574 4897 θύρα.
1615 4845 1633 4878 1

406 4921 563 4976 Ἰδοὺ
599 4922 714 4992 ἐγὼ
751 4918 921 4981 κτίζω
960 4919 1039 4990 (1)
1075 4933 1186 4982 σε,
1222 4915 1322 4971 καί
1362 4918 1473 4986 οὺχ
1507 4915 1589 4981 ὡς
1639 4914 1906 4983 χαλκεὺς

327 5014 540 5085 φυσῶν
576 5014 895 5083 ἄνθρακας,
935 5013 1034 5067 καὶ
1081 5010 1354 5081 ἐκφέρων
1381 5010 1574 5076 σκεύη
1608 5010 1696 5075 εἰς
1737 5007 1902 5077 ἔργα.

339 5105 479 5174 Ἐγὼ
514 5104 583 5158 δὲ
627 5104 839 5160 haud
883 5119 958 5158 σε
1002 5105 1112 5159 οὐκ
1161 5106 1251 5169 εἰς
1294 5100 1599 5156 ἀπώλειαν
1644 5100 1901 5170 φθεῖραι.

327 5198 456 5252 Πᾶν
485 5196 718 5264 σκεῦος
754 5195 1018 5266 φθαρτὸν
1051 5195 1128 5266 (9.)
1181 5193 1280 5248 ἐπὶ
1321 5191 1396 5248 σὲ
1445 5193 1557 5246 οὐκ
1603 5187 1905 5256 εὐοδώσω,

323 5287 423 5341 καί
453 5287 622 5342 πάσα
651 5288 822 5358 φωνὴ
854 5285 1264 5352 ἀναστήσεται
1303 5283 1401 5336 ἐπὶ
1447 5281 1523 5336 σὲ
1559 5284 1647 5348 είς
1681 5280 1902 5350 κρίσιν,

330 5381 564 5447 πάντας
585 5379 808 5446 αὐτοὺς
844 5378 1146 5447 ἡττήσας,
1174 5381 1228 5431 οἱ
1255 5376 1324 5430 δὲ
1354 5374 1558 5442 ἔνοχοί
1585 5390 1702 5427 σου
1727 5371 1905 5426 ἔσον-

2091 4918 2254 4972 Vztts.
2290 4915 2379 4980 16,
2417 4914 2504 4969 17.
2549 4912 2683 4966 Ecre
2715 4929 2805 4980 ego
2835 4926 2954 4965 creo
2981 4919 3050 4972 Ie,
3070 4917 3116 4961 et
3157 4921 3260 4959 non
3284 4913 3336 4956 ut
3365 4899 3587 4954 wrarius

2014 5009 2240 5077 cummis
2268 5021 2484 5074 prunas,
2517 5012 2567 5057 et
2599 5001 2866 5069 proferens
2899 5014 3028 5052 vasa
3059 4997 3112 5049 in
3149 5009 3296 5061 Opus.
3333 4991 3444 5060 Ego
3486 5006 3588 5042 au-

2012 5109 2114 5154 tem
2148 5098 2318 5152 creari
2349 5105 2419 5162 te,
2455 5111 2556 5149 non
2593 5096 2647 5150 in
2678 5091 3019 5159 perditionem
3077 5085 3390 5153 interﬁcere.
3418 5080 3582 5135 Omne

2007 5208 2096 5246 vas
2127 5199 2433 5258 corruptum
2468 5187 2521 5241 in
2563 5197 2611 5239 le
2655 5201 2758 5238 non
2799 5179 3114 5246 prosperabo
3141 5190 3161 5229 :
3188 5185 3236 5230 et
3280 5174 3447 5227 omnis
3491 5187 3591 5228 vos

2006 5289 2182 5346 surget
2229 5287 2410 5331 contra
2461 5286 2509 5330 le
2542 5277 2595 5328 in
2634 5272 2933 5343 judicium;
2976 5282 3152 5322 eumn
3199 5281 3288 5319 eos
3320 5265 3514 5323 vinces,
3541 5270 3589 5313 et

2004 5369 2216 5423 obnoxii
2269 5367 2346 5419 tui
2386 5374 2538 5419 erunt
2579 5364 2632 5416 in
2694 5379 2790 5417 ea.
2843 5359 2933 5412 Est
2977 5355 3261 5410 Irwreditas
3301 5350 3590 5405 colentibus

397 5559 444 5589 ³³
470 5559 570 5612 1είι.
603 5555 820 5621 uv,i3;
847 5554 1002 5610 Jnan.
1043 5569 1114 5618 vt,
1147 5553 1232 5607 i3.
1309 5553 1354 5584 ³³⁸
1391 5550 1523 5605 lleb.
1557 5566 1593 5614 ι,
1635 5554 1681 5611 l,
1718 5551 1774 5602 ‘2.
1853 5549 1893 5580 “

2004 5555 2080 5601 nt.
2117 5561 2154 5599 ι.
2193 5545 2240 5600 l.
2317 5545 2362 5574 ’³
2391 5542 2544 5597 Jnau.
2575 5556 2685 5607 κιν,
2722 5542 2775 5592 (1'.
2846 5536 3065 5592 ²⁴¹”11›1ι1.
3146 5528 3410 5587 ""Joan.
3449 5541 3504 5593 κ,
3529 5522 3587 5581 9.

401 5727 476 5795 (1)
513 5723 671 5788 LXX,
706 5725 911 5789 Ξκτισα,
951 5737 998 5778 cl
1040 5741 1180 5788 mox,
1221 5724 1408 5787 σκςῦος
1450 5725 1526 5785 εἰς
1557 5723 1734 5794 ἔργον.

2079 5719 2152 5788 (9.)
2187 5715 2344 5801 l..\\:.
2379 5713 2690 5766 σκηπτόν.
