4042 6200
1523 349 1581 405 8.
1624 345 1896 404 CYRILLI
1940 343 2404 401 ALEXANDBINI
2444 344 2765 401 ARCHIEP.

3650 333 3803 393 1216

542 467 827 522 Dominum
873 484 892 523 :
930 476 981 523 st
1024 481 1111 519 ros
1164 465 1313 519 eritis
1370 464 1497 517 mihi
1537 463 1697 533 justi,
1746 463 1874 516 dicit
1929 459 2110 514 Domi-

2222 476 2309 514 ται
2332 460 2404 513 ἐν
2447 457 2622 527 αὐτῇ.
2649 460 2814 512 ἐστι
2842 454 3208 524 κληρονομία
3238 451 3361 519 τοῖς
3386 452 3810 521 θεραπεύουσι

611 731 799 787 Creari
844 730 1073 784 dicimus
1113 729 1166 783 in
1216 730 1301 784 his
1345 728 1560 795 verbis,
1614 729 1959 801 signiﬁcare,
2005 744 2111 783 non

537 822 725 890 utique
748 821 815 874 ab
841 835 907 874 eo
937 822 1078 888 quod
1126 837 1230 875 non
1257 831 1363 889 est,
1392 824 1458 877 ad
1501 823 1552 876 id
1583 823 1725 892 quod
1760 831 1865 883 est,
1898 835 2114 889 proces-

538 929 681 969 sum.
711 911 959 980 Disputat
987 911 1132 965 enim
1166 911 1330 967 veluti
1369 929 1490 967 cum
1526 915 1608 968 his
1641 914 1730 982 qni
1764 924 1886 969 sunt
1908 912 2024 983 jam
2053 921 2109 966 et

540 1003 845 1057 subsistunt
877 1021 892 1059 :
927 1002 1019 1058 sed
1055 1005 1235 1073 potius
1273 1006 1679 1060 renovationem
1722 1004 1975 1073 designat
2018 1020 2116 1073 per

543 1093 803 1160 Spiritum
852 1105 1143 1160 sanctum,
1183 1104 1636 1149 Irausmutantem
1683 1094 1894 1163 aliquos
1925 1096 1991 1148 ad
2034 1097 2116 1148 in-

541 1182 814 1252 Cttlpalam
847 1193 903 1238 et
941 1193 1191 1238 sanctam
1228 1186 1697 1240 conversationem
1727 1197 1891 1254 atque
1924 1187 2112 1241 vitam.

547 1272 639 1328 Sic
679 1276 822 1329 enim
866 1289 1055 1330 creare
1101 1277 1300 1331 dicitur
1339 1278 1594 1334 Christus
1619 1279 1755 1333 duos
1793 1280 2016 1347 populos
2060 1279 2112 1332 in

546 1379 709 1418 unum
739 1381 937 1419 novum
978 1367 1289 1433 hominem,
1332 1368 1543 1423 faciens
1575 1383 1798 1439 pacem,
1830 1378 1886 1423 et
1926 1384 2117 1423 recon-

543 1454 739 1511 cilians
769 1458 958 1512 ambos
991 1457 1043 1511 in
1080 1474 1189 1512 uno
1223 1473 1454 1529 corpore
1480 1475 1602 1515 cum
1640 1460 1824 1515 Patre.
1858 1461 2117 1516 Hortatur

542 1548 705 1603 etiam
763 1564 860 1604 nos
910 1551 1348 1619 sapientissimus
1390 1551 1623 1617 Paulus,
1693 1552 1774 1607 sic
1819 1554 2112 1609 scribens:

550 1655 571 1691 ι
618 1638 796 1695 Nolite
825 1640 1153 1696 conformari
1201 1641 1401 1697 saeculo
1432 1641 1581 1706 huic,
1619 1645 1714 1697 sed
1758 1644 2115 1699 transforma-

546 1730 677 1783 mini
719 1734 1073 1786 renovatione
1115 1735 1314 1788 mentis
1354 1744 1567 1797 ve5trte,
1608 1744 1668 1787 ut
1711 1735 1952 1803 probetis
1995 1750 2111 1800 vos,

544 1835 665 1889 qua:
695 1820 767 1875 sit
808 1821 1058 1877 voluntas
1095 1821 1189 1877 Dei
1221 1825 1359 1878 bona
1385 1833 1438 1881 et
1468 1835 1686 1895 accepta
1705 1827 1771 1880 ".
1807 1844 1827 1878 ι
1852 1825 2114 1882 Juhemur

543 1911 705 1965 etiam
736 1927 935 1968 exuere
966 1923 1206 1968 veterem
1236 1914 1534 1981 hominem,
1560 1927 1615 1972 et
1640 1918 1864 1973 induere
1887 1934 2119 1987 novum,

548 2013 865 2056 renovatum
904 2002 973 2058 ad
1020 2004 1311 2074 imaginem
1351 2005 1469 2074 ejus
1509 2007 1599 2076 qui
1647 2022 1769 2062 eum
1815 2008 2025 2064 creavit
2047 2009 2115 2064 ⁸⁸.

547 2086 688 2142 Creo
723 2090 908 2159 igitur,
957 2091 1154 2159 inquit,
1196 2103 1269 2161 te,
1316 2111 1425 2150 non
1454 2106 1512 2152 ut
1549 2097 1713 2152 homo
1754 2097 2001 2164 mrarins,
2046 2113 2117 2154 ex

549 2182 771 2235 materia
814 2197 941 2238 vasa
970 2185 1266 2242 conﬁciens
1295 2187 1455 2257 771
1487 2188 1860 2244 instrumentis
1885 2199 1936 2244 et
1966 2190 2073 2261 igni
2103 2210 2118 2246 :

547 2271 640 2325 sed
672 2272 928 2329 inelahili
960 2278 1193 2347 quadam
1230 2288 1286 2334 et
1313 2281 1634 2351 intelligibili
1668 2284 2123 2339 transmutatione

548 2371 600 2413 et
654 2362 1076 2434 reformatione,
1120 2379 1176 2423 et
1217 2370 1363 2425 velut
1404 2373 1754 2429 renovatione
1801 2374 2071 2444 spirituali
2105 2396 2118 2432 :

550 2466 711 2522 quam
738 2455 905 2509 etiam
942 2457 1058 2526 ipse
1096 2459 1356 2517 Servator
1395 2464 1687 2535 aliquando
1724 2468 1997 2537 expressit
2030 2468 2125 2524 Ni-

550 2545 796 2613 cndemo,
847 2549 1034 2603 dicens
1067 2564 1083 2604 :
1116 2570 1136 2603 ι
1166 2552 1371 2618 Amen,
1415 2571 1574 2611 amen
1622 2559 1744 2615 dico
1789 2562 1973 2625 vobis,
2016 2562 2121 2619 nisi

552 2636 675 2704 quis
707 2646 868 2692 natus
894 2640 965 2693 sit
990 2655 1057 2695 ex
1088 2657 1226 2712 aqua
1257 2654 1313 2700 et
1340 2645 1571 2717 Spiritu,
1602 2665 1709 2703 non
1734 2660 1909 2721 potest
1937 2655 2125 2712 videre

552 2743 775 2798 regnum
813 2730 905 2787 Dei
922 2734 990 2787 ³⁸.
1026 2753 1047 2788 ι
1082 2734 1203 2791 ani
1249 2752 1440 2795 smnus
1476 2742 1622 2797 enim
1671 2760 1777 2799 non
1813 2760 1879 2801 ex
1918 2749 2123 2805 seniine

552 2832 828 2891 corrupto,
861 2826 953 2879 sed
976 2840 1076 2895 per
1093 2825 1323 2883 Verbum
1359 2830 1453 2886 Dei
1483 2834 1718 2890 viventis
1740 2847 1798 2891 et
1830 2839 2118 2895 manentis.

554 2908 647 2965 Sic
679 2923 826 2968 creat
852 2913 1128 2985 Christus,
1160 2920 1464 2978 reformans
1510 2937 1609 2992 per
1634 2927 2122 2984 sanetilicatiouem

553 3016 648 3058 eos
681 3006 774 3074 qui
807 3006 863 3063 in
900 3010 1074 3078 ipsum
1098 3013 1351 3079 credunt,
1386 3024 1442 3069 et
1473 3016 1540 3070 ad
1568 3017 1801 3073 salutem
1835 3021 2120 3077 reducens.

2216 551 2468 618 Κύριον,
2512 550 2612 605 καί
2664 547 2835 619 ὑμεῖς
2880 543 3101 603 ἔσεσθᾶ
3163 562 3260 613 μοι
3318 543 3576 611 δίκαιοι,
3624 543 3813 614 λέγει

2212 644 2449 717 Κύριοςτ

2283 734 2357 786 Τὸ
2387 730 2668 797 κτίζεσθαί
2708 747 2893 801 φαμεν
2921 730 2981 782 ἐν
3016 726 3228 791 τούτοις
3278 724 3640 797 καταδηλοῦν,
3671 725 3815 797 οὐχὶ

2211 826 2380 897 δήπου
2419 826 2637 886 πάντως
2684 822 2782 894 τὴν
2823 825 2890 876 ὲκ
2929 820 3025 875 τοῦ
3091 822 3167 892 μὴ
3212 818 3364 883 ὄντος
3410 821 3492 883 είς
3531 818 3595 873 τὸ
3650 814 3811 873 εῖναι

2216 917 2470 987 πάροδον.
2530 915 2847 982 Διαλέγεται
2888 913 2996 984 γὰρ
3036 914 3113 974 ὡς
3158 912 3294 981 πρὸς
3347 909 3504 973 δντας
3549 900 3652 981 ἠδη
3702 912 3815 963 καὶ

2216 1006 2608 1077 ὑφεστηκότας,
2647 1003 3041 1074 ἀνακαινισμδν
3081 1004 3138 1056 δὲ
3172 1002 3372 1074 μᾶλλον
3407 1001 3666 1068 ὑποδηλοῖ
3698 1000 3811 1054 τὸν

2214 1099 2304 1153 διὰ
2330 1099 2425 1152 τοῦ
2461 1098 2617 1165 ἁγίου
2659 1096 2974 1168 Πνεῦματος
3021 1093 3500 1164 ἀναστοιχειοῦντά
3526 1110 3681 1156 τινας
3718 1094 3813 1156 είς

2216 1192 2379 1261 ἀγίαν
2424 1191 2520 1245 καὶ
2564 1189 2863 1260 ἀμώμητον
2903 1188 3180 1242 πολιτείαν
3265 1188 3362 1240 καὶ
3408 1184 3577 1256 ζωήν.
3629 1183 3810 1241 Οὕτω

2214 1286 2324 1356 γὰρ
2352 1285 2535 1338 κτίσαι
2577 1282 2795 1350 λέγεται
2836 1281 3072 1351 Χριστὸς
3119 1279 3245 1342 τοὺς
3272 1278 3367 1331 δύο
3390 1278 3553 1340 λαοὺς
3586 1277 3667 1340 εἰς
3699 1277 3811 1330 ἕνα

2214 1375 2401 1429 καινὸν
2423 1373 2727 1445 ἄνθρωπον,
2763 1372 2934 1425 ποιῶν
2964 1372 3212 1441 εἰρήνην,
3245 1370 3340 1424 καὶ
3372 1368 3809 1423 ἀποκαταλλάβο

2217 1482 2327 1519 σων
2369 1465 2494 1527 τοὺς
2515 1461 2873 1535 ’ἀμφοτέρους
2914 1464 2972 1515 ἐν
3002 1462 3085 1514 ἑνὶ
3111 1459 3326 1530 σώματι
3368 1460 3506 1530 πρὸς
3537 1458 3629 1512 τὸν
3669 1460 3799 1513 Πα-

2212 1556 2368 1627 τέρα.
2395 1557 2694 1627 Παρεγγυᾷ
2715 1555 2773 1609 δὲ
2804 1555 2938 1625 ἡμῖν
2963 1553 3056 1606 καὶ
3072 1554 3102 1606 ὁ
3130 1552 3411 1619 πάνσοφος
3433 1550 3643 1613 Παῦλος
3695 1552 3804 1604 ὡδὶ

2214 1648 2539 1722 γεγραφὼςο
2576 1667 2595 1700 t
2636 1649 2727 1717 Μὴ
2763 1645 3234 1717 συσχηματίζεσθε
3264 1644 3343 1715 τῷ
3390 1644 3548 1697 αἰῶνι
3595 1644 3807 1713 τούτῳ,

2216 1740 2354 1794 ἀλλά
2384 1736 2833 1810 μεταμορφοῦσθε
2858 1739 2927 1807 τῇ
2966 1733 3330 1790 ἀνακαινώσει
3354 1732 3447 1787 τοῦ
3478 1733 3597 1795 νοὸς
3641 1733 3807 1802 ὑμῶν

2147 1795 2195 1850 Β
2219 1834 2300 1896 είς
2328 1795 2397 1884 τό
2433 1795 2748 1900 δοκιμάξειν
2782 1795 2963 1899 ὑμᾶς,
2996 1826 3049 1880 τί
3082 1826 3144 1879 τὸ
3169 1825 3385 1896 θέλημα
3425 1824 3522 1879 τοῦ
3570 1795 3711 1878 θεοῦ
3740 1825 3807 1878 ab

2215 1922 2416 1992 ἀγαθὸν
2468 1922 2562 1974 καὶ
2616 1920 2930 1991 εὐάρεστον.
2972 1938 2992 1971 s
3055 1916 3520 1988 Προστετάγμεθα
3576 1917 3636 1970 δὲ
3694 1917 3802 1971 καὶ

2217 2012 2591 2068 ἀπολύσασθαι
2626 2012 2725 2082 μὲν
2748 2011 2838 2064 τὸν
2866 2010 3098 2064 παλαιδν
3125 2011 3433 2081 ἄνθρωπον,
3465 2009 3803 2064 ἐνδύσασθαι

2217 2103 2277 2158 δὲ
2320 2103 2412 2157 τὸν
2456 2103 2596 2169 νέον,
2652 2101 2745 2155 τὸν
2785 2101 3242 2172 ἀνακαινούμενον
3290 2103 3413 2154 κατ’
3468 2101 3657 2154 εἰκόνα
3698 2100 3801 2154 τοῦ

2219 2193 2503 2257 κτίσαντος
2532 2192 2714 2247 αὐτόν.
2751 2193 2937 2256 Κτίζω
2974 2209 3034 2245 σε
3061 2192 3245 2246 τοίνυν
3289 2189 3423 2259 ἐγὼ,
3466 2193 3657 2260 φησὶν,
3695 2192 3803 2262 οὐχ

2221 2287 2298 2352 ὡς
2331 2286 2617 2357 ἄνθρωπος
2659 2284 3000 2356 χαλκουργὸς
3048 2283 3116 2337 τά
3147 2280 3209 2348 ἐξ
3254 2282 3388 2352 ῦλης
3412 2283 3581 2354 σκεύη
3623 2281 3803 2339 ποιεῖν

2218 2376 2287 2433 δι’
2322 2375 2566 2447 ὁργάνων
2616 2375 2711 2428 καὶ
2748 2374 2940 2445 πυρὸς,
2985 2373 3123 2427 ἀλλά
3172 2371 3372 2444 μᾶλλον
3412 2374 3636 2444 ἀρρήτῳ
3686 2373 3803 2429 τινὶ

2220 2470 2316 2525 καὶ
2346 2470 2509 2548 venti)
2535 2465 2984 2538 μεταστοιχειώσε
2993 2484 3031 2531 ι,
3050 2465 3144 2519 καὶ
3172 2464 3538 2535 ἁναπλασμῷ,
3557 2465 3652 2518 καὶ
3679 2457 3799 2518 οἷον

2220 2564 2572 2635 ἀναγεννήσει
2617 2565 2982 2632 πνευματικῇ,
3007 2564 3074 2633 ἣν
3112 2561 3176 2633 δὴ
3207 2561 3302 2615 καὶ
3330 2561 3497 2624 αὐτὸς
3526 2561 3553 2612 ό
3584 2560 3781 2631 Emi.)

2221 2654 2516 2724 Νικοδήμῳ
2545 2653 2673 2707 ποτὲ
2705 2652 3179 2723 διεσάφει,λίγωνσ
3212 2670 3231 2704 ι
3254 2650 3449 2722 Ἀμὴν,
3477 2650 3627 2721 ἀμὴν
3644 2649 3811 2718 λέγω·

2222 2746 2369 2816 ὑμῖν,
2411 2744 2507 2798 ἐὰν
2541 2746 2615 2815 μή
2640 2763 2725 2808 τις
2748 2743 2981 2816 γεννηθῇ
3025 2744 3085 2809 ἐξ
3113 2744 3305 2806 ὕδατος
3338 2744 3431 2797 καὶ
3460 2743 3809 2813 Πνεὸματος,

2219 2839 2280 2892 οὐ
2318 2836 2539 2891 δύναται
2572 2837 2701 2890 ίδεῖν
2730 2837 2830 2907 τὴν
2860 2836 3136 2907 βασιλείαν
3165 2836 3260 2890 τοῦ
3288 2835 3449 2890 Θεοῦ.
3474 2855 3496 2889 s
3534 2836 3803 2905 Γεγεννήο

2226 2928 2363 3000 μεθα
2390 2928 2498 3000 γὰρ
2526 2928 2627 2982 οὐκ
2667 2929 2733 2982 ὲκ
2764 2930 2969 2999 σπορᾶς
3015 2928 3283 3000 φθαρτῆς.
3331 2928 3468 2982 ἀλλά
3504 2928 3591 2982 διὰ
3623 2928 3805 2997 Λόγου

2226 3019 2427 3085 ζῶντος
2468 3020 2605 3074 Θεοῦ
2671 3020 2765 3074 καὶ
2808 3020 3080 3091 μένοντος.
3110 3018 3267 3073 Mtte
3319 3017 3492 3083 κτίζει
3540 3019 3805 3089 Χριστὸς,

550 3088 717 3150 Creat
759 3099 902 3152 enim
942 3115 1042 3156 nos
1073 3117 1178 3157 non
1227 3105 1293 3158 ad
1337 3104 1638 3175 interitum,
1690 3108 1745 3163 id
1781 3120 1883 3176 est,
1917 3125 2024 3166 non
2055 3113 2120 3167 ad

2224 3115 2554 3186 ἀναμορφῶν
2582 3116 2648 3168 δι’
2675 3088 2948 3184 ἁγιασμοῦ
2982 3114 3118 3185 πρὸς
3141 3111 3333 3166 ἑαυτὸν
3355 3112 3482 3174 τοὺς
3514 3088 3805 3164 πιστεύον-

552 3186 952 3253 corruptionem
1005 3200 1058 3245 et
1112 3203 1377 3262 mortem,
1429 3197 1523 3251 sed
1588 3199 1654 3251 ad
1704 3198 2007 3270 longaevam
2069 3210 2125 3256 et

554 3286 814 3332 aeternam
844 3282 1036 3338 vitam.
1077 3285 1231 3352 Quod
1266 3297 1448 3342 autem
1489 3289 1572 3345 his
1601 3289 1692 3359 qui
1724 3292 1891 3347 semel
1922 3294 1989 3346 ad
2021 3294 2123 3348 hoc

553 3367 856 3437 splendoris
912 3375 1127 3431 adducti
1173 3388 1332 3446 sunt,
1387 3389 1442 3435 et
1512 3381 1653 3436 hanc
1718 3383 2122 3441 iunovationem

553 3472 651 3529 per
694 3461 970 3520 Christum
1018 3469 1199 3523 sortiti
1255 3478 1404 3538 sunt,
1453 3473 1672 3529 dabitur
1719 3476 1885 3530 etiam
1942 3478 2011 3532 ab
2059 3492 2125 3533 eo

553 3551 855 3622 spiritualis
902 3558 1238 3616 fortitudinis
1280 3563 1483 3620 invicta
1527 3566 1744 3637 gratia,
1791 3575 1845 3623 et
1889 3569 2127 3639 cognitio

555 3645 641 3700 cui
673 3646 857 3702 hostes
888 3651 1136 3708 veritatis
1162 3670 1267 3709 non
1297 3665 1525 3726 possunt
1558 3661 1833 3727 resistere,
1865 3663 2122 3730 ostendit,

555 3750 678 3791 rum
708 3740 784 3794 ait
814 3755 829 3795 :
854 3739 1027 3798 Omne
1054 3759 1147 3799 vas
1178 3759 1520 3817 corruptum,
1552 3752 1695 3819 quod
1722 3762 1913 3807 contra
1942 3764 1993 3808 te
2017 3771 2123 3811 non

555 3834 904 3900 promovebo,
971 3842 1027 3890 et
1068 3838 1246 3892 omnis
1301 3852 1406 3894 vox
1473 3852 1659 3911 surget
1705 3854 1896 3898 contra
1955 3855 2009 3900 te
2070 3845 2125 3900 in

549 3918 817 3988 judicium
852 3938 868 3977 :
898 3936 1088 3981 onmes
1122 3941 1217 3982 eos
1256 3928 1463 3984 vinces.
1500 3928 1638 3986 Vasa
1674 3932 1820 3987 enim
1856 3936 2127 4004 corrupti-

552 4009 684 4066 bilia
710 4013 894 4069 dicere
937 4018 1061 4085 quis
1094 4019 1321 4086 poterit.
1365 4021 1648 4079 diabolicae
1696 4027 1952 4096 nequitia:
1997 4043 2129 4096 ope-

556 4104 753 4174 rarios,
778 4107 867 4175 qui
895 4108 1060 4163 etiam
1088 4111 1455 4180 corruptionis
1488 4123 1615 4168 sunt
1637 4125 1692 4170 et
1728 4116 1981 4172 interitus
2005 4120 2123 4175 likii.

555 4192 619 4250 Hi
655 4208 972 4266 grassantur
1002 4201 1056 4256 in
1086 4215 1327 4270 sanctos,
1363 4207 1637 4264 interdum
1664 4223 1720 4267 et
1750 4213 1927 4283 iacula
1969 4217 2129 4270 emit-

558 4299 678 4343 tunt
730 4290 1114 4361 multifariam,
1162 4297 1384 4351 stevitite
1437 4314 1551 4353 sua;
1604 4303 1709 4355 tela
1771 4305 2124 4373 ejaculantes,

555 4384 963 4447 persecutiones
1014 4395 1068 4442 et
1114 4384 1430 4444 ainictiones
1467 4400 1521 4445 et
1560 4393 1707 4447 varia
1765 4399 2124 4453 tentationm

2223 3222 2341 3268 τας,
2366 3205 2462 3259 καὶ
2490 3203 2839 3273 ἁνακομίζων
2868 3204 2949 3266 είς
2977 3202 3273 3273 σωτηρίαν.
3307 3201 3495 3266 κτίζει
3523 3202 3631 3271 γὰρ
3652 3200 3806 3269 ἡμᾶς

2222 3294 2320 3347 οὐκ
2352 3295 2433 3356 είς
2459 3292 2753 3357 ἀπώλειαν,
2788 3292 3068 3346 τουτέστιν
3104 3292 3206 3344 οὐκ
3240 3293 3320 3355 είς
3354 3288 3561 3361 φθορὰν
3590 3288 3677 3343 ἔτι
3708 3290 3803 3343 καὶ

2223 3386 2474 3442 θάνατον.
2508 3384 2625 3438 ἀλλ’
2661 3386 2743 3448 εἰς
2783 3384 3109 3455 μακραίωνα
3150 3383 3265 3454 βίον
3308 3383 3404 3436 καὶ
3443 3381 3805 3451 ἀτελεύτητον

2224 3478 2390 3549 ζωήν.
2441 3478 2565 3531 ’Ότι
2609 3477 2667 3531 δὲ
2721 3479 2835 3541 τοῖς
2884 3475 3034 3541 ἀπαξ
3090 3476 3173 3538 είς
3219 3473 3377 3528 τοῦτο
3420 3472 3807 3544 λαμπρότητος

2223 3568 2643 3639 ἀνηνεγμίνοις,
2703 3568 2801 3621 καὶ
2866 3566 3224 3637 καινουργίαν
3276 3562 3499 3635 λαχοῦσι
3554 3563 3655 3634 τὴν
3718 3562 3809 3618 διὰ

2224 3660 2487 3733 Χριστοῦ,
2544 3659 2835 3731 δοθήσεται
2881 3660 3015 3730 παρ’
3057 3658 3225 3712 αὑτοῦ
3272 3656 3367 3711 καὶ
3420 3656 3809 3726 πνευματικῆς

2226 3751 2512 3822 εὐανδρίας
2549 3748 3018 3818 ἀνανταγώνιστος
3067 3749 3262 3819 χάρις,
3302 3747 3399 3801 καὶ
3444 3746 3664 3809 σύνεσις
3708 3746 3808 3800 οῦκ

2225 3844 2517 3913 εῦὰντητος
2554 3844 2668 3905 τοῖς
2702 3841 2802 3911 τῆς
2821 3840 3083 3911 ἀληθείας
3097 3840 3342 3910 ἐχθροῖς,
3363 3836 3697 3890 διαδείκνυσι
3716 3835 3805 3889 λέο

2224 3950 2334 4001 γων
2350 3949 2362 3963 ·
2395 3932 2509 3985 Πᾶν
2533 3929 2728 3994 σκεῦος
2753 3930 3011 4001 φθαρτὸν,
3037 3927 3178 4002 [καὶ]
3207 3929 3301 3982 επὶ
3318 3927 3379 3981 σὲ
3391 3929 3495 3981 οὐκ
3518 3924 3801 3990 εὐοδῶται.

2226 4023 2321 4077 καὶ
2342 4024 2488 4076 πᾶσα
2522 4022 2692 4094 φωνὴ,
2728 4019 2809 4093 [ἢ]
2847 4021 3208 4092 ἀναστήσεται
3244 4019 3339 4074 ἐπὶ
3367 4018 3427 4072 σὲ
3465 4018 3549 4081 είς
3593 4018 3796 4089 κρίσιν,

2228 4115 2437 4179 πάντας
2460 4115 2658 4179 αὐτοὺς
2684 4114 2960 4185 ὴττήσεις.
2989 4112 3164 4185 Σκεύη
3200 4112 3300 4183 μὲν
3332 4110 3551 4183 φθαρτά
3578 4110 3714 4180 φαίη
3742 4110 3813 4164 ἀν

2227 4202 2366 4261 εἷναί
2402 4224 2486 4271 τις
2515 4206 2618 4277 τῆς
2653 4206 2747 4260 τοῦ
2787 4205 3035 4259 διαϐόλου
3064 4204 3401 4275 δυστροπίας
3438 4202 3567 4266 τοὺς
3598 4203 3806 4272 ὑπουρ-

2226 4298 2376 4365 γοὺς,
2417 4297 2468 4351 οἳ
2504 4301 2598 4353 καὶ
2629 4298 2836 4369 φθορᾶς
2860 4299 2970 4351 εισι
3002 4298 3097 4351 καὶ
3126 4297 3404 4360 ἀπωλείας
3426 4295 3615 4350 τέκνα.
3649 4289 3811 4349 Οὗτοι

2228 4392 2657 4459 κατεπιφὺονται
2703 4390 2813 4443 τῶν
2860 4391 3053 4459 ἁγίων,
3101 4389 3213 4443 ἐσθ’
3262 4389 3350 4442 ὅτε
3386 4390 3482 4441 καὶ
3528 4385 3811 4451 τοξεύουσι

557 4472 772 4529 inventa
827 4477 1165 4535 lnducentes.
1226 4480 1331 4536 Sed
1398 4497 1505 4538 non
1572 4490 2034 4557 prosperabnntnr
2095 4510 2120 4547 a

2233 4481 2588 4553 πολυτρόπως
2627 4481 2697 4536 τὰ
2727 4481 2831 4552 τῆς
2873 4481 3085 4536 ἑαυτῶν
3132 4482 3454 4551 σκαιότητος
3485 4480 3809 4550 ἑπαφιέντες

555 4564 795 4630 Christo,
831 4577 887 4621 ut
918 4571 1127 4639 possint
1152 4573 1363 4628 animas
1395 4584 1705 4632 sanctorum
1736 4593 2125 4651 corrumpere:

555 4655 843 4723 impiarum
878 4660 1070 4716 deinde
1101 4664 1377 4720 haereseon
1420 4667 1747 4737 inventores,
1783 4672 2124 4744 blasphemas

438 4805 445 4809 _
556 4759 719 4800 voces
763 4754 952 4802 contra
992 4750 1317 4808 ineﬂ'abilem
1370 4758 1714 4827 majestatem
1758 4763 2125 4832 projicientes,

556 4846 764 4893 tantum
814 4855 919 4894 non
965 4850 1164 4896 vocant
1198 4843 1253 4898 in
1294 4846 1384 4915 jus
1432 4861 1671 4919 sanctos,
1703 4855 1793 4922 qui
1843 4857 2125 4912 veritatem

553 4942 913 5003 propugnant,
946 4943 1001 4988 et
1043 4935 1313 4990 sinceram
1361 4942 1855 4999 ecclesiasticarum
1898 4940 2125 5015 dogma-

554 5034 666 5080 tum
698 5028 1077 5082 rectitudinem
1106 5028 1421 5096 jnVeniiiter
1454 5046 1509 5088 et
1541 5038 1787 5091 animose
1818 5038 2121 5097 defensant.

556 5114 942 5174 Verumtamen
981 5120 1293 5187 vincuntur,
1328 5124 1546 5180 Christo
1581 5129 1745 5181 etiam
1777 5130 1878 5183 hoc
1915 5132 2123 5187 sanctis

554 5207 836 5280 largiente.
889 5212 967 5265 Ah
1007 5227 1072 5267 eo
1112 5214 1255 5268 enim
1312 5216 1676 5284 proﬁciscitur
1715 5220 1856 5287 quod
1900 5232 2125 5289 possunt

553 5309 766 5349 omnem
805 5297 1038 5353 hostium
1073 5302 1353 5371 impetum,
1395 5318 1722 5374 omnemque
1765 5308 1943 5378 impia:
1977 5312 2125 5367 vocis

556 5386 968 5444 relurtntinncm
1023 5407 1285 5464 stipi-rare
1336 5410 1399 5448 ac
1449 5396 1766 5463 confutare,
1810 5410 1868 5453 nt
1921 5400 2125 5457 i'saltes

556 5475 631 5529 ait
666 5496 720 5531 ει
758 5477 811 5533 In
839 5481 945 5536 Deo
976 5483 1232 5540 faciemus
1272 5488 1543 5547 virtutem.
1576 5497 1629 5542 et
1660 5490 1774 5559 ipse
1814 5491 1865 5545 in
1897 5493 2122 5547 nihilum

555 5569 761 5642 rediget
787 5586 880 5627 eos
902 5574 992 5643 qni
1016 5576 1257 5647 allligunt
1283 5594 1383 5633 nos
1407 5578 1475 5632 ⁸ο.
1502 5597 1520 5630 ι
1554 5580 1752 5635 Verum
1781 5584 1997 5638 obnoxii
2031 5584 2126 5639 tibi

629 5750 675 5786 "’
716 5751 870 5806 Rom.
909 5766 1001 5817 xu,
1028 5753 1081 5804 2.
1160 5757 1204 5785 ³*
1233 5757 1346 5814 Col.
1376 5778 1458 5832 ιιι,
1488 5763 1539 5819 9.
1620 5764 1663 5795 ²⁹
1695 5761 1849 5817 ίοιιι.
1880 5778 1963 5828 ιιι,

2229 4574 2378 4646 βέλη,
2420 4574 2692 4644 διωγμοὺς
2742 4573 2839 4627 καὶ
2882 4572 3092 4643 θλίψεις
3142 4573 3463 4641 ἐπάγοντες,
3503 4574 3603 4626 καὶ
3639 4570 3800 4625 πολύ·

2228 4682 2405 4737 τροπα
2446 4663 2771 4733 πειρασμῶν
2798 4662 3101 4734 εὑρέματα.
3139 4662 3282 4716 Ἀλλ’
3309 4662 3413 4715 οὐκ
3444 4660 3808 4729 εῦοδωθήσον·

2230 4777 2319 4814 ται
2353 4759 2503 4829 παρά
2526 4756 2788 4830 Χριστοῦ,
2813 4757 2956 4811 ὥστε
2987 4756 3084 4810 καὶ
3112 4756 3331 4826 ἰσχύσαι
3363 4754 3466 4818 τὰς
3502 4753 3616 4806 τῶν
3642 4752 3808 4821 ἁγίων

2233 4851 2599 4923 καταφθεῖραι
2635 4851 2815 4922 ψυχάς
2835 4867 2850 4882 ·
2881 4852 2931 4904 οἱ
2958 4850 3015 4903 δέ
3038 4866 3100 4919 7s
3129 4848 3239 4903 τῶν
3275 4848 3511 4902 ἀνοσίων
3540 4848 3807 4917 αἱρέσεων

2234 4944 2456 5015 εὑρεταὶ
2497 4942 2897 5014 παλιμφήμους
2924 4941 3108 5011 φωνὰς
3141 4938 3283 4994 κατὰ
3320 4940 3419 5010 τῆς
3455 4940 3708 5012 ἀρρήτου
3728 4935 3807 4990 66-

2235 5036 2329 5107 ξης
2366 5036 2537 5099 ίέντες
2572 5034 2855 5106 μονονουχὶ
2898 5033 3208 5098 δικάζονται
3240 5034 3351 5095 τοῖς
3385 5032 3583 5100 ἁγίοις,
3620 5031 3672 5084 οἶ
3715 5030 3807 5098 τῆς

2232 5127 2492 5200 ἀληθείας
2527 5129 2899 5199 προμάχονται
2922 5165 2939 5192 ,
2984 5127 3080 5181 καὶ
3125 5126 3499 5197 προεστήκασι
3545 5121 3807 5183 νεανικῶς

2233 5221 2332 5290 τῆς
2380 5219 2719 5290 ἀκραιφνοῦς
2758 5218 3050 5290 ὀρθότητος
3081 5217 3191 5271 τῶν
3216 5213 3694 5285 ὲκκλησιαστικῶν
3727 5213 3807 5267 50-

2233 5309 2478 5380 γμάτων.
2500 5309 2644 5381 Πλὴν
2657 5308 2948 5378 ἡττῶνται,
2972 5306 3209 5379 Χριστοῦ
3226 5305 3481 5374 νέμοντος
3498 5307 3612 5367 τοῖς
3635 5302 3807 5371 ἁγίοις

2235 5402 2328 5455 καὶ
2361 5400 2537 5457 τοῦτο.
2584 5401 2723 5471 Παρ⁹
2758 5400 2921 5454 αὐτοῦ
2953 5400 3064 5471 γάρ
3105 5400 3165 5453 τὸ
3209 5396 3467 5451 δύνασθαι
3500 5397 3680 5468 νικᾷν,
3718 5393 3804 5449 καὶ

2233 5495 2415 5547 πᾶσαν
2463 5493 2671 5564 ἐχυρῶν
2722 5492 3109 5554 ἐπανάστασιν,
3153 5491 3247 5544 καὶ
3278 5490 3457 5543 πᾶσαν
3498 5488 3803 5543 ἀντίστασιν

2230 5585 2444 5639 ἀνοσίου
2484 5585 2668 5654 φωνῆς
2688 5602 2700 5616 ·
2748 5586 2823 5649 ὡς
2870 5584 2980 5655 γὰρ
3001 5585 3029 5636 ὁ
3066 5583 3298 5639 rem.»
3334 5581 3498 5652 φησίν
3520 5599 3535 5613 ο
3568 5599 3588 5633 ι
3615 5580 3703 5633 Ἐν
3731 5574 3803 5647 τῷ

2130 5761 2173 5791 ³⁸
2203 5761 2341 5816 ι’δςιι.
2382 5778 2489 5827 ιιι,
2538 5763 2620 5817 15.
