4096 6212
339 244 476 300 1217

1462 244 1526 298 IN
1571 243 1800 300 ISAIAM
1841 245 1968 301 LIB.
2014 248 2077 304 ν.
2119 247 2358 305 τοιιυδ
2397 247 2460 302 ll.

332 345 454 421 8εῷ
487 351 786 423 ποιήσομεν
811 349 1060 421 δύναμιν,
1099 352 1191 405 καὶ
1225 350 1384 416 αὐτὸς
1420 352 1760 419 ὲξουδενώσει
1791 357 1914 420 τοὺς

2025 366 2184 412 erunt
2241 356 2294 410 in
2345 370 2430 410 ea.
2489 354 2658 424 llujus
2708 371 2894 411 versus
2937 358 3066 414 nulli
3118 359 3208 416 alii
3269 370 3597 431 .nterpretcs

335 444 615 506 θλίϐοντας
643 445 808 513 ἡμᾶς.
833 462 851 494 ι
884 443 1028 514 Πλὴν
1060 444 1110 495 οί
1139 443 1311 512 ἔνοχοί
1344 461 1458 504 σου,
1482 445 1667 514 φησὶν,
1704 446 1916 498 ἔσονται

343 539 394 590 ιν
422 535 582 603 αὐτῇ.
626 535 733 586 Καὶ
763 533 869 584 τῶν
912 539 1010 603 μὲν
1050 534 1252 604 ἐτέρων
1299 535 1712 604 ἑρμηνευόντων
1749 537 1919 598 οὐδεὶς

336 628 428 681 τοῦ
465 624 825 695 προκειμένου
856 624 1280 695 διαμνημονεύει
1335 625 1549 696 στίχου.
1588 627 1726 696 πλὴν
1764 623 1919 696 οἶμαι

339 715 527 787 δηλοῦν
555 716 730 768 ἐκεῖνό
759 732 860 768 που
889 717 1058 785 τάχα·
1095 717 1392 787 Κρείττους
1437 718 1534 787 μὲν
1557 716 1665 790 γὰρ
1687 717 1918 790 ἐχθρῶν,

338 807 432 860 καὶ
461 807 678 876 ἁπάσης
712 805 900 875 φωνῆς
945 807 995 857 οἱ
1028 807 1382 878 καινουργίαν
1421 807 1677 877 λαχόντες
1704 809 1801 878 τὴν
1831 809 1920 862 διὰ

339 897 574 965 Χριστοῦ
603 898 946 968 γενήσονται,
974 890 1120 950 οὗτοι
1155 897 1208 949 δέ
1237 899 1378 950 εἰσιν
1420 900 1470 952 οἱ
1501 899 1922 970 ἀναμορλιούμε-

341 1004 423 1040 νοι
464 988 600 1058 πρὸς
635 987 905 1056 ἀγιασμὸν
929 987 987 1038 ὲν
1016 988 1318 1057 Πνεύματι,
1351 989 1446 1040 καὶ
1470 989 1595 1050 τοὺς
1619 989 1716 1058 τῆς
1745 993 1922 1059 ἁμαρ-

337 1078 459 1142 τίας
487 1078 855 1148 διαπηδῶντες
887 1077 1132 1148 βόθρους.
1169 1078 1307 1130 Ἀλλ’
1332 1079 1382 1130 οἱ
1412 1078 1584 1149 ἔνοχοί
1617 1097 1732 1140 σου,
1760 1081 1919 1151 φησὶ,

337 1169 636 1233 τουτέστιν,
668 1170 826 1239 οἵπερ
859 1169 923 1222 ἂν
960 1165 1069 1222 εἷεν
1101 1169 1276 1240 ἔνοχοι
1306 1173 1426 1234 ταῖς
1470 1171 1790 1242 ἁμαρτίαις,
1828 1173 1923 1225 καὶ

341 1262 479 1332 μετὰ
541 1262 640 1332 τήν
701 1261 893 1329 κλῆσιν
954 1263 1048 1314 καὶ⁹
1091 1263 1191 1333 τὴν
1240 1265 1298 1314 ὲν
1349 1262 1569 1334 Χριστῷ
1620 1264 1920 1329 δικαίωσιν,

340 1353 571 1406 ἔσονται·
605 1354 660 1404 ἐν
698 1354 858 1423 αὐτῇ.
906 1354 992 1406 Ἐν
1036 1354 1172 1424 αὐτῇ
1212 1355 1288 1414 δὲ,
1335 1355 1470 1418 τίνι;
1495 1349 1569 1406 Ἦ
1603 1355 1817 1418 πάντως
1849 1357 1915 1426 τῇ

341 1444 532 1516 φθορᾷ.
585 1444 683 1497 Διὰ
730 1447 888 1498 τοῦτο
927 1446 1034 1516 γὰρ
1072 1447 1375 1517 ἐπήνεγκεν
1417 1444 1598 1507 εὐθὺς,
1639 1446 1720 1497 ὅτι
1755 1445 1915 1500 Ἐστι

341 1537 674 1606 κληρονομία
712 1539 823 1598 τοῖς
872 1536 1236 1606 θεραπεύουσι
1286 1535 1508 1607 Κύριον.
1544 1536 1617 1589 Ού
1666 1537 1772 1604 γὰρ
1809 1541 1923 1600 τοῖς

339 1628 554 1680 εἰωθόσι
586 1627 916 1680 καταλυπεῖν
955 1627 1044 1678 διὰ
1087 1626 1179 1678 τοῦ
1223 1625 1523 1696 τετράφθαι
1577 1625 1672 1677 καὶ
1703 1623 1921 1695 βλέπειν

2022 445 2377 498 mentionem.
2405 442 2645 507 faciunt,
2699 453 2754 496 at
2791 445 2916 500 illud
2955 455 3084 515 puto
3119 449 3423 518 signiﬁcare
3451 469 3464 506 :
3495 453 3596 508 Su-

2022 537 2264 605 periores
2292 549 2451 590 erunt
2493 536 2770 601 hostibus,
2806 547 2860 593 et
2891 540 3034 603 omni
3077 554 3207 594 voce
3239 545 3593 608 potentiores.

2023 627 2077 681 lii
2129 627 2220 697 qui
2279 628 2418 702 hanc
2476 627 2876 681 innovationem
2946 644 3044 697 per
3088 628 3364 685 Christum
3418 635 3596 688 sortiti

2022 732 2172 782 sunt,
2199 718 2290 788 qui
2317 718 2523 772 scilicet
2551 718 2825 772 reformati
2861 731 2990 774 sunt
3015 723 3080 772 ad
3112 725 3595 779 Sanctiticaiiouem

2023 811 2075 864 in
2103 811 2332 876 Spiritu,
2355 821 2409 863 et
2435 812 2640 878 peccati
2673 811 2857 865 foveas
2883 811 3143 882 eil'ugiunt
3173 829 3235 867 ac
3269 816 3598 870 transiliunt.

2025 902 2186 972 772
2213 902 2316 956 Sed
2361 902 2583 956 obnoxii
2627 904 2724 967 tui,
2762 905 2957 973 inquit,
2991 906 3041 958 id
3079 916 3188 966 est,
3225 909 3460 973 peccatis
3496 909 3599 961 iiii-

2024 994 2218 1059 pliciti,
2256 994 2418 1046 etiam
2457 1003 2579 1062 post
2609 996 2949 1048 vocationem
2980 1004 3035 1050 ct
3062 997 3510 1065 justiiiraiioneni
3545 999 3600 1054 in

2024 1083 2261 1147 Christo,
2293 1096 2454 1138 erunt
2484 1085 2534 1138 iu
2573 1101 2656 1140 ea.
2696 1083 2752 1138 In
2781 1087 2922 1154 qua?
2955 1087 3114 1141 Certe
3149 1090 3198 1141 in
3233 1091 3598 1156 corruptione,

2025 1191 2148 1228 tiam
2202 1178 2402 1230 idcirco
2435 1192 2559 1232 mox
2595 1177 2879 1231 subintiilit
2909 1195 2924 1232 :
2958 1176 3052 1231 E~t
3090 1179 3376 1234 lizirreiiitas
3412 1183 3600 1236 coli-n-

2026 1263 2168 1318 tibus
2206 1263 2511 1320 Dominum.
2546 1268 2662 1322 Non
2697 1269 2839 1321 enim
2871 1285 2990 1321 sors
3020 1285 3046 1321 a
3081 1271 3187 1323 Deo
3221 1272 3324 1324 illis
3389 1274 3604 1327 dubitur

2024 1355 2114 1422 qui
2155 1371 2275 1409 cum
2312 1355 2612 1425 offendunt,
2657 1369 2710 1412 et
2759 1359 2811 1413 in
2857 1359 3115 1414 eﬂ'rcueni
3167 1377 3230 1416 ac
3277 1363 3599 1418 dissolutam

2025 1445 2191 1498 vitam
2239 1459 2503 1513 proruunt
2536 1466 2548 1502 :
2581 1450 2674 1501 sed
2725 1449 2807 1504 his
2847 1452 2934 1518 qui
2977 1452 3125 1504 illum
3165 1453 3466 1515 delectant,
3519 1456 3602 1510 vel

2026 1537 2234 1604 colunt,
2261 1539 2313 1590 id
2343 1549 2446 1600 est,
2477 1541 2523 1593 ei
2551 1542 2816 1596 serviunt.
2847 1543 3010 1596 Erilis
3036 1547 3196 1614 igitur
3220 1547 3372 1611 mihi,
3404 1550 3600 1614 inquit,

2021 1627 2177 1696 justi,
2217 1643 2325 1698 quo
2369 1627 2528 1694 hujus
2573 1631 2766 1690 sortis,
2819 1646 2938 1699 qua!
2985 1635 3284 1686 cultoribus
3332 1637 3598 1702 promissa

339 1720 419 1783 εἰς
449 1720 512 1772 τι
552 1718 762 1788 ὲξήνιον
789 1721 816 1772 ό
848 1719 1000 1787 παρὰ
1041 1717 1176 1771 Θεοῦ
1209 1717 1492 1788 δοθήσεται
1526 1717 1746 1787 κλῆρος,
1783 1716 1914 1770 ἀλλά

2021 1728 2105 1771 est
2134 1729 2186 1772 et
2217 1734 2313 1772 suo
2350 1730 2594 1788 leiiipore
2625 1719 2860 1782 dabitur,
2894 1722 3015 1773 sitis
3039 1727 3349 1790 piirté'cipes.

339 1815 450 1875 τοῖς
495 1813 912 1882 εὐφραίνουσιν,
962 1812 1130 1881 ῆγουν
1187 1810 1583 1881 θεραπεύουσι,
1633 1812 1880 1865 τουτέστι
1931 1811 2290 1865 δουλεύουσιν.
2328 1810 2555 1864 Ἐσεσθε
2620 1813 2799 1866 τοίνυν
2845 1814 2968 1882 ἐμοὶ
3011 1815 3226 1880 δίκαιοι,
3270 1817 3476 1885 φησιν,
3512 1817 3599 1870 ἴνα

339 1901 434 1956 τοῦ
481 1902 688 1971 κλήρου
741 1900 1038 1974 γενήσεσθε
1094 1901 1341 1971 μέτοχοι,
1399 1901 1496 1954 τοῦ
1555 1905 1662 1966 τοῖς
1719 1902 2113 1973 θεραπεύουσιν
2165 1902 2582 1974 ὲπηγγελμένου
2640 1919 2701 1957 τε
2766 1905 2860 1959 καὶ
2921 1905 3029 1976 μὴν
3077 1907 3170 1960 καὶ
3231 1907 3596 1979 δοθησομένου

339 1997 480 2049 κατὰ
509 1997 752 2066 καιρούς.

417 2090 478 2140 Ol
521 2086 834 2155 διψῶντες,
870 2091 1196 2158 πορεύεσθε
1249 2089 1338 2157 ἐφ’
1396 2088 1586 2157 ὕδωρ·
1637 2089 1736 2142 καὶ
1788 2090 1922 2144 ὅσοι

332 2178 420 2246 μὴ
459 2179 628 2246 ἔχετε
674 2181 978 2250 ἀργύριον,
1007 2182 1375 2247 βαδίσαντες
1418 2181 1773 2248 ἀγοράσατε,
1823 2180 1919 2234 καὶ

337 2271 500 2323 alata
546 2273 621 2340 (l)
673 2272 820 2327 ἄνευ
880 2273 1165 2342 ἀργυρίου
1215 2273 1313 2326 καὶ
1371 2271 1548 2340 τιμῆς
1608 2269 1778 2325 οἶνον
1824 2272 1920 2326 καὶ

336 2362 541 2429 στέαρ.
565 2363 700 2417 Ἵνα
733 2366 792 2418 τί
821 2363 1069 2433 τιμᾶσθε
1095 2366 1402 2435 ἀργυρίου,
1431 2363 1531 2416 καὶ
1564 2364 1670 2416 τὸν
1690 2364 1924 2433 μόχθον

337 2450 502 2521 ὑμῶν
531 2456 642 2506 οὐκ
679 2458 767 2521 εὶς
804 2459 1208 2525 πλησμονήν;
1239 2457 1576 2518 Ἀκούσατε,
1607 2455 1704 2508 καί
1741 2455 1924 2525 φάγε-

336 2547 444 2597 σθε
490 2544 702 2610 ἀγαθὰ,
739 2547 835 2598 καὶ
881 2547 1243 2614 ὲντρυφήσει
1283 2548 1351 2600 ἐν
1385 2546 1625 2616 ἀγαθοῖς
1668 2548 1706 2614 ἠ
1747 2547 1915 2615 ψυχὴ

335 2633 532 2703 ὑμῶν..
554 2635 885 2702 Προσέχετε
925 2637 1050 2703 τοῖς
1090 2637 1284 2703 ὡτίοις
1334 2637 1520 2706 ὑμῶν,
1563 2638 1662 2691 καὶ
1697 2639 1917 2692 ἐπακοκ

333 2726 676 2792 λουθήσατε
704 2727 830 2793 ταῖς
852 2727 1014 2794 ὁδοῖς
1043 2746 1176 2796 μου.
1217 2728 1628 2784 Ἐπακούσατέ
1641 2748 1782 2800 μου,
1814 2730 1914 2785 καὶ

334 2817 571 2886 ζήσεται
604 2821 673 2873 ἐν
711 2820 951 2889 ἀγαθοῖς
977 2821 1014 2886 ἠ
1055 2819 1224 2889 ψυχὴ
1260 2819 1446 2890 ὑμῶν.

2098 2085 2227 2141 Cap.
2259 2086 2365 2141 LV.
2401 2087 2562 2143 Vens.
2596 2087 2646 2151 1,
2675 2087 2728 2141 2.
2757 2087 2862 2154 Qui
2893 2089 3079 2152 sititis,
3100 2090 3264 2143 venite
3290 2092 3359 2142 ad
3383 2109 3598 2162 aquam,

2027 2187 2078 2232 et
2120 2188 2372 2248 quotquot
2422 2191 2696 2247 argentum
2731 2196 2832 2232 non
2877 2181 3107 2245 habetis,
3141 2195 3320 2236 euntes
3356 2189 3510 2238 emite
3547 2197 3598 2240 et

2029 2268 2186 2322 bibite
2235 2272 2429 2338 absque
2472 2281 2686 2338 argento
2736 2280 2783 2323 et
2833 2273 3000 2338 pretio
3055 2275 3225 2325 vinum
3274 2287 3319 2328 et
3367 2281 3594 2345 adipem.

2031 2359 2208 2425 Quare
2250 2365 2422 2415 emiti's
2463 2365 2717 2431 pecunia,
2763 2375 2810 2416 et
2860 2365 3092 2417 laborem
3139 2377 3364 2421 rutrum
3395 2387 3495 2422 non
3528 2376 3596 2423 ait

2027 2454 2316 2505 satietatem
2335 2453 2360 2505 .9
2394 2455 2604 2517 Audite,
2629 2465 2678 2507 et
2704 2456 2957 2508 comedite
2988 2457 3144 2518 bona,
3177 2470 3222 2510 et
3252 2459 3599 2514 delectabitur

2024 2546 2079 2598 in
2116 2547 2264 2598 bonis
2298 2547 2477 2598 anima
2510 2557 2702 2600 vestra.
2751 2547 3015 2599 Attendite
3053 2550 3269 2601 auribus
3321 2555 3520 2616 reatris,
3548 2565 3596 2608 et

2022 2639 2299 2706 sequimini
2329 2640 2439 2689 vias
2471 2653 2632 2690 ineas.
2682 2636 2949 2692 Exaudite
2979 2654 3077 2704 me,
3110 2651 3155 2692 et
3193 2641 3320 2695 viret
3363 2643 3418 2696 in
3451 2645 3596 2698 bonis

2021 2730 2198 2778 anima
2230 2737 2420 2779 vestra.

403 2912 460 2965 '0
487 2913 772 2976 θεσπέσιος
793 2914 980 2977 Δαΰὶδ,
1005 2917 1071 2983 τῇ
1100 2913 1188 2965 διὰ
1209 2913 1302 2966 τοῦ
1326 2913 1465 2965 Πνεύ
1475 2931 1642 2984 ματος
1659 2915 1914 2987 δᾳδουχίᾳ

2095 2903 2318 2957 Divinos
2348 2902 2536 2963 David.
2571 2901 2809 2971 Spiritus
2837 2903 2953 2959 face
2986 2905 3309 2971 illustratus,
3336 2908 3401 2961 ad
3429 2909 3594 2964 Deum

336 3003 852 3072 καταλαμπόμενος,
891 3003 990 3064 τὰς
1023 3002 1160 3070 πρὸς
1197 3001 1328 3055 Θεὸν
1365 3002 1630 3070 μελῳδίας
1664 3005 1914 3069 ἐποιεῖτο,

331 3086 507 3155 λέγων
563 3091 690 3159 περὶ
736 3089 829 3141 τοῦ
879 3089 1096 3142 πάντων
1134 3090 1290 3158 ἡμῶν
1340 3091 1593 3160 Σωτῆρος
1637 3091 1912 3160 Χριστοῦο

341 3195 362 3230 ι
383 3179 468 3240 Ὠς
496 3180 798 3250 ὲπλήθυνας
832 3179 892 3231 τὸ
923 3179 1070 3242 ἔλεός
1099 3196 1212 3244 σου,
1247 3182 1274 3232 ό
1300 3179 1431 3242 Θεός
1459 3182 1471 3232 ί
1513 3183 1560 3234 oi
1591 3181 1646 3233 δὲ
1671 3182 1776 3233 υἱοὶ
1809 3181 1917 3233 τῶν

333 3269 635 3341 ἀνθρώπων
701 3271 758 3323 ἐν
799 3271 976 3344 σκέπῃ
1017 3271 1128 3324 τῶν
1172 3274 1460 3342 πτερύγων
1504 3289 1597 3325 σου
1644 3273 1912 3328 ἐλπιοῦσι.

334 3363 784 3432 Μεθυσθήσονται
814 3363 920 3416 ἀπὸ
955 3364 1209 3436 πιότητος
1235 3363 1329 3415 τοῦ
1353 3365 1500 3416 οἴκου
1545 3381 1660 3425 σου,
1689 3366 1784 3417 καὶ
1825 3367 1915 3420 τὸν

333 3455 668 3526 χειμάρρουν
695 3456 791 3524 τῆς
811 3456 1022 3525 τρυφῆς
1058 3472 1149 3507 σου
1179 3457 1383 3517 ποτιείς
1409 3455 1624 3517 αὐτοὺς,
1650 3455 1729 3507 ὃτι
1766 3457 1917 3526 παρὰ

333 3547 416 3600 σοὶ
456 3547 606 3616 πηγὴ
638 3547 804 3616 ζωῆς
835 3565 852 3597 ι
889 3547 980 3598 καὶ
1019 3545 1246 3616 ἑτέρωθί
1281 3561 1382 3598 που
1421 3545 1601 3609 πάλιν,
1633 3565 1651 3596 ι
1681 3546 1787 3598 Τοῦ
1823 3563 1916 3599 πο-

329 3637 507 3705 ταμοῦ
531 3636 600 3687 τὰ
618 3636 760 3704 ὁρμή
771 3652 916 3704 ματα
936 3635 1286 3704 εὐφραίνουσι
1310 3635 1404 3706 τὴν
1428 3635 1579 3688 πόλιν
1605 3635 1697 3688 τοῦ
1721 3635 1870 3688 Θεοῦ.
1891 3655 1908 3688 i

331 3727 442 3782 Kal
474 3727 580 3797 μὴν
625 3729 718 3780 καὶ
745 3729 831 3781 διὰ
866 3728 1052 3798 φωνῆς
1087 3729 1380 3800 προφητῶν
1406 3728 1565 3791 αὐτός
1616 3727 1717 3780 πού
1749 3743 1914 3799 φησιν

330 3822 358 3873 ὁ
389 3819 516 3882 Υἱὸς
553 3823 584 3888 ή
614 3819 810 3881 παντὸς
834 3819 1039 3888 ἀγαθοῦ
1072 3821 1242 3890 πηγὴ,
1263 3819 1323 3872 τὸ
1357 3821 1420 3872 ὲκ
1446 3819 1543 3888 τῆς
1572 3818 1666 3871 τοῦ
1700 3819 1912 3890 Πατρὸς

329 3912 518 3973 οὐσίας
552 3911 911 3981 προχεόμενον
940 3912 1086 3980 νᾶμα
1125 3911 1384 3974 ζωοποιόν
1408 3926 1422 3940 ο
1463 3929 1480 3962 ι
1519 3911 1647 3964 Ἰδοὺ
1679 3910 1787 3980 ἐγὼ
1821 3913 1913 3964 ὲκ-

332 4001 497 4053 κλίνω
523 4000 608 4052 ἐπ’
647 3999 845 4060 αὐτοὺς
877 3999 954 4061 ὡς
981 3999 1222 4068 ποταμὸς
1277 4000 1518 4069 εἰρήνης,
1560 4000 1653 4052 καὶ
1680 4000 1754 4061 ὡς
1800 4017 1912 4070 χει-

336 4093 576 4161 μάρῤους
625 4091 932 4152 ἐπικλύζων
979 4091 1137 4156 δόξαν
1186 4090 1373 4144 ἐθνῶν.
1403 4110 1421 4142 ι
1454 4090 1599 4160 Ἐφη
1637 4091 1692 4144 δὲ
1740 4092 1834 4144 καὶ
1883 4093 1912 4145 ὁ

333 4182 618 4252 προφήτης
651 4182 945 4250 Ζαχαρίας.
975 4181 1054 4233 ὅτι
1084 4201 1101 4231 ι
1130 4181 1287 4251 Πηγὴ
1323 4182 1381 4245 ἐξ
1410 4180 1560 4233 οἴκου
1584 4182 1787 4252 Κυρίου
1825 4181 1910 4247 ἐξ-

2024 2994 2286 3049 nielodius
2337 2995 2535 3048 cecinit
2585 2996 2650 3048 de
2706 2999 2948 3050 omnium
3005 3009 3250 3052 nostrum
3307 2999 3596 3057 Servaiore

2019 3086 2260 3150 Christo,
2306 3087 2538 3140 dicens:
2576 3106 2594 3138 ι
2641 3088 2811 3154 Quam
2863 3089 3232 3158 iiiultiplicasti
3279 3093 3592 3150 misericor-

2020 3176 2164 3229 diam
2197 3186 2366 3238 tuam,
2395 3177 2567 3231 Deus!
2599 3177 2718 3230 Filii
2757 3178 3031 3232 hominum
3066 3181 3114 3233 in
3141 3183 3454 3238 umbraculo
3483 3185 3597 3238 ala-

2019 3284 2138 3322 rum
2179 3286 2394 3322 tuarum
2429 3270 2749 3339 sperabunt.
2789 3269 3202 3325 luebriabiintnr
3233 3276 3302 3326 ah
3347 3275 3597 3330 ubertate

2018 3357 2211 3412 donius
2239 3369 2361 3424 tum,
2407 3370 2460 3412 et
2492 3369 2734 3414 torrente
2776 3362 3088 3416 deliciarum
3133 3374 3340 3418 tuarum
3389 3369 3597 3436 potabis

2020 3463 2132 3506 eos.
2155 3449 2280 3514 quia
2313 3449 2452 3514 apud
2489 3457 2539 3500 ιιι
2569 3460 2650 3502 est
2681 3447 2802 3501 lous
2833 3452 2952 3504 vita:
2975 3451 3041 3503 ³¹.
3074 3469 3092 3502 ι
3122 3451 3186 3505 Et
3213 3455 3338 3508 :ilihi
3369 3473 3592 3513 rursus:

2025 3555 2044 3588 ι
2083 3536 2351 3590 Fluminis
2407 3538 2637 3606 impetus
2697 3539 2972 3594 lzetilicant
3019 3542 3295 3597 civitatem
3348 3547 3526 3600 Dei".
3569 3567 3589 3598 ι

2017 3625 2160 3679 Dicit
2190 3641 2407 3696 quoque
2437 3642 2567 3680 voce
2595 3628 2980 3696 prophetarum
3017 3631 3241 3700 ipsemet
3274 3631 3460 3696 Filius,
3499 3637 3592 3703 qui

2016 3717 2137 3772 fons
2169 3727 2251 3772 est
2300 3718 2478 3772 omnis
2526 3719 2684 3780 boni.
2738 3727 2792 3772 et
2843 3722 2986 3774 rivus
3037 3723 3104 3775 ab
3143 3725 3374 3776 essentia
3416 3723 3594 3779 Patris

2015 3822 2300 3874 emam-ns,
2330 3820 2382 3864 et
2414 3813 2578 3862 vitam
2610 3809 2843 3864 ulli-rens
2870 3828 2884 3865 :
2921 3831 2938 3863 ι
2972 3812 3110 3866 Ecce
3151 3829 3251 3884 ego
3281 3816 3493 3871 declino
3535 3817 3589 3870 in

2015 3915 2131 3968 eos,
2165 3901 2310 3955 velut
2344 3902 2538 3954 [lumen
2571 3901 2742 3970 pacis,
2791 3911 2844 3954 et
2886 3902 3030 3955 Velut
3077 3913 3289 3957 torrens
3325 3907 3594 3962 inundans

2015 3993 2242 4063 gloriam
2279 3993 2519 4060 gentium
2545 3993 2608 4046 ³³.
2643 4010 2664 4045 ι
2697 3991 2839 4046 Dixit
2875 3995 3040 4048 etiam
3089 3997 3350 4064 propheta
3382 3997 3591 4052 Zacha-

2016 4081 2161 4134 rias:
2198 4101 2216 4133 ι
2265 4081 2410 4136 Fons
2443 4083 2506 4135 de
2547 4083 2706 4136 domo
2749 4083 2956 4136 Domini
3001 4087 3330 4154 egredietur,
3379 4097 3435 4140 et
3471 4088 3592 4140 irri-

2013 4173 2160 4241 gahit
2191 4182 2484 4226 torrentem
2521 4173 2810 4238 juncoruni
2837 4174 2902 4230 “.
2939 4193 2956 4225 ι
2988 4175 3142 4245 Saepe
3189 4193 3316 4232 vero
3348 4179 3399 4232 in
3443 4179 3591 4234 Scri-

299 4336 301 4338 η
331 4272 632 4336 ελεύσεται,
673 4273 767 4325 καὶ
790 4275 964 4325 ποτιεί
989 4271 1080 4324 τὸν
1107 4273 1437 4343 χειμάρρουν
1467 4269 1574 4322 τῶν
1609 4271 1854 4340 σχοίνων.
1884 4289 1902 4322 ι

2018 4274 2170 4333 plura
2225 4265 2482 4319 divinitus
2534 4265 2792 4333 inspirata
2835 4266 3169 4323 inveniemus
3213 4269 3301 4322 Dei
3349 4270 3588 4324 Verbum

332 4365 666 4436 Πλεισταχοῦ
707 4365 761 4418 δὲ
789 4367 888 4437 τῆς
919 4366 1278 4420 θεοπνεύστου
1338 4365 1376 4415 Γ
1382 4363 1583 4436 ραφῆς,
1625 4367 1810 4435 πηγήν
1849 4382 1909 4420 τε

329 4460 422 4513 καὶ
448 4460 688 4528 ποταμὸν
713 4460 802 4512 τὸν
827 4459 920 4511 τοῦ
955 4459 1090 4512 Θεοῦ
1121 4459 1290 4527 Λόγον
1329 4457 1715 4528 ὠνομασμένον
1746 4460 1910 4530 εὑρή-

331 4565 516 4618 σομεν.
533 4550 632 4601 Διὰ
649 4548 805 4602 τοῦτο
822 4550 914 4602 καὶ
935 4549 1094 4612 αὐτὸς
1113 4551 1223 4612 τοῖς
1257 4549 1530 4612 Ἰουδαίοις
1548 4547 1909 4621 προ[σ]διελέ-

329 4657 475 4705 γετο,
501 4641 594 4692 καὶ
619 4641 682 4710 δὴ
713 4641 806 4694 καὶ
841 4641 975 4710 πρὸς
1008 4641 1198 4694 ἑαυτὸν
1220 4642 1404 4695 ἐκάλει
1441 4642 1612 4712 λέγων
1631 4656 1646 4670 ·
1684 4661 1702 4692 ι
1732 4641 1799 4695 Εἰ
1823 4659 1908 4705 τις

327 4729 479 4800 διψᾷ,
507 4730 748 4799 ἐρχέσθω
775 4731 912 4802 πρός
939 4749 1027 4802 με,
1060 4731 1150 4783 καὶ
1180 4733 1402 4786 πινέτω.
1441 4734 1498 4784 '0
1530 4733 1800 4788 πιστεύων
1826 4735 1906 4797 είς

327 4820 451 4890 ἐμὲ.
506 4818 689 4883 καθὼς
722 4815 878 4876 εἶπεν
904 4825 936 4892 ή
977 4821 1013 4873 Γ
1021 4819 1184 4890 ραφὴ,
1225 4824 1457 4890 ποταμοὶ
1483 4824 1545 4874 ὲκ
1577 4824 1672 4893 τῆς
1697 4823 1906 4887 κοιλίας

330 4908 493 4962 αὑτοῦ
527 4908 810 4980 ῥεύσουσιν
851 4911 1040 4973 ὓδατος
1081 4910 1240 4979 ζωῆς.
1271 4929 1288 4961 ι
1326 4911 1654 4976 Ποιούμενος
1689 4913 1745 4968 δὲ
1778 4915 1905 4980 τοὺς

327 4999 518 5068 λόγους
549 5000 685 5071 πρὸς
712 5001 809 5073 τὴν
844 5003 902 5055 ἐν
934 5004 999 5072 τῇ
1032 5001 1314 5072 Σαμαρείᾳ
1343 5005 1592 5068 γυναῖκα,
1619 5004 1777 5056 πάλιν
1801 5000 1906 5059 ὧδέ

327 5108 498 5162 φησι·
543 5110 560 5141 ι
602 5094 719 5155 Πᾶς
757 5095 786 5149 ὁ
821 5093 991 5146 πίνων
1029 5094 1091 5145 ἐκ
1123 5092 1216 5144 τοῦ
1266 5089 1455 5153 ὓδατος
1497 5090 1688 5142 τούτου
1747 5091 1903 5164 διψήο

328 5201 409 5236 σει
441 5182 622 5241 πάλιν.
655 5186 750 5247 '0;
775 5184 818 5238 δ’
840 5183 906 5238 ἂν
935 5184 1033 5256 πίῃ
1063 5186 1126 5237 ὲκ
1158 5181 1252 5234 τοῦ
1282 5181 1491 5243 ὓδατος,
1525 5176 1585 5235 οὗ
1615 5179 1725 5247 ἐγὼ
1749 5181 1905 5236 δώσω

326 5273 492 5345 αὐτῷ,
532 5276 820 5345 γενήσεται
842 5277 898 5331 ὲν
922 5274 1070 5347 αύτῷ
1109 5273 1255 5344 πηγὴ
1287 5272 1478 5334 ὓδατος
1505 5271 1796 5342 ἁλλομένου
1822 5276 1902 5337 el;

395 5425 436 5458 ⁹¹
471 5425 611 5482 Psal.
674 5443 837 5492 xxxv,
865 5427 1012 5491 8,l0.
1125 5428 1166 5459 "
1195 5426 1333 5479 Psal.
1371 5439 1491 5487 xcv,
1515 5401 1587 5477 ’5.

1702 5425 1746 5455 ³³
1779 5422 1880 5476 lsa.
1947 5439 2091 5486 nvi,
2137 5426 2221 5480 19..

2009 4359 2210 4412 dictum
2242 4372 2363 4412 esse
2388 4357 2587 4412 fontem
2621 4373 2685 4412 ac
2706 4357 2904 4413 ﬂumen
2929 4377 2943 4424 ;
2979 4361 3205 4430 ideoque
3233 4361 3349 4431 ipse
3373 4359 3590 4416 Indicos

2010 4453 2406 4522 alloquebatur,
2461 4462 2515 4508 et
2560 4453 2627 4508 ad
2674 4468 2732 4509 se
2765 4453 3014 4519 vocabat,
3046 4455 3233 4509 dicens
3267 4473 3281 4508 :
3322 4473 3339 4506 ι
3377 4454 3433 4509 Si
3466 4455 3588 4524 quis

2007 4546 2146 4612 sitit,
2175 4548 2353 4600 veniat
2389 4546 2453 4600 ad
2511 4561 2616 4612 me,
2677 4555 2732 4600 et
2796 4546 2966 4600 bibat.
3019 4546 3116 4612 Qui
3153 4548 3324 4601 credit
3377 4547 3429 4602 iu
3478 4564 3585 4612 ιιιυ,

2007 4621 2462 4706 quemadmodum
2493 4636 2628 4691 dicit
2675 4635 2979 4706 Scriptura,
3030 4637 3249 4692 ﬂumina
3289 4639 3354 4693 de
3397 4649 3586 4694 ventre

2012 4727 2130 4796 ejus
2175 4727 2340 4782 ﬂuent
2383 4744 2538 4799 aqua:
2585 4729 2789 4785 vitae".
2823 4748 2843 4782 ι
2880 4729 3016 4784 Cum
3069 4732 3232 4784 etiam
3278 4745 3583 4785 sermonem

2013 4816 2175 4872 habet
2225 4817 2384 4887 773
2429 4833 2550 4872 cum
2601 4817 2942 4874 Samaritana
2989 4820 3235 4886 muliere,
3274 4837 3462 4876 rursus
3507 4820 3584 4875 sic

2011 4909 2087 4963 ait
2119 4925 2134 4964 :
2169 4926 2187 4959 ι
2225 4908 2414 4963 ()umis
2440 4912 2531 4978 qui
2567 4909 2702 4964 bibit
2743 4911 2808 4965 de
2837 4925 2976 4978 aqua
3017 4911 3140 4977 hac,
3183 4911 3324 4964 sitiet
3375 4923 3582 4964 rursus.

2008 5001 2078 5056 At
2122 5002 2212 5070 qui
2266 5001 2464 5056 biberit
2496 5003 2562 5056 de
2602 5017 2742 5073 aqua
2777 5018 2937 5072 quam
2985 5017 3085 5071 ego
3117 5001 3255 5056 dabo
3293 5001 3365 5066 ei,
3407 5000 3498 5055 lict
3531 5000 3582 5054 in

2009 5093 2100 5147 illo
2150 5093 2269 5147 fons
2337 5107 2490 5162 aquae
2542 5094 2786 5149 salientis
2849 5093 2900 5148 in
2948 5095 3112 5148 vitam
3161 5102 3416 5149 aeternam
3452 5090 3518 5146 ³⁸.
3557 5111 3579 5142 ι

2009 5181 2194 5255 Itaque
2227 5185 2401 5256 inquit
2435 5204 2449 5241 :
2480 5185 2536 5242 Si
2571 5187 2692 5256 quis
2731 5187 2866 5252 sitit,
2907 5187 3132 5240 accedat
3172 5186 3237 5240 ad
3280 5184 3581 5249 Christum,

2008 5285 2062 5330 et
2095 5276 2262 5342 bibat,
2306 5277 2648 5348 accipiatqiie
2673 5277 2892 5333 uberem
2924 5291 3018 5347 per
3043 5286 3287 5331 sanctum
3315 5273 3576 5345 Spiritum

2337 5428 2382 5459 “
2413 5427 2548 5484 Jiiel.
2624 5444 2703 5494 Ill,
2741 5428 2823 5486 18.
2943 5427 2986 5460 ³⁵
3014 5426 3169 5483 Joan.
3240 5443 3336 5493 τυ,
3373 5426 3463 5494 57,
3488 5425 3580 5496 58;

327 5494 426 5550 lsa.
466 5511 614 5565 ιιιν,
644 5497 698 5561 5,
727 5509 781 5552 et
813 5514 968 5560 ινιιι,
1007 5499 1095 5559 ll;
1131 5497 1264 5561 Jui-l,
1300 5511 1358 5560 ll,
1385 5496 1496 5561 28;
1532 5496 1652 5549 Aci.
1683 5508 1742 5560 ii,
1779 5494 1860 5548 t7.

2018 5495 2168 5550 loaii.
2200 5513 2270 5563 ir,
2306 5497 2392 5559 ιδ,
2428 5499 2510 5557 ιι.

394 5653 470 5710 Η)
512 5651 676 5713 LXX,
710 5654 933 5715 θάγετε.
