4042 6200
1415 253 1482 308 IN
1525 254 1758 310 ISAIAM
1802 255 1928 311 LIB.
1973 257 2035 311 ι’.
2067 255 2306 313 τοδιυε
2344 258 2410 312 ιι.

3409 257 3547 313 19.ἳῖ

283 371 456 443 αὐτὴν
502 373 611 426 τῶν
647 372 901 442 ὀλεθρίων
951 372 1239 441 δογμάτων
1273 373 1306 443 ἡ
1358 374 1610 444 συλλογή.
1665 372 1870 446 ὐροῶς

1977 377 2263 448 inspirata,
2311 377 2595 432 stultitiam
2638 374 3037 445 pradicatlonis
3084 381 3261 428 vocat.
3303 373 3551 430 Oinittite

279 459 377 518 οῦν
406 463 515 536 ἄρα
543 465 637 518 καὶ
667 467 696 517 6
725 464 998 532 πάνσοφος
1026 463 1238 526 Παῦλός
1273 480 1409 535 φησι
1431 481 1448 498 ’
1479 481 1498 516 ι
1528 466 1639 519 Ποῦ
1670 467 1867 535 σοφόςς

283 555 388 608 ποῦ
409 556 804 627 γραμματεύς;
843 555 946 608 ποῦ
971 555 1276 627 συζητητὴς
1301 555 1395 610 τοῦ
1422 557 1618 620 αίῶνος
1641 557 1831 611 τούτου
1853 575 1867 624 ;

284 645 428 714 οὐχὶ
464 644 745 714 ἐμώρανεν
787 645 816 697 6
845 643 976 708 Θεὸς
1005 643 1103 716 τὴν
1149 645 1341 713 σοφίαν
1373 645 1468 698 τοῦ
1498 646 1708 714 κόσμου
1746 646 1872 700 τού-

281 750 378 787 του
401 753 416 799 ;
441 753 459 786 ι
492 734 600 786 Καὶ
625 733 783 788 πάλιν
807 750 821 765 ·
871 735 1090 806 Ἐπειδὴ
1119 735 1230 804 γὰρ
1258 738 1317 790 ἐν
1345 738 1410 806 τῇ
1437 736 1599 806 σοφίᾳ
1623 737 1717 789 τοῦ
1733 735 1868 790 Θεοῦ

282 826 383 878 οὐκ
415 826 554 892 ἔγνω
580 826 609 878 6
639 827 844 897 κόσμος
870 827 959 880 διὰ
989 828 1086 897 τῆς
1114 825 1307 896 σοφίας
1338 827 1429 880 τὸν
1460 827 1614 892 Θεὸν,
1643 829 1869 898 εὐδόκη-

283 933 375 970 σεν
402 919 432 970 6
461 917 594 981 Θεὸς
623 917 713 972 διὰ
742 919 841 989 τῆς
877 919 1088 991 μωρίας
1115 917 1210 972 τοῦ
1239 918 1596 990 κηρύγματος
1625 919 1752 982 τοὺς
1779 935 1868 972 πιο

284 1007 615 1073 στιύσαντας
652 1009 847 1064 σῶσαι.
890 1010 1120 1081 Μωρίαν
1153 1009 1210 1063 δὲ
1247 1009 1341 1064 τοῦ
1381 1008 1739 1081 κηρύγματος
1771 1008 1872 1080 τὴν

282 1100 572 1172 κοινότητα
598 1102 702 1172 τῆς
755 1102 955 1169 λέξεως
994 1101 1095 1172 τῆς
1140 1101 1368 1172 ἐνούσης
1417 1104 1483 1173 τῇ
1530 1100 1871 1171 θεοπνεύστῳ

281 1192 474 1264 Γραφῇ
559 1192 743 1262 φησίν.
806 1192 1060 1261 Ἀφέντες
1107 1187 1203 1246 οὖν
1249 1191 1308 1245 τὸ
1355 1193 1478 1261 εἰκῆ
1519 1195 1730 1256 πονεῖν,
1777 1190 1870 1245 καὶ

281 1281 561 1352 ἀκαρπίαν
591 1280 888 1350 συλλέγειν,
921 1281 1015 1334 καὶ
1047 1281 1299 1351 δαπανᾷν
1347 1282 1634 1351 ἀνέχεσθαι
1677 1283 1872 1345 πόνους

237 1395 250 1412 -
281 1374 370 1427 ἐπ’
399 1373 703 1443 ἀνωφελέσι
733 1374 1044 1446 πράγμασι,
1077 1373 1278 1444 μᾶλλον
1320 1373 1587 1426 ἀκούσατέ
1623 1391 1747 1444 μου,
1778 1375 1872 1428 καὶ

282 1466 524 1536 φάγεσθε
562 1466 741 1535 ἀγαθὰ
787 1465 854 1520 τὰ
895 1465 985 1518 διὰ
1024 1465 1132 1519 τῶν
1188 1465 1566 1533 εύαγγελικῶν
1607 1465 1869 1534 δηλονότι,

280 1555 363 1621 οἷς
391 1556 455 1628 δὴ
483 1558 576 1610 καὶ
619 1556 926 1628 περιττῶς,
961 1557 1160 1628 φησὶν,
1212 1556 1604 1629 ἐντρυφήσειεν
1647 1557 1680 1626 ἡ
1725 1556 1872 1626 ψυχὴ

281 1646 460 1718 ὑμῶν.
517 1647 663 1699 Ἐκεῖ
700 1646 902 1714 γνῶσις
950 1645 1156 1717 ἀληθὴς
1200 1644 1294 1700 τοῦ
1339 1645 1480 1700 κατὰ
1508 1645 1670 1714 φύσιν
1711 1644 1869 1712 Θεοῦ,

1974 468 2137 538 igitur
2167 468 2370 522 l‘rustra
2409 469 2676 530 laborare,
2714 475 2770 520 et
2803 465 2979 519 nullos
3019 465 3228 519 fructus
3271 463 3548 534 colligere,

1971 572 2036 611 ac
2067 557 2122 611 iu
2161 557 2324 613 rebus
2355 555 2690 626 inl'rugil'eris
2717 555 2930 609 labores
2957 554 3249 617 collocare,
3279 568 3344 608 ac
3368 553 3550 624 potius

1973 649 2157 704 audite
2183 661 2290 715 me,
2317 658 2372 704 et
2403 647 2707 704 comedetis
2727 648 2888 710 bona,
2913 662 2977 700 ex
3008 646 3319 715 evangelica
3345 646 3550 699 scilicet

1971 743 2364 812 praedicatione
2392 759 2406 796 :
2438 741 2491 795 in
2527 754 2632 809 qua
2661 741 2843 795 anima
2875 750 3078 801 vestra,
3109 737 3307 805 inquit,
3336 736 3552 791 abunde

1973 833 2289 902 acquiescet
2323 839 2378 887 et
2423 831 2788 888 deliciabitur.
2845 828 2960 883 Illic
2994 829 3234 898 cognitio
3289 843 3452 891 vera,
3495 837 3551 880 et

1973 923 2067 980 Dei
2106 923 2404 979 secundum
2434 931 2710 990 naturam,
2744 931 2799 977 et
2825 920 3006 976 omnis
3046 920 3266 974 virtutis
3291 928 3348 974 et
3377 919 3549 973 sancti

1972 1017 2190 1072 decoris
2243 1014 2530 1085 disciplina
2585 1021 2672 1070 est
2724 1027 2790 1067 ac
2849 1011 3241 1082 intelligentia,
3290 1025 3413 1079 quas
3463 1026 3553 1065 res

1980 1123 2228 1178 quasque.
2277 1107 2514 1177 agendas
2546 1104 2870 1160 mirabiliter
2913 1118 2978 1157 ac
3017 1111 3164 1157 recte
3189 1101 3470 1167 discernit,
3497 1107 3553 1154 et

1973 1209 2209 1252 mentem
2249 1197 2515 1251 bonorum
2547 1210 2772 1266 operum
2807 1193 3137 1249 ellectricem
3173 1191 3383 1255 reddit;
3415 1191 3554 1246 adeo

1974 1297 2029 1340 ut
2080 1286 2334 1341 omnibus
2380 1300 2502 1354 qua
2545 1284 2819 1340 intellectu
2863 1283 3236 1353 percipiuntur
3296 1282 3552 1337 adba'rc-

1977 1385 2160 1440 scant,
2192 1385 2248 1430 et
2288 1375 2360 1430 ob
2383 1374 2530 1429 omni
2564 1376 2766 1444 probro
2795 1375 3071 1437 recedant,
3099 1373 3261 1428 etiam
3289 1373 3380 1442 qui
3425 1380 3555 1425 ante

1973 1467 2231 1536 gravibus
2265 1467 2591 1522 criminibus
2629 1465 2849 1522 luerunt
2885 1464 3094 1520 alliues.
3137 1463 3414 1518 Attentlite
3445 1463 3551 1516 ita-

1969 1574 2078 1628 que
2122 1559 2346 1614 attribus
2388 1560 2608 1622 vestris,
2655 1559 2705 1613 id
2754 1567 2870 1623 est,
2924 1567 3072 1612 recte
3112 1565 3169 1610 et
3210 1555 3530 1610 obedienter

1958 1651 2278 1719 .scquimini
2307 1651 2427 1705 vias
2461 1665 2634 1706 meas.
2669 1649 2759 1704 Sic
2781 1649 2928 1704 enim
2953 1648 3095 1703 dixit
3121 1646 3414 1701 Christus:
3445 1662 3466 1697 ι
3492 1642 3550 1698 Si

281 1740 376 1794 καὶ
419 1739 621 1810 ἀρετῆς
655 1738 874 1809 ἁπάσης
901 1738 996 1791 καὶ
1036 1736 1410 1808 ἁγιοπρεποῦς
1439 1736 1736 1808 εὐκοσμίας
1765 1738 1868 1806 μά-

1971 1740 2091 1809 quis
2121 1739 2247 1795 vclit
2295 1750 2417 1811 post
2462 1756 2547 1795 me
2576 1741 2786 1802 venire,
2819 1741 3052 1806 abneget
3088 1738 3469 1805 semetipsum,
3495 1743 3554 1789 ct

282 1831 436 1901 θημα
481 1831 574 1883 καὶ
609 1829 842 1893 σύνεσις,
870 1827 1202 1900 Θαυμαστιῖκ
1223 1828 1427 1882 ἐκαστα
1448 1828 1555 1882 τῶν
1586 1829 1874 1898 πρακτέων

279 1921 456 1994 ὀρθῶς
505 1921 891 1992 διακρίνοντα,
933 1921 1029 1973 καὶ⁵
1079 1918 1330 1990 τεχνίτην
1380 1921 1460 1983 είς
1501 1919 1874 1990 ἀγαθουργίαν

279 2013 618 2068 ἀποτελοῦσα
633 2013 725 2066 τὸν
747 2013 873 2066 νοῦν
900 2027 917 2044 ’
940 2011 1082 2065 ὥστε
1106 2011 1203 2065 καὶ
1233 2011 1405 2065 ἅπασι
1436 2011 1536 2082 μὲν
1563 2011 1874 2082 νοουμένοις

280 2105 636 2175 προσκεῖσθαι
677 2103 875 2172 φιλεῖν,
910 2104 1211 2174 ὰποφοιτᾷν
1238 2101 1296 2155 δὲ
1320 2102 1430 2155 τῶν
1474 2103 1576 2155 ὅσα
1609 2103 1726 2155 ἐστὶ
1757 2103 1873 2155 δια-

280 2197 445 2266 ϐεϐλη
457 2197 616 2267 μένα,
646 2198 742 2251 καὶ
779 2198 879 2268 τῆς
905 2196 1242 2267 φαυλότητος
1278 2196 1426 2248 αἴτια
1462 2194 1574 2267 [γρ.
1607 2194 1780 2266 αἰτίῄ
1809 2195 1870 2248 ού

283 2290 518 2361 μετρίως
552 2288 965 2361 ἐνισχημένους.
1020 2286 1326 2358 Προσέχετε
1368 2287 1549 2339 τοίνυν
1586 2290 1698 2350 τοῖς
1739 2288 1870 2340 ὠσὶν

279 2379 470 2453 ὑμῶν’
501 2381 750 2435 τουτέστι
779 2419 794 2444 ,
831 2380 906 2432 Τὸ
942 2379 1000 2432 δὲ
1036 2378 1099 2432 τὸ
1129 2377 1286 2441 εύοές
1324 2377 1418 2431 καὶ
1455 2378 1686 2448 εὐήκοον
1712 2421 1726 2445 ,
1769 2379 1870 2431 ἐπ-

281 2475 701 2547 ακουληθήσατε
731 2476 853 2537 ταῖς
885 2473 1024 2536 έδοῖς
1055 2471 1302 2544 μου.Καὶ
1335 2472 1444 2542 γὰρ
1464 2470 1569 2540 ἔφη
1594 2470 1828 2540 Χριστός
1853 2485 1868 2501 ο

285 2585 307 2620 ι
343 2567 412 2620 Et
436 2585 518 2630 τις
544 2567 690 2620 θέλει
715 2566 892 2620 ὀπίσω
925 2582 1026 2635 μου
1053 2564 1252 2629 ἐλθεῖν,
1294 2563 1624 2635 ἀρνησάσθω
1654 2563 1866 2628 ἑαυτὸν,

1978 1832 2132 1886 tollat
2159 1846 2377 1886 crucem
2405 1846 2585 1895 suam,
2613 1840 2666 1886 et
2694 1839 2955 1898 sequatur
2986 1843 3074 1883 me
3093 1828 3160 1882 ³⁸.
3194 1845 3216 1881 ι
3242 1827 3423 1894 Quam
3455 1825 3551 1896 qui

1973 1934 2104 1980 sunt
2130 1924 2271 1994 ejus,
2305 1938 2399 1979 eos
2431 1933 2643 1992 Oportet
2675 1922 2920 1992 vestigiis
2945 1921 3066 1988 eius
3099 1920 3372 1975 insistere.
3398 1916 3550 1984 Quid

1973 2025 2158 2072 autem
2192 2017 2298 2073 erit
2331 2017 2439 2081 his,
2471 2015 2562 2087 qui
2591 2015 2672 2070 sic
2693 2015 2882 2069 volunt
2908 2012 3122 2068 facere?
3153 2009 3328 2075 Vivet,
3355 2008 3552 2080 inquit,

1975 2111 2030 2165 in
2071 2109 2229 2165 bonis
2276 2109 2454 2164 anima
2498 2118 2702 2163 vestra.
2749 2105 2912 2179 775
2955 2103 3352 2176 Sempiternam
3400 2115 3551 2172 spem

1973 2203 2183 2255 sanctis
2226 2203 2551 2254 destinatam
2587 2198 2804 2252 videtur
2841 2198 2997 2252 nobis
3023 2197 3172 2251 hisce
3194 2194 3377 2250 verbis
3419 2193 3551 2247 sub-

1969 2291 2228 2345 iudicare.
2281 2288 2354 2345 Ut
2408 2289 2554 2344 enim
2597 2287 2796 2342 Paulus
2837 2287 3016 2356 inquit
3063 2302 3080 2341 :
3126 2303 3146 2337 ι
3194 2283 3396 2340 Oculus
3447 2296 3551 2336 non

1968 2384 2126 2447 vidit,
2173 2383 2323 2437 auris
2356 2395 2465 2437 non
2508 2381 2739 2447 audivit,
2771 2389 2827 2434 et
2855 2394 2952 2434 cor
2991 2378 3230 2434 hominis
3265 2391 3372 2432 non
3401 2388 3552 2429 com-

1967 2474 2255 2543 prehendit
2321 2488 2444 2544 qua:
2491 2473 2814 2544 preparavit
2859 2469 3005 2526 Deus
3055 2470 3140 2525 bis
3182 2468 3275 2537 qui
3322 2467 3552 2537 diligunt

1967 2577 2090 2618 eum
2110 2564 2180 2618 ⁸⁹.
2222 2583 2242 2617 i

281 2663 375 2714 καὶ
403 2662 589 2732 ἀράτω
622 2661 713 2713 τὸν
737 2659 969 2731 σταυρὸν
993 2657 1179 2724 αὑτοῦ,
1208 2660 1302 2711 καὶ
1332 2657 1694 2711 ἀκολουθείτω
1751 2673 1862 2728 μοι.
1915 2677 1932 2709 ι
1974 2659 2094 2729 Χρὴ
2145 2658 2433 2729 τοιγαροῦν
2514 2659 2631 2725 τοῖς
2691 2661 2894 2730 ῐχνεσιν
2925 2655 3093 2712 αὐτοῦ
3131 2653 3552 2711 κατακολουθεῖν

281 2755 600 2824 ἐπείγεσθαι
649 2757 776 2818 τοὺς
842 2755 1000 2818 ὄντας
1037 2755 1224 2809 αὑτοῦ.
1271 2754 1378 2807 Καὶ
1419 2754 1473 2806 τί
1525 2753 1757 2823 ὑπάρξει
1806 2757 1918 2818 τοῖς
1957 2754 2202 2808 ἐθέλουσι
2247 2755 2409 2809 τοῦτο
2453 2756 2619 2828 δρᾷνς
2657 2756 2912 2826 Ζήσεται,
2943 2754 3128 2823 φησὶν,
3157 2753 3217 2804 ἐν
3261 2748 3484 2820 ἀγαθοῖς
3511 2747 3551 2819 ἡ

279 2854 430 2924 ψυχὴ
456 2851 630 2922 ὑμῶν.
664 2851 777 2922 τὴν
811 2851 1165 2922 ἀτελεύτητον
1215 2851 1428 2914 ἐλπίδα,
1458 2849 1554 2921 τὴν
1583 2853 1694 2913 τοῖς
1762 2851 1939 2919 ἁγίοις
1975 2852 2440 2925 ηύτρεπισμένην,
2481 2853 2624 2906 ἔοικε
2656 2851 2743 2906 διὰ
2803 2851 3008 2905 τούτων
3038 2852 3171 2921 ἡμῖν
3226 2843 3544 2916 ύποδηλοῦν.

292 2946 382 3010 Ὠς
407 2946 516 3017 γὰρ
537 2947 564 2997 ὁ
601 2945 808 3010 Παῦλος
839 2961 1023 3016 φησιν,
1058 2963 1076 2997 ι
1116 2945 1422 3014 ὐφθαλμδς
1481 2945 1581 2996 οὒκ
1612 2939 1772 3010 εἶδεν,
1839 2943 1933 3010 οῦς
1967 2948 2068 3002 οὐκ
2101 2949 2320 3018 ἡκουσε,
2348 2951 2440 3004 καὶ
2462 2951 2554 3003 ἐπί
2596 2950 2824 3022 καρδίαν
2859 2948 3145 3020 ἀνθρώπου
3168 2947 3268 3000 ούκ
3294 2943 3479 3014 ἀνέϐη,
3511 2941 3550 2996 ἃ

280 3039 578 3113 ἡτοίμασεν
614 3039 641 3090 6
680 3038 810 3102 Θεὸς
835 3042 949 3103 τοῖς
974 3039 1262 3108 ἀγαπῶσιν
1281 3040 1463 3095 αὐτόν.
1490 3057 1507 3090 i

352 3128 459 3183 Kal
486 3128 842 3198 δια9ήσομαι
866 3129 1007 3198 ὑμῖν
1031 3129 1329 3199 διαθήκην
1349 3131 1610 3195 aitEn-tor,
1635 3132 1705 3186 τὰ
1726 3133 1867 3188 ὅσια

2042 3133 2394 3190 Vens.3—-5.
2427 3131 2494 3187 Et
2540 3133 2855 3186 constituam
2888 3131 3145 3186 vobiscum
3183 3140 3548 3184 testamentum

281 3219 462 3274 Δαείδ
507 3220 580 3273 τὰ
625 3219 828 3274 πιστά.
867 3219 1022 3275 Ἰδοὺ
1059 3223 1390 3290 μαρτύριον
1425 3223 1496 3276 ἐν
1543 3223 1744 3278 ἔθνεσι
1776 3223 1872 3278 δέ-

283 3311 445 3366 δωκα
487 3311 692 3376 αὑτὸν,
725 3311 1007 3380 ἄρχοντα,
1049 3312 1145 3366 καί
1193 3311 1664 3380 προστάσσοντα
1710 3318 1872 3370 ἔθνε-

282 3413 406 3456 σιν.
435 3401 588 3457 Ἰδοὺ
619 3402 762 3470 ἔθνη
795 3400 973 3468 ἀδοὺκ
1001 3401 1252 3470 ᾕδεισάν
1280 3419 1373 3466 σε,
1404 3404 1872 3459 ἐπικαλέσωνται

284 3509 394 3547 σεο
424 3492 519 3547 καί
551 3495 710 3557 λαοί,
743 3492 800 3546 οἳ
831 3495 941 3547 οὐκ
963 3493 1303 3560 ἠπίσταντό
1329 3509 1423 3555 σε,
1457 3493 1555 3544 ἐπὶ
1592 3493 1666 3545 σὲ
1699 3511 1872 3548 κατα-

283 3586 628 3656 φεύξονται,
643 3586 850 3639 ἕνεκεν
871 3584 1092 3652 Κυρίου
1119 3583 1224 3638 τοῦ
1245 3581 1392 3637 Θεοῦ
1413 3598 1551 3647 σου,
1569 3583 1675 3636 τοῦ
1697 3584 1870 3654 ἁγίου

298 3679 559 3749 Ἰσραὴλ,
587 3679 675 3732 ὅτι
707 3676 967 3742 ἐδόξασέ
1000 3692 1095 3731 σε.

369 3769 792 3840 ’Υποσχόμενος,
816 3771 898 3822 ὅτι
923 3767 1165 3838 Φάγεσθε
1189 3766 1388 3836 ἀγαθὰ,
1415 3767 1507 3820 καὶ
1542 3769 1627 3820 ἐντ
1639 3769 1778 3840 ρυφή
1789 3784 1871 3821 σει

287 3863 345 3914 ἐν
381 3861 605 3928 ἀγαθοῖς
632 3865 665 3932 ἠ
720 3861 867 3932 ψυχὴ
911 3861 1086 3932 ὑμῶν,
1127 3859 1488 3913 διαδείκνυσιν
1531 3859 1693 3924 εὐθὺς
1746 3860 1869 3915 τίνα

284 3951 488 4024 τρόπον
517 3951 700 4015 αὐτοῖς
731 3955 809 4016 εἰς
838 3952 1011 4020 πέρας
1039 3951 1329 4021 ἐκϐήσεται
1353 3949 1414 4002 τὸ
1437 3950 1866 4022 ἐπηγγελμένον.

287 4045 500 4098 Διδόναι
529 4044 637 4117 γὰρ
683 4045 1077 4113 ἐπαγγέλλεται
1123 4044 1392 4115 διαθήκην
1445 4044 1662 4098 αἰώνιον
1699 4046 1775 4117 (1)
1807 4039 1867 4099 εὖ

292 4136 435 4207 μάλα
465 4137 650 4208 φησίν.
734 4137 807 4189 Οὐ
837 4135 948 4206 γὰρ
975 4131 1118 4206 εἶχεν
1138 4134 1165 4186 6
1201 4136 1364 4206 νόμος
1395 4135 1454 4187 τὸ
1479 4135 1727 4206 διηνεκὲς
1777 4134 1871 4189 καὶ

288 4227 615 4294 ἀσάλευτον,
660 4226 837 4281 ἔκειτο
881 4226 936 4280 δὲ
982 4226 1144 4298 μέχρι
1193 4226 1387 4298 καιροῦ
1433 4225 1804 4297 διορθώσεως,

1973 3234 2250 3288 teternum,
2281 3235 2464 3278 sancta
2525 3222 2695 3275 David
2717 3200 2919 3287 fidelia.
2947 3219 3079 3274 Ecce
3111 3221 3460 3274 testimonium
3495 3221 3553 3274 in

1969 3318 2206 3386 gentibus
2229 3318 2499 3380 dedieuni,
2521 3316 2803 3383 principem
2821 3326 2866 3368 et
2889 3313 3273 3382 pra'cipientem
3290 3311 3345 3365 in
3379 3312 3550 3382 genti-

1974 3411 2090 3464 bus.
2113 3409 2303 3464 Gentes
2324 3423 2439 3479 qua:
2456 3407 2748 3459 nesciebant
2777 3418 2844 3468 te,
2862 3406 3172 3458 inrorabunt
3191 3414 3271 3466 te;
3301 3414 3350 3456 et
3375 3403 3552 3472 populi

1970 3502 2058 3569 qui
2083 3499 2392 3568 ignorabant
2429 3498 2580 3561 te,ad
2627 3506 2676 3548 te
2722 3496 3042 3562 confugient,
3101 3506 3312 3561 propter
3370 3495 3552 3548 Domi-

1972 3606 2094 3642 num
2148 3588 2316 3641 Deum
2405 3597 2573 3651 tuum,
2624 3597 2864 3640 sanctum
2924 3583 3138 3649 Israel,
3197 3585 3324 3652 quia
3389 3585 3553 3652 glori-

1971 3683 2144 3750 ﬁcarit
2184 3692 2251 3734 te.

2041 3774 2176 3830 Cum
2207 3788 2268 3828 ea
2293 3770 2654 3841 promissione
2670 3770 2740 3824 sit
2769 3785 2899 3825 usus
2924 3786 2939 3825 :
2969 3766 3276 3823 Comedetis
3301 3767 3466 3832 bona,
3492 3778 3548 3822 et

1971 3866 2331 3921 delectabitur
2353 3864 2508 3919 bonis
2540 3862 2719 3916 anima
2751 3869 2953 3926 vestra,
2979 3860 3163 3914 statim
3201 3860 3552 3928 quemadmoo

1971 3957 2097 4012 dum
2151 3958 2218 4010 ad
2275 3954 2434 4009 linem
2479 3951 2757 4024 perveniet
2789 3951 2929 4020 quod
2959 3950 3282 4020 promissum
3318 3957 3422 4012 est,
3451 3948 3550 4003 de-

1971 4055 2260 4104 monstrat.
2291 4045 2584 4100 Pollicetur
2611 4042 2754 4097 enim
2801 4041 2932 4097 dare
2967 4047 3348 4095 testamentum
3382 4047 3546 4092 σειστ-

1972 4156 2124 4206 num,
2152 4137 2520 4207 evangelicum
2549 4134 2802 4190 videlicet
2834 4143 2889 4188 et
2930 4132 3220 4188 salutarem
3281 4130 3546 4199 praedica-

1973 4235 2195 4291 tioncm.
2250 4230 2403 4298 Quod
2457 4227 2660 4298 optime
2712 4226 2846 4282 dicit
2910 4239 3031 4281 esse
3075 4233 3361 4278 aeternum.
3438 4221 3550 4278 Nec

288 4317 432 4373 καθά
466 4336 628 4390 φησιν
657 4321 685 4372 6
715 4319 988 4387 πάνσοφος
1037 4317 1268 4383 Παῦλος,
1321 4319 1416 4371 καὶ
1464 4317 1868 4390 παλαιωθείσης

1971 4326 2116 4381 enim
2152 4332 2411 4394 perpetua
2442 4329 2560 4375 erat
2590 4329 2644 4374 et
2675 4319 3000 4373 inconcussa
3035 4315 3142 4384 lex,
3173 4317 3266 4370 sed
3309 4315 3375 4369 ad
3407 4322 3546 4369 tem-

285 4409 388 4479 τῆς
417 4410 651 4482 ἀρχαίας
694 4409 912 4479 ἐντολῆς
951 4409 1026 4472 ὡς
1059 4410 1157 4462 οὐκ
1193 4407 1424 4479 ἐχούσης
1453 4409 1511 4462 τδ
1557 4409 1864 4480 ἄμεμπτον,

1973 4433 2074 4485 pus
2118 4414 2532 4470 instaurationis
2580 4414 2754 4484 posita
2803 4421 2890 4465 est
2921 4410 2991 4475 “,
3029 4409 3182 4464 sicuti
3231 4409 3305 4462 ait
3334 4407 3547 4476 sapien-

285 4503 540 4574 δευτέρας
569 4502 804 4574 ἐζητήθη
838 4502 1020 4564 τόπος,
1062 4501 1219 4571 δῆλον
1257 4501 1311 4553 δέ
1345 4501 1427 4554 ὃτι
1459 4501 1556 4572 τῆς
1589 4501 1736 4563 νέας,
1773 4502 1864 4554 καὶ

1974 4507 2215 4560 tissimus
2243 4503 2462 4567 Paulus,
2507 4511 2562 4556 et
2592 4509 2772 4554 vetere
2811 4508 3077 4568 prwcepto
3117 4498 3418 4566 antiquato,
3463 4503 3544 4548 ut-

288 4596 346 4649 ἐν
391 4594 612 4666 Χριστῷ
658 4595 792 4647 πολὺ
828 4595 888 4647 τὸ
940 4593 1397 4666 παρηλλαγμένον
1448 4591 1677 4664 ἐχούσης
1718 4592 1870 4664 παρὰ

1971 4606 2093 4668 pote
2135 4596 2191 4650 in
2243 4609 2350 4662 quo
2403 4591 2603 4660 aliquid
2665 4589 3096 4654 desiderabatur,
3126 4586 3276 4642 locus
3311 4595 3428 4642 erat
3461 4600 3548 4641 3e-

286 4686 386 4760 τὴν
419 4688 664 4759 πρώτην.
703 4689 791 4741 'H‘
822 4687 920 4758 μὲν
969 4686 1077 4756 γὰρ
1129 4682 1197 4756 ἦν
1244 4688 1301 4739 ἐν
1343 4687 1622 4756 σκιαῖς,ἡ
1669 4684 1725 4738 δέ
1771 4685 1869 4755 τῆς

1971 4684 2164 4748 cundo,
2198 4696 2338 4736 novo
2398 4680 2626 4741 scilicet,
2668 4678 2812 4748 quod
2867 4678 2917 4731 in
2957 4675 3177 4731 Christo
3235 4676 3460 4730 multum
3513 4689 3547 4730 a

287 4780 548 4851 ἀληθείας
569 4781 628 4834 τδ
652 4781 844 4843 κάλλος
872 4778 1252 4848 ἅπαστρὰπτει
1284 4778 1688 4849 πνευματικῶς.
1725 4778 1870 4846 Ἔφη

1971 4773 2140 4846 priori
2179 4772 2546 4839 discrepabat.
2580 4767 2714 4824 Illud
2763 4769 2908 4824 enim
2955 4767 3152 4822 eratin
3181 4766 3409 4828 umbris,
3440 4766 3543 4818 hoc

286 4870 419 4941 γοῦν
440 4875 467 4926 6
495 4873 601 4925 τῶν
631 4873 768 4926 ὅλων
799 4871 928 4934 Θεὸς
954 4870 1020 4923 δι’
1064 4869 1181 4933 ἐνὸς
1205 4870 1312 4922 τῶν
1346 4869 1516 4938 ἁγίων
1551 4869 1867 4942 προφητῶν

1971 4863 2219 4921 veritatis
2287 4860 2738 4931 pulchritudinem
2788 4861 2969 4914 elucet
2994 4858 3372 4929 spiritualiter.
3403 4855 3546 4910 Dixit

294 4984 313 5016 ι
336 4965 468 5019 ’ἰδοὺ
497 4965 699 5037 ἡμέραι
731 4963 999 5035 ἔρχονται,
1033 4962 1180 5030 λέγει
1214 4961 1549 5032 Κύριος,καὶ
1574 4959 1870 5014 συντελέσω

1971 4959 2150 5028 itaque
2191 4955 2568 5010 universorum
2618 4953 2760 5008 Dcus
2789 4968 2883 5022 per
2910 4967 3074 5005 unum
3129 4964 3160 5003 e
3193 4948 3398 5003 sanctis
3424 4962 3548 5016 pro-

289 5058 383 5110 ἐπὶ
426 5056 515 5110 τὸν
545 5052 694 5111 οἶκον
745 5055 938 5110 Ἰακὼϐ
972 5055 1064 5108 καὶ
1097 5053 1188 5106 ἐπὶ
1214 5053 1306 5106 τὸν
1333 5048 1480 5106 οἷκον
1511 5050 1726 5123 Ἰσραὴλ
1752 5050 1870 5105 δια-

1971 5047 2150 5119 phetis
2176 5063 2190 5099 :
2231 5065 2250 5097 ι
2283 5043 2419 5098 Ecce
2447 5041 2561 5097 dies
2595 5043 2840 5105 veniunt,
2868 5039 3001 5095 dicit
3029 5038 3307 5102 Dominus,
3337 5047 3392 5091 et
3420 5051 3548 5090 con-

289 5150 466 5222 θήκην
491 5151 701 5221 καινὴν,
725 5152 784 5204 ού
812 5150 953 5202 κατᾶ
981 5147 1380 5219 τὴνδιαοήκην,
1401 5149 1467 5219 ἢν
1490 5147 1747 5217 διεθέμην
1765 5148 1870 5210 τοῖς

1971 5139 2260 5196 Summabo
2292 5152 2456 5208 super
2489 5137 2706 5191 domum
2735 5132 2925 5202 Iacob,
2952 5143 3006 5187 et
3033 5145 3195 5202 super
3227 5130 3444 5184 domum
3475 5128 3546 5182 ls~

269 5243 561 5314 ’πατράσιν
584 5243 760 5296 αὐτῶν
800 5245 856 5295 ἐν
886 5241 1068 5312 ἡμέρα
1093 5239 1601 5310 ἐπιλαμϐανομένου
1642 5255 1741 5306 μου
1776 5236 1870 5307 τῆς

1972 5230 2086 5286 rael
2120 5239 2502 5286 testamentum
2538 5241 2761 5292 novum,
2794 5241 2898 5280 non
2925 5223 3219 5280 secundum
3247 5229 3543 5275 testamen-

290 5333 474 5404 χειρὸς
501 5333 678 5386 αὐτῶν
700 5331 789 5384 τοῦ
817 5330 1102 5400 ἐξαγαγεῖν
1127 5329 1324 5391 αὐτοὺς
1351 5329 1414 5382 ἐκ
1436 5328 1540 5398 γῆς
1566 5327 1838 5396 Αίγύπτου
1855 5341 1870 5360 ·

1975 5334 2086 5381 tum
2124 5322 2267 5394 quod
2300 5321 2544 5394 percussi
2570 5336 2691 5378 cum
2724 5318 2968 5392 patribus
3003 5330 3217 5384 eorum,
3242 5315 3328 5371 ille
3351 5326 3418 5370 eo
3439 5323 3549 5385 quo
3596 5372 3608 5385 ,1

360 5503 406 5537 ⁸⁸
447 5504 636 5560 Matth.
673 5521 783 5570 xvi,
813 5505 904 5560 ει.
983 5505 1027 5538 ³⁹
1059 5506 1075 5559 ι
1117 5503 1243 5560 Cor.
1278 5505 1416 5569 ",9.
1493 5505 1537 5535 δ”
1566 5502 1726 5558 liebr.
1760 5519 1834 5562 Ix,
1870 5503 1958 5559 10.

366 5657 439 5728 (1)
471 5657 852 5714 Desiderantur
888 5657 972 5711 hic
998 5653 1275 5709 nonnulla.
