4042 6200
470 272 612 329 ιω

1459 268 1520 324 5.
1565 260 1842 320 CYBILLI
1879 255 2349 312 ALEXANDRINI
2388 255 2706 312 ARClllEP.

3593 251 3727 308 1138

469 386 799 457 apprehendi
834 401 1049 439 manum
1079 397 1289 445 eorum,
1325 391 1386 436 ut
1411 379 1699 435 educerem
1723 393 1817 434 eos
1842 395 1872 432 e
1901 386 2049 431 terra

2176 381 2234 429 μτι
2270 375 2420 430 αὐτοὶ
2455 376 2557 429 οὐκ
2609 375 2890 444 ἐνέμειναν
2921 375 2977 427 ὲν
3030 376 3096 444 τῇ
3135 371 3367 442 διαθήκῃ
3401 386 3524 440 μου,
3577 368 3735 436 κᾶγὼ

470 478 730 548 J‘lgypti;
767 478 890 545 quia
929 477 1004 530 illi
1037 491 1140 527 non
1191 481 1612 542 pennauseruut
1642 471 1697 524 in
1726 477 2047 524 testamento

469 573 614 624 ineo.
649 569 711 621 Et
765 583 864 635 ego
923 565 1133 632 neglexi
1165 579 1281 628 eos,
1315 564 1448 617 dicit
1475 561 1754 614 Dominus.
1785 559 1918 614 Nam
1949 561 2050 612 ltoc

475 670 856 716 testamentum
887 669 970 711 est
1003 658 1144 723 quod
1180 656 1369 709 feriam
1401 670 1522 708 cum
1559 656 1717 706 domo
1747 652 1908 706 Israel
1933 659 2052 720 post

475 755 590 807 dies
619 754 753 815 illus,
777 751 907 802 dicit
951 749 1248 801 Dominus:
1281 750 1417 800 dabo
1462 747 1605 812 leges
1634 760 1778 798 meas
1813 743 1867 797 iu
1900 759 2050 795 men-

481 855 590 898 tem
634 859 845 905 eorum,
879 851 934 895 et
973 839 1231 894 cordibus
1258 855 1446 892 eorum
1482 837 1773 892 inscribam
1806 852 1900 890 eas
1928 834 1990 888 δι.
2027 853 2046 886 ι

479 937 851 993 Diﬂerentiatn
888 936 1052 987 etiam
1111 933 1307 987 veteris
1353 942 1409 986 et
1467 931 1589 984 novi
1624 928 1930 984 testamenti
1961 943 2050 982 es-

481 1033 650 1086 tendit
706 1029 863 1085 nobis
916 1028 1130 1096 sapiens
1174 1025 1432 1088 Joannes,
1479 1025 1702 1078 dicens:
1738 1039 1756 1073 ι
1785 1021 1894 1075 Lex
1959 1035 2055 1090 per

480 1125 700 1194 Moysen
730 1124 852 1174 data
880 1131 984 1178 est.
1012 1119 1182 1187 gratia
1212 1129 1265 1172 et
1303 1117 1507 1169 veritas
1540 1130 1634 1183 per
1659 1113 1844 1168 Jestttn
1893 1112 2052 1164 Citri-

480 1226 621 1268 stum
689 1213 827 1264 facta
861 1221 946 1264 est
975 1210 1042 1264 δ’.
1069 1228 1086 1260 ι
1117 1208 1356 1262 Gratiam
1386 1215 1443 1261 et
1486 1206 1768 1260 veritatem
1822 1204 2056 1272 appellat

483 1304 879 1358 institutionem
922 1303 1034 1356 veri
1066 1312 1121 1355 et
1171 1300 1470 1370 spiritualis
1500 1298 1675 1353 cultus
1701 1312 1797 1365 per
1820 1311 2054 1366 evange-

484 1397 582 1449 lica
624 1395 840 1447 oracula
859 1433 874 1456 ,
934 1410 1056 1464 qua:
1082 1409 1202 1447 cum
1236 1393 1434 1446 virtute
1461 1407 1523 1446 ac
1551 1393 1788 1460 potentia
1816 1400 1900 1445 est
1927 1407 2058 1445 con-

479 1488 689 1556 juncta.
707 1487 926 1558 Mnyscn
953 1487 1120 1550 enim,
1148 1501 1270 1539 cum
1300 1485 1530 1539 famulus
1555 1496 1720 1547 esset,
1749 1486 2056 1539 ministrum

483 1597 606 1636 esse
627 1583 836 1635 umbrae
874 1596 979 1634 non
1014 1581 1318 1644 manentis;
1351 1579 1674 1650 776jugis
1700 1595 1828 1633 vero
1862 1591 1914 1632 et
1946 1595 2060 1631 uta-

487 1674 668 1726 nentis
697 1673 872 1726 cultus
913 1671 1159 1724 nuntium
1193 1685 1317 1724 eum
1344 1673 1437 1738 qui
1506 1681 1740 1724 aeternus
1767 1679 1868 1734 est,
1905 1668 2062 1724 Citri-

2153 468 2406 540 ἠμέλησα
2431 466 2632 532 αὐτῶν,
2662 467 2811 535 λέγει
2841 466 3045 533 Κύριος
3073 481 3086 494 ο
3132 465 3215 517 ὃτι
3245 461 3386 532 αῦτη
3409 462 3444 530 ὴ
3479 459 3715 530 διαθήκη

2154 559 2220 629 ἢν
2265 559 2591 628 διαθήσομαι
2635 557 2714 627 τῷ
2742 557 2876 627 οἴκῳ
2927 555 3146 624 Ἰσραὴλ
3198 553 3337 624 μετὰ
3380 551 3480 614 τὰς
3525 550 3741 623 ἡμέρας

2156 649 2388 711 ὲκείνας,
2419 648 2570 716 λέγει
2592 647 2818 717 Κύριος,
2841 647 3016 709 διδοὺς
3039 645 3234 710 νόμους
3266 661 3367 708 μου
3392 644 3474 701 είς
3503 642 3604 697 τὴν
3628 641 3744 694 διὰ·

2132 739 2303 792 ’νοιαν
2345 738 2549 801 αὐτῶν,
2585 740 2678 791 καὶ
2712 738 2806 790 ἐπὶ
2831 739 2928 801 τὰς
2975 736 3201 808 καρδίας
3230 735 3408 788 αὐτῶν
3446 732 3750 802 ἐπιγράψω

2157 830 2375 894 αὐτούς.
2402 850 2419 881 ι
2453 833 2563 899 Τὴν
2618 829 2676 882 δέ
2727 846 2790 897 γε
2828 828 3092 898 διαφορὰν
3143 826 3241 897 τῆς
3271 841 3329 878 τε
3366 825 3606 882 παλαιᾶς
3647 823 3745 876 καὶ

2157 922 2256 992 τῆς
2284 922 2408 984 νέας
2433 921 2697 991 διαθήκης
2727 921 2980 985 διέδειξεν
3008 921 3140 989 ἡμῖν
3180 919 3275 970 καὶ
3307 918 3336 968 ὁ
3361 916 3523 982 σοφὸς
3557 915 3750 968 Ἰωάν-

2159 1028 2257 1081 νης
2285 1010 2567 1078 λέγων,ὄτι
2603 1028 2622 1061 ι
2654 1011 2712 1064 ὐ
2743 1011 2902 1080 νόμος
2921 1010 3010 1062 διὰ
3035 1010 3280 1070 Μωσέως
3327 1006 3506 1077 ἐδόθη,
3531 1008 3564 1076 ἡ
3583 1006 3754 1076 χάρις

2163 1103 2256 1156 καὶ
2301 1102 2333 1172 ἠ
2365 1099 2590 1171 ἀλήθεια
2615 1099 2702 1153 διὰ
2751 1099 2922 1169 Ἰησοῦ
2959 1096 3196 1169 Χριστοῦ
3228 1096 3464 1164 ἐγένετο.
3508 1115 3526 1146 ι
3567 1095 3750 1166 Χάριν

2161 1192 2218 1246 δὲ
2237 1194 2328 1246 καὶ
2347 1191 2604 1262 ἀληθειαν
2620 1192 2718 1262 τὴν
2739 1190 2827 1244 διὰ
2841 1190 2948 1243 τῶν
2967 1187 3340 1258 εὐαγγελικὼν
3361 1185 3749 1258 θεσπισμάτων

2161 1283 2427 1338 ἀποκαλεί
2448 1283 2744 1347 παίδευσιν,
2775 1282 2872 1351 τῆς
2891 1281 3127 1350 ἀληθοῦς
3155 1281 3250 1334 καὶ
3265 1282 3323 1332 ὲν
3355 1279 3622 1350 πνεύματι
3651 1278 3751 1331 λα-

2161 1375 2352 1444 τρείας
2391 1373 2488 1443 τὴν
2519 1373 2747 1442 δύναμιν
2779 1371 3043 1442 ἔχουσαν·
3074 1373 3186 1425 ἔδει
3221 1380 3359 1443 γαρ,
3390 1371 3607 1439 οἰκέτην
3645 1370 3749 1439 μὲν
3775 1400 3792 1420 .

2163 1467 2293 1520 ὂντα
2322 1466 2546 1526 ὺίωσέα,
2569 1465 2666 1533 τῆς
2699 1465 2772 1534 μὴ
2806 1463 3072 1535 μενούσης
3101 1465 3257 1524 σκιᾶς
3285 1461 3535 1532 γενέσθαι
3561 1463 3747 1515 διάκο-

2165 1573 2284 1609 νον’
2311 1553 2605 1623 ὲξαγγελέα
2650 1554 2707 1606 δὲ
2756 1555 2854 1623 τῆς
2900 1553 3183 1624 διηνεκοῦς
3220 1553 3310 1606 καὶ
3348 1552 3610 1624 μενούσης
3656 1553 3750 1605 λα-

2165 1647 2374 1717 τρείας,
2394 1645 2483 1696 τὸν
2510 1643 2640 1697 αἰών
2649 1661 2747 1707 ιον,
2775 1645 2919 1714 φημὶ
2939 1645 3004 1715 δη
3026 1646 3115 1698 τὸν
3141 1644 3394 1717 Χριστόν.
3414 1642 3550 1698 Ποία
3569 1644 3750 1695 τοίνυν

487 1777 628 1819 stum
654 1767 798 1827 dico,
830 1765 1097 1832 oportuit.
1133 1763 1302 1829 Quale
1331 1735 1403 1815 sit
1434 1763 1596 1832 igitur
1629 1762 1756 1816 illttd
1807 1771 2065 1815 aeternum

2176 1739 2314 1791 ἐστὶν
2347 1736 2563 1799 αἰώνιος
2589 1737 2849 1808 διαθήκη,
2884 1739 2950 1808 ἣν
2989 1738 3054 1809 δὴ
3090 1737 3395 1790 συντελέσει
3439 1739 3550 1799 τοῖς
3581 1753 3752 1805 προσο

488 1859 1051 1925 testamentum,quod
1082 1854 1467 1909 accedeMibus
1494 1854 1559 1906 ad
1585 1855 1758 1922 ipsum
1787 1868 1884 1922 per
1907 1851 2064 1906 ﬁdem

487 1951 908 2014 consummabit,
968 1948 1185 2018 planum
1251 1946 1380 2000 facit
1419 1961 1543 2002 cum
1602 1946 1785 2000 subdit
1835 1945 2065 2000 statim:

492 2044 692 2098 Sancta
740 2040 956 2095 Davidis
995 2039 1194 2094 ﬁdelia.
1258 2036 1354 2093 Vel
1403 2037 1548 2092 enim
1616 2036 2067 2106 pollicitationem

493 2133 690 2187 factam
724 2132 908 2184 divino
937 2129 1153 2195 Davidi,
1179 2128 1247 2183 de
1297 2127 1540 2181 omnium
1599 2137 1841 2181 nostrum
1877 2123 2072 2179 Serva-

495 2229 613 2273 tore
664 2218 906 2280 Christo,
943 2219 1196 2285 gentibus
1259 2215 1659 2270 revertentibus
1711 2216 2070 2283 praestandam

492 2311 656 2375 dicit;
678 2311 760 2363 vel
795 2311 974 2362 divina
1011 2318 1162 2362 vocat
1186 2318 1243 2362 et
1267 2322 1422 2362 sacra
1451 2306 1709 2359 vaticinia
1743 2306 1808 2359 de
1834 2303 2068 2369 Christo,

495 2403 588 2470 qui
611 2416 679 2454 ex
722 2401 932 2454 semine
968 2399 1134 2452 David
1164 2397 1462 2454 secundum
1499 2412 1720 2452 carnem
1752 2404 1912 2450 natus
1965 2404 2068 2449 est.

497 2489 698 2544 Sancta
729 2491 860 2544 dicit
910 2489 998 2542 illa
1035 2504 1178 2552 esse,
1216 2490 1360 2542 velut
1391 2496 1614 2543 sanctos
1653 2485 1929 2540 reddentia
1978 2501 2074 2540 eos

499 2581 552 2637 in
587 2581 784 2652 quibus
815 2582 1036 2633 insunt:
1071 2579 1524 2646 quemadmodum
1557 2577 1802 2632 videlicet
1827 2577 2073 2631 timorem

499 2676 592 2730 Dei
624 2689 816 2743 purum
848 2671 1155 2726 nominavit
1186 2670 1278 2740 qui
1308 2670 1578 2742 puriﬁcat,
1616 2679 1671 2724 et
1706 2671 1872 2723 vitam
1905 2684 2071 2723 evan-

498 2766 730 2834 gelicttm
759 2763 1006 2832 verbum.
1033 2762 1189 2830 quasi
1217 2760 1515 2816 vivillcans.
1551 2759 1693 2814 Dixit
1721 2760 1864 2814 enim
1919 2758 2074 2813 Cltri-

505 2867 662 2911 slus:
709 2874 728 2906 t
757 2853 931 2908 Verba
961 2868 1080 2921 qua
1111 2865 1212 2921 ego
1268 2849 1478 2906 locutus
1509 2867 1624 2906 sum
1655 2852 1826 2916 vobis,
1855 2850 2077 2920 spiritus

499 2956 630 3003 sunt
689 2958 744 3001 et
800 2947 908 3006 vita
943 2945 1058 3008 ⁵³.»
1097 2944 1149 2998 id
1203 2953 1308 3008 est,
1370 2944 1670 3014 spiritttalia
1724 2953 1779 2996 et
1843 2944 2073 2997 vivilica.

2169 1828 2342 1882 ιοῦσιν
2375 1827 2524 1898 αὐτῷ
2561 1828 2652 1881 διὰ
2689 1829 2958 1892 πίστεως,
2999 1827 3318 1900 καθίστησιν
3359 1826 3610 1897 ἐναργὲς,
3649 1828 3750 1879 k1:-

2167 1919 2406 1989 ενεγκὼν
2435 1919 2595 1982 εὐθύς
2623 1936 2636 1949 ·
2667 1920 2750 1974 Τὰ
2777 1921 2901 1975 ὅσια
2929 1919 3092 1973 Δαὸὶδ
3115 1918 3184 1972 τὰ
3206 1921 3391 1974 πιστά.
3420 1921 3488 1971 Ἢ
3513 1918 3623 1988 γὰρ
3654 1919 3751 1988 τὴν

2166 2014 2244 2085 τῷ
2275 2014 2545 2083 θεσπεσίῳ
2577 2013 2743 2066 Δαϐὶδ
2785 2013 3032 2067 δοθεῖσαν
3068 2012 3432 2080 ἑπαγγελλίαν
3489 2013 3623 2083 περὶ
3655 2011 3749 2065 acii

2171 2104 2388 2158 πάντων
2435 2104 2596 2174 ἡμῶν
2649 2103 2899 2174 Σωτῆρος
2941 2101 3180 2174 Χριστοῦ
3251 2101 3574 2174 δοθήσεσθαί
3619 2121 3750 2174 φησι

2168 2195 2280 2256 τοῖς
2314 2195 2372 2259 ἐξ
2411 2193 2582 2247 ἐθνῶν
2633 2192 3056 2264 ἐπιστρέφουσιν
3077 2231 3092 2254 ,
3142 2191 3310 2262 ἤγουν
3344 2193 3460 2244 θεῖα
3510 2193 3667 2246 καλεῖ
3691 2194 3751 2244 τὰ

2173 2285 2295 2354 ιερὰ
2331 2284 2679 2354 θεσπίσματα
2727 2283 2820 2336 τοῦ
2854 2283 2920 2335 ὲκ
2977 2282 3291 2352 σπέρματος
3319 2281 3484 2334 Δαὸὶδ
3512 2283 3575 2334 τὸ
3616 2285 3750 2336 κατὰ

2174 2377 2354 2447 σάρκα
2380 2374 2647 2448 Χριστοῦ·
2680 2375 2804 2429 ὅσια
2831 2373 2889 2427 δέ
2915 2391 3080 2444 φησιν
3113 2374 3274 2439 αὐτὰ,
3307 2375 3383 2438 ὡς
3409 2374 3592 2435 ὁσίους
3625 2375 3752 2427 ἀπο-ι

2175 2467 2436 2523 ⁸τελοῦντα
2474 2471 2598 2533 τοὺς
2630 2470 2686 2522 ὲν
2725 2463 2807 2531 οἷς
2850 2468 2917 2522 ἂν
2955 2468 3218 2536 γένοιντο,
3269 2466 3524 2538 καθάπερ
3564 2467 3747 2537 ἀμέλει

2174 2566 2268 2618 καὶ
2296 2562 2386 2615 τὸν
2409 2562 2500 2615 τοῦ
2525 2560 2658 2616 Θεοῦ
2681 2560 2843 2629 φόὸον
2875 2560 3034 2627 ἁγνὸν
3053 2559 3324 2629 ὠνόμασε,
3350 2561 3445 2613 καὶ
3471 2558 3748 2627 ἀγνοποιὺν

2173 2655 2328 2720 ὄντα,
2366 2653 2621 2724 καὶζωὴν
2652 2653 2711 2706 τὸ
2738 2652 2890 2724 ῥῆμα
2915 2652 2976 2706 τὸ
2995 2651 3348 2720 εὐαγγελικόν
3371 2653 3447 2716 ὡς
3474 2649 3746 2714 (uomuit.

2180 2749 2322 2818 Ἔφη
2346 2747 2469 2816 γάρη
2481 2763 2582 2798 που
2609 2745 2868 2815 Χριστὸς,
2889 2745 2970 2799 ὅτι
3011 2763 3028 2796 t
3053 2745 3134 2796 Τὰ
3165 2744 3407 2814 ῥήματα,
3441 2743 3478 2798 ἃ
3503 2745 3614 2811 ἐγὼ
3637 2744 3751 2797 ἐλά.

2175 2838 2317 2908 λησα
2346 2839 2498 2908 ὑμῖν,
2532 2835 2759 2906 πνεῦμά
2781 2837 2900 2888 ἑστι
2928 2835 3022 2888 καὶ
3038 2833 3171 2906 ζωὴ,
3204 2855 3222 2887 ι
3244 2835 3488 2887 τουτέστι
3511 2852 3750 2905 πνευμα-

2176 2931 2305 2985 τικὰ
2347 2931 2440 2983 καὶ
2475 2928 2734 2993 ζωοποιά.
2764 2929 2928 2982 Ὀσια
2967 2927 3032 2999 δὴ
3059 2923 3154 2980 οὖν
3200 2927 3268 2980 τὰ
3325 2929 3624 2998 ὀσιουργα,
3667 2929 3752 2982 καὶ

502 3041 703 3096 Sancta
757 3039 919 3108 igitur
967 3049 1113 3104 sunt,
1150 3053 1272 3108 qua:
1319 3037 1684 3098 sattctilicant,
1725 3045 1777 3090 et
1809 3037 1986 3104 justos
2013 3049 2072 3088 ac

2193 3023 2431 3085 δικαίους
2483 3023 2576 3078 καὶ
2629 3019 2894 3091 ἀμώμους
2940 3019 3307 3088 ἀποφαίνοντα
3351 3022 3478 3082 τοὺς
3538 3020 3753 3090 δεχομέ-

503 3128 1006 3199 irrepreltensibiles
1038 3129 1265 3181 reddunt
1312 3143 1406 3181 eos
1437 3128 1526 3194 qtti
1560 3127 1645 3179 illa
1674 3126 1985 3193 accipiunt;
2013 3125 2075 3179 li-

501 3224 640 3277 delia
678 3235 915 3288 quoque,
941 3219 1066 3286 quia
1091 3218 1250 3271 [idem
1285 3216 1511 3280 faciunt,
1550 3226 1604 3270 et
1636 3217 1986 3270 stabilitatem
2010 3215 2076 3270 li-

504 3312 590 3366 dei
620 3317 674 3362 ct
727 3308 848 3360 vitae
897 3307 1148 3374 pietatem
1194 3305 1280 3359 ltis
1334 3303 1423 3373 qui
1469 3318 1530 3356 ea
1583 3304 2075 3373 appreltenderunt,

504 3401 843 3470 ingenerant.
881 3397 1004 3450 llaec
1029 3405 1114 3450 est
1152 3397 1297 3450 enim
1331 3395 1709 3450 vaticiniorunt
1737 3395 1939 3451 Christi
1973 3396 2079 3450 vir-

507 3499 593 3544 tus
620 3498 674 3542 et
706 3487 1016 3542 ellicacitas.
1045 3485 1180 3540 Cum
1223 3486 1386 3554 igitur
1429 3484 1686 3539 Davidetn
1723 3487 2076 3551 nominasset,

506 3580 803 3643 Christum,
829 3593 893 3632 ex
922 3577 1130 3631 semine
1156 3575 1374 3630 Davidis
1404 3577 1700 3630 secundum
1748 3591 1990 3646 carnem,
2012 3575 2080 3632 de

507 3685 574 3725 eo
598 3671 726 3724 dicit
757 3670 1046 3724 continuo:
1077 3686 1094 3719 t
1123 3667 1258 3722 Ecce
1285 3667 1651 3721 testimonium
1679 3667 1929 3737 gentibus
1958 3668 2078 3723 dedi

507 3763 684 3825 illum,
720 3760 1016 3830 principem
1069 3768 1124 3812 et
1185 3768 1574 3829 praeceptorem
1633 3759 1775 3813 inter
1817 3767 2026 3828 gentes.
2055 3776 2075 3810 ι

506 3852 822 3911 Obtestatur
884 3852 1036 3920 quasi
1090 3850 1352 3905 Dominus
1411 3861 1597 3904 noster
1625 3848 1784 3905 Iesus
1812 3849 2081 3915 Christus,

509 3957 699 4013 greges
748 3942 1010 4012 gentium,
1048 3941 1189 4010 quod
1230 3940 1341 3996 sint
1396 3941 1499 3994 illa:
1531 3955 1783 4008 capaces,
1814 3941 2084 4011 liceatque

509 4035 832 4095 volentibus.
894 4033 1044 4088 nullo
1092 4033 1431 4100 prohibente,
1463 4047 1605 4088 vera:
1633 4033 1726 4086 Dei
1757 4033 2084 4102 cognitionis

510 4127 633 4181 luce
663 4126 846 4180 ditari.
879 4125 1018 4178 Dixit
1051 4125 1233 4194 itaque
1263 4140 1358 4193 per
1384 4124 1555 4194 lyram
1581 4123 1870 4180 Psallentis
1898 4146 1911 4182 :
1947 4126 2086 4180 «Λιι-

510 4218 622 4272 dite
672 4219 805 4279 lnec.
831 4231 1019 4271 omnes
1063 4225 1270 4285 gentes,
1303 4217 1528 4271 auribus
1562 4217 1845 4285 percipite,
1895 4232 2085 4273 omnes

512 4308 603 4377 qui
661 4307 918 4362 habitatis
967 4305 1152 4360 orbem
1203 4313 1491 4370 terrarum,
1543 4308 1847 4376 terrigenae,
1874 4315 1928 4362 et
1989 4307 2084 4363 lilii

2179 3131 2303 3177 νους
2342 3113 2515 3166 αὑτά·
2551 3111 2719 3166 πιστὰ
2752 3111 2829 3175 δὲ,
2860 3112 2942 3164 ὅτι
2980 3112 3142 3164 πάλιν
3172 3113 3467 3165 πιστοποιά
3501 3117 3631 3176 εἰσι,
3668 3115 3754 3166 καὶ

2179 3207 2238 3258 τὸ
2261 3204 2548 3275 ἱδρυμένον
2576 3205 2632 3256 ἐν
2657 3203 2836 3256 πίστει
2860 3203 3033 3273 καὶτῇ
3073 3205 3192 3256 κατ’
3216 3203 3495 3256 εὐσέϐειαν
3517 3203 3634 3275 ζωῇ
3650 3207 3753 3267 τοῖς

2176 3294 2430 3348 λαϐοῦσιν
2473 3295 2848 3364 ἐνεργάζεται.
2891 3293 3129 3365 Δύναμις
3167 3295 3277 3365 γὰρ
3333 3294 3470 3366 αὕτη
3525 3297 3637 3349 τῶν
3672 3296 3752 3349 δια

2177 3387 2834 3459 Χριστοῦθεσπισμάτων.
2857 3385 3064 3440 Οὐκοῦν
3090 3387 3252 3440 Δαϐὶδ
3273 3388 3571 3458 ὀνομάσας,
3587 3388 3675 3441 τὸν
3693 3389 3755 3442 ιι

2182 3479 2492 3552 σπέρματος
2509 3481 2672 3534 Δαϐὶδ
2686 3482 2826 3536 κατὰ
2840 3481 3018 3552 σάρκα
3038 3481 3294 3552 Χριστὸν,
3309 3500 3376 3536 πε
3382 3484 3436 3554 pi
3452 3483 3618 3537 αὐτοῦ
3631 3500 3757 3553 φησι

2181 3572 2542 3643 ’παραχρῆμα⁹
2583 3592 2601 3625 ι
2633 3573 2766 3626 Ἰδοὺ
2803 3573 3103 3645 μαρτύριον
3135 3574 3315 3627 ἔθνεσι
3342 3573 3551 3628 δέδωκα
3578 3576 3759 3642 αὑτὸν,

2180 3663 2438 3735 ἄρχοντα,
2462 3651 2556 3719 καί
2577 3666 2988 3736 προστάσσοντα
3027 3665 3202 3719 ἔθνεσι
3228 3707 3240 3720 .
3276 3684 3296 3718 ι
3329 3666 3759 3738 Διαμαρτύρεται

2181 3755 2368 3825 ὥσπερ
2391 3757 2419 3808 ὀ
2449 3756 2651 3827 Κύριος
2683 3756 2840 3828 ἡμῶν
2869 3756 3076 3828 Ἰησοῦς
3113 3757 3347 3827 Χριστὸς
3375 3758 3474 3822 τὰς
3511 3757 3568 3824 ἐξ
3596 3759 3759 3812 ὲθνῶν

2181 3848 2404 3916 ἀγέλας,
2432 3847 2516 3901 ὅτι
2560 3848 2749 3901 δεκταὶ
2779 3848 3036 3918 γεγόνασι
3077 3850 3171 3902 και)⁸
3199 3842 3384 3912 αὗται,
3408 3849 3502 3902 καὶ
3545 3850 3757 3919 μέτεστι

2181 3941 2296 4002 τοῖς
2329 3939 2603 3993 ἐθέλουσιν
2644 3939 3006 4010 ἀπείργοντος
3049 3939 3262 4002 οὐδενὸς
3298 3941 3362 3993 τὸ
3397 3941 3496 4012 τῆς
3533 3939 3758 4011 ἀληθοῦς

2183 4029 2516 4098 θεογνωσίας
2543 4030 2989 4102 καταπλουτῆσαι
3027 4031 3161 4101 φῶς.
3196 4033 3342 4104 Ἔφη
3379 4032 3511 4101 γοῦν
3540 4033 3633 4086 διὰ
3668 4034 3757 4104 τῆς

2182 4122 2277 4176 τοῦ
2303 4123 2609 4186 Ψὰλλοντος
2637 4122 2808 4194 λύρας
2825 4139 2837 4153 ο
2879 4141 2897 4174 t
2941 4124 3237 4178 ’Δκούσατε
3267 4125 3464 4191 ταῦτα,
3492 4125 3671 4179 πάντα
3699 4126 3761 4177 τὰ

2185 4213 2334 4285 έθνηο
2359 4213 2704 4281 ἐνωτίσασθε,
2744 4215 2945 4277 πάντες
2964 4215 3013 4267 οἱ
3042 4215 3423 4278 κατοικοῦντες
3453 4215 3547 4287 τὴν
3589 4219 3760 4269 almu-

2190 4308 2380 4377 μένην,
2412 4308 2462 4359 oi
2491 4309 2766 4377 γηγενεῖς,
2797 4307 2892 4360 καὶ
2925 4307 3030 4360 υἱοὶ
3071 4308 3177 4361 τῶν
3221 4307 3543 4378 ἀνθρώπων,
3582 4308 3676 4361 ἐπὶ
3707 4309 3762 4359 τὸ

513 4397 813 4464 hominum,
840 4398 990 4452 dives
1037 4395 1197 4451 simul
1227 4405 1281 4448 et
1317 4409 1540 4466 pauper.
1572 4395 1645 4453 Os
1678 4412 1856 4452 meum
1896 4398 2072 4468 loque‘

2189 4398 2322 4450 αὐτὸ
2380 4397 2637 4461 πλούσιος
2683 4399 2776 4452 καὶ
2831 4397 3019 4469 πένης.
3063 4398 3134 4451 Τὸ
3188 4400 3364 4471 στόμα
3407 4418 3508 4470 μου
3545 4399 3762 4469 λαλήσει

516 4500 604 4544 tur
645 4489 986 4557 sapientiam,
1024 4499 1079 4543 et
1112 4489 1389 4544 meditatio
1419 4488 1598 4545 cordis
1625 4489 1729 4544 mei
1780 4489 2089 4562 intelligen-

519 4580 648 4632 tiam
681 4580 748 4632 “.
781 4599 799 4632 ι
832 4579 978 4650 Opus
1007 4581 1172 4646 enim,
1201 4593 1337 4650 opus
1360 4589 1480 4634 erat
1509 4582 1772 4652 sapientia
1803 4593 1855 4636 et
1886 4583 2088 4640 intelli-

514 4669 695 4740 gentia
751 4670 838 4724 bis
869 4672 960 4739 qui
1008 4683 1282 4737 errarunt,
1324 4673 1417 4742 qui
1457 4688 1524 4728 ex
1583 4673 1776 4743 insigni
1841 4673 2089 4730 fatuitate

515 4770 821 4817 creaturam
853 4776 962 4828 pra:
995 4761 1254 4817 Creatore
1282 4766 1605 4830 adorarunt,
1629 4766 1720 4834 qui
1757 4765 1899 4836 ligna
1929 4772 1982 4822 et
2011 4766 2090 4821 la-

515 4851 670 4922 pides
718 4851 849 4906 deos
889 4861 1287 4920 nuncuparunt.
1317 4854 1586 4910 Prreterea
1613 4857 1948 4911 ittcaruatttm
2006 4867 2090 4914 est

517 4941 780 5012 Verbum,
843 4958 1004 5012 quant
1041 4944 1110 4998 ob
1166 4959 1384 5000 causam
1444 4947 1619 5001 innuit
1677 4948 1823 5016 Ipsis,
1860 4948 2085 5005 dicens:

522 5055 543 5089 ι
589 5037 823 5106 Spiritus
869 5036 1079 5091 Domini
1116 5051 1278 5106 super
1318 5053 1423 5092 me.
1477 5038 1760 5107 Propterea
1787 5041 1940 5093 unxit
1981 5055 2086 5107 me,

522 5129 582 5185 ad
614 5129 1094 5200 evangelizandutn
1129 5130 1460 5198 pauperibus
1488 5131 1635 5185 misit
1666 5147 1775 5197 tne,
1799 5134 1866 5186 ad
1898 5134 2088 5202 praedi-

503 5220 749 5274 candum
793 5219 1022 5286 captivis
1084 5219 1478 5285 liberationem,
1506 5226 1561 5272 et
1589 5220 1746 5275 cmcis
1790 5221 1990 5288 visum,
2019 5223 2084 5276 ad

522 5311 814 5365 sanandum
869 5309 1129 5366 contritos
1176 5311 1342 5365 corde
1371 5309 1437 5364 ⁸⁸.
1469 5327 1487 5360 ι
1559 5308 1621 5364 lli
1667 5313 1810 5366 enim
1869 5311 2086 5368 fuerunt

521 5402 694 5455 morbi
720 5404 984 5470 gentium,
1015 5403 1106 5457 sed
1139 5418 1235 5472 per
1261 5401 1406 5454 illum
1436 5401 1727 5472 redempta:
1754 5414 1897 5458 sunt.
1952 5403 2082 5458 Nam

517 5494 777 5561 sapientia
806 5496 959 5550 dilati
987 5505 1114 5550 sunt
1141 5495 1208 5548 ab
1239 5510 1327 5560 eo,
1359 5505 1412 5550 et
1449 5493 1577 5548 facti
1606 5504 1733 5551 sunt
1782 5495 2087 5567 intelligen-

2198 4489 2411 4557 σοφίαν,
2445 4489 2539 4543 καὶ
2594 4489 2857 4561 ημελέτη
2899 4489 3000 4559 τῆς
3049 4491 3275 4562 καρδίας
3321 4510 3425 4562 μου
3472 4491 3702 4545 σύνεσιν.
3739 4510 3756 4542 ι

2197 4580 2349 4634 Ἔδει
2383 4580 2513 4650 γὰρ,
2546 4579 2651 4634 ἔδει
2685 4581 2878 4648 σοφίας
2909 4581 3004 4635 καὶ
3047 4581 3314 4646 συνέσεως
3341 4585 3454 4646 τοῖς
3491 4583 3760 4651 πεπλανη-

2199 4670 2403 4741 μένοις.
2446 4671 2494 4722 οἳ
2535 4669 2623 4723 διὰ
2666 4671 2867 4742 πολλὴν
2892 4672 3220 4745 ἀϐελτηρίαν
3262 4673 3677 4744 προσεκύνησαν
3701 4676 3758 4742 τῇ

2198 4761 2372 4816 κτίσει
2401 4760 2552 4832 παρὰ
2579 4761 2667 4814 τὸν
2697 4763 2997 4828 Κτίσαντα,
3024 4763 3199 4828 ξύλοις
3221 4764 3312 4817 καὶ
3337 4763 3506 4828 λίθοις
3534 4764 3757 4835 ἐπεγρά-

2185 4869 2357 4921 ,φοντο
2395 4852 2570 4915 θεούς.
2613 4851 3032 4924 Ἐνηνθρὼπησε
3066 4855 3121 4907 δὲ
3153 4858 3180 4908 ὁ
3221 4857 3416 4924 Λόγος,
3451 4858 3570 4911 ὅτου
3613 4860 3760 4927 χάριν

2197 4943 2292 4996 καὶ
2339 4941 2628 5003 ἐπένευσεν
2670 4943 2874 5007 αὐτοῖς,
2905 4943 3107 5012 λέγων·
3137 4965 3153 4998 ι
3192 4946 3416 5016 Πνεῦμα
3454 4948 3657 5019 Κυρίου
3685 4947 3759 5000 ἔπ’

2199 5037 2321 5108 ἐμὲ,
2357 5031 2417 5092 οὗ
2447 5038 2653 5092 εἵνεκεν
2684 5037 2868 5109 ἐχρισέ
2915 5055 2980 5107 με
3003 5055 3016 5068 ο
3047 5039 3503 5109 εὐαγγελίσασθαι
3541 5041 3760 5109 πτωχοῖς

2199 5129 2507 5184 ἀπέσταλκέ
2542 5147 2630 5200 με,
2662 5129 2895 5201 κηρύξαι
2922 5131 3286 5201 αἰχμαλώτοις
3309 5133 3523 5201 ἄφεσιν,
3555 5131 3649 5185 καὶ
3681 5147 3760 5182 τυ-

2201 5222 2354 5291 φλοῖς
2381 5222 2692 5292 ἀνάϐλεψιν,
2727 5221 2975 5276 ἰάσασθαι
3004 5224 3131 5287 τοὺς
3155 5225 3648 5295 συντετριμμένους
3673 5223 3761 5291 τὴν

2194 5315 2442 5384 καρδίαν.
2486 5333 2502 5365 t
2547 5315 2732 5366 Ταῦτα
2767 5315 2876 5382 γὰρ
2916 5309 2984 5385 ἦν
3018 5314 3085 5366 τὰ
3115 5314 3223 5366 τῶν
3267 5314 3436 5368 ἐθνῶν
3485 5313 3754 5385 ἀρρωστή-

2197 5424 2368 5478 ματα,
2400 5405 2736 5476 λελύτρωται
2771 5408 2826 5460 δὲ
2867 5407 2935 5461 δι’
2978 5405 3174 5459 αὑτοῦ·
3217 5405 3621 5477 πεπλουτήκασι
3659 5402 3758 5471 γὰρ

2192 5499 2292 5568 τὴν
2337 5497 2464 5568 παρ’
2498 5496 2664 5550 αὑτοῦ
2711 5497 2902 5567 σοςρίαν
2924 5537 2940 5564 ,
2983 5497 3077 5551 καὶ
3119 5498 3330 5551 συνετοὶ
3364 5498 3644 5568 γεγόνασι,
3676 5491 3760 5547 καὶ

591 5667 634 5701 ⁸¹
663 5665 774 5725 Jer.
807 5684 950 5734 xxxt,
981 5671 1161 5722 3l-33.
1245 5673 1288 5701 "
1325 5669 1478 5724 .Iuan.
1521 5687 1556 5736 ι,
1599 5671 1682 5728 l7.
1760 5671 1806 5703 ⁸³
1833 5671 1990 5728 Joan.
2023 5687 2072 5728 vl

2176 5674 2217 5728 ι.
2295 5674 2338 5705 ⁵⁵
2361 5673 2502 5732 Psal.
2539 5691 2723 5740 sum,
2751 5674 2867 5732 εοι.
2948 5676 2991 5706 ⁵⁸
3022 5675 3118 5730 lsa.
3155 5690 3265 5744 ut,
3299 5675 3351 5734 Ι.
