4042 6200
317 352 455 410 ίῗιῖιῧ

1437 355 1506 410 ΙΝ
1542 354 1774 411 ISAIAM
1817 354 1947 411 LIB.
1992 354 2056 410 V.
2101 353 2338 411 TOMUS
2374 354 2440 410 ll.

3427 354 3561 411 ιεειι

315 471 513 539 ἀσθενῆ
542 473 634 521 καὶ
676 470 1144 539 συντετριμμένην
1159 468 1343 526 οὐκέτι
1366 469 1462 540 τὴν
1483 470 1722 524 διάνοιαν
1746 469 1894 540 Exeo.

1998 480 2095 535 tes,
2129 480 2184 525 et
2218 470 2490 524 infirmum
2517 482 2581 524 ac
2612 466 2948 523 confractum
2992 470 3231 519 animum
3264 464 3424 534 777
3459 465 3563 520 non

317 578 421 626 σιν,
469 559 628 632 [ἀλλ’]
668 559 792 629 ὑγιῆ
845 576 903 612 τε
950 560 1043 613 καὶ
1072 559 1415 633 ἐρρωμένην,
1453 562 1546 615 καὶ
1577 560 1894 632 ἐπιτηδείως

316 651 542 723 ἔχουσαν
561 651 690 723 πρὸς
707 650 1038 724 παραδοχὴν,
1069 654 1162 706 καὶ
1178 652 1515 726 κατόρθωσιν
1539 653 1743 722 ἀγαθοῦ
1762 670 1895 707 παν-

312 744 406 806 τὸς
431 743 523 795 καὶ
560 737 824 812 σωτηρίου
857 744 1203 814 πράγματος.
1223 741 1370 814 Πλὴν
1394 742 1549 813 ἄθρει
1575 743 1637 796 τὸ
1667 742 1896 815 ἀκριϐὲς

315 835 408 887 τοῦ
423 833 788 902 λόγου.Εἰπὼν
801 832 909 905 γὰρ
920 876 931 894 ,
946 835 1041 898 Εἰς
1058 834 1234 906 μαρτύ
1245 850 1355 905 ριον
1370 837 1483 898 τοῖς
1497 833 1673 888 ἔθνεσι
1690 833 1896 888 δέδωκα

314 926 496 987 αὑτὸν,
540 924 627 977 ἵνα
661 926 736 996 μή
769 927 853 989 τίς
891 943 1013 979 τινα
1053 926 1163 979 τῶν
1204 926 1376 995 ἁγίων
1405 925 1703 998 προφητῶν
1732 926 1896 980 αὐτὸν

318 1015 581 1084 ὑπάρχειν
600 1014 1013 1086 ὑποτοπήσειεν,
1038 1016 1266 1087 ἐνειδείη
1288 1016 1344 1070 δὲ
1369 1016 1570 1087 μᾶλλον
1596 1018 1704 1081 πᾶς
1718 1019 1898 1071 ὁστισ-

312 1106 425 1169 οῦν,
451 1108 535 1160 ὅτι
560 1108 626 1178 τῇ
659 1107 759 1178 τῆς
796 1108 1117 1180 κυριότητος
1146 1108 1439 1181 διαπρέπει
1463 1108 1760 1180 δόξη·Θεὸς
1787 1110 1895 1181 γὰρ

312 1197 387 1250 ὢν
421 1197 691 1268 ἐπέφανεν
726 1200 888 1270 ἡμῖν’
917 1200 977 1253 ού
1014 1199 1174 1270 μόνον
1219 1200 1381 1254 αὐτὸν
1426 1199 1725 1272 μαρτύριον
1752 1201 1897 1257 δεδό-

316 1290 436 1343 σἿαι
465 1288 651 1359 φησιν,
676 1288 811 1342 ἀλλὰ
845 1289 955 1360 γὰρ
980 1290 1075 1343 καὶ
1098 1288 1338 1362 ἄρχοντα
1370 1291 1467 1347 καὶ
1486 1292 1897 1363 προστάσσοντα

314 1381 545 1439 ἔθνεσιν.
582 1383 645 1436 0i
677 1381 777 1451 μὲν
825 1382 935 1454 γὰρ
989 1382 1251 1455 μακάριοι
1296 1383 1611 1454 προφῆται,
1653 1386 1750 1439 καὶ
1790 1387 1897 1457 πρὸ

313 1474 491 1529 αὐτῶν
532 1474 613 1527 ἔτι
633 1474 857 1545 Μωσῆς,
895 1473 1093 1546 μέτρον
1132 1474 1346 1547 ἔχοντες
1379 1473 1442 1541 τὸ
1484 1476 1779 1541 οἰκετικὸν,
1810 1477 1892 1543 τὸ,

290 1586 341 1619 πί
380 1566 519 1621 Τάδε
560 1565 708 1634 λέγει
747 1564 971 1636 Κύριος,
1002 1583 1022 1617 ι
1060 1566 1373 1635 ἐπεφώνουν
1409 1565 1497 1619 ἀεὶ
1540 1569 1653 1632 τοῖς
1683 1569 1897 1639 ἀκροω-

2001 560 2196 615 habent
2252 559 2504 630 amplius,
2554 568 2611 613 at
2655 573 2849 614 sanum
2872 568 2928 614 et
2956 560 3023 613 ad
3068 558 3469 626 suat-ipiendum
3504 570 3568 609 ac

1996 650 2384 720 perficiendum
2457 666 2617 708 omne
2675 652 2872 708 bonum
2930 665 2993 705 ac
3025 664 3112 705 res
3142 650 3406 705 salutares
3456 649 3569 703 ido-

1996 758 2178 798 neum.
2209 742 2313 798 Sed
2345 743 2573 799 observa
2608 743 2872 798 orationis
2897 740 3225 796 elaboratam
3254 739 3567 809 dispositio.

1995 847 2141 887 nem.
2167 833 2314 888 Dixit
2354 834 2497 889 enim
2529 853 2542 890 :
2570 833 2631 889 In
2676 832 3042 889 testimonium
3073 831 3196 888 dedi
3235 844 3358 886 eum
3392 832 3564 900 genti-

1996 922 2116 982 bus.
2151 937 2218 978 ne
2244 923 2368 993 quis
2400 940 2524 979 eum
2559 939 2590 979 e
2618 923 2829 980 sanctis
2858 923 3136 994 prophetis
3182 920 3415 991 aliquem
3443 935 3569 977 esse

1998 1014 2380 1085 suspicaretur
2406 1032 2422 1080 ;
2448 1017 2542 1070 sed
2571 1025 2629 1070 ut
2657 1029 2847 1071 omnes
2873 1015 3185 1084 quicunque
3214 1021 3340 1069 sunt
3373 1012 3569 1068 intelli~

1995 1114 2127 1174 gant
2148 1145 2164 1171 ,
2211 1105 2600 1163 dominationis
2631 1106 2911 1176 majestate
2937 1106 3175 1176 quadam
3191 1120 3313 1161 eum
3354 1104 3571 1175 praecel-

1995 1196 2126 1253 lere.
2164 1196 2307 1255 Deus
2363 1199 2510 1255 enim
2554 1200 2806 1270 apparuit
2842 1200 2998 1256 nobis
3046 1214 3191 1255 :nec
3230 1198 3404 1254 solum
3446 1212 3570 1253 eum

1997 1287 2180 1343 datum
2231 1303 2351 1345 esse
2407 1290 2462 1344 in
2508 1290 2879 1347 testimonium
2925 1290 3095 1355 dicit,
3137 1289 3230 1346 sed
3271 1288 3570 1360 principem

1995 1394 2117 1436 esse
2142 1396 2206 1436 ac
2237 1391 2623 1452 praeceptorem
2656 1382 2798 1450 inter
2830 1390 3040 1453 gentes.
3086 1381 3236 1438 Beati
3266 1380 3409 1437 enim
3447 1394 3572 1450 pro~

1996 1474 2192 1544 phetae,
2227 1484 2281 1530 et
2308 1475 2399 1544 qui
2430 1483 2556 1532 ante
2584 1490 2676 1531 eos
2708 1474 2811 1531 fuit
2834 1474 3069 1548 Moyses,
3100 1490 3223 1532 cum
3251 1473 3571 1530 famulorum

1999 1566 2172 1620 vicem
2215 1564 2498 1633 baberent,
2529 1580 2745 1635 semper
2794 1565 3165 1622 acclamabant
3190 1565 3568 1621 auditoribus:

319 1657 523 1728 μένοις,
554 1657 654 1729 οὐχ
676 1656 751 1721 ὡς
772 1659 1208 1728 προστάσσοντες
1240 1658 1462 1733 μᾶλλον,
1483 1657 1597 1712 ἀλλ’
1619 1659 1695 1724 ὡς
1723 1659 1892 1723 θείαις

2001 1674 2019 1707 ι
2046 1656 2174 1712 llaec
2204 1656 2334 1711 dicit
2357 1656 2619 1713 Dominus
2643 1675 2659 1713 :
2686 1675 2706 1712 ι
2742 1672 2848 1714 non
2874 1658 3017 1712 velut
3044 1657 3439 1727 praecipientes,
3477 1655 3574 1713 sed

314 1749 688 1813 διακονοῦντες
713 1752 917 1818 φωναῖς
938 1766 950 1778 ·
993 1752 1022 1804 6
1050 1750 1107 1805 δέ
1144 1767 1208 1820 γε
1240 1751 1446 1823 Κύριος
1478 1749 1634 1825 ἡμῶν
1689 1749 1893 1821 Ἰησοῦς

2000 1747 2144 1802 velut
2177 1749 2376 1806 divinis
2422 1750 2647 1806 vocibus
2675 1750 3076 1806 ministrantes.
3106 1748 3369 1805 Dominus
3394 1759 3575 1804 autent

315 1842 344 1894 6
372 1840 607 1913 Χριστὸς
638 1840 1143 1912 θεοπρεπεστάτους
1178 1844 1415 1897 ἐποιεῖτο
1451 1842 1663 1919 λόγους,
1702 1842 1893 1896 Ἑθαυ-

1998 1849 2177 1896 noster
2221 1838 2389 1907 Jesus,
2439 1841 2690 1898 Christus
2730 1841 2897 1897 verba
2933 1838 3169 1897 faciebat
3218 1840 3329 1896 Deo
3379 1854 3577 1897 conve-

319 1930 522 2001 μάζετο
556 1930 687 1998 γοῦν
730 1932 824 1985 καἿ⁸
864 1935 996 2005 παρ’
1036 1934 1221 1998 αὐτοῖς
1253 1938 1366 1999 τοῖς
1401 1934 1691 1999 Ἰουδαίοις,
1733 1935 1815 1988 ὅτι
1843 1936 1896 1988 ἐν

2005 1932 2365 2015 uientissima.
2402 1933 2762 1989 Admiratioui
2801 1947 2995 2003 nempe
3035 1932 3132 1988 fuit
3180 1932 3313 2003 ipsis
3349 1930 3574 1995 Judazis,

316 2021 535 2093 ἐξουσίᾳ
578 2018 645 2094 ἦν
690 2024 718 2075 6
755 2024 912 2094 λόγος
946 2025 1116 2097 αὐτῷ,
1145 2028 1242 2080 καὶ
1286 2028 1367 2081 ὅτι
1400 2028 1678 2084 ἐδίδασκεν
1704 2028 1902 2092 αὐτοὺς

314 2114 390 2176 ὡς
419 2112 668 2180 ἐξουσίαν
693 2114 855 2185 ἔχων,
878 2117 973 2170 καί
997 2117 1096 2188 οὐχ
1119 2118 1196 2181 ὡς
1229 2119 1280 2172 οἱ
1314 2119 1354 2171 Γ
1358 2122 1666 2189 ραμματεῑς
1694 2119 1897 2176 αὐτῶν.

316 2207 391 2258 Οὐ
419 2204 527 2277 γὰρ
559 2201 627 2277 ἦν
658 2207 687 2259 6
729 2206 889 2276 λόγος
926 2208 1076 2279 αὐτῷ
1106 2209 1209 2280 τῆς
1244 2209 1339 2263 τοῦ
1372 2210 1535 2281 νόμου
1571 2212 1750 2277 σκιᾶς,
1782 2210 1898 2281 ἀλλ’

313 2298 389 2360 ὡς
415 2268 679 2362 absim-6w
718 2301 747 2352 6
783 2268 1081 2372 νομοθέτης
1114 2268 1382 2372 μετετίθει
1414 2268 1474 2355 τὸ
1492 2268 1899 2374 γράμμοιπρὸς

314 2388 594 2460 ἀλήθειαν,
623 2390 718 2444 καὶ
745 2393 870 2455 τοὺς
912 2391 1118 2456 τύπους
1151 2395 1231 2457 είς
1266 2395 1567 2464 ἐμφάνειαν
1604 2395 1702 2465 τὴν
1737 2412 1899 2447 πνευ-
1936 2435 1938 2437 ›

316 2481 554 2549 ματικήν
574 2495 588 2509 ·
633 2481 818 2551 ἄρχων
847 2480 956 2552 γὰρ
984 2478 1072 2553 ἦν,
1105 2483 1199 2536 καὶ
1234 2484 1329 2538 τοῦ
1364 2487 1722 2557 προστάττειν
1760 2485 1898 2556 ἔχων

314 2570 413 2640 τὴν
434 2570 702 2634 ἐξουσίαν.
732 2573 853 2624 "Ott
885 2573 942 2626 δὲ
979 2574 1111 2646 περὶ
1147 2574 1256 2629 τῶν
1286 2576 1455 2629 ἐθνῶν
1482 2580 1510 2631 6
1541 2579 1642 2648 τῆς
1682 2595 1897 2649 προφη-

315 2662 463 2725 τείας
495 2663 845 2732 ἐξυφαίνεται
887 2664 1067 2733 λόγος,
1101 2666 1370 2727 ἀναμάθοι
1401 2685 1484 2731 τις
1514 2670 1602 2734 ἂν,
1635 2669 1728 2723 καὶ
1774 2670 1896 2723 λίαν

315 2752 582 2821 ἀμογητὶ,
607 2753 703 2807 τοῦ
725 2753 859 2808 Θεοῦ
877 2757 971 2808 καὶ
988 2756 1202 2828 Πατρὸς
1222 2758 1547 2827 ποιουμένου
1565 2760 1690 2823 τοὺς
1707 2759 1897 2829 λόγους

315 2842 393 2907 ὡς
421 2843 558 2913 πρὸς
592 2843 752 2898 αὑτὸν
790 2845 880 2897 τὸν
922 2846 1051 2898 ίδιον
1083 2847 1229 2901 Υίόν.
1260 2848 1424 2920 Ἐθνη
1458 2849 1584 2920 γὰρ,
1637 2852 1821 2922 φησὶν,
1862 2851 1899 2906 ἃ

315 2932 414 2985 οὐκ
451 2932 673 3003 ᾔδεισάν
706 2949 787 2999 σε,
824 2935 1233 2991 ἐπικαλέσονταί
1284 2955 1339 2990 σε
1360 2977 1375 3004 ,
1408 2942 1503 2993 καὶ
1536 2940 1677 3006 λαοὶ,
1715 2942 1765 2996 οἶ
1798 2943 1897 2996 οῦκ

312 3022 613 3093 ἠπίσταντό
645 3040 704 3077 σε
737 3025 851 3088 ,ἐπὶ
893 3026 953 3079 σὲ
996 3028 1443 3098 καταφεύξονται.
1494 3032 1556 3085 Ol
1588 3031 1696 3104 γὰρ
1728 3033 1896 3088 πάλαι

311 3114 548 3184 Χριστὸν
577 3115 677 3168 οῦκ
703 3116 925 3182 ειδότες,
960 3118 1050 3172 διὰ
1085 3120 1147 3173 τὸ
1177 3123 1236 3175 ἐν
1270 3122 1428 3191 ἀχλύῖ
1458 3124 1550 3177 καὶ
1574 3125 1754 3196 σκότῳ
1781 3126 1897 3180 δια-

2002 2026 2143 2093 quod
2172 2039 2292 2081 cum
2319 2035 2586 2096 potestate
2616 2026 2901 2101 conjuncta
2936 2034 3081 2081 esset
3126 2023 3246 2095 ejus
3284 2024 3459 2079 oratio
3484 2041 3498 2078 :
3520 2032 3577 2078 et

2004 2116 2184 2171 docuit
2211 2131 2327 2183 eos,
2361 2118 2517 2187 quasi
2547 2127 2868 2188 potestatem
2904 2117 3130 2182 habens,
3157 2124 3214 2171 et
3245 2129 3352 2171 non
3385 2124 3443 2169 ut
3482 2128 3577 2169 eo-

2002 2222 2119 2261 rum
2156 2205 2359 2263 Seriba:
2380 2206 2518 2266 ⁸⁸·υ.
2546 2208 2662 2264 Non
2703 2210 2845 2264 enim
2886 2208 3028 2263 illius
3057 2206 3230 2262 oratio
3282 2220 3347 2260 ex
3385 2204 3575 2261 umbra

2002 2298 2134 2368 legis
2156 2307 2296 2365 erat,
2326 2299 2421 2355 sed
2454 2310 2708 2370 tanquam
2737 2301 2852 2370 ipse
2880 2298 3157 2370 legislator
3181 2295 3577 2359 cxsistens,lit~

2002 2398 2172 2446 teram
2208 2392 2276 2447 ad
2325 2393 2634 2460 veritatem,
2668 2402 2823 2463 typos
2871 2393 2938 2448 ad
2983 2391 3322 2462 spiritualem
3367 2390 3577 2460 perspi»

2002 2482 2257 2538 cuitatent
2294 2484 2629 2542 traducebat.
2662 2483 2918 2552 Princeps
2946 2482 3091 2537 enim
3127 2490 3266 2547 erat,
3290 2490 3347 2537 et
3384 2481 3576 2551 [περὶ.

2001 2575 2184 2644 piendi
2237 2583 2566 2645 potestatem
2634 2574 2887 2630 habebat.
2952 2573 3330 2643 Propheticam
3392 2584 3575 2628 autem

1999 2665 2298 2721 orationem
2347 2666 2415 2721 de
2458 2667 2714 2736 gentibus
2753 2667 2994 2732 contexi,
3030 2665 3188 2721 facile
3221 2660 3306 2721 ést
3346 2664 3475 2720 illud
3521 2674 3578 2722 et

1999 2756 2218 2827 quidem
2269 2758 2388 2813 sine
2435 2756 2621 2815 labore
2677 2757 2925 2813 discere:
2958 2772 3081 2812 cum
3129 2757 3273 2813 Deus
3318 2766 3376 2812 et
3412 2755 3578 2812 Pater

1998 2849 2163 2905 verba
2194 2848 2356 2905 faciat
2379 2850 2534 2919 quasi
2562 2865 2686 2905 cum
2720 2850 2837 2920 ipso
2859 2864 2959 2906 suo
2985 2849 3146 2907 Filio.
3176 2850 3378 2906 Gentes
3402 2849 3571 2918 enim,

1999 2941 2198 3010 inquit,
2228 2956 2349 3013 qua:
2372 2952 2423 2999 te
2457 2957 2564 2999 non
2607 2953 2895 3010 noverunt,
2926 2944 3256 3000 invocabunt
3287 2951 3361 3010 te,
3386 2953 3440 2999 et
3476 2956 3574 3013 ρος

1998 3031 2108 3100 puli
2137 3032 2229 3100 qui
2278 3047 2386 3088 non
2442 3032 2722 3088 sciverunt
2753 3042 2824 3097 te,
2864 3033 2932 3086 ad
2983 3042 3034 3089 te
3076 3032 3409 3103 confugient.
3436 3029 3574 3086 Nam

1998 3124 2092 3193 qui
2138 3124 2266 3179 olim
2315 3122 2589 3180 Christum
2651 3125 2987 3194 ignorarunt,
3039 3137 3104 3178 eo
3155 3125 3298 3194 quod
3346 3123 3398 3178 in
3448 3122 3577 3177 eali-

312 3204 509 3270 τελεῖν,
536 3206 956 3277 ἐπεκαλέσαντο,
995 3212 1303 3277 τουτέστιν,
1341 3214 1472 3269 Θεὸν
1518 3217 1896 3289 ἐπεγράψαντο

2004 3215 2127 3286 gine
2172 3223 2229 3272 et
2280 3216 2518 3272 tenebris
2558 3225 2926 3282 versarentur,
2977 3216 3323 3280 invocabant,
3367 3216 3420 3270 id
3469 3226 3571 3283 est,

310 3293 404 3347 τὸν
432 3292 658 3366 Ἰησοῦν,
705 3296 797 3349 καὶ
837 3296 924 3350 ἐπ’
962 3299 1125 3355 αὐτὸν
1158 3303 1509 3373 ικατέφυγον,
1543 3308 1768 3375 ἐλπίδα,
1806 3311 1902 3366 καὶ

316 3385 652 3458 σκεπαστὴν,
684 3388 779 3441 καὶ
811 3390 1085 3463 σωτηρίας
1114 3394 1370 3465 πρόξενον
1392 3398 1772 3469 ὀνομάζοντες,
1807 3404 1902 3459 καὶ

315 3476 387 3541 ὡς
406 3476 538 3531 Θεὸν
558 3478 1000 3551 ἐπικαλούμενον
1028 3482 1121 3538 καὶ
1145 3484 1232 3538 διὰ
1262 3485 1419 3542 ποίαν
1441 3489 1619 3542 αἰτίαν
1638 3506 1653 3555 ;
1674 3490 1902 3547 Ἕνεκεν

315 3569 519 3640 Κυρίου
544 3570 637 3624 τοῦ
682 3570 818 3625 Θεοῦ
862 3588 977 3636 σου,
1025 3575 1182 3646 φησὶ,
1213 3576 1306 3630 τοῦ
1348 3578 1504 3646 ἁγίου
1540 3580 1778 3652 Ἰσραὴλ,
1818 3583 1901 3637 ὅτι

315 3662 533 3730 ἐδόξασέ
553 3680 631 3716 σε’
653 3664 904 3735 πρόσεισι
924 3666 1022 3736 μὲν
1044 3666 1154 3738 γὰρ
1177 3668 1256 3740 τῷ
1277 3670 1390 3741 Υἱῷ
1406 3671 1716 3737 δοξάζοντες
1738 3674 1899 3729 αὐτὸν

312 3752 390 3817 ὡς
420 3756 486 3807 ἐκ
517 3754 651 3809 Θεοῦ
691 3757 900 3829 Πατρὸς
928 3759 1260 3832 γεννηθέντα
1293 3763 1436 3817 κατὰ
1463 3766 1645 3834 φύσιν,
1668 3766 1764 3820 καὶ
1799 3768 1900 3839 τὴν

312 3845 478 3899 αὐτοῦ
506 3847 601 3900 τοῦ
633 3849 884 3912 τεκόντος
913 3849 1108 3920 ἔχοντα
1140 3852 1394 3918 δόξαν.⁹0
1424 3856 1533 3926 γὰρ
1553 3857 1793 3925 δοξάζων
1808 3860 1898 3915 τὸν

312 3936 535 4008 Πατέρα
561 3938 769 4005 δοξάζει
791 3941 882 3996 τὸν
905 3941 965 4009 ἐξ
987 3943 1174 4009 αὐτοῦ,
1201 3946 1295 3999 κα)⁸
1323 3948 1351 4001 6
1373 3946 1610 4012 δοξάζων
1647 3949 1739 4005 τὸν
1770 3951 1897 4007 Υίὸν

314 4025 629 4092 συνδοξάζει
674 4029 890 4095 πάντως
928 4031 1079 4103 αὐτῷ
1128 4033 1221 4087 καὶ
1263 4034 1355 4088 τὸν
1383 4034 1441 4102 ἐξ
1479 4030 1540 4090 οὗ
1578 4037 1898 4110 γεγέννηται

315 4116 456 4171 κατὰ
480 4117 662 4185 φύσιν⁸
686 4119 852 4191 ἤγουν
881 4124 975 4176 καὶ
1010 4123 1132 4178 καθ’
1158 4124 1364 4197 ἕτερον,
1383 4128 1432 4179 εἰ
1465 4126 1665 4198 βούλει,
1694 4130 1897 4201 τρόπον

313 4211 424 4272 τοῖς
457 4210 767 4282 εἰρημένοις
795 4214 1138 4287 προσϐάλῃς
1172 4237 1190 4269 ι
1226 4218 1516 4290 ’Υπάρχων
1542 4221 1645 4292 μὲν
1683 4224 1790 4297 γὰρ
1839 4227 1897 4281 ἐν

318 4302 500 4371 μορφῇ
530 4300 624 4356 τοῦ
662 4302 821 4389 Θεοῦ,
859 4307 954 4359 καὶ
991 4307 1205 4378 Πατρὸς
1234 4312 1262 4363 6
1292 4310 1437 4374 Υἱὸς,
1472 4313 1570 4383 ούχ
1601 4316 1895 4389 ἁρπαγμὸν

312 4391 561 4482 ἡγήσατο
585 4391 646 4445 τὸ
673 4387 813 4482 εἶναι
844 4394 933 4449 ἴσα
961 4396 1099 4468 θεῷ,
1129 4399 1246 4453 ἀλλ’
1280 4401 1473 4456 ἑαυτὸν
1494 4404 1731 4460 ἐκένωσε
1770 4426 1897 4482 μορ-

313 4476 420 4545 φὴν
453 4477 640 4571 δούλου
671 4479 945 4552 λαϐὼν,ἐν
980 4487 1290 4559 ὁμοιώματι
1327 4491 1632 4565 ἀνθρώπων
1667 4476 1895 4571 γενόμεο

2005 3308 2172 3365 Deum
2203 3309 2589 3379 nuncupabant
2616 3308 2824 3375 Jesum,
2857 3317 2911 3365 et
2934 3308 3001 3364 ad
3025 3322 3148 3364 eum
3171 3306 3576 3378 confugiebant,

2003 3415 2152 3469 spem
2195 3409 2250 3455 et
2279 3411 2663 3471 protectorem,
2708 3410 2763 3457 et
2793 3401 2984 3458 salutis
3014 3400 3422 3456 conciliatorem
3453 3414 3577 3454 eum

2004 3492 2439 3557 nominantes,et
2468 3503 2720 3562 tanquam
2757 3491 2924 3547 Deum
2947 3494 3283 3548 invocantes.
3314 3492 3381 3546 Et
3413 3507 3577 3561 quam

2001 3581 2072 3637 ob
2093 3582 2359 3637 causam?
2390 3581 2616 3652 Propter
2656 3581 2943 3637 Dominum
2973 3582 3143 3636 Deum
3173 3591 3344 3645 tuum,
3380 3582 3575 3649 inquit,

2002 3684 2248 3731 sanctum
2298 3675 2485 3743 Israel,
2519 3674 2645 3744 quia
2678 3673 2968 3743 gloriosum
3019 3680 3069 3737 te
3105 3670 3258 3728 fecit.
3297 3670 3578 3725 Accedunt

2000 3765 2148 3820 enim
2173 3767 2241 3820 ad
2271 3765 2467 3820 Filium
2490 3778 2722 3835 eumque
2746 3763 3062 3833 praedicant,
3088 3762 3246 3833 quasi
3278 3768 3474 3816 natura
3506 3776 3573 3815 ex

2002 3856 2112 3911 Deo
2136 3853 2301 3910 Patre
2326 3853 2903 3921 natum,eamdcmque
2931 3866 3054 3906 cum
3082 3850 3324 3921 genitore
3348 3849 3576 3920 gloriam

1998 3948 2311 4005 habentem.
2352 3947 2454 4016 Qui
2493 3947 2637 4002 enim
2695 3946 2928 4001 illustrat
2959 3945 3197 4011 Patrem,
3231 3956 3285 3999 et
3328 3959 3449 4000 cum
3482 3946 3576 4016 qui

1997 4053 2066 4095 ex
2096 4040 2218 4110 ipso
2246 4049 2332 4096 est
2361 4020 2633 4105 illustrat;
2664 4046 2718 4094 et
2758 4037 2851 4107 qui
2895 4036 3129 4091 illustrat
3164 4034 3383 4101 Filium,
3414 4035 3576 4091 simul

1998 4144 2119 4186 cum
2147 4146 2214 4188 eo
2251 4144 2467 4201 semper
2521 4130 2755 4186 illustrat
2794 4139 2850 4184 et
2883 4130 3029 4186 illum
3062 4145 3126 4186 ex
3173 4145 3279 4200 quo
3311 4129 3574 4184 naturali-

1996 4232 2081 4278 ter
2115 4224 2327 4294 genitus
2355 4232 2460 4295 est.
2487 4222 2600 4288 Vel,
2634 4225 2679 4280 si
2714 4224 2911 4294 placet,
2944 4222 3051 4279 alio
3077 4223 3237 4277 modo
3267 4222 3380 4291 jam
3416 4220 3578 4277 dictis

1996 4314 2172 4370 adde:
2210 4333 2229 4366 ι
2252 4313 2424 4370 Filius
2455 4316 2599 4370 enim
2625 4329 2747 4370 cum
2772 4316 2822 4369 in
2866 4312 3035 4369 forma
3071 4312 3165 4367 Dci
3200 4320 3254 4366 et
3283 4311 3460 4367 Patris
3496 4326 3577 4366 es-

1995 4414 2098 4470 set,
2151 4421 2259 4462 non
2308 4406 2558 4476 rapinam
2608 4406 2908 4483 arbitratus
2941 4415 3024 4460 est
3060 4417 3180 4459 esse
3224 4418 3282 4458 se
3311 4402 3574 4472 aequalem

1997 4496 2141 4562 Deo;
2189 4498 2287 4553 sed
2341 4497 2569 4553 inanivit
2614 4497 2876 4566 seipsum,
2928 4497 3103 4552 forma
3144 4497 3288 4552 servi
3336 4505 3572 4566 sumpta,

311 4585 420 4633 νος,
448 4570 542 4624 καὶ
575 4572 813 4644 σχήματι
835 4576 1080 4647 εὑρεθεὶς
1108 4580 1183 4643 ὡς
1202 4581 1510 4654 ἄνθρωπος,
1532 4568 1892 4648 ἐταπείνωσεν

1998 4589 2164 4661 778
2187 4590 2238 4643 in
2270 4590 2624 4646 similitudine
2657 4589 2935 4645 hominum
2964 4588 3162 4655 factus,
3187 4601 3241 4646 et
3270 4590 3455 4646 habitu
3482 4605 3572 4645 rc-

310 4660 499 4714 ἐαυτὸν
519 4663 808 4734 γενόμενος
834 4667 1073 4740 ὑπήκοος
1109 4671 1269 4743 μέχρι
1287 4674 1541 4746 Θανάτου,
1573 4679 1802 4737 Θανάτου
1827 4684 1885 4740 δὲ

312 4751 571 4845 σταυροῦ.
586 4753 684 4845 ΔΔιὸ
710 4755 801 4809 καί
824 4758 852 4809 6
871 4756 1002 4821 Θεὸς
1025 4760 1185 4816 αὑτὸν
1210 4763 1559 4837 ύπερύψωσε,
1589 4774 1682 4825 καὶ
1701 4774 1886 4845 ἐχαρί.

312 4858 443 4933 σατο
456 4842 605 4914 αύτῷ
625 4843 796 4915 ὄνομα
812 4846 874 4899 τὸ
894 4848 1034 4921 ὑπὲρ
1051 4851 1157 4905 πᾶν
1176 4852 1366 4924 ὄνομα,
1387 4856 1473 4910 ἵνα
1494 4860 1550 4912 ἐν
1566 4860 1643 4932 τῷ
1658 4842 1883 4933 ὀνόματι

322 4932 497 5003 Ἰησοῦ
511 4935 746 5005 Χριστοῦ
772 4938 879 4990 πᾶν
903 4940 1031 5007 γόνυ
1062 4932 1761 5018 κάμψῃὰπουρανίωνααϊ
1780 4955 1896 5009 ἐπι-

308 5025 494 5094 γείων,
513 5029 607 5121 καὶ
631 5029 1022 5101 καταχθονίων,
1040 5035 1134 5089 καὶ
1165 5039 1314 5090 πᾶσα
1333 5039 1553 5107 γλῶσσα
1576 5045 1895 5121 ἐξομολογή-

309 5124 482 5185 cierat,
511 5120 593 5173 ὅτι
637 5121 840 5193 Κύριος
894 5126 1099 5197 Ἰησοῦς
1137 5129 1390 5201 Χριστὸς,
1443 5137 1522 5199 εἰς
1570 5137 1727 5203 δόξαν
1756 5120 1891 5196 Θεοῦ

306 5206 540 5303 Πατρός.
560 5211 749 5285 Ἀμήν.
766 5233 784 5265 ι
807 5216 1025 5289 Ἐπειδὴ
1043 5219 1147 5292 γὰρ
1170 5220 1258 5275 διὰ
1281 5223 1341 5276 τὸ
1358 5225 1453 5295 τῆς
1473 5227 1891 5303 ἀνθρωπότητος

308 5301 508 5396 μέτρον
540 5303 746 5396 ,ἀκλεής
773 5303 1019 5396 τιςᾼεῖναι
1054 5311 1313 5384 ἐνομίσθη
1335 5315 1587 5386 Χριστὸς,
1620 5301 1887 5396 ἀναφοιτᾷ

307 5392 474 5446 πάλιν
504 5394 585 5455 είς
615 5394 716 5465 τὴν
754 5394 981 5451 ἐνοῦσαν
1016 5398 1164 5470 αὐτῷ
1193 5398 1473 5475 θεοπρεπῆ
1506 5422 1566 5457 τε
1606 5409 1697 5463 καὶ
1724 5392 1892 5481 ὕπερ-

306 5481 477 5570 τάτην
508 5484 784 5556 ὑπεροχήν
817 5503 876 5539 τε
906 5488 1002 5540 καὶ
1033 5488 1212 5557 δόξαν,
1252 5494 1343 5546 καὶ
1370 5500 1505 5565 μετὰ
1538 5500 1755 5570 σαρκός.
1782 5503 1892 5557 Καὶ

262 5595 266 5599 ·
296 5568 480 5639 τοῦτο,
501 5570 675 5644 οἶμαι,
704 5578 817 5628 ἐστὶ
856 5578 913 5630 τὸ
930 5578 1170 5635 δεδόσθαι
1188 5582 1364 5651 λέγειν
1390 5586 1466 5657 τῷ
1491 5568 1769 5663 Υίῷψπαρὰ
1798 5593 1890 5647 τοῦ

371 5764 485 5802 ⁸⁸⁸⁸⁷
521 5765 688 5820 Marc.
730 5782 767 5830 ι,
795 5766 885 5819 2‘2.
963 5766 1007 5797 "
1046 5765 1277 5834 Philipp.
1315 5781 1374 5833 tt,
1401 5765 1553 5823 6-11.

625 5864 902 5930 l’nsoc.
946 5865 1060 5929 GR.
1096 5862 1277 5927 LXX.

1995 4689 2178 4747 pertus
2216 4687 2274 4733 ut
2322 4678 2485 4734 homo
2521 4721 2538 4749 ,
2568 4677 2767 4748 dejecit
2798 4679 2914 4749 ipse
2937 4694 2997 4735 se
3032 4724 3046 4748 ,
3089 4681 3262 4736 factus
3316 4681 3574 4737 obediens

1992 4783 2159 4839 usque
2183 4771 2252 4824 ad
2280 4778 2531 4837 mortem,
2570 4777 2623 4824 et
2666 4770 2885 4840 quidem
2937 4781 3167 4827 mortem
3221 4771 3575 4841 crucisaPro-

1989 4871 2107 4932 pter
2133 4863 2274 4932 quod
2294 4871 2348 4917 et
2366 4863 2502 4918 Deus
2529 4863 2791 4918 cxaltavit
2810 4873 3029 4928 eum,et
3052 4863 3269 4918 donavit
3298 4863 3344 4918 ci
3378 4876 3570 4917 nomen

2002 4970 2163 5024 supra
2215 4970 2374 5011 omne
2437 4970 2657 5020 nomen,
2693 4965 2751 5011 ut
2804 4957 2858 5011 in
2917 4956 3135 5011 nomine
3191 4952 3319 5010 Jcsu
3365 4956 3567 5009 Christi

2000 5062 2160 5102 omne
2193 5063 2333 5111 genu
2393 5062 2451 5103 se
2498 5046 2702 5112 flectat,
2745 5048 3072 5109 ctelestium,
3120 5046 3458 5101 terrestriqu
3518 5058 3573 5100 et

2001 5138 2495 5204 subterraneorum,
2520 5146 2576 5192 et
2620 5137 2797 5192 omnis
2845 5137 3028 5205 lingua
3075 5133 3399 5189 confiteatur
3447 5133 3572 5202 quia

2000 5228 2263 5284 Dominus
2305 5227 2462 5284 Jesus
2510 5227 2762 5284 Christus
2804 5235 2888 5283 est
2933 5228 2986 5281 in
3032 5225 3198 5296 gloria
3251 5226 3343 5279 Dei
3374 5224 3566 5281 Patris.

1995 5317 2166 5371 Amen
2192 5316 2257 5372 “.
2287 5338 2308 5372 ι
2342 5318 2479 5387 Quia
2506 5318 2650 5374 enim
2674 5328 2893 5389 propter
2928 5314 3279 5371 humanitatis
3311 5313 3573 5369 conditio.

1998 5425 2119 5465 nem
2176 5411 2424 5481 ignobilis
2465 5411 2737 5482 quispiam
2782 5425 2902 5466 esse
2948 5409 3198 5465 Christus
3240 5407 3565 5477 putabatur,

1999 5517 2187 5557 rursus
2208 5504 2274 5558 ad
2302 5502 2537 5558 divinam
2566 5517 2718 5559 suam
2744 5511 2798 5556 et
2827 5515 3092 5556 summam
3122 5498 3488 5568 praestantiam
3518 5508 3571 5553 et

2000 5592 2224 5662 gloriam
2256 5609 2377 5648 cum
2414 5608 2576 5650 carne
2608 5594 2771 5649 ctiam
2812 5594 2967 5647 tedii.
3007 5593 3188 5661 quue,
3223 5590 3435 5656 opinor,
3465 5600 3566 5661 νει,

3098 5868 3172 5937 33
