4096 6212
114 6122 417 6174 Δ

480 346 628 403 1227

488 572 709 614 nomen.
747 554 1022 625 Siquidem
1067 552 1204 607 dixit
1241 551 1327 607 ei:
1370 567 1391 602 ι
1419 548 1598 613 Pater,
1632 546 1842 601 illustra
1876 558 1960 598 me
2003 556 2065 599 ea

418 674 431 697 ι
492 654 662 725 gloria
709 663 870 719 quam
902 645 1089 712 habui,
1135 654 1422 714 antequam
1452 642 1686 697 mundus
1730 643 1895 702 esset,
1926 634 2065 705 apud

493 763 545 801 le
573 747 638 797 θ’.
667 763 686 796 ι

569 836 726 890 Vnus.
759 832 813 898 6,
840 832 892 885 7.
924 828 1154 896 Qua-rite
1191 828 1379 892 Deum,
1408 836 1455 881 et
1490 826 1546 880 in
1584 819 1895 879 inveniendo
1922 834 2063 886 eum,

489 929 739 981 inuocate.
773 914 839 977 Et
881 932 1156 993 postquam
1194 922 1336 976 vobis
1364 916 1877 988 appropinquaverit,
1906 912 2067 967 relin-

489 1028 613 1087 quat
662 1016 855 1085 impius
908 1014 1046 1068 ciam
1103 1027 1278 1078 suam,
1315 1019 1362 1064 et
1409 1008 1488 1063 vir
1526 1008 1737 1076 iniquus
1788 1004 2064 1060 consilium

492 1124 666 1170 suum,
706 1115 754 1161 et
777 1111 1118 1159 convertatur
1146 1102 1214 1156 ad
1245 1100 1547 1163 Dominum,
1573 1109 1620 1152 et
1646 1096 2066 1152 misericordiam

482 1209 851 1270 consequetur,
876 1197 1007 1267 quia
1033 1195 1256 1250 multum
1287 1192 1520 1247 dimittet
1553 1198 1768 1260 peccata
1791 1197 1981 1245 uestra.

561 1382 695 1438 Cum
720 1380 840 1436 ﬁdei
874 1379 1015 1434 inse
1040 1376 1183 1432 viam
1212 1374 1559 1443 exposuisset
1586 1371 1850 1428 Dominus
1880 1379 2068 1427 noster

480 1474 647 1531 desus
668 1473 940 1539 Christus,
965 1472 1325 1529 dixit‘Judmis
1352 1487 1367 1524 :
1401 1488 1419 1521 ι
1452 1467 1531 1523 Ne
1565 1476 1900 1521 murmurate
1925 1465 2069 1519 inter

490 1565 795 1621 \'os.Nemo
821 1573 998 1635 potest
1020 1565 1208 1621 venire
1225 1563 1292 1618 ad
1321 1575 1424 1628 me,
1458 1560 1562 1616 nisi
1583 1559 1772 1623 Pater,
1803 1556 1897 1628 qui
1922 1556 2069 1611 misit

494 1674 603 1721 me,
649 1658 884 1714 traxerit
926 1672 1050 1714 eum
1083 1658 1155 1712 δυ.
1190 1674 1208 1708 ι
1239 1654 1605 1711 lntroducitur
1648 1651 1811 1708 etiam
1836 1663 2067 1722 persona

483 1750 665 1819 «ipsius
694 1748 902 1816 Patris,
936 1747 1018 1804 sic
1060 1747 1257 1802 Filium
1289 1746 1609 1815 alloquens:
1646 1761 1666 1796 ι
1697 1741 1837 1798 Sede
1870 1756 1901 1797 a
1932 1742 2065 1795 dex-

482 1842 594 1896 1r‘is
621 1840 776 1907 meis,
800 1840 972 1896 donec
993 1853 1189 1910 ponam
1220 1837 1469 1893 inimicos
1500 1843 1621 1891 tuos
1653 1831 1943 1890 scabellum
1973 1844 2063 1901 pe-
2098 1809 2142 1863 Β

483 1933 878 1987 dum-tuorum
908 1931 975 1985 δι.
1008 1949 1027 1983 ι
1073 1930 1185 1985 Εοε
1242 1929 1385 1984 enim
1430 1928 1523 1998 qui
1561 1935 1841 1990 errarunt,
1883 1924 2066 1980 hostes

491 2022 808 2095 aliquando,
843 2022 1032 2078 mundi
1071 2022 1344 2078 elementa
1370 2020 1632 2087 colentes,
1662 2026 1716 2072 et
1748 2015 1954 2087 peccati
1986 2015 2066 2069 la-

492 2120 649 2189 queis
694 2117 1084 2175 iuevitabiliter
1124 2115 1392 2184 irretitus,
1432 2113 1596 2168 Pater
1647 2110 1879 2180 subjecit
1902 2109 2063 2166 Filio.

487 2214 679 2284 Neque
706 2228 835 2269 vero
859 2212 1003 2269 dicat
1027 2209 1317 2283 quispiam,
1342 2209 1443 2264 hoc
1469 2207 1542 2262 illi
1568 2205 1722 2276 quasi
1755 2218 1943 2277 parum
1973 2217 2069 2273 po-

488 2306 630 2360 tenti
671 2313 725 2358 et
755 2302 1024 2359 imbecillo
1054 2301 1311 2357 tribuisse
1340 2318 1353 2354 :
1386 2297 1571 2354 omnia
1602 2295 1748 2351 enim
1791 2299 2066 2363 operatur,

492 2405 550 2450 et
579 2395 694 2466 ipse
713 2402 797 2450 est
825 2393 1076 2449 Parentis
1090 2394 1281 2449 dextra
1295 2391 1640 2460 omnipotens
1670 2396 1723 2443 et
1750 2384 2066 2442 fortissima.

489 2488 606 2543 Sed
639 2487 762 2556 quia
799 2485 1059 2557 singulari
1090 2483 1496 2552 dispensatione
1512 2479 1579 2535 ad
1618 2477 1937 2547 capiendam
1967 2475 2068 2528 Iut-

492 2576 777 2635 tnanitatis
829 2589 1138 2631 mensuram
1181 2587 1305 2627 eum
1350 2580 1574 2627 vocarat
1611 2587 1625 2623 :
1659 2569 1863 2624 idcirco
1912 2565 2070 2619 Pater

493 2669 698 2724 dicitur
728 2679 919 2722 omnes
948 2678 1061 2721 sua:
1088 2662 1243 2734 quasi
1285 2660 1544 2732 potentia:
1586 2669 1642 2714 et
1676 2656 1954 2728 sapientia:
1980 2654 2071 2709 Fi-

482 2764 569 2817 ‘lio
596 2760 847 2817 subdere.
874 2756 1074 2814 Potens
1101 2757 1245 2812 enim
1285 2753 1447 2810 eilicit
1474 2768 1571 2823 per
1602 2752 1776 2820 ipsum
1819 2749 1959 2819 quod
1989 2756 2071 2803 est

494 2854 794 2918 inﬁrmum,
826 2860 882 2909 et
913 2849 1237 2921 sapientiam
1272 2847 1410 2903 indit
1432 2845 1480 2901 ei
1509 2844 1652 2916 quod
1675 2850 1752 2898 est
1786 2839 2066 2911 insipiens.

494 2945 608 3001 Nec
642 2945 927 3015 quisquam
969 2954 1151 2998 mente
1195 2939 1454 3011 przeditus
1507 2949 1744 3006 unquam
1776 2932 2070 2996 existimet,

496 3054 602 3093 non
639 3037 873 3093 valuisse
901 3034 1098 3091 Filium
1134 3033 1346 3102 aliquos
1381 3029 1486 3086 sibi
1523 3027 1825 3098 subjicere:
1861 3024 1957 3080 sed
1982 3038 2073 3078 co-

495 3131 634 3200 gitet
664 3129 866 3199 potius,
894 3137 951 3181 ut
980 3127 1089 3197 jam
1126 3124 1258 3190 dixi,
1289 3137 1388 3193 per
1423 3121 1574 3175 illum
1605 3119 1790 3174 omnia
1813 3116 1979 3172 Deum
2017 3121 2072 3170 et

495 3218 717 3276 l‘atre‘m
751 3218 990 3275 efficere.
1033 3215 1201 3287 779
1228 3213 1365 3280 Quid
1387 3225 1517 3281 ergo
1556 3210 1642 3264 hic
1675 3207 1775 3263 sibi
1808 3206 1922 3260 vult
1950 3220 2075 3275 pro-

498 3310 698 3380 phetia:
729 3306 956 3361 oratio?
991 3305 1199 3358 luducit
1239 3313 1525 3372 personam
1558 3296 1758 3359 Patris,
1795 3295 2075 3377 alloquens

497 3374 553 3457 et
606 3376 938 3468 compellans
985 3408 1202 3466 gregem
1253 3392 1500 3463 gentium
1542 3407 1555 3444 :
1610 3374 1845 3455 Quaerite
1876 3385 2073 3450 Deum,

496 3507 657 3564 quem
705 3490 860 3545 modo
889 3487 1104 3545 dicebat
1134 3482 1502 3564 testimonium
1532 3481 1719 3536 datum
1745 3493 1866 3535 esse
1899 3477 2075 3546 genti-

496 3586 622 3652 bus,
649 3591 700 3638 et
733 3580 1030 3653 principem
1086 3559 1272 3634 eorum
1326 3588 1390 3630 ac
1418 3581 1800 3644 praeceptorem
1817 3572 1862 3603 "
1888 3588 1903 3625 :
1935 3572 2077 3625 hunc

496 3676 644 3731 illico
682 3682 738 3728 et
783 3669 953 3725 Deum
1001 3666 1259 3739 appellat,
1288 3674 1343 3720 et
1383 3662 1555 3734 quaari
1588 3661 1764 3733 jubet.
1792 3659 2076 3730 Inquisitio

499 3774 679 3823 autem
712 3778 819 3820 non
868 3762 986 3817 loco
1017 3756 1431 3828 circumscripta
1459 3762 1575 3811 est:
1607 3752 1876 3809 Divinitas
1916 3753 2063 3806 enim

490 3862 817 3928 incorporea
842 3864 945 3919 est,
974 3867 1072 3910 nec
1106 3853 1161 3907 in
1185 3851 1305 3907 loco
1335 3846 1678 3917 intelligitur.
1710 3844 1903 3916 Implet
1925 3859 2076 3899 nam-

496 3967 604 4021 que
633 3950 838 4013 omnia,
865 3961 963 4003 nec
992 3961 1022 4001 a
1055 3960 1114 4001 re
1137 3943 1244 3999 ulla
1269 3940 1443 4007 abest,
1466 3940 1559 3997 sed
1587 3939 1641 3994 in
1672 3936 1853 3995 studio
1880 3937 2076 3992 anima:

492 4039 905 4113 quodammon
926 4038 1028 4094 sita
1053 4046 1157 4113 est,
1176 4049 1296 4106 qua:
1318 4048 1417 4105 per
1441 4030 1655 4102 pietatis
1683 4029 1883 4096 studia,
1911 4037 1967 4085 et
1988 4041 2077 4083 ve-

497 4152 615 4191 ram
664 4133 759 4190 Dei
802 4108 1193 4202 cognitiooeiii,
1223 4127 1341 4184 sitit
1386 4139 1506 4180 eam
1537 4136 1660 4194 qua:
1690 4134 1814 4177 cum
1848 4120 1966 4191 ipso
1994 4129 2077 4175 est

498 4215 963 4301 coniunctionem.
1011 4221 1254 4290 Quadrat
1301 4219 1420 4275 haec
1463 4214 1791 4288 conquisitio
1853 4213 1938 4269 bis
1982 4213 2074 4284 qui

1493 334 1552 389 s.
1591 328 1868 387 crmnu
1908 288 2373 382 unaunam:
2414 324 2733 381 ARClllEP.

401 532 405 539 .
489 469 674 522 datum
697 477 819 521 esse
840 463 975 519 Filio
995 459 1195 516 aPatre
1221 472 1416 515 nomen
1442 457 1585 525 quod
1613 464 1696 511 est
1721 466 1882 523 supra
1906 464 2064 507 omne

2173 449 2381 519 [ἰατρὸς
2409 449 2470 502 τὸ
2506 449 2675 519 ὄνομα
2713 449 2775 503 τὸ
2801 448 2942 519 ὑπὲρ
2978 448 3084 508 πᾶν
3112 448 3302 518 ὄνομα.
3344 446 3455 500 Καὶ
3489 446 3620 515 γοῦν
3648 448 3748 519 ἔφη

3612 328 3750 382 19.28

2170 542 2307 613 πρὸς
2328 541 2509 596 αὐτόν’
2539 561 2557 592 ι
2586 542 2788 610 Πάτερ,
2811 540 3034 606 δόξασόν
3063 557 3129 610 με
3153 542 3217 611 τῇ
3244 539 3395 609 δόξῃ,
3476 535 3622 609 εῒχον
3649 541 3751 609 πρὸ

2168 633 2261 686 τοῦ
2286 633 2375 686 τὸν
2404 632 2610 702 κόσμον
2638 627 2775 686 εἶναι
2803 632 2954 703 παρὰ
2986 633 3087 686 σοί.
3119 651 3137 682 ι

2242 808 2552 875 Ζητήσατε
2576 809 2683 863 τὸν
2706 806 2875 871 Θεὸν,
2899 806 2997 859 καὶ
3015 806 3086 859 ἐν
3107 804 3190 870 τῷ
3212 808 3522 873 εἰφίσκειν
3541 808 3747 870 αὑτὸν,

2165 897 2632 953 ἑπικαλέσασθε.
2671 899 2873 954 Ἠνίκα
2902 897 2955 951 δ’
2985 896 3069 953 ἂν
3096 896 3294 967 ἐγγίζῃ
3324 897 3486 967 ὑμῖν,
3534 899 3748 953 ἀπολι-

2168 989 2325 1044 πέτω
2357 993 2390 1045 ὁ
2420 991 2650 1059 ἀσεϐὴς
2668 990 2786 1059 τὴν
2807 990 2953 1045 ὁδὸν
2983 988 3192 1054 αὐτοῦ,
3217 989 3321 1043 καὶ
3344 990 3502 1059 ἀνὴρ
3528 991 3750 1060 ἄνομος

2168 1082 2283 1153 τὴν
2324 1083 2571 1151 βουλὴν
2599 1082 2810 1147 αὐτοῦ,
2845 1081 2947 1136 καί
2993 1081 3417 1151 ἐπιστραφήτω
3455 1083 3605 1150 πρὸς
3643 1086 3751 1136 Κύ-

2162 1195 2318 1248 ριον,
2348 1177 2451 1233 καὶ
2483 1177 2898 1247 ὲλεηθήσεται,
2934 1175 3021 1230 ὅτι
3061 1175 3160 1230 ἐπὶ
3189 1174 3350 1230 πολὺ
3384 1174 3609 1243 ἀφήσει
3644 1176 3749 1240 τὰς

2162 1271 2455 1342 ἁμαρτίας
2468 1271 2655 1342 ὑμῶν.

2240 1364 2351 1433 Τῆς
2376 1365 2457 1427 είς
2490 1363 2652 1417 αὑτὸν
2682 1362 2916 1426 πίστεως
2943 1361 3042 1433 τὴν
3073 1361 3190 1415 ὁδὸν
3217 1362 3420 1432 ἐναργῆ
3444 1360 3703 1421 καθιστὰς
3721 1362 3752 1414 δ

2168 1456 2374 1528 Κύριος
2391 1455 2552 1528 ἡμῶν
2597 1453 3124 1526 ’1ησοῦςόΧριστὸς,
3154 1452 3259 1523 ἔφη
3290 1469 3392 1505 που
3430 1451 3568 1522 πρὸς
3620 1452 3749 1503 ’1ου-

2167 1548 2375 1611 δαίους·
2423 1566 2441 1599 ι
2473 1547 2565 1618 Μὴ
2597 1545 2896 1617 γογγύζετε
2939 1547 3055 1616 μετ’
3081 1544 3346 1615 ἀλλήλων.
3376 1543 3565 1606 Οὐδεὶς
3594 1543 3752 1596 δύνα-

2168 1657 2257 1694 ται
2284 1639 2459 1693 ἐλθεῖν
2480 1639 2617 1709 πρὸς
2648 1638 2736 1710 μὲ,
2763 1638 2861 1692 ἐὰν
2891 1637 2963 1709 μὴ
2985 1636 3220 1708 ὑΠατὴρ
3252 1634 3476 1707 πέμψας
3507 1651 3577 1705 με
3599 1633 3751 1687 ἐλκύ-

2173 1746 2241 1803 σῃ
2279 1731 2471 1785 αὑτόν.
2517 1751 2536 1784 ι
2577 1731 2901 1802 Είσφέρεται
2946 1729 3004 1784 δὲ
3035 1729 3129 1783 καὶ
3162 1729 3224 1782 τὸ
3253 1727 3421 1782 αὑτοῦ
3462 1727 3751 1798 πρόσωπον

2168 1822 2264 1875 τοῦ
2293 1822 2527 1895 Πατρὸς,
2553 1820 2696 1876 οὑτω
2735 1820 2893 1890 λέγον
2931 1820 3068 1891 πρὸς
3096 1820 3188 1874 τὸν
3228 1819 3354 1873 Υίόν
3374 1835 3389 1849 ·
3431 1838 3450 1870 ι
3479 1817 3663 1872 Κάθου
3689 1818 3749 1869 ἐκ

2170 1915 2359 1981 δεξιῶν
2406 1932 2530 1986 μου,
2559 1915 2664 1979 ἕως
2691 1914 2758 1970 ἂν
2786 1914 2863 1968 θῶ
2891 1916 3018 1979 τοὺς
3061 1913 3291 1986 ἐχθρούς
3337 1930 3430 1966 σου
3467 1911 3750 1967 ὑποπόδιον

2171 2008 2280 2062 τῶν
2311 2008 2485 2062 ποδῶν
2519 2026 2632 2062 σου.
2665 2028 2684 2059 ι
2706 2008 2963 2079 Ἐχθροὺς
2991 2007 3102 2078 γὰρ
3130 2006 3291 2070 ὄντας
3311 2007 3437 2069 τοὺς
3479 2004 3749 2074 πεπλανη-

2166 2099 2369 2166 μένους
2395 2100 2547 2164 ποτὲ,
2571 2100 2667 2154 καὶ
2690 2102 2803 2166 τοῖς
2818 2099 2912 2154 τοῦ
2939 2099 3146 2170 κόσμου
3170 2098 3455 2168 στοιχείοις
3471 2096 3753 2166 λατρεύον-

2173 2208 2293 2285 ξας,
2350 2192 2443 2245 καὶ
2489 2193 2603 2257 τοῖς
2648 2191 2751 2262 τῆς
2801 2190 3078 2263 ἁμαρτίας
3120 2190 3333 2261 βρόχοις
3373 2188 3633 2259 ἀφύκτως
3673 2191 3754 2263 tv.-

2177 2281 2526 2356 ισχημένους,
2563 2284 2839 2356 ὑπέθηκεν
2873 2287 2902 2338 ὁ
2931 2284 3120 2355 Πατὴρ
3161 2283 3242 2355 τῷ
3288 2283 3420 2352 Υίῷ.
3464 2282 3574 2337 Καὶ
3600 2282 3660 2334 οὑ
3690 2281 3752 2351 δή

2175 2392 2279 2429 που
2315 2375 2446 2446 φαίη
2484 2393 2568 2441 τις
2615 2375 2704 2440 ἂν,
2759 2375 2836 2440 ὡς
2888 2376 3165 2439 ἀδυνάτως
3211 2375 3389 2446 ἔχοντι
3430 2373 3754 2444 προσνέμων

2177 2469 2289 2542 [Ian
2324 2468 2676 2543 προσνέμειν]
2703 2468 2765 2522 τὸ
2792 2468 3002 2540 χρῆμα.
3034 2469 3222 2522 Πάντα
3249 2467 3357 2538 γὰρ
3388 2468 3614 2537 ἐνεργεῖ,
3656 2463 3754 2518 καὶ

2177 2562 2340 2627 αὑτός
2398 2564 2544 2616 ἐστιν
2596 2562 2630 2633 ὴ
2671 2561 2766 2614 τοῦ
2809 2559 3060 2624 τεκόντος
3109 2558 3256 2625 δεξιὰ
3309 2557 3611 2627 πανσθενὴς
3654 2557 3753 2612 καὶ

2177 2656 2553 2725 ἀλκιμωτάτη.
2597 2652 2817 2721 Ἐπειδὴ
2863 2652 2921 2707 δὲ
2956 2651 3019 2705 τὸ
3054 2651 3155 2722 τῆς
3195 2649 3609 2720 ἀνθρωπότητος
3654 2650 3752 2720 μέι

2177 2762 2325 2816 τρον,
2351 2746 2445 2798 καὶ
2474 2747 2554 2807 είς
2584 2744 2645 2798 τὸ
2673 2744 2873 2815 χρῆναι
2900 2742 3084 2797 λαϐεῖν
3113 2741 3373 2812 κέκληκεν
3412 2740 3575 2793 αὑτὸν
3608 2742 3756 2794 οἱκο-

2178 2836 2438 2909 νομικῶς,
2467 2837 2672 2907 ταύτης
2701 2836 2863 2891 ἕνεκα
2893 2838 2994 2909 τῆς
3018 2834 3201 2898 αἰτίας
3236 2835 3266 2886 ό
3303 2832 3495 2904 Πατὴρ
3535 2831 3757 2901 λέγεται

2181 2929 2388 2996 πάντας
2434 2929 2747 3001 ὑποφέρειν,
2780 2929 2857 2993 ὡς
2905 2928 3010 2999 ἰδίᾳ
3055 2927 3304 2998 δυνάμει,
3356 2925 3455 2979 καὶ
3494 2924 3653 2996 σοφία
3679 2924 3756 2996 τῷ

2181 3025 2295 3097 Υίῷ
2314 3042 2331 3059 ’
2374 3026 2602 3095 δυναμοῖ
2628 3024 2736 3095 γὰρ
2757 3023 2824 3077 δι’
2852 3020 3018 3076 αὑτοῦ
3040 3021 3100 3073 τὸ
3125 3018 3446 3090 ὴσθενηκὸς,
3481 3018 3575 3071 καὶ
3606 3020 3759 3084 σοφοῖ

2179 3117 2241 3170 τὸ
2267 3115 2555 3170 ἀσύνετον·
2586 3114 2682 3168 καὶ
2712 3114 2815 3168 οὑκ
2842 3113 2908 3168 ἄν
2929 3130 3013 3177 τις
3041 3110 3167 3164 νοῦν
3199 3110 3340 3182 ἔχων
3384 3108 3593 3180 οἰηθείη
3625 3108 3757 3160 ποτὲ

2180 3207 2255 3279 μὴ
2280 3206 2598 3278 δεδυνῆσθαι
2624 3206 2718 3259 τὸν
2742 3205 2871 3259 Υίὸν
2900 3204 3166 3271 ὑποτάξαι
3188 3202 3312 3257 τινὰ
3338 3201 3546 3272 ἐαυτῷ⁹
3581 3200 3757 3255 διαλο-

2175 3300 2376 3368 γιεῖται
2407 3298 2464 3352 δὲ
2491 3296 2691 3371 μᾶλλον
2710 3298 2793 3352 ὅτι
2813 3296 2992 3351 πάντα
3008 3296 3077 3349 δι’
3107 3293 3295 3357 αὑτοῦ,
3337 3294 3590 3363 καθάπερ
3623 3292 3757 3360 ἔφην

2174 3390 2398 3463 ἀρτίως,
2426 3391 2455 3443 ὁ
2482 3388 2616 3453 Θεὸς
2670 3390 2765 3444 καὶ
2813 3387 3002 3460 Πατὴρ
3043 3386 3355 3459 ἐργάζεται.
3412 3385 3477 3438 Τί
3519 3380 3615 3437 οὗν
3652 3384 3755 3455 ipe

2175 3483 2271 3536 καὶ
2298 3481 2393 3535 νῦν
2424 3480 2674 3552 βούλεται
2699 3478 2813 3553 τῆξ
2827 3477 3169 3551 προφητείας
3188 3479 3217 3531 ὁ
3245 3477 3443 3545 λόγος;
3493 3474 3756 3546 Είσκομί-

2175 3575 2260 3640 ζει
2290 3575 2350 3629 τὸ
2376 3574 2471 3629 τοῦ
2514 3574 2725 3645 Πατρὸς
2767 3573 3080 3643 πρόσωπον,
3125 3566 3413 3638 ἐπιφωνῶν
3455 3566 3549 3621 καὶ
3586 3566 3761 3634 λέγων

2174 3671 2293 3731 ταῖς
2321 3667 2430 3718 τῶν
2471 3664 2640 3718 ἐθνῶν
2689 3663 2910 3731 ἀγέλαις
2937 3677 2951 3693 ⁸
3008 3662 3290 3731 Ζητήσατε
3345 3658 3439 3711 τὸν
3495 3657 3650 3720 Θεὸν,
3700 3656 3759 3709 δν

2176 3761 2379 3831 ἀρτίως
2401 3759 2505 3830 ἔφη
2533 3756 2833 3829 μαρτύριον
2862 3753 3107 3808 δεδόσθαι
3132 3756 3246 3816 τοῖς
3268 3753 3494 3813 ἔθνεσιν,
3524 3750 3765 3820 ἄρχοντά

2176 3869 2235 3906 τε
2262 3849 2462 3910 αὑτῶν,
2489 3848 2583 3901 καὶ
2626 3845 3032 3915 προστάττοντα
3051 3859 3067 3874 ⁸
3097 3841 3286 3895 τοῦτον
3318 3839 3480 3902 εὐθὺς
3509 3839 3603 3890 καὶ
3624 3836 3759 3889 Θεὸν

2176 3943 2459 4005 ἀποκαλεῖ,
2489 3942 2585 3994 καὶ
2619 3937 2897 4010 ζητεῖσθαι
2924 3934 3311 4007 προστέταχεν.
3356 3932 3417 3983 'll
3446 3929 3505 3983 δὲ
3531 3929 3760 3999 ζήτησις

2184 4036 2247 4090 οὑ
2280 4034 2502 4106 τοπική·
2522 4032 2583 4086 τὸ
2611 4032 2720 4103 γὰρ
2750 4031 2904 4084 Θεῖον
2925 4028 3238 4098 ἀσώματον,
3276 4025 3370 4078 καὶ
3395 4025 3493 4077 οὑκ
3525 4025 3583 4075 ἐν
3604 4022 3760 4090 τότ-η»

2176 4130 2397 4185 νοεῖται.
2440 4125 2648 4197 Πληροῖ
2665 4123 2775 4194 γὰρ
2816 4122 3050 4185 ἅπαντα,
3086 4119 3180 4174 καὶ
3207 4117 3418 4181 οὐδενὸς
3447 4116 3551 4169 τῶν
3583 4114 3760 4168 ὄντων

2176 4221 2479 4291 ἀποδημεῖ,
2526 4216 2642 4272 ἀλλ’
2668 4216 2744 4280 ὼς
2788 4216 2845 4270 ἐν
2897 4213 3176 4287 προθυμίᾳ
3221 4211 3400 4283 ψυχῆς
3449 4209 3761 4277 οἰκειότητα

495 4299 685 4390 procul
720 4318 784 4373 ab
835 4332 903 4373 eo
929 4312 1181 4384 disiuncti
1220 4310 1400 4366 adhuc
1427 4316 1575 4375 sunt,
1601 4306 1972 4364 intercedente
1998 4305 2071 4361 ni-

2175 4312 2416 4383 διψὼσης
2436 4309 2534 4381 τὴν
2568 4308 2704 4381 πρὸς
2733 4304 2896 4360 αὑτὸν
2920 4303 3009 4358 διὰ
3036 4302 3146 4356 τῶν
3169 4304 3249 4365 εἰς
3278 4299 3557 4354 εὐσέϐειαν
3587 4314 3759 4350 σπου-

497 4414 697 4466 mirum
752 4418 998 4480 peccato,
1030 4415 1086 4461 et
1133 4410 1398 4473 operante
1449 4400 1504 4455 in
1558 4399 1690 4471 ipsis
1733 4398 2071 4470 ignorantia:

2176 4405 2490 4476 δασμάτων,
2520 4400 2615 4456 καὶ
2653 4396 2978 4467 θεογνωσίας
3002 4394 3102 4467 τῆς
3120 4391 3372 4463 ἀληθοῦς.
3415 4389 3621 4459 Πρέποι
3648 4389 3764 4459 γὰρ

498 4506 696 4573 quibus
727 4518 762 4557 ο
792 4500 971 4556 medio
1000 4496 1252 4561 sublatis,
1288 4507 1455 4565 prope
1488 4492 1556 4547 ad
1599 4490 1767 4547 Deum
1796 4488 2071 4545 accedent.

2178 4499 2245 4554 ἂν
2274 4499 2310 4569 ή
2347 4494 2569 4564 τοιαύτη
2592 4492 2824 4563 ζήτησις
2858 4489 2972 4552 τοῖς
3000 4486 3081 4540 ἔτι
3123 4484 3360 4556 μακρὰν,
3397 4482 3491 4536 καὶ
3527 4482 3766 4549 ἀφεστη-

500 4572 593 4655 Sic
613 4599 757 4654 enim
788 4596 987 4652 Paulus
1019 4591 1453 4663 sapientissimus
1488 4587 1575 4642 bis
1605 4585 1697 4657 qui
1731 4600 1797 4641 ex
1829 4581 2071 4657 gentibus

2184 4592 2339 4646 κόσιν
2366 4586 2554 4651 αὑτοῦ,
2589 4581 2997 4656 μεσολαϐοὑσης
3042 4574 3420 4663 δηλονότιλτῆς
3460 4572 3766 4642 ἁμαρτίας,

500 4701 629 4749 sunt
681 4689 891 4751 scribit,
922 4660 1153 4742 dicens:
1187 4703 1205 4737 ι
1233 4684 1385 4739 Nunc
1434 4689 1615 4736 autem
1670 4678 1759 4748 qui
1807 4677 2071 4748 quondam

2185 4684 2280 4738 καὶ
2323 4681 2424 4750 τῆς
2453 4676 2779 4749 ἐνεργούσης
2802 4673 2987 4734 αὑτοῖς
3018 4667 3261 4739 ἀγνοίας,
3284 4660 3359 4720 ὧν
3384 4666 3449 4718 ἐκ
3478 4664 3642 4735 μέσου
3678 4679 3767 4730 γε·

500 4783 690 4856 procul
721 4782 908 4845 eratis,
934 4779 1070 4833 facti
1105 4776 1237 4832 estis
1268 4774 1552 4844 propinqui
1573 4773 1640 4827 ⁸³.
1682 4790 1700 4823 ι
1754 4770 1847 4826 Sic
1878 4770 2071 4839 quieri-

2186 4792 2316 4846 γενη
2327 4774 2501 4846 μένων
2521 4770 2687 4839 ἐγγὺς
2710 4768 2923 4821 ἔσονται
2944 4762 3100 4816 Θεοῦ.
3130 4760 3287 4814 Οὕτω
3320 4759 3430 4829 γάρ
3450 4773 3553 4809 που
3601 4756 3696 4807 καὶ
3736 4756 3766 4806 ὁ

502 4891 590 4932 tur
622 4891 650 4931 a
677 4874 826 4931 vobis
854 4873 1230 4928 universorum
1251 4868 1415 4924 Deus.
1442 4866 1548 4923 Sed
1608 4865 1839 4928 interea,
1882 4862 2071 4930 inquit1

2191 4869 2465 4935 πάνσοφος
2513 4861 2725 4924 Παῦλος
2754 4860 2866 4922 τοῖς
2893 4857 2953 4924 ἐξ
2978 4854 3147 4909 ἐθνῶν
3185 4849 3509 4911 ἐπιστέλλει,
3544 4847 3722 4913 λέγων
3749 4863 3762 4875 ·

503 4967 1250 5046 (Ιιιιιιπίηνεῃίοιίε,ἰηηνοεοιε.
1280 4962 1552 5024 luvocate,
1582 4958 1726 5013 aliud
1752 4953 1887 5010 nihil
1914 4953 2071 5022 signi-

2183 4978 2201 5009 ι
2238 4934 2462 5010 Νυνὶδὲ
2489 4952 2546 5006 οἴ
2571 4966 2704 5004 ποτε
2738 4948 2891 5010 ὄντες
2927 4942 3143 5016 μακρὰν
3174 4938 3466 5010 ἐγενήθητε
3515 4934 3707 5005 ἐγγύς.
3741 4953 3759 4983 ι

503 5066 649 5129 ticat,
690 5040 978 5133 quam,'Ut
1028 5059 1196 5115 Deum
1239 5053 1530 5118 celebrate,
1565 5058 1619 5105 et
1657 5046 1884 5118 quaerite
1912 5046 1980 5098 ab
2013 5058 2071 5098 eo

2178 5048 2333 5101 Οὑτω
2365 5047 2606 5116 ζητεῖται
2635 5041 2771 5113 πρὸς
2807 5038 2961 5109 ὑμῶν
3007 5037 3036 5089 ὁ
3078 5033 3186 5088 τῶν
3229 5032 3367 5085 ὅλων
3409 5029 3562 5090 Θεός.
3619 5025 3764 5077 Ἀλλ’

503 5157 648 5210 vires
668 5163 730 5236 et
764 5151 1246 5225 promptitudinem
1302 5155 1531 5206 tantam,
1570 5150 1771 5210 quanta
1803 5137 1934 5192 satis
1961 5151 2071 5190 esse

2179 5144 2237 5195 ἐν
2289 5140 2368 5210 τῷ
2421 5137 2716 5211 εὑρίσκειν,
2746 5127 3169 5202 ἐπικαλέσασθε,
3204 5125 3360 5197 φησί.
3402 5123 3476 5175 Τὸ
3515 5120 3604 5181 δὲ,
3641 5119 3767 5171 ἐπι-

2255 5232 2310 5236 -Α
2428 5230 2445 5236 -
2829 5227 2840 5236 -
3049 5220 3071 5235 -ε
3401 5213 3550 5236 μου..
3621 5208 3767 5236 -\:...

508 5208 1186 5302 vobis/adcouVersiouem
1223 5236 1445 5309 poterit.
1459 5208 1639 5289 Petito
1668 5229 1738 5285 ab
1760 5228 1853 5284 illo
1885 5228 2071 5282 libera-

2181 5230 2504 5295 καλέσασθε,
2559 5227 2996 5295 κατασημήνειεν
3044 5220 3112 5274 ἂν
3161 5219 3350 5287 ἕτερον
3396 5213 3572 5277 οὐδὲν,
3621 5208 3769 5277 πλὴν

508 5351 732 5406 nonem,
757 5349 814 5394 et
851 5337 1160 5393 facultatem
1190 5328 1482 5401 eﬂugiendi
1524 5321 1732 5396 peccati
1760 5320 1999 5385 vincula,
2028 5329 2071 5374 el

2187 5326 2268 5378 ὅτι
2313 5324 2395 5385 τὸ,
2440 5323 2515 5385 ὡς
2548 5320 2680 5373 Θεὸν
2709 5319 3008 5388 ὑμνήσατε,
3044 5313 3138 5367 καὶ
3170 5309 3384 5381 ζητεῖτε
3427 5303 3557 5374 παρ’
3594 5300 3768 5355 αὑτοῦ

508 5446 725 5486 manum
754 5430 869 5499 ejus
894 5429 984 5500 qui
1011 5392 1331 5496 occupavit:
1340 5422 1392 5475 id
1417 5392 1783 5483 esu—Satanae.
1803 5413 2071 5482 Scriptum

2188 5414 2417 5484 δύναμιν
2466 5428 2524 5465 τε
2577 5409 2671 5463 καὶ
2734 5405 3041 5479 προθυμίαν
3106 5400 3439 5471 ἀποχρῶσαν
3500 5396 3629 5465 ὑμῖν
3683 5392 3770 5453 εἰς

507 5530 589 5575 est
621 5522 799 5575 enim:
837 5539 854 5572 ι
882 5520 1135 5574 Laudans
1169 5513 1431 5571 invocabo
1461 5507 1767 5570 Dominum,
1800 5513 1855 5559 et
1883 5504 1952 5558 ab
1976 5503 2071 5557 iui-

2190 5483 2539 5575 ἐπιστροφήν.
2565 5501 2828 5571 Λίτήσατε
2860 5496 2989 5567 παρ’
3015 5495 3181 5548 αὑτοῦ
3206 5494 3306 5564 τὴν
3344 5490 3631 5560 λύτρωσιν,
3669 5483 3771 5537 καὶ

507 5613 664 5667 micis
718 5612 853 5665 meis
908 5611 1090 5666 salvus
1142 5622 1236 5661 ero
1258 5606 1330 5659 ⁸⁸.
1362 5621 1381 5654 ι
1429 5600 1497 5655 Et
1538 5602 1666 5654 dum
1720 5596 1974 5652 invenitis
2026 5603 2071 5647 el

2188 5598 2248 5650 τὸ
2306 5574 2564 5650 δύνασθαι
2623 5592 2906 5662 διαφυγεῖν
2958 5589 3028 5649 τὰ
3078 5587 3175 5658 τῆς
3228 5582 3504 5656 ἁμαρτίας
3550 5574 3773 5647 δεσμὰ,

564 5791 797 5850 “Juno.
826 5804 955 5859 xm,
982 5766 1035 5845 Si.
1117 5787 1160 5819 '°
1186 5784 1343 5841 Joan.
1384 5796 1453 5854 Vt,
1490 5782 1578 5851 ιδ,
1608 5778 1696 5835 Η.
1734 5779 1808 5855 ’⁸⁸
1838 5774 1977 5833 Psal.
2007 5788 2071 5832 cu:

2173 5775 2207 5829 ι.
2287 5774 2329 5805 ⁵²
2356 5774 2458 5829 lsa.
2492 5786 2575 5841 ιν,
2611 5770 2662 5825 4.
2730 5771 2991 5844 "Epiros.
3021 5782 3081 5833 ιι,
3122 5764 3208 5822 ισ.
3283 5758 3505 5837 ⁸⁵Ρεει1.
3543 5769 3677 5828 xvu,
3708 5758 3770 5817 4.

3789 5892 3837 5920 ‘.
