  <div class='ocr_page' id='page_1' title='image "/cluster/home/n/w/nwhite01/storage/ocr_20150623/70/hvd.32044073501991/620.png"; bbox 0 0 4042 6200; ppageno 0'>
   <div class='ocr_carea' id='block_1_1' title="bbox 296 318 433 376">
    <p class='ocr_par' dir='ltr' id='par_1_1' title="bbox 296 318 433 376">
     <span class='ocr_line' id='line_1_1' title="bbox 296 318 433 376; baseline 0.015 -2"><span class='ocrx_word' id='word_1_1' title='bbox 296 318 318 374; x_wconf 78' lang='grc' dir='ltr'><strong>ι</strong></span> <span class='ocrx_word' id='word_1_2' title='bbox 331 320 433 376; x_wconf 65' lang='lat'><strong>2‘29</strong></span> 
     </span>
    </p>
   </div>
   <div class='ocr_carea' id='block_1_2' title="bbox 1420 308 2443 383">
    <p class='ocr_par' dir='ltr' id='par_1_2' title="bbox 1420 308 2443 383">
     <span class='ocr_line' id='line_1_2' title="bbox 1420 308 2443 383; baseline -0.003 -16"><span class='ocrx_word' id='word_1_3' title='bbox 1420 310 1484 367; x_wconf 81' lang='lat' dir='ltr'><strong>IN</strong></span> <span class='ocrx_word' id='word_1_4' title='bbox 1525 310 1760 369; x_wconf 79' lang='lat' dir='ltr'><strong>lSAlAM</strong></span> <span class='ocrx_word' id='word_1_5' title='bbox 1801 308 1949 383; x_wconf 65' lang='grc' dir='ltr'><strong>μθ.</strong></span> <span class='ocrx_word' id='word_1_6' title='bbox 1994 310 2058 368; x_wconf 74' lang='lat' dir='ltr'><strong>V.</strong></span> <span class='ocrx_word' id='word_1_7' title='bbox 2103 309 2341 368; x_wconf 80' lang='lat' dir='ltr'><strong>TOMUS</strong></span> <span class='ocrx_word' id='word_1_8' title='bbox 2377 309 2443 365; x_wconf 83' lang='lat' dir='ltr'><strong>ll.</strong></span> 
     </span>
    </p>
   </div>
   <div class='ocr_carea' id='block_1_3' title="bbox 3410 313 3546 371">
    <p class='ocr_par' dir='ltr' id='par_1_3' title="bbox 3410 313 3546 371">
     <span class='ocr_line' id='line_1_3' title="bbox 3410 313 3546 371; baseline 0.029 -4"><span class='ocrx_word' id='word_1_9' title='bbox 3410 313 3546 371; x_wconf 68' lang='grc'>1250</span> 
     </span>
    </p>
   </div>
   <div class='ocr_carea' id='block_1_4' title="bbox 296 431 1876 511">
    <p class='ocr_par' dir='ltr' id='par_1_4' title="bbox 296 434 1865 511">
     <span class='ocr_line' id='line_1_4' title="bbox 296 434 1865 511; baseline -0.002 -19"><span class='ocrx_word' id='word_1_10' title='bbox 296 438 391 492; x_wconf 74' lang='grc' dir='ltr'><strong>καὶ</strong></span> <span class='ocrx_word' id='word_1_11' title='bbox 459 439 557 511; x_wconf 84' lang='grc' dir='ltr'>τὴν</span> <span class='ocrx_word' id='word_1_12' title='bbox 623 436 716 491; x_wconf 73' lang='grc' dir='ltr'><strong>τοῦ</strong></span> <span class='ocrx_word' id='word_1_13' title='bbox 782 434 1273 506; x_wconf 80' lang='grc' dir='ltr'>πλεονεκτήσαντος</span> <span class='ocrx_word' id='word_1_14' title='bbox 1324 437 1504 506; x_wconf 78' lang='grc' dir='ltr'>χεῖρα,</span> <span class='ocrx_word' id='word_1_15' title='bbox 1551 434 1696 489; x_wconf 82' lang='grc' dir='ltr'>τοῦτ’</span> <span class='ocrx_word' id='word_1_16' title='bbox 1730 435 1865 500; x_wconf 78' lang='grc' dir='ltr'>ἔστι,</span> 
     </span>
    </p>
   </div>
   <div class='ocr_carea' id='block_1_5' title="bbox 1975 431 3550 511">
    <p class='ocr_par' dir='ltr' id='par_1_5' title="bbox 1975 431 3550 506">
     <span class='ocr_line' id='line_1_5' title="bbox 1975 431 3550 506; baseline -0.003 -16"><span class='ocrx_word' id='word_1_17' title='bbox 1975 445 2257 506; x_wconf 73' lang='lat' dir='ltr'><strong>postquam</strong></span> <span class='ocrx_word' id='word_1_18' title='bbox 2293 432 2447 488; x_wconf 85' lang='lat' dir='ltr'><strong>vobis</strong></span> <span class='ocrx_word' id='word_1_19' title='bbox 2481 431 3014 503; x_wconf 82' lang='lat' dir='ltr'><strong>apprOpinquaverit,</strong></span> <span class='ocrx_word' id='word_1_20' title='bbox 3045 431 3312 499; x_wconf 85' lang='lat' dir='ltr'><strong>relinquat</strong></span> <span class='ocrx_word' id='word_1_21' title='bbox 3352 431 3550 501; x_wconf 84' lang='lat' dir='ltr'><strong>impius</strong></span> 
     </span>
    </p>
   </div>
   <div class='ocr_carea' id='block_1_6' title="bbox 294 526 1872 597">
    <p class='ocr_par' dir='ltr' id='par_1_6' title="bbox 294 526 1872 597">
     <span class='ocr_line' id='line_1_6' title="bbox 294 526 1872 597; baseline -0.001 -14"><span class='ocrx_word' id='word_1_22' title='bbox 294 531 390 584; x_wconf 91' lang='grc' dir='ltr'><strong>τοῦ</strong></span> <span class='ocrx_word' id='word_1_23' title='bbox 434 531 664 585; x_wconf 78' lang='grc' dir='ltr'><strong>Σατανᾶ.</strong></span> <span class='ocrx_word' id='word_1_24' title='bbox 718 527 1030 597; x_wconf 79' lang='grc' dir='ltr'><strong>Γέγραπται</strong></span> <span class='ocrx_word' id='word_1_25' title='bbox 1083 526 1213 597; x_wconf 72' lang='grc' dir='ltr'>γὰρ,</span> <span class='ocrx_word' id='word_1_26' title='bbox 1271 527 1354 580; x_wconf 83' lang='grc' dir='ltr'><strong>ὅτι</strong></span> <span class='ocrx_word' id='word_1_27' title='bbox 1397 546 1415 579; x_wconf 81' lang='grc' dir='ltr'><strong>ι</strong></span> <span class='ocrx_word' id='word_1_28' title='bbox 1446 526 1623 581; x_wconf 84' lang='grc' dir='ltr'>Αἱνῶν</span> <span class='ocrx_word' id='word_1_29' title='bbox 1669 528 1872 582; x_wconf 82' lang='grc' dir='ltr'>ἐπικα-</span> 
     </span>
    </p>
   </div>
   <div class='ocr_carea' id='block_1_7' title="bbox 295 619 1870 694">
    <p class='ocr_par' dir='ltr' id='par_1_7' title="bbox 295 619 1870 694">
     <span class='ocr_line' id='line_1_7' title="bbox 295 619 1870 694; baseline -0.001 -19"><span class='ocrx_word' id='word_1_30' title='bbox 295 624 524 694; x_wconf 80' lang='grc' dir='ltr'>λέσομαι</span> <span class='ocrx_word' id='word_1_31' title='bbox 563 622 652 675; x_wconf 83' lang='grc' dir='ltr'><strong>τὸν</strong></span> <span class='ocrx_word' id='word_1_32' title='bbox 688 619 910 690; x_wconf 80' lang='grc' dir='ltr'><strong>Κύριον,</strong></span> <span class='ocrx_word' id='word_1_33' title='bbox 937 619 1032 673; x_wconf 77' lang='grc' dir='ltr'>καὶ</span> <span class='ocrx_word' id='word_1_34' title='bbox 1069 620 1134 681; x_wconf 80' lang='grc' dir='ltr'><strong>ἐκ</strong></span> <span class='ocrx_word' id='word_1_35' title='bbox 1161 619 1271 673; x_wconf 90' lang='grc' dir='ltr'><strong>τῶν</strong></span> <span class='ocrx_word' id='word_1_36' title='bbox 1304 620 1514 691; x_wconf 80' lang='grc' dir='ltr'>ἐχθρῶν</span> <span class='ocrx_word' id='word_1_37' title='bbox 1557 638 1658 691; x_wconf 90' lang='grc' dir='ltr'><strong>μου</strong></span> <span class='ocrx_word' id='word_1_38' title='bbox 1692 620 1870 691; x_wconf 88' lang='grc' dir='ltr'>σωθή-</span> 
     </span>
    </p>
   </div>
   <div class='ocr_carea' id='block_1_8' title="bbox 193 711 1874 786">
    <p class='ocr_par' dir='ltr' id='par_1_8' title="bbox 193 711 1874 786">
     <span class='ocr_line' id='line_1_8' title="bbox 193 711 1874 786; baseline -0.001 -19"><span class='ocrx_word' id='word_1_39' title='bbox 193 745 197 749; x_wconf 93' lang='grc'><strong><em>-</em></strong></span> <span class='ocrx_word' id='word_1_40' title='bbox 298 732 481 786; x_wconf 89' lang='grc' dir='ltr'>σομαι.</span> <span class='ocrx_word' id='word_1_41' title='bbox 515 733 533 764; x_wconf 76' lang='grc' dir='ltr'><strong>ι</strong></span> <span class='ocrx_word' id='word_1_42' title='bbox 573 714 658 766; x_wconf 86' lang='grc' dir='ltr'>Ἐν</span> <span class='ocrx_word' id='word_1_43' title='bbox 698 712 755 764; x_wconf 82' lang='grc' dir='ltr'>δὲ</span> <span class='ocrx_word' id='word_1_44' title='bbox 799 711 877 781; x_wconf 83' lang='grc' dir='ltr'>τῷ</span> <span class='ocrx_word' id='word_1_45' title='bbox 925 712 1221 782; x_wconf 73' lang='grc' dir='ltr'>εὑρίσκειν,</span> <span class='ocrx_word' id='word_1_46' title='bbox 1254 712 1513 779; x_wconf 86' lang='grc' dir='ltr'>γενέσθαι</span> <span class='ocrx_word' id='word_1_47' title='bbox 1541 713 1599 766; x_wconf 82' lang='grc' dir='ltr'>δὲ</span> <span class='ocrx_word' id='word_1_48' title='bbox 1636 712 1732 767; x_wconf 81' lang='grc' dir='ltr'><strong>καὶ</strong></span> <span class='ocrx_word' id='word_1_49' title='bbox 1780 713 1874 780; x_wconf 85' lang='grc' dir='ltr'>ἐγ-</span> 
     </span>
    </p>
   </div>
   <div class='ocr_carea' id='block_1_9' title="bbox 294 802 1873 877">
    <p class='ocr_par' dir='ltr' id='par_1_9' title="bbox 294 802 1873 877">
     <span class='ocr_line' id='line_1_9' title="bbox 294 802 1873 877; baseline -0.006 -14"><span class='ocrx_word' id='word_1_50' title='bbox 294 808 413 877; x_wconf 73' lang='grc' dir='ltr'>γὺς,</span> <span class='ocrx_word' id='word_1_51' title='bbox 446 804 765 860; x_wconf 85' lang='grc' dir='ltr'>ἁπολιπέτω</span> <span class='ocrx_word' id='word_1_52' title='bbox 794 805 822 857; x_wconf 80' lang='grc' dir='ltr'><strong>ὀ</strong></span> <span class='ocrx_word' id='word_1_53' title='bbox 849 802 1050 875; x_wconf 76' lang='grc' dir='ltr'>ἀσεϐὴς</span> <span class='ocrx_word' id='word_1_54' title='bbox 1087 803 1188 874; x_wconf 81' lang='grc' dir='ltr'>τὴν</span> <span class='ocrx_word' id='word_1_55' title='bbox 1232 802 1350 857; x_wconf 80' lang='grc' dir='ltr'>ὁδὸν</span> <span class='ocrx_word' id='word_1_56' title='bbox 1391 802 1578 867; x_wconf 75' lang='grc' dir='ltr'>αὐτοῦ,</span> <span class='ocrx_word' id='word_1_57' title='bbox 1613 804 1705 857; x_wconf 81' lang='grc' dir='ltr'><strong>καὶ</strong></span> <span class='ocrx_word' id='word_1_58' title='bbox 1733 804 1873 875; x_wconf 82' lang='grc' dir='ltr'>ἀνὴρ</span> 
     </span>
    </p>
   </div>
   <div class='ocr_carea' id='block_1_10' title="bbox 292 893 1873 966">
    <p class='ocr_par' dir='ltr' id='par_1_10' title="bbox 292 893 1873 966">
     <span class='ocr_line' id='line_1_10' title="bbox 292 893 1873 966; baseline 0 -17"><span class='ocrx_word' id='word_1_59' title='bbox 292 898 489 965; x_wconf 80' lang='grc' dir='ltr'><strong>ἄνομος</strong></span> <span class='ocrx_word' id='word_1_60' title='bbox 537 894 637 966; x_wconf 81' lang='grc' dir='ltr'>τῂν</span> <span class='ocrx_word' id='word_1_61' title='bbox 692 893 887 964; x_wconf 77' lang='grc' dir='ltr'>βουλὴν</span> <span class='ocrx_word' id='word_1_62' title='bbox 938 893 1103 948; x_wconf 82' lang='grc' dir='ltr'>αὐτοῦ</span> <span class='ocrx_word' id='word_1_63' title='bbox 1128 935 1142 961; x_wconf 94' lang='grc'><strong>,</strong></span> <span class='ocrx_word' id='word_1_64' title='bbox 1192 895 1287 949; x_wconf 85' lang='grc' dir='ltr'><strong>καί</strong></span> <span class='ocrx_word' id='word_1_65' title='bbox 1344 897 1736 966; x_wconf 77' lang='grc' dir='ltr'><strong>ἐπιστραφήτω</strong></span> <span class='ocrx_word' id='word_1_66' title='bbox 1782 897 1873 949; x_wconf 78' lang='grc' dir='ltr'><strong>ἐπὶ</strong></span> 
     </span>
    </p>
   </div>
   <div class='ocr_carea' id='block_1_11' title="bbox 292 985 1873 1059">
    <p class='ocr_par' dir='ltr' id='par_1_11' title="bbox 292 985 1873 1059">
     <span class='ocr_line' id='line_1_11' title="bbox 292 985 1873 1059; baseline 0.001 -19"><span class='ocrx_word' id='word_1_67' title='bbox 292 987 531 1059; x_wconf 83' lang='grc' dir='ltr'>Κύριον,</span> <span class='ocrx_word' id='word_1_68' title='bbox 568 987 663 1040; x_wconf 83' lang='grc' dir='ltr'><strong>καὶ</strong></span> <span class='ocrx_word' id='word_1_69' title='bbox 712 985 1085 1057; x_wconf 82' lang='grc' dir='ltr'>ἐλεηθήσεται.</span> <span class='ocrx_word' id='word_1_70' title='bbox 1127 987 1191 1039; x_wconf 86' lang='grc' dir='ltr'>Οί</span> <span class='ocrx_word' id='word_1_71' title='bbox 1224 986 1331 1059; x_wconf 70' lang='grc' dir='ltr'><strong>γὰρ</strong></span> <span class='ocrx_word' id='word_1_72' title='bbox 1373 987 1509 1051; x_wconf 86' lang='grc' dir='ltr'>ὅλως</span> <span class='ocrx_word' id='word_1_73' title='bbox 1552 987 1873 1054; x_wconf 80' lang='grc' dir='ltr'>ἀξιωθέντες</span> 
     </span>
    </p>
   </div>
   <div class='ocr_carea' id='block_1_12' title="bbox 290 1077 1871 1151">
    <p class='ocr_par' dir='ltr' id='par_1_12' title="bbox 290 1077 1871 1151">
     <span class='ocr_line' id='line_1_12' title="bbox 290 1077 1871 1151; baseline 0.001 -20"><span class='ocrx_word' id='word_1_74' title='bbox 290 1077 535 1149; x_wconf 77' lang='grc' dir='ltr'>κλήσεως</span> <span class='ocrx_word' id='word_1_75' title='bbox 555 1095 615 1132; x_wconf 86' lang='grc' dir='ltr'><strong>τε</strong></span> <span class='ocrx_word' id='word_1_76' title='bbox 645 1079 741 1132; x_wconf 76' lang='grc' dir='ltr'><strong>καὶ</strong></span> <span class='ocrx_word' id='word_1_77' title='bbox 763 1077 1123 1148; x_wconf 69' lang='grc' dir='ltr'><strong>ἐπιστροφῆς,</strong></span> <span class='ocrx_word' id='word_1_78' title='bbox 1158 1080 1254 1133; x_wconf 73' lang='grc' dir='ltr'><strong>καὶ</strong></span> <span class='ocrx_word' id='word_1_79' title='bbox 1282 1078 1391 1132; x_wconf 87' lang='grc' dir='ltr'><strong>τῶν</strong></span> <span class='ocrx_word' id='word_1_80' title='bbox 1414 1081 1543 1151; x_wconf 80' lang='grc' dir='ltr'>παρ’</span> <span class='ocrx_word' id='word_1_81' title='bbox 1577 1078 1742 1132; x_wconf 82' lang='grc' dir='ltr'>αὑτοῦ</span> <span class='ocrx_word' id='word_1_82' title='bbox 1776 1097 1871 1151; x_wconf 84' lang='grc' dir='ltr'><strong>χα-</strong></span> 
     </span>
    </p>
   </div>
   <div class='ocr_carea' id='block_1_13' title="bbox 291 1166 1873 1244">
    <p class='ocr_par' dir='ltr' id='par_1_13' title="bbox 291 1166 1873 1244">
     <span class='ocr_line' id='line_1_13' title="bbox 291 1166 1873 1244; baseline 0.004 -23"><span class='ocrx_word' id='word_1_83' title='bbox 291 1166 593 1240; x_wconf 67' lang='grc' dir='ltr'>ρισμάτων,</span> <span class='ocrx_word' id='word_1_84' title='bbox 649 1169 1054 1242; x_wconf 79' lang='grc' dir='ltr'>προσδοκῶντες</span> <span class='ocrx_word' id='word_1_85' title='bbox 1114 1171 1214 1241; x_wconf 81' lang='grc' dir='ltr'><strong>τὴν</strong></span> <span class='ocrx_word' id='word_1_86' title='bbox 1265 1170 1504 1242; x_wconf 81' lang='grc' dir='ltr'>μέθεξιν,</span> <span class='ocrx_word' id='word_1_87' title='bbox 1572 1173 1873 1244; x_wconf 81' lang='grc' dir='ltr'>ἀποφοιτᾷν</span> 
     </span>
    </p>
   </div>
   <div class='ocr_carea' id='block_1_14' title="bbox 287 1260 1874 1335">
    <p class='ocr_par' dir='ltr' id='par_1_14' title="bbox 287 1260 1874 1335">
     <span class='ocr_line' id='line_1_14' title="bbox 287 1260 1874 1335; baseline 0.003 -23"><span class='ocrx_word' id='word_1_88' title='bbox 287 1261 563 1329; x_wconf 68' lang='grc' dir='ltr'>ὀφείλουσι</span> <span class='ocrx_word' id='word_1_89' title='bbox 583 1260 692 1315; x_wconf 89' lang='grc' dir='ltr'><strong>τῶν</strong></span> <span class='ocrx_word' id='word_1_90' title='bbox 713 1260 961 1333; x_wconf 83' lang='grc' dir='ltr'>ἀρχαιων</span> <span class='ocrx_word' id='word_1_91' title='bbox 983 1262 1453 1333; x_wconf 73' lang='grc' dir='ltr'>ἐπιτηδευμάτων,</span> <span class='ocrx_word' id='word_1_92' title='bbox 1479 1263 1693 1335; x_wconf 74' lang='grc' dir='ltr'>καὶτῆς</span> <span class='ocrx_word' id='word_1_93' title='bbox 1712 1266 1792 1327; x_wconf 81' lang='grc' dir='ltr'>εἰς</span> <span class='ocrx_word' id='word_1_94' title='bbox 1814 1265 1874 1318; x_wconf 83' lang='grc' dir='ltr'>τὸ</span> 
     </span>
    </p>
   </div>
   <div class='ocr_carea' id='block_1_15' title="bbox 290 1351 1873 1428">
    <p class='ocr_par' dir='ltr' id='par_1_15' title="bbox 290 1351 1873 1428">
     <span class='ocr_line' id='line_1_15' title="bbox 290 1351 1873 1428; baseline 0.004 -23"><span class='ocrx_word' id='word_1_95' title='bbox 290 1351 491 1419; x_wconf 83' lang='grc' dir='ltr'>φαῦλον</span> <span class='ocrx_word' id='word_1_96' title='bbox 521 1351 664 1417; x_wconf 85' lang='grc' dir='ltr'>ὁδοῦ,</span> <span class='ocrx_word' id='word_1_97' title='bbox 692 1352 788 1407; x_wconf 80' lang='grc' dir='ltr'>καὶ</span> <span class='ocrx_word' id='word_1_98' title='bbox 824 1352 999 1424; x_wconf 81' lang='grc' dir='ltr'>ῥοπῆς</span> <span class='ocrx_word' id='word_1_99' title='bbox 1032 1353 1128 1425; x_wconf 81' lang='grc' dir='ltr'>τῆς</span> <span class='ocrx_word' id='word_1_100' title='bbox 1163 1354 1245 1417; x_wconf 88' lang='grc' dir='ltr'><strong>είς</strong></span> <span class='ocrx_word' id='word_1_101' title='bbox 1276 1354 1572 1427; x_wconf 82' lang='grc' dir='ltr'>ἁμαρτίαν,</span> <span class='ocrx_word' id='word_1_102' title='bbox 1601 1356 1698 1410; x_wconf 82' lang='grc' dir='ltr'>καὶ</span> <span class='ocrx_word' id='word_1_103' title='bbox 1717 1357 1873 1428; x_wconf 87' lang='grc' dir='ltr'>φιλη-</span> 
     </span>
    </p>
   </div>
   <div class='ocr_carea' id='block_1_16' title="bbox 287 1440 1872 1518">
    <p class='ocr_par' dir='ltr' id='par_1_16' title="bbox 287 1440 1872 1518">
     <span class='ocr_line' id='line_1_16' title="bbox 287 1440 1872 1518; baseline 0.006 -25"><span class='ocrx_word' id='word_1_104' title='bbox 287 1440 465 1505; x_wconf 83' lang='grc' dir='ltr'>δονίας</span> <span class='ocrx_word' id='word_1_105' title='bbox 506 1443 795 1514; x_wconf 82' lang='grc' dir='ltr'>σαρκικῆς.</span> <span class='ocrx_word' id='word_1_106' title='bbox 854 1443 1237 1515; x_wconf 81' lang='grc' dir='ltr'>Ἐλεηθήσεται</span> <span class='ocrx_word' id='word_1_107' title='bbox 1259 1444 1369 1516; x_wconf 84' lang='grc' dir='ltr'>γὰρ</span> <span class='ocrx_word' id='word_1_108' title='bbox 1401 1446 1575 1511; x_wconf 82' lang='grc' dir='ltr'>οὓτως</span> <span class='ocrx_word' id='word_1_109' title='bbox 1603 1447 1664 1512; x_wconf 79' lang='grc' dir='ltr'><strong>ἐξ</strong></span> <span class='ocrx_word' id='word_1_110' title='bbox 1683 1447 1872 1518; x_wconf 83' lang='grc' dir='ltr'>ἀληθι-</span> 
     </span>
    </p>
   </div>
   <div class='ocr_carea' id='block_1_17' title="bbox 287 1532 1871 1607">
    <p class='ocr_par' dir='ltr' id='par_1_17' title="bbox 287 1532 1871 1607">
     <span class='ocr_line' id='line_1_17' title="bbox 287 1532 1871 1607; baseline 0.004 -25"><span class='ocrx_word' id='word_1_111' title='bbox 287 1532 381 1601; x_wconf 78' lang='grc' dir='ltr'>νῆς</span> <span class='ocrx_word' id='word_1_112' title='bbox 413 1532 639 1603; x_wconf 82' lang='grc' dir='ltr'>καρδίας</span> <span class='ocrx_word' id='word_1_113' title='bbox 670 1532 1037 1604; x_wconf 84' lang='grc' dir='ltr'>ποιησάμενος</span> <span class='ocrx_word' id='word_1_114' title='bbox 1065 1534 1164 1604; x_wconf 81' lang='grc' dir='ltr'>τὴν</span> <span class='ocrx_word' id='word_1_115' title='bbox 1187 1534 1546 1607; x_wconf 81' lang='grc' dir='ltr'>ἐπιστροφὴν,</span> <span class='ocrx_word' id='word_1_116' title='bbox 1569 1536 1653 1590; x_wconf 82' lang='grc' dir='ltr'>ὅτι</span> <span class='ocrx_word' id='word_1_117' title='bbox 1670 1536 1871 1607; x_wconf 83' lang='grc' dir='ltr'>ἀφήσει</span> 
     </span>
    </p>
   </div>
   <div class='ocr_carea' id='block_1_18' title="bbox 288 1623 1874 1703">
    <p class='ocr_par' dir='ltr' id='par_1_18' title="bbox 288 1623 1874 1703">
     <span class='ocr_line' id='line_1_18' title="bbox 288 1623 1874 1703; baseline 0.004 -29"><span class='ocrx_word' id='word_1_118' title='bbox 288 1623 378 1676; x_wconf 72' lang='grc' dir='ltr'><strong>ἐπὶ</strong></span> <span class='ocrx_word' id='word_1_119' title='bbox 401 1623 535 1703; x_wconf 84' lang='grc' dir='ltr'>πολὺ</span> <span class='ocrx_word' id='word_1_120' title='bbox 567 1623 667 1688; x_wconf 79' lang='grc' dir='ltr'>τὰς</span> <span class='ocrx_word' id='word_1_121' title='bbox 712 1624 985 1698; x_wconf 84' lang='grc' dir='ltr'>ἁμαρτίας</span> <span class='ocrx_word' id='word_1_122' title='bbox 1013 1624 1187 1696; x_wconf 85' lang='grc' dir='ltr'>ὑμῶν.</span> <span class='ocrx_word' id='word_1_123' title='bbox 1221 1625 1295 1680; x_wconf 87' lang='grc' dir='ltr'>Τὸ</span> <span class='ocrx_word' id='word_1_124' title='bbox 1323 1625 1402 1690; x_wconf 78' lang='grc' dir='ltr'><strong>δὲ,</strong></span> <span class='ocrx_word' id='word_1_125' title='bbox 1432 1626 1525 1681; x_wconf 76' lang='grc' dir='ltr'><strong>ἐπὶ</strong></span> <span class='ocrx_word' id='word_1_126' title='bbox 1547 1625 1704 1690; x_wconf 86' lang='grc' dir='ltr'>πολὺ,</span> <span class='ocrx_word' id='word_1_127' title='bbox 1740 1627 1874 1697; x_wconf 78' lang='grc' dir='ltr'>φησὶ</span> 
     </span>
    </p>
   </div>
   <div class='ocr_carea' id='block_1_19' title="bbox 286 1706 1873 1784">
    <p class='ocr_par' dir='ltr' id='par_1_19' title="bbox 286 1706 1873 1784">
     <span class='ocr_line' id='line_1_19' title="bbox 286 1706 1873 1784; baseline 0.001 -19"><span class='ocrx_word' id='word_1_128' title='bbox 286 1713 407 1765; x_wconf 75' lang='grc' dir='ltr'>ἀντὶ</span> <span class='ocrx_word' id='word_1_129' title='bbox 425 1706 538 1779; x_wconf 87' lang='grc' dir='ltr'>τοῦ,</span> <span class='ocrx_word' id='word_1_130' title='bbox 560 1710 837 1776; x_wconf 82' lang='grc' dir='ltr'>παντελῶς</span> <span class='ocrx_word' id='word_1_131' title='bbox 866 1712 965 1766; x_wconf 70' lang='grc' dir='ltr'><strong>καὶ</strong></span> <span class='ocrx_word' id='word_1_132' title='bbox 984 1712 1217 1767; x_wconf 79' lang='grc' dir='ltr'>είσάπαν</span> <span class='ocrx_word' id='word_1_133' title='bbox 1237 1728 1252 1743; x_wconf 87' lang='grc'><strong>·</strong></span> <span class='ocrx_word' id='word_1_134' title='bbox 1285 1707 1390 1767; x_wconf 77' lang='grc' dir='ltr'><strong>«οὖ</strong></span> <span class='ocrx_word' id='word_1_135' title='bbox 1413 1712 1522 1784; x_wconf 79' lang='grc' dir='ltr'>γὰρ</span> <span class='ocrx_word' id='word_1_136' title='bbox 1548 1713 1873 1767; x_wconf 76' lang='grc' dir='ltr'>ἐπλεόνασεν</span> 
     </span>
    </p>
   </div>
   <div class='ocr_carea' id='block_1_20' title="bbox 1980 523 3550 594">
    <p class='ocr_par' dir='ltr' id='par_1_20' title="bbox 1980 523 3550 594">
     <span class='ocr_line' id='line_1_20' title="bbox 1980 523 3550 594; baseline 0.001 -17"><span class='ocrx_word' id='word_1_137' title='bbox 1980 525 2122 579; x_wconf 81' lang='lat' dir='ltr'><strong>viain</strong></span> <span class='ocrx_word' id='word_1_138' title='bbox 2163 540 2339 591; x_wconf 90' lang='lat' dir='ltr'><strong>suam,</strong></span> <span class='ocrx_word' id='word_1_139' title='bbox 2376 536 2433 579; x_wconf 90' lang='lat' dir='ltr'><strong>et</strong></span> <span class='ocrx_word' id='word_1_140' title='bbox 2471 525 2556 579; x_wconf 87' lang='lat' dir='ltr'><strong>vir</strong></span> <span class='ocrx_word' id='word_1_141' title='bbox 2602 523 2821 594; x_wconf 89' lang='lat' dir='ltr'><strong>iniquus</strong></span> <span class='ocrx_word' id='word_1_142' title='bbox 2852 524 3234 594; x_wconf 73' lang='lat' dir='ltr'><strong>cogitationem</strong></span> <span class='ocrx_word' id='word_1_143' title='bbox 3283 539 3458 590; x_wconf 86' lang='lat' dir='ltr'><strong>suam,</strong></span> <span class='ocrx_word' id='word_1_144' title='bbox 3494 535 3550 580; x_wconf 91' lang='lat' dir='ltr'><strong>et</strong></span> 
     </span>
    </p>
   </div>
   <div class='ocr_carea' id='block_1_21' title="bbox 1980 614 3589 684">
    <p class='ocr_par' dir='ltr' id='par_1_21' title="bbox 1980 614 3589 684">
     <span class='ocr_line' id='line_1_21' title="bbox 1980 614 3589 684; baseline 0.003 -15"><span class='ocrx_word' id='word_1_145' title='bbox 1980 623 2286 670; x_wconf 69' lang='lat' dir='ltr'><strong>revertatur</strong></span> <span class='ocrx_word' id='word_1_146' title='bbox 2309 614 2374 669; x_wconf 89' lang='lat' dir='ltr'><strong>ad</strong></span> <span class='ocrx_word' id='word_1_147' title='bbox 2404 614 2714 679; x_wconf 88' lang='lat' dir='ltr'><strong>Dominum,</strong></span> <span class='ocrx_word' id='word_1_148' title='bbox 2755 629 2819 669; x_wconf 89' lang='lat' dir='ltr'><strong>ac</strong></span> <span class='ocrx_word' id='word_1_149' title='bbox 2847 624 3213 684; x_wconf 85' lang='lat' dir='ltr'><strong>consequetur</strong></span> <span class='ocrx_word' id='word_1_150' title='bbox 3240 615 3551 671; x_wconf 85' lang='lat' dir='ltr'><strong>misericor-</strong></span> <span class='ocrx_word' id='word_1_151' title='bbox 3582 668 3589 675; x_wconf 90' lang='lat'><strong>.</strong></span> 
     </span>
    </p>
   </div>
   <div class='ocr_carea' id='block_1_22' title="bbox 1979 702 3554 773">
    <p class='ocr_par' dir='ltr' id='par_1_22' title="bbox 1979 702 3554 773">
     <span class='ocr_line' id='line_1_22' title="bbox 1979 702 3554 773; baseline -0.001 -14"><span class='ocrx_word' id='word_1_152' title='bbox 1979 705 2144 760; x_wconf 88' lang='lat' dir='ltr'><strong>diam.</strong></span> <span class='ocrx_word' id='word_1_153' title='bbox 2178 704 2280 773; x_wconf 87' lang='lat' dir='ltr'><strong>Qui</strong></span> <span class='ocrx_word' id='word_1_154' title='bbox 2305 704 2450 760; x_wconf 90' lang='lat' dir='ltr'><strong>enim</strong></span> <span class='ocrx_word' id='word_1_155' title='bbox 2486 717 2608 759; x_wconf 82' lang='lat' dir='ltr'><strong>vere</strong></span> <span class='ocrx_word' id='word_1_156' title='bbox 2634 702 2782 772; x_wconf 81' lang='lat' dir='ltr'><strong>digni</strong></span> <span class='ocrx_word' id='word_1_157' title='bbox 2823 702 2996 758; x_wconf 84' lang='lat' dir='ltr'><strong>habiti</strong></span> <span class='ocrx_word' id='word_1_158' title='bbox 3036 702 3470 758; x_wconf 78' lang='lat' dir='ltr'><strong>sunt.vocatione</strong></span> <span class='ocrx_word' id='word_1_159' title='bbox 3497 714 3554 758; x_wconf 91' lang='lat' dir='ltr'><strong>et</strong></span> 
     </span>
    </p>
   </div>
   <div class='ocr_carea' id='block_1_23' title="bbox 1979 794 3551 866">
    <p class='ocr_par' dir='ltr' id='par_1_23' title="bbox 1979 794 3551 866">
     <span class='ocr_line' id='line_1_23' title="bbox 1979 794 3551 866; baseline -0.002 -14"><span class='ocrx_word' id='word_1_160' title='bbox 1979 797 2371 863; x_wconf 80' lang='lat' dir='ltr'><strong>conversione,</strong></span> <span class='ocrx_word' id='word_1_161' title='bbox 2424 805 2478 852; x_wconf 90' lang='lat' dir='ltr'><strong>et</strong></span> <span class='ocrx_word' id='word_1_162' title='bbox 2532 794 3006 866; x_wconf 82' lang='lat' dir='ltr'><strong>participationem</strong></span> <span class='ocrx_word' id='word_1_163' title='bbox 3083 794 3351 848; x_wconf 86' lang='lat' dir='ltr'><strong>donorum</strong></span> <span class='ocrx_word' id='word_1_164' title='bbox 3432 794 3551 865; x_wconf 87' lang='lat' dir='ltr'><strong>ejus</strong></span> 
     </span>
    </p>
   </div>
   <div class='ocr_carea' id='block_1_24' title="bbox 1978 883 3551 955">
    <p class='ocr_par' dir='ltr' id='par_1_24' title="bbox 1978 883 3551 955">
     <span class='ocr_line' id='line_1_24' title="bbox 1978 883 3551 955; baseline -0.003 -12"><span class='ocrx_word' id='word_1_165' title='bbox 1978 885 2390 953; x_wconf 79' lang='lat' dir='ltr'><strong>exspectabant,</strong></span> <span class='ocrx_word' id='word_1_166' title='bbox 2443 885 2641 941; x_wconf 84' lang='lat' dir='ltr'><strong>debent</strong></span> <span class='ocrx_word' id='word_1_167' title='bbox 2690 899 2720 938; x_wconf 90' lang='lat' dir='ltr'><strong>a</strong></span> <span class='ocrx_word' id='word_1_168' title='bbox 2748 883 2993 955; x_wconf 85' lang='lat' dir='ltr'><strong>pristinis</strong></span> <span class='ocrx_word' id='word_1_169' title='bbox 3040 884 3162 939; x_wconf 84' lang='lat' dir='ltr'><strong>vitae</strong></span> <span class='ocrx_word' id='word_1_170' title='bbox 3202 883 3483 948; x_wconf 83' lang='lat' dir='ltr'><strong>institutis,</strong></span> <span class='ocrx_word' id='word_1_171' title='bbox 3519 899 3551 939; x_wconf 89' lang='lat' dir='ltr'><strong>a</strong></span> 
     </span>
    </p>
   </div>
   <div class='ocr_carea' id='block_1_25' title="bbox 1981 975 3552 1046">
    <p class='ocr_par' dir='ltr' id='par_1_25' title="bbox 1981 975 3552 1046">
     <span class='ocr_line' id='line_1_25' title="bbox 1981 975 3552 1046; baseline 0 -18"><span class='ocrx_word' id='word_1_172' title='bbox 1981 978 2064 1030; x_wconf 91' lang='lat' dir='ltr'><strong>via</strong></span> <span class='ocrx_word' id='word_1_173' title='bbox 2108 978 2175 1032; x_wconf 90' lang='lat' dir='ltr'><strong>ad</strong></span> <span class='ocrx_word' id='word_1_174' title='bbox 2221 975 2539 1046; x_wconf 87' lang='lat' dir='ltr'><strong>nequitiam,</strong></span> <span class='ocrx_word' id='word_1_175' title='bbox 2573 976 2641 1030; x_wconf 86' lang='lat' dir='ltr'><strong>ab</strong></span> <span class='ocrx_word' id='word_1_176' title='bbox 2689 976 3012 1046; x_wconf 88' lang='lat' dir='ltr'><strong>impulsione</strong></span> <span class='ocrx_word' id='word_1_177' title='bbox 3062 976 3126 1030; x_wconf 86' lang='lat' dir='ltr'><strong>ad</strong></span> <span class='ocrx_word' id='word_1_178' title='bbox 3174 985 3480 1045; x_wconf 85' lang='lat' dir='ltr'><strong>peccatum,</strong></span> <span class='ocrx_word' id='word_1_179' title='bbox 3519 989 3552 1028; x_wconf 88' lang='lat' dir='ltr'><strong>a</strong></span> 
     </span>
    </p>
   </div>
   <div class='ocr_carea' id='block_1_26' title="bbox 1980 1066 3553 1138">
    <p class='ocr_par' dir='ltr' id='par_1_26' title="bbox 1980 1066 3553 1138">
     <span class='ocr_line' id='line_1_26' title="bbox 1980 1066 3553 1138; baseline -0.001 -15"><span class='ocrx_word' id='word_1_180' title='bbox 1980 1067 2185 1124; x_wconf 84' lang='lat' dir='ltr'><strong>carnali</strong></span> <span class='ocrx_word' id='word_1_181' title='bbox 2244 1066 2539 1136; x_wconf 75' lang='lat' dir='ltr'><strong>voluptatis</strong></span> <span class='ocrx_word' id='word_1_182' title='bbox 2596 1067 2776 1123; x_wconf 91' lang='lat' dir='ltr'><strong>studio</strong></span> <span class='ocrx_word' id='word_1_183' title='bbox 2854 1068 3125 1124; x_wconf 88' lang='lat' dir='ltr'><strong>recedere.</strong></span> <span class='ocrx_word' id='word_1_184' title='bbox 3178 1068 3553 1138; x_wconf 89' lang='lat' dir='ltr'><strong>Conseqnetur</strong></span> 
     </span>
    </p>
   </div>
   <div class='ocr_carea' id='block_1_27' title="bbox 1979 1159 3553 1230">
    <p class='ocr_par' dir='ltr' id='par_1_27' title="bbox 1979 1159 3553 1230">
     <span class='ocr_line' id='line_1_27' title="bbox 1979 1159 3553 1230; baseline -0.001 -15"><span class='ocrx_word' id='word_1_185' title='bbox 1979 1161 2122 1215; x_wconf 84' lang='lat' dir='ltr'><strong>enim</strong></span> <span class='ocrx_word' id='word_1_186' title='bbox 2184 1160 2284 1216; x_wconf 91' lang='lat' dir='ltr'><strong>hoc</strong></span> <span class='ocrx_word' id='word_1_187' title='bbox 2321 1168 2480 1230; x_wconf 90' lang='lat' dir='ltr'><strong>pacto</strong></span> <span class='ocrx_word' id='word_1_188' title='bbox 2517 1159 2947 1216; x_wconf 86' lang='lat' dir='ltr'><strong>misericordiam</strong></span> <span class='ocrx_word' id='word_1_189' title='bbox 3006 1167 3248 1225; x_wconf 86' lang='lat' dir='ltr'><strong>sanctus,</strong></span> <span class='ocrx_word' id='word_1_190' title='bbox 3305 1175 3373 1215; x_wconf 78' lang='lat' dir='ltr'><strong>ex</strong></span> <span class='ocrx_word' id='word_1_191' title='bbox 3424 1174 3553 1216; x_wconf 90' lang='lat' dir='ltr'><strong>vero</strong></span> 
     </span>
    </p>
   </div>
   <div class='ocr_carea' id='block_1_28' title="bbox 1977 1251 3552 1323">
    <p class='ocr_par' dir='ltr' id='par_1_28' title="bbox 1977 1251 3552 1323">
     <span class='ocr_line' id='line_1_28' title="bbox 1977 1251 3552 1323; baseline -0.001 -15"><span class='ocrx_word' id='word_1_192' title='bbox 1977 1252 2143 1308; x_wconf 91' lang='lat' dir='ltr'><strong>corde</strong></span> <span class='ocrx_word' id='word_1_193' title='bbox 2164 1266 2461 1308; x_wconf 88' lang='lat' dir='ltr'><strong>conversus</strong></span> <span class='ocrx_word' id='word_1_194' title='bbox 2480 1290 2497 1319; x_wconf 90' lang='lat'><strong>,</strong></span> <span class='ocrx_word' id='word_1_195' title='bbox 2525 1252 2781 1323; x_wconf 87' lang='lat' dir='ltr'><strong>quoniam</strong></span> <span class='ocrx_word' id='word_1_196' title='bbox 2817 1251 3043 1307; x_wconf 89' lang='lat' dir='ltr'><strong>multum</strong></span> <span class='ocrx_word' id='word_1_197' title='bbox 3068 1252 3305 1307; x_wconf 89' lang='lat' dir='ltr'><strong>dimittet</strong></span> <span class='ocrx_word' id='word_1_198' title='bbox 3329 1262 3552 1321; x_wconf 89' lang='lat' dir='ltr'><strong>peccata</strong></span> 
     </span>
    </p>
   </div>
   <div class='ocr_carea' id='block_1_29' title="bbox 1976 1343 3546 1415">
    <p class='ocr_par' dir='ltr' id='par_1_29' title="bbox 1976 1343 3546 1415">
     <span class='ocr_line' id='line_1_29' title="bbox 1976 1343 3546 1415; baseline 0.002 -18"><span class='ocrx_word' id='word_1_199' title='bbox 1976 1354 2178 1399; x_wconf 84' lang='lat' dir='ltr'><strong>vestra.</strong></span> <span class='ocrx_word' id='word_1_200' title='bbox 2230 1343 2459 1399; x_wconf 82' lang='lat' dir='ltr'><strong>Multum</strong></span> <span class='ocrx_word' id='word_1_201' title='bbox 2504 1344 2660 1413; x_wconf 88' lang='lat' dir='ltr'><strong>dicit,</strong></span> <span class='ocrx_word' id='word_1_202' title='bbox 2710 1359 2846 1415; x_wconf 89' lang='lat' dir='ltr'><strong>pro,</strong></span> <span class='ocrx_word' id='word_1_203' title='bbox 2884 1344 3109 1400; x_wconf 91' lang='lat' dir='ltr'><strong>omnino</strong></span> <span class='ocrx_word' id='word_1_204' title='bbox 3141 1354 3197 1399; x_wconf 89' lang='lat' dir='ltr'><strong>et</strong></span> <span class='ocrx_word' id='word_1_205' title='bbox 3245 1344 3299 1399; x_wconf 90' lang='lat' dir='ltr'><strong>in</strong></span> <span class='ocrx_word' id='word_1_206' title='bbox 3355 1354 3546 1400; x_wconf 88' lang='lat' dir='ltr'><strong>totum.</strong></span> 
     </span>
    </p>
   </div>
   <div class='ocr_carea' id='block_1_30' title="bbox 1986 1436 3554 1510">
    <p class='ocr_par' dir='ltr' id='par_1_30' title="bbox 1986 1436 3554 1510">
     <span class='ocr_line' id='line_1_30' title="bbox 1986 1436 3554 1510; baseline 0.002 -20"><span class='ocrx_word' id='word_1_207' title='bbox 1986 1455 2003 1490; x_wconf 81' lang='grc' dir='ltr'><strong>ι</strong></span> <span class='ocrx_word' id='word_1_208' title='bbox 2029 1436 2130 1495; x_wconf 90' lang='lat' dir='ltr'><strong>Ubi</strong></span> <span class='ocrx_word' id='word_1_209' title='bbox 2163 1438 2307 1494; x_wconf 90' lang='lat' dir='ltr'><strong>enim</strong></span> <span class='ocrx_word' id='word_1_210' title='bbox 2338 1438 2638 1494; x_wconf 83' lang='lat' dir='ltr'><strong>abundavit</strong></span> <span class='ocrx_word' id='word_1_211' title='bbox 2665 1448 2969 1510; x_wconf 87' lang='lat' dir='ltr'><strong>peccatum,</strong></span> <span class='ocrx_word' id='word_1_212' title='bbox 3007 1439 3471 1510; x_wconf 85' lang='lat' dir='ltr'><strong>superabundavit</strong></span> <span class='ocrx_word' id='word_1_213' title='bbox 3497 1447 3554 1493; x_wconf 91' lang='lat' dir='ltr'><strong>et</strong></span> 
     </span>
    </p>
   </div>
   <div class='ocr_carea' id='block_1_31' title="bbox 1976 1529 3551 1617">
    <p class='ocr_par' dir='ltr' id='par_1_31' title="bbox 1976 1529 3551 1617">
     <span class='ocr_line' id='line_1_31' title="bbox 1976 1529 3551 1617; baseline 0 -33"><span class='ocrx_word' id='word_1_214' title='bbox 1976 1531 2146 1600; x_wconf 88' lang='lat' dir='ltr'><strong>gratia</strong></span> <span class='ocrx_word' id='word_1_215' title='bbox 2179 1532 2247 1597; x_wconf 80' lang='grc'>⁸⁸,</span> <span class='ocrx_word' id='word_1_216' title='bbox 2273 1549 2291 1583; x_wconf 86' lang='grc' dir='ltr'><strong>ι</strong></span> <span class='ocrx_word' id='word_1_217' title='bbox 2324 1531 2619 1588; x_wconf 88' lang='lat' dir='ltr'><strong>secundum</strong></span> <span class='ocrx_word' id='word_1_218' title='bbox 2647 1531 2701 1586; x_wconf 88' lang='lat' dir='ltr'><strong>id</strong></span> <span class='ocrx_word' id='word_1_219' title='bbox 2726 1531 2868 1601; x_wconf 89' lang='lat' dir='ltr'><strong>quod</strong></span> <span class='ocrx_word' id='word_1_220' title='bbox 2896 1531 3154 1617; x_wconf 64' lang='lat' dir='ltr'><strong>scripturn</strong></span> <span class='ocrx_word' id='word_1_221' title='bbox 3188 1539 3295 1587; x_wconf 87' lang='lat' dir='ltr'><strong>est.</strong></span> <span class='ocrx_word' id='word_1_222' title='bbox 3336 1529 3551 1585; x_wconf 85' lang='lat' dir='ltr'><strong>Nullum</strong></span> 
     </span>
    </p>
   </div>
   <div class='ocr_carea' id='block_1_32' title="bbox 1977 1622 3555 1713">
    <p class='ocr_par' dir='ltr' id='par_1_32' title="bbox 1977 1622 3555 1713">
     <span class='ocr_line' id='line_1_32' title="bbox 1977 1622 3555 1713; baseline 0 -36"><span class='ocrx_word' id='word_1_223' title='bbox 1977 1624 2118 1678; x_wconf 85' lang='lat' dir='ltr'><strong>enim</strong></span> <span class='ocrx_word' id='word_1_224' title='bbox 2159 1624 2365 1680; x_wconf 87' lang='lat' dir='ltr'><strong>crimen</strong></span> <span class='ocrx_word' id='word_1_225' title='bbox 2404 1623 2456 1678; x_wconf 91' lang='lat' dir='ltr'><strong>in</strong></span> <span class='ocrx_word' id='word_1_226' title='bbox 2505 1624 2672 1695; x_wconf 28' lang='lat' dir='ltr'><strong>nobis,</strong></span> <span class='ocrx_word' id='word_1_227' title='bbox 2704 1624 2993 1713; x_wconf 53' lang='lat' dir='ltr'><strong>ingelebile</strong></span> <span class='ocrx_word' id='word_1_228' title='bbox 3034 1633 3137 1688; x_wconf 91' lang='lat' dir='ltr'><strong>est,</strong></span> <span class='ocrx_word' id='word_1_229' title='bbox 3162 1624 3209 1680; x_wconf 87' lang='lat' dir='ltr'><strong>si</strong></span> <span class='ocrx_word' id='word_1_230' title='bbox 3242 1623 3369 1678; x_wconf 88' lang='lat' dir='ltr'><strong>velit</strong></span> <span class='ocrx_word' id='word_1_231' title='bbox 3412 1622 3555 1678; x_wconf 88' lang='lat' dir='ltr'><strong>Deus</strong></span> 
     </span>
    </p>
   </div>
   <div class='ocr_carea' id='block_1_33' title="bbox 1977 1715 3552 1787">
    <p class='ocr_par' dir='ltr' id='par_1_33' title="bbox 1977 1715 3552 1787">
     <span class='ocr_line' id='line_1_33' title="bbox 1977 1715 3552 1787; baseline -0.001 -18"><span class='ocrx_word' id='word_1_232' title='bbox 1977 1715 2308 1786; x_wconf 84' lang='lat' dir='ltr'><strong>abstergere.</strong></span> <span class='ocrx_word' id='word_1_233' title='bbox 2342 1716 2617 1787; x_wconf 89' lang='lat' dir='ltr'><strong>Scriptum</strong></span> <span class='ocrx_word' id='word_1_234' title='bbox 2650 1727 2736 1772; x_wconf 90' lang='lat' dir='ltr'><strong>est</strong></span> <span class='ocrx_word' id='word_1_235' title='bbox 2764 1718 2909 1774; x_wconf 91' lang='lat' dir='ltr'><strong>enim</strong></span> <span class='ocrx_word' id='word_1_236' title='bbox 2943 1718 3011 1773; x_wconf 93' lang='lat' dir='ltr'><strong>de</strong></span> <span class='ocrx_word' id='word_1_237' title='bbox 3039 1716 3280 1771; x_wconf 90' lang='lat' dir='ltr'><strong>omnium</strong></span> <span class='ocrx_word' id='word_1_238' title='bbox 3304 1724 3552 1771; x_wconf 89' lang='lat' dir='ltr'><strong>nostrum</strong></span> 
     </span>
    </p>
   </div>
   <div class='ocr_carea' id='block_1_34' title="bbox 286 1799 1876 1887">
    <p class='ocr_par' dir='ltr' id='par_1_34' title="bbox 286 1803 1873 1887">
     <span class='ocr_line' id='line_1_34' title="bbox 286 1803 1873 1887; baseline 0 -29"><span class='ocrx_word' id='word_1_239' title='bbox 286 1808 319 1875; x_wconf 78' lang='grc' dir='ltr'>ἡ</span> <span class='ocrx_word' id='word_1_240' title='bbox 347 1804 588 1887; x_wconf 82' lang='grc' dir='ltr'>ἁμαρτία</span> <span class='ocrx_word' id='word_1_241' title='bbox 605 1803 1140 1876; x_wconf 78' lang='grc' dir='ltr'>ὑπερεπερίσσευσεν</span> <span class='ocrx_word' id='word_1_242' title='bbox 1187 1806 1222 1877; x_wconf 81' lang='grc' dir='ltr'>ἡ</span> <span class='ocrx_word' id='word_1_243' title='bbox 1261 1806 1443 1878; x_wconf 85' lang='grc' dir='ltr'>χάρις,</span> <span class='ocrx_word' id='word_1_244' title='bbox 1472 1826 1490 1857; x_wconf 76' lang='grc' dir='ltr'><strong>ι</strong></span> <span class='ocrx_word' id='word_1_245' title='bbox 1521 1803 1663 1859; x_wconf 78' lang='grc' dir='ltr'>κατὰ</span> <span class='ocrx_word' id='word_1_246' title='bbox 1691 1804 1753 1857; x_wconf 82' lang='grc' dir='ltr'><strong>τὸ</strong></span> <span class='ocrx_word' id='word_1_247' title='bbox 1789 1821 1873 1874; x_wconf 92' lang='grc' dir='ltr'>γε-</span> 
     </span>
    </p>
   </div>
   <div class='ocr_carea' id='block_1_35' title="bbox 1975 1799 3552 1887">
    <p class='ocr_par' dir='ltr' id='par_1_35' title="bbox 1976 1806 3552 1878">
     <span class='ocr_line' id='line_1_35' title="bbox 1976 1806 3552 1878; baseline -0.001 -15"><span class='ocrx_word' id='word_1_248' title='bbox 1976 1806 2266 1863; x_wconf 87' lang='lat' dir='ltr'><strong>Servatore</strong></span> <span class='ocrx_word' id='word_1_249' title='bbox 2307 1806 2526 1863; x_wconf 85' lang='lat' dir='ltr'><strong>Christo</strong></span> <span class='ocrx_word' id='word_1_250' title='bbox 2564 1825 2578 1863; x_wconf 88' lang='lat'><strong>:</strong></span> <span class='ocrx_word' id='word_1_251' title='bbox 2611 1826 2629 1860; x_wconf 78' lang='grc' dir='ltr'><strong>ι</strong></span> <span class='ocrx_word' id='word_1_252' title='bbox 2655 1807 2793 1863; x_wconf 82' lang='lat' dir='ltr'><strong>Ecce</strong></span> <span class='ocrx_word' id='word_1_253' title='bbox 2844 1807 2961 1878; x_wconf 91' lang='lat' dir='ltr'><strong>ipse</strong></span> <span class='ocrx_word' id='word_1_254' title='bbox 3028 1808 3338 1876; x_wconf 78' lang='lat' dir='ltr'><strong>egredietur</strong></span> <span class='ocrx_word' id='word_1_255' title='bbox 3397 1808 3552 1876; x_wconf 87' lang='lat' dir='ltr'><strong>quasi</strong></span> 
     </span>
    </p>
   </div>
   <div class='ocr_carea' id='block_1_36' title="bbox 286 1892 1873 1968">
    <p class='ocr_par' dir='ltr' id='par_1_36' title="bbox 286 1892 1873 1968">
     <span class='ocr_line' id='line_1_36' title="bbox 286 1892 1873 1968; baseline -0.001 -20"><span class='ocrx_word' id='word_1_256' title='bbox 286 1898 607 1966; x_wconf 88' lang='grc' dir='ltr'>γραμμένον</span> <span class='ocrx_word' id='word_1_257' title='bbox 630 1911 643 1927; x_wconf 80' lang='grc'><em>’</em></span> <span class='ocrx_word' id='word_1_258' title='bbox 682 1894 1083 1949; x_wconf 86' lang='grc' dir='ltr'>δυσαπόνιπτον</span> <span class='ocrx_word' id='word_1_259' title='bbox 1108 1896 1217 1968; x_wconf 84' lang='grc' dir='ltr'>γὰρ</span> <span class='ocrx_word' id='word_1_260' title='bbox 1241 1895 1351 1948; x_wconf 86' lang='grc' dir='ltr'><strong>τῶν</strong></span> <span class='ocrx_word' id='word_1_261' title='bbox 1380 1897 1438 1950; x_wconf 87' lang='grc' dir='ltr'><strong>ἐν</strong></span> <span class='ocrx_word' id='word_1_262' title='bbox 1460 1895 1591 1966; x_wconf 86' lang='grc' dir='ltr'>ύμῖν</span> <span class='ocrx_word' id='word_1_263' title='bbox 1620 1892 1873 1965; x_wconf 72' lang='grc' dir='ltr'>αἰτιάμάο</span> 
     </span>
    </p>
   </div>
   <div class='ocr_carea' id='block_1_37' title="bbox 283 1985 1875 2058">
    <p class='ocr_par' dir='ltr' id='par_1_37' title="bbox 283 1985 1875 2058">
     <span class='ocr_line' id='line_1_37' title="bbox 283 1985 1875 2058; baseline -0.001 -18"><span class='ocrx_word' id='word_1_264' title='bbox 283 2004 392 2041; x_wconf 86' lang='grc' dir='ltr'><strong>των</strong></span> <span class='ocrx_word' id='word_1_265' title='bbox 412 1985 588 2053; x_wconf 84' lang='grc' dir='ltr'>οὐδὲν,</span> <span class='ocrx_word' id='word_1_266' title='bbox 616 1985 940 2058; x_wconf 85' lang='grc' dir='ltr'>διασμήχειν</span> <span class='ocrx_word' id='word_1_267' title='bbox 957 1985 1231 2050; x_wconf 74' lang='grc' dir='ltr'>ἐθέλοντος</span> <span class='ocrx_word' id='word_1_268' title='bbox 1254 1985 1411 2040; x_wconf 87' lang='grc' dir='ltr'>Θεοῦ.</span> <span class='ocrx_word' id='word_1_269' title='bbox 1428 1987 1742 2057; x_wconf 83' lang='grc' dir='ltr'>Γέγραπται</span> <span class='ocrx_word' id='word_1_270' title='bbox 1766 1986 1875 2057; x_wconf 83' lang='grc' dir='ltr'>γὰρ</span> 
     </span>
    </p>
   </div>
   <div class='ocr_carea' id='block_1_38' title="bbox 287 2077 1874 2150">
    <p class='ocr_par' dir='ltr' id='par_1_38' title="bbox 287 2077 1874 2150">
     <span class='ocr_line' id='line_1_38' title="bbox 287 2077 1874 2150; baseline 0 -18"><span class='ocrx_word' id='word_1_271' title='bbox 287 2080 414 2149; x_wconf 73' lang='grc' dir='ltr'>περὶ</span> <span class='ocrx_word' id='word_1_272' title='bbox 444 2078 539 2131; x_wconf 88' lang='grc' dir='ltr'><strong>τοῦ</strong></span> <span class='ocrx_word' id='word_1_273' title='bbox 561 2077 780 2133; x_wconf 82' lang='grc' dir='ltr'>πάντων</span> <span class='ocrx_word' id='word_1_274' title='bbox 815 2078 1068 2149; x_wconf 79' lang='grc' dir='ltr'>Σωτῆρος</span> <span class='ocrx_word' id='word_1_275' title='bbox 1087 2079 1120 2148; x_wconf 80' lang='grc' dir='ltr'>ἡ</span> <span class='ocrx_word' id='word_1_276' title='bbox 1131 2077 1247 2149; x_wconf 88' lang='grc' dir='ltr'><strong>μῶν</strong></span> <span class='ocrx_word' id='word_1_277' title='bbox 1300 2078 1476 2150; x_wconf 87' lang='grc' dir='ltr'>Ἰησοῦ</span> <span class='ocrx_word' id='word_1_278' title='bbox 1506 2078 1767 2150; x_wconf 80' lang='grc' dir='ltr'>Χριστοῦ,</span> <span class='ocrx_word' id='word_1_279' title='bbox 1791 2079 1874 2133; x_wconf 82' lang='grc' dir='ltr'>ὅτι</span> 
     </span>
    </p>
   </div>
   <div class='ocr_carea' id='block_1_39' title="bbox 290 2168 1874 2247">
    <p class='ocr_par' dir='ltr' id='par_1_39' title="bbox 290 2168 1874 2247">
     <span class='ocr_line' id='line_1_39' title="bbox 290 2168 1874 2247; baseline 0.001 -25"><span class='ocrx_word' id='word_1_280' title='bbox 290 2191 308 2222; x_wconf 80' lang='lat' dir='ltr'><strong>r</strong></span> <span class='ocrx_word' id='word_1_281' title='bbox 341 2170 474 2224; x_wconf 81' lang='grc' dir='ltr'>Ἰδοὺ</span> <span class='ocrx_word' id='word_1_282' title='bbox 507 2169 670 2232; x_wconf 82' lang='grc' dir='ltr'>αὐτὸς</span> <span class='ocrx_word' id='word_1_283' title='bbox 691 2168 1076 2241; x_wconf 77' lang='grc' dir='ltr'>εἰσπορεύεται</span> <span class='ocrx_word' id='word_1_284' title='bbox 1095 2169 1171 2233; x_wconf 85' lang='grc' dir='ltr'>ὡς</span> <span class='ocrx_word' id='word_1_285' title='bbox 1201 2169 1311 2239; x_wconf 88' lang='grc' dir='ltr'><strong>πῦρ</strong></span> <span class='ocrx_word' id='word_1_286' title='bbox 1337 2170 1728 2241; x_wconf 77' lang='grc' dir='ltr'>χωνευτηρίου,</span> <span class='ocrx_word' id='word_1_287' title='bbox 1773 2171 1874 2247; x_wconf 65' lang='grc' dir='ltr'><strong>⁸καὶ¹</strong></span> 
     </span>
    </p>
   </div>
   <div class='ocr_carea' id='block_1_40' title="bbox 296 2261 1875 2333">
    <p class='ocr_par' dir='ltr' id='par_1_40' title="bbox 296 2261 1875 2333">
     <span class='ocr_line' id='line_1_40' title="bbox 296 2261 1875 2333; baseline 0.001 -18"><span class='ocrx_word' id='word_1_288' title='bbox 296 2263 372 2327; x_wconf 82' lang='grc' dir='ltr'>ὡς</span> <span class='ocrx_word' id='word_1_289' title='bbox 420 2265 529 2317; x_wconf 87' lang='grc' dir='ltr'>πόα</span> <span class='ocrx_word' id='word_1_290' title='bbox 592 2261 927 2316; x_wconf 86' lang='grc' dir='ltr'>πλυνόντων.</span> <span class='ocrx_word' id='word_1_291' title='bbox 991 2262 1099 2315; x_wconf 80' lang='grc' dir='ltr'><strong>Καὶ</strong></span> <span class='ocrx_word' id='word_1_292' title='bbox 1147 2261 1417 2316; x_wconf 85' lang='grc' dir='ltr'>καθιεῖται</span> <span class='ocrx_word' id='word_1_293' title='bbox 1460 2262 1732 2333; x_wconf 84' lang='grc' dir='ltr'>χωνεύων,</span> <span class='ocrx_word' id='word_1_294' title='bbox 1779 2263 1875 2317; x_wconf 80' lang='grc' dir='ltr'><strong>καὶ</strong></span> 
     </span>
    </p>
   </div>
   <div class='ocr_carea' id='block_1_41' title="bbox 285 2352 1874 2425">
    <p class='ocr_par' dir='ltr' id='par_1_41' title="bbox 285 2352 1874 2425">
     <span class='ocr_line' id='line_1_41' title="bbox 285 2352 1874 2425; baseline -0.001 -18"><span class='ocrx_word' id='word_1_295' title='bbox 285 2352 599 2425; x_wconf 76' lang='grc' dir='ltr'>καθαρίζων</span> <span class='ocrx_word' id='word_1_296' title='bbox 619 2353 694 2418; x_wconf 85' lang='grc' dir='ltr'>ὡς</span> <span class='ocrx_word' id='word_1_297' title='bbox 720 2352 782 2407; x_wconf 86' lang='grc' dir='ltr'><strong>τδ</strong></span> <span class='ocrx_word' id='word_1_298' title='bbox 806 2352 1071 2425; x_wconf 84' lang='grc' dir='ltr'>ἀργύριον</span> <span class='ocrx_word' id='word_1_299' title='bbox 1092 2353 1187 2408; x_wconf 69' lang='grc' dir='ltr'><strong>καί</strong></span> <span class='ocrx_word' id='word_1_300' title='bbox 1209 2352 1270 2406; x_wconf 82' lang='grc' dir='ltr'>τὸ</span> <span class='ocrx_word' id='word_1_301' title='bbox 1298 2352 1538 2424; x_wconf 87' lang='grc' dir='ltr'>χρυσίον.</span> <span class='ocrx_word' id='word_1_302' title='bbox 1555 2372 1573 2405; x_wconf 81' lang='grc' dir='ltr'><strong>ι</strong></span> <span class='ocrx_word' id='word_1_303' title='bbox 1614 2352 1874 2418; x_wconf 77' lang='grc' dir='ltr'>Βαπτίζει</span> 
     </span>
    </p>
   </div>
   <div class='ocr_carea' id='block_1_42' title="bbox 1972 1896 3555 1968">
    <p class='ocr_par' dir='ltr' id='par_1_42' title="bbox 1972 1896 3555 1968">
     <span class='ocr_line' id='line_1_42' title="bbox 1972 1896 3555 1968; baseline 0 -17"><span class='ocrx_word' id='word_1_304' title='bbox 1972 1898 2111 1968; x_wconf 89' lang='lat' dir='ltr'><strong>ignis</strong></span> <span class='ocrx_word' id='word_1_305' title='bbox 2170 1896 2473 1953; x_wconf 83' lang='lat' dir='ltr'><strong>conﬂatorii</strong></span> <span class='ocrx_word' id='word_1_306' title='bbox 2504 1938 2520 1965; x_wconf 93' lang='lat'><strong>,</strong></span> <span class='ocrx_word' id='word_1_307' title='bbox 2571 1908 2626 1953; x_wconf 92' lang='lat' dir='ltr'><strong>et</strong></span> <span class='ocrx_word' id='word_1_308' title='bbox 2679 1898 2826 1955; x_wconf 88' lang='lat' dir='ltr'><strong>velut</strong></span> <span class='ocrx_word' id='word_1_309' title='bbox 2876 1898 3044 1954; x_wconf 90' lang='lat' dir='ltr'><strong>herba</strong></span> <span class='ocrx_word' id='word_1_310' title='bbox 3096 1897 3413 1954; x_wconf 84' lang='lat' dir='ltr'><strong>lavantium.</strong></span> <span class='ocrx_word' id='word_1_311' title='bbox 3488 1898 3555 1952; x_wconf 87' lang='lat' dir='ltr'><strong>Et</strong></span> 
     </span>
    </p>
   </div>
   <div class='ocr_carea' id='block_1_43' title="bbox 1971 1988 3551 2061">
    <p class='ocr_par' dir='ltr' id='par_1_43' title="bbox 1971 1988 3551 2061">
     <span class='ocr_line' id='line_1_43' title="bbox 1971 1988 3551 2061; baseline -0.001 -16"><span class='ocrx_word' id='word_1_312' title='bbox 1971 1988 2137 2060; x_wconf 74' lang='lat'><strong>780</strong></span> <span class='ocrx_word' id='word_1_313' title='bbox 2182 1988 2390 2045; x_wconf 88' lang='lat' dir='ltr'><strong>sedebit</strong></span> <span class='ocrx_word' id='word_1_314' title='bbox 2432 1988 2697 2055; x_wconf 82' lang='lat' dir='ltr'><strong>conﬂans,</strong></span> <span class='ocrx_word' id='word_1_315' title='bbox 2730 1998 2787 2045; x_wconf 91' lang='lat' dir='ltr'><strong>et</strong></span> <span class='ocrx_word' id='word_1_316' title='bbox 2818 1991 3119 2046; x_wconf 88' lang='lat' dir='ltr'><strong>emundans</strong></span> <span class='ocrx_word' id='word_1_317' title='bbox 3165 2000 3420 2061; x_wconf 88' lang='lat' dir='ltr'><strong>tanquam</strong></span> <span class='ocrx_word' id='word_1_318' title='bbox 3460 2006 3551 2044; x_wconf 73' lang='lat' dir='ltr'><strong>ar~</strong></span> 
     </span>
    </p>
   </div>
   <div class='ocr_carea' id='block_1_44' title="bbox 1969 2078 3550 2152">
    <p class='ocr_par' dir='ltr' id='par_1_44' title="bbox 1969 2078 3550 2152">
     <span class='ocr_line' id='line_1_44' title="bbox 1969 2078 3550 2152; baseline -0.001 -19"><span class='ocrx_word' id='word_1_319' title='bbox 1969 2088 2190 2149; x_wconf 88' lang='lat' dir='ltr'><strong>gentum</strong></span> <span class='ocrx_word' id='word_1_320' title='bbox 2236 2087 2294 2135; x_wconf 88' lang='lat' dir='ltr'><strong>et</strong></span> <span class='ocrx_word' id='word_1_321' title='bbox 2334 2094 2527 2135; x_wconf 89' lang='lat' dir='ltr'><strong>aurum</strong></span> <span class='ocrx_word' id='word_1_322' title='bbox 2554 2080 2623 2136; x_wconf 79' lang='lat'><strong>”.</strong></span> <span class='ocrx_word' id='word_1_323' title='bbox 2656 2099 2674 2134; x_wconf 78' lang='grc' dir='ltr'><strong>ι</strong></span> <span class='ocrx_word' id='word_1_324' title='bbox 2712 2079 2962 2152; x_wconf 84' lang='lat' dir='ltr'><strong>Baptizat</strong></span> <span class='ocrx_word' id='word_1_325' title='bbox 3001 2080 3144 2135; x_wconf 92' lang='lat' dir='ltr'><strong>enim</strong></span> <span class='ocrx_word' id='word_1_326' title='bbox 3193 2095 3292 2136; x_wconf 92' lang='lat' dir='ltr'><strong>nos</strong></span> <span class='ocrx_word' id='word_1_327' title='bbox 3345 2078 3550 2150; x_wconf 85' lang='lat' dir='ltr'><strong>Spiritu</strong></span> 
     </span>
    </p>
   </div>
   <div class='ocr_carea' id='block_1_45' title="bbox 1970 2167 3551 2242">
    <p class='ocr_par' dir='ltr' id='par_1_45' title="bbox 1970 2167 3551 2242">
     <span class='ocr_line' id='line_1_45' title="bbox 1970 2167 3551 2242; baseline -0.002 -16"><span class='ocrx_word' id='word_1_328' title='bbox 1970 2180 2157 2227; x_wconf 90' lang='lat' dir='ltr'><strong>sancto</strong></span> <span class='ocrx_word' id='word_1_329' title='bbox 2189 2179 2246 2228; x_wconf 87' lang='lat' dir='ltr'><strong>et</strong></span> <span class='ocrx_word' id='word_1_330' title='bbox 2270 2171 2394 2242; x_wconf 86' lang='lat' dir='ltr'><strong>igne</strong></span> <span class='ocrx_word' id='word_1_331' title='bbox 2419 2171 2509 2225; x_wconf 61' lang='grc' dir='ltr'><strong>ω’.</strong></span> <span class='ocrx_word' id='word_1_332' title='bbox 2539 2169 2720 2242; x_wconf 84' lang='lat' dir='ltr'><strong>Ignem</strong></span> <span class='ocrx_word' id='word_1_333' title='bbox 2760 2180 2940 2226; x_wconf 87' lang='lat' dir='ltr'><strong>autem</strong></span> <span class='ocrx_word' id='word_1_334' title='bbox 2975 2186 3097 2227; x_wconf 87' lang='lat' dir='ltr'><strong>esse</strong></span> <span class='ocrx_word' id='word_1_335' title='bbox 3133 2171 3363 2226; x_wconf 88' lang='lat' dir='ltr'><strong>dicimus</strong></span> <span class='ocrx_word' id='word_1_336' title='bbox 3405 2167 3551 2223; x_wconf 85' lang='lat' dir='ltr'><strong>velut</strong></span> 
     </span>
    </p>
   </div>
   <div class='ocr_carea' id='block_1_46' title="bbox 1979 2260 3547 2333">
    <p class='ocr_par' dir='ltr' id='par_1_46' title="bbox 1979 2260 3547 2333">
     <span class='ocr_line' id='line_1_46' title="bbox 1979 2260 3547 2333; baseline 0 -18"><span class='ocrx_word' id='word_1_337' title='bbox 1979 2260 2150 2316; x_wconf 90' lang='lat' dir='ltr'><strong>sancti</strong></span> <span class='ocrx_word' id='word_1_338' title='bbox 2176 2260 2410 2332; x_wconf 89' lang='lat' dir='ltr'><strong>Spiritus</strong></span> <span class='ocrx_word' id='word_1_339' title='bbox 2437 2262 2544 2316; x_wconf 90' lang='lat' dir='ltr'><strong>vim</strong></span> <span class='ocrx_word' id='word_1_340' title='bbox 2600 2262 3031 2333; x_wconf 89' lang='lat' dir='ltr'><strong>abstergentem,</strong></span> <span class='ocrx_word' id='word_1_341' title='bbox 3063 2264 3232 2317; x_wconf 88' lang='lat' dir='ltr'><strong>instar</strong></span> <span class='ocrx_word' id='word_1_342' title='bbox 3253 2261 3395 2332; x_wconf 81' lang='lat' dir='ltr'><strong>ignis</strong></span> <span class='ocrx_word' id='word_1_343' title='bbox 3426 2275 3547 2316; x_wconf 90' lang='lat' dir='ltr'><strong>sor-</strong></span> 
     </span>
    </p>
   </div>
   <div class='ocr_carea' id='block_1_47' title="bbox 1981 2352 3548 2424">
    <p class='ocr_par' dir='ltr' id='par_1_47' title="bbox 1981 2352 3548 2424">
     <span class='ocr_line' id='line_1_47' title="bbox 1981 2352 3548 2424; baseline -0.001 -16"><span class='ocrx_word' id='word_1_344' title='bbox 1981 2352 2075 2408; x_wconf 86' lang='lat' dir='ltr'><strong>des</strong></span> <span class='ocrx_word' id='word_1_345' title='bbox 2106 2353 2426 2409; x_wconf 89' lang='lat' dir='ltr'><strong>delictorum</strong></span> <span class='ocrx_word' id='word_1_346' title='bbox 2456 2353 2508 2409; x_wconf 93' lang='lat' dir='ltr'><strong>in</strong></span> <span class='ocrx_word' id='word_1_347' title='bbox 2532 2354 2689 2409; x_wconf 90' lang='lat' dir='ltr'><strong>nobis</strong></span> <span class='ocrx_word' id='word_1_348' title='bbox 2717 2353 3012 2424; x_wconf 90' lang='lat' dir='ltr'><strong>liquantem</strong></span> <span class='ocrx_word' id='word_1_349' title='bbox 3036 2360 3091 2408; x_wconf 89' lang='lat' dir='ltr'><strong>et</strong></span> <span class='ocrx_word' id='word_1_350' title='bbox 3115 2361 3548 2409; x_wconf 86' lang='lat' dir='ltr'><strong>consumentem.</strong></span> 
     </span>
    </p>
   </div>
   <div class='ocr_carea' id='block_1_48' title="bbox 291 2442 3552 2521">
    <p class='ocr_par' dir='ltr' id='par_1_48' title="bbox 291 2442 3552 2521">
     <span class='ocr_line' id='line_1_48' title="bbox 291 2442 3552 2521; baseline 0 -20"><span class='ocrx_word' id='word_1_351' title='bbox 291 2447 402 2519; x_wconf 87' lang='grc' dir='ltr'>γὰρ</span> <span class='ocrx_word' id='word_1_352' title='bbox 451 2450 602 2520; x_wconf 80' lang='grc' dir='ltr'>ἡμᾶς</span> <span class='ocrx_word' id='word_1_353' title='bbox 643 2447 925 2518; x_wconf 89' lang='grc' dir='ltr'>Πνεύματι</span> <span class='ocrx_word' id='word_1_354' title='bbox 974 2447 1115 2518; x_wconf 86' lang='grc' dir='ltr'>ἁγίῳ</span> <span class='ocrx_word' id='word_1_355' title='bbox 1155 2447 1250 2501; x_wconf 74' lang='grc' dir='ltr'><strong>καὶ</strong></span> <span class='ocrx_word' id='word_1_356' title='bbox 1303 2447 1456 2519; x_wconf 85' lang='grc' dir='ltr'>πυρί.</span> <span class='ocrx_word' id='word_1_357' title='bbox 1499 2446 1620 2517; x_wconf 85' lang='grc' dir='ltr'>Πῦρ</span> <span class='ocrx_word' id='word_1_358' title='bbox 1665 2446 1723 2500; x_wconf 88' lang='grc' dir='ltr'><strong>δέ</strong></span> <span class='ocrx_word' id='word_1_359' title='bbox 1770 2442 1910 2501; x_wconf 80' lang='grc' dir='ltr'><strong>εἷναί</strong></span> <span class='ocrx_word' id='word_1_360' title='bbox 1964 2463 2145 2518; x_wconf 85' lang='grc' dir='ltr'>φαμεν</span> <span class='ocrx_word' id='word_1_361' title='bbox 2190 2448 2291 2518; x_wconf 87' lang='grc' dir='ltr'>τὴν</span> <span class='ocrx_word' id='word_1_362' title='bbox 2339 2442 2450 2503; x_wconf 74' lang='grc' dir='ltr'>οἷον</span> <span class='ocrx_word' id='word_1_363' title='bbox 2498 2449 2808 2521; x_wconf 83' lang='grc' dir='ltr'>σμηκτικὴν</span> <span class='ocrx_word' id='word_1_364' title='bbox 2857 2449 2951 2502; x_wconf 90' lang='grc' dir='ltr'><strong>τοῦ</strong></span> <span class='ocrx_word' id='word_1_365' title='bbox 3013 2448 3168 2517; x_wconf 82' lang='grc' dir='ltr'>ἁγίου</span> <span class='ocrx_word' id='word_1_366' title='bbox 3231 2446 3552 2518; x_wconf 83' lang='grc' dir='ltr'>Πνεύματος</span> 
     </span>
    </p>
   </div>
   <div class='ocr_carea' id='block_1_49' title="bbox 284 2526 2565 2612">
    <p class='ocr_par' dir='ltr' id='par_1_49' title="bbox 284 2526 2565 2612">
     <span class='ocr_line' id='line_1_49' title="bbox 284 2526 2565 2612; baseline 0.002 -22"><span class='ocrx_word' id='word_1_367' title='bbox 284 2537 533 2611; x_wconf 89' lang='grc' dir='ltr'>δύναμιν,</span> <span class='ocrx_word' id='word_1_368' title='bbox 566 2539 736 2611; x_wconf 86' lang='grc' dir='ltr'>πυρὸς</span> <span class='ocrx_word' id='word_1_369' title='bbox 760 2539 918 2611; x_wconf 82' lang='grc' dir='ltr'>δίκην</span> <span class='ocrx_word' id='word_1_370' title='bbox 966 2541 1306 2612; x_wconf 82' lang='grc' dir='ltr'>ἐκτήκουσαν</span> <span class='ocrx_word' id='word_1_371' title='bbox 1345 2539 1456 2593; x_wconf 83' lang='grc' dir='ltr'><strong>τῶν</strong></span> <span class='ocrx_word' id='word_1_372' title='bbox 1486 2541 1543 2593; x_wconf 90' lang='grc' dir='ltr'><strong>ἐν</strong></span> <span class='ocrx_word' id='word_1_373' title='bbox 1580 2542 1711 2611; x_wconf 73' lang='grc' dir='ltr'>ἡμῖν</span> <span class='ocrx_word' id='word_1_374' title='bbox 1736 2526 2225 2611; x_wconf 67' lang='grc' dir='ltr'>πλημμελημάτων</span> <span class='ocrx_word' id='word_1_375' title='bbox 2253 2540 2345 2594; x_wconf 84' lang='grc' dir='ltr'><strong>τὸν</strong></span> <span class='ocrx_word' id='word_1_376' title='bbox 2373 2539 2565 2610; x_wconf 87' lang='grc' dir='ltr'>ῥύπον.</span> 
     </span>
    </p>
   </div>
   <div class='ocr_carea' id='block_1_50' title="bbox 360 2632 1871 2705">
    <p class='ocr_par' dir='ltr' id='par_1_50' title="bbox 360 2632 1871 2705">
     <span class='ocr_line' id='line_1_50' title="bbox 360 2632 1871 2705; baseline -0.001 -17"><span class='ocrx_word' id='word_1_377' title='bbox 360 2638 442 2691; x_wconf 81' lang='grc' dir='ltr'><strong>Οὐ</strong></span> <span class='ocrx_word' id='word_1_378' title='bbox 475 2634 585 2705; x_wconf 77' lang='grc' dir='ltr'>γάρ</span> <span class='ocrx_word' id='word_1_379' title='bbox 617 2637 775 2689; x_wconf 73' lang='grc' dir='ltr'>εἰσιν</span> <span class='ocrx_word' id='word_1_380' title='bbox 793 2637 853 2689; x_wconf 79' lang='grc' dir='ltr'>αἱ</span> <span class='ocrx_word' id='word_1_381' title='bbox 879 2636 1107 2700; x_wconf 73' lang='grc' dir='ltr'>βουλαί</span> <span class='ocrx_word' id='word_1_382' title='bbox 1150 2652 1270 2704; x_wconf 85' lang='grc' dir='ltr'><strong>μου</strong></span> <span class='ocrx_word' id='word_1_383' title='bbox 1324 2633 1528 2702; x_wconf 75' lang='grc' dir='ltr'>ὥσπερ</span> <span class='ocrx_word' id='word_1_384' title='bbox 1558 2637 1618 2688; x_wconf 81' lang='grc' dir='ltr'>αι</span> <span class='ocrx_word' id='word_1_385' title='bbox 1641 2632 1871 2699; x_wconf 74' lang='grc' dir='ltr'>βουλαί</span> 
     </span>
    </p>
   </div>
   <div class='ocr_carea' id='block_1_51' title="bbox 285 2722 1866 2796">
    <p class='ocr_par' dir='ltr' id='par_1_51' title="bbox 285 2722 1866 2796">
     <span class='ocr_line' id='line_1_51' title="bbox 285 2722 1866 2796; baseline -0.009 -13"><span class='ocrx_word' id='word_1_386' title='bbox 285 2726 472 2796; x_wconf 80' lang='grc' dir='ltr'>ὑμῶν,</span> <span class='ocrx_word' id='word_1_387' title='bbox 520 2725 667 2780; x_wconf 80' lang='grc' dir='ltr'>οὐδὲ</span> <span class='ocrx_word' id='word_1_388' title='bbox 714 2725 918 2795; x_wconf 77' lang='grc' dir='ltr'>ὥσπερ</span> <span class='ocrx_word' id='word_1_389' title='bbox 968 2727 1029 2779; x_wconf 79' lang='grc' dir='ltr'><strong>(ιι</strong></span> <span class='ocrx_word' id='word_1_390' title='bbox 1063 2723 1193 2779; x_wconf 79' lang='grc' dir='ltr'>ὁδοί</span> <span class='ocrx_word' id='word_1_391' title='bbox 1224 2741 1366 2794; x_wconf 82' lang='grc' dir='ltr'>μου,</span> <span class='ocrx_word' id='word_1_392' title='bbox 1404 2727 1463 2778; x_wconf 79' lang='lat' dir='ltr'><strong>al</strong></span> <span class='ocrx_word' id='word_1_393' title='bbox 1503 2722 1631 2777; x_wconf 78' lang='grc' dir='ltr'>ὁδοὶ</span> <span class='ocrx_word' id='word_1_394' title='bbox 1678 2722 1866 2793; x_wconf 74' lang='grc' dir='ltr'>ὑμῶν,</span> 
     </span>
    </p>
   </div>
   <div class='ocr_carea' id='block_1_52' title="bbox 284 2812 1868 2885">
    <p class='ocr_par' dir='ltr' id='par_1_52' title="bbox 284 2812 1868 2885">
     <span class='ocr_line' id='line_1_52' title="bbox 284 2812 1868 2885; baseline -0.004 -13"><span class='ocrx_word' id='word_1_395' title='bbox 284 2817 425 2872; x_wconf 68' lang='grc' dir='ltr'>ἀλλ’</span> <span class='ocrx_word' id='word_1_396' title='bbox 467 2816 670 2885; x_wconf 79' lang='grc' dir='ltr'>ὥσπερ</span> <span class='ocrx_word' id='word_1_397' title='bbox 697 2815 906 2884; x_wconf 80' lang='grc' dir='ltr'>ἀπέχει</span> <span class='ocrx_word' id='word_1_398' title='bbox 939 2819 970 2870; x_wconf 77' lang='grc' dir='ltr'><em>ὀ</em></span> <span class='ocrx_word' id='word_1_399' title='bbox 1004 2816 1262 2883; x_wconf 78' lang='grc' dir='ltr'>οὐρανὸς</span> <span class='ocrx_word' id='word_1_400' title='bbox 1292 2813 1411 2869; x_wconf 79' lang='grc' dir='ltr'><strong>ἀπὸ</strong></span> <span class='ocrx_word' id='word_1_401' title='bbox 1443 2813 1554 2883; x_wconf 79' lang='grc' dir='ltr'>τῆς</span> <span class='ocrx_word' id='word_1_402' title='bbox 1584 2812 1718 2884; x_wconf 74' lang='grc' dir='ltr'>γῆς,</span> <span class='ocrx_word' id='word_1_403' title='bbox 1765 2812 1868 2867; x_wconf 81' lang='grc' dir='ltr'><strong>οὕ-</strong></span> 
     </span>
    </p>
   </div>
   <div class='ocr_carea' id='block_1_53' title="bbox 285 2896 1865 2969">
    <p class='ocr_par' dir='ltr' id='par_1_53' title="bbox 285 2896 1865 2969">
     <span class='ocr_line' id='line_1_53' title="bbox 285 2896 1865 2969; baseline -0.003 -14"><span class='ocrx_word' id='word_1_404' title='bbox 285 2917 400 2967; x_wconf 79' lang='grc' dir='ltr'><strong>τως</strong></span> <span class='ocrx_word' id='word_1_405' title='bbox 428 2898 637 2969; x_wconf 80' lang='grc' dir='ltr'>ἀπέχει</span> <span class='ocrx_word' id='word_1_406' title='bbox 664 2898 701 2966; x_wconf 80' lang='grc' dir='ltr'><strong>ἠ</strong></span> <span class='ocrx_word' id='word_1_407' title='bbox 722 2898 863 2964; x_wconf 75' lang='grc' dir='ltr'>ὁδός</span> <span class='ocrx_word' id='word_1_408' title='bbox 894 2916 1013 2968; x_wconf 85' lang='grc' dir='ltr'><strong>μου</strong></span> <span class='ocrx_word' id='word_1_409' title='bbox 1047 2898 1167 2953; x_wconf 83' lang='grc' dir='ltr'><strong>ἀπὸ</strong></span> <span class='ocrx_word' id='word_1_410' title='bbox 1196 2897 1317 2951; x_wconf 82' lang='grc' dir='ltr'>τῶν</span> <span class='ocrx_word' id='word_1_411' title='bbox 1355 2896 1512 2952; x_wconf 81' lang='grc' dir='ltr'>ὁδῶν</span> <span class='ocrx_word' id='word_1_412' title='bbox 1539 2897 1726 2967; x_wconf 75' lang='grc' dir='ltr'>ὑμῶν,</span> <span class='ocrx_word' id='word_1_413' title='bbox 1766 2896 1865 2951; x_wconf 80' lang='grc' dir='ltr'><strong>καί</strong></span> 
     </span>
    </p>
   </div>
   <div class='ocr_carea' id='block_1_54' title="bbox 286 2988 1690 3061">
    <p class='ocr_par' dir='ltr' id='par_1_54' title="bbox 286 2988 1690 3061">
     <span class='ocr_line' id='line_1_54' title="bbox 286 2988 1690 3061; baseline -0.002 -16"><span class='ocrx_word' id='word_1_414' title='bbox 286 2995 360 3046; x_wconf 81' lang='grc' dir='ltr'>τὰ</span> <span class='ocrx_word' id='word_1_415' title='bbox 385 2990 759 3061; x_wconf 81' lang='grc' dir='ltr'>διανοήματα</span> <span class='ocrx_word' id='word_1_416' title='bbox 787 2989 952 3060; x_wconf 82' lang='grc' dir='ltr'>ὑμῶν</span> <span class='ocrx_word' id='word_1_417' title='bbox 980 2989 1098 3044; x_wconf 81' lang='grc' dir='ltr'><strong>ἀπὸ</strong></span> <span class='ocrx_word' id='word_1_418' title='bbox 1124 2989 1237 3057; x_wconf 81' lang='grc' dir='ltr'>τῆς</span> <span class='ocrx_word' id='word_1_419' title='bbox 1258 2988 1528 3056; x_wconf 78' lang='grc' dir='ltr'>διανοίας</span> <span class='ocrx_word' id='word_1_420' title='bbox 1548 3006 1690 3059; x_wconf 78' lang='grc' dir='ltr'>μου.</span> 
     </span>
    </p>
   </div>
   <div class='ocr_carea' id='block_1_55' title="bbox 373 3079 1872 3152">
    <p class='ocr_par' dir='ltr' id='par_1_55' title="bbox 373 3079 1872 3152">
     <span class='ocr_line' id='line_1_55' title="bbox 373 3079 1872 3152; baseline -0.002 -16"><span class='ocrx_word' id='word_1_421' title='bbox 373 3084 648 3136; x_wconf 86' lang='grc' dir='ltr'>Ἀπιστεῖν</span> <span class='ocrx_word' id='word_1_422' title='bbox 669 3082 769 3134; x_wconf 87' lang='grc' dir='ltr'><strong>ούκ</strong></span> <span class='ocrx_word' id='word_1_423' title='bbox 797 3083 862 3152; x_wconf 77' lang='grc' dir='ltr'>ἐᾷ</span> <span class='ocrx_word' id='word_1_424' title='bbox 890 3081 978 3134; x_wconf 81' lang='grc' dir='ltr'><strong>διὰ</strong></span> <span class='ocrx_word' id='word_1_425' title='bbox 1021 3081 1259 3151; x_wconf 88' lang='grc' dir='ltr'>Χριστοῦ</span> <span class='ocrx_word' id='word_1_426' title='bbox 1291 3081 1476 3152; x_wconf 85' lang='grc' dir='ltr'>χάριτι</span> <span class='ocrx_word' id='word_1_427' title='bbox 1509 3081 1636 3145; x_wconf 79' lang='grc' dir='ltr'>τοὺς</span> <span class='ocrx_word' id='word_1_428' title='bbox 1678 3079 1872 3134; x_wconf 82' lang='grc' dir='ltr'>καλου-</span> 
     </span>
    </p>
   </div>
   <div class='ocr_carea' id='block_1_56' title="bbox 291 3171 1872 3247">
    <p class='ocr_par' dir='ltr' id='par_1_56' title="bbox 291 3171 1872 3247">
     <span class='ocr_line' id='line_1_56' title="bbox 291 3171 1872 3247; baseline -0.003 -17"><span class='ocrx_word' id='word_1_429' title='bbox 291 3176 486 3247; x_wconf 84' lang='grc' dir='ltr'>μένους</span> <span class='ocrx_word' id='word_1_430' title='bbox 517 3175 597 3238; x_wconf 85' lang='grc' dir='ltr'><strong>είς</strong></span> <span class='ocrx_word' id='word_1_431' title='bbox 629 3172 984 3245; x_wconf 82' lang='grc' dir='ltr'>ἐπιστροφὴν,</span> <span class='ocrx_word' id='word_1_432' title='bbox 1013 3174 1107 3226; x_wconf 78' lang='grc' dir='ltr'>καὶ</span> <span class='ocrx_word' id='word_1_433' title='bbox 1132 3172 1417 3244; x_wconf 89' lang='grc' dir='ltr'>λύτρωσιν,</span> <span class='ocrx_word' id='word_1_434' title='bbox 1437 3174 1532 3226; x_wconf 76' lang='grc' dir='ltr'><strong>καὶ</strong></span> <span class='ocrx_word' id='word_1_435' title='bbox 1554 3171 1872 3244; x_wconf 72' lang='grc' dir='ltr'>ἀποκάθαρσ</span> 
     </span>
    </p>
   </div>
   <div class='ocr_carea' id='block_1_57' title="bbox 288 3264 1871 3342">
    <p class='ocr_par' dir='ltr' id='par_1_57' title="bbox 288 3264 1871 3342">
     <span class='ocr_line' id='line_1_57' title="bbox 288 3264 1871 3342; baseline -0.005 -17"><span class='ocrx_word' id='word_1_436' title='bbox 288 3290 372 3326; x_wconf 82' lang='grc' dir='ltr'><strong>σιν</strong></span> <span class='ocrx_word' id='word_1_437' title='bbox 428 3269 721 3342; x_wconf 80' lang='grc' dir='ltr'>ἁμαρτίας.</span> <span class='ocrx_word' id='word_1_438' title='bbox 785 3265 958 3320; x_wconf 87' lang='grc' dir='ltr'>Τοῦτο</span> <span class='ocrx_word' id='word_1_439' title='bbox 1014 3264 1351 3320; x_wconf 88' lang='grc' dir='ltr'>πεπόνθασιν</span> <span class='ocrx_word' id='word_1_440' title='bbox 1408 3265 1459 3318; x_wconf 78' lang='lat' dir='ltr'><strong>oi</strong></span> <span class='ocrx_word' id='word_1_441' title='bbox 1518 3264 1579 3329; x_wconf 81' lang='grc' dir='ltr'><strong>ἐξ</strong></span> <span class='ocrx_word' id='word_1_442' title='bbox 1642 3264 1871 3335; x_wconf 77' lang='grc' dir='ltr'>αἵματος</span> 
     </span>
    </p>
   </div>
   <div class='ocr_carea' id='block_1_58' title="bbox 300 3355 1871 3434">
    <p class='ocr_par' dir='ltr' id='par_1_58' title="bbox 300 3355 1871 3434">
     <span class='ocr_line' id='line_1_58' title="bbox 300 3355 1871 3434; baseline -0.007 -17"><span class='ocrx_word' id='word_1_443' title='bbox 300 3362 553 3434; x_wconf 78' lang='grc' dir='ltr'>Ἰσραήλο</span> <span class='ocrx_word' id='word_1_444' title='bbox 602 3359 740 3414; x_wconf 85' lang='grc' dir='ltr'>Θεοῦ</span> <span class='ocrx_word' id='word_1_445' title='bbox 773 3359 882 3430; x_wconf 82' lang='grc' dir='ltr'>γὰρ</span> <span class='ocrx_word' id='word_1_446' title='bbox 926 3355 1218 3421; x_wconf 87' lang='grc' dir='ltr'>καλοῦντος</span> <span class='ocrx_word' id='word_1_447' title='bbox 1267 3359 1348 3421; x_wconf 90' lang='grc' dir='ltr'>εἰς</span> <span class='ocrx_word' id='word_1_448' title='bbox 1401 3355 1739 3428; x_wconf 85' lang='grc' dir='ltr'>ἐπιστροφὴν</span> <span class='ocrx_word' id='word_1_449' title='bbox 1776 3355 1871 3410; x_wconf 74' lang='grc' dir='ltr'><strong>καὶ</strong></span> 
     </span>
    </p>
   </div>
   <div class='ocr_carea' id='block_1_59' title="bbox 293 3436 1875 3527">
    <p class='ocr_par' dir='ltr' id='par_1_59' title="bbox 293 3436 1875 3527">
     <span class='ocr_line' id='line_1_59' title="bbox 293 3436 1875 3527; baseline -0.006 -17"><span class='ocrx_word' id='word_1_450' title='bbox 293 3455 656 3527; x_wconf 81' lang='grc' dir='ltr'>μετάγνωσιν,</span> <span class='ocrx_word' id='word_1_451' title='bbox 688 3452 801 3515; x_wconf 88' lang='grc' dir='ltr'>τοῖς</span> <span class='ocrx_word' id='word_1_452' title='bbox 823 3449 915 3504; x_wconf 90' lang='grc' dir='ltr'><strong>τοῦ</strong></span> <span class='ocrx_word' id='word_1_453' title='bbox 944 3448 1244 3512; x_wconf 86' lang='grc' dir='ltr'>συνειδότος</span> <span class='ocrx_word' id='word_1_454' title='bbox 1269 3448 1512 3518; x_wconf 76' lang='grc' dir='ltr'>ἐλέγχοις</span> <span class='ocrx_word' id='word_1_455' title='bbox 1534 3436 1875 3502; x_wconf 15' lang='grc' dir='ltr'>καταδακνόον</span> 
     </span>
    </p>
   </div>
   <div class='ocr_carea' id='block_1_60' title="bbox 294 3535 1866 3614">
    <p class='ocr_par' dir='ltr' id='par_1_60' title="bbox 294 3535 1866 3614">
     <span class='ocr_line' id='line_1_60' title="bbox 294 3535 1866 3614; baseline -0.006 -17"><span class='ocrx_word' id='word_1_456' title='bbox 294 3561 467 3614; x_wconf 86' lang='grc' dir='ltr'>μενοι,</span> <span class='ocrx_word' id='word_1_457' title='bbox 496 3542 590 3597; x_wconf 69' lang='grc' dir='ltr'><strong>καὶ</strong></span> <span class='ocrx_word' id='word_1_458' title='bbox 613 3539 972 3595; x_wconf 83' lang='grc' dir='ltr'>δυσέκνιπτον</span> <span class='ocrx_word' id='word_1_459' title='bbox 1004 3538 1203 3608; x_wconf 84' lang='grc' dir='ltr'>κομιδῇ</span> <span class='ocrx_word' id='word_1_460' title='bbox 1237 3536 1329 3591; x_wconf 77' lang='grc' dir='ltr'><strong>τὸν</strong></span> <span class='ocrx_word' id='word_1_461' title='bbox 1355 3537 1451 3607; x_wconf 85' lang='grc' dir='ltr'>τῆς</span> <span class='ocrx_word' id='word_1_462' title='bbox 1484 3535 1693 3590; x_wconf 79' lang='grc' dir='ltr'>ἑαυτῶν</span> <span class='ocrx_word' id='word_1_463' title='bbox 1727 3553 1866 3605; x_wconf 84' lang='grc' dir='ltr'>φαυ-</span> 
     </span>
    </p>
   </div>
   <div class='ocr_carea' id='block_1_61' title="bbox 289 3624 1870 3703">
    <p class='ocr_par' dir='ltr' id='par_1_61' title="bbox 289 3624 1870 3703">
     <span class='ocr_line' id='line_1_61' title="bbox 289 3624 1870 3703; baseline -0.004 -20"><span class='ocrx_word' id='word_1_464' title='bbox 289 3632 510 3703; x_wconf 84' lang='grc' dir='ltr'>λότητος</span> <span class='ocrx_word' id='word_1_465' title='bbox 552 3628 722 3700; x_wconf 89' lang='grc' dir='ltr'>ῥύπον</span> <span class='ocrx_word' id='word_1_466' title='bbox 753 3624 1131 3698; x_wconf 80' lang='grc' dir='ltr'>λογιζόμενοι,</span> <span class='ocrx_word' id='word_1_467' title='bbox 1180 3627 1244 3679; x_wconf 80' lang='grc' dir='ltr'>Δί</span> <span class='ocrx_word' id='word_1_468' title='bbox 1279 3624 1477 3679; x_wconf 85' lang='grc' dir='ltr'>πλάναι</span> <span class='ocrx_word' id='word_1_469' title='bbox 1525 3625 1703 3696; x_wconf 79' lang='grc' dir='ltr'>ἡμῶν,</span> <span class='ocrx_word' id='word_1_470' title='bbox 1738 3624 1870 3695; x_wconf 80' lang='grc' dir='ltr'>ἔφα-</span> 
     </span>
    </p>
   </div>
   <div class='ocr_carea' id='block_1_62' title="bbox 282 3715 1866 3793">
    <p class='ocr_par' dir='ltr' id='par_1_62' title="bbox 282 3715 1866 3793">
     <span class='ocr_line' id='line_1_62' title="bbox 282 3715 1866 3793; baseline -0.005 -14"><span class='ocrx_word' id='word_1_471' title='bbox 282 3741 439 3789; x_wconf 87' lang='grc' dir='ltr'>σκον,</span> <span class='ocrx_word' id='word_1_472' title='bbox 471 3725 528 3777; x_wconf 83' lang='grc' dir='ltr'><strong>ἐν</strong></span> <span class='ocrx_word' id='word_1_473' title='bbox 557 3723 689 3793; x_wconf 84' lang='grc' dir='ltr'>ἡμῖν</span> <span class='ocrx_word' id='word_1_474' title='bbox 715 3722 877 3785; x_wconf 83' lang='grc' dir='ltr'>εἰσιν,</span> <span class='ocrx_word' id='word_1_475' title='bbox 907 3718 1004 3773; x_wconf 79' lang='grc' dir='ltr'><strong>καὶ</strong></span> <span class='ocrx_word' id='word_1_476' title='bbox 1035 3719 1094 3770; x_wconf 86' lang='grc' dir='ltr'><strong>ἐν</strong></span> <span class='ocrx_word' id='word_1_477' title='bbox 1128 3717 1321 3781; x_wconf 86' lang='grc' dir='ltr'>αὐταῖς</span> <span class='ocrx_word' id='word_1_478' title='bbox 1348 3717 1509 3788; x_wconf 80' lang='grc' dir='ltr'>ἡμεῖς</span> <span class='ocrx_word' id='word_1_479' title='bbox 1548 3715 1866 3787; x_wconf 88' lang='grc' dir='ltr'>τικτόμεθα.</span> 
     </span>
    </p>
   </div>
   <div class='ocr_carea' id='block_1_63' title="bbox 288 3808 1872 3885">
    <p class='ocr_par' dir='ltr' id='par_1_63' title="bbox 288 3808 1872 3885">
     <span class='ocr_line' id='line_1_63' title="bbox 288 3808 1872 3885; baseline -0.007 -13"><span class='ocrx_word' id='word_1_480' title='bbox 288 3818 400 3873; x_wconf 73' lang='grc' dir='ltr'><strong>Καὶ</strong></span> <span class='ocrx_word' id='word_1_481' title='bbox 437 3816 555 3880; x_wconf 85' lang='grc' dir='ltr'><strong>πῶς</strong></span> <span class='ocrx_word' id='word_1_482' title='bbox 582 3812 896 3885; x_wconf 73' lang='grc' dir='ltr'>ζησόμεθας</span> <span class='ocrx_word' id='word_1_483' title='bbox 924 3812 1035 3867; x_wconf 76' lang='grc' dir='ltr'><strong>Καὶ</strong></span> <span class='ocrx_word' id='word_1_484' title='bbox 1062 3811 1115 3865; x_wconf 87' lang='grc' dir='ltr'><strong>τί</strong></span> <span class='ocrx_word' id='word_1_485' title='bbox 1158 3808 1294 3883; x_wconf 82' lang='grc' dir='ltr'>πρὸς</span> <span class='ocrx_word' id='word_1_486' title='bbox 1321 3809 1490 3864; x_wconf 88' lang='grc' dir='ltr'>ταῦτα</span> <span class='ocrx_word' id='word_1_487' title='bbox 1519 3809 1686 3875; x_wconf 86' lang='grc' dir='ltr'>Θεός;</span> <span class='ocrx_word' id='word_1_488' title='bbox 1728 3808 1872 3864; x_wconf 83' lang='grc' dir='ltr'>Ἐπι-</span> 
     </span>
    </p>
   </div>
   <div class='ocr_carea' id='block_1_64' title="bbox 2052 2630 3554 2701">
    <p class='ocr_par' dir='ltr' id='par_1_64' title="bbox 2052 2630 3554 2701">
     <span class='ocr_line' id='line_1_64' title="bbox 2052 2630 3554 2701; baseline 0 -16"><span class='ocrx_word' id='word_1_489' title='bbox 2052 2631 2214 2688; x_wconf 70' lang='lat' dir='ltr'><strong>Vens.</strong></span> <span class='ocrx_word' id='word_1_490' title='bbox 2244 2631 2300 2696; x_wconf 90' lang='lat'><strong>8,</strong></span> <span class='ocrx_word' id='word_1_491' title='bbox 2335 2630 2396 2686; x_wconf 62' lang='lat'><strong>9.</strong></span> <span class='ocrx_word' id='word_1_492' title='bbox 2427 2631 2551 2687; x_wconf 81' lang='lat' dir='ltr'><strong>Non</strong></span> <span class='ocrx_word' id='word_1_493' title='bbox 2578 2631 2715 2686; x_wconf 79' lang='lat' dir='ltr'><strong>enim</strong></span> <span class='ocrx_word' id='word_1_494' title='bbox 2744 2639 2866 2686; x_wconf 73' lang='lat' dir='ltr'><strong>sunt</strong></span> <span class='ocrx_word' id='word_1_495' title='bbox 2914 2630 3259 2701; x_wconf 74' lang='lat' dir='ltr'><strong>cogitatione:</strong></span> <span class='ocrx_word' id='word_1_496' title='bbox 3289 2646 3420 2686; x_wconf 73' lang='lat' dir='ltr'><strong>mea:</strong></span> <span class='ocrx_word' id='word_1_497' title='bbox 3449 2633 3554 2686; x_wconf 79' lang='lat' dir='ltr'><strong>sic-</strong></span> 
     </span>
    </p>
   </div>
   <div class='ocr_carea' id='block_1_65' title="bbox 1976 2723 3550 2793">
    <p class='ocr_par' dir='ltr' id='par_1_65' title="bbox 1976 2723 3550 2793">
     <span class='ocr_line' id='line_1_65' title="bbox 1976 2723 3550 2793; baseline 0.001 -16"><span class='ocrx_word' id='word_1_498' title='bbox 1976 2733 2033 2778; x_wconf 87' lang='lat' dir='ltr'><strong>ut</strong></span> <span class='ocrx_word' id='word_1_499' title='bbox 2082 2723 2426 2793; x_wconf 73' lang='lat' dir='ltr'><strong>cogitationes</strong></span> <span class='ocrx_word' id='word_1_500' title='bbox 2474 2731 2690 2789; x_wconf 68' lang='lat' dir='ltr'><strong>vestrae;</strong></span> <span class='ocrx_word' id='word_1_501' title='bbox 2727 2738 2888 2792; x_wconf 82' lang='lat' dir='ltr'><strong>neque</strong></span> <span class='ocrx_word' id='word_1_502' title='bbox 2936 2723 3033 2778; x_wconf 77' lang='lat' dir='ltr'><strong>via:</strong></span> <span class='ocrx_word' id='word_1_503' title='bbox 3087 2739 3215 2778; x_wconf 76' lang='lat' dir='ltr'><strong>mete</strong></span> <span class='ocrx_word' id='word_1_504' title='bbox 3267 2724 3404 2777; x_wconf 74' lang='lat' dir='ltr'><strong>sicut</strong></span> <span class='ocrx_word' id='word_1_505' title='bbox 3451 2723 3550 2778; x_wconf 73' lang='lat' dir='ltr'><strong>via:</strong></span> 
     </span>
    </p>
   </div>
   <div class='ocr_carea' id='block_1_66' title="bbox 1975 2812 3551 2880">
    <p class='ocr_par' dir='ltr' id='par_1_66' title="bbox 1975 2812 3551 2880">
     <span class='ocr_line' id='line_1_66' title="bbox 1975 2812 3551 2880; baseline -0.003 -11"><span class='ocrx_word' id='word_1_506' title='bbox 1975 2822 2178 2869; x_wconf 67' lang='lat' dir='ltr'><strong>vestr-te.</strong></span> <span class='ocrx_word' id='word_1_507' title='bbox 2215 2812 2344 2880; x_wconf 83' lang='lat' dir='ltr'><strong>Sed,</strong></span> <span class='ocrx_word' id='word_1_508' title='bbox 2370 2822 2425 2866; x_wconf 89' lang='lat' dir='ltr'><strong>ut</strong></span> <span class='ocrx_word' id='word_1_509' title='bbox 2456 2813 2615 2867; x_wconf 78' lang='lat' dir='ltr'><strong>distat</strong></span> <span class='ocrx_word' id='word_1_510' title='bbox 2644 2813 2830 2867; x_wconf 71' lang='lat' dir='ltr'><strong>cretum</strong></span> <span class='ocrx_word' id='word_1_511' title='bbox 2859 2830 2891 2866; x_wconf 87' lang='lat' dir='ltr'><strong>a</strong></span> <span class='ocrx_word' id='word_1_512' title='bbox 2920 2820 3087 2879; x_wconf 82' lang='lat' dir='ltr'><strong>terra,</strong></span> <span class='ocrx_word' id='word_1_513' title='bbox 3134 2812 3212 2866; x_wconf 73' lang='lat' dir='ltr'><strong>sic</strong></span> <span class='ocrx_word' id='word_1_514' title='bbox 3262 2812 3424 2866; x_wconf 74' lang='lat' dir='ltr'><strong>distat</strong></span> <span class='ocrx_word' id='word_1_515' title='bbox 3467 2812 3551 2865; x_wconf 76' lang='lat' dir='ltr'><strong>via</strong></span> 
     </span>
    </p>
   </div>
   <div class='ocr_carea' id='block_1_67' title="bbox 1975 2903 3551 2975">
    <p class='ocr_par' dir='ltr' id='par_1_67' title="bbox 1975 2903 3551 2975">
     <span class='ocr_line' id='line_1_67' title="bbox 1975 2903 3551 2975; baseline -0.003 -16"><span class='ocrx_word' id='word_1_516' title='bbox 1975 2921 2089 2959; x_wconf 84' lang='lat' dir='ltr'><strong>mea</strong></span> <span class='ocrx_word' id='word_1_517' title='bbox 2125 2921 2157 2959; x_wconf 79' lang='grc' dir='ltr'><strong>α</strong></span> <span class='ocrx_word' id='word_1_518' title='bbox 2185 2904 2279 2959; x_wconf 72' lang='lat' dir='ltr'><strong>viis</strong></span> <span class='ocrx_word' id='word_1_519' title='bbox 2313 2904 2516 2970; x_wconf 75' lang='lat' dir='ltr'><strong>vestris,</strong></span> <span class='ocrx_word' id='word_1_520' title='bbox 2574 2914 2622 2958; x_wconf 84' lang='lat' dir='ltr'><strong>et</strong></span> <span class='ocrx_word' id='word_1_521' title='bbox 2650 2904 2990 2975; x_wconf 75' lang='lat' dir='ltr'><strong>cogitationes</strong></span> <span class='ocrx_word' id='word_1_522' title='bbox 3021 2914 3201 2959; x_wconf 76' lang='lat' dir='ltr'><strong>vestra:</strong></span> <span class='ocrx_word' id='word_1_523' title='bbox 3225 2920 3256 2957; x_wconf 90' lang='lat' dir='ltr'><strong>a</strong></span> <span class='ocrx_word' id='word_1_524' title='bbox 3281 2903 3551 2973; x_wconf 85' lang='lat' dir='ltr'><strong>cogitatio-</strong></span> 
     </span>
    </p>
   </div>
   <div class='ocr_carea' id='block_1_68' title="bbox 1896 3006 2202 3069">
    <p class='ocr_par' dir='ltr' id='par_1_68' title="bbox 1896 3006 2202 3069">
     <span class='ocr_line' id='line_1_68' title="bbox 1896 3006 2202 3069; baseline 0.003 -22"><span class='ocrx_word' id='word_1_525' title='bbox 1896 3006 1942 3069; x_wconf 72' lang='grc' dir='ltr'>ο</span> <span class='ocrx_word' id='word_1_526' title='bbox 1976 3009 2040 3049; x_wconf 85' lang='lat' dir='ltr'><strong>ne</strong></span> <span class='ocrx_word' id='word_1_527' title='bbox 2064 3009 2202 3049; x_wconf 82' lang='lat' dir='ltr'><strong>mea.</strong></span> 
     </span>
    </p>
   </div>
   <div class='ocr_carea' id='block_1_69' title="bbox 2046 3082 3549 3155">
    <p class='ocr_par' dir='ltr' id='par_1_69' title="bbox 2046 3082 3549 3155">
     <span class='ocr_line' id='line_1_69' title="bbox 2046 3082 3549 3155; baseline -0.004 -13"><span class='ocrx_word' id='word_1_528' title='bbox 2046 3086 2278 3144; x_wconf 82' lang='lat' dir='ltr'><strong>Vocatos</strong></span> <span class='ocrx_word' id='word_1_529' title='bbox 2310 3087 2378 3142; x_wconf 90' lang='lat' dir='ltr'><strong>ad</strong></span> <span class='ocrx_word' id='word_1_530' title='bbox 2425 3086 2837 3143; x_wconf 88' lang='lat' dir='ltr'><strong>conversionem</strong></span> <span class='ocrx_word' id='word_1_531' title='bbox 2884 3094 2940 3141; x_wconf 88' lang='lat' dir='ltr'><strong>et</strong></span> <span class='ocrx_word' id='word_1_532' title='bbox 2994 3082 3423 3155; x_wconf 85' lang='lat' dir='ltr'><strong>redemptionem</strong></span> <span class='ocrx_word' id='word_1_533' title='bbox 3483 3096 3549 3136; x_wconf 89' lang='lat' dir='ltr'><strong>ac</strong></span> 
     </span>
    </p>
   </div>
   <div class='ocr_carea' id='block_1_70' title="bbox 1973 3173 3548 3247">
    <p class='ocr_par' dir='ltr' id='par_1_70' title="bbox 1973 3173 3548 3247">
     <span class='ocr_line' id='line_1_70' title="bbox 1973 3173 3548 3247; baseline -0.003 -14"><span class='ocrx_word' id='word_1_534' title='bbox 1973 3177 2411 3234; x_wconf 89' lang='lat' dir='ltr'><strong>emundationem</strong></span> <span class='ocrx_word' id='word_1_535' title='bbox 2466 3186 2813 3247; x_wconf 88' lang='lat' dir='ltr'><strong>peccatorum</strong></span> <span class='ocrx_word' id='word_1_536' title='bbox 2867 3191 2973 3231; x_wconf 92' lang='lat' dir='ltr'><strong>non</strong></span> <span class='ocrx_word' id='word_1_537' title='bbox 3030 3174 3162 3231; x_wconf 89' lang='lat' dir='ltr'><strong>sinit</strong></span> <span class='ocrx_word' id='word_1_538' title='bbox 3215 3173 3402 3245; x_wconf 65' lang='lat' dir='ltr'><strong>gratia:</strong></span> <span class='ocrx_word' id='word_1_539' title='bbox 3451 3187 3548 3243; x_wconf 88' lang='lat' dir='ltr'><strong>per</strong></span> 
     </span>
    </p>
   </div>
   <div class='ocr_carea' id='block_1_71' title="bbox 1972 3266 3545 3337">
    <p class='ocr_par' dir='ltr' id='par_1_71' title="bbox 1972 3266 3545 3337">
     <span class='ocr_line' id='line_1_71' title="bbox 1972 3266 3545 3337; baseline -0.003 -12"><span class='ocrx_word' id='word_1_540' title='bbox 1972 3270 2243 3327; x_wconf 89' lang='lat' dir='ltr'><strong>Christum</strong></span> <span class='ocrx_word' id='word_1_541' title='bbox 2287 3268 2550 3326; x_wconf 83' lang='lat' dir='ltr'><strong>dillidere.</strong></span> <span class='ocrx_word' id='word_1_542' title='bbox 2579 3268 2732 3337; x_wconf 76' lang='lat' dir='ltr'><strong>Quod</strong></span> <span class='ocrx_word' id='word_1_543' title='bbox 2782 3268 3027 3325; x_wconf 80' lang='lat' dir='ltr'><strong>fecerunt</strong></span> <span class='ocrx_word' id='word_1_544' title='bbox 3087 3266 3366 3323; x_wconf 75' lang='lat' dir='ltr'><strong>lsraelitm.</strong></span> <span class='ocrx_word' id='word_1_545' title='bbox 3434 3266 3545 3321; x_wconf 88' lang='lat' dir='ltr'><strong>Deo</strong></span> 
     </span>
    </p>
   </div>
   <div class='ocr_carea' id='block_1_72' title="bbox 1973 3359 3550 3431">
    <p class='ocr_par' dir='ltr' id='par_1_72' title="bbox 1973 3359 3550 3431">
     <span class='ocr_line' id='line_1_72' title="bbox 1973 3359 3550 3431; baseline -0.002 -16"><span class='ocrx_word' id='word_1_546' title='bbox 1973 3377 2208 3431; x_wconf 87' lang='lat' dir='ltr'><strong>namque</strong></span> <span class='ocrx_word' id='word_1_547' title='bbox 2240 3362 2306 3416; x_wconf 90' lang='lat' dir='ltr'><strong>ad</strong></span> <span class='ocrx_word' id='word_1_548' title='bbox 2335 3361 2747 3417; x_wconf 87' lang='lat' dir='ltr'><strong>conversionem</strong></span> <span class='ocrx_word' id='word_1_549' title='bbox 2771 3369 2826 3415; x_wconf 88' lang='lat' dir='ltr'><strong>et</strong></span> <span class='ocrx_word' id='word_1_550' title='bbox 2850 3359 3278 3428; x_wconf 85' lang='lat' dir='ltr'><strong>resipisecntiam</strong></span> <span class='ocrx_word' id='word_1_551' title='bbox 3294 3366 3550 3425; x_wconf 81' lang='lat' dir='ltr'><strong>vocante,</strong></span> 
     </span>
    </p>
   </div>
   <div class='ocr_carea' id='block_1_73' title="bbox 1973 3449 3549 3519">
    <p class='ocr_par' dir='ltr' id='par_1_73' title="bbox 1973 3449 3549 3519">
     <span class='ocr_line' id='line_1_73' title="bbox 1973 3449 3549 3519; baseline -0.002 -14"><span class='ocrx_word' id='word_1_552' title='bbox 1973 3451 2412 3507; x_wconf 86' lang='lat' dir='ltr'><strong>accusationibus</strong></span> <span class='ocrx_word' id='word_1_553' title='bbox 2442 3449 2790 3505; x_wconf 70' lang='lat' dir='ltr'><strong>conscientiae</strong></span> <span class='ocrx_word' id='word_1_554' title='bbox 2811 3450 3120 3519; x_wconf 88' lang='lat' dir='ltr'><strong>compuncti</strong></span> <span class='ocrx_word' id='word_1_555' title='bbox 3147 3459 3202 3505; x_wconf 90' lang='lat' dir='ltr'><strong>et</strong></span> <span class='ocrx_word' id='word_1_556' title='bbox 3232 3449 3549 3513; x_wconf 87' lang='lat' dir='ltr'><strong>commorsi,</strong></span> 
     </span>
    </p>
   </div>
   <div class='ocr_carea' id='block_1_74' title="bbox 1971 3539 3546 3612">
    <p class='ocr_par' dir='ltr' id='par_1_74' title="bbox 1971 3539 3546 3612">
     <span class='ocr_line' id='line_1_74' title="bbox 1971 3539 3546 3612; baseline -0.003 -15"><span class='ocrx_word' id='word_1_557' title='bbox 1971 3542 2267 3612; x_wconf 89' lang='lat' dir='ltr'><strong>sordesque</strong></span> <span class='ocrx_word' id='word_1_558' title='bbox 2303 3556 2416 3597; x_wconf 85' lang='lat' dir='ltr'><strong>suae</strong></span> <span class='ocrx_word' id='word_1_559' title='bbox 2447 3540 2764 3595; x_wconf 89' lang='lat' dir='ltr'><strong>vitiositatis</strong></span> <span class='ocrx_word' id='word_1_560' title='bbox 2795 3539 2887 3593; x_wconf 79' lang='lat' dir='ltr'><strong>vix</strong></span> <span class='ocrx_word' id='word_1_561' title='bbox 2934 3539 3040 3593; x_wconf 90' lang='lat' dir='ltr'><strong>elui</strong></span> <span class='ocrx_word' id='word_1_562' title='bbox 3097 3554 3266 3608; x_wconf 90' lang='lat' dir='ltr'><strong>posse</strong></span> <span class='ocrx_word' id='word_1_563' title='bbox 3325 3539 3546 3594; x_wconf 90' lang='lat' dir='ltr'><strong>omnino</strong></span> 
     </span>
    </p>
   </div>
   <div class='ocr_carea' id='block_1_75' title="bbox 1971 3628 3547 3702">
    <p class='ocr_par' dir='ltr' id='par_1_75' title="bbox 1971 3628 3547 3702">
     <span class='ocr_line' id='line_1_75' title="bbox 1971 3628 3547 3702; baseline -0.005 -12"><span class='ocrx_word' id='word_1_564' title='bbox 1971 3634 2292 3702; x_wconf 88' lang='lat' dir='ltr'><strong>cogitantes,</strong></span> <span class='ocrx_word' id='word_1_565' title='bbox 2314 3631 2539 3686; x_wconf 85' lang='lat' dir='ltr'><strong>Errores</strong></span> <span class='ocrx_word' id='word_1_566' title='bbox 2561 3629 2753 3695; x_wconf 90' lang='lat' dir='ltr'><strong>nostri,</strong></span> <span class='ocrx_word' id='word_1_567' title='bbox 2771 3628 3108 3698; x_wconf 86' lang='lat' dir='ltr'><strong>inquiebant,</strong></span> <span class='ocrx_word' id='word_1_568' title='bbox 3134 3629 3187 3682; x_wconf 92' lang='lat' dir='ltr'><strong>in</strong></span> <span class='ocrx_word' id='word_1_569' title='bbox 3219 3629 3373 3684; x_wconf 90' lang='lat' dir='ltr'><strong>nobis</strong></span> <span class='ocrx_word' id='word_1_570' title='bbox 3398 3638 3547 3693; x_wconf 89' lang='lat' dir='ltr'><strong>sunt,</strong></span> 
     </span>
    </p>
   </div>
   <div class='ocr_carea' id='block_1_76' title="bbox 1971 3719 3548 3790">
    <p class='ocr_par' dir='ltr' id='par_1_76' title="bbox 1971 3719 3548 3790">
     <span class='ocr_line' id='line_1_76' title="bbox 1971 3719 3548 3790; baseline -0.004 -9"><span class='ocrx_word' id='word_1_571' title='bbox 1971 3736 2025 3781; x_wconf 91' lang='lat' dir='ltr'><strong>et</strong></span> <span class='ocrx_word' id='word_1_572' title='bbox 2061 3740 2160 3780; x_wconf 90' lang='lat' dir='ltr'><strong>nos</strong></span> <span class='ocrx_word' id='word_1_573' title='bbox 2186 3725 2240 3781; x_wconf 92' lang='lat' dir='ltr'><strong>in</strong></span> <span class='ocrx_word' id='word_1_574' title='bbox 2272 3723 2377 3779; x_wconf 91' lang='lat' dir='ltr'><strong>illis</strong></span> <span class='ocrx_word' id='word_1_575' title='bbox 2403 3722 2517 3779; x_wconf 89' lang='lat' dir='ltr'><strong>nati</strong></span> <span class='ocrx_word' id='word_1_576' title='bbox 2554 3734 2764 3777; x_wconf 90' lang='lat' dir='ltr'><strong>sumus.</strong></span> <span class='ocrx_word' id='word_1_577' title='bbox 2805 3719 2867 3774; x_wconf 88' lang='lat' dir='ltr'><strong>Et</strong></span> <span class='ocrx_word' id='word_1_578' title='bbox 2918 3719 3189 3790; x_wconf 89' lang='lat' dir='ltr'><strong>quomodo</strong></span> <span class='ocrx_word' id='word_1_579' title='bbox 3258 3720 3548 3775; x_wconf 81' lang='lat' dir='ltr'><strong>vivemus?</strong></span> 
     </span>
    </p>
   </div>
   <div class='ocr_carea' id='block_1_77' title="bbox 1968 3811 3546 3890">
    <p class='ocr_par' dir='ltr' id='par_1_77' title="bbox 1968 3811 3546 3890">
     <span class='ocr_line' id='line_1_77' title="bbox 1968 3811 3546 3890; baseline -0.006 -16"><span class='ocrx_word' id='word_1_580' title='bbox 1968 3821 2049 3874; x_wconf 83' lang='lat' dir='ltr'><strong>Ad</strong></span> <span class='ocrx_word' id='word_1_581' title='bbox 2066 3832 2185 3890; x_wconf 69' lang='lat' dir='ltr'><strong>qua:</strong></span> <span class='ocrx_word' id='word_1_582' title='bbox 2207 3819 2350 3873; x_wconf 85' lang='lat' dir='ltr'><strong>Deus</strong></span> <span class='ocrx_word' id='word_1_583' title='bbox 2378 3836 2392 3873; x_wconf 87' lang='lat'><strong>:</strong></span> <span class='ocrx_word' id='word_1_584' title='bbox 2418 3815 2573 3872; x_wconf 88' lang='lat' dir='ltr'><strong>Serio</strong></span> <span class='ocrx_word' id='word_1_585' title='bbox 2599 3811 2947 3870; x_wconf 87' lang='lat' dir='ltr'><strong>revertamini</strong></span> <span class='ocrx_word' id='word_1_586' title='bbox 2972 3826 3003 3866; x_wconf 90' lang='lat' dir='ltr'><strong>a</strong></span> <span class='ocrx_word' id='word_1_587' title='bbox 3028 3812 3114 3866; x_wconf 88' lang='lat' dir='ltr'><strong>via</strong></span> <span class='ocrx_word' id='word_1_588' title='bbox 3144 3811 3546 3877; x_wconf 89' lang='lat' dir='ltr'><strong>vestra,domus</strong></span> 
     </span>
    </p>
   </div>
   <div class='ocr_carea' id='block_1_78' title="bbox 291 3894 1876 3979">
    <p class='ocr_par' dir='ltr' id='par_1_78' title="bbox 291 3894 1869 3979">
     <span class='ocr_line' id='line_1_78' title="bbox 291 3894 1869 3979; baseline -0.005 -19"><span class='ocrx_word' id='word_1_589' title='bbox 291 3908 496 3979; x_wconf 83' lang='grc' dir='ltr'>στροφῇ</span> <span class='ocrx_word' id='word_1_590' title='bbox 542 3901 919 3975; x_wconf 76' lang='grc' dir='ltr'>ἀποστρέψατε</span> <span class='ocrx_word' id='word_1_591' title='bbox 965 3900 1072 3956; x_wconf 84' lang='grc' dir='ltr'><strong>ἀπὸ</strong></span> <span class='ocrx_word' id='word_1_592' title='bbox 1109 3901 1205 3973; x_wconf 82' lang='grc' dir='ltr'><strong>τῆς</strong></span> <span class='ocrx_word' id='word_1_593' title='bbox 1234 3898 1353 3954; x_wconf 78' lang='grc' dir='ltr'>ὀδοῦ</span> <span class='ocrx_word' id='word_1_594' title='bbox 1394 3899 1569 3970; x_wconf 81' lang='grc' dir='ltr'>ὑμῶν,</span> <span class='ocrx_word' id='word_1_595' title='bbox 1598 3894 1745 3964; x_wconf 76' lang='grc' dir='ltr'>οἵκος</span> <span class='ocrx_word' id='word_1_596' title='bbox 1774 3899 1869 3953; x_wconf 89' lang='grc' dir='ltr'><strong>τοῦ</strong></span> 
     </span>
    </p>
   </div>
   <div class='ocr_carea' id='block_1_79' title="bbox 1975 3894 3545 3979">
    <p class='ocr_par' dir='ltr' id='par_1_79' title="bbox 1977 3902 3545 3976">
     <span class='ocr_line' id='line_1_79' title="bbox 1977 3902 3545 3976; baseline -0.006 -9"><span class='ocrx_word' id='word_1_597' title='bbox 1977 3910 2174 3976; x_wconf 77' lang='lat' dir='ltr'><strong>Israel,</strong></span> <span class='ocrx_word' id='word_1_598' title='bbox 2204 3918 2261 3967; x_wconf 91' lang='lat' dir='ltr'><strong>et</strong></span> <span class='ocrx_word' id='word_1_599' title='bbox 2287 3922 2395 3965; x_wconf 89' lang='lat' dir='ltr'><strong>non</strong></span> <span class='ocrx_word' id='word_1_600' title='bbox 2428 3908 2624 3964; x_wconf 88' lang='lat' dir='ltr'><strong>cedent</strong></span> <span class='ocrx_word' id='word_1_601' title='bbox 2663 3904 2816 3961; x_wconf 83' lang='lat' dir='ltr'><strong>vobis</strong></span> <span class='ocrx_word' id='word_1_602' title='bbox 2844 3903 2899 3959; x_wconf 89' lang='lat' dir='ltr'><strong>in</strong></span> <span class='ocrx_word' id='word_1_603' title='bbox 2958 3902 3279 3974; x_wconf 78' lang='lat' dir='ltr'><strong>supplicium</strong></span> <span class='ocrx_word' id='word_1_604' title='bbox 3333 3902 3545 3968; x_wconf 87' lang='lat' dir='ltr'><strong>injusti-</strong></span> 
     </span>
    </p>
   </div>
   <div class='ocr_carea' id='block_1_80' title="bbox 301 3990 1876 4073">
    <p class='ocr_par' dir='ltr' id='par_1_80' title="bbox 301 3990 1865 4071">
     <span class='ocr_line' id='line_1_80' title="bbox 301 3990 1865 4071; baseline -0.004 -19"><span class='ocrx_word' id='word_1_605' title='bbox 301 3996 536 4071; x_wconf 79' lang='grc' dir='ltr'>Ἰσραὴλ,</span> <span class='ocrx_word' id='word_1_606' title='bbox 571 3996 664 4050; x_wconf 75' lang='grc' dir='ltr'><strong>καὶ</strong></span> <span class='ocrx_word' id='word_1_607' title='bbox 695 3995 795 4048; x_wconf 80' lang='grc' dir='ltr'><strong>οὐκ</strong></span> <span class='ocrx_word' id='word_1_608' title='bbox 825 3992 1039 4047; x_wconf 74' lang='grc' dir='ltr'>ἔσονται</span> <span class='ocrx_word' id='word_1_609' title='bbox 1089 3995 1216 4065; x_wconf 84' lang='grc' dir='ltr'>ύμῖν</span> <span class='ocrx_word' id='word_1_610' title='bbox 1249 3994 1329 4056; x_wconf 88' lang='grc' dir='ltr'><strong>είς</strong></span> <span class='ocrx_word' id='word_1_611' title='bbox 1360 3992 1582 4047; x_wconf 69' lang='grc' dir='ltr'>κόλασιν</span> <span class='ocrx_word' id='word_1_612' title='bbox 1633 3990 1865 4057; x_wconf 87' lang='grc' dir='ltr'>ἀδικίας.</span> 
     </span>
    </p>
   </div>
   <div class='ocr_carea' id='block_1_81' title="bbox 1975 3990 3544 4073">
    <p class='ocr_par' dir='ltr' id='par_1_81' title="bbox 1975 3993 3544 4073">
     <span class='ocr_line' id='line_1_81' title="bbox 1975 3993 3544 4073; baseline -0.007 -13"><span class='ocrx_word' id='word_1_613' title='bbox 1975 4006 2079 4060; x_wconf 86' lang='lat' dir='ltr'><strong>tiae.</strong></span> <span class='ocrx_word' id='word_1_614' title='bbox 2108 4002 2334 4071; x_wconf 82' lang='lat' dir='ltr'><strong>Quando</strong></span> <span class='ocrx_word' id='word_1_615' title='bbox 2365 4001 2529 4073; x_wconf 89' lang='lat' dir='ltr'><strong>igitur</strong></span> <span class='ocrx_word' id='word_1_616' title='bbox 2565 4014 2682 4065; x_wconf 90' lang='lat' dir='ltr'><strong>vos,</strong></span> <span class='ocrx_word' id='word_1_617' title='bbox 2726 3996 2920 4067; x_wconf 90' lang='lat' dir='ltr'><strong>inquit,</strong></span> <span class='ocrx_word' id='word_1_618' title='bbox 2996 3993 3257 4062; x_wconf 83' lang='lat' dir='ltr'><strong>dilliditis,</strong></span> <span class='ocrx_word' id='word_1_619' title='bbox 3308 4010 3394 4050; x_wconf 90' lang='lat' dir='ltr'><strong>me</strong></span> <span class='ocrx_word' id='word_1_620' title='bbox 3446 3995 3544 4067; x_wconf 78' lang='lat' dir='ltr'><strong>qui</strong></span> 
     </span>
    </p>
   </div>
   <div class='ocr_carea' id='block_1_82' title="bbox 292 4081 1876 4165">
    <p class='ocr_par' dir='ltr' id='par_1_82' title="bbox 292 4081 1873 4157">
     <span class='ocr_line' id='line_1_82' title="bbox 292 4081 1873 4157; baseline -0.006 -14"><span class='ocrx_word' id='word_1_621' title='bbox 292 4088 461 4143; x_wconf 87' lang='grc' dir='ltr'>Ὅταν</span> <span class='ocrx_word' id='word_1_622' title='bbox 486 4086 664 4141; x_wconf 84' lang='grc' dir='ltr'>τοίνυν</span> <span class='ocrx_word' id='word_1_623' title='bbox 687 4085 950 4157; x_wconf 76' lang='grc' dir='ltr'>ἀπιστῆτε</span> <span class='ocrx_word' id='word_1_624' title='bbox 997 4085 1092 4139; x_wconf 56' lang='grc' dir='ltr'><strong>καὶ⁸</strong></span> <span class='ocrx_word' id='word_1_625' title='bbox 1113 4085 1289 4154; x_wconf 81' lang='grc' dir='ltr'>ὑμεῖς,</span> <span class='ocrx_word' id='word_1_626' title='bbox 1321 4081 1482 4147; x_wconf 79' lang='grc' dir='ltr'>αὑτός</span> <span class='ocrx_word' id='word_1_627' title='bbox 1507 4099 1660 4153; x_wconf 86' lang='grc' dir='ltr'>φησι,</span> <span class='ocrx_word' id='word_1_628' title='bbox 1692 4081 1873 4136; x_wconf 81' lang='grc' dir='ltr'>διαϐε-</span> 
     </span>
    </p>
   </div>
   <div class='ocr_carea' id='block_1_83' title="bbox 1975 4081 3543 4165">
    <p class='ocr_par' dir='ltr' id='par_1_83' title="bbox 1975 4085 3543 4165">
     <span class='ocr_line' id='line_1_83' title="bbox 1975 4085 3543 4165; baseline -0.005 -15"><span class='ocrx_word' id='word_1_629' title='bbox 1975 4096 2151 4151; x_wconf 87' lang='lat' dir='ltr'><strong>omnia</strong></span> <span class='ocrx_word' id='word_1_630' title='bbox 2190 4108 2430 4165; x_wconf 88' lang='lat' dir='ltr'><strong>possum,</strong></span> <span class='ocrx_word' id='word_1_631' title='bbox 2480 4090 2781 4150; x_wconf 77' lang='lat' dir='ltr'><strong>afﬁrmante</strong></span> <span class='ocrx_word' id='word_1_632' title='bbox 2832 4097 2888 4144; x_wconf 94' lang='lat' dir='ltr'><strong>et</strong></span> <span class='ocrx_word' id='word_1_633' title='bbox 2921 4088 3171 4144; x_wconf 86' lang='lat' dir='ltr'><strong>dicente:</strong></span> <span class='ocrx_word' id='word_1_634' title='bbox 3236 4085 3397 4144; x_wconf 89' lang='lat' dir='ltr'><strong>Omni</strong></span> <span class='ocrx_word' id='word_1_635' title='bbox 3446 4102 3543 4143; x_wconf 88' lang='lat' dir='ltr'><strong>vos</strong></span> 
     </span>
    </p>
   </div>
   <div class='ocr_carea' id='block_1_84' title="bbox 291 4170 1876 4251">
    <p class='ocr_par' dir='ltr' id='par_1_84' title="bbox 291 4170 1870 4248">
     <span class='ocr_line' id='line_1_84' title="bbox 291 4170 1870 4248; baseline -0.003 -17"><span class='ocrx_word' id='word_1_636' title='bbox 291 4177 615 4248; x_wconf 77' lang='grc' dir='ltr'>ϐαιουμένου</span> <span class='ocrx_word' id='word_1_637' title='bbox 642 4192 700 4229; x_wconf 91' lang='grc' dir='ltr'><strong>τε</strong></span> <span class='ocrx_word' id='word_1_638' title='bbox 727 4174 822 4229; x_wconf 72' lang='grc' dir='ltr'>καὶ</span> <span class='ocrx_word' id='word_1_639' title='bbox 856 4174 1107 4243; x_wconf 79' lang='grc' dir='ltr'>λέγοντος</span> <span class='ocrx_word' id='word_1_640' title='bbox 1135 4171 1269 4244; x_wconf 83' lang='grc' dir='ltr'>ἐμοῦ</span> <span class='ocrx_word' id='word_1_641' title='bbox 1300 4171 1393 4226; x_wconf 86' lang='grc' dir='ltr'><strong>τοῦ</strong></span> <span class='ocrx_word' id='word_1_642' title='bbox 1436 4173 1612 4226; x_wconf 78' lang='grc' dir='ltr'>πάντα</span> <span class='ocrx_word' id='word_1_643' title='bbox 1636 4170 1870 4243; x_wconf 80' lang='grc' dir='ltr'>Ιίσχύον-</span> 
     </span>
    </p>
   </div>
   <div class='ocr_carea' id='block_1_85' title="bbox 1975 4170 3541 4251">
    <p class='ocr_par' dir='ltr' id='par_1_85' title="bbox 1975 4179 3541 4251">
     <span class='ocr_line' id='line_1_85' title="bbox 1975 4179 3541 4251; baseline -0.004 -9"><span class='ocrx_word' id='word_1_644' title='bbox 1975 4186 2180 4242; x_wconf 88' lang='lat' dir='ltr'><strong>macula</strong></span> <span class='ocrx_word' id='word_1_645' title='bbox 2208 4185 2469 4251; x_wconf 87' lang='lat' dir='ltr'><strong>liberabo,</strong></span> <span class='ocrx_word' id='word_1_646' title='bbox 2501 4183 2649 4239; x_wconf 89' lang='lat' dir='ltr'><strong>etab</strong></span> <span class='ocrx_word' id='word_1_647' title='bbox 2675 4180 2990 4238; x_wconf 88' lang='lat' dir='ltr'><strong>inveteratis</strong></span> <span class='ocrx_word' id='word_1_648' title='bbox 3014 4179 3232 4251; x_wconf 83' lang='lat' dir='ltr'><strong>ﬂagitiis</strong></span> <span class='ocrx_word' id='word_1_649' title='bbox 3270 4180 3541 4236; x_wconf 90' lang='lat' dir='ltr'><strong>immunes</strong></span> 
     </span>
    </p>
   </div>
   <div class='ocr_carea' id='block_1_86' title="bbox 290 4263 1876 4345">
    <p class='ocr_par' dir='ltr' id='par_1_86' title="bbox 290 4263 1870 4339">
     <span class='ocr_line' id='line_1_86' title="bbox 290 4263 1870 4339; baseline -0.004 -14"><span class='ocrx_word' id='word_1_650' title='bbox 290 4287 400 4334; x_wconf 86' lang='grc' dir='ltr'>τος,</span> <span class='ocrx_word' id='word_1_651' title='bbox 431 4270 513 4325; x_wconf 80' lang='grc' dir='ltr'>ὅτι</span> <span class='ocrx_word' id='word_1_652' title='bbox 557 4269 747 4337; x_wconf 86' lang='grc' dir='ltr'>Πάσης</span> <span class='ocrx_word' id='word_1_653' title='bbox 804 4267 947 4339; x_wconf 77' lang='grc' dir='ltr'>ὑμᾶς</span> <span class='ocrx_word' id='word_1_654' title='bbox 999 4263 1293 4330; x_wconf 79' lang='grc' dir='ltr'>ἀπαλλάξω</span> <span class='ocrx_word' id='word_1_655' title='bbox 1354 4264 1594 4335; x_wconf 84' lang='grc' dir='ltr'>κηλῖδος,</span> <span class='ocrx_word' id='word_1_656' title='bbox 1642 4265 1870 4320; x_wconf 74' lang='grc' dir='ltr'>καὶτῶν</span> 
     </span>
    </p>
   </div>
   <div class='ocr_carea' id='block_1_87' title="bbox 1975 4263 3543 4345">
    <p class='ocr_par' dir='ltr' id='par_1_87' title="bbox 1975 4270 3543 4345">
     <span class='ocr_line' id='line_1_87' title="bbox 1975 4270 3543 4345; baseline -0.005 -11"><span class='ocrx_word' id='word_1_657' title='bbox 1975 4278 2234 4342; x_wconf 87' lang='lat' dir='ltr'><strong>reddam;</strong></span> <span class='ocrx_word' id='word_1_658' title='bbox 2276 4285 2404 4332; x_wconf 91' lang='lat' dir='ltr'><strong>tunc</strong></span> <span class='ocrx_word' id='word_1_659' title='bbox 2450 4272 2592 4345; x_wconf 85' lang='lat' dir='ltr'><strong>apud</strong></span> <span class='ocrx_word' id='word_1_660' title='bbox 2621 4286 2726 4342; x_wconf 77' lang='lat' dir='ltr'><strong>vos</strong></span> <span class='ocrx_word' id='word_1_661' title='bbox 2753 4271 2988 4343; x_wconf 87' lang='lat' dir='ltr'><strong>cogitate</strong></span> <span class='ocrx_word' id='word_1_662' title='bbox 3016 4270 3139 4341; x_wconf 86' lang='lat' dir='ltr'><strong>quis</strong></span> <span class='ocrx_word' id='word_1_663' title='bbox 3181 4284 3282 4339; x_wconf 87' lang='lat' dir='ltr'><strong>ego</strong></span> <span class='ocrx_word' id='word_1_664' title='bbox 3314 4270 3441 4337; x_wconf 90' lang='lat' dir='ltr'><strong>sim,</strong></span> <span class='ocrx_word' id='word_1_665' title='bbox 3489 4280 3543 4326; x_wconf 91' lang='lat' dir='ltr'><strong>ct</strong></span> 
     </span>
    </p>
   </div>
   <div class='ocr_carea' id='block_1_88' title="bbox 290 4349 1876 4441">
    <p class='ocr_par' dir='ltr' id='par_1_88' title="bbox 290 4356 1866 4431">
     <span class='ocr_line' id='line_1_88' title="bbox 290 4356 1866 4431; baseline -0.004 -14"><span class='ocrx_word' id='word_1_666' title='bbox 290 4359 902 4431; x_wconf 79' lang='grc' dir='ltr'>πάλαιδιεπταισμένων</span> <span class='ocrx_word' id='word_1_667' title='bbox 926 4357 1243 4430; x_wconf 86' lang='grc' dir='ltr'>ἐλευθέρους</span> <span class='ocrx_word' id='word_1_668' title='bbox 1282 4356 1566 4426; x_wconf 76' lang='grc' dir='ltr'>ἀποφανῶ,</span> <span class='ocrx_word' id='word_1_669' title='bbox 1596 4357 1716 4411; x_wconf 88' lang='grc' dir='ltr'>τότε</span> <span class='ocrx_word' id='word_1_670' title='bbox 1744 4357 1866 4411; x_wconf 89' lang='grc' dir='ltr'>καθ’</span> 
     </span>
    </p>
   </div>
   <div class='ocr_carea' id='block_1_89' title="bbox 1975 4349 3541 4441">
    <p class='ocr_par' dir='ltr' id='par_1_89' title="bbox 1975 4362 3541 4441">
     <span class='ocr_line' id='line_1_89' title="bbox 1975 4362 3541 4441; baseline -0.006 -16"><span class='ocrx_word' id='word_1_671' title='bbox 1975 4370 2062 4441; x_wconf 86' lang='lat' dir='ltr'><strong>qui</strong></span> <span class='ocrx_word' id='word_1_672' title='bbox 2095 4384 2189 4425; x_wconf 90' lang='lat' dir='ltr'><strong>vos</strong></span> <span class='ocrx_word' id='word_1_673' title='bbox 2218 4369 2360 4437; x_wconf 81' lang='lat' dir='ltr'><strong>sitis,</strong></span> <span class='ocrx_word' id='word_1_674' title='bbox 2396 4375 2451 4425; x_wconf 91' lang='lat' dir='ltr'><strong>et</strong></span> <span class='ocrx_word' id='word_1_675' title='bbox 2495 4376 2702 4423; x_wconf 88' lang='lat' dir='ltr'><strong>tantum</strong></span> <span class='ocrx_word' id='word_1_676' title='bbox 2729 4366 2849 4421; x_wconf 87' lang='lat' dir='ltr'><strong>vias</strong></span> <span class='ocrx_word' id='word_1_677' title='bbox 2879 4376 3029 4420; x_wconf 86' lang='lat' dir='ltr'><strong>meas</strong></span> <span class='ocrx_word' id='word_1_678' title='bbox 3082 4377 3111 4417; x_wconf 89' lang='lat' dir='ltr'><strong>a</strong></span> <span class='ocrx_word' id='word_1_679' title='bbox 3160 4362 3264 4417; x_wconf 88' lang='lat' dir='ltr'><strong>viis</strong></span> <span class='ocrx_word' id='word_1_680' title='bbox 3322 4362 3541 4429; x_wconf 83' lang='lat' dir='ltr'><strong>vestris,</strong></span> 
     </span>
    </p>
   </div>
   <div class='ocr_carea' id='block_1_90' title="bbox 290 4440 1876 4533">
    <p class='ocr_par' dir='ltr' id='par_1_90' title="bbox 290 4440 1861 4525">
     <span class='ocr_line' id='line_1_90' title="bbox 290 4440 1861 4525; baseline -0.005 -16"><span class='ocrx_word' id='word_1_681' title='bbox 290 4456 516 4519; x_wconf 76' lang='grc' dir='ltr'>ἑαυτοὺς</span> <span class='ocrx_word' id='word_1_682' title='bbox 543 4454 856 4525; x_wconf 80' lang='grc' dir='ltr'>ἐννοήσατε,</span> <span class='ocrx_word' id='word_1_683' title='bbox 895 4451 978 4514; x_wconf 87' lang='grc' dir='ltr'><strong>τίς</strong></span> <span class='ocrx_word' id='word_1_684' title='bbox 1005 4449 1104 4521; x_wconf 85' lang='grc' dir='ltr'><strong>μὲν</strong></span> <span class='ocrx_word' id='word_1_685' title='bbox 1130 4440 1259 4516; x_wconf 76' lang='grc' dir='ltr'><strong>ἐγῶ,</strong></span> <span class='ocrx_word' id='word_1_686' title='bbox 1290 4449 1433 4513; x_wconf 84' lang='grc' dir='ltr'>τίνες</span> <span class='ocrx_word' id='word_1_687' title='bbox 1459 4449 1515 4503; x_wconf 84' lang='grc' dir='ltr'>δὲ</span> <span class='ocrx_word' id='word_1_688' title='bbox 1549 4450 1642 4504; x_wconf 78' lang='grc' dir='ltr'><strong>καὶ</strong></span> <span class='ocrx_word' id='word_1_689' title='bbox 1683 4449 1861 4520; x_wconf 82' lang='grc' dir='ltr'>ὑμεῖς,</span> 
     </span>
    </p>
   </div>
   <div class='ocr_carea' id='block_1_91' title="bbox 1975 4440 3540 4533">
    <p class='ocr_par' dir='ltr' id='par_1_91' title="bbox 1975 4440 3540 4533">
     <span class='ocr_line' id='line_1_91' title="bbox 1975 4440 3540 4533; baseline -0.005 -16"><span class='ocrx_word' id='word_1_690' title='bbox 1975 4440 2034 4518; x_wconf 73' lang='lat' dir='ltr'><strong>ac</strong></span> <span class='ocrx_word' id='word_1_691' title='bbox 2074 4461 2428 4533; x_wconf 87' lang='lat' dir='ltr'><strong>cogitationes</strong></span> <span class='ocrx_word' id='word_1_692' title='bbox 2459 4469 2669 4517; x_wconf 89' lang='lat' dir='ltr'><strong>vestras</strong></span> <span class='ocrx_word' id='word_1_693' title='bbox 2691 4474 2722 4514; x_wconf 89' lang='lat' dir='ltr'><strong>a</strong></span> <span class='ocrx_word' id='word_1_694' title='bbox 2761 4455 3087 4528; x_wconf 89' lang='lat' dir='ltr'><strong>cogitatione</strong></span> <span class='ocrx_word' id='word_1_695' title='bbox 3123 4466 3242 4508; x_wconf 90' lang='lat' dir='ltr'><strong>mea</strong></span> <span class='ocrx_word' id='word_1_696' title='bbox 3302 4452 3540 4519; x_wconf 86' lang='lat' dir='ltr'><strong>dill‘erre,</strong></span> 
     </span>
    </p>
   </div>
   <div class='ocr_carea' id='block_1_92' title="bbox 284 4540 1876 4620">
    <p class='ocr_par' dir='ltr' id='par_1_92' title="bbox 284 4540 1863 4614">
     <span class='ocr_line' id='line_1_92' title="bbox 284 4540 1863 4614; baseline -0.004 -14"><span class='ocrx_word' id='word_1_697' title='bbox 284 4546 382 4601; x_wconf 78' lang='grc' dir='ltr'><strong>καὶ</strong></span> <span class='ocrx_word' id='word_1_698' title='bbox 410 4547 491 4600; x_wconf 82' lang='grc' dir='ltr'><strong>ὅτι</strong></span> <span class='ocrx_word' id='word_1_699' title='bbox 525 4544 778 4599; x_wconf 87' lang='grc' dir='ltr'>τοσοῦτον</span> <span class='ocrx_word' id='word_1_700' title='bbox 824 4543 1170 4614; x_wconf 83' lang='grc' dir='ltr'>διεστήκασιν</span> <span class='ocrx_word' id='word_1_701' title='bbox 1198 4542 1263 4595; x_wconf 79' lang='grc' dir='ltr'><strong>ἐκ</strong></span> <span class='ocrx_word' id='word_1_702' title='bbox 1303 4540 1411 4595; x_wconf 86' lang='grc' dir='ltr'><strong>τῶν</strong></span> <span class='ocrx_word' id='word_1_703' title='bbox 1445 4540 1579 4595; x_wconf 77' lang='grc' dir='ltr'>ὁδῶν</span> <span class='ocrx_word' id='word_1_704' title='bbox 1625 4540 1777 4612; x_wconf 81' lang='grc' dir='ltr'>ὑμῶν</span> <span class='ocrx_word' id='word_1_705' title='bbox 1806 4542 1863 4594; x_wconf 82' lang='grc' dir='ltr'>αἱ</span> 
     </span>
    </p>
   </div>
   <div class='ocr_carea' id='block_1_93' title="bbox 1975 4540 3542 4620">
    <p class='ocr_par' dir='ltr' id='par_1_93' title="bbox 1975 4541 3542 4620">
     <span class='ocr_line' id='line_1_93' title="bbox 1975 4541 3542 4620; baseline -0.004 -15"><span class='ocrx_word' id='word_1_706' title='bbox 1975 4558 2171 4620; x_wconf 86' lang='lat' dir='ltr'><strong>quanta</strong></span> <span class='ocrx_word' id='word_1_707' title='bbox 2204 4558 2289 4605; x_wconf 88' lang='lat' dir='ltr'><strong>est</strong></span> <span class='ocrx_word' id='word_1_708' title='bbox 2318 4550 2484 4605; x_wconf 88' lang='lat' dir='ltr'><strong>etiam</strong></span> <span class='ocrx_word' id='word_1_709' title='bbox 2514 4558 2833 4604; x_wconf 88' lang='lat' dir='ltr'><strong>naturarum</strong></span> <span class='ocrx_word' id='word_1_710' title='bbox 2859 4543 3181 4601; x_wconf 81' lang='lat' dir='ltr'><strong>diﬂ&#39;erentia.</strong></span> <span class='ocrx_word' id='word_1_711' title='bbox 3231 4541 3340 4600; x_wconf 87' lang='lat' dir='ltr'><strong>Vos</strong></span> <span class='ocrx_word' id='word_1_712' title='bbox 3396 4546 3542 4600; x_wconf 89' lang='lat' dir='ltr'><strong>enim</strong></span> 
     </span>
    </p>
   </div>
   <div class='ocr_carea' id='block_1_94' title="bbox 285 4631 1876 4710">
    <p class='ocr_par' dir='ltr' id='par_1_94' title="bbox 285 4631 1865 4709">
     <span class='ocr_line' id='line_1_94' title="bbox 285 4631 1865 4709; baseline -0.003 -18"><span class='ocrx_word' id='word_1_713' title='bbox 285 4637 396 4691; x_wconf 80' lang='grc' dir='ltr'>ὁδοί</span> <span class='ocrx_word' id='word_1_714' title='bbox 426 4654 550 4709; x_wconf 89' lang='grc' dir='ltr'>μου,</span> <span class='ocrx_word' id='word_1_715' title='bbox 583 4637 674 4690; x_wconf 73' lang='grc' dir='ltr'><strong>καὶ</strong></span> <span class='ocrx_word' id='word_1_716' title='bbox 705 4636 776 4690; x_wconf 70' lang='grc' dir='ltr'><strong>τὰ</strong></span> <span class='ocrx_word' id='word_1_717' title='bbox 808 4634 1139 4705; x_wconf 83' lang='grc' dir='ltr'>διανοήματα</span> <span class='ocrx_word' id='word_1_718' title='bbox 1165 4633 1316 4705; x_wconf 82' lang='grc' dir='ltr'>ὑμῶν</span> <span class='ocrx_word' id='word_1_719' title='bbox 1348 4631 1455 4687; x_wconf 83' lang='grc' dir='ltr'>ἀπὸ</span> <span class='ocrx_word' id='word_1_720' title='bbox 1484 4632 1586 4704; x_wconf 82' lang='grc' dir='ltr'>τῆς</span> <span class='ocrx_word' id='word_1_721' title='bbox 1628 4632 1865 4697; x_wconf 83' lang='grc' dir='ltr'>διανοίας</span> 
     </span>
    </p>
   </div>
   <div class='ocr_carea' id='block_1_95' title="bbox 1975 4631 3546 4710">
    <p class='ocr_par' dir='ltr' id='par_1_95' title="bbox 1975 4636 3546 4710">
     <span class='ocr_line' id='line_1_95' title="bbox 1975 4636 3546 4710; baseline -0.003 -15"><span class='ocrx_word' id='word_1_722' title='bbox 1975 4641 2219 4697; x_wconf 88' lang='lat' dir='ltr'><strong>homines</strong></span> <span class='ocrx_word' id='word_1_723' title='bbox 2251 4640 2406 4708; x_wconf 88' lang='lat' dir='ltr'><strong>estis,</strong></span> <span class='ocrx_word' id='word_1_724' title='bbox 2439 4654 2541 4710; x_wconf 87' lang='lat' dir='ltr'><strong>ego</strong></span> <span class='ocrx_word' id='word_1_725' title='bbox 2586 4639 2753 4695; x_wconf 89' lang='lat' dir='ltr'><strong>Deus.</strong></span> <span class='ocrx_word' id='word_1_726' title='bbox 2788 4638 2931 4709; x_wconf 82' lang='lat' dir='ltr'><strong>Ergo</strong></span> <span class='ocrx_word' id='word_1_727' title='bbox 2974 4638 3296 4693; x_wconf 87' lang='lat' dir='ltr'><strong>immensum</strong></span> <span class='ocrx_word' id='word_1_728' title='bbox 3325 4645 3410 4693; x_wconf 90' lang='lat' dir='ltr'><strong>est</strong></span> <span class='ocrx_word' id='word_1_729' title='bbox 3460 4636 3546 4691; x_wconf 89' lang='lat' dir='ltr'><strong>in-</strong></span> 
     </span>
    </p>
   </div>
   <div class='ocr_carea' id='block_1_96' title="bbox 293 4723 1876 4801">
    <p class='ocr_par' dir='ltr' id='par_1_96' title="bbox 293 4723 1863 4801">
     <span class='ocr_line' id='line_1_96' title="bbox 293 4723 1863 4801; baseline -0.003 -19"><span class='ocrx_word' id='word_1_730' title='bbox 293 4746 418 4801; x_wconf 85' lang='grc' dir='ltr'>μου,</span> <span class='ocrx_word' id='word_1_731' title='bbox 445 4730 548 4800; x_wconf 82' lang='grc' dir='ltr'><strong>ὅση</strong></span> <span class='ocrx_word' id='word_1_732' title='bbox 575 4728 659 4792; x_wconf 87' lang='grc' dir='ltr'><strong>τίς</strong></span> <span class='ocrx_word' id='word_1_733' title='bbox 687 4730 803 4781; x_wconf 87' lang='grc' dir='ltr'>ἐστι</span> <span class='ocrx_word' id='word_1_734' title='bbox 831 4726 924 4781; x_wconf 60' lang='grc' dir='ltr'><strong>καὶ⁸</strong></span> <span class='ocrx_word' id='word_1_735' title='bbox 949 4725 1058 4779; x_wconf 86' lang='grc' dir='ltr'><strong>τῶν</strong></span> <span class='ocrx_word' id='word_1_736' title='bbox 1102 4724 1318 4795; x_wconf 84' lang='grc' dir='ltr'>φύσεων</span> <span class='ocrx_word' id='word_1_737' title='bbox 1346 4725 1394 4796; x_wconf 81' lang='grc' dir='ltr'>ὴ</span> <span class='ocrx_word' id='word_1_738' title='bbox 1439 4723 1692 4795; x_wconf 84' lang='grc' dir='ltr'>διαφορά.</span> <span class='ocrx_word' id='word_1_739' title='bbox 1736 4726 1863 4777; x_wconf 73' lang='grc' dir='ltr'><strong>Ἀν-</strong></span> 
     </span>
    </p>
   </div>
   <div class='ocr_carea' id='block_1_97' title="bbox 1975 4723 3545 4801">
    <p class='ocr_par' dir='ltr' id='par_1_97' title="bbox 1975 4729 3545 4801">
     <span class='ocr_line' id='line_1_97' title="bbox 1975 4729 3545 4801; baseline -0.002 -15"><span class='ocrx_word' id='word_1_740' title='bbox 1975 4731 2276 4798; x_wconf 88' lang='lat' dir='ltr'><strong>tervallum,</strong></span> <span class='ocrx_word' id='word_1_741' title='bbox 2325 4739 2381 4785; x_wconf 92' lang='lat' dir='ltr'><strong>et</strong></span> <span class='ocrx_word' id='word_1_742' title='bbox 2416 4744 2538 4801; x_wconf 52' lang='lat' dir='ltr'><strong>quae.</strong></span> <span class='ocrx_word' id='word_1_743' title='bbox 2564 4731 2657 4786; x_wconf 91' lang='lat' dir='ltr'><strong>Dei</strong></span> <span class='ocrx_word' id='word_1_744' title='bbox 2700 4740 2846 4797; x_wconf 86' lang='lat' dir='ltr'><strong>sunt,</strong></span> <span class='ocrx_word' id='word_1_745' title='bbox 2881 4731 3105 4786; x_wconf 91' lang='lat' dir='ltr'><strong>omnino</strong></span> <span class='ocrx_word' id='word_1_746' title='bbox 3145 4737 3274 4785; x_wconf 89' lang='lat' dir='ltr'><strong>sunt</strong></span> <span class='ocrx_word' id='word_1_747' title='bbox 3338 4729 3545 4785; x_wconf 88' lang='lat' dir='ltr'><strong>incom-</strong></span> 
     </span>
    </p>
   </div>
   <div class='ocr_carea' id='block_1_98' title="bbox 290 4814 1876 4893">
    <p class='ocr_par' dir='ltr' id='par_1_98' title="bbox 290 4814 1873 4892">
     <span class='ocr_line' id='line_1_98' title="bbox 290 4814 1873 4892; baseline -0.004 -18"><span class='ocrx_word' id='word_1_748' title='bbox 290 4821 497 4892; x_wconf 88' lang='grc' dir='ltr'>θρωποι</span> <span class='ocrx_word' id='word_1_749' title='bbox 534 4819 634 4891; x_wconf 78' lang='grc' dir='ltr'><strong>μὲν</strong></span> <span class='ocrx_word' id='word_1_750' title='bbox 689 4819 797 4891; x_wconf 76' lang='grc' dir='ltr'>γὰρ</span> <span class='ocrx_word' id='word_1_751' title='bbox 839 4818 1018 4888; x_wconf 75' lang='grc' dir='ltr'>ὑμεῖς,</span> <span class='ocrx_word' id='word_1_752' title='bbox 1055 4814 1165 4886; x_wconf 85' lang='grc' dir='ltr'><strong>ἐγὼ</strong></span> <span class='ocrx_word' id='word_1_753' title='bbox 1192 4816 1249 4870; x_wconf 84' lang='grc' dir='ltr'><strong>δὲ</strong></span> <span class='ocrx_word' id='word_1_754' title='bbox 1290 4816 1443 4879; x_wconf 80' lang='grc' dir='ltr'>Θεὸς.</span> <span class='ocrx_word' id='word_1_755' title='bbox 1481 4815 1690 4870; x_wconf 77' lang='grc' dir='ltr'>Οὐκοῦν</span> <span class='ocrx_word' id='word_1_756' title='bbox 1737 4814 1873 4885; x_wconf 84' lang='grc' dir='ltr'>ἀμέ-</span> 
     </span>
    </p>
   </div>
   <div class='ocr_carea' id='block_1_99' title="bbox 1975 4814 3543 4893">
    <p class='ocr_par' dir='ltr' id='par_1_99' title="bbox 1975 4820 3543 4893">
     <span class='ocr_line' id='line_1_99' title="bbox 1975 4820 3543 4893; baseline -0.003 -15"><span class='ocrx_word' id='word_1_757' title='bbox 1975 4822 2252 4893; x_wconf 83' lang='lat' dir='ltr'><strong>parabilia.</strong></span> <span class='ocrx_word' id='word_1_758' title='bbox 2295 4820 2475 4877; x_wconf 79' lang='lat' dir='ltr'><strong>Vincit</strong></span> <span class='ocrx_word' id='word_1_759' title='bbox 2516 4821 2660 4877; x_wconf 88' lang='lat' dir='ltr'><strong>enim</strong></span> <span class='ocrx_word' id='word_1_760' title='bbox 2688 4821 3025 4887; x_wconf 79' lang='lat' dir='ltr'><strong>fortitudine,</strong></span> <span class='ocrx_word' id='word_1_761' title='bbox 3054 4820 3248 4892; x_wconf 86' lang='lat' dir='ltr'><strong>gloria,</strong></span> <span class='ocrx_word' id='word_1_762' title='bbox 3307 4820 3543 4876; x_wconf 88' lang='lat' dir='ltr'><strong>clemen-</strong></span> 
     </span>
    </p>
   </div>
   <div class='ocr_carea' id='block_1_100' title="bbox 288 4906 1876 4985">
    <p class='ocr_par' dir='ltr' id='par_1_100' title="bbox 288 4906 1871 4984">
     <span class='ocr_line' id='line_1_100' title="bbox 288 4906 1871 4984; baseline -0.004 -18"><span class='ocrx_word' id='word_1_763' title='bbox 288 4914 488 4984; x_wconf 88' lang='grc' dir='ltr'>τρητόν</span> <span class='ocrx_word' id='word_1_764' title='bbox 511 4928 572 4965; x_wconf 88' lang='grc' dir='ltr'><strong>τε</strong></span> <span class='ocrx_word' id='word_1_765' title='bbox 604 4911 664 4964; x_wconf 85' lang='grc' dir='ltr'><strong>τὸ</strong></span> <span class='ocrx_word' id='word_1_766' title='bbox 687 4910 913 4981; x_wconf 69' lang='grc' dir='ltr'>μεταξὺ,</span> <span class='ocrx_word' id='word_1_767' title='bbox 954 4909 1048 4963; x_wconf 78' lang='grc' dir='ltr'><strong>καὶ</strong></span> <span class='ocrx_word' id='word_1_768' title='bbox 1085 4907 1450 4981; x_wconf 78' lang='grc' dir='ltr'>ἀπαράδλητα</span> <span class='ocrx_word' id='word_1_769' title='bbox 1485 4908 1766 4971; x_wconf 87' lang='grc' dir='ltr'>παντελῶς</span> <span class='ocrx_word' id='word_1_770' title='bbox 1802 4906 1871 4960; x_wconf 85' lang='grc' dir='ltr'>τὰ</span> 
     </span>
    </p>
   </div>
   <div class='ocr_carea' id='block_1_101' title="bbox 1975 4906 3540 4985">
    <p class='ocr_par' dir='ltr' id='par_1_101' title="bbox 1975 4914 3540 4985">
     <span class='ocr_line' id='line_1_101' title="bbox 1975 4914 3540 4985; baseline -0.003 -17"><span class='ocrx_word' id='word_1_771' title='bbox 1975 4916 2076 4971; x_wconf 86' lang='lat' dir='ltr'><strong>tia:</strong></span> <span class='ocrx_word' id='word_1_772' title='bbox 2132 4930 2235 4971; x_wconf 88' lang='lat' dir='ltr'><strong>nec</strong></span> <span class='ocrx_word' id='word_1_773' title='bbox 2264 4925 2347 4970; x_wconf 91' lang='lat' dir='ltr'><strong>est</strong></span> <span class='ocrx_word' id='word_1_774' title='bbox 2385 4914 2677 4985; x_wconf 88' lang='lat' dir='ltr'><strong>quidquam</strong></span> <span class='ocrx_word' id='word_1_775' title='bbox 2711 4914 2764 4969; x_wconf 92' lang='lat' dir='ltr'><strong>in</strong></span> <span class='ocrx_word' id='word_1_776' title='bbox 2802 4929 2981 4970; x_wconf 89' lang='lat' dir='ltr'><strong>rerum</strong></span> <span class='ocrx_word' id='word_1_777' title='bbox 3034 4922 3221 4968; x_wconf 88' lang='lat' dir='ltr'><strong>natura</strong></span> <span class='ocrx_word' id='word_1_778' title='bbox 3269 4914 3411 4982; x_wconf 91' lang='lat' dir='ltr'><strong>quod</strong></span> <span class='ocrx_word' id='word_1_779' title='bbox 3441 4926 3540 4966; x_wconf 78' lang='lat' dir='ltr'><strong>ex-</strong></span> 
     </span>
    </p>
   </div>
   <div class='ocr_carea' id='block_1_102' title="bbox 289 4998 1876 5076">
    <p class='ocr_par' dir='ltr' id='par_1_102' title="bbox 289 4998 1870 5075">
     <span class='ocr_line' id='line_1_102' title="bbox 289 4998 1870 5075; baseline -0.004 -18"><span class='ocrx_word' id='word_1_780' title='bbox 289 5004 449 5059; x_wconf 80' lang='grc' dir='ltr'>Θεοῦ.</span> <span class='ocrx_word' id='word_1_781' title='bbox 477 5004 624 5075; x_wconf 81' lang='grc' dir='ltr'>Νικᾷ</span> <span class='ocrx_word' id='word_1_782' title='bbox 658 5003 766 5072; x_wconf 81' lang='grc' dir='ltr'>γὰρ</span> <span class='ocrx_word' id='word_1_783' title='bbox 793 5001 956 5071; x_wconf 84' lang='grc' dir='ltr'>ἰσχύϊ,</span> <span class='ocrx_word' id='word_1_784' title='bbox 990 5000 1084 5053; x_wconf 71' lang='grc' dir='ltr'><strong>καὶ</strong></span> <span class='ocrx_word' id='word_1_785' title='bbox 1109 4998 1255 5071; x_wconf 78' lang='grc' dir='ltr'>δόξῃ,</span> <span class='ocrx_word' id='word_1_786' title='bbox 1286 5000 1381 5052; x_wconf 75' lang='grc' dir='ltr'><strong>καὶ</strong></span> <span class='ocrx_word' id='word_1_787' title='bbox 1421 4998 1739 5069; x_wconf 78' lang='grc' dir='ltr'>ὴμερότητι,</span> <span class='ocrx_word' id='word_1_788' title='bbox 1776 4998 1870 5050; x_wconf 78' lang='grc' dir='ltr'>καὶ</span> 
     </span>
    </p>
   </div>
   <div class='ocr_carea' id='block_1_103' title="bbox 1975 4998 3543 5076">
    <p class='ocr_par' dir='ltr' id='par_1_103' title="bbox 1975 5004 3543 5076">
     <span class='ocr_line' id='line_1_103' title="bbox 1975 5004 3543 5076; baseline -0.003 -14"><span class='ocrx_word' id='word_1_789' title='bbox 1975 5006 2273 5063; x_wconf 83' lang='lat' dir='ltr'><strong>cellentiam</strong></span> <span class='ocrx_word' id='word_1_790' title='bbox 2302 5005 2420 5075; x_wconf 87' lang='lat' dir='ltr'><strong>eius</strong></span> <span class='ocrx_word' id='word_1_791' title='bbox 2445 5006 2749 5075; x_wconf 77' lang='lat' dir='ltr'><strong>adaequare,</strong></span> <span class='ocrx_word' id='word_1_792' title='bbox 2779 5012 2872 5059; x_wconf 89' lang='lat' dir='ltr'><strong>aut</strong></span> <span class='ocrx_word' id='word_1_793' title='bbox 2904 5020 3071 5076; x_wconf 89' lang='lat' dir='ltr'><strong>prope</strong></span> <span class='ocrx_word' id='word_1_794' title='bbox 3097 5006 3259 5059; x_wconf 87' lang='lat' dir='ltr'><strong>etiam</strong></span> <span class='ocrx_word' id='word_1_795' title='bbox 3283 5004 3543 5059; x_wconf 79' lang='lat' dir='ltr'><strong>accedere</strong></span> 
     </span>
    </p>
   </div>
   <div class='ocr_carea' id='block_1_104' title="bbox 289 5089 1876 5168">
    <p class='ocr_par' dir='ltr' id='par_1_104' title="bbox 289 5089 1870 5162">
     <span class='ocr_line' id='line_1_104' title="bbox 289 5089 1870 5162; baseline -0.005 -11"><span class='ocrx_word' id='word_1_796' title='bbox 289 5097 441 5150; x_wconf 81' lang='grc' dir='ltr'>οὐδὲν</span> <span class='ocrx_word' id='word_1_797' title='bbox 470 5094 585 5149; x_wconf 73' lang='grc' dir='ltr'>ἔστι</span> <span class='ocrx_word' id='word_1_798' title='bbox 610 5092 890 5156; x_wconf 87' lang='grc' dir='ltr'>παντελῶς</span> <span class='ocrx_word' id='word_1_799' title='bbox 917 5093 975 5145; x_wconf 86' lang='grc' dir='ltr'><strong>ἐν</strong></span> <span class='ocrx_word' id='word_1_800' title='bbox 1000 5092 1298 5162; x_wconf 84' lang='grc' dir='ltr'>γεννητοῖς,</span> <span class='ocrx_word' id='word_1_801' title='bbox 1330 5089 1359 5143; x_wconf 83' lang='grc' dir='ltr'><strong>ὃ</strong></span> <span class='ocrx_word' id='word_1_802' title='bbox 1394 5090 1506 5153; x_wconf 87' lang='grc' dir='ltr'>τοῖς</span> <span class='ocrx_word' id='word_1_803' title='bbox 1529 5089 1739 5143; x_wconf 85' lang='grc' dir='ltr'>ἐνοῦσιν</span> <span class='ocrx_word' id='word_1_804' title='bbox 1771 5089 1870 5143; x_wconf 85' lang='grc' dir='ltr'>αύ-</span> 
     </span>
    </p>
   </div>
   <div class='ocr_carea' id='block_1_105' title="bbox 1975 5089 3543 5168">
    <p class='ocr_par' dir='ltr' id='par_1_105' title="bbox 1975 5095 3543 5168">
     <span class='ocr_line' id='line_1_105' title="bbox 1975 5095 3543 5168; baseline -0.003 -15"><span class='ocrx_word' id='word_1_805' title='bbox 1975 5112 2123 5168; x_wconf 81' lang='lat' dir='ltr'><strong>posse</strong></span> <span class='ocrx_word' id='word_1_806' title='bbox 2155 5098 2424 5153; x_wconf 89' lang='lat' dir='ltr'><strong>videatur.</strong></span> <span class='ocrx_word' id='word_1_807' title='bbox 2467 5095 2726 5153; x_wconf 82' lang='lat' dir='ltr'><strong>Homines</strong></span> <span class='ocrx_word' id='word_1_808' title='bbox 2766 5096 2908 5151; x_wconf 88' lang='lat' dir='ltr'><strong>enim</strong></span> <span class='ocrx_word' id='word_1_809' title='bbox 2946 5096 3024 5151; x_wconf 90' lang='lat' dir='ltr'><strong>ira</strong></span> <span class='ocrx_word' id='word_1_810' title='bbox 3050 5110 3155 5150; x_wconf 92' lang='lat' dir='ltr'><strong>non</strong></span> <span class='ocrx_word' id='word_1_811' title='bbox 3192 5102 3386 5150; x_wconf 90' lang='lat' dir='ltr'><strong>vacant</strong></span> <span class='ocrx_word' id='word_1_812' title='bbox 3416 5110 3429 5147; x_wconf 92' lang='lat'><strong>:</strong></span> <span class='ocrx_word' id='word_1_813' title='bbox 3485 5106 3543 5149; x_wconf 87' lang='lat' dir='ltr'><strong>at</strong></span> 
     </span>
    </p>
   </div>
   <div class='ocr_carea' id='block_1_106' title="bbox 290 5181 1876 5260">
    <p class='ocr_par' dir='ltr' id='par_1_106' title="bbox 290 5181 1869 5260">
     <span class='ocr_line' id='line_1_106' title="bbox 290 5181 1869 5260; baseline -0.005 -19"><span class='ocrx_word' id='word_1_814' title='bbox 290 5188 367 5260; x_wconf 78' lang='grc' dir='ltr'><strong>τῷ</strong></span> <span class='ocrx_word' id='word_1_815' title='bbox 396 5188 831 5258; x_wconf 80' lang='grc' dir='ltr'>πλεονεκτήμασι</span> <span class='ocrx_word' id='word_1_816' title='bbox 864 5182 1280 5248; x_wconf 88' lang='grc' dir='ltr'>συνεκτείνεται,</span> <span class='ocrx_word' id='word_1_817' title='bbox 1324 5182 1492 5253; x_wconf 74' lang='grc' dir='ltr'>ἤγουν</span> <span class='ocrx_word' id='word_1_818' title='bbox 1532 5181 1702 5250; x_wconf 80' lang='grc' dir='ltr'>ἐγγὺς</span> <span class='ocrx_word' id='word_1_819' title='bbox 1737 5181 1869 5253; x_wconf 75' lang='grc' dir='ltr'>ὁρᾶ-</span> 
     </span>
    </p>
   </div>
   <div class='ocr_carea' id='block_1_107' title="bbox 1975 5181 3540 5260">
    <p class='ocr_par' dir='ltr' id='par_1_107' title="bbox 1975 5183 3540 5254">
     <span class='ocr_line' id='line_1_107' title="bbox 1975 5183 3540 5254; baseline 0.001 -17"><span class='ocrx_word' id='word_1_820' title='bbox 1975 5183 2073 5238; x_wconf 89' lang='lat' dir='ltr'><strong>hoc</strong></span> <span class='ocrx_word' id='word_1_821' title='bbox 2102 5183 2345 5239; x_wconf 85' lang='lat' dir='ltr'><strong>omnium</strong></span> <span class='ocrx_word' id='word_1_822' title='bbox 2387 5199 2613 5241; x_wconf 64' lang='lat' dir='ltr'><strong>summa:</strong></span> <span class='ocrx_word' id='word_1_823' title='bbox 2646 5192 2853 5240; x_wconf 70' lang='lat' dir='ltr'><strong>natura:</strong></span> <span class='ocrx_word' id='word_1_824' title='bbox 2883 5184 3046 5253; x_wconf 90' lang='lat' dir='ltr'><strong>inest,</strong></span> <span class='ocrx_word' id='word_1_825' title='bbox 3087 5192 3146 5239; x_wconf 90' lang='lat' dir='ltr'><strong>ut</strong></span> <span class='ocrx_word' id='word_1_826' title='bbox 3168 5184 3389 5254; x_wconf 76' lang='lat' dir='ltr'><strong>qumira</strong></span> <span class='ocrx_word' id='word_1_827' title='bbox 3433 5199 3540 5239; x_wconf 91' lang='lat' dir='ltr'><strong>non</strong></span> 
     </span>
    </p>
   </div>
   <div class='ocr_carea' id='block_1_108' title="bbox 294 5270 1876 5350">
    <p class='ocr_par' dir='ltr' id='par_1_108' title="bbox 294 5270 1868 5350">
     <span class='ocr_line' id='line_1_108' title="bbox 294 5270 1868 5350; baseline -0.006 -16"><span class='ocrx_word' id='word_1_828' title='bbox 294 5298 384 5334; x_wconf 89' lang='grc' dir='ltr'><strong>ται</strong></span> <span class='ocrx_word' id='word_1_829' title='bbox 431 5282 529 5333; x_wconf 78' lang='grc' dir='ltr'><strong>καῖ</strong></span> <span class='ocrx_word' id='word_1_830' title='bbox 556 5275 906 5350; x_wconf 81' lang='grc' dir='ltr'>παραϐραχύ.</span> <span class='ocrx_word' id='word_1_831' title='bbox 948 5274 1256 5346; x_wconf 70' lang='grc' dir='ltr'>Ἄνθρωποι</span> <span class='ocrx_word' id='word_1_832' title='bbox 1296 5272 1395 5344; x_wconf 84' lang='grc' dir='ltr'>μὲν</span> <span class='ocrx_word' id='word_1_833' title='bbox 1428 5271 1537 5344; x_wconf 83' lang='grc' dir='ltr'>γὰρ</span> <span class='ocrx_word' id='word_1_834' title='bbox 1568 5270 1868 5343; x_wconf 84' lang='grc' dir='ltr'>ἀοργησίαν</span> 
     </span>
    </p>
   </div>
   <div class='ocr_carea' id='block_1_109' title="bbox 1975 5270 3545 5350">
    <p class='ocr_par' dir='ltr' id='par_1_109' title="bbox 1975 5275 3545 5347">
     <span class='ocr_line' id='line_1_109' title="bbox 1975 5275 3545 5347; baseline 0.001 -20"><span class='ocrx_word' id='word_1_835' title='bbox 1975 5281 2235 5329; x_wconf 83' lang='lat' dir='ltr'><strong>teneatur.</strong></span> <span class='ocrx_word' id='word_1_836' title='bbox 2268 5276 2410 5331; x_wconf 85' lang='lat' dir='ltr'><strong>Acer</strong></span> <span class='ocrx_word' id='word_1_837' title='bbox 2458 5277 2620 5332; x_wconf 90' lang='lat' dir='ltr'><strong>homo</strong></span> <span class='ocrx_word' id='word_1_838' title='bbox 2648 5285 2704 5332; x_wconf 89' lang='lat' dir='ltr'><strong>et</strong></span> <span class='ocrx_word' id='word_1_839' title='bbox 2749 5291 2952 5347; x_wconf 88' lang='lat' dir='ltr'><strong>pronus</strong></span> <span class='ocrx_word' id='word_1_840' title='bbox 2996 5276 3048 5330; x_wconf 91' lang='lat' dir='ltr'><strong>in</strong></span> <span class='ocrx_word' id='word_1_841' title='bbox 3106 5275 3442 5345; x_wconf 90' lang='lat' dir='ltr'><strong>nequitiam:</strong></span> <span class='ocrx_word' id='word_1_842' title='bbox 3489 5285 3545 5329; x_wconf 85' lang='lat' dir='ltr'><strong>at</strong></span> 
     </span>
    </p>
   </div>
   <div class='ocr_carea' id='block_1_110' title="bbox 289 5362 1876 5440">
    <p class='ocr_par' dir='ltr' id='par_1_110' title="bbox 289 5362 1866 5440">
     <span class='ocr_line' id='line_1_110' title="bbox 289 5362 1866 5440; baseline -0.005 -17"><span class='ocrx_word' id='word_1_843' title='bbox 289 5371 390 5423; x_wconf 85' lang='grc' dir='ltr'><strong>οὐκ</strong></span> <span class='ocrx_word' id='word_1_844' title='bbox 417 5369 665 5440; x_wconf 73' lang='grc' dir='ltr'>ἔχουσινο</span> <span class='ocrx_word' id='word_1_845' title='bbox 714 5367 888 5422; x_wconf 75' lang='grc' dir='ltr'>ἔνεστι</span> <span class='ocrx_word' id='word_1_846' title='bbox 923 5365 979 5420; x_wconf 80' lang='grc' dir='ltr'><strong>δὲ</strong></span> <span class='ocrx_word' id='word_1_847' title='bbox 1008 5365 1164 5420; x_wconf 87' lang='grc' dir='ltr'>τοῦτο</span> <span class='ocrx_word' id='word_1_848' title='bbox 1194 5368 1259 5437; x_wconf 78' lang='grc' dir='ltr'>τῇ</span> <span class='ocrx_word' id='word_1_849' title='bbox 1286 5364 1424 5437; x_wconf 80' lang='grc' dir='ltr'>ὑπὲρ</span> <span class='ocrx_word' id='word_1_850' title='bbox 1463 5363 1641 5417; x_wconf 84' lang='grc' dir='ltr'>πάντα</span> <span class='ocrx_word' id='word_1_851' title='bbox 1684 5362 1866 5433; x_wconf 79' lang='grc' dir='ltr'>φύσειο</span> 
     </span>
    </p>
   </div>
   <div class='ocr_carea' id='block_1_111' title="bbox 1975 5362 3539 5440">
    <p class='ocr_par' dir='ltr' id='par_1_111' title="bbox 1975 5364 3539 5439">
     <span class='ocr_line' id='line_1_111' title="bbox 1975 5364 3539 5439; baseline 0.002 -20"><span class='ocrx_word' id='word_1_852' title='bbox 1975 5364 2138 5421; x_wconf 87' lang='lat' dir='ltr'><strong>bonus</strong></span> <span class='ocrx_word' id='word_1_853' title='bbox 2164 5376 2355 5421; x_wconf 87' lang='lat' dir='ltr'><strong>natura</strong></span> <span class='ocrx_word' id='word_1_854' title='bbox 2380 5368 2543 5434; x_wconf 90' lang='lat' dir='ltr'><strong>Deus,</strong></span> <span class='ocrx_word' id='word_1_855' title='bbox 2608 5368 2717 5424; x_wconf 89' lang='lat' dir='ltr'><strong>imo</strong></span> <span class='ocrx_word' id='word_1_856' title='bbox 2752 5368 2933 5439; x_wconf 89' lang='lat' dir='ltr'><strong>potius</strong></span> <span class='ocrx_word' id='word_1_857' title='bbox 2981 5368 3250 5438; x_wconf 87' lang='lat' dir='ltr'><strong>ipsissima</strong></span> <span class='ocrx_word' id='word_1_858' title='bbox 3301 5367 3539 5423; x_wconf 89' lang='lat' dir='ltr'><strong>bonitas.</strong></span> 
     </span>
    </p>
   </div>
   <div class='ocr_carea' id='block_1_112' title="bbox 290 5453 1876 5530">
    <p class='ocr_par' dir='ltr' id='par_1_112' title="bbox 290 5453 1871 5530">
     <span class='ocr_line' id='line_1_112' title="bbox 290 5453 1871 5530; baseline -0.003 -18"><span class='ocrx_word' id='word_1_859' title='bbox 290 5460 350 5512; x_wconf 75' lang='grc' dir='ltr'><strong>οὐ</strong></span> <span class='ocrx_word' id='word_1_860' title='bbox 378 5458 486 5530; x_wconf 82' lang='grc' dir='ltr'><strong>γὰρ</strong></span> <span class='ocrx_word' id='word_1_861' title='bbox 509 5460 791 5529; x_wconf 85' lang='grc' dir='ltr'>κρατεῖται</span> <span class='ocrx_word' id='word_1_862' title='bbox 807 5456 982 5529; x_wconf 79' lang='grc' dir='ltr'>θυμῷ.</span> <span class='ocrx_word' id='word_1_863' title='bbox 1005 5457 1208 5527; x_wconf 80' lang='grc' dir='ltr'>Πικρὸς</span> <span class='ocrx_word' id='word_1_864' title='bbox 1234 5458 1263 5510; x_wconf 84' lang='grc' dir='ltr'><strong>ὁ</strong></span> <span class='ocrx_word' id='word_1_865' title='bbox 1281 5455 1567 5528; x_wconf 80' lang='grc' dir='ltr'>ἄνθρωπος</span> <span class='ocrx_word' id='word_1_866' title='bbox 1584 5453 1680 5509; x_wconf 75' lang='grc' dir='ltr'><strong>καὶ</strong></span> <span class='ocrx_word' id='word_1_867' title='bbox 1702 5453 1871 5517; x_wconf 84' lang='grc' dir='ltr'>πολὺς</span> 
     </span>
    </p>
   </div>
   <div class='ocr_carea' id='block_1_113' title="bbox 1975 5453 3543 5530">
    <p class='ocr_par' dir='ltr' id='par_1_113' title="bbox 1975 5454 3543 5529">
     <span class='ocr_line' id='line_1_113' title="bbox 1975 5454 3543 5529; baseline 0.001 -20"><span class='ocrx_word' id='word_1_868' title='bbox 1975 5454 2225 5511; x_wconf 72' lang='grc' dir='ltr'>[ἰοιιιῑιιοι</span> <span class='ocrx_word' id='word_1_869' title='bbox 2253 5456 2381 5528; x_wconf 81' lang='lat' dir='ltr'><strong>ergo</strong></span> <span class='ocrx_word' id='word_1_870' title='bbox 2413 5466 2470 5512; x_wconf 91' lang='lat' dir='ltr'><strong>ut</strong></span> <span class='ocrx_word' id='word_1_871' title='bbox 2495 5457 2657 5524; x_wconf 89' lang='lat' dir='ltr'><strong>Deus,</strong></span> <span class='ocrx_word' id='word_1_872' title='bbox 2678 5466 2733 5512; x_wconf 92' lang='lat' dir='ltr'><strong>et</strong></span> <span class='ocrx_word' id='word_1_873' title='bbox 2765 5456 3350 5529; x_wconf 84' lang='lat' dir='ltr'><strong>justiﬁcabitimpium,</strong></span> <span class='ocrx_word' id='word_1_874' title='bbox 3389 5458 3543 5526; x_wconf 81' lang='lat' dir='ltr'><strong>igno-</strong></span> 
     </span>
    </p>
   </div>
   <div class='ocr_carea' id='block_1_114' title="bbox 291 5545 1876 5621">
    <p class='ocr_par' dir='ltr' id='par_1_114' title="bbox 291 5545 1871 5621">
     <span class='ocr_line' id='line_1_114' title="bbox 291 5545 1871 5621; baseline -0.002 -18"><span class='ocrx_word' id='word_1_875' title='bbox 291 5553 371 5614; x_wconf 82' lang='grc' dir='ltr'><strong>είς</strong></span> <span class='ocrx_word' id='word_1_876' title='bbox 399 5549 683 5621; x_wconf 84' lang='grc' dir='ltr'>πονηρίας,</span> <span class='ocrx_word' id='word_1_877' title='bbox 719 5550 919 5619; x_wconf 81' lang='grc' dir='ltr'>ἀγαθὸς</span> <span class='ocrx_word' id='word_1_878' title='bbox 949 5550 1023 5603; x_wconf 52' lang='grc' dir='ltr'><strong>δέν</strong></span> <span class='ocrx_word' id='word_1_879' title='bbox 1055 5551 1120 5621; x_wconf 80' lang='grc' dir='ltr'>τῇ</span> <span class='ocrx_word' id='word_1_880' title='bbox 1164 5547 1321 5619; x_wconf 81' lang='grc' dir='ltr'>φύσει</span> <span class='ocrx_word' id='word_1_881' title='bbox 1371 5547 1524 5613; x_wconf 87' lang='grc' dir='ltr'>Θεὸς,</span> <span class='ocrx_word' id='word_1_882' title='bbox 1571 5545 1773 5618; x_wconf 78' lang='grc' dir='ltr'>μᾶλλον</span> <span class='ocrx_word' id='word_1_883' title='bbox 1813 5546 1871 5600; x_wconf 84' lang='grc' dir='ltr'><strong>δὲ</strong></span> 
     </span>
    </p>
   </div>
   <div class='ocr_carea' id='block_1_115' title="bbox 1975 5545 3544 5621">
    <p class='ocr_par' dir='ltr' id='par_1_115' title="bbox 1975 5547 3544 5617">
     <span class='ocr_line' id='line_1_115' title="bbox 1975 5547 3544 5617; baseline 0.001 -16"><span class='ocrx_word' id='word_1_884' title='bbox 1975 5547 2159 5602; x_wconf 71' lang='lat' dir='ltr'><strong>rantizc</strong></span> <span class='ocrx_word' id='word_1_885' title='bbox 2189 5547 2369 5617; x_wconf 85' lang='lat' dir='ltr'><strong>lapsus</strong></span> <span class='ocrx_word' id='word_1_886' title='bbox 2399 5548 2671 5606; x_wconf 85' lang='lat' dir='ltr'><strong>oblivione</strong></span> <span class='ocrx_word' id='word_1_887' title='bbox 2698 5549 2953 5615; x_wconf 84' lang='lat' dir='ltr'><strong>obruens,</strong></span> <span class='ocrx_word' id='word_1_888' title='bbox 2985 5559 3041 5605; x_wconf 90' lang='lat' dir='ltr'><strong>et</strong></span> <span class='ocrx_word' id='word_1_889' title='bbox 3085 5549 3287 5604; x_wconf 87' lang='lat' dir='ltr'><strong>erroris</strong></span> <span class='ocrx_word' id='word_1_890' title='bbox 3356 5548 3544 5602; x_wconf 83' lang='lat' dir='ltr'><strong>sordes</strong></span> 
     </span>
    </p>
   </div>
   <div class='ocr_carea' id='block_1_116' title="bbox 365 5723 2031 5801">
    <p class='ocr_par' dir='ltr' id='par_1_116' title="bbox 365 5723 2031 5801">
     <span class='ocr_line' id='line_1_116' title="bbox 365 5723 2031 5801; baseline -0.001 -18"><span class='ocrx_word' id='word_1_891' title='bbox 365 5729 412 5761; x_wconf 86' lang='lat'><strong>&quot;</strong></span> <span class='ocrx_word' id='word_1_892' title='bbox 442 5728 598 5785; x_wconf 81' lang='lat' dir='ltr'><strong>Rom.</strong></span> <span class='ocrx_word' id='word_1_893' title='bbox 630 5745 682 5796; x_wconf 91' lang='lat' dir='ltr'><strong>v,</strong></span> <span class='ocrx_word' id='word_1_894' title='bbox 707 5728 794 5783; x_wconf 74' lang='lat'><strong>30.</strong></span> <span class='ocrx_word' id='word_1_895' title='bbox 873 5728 918 5761; x_wconf 75' lang='grc'>⁸⁸</span> <span class='ocrx_word' id='word_1_896' title='bbox 944 5726 1129 5783; x_wconf 73' lang='lat' dir='ltr'><strong>Malae.</strong></span> <span class='ocrx_word' id='word_1_897' title='bbox 1163 5742 1243 5793; x_wconf 85' lang='grc' dir='ltr'>ιιι,</span> <span class='ocrx_word' id='word_1_898' title='bbox 1273 5725 1329 5794; x_wconf 71' lang='lat'><strong>2,</strong></span> <span class='ocrx_word' id='word_1_899' title='bbox 1362 5726 1440 5799; x_wconf 36' lang='lat'><strong>5..</strong></span> <span class='ocrx_word' id='word_1_900' title='bbox 1464 5725 1575 5801; x_wconf 78' lang='lat'><strong>__“‘</strong></span> <span class='ocrx_word' id='word_1_901' title='bbox 1598 5723 1789 5782; x_wconf 81' lang='lat' dir='ltr'><strong>Matth.</strong></span> <span class='ocrx_word' id='word_1_902' title='bbox 1827 5724 2031 5797; x_wconf 85' lang='lat' dir='ltr'><strong>m,_ll.</strong></span> 
     </span>
    </p>
   </div>
  </div>
