4096 6212
372 270 514 327 1253

1499 271 1567 327 ΙΝ
1603 271 1840 329 ISAIAM
1869 268 2004 325 LIB.
2040 266 2104 324 Υ.
2146 266 2383 324 TOMUS
2422 266 2485 323 ll.

3496 266 3632 321 {9Q}

369 388 579 459 ἀληθὴς
599 387 629 439 ὁ
651 387 806 456 λόγος
825 404 837 420 ·
869 389 945 451 ὡς
974 389 1083 460 γὰρ
1114 389 1143 441 6
1182 390 1470 462 προφήτης
1500 392 1667 463 φησὶν
1705 391 1945 456 Ἡσαΐας1

2059 397 2281 444 sanctus
2329 385 2585 451 decrevit,
2615 385 2738 455 quis
2792 386 3116 456 dissipabit?
3148 385 3213 440 Et
3265 401 3481 439 manum
3538 401 3632 439 cx-

376 500 395 531 ι
413 482 481 533 Ἀ
504 481 536 534 6
563 478 697 543 Θεὸς
725 482 754 533 6
787 479 940 549 ἀγιος
965 480 1433 551 βεϐούλευται,τίς
1463 482 1829 545 διασκεδάσει,
1861 483 1956 537 καὶ

370 570 468 640 τὴν
521 572 677 642 χεῖρα
713 570 814 642 τὴν
859 570 1069 642 ὑψηλὴν
1114 572 1198 636 τίς
1249 572 1614 645 ἀποστρέψει;
1653 591 1672 626 ι
1712 572 1807 637 Τίς
1846 572 1955 642 γάρ

370 662 523 715 ἔσται
545 661 817 727 τοσοῦτος,
851 662 929 725 ῶς
952 661 1123 727 θείαις
1148 662 1466 733 ἀντιστῆναι
1483 662 1706 735 ψήφοις,
1736 662 1833 717 καὶ
1866 661 1955 715 θε-

369 751 606 822 λήμασιν
627 753 1030 822 ἀνταναστῆναι
1050 752 1418 819 δεσποτικοῖς;
1439 753 1629 816 Οὐδεὶς
1650 753 1950 816 παντελῶς.

372 842 583 896 Οὐκοῦν
616 844 754 915 ὅπερ
784 842 851 899 ἂν
881 845 947 899 ἐκ
973 845 1240 915 στόματος
1271 842 1475 911 ἐξέλθοι
1516 843 1612 898 τοῦ
1643 844 1782 899 κατά
1827 844 1954 916 ἀλή-

369 935 523 989 θειαν
552 934 705 998 ὄντος
750 934 909 1000 Θεοῦ,
938 935 1098 990 τοῦτο
1129 936 1308 1007 πάντη
1336 954 1394 990 τε
1441 934 1534 991 καὶ
1563 934 1782 999 πάντως
1826 935 1954 1006 δρα-

374 1030 552 1097 μεῖται
597 1025 736 1098 πρὸς
785 1027 963 1099 πέρας
988 1044 1002 1059 ·
1041 1028 1219 1082 ἔνεστι
1247 1027 1358 1098 γάρ
1403 1027 1465 1081 τὸ
1488 1026 1666 1082 πάντα
1693 1025 1952 1083 δύνασθαι

372 1118 667 1191 κατορθοῦν
718 1117 888 1190 αὐτῷ,
926 1119 1027 1175 καὶ
1071 1122 1207 1191 πρός
1249 1137 1315 1190 γε
1350 1120 1526 1191 τούτῳ
1576 1120 1639 1174 τὸ
1680 1118 1952 1190 ἀψευδεῖν.

368 1207 519 1277 Πλὴν
548 1207 902 1279 κατέπεμψεν
929 1210 1061 1281 ἡμῖν
1080 1214 1196 1275 τοῖς
1229 1211 1324 1264 ἐπὶ
1356 1210 1462 1281 γῆς
1499 1211 1528 1264 6
1549 1209 1682 1274 Θεὸς
1709 1211 1803 1266 καὶ
1838 1211 1951 1264 Πασ-

366 1298 473 1369 τὴρ
497 1297 650 1352 ὑετὸν
677 1297 869 1372 ὥσπερ
913 1300 1038 1356 τινὰ
1071 1299 1214 1356 θεῖόν
1266 1318 1326 1355 τε
1375 1301 1469 1356 καὶ
1515 1300 1703 1371 νοητὸν
1732 1300 1832 1372 τὴν
1864 1300 1953 1356 διά

367 1388 604 1460 Χριστοῦ
638 1389 1004 1461 παράκλησιν,
1034 1390 1152 1462 ἦτοι
1183 1390 1292 1445 τῶν
1332 1389 1706 1460 εὐαγγελικῶν
1740 1408 1949 1463 κηρυγ-

370 1479 557 1548 μάτων
598 1478 697 1551 τὴν
743 1480 1030 1553 χορηγίαν,
1070 1481 1137 1535 δι’
1164 1476 1234 1554 ἦς
1261 1469 1537 1553 εὔκαρπος
1581 1483 1677 1536 καὶ
1723 1499 1952 1554 γονιμω-

367 1569 506 1639 τάτη
531 1569 754 1639 γέγονεν
780 1573 814 1642 ή
846 1571 1109 1641 σύμπασα
1132 1569 1447 1641 γῆ.Ψάλλει
1468 1570 1597 1639 γοῦν
1618 1573 1647 1624 6
1666 1571 1951 1635 θεσπέσιος

369 1660 551 1729 Δαόὶδ,
578 1661 672 1716 καί
709 1678 900 1733 φησιν’
941 1679 961 1713 ι
993 1662 1313 1732 Ἐπεσκέψω
1339 1662 1438 1734 τὴν
1470 1662 1597 1732 γῆν,
1629 1663 1725 1717 καὶ
1755 1662 1951 1734 ἐμέθυ-

2055 479 2258 536 celsam
2318 478 2440 546 quis
2477 485 2684 534 avertet
2708 477 2800 532 '3?
2843 497 2860 530 ι
2901 476 3034 543 Quis
3086 477 3230 531 enim
3286 477 3392 531 erit
3450 484 3632 530 tantus

2057 580 2116 627 ut
2160 569 2344 626 divino
2380 569 2596 625 resistat
2638 568 2868 633 calculo,
2899 578 2953 624 et
2978 567 3188 622 Domini
3219 568 3481 621 voluntati
3535 567 3624 619 ob‘

2054 663 2305 717 nitatur?
2346 660 2576 717 Prorsus
2601 647 2785 716 nemo.
2849 657 3032 729 Itaque
3060 657 3324 728 quidquid
3380 656 3630 728 egredie-

2054 764 2143 810 tur
2180 753 2251 811 de
2296 767 2393 810 ore
2445 752 2560 823 ejus
2596 751 2688 822 qui
2735 764 2862 807 vere
2916 751 3059 806 Deus
3112 755 3216 815 est,
3265 749 3366 803 hoc
3409 749 3631 803 omnino

2052 861 2116 903 ac
2142 859 2358 916 semper
2390 844 2459 900 ad
2485 845 2642 900 tinem
2682 843 2886 899 tendet.
2930 841 3077 899 Inest
3108 840 3271 906 enim?
3323 839 3419 905 illi,
3464 847 3521 894 et
3573 848 3634 892 ut

2050 935 2232 991 omnia
2287 940 2547 1004 prastare
2610 931 2806 1001 possit,
2845 940 2902 987 et
2925 933 3208 1000 praeterea'
3233 930 3396 984 ctiam
3433 937 3491 982 ut
3517 944 3623 982 non

2053 1025 2365 1083 mentiatur.
2428 1023 2536 1079 Sed
2599 1023 2743 1079 enim
2826 1022 3048 1078 demisit
3104 1022 3259 1076 nobis
3312 1019 3631 1075 mortalibus

2052 1119 2197 1175 Deus
2242 1126 2297 1172 et
2323 1114 2503 1183 Pater,
2550 1115 2705 1186 quasi
2753 1115 2989 1184 pluviam
3031 1114 3322 1184 quamdam
3384 1111 3623 1166 divinam

2050 1219 2106 1265 et
2129 1209 2231 1266 sub
2259 1207 2668 1278 intelligentiam
2701 1207 3009 1271 cadentem,
3049 1204 3477 1260 consolationem
3530 1217 3631 1272 per

2048 1301 2349 1365 Christum,
2380 1298 2498 1355 sive
2525 1296 2853 1368 evangelica:
2922 1295 3327 1367 pratdicationis
3396 1293 3630 1348 admini-

2049 1392 2392 1456 strationem,
2431 1405 2529 1460 per
2554 1389 2998 1461 quam'universa
3044 1397 3188 1444 terra
3231 1386 3474 1444 redditur
3504 1386 3621 1440 fru-

2050 1483 2222 1554 gifera
2257 1491 2312 1539 et
2384 1481 2792 1538 fecundissima.
2846 1481 3037 1537 Psallit
3097 1480 3354 1537 nimirum
3414 1479 3631 1536 divinus

2050 1575 2245 1643 David,
2269 1582 2325 1628 et
2355 1573 2571 1643 inquit:
2615 1592 2634 1626 ι
2682 1572 2925 1629 Visitasti
2958 1582 3182 1641 terram,
3221 1580 3277 1629 et
3345 1570 3630 1649 inebriasti

2050 1680 2195 1732 eam,
2245 1664 2615 1734 multiplicasti
2671 1663 3004 1734 locupletare
3069 1678 3209 1720 eam.
3275 1662 3444 1718 R‘ivos
3512 1661 3633 1730 ejus

368 1765 469 1811 σας
516 1748 723 1821 αὐτὴν,
756 1748 1062 1821 ὲπλήθυνας
1110 1750 1207 1804 τοῦ
1254 1751 1541 1807 πλουτίσαι
1591 1753 1784 1823 αὐτήν·
1827 1752 1945 1816 τοὺς

2053 1754 2285 1820 inebria,
2318 1752 2615 1823 multiplica
2705 1753 2950 1823 germina
3004 1752 3150 1823 ejus,
3210 1751 3265 1805 in
3340 1749 3649 1806 stillicidiis.

366 1841 616 1904 αὔλακας
661 1841 831 1911 αὐτῆς
884 1842 1136 1912 μέθυσον,
1188 1842 1458 1914 πλήθυνον
1515 1843 1584 1898 τὰ
1633 1845 1947 1916 γεννήματα

366 1926 558 1997 αὐτῆς,
589 1927 647 1980 ἐν
677 1929 797 1992 ταῖς
822 1930 1077 1997 σταγόσιν
1119 1932 1291 2003 αὐτῆς
1338 1932 1774 2004 εὐφρανθήσεται
1824 1935 1948 1990 ἀνα-

367 2016 643 2071 τέλλουσα.
672 2041 691 2068 ρ
716 2019 827 2072 Καὶ
851 2019 958 2091 μὴν
987 2022 1080 2075 καὶ
1106 2020 1195 2075 διὰ
1211 2024 1394 2094 φωνῆς
1414 2024 1678 2089 Μωσέως,
1712 2045 1731 2077 ι
1756 2027 1944 2081 Κατα-

367 2110 591 2178 θήσεται
613 2151 628 2175 ,
665 2109 853 2180 φησὶν,
887 2111 964 2177 ὡς
1017 2112 1171 2176 ὑετὸς
1213 2114 1276 2168 τὸ
1311 2116 1645 2188 ἀπόφθεγμά
1692 2134 1817 2187 μου,
1849 2106 1946 2172 κᾶὶ

365 2200 661 2272 καταόήτω
685 2201 760 2266 ὡς
786 2202 975 2275 δρόσος
1002 2204 1069 2257 τὰ
1104 2206 1170 2277 ρή
1180 2206 1320 2277 ματά
1348 2225 1469 2279 μου.
1485 2227 1503 2260 ι
1524 2208 1859 2263 Ἐπιστὲλλει
1886 2211 1942 2265 δέ

364 2304 473 2341 τισι
504 2289 598 2342 καὶ
619 2291 649 2343 6
674 2290 948 2360 πάνσοφος
976 2292 1209 2360 Παῦλος·
1237 2313 1256 2347 ι
1280 2297 1338 2349 '0
1358 2296 1416 2349 δὲ
1436 2296 1569 2362 Θεὸς
1595 2298 1697 2369 τῆς
1720 2299 1945 2371 εἰρήνης

363 2379 596 2451 αὐξήσαι
620 2380 712 2434 τὸν
750 2383 952 2455 σπόρον
1006 2385 1183 2455 ὑμῶν,
1218 2387 1312 2441 καὶ
1356 2387 1623 2460 πληθύναι
1669 2389 1738 2444 τὰ
1760 2393 1947 2462 γεννή-

367 2486 512 2540 ματα
558 2471 661 2541 τῆς
705 2472 1053 2546 δικαιοσύνης
1100 2476 1276 2545 ὑμῶν.
1315 2496 1334 2531 ι
1373 2479 1583 2533 υύκοῦν
1639 2481 1943 2553 εὐκαρπίαν

363 2561 677 2631 ἐσχήκαμεν
710 2561 806 2633 τὴν
834 2567 1236 2638 πνευματικήν,
1259 2567 1357 2638 τὴν
1386 2568 1474 2622 διὰ
1518 2571 1759 2651 Χριστοῦ
1787 2590 1943 2644 χορη-
1968 2636 1973 2643 ι

363 2651 487 2720 γίαν
537 2653 794 2721 λαϐόντες
840 2658 920 2720 είς
976 2657 1124 2724 νοῦν,
1162 2658 1302 2712 ὥστε
1335 2659 1409 2731 μὴ
1455 2662 1614 2731 μόνον
1639 2663 1738 2733 τὴν
1790 2664 1941 2735 ἱεράν

364 2744 613 2812 συλλέξαι
646 2747 873 2819 τροφὴν,
892 2748 1009 2819 ἦτοι
1039 2749 1129 2803 τὸν
1152 2749 1317 2823 ἄρτον
1344 2750 1488 2822 ἔχειν
1521 2754 1671 2824 ἡμᾶς
1697 2753 1789 2808 τὸν
1814 2755 1942 2820 ζωο-

2049 1845 2163 1916 cjus
2190 1845 2461 1903 lzetabitur
2495 1843 2804 1915 germinans
2832 1843 2901 1900 ".
2936 1862 2955 1895 ι
2984 1843 3123 1911 Quin
3147 1853 3202 1897 et
3224 1856 3356 1898 voce
3383 1840 3587 1911 Moysis
3611 1882 3626 1903 ,

2055 1954 2073 1987 ι
2109 1936 2435 1999 Descendet,
2470 1934 2664 2004 inquit,
2701 1942 2956 2003 tanquam
3003 1932 3183 2003 pluvia
3238 1947 3407 1988 sonus
3453 1945 3656 1997 meus,

2046 2036 2100 2083 et
2142 2027 2471 2084 descendant
2499 2043 2596 2083 ceu
2634 2042 2726 2082 ros
2745 2028 2909 2084 verba
2937 2043 3054 2081 mea
3078 2026 3200 2078 ⁸⁸⁵.»
3233 2023 3628 2080 εειίὶιὶιειὶιιιιι

2046 2118 2114 2177 ad
2149 2118 2411 2188 quosdam
2476 2116 2919 2187 sapientissimus
2947 2115 3189 2171 Paulus:
3228 2132 3247 2167 ι
3309 2114 3453 2169 Deus
3479 2113 3628 2183 pacis

2047 2218 2243 2282 augeat
2269 2221 2567 2266 sementem
2601 2218 2867 2276 vestram,
2894 2220 2948 2266 et
3005 2209 3327 2278 multiplicat
3376 2206 3626 2277 germina

2041 2301 2268 2371 iustitia:
2293 2309 2483 2357 vestrae
2515 2300 2582 2356 ⁸⁸.
2624 2319 2647 2355 ι
2681 2300 2985 2357 Habuimus
3046 2300 3226 2369 itaque
3273 2300 3328 2354 in
3386 2298 3627 2353 animum

2045 2393 2380 2460 ubertatem,
2427 2401 2650 2465 accepta
2704 2392 2935 2464 spiritali
2985 2407 3083 2463 per
3135 2392 3411 2448 Christum
3467 2390 3629 2460 largi-

2044 2485 2213 2549 tione,
2250 2484 2321 2538 ita
2350 2492 2407 2538 ut
2432 2499 2537 2539 non
2567 2484 2741 2540 solum
2776 2496 2993 2538 sacrum
3015 2483 3196 2538 cibum
3223 2482 3624 2551 collegerimus,

2042 2592 2106 2632 ac
2148 2590 2341 2645 panem
2387 2575 2655 2630 viviticum
2692 2589 2790 2629 nos
2832 2574 3148 2640 habeamus,
3177 2574 3272 2630 sed
3322 2581 3485 2630 etiam
3539 2588 3630 2630 se-

2043 2682 2166 2721 men
2188 2665 2412 2741 serenti.
2471 2664 2645 2723 Duces
2696 2664 2841 2721 enim
2869 2666 3211 2736 p0pulorum,
3243 2673 3300 2721 et
3337 2680 3624 2723 sacrorum

2043 2759 2359 2826 dogmatum
2387 2757 2565 2827 periti,
2604 2757 2808 2826 quique
2857 2757 3130 2827 pmdagogi
3167 2756 3287 2813 aliis
3311 2771 3435 2815 esse
3495 2772 3630 2827 pos-

363 2835 536 2898 ποιὸν,
570 2836 707 2890 ἀλλά
738 2837 845 2908 γὰρ
877 2838 973 2890 καὶ
1008 2837 1232 2908 σπέρμα
1280 2839 1358 2909 τῷ
1403 2840 1703 2911 σπείροντι.
1737 2843 1801 2894 Ol
1831 2843 1940 2914 γάρ

2048 2859 2189 2917 sunt,
2234 2858 2291 2904 et
2321 2847 2669 2921 mystagogite
2700 2862 3006 2904 sermonem
3024 2848 3218 2918 populo
3251 2848 3466 2904 subdito
3492 2864 3630 2916 pra:-

364 2945 444 2981 τοι
475 2927 621 2982 λαῶν
659 2929 1078 3000 προεστηκότες,
1111 2931 1205 2983 καὶ
1232 2931 1517 3002 δογμάτων
1539 2932 1699 3002 ἱερῶν
1724 2935 1941 3003 ὲπιστήυ

2048 2951 2255 3007 texere,
2289 2951 2479 2995 serunt
2513 2939 2565 2993 in
2594 2939 2849 2995 cordibus
2882 2954 3071 2994 eorum
3125 2954 3313 2996 semen
3347 2941 3490 3009 quod
3544 2955 3629 2995 rc-

368 3035 546 3087 μονες,
581 3020 675 3073 καὶ
701 3020 1069 3089 παιδαγωγεῖν
1102 3021 1323 3093 ἑτέρους
1360 3018 1461 3077 οἷοί
1499 3041 1557 3077 τε
1600 3025 1695 3078 καὶ
1722 3025 1811 3079 τὸν
1841 3026 1939 3096 τῆς

2048 3033 2419 3098 condiderunt,
2454 3032 2708 3103 quodque
2751 3031 2901 3100 prius
2947 3030 3000 3086 in
3025 3031 3221 3087 animis
3259 3032 3373 3088 suis
3398 3046 3628 3103 conges-

367 3084 761 3183 μυσταγωγίας
797 3084 909 3177 τοῖς
957 3084 1061 3167 ύπὸ
1086 3084 1243 3187 χεῖρα
1281 3084 1427 3179 λαοῖς
1449 3115 1827 3186 ἐξυφαίνοντες

2048 3133 2256 3179 serunt.
2315 3122 2381 3178 Ut
2424 3084 2570 3179 edim
2608 3084 3063 3190 sapientissimus
3093 3120 3294 3183 Paulus
3335 3123 3450 3176 ait:
3487 3084 3629 3176 «νοοῖ

364 3218 482 3271 γον,
510 3203 826 3275 σπείρουσιν
855 3206 913 3256 ἐν
945 3207 1068 3269 ταῖς
1094 3205 1343 3277 καρδίαις
1377 3206 1576 3273 αὐτῶν,
1611 3207 1671 3262 6v
1713 3207 1943 3280 ἐθησαύ-

2049 3214 2360 3285 agricolatio
2385 3230 2577 3274 smnus
2602 3214 2667 3268 “.
2703 3233 2722 3266 ι
2775 3213 3089 3281 Cooperarii
3145 3228 3381 3284 namque
3437 3228 3630 3268 sumus

369 3313 524 3367 ρισαν
567 3297 751 3359 αὐτοῖς
797 3296 1028 3367 σπόρον,
1063 3299 1690 3370 προκατασωρεύσαντες
1734 3303 1792 3354 ἐν
1821 3305 1939 3364 ταῖς

2051 3308 2165 3373 Dei,
2217 3308 2306 3378 qui
2351 3308 2506 3364 nobis
2543 3308 2855 3377 dogmatum
2886 3306 3249 3377 cognitionem
3284 3314 3551 3368 exactam,
3572 3314 3632 3359 et

366 3389 574 3444 ἑαυτῶν
605 3388 823 3461 ψυχαῖς.
870 3390 957 3452 Ὠς
983 3390 1093 3458 γάρ
1129 3394 1158 3444 6
1193 3392 1467 3461 πάνσοφος
1503 3392 1712 3457 Παῦλός
1745 3411 1934 3465 φησιν,

2048 3407 2248 3454 sanctae
2268 3397 2699 3454 conversationis
2720 3395 3024 3460 scientiam,
3054 3404 3110 3450 et
3137 3395 3314 3451 omnis
3325 3393 3487 3464 783
3504 3391 3630 3448 boni

373 3480 542 3534 «Θεοῦ
582 3481 849 3552 γεώργιόν
902 3482 1092 3550 ὲσμεψ
1153 3502 1172 3534 ι
1225 3484 1477 3553 συνεργοὶ
1508 3483 1619 3555 γὰρ
1660 3484 1794 3538 Θεοῦ
1841 3485 1934 3538 τοῦ

2048 3488 2370 3545 desiderium
2409 3487 2620 3543 inserit.
2653 3484 2752 3541 ilic
2799 3493 2980 3540 autem
3028 3497 3113 3540 est
3140 3486 3413 3548 Christus,
3446 3486 3537 3553 qui
3564 3484 3631 3538 de

366 3573 676 3644 σπείροντας
706 3574 762 3625 ἐν
787 3573 937 3643 ἡμῖν,
961 3572 1055 3625 καὶ
1074 3573 1410 3644 δογματικῆς
1428 3574 1708 3645 εὐτεχνίας
1737 3573 1936 3643 γνῶσιν

2048 3594 2103 3636 se
2130 3581 2246 3650 ipso
2275 3579 2405 3634 dicit
2439 3593 2455 3633 :
2500 3596 2519 3631 ι
2553 3576 2697 3632 Exiit
2723 3577 2815 3646 qui
2854 3576 2989 3632 serit
3017 3576 3084 3632 ad
3117 3576 3407 3632 serendum
3441 3589 3627 3629 semen

323 3666 585 3754 ⁹ἀικριὸῆ,
614 3666 707 3719 καὶ
741 3664 1014 3729 πολιτείας
1044 3664 1272 3733 εύαγοῦς
1300 3666 1633 3738 ἐπιστήμην,
1679 3668 1771 3721 καὶ
1797 3684 1935 3722 παν-

2044 3686 2199 3725 suum
2232 3671 2298 3722 ⁸⁸.
2337 3689 2357 3724 ι

364 3761 456 3824 τὸς
485 3761 666 3829 ἔφεσιν
693 3758 898 3827 ἀγαθοῦ
942 3760 1284 3830 πράγματος
1310 3754 1463 3824 οὗτος
1490 3760 1547 3815 δέ
1585 3763 1730 3816 ἐστιν
1765 3763 1794 3815 6
1827 3763 2080 3832 Χριστὸς,
2104 3764 2162 3828 ὃς
2198 3764 2263 3834 δὴ
2287 3763 2379 3818 καὶ
2401 3763 2530 3835 περὶ
2567 3760 2732 3814 αὑτοῦ
2758 3776 2922 3831 φησιν
2943 3776 2957 3790 ο
3007 3779 3025 3811 ι
3049 3759 3304 3831 Ἐξῆλθεν
3328 3762 3357 3815 6
3380 3757 3629 3827 σπείρων

362 3852 457 3905 τοῦ
478 3853 696 3923 σπεῖραι
721 3850 813 3903 τὸν
837 3850 1036 3921 σπόρον
1065 3848 1250 3903 αὑτοῦ.
1285 3868 1303 3899 ι

436 3945 542 4000 Kal
579 3944 854 3999 εὐοδώσω
873 3944 979 4010 τὰς
1005 3943 1183 4009 ὁδούς
1208 3961 1347 4011 μου,
1370 3944 1467 3998 καὶ
1503 3942 1575 3997 τὰ
1598 3945 1940 4015 ἐντάλματὰ

359 4057 497 4108 μου.
530 4038 624 4092 Ἐν
639 4037 748 4107 γὰρ
772 4037 1119 4106 εὐφροσύνῃ
1137 4034 1552 4101 ἐξελεύσεσθε,
1576 4036 1674 4091 καὶ
1699 4037 1769 4092 ἐν
1786 4035 1941 4106 χαρᾷ

364 4128 830 4198 διδαχθήσεσθε.

444 4222 845 4292 Ὑποσχόμενος
873 4219 956 4273 ὅτι
977 4218 1151 4289 πάντη
1174 4235 1233 4271 τε
1261 4219 1356 4272 καὶ
1382 4219 1597 4283 πάντως
1617 4219 1941 4290 ἐλεηθήσον-

369 4330 456 4366 ται
494 4312 618 4375 τοὺς
653 4313 754 4379 τῆς
804 4311 1076 4381 ἁμαρτίας
1109 4309 1501 4380 ἀπονιψάμενοι
1536 4309 1738 4381 ῥύπους
1761 4350 1776 4375 ,
1820 4307 1939 4365 εἶτα

372 4403 601 4473 καθαροὶ
620 4404 898 4472 γεγονότες
916 4390 1064 4474 αὐτῷ
1086 4402 1516 4473 συναφθήσονται
1537 4402 1940 4471 πνευματικῶς,

372 4496 582 4548 ἔσονται
610 4495 666 4548 δὲ
686 4496 734 4547 οἱ
760 4496 974 4565 μακρὰν
1003 4497 1186 4564 ἐγγὺς,
1212 4497 1306 4549 καὶ
1345 4497 1462 4558 ταῖς
1499 4493 1629 4565 παρ’
1653 4493 1816 4548 αὑτοῦ
1852 4512 1940 4563 φι-

372 4586 636 4655 λοτιμίαις
662 4588 1209 4658 καταπιανοήσονται.
1237 4592 1329 4645 καὶ
1350 4589 1436 4643 διὰ
1458 4588 1624 4658 μέσου
1652 4587 1940 4659 παρενθεὶς

372 4678 437 4729 τὰ
462 4678 528 4729 δι’
557 4671 715 4748 ῶνῆν
730 4678 985 4732 δύνασθαι
1013 4679 1286 4736 πιστεύειν
1313 4682 1529 4745 αὐτοὺς,
1550 4682 1634 4735 ὃτι
1663 4680 1756 4737 καὶ
1780 4679 1939 4749 ἀψευ-

369 4770 465 4841 δὴς
498 4765 555 4841 ᾖ,
589 4770 722 4834 Θεὸς
766 4772 843 4824 ὢν
880 4771 1060 4840 φύσει,
1115 4773 1209 4826 καὶ
1246 4772 1354 4825 τῶν
1383 4774 1664 4844 δυνάμεων
1715 4773 1936 4845 Κύριος,

369 4859 551 4931 ἔχεται
584 4861 747 4915 πάλιν
789 4862 901 4915 τῶν
938 4861 1154 4931 ἐφεξῆς,
1207 4863 1326 4932 ῆτοι
1357 4863 1454 4933 τῆς
1508 4863 1940 4935 ἀπαριθμήσεως

368 4953 475 5005 τῶν
496 4953 869 5024 δοθησομένων
899 4953 1081 5016 αὐτοῖς
1134 4954 1517 5024 πνευματικῶν
1565 4956 1935 5025 χαρισμάτων.

370 5043 633 5097 ἰείὐοδὼσω
675 5044 804 5115 γὰρ,
835 5045 992 5115 φησὶ.
1037 5044 1135 5107 τὰς
1170 5043 1321 5105 ὁδούς
1350 5061 1477 5113 μου,
1501 5046 1597 5097 καὶ
1636 5046 1705 5099 τὰ
1749 5047 1937 5101 ἐντάλ-

370 5137 515 5205 ματά
569 5152 691 5209 μου’
742 5137 883 5209 μέγα
908 5136 1062 5189 τοῦτο
1090 5136 1185 5191 καὶ⁸
1212 5135 1533 5206 ἀξιόληπτον
1575 5137 1797 5206 ἀγαθὸν,
1846 5138 1941 5191 καὶ

367 5228 541 5293 ξένιον
570 5228 801 5300 ούρανοῦ
826 5244 841 5258 ·
877 5229 971 5282 καὶ
992 5229 1113 5283 τίνα
1144 5228 1365 5299 τρόπον,
1394 5225 1645 5298 ἐροῦμεν.
1684 5230 1808 5291 Τοῖς
1841 5230 1941 5299 μὲν

366 5321 473 5391 γὰρ
500 5322 565 5374 ἐκ
588 5321 896 5391 φιληδονίας
917 5319 1185 5390 κοσμικῆς
1204 5320 1283 5383 εἰς
1301 5319 1609 5389 εὐσχήμονα
1635 5319 1778 5390 ζωὴν
1809 5320 1940 5391 μεθ..

364 5411 687 5482 ορμίζεσθαι
724 5410 1065 5481 βουλομένοις
1101 5409 1202 5464 οὐκ
1231 5410 1437 5481 ἀτραχυ
1469 5409 1529 5462 τὸ
1561 5410 1746 5479 χρῆμά
1771 5411 1939 5471 ἐστιν,

365 5504 479 5555 ἀλλ’
500 5504 621 5557 οὐδὲ
647 5503 873 5574 βάσιμον
903 5504 959 5555 ἐν
984 5503 1197 5573 ἀρχαῖς.
1264 5501 1669 5556 ’Λντανίσταται
1709 5500 1815 5571 γὰρ
1844 5501 1941 5554 αύ-

439 5622 484 5652 "
521 5621 622 5675 lsa.
656 5637 767 5681 xw,
800 5621 890 5672 Ἦ.
1000 5620 1043 5652 ⁵³⁸
1077 5619 1215 5673 l‘sal.
1256 5637 1401 5685 Lstv,
1466 5621 1542 5677 l0.
1588 5619 1667 5672 ll.

372 5688 412 5722 "
446 5690 627 5746 Matth.
661 5706 779 5756 xm,
816 5690 867 5744 ὅ.

1784 5620 1847 5651 ³⁵⁸·
1882 5619 2033 5675 Deut.
2099 5633 2273 5684 xxxii,
2322 5619 2375 5670 2.

2117 3944 2279 3999 Vens.
2340 3942 2428 3996 12.
2487 3940 2553 3994 Et
2581 3936 2896 4009 prosperabo
2932 3938 3043 3991 vias
3088 3953 3229 3993 mea:
3273 3948 3321 3992 et
3366 3952 3629 4010 prwcepta

2046 4052 2181 4090 mea.
2224 4033 2365 4087 Nam
2394 4049 2514 4087 cum
2542 4030 2728 4086 lwtitia
2756 4026 3111 4100 egrediemiui,
3152 4038 3200 4083 et
3264 4046 3382 4083 cum
3430 4034 3628 4101 gaudio

2045 4123 2381 4181 docebimini.
2464 4180 2473 4195 κ

2116 4218 2249 4273 Cum
2276 4216 2346 4270 sit
2375 4214 2646 4285 pollicitus
2683 4214 3052 4284 plenissimam
3093 4218 3478 4268 consecuturos
3505 4227 3628 4268 esse

2045 4305 2494 4370 miscricordiam,
2521 4306 2615 4375 qui
2647 4306 2854 4375 peccati
2896 4307 3087 4360 sordes
3127 4303 3378 4367 eluerint,
3414 4312 3468 4357 et
3510 4304 3624 4373 qui,

2054 4397 2240 4454 mundi
2270 4395 2418 4461 lacti,
2448 4395 2653 4452 fuerint
2685 4395 2962 4466 conjuncti
3001 4410 3124 4453 cum
3161 4408 3228 4450 eo
3254 4393 3627 4464 spiritualiter.

2049 4491 2249 4546 actore
2268 4487 2598 4556 propinquos
2629 4487 2720 4556 qui
2748 4486 3023 4557 longinqui
3051 4472 3289 4550 fuerunt,
3315 4501 3380 4540 ac
3412 4486 3629 4565 muniti»

2049 4581 2223 4637 ceutia
2253 4580 2370 4650 ejus
2399 4578 2726 4649 saginandos
2748 4592 2812 4633 ac
2833 4580 3191 4642 recreandos;
3213 4577 3633 4646 cumquem-nn,»

2046 4674 2134 4729 dio
2159 4669 2538 4741 interposuerit
2566 4684 2629 4724 ea
2666 4671 2808 4724 unde
2834 4668 2991 4724 (idem
3024 4669 3205 4725 facere
3245 4679 3425 4740 posset
3447 4686 3507 4726 se
3536 4685 3633 4723 vc-

2040 4778 2158 4818 rum
2180 4776 2301 4817 esse
2331 4769 2521 4815 natura
2542 4758 2708 4814 Demu
2739 4749 2802 4815 ac
2821 4759 3453 4816 Dominumexercitnum
3481 4779 3493 4814 :
3519 4776 3633 4815 rur-

2043 4868 2136 4907 sus
2151 4867 2271 4922 qua:
2299 4858 2599 4919 sequuntur
2620 4849 2987 4919 prosequitur,
3016 4861 3072 4906 et
3093 4852 3371 4906 continuat
3400 4866 3627 4904 cnumc-

2043 4943 2311 4999 ratiouem
2346 4940 2708 5010 spiritualium
2740 4941 2999 4996 donorum
3028 4956 3147 5011 quae
3178 4941 3285 4995 illis
3333 4940 3625 4994 dabuntur.

2042 5033 2398 5105 Prosperabo,
2431 5034 2623 5102 inquit,
2661 5033 2774 5088 vias
2806 5048 2951 5088 meas
2978 5043 3031 5086 et
3052 5039 3315 5102 prmeepta
3345 5047 3480 5089 mea.
3514 5031 3631 5087 Ma-

2048 5142 2211 5197 gnum
2236 5127 2430 5193 hoc,et
2448 5139 2551 5179 non
2568 5122 2962 5192 aspernandum
2988 5121 3331 5186 bcnelicium,
3359 5131 3411 5178 et
3433 5125 3631 5178 donum

2050 5220 2269 5277 cmleSte
2291 5237 2307 5275 :
2332 5216 2602 5290 quomodo
2633 5223 2836 5276 autem.
2864 5213 3125 5269 dicemus.
3139 5213 3238 5280 Qui
3268 5215 3457 5270 enima
3476 5231 3630 5270 num-

2049 5316 2201 5369 danae
2213 5313 2499 5383 voluptatis
2515 5324 2699 5365 amore
2719 5309 2786 5365 ad
2806 5308 3086 5364 honestam
3106 5308 3268 5362 vitam
3296 5309 3524 5363 transire
3542 5323 3632 5363 τοι

2050 5406 2186 5471 Iunt,
2207 5406 2259 5462 hi
2280 5406 2511 5473 primum
2529 5403 2583 5458 in
2605 5416 2796 5473 aspera
2815 5416 2874 5457 re
2894 5415 2957 5456 ac
2982 5416 3088 5456 non
3111 5400 3182 5455 ita
3205 5414 3369 5470 prona
3382 5402 3632 5471 etpervia

2050 5512 2351 5559 versantur.
2383 5503 2717 5558 Adversatur
2746 5498 2890 5554 enim
2933 5497 3037 5553 illis
3063 5498 3203 5552 tritae
3225 5497 3378 5567 quasi
3402 5509 3634 5552 consue-

2490 5618 2534 5650 ⁸ο
2576 5614 2617 5670 ll
2659 5614 2783 5672 Cor.
2834 5629 2909 5681 ix,
2947 5612 3031 5669 IO.
3141 5613 3183 5645 ⁶¹
3223 5611 3243 5667 l
3279 5613 3400 5669 Cor.
3439 5624 3522 5675 ιιι,
3579 5606 3633 5662 9.
