4042 6200
451 291 592 349 ηδε
1440 285 1496 340 S.
1539 284 1811 343 οῑιιιω
1855 281 2320 340 ALEXANDBINI
2361 282 2675 342 ARCHIEP.
3564 285 3711 341 19.36

450 406 657 462 tudinis
697 405 943 470 dulcedo,
997 414 1053 461 et
1102 411 1336 461 mentem
1381 418 1569 459 eorum
1615 403 1836 459 tristitia
1874 404 2019 460 velut

2136 408 2230 469 τοῖς
2270 403 2459 476 ὥσπερ
2488 405 2586 474 τῆς
2627 402 2907 475 ἐντριϐοῦς
2947 402 3237 475 συνηθείας
3278 404 3339 456 τὸ
3377 402 3571 472 γλυκὺ,
3613 418 3725 457 και

451 492 707 548 inebriat.
732 492 841 548 Nec
868 493 1011 547 enim
1035 490 1479 547 carnis‘aﬂ'ectus
1511 490 1670 549 facile
1702 502 1830 548 sunt
1858 492 2026 547 evita-

2136 495 2527 567 καταμεθύσκει
2556 498 2675 559 ταῖς
2702 494 2902 558 λύπαις
2955 494 3045 548 τὸν
3076 496 3135 548 ἐν
3164 495 3347 559 αὐτοῖς
3398 494 3529 548 ὄντα
3557 495 3723 548 νοῦν.

450 582 610 649 biles,
636 598 735 639 nec
759 584 997 654 proclive
1047 592 1131 642 est
1152 584 1477 650 volentibus,
1511 587 1581 641 ad
1617 584 1871 640 virtutem
1901 598 2027 640 cur-

2136 586 2241 639 Οὒκ
2277 584 2606 655 εὐδιάφυκτα
2640 584 2751 654 γὰρ
2784 584 2853 637 τά
2876 583 2977 654 τῆς
3013 583 3215 655 σαρκὸς
3246 584 3415 653 πάθη,
3451 583 3576 637 οὔτε
3603 586 3729 654 μὴν

452 690 607 731 rere.
639 676 707 730 At
734 685 1087 745 prosperante
1116 692 1182 734 ac
1219 687 1571 749 promovente
1619 678 1753 742 Dec,
1796 686 1851 732 et
1905 677 2023 731 loca

2136 678 2237 741 τοῖς
2280 676 2552 731 ἐθέλουσιν
2595 674 2842 746 εύτριὸἐς
2873 674 2936 728 τὸ
2968 675 3180 745 τρέχειν
3226 677 3306 739 είς
3345 676 3567 745 ἀρετήν.
3610 675 3721 727 Εὐ-

454 766 596 820 invia
632 775 687 821 et
708 777 975 837 praerupta
1034 768 1318 824 alleviante
1361 779 1415 826 et
1447 768 1843 839 complanante,
1874 768 2028 823 facil-

2136 769 2367 834 ιδοῦντός
2417 785 2482 837 γε
2517 767 2626 839 μὴν
2665 765 2759 822 τοῦ
2788 765 2944 831 Θεοῦ,
2999 767 3094 820 καὶ
3124 767 3191 820 τά
3235 766 3579 837 δυσπόρευτα
3618 766 3729 818 καὶ

454 855 581 911 lime
602 858 724 927 quis
745 855 1031 913 aﬂ'ecluum
1057 859 1293 916 assultus
1318 860 1501 931 fugere
1530 861 1746 931 poterit,
1763 871 1816 915 et
1839 859 2025 914 fortis-

2136 861 2327 931 ἀνάντη
2360 859 2494 929 ψιλά
2541 858 2780 920 τιθέντος
2804 858 2899 912 καὶ
2926 858 3185 928 εὐήλατα,
3223 857 3383 927 φύγοι
3413 875 3497 921 τις
3524 857 3594 910 ἂν
3621 858 3730 909 καὶ

454 945 591 999 sime
612 946 678 1000 ad
697 946 953 1001 virtutum
973 948 1186 1005 culmen
1208 950 1438 1006 assilire.
1457 949 1726 1021 Scriptum
1745 959 1828 1006 cst
1846 949 2021 1004 enim:

461 1056 481 1088 ι
532 1037 741 1095 Montes
792 1041 989 1095 excelsi
1035 1043 1211 1097 cervis
1235 1042 1303 1098 “.
1336 1059 1358 1094 ›
1406 1042 1546 1109 Quid
1591 1056 1721 1109 ergo
1778 1040 2028 1110 promisit

469 1127 610 1182 Deus
637 1128 692 1182 in
720 1129 895 1197 ipsum
918 1131 1262 1187 credentibus
1286 1131 1309 1186 ἲ
1337 1130 1675 1201 Prosperabo
1712 1131 1827 1186 vias
1854 1145 2024 1192 meas,

458 1228 514 1273 ct
536 1220 790 1275 mandata
819 1235 961 1287 mea,
1007 1230 1063 1277 et
1089 1236 1193 1277 non
1224 1236 1346 1277 cum
1381 1222 1599 1277 tristitia
1650 1220 2025 1293 egrediemini,

463 1308 559 1363 sed
591 1323 713 1364 cum
734 1311 927 1378 gaudio
944 1311 1289 1368 docebimini.
1315 1312 1426 1368 Hoc
1450 1314 1665 1368 demum
1692 1322 1797 1378 est,
1814 1314 2025 1382 opinor,

2130 951 2275 1022 μάλα
2304 951 2501 1023 ῥαδίως
2528 950 2622 1004 καὶ
2653 950 2752 1013 τάς
2774 950 2881 1003 τῶν
2918 950 3109 1005 παθῶν
3151 949 3475 1021 προσϐολὰς,
3516 947 3729 1002 εὐσθε-

2129 1041 2363 1098 νέστατα
2398 1041 2457 1096 δέ
2504 1040 2600 1095 καὶ
2625 1043 2706 1103 είς
2735 1041 2805 1095 τά
2828 1039 2937 1096 τῶν
2966 1039 3180 1112 ἀρετῶν
3212 1039 3481 1110 ὑψώματα
3512 1040 3729 1110 διαπη-
3764 1030 3777 1063 ⁷

2128 1132 2359 1205 δήσειεν.
2390 1132 2703 1204 Γέγραπται
2744 1132 2852 1203 γάρ
2871 1148 2885 1162 ·
2919 1133 3091 1203 ιὌρη
3118 1131 3186 1184 τά
3216 1130 3398 1201 ύιιιρηλά
3438 1132 3560 1194 ταῖς
3584 1132 3730 1184 ὲλὰ-
3764 1118 3770 1127 ’

2128 1241 2270 1294 φοις.
2312 1242 2331 1275 ι
2359 1224 2426 1277 Τί
2467 1223 2647 1278 τοίνυν
2689 1222 2822 1287 Θεὸς
2845 1221 3240 1291 ἐπαγγέλλεται
3276 1224 3390 1285 τοῖς
3430 1223 3511 1283 εἰς
3549 1221 3731 1273 αὑτὸν

2131 1315 2513 1381 πιστεύσασινς
2542 1311 2809 1375 ¹Εύοδώσω
2832 1313 2929 1376 τὰς
2957 1311 3113 1375 ὁδούς
3136 1329 3264 1382 μου,
3293 1313 3390 1366 καὶ
3425 1312 3493 1365 τὰ
3524 1312 3729 1365 me)...

456 1401 599 1469 quod
634 1400 759 1457 alibi
784 1417 969 1459 rursus
1003 1404 1141 1459 dixit
1170 1403 1449 1475 Scriptura
1479 1403 1794 1475 prophetica
1824 1422 1837 1459 :
1877 1422 1894 1456 t
1929 1402 2028 1459 Via

2136 1401 2280 1471 ματά
2315 1418 2437 1472 μου,
2461 1402 2555 1455 καὶ
2579 1402 2679 1455 οὐκ
2702 1401 2760 1454 ἐν
2786 1400 2931 1472 λύπῃ
2958 1399 3328 1468 ἐξελεύσεσθε,
3356 1401 3472 1455 ἀλλ’
3498 1403 3556 1454 ἐν
3574 1402 3733 1471 χαρᾷ

459 1492 670 1553 piorum
701 1503 849 1550 recta
875 1494 1017 1551 facta
1041 1506 1142 1562 est,
1173 1506 1228 1551 et
1251 1505 1550 1567 praeparata
1584 1497 1665 1553 via
1696 1500 1907 1569 piorum
1924 1497 2024 1551 “.i

2136 1492 2533 1563 διδαχθήσεσθε.
2570 1491 2763 1557 Τοῦτο,
2799 1487 2976 1564 οἶμαι,
3016 1494 3187 1559 ἐστὶν,
3218 1494 3358 1564 ὅπερ
3396 1494 3501 1564 ἔφη
3555 1495 3733 1548 πάλιν

457 1581 557 1638 Via
598 1584 741 1641 enim
772 1587 982 1643 Domini
1025 1586 1308 1657 judicium.
1344 1588 1501 1644 Alius
1551 1589 1716 1642 etiam
1766 1603 1797 1645 e
1827 1589 2030 1643 sanctis

2136 1584 2356 1656 ἑτέρωθί
2387 1601 2489 1637 που
2522 1584 2583 1638 τὸ
2601 1585 2836 1656 γράμμα
2858 1585 2922 1638 τὸ
2949 1584 3286 1656 προφητικόν
3306 1603 3320 1616 ·
3341 1602 3361 1635 ι
3381 1584 3533 1648 Ὁδὸς
3557 1586 3732 1638 εὐσε-

458 1678 771 1747 propbetis,
795 1699 812 1732 ι
845 1679 1048 1750 Recta,
1086 1699 1106 1734 ι
1153 1680 1349 1752 inquit,
1381 1697 1401 1732 ι
1435 1689 1561 1736 sunt
1588 1680 1689 1737 vim
1720 1678 1953 1746 Domini,
1976 1687 2032 1734 et

2136 1676 2241 1729 δῶν
2270 1675 2455 1730 εὐθεῖα
2478 1674 2712 1744 ἐγένετο,
2734 1675 2830 1729 xci.
2864 1670 3359 1746 παρεσκευασμένη
3398 1678 3431 1746 ἡ
3462 1675 3583 1739 ὁδὸς
3612 1674 3735 1727 τῶν

453 1740 585 1837 justi
612 1740 965 1825 ambulabunt
1001 1740 1053 1826 in
1077 1772 1197 1828 eis:
1223 1740 1370 1843 impii
1395 1779 1575 1826 autem
1615 1740 2032 1827 inﬁrmabuutur
2062 1740 2105 1795 Β

459 1860 513 1912 ἱη
537 1859 695 1915 eis”.
728 1879 747 1913 ι
775 1861 885 1917 Dec
902 1862 1045 1918 enim
1073 1862 1179 1920 illis
1205 1863 1322 1919 vias
1351 1878 1457 1920 non
1484 1862 1775 1934 levigante,
1792 1878 1890 1934 per
1913 1862 2033 1919 illas

459 1948 589 2004 ferri
653 1956 771 2005 non
828 1961 1102 2023 poterunt.
1135 1951 1290 2021 Quod
1334 1953 1501 2020 enim,
1552 1962 1612 2007 ut
1665 1952 1799 2021 disi,
1830 1952 2031 2008 donum

463 2042 684 2099 caeleste
709 2044 803 2111 sit,
834 2044 951 2100 vias
977 2046 1186 2102 divinas
1231 2047 1309 2102 ire
1343 2059 1521 2116 posse,
1553 2053 1609 2099 et
1637 2043 1863 2115 implere
1888 2060 2031 2099 man-

459 2136 584 2190 data
616 2135 811 2206 quibus
845 2136 914 2193 ad
959 2138 1125 2193 Deum
1167 2136 1363 2207 aliquis
1392 2135 1618 2199 feratur,
1651 2134 1854 2201 docuit,
1910 2149 2033 2190 cum

458 2227 606 2282 velut
627 2228 695 2284 de
721 2228 1003 2301 Synagoga
1039 2230 1369 2295 Iudaeorum,
1399 2227 1565 2300 784
1587 2227 1878 2299 Propterea
1907 2242 2036 2284 ecce

460 2332 584 2385 ego,
621 2318 814 2389 inquit,
846 2321 1125 2377 obstruam
1160 2322 1276 2377 vlas
1304 2321 1417 2390 ejus
1439 2321 1682 2389 sudibus,
1715 2328 1770 2377 et
1830 2329 2036 2391 quaeret

458 2408 597 2472 vias,
623 2417 678 2463 et
702 2424 808 2464 non
834 2410 1106 2465 inveniet.
1150 2409 1340 2481 Itaque
1392 2426 1499 2477 me,
1567 2411 1760 2481 inquit,
1811 2424 2035 2482 prospe-

462 2508 614 2555 rante
680 2500 953 2565 mandata,
999 2516 1122 2556 cum
1173 2501 1361 2557 laetitia
1417 2502 1884 2571 egrediemini:id
1927 2512 2033 2566 est,

458 2590 628 2646 dolori
675 2605 778 2647 non
832 2591 1215 2658 succumbetis,
1245 2606 1344 2647 nec
1384 2592 1550 2647 corde
1596 2592 1935 2663 pungemini,
1980 2603 2036 2650 et

460 2680 742 2737 affectibus
763 2682 917 2737 vacui
949 2683 1124 2750 eritis,
1145 2690 1201 2739 et
1254 2683 1322 2738 ad
1347 2682 1627 2739 meliorem
1668 2693 1724 2740 et
1755 2683 2035 2740 admiran-

461 2772 584 2826 dam
621 2772 787 2827 vitam
821 2773 1230 2828 transcurretis.
1256 2772 1591 2829 Docebimini
1624 2773 1771 2830 enim
1799 2775 2036 2845 gauden-

2135 1769 2391 1823 εύσεϐῶν.
2415 1787 2433 1820 ι
2470 1767 2535 1821 Ἢ
2560 1767 2669 1839 γάρ
2698 1767 2815 1832 ὁδὸς
2841 1767 3049 1839 Κυρίου
3073 1768 3506 1839 κρίσις.Ἔτερος
3530 1768 3590 1821 δὲ
3611 1768 3733 1821 τῶν

2135 1860 2305 1929 ἀγίων
2360 1859 2676 1932 προφητῶν,
2716 1876 2736 1909 ι
2760 1858 3000 1925 Εὐθεῖαι,
3034 1857 3221 1929 φησὶν,
3253 1860 3311 1912 αἱ
3347 1859 3455 1912 ὁδοὶ
3484 1858 3729 1927 Κυρίου,

2135 1952 2228 2007 καὶ
2251 1952 2448 2005 δίκαιοι
2476 1949 2837 2023 πορεύσονται
2863 1951 2923 2004 ἐν
2943 1950 3156 2013 αὐταῖς,
3175 1950 3223 2002 cl
3244 1948 3300 2002 δέ
3317 1950 3533 2012 ἀσεϐεῖς
3557 1950 3731 2002 ἀσθε-

2135 2047 2387 2116 νήσουσιν
2412 2045 2469 2097 ἐν
2495 2045 2705 2105 αὐταῖς.
2741 2061 2760 2095 s
2797 2042 2933 2097 Θεοῦ
2977 2041 3087 2114 γάρ
3122 2042 3303 2106 αὐτοῖς
3335 2041 3434 2105 τὰς
3464 2042 3622 2105 ὁδοὺς
3662 2041 3731 2095 οὗ

2134 2135 2733 2199 καταλειαίνοντος,ούκ
2757 2135 2823 2189 ἂν
2845 2136 3122 2206 ίσχύσειαν
3150 2134 3408 2205 φέρεσθαι
3431 2133 3499 2186 δι’
3517 2134 3724 2187 αὐτῶν.

2137 2233 2259 2286 Ὅτι
2281 2232 2390 2304 γὰρ
2413 2230 2584 2299 ξένιόν
2611 2232 2777 2296 ἐστιν,
2805 2229 2880 2294 ῶς
2913 2230 3069 2300 ἔφην,
3100 2228 3331 2299 ούρανοῦ
3355 2227 3416 2280 τὸ
3446 2226 3545 2291 τὰς
3571 2226 3729 2290 Θείας

2135 2321 2396 2377 δύνασθαι
2434 2320 2670 2392 βαδίζειν
2694 2320 2869 2385 ὁδοὺς,
2891 2321 2987 2373 καὶ
3008 2316 3252 2389 πληροῦν
3290 2316 3359 2371 τά
3385 2316 3722 2385 ἐντάλματα,

2136 2412 2201 2466 δι’
2226 2407 2301 2465 ὧν
2341 2411 2407 2466 ἄν
2450 2427 2534 2475 τις
2582 2409 2775 2464 ἐλάσαι
2804 2409 2943 2481 πρὸς
2972 2409 3123 2475 Θεὸν,
3154 2407 3390 2474 ἐδίδαξεν
3437 2405 3607 2459 εἰπὼν
3640 2406 3724 2468 ὡς

2138 2503 2267 2575 περὶ
2292 2503 2392 2573 τῆς
2425 2501 2694 2557 Ἰουδαίων
2720 2500 3068 2570 Συναγωγῆς·
3112 2498 3211 2551 Διά
3244 2496 3401 2550 τοῦτο
3438 2496 3542 2549 ἰδοὺ
3579 2492 3721 2561 ἐγὼ,

2137 2596 2294 2666 φησὶν
2327 2594 2555 2664 φράσσω
2572 2593 2671 2656 τὰς
2698 2592 2850 2655 ὁδοὺς
2871 2591 3041 2659 αὐτῆς
3070 2590 3130 2643 ἐν
3158 2588 3402 2658 σκόλοψι.
3435 2588 3527 2641 καὶ
3555 2586 3728 2656 ζητή-

2138 2704 2219 2741 σει
2246 2686 2345 2749 τάς
2376 2686 2528 2748 ὁδοὺς
2554 2684 2744 2754 αὐτῆς,
2795 2684 2886 2737 καὶ
2908 2682 2969 2735 ού
2996 2682 3070 2754 μὴ
3100 2680 3258 2753 εὕρῃ.
3305 2679 3517 2735 Οὐκοῦν
3558 2676 3722 2747 ἐμοῦ,

2137 2780 2321 2852 φησιν,
2343 2777 2647 2842 εὐοδοῦντος
2669 2776 2736 2831 τὰ
2756 2776 3084 2845 ἐντάλματα,
3106 2775 3164 2827 ἐν
3180 2770 3484 2843 εὐφροσύνῃ
3508 2766 3728 2835 ἐξελεύ-

461 2871 568 2928 tes,
595 2870 651 2917 et
676 2862 1039 2918 sacrosanctis
1070 2863 1411 2919 sermonibus
1440 2873 1650 2920 vosmet
1677 2863 2030 2921 oblectantes.

2137 2872 2316 2937 σεσθε,
2347 2871 2645 2935 τουτέστιν,
2673 2867 2931 2939 ἀμείνους
2960 2865 3148 2920 ἔσεσθε
3175 2864 3371 2935 λύπης,
3394 2863 3456 2916 οὐ
3486 2860 3731 2929 καταδη·

462 2952 731 3008 Nimirum
755 2953 974 3009 divinus
1007 2953 1214 3009 David:
1253 2972 1273 3008 ι
1310 2954 1482 3022 Quam
1510 2954 1713 3024 dulcia,
1737 2975 1758 3011 ι
1834 2958 2033 3027 inquit,

2138 2963 2402 3035 χοήσεσοε
2430 2962 2530 3034 τὴν
2562 2961 2808 3034 καρδίαν,
2848 2960 2952 3026 ἔξω
2989 2958 3275 3029 γεγονότες
3295 2954 3504 3019 παθῶν,
3524 2956 3623 3007 καὶ
3645 2955 3730 3016 είς

467 3061 487 3095 ι
523 3041 769 3099 faucibus
813 3044 949 3101 meis
995 3044 1213 3100 oracula
1244 3047 1369 3100 tua!
1409 3044 1586 3115 Supra
1615 3044 1721 3103 mel
1753 3055 1807 3103 et
1854 3046 2035 3102 favum

2139 3051 2236 3123 τὴν
2256 3051 2463 3122 ἀμείνω
2491 3051 2583 3104 καὶ
2604 3049 3063 3121 τεθαυμασμένην
3104 3064 3270 3118 μετατ
3282 3045 3531 3117 ρὲχοντες
3552 3043 3727 3113 ζωήν.

460 3134 544 3190 ori
564 3149 685 3190 meo
707 3135 773 3199 “,
804 3151 826 3186 s
857 3148 920 3190 ac
941 3134 1361 3205 prudentissime
1376 3132 1665 3191 aﬂirmavit
1686 3136 2028 3206 gaudendum

2139 3142 2532 3213 Διδαχθήσεσθε
2568 3142 2677 3213 γάρ
2715 3141 3034 3213 χαίροντες,
3069 3142 3165 3193 καὶ
3200 3140 3313 3201 τοῖς
3345 3138 3507 3208 ίεροῖς
3538 3137 3732 3203 ἐντρυ-

462 3226 518 3278 in
550 3223 654 3279 illis
698 3225 871 3297 magis
901 3240 1062 3295 quam
1100 3226 1154 3283 in
1181 3226 1434 3281 omnibus
1467 3224 1690 3284 divitiis.
1723 3224 1860 3283 Cum
1900 3242 2033 3298 gau-

2140 3235 2351 3304 φῶντες
2397 3234 2601 3302 λόγοις.
2632 3234 2745 3287 Καὶ
2791 3232 2923 3302 γοῦν
2950 3233 2979 3286 ὁ
3011 3230 3295 3293 Θεσπέσιος
3347 3226 3541 3280 Δαείδ·
3595 3245 3615 3275 ι
3642 3226 3729 3287 Ὠς

465 3316 555 3371 dio
569 3331 858 3372 accurrere
881 3317 1104 3387 intelligi
1123 3326 1411 3388 possuntet
1426 3318 1605 3374 aliter.
1626 3318 1865 3375 Liberati
1887 3319 2030 3375 enim

2138 3326 2363 3396 γλυκέα,
2393 3324 2549 3396 φησὶ,
2581 3323 2661 3395 τῷ
2696 3323 2934 3395 λάρυγγί
2969 3341 3071 3394 μου
3100 3322 3168 3376 τὰ
3203 3320 3361 3389 λόγιά
3412 3319 3540 3372 ccc!
3579 3318 3723 3387 ὑπὲρ

463 3425 494 3462 a
531 3408 760 3478 pristino
783 3424 991 3476 errore,
1014 3408 1306 3479 gaudentes
1330 3408 1667 3464 vocationem
1697 3424 1729 3464 a
1758 3408 1865 3466 Deo
1893 3411 2034 3466 arri-

2143 3415 2265 3487 μέλι
2289 3415 2382 3469 καὶ
2402 3414 2594 3487 κηρίον
2618 3413 2698 3484 τῷ
2725 3413 2953 3483 στόματί
2978 3430 3102 3483 μου.
3133 3431 3150 3463 ι
3187 3411 3415 3483 Χαίρειν
3441 3407 3498 3463 δέ
3520 3406 3728 3477 μᾶλλον

461 3500 635 3569 piunt.
666 3498 817 3566 Quod
854 3514 1042 3554 verum
1073 3512 1216 3561 esse,
1238 3514 1303 3554 ex
1326 3498 1460 3569 ipsis
1495 3500 1657 3555 rebus
1679 3499 1863 3556 videre
1885 3500 2034 3557 licet.

2140 3503 2228 3558 ἐπ’
2261 3504 2446 3567 αὐτοῖς
2483 3502 2868 3565 διεϐεϐαιοῦτο,
2899 3502 2996 3557 καὶ
3028 3502 3172 3573 μάλα
3199 3500 3487 3572 ἐμφρόνως
3514 3498 3595 3562 ὡς
3636 3499 3727 3550 ἐπὶ

462 3590 624 3644 παντὶ
654 3588 887 3660 πλούτῳ*
912 3592 969 3644 ἐν
1002 3592 1147 3663 χαρᾷ
1168 3588 1226 3643 δέ
1251 3588 1346 3643 καὶ
1373 3588 1572 3662 ἑτέρως
1598 3589 1840 3661 νοηθεῖεν
1877 3591 1944 3646 ἂν
2001 3592 2371 3668 ἐκτρέχοντεςσ
2410 3592 2871 3664 ἀπαλλαττόμενοι
2916 3592 3024 3664 γάρ
3071 3592 3173 3662 τῆς
3221 3591 3453 3663 ἀρχαίας
3480 3590 3724 3662 ἀπάτης,

463 3682 768 3753 ἁρπάζουσι
809 3682 1089 3755 χαίροντες
1119 3682 1220 3754 τὴν
1261 3682 1412 3755 παρὰ
1433 3682 1567 3739 Θεοῦ
1617 3682 1833 3755 κλῆσιν,
1877 3688 1969 3741 καὶ
2019 3686 2218 3759 ἀληθὲς
2250 3688 2409 3742 τοῦτο
2437 3687 2682 3759 ὑπάρχον
2725 3687 2783 3754 ἐξ
2824 3686 3000 3740 αὐτῶν
3034 3685 3210 3739 ἔνεστι
3241 3684 3350 3738 τῶν
3379 3685 3727 3756 πραγμάτων

466 3773 610 3828 ἰδεῖν.

541 3868 703 3925 Vens.
740 3868 823 3923 Η.
868 3868 1073 3925 Montes
1103 3871 1241 3926 enim
1280 3881 1326 3924 et
1357 3870 1509 3925 colles
1543 3871 1808 3938 cxsitieul,
1853 3888 2034 3942 exspe-

2219 3873 2295 3928 τὰ
2324 3874 2434 3942 γὰρ
2465 3873 2570 3941 ὄρη
2610 3871 2708 3925 καί
2741 3869 3029 3935 οἱβουνοί
3068 3867 3428 3934 ἐξαλοῦνται
3466 3862 3728 3935 προσδε-

465 3968 666 4012 ctautes
694 3975 782 4013 vos
812 3977 931 4014 cum
964 3960 1181 4031 gaudio,
1207 3971 1256 4015 et
1295 3963 1470 4016 omnia
1498 3961 1641 4031 ligna
1670 3964 1786 4033 agri
1820 3965 2037 4033 applau-

2144 3967 2367 4037 χόμενα
2420 3961 2575 4033 ὑμᾶς
2619 3962 2690 4016 ἐν
2735 3960 2911 4032 χαρᾷ,
2944 3961 3041 4015 καὶ
3083 3959 3282 4014 πάντα
3313 3959 3386 4012 τὰ
3424 3959 3582 4023 ξύλα
3619 3957 3724 4013 τοῦ

462 4053 585 4106 deut
613 4053 793 4108 ramis.
842 4053 909 4107 Et
944 4070 1039 4123 pro
1078 4053 1240 4109 stmba
1281 4063 1568 4107 succrescat
1607 4056 1928 4124 cyparissus,
1988 4067 2036 4109 et

2144 4056 2327 4126 ἀγροῦ
2374 4055 2755 4124 ἐπικροτήσει
2796 4052 2921 4120 τοῖς
2980 4050 3246 4117 κλάδοις,
3288 4050 3390 4104 καὶ
3438 4049 3577 4105 ἀντὶ
3616 4048 3726 4117 τῆς

464 4160 561 4212 pro
612 4161 809 4217 ccuysa
865 4156 1059 4201 crescet
1113 4155 1333 4215 myrtus.
1403 4143 1467 4198 Et
1515 4147 1613 4200 erit
1668 4145 1920 4201 Dominus
1984 4149 2037 4201 iu

2144 4147 2392 4216 στοιϐῆς
2415 4145 2780 4213 ἀναϐήσεται
2821 4142 3223 4212 κυπάρισσος,
3246 4140 3381 4195 ἀντὶ
3405 4137 3477 4192 δὲ
3502 4137 3615 4206 τῆς
3640 4155 3728 4191 κο-

468 4253 675 4305 ucmeu,
709 4248 757 4293 et
786 4239 1057 4309 insignum
1089 4246 1361 4301 a'teruum,
1389 4248 1437 4291 et
1472 4254 1575 4291 non
1604 4238 1830 4306 deﬁciet.

2146 4238 2324 4308 νύζης
2352 4239 2719 4308 ἀναϐήσεται
2735 4235 3023 4308 μυρσίνη.
3056 4234 3166 4289 Καὶ
3194 4234 3365 4288 ἔσται
3398 4232 3620 4299 Κύριος
3644 4234 3727 4295 εἰς

2071 4364 2118 4421 1)
2147 4329 2353 4400 ὄνομα,
2383 4329 2481 4383 καί
2502 4330 2589 4395 είς
2610 4327 2863 4398 σημεῖον
2881 4328 3142 4390 αἰώνιον,
3167 4323 3263 4421 καί
3286 4326 3398 4421 vim
3429 4323 3724 4421 ἐκλείψει.

536 4415 745 4473 Montes
778 4418 863 4474 hic
905 4417 1039 4473 dicit
1064 4430 1288 4488 superas
1321 4428 1377 4471 et
1418 4415 1669 4472 caelestes
1722 4425 2038 4485 potestates,

466 4522 585 4575 qua:
604 4524 633 4561 a
666 4506 773 4564 Deo
807 4510 1113 4564 constituta:
1143 4517 1268 4565 sunt
1300 4509 1353 4563 in
1384 4507 1682 4564 subsidium
1711 4508 2038 4563 mortalium.

469 4596 606 4649 Sunt
631 4596 774 4649 cnim
839 4599 1064 4667 spiritus
1104 4598 1434 4665 administri,
1501 4598 1595 4669 qui
1655 4598 1905 4668 legantur
1972 4599 2038 4653 ad

467 4687 852 4754 ministerium,
883 4699 1100 4758 propter
1130 4705 1225 4745 eos
1253 4692 1343 4760 qui
1380 4689 1607 4745 salutem
1656 4690 2038 4759 adipiscentur,

469 4791 525 4837 ct
542 4779 777 4853 gaudent
792 4797 952 4852 super
970 4797 1074 4837 uno
1090 4793 1377 4851 peccatore
1400 4783 1847 4853 resipiscente‘”.
1874 4784 2037 4853 Equi-

469 4875 591 4929 dem
622 4873 816 4929 merito
846 4873 1151 4939 comparari
1207 4884 1431 4942 possunt
1474 4875 1775 4941 montibus,
1840 4876 2040 4945 quippe

468 4964 737 5037 quialtam
766 4963 1080 5036 dignitatem
1098 4962 1396 5028 obtineant,
1423 4977 1521 5033 pro
1544 4966 1764 5020 virtutis
1794 4964 2039 5033 ipsorum

469 5053 860 5126 magnitudine.
893 5052 990 5109 Vel
1035 5053 1198 5109 etiam
1256 5064 1471 5109 montes
1530 5054 1766 5124 accipies
1811 5068 1907 5123 pro
1956 5054 2043 5110 bis

470 5146 561 5213 qui
580 5144 803 5202 docendi
837 5159 1031 5200 munus
1056 5143 1254 5201 habent
1293 5144 1347 5199 in
1368 5144 1649 5210 Ecclesiis,
1683 5144 1923 5215 nihilque
1947 5146 2046 5201 ltu-

473 5235 601 5290 mile
624 5237 862 5306 sapiunt,
888 5237 983 5292 sed
1006 5252 1125 5306 qua:
1142 5250 1335 5306 supera
1354 5244 1478 5291 sunt
1508 5245 1777 5305 quaerunt,
1810 5247 1863 5292 et
1883 5252 2045 5308 supra

472 5340 562 5381 res
606 5336 848 5384 terrenas
885 5331 1212 5384 transiliunt.
1245 5328 1423 5383 Colles
1467 5337 1645 5382 autem
1693 5343 1793 5397 pro
1827 5330 1909 5384 his
1956 5345 2045 5384 su-

476 5428 591 5469 mes
621 5418 713 5484 qui
752 5418 1217 5474 illis‘auctoritate
1253 5417 1537 5472 inferiores
1575 5430 1722 5487 sunt,
1784 5427 1838 5472 et
1886 5421 2041 5487 quasi

478 5519 662 5560 eorum
689 5507 870 5575 gloriae
889 5510 1166 5565 subsident
1192 5519 1246 5565 et
1292 5511 1674 5578 Snbjiciuntur.
1729 5511 1866 5563 Sunt
1896 5513 2038 5564 enim

2219 4423 2357 4491 Ὂρη
2383 4420 2547 4490 φησὶν
2572 4421 2631 4474 ἐν
2658 4418 2867 4478 τούτοις
2892 4417 3033 4488 τάχα
3063 4433 3165 4469 που
3199 4415 3299 4479 τὰς
3326 4413 3440 4469 ἀνω
3456 4430 3519 4467 τε
3538 4414 3636 4467 καὶ
3673 4415 3728 4465 ἐν

2139 4512 2354 4583 οὐρανῷ
2396 4511 2650 4581 δυνάμεις
2674 4548 2691 4575 ,
2729 4510 2785 4563 αἳ
2832 4508 2895 4579 δὴ
2927 4508 3021 4562 καὶ
3056 4507 3349 4577 τετάχαται
3395 4505 3553 4575 παρὰ
3592 4504 3729 4558 Θεοῦ

2143 4606 2281 4676 πρὸς
2317 4604 2632 4675 ἐπικουρίαν
2655 4602 2763 4656 τῶν
2784 4602 2877 4656 ἐπὶ
2898 4602 2999 4672 τῆς
3024 4601 3147 4672 γῆς.
3171 4599 3461 4671 Πνεύματα
3490 4599 3603 4669 γάρ
3624 4598 3728 4651 εἱσι

2141 4696 2489 4768 λειτουργικὰ
2519 4695 2851 4766 πεμπόμενα
2872 4694 3008 4766 πρὸς
3034 4691 3312 4749 διακονίαν
3339 4691 3426 4745 διὰ
3452 4690 3583 4754 τοὺς
3612 4690 3732 4760 μὲλ-

2138 4785 2329 4849 λοντας
2375 4785 2732 4857 κληρονομεῖν
2777 4785 3071 4858 σωτηρίαν,
3104 4785 3358 4857 χαίρουσι
3394 4784 3452 4837 δέ
3498 4782 3598 4836 stati.
3647 4782 3728 4850 ἐφ’

2147 4876 2228 4931 ἐνὶ
2253 4877 2363 4946 ἁμα
2374 4874 2955 4951 ρτωλῷιμετανοοῦντι.
2977 4875 3087 4928 Ναὶ
3110 4874 3215 4945 μὴν
3244 4874 3339 4927 καὶ
3361 4872 3516 4944 ὄρεσι
3538 4888 3728 4941 παρει-

2147 4953 2486 5033 κάζοιντσᾶν
2521 4966 2746 5031 εἰκότως
2766 4965 2841 5029 ὡς
2869 4965 2931 5019 τὸ
2961 4964 3098 5034 ὑψοῦ
3132 4964 3252 5017 λίαν
3278 4961 3415 5017 εἷναι
3443 4961 3727 5032 λαχόντες.

2147 5062 2290 5116 κατά
2342 5076 2403 5112 τε
2449 5058 2548 5131 τῆς
2607 5058 2831 5129 ἐνούσης
2881 5057 3067 5120 αὐτοῖς
3103 5055 3303 5129 ἀρετῆς
3352 5055 3415 5108 τὸ
3469 5053 3724 5124 μέγεθος.

2151 5154 2357 5220 Ἥγουν
2407 5150 2507 5221 ὅρη
2547 5149 2648 5221 μὲν
2678 5148 2890 5219 ἐπιλήψῃ
2923 5147 3051 5211 τοὺς
3106 5147 3169 5201 τὸ
3223 5144 3610 5201 διδασκαλικὸν
3670 5145 3726 5196 ἐν

2155 5242 2501 5314 Ἐκκλησίαις
2523 5241 2742 5312 ἔχοντας
2769 5239 3127 5308 ἐπιτήδευμα,
3154 5239 3250 5293 καὶ
3274 5236 3607 5309 φρονοῦντας
3632 5235 3725 5306 μὲν

2143 5334 2253 5386 τῶν
2281 5333 2635 5405 χαμαιπετῶν
2655 5332 2827 5396 οὐδὲν,
2857 5330 3156 5401 ζητουντας
3183 5330 3241 5383 δὲ
3270 5329 3472 5399 μᾶλλον
3495 5330 3568 5381 τά
3596 5328 3720 5385 ἀνω.

2140 5425 2233 5478 καὶ
2279 5424 2386 5478 τῶν
2433 5424 2634 5493 γηΐνων
2691 5424 3143 5494 ἀναπηδήσαντας
3168 5439 3180 5451 ·
3232 5420 3454 5492 βουνούς
3504 5437 3568 5487 γε
3621 5418 3722 5488 μὴν

2152 5517 2273 5578 τοὺς
2325 5516 2422 5585 τῆς
2480 5516 2701 5569 ἐκείνων
2749 5514 3022 5587 ὑπεροχῆς
3073 5513 3436 5585 ἡττωμένους,
3484 5516 3581 5566 καὶ
3617 5507 3724 5564 οἷον

546 5685 593 5720 ⁸³
626 5686 909 5752 l’snl.t:tu,
955 5688 1033 5742 l8.
1114 5690 1282 5745 "15a.
1320 5706 1464 5752 uti.
1499 5694 1547 5747 7.
1626 5694 1667 5725 θ’
1700 5695 1821 5750 Usu.
1860 5710 1969 5760 MV,
2007 5694 2037 5746 ιι

2165 5693 2373 5768 θοοΓδειΙ.
2408 5709 2594 5763 cxvtu,
2628 5693 2745 5748 105.
2830 5693 2889 5725 ‘3“
2923 5692 3083 5748 Πάν.
3119 5709 3156 5760 ι,
3194 5692 3293 5755 li;
3327 5690 3455 5746 Luc.
3492 5705 3582 5756 xv,
3613 5687 3669 5742 7.
