4096 6212
350 314 487 372 1257

1476 307 1543 362 ΙΝ
1584 305 1815 363 ISAIAM
1854 306 1979 362 LIB.
2022 306 2086 362 ν.
2129 304 2364 363 TOMUS
2401 306 2487 361 lli.

3464 301 3623 356 1233*

352 427 799 499 ὐποκαθημένους
831 425 1008 480 αὐτῶν
1037 424 1136 496 τὴν
1164 425 1339 490 δόξαν.
1375 425 1566 496 Μέτρα
1585 425 1692 497 γὰρ
1720 427 1778 480 ὲν
1811 427 1931 479 Ἐκ-
1958 474 1963 486 ι

2064 440 2301 480 nensurae
2329 436 2385 480 et
2406 423 2603 493 gradus
2658 420 2883 478 honoris
2942 433 3006 474 ac
3065 417 3491 473 ministeriorum
3548 419 3601 469 in

355 518 609 591 κλησίαις
666 517 772 570 εἰσὶ
822 515 916 569 καὶ
967 515 1133 585 τιμῆς
1186 515 1280 567 καὶ
1322 513 1714 585 λειτουργιῶν·
1758 513 1933 569 ταῦτά

359 626 491 680 φησι
517 608 584 661 τὰ
608 607 709 678 ὅρη
734 605 804 659 τὰ
830 604 1016 675 νοητὰ,
1058 605 1154 659 καὶ
1199 605 1295 658 σύν
1326 604 1509 669 αὐτοῖς
1553 605 1604 659 οἱ
1637 604 1816 674 βουνοὶ
1844 603 1933 669 ἐξ·

360 700 634 765 αλοῦνται,
647 697 921 752 τουτέστιν
932 698 1230 769 άνασκιρτή
1237 714 1331 751 σου
1337 715 1408 763 σι,
1430 697 1685 769 χαίροντα
1697 696 1936 768 δηλονότι

360 794 448 847 διά
476 793 574 864 τὴν
604 789 760 862 ὐμῶν
789 789 1124 861 ἐπιστροφήν
1164 806 1224 843 τε
1266 789 1362 843 καὶ
1391 788 1732 859 κλῆσιν,’καὶ
1768 807 1937 860 προσ-

360 884 602 949 δέξονται
651 883 799 953 ὑμᾶς
849 881 988 953 μετά
1026 882 1229 952 χαρᾶς·
1271 880 1681 951 ὲπιγαννύμεθα
1712 880 1820 952 γὰρ
1876 881 1937 934 οὐ

369 974 624 1046 μετρίως,
653 975 783 1028 ὅταν
812 972 957 1036 τινὲς
985 972 1095 1026 τῶν
1135 972 1585 1043 πεπλανημένων,
1613 972 1674 1026 τὸ
1704 973 1763 1027 ἐν
1781 971 1942 1043 ἀχλύῖ

366 1066 461 1119 καὶ
477 1066 653 1135 σκότῳ
672 1063 932 1119 διατελεῖν
973 1063 1053 1117 ἔτι
1084 1062 1337 1132 μεθέντες
1356 1101 1370 1125 ,
1428 1063 1560 1134 πρὸς
1586 1063 1649 1116 τὸ
1674 1064 1776 1134 τῆς
1806 1063 1942 1134 ἀλη-

353 1151 497 1216 ⁸θοῦς
523 1151 774 1215 θεοπτίας
801 1152 1016 1208 ἀττουσι
1052 1150 1187 1219 φῶς.
1216 1149 1403 1215 Οὕτως
1424 1151 1605 1215 αὐτοῖς
1634 1153 1730 1206 καὶ
1753 1154 1782 1206 ό
1804 1153 1943 1207 πάν-

372 1260 532 1311 carpo;
554 1241 763 1306 Παῦλος
783 1239 1140 1312 προσεφώνει,
1164 1241 1338 1310 λέγων
1360 1259 1373 1273 ο
1399 1260 1419 1293 ι
1442 1243 1600 1311 Χαρά
1625 1244 1718 1297 καὶ
1743 1245 1944 1314 στέφα-

373 1332 462 1397 νός
495 1350 619 1403 μου.
645 1351 663 1384 ι
720 1330 872 1387 Ἀλλά
904 1330 1003 1389 καὶ
1038 1330 1217 1386 πάντα
1245 1332 1314 1385 τὰ
1342 1331 1476 1396 ξύλα
1505 1330 1599 1384 τοῦ
1619 1330 1815 1402 ἀγροῦ,
1839 1350 1944 1404 φη-

376 1424 481 1489 σὶν,
503 1425 854 1496 ὲπικροτήσει
872 1426 979 1491 τοῖς
1003 1423 1236 1489 κλάδοις.
1255 1424 1367 1479 Καὶ
1390 1423 1522 1491 ξύλα
1542 1425 1752 1496 νοήσεις
1773 1426 1946 1496 ἀγροῦ

372 1517 499 1580 τούς
522 1515 808 1581 τελοῦντας
835 1517 894 1569 ὲν
916 1515 1083 1581 λαοῖς.
1118 1514 1364 1587 Εὐανθὴς
1387 1515 1494 1586 γάρ
1522 1514 1615 1569 τοῦ
1647 1516 1895 1588 Σωτῆρος
1918 1517 1948 1569 ὁ

374 1608 569 1679 κῆπος.
598 1608 711 1663 Καὶ
734 1608 865 1677 γοῦν
897 1607 1128 1678 ἐπείπερ
1164 1607 1310 1662 ἐστὶν
1336 1606 1569 1678 εὐθαλής
1623 1624 1680 1661 τε
1726 1608 1820 1662 καὶ
1856 1606 1947 1660 εῦ-

375 1717 583 1772 καρπος
635 1702 669 1770 ἠ
716 1702 773 1753 ιν
805 1699 885 1771 τῷ
916 1700 1156 1771 ’ᾼσματι
1196 1700 1305 1753 τῶν
1337 1697 1597 1771 ᾀσμάτων
1628 1698 1963 1771 γραφομένηλ

2037 515 2317 571 Ecclesiis.
2352 515 2438 580 Hi,
2468 516 2665 584 inquit,
2689 521 2901 568 montes
2927 509 3027 565 sub
3085 508 3492 578 intelligentiam
3517 523 3610 562 ca-

2039 610 2249 677 dentes,
2273 616 2328 664 et
2342 622 2463 663 cum
2489 607 2594 662 illis
2615 606 2781 661 colles
2824 600 3095 667 exsilient,
3117 599 3288 665 idest,
3307 598 3604 660 saltabant.

2037 701 2330 769 gaudentes
2358 698 2645 764 videlicet,
2672 703 2896 767 propter
2921 700 3160 749 vestram
3187 690 3602 746 conversionem

2039 800 2093 846 et
2128 790 2484 855 vocationem,
2522 798 2579 843 et
2610 803 2733 843 cum
2756 784 2953 857 gaudio
3002 798 3098 840 vos
3144 781 3428 851 recipient.
3491 778 3609 832 Non
3647 819 3650 823 .

2039 881 2184 936 enim
2218 866 2477 936 mediocri
2510 878 2693 933 laetitia
2725 875 3013 937 atlicimur,
3058 887 3179 929 eum
3227 870 3391 938 aliqui
3421 884 3611 924 eorum

2040 970 2133 1042 qui
2157 978 2495 1035 erraverunt,
2525 968 2755 1040 caligine
2771 977 2826 1023 et
2852 968 3094 1023 tenebris
3120 964 3346 1028 relictis,
3374 961 3440 1015 ad
3470 973 3613 1013 vera:
3646 1022 3647 1027 η

2046 1062 2138 1118 Dei
2161 1060 2325 1133 785
2344 1059 2817 1131 contemplationis
2866 1058 3040 1113 lucem
3071 1055 3336 1113 emicant.
3393 1050 3485 1106 Sic
3522 1063 3617 1103 eos
3656 1054 3661 1079 ε

2043 1151 2205 1207 etiam
2231 1148 2425 1206 aﬂatur
2460 1149 2889 1221 sapientissimus
2913 1146 3134 1213 Paulus,
3161 1145 3352 1200 dicens
3378 1160 3392 1196 :
3440 1159 3458 1192 ι
3482 1139 3621 1195 Gau—
3660 1145 3664 1155 '

2045 1244 2288 1300 diumet
2314 1256 2514 1306 corona
2557 1254 2674 1296 mea
2693 1242 2761 1295 ⁸⁷.
2797 1261 2817 1294 ι
2850 1240 2956 1296 Sed
2986 1251 3041 1293 et
3074 1237 3254 1295 omnia
3304 1234 3451 1304 ligna
3478 1231 3620 1301 agri,
3674 1227 3707 1279 -’

2047 1334 2244 1403 inquit,
2269 1331 2600 1404 applaudent
2627 1332 2816 1387 ramis.
2840 1331 3010 1401 Ligna
3043 1328 3160 1401 agri
3224 1325 3501 1397 intelliges
3528 1336 3622 1378 eos

2048 1428 2139 1496 qui
2168 1426 2220 1481 in
2252 1424 2447 1496 populo
2470 1433 2780 1480 censentur.
2823 1422 2922 1477 Est
2969 1421 3117 1477 enim
3173 1419 3365 1474 hortus
3430 1415 3625 1471 Serva-

2054 1519 2185 1574 toris
2211 1516 2456 1573 ﬂoridus.
2486 1515 2552 1570 Et
2578 1514 2793 1584 quidem
2825 1514 3052 1570 viridem
3107 1526 3232 1568 esse
3279 1524 3347 1564 ac
3392 1505 3625 1578 frugife-

2052 1626 2172 1665 rum
2200 1617 2389 1665 narrat
2447 1605 2681 1678 Sponsa,
2731 1621 2853 1678 quae
2892 1606 2949 1662 in
2999 1605 3225 1661 Cantico
3285 1600 3625 1658 canticorum

2054 1700 2388 1755 describitur
2443 1716 2459 1753 :
2515 1717 2533 1750 ι
2567 1696 2869 1752 Descendat
2906 1709 3073 1765 nepos
3121 1706 3274 1748 meus
3319 1692 3372 1746 in
3411 1690 3627 1744 hortum

376 1793 583 1863 νύμφη,
607 1792 741 1861 φησί
755 1809 768 1823 ·
797 1811 818 1845 ι
838 1791 1149 1863 Καταὸήτω
1174 1793 1203 1846 ὁ
1237 1793 1513 1863 ἀδελφιδός
1541 1809 1645 1865 μου
1670 1794 1751 1857 είς
1777 1793 1952 1863 κῆπον

2064 1808 2238 1859 suum,
2286 1802 2344 1847 et
2399 1789 2649 1847 comedat
2702 1789 2940 1845 fructum
2993 1801 3192 1842 nucum
3243 1799 3470 1841 suarum
3496 1782 3562 1835 ⁸⁸.
3601 1798 3623 1832 ι

376 1885 563 1949 αὐτοῦ,
599 1885 694 1938 καὶ
726 1883 946 1954 φαγέτω
974 1884 1185 1955 καρπὸν
1208 1884 1525 1957 ἀκροδρύων
1550 1886 1734 1941 αὐτοῦ.
1763 1906 1781 1941 ι
1818 1888 1957 1941 Οὐκ·

378 1978 471 2028 οὖν
491 1974 561 2029 τὰ
595 1974 726 2040 ξύλα
756 1977 825 2030 τά
850 1974 1017 2047 νοητά
1036 1977 1149 2040 τοῖς
1170 1976 1384 2042 κλάδοις
1407 1980 1777 2051 ἐπικρατήσει,
1801 1978 1954 2050 φησί.

380 2067 647 2138 Χαίρουσι
667 2067 777 2140 γὰρ
816 2068 865 2121 οι
904 2068 1310 2135 πιστεύσαντες,
1350 2071 1601 2143 καθάπερ
1631 2073 1820 2144 ἀμέλει
1864 2075 1959 2127 καὶ

383 2156 453 2210 τά
481 2158 581 2229 ὅρη
611 2156 707 2212 καὶ
742 2160 791 2212 οί
825 2158 1024 2229 βουνοί,
1052 2159 1349 2226 τουτέστιν,
1381 2162 1433 2214 οἱ
1482 2162 1842 2234 καθηγεῖσθαι
1865 2163 1960 2218 λα-

382 2245 569 2316 χόντες
607 2246 775 2311 λαῶν,
801 2246 895 2301 ἐπὶ
938 2250 1005 2319 τῇ
1044 2249 1294 2321 σωτηρίᾳ
1336 2249 1447 2304 τῶν
1503 2251 1853 2323 καλουμένων
1879 2256 1961 2317 εἰς

384 2335 551 2406 ζωὴν,
583 2338 677 2390 καὶ
703 2337 808 2408 τῆς
831 2337 1101 2409 άχράντου
1142 2341 1532 2411 μυσταγωγίας
1561 2344 1641 2407 εἰς
1665 2343 1859 2417 πέρας,
1894 2346 1961 2400 δι’

382 2423 450 2498 ἧς
475 2427 538 2482 τὸ
569 2427 711 2483 θετον
736 2431 921 2494 αὐτοῖς
941 2431 1140 2498 ὲνίετᾳι
1170 2433 1307 2503 φῶς.
1348 2431 1480 2489 Εἶτα
1513 2436 1596 2490 ὅτι
1623 2437 1849 2509 πλείστη
1879 2457 1963 2503 τις

385 2516 535 2570 ἔσται
558 2516 668 2571 τῶν
687 2518 1040 2590 κεκλημένων
1064 2522 1333 2595 μεταϐολὴ
1358 2524 1495 2597 πρὸς
1523 2525 1583 2580 τὸ
1617 2527 1962 2600 άσυγκρίτως

387 2607 629 2679 ἄμεινον,
657 2607 1014 2665 διαδείκνυσιν
1035 2611 1197 2675 εὐθὺς
1230 2612 1422 2682 λέγων,
1451 2615 1526 2679 ὡς
1554 2616 1675 2670 ἀντὶ
1699 2618 1796 2689 τῆς
1819 2635 1962 2671 στοι-

390 2698 490 2768 ϐῆς
523 2698 675 2754 ἔσται
704 2700 1060 2771 κυπάρισσος,
1084 2702 1205 2756 ἀντὶ
1228 2702 1284 2757 δὲ
1305 2704 1406 2774 τῆς
1437 2706 1669 2779 κονύζης
1692 2707 1961 2780 ἀναϐήσε-

392 2805 482 2841 ται
500 2789 758 2862 μυρσίνη.
781 2791 1008 2861 Στοισὴν
1027 2792 1120 2845 καὶ
1143 2791 1378 2857 κόνυζαν
1401 2794 1626 2867 πικράς,
1644 2797 1740 2850 καὶ
1758 2799 1961 2870 ἀπροσ-

389 2879 620 2952 6λήτους
647 2879 752 2952 [αι.
780 2880 1143 2953 ἀποὸλήτους]
1166 2883 1406 2947 ἀκάνθας
1436 2882 1578 2939 εἷναί
1606 2904 1789 2955 φασιν,
1821 2890 1965 2941 ἐντε-

392 2968 587 3039 θήλασι
616 2969 673 3023 δὲ
718 2970 937 3041 χωρίοις
972 2971 1071 3041 μὲν
1121 2974 1230 3036 τοῖς
1262 2973 1366 3027 ὐπὸ
1396 2974 1665 3044 γηπόνους
1693 2977 1964 3048 οὐδαμῶς,

2052 1883 2243 1953 Itaque
2263 1883 2408 1956 ligna
2431 1883 2789 1955 intelligibilia
2811 1880 3159 1954 applaudent,
3190 1877 3388 1948 inquit,
3442 1875 3630 1931 ramis.

2055 1978 2461 2034 Gaudenteuim
2510 1979 2816 2044 credentes,
2845 1991 2953 2033 non
2984 1976 3148 2031 aliter
3177 1971 3433 2030 videlicet
3466 1984 3631 2039 quam

2060 2077 2269 2126 montes
2294 2078 2355 2125 et
2377 2070 2579 2137 colles,
2611 2070 2664 2127 id
2697 2077 2806 2138 est,
2830 2067 2941 2139 qnl-
2987 2075 3244 2139 prssunt‘
3284 2063 3505 2135 populo,
3565 2061 3634 2114 de

2059 2161 2231 2218 salute
2267 2177 2455 2220 eorum
2487 2163 2577 2231 qui
2612 2165 2680 2218 ad
2718 2162 2887 2218 vitam
2912 2170 2968 2217 et
2994 2163 3062 2215 ad
3092 2175 3240 2231 purae
3289 2154 3635 2229 mystagogiae

2061 2251 2447 2322 perfectionem
2475 2254 2650 2309 vocati
2675 2261 2824 2319 sunt,
2869 2267 2966 2325 per
2995 2262 3154 2321 quam
3176 2248 3356 2303 divina
3406 2247 3513 2301 illis
3540 2245 3637 2300 lux

2061 2342 2303 2415 ati'ulget.
2340 2343 2478 2400 Fore
2511 2352 2705 2400 autem
2727 2358 2915 2401 eorum
2952 2342 3042 2413 qui
3077 2340 3253 2396 vocati
3286 2348 3414 2394 sunt
3463 2337 3638 2392 mni-

2062 2450 2204 2490 niam
2272 2435 2626 2491 mutationem
2703 2437 2771 2491 ad
2826 2435 2879 2491 id
2924 2434 3068 2504 quod
3132 2428 3636 2501 incomparabiliter

2063 2535 2298 2597 praestat,
2323 2528 2565 2584 ostendit
2585 2542 2709 2585 cum
2745 2526 2897 2581 dicit:
2932 2526 3037 2581 Pro
3058 2524 3232 2581 stmba
3266 2523 3371 2578 erit
3392 2522 3634 2592 cyparis-

2062 2632 2173 2683 sus,
2207 2633 2304 2688 pro
2325 2631 2530 2689 conyza
2557 2625 2763 2673 crescet
2782 2625 3007 2687 myrtus.
3044 2615 3285 2672 Stdebam
3305 2622 3637 2684 etconyzam

2062 2722 2278 2763 amaras
2310 2707 2495 2779 spinas
2522 2707 2907 2781 etrejectitias
2943 2721 3063 2763 esse
3093 2707 3279 2762 dicunt
3321 2722 3336 2759 :
3386 2712 3640 2759 crescunt

2065 2808 2242 2853 autem
2273 2798 2325 2853 in
2350 2798 2480 2855 locis
2500 2800 2568 2855 ad
2600 2798 2984 2868 agriculturam
3015 2812 3121 2854 non
3137 2794 3523 2859 accommodis,
3541 2792 3640 2848 sed

2069 2898 2215 2942 terra
2256 2887 2458 2943 inculta
2491 2900 2547 2947 et
2586 2891 2927 2962 salsuginosa
2979 2888 3233 2956 gaudent.
3292 2885 3454 2940 Tales
3516 2891 3642 2938 sunt

2068 2980 2159 3045 qui
2218 2991 2424 3049 errant,
2480 2992 2536 3039 et
2588 2994 2896 3039 creaturam
2968 2995 3080 3050 prae
3127 2978 3389 3034 Creatore
3430 2973 3639 3030 colunt.

393 3061 575 3133 χέρσῳ
602 3061 659 3114 δὲ
709 3062 802 3115 καὶ
853 3062 1053 3133 ἀλμάδι
1108 3063 1358 3134 χαίρουσι
1395 3067 1486 3135 γῇ.
1545 3066 1786 3120 Τοιοῦτοί
1824 3085 1963 3133 τινες

2073 3070 2358 3143 Postquam
2393 3083 2573 3129 autem
2613 3073 2790 3129 vocati
2819 3081 2946 3129 sunt
2977 3075 3044 3127 ad
3074 3069 3406 3143 agnitionem
3441 3066 3645 3122 verita-

392 3149 533 3223 ἦσαν
568 3154 618 3206 οἱ
653 3151 1027 3223 πλανώμενοι,
1083 3156 1175 3208 καὶ
1212 3160 1278 3226 τῇ
1310 3159 1484 3213 κτίσει
1528 3160 1677 3231 ποιρά
1730 3160 1822 3213 τὸν
1856 3161 1971 3214 κτί-

397 3261 571 3312 σαντα⁴
586 3244 959 3317 λατρεύοντες.
1004 3245 1221 3317 Ἐπειδὴ
1269 3246 1326 3300 δὲ
1351 3247 1643 3317 κέκληνται
1677 3249 1813 3320 πρὸς
1853 3251 1973 3304 ἐπί-

396 3351 595 3404 γνωσιν
617 3335 891 3408 ἀληθείας,
907 3336 1135 3406 ἀφέντες
1153 3338 1214 3391 τὸ
1243 3332 1380 3393 εἶναι
1403 3340 1613 3412 στοίὸη,
1635 3342 1728 3396 καὶ
1751 3343 1969 3408 κόνυζα,

401 3429 891 3500 μετακεχωρήκασι
924 3430 1130 3501 νοητῶς
1161 3433 1240 3496 είς
1270 3432 1339 3487 τά
1370 3433 1588 3504 εὐμήκη
1618 3435 1711 3487 καὶ
1742 3434 1976 3506 εὐοσμό-

399 3534 536 3571 τατα
573 3516 680 3571 τῶν
709 3518 913 3587 φυτῶν.
948 3520 1363 3591 Χρηματίζουσι
1390 3520 1499 3592 γάρ
1517 3521 1855 3592 κυπάρισσος
1882 3524 1977 3579 καὶ

402 3609 661 3680 μυρσίνη.
695 3609 855 3679 Μέγα
873 3609 1052 3664 τοίνυν
1080 3609 1141 3663 τὸ
1168 3610 1352 3680 θαῦμα
1377 3610 1470 3664 τοῦ
1492 3612 1855 3680 γηπονοῦντος
1878 3614 1979 3686 τὴν

414 3697 761 3771 Ἐκκλησίαν,
795 3702 1063 3767 τουτέστι,
1103 3702 1197 3756 τοῦ
1240 3702 1500 3774 Χριστοῦ.
1533 3703 1837 3775 Μεθίστησι
1871 3704 1980 3775 γάρ

400 3792 500 3857 τὰς
532 3792 774 3856 ἀκάνθας
800 3794 880 3858 είς
908 3793 977 3847 τὰ.
1000 3794 1195 3865 εὐγενῆ
1226 3796 1319 3848 καὶ
1344 3794 1596 3866 ἐξαίρετα
1620 3797 1730 3851 τῶν
1775 3798 1979 3867 φυτῶν,

404 3884 499 3936 καὶ
542 3884 760 3955 ἑτέρους
806 3883 922 3941 ἀνθ’
962 3885 1166 3957 ἐτέρων
1194 3877 1488 3957 ἀποφαίνει
1534 3888 1818 3961 πατρικῶς
1854 3887 1977 3960 [γρ.

408 3976 831 4050 πνευματικῶς].
864 3978 1186 4050 Εὐρήσομεν
1232 3979 1290 4033 δὲ
1339 3980 1490 4034 τουτὶ
1547 3980 1766 4050 γεγονὸς
1805 3981 1899 4035 καὶ
1925 3983 1984 4034 ὲν

406 4065 518 4130 τοῖς
549 4064 609 4130 ἐξ
633 4067 860 4137 αἵματος
899 4067 1133 4139 Ἰσραήλ.
1152 4068 1346 4139 arma;
1373 4068 1481 4139 γάρ
1500 4069 1653 4133 ὄντες
1675 4071 1767 4123 καὶ
1787 4069 1986 4135 κόνυζὰ

412 4171 538 4207 ποτε
578 4157 855 4221 Ματθαῖος
886 4158 978 4211 καὶ
1005 4157 1236 4222 Παῦλος
1282 4158 1313 4210 ό
1351 4159 1448 4229 μὲν
1481 4160 1588 4229 γὰρ
1616 4154 1685 4229 ἧν
1730 4159 1983 4231 τελώνης.

411 4249 439 4300 ὁ
474 4247 530 4300 δὲ
581 4248 813 4320 διώκτης
873 4250 966 4304 καὶ
1012 4250 1305 4322 ὐὸριστήςο
1366 4250 1650 4321 φωστῆρες
1698 4250 1987 4319 γεγόνασιν

410 4342 798 4411 οἱκουμενικοὶ,
852 4344 945 4397 καὶ
999 4342 1232 4414 Χριστὸν
1287 4341 1674 4405 εὐωδιάζουσιν
1717 4342 1776 4394 ὲν
1825 4342 1988 4395 παντὶ⁹

2075 3162 2164 3228 tis,
2194 3165 2370 3219 staeba
2396 3174 2451 3220 et
2470 3179 2679 3236 conyza
2709 3178 2829 3221 esse
2866 3163 3156 3228 desinunt,
3191 3176 3256 3217 ac
3282 3168 3515 3231 vergunt
3561 3158 3647 3212 in-

2075 3251 2420 3323 telligibiliter
2472 3256 2523 3309 in
2582 3270 2833 3324 proceras
2870 3266 2924 3311 et
2964 3253 3360 3326 pulcherrimas
3402 3251 3646 3305 arbores.

2076 3342 2209 3398 Nam
2247 3348 2558 3418 cyparissus
2590 3357 2965 3417 nuncupantur
3018 3354 3078 3402 et
3127 3355 3357 3417 myrtus.
3394 3342 3646 3413 Magnum

2077 3430 2264 3499 itaque
2291 3441 2376 3485 est
2407 3432 2731 3488 miraculum
2771 3432 2888 3502 ejus
2917 3435 3010 3504 qui
3040 3434 3173 3490 colit
3226 3433 3544 3489 Ecclesiam.
3593 3424 3650 3483 id

2077 3528 2178 3586 cst,
2226 3522 2445 3577 Christi.
2505 3522 2836 3594 'l-‘ransponit-
2880 3526 3028 3580 enim
3084 3526 3269 3595 Spinas
3338 3527 3389 3579 in
3444 3524 3654 3578 nobiles

2080 3623 2133 3667 et
2170 3620 2489 3680 praestantes
2517 3614 2762 3682 arbores,
2789 3623 2846 3671 et
2885 3615 3021 3670 alias
3068 3630 3135 3670 ex
3168 3617 3288 3670 aliis
3318 3615 3447 3669 facit
3490 3613 3653 3683 spiri-

2084 3703 2321 3757 tualitcr.
2346 3704 2457 3760 lloc
2497 3704 2695 3761 factum
2732 3720 2853 3762 esse
2898 3707 3234 3763 inveniemus
3262 3706 3314 3761 in
3373 3705 3654 3761 lsraelitis.

2095 3792 2379 3849 Matthaaus
2409 3796 2552 3851 enim
2583 3807 2638 3853 et
2663 3798 2882 3864 Paulus,
2913 3812 3141 3869 quorum
3171 3798 3261 3853 ille
3314 3795 3655 3868 publicanus,

2087 3885 2175 3941 hic
2202 3897 2519 3956 persecutor
2551 3898 2605 3943 et
2633 3890 2786 3946 ferox
2824 3898 2966 3956 erat,
2995 3906 3116 3944 cum
3147 3899 3331 3945 essent
3381 3889 3656 3960 quondam

2087 3980 2264 4036 streba
2290 3990 2345 4037 et
2371 3996 2597 4053 conyza,
2626 3984 2748 4039 facti
2791 3994 2917 4039 sunt
2947 3985 3110 4040 totius
3159 3984 3307 4039 orbis
3333 3983 3544 4051 publica
3579 3981 3656 4035 Iu-

2089 4074 2253 4139 mina,
2285 4083 2341 4129 et
2364 4073 2644 4130 Christum
2692 4080 2743 4129 in
2782 4076 2929 4132 etnni
2980 4075 3122 4143 loco,
3165 4075 3357 4129 tumin
3406 4074 3657 4136 servatis,

2090 4170 2199 4216 tum
2259 4164 2310 4217 in
2354 4164 2582 4234 perditis
2663 4167 3435 4238 redolent,quemadmodmn
3487 4166 3663 4235 inquit

2088 4251 2289 4307 Paulus
2312 4255 2793 4312 sanctissimus‘”.
2819 4258 2973 4326 Quod
3004 4268 3181 4315 autem
3207 4257 3447 4313 onmium
3470 4257 3659 4312 horum

2090 4344 2465 4414 suppeditator
2493 4347 2807 4418 aclargitor
2857 4358 3059 4404 acterna
3106 4349 3276 4418 gloria
3317 4356 3372 4403 et
3428 4347 3662 4401 nominis

412 4432 582 4502 τόπῳ,
611 4431 668 4485 ἔν
694 4450 753 4485 τε
783 4436 895 4498 τοῖς
923 4434 1270 4505 σωζομένοις,
1318 4433 1413 4487 καί⁵
1442 4433 1500 4486 ὲν
1519 4435 1635 4496 τοῖς
1678 4431 1963 4501 ἁπολλυμέη

2064 4434 2449 4502 perpetuitate
2505 4435 2577 4491 sit
2636 4435 2928 4505 petiturus,
2979 4437 3138 4491 docet
3192 4451 3316 4491 cum
3379 4434 3504 4488 ait:
3550 4430 3662 4486 Erit

414 4538 549 4585 νοις,
580 4521 724 4576 καθά
752 4540 915 4594 φησιν
940 4526 969 4576 ὁ
995 4525 1285 4596 ἱερώτατος
1310 4523 1671 4588 Παῦλος.Ὅτι
1706 4522 1763 4576 δὲ
1808 4522 1839 4575 ὁ
1864 4522 1988 4575 τού-

2101 4524 2357 4580 Dominus
2382 4525 2436 4580 in
2468 4542 2663 4582 nomen
2693 4529 2823 4583 etin
2874 4528 3086 4597 signum
3142 4527 3552 4596 sempiternum,
3613 4534 3663 4579 et

413 4630 523 4666 των
559 4613 774 4666 πάντων
826 4615 1058 4686 χορηγὸς
1107 4617 1203 4671 καὶ
1256 4616 1522 4688 πρύτανις
1558 4616 1616 4668 ὲν
1647 4613 1963 4685 ἀτελευτήτι

2097 4628 2203 4668 non
2252 4615 2483 4671 deﬁciet.
2516 4616 2723 4672 Nomen
2757 4618 2845 4672 hic
2900 4628 3058 4673 vocat
3107 4617 3337 4688 gloriam
3366 4634 3387 4682 ς
3431 4617 3664 4686 signum,

418 4704 658 4758 κείσεται
678 4705 804 4777 δόξῃ
820 4707 913 4761 καὶ
937 4706 1186 4777 διαμονῇ,
1210 4708 1449 4762 διδάσκει
1478 4707 1673 4775 λέγων,
1695 4706 1778 4760 ὅτι
1794 4704 1963 4758 "Eata

2096 4714 2153 4759 ut
2182 4721 2281 4777 ego
2310 4708 2522 4777 quidem
2558 4723 2771 4778 censeo,
2790 4710 2968 4765 crucis
2989 4711 3351 4780 splendorem,
3383 4724 3478 4779 per
3506 4723 3665 4778 quam

420 4795 623 4866 Κύριος
660 4798 737 4861 είς
763 4797 952 4868 ὄνομα,
987 4798 1078 4851 καὶ
1109 4799 1188 4860 είς
1226 4800 1451 4868 σημεῖον
1492 4797 1728 4862 αἰώνιον,
1759 4797 1853 4851 καὶ
1890 4797 1963 4850 ob:

2093 4797 2257 4851 etiam
2277 4799 2472 4853 servati
2505 4815 2711 4866 sumus,
2739 4801 2792 4855 in
2818 4816 2920 4871 qua
2951 4802 3114 4856 etiam
3142 4801 3343 4870 iugiter
3374 4812 3661 4868 pcrmaue-
3722 4826 3730 4863 ε

420 4888 682 4959 ἐκλείψει·
711 4889 881 4961 ὄνομα
905 4890 964 4945 δέ
996 4906 1158 4960 φησιν
1192 4890 1248 4940 ἐν
1284 4886 1493 4952 τούτοις
1525 4887 1623 4959 τὴν
1656 4887 1813 4955 δόξαν
1835 4928 1849 4950 ,
1892 4904 1960 4957 ση

2094 4887 2291 4945 bimus.
2323 4886 2608 4958 Nunquam
2633 4890 2776 4944 enim
2806 4889 2922 4959 ejus
2951 4892 3123 4961 gratia
3149 4891 3257 4945 ullo
3276 4898 3519 4957 tempore
3573 4894 3666 4939 aut

422 4980 572 5049 μεῖον
602 4980 678 5046 δὲ,
707 4981 784 5047 ὣς
813 5000 875 5052 γε
928 4976 1100 5053 οἶμαι,
1123 4980 1223 5050 τὴν
1250 4978 1340 5033 διά
1377 4977 1610 5051 σταυροῦ
1637 4978 1963 5049 φαιδρότητα

2098 4980 2256 5035 modo
2289 4996 2387 5035 nos
2409 4981 2640 5037 deﬁciet.

418 5070 493 5151 5t:
512 5063 574 5124 οὐ
601 5073 696 5128 καὶ
734 5073 1051 5144 σεσώσμεοα
1080 5113 1094 5135 ,
1145 5069 1383 5139 ἐσόμεθα
1451 5069 1505 5121 δὲ
1548 5067 1934 5138 ἀκαταλήκτως
2003 5067 2060 5118 ἐν
2097 5068 2290 5139 τούτῳ.
2336 5071 2603 5144 Ἐκλείψει
2649 5075 2758 5148 γὰρ
2786 5078 2916 5149 ἡμῖν
2944 5075 2978 5145 ἡ
3011 5074 3139 5143 παρ’
3167 5069 3332 5125 αὐτοῦ
3362 5069 3520 5138 χάρις
3551 5063 3671 5117 me"

420 5169 610 5226 οὐδένα
630 5169 818 5241 καιρὶν
842 5169 875 5240 ἢ
903 5169 1123 5239 τρόπον.

929 5303 1161 5359 ΤυΜοΣ
1215 5300 1478 5355 Tenos.
2476 5298 2640 5370 733
2679 5296 2914 5354 Tenus
2948 5294 3290 5367 _'l'ERTIUS.

502 5447 644 5503 Ίάδε
682 5445 843 5515 λέγει
872 5444 1111 5512 Κύριος·
1149 5439 1550 5495 Φυλάσσεσθε
1580 5436 1798 5503 κρίσιν,
1823 5434 1962 5500 ποιή

2172 5435 2300 5489 CAP.
2330 5434 2463 5489 LVI.
2498 5435 2655 5493 Vens.
2694 5438 2742 5491 1.
2778 5435 2903 5490 Ilwc
2927 5434 3053 5488 dicit
3080 5432 3332 5487 Dominus
3365 5430 3679 5484 :Custodile

422 5554 571 5594 σιιτε
598 5539 1016 5607 δικαιοσύνην.
1046 5538 1287 5606 "linus
1313 5533 1422 5605 γὰρ
1451 5532 1517 5588 τό
1548 5530 1842 5599 σωτήριόν
1878 5547 1963 5598 μοι

2093 5526 2401 5595 judicium,
2458 5529 2615 5602 facile
2671 5529 2954 5598 justitiam.
3026 5523 3462 5596 Appropinquavit
3530 5525 3673 5576 enim

498 5723 540 5754 "
578 5721 768 5791 Philip.
803 5736 874 5790 tv,
912 5721 961 5775 l.
1039 5719 1081 5752 ⁸⁵
1115 5718 1275 5773 Cant.
1309 5732 1362 5785 ν,
1402 5717 1439 5770 l.
1493 5705 1557 5737 η’
1628 5712 1667 5769 ll
1697 5713 1819 5769 Cor.
1858 5729 1917 5776 tt,
1958 5712 2038 5765 l6.
