4096 6212
453 281 475 343 i
486 285 589 346 939

1443 297 1499 351 s.
1541 284 1813 353 evntLLt
1849 298 2317 355 ALEXANDRINI
2357 296 2534 354 Αιιςιτ
2624 298 2633 303 ·

3566 300 3697 354 19ίο

453 388 689 441 salu/are
732 403 899 442 meum
971 398 1025 443 ut
1084 392 1276 455 veniat,
1306 402 1352 447 et
1386 394 1753 450 misericordia
1786 413 1928 462 mea,
1961 408 2016 453 ut

2123 396 2563 467 παραγενέσθαι
2585 438 2599 461 ,
2652 395 2749 449 καὶ
2803 397 2867 448 τὸ
2922 393 3095 458 ἔλεός
3164 412 3283 464 μου
3346 395 3703 464 damnato?

452 476 670 545 pateﬁat
682 515 698 532 .

523 566 599 621 De
627 567 863 637 gentium
915 570 1196 627 vocatione
1264 588 1392 643 per.-
1430 574 1612 642 ﬁdem,
1670 579 1921 637 videlicet
1966 582 2020 637 in

450 656 685 725 Christo,
734 659 973 727 pluribus
1022 662 1200 719 verbis
1246 665 1360 735 egit
1416 668 1470 722 in
1520 670 1679 739 paulo
1729 673 2023 743 superiori-

451 749 554 806 bus
595 768 608 803 :
657 765 765 819 quo
801 754 1071 820 confecto,
1099 759 1293 813 transit
1318 759 1512 817 iterum
1548 764 1614 819 ad
1646 766 2021 822 commonefa-

449 839 695 894 ciendum
732 840 1022 900 lsraelitas.
1073 845 1273 903 Natura
1299 851 1443 906 enim
1468 853 1641 909 bonus
1665 855 1804 913 Deus
1834 872 2024 914 omnes

450 929 694 987 homines
728 934 839 988 vult
874 936 1054 993 salvos
1089 937 1226 1008 ﬁeri,
1273 950 1327 996 et
1360 944 1426 998 ad
1457 945 1789 1014 agnitionem
1815 948 2018 1004 verita-

451 1021 519 1076 tis
542 1024 729 1080 venire
750 1024 863 1081 ⁸⁸⁸⁸.
902 1028 1165 1095 Quoniam
1193 1042 1376 1088 autem
1413 1036 1660 1091 solebant
1688 1048 1912 1110 propter
1934 1055 2024 1096 no—

449 1109 710 1168 bilitatem
737 1125 948 1185 patrum
986 1121 1333 1190 supercilium
1380 1123 1586 1191 tollere,
1615 1134 1669 1181 et
1693 1109 1803 1183 hac
1821 1128 1934 1184 sola
1955 1129 2023 1186 de

449 1216 609 1257 causa
629 1203 796 1260 altum
827 1222 1035 1277 sapere,
1064 1220 1119 1266 et
1140 1212 1265 1282 quia
1299 1213 1400 1269 hoc
1434 1216 1536 1271 sibi
1564 1206 1832 1285 putabant
1879 1222 2016 1277 satis

448 1302 586 1355 csse,
618 1294 830 1351 etiamsi
879 1298 1022 1353 nulla
1064 1302 1243 1370 proba:
1278 1303 1399 1358 vitae
1431 1304 1548 1361 laus
1598 1307 1837 1364 eluceret
1863 1351 1877 1375 ,
1925 1326 2021 1367 co-

451 1389 608 1437 natur
658 1389 887 1452 probare
921 1390 1133 1448 inanem
1164 1393 1281 1450 fore
1329 1396 1437 1452 illis
1495 1399 1716 1456 omnino
1772 1402 1826 1457 in
1874 1403 2023 1461 hisce

451 1472 608 1528 rebus
639 1487 903 1535 tumorem
929 1502 941 1537 :
970 1485 1062 1538 sed
1085 1500 1180 1542 eos
1212 1488 1368 1544 docet
1391 1490 1757 1548 excellentem
1791 1493 2020 1564 gloriam

450 1568 729 1636 consequi,
762 1572 856 1641 qui
880 1588 944 1629 ea
985 1590 1103 1645 quae
1154 1578 1392 1649 injuncla
1448 1592 1597 1645 sunt.
1625 1596 2020 1657 exsequuntur,

449 1666 501 1748 ct
524 1656 574 1710 in
605 1659 768 1716 factis
796 1663 1135 1731 splendorem
1196 1672 1459 1729 ambiunt.
1500 1671 1783 1732 Custodite
1836 1678 2019 1748 igitur,

2126 488 2323 557 θῆναι.

2192 580 2326 650 Περὶ
2353 581 2452 650 τῆς
2474 576 2772 641 τῶνλὲθνῶν
2801 577 3047 649 κλήσεως
3082 577 3185 647 τῆς
3215 578 3302 631 διά
3325 576 3583 642 πίστεως,
3605 578 3700 648 δη-

2122 668 2292 723 λονότι
2321 669 2422 740 τῆς
2447 671 2505 723 ἐν
2535 668 2778 740 Χριστῷ,
2810 668 3053 739 μακροὺς
3086 667 3378 740 πεποίηται
3420 669 3614 737 λόγους
3647 672 3703 722 ἐν

2121 760 2235 824 τοῖς
2260 759 2450 814 ἀνόπιν
2474 759 2670 830 βραχὺ,
2703 758 3040 829 διαπεράνας
3056 759 3112 812 δὲ
3126 757 3284 811 τοῦτο
3305 758 3514 828 μέτεισι
3543 760 3705 813 πάλιν

2122 852 2215 905 ἐπὶ
2246 851 2306 905 τὸ
2341 852 2537 922 χρῆναι
2586 851 2855 905 νουθετεῖν
2880 851 3008 914 τοὺς
3051 850 3111 914 ἐξ
3166 850 3400 921 αἵματος
3463 850 3705 921 Ἰσραήλ.

2121 940 2284 995 Φύσει
2315 940 2424 1012 γάρ
2455 940 2717 1013 ὑπάρχων
2746 941 2950 1011 ἀγαθὸς
2982 942 3189 1004 πάντας
3218 941 3537 1011 ἀνθρώπους
3560 941 3702 996 θέλει

2126 1033 2385 1104 σωθῆναι,
2417 1035 2509 1087 καὶ
2537 1035 2617 1097 είς
2647 1033 2942 1103 ἐπίγνωσιν
2974 1033 3230 1105 ἀληθείας
3250 1033 3443 1089 ἐλθεῖν.
3488 1035 3702 1104 Ἐπειδή

2121 1126 2180 1180 δὲ
2202 1119 2271 1198 ἦν
2302 1125 2423 1189 ἔθος
2437 1125 2617 1190 αὐτοῖς
2650 1127 2743 1179 ἐπὶ
2769 1128 2834 1197 τῇ
2879 1126 2991 1180 τῶν
3035 1125 3294 1195 πατέρων
3326 1126 3576 1198 εὐγενείᾳ
3606 1126 3704 1197 τὴν

2124 1215 2296 1289 ὁφρὶν
2313 1218 2583 1289 ἀνασπᾷν,
2601 1217 2696 1270 καὶ
2723 1218 3127 1287 μέγιφρονεῖν,
3151 1216 3237 1269 ἐπ’
3262 1215 3487 1288 αὐτῷδὴ
3510 1218 3698 1287 τούτῳ,

2124 1311 2220 1365 καὶ
2251 1310 2417 1381 μόνῳ,
2461 1309 2556 1363 καὶ⁹
2582 1309 2916 1379 ἀποχρήσειν
2950 1308 3135 1371 αὐτοῖς
3163 1306 3370 1361 οἴεσθαι
3400 1308 3580 1371 ταυτὶ,
3610 1309 3703 1362 καὶ

2124 1402 2173 1454 εί
2201 1401 2274 1472 μὴ
2317 1400 2476 1471 μετὸν
2503 1400 2677 1472 ὁρῷτο
2696 1399 2797 1469 τῆς
2820 1398 3055 1463 εὐζωῖας
3079 1399 3141 1452 τὸ
3177 1397 3457 1470 καύχημα,
3508 1403 3701 1471 πειρᾶ-

2122 1504 2213 1546 ται
2242 1493 2630 1565 πληροφορεῖν,
2671 1492 2747 1556 ὡς
2771 1494 2978 1545 εἰκαῖον
3025 1492 3209 1555 αὐτοῖς
3242 1491 3394 1547 ἔσται
3431 1493 3704 1555 παντελῶς

2123 1585 2183 1638 τὸ
2218 1586 2310 1639 ἐπὶ
2354 1585 2535 1656 τούτῳ
2584 1584 2833 1655 φύσημα,
2883 1584 3039 1649 δόξαν
3070 1583 3126 1637 δὲ
3168 1585 3369 1654 μᾶλλον
3417 1584 3704 1653 ἀποφαίνει

2123 1676 2384 1747 λαχόντας
2415 1677 2712 1749 θεοπρεπῆ,
2737 1676 2798 1729 τὸ
2831 1674 3071 1747 πληροῦν
3097 1675 3313 1729 ἑλέσθαι
3331 1675 3399 1730 τά
3421 1674 3706 1742 διατεταγ-

449 1747 646 1840 inquit,
673 1753 960 1820 judicium,
993 1758 1045 1814 id
1077 1767 1182 1824 est,
1211 1773 1419 1817 rectum
1473 1764 1757 1835 judicium,
1797 1747 1880 1822 vel
1935 1769 2018 1825 di-

2125 1769 2278 1840 μένα,
2331 1769 2426 1824 καὶ
2454 1770 2519 1823 τὸ
2556 1747 2661 1840 τὴν
2700 1769 2760 1821 ἐν
2795 1767 2978 1839 ἔργοις
3011 1766 3348 1839 φαιδρότητα
3396 1768 3705 1836 μεταποιεῖο

451 1839 575 1929 vina
623 1839 848 1909 judicia,
911 1846 1117 1908 scilicet
1171 1853 1443 1909 mandata.
1499 1855 1684 1914 Facite
1732 1860 2019 1929 justitiam.

2127 1860 2251 1914 σθαι
2283 1861 2479 1931 φιλεῖν.
2512 1860 2719 1915 Οὐκοῦν
2759 1860 3121 1929 φυλάσσεσθε,
3152 1860 3305 1932 φησὶ,
3330 1859 3533 1931 κρίσιν,
3553 1876 3708 1911 τουτ-

450 1925 567 1981 Non
598 1931 740 1985 enim
772 1934 929 1989 modo
943 1936 1139 1994 divinis
1173 1939 1377 2011 legibus
1393 1945 1529 2001 velle
1550 1925 1831 2005 adhaerere
1889 1952 2023 2009 satis

2125 1953 2261 2018 ἐστι,
2281 1925 2380 2023 τὴν
2399 1925 2916 2024 ὀρθοκρισίανξῆτοι
2938 1951 3006 2005 τά
3033 1925 3151 2006 θεῖα
3164 1925 3444 2023 -κρίματα,
3471 1949 3631 2020 δῆλον
3650 1949 3707 2001 δὲ

448 2026 552 2083 est,
585 2028 639 2075 et
671 2035 702 2074 a
733 2026 1025 2091 praestandi
1060 2043 1122 2084 ac
1151 2031 1467 2101 perﬁciendi
1505 2035 1680 2094 oﬂicio
1719 2040 2018 2109 discedere,

2123 2044 2204 2097 ὅτι
2231 2041 2331 2105 τάς
2354 2042 2594 2106 ἐντολάς.
2633 2043 2843 2096 Ποιεῖτε
2864 2041 3230 2113 δικαιοσύνην·
3257 2041 3320 2094 οὐ
3354 2040 3463 2112 γάρ
3486 2040 3706 2111 ἀρκέσει

449 2110 544 2162 sed
600 2123 812 2183 oportet
869 2132 1032 2187 porro
1081 2137 1360 2183 sacrorum
1403 2125 1734 2195 judiciorum
1771 2134 2024 2189 custodes

2127 2134 2287 2205 μόνον
2318 2134 2379 2187 τὸ
2408 2133 2699 2205 βούλεσθαι
2729 2134 2829 2202 μὲν
2869 2135 2983 2199 τοῖς
3026 2110 3192 2196 θείοις
3234 2110 3591 2204 προσκεῖσθαι
3622 2132 3709 2185 νό-

453 2214 736 2271 apparere,
781 2215 835 2260 et
862 2211 1007 2264 omni
1041 2213 1303 2271 bonorum
1327 2229 1552 2287 operum
1581 2236 1780 2290 genere
1840 2223 2021 2279 excel-

2127 2239 2268 2291 μοις,
2295 2222 2595 2294 ἀποφοιτᾷν
2622 2223 2677 2274 δὲ
2708 2221 2804 2276 τοῦ
2838 2221 3039 2294 χρῆναι
3070 2221 3445 2293 διαπεραίνειν
3472 2220 3667 2282 αὐτούς
3689 2235 3703 2249 ⁸

454 2291 583 2345 lere.
619 2291 697 2347 Ne
722 2309 849 2350 vero
875 2299 997 2368 quis
1029 2312 1274 2371 nostrum
1308 2312 1459 2373 putet
1500 2308 1583 2367 his
1612 2310 1792 2366 verbis
1847 2309 2024 2368 Israe—

2123 2313 2204 2365 δεῖ
2230 2314 2287 2366 δέ
2312 2291 2558 2383 φύλακας
2581 2314 2810 2385 ὁρᾶσθαι
2963 2314 3123 2385 ἱερῶν
3147 2291 3454 2386 χριμάτων,
3490 2313 3708 2383 διαπρέ-

453 2377 573 2433 titas
589 2380 655 2435 ad
683 2381 1117 2443 observationem
1144 2390 1298 2459 legis,
1317 2408 1436 2462 qua:
1460 2396 1511 2449 in
1539 2397 1748 2453 umbris
1763 2398 2019 2452 nimirum

2125 2420 2246 2460 πειν
2272 2377 2334 2460 τέ
2362 2406 2495 2477 πρὸς
2519 2377 2693 2478 τούτῳ
2724 2405 2811 2460 διά
2855 2377 3035 2479 πάσης
3086 2377 3472 2478 ἀγαθουργίας.
3508 2377 3704 2459 ’Ἱνανδὲ

450 2469 552 2523 sita
606 2480 783 2528 estet
835 2476 887 2530 in
943 2480 1101 2547 typis,
1164 2482 1389 2537 excitari
1437 2504 1451 2539 :
1492 2485 1823 2554 justiﬁeatur
1880 2490 2021 2545 enim

2128 2499 2200 2568 μή
2241 2515 2327 2561 τις
2349 2469 2528 2569 οἴηται
2556 2469 2808 2552 τῶνκαθ’
2847 2469 3001 2569 ἡμᾶς
3018 2469 3253 2569 ἐπὶ-τὴν
3291 2469 3386 2551 τοῦ
3418 2498 3581 2568 νόμου
3606 2499 3702 2568 τή-

457 2576 614 2662 ιιριιιο
660 2561 717 2617 in
768 2564 887 2662 lege
931 2569 1071 2637 apud
1124 2571 1314 2639 Deum,
1340 2577 1791 2643 quemadmodum
1829 2580 2024 2636 Paulus

2127 2561 2303 2661 ρησιν,
2340 2561 2439 2662 τὴν
2460 2591 2537 2655 ὡς
2575 2590 2634 2644 ἐν
2658 2590 2721 2659 γέ
2753 2561 2901 2662 φημι
2923 2592 3104 2656 σκιαῖς
3143 2561 3222 2645 τε.
3244 2592 3334 2644 καὶ
3362 2561 3551 2653 τόποις
3590 2561 3704 2643 πα-

450 2650 540 2704 ille
566 2659 645 2707 ter
677 2653 913 2724 optimus
941 2658 1253 2729 scripsit“:
1283 2678 1451 2732 prope
1482 2680 1601 2722 esse
1630 2668 1760 2723 dicit
1789 2671 2024 2729 salutare

2127 2650 2459 2752 ραθήγεσθαι
2500 2650 2587 2735 διὰ
2637 2650 2846 2736 τὸύτέοἱέ
2876 2685 2999 2747 τοὺς
3024 2650 3099 2749 ἐξ⁷
3126 2682 3364 2755 Ἰσραήλ·
3399 2650 3703 2736 δικαιοῦται

451 2757 634 2811 suum,
669 2753 723 2813 et
758 2747 1184 2809 misericordiam
1211 2757 1664 2825 patefaciendam.
1712 2760 2023 2822 Misericor-

2123 2747 2423 2842 γὰροῦδεὶς
2447 2771 2675 2844 ἐννόμῳ
2714 2774 2862 2845 παρά
2907 2747 3237 2845 Θεῷξκαθά
3274 2747 3521 2845 γέγραφέ
3559 2789 3708 2827 τισιν

451 2836 594 2889 diam
627 2848 683 2893 et
712 2840 953 2899 salutare
975 2856 1133 2904 vocat
1161 2848 1436 2905 Christum
1469 2870 1483 2907 :
1511 2867 1610 2924 per
1647 2854 1822 2922 ipsum
1878 2858 2022 2914 enim

2123 2836 2151 2914 6
2175 2836 2507 2935 πανάριστος
2539 2836 2746 2929 Παδλος
2765 2882 2777 2895 ·
2796 2836 2969 2936 ἐγγὺς
2998 2836 3138 2921 εῖναί
3168 2836 3301 2937 φησι
3421 2836 3707 2936 σωτήριον,

446 2926 880 2986 misericordiam
926 2934 1107 3006 adepti
1171 2954 1382 3007 sumus,
1428 2953 1482 2998 et
1540 2946 1913 3003 remissionem
1957 2966 2023 3007 ac

2123 2954 2217 3007 καὶ
2252 2926 2337 3007 τὸ.
2359 2926 2507 3018 ἔλεος
2551 2926 2740 3009 αὑτοῦ-
2767 2926 3244 3028 ἀπολαλυφθῆναιί
3308 2955 3501 3020 Ἔλεος
3614 2926 3709 3009 καί

446 3017 676 3075 salutem
708 3038 805 3093 per
839 3025 996 3082 tidem
1021 3028 1213 3086 lucrati
1241 3051 1254 3086 :
1291 3031 1480 3090 Simile
1511 3049 1631 3093 esse
1656 3038 1887 3097 dicimus
1924 3041 2024 3097 hoc

2126 3046 2390 3117 σωτήριον
2419 3046 2675 3117 ὀνομάζει
2694 3048 2953 3119 Χριστόν*
2984 3017 3263 3120 ἠλεὴμεθα
3299 3048 3409 3121 γάρ
3430 3017 3497 3102 διξ
3520 3048 3707 3114 αὐτοῦ,

449 3108 542 3212 illi.
571 3112 715 3182 quod
741 3128 770 3168 a
799 3114 910 3189 Deo
930 3117 1133 3175 dictum
1163 3130 1247 3179 est
1301 3124 1369 3179 ad
1418 3125 1636 3182 beatum
1697 3128 1973 3188 Abbacum
2004 3150 2018 3187 :

2125 3134 2224 3205 τὴν
2257 3108 2359 3189 ’διὰ
2384 3108 2619 3202 πίστεως
2644 3108 2959 3209 ἀερέσινκαὶ
2990 3108 3261 3212 σωτηρίαν
3288 3108 3706 3211 ἀποκερδαίνονξ
3753 3193 3763 3201 ,

456 3219 478 3251 ι
513 3201 705 3261 Adhuc
727 3207 1025 3277 paululum,
1055 3212 1146 3282 qui
1179 3215 1326 3271 venit
1346 3217 1551 3284 veniet,
1578 3228 1633 3274 et
1655 3236 1760 3276 non
1815 3238 2023 3280 moram

450 3297 725 3354 trahet".
760 3318 780 3352 ι
828 3300 1099 3373 Pateﬁeri,
1143 3306 1272 3363 dicit
1301 3323 1398 3378 pro
1424 3312 1784 3370 manifestari.
1845 3316 2026 3389 Siqui-

453 3390 576 3445 dem
651 3395 1078 3462 pmnuntiarunt
1163 3402 1302 3457 beati
1373 3405 1651 3476 propheta:
1719 3408 2026 3468 Servatoris

400 3522 401 3525 η
451 3482 777 3551 adventum,
837 3487 999 3559 787
1060 3500 1115 3546 et
1172 3493 1475 3562 patefactus
1524 3508 1608 3555 est
1665 3502 2023 3569 mortalibus,

451 3576 673 3644 quando
717 3580 1285 3646 potentLdominatori
1320 3588 1491 3644 visum
1521 3599 1630 3647 est.
1661 3591 1814 3661 Quod
1859 3594 2025 3651 etiam

450 3666 667 3723 divinus
705 3667 873 3725 David
897 3671 1131 3739 docebit.
1161 3676 1381 3735 dicens:
1443 3699 1463 3733 ι
1493 3680 1692 3740 Notum
1723 3684 1857 3742 fecit
1923 3688 2025 3744 Do-

449 3759 630 3816 minus
656 3761 893 3820 salutare
922 3781 1101 3833 suum,
1126 3768 1179 3823 in
1215 3783 1506 3843 conspectu
1550 3776 1790 3845 gentium
1817 3780 2024 3835 revelav

448 3850 808 3921 vitjustitiam
825 3872 976 3913 suam
1007 3859 1075 3915 τί.
1101 3879 1119 3912 ι
1145 3860 1524 3923 Manifestatus
1548 3869 1692 3924 enim
1747 3878 1832 3925 est
1867 3870 2025 3928 Chri-

455 3954 574 4000 stus
613 3949 888 4020 gentibus,
929 3952 1020 4024 qui
1056 3963 1139 4009 est
1182 3955 1421 4013 salutare
1467 3969 1520 4014 et
1548 3961 1760 4031 iustitia
1783 4001 1798 4028 ,
1826 3963 2023 4034 quippe

449 4034 505 4090 in
542 4037 678 4106 ipso,
702 4039 888 4112 utjam
918 4044 1047 4110 dixi,
1083 4046 1223 4103 Deus
1265 4064 1328 4104 ac
1362 4050 1522 4106 Pater
1573 4069 1672 4109 nos
1704 4055 1939 4111 servavit
1967 4062 2017 4109 et

445 4131 737 4199 iustificari
747 4145 783 4190 ι.

525 4395 687 4454 Vens.
738 4401 794 4455 2.
826 4401 1023 4456 Beatus
1052 4403 1128 4458 vir
1178 4405 1268 4473 qui
1319 4403 1446 4474 facit
1463 4400 1593 4472 lucc,
1622 4418 1672 4462 et
1714 4406 1868 4462 homo
1931 4412 2025 4478 qui

448 4493 635 4547 retinet
665 4493 796 4559 lucc,
831 4504 877 4548 et
905 4495 1132 4550 custodit
1172 4497 1425 4565 Sabbata,
1449 4508 1505 4554 ut
1545 4517 1648 4555 non
1673 4502 1914 4571 profanat
1932 4521 2016 4570 ea,
2050 4490 2096 4549 Ι)

446 4595 494 4638 et
515 4594 685 4640 seruat
713 4603 898 4642 manus
922 4606 1068 4655 suas,
1090 4606 1154 4645 ne
1183 4592 1381 4661 faciant
1408 4593 1744 4662 injustitiam.

514 4758 754 4828 Cognata
783 4769 908 4815 sunt
932 4761 1045 4817 haec
1062 4763 1174 4832 jam
1207 4766 1386 4830 dictis,
1430 4777 1485 4823 et
1524 4770 1712 4825 eodem
1744 4772 1967 4826 tendunt
2002 4789 2013 4825 :

445 4850 540 4906 sed
611 4850 776 4907 habet
834 4853 1011 4907 oratio
1068 4856 1316 4924 quaedam
1384 4859 1770 4917 observatione
1834 4863 2015 4931 digna.

444 4943 740 5000 Considera
770 4945 913 5001 enim
950 4961 1055 5015 quo
1095 4957 1253 5017 pacto
1289 4948 1433 5005 dicat
1455 4965 1580 5007 eum
1629 4956 1845 5008 beatum
1875 4968 2018 5019 esse,

442 5053 553 5094 non
586 5037 907 5109 simpliciter
930 5039 1023 5109 qui
1055 5056 1121 5095 ex
1148 5042 1359 5097 semine
1401 5043 1633 5099 Abrahae
1652 5056 1757 5109 est,
1790 5061 1897 5100 non
1926 5047 2017 5115 qui
2048 5090 2055 5097 κ

441 5128 648 5184 carnali
679 5130 963 5186 nobilitate
1002 5139 1203 5200 turget,
1262 5142 1314 5186 ct
1366 5134 1421 5186 in
1457 5148 1523 5188 eo
1573 5136 1717 5189 inani
1768 5138 2017 5205 superbia

444 5219 743 5284 insolescit,
800 5220 895 5275 sed
954 5220 1101 5275 illum
1134 5220 1324 5291 inquo
1358 5222 1511 5278 bonae
1549 5234 1604 5278 ct
1649 5223 1868 5281 illibata:
1894 5227 2018 5282 vitae

442 5309 590 5363 velut
607 5310 890 5379 splendida
927 5320 982 5365 et
1008 5309 1236 5367 illustris
1276 5313 1511 5384 dignitas
1551 5314 1733 5371 inesse
1776 5319 2020 5373 cernitur

444 5406 500 5453 et
520 5399 839 5457 enitescere.
871 5399 1002 5457 Tale
1025 5402 1280 5471 quiddam
1317 5403 1506 5461 beatus
1526 5403 1761 5463 Joannes
1778 5407 2015 5479 Baptista

2128 3243 2236 3290 τες.
2273 3227 2481 3291 Ἐοικὺς
2496 3222 2639 3284 εἶναί
2659 3230 3032 3301 φαμενςτούτῳ
3047 3231 3106 3285 τὸ
3130 3232 3418 3304 εἰρημένον
3441 3232 3533 3306 [aL
3550 3231 3708 3285 τοῦτο

2126 3318 2204 3388 τῷ
2241 3316 2537 3392 εἰρημένῳ]
2565 3322 2719 3392 παρὰ
2746 3320 2883 3376 Θεοῦ
2910 3322 3047 3394 πρὸς
3075 3322 3164 3375 τὸν
3196 3323 3465 3393 μακάριον
3511 3322 3705 3375 Ἀϐδα-

2126 3412 2288 3483 κούμ·
2312 3431 2330 3463 ι
2346 3412 2469 3482 Ἔτι
2498 3413 2713 3485 μικρὸν,
2732 3417 2761 3468 6
2784 3414 3075 3486 ἐρχόμενος
3090 3415 3230 3486 ἥξει,
3248 3415 3342 3468 καὶ
3361 3415 3419 3468 οὐ
3447 3418 3665 3486 χρονιεῖ.
3682 3434 3701 3465 ι

2128 3504 2203 3558 Τὸ
2226 3504 2285 3558 δέ
2312 3523 2376 3575 γε
2404 3506 2858 3576 ἀποκαλυφθῆναι
2896 3524 3080 3578 φησιν,
3115 3507 3236 3560 ἀντὶ
3273 3508 3367 3560 τοῦ
3394 3506 3694 3578 φανερωθῆ·

2126 3611 2241 3651 ναι⁸
2271 3597 2720 3669 προαπήγγελλον
2762 3597 2864 3668 μὲν
2898 3597 3007 3669 γάρ
3042 3600 3090 3651 οἱ
3145 3599 3402 3671 μακάριοι
3434 3600 3707 3668 προφῆται

2124 3688 2218 3742 τοῦ
2250 3689 2400 3761 Σωτῆ
2411 3706 2501 3761 ρος
2530 3689 2628 3761 τὴν
2653 3688 2838 3760 ἄφιξιν
2861 3704 2876 3719 ·
2912 3689 3100 3759 γέγονε
3125 3691 3182 3743 δὲ
3210 3693 3325 3754 τοῖς
3351 3691 3445 3743 ἐπὶ
3483 3692 3583 3762 τῆς
3605 3692 3709 3761 γῆς

2126 3778 2362 3849 ἐναργὴς
2386 3780 2442 3832 ἐν
2486 3781 2698 3850 καιροῖς
2719 3819 2733 3841 ,
2774 3779 2897 3833 καθ’
2930 3778 3027 3843 οὓς
3059 3779 3324 3851 ἠθέλησεν
3349 3781 3376 3832 6
3396 3778 3667 3849 δυνάστης
3691 3795 3704 3807 °

2124 3870 2219 3923 καὶ
2244 3870 2402 3924 τοῦτο
2427 3870 2631 3937 διδάξει
2660 3871 2833 3941 λέγων
2858 3873 2886 3925 6
2909 3871 3197 3935 θεσπέσιος
3217 3870 3379 3926 Δαϐίδ
3401 3887 3417 3902 '
3457 3890 3483 3941 ί
3507 3868 3709 3938 Ἔγνω-

2126 3975 2242 4028 ρισε
2275 3958 2479 4031 Κύριος
2500 3960 2561 4014 τὸ
2589 3963 2854 4033 σωτήριον
2878 3961 3065 4026 αὐτοῦ,
3118 3962 3361 4018 ἐναντίον
3392 3933 3500 4015 ei)"
3533 3960 3704 4014 ἐθνῶν

2124 4049 2439 4120 ἀπεκάλυψε
2490 4051 2588 4123 τὴν
2619 4052 2968 4124 δικαιοσύνην
3005 4053 3191 4107 αὐτοῦ.
3231 4074 3250 4107 ι
3314 4054 3701 4125 Πεφανέρωται

2122 4141 2231 4213 γὰρ
2260 4144 2372 4207 τοῖς
2403 4143 2579 4198 ἔθνεσι
2617 4146 2876 4219 Χριστὸς,
2907 4148 2967 4210 ὅς
3009 4148 3127 4201 ἐστι
3176 4147 3459 4218 σωτήριον,
3487 4147 3581 4199 καὶ
3618 4146 3702 4198 δι-

2124 4232 2404 4307 καιοσύνηο
2436 4235 2513 4300 ὡς
2543 4236 2651 4309 γὰρ
2678 4238 2813 4310 ἔφην
2861 4239 3082 4311 ἀρτίως,
3117 4242 3325 4294 σέσωκέ
3358 4260 3415 4295 τε
3439 4242 3531 4296 καὶ
3559 4242 3701 4295 δεδιο

2122 4325 2360 4380 καίωκεν
2390 4330 2537 4399 ἡμᾶς
2570 4331 2599 4382 6
2628 4330 2761 4395 Θεὸς
2787 4331 2881 4384 καὶ
2919 4330 3109 4404 Πατὴρ
3132 4326 3193 4386 ἐν
3221 4331 3391 4403 αὐτῷ.

2191 4419 2493 4489 Μακάριος
2525 4421 2681 4490 ἀνὴρ
2712 4425 2746 4477 o’
2784 4423 2969 4477 ποιῶν
3000 4424 3210 4490 ταῦτα,
3246 4425 3347 4478 καὶ
3391 4425 3705 4492 ἄνθρωπος

2121 4509 2154 4559 ὀ
2176 4507 2576 4577 ἀντεχόμενος
2603 4507 2820 4575 αὐτῶν,
2846 4512 2942 4565 καί
2973 4512 3315 4581 φυλάσσων
3341 4514 3415 4567 τὰ
3431 4514 3708 4567 Σάὸὄιιτά

2119 4616 2239 4667 μου
2260 4598 2347 4668 μὴ
2384 4600 2712 4667 βεϐηλοῦν,
2751 4603 2848 4656 καὶ
2887 4602 3182 4673 διατηρῶν
3210 4605 3316 4671 τὰς
3361 4604 3565 4674 χεζοας
3596 4605 3705 4658 az)-

2126 4688 2231 4742 τοῦ
2251 4689 2337 4758 μὴ
2361 4694 2554 4744 ποιεῖν
2577 4692 2837 4763 ἀδίκημα
2865 4694 2964 4765 (1).

2207 4782 2435 4852 Ἀδελφὰ
2467 4786 2561 4838 καὶ
2590 4784 2766 4840 ταῦτα
2799 4787 2910 4849 τοῖς
2951 4788 3152 4859 ἀρτίως
3192 4791 3323 4860 ἡμῖν
3366 4789 3701 4860 εἰρημένοις,

2127 4874 2220 4926 καὶ
2247 4871 2334 4926 διὰ
2355 4872 2462 4926 τῶν
2490 4876 2618 4929 ἴσων
2641 4876 2880 4947 ἔρχεται,
2905 4878 3227 4949 ἐπιτήρησίν
3255 4894 3318 4946 γε
3353 4878 3459 4949 μὴν
3486 4881 3514 4932 6
3542 4879 3705 4949 λόγος

2127 4964 2239 5033 ἔχει
2265 4964 2686 5039 πολλήν.”ᾼθρει
2713 4968 2821 5039 γὰρ
2853 4971 3001 5033 ὅπως
3034 4971 3305 5040 μακάριον
3338 4966 3481 5024 εἷναί
3510 4989 3699 5041 φησιν,

2112 5054 2233 5123 οὐχὶ
2256 5054 2431 5126 δήπου
2456 5057 2673 5119 πάντως
2708 5059 2798 5113 τὸν
2831 5060 2896 5113 ἐκ
2929 5062 3244 5131 σπέρματος
3277 5059 3550 5131 Ἀϐραὰμ,
3573 5059 3703 5113 οὔτε

2116 5145 2222 5216 μὴν
2262 5146 2355 5201 τὸν
2400 5150 2564 5220 σαρκὶ
2607 5151 2701 5203 καὶ
2749 5151 3047 5219 εὐγενείαις
3090 5151 3557 5223 ἐπικομπάζοντα,
3604 5154 3703 5206 καὶ

2112 5239 2319 5292 εἰκαῖον
2364 5239 2554 5310 ἔχοντα
2593 5242 2655 5295 τὸ
2708 5243 2799 5295 ἐπὶ
2839 5242 3014 5313 τούτῳ
3060 5244 3346 5318 φρόνημα,
3388 5244 3594 5297 ἐκεῖνον
3635 5243 3698 5297 δὲ

2118 5328 2339 5397 μᾶλλον,
2366 5329 2555 5401 ὥσπερ
2600 5331 2666 5385 ἂν
2718 5332 3025 5403 ἐνυπάρχον
3059 5333 3234 5405 ὁρῷτο
3278 5334 3341 5387 τὸ
3377 5333 3699 5404 διαπρέπειν

2129 5419 2186 5472 ἐν
2218 5418 2462 5488 ἀγαθοῖς,
2499 5423 2592 5474 καὶ
2620 5422 2719 5492 τῆς
2746 5422 3013 5493 ἀϐεϐήλου
3039 5424 3183 5493 ζωῆς
3207 5424 3269 5479 τὸ
3294 5424 3561 5496 λαμπρὸν,
3601 5424 3698 5479 καὶ

516 5578 605 5610 ⁵⁸⁸⁸⁸
638 5580 652 5632 l
685 5579 825 5636 Tim.
852 5598 912 5645 ιι,
944 5586 997 5639 4.
1076 5588 1119 5619 ⁸³
1152 5589 1327 5646 Galat.
1358 5606 1437 5659 ιιι,
1483 5590 1577 5662 il;
1615 5590 1769 5649 Rom.
1802 5610 1838 5663 1,
1880 5595 1980 5662 l7;
2023 5610 2024 5647 ξ

2123 5614 2185 5665 ιι,
2221 5615 2275 5668 x,
2314 5600 2400 5656 38.
2479 5604 2522 5633 ⁷ο
2552 5602 2751 5660 llabac.
2793 5620 2853 5669 ιι,
2883 5606 2932 5660 5.
3010 5606 3055 5638 ⁷⁸
3096 5604 3236 5660 Psal.
3268 5621 3408 5661 xcm
3462 5604 3515 5658 2.

515 5739 588 5808 (ι)
625 5736 787 5805 LXX,
828 5737 1001 5789 ιδικα.
