4042 6200
332 363 463 419 1241

1419 370 1492 427 ιιι
1525 372 1756 429 ιδΑιΑιι
1799 374 1925 432 LIB.
1969 375 2031 433 V.
2071 374 2307 433 TOMUS
2338 376 2428 433 Ill.

3463 377 3594 443 19.52

331 483 632 553 περιφανὲς
662 484 896 559 ἀξίωμα.
924 486 1176 543 Τοιοῦτόν
1204 506 1277 543 τι.
1315 491 1410 545 καὶ
1447 495 1475 547 6
1515 494 1787 566 μακάριος
1813 495 1888 550 Βα

1989 498 2227 558 ,ἀίκῑσεο
2256 498 2471 552 videtur
2501 495 2809 551 Judazorum
2864 497 3052 552 turbae.
3105 497 3470 555 Accesserunt
3524 508 3591 559 ad

329 576 564 661 πτιστὴς
600 576 851 648 Ἰωάννης
871 583 989 646 ταῖς
1025 582 1293 637 Ἰουδαίων
1319 580 1543 654 ἀγέλαις
1563 588 1914 661 ἐπιφωνήσας

328 660 554 731 ὁρᾶται·
591 664 897 736 προσῄεσαν
922 670 1021 739 μὲν
1044 670 1152 743 γὰρ
1189 672 1248 726 τὸ
1283 676 1413 745 παρ’
1435 676 1603 731 αὑτοῦ
1641 660 1914 747 τιμῶντες

331 751 635 825 βάπτισμα,
670 760 960 825 μετανοίας
986 761 1043 815 δέ
1068 757 1158 833 ἦν,
1191 765 1284 819 καὶ
1322 768 1554 838 πικροὺς
1594 768 1755 833 ὄντας
1791 769 1912 825 λίαν

326 843 575 918 διήλεγχε
606 847 807 917 λέγων’
843 868 862 903 ι
909 854 1231 928 Γεννήματα
1255 858 1499 929 ἐχιδνῶν,
1522 859 1605 924 τίς
1631 850 1908 928 ὑπέδειξεν

323 932 453 1025 ῦμῖι
511 941 704 1007 φυγεῖν
751 942 859 996 ἀπὸ
903 947 1003 1016 τῆς
1048 947 1349 1019 μελλούσης
1389 952 1587 1024 όργῆς;
1639 954 1910 1025 Ποιήσατε

323 1018 417 1116 οῦν
453 1028 699 1097 καρποὺς
744 1030 929 1098 ἀξίους
974 1036 1075 1106 τῆς
1111 1018 1548 1108 μετανοίας,
1602 1044 1676 1116 μὴ
1719 1018 1909 1116 δόξητε

323 1110 504 1181 λέγειν
546 1116 607 1170 ἐν
649 1118 891 1184 ἑαυτοῖς·
919 1124 1140 1197 Πατέρα
1170 1126 1365 1200 ἔχομεν
1401 1129 1493 1185 τὸν
1527 1110 1907 1204 Ἀϐραάμ.»λο

320 1203 606 1300 δέᾼφησιν·
645 1229 665 1262 ι
695 1212 759 1267 El
789 1215 1001 1288 πατέρα
1029 1219 1205 1290 εῖχετε
1236 1221 1326 1275 τὸν
1360 1203 1636 1295 Ἀϐραὰμ,
1663 1224 1734 1280 τὰ
1768 1225 1905 1300 ἔργα

318 1292 415 1351 τοῦ
451 1300 703 1374 Ἀϐραὰμ
729 1305 962 1361 ἐποιεῖτε
993 1308 1078 1364 ἄν.
1109 1328 1128 1362 ι
1160 1292 1675 1385 Μακάριοςντοίνυν,
1714 1292 1901 1388 φησὶ-ν,

318 1388 420 1442 οὐκ
472 1391 527 1444 εἰ
576 1410 661 1457 τις
718 1395 834 1462 υίός
886 1400 1034 1453 ἐστιν
1072 1400 1346 1475 Ἀϐραὰμ,
1397 1405 1514 1459 ἀλλ’
1546 1408 1574 1460 6
1612 1408 1901 1476 φυλάσσων

316 1479 518 1536 ταῦτα’
554 1488 682 1538 ποῖα
723 1486 781 1540 δὲ
808 1487 1018 1556 ταῦτα;
1054 1490 1243 1561 Κρίμα
1277 1494 1373 1547 καὶ
1398 1494 1771 1569 δικαιοσύνην,
1807 1500 1901 1555 καὶ⁸

315 1573 453 1645 πρός
502 1592 565 1644 γε
609 1578 786 1650 τούτῳ
822 1580 1104 1650 φυλάττων
1152 1585 1247 1639 καὶ
1284 1587 1567 1659 κατορθῶν
1609 1591 1770 1659 αὐτὰ,
1802 1594 1901 1648 καὶ

315 1664 671 1737 ἀντεχόμενος
702 1671 904 1738 αὐτῶν,
934 1675 1232 1747 τουτέστιν,
1275 1680 1336 1732 οὐ
1366 1680 1659 1752 παρέργως
1691 1683 1723 1755 ἢ
1765 1701 1901 1757 παρ-

315 1756 547 1849 ειμένως
581 1760 668 1813 ἐπ’
688 1761 829 1818 αὐτά
859 1766 1077 1837 χωρῶν,
1102 1767 1219 1822 ἀλλ’
1248 1764 1360 1825 οἷον
1386 1772 1444 1825 ἐν
1477 1774 1630 1847 πάσῃ
1664 1756 1891 1849 σπουδῇ,

2015 592 2132 662 ejus
2163 590 2454 661 baptisma,
2483 588 2627 660 quod
2658 598 2779 646 erat
2799 589 3157 659 poenitentiae,
3203 598 3259 645 et
3308 590 3361 645 in
3420 595 3594 661 pretio

2014 684 2358 740 habuerunt:
2387 697 2524 752 quos
2553 688 2612 737 ut
2637 680 3023 738 acerbissimos
3064 681 3313 738 homines
3342 691 3398 738 et
3421 699 3592 742 saevos

2009 776 2377 848 reprehendit,
2411 775 2639 831 dicens:
2675 792 2694 826 ι
2724 772 3018 845 Progenies
3081 774 3413 843 viperarum,
3469 778 3591 846 quis

2012 868 2334 927 monstravit
2365 867 2520 925 vobis
2568 865 2909 943 utfugeretis
2961 880 2993 921 a
3051 864 3233 922 futura
3302 867 3429 922 ira?
3483 867 3589 923 Fa-

2009 967 2117 1023 cite
2154 965 2317 1035 igitur
2343 964 2555 1020 l’ructus
2587 962 2780 1033 dignos
2818 961 3161 1031 pmnitentia,
3188 970 3242 1019 et
3266 957 3334 1018 ne
3373 962 3499 1019 sitis
3525 978 3589 1018 ea

2007 1060 2264 1130 opinione
2298 1066 2360 1113 ut
2412 1056 2611 1113 dicatis
2654 1055 2797 1126 apud
2846 1069 2991 1110 vos:
3048 1053 3264 1109 Patrem
3329 1055 3592 1111 habemus

1978 1152 2281 1207 Abraham
2308 1152 2407 1205 τ’.»
2446 1148 2549 1221 [(2)
2571 1149 2729 1205 Certe
2749 1162 2965 1220 quoque
3004 1146 3264 1203 Servator
3296 1147 3437 1203 idem
3469 1163 3591 1219 per-

2006 1254 2224 1301 secutus
2245 1252 2350 1308 est,
2385 1250 2437 1297 et
2468 1239 2664 1295 affatus
2708 1248 2794 1294 est
2849 1253 2943 1293 eos
2989 1236 3189 1294 obnixe
3222 1251 3441 1307 semper
3488 1237 3590 1293 hoc

2004 1333 2402 1408 praetendentes
2425 1333 2780 1401 dicentesque
2809 1347 2823 1385 :
2855 1349 2875 1384 ι
2917 1330 3025 1387 Nos
3059 1339 3266 1401 patrem
3327 1330 3589 1386 habemus

2001 1427 2275 1482 Abraham
2301 1423 2394 1496 ⁷³.]
2457 1422 2550 1478 llle
2599 1438 2774 1479 vero:
2814 1421 2915 1477 «Si
2956 1430 3188 1493 patrem,
3244 1420 3438 1490 inquit,
3490 1421 3589 1477 hac

2000 1516 2205 1572 beretis
2230 1513 2502 1572 Abraham
2521 1553 2537 1579 ,
2565 1511 2833 1567 fecissetis
2858 1525 3022 1581 opera
3049 1510 3299 1566 Abrahte.
3328 1528 3346 1562 ι
3391 1510 3589 1565 Beatus

1999 1615 2083 1662 est
2113 1606 2297 1676 igitur,
2335 1604 2533 1672 inquit,
2561 1618 2670 1659 non
2700 1603 2745 1657 si
2774 1601 2897 1672 quis
2919 1601 2989 1657 sit
3022 1601 3164 1657 ﬁlius
3202 1601 3453 1666 Abraha‘,
3492 1603 3586 1655 sed

1999 1697 2093 1767 qui
2122 1696 2354 1752 custodit
2378 1696 2513 1750 haec.
2542 1694 2798 1761 Quaenam
2833 1694 2857 1749 l
2888 1692 3184 1757 Judicium,
3210 1693 3502 1764 justitiam,
3532 1700 3587 1748 et

1998 1796 2259 1857 praeterea
2309 1787 2401 1856 qui
2446 1784 2685 1841 custodit
2727 1784 2843 1851 illa,
2894 1793 2950 1840 et
2980 1783 3234 1840 emcitac
3284 1784 3503 1851 retinet,
3531 1784 3584 1839 id

313 1847 406 1948 καῖ
435 1851 723 1948 νεανικῶς,
757 1852 898 1919 ὥστε
931 1857 1023 1912 καὶ
1060 1859 1382 1931 ἀντέχεσθαι
1416 1864 1537 1920 λίαν
1571 1866 1774 1935 αὐτῶν,
1803 1847 1888 1923 uel

2000 1847 2104 1945 est,
2125 1878 2216 1948 qui
2245 1847 2351 1933 non
2384 1877 2573 1933 leviter
2598 1885 2690 1932 aut
2711 1847 2958 1943 remisse,
2987 1878 3084 1933 sed
3110 1875 3261 1933 omni
3290 1876 3440 1932 velut
3469 1847 3586 1933 stu-

312 1938 606 2007 φυλάσσειν
637 1943 708 1998 τὰ
739 1947 990 2003 Σάϐϐατα
1014 1950 1089 2021 μὴ
1107 1951 1369 2025 βεϐηλοῦν
1396 1957 1563 2014 αὐτά.
1585 1957 1704 2012 Ἵνα
1728 1959 1894 2014 πάλιν

308 2029 522 2087 τοιοῦτο
559 2040 707 2109 νοῇς
744 2041 846 2095 οὐκ
880 2042 1007 2114 ἐξῆν
1044 2046 1103 2099 ἐν
1132 2047 1397 2121 Σαϐϐάτῳ
1431 2053 1689 2123 φροντίδα
1729 2057 1896 2110 ποιεῖ-

310 2123 435 2178 σθαί
460 2145 582 2182 τινα
603 2130 713 2186 τῶν
748 2134 876 2205 περὶ
912 2136 1010 2208 τὴν
1042 2139 1223 2211 σάρκα
1263 2141 1441 2196 πόνων
1475 2143 1507 2215 ἢ
1543 2146 1893 2218 σπουδασμά-

305 2218 591 2310 των.Ἔδει
627 2221 685 2275 δὲ
718 2224 920 2291 μᾶλλον
945 2227 1138 2298 ἀργεῖν
1179 2231 1339 2285 τοῦτο
1386 2234 1482 2288 τοῦ
1535 2235 1681 2291 θείου
1729 2255 1893 2310 προσ-

304 2306 597 2400 τάσσοντος
628 2313 819 2383 νόμου,
860 2315 999 2388 πλὴν
1036 2320 1335 2391 ἀργοῦντες
1364 2324 1463 2391 τὰς
1497 2306 1891 2400 νενομισμένας

304 2397 497 2464 θυσίας
534 2406 932 2477 προσεκόμιζον
965 2409 1040 2481 τῷ
1069 2411 1209 2483 Θεῷ,
1236 2415 1329 2469 τοῦ
1369 2419 1597 2489 νομικοῦ
1621 2397 1890 2494 γράμμα-

300 2495 845 2593 τοςὺαἰνιγματωδῶς
875 2500 1286 2575 ὑποφαίνοντος,
1317 2508 1399 2562 ὅτι
1444 2512 1722 2581 φροντίδος
1755 2531 1887 2586 σαρ-

302 2583 465 2673 κικῆς
506 2583 917 2657 ἀποσχομένους
961 2591 1251 2661 ἐμφρόνως
1287 2598 1587 2669 ίερουργεῖν
1619 2583 1887 2673 προσήκει

298 2672 378 2742 τῷ
404 2674 524 2745 Θεῷ
574 2676 764 2741 θυσίας
793 2681 1191 2751 πνευματικὰς,
1218 2687 1312 2739 καὶ
1337 2688 1437 2752 τὰς
1466 2691 1547 2755 εἰς
1581 2692 1758 2763 ὀσμὴν
1788 2672 1885 2746 εὑ-

299 2767 463 2831 ωδίας
498 2769 596 2839 τῆς
638 2770 855 2843 νοητῆς.
875 2773 1095 2844 Ἀργίας
1123 2772 1215 2830 οὖν
1243 2777 1351 2850 ἄρα
1384 2783 1482 2851 τῆς
1514 2782 1573 2847 ἐξ
1604 2784 1886 2855 ἁμαρτιῶν

299 2859 394 2910 καὶ
445 2860 722 2929 σαρκικῶν
756 2863 1061 2934 ἐπιθυμιῶν
1093 2867 1260 2923 τύπον
1309 2871 1548 2944 ἐπλήρου
1593 2875 1694 2944 τῆς
1742 2876 1884 2931 κατὰ

296 2945 359 3000 τὸ
389 2947 665 3001 Σάϐϐατον
693 2951 892 3020 ἀργίας
940 2955 974 3024 ή
1021 2955 1249 3027 δύναμις
1272 2975 1286 2989 ·
1319 2959 1463 3016 οῦτω
1491 2965 1759 3035 προσήκει
1785 2984 1885 3036 φυ-

296 3036 588 3092 λάττεσθαι
621 3040 715 3094 καὶ
758 3043 906 3112 ἡμᾶς
946 3044 1040 3098 τοῦ
1091 3048 1166 3119 μὴ
1196 3048 1458 3121 βεϐηλοῦν
1484 3053 1553 3107 τά
1588 3055 1842 3111 Σάϐϐατα
1864 3073 1878 3089 ⁸

294 3129 744 3201 ἀποπαυσάμενοι
771 3132 900 3205 γὰρ,
923 3134 997 3198 ὡς
1029 3134 1183 3209 ἔφην,
1204 3142 1480 3211 φροντίδος
1501 3144 1720 3217 ἁπάσης
1745 3147 1883 3216 γεώ-

1994 1971 2085 2028 dio
2114 1986 2179 2028 ac
2204 1970 2439 2026 viriliter
2463 1985 2528 2025 ea
2564 1969 2900 2042 aggreditur,
2933 1977 2992 2025 ut
3038 1985 3102 2027 ea
3123 1970 3416 2040 diligenter
3454 1970 3584 2026 reti-

1994 2073 2143 2129 neat,
2177 2072 2232 2120 et
2283 2063 2536 2133 custodit.
2559 2062 2798 2118 Sabbata
2832 2071 2892 2118 ut
2958 2078 3065 2118 non
3101 2063 3351 2134 profanet
3396 2077 3481 2118 ea.
3515 2061 3584 2117 Ut

1992 2171 2184 2212 rursus
2215 2154 2345 2211 illud
2371 2155 2642 2226 intelligas
2667 2171 2685 2210 :
2713 2170 2820 2211 non
2845 2155 3042 2211 licebat
3079 2154 3131 2209 in
3169 2153 3409 2209 Sabbato
3435 2153 3584 2209 labo-

1992 2261 2111 2301 rum
2150 2253 2206 2302 et
2234 2245 2539 2301 studiorum
2588 2246 2658 2300 ad
2711 2260 2934 2301 carnem
2971 2244 3358 2316 pertinentium
3391 2259 3577 2299 curam

1991 2335 2230 2406 aliquam
2278 2350 2461 2407 agere.
2494 2334 2605 2392 Sed
2637 2337 2800 2393 otiari
2851 2337 3032 2408 potius
3061 2337 3367 2405 oportebat,
3397 2334 3577 2390 divina

1991 2428 2109 2500 lege
2141 2432 2242 2484 hoc
2259 2428 2537 2485 sanciente
2563 2441 2579 2482 :
2608 2428 2847 2483 otiantes
2878 2435 3060 2481 tamen
3115 2433 3259 2481 stata
3306 2425 3577 2481 sacriﬁcia

1989 2518 2101 2574 Deo
2150 2516 2448 2574 oﬂ'erebaut
2486 2536 2499 2573 :
2540 2517 2697 2587 legali
2759 2516 2939 2573 littera
2990 2515 3331 2587 anigmatice
3379 2515 3573 2585 subin-

1989 2619 2211 2675 nuente,
2241 2610 2424 2665 carnis
2453 2623 2584 2663 cura
2642 2608 2977 2663 abstinentes
3017 2607 3218 2681 debere
3271 2606 3580 2677 spirituales

1987 2703 2214 2768 hostias,
2248 2701 2307 2757 in
2365 2701 2590 2756 odorem
2639 2698 2794 2754 bona:
2830 2699 3140 2769 fragrantia:
3187 2698 3575 2769 intelligibilis,

1988 2793 2156 2864 788
2180 2793 2298 2869 Deo
2327 2792 2623 2863 prudenter
2647 2791 2981 2847 ministrare.
3022 2790 3189 2860 Hujus
3238 2790 3405 2861 igitur
3450 2804 3565 2846 ces-

1985 2887 2209 2944 sationis
2233 2886 2287 2942 ir.
2329 2884 2568 2942 Sabban
2617 2887 2790 2941 virtus
2825 2885 2992 2940 otium
3049 2893 3105 2939 et
3155 2883 3515 2939 cessationem
3544 2898 3572 2936 a

1985 2988 2212 3050 peccato
2229 2988 2286 3035 et
2323 2979 2507 3035 carnis
2556 2977 2942 3047 cupiditatibus
2981 2976 3268 3045 ﬁgurabat.
3303 2977 3396 3030 Sic
3425 2989 3575 3030 eam-

1984 3073 2105 3128 dem
2135 3086 2321 3129 curam
2347 3087 2445 3128 nos
2477 3072 2754 3141 suscipere
2794 3069 3076 3133 debemus,
3110 3083 3178 3122 ne
3203 3066 3440 3122 Sabbata
3461 3069 3575 3121 vio-

1992 3164 2185 3220 lemus.
2224 3163 2655 3234 Supersedentcs
2682 3161 2852 3226 enim,
2876 3168 2936 3213 ut
2959 3158 3261 3225 dixi,omni
3293 3173 3423 3214 cura
3464 3167 3574 3213 ter-

290 3220 414 3326 δους
447 3223 542 3276 καὶ
575 3225 864 3295 σαρκικῆς,
906 3207 1127 3297 νοητῶς
1146 3207 1567 3305 σαϐφϐατίζομεν,
1594 3238 1655 3290 οὐ
1811 3239 1880 3293 δι’

1992 3207 2185 3220 .-.η-υ.
2224 3207 2654 3234 ..νενηηψηπ
2962 3207 3095 3225 _._.,
3297 3207 3423 3214 πη
3466 3207 3537 3213 η-

1991 3272 2117 3313 rena
2140 3265 2195 3313 et
2224 3256 2457 3321 carnali,
2491 3253 2903 3326 intelligibiliter
2960 3252 3406 3309 sabbatizamus:
3465 3267 3571 3306 non

291 3312 541 3383 αἱμάτων
574 3315 667 3369 καὶ
708 3317 930 3370 καπνῶν
969 3319 1253 3386 τελοῦντες
1301 3322 1513 3390 θυσίας,
1569 3328 1687 3383 ἀλλ’
1716 3332 1883 3402 ἱεροῖς

292 3407 670 3478 σπουδάσμασι
705 3412 1192 3481 κατευφραίνοντες
1223 3413 1408 3479 αὐτὸν,
1449 3417 1544 3469 καὶ
1586 3420 1667 3482 είς
1705 3420 1881 3491 ὀσμὴν

290 3499 517 3564 εὐωδίας
549 3501 777 3565 ἑαυτοὺς
808 3502 1191 3574 ἀναφέροντες.
1215 3504 1258 3556 Τ
1261 3504 1505 3570 οιαύταις
1530 3506 1639 3578 γὰρ
1670 3508 1881 3575 θυσίαις

289 3585 662 3663 εὐαρεστεῖται
687 3596 715 3647 6
740 3594 892 3658 Θεὸς,
917 3594 1059 3648 καθὰ
1085 3595 1414 3667 γέγραπται.
1446 3600 1539 3650 Δεῖ
1562 3598 1625 3669 δὴ
1659 3595 1751 3653 οῦν
1771 3602 1879 3673 ἄρα

293 3682 368 3754 μὴ
400 3682 663 3756 βεϐηλοῦν
691 3684 759 3739 τὰ
788 3684 1061 3749 Σάϐϐατα,
1094 3685 1371 3757 διατηρεῖν
1419 3687 1477 3740 δὲ
1522 3690 1661 3754 πρὸς
1704 3692 1880 3763 τούτῳ

288 3772 382 3825 καὶ
416 3771 515 3836 τὰς
547 3774 736 3844 χεῖρας
765 3774 1183 3845 κεκαθαρμένας
1207 3794 1221 3808 ·
1252 3778 1346 3830 καὶ
1377 3778 1501 3833 τίνα
1529 3780 1755 3851 τρόπον,
1778 3782 1878 3836 a6-

286 3862 377 3928 τδς
407 3864 645 3931 ἐδίδαξεν
673 3866 872 3921 εἰπών’
902 3866 1010 3921 Τοῦ
1047 3869 1122 3941 μὴ
1155 3872 1328 3923 ποιεῖν
1362 3870 1608 3943 ἀδίκημα
1671 3874 1734 3928 οὐ
1766 3875 1876 3946 γάρ

285 3953 401 4008 ἐστι
432 3956 725 4024 φυλάσσειν
752 3957 1014 4013 δύνασθαι
1042 3960 1244 4030 κρίσιν,
1279 3962 1373 4015 καί⁵
1396 3965 1570 4016 ποιεῖν
1598 3964 1876 4020 δικαιοσύ-

284 4060 383 4114 νην
420 4045 626 4099 ἀδικεῖν
650 4045 956 4113 ἐθέλοντας,
982 4049 1077 4101 καὶ
1104 4052 1217 4113 τοῖς
1242 4049 1342 4121 τῆς
1376 4051 1653 4123 ἁμαρτίας
1680 4052 1875 4126 ρύποις

283 4138 382 4210 τὴν
414 4140 571 4211 χεῖρα
590 4139 1067 4211 καταμιαίνοντας.
1097 4143 1270 4215 Χεῖρα
1300 4144 1357 4197 δὲ
1381 4145 1503 4215 οὐχ)⁵
1528 4146 1748 4212 πάντως
1774 4148 1873 4220 τὴν

284 4228 377 4282 τοῦ
408 4228 679 4299 σώματος,
720 4230 841 4285 ἀντὶ
881 4231 940 4285 δέ
973 4249 1037 4301 γε
1084 4233 1183 4304 τῆς
1213 4234 1394 4313 χειρὸς
1421 4236 1522 4307 τὴν
1561 4240 1872 4313 πρακτικὴν

284 4321 496 4392 νοήσεις
546 4320 866 4392 ἐνέργειαν,
918 4322 1043 4378 καθ’
1073 4324 1139 4395 ἢν
1191 4312 1408 4399 ἑκάστῳ
1452 4329 1721 4404 πρόσιμεν
1764 4312 1870 4386 τῶν

283 4413 646 4484 πραγμάτων.

1985 3367 2084 3423 per
2115 3353 2435 3421 sanguinem
2470 3359 2526 3406 et
2559 3347 2737 3405 fumos
2793 3345 3132 3403 celebrantes
3165 3342 3453 3408 sacriﬁcia,
3479 3344 3571 3398 sed

1983 3444 2176 3498 studiis
2207 3443 2411 3499 sanctis
2449 3442 2600 3496 illum
2627 3439 3014 3504 exhilarantes,
3041 3444 3095 3494 et
3115 3439 3169 3492 in
3195 3438 3416 3492 odorem
3446 3451 3574 3491 sua.

1981 3533 2166 3589 vitatis
2206 3542 2420 3590 nosmet
2461 3532 2773 3587 oli‘erentcs.
2804 3529 3025 3583 Talibus
3085 3527 3229 3583 enim
3272 3524 3562 3582 sacriﬁciis

1980 3625 2222 3694 placatur
2253 3625 2413 3689 Deus,
2441 3622 2602 3677 sicuti
2626 3621 2888 3690 scriptum
2907 3618 3094 3674 est"‘.
3125 3619 3354 3683 Oportet
3387 3616 3573 3683 itaque

1981 3718 2219 3773 Sabbata
2248 3732 2354 3772 non
2388 3715 2617 3781 violare,
2663 3715 2756 3769 sed
2788 3713 2852 3766 ad
2881 3711 2995 3765 haec
3042 3723 3236 3763 manus
3261 3721 3425 3778 puras
3459 3722 3575 3761 ser-

1980 3822 2136 3863 vare.
2176 3805 2458 3874 Quomodo
2506 3813 2705 3869 autem,
2738 3803 2968 3872 ipsemet
3028 3800 3235 3861 docuit,
3275 3799 3566 3868 inquiens:

1978 3897 2057 3953 Ne
2082 3897 2286 3953 faciant
2319 3894 2595 3966 injuriam.
2639 3893 2749 3950 Nec
2777 3894 2921 3949 enim
2949 3891 3227 3947 custodire
3275 3889 3570 3961 judicium,

1976 4005 2077 4046 nec
2104 3989 2284 4047 colere
2309 3989 2577 4061 justitiam
2613 3993 2840 4057 possunt
2868 3986 2921 4042 hi
2953 3984 3046 4055 qui
3095 3982 3353 4052 iujuriam
3382 3982 3572 4037 volunt

1978 4081 2204 4148 inferre,
2221 4090 2278 4137 et
2312 4095 2534 4136 manum
2578 4077 2787 4149 peccati
2815 4077 3066 4133 sordibus
3117 4074 3424 4145 inquinare.
3454 4073 3567 4127 Ma-

1976 4189 2104 4229 num
2126 4184 2308 4228 autem
2347 4186 2453 4228 non
2483 4170 2806 4241 simpliciter
2845 4183 2967 4223 eam
3002 4184 3123 4238 quae
3162 4176 3247 4223 est
3298 4166 3564 4235 corporis,

1973 4266 2065 4323 sed
2108 4281 2208 4337 pro
2271 4279 2435 4321 manu
2495 4275 2769 4320 actuosatn
2821 4262 3113 4332 quamdam
3193 4263 3301 4314 vim
3371 4258 3571 4313 intelli-

1971 4375 2090 4430 ges,
2136 4373 2235 4430 per
2282 4373 2445 4430 quam
2498 4358 2565 4413 ad
2611 4372 2700 4414 res
2736 4371 2982 4427 quasque
3033 4354 3298 4427 gerendas
3343 4353 3565 4407 accedi-

1970 4468 2111 4508 mus.

354 4523 452 4592 Μὴ
480 4525 698 4595 λεγέτω
742 4531 776 4582 ό
815 4529 1157 4600 ἀλλογενὴς
1185 4536 1218 4587 ό
1248 4539 1682 4607 προσκείμενος
1713 4541 1864 4610 πρὸς

2039 4544 2207 4601 Vsus.
2240 4544 2360 4601 3-5.
2394 4544 2477 4599 Ne
2503 4544 2646 4599 dicat
2711 4543 3009 4612 alienigena
3047 4540 3137 4609 qui
3183 4538 3455 4607 appositus
3491 4547 3567 4590 est

283 4617 524 4686 Κύριονο
553 4618 800 4687 Ἆφοριεῑ
846 4638 921 4688 με
965 4622 1080 4692 ἄρα
1132 4626 1349 4694 Κύριος
1393 4628 1514 4683 ἀπὸ
1560 4632 1668 4686 τοῦ
1707 4634 1861 4688 λαοῦ

282 4708 518 4800 τοιξτου.
556 4708 669 4763 Kal
697 4709 785 4780 μὴ
814 4711 1034 4783 λεγέςω
1061 4717 1095 4769 ό
1122 4717 1438 4788 εὐνοῦχος,
1470 4720 1722 4792 ὅτιἘγώ
1744 4723 1861 4794 ειμι

281 4799 475 4865 ξύλον
499 4799 710 4869 ξηρόν.
745 4802 892 4858 Τάδε
917 4805 1077 4875 λέγει
1099 4809 1316 4875 Κύριος
1354 4811 1477 4878 τοῖς
1508 4814 1826 4884 εὐνούχοις
1844 4832 1858 4847 ·

282 4891 455 4947 Ὅσοι
482 4892 561 4947 ἂν
585 4893 974 4962 φυλάξωνται
999 4898 1076 4953 τὰ
1105 4898 1375 4953 Σάϐϐατά
1397 4918 1540 4970 μου,
1565 4904 1665 4958 καί
1692 4905 1864 4961 ἐκλέ-

278 4985 495 5048 {currat
519 4983 559 5039 ἀ
586 4983 702 5054 ἐγὼ
734 4986 908 5050 θέλω,
932 4988 1031 5041 καὶ
1050 4989 1415 5058 ἀντέχων-ται
1440 4991 1551 5060 τῆς
1574 4994 1869 5064 διαθήκης

272 5090 413 5142 μου,
443 5071 616 5126 δώσω
639 5075 843 5141 αὐτοῖς
875 5076 946 5129 ἐν
976 5076 1060 5143 τῷ
1082 5077 1226 5145 οἴκῳ
1260 5096 1381 5148 μου
1416 5082 1515 5136 καί
1549 5082 1620 5136 ἐν
1640 5083 1722 5149 τῷ
1746 5086 1867 5139 τεί-

281 5181 370 5232 χει
393 5180 513 5232 μοι⁹
546 5165 737 5219 τόπον
765 5166 1127 5236 ὀνομαστὸν,
1174 5169 1466 5239 κρεῖσσον
1488 5173 1566 5242 (1)
1595 5174 1744 5228 υἱῶν
1766 5177 1865 5230 καί

279 5255 637 5323 θυγατέρων,
671 5256 860 5326 ὄνομα
887 5257 1130 5314 αἰώνιον
1154 5259 1328 5316 δώσω
1354 5263 1583 5330 αὐτοῖς,
1612 5266 1712 5320 καὶ
1750 5269 1863 5321 οὐκ

277 5344 567 5414 ἐκλείψει.

358 5438 586 5511 Ἑτέραν
626 5441 800 5511 ὀφρὺν
847 5442 957 5497 τῶν
1004 5444 1064 5510 ἐξ
1105 5446 1337 5516 αἵματος
1379 5448 1593 5519 Ἰσραὴλ
1620 5488 1636 5515 ,
1695 5451 1861 5521 ῆγουν

1971 4636 2193 4691 Domino
2224 4652 2242 4690 :
2272 4635 2552 4706 Separabit
2578 4651 2660 4689 me
2687 4636 2866 4703 utique
2893 4632 3147 4686 Dominus
3176 4648 3207 4683 a
3232 4627 3423 4698 populo
3451 4644 3564 4681 suo.

1973 4727 2157 4798 Neque
2209 4727 2350 4782 dicat
2393 4727 2712 4789 eunuchus:
2766 4723 2880 4795 Ego
2902 4740 3018 4778 sum
3072 4723 3272 4792 lignum
3332 4720 3563 4777 aridum.

1971 4818 2103 4875 Ha’c
2127 4820 2253 4873 dicit
2308 4817 2568 4873 Dominus
2617 4818 2873 4872 eunuclus
2912 4831 2932 4871 :
2968 4815 3279 4885 Quicunque
3302 4812 3565 4866 custodie-

1971 4911 2074 4964 rint
2105 4907 2338 4965 Sabbata
2365 4925 2501 4972 mea,
2533 4918 2581 4963 et
2625 4908 2874 4979 elegerint
2919 4922 3039 4978 qua:
3070 4922 3164 4976 ego
3212 4904 3350 4967 velo,
3401 4913 3450 4956 et
3486 4912 3564 4955 te-

1971 5001 2175 5055 nuerint
2201 5009 2567 5055 testamentum
2612 5016 2808 5059 meum.
2846 4999 2983 5053 dabo
3027 4997 3136 5051 illis
3184 4997 3239 5050 in
3265 4996 3422 5048 domo
3449 5008 3560 5048 mea

1968 5103 2018 5147 et
2070 5094 2212 5149 intra
2256 5094 2483 5163 parietes
2519 5109 2661 5147 meos
2725 5092 2896 5146 locum
2948 5090 3220 5153 celebrem,
3292 5086 3559 5141 meliorem

1966 5186 2095 5254 [iliis
2120 5204 2182 5242 ac
2236 5187 2468 5257 ﬁliabus,
2501 5203 2692 5243 nomen
2735 5194 2987 5242 wternum
3043 5183 3179 5237 dabo
3223 5180 3353 5247 illis,
3374 5187 3424 5234 et
3454 5194 3557 5232 non

1967 5279 2191 5348 deﬁciet.

2039 5456 2197 5513 Aliud
2251 5457 2599 5528 supercilium
2668 5452 3037 5511 lsraelitarum
3120 5460 3175 5507 et
3236 5445 3557 5519 arrogantia:

351 5590 397 5622 "
432 5590 623 5650 Matth.
655 5610 736 5661 Ill,
767 5596 882 5652 7-9.
959 5597 1183 5654 "Joan.
1226 5616 1340 5670 vm,
1373 5602 1459 5657 39.
1537 5604 1602 5635 ⁷⁸⁸
1636 5604 1802 5662 llchr.
1840 5624 1958 5676 xm,
2004 5610 2088 5667 16.

461 5747 622 5814 LXX,
651 5750 906 5821 κρείττω.

352 5817 426 5889 (2)
459 5821 589 5887 Qua:
619 5817 772 5879 uncis
808 5823 1015 5879 inclusa
1050 5832 1195 5892 sunt,
1225 5823 1446 5884 Graccus
1480 5828 1650 5887 codex
1680 5848 1785 5891 non
1813 5833 1993 5891 habet.
