4096 6212
396 277 536 336 1245

1385 273 1442 328 8.
1484 272 1759 330 CYRILLI
1800 273 2269 334 ALEXANDRINI
2311 272 2637 332 ARCHIEP.

3530 275 3663 331 ηις

392 411 610 455 causam
632 394 868 466 putidam
898 402 952 450 et
981 391 1222 447 frivolam
1254 392 1395 448 Deus
1440 393 1764 462 insectatur.
1799 380 1973 450 Altum

2093 399 2396 464 ἱλαζονείας
2428 399 2722 471 πρόφασιν,
2754 394 2960 466 σαθρὰν
2994 411 3052 448 τε
3095 393 3189 449 καὶ
3230 392 3397 449 ἕωλον
3431 394 3670 448 κατασύ-

392 490 560 552 enim,
588 488 664 542 uti
696 486 826 553 dixi,
854 485 1158 554 sapiehant,
1191 484 1434 540 dicentes
1467 503 1481 541 :
1512 504 1532 538 ι
1562 485 1781 542 Patrem
1806 487 1974 541 habe-

395 596 520 637 mus
570 577 841 634 Abraham
871 576 941 642 ",
966 594 985 628 ι
1020 582 1075 630 et
1103 592 1117 629 :
1150 573 1380 645 Populus
1396 586 1619 633 sanctus
1656 591 1842 634 sumus
1866 576 1976 631 ele-

398 682 538 733 ctus,
572 679 734 740 atque
755 670 807 726 in
841 678 1042 725 sortem
1074 666 1309 723 divinam
1356 668 1511 722 asciti
1546 682 1756 724 sumus.
1805 668 1977 740 Fuge-

397 769 522 814 runt
554 761 719 815 etiam
772 760 1082 825 orbitatem,
1132 767 1318 827 utpote
1383 772 1506 814 eum
1565 760 1777 829 primus
1824 769 1980 831 pater

398 849 666 904 Abraham
700 849 817 905 loco
846 848 1241 906 benedictionis
1269 850 1566 920 accepisset
1589 865 1619 905 a
1639 851 1769 917 Deo,
1789 865 1976 907 semen

396 956 553 996 suum
623 941 677 996 in
738 941 1057 996 immensam
1115 940 1516 998 multitudinem
1558 942 1979 1013 propagandum,

395 1033 537 1102 quod
567 1030 708 1088 Deus
738 1032 989 1102 promisit
1024 1032 1209 1088 stellas
1268 1047 1493 1089 numero
1534 1041 1867 1103 aequaturum
1890 1033 1978 1088 7“.

404 1125 652 1196 Dixitque
702 1124 809 1181 illis
843 1140 939 1197 per
994 1125 1447 1197 sapientissimum
1484 1126 1720 1198 Moysem
1752 1146 1767 1184 :
1808 1145 1827 1180 ι
1864 1127 1980 1183 Non

399 1217 503 1273 erit
530 1218 582 1273 iu
608 1219 762 1275 vobis
789 1219 1185 1289 orbus,‘neque
1234 1218 1437 1275 sterilis
1460 1219 1531 1273 ⁷⁸.
1572 1238 1592 1272 ι
1618 1218 1769 1287 Quod
1803 1227 1982 1273 autem

402 1322 593 1378 magna
623 1320 674 1365 et
710 1310 969 1381 prazclara
1003 1323 1092 1364 res
1137 1319 1453 1365 censeretur
1486 1309 1554 1364 ab
1588 1310 1694 1365 illis
1744 1310 1986 1366 fecundi-

406 1411 489 1455 tas
532 1401 738 1471 prolis,
780 1416 812 1457 e
857 1400 1062 1456 sanctis
1096 1400 1371 1470 prophetis
1411 1400 1629 1472 quidam
1690 1402 1982 1472 probabit:

407 1509 424 1542 ι
460 1491 640 1547 Gloria
673 1507 860 1549 eorum
904 1509 970 1550 ex
1014 1497 1295 1565 partubus,
1343 1505 1399 1551 et
1438 1497 1902 1562 parturitionibus,
1934 1505 1989 1551 et

401 1582 840 1652 conceptionibus
873 1585 941 1641 ⁷⁸.
975 1605 994 1639 ι
1023 1586 1288 1656 Propheta
1327 1582 1494 1658 789
1518 1588 1641 1643 item
1675 1589 1843 1645 Isaias
1897 1587 1988 1657 ,di‘

2082 509 2163 563 ρει
2200 491 2334 556 Θεός
2354 509 2367 521 ·
2400 490 2663 561 ἐφρόνουν
2697 487 2797 557 μὲν
2835 484 2964 557 γάρ,
2995 486 3071 551 ὡς
3104 484 3260 556 ἔφην,
3297 484 3462 557 μέγα,
3486 485 3671 554 λέγον-

2077 600 2187 648 τες,
2234 604 2252 638 ι
2279 584 2499 660 Πατέρα
2555 584 2755 655 ἔχομεν
2802 580 2893 636 τὸν
2930 576 3202 651 Ἀϐραὰμ,
3231 594 3249 628 ι
3290 575 3386 631 καὶ
3432 575 3542 654 μὴν
3588 576 3669 630 ὅτι

2078 673 2219 737 Aab;
2257 674 2411 741 ἅγιός
2457 675 2628 744 ἐσμεν
2667 668 3063 741 ἐξειλεγμένος,
3113 665 3429 737 τετάγμεθα
3472 665 3529 718 δέ
3577 668 3671 720 καὶ

2090 766 2170 831 εἰς
2196 765 2399 838 κλῆρον
2422 765 2581 820 Θεοῦ.
2617 765 2890 833 Ἐφευγον
2922 760 2980 815 δέ
3007 759 3101 814 καὶ
3127 757 3225 829 τὴν
3264 757 3545 821 ἀπαιδίαν,
3576 754 3669 810 an:

2079 856 2145 928 δὴ
2166 855 2260 912 τοῦ
2287 857 2632 930 προπάτορος
2666 853 2917 926 Ἀϐραὰμ
2943 854 3001 906 ἐν
3030 850 3281 921 εὐλογίας
3300 850 3450 915 τάξει
3476 849 3668 905 λαϐόν-

2081 967 2174 1015 τος
2222 950 2372 1022 παρὰ
2425 950 2564 1005 Θεοῦ
2607 949 2670 1003 τὸ
2726 948 2808 1013 είς
2855 938 3064 1017 πληθῦν
3125 941 3525 1013 ἐκταθήσεσθαι
3572 941 3669 1012 τὴν

2083 1040 2392 1112 ἀμέτρητον
2437 1041 2499 1095 τδ
2548 1040 2768 1112 σπέρμα
2817 1037 3020 1094 αὐτοῦ⁹
3066 1034 3354 1107 ἰσάριθμον
3396 1032 3506 1104 γάρ
3556 1036 3671 1096 τοῖς

2085 1131 2307 1203 ἄστροις
2334 1131 2699 1203 ἐπηγγέλλετο
2726 1131 2859 1195 Θεὸς
2880 1126 3178 1192 ἀναδείξειν
3206 1124 3358 1180 αὐτὸ.
3386 1126 3585 1197 Εἴρητο
3611 1124 3670 1178 δὲ

2088 1220 2225 1292 πρὸς
2267 1222 2466 1286 αὐτοὺς
2508 1223 2602 1276 καὶ¹
2651 1220 2741 1275 διά
2776 1219 2873 1274 τοῦ
2929 1218 3206 1288 πανσόφου
3245 1217 3524 1279 Μωῦσέως
3565 1217 3663 1268 τό·

2095 1331 2113 1364 ι
2141 1312 2254 1366 Οὐκ
2292 1312 2446 1366 ἔσται
2494 1313 2553 1367 ἐν
2597 1313 2727 1381 ὐμῖν
2770 1312 2962 1380 ἀγονος
2993 1310 3113 1364 οὐδέ
3157 1311 3365 1380 στεῖρα.
3400 1327 3418 1359 ι
3448 1309 3569 1360 ’Ότι
3612 1307 3676 1359 δὲ

2094 1404 2236 1475 μέγα
2260 1421 2311 1457 τι
2333 1405 2521 1477 χρῆμα
2546 1405 2642 1460 καὶ
2671 1404 2950 1476 ἐξαίρετον
2970 1404 3004 1473 ἡ
3027 1401 3359 1457 πολυπαιδία
3392 1400 3671 1469 νενόμιστο

2092 1490 2496 1568 παρ’άύτοὺς,
2542 1497 2948 1569 πληροφορήσει
3004 1513 3089 1559 τις
3131 1494 3307 1563 λέγων
3347 1493 3457 1546 τῶν
3505 1493 3670 1560 ἁγίων

2096 1589 2415 1660 προφητῶν·
2454 1608 2473 1642 ι
2524 1591 2591 1643 Ai
2618 1587 2767 1654 δόξαι
2804 1588 2982 1644 αὐτῶν
3012 1588 3075 1641 ἐκ
3101 1586 3275 1640 τόκων
3307 1586 3403 1639 καὶ
3443 1585 3667 1646 ὠδίνων,

403 1672 477 1727 cit
497 1683 702 1744 septem
726 1676 975 1734 mulieres
1002 1680 1432 1747 apprehensuras
1451 1695 1613 1735 unum
1635 1681 1831 1744 virum,
1866 1696 1988 1750 quae

2094 1684 2187 1736 καὶ
2203 1682 2537 1754 συλλήψεων.
2554 1702 2572 1735 ι
2607 1681 2778 1735 Ἑπτά
2797 1681 2853 1734 δὲ
2884 1682 3145 1750 γυναῖκας
3169 1678 3533 1748 ἐπιλήψεσθαι
3556 1677 3673 1740 ἐνὸς

405 1764 624 1820 dicant:
659 1785 678 1819 ι
715 1765 913 1824 Panem
947 1779 1189 1825 nostrum
1227 1773 1594 1838 comedemus,
1613 1782 1668 1827 et
1691 1773 1982 1828 vestimen-

2093 1772 2324 1843 ἀνδρὸς,
2440 1773 2724 1844 προφήτης
2768 1745 2933 1842 φησίν
2970 1770 3229 1833 Ἡσαΐας·
3283 1745 3435 1822 εἶπόν
3484 1785 3543 1822 τε
3593 1769 3673 1821 ὅτι

409 1856 479 1912 tis
510 1858 715 1913 nostris
763 1860 1119 1929 amiciemur;
1146 1872 1518 1918 verumtamen
1542 1873 1767 1920 vocetur
1789 1880 1981 1921 nomen

409 1956 558 2003 tuum
593 1963 758 2019 super
813 1965 956 2023 nos:
993 1952 1147 2008 aufer
1184 1954 1529 2023 opprobrium
1580 1965 1826 2011 nostrum
1853 1957 1921 2013 ⁷⁷.
1960 1975 1978 2008 ι

406 2039 521 2094 Non
544 2041 690 2095 enim
720 2041 992 2105 volebant,
1030 2052 1089 2099 ut
1123 2045 1257 2108 dixi,
1315 2053 1571 2116 tanquam
1622 2046 1809 2103 liberis
1839 2048 1987 2104 orbae

409 2140 463 2186 et
491 2130 717 2188 steriles"
737 2134 931 2190 notari.
960 2135 1099 2203 Quia
1156 2136 1319 2207 igitur
1362 2137 1686 2194 videbantur
1728 2140 1989 2197 Israelita‘.

409 2232 631 2293 propter
672 2224 944 2281 carnalem
978 2226 1313 2283 nobilitatem
1342 2237 1395 2284 et
1423 2229 1625 2287 sobolis
1684 2230 1989 2288 fecundita-

413 2322 521 2368 tem
546 2314 687 2371 elato
711 2329 831 2372 esse
858 2317 1062 2385 animo,
1117 2333 1212 2375 eos
1236 2322 1549 2379 necessario
1576 2324 1644 2378 ab
1673 2321 1775 2378 hac
1832 2322 1986 2393 igno-

413 2406 586 2459 rantia
608 2407 845 2473 abducit,
874 2408 1166 2478 inquiens:
1208 2409 1287 2467 Ne
1328 2412 1475 2468 dicat
1528 2414 1853 2486 alienigena,
1899 2416 1989 2483 qui

411 2499 688 2564 appositus
710 2508 792 2553 est
821 2500 888 2553 ad
921 2500 1233 2555 Dominum:
1256 2501 1546 2573 Separahit
1572 2520 1656 2561 me
1677 2506 1935 2561 Dominus
1961 2520 1989 2559 ιι

413 2585 608 2655 populo
635 2603 751 2644 suo.
785 2587 902 2644 Non
932 2590 1102 2655 enim,
1135 2591 1262 2661 quia
1285 2602 1370 2648 est
1416 2594 1740 2666 alienigena,
1778 2597 1830 2651 id
1886 2608 1988 2662 est,

412 2693 517 2731 non
542 2694 606 2734 ex
647 2680 908 2749 sanguine
940 2681 1124 2748 Israel,
1162 2691 1448 2753 propterea
1478 2700 1584 2739 non
1620 2688 1724 2741 erit
1748 2686 1867 2756 ejus
1883 2688 1986 2744 do-

414 2786 607 2826 norum
635 2779 690 2826 et
708 2771 1103 2842 coniunctionis
1127 2788 1251 2829 cum
1280 2777 1416 2843 ipso,
1448 2776 1702 2832 videlicet
1733 2779 1988 2849 spiritua-

415 2864 500 2937 lis,
522 2864 825 2934 particeps;
855 2864 947 2920 sed
978 2865 1020 2920 si
1051 2863 1278 2921 Domino
1307 2867 1603 2931 a'dhmreat,
1649 2871 1872 2926 omnino
1904 2871 1989 2925 in-

417 2966 496 3009 ter
532 2955 855 3011 domesticos
886 2966 941 3009 et
969 2965 1127 3012 notos
1154 2956 1529 3023 collocabitur,
1560 2968 1618 3014 et
1671 2960 1738 3015 ad
1782 2972 1993 3032 gentem

2091 1883 2109 1916 ι
2142 1866 2245 1919 Τὸν
2281 1865 2446 1936 ἄρτον
2493 1864 2653 1935 ἡμῶν
2702 1862 3011 1933 φαγόμεθα,
3058 1862 3153 1915 καὶ
3185 1861 3254 1915 τά
3288 1860 3482 1930 ἱμάτια
3521 1857 3676 1928 ἡμῶν

2088 1956 2552 2029 περιϐαλούμεθα,
2582 1956 2721 2028 πλὴν
2748 1956 2808 2009 τὸ
2838 1956 3006 2026 ὄνομα
3047 1954 3110 2008 τὸ
3155 1954 3247 2008 σὸν
3278 1951 3567 2023 κεκλήσθω
3591 1951 3683 2019 ἐφ’

2086 2051 2255 2120 ἡμᾶς,
2283 2049 2448 2119 ἀφελε
2482 2048 2571 2102 τὸν
2605 2047 2908 2118 ὀνειδισμὸν
2948 2046 3126 2117 ἡμῶν.
3153 2064 3171 2096 ι
3213 2045 3287 2099 Οὐ
3324 2044 3430 2117 γὰρ
3465 2043 3677 2114 ἤθελον,

2088 2143 2165 2207 ὡς
2216 2141 2374 2211 ἔφην,
2399 2142 2475 2204 ὡς
2514 2140 2697 2209 ἄγονοί
2723 2156 2785 2193 τε
2819 2139 2915 2192 καὶ
2945 2142 3152 2211 στεῖραι
3195 2135 3675 2200 κατονειδίζετθαι.

2090 2232 2298 2287 Οὐκοῦν
2326 2232 2627 2305 ἐπειδήπερ
2655 2231 2742 2284 ἐπ’
2765 2229 3012 2301 εὐγενείᾳ⁸
3036 2231 3297 2300 σαρκικῇ,
3333 2229 3428 2281 καὶ
3457 2226 3678 2299 προσέτι

2089 2327 2156 2397 τῇ
2199 2323 2528 2395 πολυπαιδίςι
2561 2324 2711 2394 μέγα
2742 2322 2960 2393 φρονεῖν
2997 2319 3172 2373 ἐδόκει
3200 2320 3315 2382 τοῖς
3340 2318 3402 2383 ἐξ
3443 2316 3677 2389 Ἰσραὴλ,

2092 2417 2403 2487 ἀναγκαίως
2434 2415 2631 2479 αὐτοὺς
2660 2414 2752 2469 καλ⁵
2784 2412 2990 2483 ταύτης
3019 2409 3261 2480 ἐξίστησι
3284 2408 3385 2478 τῆς
3414 2407 3673 2477 ἀμαθίας,

2094 2507 2299 2563 εἰπών’
2323 2507 2416 2577 Μὴ
2446 2505 2651 2574 λεγέτω
2678 2507 2707 2559 ὁ
2736 2501 3033 2572 ἀλλογενὴς
3064 2502 3092 2553 ὁ
3127 2497 3512 2570 προσκείμενος
3534 2494 3687 2565 πρὸς

2094 2602 2321 2673 Κύριον,
2339 2600 2585 2670 ’Δφοριεῖ
2611 2614 2679 2669 με
2708 2596 2815 2666 ἄρα
2843 2593 3050 2664 Κύριος
3079 2592 3181 2647 ἀπὸ
3206 2589 3297 2644 τοῦ
3324 2586 3454 2643 λαοῦ
3482 2585 3675 2641 αὐτοῦ.

2095 2693 2172 2747 Οὐ
2198 2692 2308 2763 γὰρ
2338 2690 2570 2761 ἐπείπερ
2596 2685 2910 2757 ἀλλογενὴς,
2933 2682 3225 2748 τουτέστιν,
3246 2681 3343 2734 οὐκ
3363 2680 3423 2744 ἐξ
3448 2679 3680 2748 αἵματος

2107 2784 2356 2856 Ἰσραὴλ,
2405 2781 2496 2837 διά
2535 2780 2693 2835 τοῦτο
2741 2778 2835 2833 καὶ
2881 2776 3146 2849 ἀμέτοχος
3196 2774 3303 2826 τῶν
3355 2772 3485 2844 παρ’
3516 2768 3684 2823 αὐτοῦ

2097 2875 2472 2948 χαρισμάτων,
2507 2874 2678 2944 ἤγουν
2706 2871 2808 2942 τῆς
2836 2869 2974 2941 πρὸς
3009 2867 3174 2941 αὐτὸν
3210 2864 3559 2933 οἰκειότητος.
3584 2862 3681 2929 δη-

2097 2966 2273 3021 λονότι
2321 2962 2734 3034 πνευματικῆς’
2766 2961 2885 3016 ἀλλ’
2910 2961 2959 3014 εἰ
2993 2955 3315 3031 προσκέοιτο
3350 2954 3429 3026 τῷ
3473 2952 3681 3023 Κυρίῳ,

419 3057 686 3113 sanctam,
713 3048 778 3101 ad
810 3048 1015 3118 regium
1044 3048 1498 3117 saccrdotium,in
1530 3061 1731 3107 sortem
1767 3052 1861 3109 Dei
1892 3070 1987 3110 co-

2095 3059 2317 3125 τάξεται
2347 3056 2564 3119 πάντως
2591 3056 2649 3108 ἐν
2672 3052 2915 3116 οἰκείοις,
2943 3052 3037 3106 καὶ
3061 3049 3444 3120 ἐγνωσμένοις,
3481 3045 3571 3098 καὶ
3601 3045 3689 3107 είς

413 3135 709 3206 optabitur,
736 3144 792 3191 et
826 3134 906 3205 ,in
956 3135 1078 3191 filiis
1138 3137 1408 3192 Abraham
1458 3142 1855 3197 numerabitur.
1879 3143 1989 3200 Non

2102 3148 2255 3212 ἔθνος
2301 3147 2478 3216 ἅγιον,
2520 3146 2614 3200 καὶ
2659 3146 2740 3211 εἰς
2794 3142 3066 3216 βασίλειον
3116 3139 3436 3213 ἱεράτευμα,
3465 3135 3553 3190 καὶ
3603 3135 3684 3196 εἰς

416 3227 558 3282 enim
582 3241 772 3282 omnes
801 3228 893 3296 qui
925 3236 1052 3283 sunt
1081 3242 1149 3283 ex
1178 3228 1364 3296 Israel,
1393 3230 1448 3284 hi
1500 3230 1690 3299 Israel,
1723 3233 1884 3291 sicuti
1915 3250 1997 3291 sa-

425 3319 794 3389 pientissimus
831 3319 1032 3375 Paulus
1068 3321 1162 3387 ait,
1201 3336 1301 3378 nec
1323 3323 1449 3392 quia
1496 3338 1679 3380 semen
1739 3325 1992 3392 Abrahae,

420 3426 615 3467 omnes
673 3411 789 3478 lilii,
841 3412 934 3468 sed
976 3412 1070 3468 filii
1122 3414 1500 3482 promissionis
1551 3427 1872 3487 reputantur
1943 3420 1997 3475 in

429 3505 643 3560 semine
667 3503 735 3558 ’⁸.
774 3504 909 3560 Data
938 3514 1022 3561 est
1041 3513 1222 3562 autem
1247 3506 1482 3563 Abrahae
1498 3510 1786 3579 promissio
1813 3526 1843 3566 a
1868 3512 1999 3578 Deo,

423 3613 527 3653 non
549 3597 720 3654 solum
748 3606 966 3669 propter
988 3613 1082 3655 eos
1109 3599 1202 3669 qui
1231 3601 1526 3655 secundum
1575 3616 1794 3658 carnem
1837 3603 1906 3659 ab
1934 3619 2000 3660 eo

421 3698 568 3757 sunt,
592 3689 685 3745 sed
708 3697 929 3760 propter
949 3703 1137 3746 omnes
1165 3704 1264 3760 per
1292 3690 1449 3746 fidem
1472 3692 1701 3762 genitos.
1738 3692 1829 3760 Sic
1854 3694 2000 3752 enim

420 3781 693 3836 Abraham
715 3781 1043 3849 iustificatus
1069 3790 1175 3838 est.
1200 3780 1343 3855 Ergo
1369 3783 1462 3853 qui
1515 3784 1776 3841 insistunt
1825 3788 1994 3844 vesti-

421 3870 525 3942 giis
550 3870 672 3926 fidei
699 3870 1138 3938 Abrahamiticae,
1159 3871 1243 3927 his
1269 3874 1491 3929 omnino
1543 3874 1759 3931 dabitur
1793 3885 1851 3932 ut
1877 3877 2002 3935 filiis

424 3972 829 4019 accenseantur.
859 3962 973 4018 Non
1007 3963 1170 4033 igitur
1190 3964 1519 4034 proselytum
1545 3967 1818 4035 separabit
1846 3982 1876 4022 a
1904 3984 2001 4039 po-

422 4050 547 4120 pulo
572 4065 711 4106 suo:
744 4063 801 4107 at
829 4052 997 4108 semel
1044 4051 1283 4107 additum
1328 4061 1386 4108 et
1427 4063 1677 4109 vocatum
1712 4071 1809 4127 per
1837 4056 1998 4114 fidem

422 4141 699 4212 suscipiet,
748 4143 1111 4213 populumque
1167 4152 1415 4199 sanctum
1483 4145 1807 4203 nominabit.
1857 4147 1999 4216 Quin

424 4233 586 4288 etiam
622 4234 670 4289 si
692 4234 840 4304 quis,
873 4235 1068 4304 inquit,
1110 4234 1182 4290 sit
1205 4235 1506 4301 eunuchus,
1532 4235 1584 4292 id
1618 4247 1704 4292 est
1723 4252 1914 4296 carens
1937 4239 2002 4296 li-

422 4325 571 4381 heris
598 4335 652 4382 ct
679 4326 890 4391 sobole,
924 4341 989 4380 ue
1020 4327 1164 4381 dicat
1196 4326 1336 4396 apud
1390 4326 1627 4398 seipsum
1660 4347 1675 4384 :
1710 4331 1820 4401 Ego
1878 4347 1998 4389 sum

2101 3239 2304 3310 κλῆρον
2325 3237 2461 3293 Θεοῦ
2494 3254 2512 3272 θ
2543 3239 2754 3292 τελέσει
2779 3237 2837 3292 δὲ
2865 3235 2959 3291 καὶ
2988 3236 3047 3289 ἐν
3074 3234 3287 3296 τέκνοις
3319 3229 3585 3302 Ἁϐραάμ.
3608 3228 3681 3280 Οὐ

2100 3326 2208 3399 γὰρ
2237 3326 2440 3390 πάντες
2467 3326 2516 3380 οἱ
2555 3325 2617 3391 ἐξ
2651 3323 2869 3397 Ἰσραὴλ
2893 3317 3038 3378 οὗτοι
3076 3320 3312 3394 Ἰσραὴλ,
3352 3319 3493 3374 καθά
3520 3333 3685 3388 φησιν

2098 3416 2128 3470 ὁ
2164 3414 2437 3484 πάνσοφος
2470 3412 2703 3478 Παῦλος,
2733 3413 2854 3468 οὐδέ
2883 3414 2965 3468 ὅτι
2996 3412 3103 3466 εἰσὶ
3149 3410 3375 3483 σπέρμα
3410 3408 3681 3480 ’Δϐραὰμ,

2100 3505 2303 3570 πάντες
2334 3505 2521 3572 τέκνα,
2547 3504 2685 3560 ἀλλά
2706 3505 2775 3558 τὰ
2802 3505 2969 3560 τέκνα
2996 3504 3092 3573 τῆς
3118 3501 3450 3571 ἐπαγγελίας
3475 3498 3685 3568 λογίζει

2100 3612 2193 3650 ται
2230 3596 2312 3659 είς
2339 3595 2582 3666 σπέρμα.
2610 3594 2829 3648 Δέδοται
2857 3594 2916 3648 δὲ
2944 3592 3022 3665 τῷ
3058 3591 3309 3664 Ἀϐραὰμ
3329 3592 3363 3662 ἡ
3386 3587 3688 3658 ἐπαγγελία

2102 3685 2256 3757 παρὰ
2281 3683 2440 3753 Θεοῦ,
2470 3685 2573 3740 οὐκ
2605 3684 2699 3739 ἐπὶ
2739 3684 2922 3757 μόνοις
2954 3685 3068 3749 τοῖς
3104 3679 3165 3748 ἐξ
3192 3679 3358 3735 αὐτοῦ
3388 3681 3532 3735 κατά
3560 3679 3686 3750 σάρ-

2102 3795 2195 3842 κα,
2225 3776 2361 3833 ἀλλά
2395 3777 2505 3850 γὰρ
2541 3777 2634 3833 καὶ
2671 3776 2845 3832 ἀπασι
2881 3778 2994 3842 τοῖς
3035 3775 3123 3830 διὰ
3148 3776 3249 3846 τῆς
3281 3773 3547 3836 πίστεως·
3583 3772 3689 3826 ἐδι-

2101 3869 2311 3942 καιώθη
2340 3868 2448 3941 γὰρ
2479 3869 2651 3933 οὕτως
2682 3867 2951 3941 Ἀϐραάμ.
3003 3865 3214 3921 Οὐκοῦν
3259 3868 3374 3930 τοῖς
3414 3863 3685 3933 στοιχοῦσι

2100 3962 2213 4026 τοῖς
2240 3962 2413 4033 ἴχνεσι
2440 3961 2539 4033 τῆς
2568 3959 2805 4024 πίστεως
2863 3957 3117 4028 Ἀϐραὰμ
3145 3955 3430 4027 δοθήσεται
3465 3956 3683 4016 πάντως

2101 4052 2162 4106 τδ
2180 4051 2354 4106 τελεῖν
2378 4052 2436 4106 ἐν
2460 4051 2688 4116 τέκνοις.
2713 4051 2830 4106 Οὐκ
2855 4051 3076 4122 ἀφοριεῖ
3101 4048 3390 4121 τοιγαροῦν
3411 4048 3499 4102 τὸν
3516 4065 3687 4119 προσ-

2102 4145 2300 4217 ήλυτον
2323 4145 2387 4199 ἐκ
2412 4143 2507 4199 τοῦ
2531 4143 2662 4199 λαοῦ
2708 4142 2896 4209 αὐτοῦ,
2926 4143 3020 4197 τὸν
3043 4143 3101 4197 δὲ
3133 4143 3281 4210 ἂπαξ
3324 4141 3689 4213 προστεθέντα

2104 4239 2199 4294 καὶ
2224 4236 2560 4309 κεκλημένον
2581 4238 2639 4290 ἐν
2669 4235 2851 4291 πίστει
2880 4234 3251 4308 προσδέξεται,
3273 4234 3367 4289 καὶ
3386 4233 3510 4287 λαδν
3530 4233 3688 4302 ἅγιον

2100 4330 2379 4402 όνομάσει.
2397 4329 2560 4385 Ἀλλά
2574 4327 2728 4393 εἴτις
2746 4326 2999 4399 εὐνοῦχός
3021 4328 3161 4391 ἐστι,
3180 4327 3365 4396 φησὶν,
3383 4325 3686 4389 τουτέστιν,

425 4417 624 4486 lignum
660 4416 895 4485 aridum,
926 4416 977 4472 id
1019 4426 1122 4481 est,
1155 4431 1221 4472 ue
1244 4415 1468 4474 moleste
1497 4415 1640 4472 ferat
1683 4421 1989 4479 orbitatem.

2102 4418 2270 4483 ἀπαις
2306 4418 2340 4490 ἦ
2376 4417 2591 4488 ἄγονος,
2640 4416 2714 4489 μὴ
2763 4416 2968 4485 λεγέτω
3011 4415 3136 4469 καθ’
3164 4415 3377 4479 ἑαυτὸν,
3419 4415 3501 4469 ὅτι
3546 4411 3691 4481 Ἐγώ

424 4509 574 4575 Apud
608 4509 772 4564 Deum
803 4509 946 4565 enim
980 4508 1110 4564 nihil
1148 4508 1291 4565 istud
1339 4519 1440 4574 est,
1482 4524 1582 4566 nec
1604 4525 1727 4567 eum
1764 4512 1996 4583 rejiciet.

427 4598 559 4653 Nam
619 4615 738 4668 quae
772 4602 945 4656 virtus
1016 4612 1120 4666 ρει,
1195 4601 1352 4671 cujus
1386 4604 1660 4687 .prtcclari
1739 4604 2000 4665 facinoris

2101 4512 2217 4581 είμι
2261 4509 2416 4577 ξύλον
2459 4509 2641 4581 ξηρὸν,
2689 4508 2971 4571 τουτέστι,
3022 4508 3097 4580 μὴ
3143 4507 3414 4562 λυπίσθω
3455 4506 3544 4560 διὰ
3586 4506 3692 4577 τὴν

2102 4600 2378 4656 ἀπαιδίαν.
2401 4599 2564 4653 Οὐδὲν
2599 4599 2708 4672 γάρ
2735 4598 2894 4653 τοῦτο
2921 4599 3073 4671 παρὰ
3099 4598 3239 4670 Θεῷ,
3263 4598 3387 4653 οὐτε
3418 4597 3525 4670 μὴν
3548 4598 3690 4652 ἀπόε-

424 4688 700 4756 Splendor,
740 4689 903 4757 prolis
933 4689 1255 4748 fecunditas?
1283 4691 1476 4750 Carnis
1501 4696 1645 4751 enim
1683 4711 1848 4767 opera
1871 4708 1989 4754 sunt

2103 4694 2298 4765 6λητον
2349 4693 2661 4763 ἀποφαίνει.
2705 4693 2918 4758 Ὀποῖος
2961 4693 3072 4766 γάρ
3116 4693 3316 4764 τρόπος
3360 4690 3601 4762 ἀρετῆς,
3652 4690 3687 4761 ἧ

427 4780 561 4844 haec,
590 4794 689 4835 nec
716 4780 1135 4849 reprehensione
1157 4798 1255 4839 nec
1284 4784 1439 4842 laude
1464 4788 1645 4857 digna.
1691 4787 1803 4844 Etsi
1850 4790 1989 4844 enim

2102 4786 2271 4841 ποίων
2324 4784 2765 4858 κατορθωμάτων
2826 4786 3148 4857 λαμπρότης
3171 4827 3186 4850 ,
3233 4786 3268 4856 ἡ
3316 4784 3642 4839 πολυπαιδία
3667 4825 3685 4848 ,

428 4872 698 4941 aliquibus
722 4871 1112 4930 benedictionis
1136 4874 1257 4931 loco
1303 4876 1487 4932 datum
1546 4880 1641 4944 sit,
1674 4880 1740 4933 ad
1766 4882 1867 4936 hoc
1893 4882 1989 4936 Dec

2099 4876 2310 4948 Σαρκδς
2337 4876 2474 4949 ἔργα
2494 4877 2655 4930 ταυτὶ
2683 4876 2876 4948 μώμου
2899 4895 2959 4931 τε
2985 4878 3080 4932 καὶ
3102 4878 3327 4932 ἐπαίνου
3357 4877 3596 4948 μακράν.
3618 4877 3694 4930 Et

425 4975 672 5033 vocante,
719 4974 776 5019 at
814 4965 944 5020 nihil
970 4966 1075 5021 crit
1105 4951 1208 5020 non
1264 4967 1586 5024 habentibus
1649 4970 1989 5026 incommodi.

2096 4970 2206 5041 γὰρ
2247 4968 2343 5024 καὶ
2380 4968 2589 5023 δέδοταί
2619 4985 2762 5023 τισιν
2800 4971 2860 5023 ἐν
2904 4969 3154 5037 εὐλογίας
3180 4969 3330 5034 τάξει
3364 4968 3424 5022 τδ
3467 4969 3687 5040 χρῆμα,

426 5058 564 5124 Quid
616 5059 757 5115 enim
798 5070 986 5116 contra
1024 5074 1118 5116 eos
1153 5060 1259 5115 dici
1305 5071 1482 5130 potest
1535 5062 1624 5131 qui
1674 5071 1989 5129 praemature

2096 5061 2293 5134 καιροῦ
2332 5060 2623 5123 καλοῦντος
2664 5061 2745 5123 είς
2786 5059 2963 5124 τοῦτο,
2993 5059 3109 5114 ἀλλ’
3136 5060 3235 5114 οὐκ
3278 5058 3583 5129 ἀδικήσειεν
3616 5058 3689 5111 ἂν

428 5149 625 5203 mortui
664 5160 812 5215 sunt,
847 5149 930 5204 vel
961 5159 1086 5205 ante
1137 5152 1350 5220 nuptias
1377 5162 1432 5206 et
1461 5152 1661 5206 coitum
1692 5153 1851 5206 rebus
1896 5153 1989 5207 hu-

2094 5152 2246 5209 οὐδὲν
2284 5152 2410 5216 τοὺς
2440 5151 2516 5223 μὴ
2548 5151 2813 5222 λαχόντας
2844 5151 2995 5205 αὐτό.
3014 5151 3165 5204 Ἐπεὶ
3204 5150 3355 5212 ποῖος
3384 5148 3451 5202 ἂν
3477 5148 3687 5216 γένοιτο

430 5241 603 5294 nmnis
626 5240 886 5305 defuncti,
921 5240 1122 5297 liberos
1158 5256 1264 5295 non
1304 5242 1690 5311 susceperunt?
1718 5243 1989 5309 Quomodo

2105 5245 2497 5315 καταρρήσεως
2522 5241 2725 5313 τρόπος
2753 5242 2866 5304 τοῖς
2892 5240 3152 5295 τεθνεῶσι
3185 5240 3291 5311 πρὸ
3320 5238 3488 5310 ὥρας,
3516 5237 3548 5307 ἦ
3577 5236 3684 5307 πρὸ

431 5330 592 5385 etiam
620 5330 833 5398 juvabit
878 5333 1114 5403 peccatis
1146 5333 1198 5387 in
1256 5333 1357 5388 hac
1402 5336 1506 5387 vita
1555 5332 1819 5395 addictos,
1852 5335 1989 5402 quod

2104 5335 2285 5406 γάμου
2337 5335 2431 5388 καὶ
2466 5333 2685 5404 μίξεως,
2717 5332 2826 5386 τῶν
2851 5332 2973 5387 καθ’
3002 5334 3148 5401 ἡμᾶς
3178 5330 3518 5400 πραγμάτων
3543 5329 3681 5380 ἀπο-

433 5419 722 5475 multorum
750 5422 979 5478 filiorum
996 5433 1047 5478 et
1078 5423 1305 5477 filiarum
1334 5432 1515 5493 patres
1561 5424 1851 5479 exsistant?
1890 5425 1989 5478 Ne-

2102 5427 2430 5497 δημήσασιν,
2462 5418 2543 5487 οἷς
2589 5422 2797 5476 παίδων
2828 5422 2924 5491 οὐχ
2958 5420 3166 5492 ὑπῆρξε
3208 5420 3374 5488 γονής
3409 5418 3588 5486 ὀνήσει
3619 5416 3675 5467 δὲ

432 5526 538 5582 que
566 5510 726 5577 dicat,
761 5512 1059 5585 inquit,qui
1091 5514 1289 5570 liberos
1315 5530 1417 5569 non
1464 5516 1625 5571 habet
1660 5534 1669 5569 :
1711 5516 1820 5587 Ego
1877 5531 1989 5571 sum

2101 5517 2299 5586 τρόπον
2337 5514 2455 5568 τινὰ
2504 5514 2627 5576 τούς
2675 5512 3159 5584 φιλαμαρτήμονας
3188 5512 3245 5562 ἐν
3276 5509 3404 5579 τῷδε
3444 5508 3520 5578 τῷ
3555 5507 3676 5576 βίῳ,

503 5684 550 5718 ⁷⁸
585 5683 741 5744 Joan.
780 5700 897 5751 vm,
933 5688 1017 5741 59.
1095 5689 1159 5721 7“
1184 5690 1317 5745 Gen.
1358 5706 1443 5760 xv,
1476 5692 1506 5746 5

1602 5696 1644 5725 ’⁵
1679 5694 1846 5749 Exod.
1895 5710 1980 5747 χχι

2093 5690 2167 5749 26.
2246 5690 2287 5720 ’ί
2322 5690 2441 5745 (ise.
2490 5704 2560 5756 ix,
2597 5689 2675 5744 II.
2756 5688 2923 5743 "lsa.
2962 5701 3032 5750 ιν,
3079 5685 3094 5738 l
3202 5686 3243 5713 "
3274 5683 3427 5738 Rom.
3458 5696 3533 5745 IV,
3560 5676 3680 5736 6-8.
