  <div class='ocr_page' id='page_1' title='image "/cluster/home/n/w/nwhite01/storage/ocr_20150623/70/hvd.32044073501991/628.png"; bbox 0 0 4096 6212; ppageno 0'>
   <div class='ocr_carea' id='block_1_1' title="bbox 371 261 512 316">
    <p class='ocr_par' dir='ltr' id='par_1_1' title="bbox 371 261 512 316">
     <span class='ocr_line' id='line_1_1' title="bbox 371 261 512 316; baseline 0 0"><span class='ocrx_word' id='word_1_1' title='bbox 371 261 512 316; x_wconf 68' lang='grc'><strong>1245</strong></span> 
     </span>
    </p>
   </div>
   <div class='ocr_carea' id='block_1_2' title="bbox 1506 270 2531 341">
    <p class='ocr_par' dir='ltr' id='par_1_2' title="bbox 1506 270 2531 341">
     <span class='ocr_line' id='line_1_2' title="bbox 1506 270 2531 341; baseline 0.014 -14"><span class='ocrx_word' id='word_1_2' title='bbox 1506 270 1575 327; x_wconf 79' lang='lat' dir='ltr'><strong>IN</strong></span> <span class='ocrx_word' id='word_1_3' title='bbox 1613 271 1849 330; x_wconf 77' lang='lat' dir='ltr'><strong>lSAlAM</strong></span> <span class='ocrx_word' id='word_1_4' title='bbox 1889 274 2019 330; x_wconf 82' lang='lat' dir='ltr'><strong>LIB.</strong></span> <span class='ocrx_word' id='word_1_5' title='bbox 2065 276 2131 334; x_wconf 70' lang='grc' dir='ltr'>ν.</span> <span class='ocrx_word' id='word_1_6' title='bbox 2169 278 2406 339; x_wconf 78' lang='lat' dir='ltr'><strong>TOMUS</strong></span> <span class='ocrx_word' id='word_1_7' title='bbox 2440 284 2531 341; x_wconf 86' lang='lat' dir='ltr'><strong>Ill.</strong></span> 
     </span>
    </p>
   </div>
   <div class='ocr_carea' id='block_1_3' title="bbox 3497 294 3632 353">
    <p class='ocr_par' dir='ltr' id='par_1_3' title="bbox 3497 294 3632 353">
     <span class='ocr_line' id='line_1_3' title="bbox 3497 294 3632 353; baseline 0.015 -2"><span class='ocrx_word' id='word_1_8' title='bbox 3497 294 3632 353; x_wconf 69' lang='lat' dir='ltr'><strong>l‘liﬁ</strong></span> 
     </span>
    </p>
   </div>
   <div class='ocr_carea' id='block_1_4' title="bbox 367 377 1937 477">
    <p class='ocr_par' dir='ltr' id='par_1_4' title="bbox 367 377 1937 463">
     <span class='ocr_line' id='line_1_4' title="bbox 367 377 1937 463; baseline 0.01 -30"><span class='ocrx_word' id='word_1_9' title='bbox 367 377 580 434; x_wconf 80' lang='grc' dir='ltr'>πολλῶν</span> <span class='ocrx_word' id='word_1_10' title='bbox 613 382 856 453; x_wconf 82' lang='grc' dir='ltr'><strong>πατέρας</strong></span> <span class='ocrx_word' id='word_1_11' title='bbox 889 383 1020 437; x_wconf 84' lang='grc' dir='ltr'><strong>υίῶν</strong></span> <span class='ocrx_word' id='word_1_12' title='bbox 1054 384 1149 439; x_wconf 76' lang='grc' dir='ltr'>καὶ</span> <span class='ocrx_word' id='word_1_13' title='bbox 1177 384 1526 460; x_wconf 85' lang='grc' dir='ltr'>θυγατέρων;</span> <span class='ocrx_word' id='word_1_14' title='bbox 1559 391 1713 463; x_wconf 84' lang='grc' dir='ltr'><strong>Μηδὲ</strong></span> <span class='ocrx_word' id='word_1_15' title='bbox 1738 393 1937 463; x_wconf 82' lang='grc' dir='ltr'><strong>λεγέτω</strong></span> 
     </span>
    </p>
   </div>
   <div class='ocr_carea' id='block_1_5' title="bbox 2038 377 3633 477">
    <p class='ocr_par' dir='ltr' id='par_1_5' title="bbox 2038 398 3633 477">
     <span class='ocr_line' id='line_1_5' title="bbox 2038 398 3633 477; baseline 0.006 -19"><span class='ocrx_word' id='word_1_16' title='bbox 2038 398 2236 471; x_wconf 80' lang='lat'><strong>.790</strong></span> <span class='ocrx_word' id='word_1_17' title='bbox 2260 401 2463 471; x_wconf 77' lang='lat' dir='ltr'><strong>lignum</strong></span> <span class='ocrx_word' id='word_1_18' title='bbox 2504 403 2741 459; x_wconf 86' lang='lat' dir='ltr'><strong>aridum.</strong></span> <span class='ocrx_word' id='word_1_19' title='bbox 2778 404 2919 462; x_wconf 84' lang='lat' dir='ltr'><strong>Nihil</strong></span> <span class='ocrx_word' id='word_1_20' title='bbox 2948 414 3127 463; x_wconf 90' lang='lat' dir='ltr'><strong>autem</strong></span> <span class='ocrx_word' id='word_1_21' title='bbox 3163 416 3343 477; x_wconf 93' lang='lat' dir='ltr'><strong>nocet,</strong></span> <span class='ocrx_word' id='word_1_22' title='bbox 3375 410 3481 467; x_wconf 91' lang='lat' dir='ltr'><strong>imo</strong></span> <span class='ocrx_word' id='word_1_23' title='bbox 3506 424 3633 467; x_wconf 85' lang='lat' dir='ltr'><strong>vero</strong></span> 
     </span>
    </p>
   </div>
   <div class='ocr_carea' id='block_1_6' title="bbox 367 470 1948 557">
    <p class='ocr_par' dir='ltr' id='par_1_6' title="bbox 367 470 1948 557">
     <span class='ocr_line' id='line_1_6' title="bbox 367 470 1948 557; baseline 0.012 -34"><span class='ocrx_word' id='word_1_24' title='bbox 367 472 554 541; x_wconf 73' lang='grc' dir='ltr'>φησὶν,</span> <span class='ocrx_word' id='word_1_25' title='bbox 577 470 608 523; x_wconf 83' lang='grc' dir='ltr'><strong>δ</strong></span> <span class='ocrx_word' id='word_1_26' title='bbox 637 473 831 537; x_wconf 84' lang='grc' dir='ltr'>παῖδας</span> <span class='ocrx_word' id='word_1_27' title='bbox 854 474 954 529; x_wconf 91' lang='grc' dir='ltr'><strong>οὐκ</strong></span> <span class='ocrx_word' id='word_1_28' title='bbox 978 474 1237 547; x_wconf 77' lang='grc' dir='ltr'>ἔχων,ὄτι</span> <span class='ocrx_word' id='word_1_29' title='bbox 1262 477 1405 548; x_wconf 85' lang='grc' dir='ltr'><strong>Ἐγὼ</strong></span> <span class='ocrx_word' id='word_1_30' title='bbox 1434 481 1549 552; x_wconf 91' lang='grc' dir='ltr'>είμι</span> <span class='ocrx_word' id='word_1_31' title='bbox 1580 481 1736 548; x_wconf 80' lang='grc' dir='ltr'>ξύλον</span> <span class='ocrx_word' id='word_1_32' title='bbox 1765 485 1948 557; x_wconf 84' lang='grc' dir='ltr'>ξηρόν.</span> 
     </span>
    </p>
   </div>
   <div class='ocr_carea' id='block_1_7' title="bbox 367 562 1950 647">
    <p class='ocr_par' dir='ltr' id='par_1_7' title="bbox 367 562 1950 647">
     <span class='ocr_line' id='line_1_7' title="bbox 367 562 1950 647; baseline 0.009 -29"><span class='ocrx_word' id='word_1_33' title='bbox 367 565 546 618; x_wconf 84' lang='grc' dir='ltr'>Λυπεῖ</span> <span class='ocrx_word' id='word_1_34' title='bbox 579 562 637 618; x_wconf 84' lang='grc' dir='ltr'>δὲ</span> <span class='ocrx_word' id='word_1_35' title='bbox 662 564 835 630; x_wconf 82' lang='grc' dir='ltr'>οὐδὲν,</span> <span class='ocrx_word' id='word_1_36' title='bbox 870 566 1071 636; x_wconf 81' lang='grc' dir='ltr'>μᾶλλον</span> <span class='ocrx_word' id='word_1_37' title='bbox 1097 568 1154 622; x_wconf 84' lang='grc' dir='ltr'>δὲ</span> <span class='ocrx_word' id='word_1_38' title='bbox 1175 571 1470 639; x_wconf 81' lang='grc' dir='ltr'>ἀναγκαῖον</span> <span class='ocrx_word' id='word_1_39' title='bbox 1495 567 1634 627; x_wconf 77' lang='grc' dir='ltr'>εἷναί</span> <span class='ocrx_word' id='word_1_40' title='bbox 1667 592 1812 647; x_wconf 81' lang='grc' dir='ltr'>φημι</span> <span class='ocrx_word' id='word_1_41' title='bbox 1832 576 1950 632; x_wconf 81' lang='grc' dir='ltr'>δια-</span> 
     </span>
    </p>
   </div>
   <div class='ocr_carea' id='block_1_8' title="bbox 369 655 1951 735">
    <p class='ocr_par' dir='ltr' id='par_1_8' title="bbox 369 655 1951 735">
     <span class='ocr_line' id='line_1_8' title="bbox 369 655 1951 735; baseline 0.012 -29"><span class='ocrx_word' id='word_1_42' title='bbox 369 655 742 726; x_wconf 77' lang='grc' dir='ltr'><strong>μνημονεῦσαι</strong></span> <span class='ocrx_word' id='word_1_43' title='bbox 775 659 869 712; x_wconf 77' lang='grc' dir='ltr'>καὶ</span> <span class='ocrx_word' id='word_1_44' title='bbox 898 658 994 713; x_wconf 90' lang='grc' dir='ltr'><strong>νῦν</strong></span> <span class='ocrx_word' id='word_1_45' title='bbox 1020 660 1131 715; x_wconf 85' lang='grc' dir='ltr'><strong>τῶν</strong></span> <span class='ocrx_word' id='word_1_46' title='bbox 1161 662 1588 735; x_wconf 83' lang='grc' dir='ltr'>εὐνουχισάντων</span> <span class='ocrx_word' id='word_1_47' title='bbox 1616 668 1843 734; x_wconf 79' lang='grc' dir='ltr'>ἑαυτοὺς</span> <span class='ocrx_word' id='word_1_48' title='bbox 1862 670 1951 725; x_wconf 90' lang='grc' dir='ltr'><strong>διά</strong></span> 
     </span>
    </p>
   </div>
   <div class='ocr_carea' id='block_1_9' title="bbox 362 746 1950 834">
    <p class='ocr_par' dir='ltr' id='par_1_9' title="bbox 362 746 1950 834">
     <span class='ocr_line' id='line_1_9' title="bbox 362 746 1950 834; baseline 0.012 -36"><span class='ocrx_word' id='word_1_49' title='bbox 362 746 464 816; x_wconf 80' lang='grc' dir='ltr'>τὴν</span> <span class='ocrx_word' id='word_1_50' title='bbox 497 746 773 834; x_wconf 76' lang='grc' dir='ltr'>βασιλείαν</span> <span class='ocrx_word' id='word_1_51' title='bbox 816 750 926 805; x_wconf 84' lang='grc' dir='ltr'><strong>τῶν</strong></span> <span class='ocrx_word' id='word_1_52' title='bbox 972 751 1234 824; x_wconf 85' lang='grc' dir='ltr'>οὐρανῶν,</span> <span class='ocrx_word' id='word_1_53' title='bbox 1266 756 1408 811; x_wconf 91' lang='grc' dir='ltr'><strong>κατά</strong></span> <span class='ocrx_word' id='word_1_54' title='bbox 1434 758 1535 829; x_wconf 84' lang='grc' dir='ltr'>τὴν</span> <span class='ocrx_word' id='word_1_55' title='bbox 1563 759 1657 814; x_wconf 91' lang='grc' dir='ltr'><strong>τοῦ</strong></span> <span class='ocrx_word' id='word_1_56' title='bbox 1695 762 1950 834; x_wconf 84' lang='grc' dir='ltr'><strong>Σωτῆρος</strong></span> 
     </span>
    </p>
   </div>
   <div class='ocr_carea' id='block_1_10' title="bbox 363 832 1949 921">
    <p class='ocr_par' dir='ltr' id='par_1_10' title="bbox 363 832 1949 921">
     <span class='ocr_line' id='line_1_10' title="bbox 363 832 1949 921; baseline 0.014 -33"><span class='ocrx_word' id='word_1_57' title='bbox 363 837 565 909; x_wconf 76' lang='grc' dir='ltr'>φωνὴν,</span> <span class='ocrx_word' id='word_1_58' title='bbox 592 832 673 902; x_wconf 72' lang='grc' dir='ltr'>οἷς</span> <span class='ocrx_word' id='word_1_59' title='bbox 699 838 766 895; x_wconf 84' lang='grc' dir='ltr'>ἂν</span> <span class='ocrx_word' id='word_1_60' title='bbox 793 841 1126 913; x_wconf 82' lang='grc' dir='ltr'>ὲφαρμόσειέ</span> <span class='ocrx_word' id='word_1_61' title='bbox 1153 862 1256 911; x_wconf 89' lang='grc' dir='ltr'>τις,</span> <span class='ocrx_word' id='word_1_62' title='bbox 1293 848 1389 902; x_wconf 78' lang='grc' dir='ltr'>καὶ</span> <span class='ocrx_word' id='word_1_63' title='bbox 1414 849 1560 920; x_wconf 89' lang='grc' dir='ltr'>μάλα</span> <span class='ocrx_word' id='word_1_64' title='bbox 1576 852 1824 921; x_wconf 87' lang='grc' dir='ltr'>είκότως,</span> <span class='ocrx_word' id='word_1_65' title='bbox 1854 832 1949 911; x_wconf 80' lang='grc' dir='ltr'>τὸν</span> 
     </span>
    </p>
   </div>
   <div class='ocr_carea' id='block_1_11' title="bbox 361 926 1944 1015">
    <p class='ocr_par' dir='ltr' id='par_1_11' title="bbox 361 926 1944 1015">
     <span class='ocr_line' id='line_1_11' title="bbox 361 926 1944 1015; baseline 0.013 -36"><span class='ocrx_word' id='word_1_66' title='bbox 361 926 420 980; x_wconf 82' lang='grc' dir='ltr'>ἔν</span> <span class='ocrx_word' id='word_1_67' title='bbox 456 944 520 996; x_wconf 89' lang='grc' dir='ltr'><strong>γε</strong></span> <span class='ocrx_word' id='word_1_68' title='bbox 554 928 768 994; x_wconf 83' lang='grc' dir='ltr'>τούτοις</span> <span class='ocrx_word' id='word_1_69' title='bbox 812 934 966 1005; x_wconf 84' lang='grc' dir='ltr'><strong>παρά</strong></span> <span class='ocrx_word' id='word_1_70' title='bbox 1008 933 1144 989; x_wconf 84' lang='grc' dir='ltr'>Θεοῦ</span> <span class='ocrx_word' id='word_1_71' title='bbox 1187 935 1366 1007; x_wconf 91' lang='grc' dir='ltr'>λόγον.</span> <span class='ocrx_word' id='word_1_72' title='bbox 1397 940 1566 996; x_wconf 88' lang='grc' dir='ltr'>Δώσω</span> <span class='ocrx_word' id='word_1_73' title='bbox 1596 942 1705 1015; x_wconf 84' lang='grc' dir='ltr'><strong>γὰρ</strong></span> <span class='ocrx_word' id='word_1_74' title='bbox 1739 946 1944 1012; x_wconf 80' lang='grc' dir='ltr'>αὐτοῖς,</span> 
     </span>
    </p>
   </div>
   <div class='ocr_carea' id='block_1_12' title="bbox 361 1019 1947 1104">
    <p class='ocr_par' dir='ltr' id='par_1_12' title="bbox 361 1019 1947 1104">
     <span class='ocr_line' id='line_1_12' title="bbox 361 1019 1947 1104; baseline 0.012 -34"><span class='ocrx_word' id='word_1_75' title='bbox 361 1019 547 1087; x_wconf 79' lang='grc' dir='ltr'>φησὶν,</span> <span class='ocrx_word' id='word_1_76' title='bbox 588 1021 647 1099; x_wconf 77' lang='grc' dir='ltr'>ἐν</span> <span class='ocrx_word' id='word_1_77' title='bbox 672 1021 749 1092; x_wconf 85' lang='grc' dir='ltr'><strong>τῷ</strong></span> <span class='ocrx_word' id='word_1_78' title='bbox 775 1022 908 1094; x_wconf 85' lang='grc' dir='ltr'>οῖκῳ</span> <span class='ocrx_word' id='word_1_79' title='bbox 937 1042 1064 1095; x_wconf 74' lang='grc' dir='ltr'>μου,</span> <span class='ocrx_word' id='word_1_80' title='bbox 1093 1027 1189 1080; x_wconf 76' lang='grc' dir='ltr'><strong>καὶ</strong></span> <span class='ocrx_word' id='word_1_81' title='bbox 1231 1030 1289 1081; x_wconf 88' lang='grc' dir='ltr'><strong>έν</strong></span> <span class='ocrx_word' id='word_1_82' title='bbox 1328 1028 1410 1100; x_wconf 86' lang='grc' dir='ltr'><strong>τῷ</strong></span> <span class='ocrx_word' id='word_1_83' title='bbox 1438 1031 1606 1101; x_wconf 87' lang='grc' dir='ltr'>τείχει</span> <span class='ocrx_word' id='word_1_84' title='bbox 1640 1050 1742 1104; x_wconf 88' lang='grc' dir='ltr'><strong>μου</strong></span> <span class='ocrx_word' id='word_1_85' title='bbox 1779 1034 1947 1089; x_wconf 90' lang='grc' dir='ltr'>τόπον</span> 
     </span>
    </p>
   </div>
   <div class='ocr_carea' id='block_1_13' title="bbox 357 1108 1945 1199">
    <p class='ocr_par' dir='ltr' id='par_1_13' title="bbox 357 1108 1945 1199">
     <span class='ocr_line' id='line_1_13' title="bbox 357 1108 1945 1199; baseline 0.013 -37"><span class='ocrx_word' id='word_1_86' title='bbox 357 1111 673 1182; x_wconf 84' lang='grc' dir='ltr'>ὀνομαστόν.</span> <span class='ocrx_word' id='word_1_87' title='bbox 705 1108 868 1168; x_wconf 81' lang='grc' dir='ltr'>Οἶκον</span> <span class='ocrx_word' id='word_1_88' title='bbox 891 1116 957 1182; x_wconf 28' lang='grc' dir='ltr'>δὲ,</span> <span class='ocrx_word' id='word_1_89' title='bbox 990 1118 1086 1172; x_wconf 78' lang='grc' dir='ltr'>καὶ</span> <span class='ocrx_word' id='word_1_90' title='bbox 1125 1121 1324 1190; x_wconf 89' lang='grc' dir='ltr'>τεῖχος,</span> <span class='ocrx_word' id='word_1_91' title='bbox 1357 1123 1477 1192; x_wconf 76' lang='grc' dir='ltr'>ἦτοι</span> <span class='ocrx_word' id='word_1_92' title='bbox 1521 1123 1617 1179; x_wconf 75' lang='grc' dir='ltr'><strong>τὸν</strong></span> <span class='ocrx_word' id='word_1_93' title='bbox 1659 1125 1945 1199; x_wconf 87' lang='grc' dir='ltr'>περίϐολον</span> 
     </span>
    </p>
   </div>
   <div class='ocr_carea' id='block_1_14' title="bbox 358 1202 1944 1292">
    <p class='ocr_par' dir='ltr' id='par_1_14' title="bbox 358 1202 1944 1292">
     <span class='ocr_line' id='line_1_14' title="bbox 358 1202 1944 1292; baseline 0.014 -38"><span class='ocrx_word' id='word_1_94' title='bbox 358 1202 454 1255; x_wconf 75' lang='grc' dir='ltr'>καὶ</span> <span class='ocrx_word' id='word_1_95' title='bbox 494 1203 793 1273; x_wconf 82' lang='grc' dir='ltr'>ἀσφάλειαν</span> <span class='ocrx_word' id='word_1_96' title='bbox 821 1207 1116 1266; x_wconf 83' lang='grc' dir='ltr'>ἀποκαλεῖν</span> <span class='ocrx_word' id='word_1_97' title='bbox 1153 1209 1297 1266; x_wconf 76' lang='grc' dir='ltr'>ἔοικε</span> <span class='ocrx_word' id='word_1_98' title='bbox 1322 1213 1421 1282; x_wconf 80' lang='grc' dir='ltr'>τὴν</span> <span class='ocrx_word' id='word_1_99' title='bbox 1464 1214 1811 1288; x_wconf 79' lang='grc' dir='ltr'>Ἐκκλησίαν,</span> <span class='ocrx_word' id='word_1_100' title='bbox 1843 1219 1944 1292; x_wconf 77' lang='grc' dir='ltr'>τὴν</span> 
     </span>
    </p>
   </div>
   <div class='ocr_carea' id='block_1_15' title="bbox 356 1292 1938 1381">
    <p class='ocr_par' dir='ltr' id='par_1_15' title="bbox 356 1292 1938 1381">
     <span class='ocr_line' id='line_1_15' title="bbox 356 1292 1938 1381; baseline 0.013 -36"><span class='ocrx_word' id='word_1_101' title='bbox 356 1292 470 1347; x_wconf 82' lang='grc' dir='ltr'><strong>ἀνω</strong></span> <span class='ocrx_word' id='word_1_102' title='bbox 502 1310 606 1348; x_wconf 86' lang='grc' dir='ltr'><strong>που</strong></span> <span class='ocrx_word' id='word_1_103' title='bbox 651 1296 794 1366; x_wconf 85' lang='grc' dir='ltr'>τάχα</span> <span class='ocrx_word' id='word_1_104' title='bbox 836 1299 931 1353; x_wconf 79' lang='grc' dir='ltr'>καὶ</span> <span class='ocrx_word' id='word_1_105' title='bbox 974 1299 1034 1354; x_wconf 83' lang='grc' dir='ltr'>ὲν</span> <span class='ocrx_word' id='word_1_106' title='bbox 1063 1301 1334 1373; x_wconf 77' lang='grc' dir='ltr'>οὐρανοῖς,</span> <span class='ocrx_word' id='word_1_107' title='bbox 1365 1304 1534 1374; x_wconf 71' lang='grc' dir='ltr'>ἤγουν</span> <span class='ocrx_word' id='word_1_108' title='bbox 1559 1304 1659 1379; x_wconf 83' lang='grc' dir='ltr'>τὴν</span> <span class='ocrx_word' id='word_1_109' title='bbox 1690 1308 1785 1362; x_wconf 77' lang='grc' dir='ltr'><strong>ἐπὶ</strong></span> <span class='ocrx_word' id='word_1_110' title='bbox 1816 1311 1938 1381; x_wconf 86' lang='grc' dir='ltr'>γῆς,</span> 
     </span>
    </p>
   </div>
   <div class='ocr_carea' id='block_1_16' title="bbox 356 1385 1941 1473">
    <p class='ocr_par' dir='ltr' id='par_1_16' title="bbox 356 1385 1941 1473">
     <span class='ocr_line' id='line_1_16' title="bbox 356 1385 1941 1473; baseline 0.013 -38"><span class='ocrx_word' id='word_1_111' title='bbox 356 1385 437 1448; x_wconf 87' lang='grc' dir='ltr'><strong>είς</strong></span> <span class='ocrx_word' id='word_1_112' title='bbox 489 1385 555 1455; x_wconf 75' lang='grc' dir='ltr'>ἣν</span> <span class='ocrx_word' id='word_1_113' title='bbox 585 1385 981 1458; x_wconf 86' lang='grc' dir='ltr'>διαπρέπουσιν</span> <span class='ocrx_word' id='word_1_114' title='bbox 1022 1390 1217 1464; x_wconf 83' lang='grc' dir='ltr'>ἀνδρες</span> <span class='ocrx_word' id='word_1_115' title='bbox 1265 1393 1461 1468; x_wconf 81' lang='grc' dir='ltr'>ἁγνείᾳ</span> <span class='ocrx_word' id='word_1_116' title='bbox 1510 1396 1606 1450; x_wconf 78' lang='grc' dir='ltr'>καὶ</span> <span class='ocrx_word' id='word_1_117' title='bbox 1652 1400 1941 1473; x_wconf 83' lang='grc' dir='ltr'>σεμνότητι</span> 
     </span>
    </p>
   </div>
   <div class='ocr_carea' id='block_1_17' title="bbox 280 1474 1940 1561">
    <p class='ocr_par' dir='ltr' id='par_1_17' title="bbox 280 1474 1940 1561">
     <span class='ocr_line' id='line_1_17' title="bbox 280 1474 1940 1561; baseline 0.014 -34"><span class='ocrx_word' id='word_1_118' title='bbox 280 1480 285 1485; x_wconf 79' lang='grc'><em>’</em></span> <span class='ocrx_word' id='word_1_119' title='bbox 358 1474 665 1547; x_wconf 82' lang='grc' dir='ltr'>σύντροφοι,</span> <span class='ocrx_word' id='word_1_120' title='bbox 711 1479 808 1533; x_wconf 74' lang='grc' dir='ltr'>καὶ</span> <span class='ocrx_word' id='word_1_121' title='bbox 851 1481 914 1535; x_wconf 80' lang='grc' dir='ltr'>τὸ</span> <span class='ocrx_word' id='word_1_122' title='bbox 939 1483 1041 1555; x_wconf 81' lang='grc' dir='ltr'>τῆς</span> <span class='ocrx_word' id='word_1_123' title='bbox 1070 1485 1392 1556; x_wconf 79' lang='grc' dir='ltr'>ἐγκρατείας</span> <span class='ocrx_word' id='word_1_124' title='bbox 1425 1488 1781 1561; x_wconf 83' lang='grc' dir='ltr'>ἀναδούμενοι</span> <span class='ocrx_word' id='word_1_125' title='bbox 1807 1494 1940 1549; x_wconf 90' lang='grc' dir='ltr'>καύ-</span> 
     </span>
    </p>
   </div>
   <div class='ocr_carea' id='block_1_18' title="bbox 355 1572 1939 1656">
    <p class='ocr_par' dir='ltr' id='par_1_18' title="bbox 355 1572 1939 1656">
     <span class='ocr_line' id='line_1_18' title="bbox 355 1572 1939 1656; baseline 0.013 -35"><span class='ocrx_word' id='word_1_126' title='bbox 355 1586 422 1639; x_wconf 88' lang='grc' dir='ltr'><strong>χη</strong></span> <span class='ocrx_word' id='word_1_127' title='bbox 432 1587 526 1639; x_wconf 89' lang='grc' dir='ltr'><strong>μα,</strong></span> <span class='ocrx_word' id='word_1_128' title='bbox 549 1572 644 1624; x_wconf 75' lang='grc' dir='ltr'><strong>καὶ</strong></span> <span class='ocrx_word' id='word_1_129' title='bbox 668 1572 1029 1640; x_wconf 83' lang='grc' dir='ltr'>πολυπαιδίας</span> <span class='ocrx_word' id='word_1_130' title='bbox 1048 1577 1331 1649; x_wconf 89' lang='grc' dir='ltr'>κρείττονα</span> <span class='ocrx_word' id='word_1_131' title='bbox 1357 1580 1456 1651; x_wconf 84' lang='grc' dir='ltr'>τὴν</span> <span class='ocrx_word' id='word_1_132' title='bbox 1476 1581 1569 1635; x_wconf 77' lang='grc' dir='ltr'><strong>ἐπὶ</strong></span> <span class='ocrx_word' id='word_1_133' title='bbox 1588 1583 1762 1656; x_wconf 83' lang='grc' dir='ltr'>τούτῳ</span> <span class='ocrx_word' id='word_1_134' title='bbox 1781 1585 1939 1653; x_wconf 76' lang='grc' dir='ltr'>δόξαν</span> 
     </span>
    </p>
   </div>
   <div class='ocr_carea' id='block_1_19' title="bbox 2055 494 3631 562">
    <p class='ocr_par' dir='ltr' id='par_1_19' title="bbox 2055 494 3631 562">
     <span class='ocr_line' id='line_1_19' title="bbox 2055 494 3631 562; baseline 0.006 -16"><span class='ocrx_word' id='word_1_135' title='bbox 2055 505 2282 549; x_wconf 83' lang='lat' dir='ltr'><strong>necesse</strong></span> <span class='ocrx_word' id='word_1_136' title='bbox 2301 509 2422 552; x_wconf 88' lang='lat' dir='ltr'><strong>esse</strong></span> <span class='ocrx_word' id='word_1_137' title='bbox 2452 494 2597 562; x_wconf 88' lang='lat' dir='ltr'><strong>dico,</strong></span> <span class='ocrx_word' id='word_1_138' title='bbox 2629 505 2691 552; x_wconf 76' lang='lat' dir='ltr'><strong>ut</strong></span> <span class='ocrx_word' id='word_1_139' title='bbox 2716 498 3044 555; x_wconf 79' lang='lat' dir='ltr'><strong>mentionem</strong></span> <span class='ocrx_word' id='word_1_140' title='bbox 3084 499 3346 555; x_wconf 81' lang='lat' dir='ltr'><strong>faciamus</strong></span> <span class='ocrx_word' id='word_1_141' title='bbox 3375 515 3516 556; x_wconf 91' lang='lat' dir='ltr'><strong>nunc</strong></span> <span class='ocrx_word' id='word_1_142' title='bbox 3539 515 3631 556; x_wconf 88' lang='lat' dir='ltr'><strong>eo-</strong></span> 
     </span>
    </p>
   </div>
   <div class='ocr_carea' id='block_1_20' title="bbox 2052 584 3629 659">
    <p class='ocr_par' dir='ltr' id='par_1_20' title="bbox 2052 584 3629 659">
     <span class='ocr_line' id='line_1_20' title="bbox 2052 584 3629 659; baseline 0.005 -20"><span class='ocrx_word' id='word_1_143' title='bbox 2052 599 2172 639; x_wconf 85' lang='lat' dir='ltr'><strong>rum</strong></span> <span class='ocrx_word' id='word_1_144' title='bbox 2207 584 2298 655; x_wconf 87' lang='lat' dir='ltr'><strong>qui</strong></span> <span class='ocrx_word' id='word_1_145' title='bbox 2328 599 2388 641; x_wconf 84' lang='lat' dir='ltr'><strong>se</strong></span> <span class='ocrx_word' id='word_1_146' title='bbox 2414 594 2635 658; x_wconf 89' lang='lat' dir='ltr'><strong>propter</strong></span> <span class='ocrx_word' id='word_1_147' title='bbox 2664 602 2887 659; x_wconf 90' lang='lat' dir='ltr'><strong>regnum</strong></span> <span class='ocrx_word' id='word_1_148' title='bbox 2921 589 3182 646; x_wconf 73' lang='lat' dir='ltr'><strong>ctelorum</strong></span> <span class='ocrx_word' id='word_1_149' title='bbox 3207 591 3482 647; x_wconf 81' lang='lat' dir='ltr'><strong>eunuchos</strong></span> <span class='ocrx_word' id='word_1_150' title='bbox 3505 594 3629 647; x_wconf 85' lang='lat' dir='ltr'><strong>red-</strong></span> 
     </span>
    </p>
   </div>
   <div class='ocr_carea' id='block_1_21' title="bbox 2050 675 3630 752">
    <p class='ocr_par' dir='ltr' id='par_1_21' title="bbox 2050 675 3630 752">
     <span class='ocr_line' id='line_1_21' title="bbox 2050 675 3630 752; baseline 0.006 -20"><span class='ocrx_word' id='word_1_151' title='bbox 2050 675 2307 732; x_wconf 89' lang='lat' dir='ltr'><strong>diderunt</strong></span> <span class='ocrx_word' id='word_1_152' title='bbox 2333 677 2402 744; x_wconf 83' lang='lat'><strong>&quot;,</strong></span> <span class='ocrx_word' id='word_1_153' title='bbox 2429 679 2583 748; x_wconf 77' lang='lat' dir='ltr'><strong>Juxta</strong></span> <span class='ocrx_word' id='word_1_154' title='bbox 2608 693 2796 736; x_wconf 86' lang='lat' dir='ltr'><strong>vocem</strong></span> <span class='ocrx_word' id='word_1_155' title='bbox 2833 681 3141 738; x_wconf 88' lang='lat' dir='ltr'><strong>Servatoris</strong></span> <span class='ocrx_word' id='word_1_156' title='bbox 3169 699 3183 736; x_wconf 93' lang='lat'><strong>:</strong></span> <span class='ocrx_word' id='word_1_157' title='bbox 3207 683 3404 752; x_wconf 83' lang='lat' dir='ltr'><strong>quibus</strong></span> <span class='ocrx_word' id='word_1_158' title='bbox 3454 686 3630 741; x_wconf 86' lang='lat' dir='ltr'><strong>oratio</strong></span> 
     </span>
    </p>
   </div>
   <div class='ocr_carea' id='block_1_22' title="bbox 2051 767 3627 843">
    <p class='ocr_par' dir='ltr' id='par_1_22' title="bbox 2051 767 3627 843">
     <span class='ocr_line' id='line_1_22' title="bbox 2051 767 3627 843; baseline 0.006 -22"><span class='ocrx_word' id='word_1_159' title='bbox 2051 782 2081 821; x_wconf 91' lang='lat' dir='ltr'><strong>a</strong></span> <span class='ocrx_word' id='word_1_160' title='bbox 2098 767 2206 823; x_wconf 91' lang='lat' dir='ltr'><strong>Deo</strong></span> <span class='ocrx_word' id='word_1_161' title='bbox 2225 769 2327 825; x_wconf 90' lang='lat' dir='ltr'><strong>hoc</strong></span> <span class='ocrx_word' id='word_1_162' title='bbox 2342 768 2460 825; x_wconf 93' lang='lat' dir='ltr'><strong>loco</strong></span> <span class='ocrx_word' id='word_1_163' title='bbox 2476 770 2661 825; x_wconf 88' lang='lat' dir='ltr'><strong>habita</strong></span> <span class='ocrx_word' id='word_1_164' title='bbox 2682 785 2788 827; x_wconf 91' lang='lat' dir='ltr'><strong>non</strong></span> <span class='ocrx_word' id='word_1_165' title='bbox 2804 771 2904 829; x_wconf 87' lang='lat' dir='ltr'><strong>abs</strong></span> <span class='ocrx_word' id='word_1_166' title='bbox 2931 787 2991 829; x_wconf 91' lang='lat' dir='ltr'><strong>re</strong></span> <span class='ocrx_word' id='word_1_167' title='bbox 3011 774 3358 843; x_wconf 80' lang='lat' dir='ltr'><strong>accommoda</strong></span> <span class='ocrx_word' id='word_1_168' title='bbox 3370 773 3408 827; x_wconf 89' lang='lat' dir='ltr'><strong>ri</strong></span> <span class='ocrx_word' id='word_1_169' title='bbox 3428 784 3627 843; x_wconf 85' lang='lat' dir='ltr'><strong>potest.</strong></span> 
     </span>
    </p>
   </div>
   <div class='ocr_carea' id='block_1_23' title="bbox 2048 858 3628 931">
    <p class='ocr_par' dir='ltr' id='par_1_23' title="bbox 2048 858 3628 931">
     <span class='ocr_line' id='line_1_23' title="bbox 2048 858 3628 931; baseline 0.004 -19"><span class='ocrx_word' id='word_1_170' title='bbox 2048 858 2199 914; x_wconf 93' lang='lat' dir='ltr'><strong>Dabo</strong></span> <span class='ocrx_word' id='word_1_171' title='bbox 2224 860 2369 914; x_wconf 91' lang='lat' dir='ltr'><strong>enim</strong></span> <span class='ocrx_word' id='word_1_172' title='bbox 2400 859 2528 927; x_wconf 92' lang='lat' dir='ltr'><strong>illis,</strong></span> <span class='ocrx_word' id='word_1_173' title='bbox 2564 861 2761 931; x_wconf 91' lang='lat' dir='ltr'><strong>inquit,</strong></span> <span class='ocrx_word' id='word_1_174' title='bbox 2797 862 2851 917; x_wconf 93' lang='lat' dir='ltr'><strong>in</strong></span> <span class='ocrx_word' id='word_1_175' title='bbox 2878 862 3036 923; x_wconf 87' lang='lat' dir='ltr'><strong>domo</strong></span> <span class='ocrx_word' id='word_1_176' title='bbox 3071 878 3191 918; x_wconf 88' lang='lat' dir='ltr'><strong>mea</strong></span> <span class='ocrx_word' id='word_1_177' title='bbox 3256 872 3307 918; x_wconf 90' lang='lat' dir='ltr'><strong>et</strong></span> <span class='ocrx_word' id='word_1_178' title='bbox 3335 863 3476 919; x_wconf 91' lang='lat' dir='ltr'><strong>intra</strong></span> <span class='ocrx_word' id='word_1_179' title='bbox 3513 881 3628 919; x_wconf 88' lang='lat' dir='ltr'><strong>mu-</strong></span> 
     </span>
    </p>
   </div>
   <div class='ocr_carea' id='block_1_24' title="bbox 2048 950 3624 1020">
    <p class='ocr_par' dir='ltr' id='par_1_24' title="bbox 2048 950 3624 1020">
     <span class='ocr_line' id='line_1_24' title="bbox 2048 950 3624 1020; baseline 0.004 -17"><span class='ocrx_word' id='word_1_180' title='bbox 2048 964 2167 1004; x_wconf 91' lang='lat' dir='ltr'><strong>rum</strong></span> <span class='ocrx_word' id='word_1_181' title='bbox 2218 964 2394 1006; x_wconf 90' lang='lat' dir='ltr'><strong>meum</strong></span> <span class='ocrx_word' id='word_1_182' title='bbox 2445 950 2622 1009; x_wconf 89' lang='lat' dir='ltr'><strong>locum</strong></span> <span class='ocrx_word' id='word_1_183' title='bbox 2671 952 2962 1009; x_wconf 78' lang='lat' dir='ltr'><strong>celebrem.</strong></span> <span class='ocrx_word' id='word_1_184' title='bbox 3012 955 3237 1009; x_wconf 90' lang='lat' dir='ltr'><strong>Domum</strong></span> <span class='ocrx_word' id='word_1_185' title='bbox 3284 964 3339 1011; x_wconf 91' lang='lat' dir='ltr'><strong>et</strong></span> <span class='ocrx_word' id='word_1_186' title='bbox 3390 971 3624 1020; x_wconf 90' lang='lat' dir='ltr'><strong>murum,</strong></span> 
     </span>
    </p>
   </div>
   <div class='ocr_carea' id='block_1_25' title="bbox 2045 1040 3628 1116">
    <p class='ocr_par' dir='ltr' id='par_1_25' title="bbox 2045 1040 3628 1116">
     <span class='ocr_line' id='line_1_25' title="bbox 2045 1040 3628 1116; baseline 0.004 -22"><span class='ocrx_word' id='word_1_187' title='bbox 2045 1040 2131 1094; x_wconf 86' lang='lat' dir='ltr'><strong>vel</strong></span> <span class='ocrx_word' id='word_1_188' title='bbox 2191 1041 2538 1098; x_wconf 87' lang='lat' dir='ltr'><strong>munitionem</strong></span> <span class='ocrx_word' id='word_1_189' title='bbox 2581 1051 2638 1098; x_wconf 91' lang='lat' dir='ltr'><strong>et</strong></span> <span class='ocrx_word' id='word_1_190' title='bbox 2679 1045 3051 1112; x_wconf 82' lang='lat' dir='ltr'><strong>securitatem,</strong></span> <span class='ocrx_word' id='word_1_191' title='bbox 3094 1044 3366 1116; x_wconf 84' lang='lat' dir='ltr'><strong>appellare</strong></span> <span class='ocrx_word' id='word_1_192' title='bbox 3415 1045 3628 1100; x_wconf 86' lang='lat' dir='ltr'><strong>videtur</strong></span> 
     </span>
    </p>
   </div>
   <div class='ocr_carea' id='block_1_26' title="bbox 2044 1131 3625 1206">
    <p class='ocr_par' dir='ltr' id='par_1_26' title="bbox 2044 1131 3625 1206">
     <span class='ocr_line' id='line_1_26' title="bbox 2044 1131 3625 1206; baseline 0.003 -20"><span class='ocrx_word' id='word_1_193' title='bbox 2044 1131 2361 1199; x_wconf 82' lang='lat' dir='ltr'><strong>Ecelesiam,</strong></span> <span class='ocrx_word' id='word_1_194' title='bbox 2387 1147 2637 1204; x_wconf 87' lang='lat' dir='ltr'><strong>superam</strong></span> <span class='ocrx_word' id='word_1_195' title='bbox 2672 1143 2727 1191; x_wconf 90' lang='lat' dir='ltr'><strong>et</strong></span> <span class='ocrx_word' id='word_1_196' title='bbox 2765 1136 3061 1204; x_wconf 65' lang='lat' dir='ltr'><strong>caelestem,</strong></span> <span class='ocrx_word' id='word_1_197' title='bbox 3093 1136 3177 1193; x_wconf 92' lang='lat' dir='ltr'><strong>vel</strong></span> <span class='ocrx_word' id='word_1_198' title='bbox 3223 1136 3360 1192; x_wconf 88' lang='lat' dir='ltr'><strong>hanc</strong></span> <span class='ocrx_word' id='word_1_199' title='bbox 3406 1152 3525 1206; x_wconf 70' lang='lat' dir='ltr'><strong>qua:</strong></span> <span class='ocrx_word' id='word_1_200' title='bbox 3572 1137 3625 1191; x_wconf 86' lang='lat' dir='ltr'><strong>iu</strong></span> 
     </span>
    </p>
   </div>
   <div class='ocr_carea' id='block_1_27' title="bbox 2044 1224 3626 1298">
    <p class='ocr_par' dir='ltr' id='par_1_27' title="bbox 2044 1224 3626 1298">
     <span class='ocr_line' id='line_1_27' title="bbox 2044 1224 3626 1298; baseline 0.001 -20"><span class='ocrx_word' id='word_1_201' title='bbox 2044 1224 2204 1280; x_wconf 91' lang='lat' dir='ltr'><strong>terris</strong></span> <span class='ocrx_word' id='word_1_202' title='bbox 2240 1231 2489 1281; x_wconf 80' lang='lat' dir='ltr'><strong>versatur</strong></span> <span class='ocrx_word' id='word_1_203' title='bbox 2522 1241 2537 1281; x_wconf 89' lang='lat'><strong>:</strong></span> <span class='ocrx_word' id='word_1_204' title='bbox 2570 1226 2625 1281; x_wconf 92' lang='lat' dir='ltr'><strong>in</strong></span> <span class='ocrx_word' id='word_1_205' title='bbox 2660 1241 2763 1297; x_wconf 90' lang='lat' dir='ltr'><strong>qua</strong></span> <span class='ocrx_word' id='word_1_206' title='bbox 2812 1228 3155 1298; x_wconf 89' lang='lat' dir='ltr'><strong>resplendent</strong></span> <span class='ocrx_word' id='word_1_207' title='bbox 3198 1227 3302 1282; x_wconf 89' lang='lat' dir='ltr'><strong>viri</strong></span> <span class='ocrx_word' id='word_1_208' title='bbox 3336 1228 3626 1283; x_wconf 66' lang='lat' dir='ltr'><strong>sanctimo-</strong></span> 
     </span>
    </p>
   </div>
   <div class='ocr_carea' id='block_1_28' title="bbox 2044 1313 3624 1388">
    <p class='ocr_par' dir='ltr' id='par_1_28' title="bbox 2044 1313 3624 1388">
     <span class='ocr_line' id='line_1_28' title="bbox 2044 1313 3624 1388; baseline 0.003 -21"><span class='ocrx_word' id='word_1_209' title='bbox 2044 1313 2148 1369; x_wconf 67' lang='lat' dir='ltr'><strong>nias</strong></span> <span class='ocrx_word' id='word_1_210' title='bbox 2193 1322 2248 1368; x_wconf 91' lang='lat' dir='ltr'><strong>et</strong></span> <span class='ocrx_word' id='word_1_211' title='bbox 2285 1314 2535 1384; x_wconf 80' lang='lat' dir='ltr'><strong>gravitati</strong></span> <span class='ocrx_word' id='word_1_212' title='bbox 2590 1317 2745 1387; x_wconf 88' lang='lat' dir='ltr'><strong>quasi</strong></span> <span class='ocrx_word' id='word_1_213' title='bbox 2788 1317 3074 1386; x_wconf 92' lang='lat' dir='ltr'><strong>innutriti,</strong></span> <span class='ocrx_word' id='word_1_214' title='bbox 3114 1328 3167 1374; x_wconf 91' lang='lat' dir='ltr'><strong>et</strong></span> <span class='ocrx_word' id='word_1_215' title='bbox 3206 1318 3299 1388; x_wconf 86' lang='lat' dir='ltr'><strong>qui</strong></span> <span class='ocrx_word' id='word_1_216' title='bbox 3347 1319 3624 1374; x_wconf 88' lang='lat' dir='ltr'><strong>continen-</strong></span> 
     </span>
    </p>
   </div>
   <div class='ocr_carea' id='block_1_29' title="bbox 2046 1404 3623 1479">
    <p class='ocr_par' dir='ltr' id='par_1_29' title="bbox 2046 1404 3623 1479">
     <span class='ocr_line' id='line_1_29' title="bbox 2046 1404 3623 1479; baseline 0.003 -21"><span class='ocrx_word' id='word_1_217' title='bbox 2046 1404 2131 1460; x_wconf 69' lang='lat' dir='ltr'><strong>tiaa</strong></span> <span class='ocrx_word' id='word_1_218' title='bbox 2172 1420 2369 1461; x_wconf 88' lang='lat' dir='ltr'><strong>corona</strong></span> <span class='ocrx_word' id='word_1_219' title='bbox 2412 1408 2644 1465; x_wconf 90' lang='lat' dir='ltr'><strong>redimiti</strong></span> <span class='ocrx_word' id='word_1_220' title='bbox 2692 1418 2839 1475; x_wconf 89' lang='lat' dir='ltr'><strong>sunt,</strong></span> <span class='ocrx_word' id='word_1_221' title='bbox 2872 1423 2938 1466; x_wconf 90' lang='lat' dir='ltr'><strong>ac</strong></span> <span class='ocrx_word' id='word_1_222' title='bbox 3002 1408 3226 1479; x_wconf 87' lang='lat' dir='ltr'><strong>gloriam</strong></span> <span class='ocrx_word' id='word_1_223' title='bbox 3264 1410 3403 1465; x_wconf 86' lang='lat' dir='ltr'><strong>hanc</strong></span> <span class='ocrx_word' id='word_1_224' title='bbox 3452 1408 3623 1479; x_wconf 86' lang='lat' dir='ltr'><strong>potio-</strong></span> 
     </span>
    </p>
   </div>
   <div class='ocr_carea' id='block_1_30' title="bbox 2044 1496 3615 1571">
    <p class='ocr_par' dir='ltr' id='par_1_30' title="bbox 2044 1496 3615 1571">
     <span class='ocr_line' id='line_1_30' title="bbox 2044 1496 3615 1571; baseline 0.002 -22"><span class='ocrx_word' id='word_1_225' title='bbox 2044 1510 2155 1551; x_wconf 86' lang='lat' dir='ltr'><strong>rem</strong></span> <span class='ocrx_word' id='word_1_226' title='bbox 2213 1496 2546 1556; x_wconf 78' lang='lat' dir='ltr'><strong>fecunditate</strong></span> <span class='ocrx_word' id='word_1_227' title='bbox 2589 1501 2940 1568; x_wconf 83' lang='lat' dir='ltr'><strong>existimant,</strong></span> <span class='ocrx_word' id='word_1_228' title='bbox 2985 1509 3041 1556; x_wconf 90' lang='lat' dir='ltr'><strong>et</strong></span> <span class='ocrx_word' id='word_1_229' title='bbox 3079 1501 3254 1570; x_wconf 87' lang='lat' dir='ltr'><strong>quoad</strong></span> <span class='ocrx_word' id='word_1_230' title='bbox 3294 1499 3615 1571; x_wconf 80' lang='lat' dir='ltr'><strong>gravitatem</strong></span> 
     </span>
    </p>
   </div>
   <div class='ocr_carea' id='block_1_31' title="bbox 2042 1590 3601 1650">
    <p class='ocr_par' dir='ltr' id='par_1_31' title="bbox 2042 1590 3601 1650">
     <span class='ocr_line' id='line_1_31' title="bbox 2042 1590 3601 1650; baseline 0.001 -8"><span class='ocrx_word' id='word_1_231' title='bbox 2042 1603 2105 1643; x_wconf 84' lang='lat' dir='ltr'><strong>ac</strong></span> <span class='ocrx_word' id='word_1_232' title='bbox 2140 1592 2485 1649; x_wconf 84' lang='lat' dir='ltr'><strong>sanctitatem</strong></span> <span class='ocrx_word' id='word_1_233' title='bbox 2545 1593 2976 1650; x_wconf 89' lang='lat' dir='ltr'><strong>conversationis</strong></span> <span class='ocrx_word' id='word_1_234' title='bbox 3042 1592 3113 1649; x_wconf 92' lang='lat' dir='ltr'><strong>ab</strong></span> <span class='ocrx_word' id='word_1_235' title='bbox 3173 1591 3439 1648; x_wconf 86' lang='lat' dir='ltr'><strong>eunuchis</strong></span> <span class='ocrx_word' id='word_1_236' title='bbox 3491 1590 3601 1645; x_wconf 91' lang='lat' dir='ltr'><strong>nihi</strong></span> 
     </span>
    </p>
   </div>
   <div class='ocr_carea' id='block_1_32' title="bbox 354 1660 1937 1754">
    <p class='ocr_par' dir='ltr' id='par_1_32' title="bbox 354 1660 1937 1754">
     <span class='ocr_line' id='line_1_32' title="bbox 354 1660 1937 1754; baseline 0.012 -41"><span class='ocrx_word' id='word_1_237' title='bbox 354 1660 668 1754; x_wconf 80' lang='grc' dir='ltr'>ἡγούμενοι,</span> <span class='ocrx_word' id='word_1_238' title='bbox 698 1664 792 1717; x_wconf 73' lang='grc' dir='ltr'>καὶ</span> <span class='ocrx_word' id='word_1_239' title='bbox 821 1665 884 1719; x_wconf 90' lang='grc' dir='ltr'><strong>τό</strong></span> <span class='ocrx_word' id='word_1_240' title='bbox 908 1682 972 1735; x_wconf 88' lang='grc' dir='ltr'><strong>γε</strong></span> <span class='ocrx_word' id='word_1_241' title='bbox 998 1661 1134 1739; x_wconf 79' lang='grc' dir='ltr'>ἧκον</span> <span class='ocrx_word' id='word_1_242' title='bbox 1166 1670 1249 1734; x_wconf 84' lang='grc' dir='ltr'><strong>είς</strong></span> <span class='ocrx_word' id='word_1_243' title='bbox 1293 1671 1600 1745; x_wconf 86' lang='grc' dir='ltr'>σεμνότητα</span> <span class='ocrx_word' id='word_1_244' title='bbox 1658 1676 1937 1742; x_wconf 87' lang='grc' dir='ltr'>πολιτείας</span> 
     </span>
    </p>
   </div>
   <div class='ocr_carea' id='block_1_33' title="bbox 2038 1660 3622 1754">
    <p class='ocr_par' dir='ltr' id='par_1_33' title="bbox 2040 1677 3622 1754">
     <span class='ocr_line' id='line_1_33' title="bbox 2040 1677 3622 1754; baseline 0.003 -21"><span class='ocrx_word' id='word_1_245' title='bbox 2040 1677 2315 1736; x_wconf 72' lang='lat' dir='ltr'><strong>diﬂerunt.</strong></span> <span class='ocrx_word' id='word_1_246' title='bbox 2337 1680 2403 1738; x_wconf 88' lang='lat' dir='ltr'><strong>Hi</strong></span> <span class='ocrx_word' id='word_1_247' title='bbox 2430 1682 2705 1754; x_wconf 89' lang='lat' dir='ltr'><strong>accipiunt</strong></span> <span class='ocrx_word' id='word_1_248' title='bbox 2730 1698 2761 1738; x_wconf 89' lang='lat' dir='ltr'><strong>a</strong></span> <span class='ocrx_word' id='word_1_249' title='bbox 2790 1682 2900 1739; x_wconf 93' lang='lat' dir='ltr'><strong>Deo</strong></span> <span class='ocrx_word' id='word_1_250' title='bbox 2927 1682 3154 1754; x_wconf 84' lang='lat' dir='ltr'><strong>gloriam</strong></span> <span class='ocrx_word' id='word_1_251' title='bbox 3204 1690 3486 1745; x_wconf 63' lang='lat' dir='ltr'><strong>aeternam,</strong></span> <span class='ocrx_word' id='word_1_252' title='bbox 3519 1678 3622 1737; x_wconf 90' lang='lat' dir='ltr'><strong>hoc</strong></span> 
     </span>
    </p>
   </div>
   <div class='ocr_carea' id='block_1_34' title="bbox 353 1740 1937 1844">
    <p class='ocr_par' dir='ltr' id='par_1_34' title="bbox 353 1740 1937 1842">
     <span class='ocr_line' id='line_1_34' title="bbox 353 1740 1937 1842; baseline 0.014 -39"><span class='ocrx_word' id='word_1_253' title='bbox 353 1752 621 1822; x_wconf 84' lang='grc' dir='ltr'>εὐνούχων</span> <span class='ocrx_word' id='word_1_254' title='bbox 663 1755 818 1810; x_wconf 85' lang='grc' dir='ltr'>οὐδὲν</span> <span class='ocrx_word' id='word_1_255' title='bbox 862 1756 1227 1830; x_wconf 86' lang='grc' dir='ltr'>διαφέροντες.</span> <span class='ocrx_word' id='word_1_256' title='bbox 1281 1740 1441 1818; x_wconf 74' lang='grc' dir='ltr'>Οὗτοι</span> <span class='ocrx_word' id='word_1_257' title='bbox 1487 1740 1731 1837; x_wconf 76' lang='grc' dir='ltr'>δέχονται</span> <span class='ocrx_word' id='word_1_258' title='bbox 1788 1740 1937 1842; x_wconf 87' lang='grc' dir='ltr'><strong>παρά</strong></span> 
     </span>
    </p>
   </div>
   <div class='ocr_carea' id='block_1_35' title="bbox 2038 1740 3622 1844">
    <p class='ocr_par' dir='ltr' id='par_1_35' title="bbox 2043 1771 3622 1844">
     <span class='ocr_line' id='line_1_35' title="bbox 2043 1771 3622 1844; baseline 0.001 -18"><span class='ocrx_word' id='word_1_259' title='bbox 2043 1771 2186 1826; x_wconf 87' lang='lat' dir='ltr'><strong>enim</strong></span> <span class='ocrx_word' id='word_1_260' title='bbox 2220 1772 2426 1829; x_wconf 91' lang='lat' dir='ltr'><strong>illustre</strong></span> <span class='ocrx_word' id='word_1_261' title='bbox 2464 1775 2570 1829; x_wconf 89' lang='lat' dir='ltr'><strong>illis</strong></span> <span class='ocrx_word' id='word_1_262' title='bbox 2595 1789 2788 1830; x_wconf 91' lang='lat' dir='ltr'><strong>nomen</strong></span> <span class='ocrx_word' id='word_1_263' title='bbox 2815 1782 2919 1839; x_wconf 87' lang='lat' dir='ltr'><strong>est,</strong></span> <span class='ocrx_word' id='word_1_264' title='bbox 2949 1774 3177 1842; x_wconf 84' lang='lat' dir='ltr'><strong>illosque</strong></span> <span class='ocrx_word' id='word_1_265' title='bbox 3224 1772 3401 1844; x_wconf 89' lang='lat' dir='ltr'><strong>gratia</strong></span> <span class='ocrx_word' id='word_1_266' title='bbox 3455 1772 3622 1843; x_wconf 87' lang='lat' dir='ltr'><strong>ipsius</strong></span> 
     </span>
    </p>
   </div>
   <div class='ocr_carea' id='block_1_36' title="bbox 353 1844 1939 1930">
    <p class='ocr_par' dir='ltr' id='par_1_36' title="bbox 353 1844 1939 1930">
     <span class='ocr_line' id='line_1_36' title="bbox 353 1844 1939 1930; baseline 0.013 -34"><span class='ocrx_word' id='word_1_267' title='bbox 353 1844 488 1897; x_wconf 87' lang='grc' dir='ltr'>Θεοῦ</span> <span class='ocrx_word' id='word_1_268' title='bbox 514 1845 672 1910; x_wconf 80' lang='grc' dir='ltr'>δόξαν</span> <span class='ocrx_word' id='word_1_269' title='bbox 700 1846 916 1903; x_wconf 72' lang='grc' dir='ltr'>αἰώνιον</span> <span class='ocrx_word' id='word_1_270' title='bbox 937 1866 949 1879; x_wconf 90' lang='grc'><strong>·</strong></span> <span class='ocrx_word' id='word_1_271' title='bbox 977 1851 1130 1923; x_wconf 81' lang='grc' dir='ltr'>δηλοῖ</span> <span class='ocrx_word' id='word_1_272' title='bbox 1156 1853 1213 1907; x_wconf 82' lang='grc' dir='ltr'>δὲ</span> <span class='ocrx_word' id='word_1_273' title='bbox 1245 1857 1401 1910; x_wconf 91' lang='grc' dir='ltr'>τοῦτο</span> <span class='ocrx_word' id='word_1_274' title='bbox 1432 1857 1691 1930; x_wconf 81' lang='grc' dir='ltr'>τοῦνομα,</span> <span class='ocrx_word' id='word_1_275' title='bbox 1715 1860 1810 1915; x_wconf 76' lang='grc' dir='ltr'>καὶ</span> <span class='ocrx_word' id='word_1_276' title='bbox 1837 1862 1939 1917; x_wconf 88' lang='grc' dir='ltr'><strong>οὐκ</strong></span> 
     </span>
    </p>
   </div>
   <div class='ocr_carea' id='block_1_37' title="bbox 353 1933 1938 2022">
    <p class='ocr_par' dir='ltr' id='par_1_37' title="bbox 353 1933 1938 2022">
     <span class='ocr_line' id='line_1_37' title="bbox 353 1933 1938 2022; baseline 0.013 -36"><span class='ocrx_word' id='word_1_277' title='bbox 353 1933 419 1987; x_wconf 79' lang='grc' dir='ltr'>ἂν</span> <span class='ocrx_word' id='word_1_278' title='bbox 447 1933 686 2007; x_wconf 78' lang='grc' dir='ltr'>ὲκλείψοι</span> <span class='ocrx_word' id='word_1_279' title='bbox 715 1938 774 1991; x_wconf 78' lang='grc' dir='ltr'>ἐν</span> <span class='ocrx_word' id='word_1_280' title='bbox 805 1940 988 2005; x_wconf 83' lang='grc' dir='ltr'>αὐτοῖς</span> <span class='ocrx_word' id='word_1_281' title='bbox 1029 1944 1062 2013; x_wconf 86' lang='grc' dir='ltr'>ή</span> <span class='ocrx_word' id='word_1_282' title='bbox 1103 1945 1232 2015; x_wconf 88' lang='grc' dir='ltr'>παρ’</span> <span class='ocrx_word' id='word_1_283' title='bbox 1260 1944 1428 2000; x_wconf 78' lang='grc' dir='ltr'>αὐτοῦ</span> <span class='ocrx_word' id='word_1_284' title='bbox 1464 1947 1657 2020; x_wconf 77' lang='grc' dir='ltr'>χάρις’</span> <span class='ocrx_word' id='word_1_285' title='bbox 1682 1949 1938 2022; x_wconf 78' lang='grc' dir='ltr'>ἐξαίρετα</span> 
     </span>
    </p>
   </div>
   <div class='ocr_carea' id='block_1_38' title="bbox 354 2024 1937 2111">
    <p class='ocr_par' dir='ltr' id='par_1_38' title="bbox 354 2024 1937 2111">
     <span class='ocr_line' id='line_1_38' title="bbox 354 2024 1937 2111; baseline 0.014 -35"><span class='ocrx_word' id='word_1_286' title='bbox 354 2024 463 2096; x_wconf 89' lang='grc' dir='ltr'><strong>γάρ</strong></span> <span class='ocrx_word' id='word_1_287' title='bbox 512 2025 613 2095; x_wconf 81' lang='grc' dir='ltr'>τῆς</span> <span class='ocrx_word' id='word_1_288' title='bbox 660 2030 983 2101; x_wconf 76' lang='grc' dir='ltr'>ἐγκρατείας</span> <span class='ocrx_word' id='word_1_289' title='bbox 1013 2032 1083 2088; x_wconf 80' lang='grc' dir='ltr'><strong>τά</strong></span> <span class='ocrx_word' id='word_1_290' title='bbox 1112 2036 1268 2106; x_wconf 88' lang='grc' dir='ltr'>γέρα,</span> <span class='ocrx_word' id='word_1_291' title='bbox 1311 2036 1452 2109; x_wconf 85' lang='grc' dir='ltr'>πλὴν</span> <span class='ocrx_word' id='word_1_292' title='bbox 1499 2039 1598 2111; x_wconf 89' lang='grc' dir='ltr'><strong>οὐχ</strong></span> <span class='ocrx_word' id='word_1_293' title='bbox 1627 2041 1817 2107; x_wconf 77' lang='grc' dir='ltr'>ἁπλοῖς</span> <span class='ocrx_word' id='word_1_294' title='bbox 1843 2044 1937 2098; x_wconf 84' lang='grc' dir='ltr'>εὐ-</span> 
     </span>
    </p>
   </div>
   <div class='ocr_carea' id='block_1_39' title="bbox 354 2114 1939 2204">
    <p class='ocr_par' dir='ltr' id='par_1_39' title="bbox 354 2114 1939 2204">
     <span class='ocr_line' id='line_1_39' title="bbox 354 2114 1939 2204; baseline 0.015 -38"><span class='ocrx_word' id='word_1_295' title='bbox 354 2114 563 2187; x_wconf 82' lang='grc' dir='ltr'>νούχοις</span> <span class='ocrx_word' id='word_1_296' title='bbox 586 2117 685 2189; x_wconf 83' lang='grc' dir='ltr'>τὴν</span> <span class='ocrx_word' id='word_1_297' title='bbox 710 2120 819 2174; x_wconf 84' lang='grc' dir='ltr'>τῶν</span> <span class='ocrx_word' id='word_1_298' title='bbox 849 2121 991 2177; x_wconf 76' lang='grc' dir='ltr'>οὕτω</span> <span class='ocrx_word' id='word_1_299' title='bbox 1015 2123 1285 2198; x_wconf 84' lang='grc' dir='ltr'>λαμπρῶν</span> <span class='ocrx_word' id='word_1_300' title='bbox 1317 2128 1644 2203; x_wconf 83' lang='grc' dir='ltr'>ἀξιωμάτων</span> <span class='ocrx_word' id='word_1_301' title='bbox 1668 2134 1939 2204; x_wconf 81' lang='grc' dir='ltr'>ἐπαγγέλ-</span> 
     </span>
    </p>
   </div>
   <div class='ocr_carea' id='block_1_40' title="bbox 352 2207 1938 2288">
    <p class='ocr_par' dir='ltr' id='par_1_40' title="bbox 352 2207 1938 2288">
     <span class='ocr_line' id='line_1_40' title="bbox 352 2207 1938 2288; baseline 0.015 -29"><span class='ocrx_word' id='word_1_302' title='bbox 352 2207 503 2262; x_wconf 88' lang='grc' dir='ltr'>λεται</span> <span class='ocrx_word' id='word_1_303' title='bbox 557 2213 840 2282; x_wconf 83' lang='grc' dir='ltr'>χορηγίαν,</span> <span class='ocrx_word' id='word_1_304' title='bbox 869 2214 1005 2269; x_wconf 81' lang='grc' dir='ltr'>ἀλλά</span> <span class='ocrx_word' id='word_1_305' title='bbox 1047 2219 1161 2282; x_wconf 87' lang='grc' dir='ltr'>τοῖς</span> <span class='ocrx_word' id='word_1_306' title='bbox 1214 2221 1542 2288; x_wconf 83' lang='grc' dir='ltr'>φυλάττουσι</span> <span class='ocrx_word' id='word_1_307' title='bbox 1579 2224 1648 2279; x_wconf 86' lang='grc' dir='ltr'><strong>τά</strong></span> <span class='ocrx_word' id='word_1_308' title='bbox 1681 2224 1938 2282; x_wconf 83' lang='grc' dir='ltr'>Σάϐϐατα</span> 
     </span>
    </p>
   </div>
   <div class='ocr_carea' id='block_1_41' title="bbox 351 2298 1938 2390">
    <p class='ocr_par' dir='ltr' id='par_1_41' title="bbox 351 2298 1938 2390">
     <span class='ocr_line' id='line_1_41' title="bbox 351 2298 1938 2390; baseline 0.014 -39"><span class='ocrx_word' id='word_1_309' title='bbox 351 2298 541 2364; x_wconf 89' lang='grc' dir='ltr'>αὐτοῦ,</span> <span class='ocrx_word' id='word_1_310' title='bbox 571 2303 810 2374; x_wconf 89' lang='grc' dir='ltr'>Χριστοῦ</span> <span class='ocrx_word' id='word_1_311' title='bbox 837 2305 895 2359; x_wconf 86' lang='grc' dir='ltr'>δὲ</span> <span class='ocrx_word' id='word_1_312' title='bbox 921 2307 1196 2379; x_wconf 75' lang='grc' dir='ltr'>δηλονότιο</span> <span class='ocrx_word' id='word_1_313' title='bbox 1238 2312 1402 2385; x_wconf 76' lang='grc' dir='ltr'>ἔτερα</span> <span class='ocrx_word' id='word_1_314' title='bbox 1444 2315 1522 2380; x_wconf 82' lang='grc' dir='ltr'>δὲ,</span> <span class='ocrx_word' id='word_1_315' title='bbox 1553 2317 1630 2381; x_wconf 84' lang='grc' dir='ltr'><strong>ὡς</strong></span> <span class='ocrx_word' id='word_1_316' title='bbox 1671 2316 1831 2390; x_wconf 76' lang='grc' dir='ltr'>ἔφην,</span> <span class='ocrx_word' id='word_1_317' title='bbox 1867 2320 1938 2375; x_wconf 89' lang='grc' dir='ltr'><strong>τά</strong></span> 
     </span>
    </p>
   </div>
   <div class='ocr_carea' id='block_1_42' title="bbox 350 2391 1938 2483">
    <p class='ocr_par' dir='ltr' id='par_1_42' title="bbox 350 2391 1938 2483">
     <span class='ocr_line' id='line_1_42' title="bbox 350 2391 1938 2483; baseline 0.015 -40"><span class='ocrx_word' id='word_1_318' title='bbox 350 2391 516 2483; x_wconf 85' lang='grc' dir='ltr'>αὐτοῦ</span> <span class='ocrx_word' id='word_1_319' title='bbox 550 2395 806 2452; x_wconf 84' lang='grc' dir='ltr'>Σάϐϐατα</span> <span class='ocrx_word' id='word_1_320' title='bbox 839 2400 992 2466; x_wconf 80' lang='grc' dir='ltr'>παρὰ</span> <span class='ocrx_word' id='word_1_321' title='bbox 1030 2402 1124 2455; x_wconf 92' lang='grc' dir='ltr'><strong>τοῦ</strong></span> <span class='ocrx_word' id='word_1_322' title='bbox 1157 2405 1350 2474; x_wconf 91' lang='grc' dir='ltr'>νόμου.</span> <span class='ocrx_word' id='word_1_323' title='bbox 1381 2406 1463 2461; x_wconf 87' lang='grc' dir='ltr'>Τά</span> <span class='ocrx_word' id='word_1_324' title='bbox 1491 2408 1590 2479; x_wconf 84' lang='grc' dir='ltr'>μὲν</span> <span class='ocrx_word' id='word_1_325' title='bbox 1620 2410 1730 2483; x_wconf 86' lang='grc' dir='ltr'>γὰρ</span> <span class='ocrx_word' id='word_1_326' title='bbox 1768 2406 1837 2483; x_wconf 78' lang='grc' dir='ltr'>ἦν</span> <span class='ocrx_word' id='word_1_327' title='bbox 1878 2412 1938 2466; x_wconf 85' lang='grc' dir='ltr'>ὲν</span> 
     </span>
    </p>
   </div>
   <div class='ocr_carea' id='block_1_43' title="bbox 349 2481 1938 2572">
    <p class='ocr_par' dir='ltr' id='par_1_43' title="bbox 349 2481 1938 2572">
     <span class='ocr_line' id='line_1_43' title="bbox 349 2481 1938 2572; baseline 0.016 -38"><span class='ocrx_word' id='word_1_328' title='bbox 349 2481 559 2548; x_wconf 85' lang='grc' dir='ltr'>τύποις,</span> <span class='ocrx_word' id='word_1_329' title='bbox 593 2485 662 2539; x_wconf 88' lang='grc' dir='ltr'><strong>τά</strong></span> <span class='ocrx_word' id='word_1_330' title='bbox 684 2487 742 2540; x_wconf 91' lang='grc' dir='ltr'>δὲ</span> <span class='ocrx_word' id='word_1_331' title='bbox 771 2490 850 2560; x_wconf 85' lang='grc' dir='ltr'>τῷ</span> <span class='ocrx_word' id='word_1_332' title='bbox 874 2491 974 2561; x_wconf 85' lang='grc' dir='ltr'>τῆς</span> <span class='ocrx_word' id='word_1_333' title='bbox 999 2493 1260 2565; x_wconf 83' lang='grc' dir='ltr'>ἀληθείας</span> <span class='ocrx_word' id='word_1_334' title='bbox 1293 2481 1801 2572; x_wconf 52' lang='lat' dir='ltr'><strong>natanatGptivsrat</strong></span> <span class='ocrx_word' id='word_1_335' title='bbox 1814 2505 1938 2560; x_wconf 86' lang='grc' dir='ltr'>κάλ·</span> 
     </span>
    </p>
   </div>
   <div class='ocr_carea' id='block_1_44' title="bbox 351 2574 1937 2664">
    <p class='ocr_par' dir='ltr' id='par_1_44' title="bbox 351 2574 1937 2664">
     <span class='ocr_line' id='line_1_44' title="bbox 351 2574 1937 2664; baseline 0.014 -37"><span class='ocrx_word' id='word_1_336' title='bbox 351 2574 451 2628; x_wconf 81' lang='grc' dir='ltr'>λει.</span> <span class='ocrx_word' id='word_1_337' title='bbox 484 2577 593 2630; x_wconf 75' lang='grc' dir='ltr'><strong>Καὶ</strong></span> <span class='ocrx_word' id='word_1_338' title='bbox 621 2577 742 2632; x_wconf 77' lang='grc' dir='ltr'>ἐπεὶ</span> <span class='ocrx_word' id='word_1_339' title='bbox 762 2583 875 2644; x_wconf 86' lang='grc' dir='ltr'>τοῖς</span> <span class='ocrx_word' id='word_1_340' title='bbox 906 2583 1317 2656; x_wconf 77' lang='grc' dir='ltr'>ἐπιλεξαμένοις</span> <span class='ocrx_word' id='word_1_341' title='bbox 1342 2586 1532 2662; x_wconf 75' lang='grc' dir='ltr'>[ἅπερ]</span> <span class='ocrx_word' id='word_1_342' title='bbox 1554 2593 1717 2657; x_wconf 80' lang='grc' dir='ltr'>αὐτὸς</span> <span class='ocrx_word' id='word_1_343' title='bbox 1753 2594 1937 2664; x_wconf 88' lang='grc' dir='ltr'>βούλε-</span> 
     </span>
    </p>
   </div>
   <div class='ocr_carea' id='block_1_45' title="bbox 349 2670 1936 2750">
    <p class='ocr_par' dir='ltr' id='par_1_45' title="bbox 349 2670 1936 2750">
     <span class='ocr_line' id='line_1_45' title="bbox 349 2670 1936 2750; baseline 0.012 -29"><span class='ocrx_word' id='word_1_344' title='bbox 349 2686 458 2732; x_wconf 88' lang='grc' dir='ltr'>ται,</span> <span class='ocrx_word' id='word_1_345' title='bbox 482 2671 575 2746; x_wconf 58' lang='grc' dir='ltr'>κα).</span> <span class='ocrx_word' id='word_1_346' title='bbox 590 2670 970 2743; x_wconf 81' lang='grc' dir='ltr'>ἀντεχομένοις</span> <span class='ocrx_word' id='word_1_347' title='bbox 993 2676 1092 2747; x_wconf 87' lang='grc' dir='ltr'><strong>τῆς</strong></span> <span class='ocrx_word' id='word_1_348' title='bbox 1111 2676 1378 2750; x_wconf 81' lang='grc' dir='ltr'>διαθήκης</span> <span class='ocrx_word' id='word_1_349' title='bbox 1394 2681 1583 2736; x_wconf 89' lang='grc' dir='ltr'>αὐτοῦ.</span> <span class='ocrx_word' id='word_1_350' title='bbox 1602 2683 1860 2739; x_wconf 87' lang='grc' dir='ltr'>Βούλεται</span> <span class='ocrx_word' id='word_1_351' title='bbox 1877 2686 1936 2740; x_wconf 87' lang='grc' dir='ltr'>δὲ</span> 
     </span>
    </p>
   </div>
   <div class='ocr_carea' id='block_1_46' title="bbox 349 2761 1937 2847">
    <p class='ocr_par' dir='ltr' id='par_1_46' title="bbox 349 2761 1937 2847">
     <span class='ocr_line' id='line_1_46' title="bbox 349 2761 1937 2847; baseline 0.013 -35"><span class='ocrx_word' id='word_1_352' title='bbox 349 2761 582 2832; x_wconf 80' lang='grc' dir='ltr'>Χριστὸς</span> <span class='ocrx_word' id='word_1_353' title='bbox 608 2764 669 2816; x_wconf 92' lang='grc' dir='ltr'><strong>οὐ</strong></span> <span class='ocrx_word' id='word_1_354' title='bbox 688 2765 756 2818; x_wconf 83' lang='grc' dir='ltr'><strong>τά</strong></span> <span class='ocrx_word' id='word_1_355' title='bbox 775 2766 833 2818; x_wconf 75' lang='grc' dir='ltr'>ὲν</span> <span class='ocrx_word' id='word_1_356' title='bbox 856 2770 1034 2832; x_wconf 86' lang='grc' dir='ltr'>σκιαῖς</span> <span class='ocrx_word' id='word_1_357' title='bbox 1066 2770 1163 2823; x_wconf 74' lang='grc' dir='ltr'>καὶ</span> <span class='ocrx_word' id='word_1_358' title='bbox 1191 2771 1484 2844; x_wconf 79' lang='grc' dir='ltr'>γράμμασι</span> <span class='ocrx_word' id='word_1_359' title='bbox 1511 2775 1768 2847; x_wconf 86' lang='grc' dir='ltr'>νομικῶς,</span> <span class='ocrx_word' id='word_1_360' title='bbox 1795 2776 1937 2832; x_wconf 80' lang='grc' dir='ltr'>ἀλλὰ</span> 
     </span>
    </p>
   </div>
   <div class='ocr_carea' id='block_1_47' title="bbox 350 2853 1933 2940">
    <p class='ocr_par' dir='ltr' id='par_1_47' title="bbox 350 2853 1933 2940">
     <span class='ocr_line' id='line_1_47' title="bbox 350 2853 1933 2940; baseline 0.011 -36"><span class='ocrx_word' id='word_1_361' title='bbox 350 2853 445 2905; x_wconf 78' lang='grc' dir='ltr'>καὶ</span> <span class='ocrx_word' id='word_1_362' title='bbox 476 2853 545 2907; x_wconf 82' lang='grc' dir='ltr'><strong>τά</strong></span> <span class='ocrx_word' id='word_1_363' title='bbox 574 2855 632 2908; x_wconf 85' lang='grc' dir='ltr'>ὲν</span> <span class='ocrx_word' id='word_1_364' title='bbox 651 2858 718 2927; x_wconf 78' lang='grc' dir='ltr'>τῇ</span> <span class='ocrx_word' id='word_1_365' title='bbox 744 2856 977 2931; x_wconf 83' lang='grc' dir='ltr'>διαθήκῃ</span> <span class='ocrx_word' id='word_1_366' title='bbox 994 2862 1062 2932; x_wconf 80' lang='grc' dir='ltr'>τῇ</span> <span class='ocrx_word' id='word_1_367' title='bbox 1094 2861 1223 2932; x_wconf 86' lang='grc' dir='ltr'>παρ’</span> <span class='ocrx_word' id='word_1_368' title='bbox 1252 2862 1417 2916; x_wconf 90' lang='grc' dir='ltr'>αὐτοῦ</span> <span class='ocrx_word' id='word_1_369' title='bbox 1438 2880 1452 2893; x_wconf 79' lang='lat'><strong>&#39;</strong></span> <span class='ocrx_word' id='word_1_370' title='bbox 1492 2864 1648 2936; x_wconf 82' lang='grc' dir='ltr'>δῆλον</span> <span class='ocrx_word' id='word_1_371' title='bbox 1678 2867 1736 2920; x_wconf 85' lang='grc' dir='ltr'>δὲ</span> <span class='ocrx_word' id='word_1_372' title='bbox 1764 2867 1933 2940; x_wconf 80' lang='grc' dir='ltr'>ὅτιτῇ</span> 
     </span>
    </p>
   </div>
   <div class='ocr_carea' id='block_1_48' title="bbox 348 2944 1039 3022">
    <p class='ocr_par' dir='ltr' id='par_1_48' title="bbox 348 2944 1039 3022">
     <span class='ocr_line' id='line_1_48' title="bbox 348 2944 1039 3022; baseline 0.01 -24"><span class='ocrx_word' id='word_1_373' title='bbox 348 2944 447 3016; x_wconf 78' lang='grc' dir='ltr'><strong>νέᾳ</strong></span> <span class='ocrx_word' id='word_1_374' title='bbox 472 2962 531 2999; x_wconf 89' lang='grc' dir='ltr'><strong>τε</strong></span> <span class='ocrx_word' id='word_1_375' title='bbox 557 2945 650 3001; x_wconf 77' lang='grc' dir='ltr'><strong>καὶ</strong></span> <span class='ocrx_word' id='word_1_376' title='bbox 684 2948 1039 3022; x_wconf 81' lang='grc' dir='ltr'>εὐαγγελικῇ.</span> 
     </span>
    </p>
   </div>
   <div class='ocr_carea' id='block_1_49' title="bbox 2039 1861 3622 1931">
    <p class='ocr_par' dir='ltr' id='par_1_49' title="bbox 2039 1861 3622 1931">
     <span class='ocr_line' id='line_1_49' title="bbox 2039 1861 3622 1931; baseline 0.001 -16"><span class='ocrx_word' id='word_1_377' title='bbox 2039 1875 2147 1916; x_wconf 91' lang='lat' dir='ltr'><strong>non</strong></span> <span class='ocrx_word' id='word_1_378' title='bbox 2187 1864 2421 1921; x_wconf 73' lang='lat' dir='ltr'><strong>deﬁciet.</strong></span> <span class='ocrx_word' id='word_1_379' title='bbox 2454 1864 2660 1919; x_wconf 75' lang='lat' dir='ltr'><strong>Exitnia</strong></span> <span class='ocrx_word' id='word_1_380' title='bbox 2708 1872 2838 1920; x_wconf 87' lang='lat' dir='ltr'><strong>sunt</strong></span> <span class='ocrx_word' id='word_1_381' title='bbox 2884 1864 3028 1919; x_wconf 88' lang='lat' dir='ltr'><strong>enim</strong></span> <span class='ocrx_word' id='word_1_382' title='bbox 3086 1861 3434 1919; x_wconf 70' lang='lat' dir='ltr'><strong>continentiae</strong></span> <span class='ocrx_word' id='word_1_383' title='bbox 3485 1876 3622 1931; x_wconf 67' lang='lat' dir='ltr'><strong>prse-</strong></span> 
     </span>
    </p>
   </div>
   <div class='ocr_carea' id='block_1_50' title="bbox 2039 1950 3620 2025">
    <p class='ocr_par' dir='ltr' id='par_1_50' title="bbox 2039 1950 3620 2025">
     <span class='ocr_line' id='line_1_50' title="bbox 2039 1950 3620 2025; baseline -0.008 -8"><span class='ocrx_word' id='word_1_384' title='bbox 2039 1961 2165 2017; x_wconf 87' lang='lat' dir='ltr'><strong>mia.</strong></span> <span class='ocrx_word' id='word_1_385' title='bbox 2194 1952 2395 2012; x_wconf 85' lang='lat' dir='ltr'><strong>Verum</strong></span> <span class='ocrx_word' id='word_1_386' title='bbox 2422 1970 2529 2011; x_wconf 91' lang='lat' dir='ltr'><strong>non</strong></span> <span class='ocrx_word' id='word_1_387' title='bbox 2562 1954 2883 2025; x_wconf 86' lang='lat' dir='ltr'><strong>simpliciter</strong></span> <span class='ocrx_word' id='word_1_388' title='bbox 2915 1953 3179 2009; x_wconf 86' lang='lat' dir='ltr'><strong>eunuchis</strong></span> <span class='ocrx_word' id='word_1_389' title='bbox 3226 1952 3368 2007; x_wconf 90' lang='lat' dir='ltr'><strong>hanc</strong></span> <span class='ocrx_word' id='word_1_390' title='bbox 3397 1950 3531 2005; x_wconf 87' lang='lat' dir='ltr'><strong>adeo</strong></span> <span class='ocrx_word' id='word_1_391' title='bbox 3554 1950 3620 2005; x_wconf 74' lang='lat' dir='ltr'><strong>il~</strong></span> 
     </span>
    </p>
   </div>
   <div class='ocr_carea' id='block_1_51' title="bbox 2040 2041 3620 2119">
    <p class='ocr_par' dir='ltr' id='par_1_51' title="bbox 2040 2041 3620 2119">
     <span class='ocr_line' id='line_1_51' title="bbox 2040 2041 3620 2119; baseline -0.008 -12"><span class='ocrx_word' id='word_1_392' title='bbox 2040 2051 2229 2107; x_wconf 89' lang='lat' dir='ltr'><strong>lustris</strong></span> <span class='ocrx_word' id='word_1_393' title='bbox 2261 2047 2541 2119; x_wconf 80' lang='lat' dir='ltr'><strong>dignitatis</strong></span> <span class='ocrx_word' id='word_1_394' title='bbox 2574 2043 3139 2103; x_wconf 83' lang='lat' dir='ltr'><strong>subministrationem</strong></span> <span class='ocrx_word' id='word_1_395' title='bbox 3195 2041 3502 2113; x_wconf 88' lang='lat' dir='ltr'><strong>pollicetur,</strong></span> <span class='ocrx_word' id='word_1_396' title='bbox 3527 2041 3620 2096; x_wconf 88' lang='lat' dir='ltr'><strong>sed</strong></span> 
     </span>
    </p>
   </div>
   <div class='ocr_carea' id='block_1_52' title="bbox 2040 2134 3620 2209">
    <p class='ocr_par' dir='ltr' id='par_1_52' title="bbox 2040 2134 3620 2209">
     <span class='ocr_line' id='line_1_52' title="bbox 2040 2134 3620 2209; baseline -0.008 -9"><span class='ocrx_word' id='word_1_397' title='bbox 2040 2141 2452 2200; x_wconf 89' lang='lat' dir='ltr'><strong>observantibus</strong></span> <span class='ocrx_word' id='word_1_398' title='bbox 2483 2140 2721 2196; x_wconf 85' lang='lat' dir='ltr'><strong>Sabbata</strong></span> <span class='ocrx_word' id='word_1_399' title='bbox 2758 2138 2896 2209; x_wconf 83' lang='lat' dir='ltr'><strong>ejus,</strong></span> <span class='ocrx_word' id='word_1_400' title='bbox 2924 2136 3121 2195; x_wconf 88' lang='lat' dir='ltr'><strong>Christi</strong></span> <span class='ocrx_word' id='word_1_401' title='bbox 3175 2135 3445 2192; x_wconf 85' lang='lat' dir='ltr'><strong>videlicet.</strong></span> <span class='ocrx_word' id='word_1_402' title='bbox 3501 2134 3620 2189; x_wconf 84' lang='lat' dir='ltr'><strong>Alia</strong></span> 
     </span>
    </p>
   </div>
   <div class='ocr_carea' id='block_1_53' title="bbox 2037 2216 3621 2300">
    <p class='ocr_par' dir='ltr' id='par_1_53' title="bbox 2037 2216 3621 2300">
     <span class='ocr_line' id='line_1_53' title="bbox 2037 2216 3621 2300; baseline -0.006 -11"><span class='ocrx_word' id='word_1_403' title='bbox 2037 2250 2169 2290; x_wconf 83' lang='lat' dir='ltr'><strong>vero</strong></span> <span class='ocrx_word' id='word_1_404' title='bbox 2197 2242 2342 2299; x_wconf 87' lang='lat' dir='ltr'><strong>sunt,</strong></span> <span class='ocrx_word' id='word_1_405' title='bbox 2376 2234 2452 2286; x_wconf 86' lang='lat' dir='ltr'><strong>uti</strong></span> <span class='ocrx_word' id='word_1_406' title='bbox 2478 2230 2612 2296; x_wconf 77' lang='lat' dir='ltr'><strong>dixi,</strong></span> <span class='ocrx_word' id='word_1_407' title='bbox 2644 2216 2762 2299; x_wconf 79' lang='lat' dir='ltr'><strong>ejus</strong></span> <span class='ocrx_word' id='word_1_408' title='bbox 2811 2230 3069 2293; x_wconf 83' lang='lat' dir='ltr'><strong>Sabbata,</strong></span> <span class='ocrx_word' id='word_1_409' title='bbox 3098 2244 3259 2300; x_wconf 89' lang='lat' dir='ltr'><strong>quam</strong></span> <span class='ocrx_word' id='word_1_410' title='bbox 3312 2226 3465 2297; x_wconf 82' lang='lat' dir='ltr'><strong>legis.</strong></span> <span class='ocrx_word' id='word_1_411' title='bbox 3495 2225 3621 2280; x_wconf 70' lang='lat' dir='ltr'><strong>Hmc</strong></span> 
     </span>
    </p>
   </div>
   <div class='ocr_carea' id='block_1_54' title="bbox 2038 2315 3620 2392">
    <p class='ocr_par' dir='ltr' id='par_1_54' title="bbox 2038 2315 3620 2392">
     <span class='ocr_line' id='line_1_54' title="bbox 2038 2315 3620 2392; baseline -0.005 -15"><span class='ocrx_word' id='word_1_412' title='bbox 2038 2337 2275 2391; x_wconf 87' lang='lat' dir='ltr'><strong>namque</strong></span> <span class='ocrx_word' id='word_1_413' title='bbox 2304 2322 2356 2376; x_wconf 93' lang='lat' dir='ltr'><strong>in</strong></span> <span class='ocrx_word' id='word_1_414' title='bbox 2391 2322 2530 2392; x_wconf 89' lang='lat' dir='ltr'><strong>typis</strong></span> <span class='ocrx_word' id='word_1_415' title='bbox 2558 2329 2716 2376; x_wconf 90' lang='lat' dir='ltr'><strong>erant</strong></span> <span class='ocrx_word' id='word_1_416' title='bbox 2743 2320 2883 2383; x_wconf 88' lang='lat' dir='ltr'><strong>sita,</strong></span> <span class='ocrx_word' id='word_1_417' title='bbox 2919 2317 3008 2373; x_wconf 94' lang='lat' dir='ltr'><strong>illa</strong></span> <span class='ocrx_word' id='word_1_418' title='bbox 3052 2318 3290 2375; x_wconf 79' lang='lat' dir='ltr'><strong>veritatis</strong></span> <span class='ocrx_word' id='word_1_419' title='bbox 3323 2315 3620 2387; x_wconf 89' lang='lat' dir='ltr'><strong>pulchritu-</strong></span> 
     </span>
    </p>
   </div>
   <div class='ocr_carea' id='block_1_55' title="bbox 2046 2406 3614 2483">
    <p class='ocr_par' dir='ltr' id='par_1_55' title="bbox 2046 2406 3614 2483">
     <span class='ocr_line' id='line_1_55' title="bbox 2046 2406 3614 2483; baseline -0.005 -13"><span class='ocrx_word' id='word_1_420' title='bbox 2046 2416 2173 2471; x_wconf 87' lang='lat' dir='ltr'><strong>dine</strong></span> <span class='ocrx_word' id='word_1_421' title='bbox 2198 2415 2557 2471; x_wconf 88' lang='lat' dir='ltr'><strong>illustrantur.</strong></span> <span class='ocrx_word' id='word_1_422' title='bbox 2578 2413 2762 2480; x_wconf 80' lang='lat' dir='ltr'><strong>Addit,</strong></span> <span class='ocrx_word' id='word_1_423' title='bbox 2780 2413 2872 2483; x_wconf 94' lang='lat' dir='ltr'><strong>qui</strong></span> <span class='ocrx_word' id='word_1_424' title='bbox 2900 2411 3161 2481; x_wconf 86' lang='lat' dir='ltr'><strong>elegerint</strong></span> <span class='ocrx_word' id='word_1_425' title='bbox 3185 2425 3305 2480; x_wconf 68' lang='lat' dir='ltr'><strong>qua:</strong></span> <span class='ocrx_word' id='word_1_426' title='bbox 3343 2408 3458 2479; x_wconf 87' lang='lat' dir='ltr'><strong>ipse</strong></span> <span class='ocrx_word' id='word_1_427' title='bbox 3482 2406 3614 2473; x_wconf 86' lang='lat' dir='ltr'><strong>vult,</strong></span> 
     </span>
    </p>
   </div>
   <div class='ocr_carea' id='block_1_56' title="bbox 2038 2498 3616 2560">
    <p class='ocr_par' dir='ltr' id='par_1_56' title="bbox 2038 2498 3616 2560">
     <span class='ocr_line' id='line_1_56' title="bbox 2038 2498 3616 2560; baseline -0.005 -2"><span class='ocrx_word' id='word_1_428' title='bbox 2038 2519 2103 2560; x_wconf 89' lang='lat' dir='ltr'><strong>ac</strong></span> <span class='ocrx_word' id='word_1_429' title='bbox 2140 2503 2413 2559; x_wconf 87' lang='lat' dir='ltr'><strong>tenuerint</strong></span> <span class='ocrx_word' id='word_1_430' title='bbox 2477 2510 2857 2557; x_wconf 86' lang='lat' dir='ltr'><strong>testamentum</strong></span> <span class='ocrx_word' id='word_1_431' title='bbox 2901 2514 3080 2555; x_wconf 88' lang='lat' dir='ltr'><strong>suum.</strong></span> <span class='ocrx_word' id='word_1_432' title='bbox 3141 2498 3392 2554; x_wconf 86' lang='lat' dir='ltr'><strong>Christus</strong></span> <span class='ocrx_word' id='word_1_433' title='bbox 3438 2507 3616 2552; x_wconf 90' lang='lat' dir='ltr'><strong>autem</strong></span> 
     </span>
    </p>
   </div>
   <div class='ocr_carea' id='block_1_57' title="bbox 2038 2584 3618 2664">
    <p class='ocr_par' dir='ltr' id='par_1_57' title="bbox 2038 2584 3618 2664">
     <span class='ocr_line' id='line_1_57' title="bbox 2038 2584 3618 2664; baseline -0.007 -15"><span class='ocrx_word' id='word_1_434' title='bbox 2038 2595 2149 2650; x_wconf 90' lang='lat' dir='ltr'><strong>vult</strong></span> <span class='ocrx_word' id='word_1_435' title='bbox 2178 2609 2282 2649; x_wconf 90' lang='lat' dir='ltr'><strong>non</strong></span> <span class='ocrx_word' id='word_1_436' title='bbox 2314 2608 2434 2664; x_wconf 72' lang='lat' dir='ltr'><strong>qua:</strong></span> <span class='ocrx_word' id='word_1_437' title='bbox 2464 2592 2519 2646; x_wconf 93' lang='lat' dir='ltr'><strong>in</strong></span> <span class='ocrx_word' id='word_1_438' title='bbox 2573 2590 2781 2645; x_wconf 90' lang='lat' dir='ltr'><strong>umbris</strong></span> <span class='ocrx_word' id='word_1_439' title='bbox 2812 2600 2868 2645; x_wconf 90' lang='lat' dir='ltr'><strong>et</strong></span> <span class='ocrx_word' id='word_1_440' title='bbox 2905 2589 3100 2645; x_wconf 88' lang='lat' dir='ltr'><strong>litteris</strong></span> <span class='ocrx_word' id='word_1_441' title='bbox 3130 2587 3390 2657; x_wconf 87' lang='lat' dir='ltr'><strong>legalibus</strong></span> <span class='ocrx_word' id='word_1_442' title='bbox 3439 2584 3618 2642; x_wconf 88' lang='lat' dir='ltr'><strong>consi-</strong></span> 
     </span>
    </p>
   </div>
   <div class='ocr_carea' id='block_1_58' title="bbox 2034 2679 3616 2756">
    <p class='ocr_par' dir='ltr' id='par_1_58' title="bbox 2034 2679 3616 2756">
     <span class='ocr_line' id='line_1_58' title="bbox 2034 2679 3616 2756; baseline -0.006 -14"><span class='ocrx_word' id='word_1_443' title='bbox 2034 2694 2209 2752; x_wconf 89' lang='lat' dir='ltr'><strong>stunt,</strong></span> <span class='ocrx_word' id='word_1_444' title='bbox 2243 2685 2338 2741; x_wconf 91' lang='lat' dir='ltr'><strong>sed</strong></span> <span class='ocrx_word' id='word_1_445' title='bbox 2355 2698 2476 2756; x_wconf 70' lang='lat' dir='ltr'><strong>qua:</strong></span> <span class='ocrx_word' id='word_1_446' title='bbox 2500 2683 2567 2737; x_wconf 88' lang='lat' dir='ltr'><strong>ad</strong></span> <span class='ocrx_word' id='word_1_447' title='bbox 2601 2691 2983 2738; x_wconf 86' lang='lat' dir='ltr'><strong>testamentum</strong></span> <span class='ocrx_word' id='word_1_448' title='bbox 3013 2696 3170 2737; x_wconf 81' lang='lat' dir='ltr'><strong>suum</strong></span> <span class='ocrx_word' id='word_1_449' title='bbox 3195 2679 3487 2750; x_wconf 90' lang='lat' dir='ltr'><strong>pertinent,</strong></span> <span class='ocrx_word' id='word_1_450' title='bbox 3516 2691 3616 2733; x_wconf 80' lang='lat' dir='ltr'><strong>no-</strong></span> 
     </span>
    </p>
   </div>
   <div class='ocr_carea' id='block_1_59' title="bbox 2035 2774 2929 2846">
    <p class='ocr_par' dir='ltr' id='par_1_59' title="bbox 2035 2774 2929 2846">
     <span class='ocr_line' id='line_1_59' title="bbox 2035 2774 2929 2846; baseline 0.001 -15"><span class='ocrx_word' id='word_1_451' title='bbox 2035 2792 2160 2833; x_wconf 86' lang='lat' dir='ltr'><strong>vum</strong></span> <span class='ocrx_word' id='word_1_452' title='bbox 2205 2776 2414 2834; x_wconf 91' lang='lat' dir='ltr'><strong>scilicet</strong></span> <span class='ocrx_word' id='word_1_453' title='bbox 2446 2785 2503 2831; x_wconf 89' lang='lat' dir='ltr'><strong>et</strong></span> <span class='ocrx_word' id='word_1_454' title='bbox 2534 2774 2929 2846; x_wconf 85' lang='lat' dir='ltr'><strong>evangelicum.</strong></span> 
     </span>
    </p>
   </div>
   <div class='ocr_carea' id='block_1_60' title="bbox 418 3036 1937 3130">
    <p class='ocr_par' dir='ltr' id='par_1_60' title="bbox 418 3036 1932 3130">
     <span class='ocr_line' id='line_1_60' title="bbox 418 3036 1932 3130; baseline 0.011 -40"><span class='ocrx_word' id='word_1_455' title='bbox 418 3036 529 3092; x_wconf 75' lang='grc' dir='ltr'><strong>Καὶ</strong></span> <span class='ocrx_word' id='word_1_456' title='bbox 553 3038 682 3130; x_wconf 61' lang='grc' dir='ltr'>τοῖς</span> <span class='ocrx_word' id='word_1_457' title='bbox 707 3040 1069 3130; x_wconf 44' lang='grc' dir='ltr'>ᾀλξογενέσι</span> <span class='ocrx_word' id='word_1_458' title='bbox 1095 3043 1221 3111; x_wconf 85' lang='grc' dir='ltr'>τοῖς</span> <span class='ocrx_word' id='word_1_459' title='bbox 1254 3049 1714 3119; x_wconf 75' lang='grc' dir='ltr'>προσκειμένοις</span> <span class='ocrx_word' id='word_1_460' title='bbox 1736 3052 1932 3120; x_wconf 83' lang='grc' dir='ltr'>Κυρίῳ</span> 
     </span>
    </p>
   </div>
   <div class='ocr_carea' id='block_1_61' title="bbox 2038 3036 3610 3130">
    <p class='ocr_par' dir='ltr' id='par_1_61' title="bbox 2109 3055 3610 3130">
     <span class='ocr_line' id='line_1_61' title="bbox 2109 3055 3610 3130; baseline -0.005 -13"><span class='ocrx_word' id='word_1_461' title='bbox 2109 3062 2410 3117; x_wconf 76' lang='lat' dir='ltr'><strong>\&#39;ens.6-8.</strong></span> <span class='ocrx_word' id='word_1_462' title='bbox 2448 3061 2517 3115; x_wconf 84' lang='lat' dir='ltr'><strong>Et</strong></span> <span class='ocrx_word' id='word_1_463' title='bbox 2576 3060 2785 3127; x_wconf 80' lang='lat' dir='ltr'><strong>alienis,</strong></span> <span class='ocrx_word' id='word_1_464' title='bbox 2815 3059 2906 3130; x_wconf 81' lang='lat' dir='ltr'><strong>qui</strong></span> <span class='ocrx_word' id='word_1_465' title='bbox 2947 3056 3148 3112; x_wconf 82' lang='lat' dir='ltr'><strong>addicti</strong></span> <span class='ocrx_word' id='word_1_466' title='bbox 3190 3066 3313 3111; x_wconf 84' lang='lat' dir='ltr'><strong>sunt</strong></span> <span class='ocrx_word' id='word_1_467' title='bbox 3363 3055 3610 3119; x_wconf 84' lang='lat' dir='ltr'><strong>Domino,</strong></span> 
     </span>
    </p>
   </div>
   <div class='ocr_carea' id='block_1_62' title="bbox 347 3122 1943 3208">
    <p class='ocr_par' dir='ltr' id='par_1_62' title="bbox 347 3122 1943 3208">
     <span class='ocr_line' id='line_1_62' title="bbox 347 3122 1943 3208; baseline 0.013 -31"><span class='ocrx_word' id='word_1_468' title='bbox 347 3122 849 3197; x_wconf 79' lang='grc' dir='ltr'>δουλεύειναύτῷ,</span> <span class='ocrx_word' id='word_1_469' title='bbox 882 3130 980 3183; x_wconf 77' lang='grc' dir='ltr'>καὶ</span> <span class='ocrx_word' id='word_1_470' title='bbox 1006 3131 1248 3201; x_wconf 73' lang='grc' dir='ltr'>ἀγαπᾷν</span> <span class='ocrx_word' id='word_1_471' title='bbox 1273 3134 1340 3187; x_wconf 82' lang='grc' dir='ltr'>τὸ</span> <span class='ocrx_word' id='word_1_472' title='bbox 1365 3136 1553 3205; x_wconf 84' lang='grc' dir='ltr'>ὄνομα</span> <span class='ocrx_word' id='word_1_473' title='bbox 1582 3139 1834 3208; x_wconf 83' lang='grc' dir='ltr'>Κυρίου,</span> <span class='ocrx_word' id='word_1_474' title='bbox 1864 3142 1943 3199; x_wconf 81' lang='grc' dir='ltr'>τὸ,</span> 
     </span>
    </p>
   </div>
   <div class='ocr_carea' id='block_1_63' title="bbox 348 3211 1934 3301">
    <p class='ocr_par' dir='ltr' id='par_1_63' title="bbox 348 3211 1934 3301">
     <span class='ocr_line' id='line_1_63' title="bbox 348 3211 1934 3301; baseline 0.014 -33"><span class='ocrx_word' id='word_1_475' title='bbox 348 3211 501 3270; x_wconf 77' lang='grc' dir='ltr'>εἶναι</span> <span class='ocrx_word' id='word_1_476' title='bbox 552 3216 713 3284; x_wconf 84' lang='grc' dir='ltr'>αὐτῷ</span> <span class='ocrx_word' id='word_1_477' title='bbox 747 3221 834 3286; x_wconf 84' lang='grc' dir='ltr'>εις</span> <span class='ocrx_word' id='word_1_478' title='bbox 871 3220 1132 3290; x_wconf 70' lang='grc' dir='ltr'>δούλους</span> <span class='ocrx_word' id='word_1_479' title='bbox 1166 3225 1268 3279; x_wconf 79' lang='grc' dir='ltr'>καὶ</span> <span class='ocrx_word' id='word_1_480' title='bbox 1300 3226 1545 3295; x_wconf 80' lang='grc' dir='ltr'>δούλας,</span> <span class='ocrx_word' id='word_1_481' title='bbox 1567 3232 1668 3285; x_wconf 77' lang='grc' dir='ltr'>καὶ</span> <span class='ocrx_word' id='word_1_482' title='bbox 1700 3233 1934 3301; x_wconf 81' lang='grc' dir='ltr'>πάντας</span> 
     </span>
    </p>
   </div>
   <div class='ocr_carea' id='block_1_64' title="bbox 348 3306 1932 3396">
    <p class='ocr_par' dir='ltr' id='par_1_64' title="bbox 348 3306 1932 3396">
     <span class='ocr_line' id='line_1_64' title="bbox 348 3306 1932 3396; baseline 0.014 -36"><span class='ocrx_word' id='word_1_483' title='bbox 348 3306 501 3375; x_wconf 47' lang='grc' dir='ltr'><strong>τοὺς⁵</strong></span> <span class='ocrx_word' id='word_1_484' title='bbox 509 3311 1021 3382; x_wconf 70' lang='grc' dir='ltr'>φυλασσομένους</span> <span class='ocrx_word' id='word_1_485' title='bbox 1056 3315 1130 3371; x_wconf 82' lang='grc' dir='ltr'>τὰ</span> <span class='ocrx_word' id='word_1_486' title='bbox 1169 3317 1439 3373; x_wconf 74' lang='grc' dir='ltr'>Σάϐϐατα</span> <span class='ocrx_word' id='word_1_487' title='bbox 1469 3338 1589 3390; x_wconf 79' lang='grc' dir='ltr'><strong>μου</strong></span> <span class='ocrx_word' id='word_1_488' title='bbox 1623 3324 1711 3393; x_wconf 76' lang='grc' dir='ltr'>μὴ</span> <span class='ocrx_word' id='word_1_489' title='bbox 1749 3327 1932 3396; x_wconf 82' lang='grc' dir='ltr'>,ϐεϐη-</span> 
     </span>
    </p>
   </div>
   <div class='ocr_carea' id='block_1_65' title="bbox 347 3397 1932 3484">
    <p class='ocr_par' dir='ltr' id='par_1_65' title="bbox 347 3397 1932 3484">
     <span class='ocr_line' id='line_1_65' title="bbox 347 3397 1932 3484; baseline 0.015 -34"><span class='ocrx_word' id='word_1_490' title='bbox 347 3397 520 3459; x_wconf 71' lang='grc' dir='ltr'>λοῦν,</span> <span class='ocrx_word' id='word_1_491' title='bbox 548 3400 646 3453; x_wconf 74' lang='grc' dir='ltr'>καὶ</span> <span class='ocrx_word' id='word_1_492' title='bbox 686 3402 1134 3473; x_wconf 79' lang='grc' dir='ltr'>ἀντεχομένους</span> <span class='ocrx_word' id='word_1_493' title='bbox 1170 3407 1280 3476; x_wconf 75' lang='grc' dir='ltr'>τῆς</span> <span class='ocrx_word' id='word_1_494' title='bbox 1319 3409 1611 3481; x_wconf 80' lang='grc' dir='ltr'>διαθήκης</span> <span class='ocrx_word' id='word_1_495' title='bbox 1642 3433 1781 3484; x_wconf 82' lang='grc' dir='ltr'>μου,</span> <span class='ocrx_word' id='word_1_496' title='bbox 1808 3421 1932 3473; x_wconf 76' lang='grc' dir='ltr'>εισ-</span> 
     </span>
    </p>
   </div>
   <div class='ocr_carea' id='block_1_66' title="bbox 347 3488 1933 3577">
    <p class='ocr_par' dir='ltr' id='par_1_66' title="bbox 347 3488 1933 3577">
     <span class='ocr_line' id='line_1_66' title="bbox 347 3488 1933 3577; baseline 0.015 -35"><span class='ocrx_word' id='word_1_497' title='bbox 347 3488 471 3555; x_wconf 76' lang='grc' dir='ltr'><strong>ἁξω</strong></span> <span class='ocrx_word' id='word_1_498' title='bbox 488 3492 712 3560; x_wconf 85' lang='grc' dir='ltr'>αὐτοὺς</span> <span class='ocrx_word' id='word_1_499' title='bbox 726 3496 815 3561; x_wconf 79' lang='grc' dir='ltr'>εἰς</span> <span class='ocrx_word' id='word_1_500' title='bbox 843 3495 908 3549; x_wconf 83' lang='grc' dir='ltr'>τὸ</span> <span class='ocrx_word' id='word_1_501' title='bbox 931 3495 1070 3565; x_wconf 86' lang='grc' dir='ltr'>ὅρος</span> <span class='ocrx_word' id='word_1_502' title='bbox 1090 3501 1155 3553; x_wconf 87' lang='grc' dir='ltr'>τὸ</span> <span class='ocrx_word' id='word_1_503' title='bbox 1182 3499 1357 3569; x_wconf 71' lang='grc' dir='ltr'>ἅγιόν</span> <span class='ocrx_word' id='word_1_504' title='bbox 1373 3520 1515 3571; x_wconf 84' lang='grc' dir='ltr'>μου,</span> <span class='ocrx_word' id='word_1_505' title='bbox 1537 3506 1637 3560; x_wconf 80' lang='grc' dir='ltr'>καὶ</span> <span class='ocrx_word' id='word_1_506' title='bbox 1656 3509 1933 3577; x_wconf 72' lang='grc' dir='ltr'>εὐφρανῶ</span> 
     </span>
    </p>
   </div>
   <div class='ocr_carea' id='block_1_67' title="bbox 347 3582 1935 3665">
    <p class='ocr_par' dir='ltr' id='par_1_67' title="bbox 347 3582 1935 3665">
     <span class='ocr_line' id='line_1_67' title="bbox 347 3582 1935 3665; baseline 0.014 -31"><span class='ocrx_word' id='word_1_507' title='bbox 347 3582 570 3649; x_wconf 86' lang='grc' dir='ltr'>αὐτοὺς</span> <span class='ocrx_word' id='word_1_508' title='bbox 602 3583 672 3637; x_wconf 79' lang='grc' dir='ltr'>ἐν</span> <span class='ocrx_word' id='word_1_509' title='bbox 701 3585 780 3651; x_wconf 86' lang='grc' dir='ltr'>τῷ</span> <span class='ocrx_word' id='word_1_510' title='bbox 810 3586 956 3652; x_wconf 79' lang='grc' dir='ltr'>οἴκῳ</span> <span class='ocrx_word' id='word_1_511' title='bbox 982 3587 1093 3656; x_wconf 82' lang='grc' dir='ltr'>τῆς</span> <span class='ocrx_word' id='word_1_512' title='bbox 1130 3591 1483 3662; x_wconf 81' lang='grc' dir='ltr'>προσευχῆς</span> <span class='ocrx_word' id='word_1_513' title='bbox 1516 3614 1655 3665; x_wconf 89' lang='grc' dir='ltr'>μου.</span> <span class='ocrx_word' id='word_1_514' title='bbox 1689 3598 1767 3653; x_wconf 84' lang='grc' dir='ltr'><em>Τὰ</em></span> <span class='ocrx_word' id='word_1_515' title='bbox 1804 3603 1935 3655; x_wconf 72' lang='grc' dir='ltr'>ὁλοο</span> 
     </span>
    </p>
   </div>
   <div class='ocr_carea' id='block_1_68' title="bbox 351 3675 1931 3745">
    <p class='ocr_par' dir='ltr' id='par_1_68' title="bbox 351 3675 1931 3745">
     <span class='ocr_line' id='line_1_68' title="bbox 351 3675 1931 3745; baseline 0.011 -17"><span class='ocrx_word' id='word_1_516' title='bbox 351 3675 705 3745; x_wconf 80' lang='grc' dir='ltr'>καυτώματα</span> <span class='ocrx_word' id='word_1_517' title='bbox 746 3677 966 3743; x_wconf 85' lang='grc' dir='ltr'>αὐτῶν,</span> <span class='ocrx_word' id='word_1_518' title='bbox 989 3680 1089 3734; x_wconf 77' lang='grc' dir='ltr'>καὶ</span> <span class='ocrx_word' id='word_1_519' title='bbox 1129 3683 1190 3735; x_wconf 85' lang='lat' dir='ltr'><strong>al</strong></span> <span class='ocrx_word' id='word_1_520' title='bbox 1228 3685 1436 3739; x_wconf 82' lang='grc' dir='ltr'>θυσίαι</span> <span class='ocrx_word' id='word_1_521' title='bbox 1466 3685 1668 3741; x_wconf 83' lang='grc' dir='ltr'>αὐτῶν</span> <span class='ocrx_word' id='word_1_522' title='bbox 1684 3686 1931 3745; x_wconf 76' lang='grc' dir='ltr'>ἔσονται</span> 
     </span>
    </p>
   </div>
   <div class='ocr_carea' id='block_1_69' title="bbox 356 3766 1933 3853">
    <p class='ocr_par' dir='ltr' id='par_1_69' title="bbox 356 3766 1933 3853">
     <span class='ocr_line' id='line_1_69' title="bbox 356 3766 1933 3853; baseline 0.011 -32"><span class='ocrx_word' id='word_1_523' title='bbox 356 3766 557 3823; x_wconf 80' lang='grc' dir='ltr'>δεκταὶ</span> <span class='ocrx_word' id='word_1_524' title='bbox 580 3769 679 3824; x_wconf 77' lang='grc' dir='ltr'><strong>ἐπὶ</strong></span> <span class='ocrx_word' id='word_1_525' title='bbox 706 3771 774 3824; x_wconf 87' lang='grc' dir='ltr'>τὸ</span> <span class='ocrx_word' id='word_1_526' title='bbox 807 3772 1242 3843; x_wconf 83' lang='grc' dir='ltr'>θυσιαστήριόν</span> <span class='ocrx_word' id='word_1_527' title='bbox 1256 3793 1396 3846; x_wconf 82' lang='grc' dir='ltr'>μου.</span> <span class='ocrx_word' id='word_1_528' title='bbox 1414 3778 1468 3830; x_wconf 90' lang='lat'><strong>&#39;0</strong></span> <span class='ocrx_word' id='word_1_529' title='bbox 1492 3780 1602 3849; x_wconf 82' lang='grc' dir='ltr'>γὰρ</span> <span class='ocrx_word' id='word_1_530' title='bbox 1633 3776 1798 3850; x_wconf 77' lang='grc' dir='ltr'>οἶκός</span> <span class='ocrx_word' id='word_1_531' title='bbox 1813 3801 1933 3853; x_wconf 88' lang='grc' dir='ltr'><strong>μου</strong></span> 
     </span>
    </p>
   </div>
   <div class='ocr_carea' id='block_1_70' title="bbox 286 3853 1932 3939">
    <p class='ocr_par' dir='ltr' id='par_1_70' title="bbox 286 3853 1932 3939">
     <span class='ocr_line' id='line_1_70' title="bbox 286 3853 1932 3939; baseline 0.012 -28"><span class='ocrx_word' id='word_1_532' title='bbox 286 3928 289 3931; x_wconf 92' lang='lat'><em>_</em></span> <span class='ocrx_word' id='word_1_533' title='bbox 348 3853 515 3933; x_wconf 63' lang='grc' dir='ltr'>οἶκος</span> <span class='ocrx_word' id='word_1_534' title='bbox 548 3861 898 3932; x_wconf 80' lang='grc' dir='ltr'>προσευχῆς</span> <span class='ocrx_word' id='word_1_535' title='bbox 921 3866 1408 3935; x_wconf 74' lang='grc' dir='ltr'>προκληθήσεται</span> <span class='ocrx_word' id='word_1_536' title='bbox 1432 3868 1584 3926; x_wconf 86' lang='grc' dir='ltr'>πᾶσι</span> <span class='ocrx_word' id='word_1_537' title='bbox 1613 3873 1739 3939; x_wconf 83' lang='grc' dir='ltr'>τοῖς</span> <span class='ocrx_word' id='word_1_538' title='bbox 1768 3874 1932 3931; x_wconf 76' lang='grc' dir='ltr'>ἔθνε-</span> 
     </span>
    </p>
   </div>
   <div class='ocr_carea' id='block_1_71' title="bbox 350 3948 1931 4037">
    <p class='ocr_par' dir='ltr' id='par_1_71' title="bbox 350 3948 1931 4037">
     <span class='ocr_line' id='line_1_71' title="bbox 350 3948 1931 4037; baseline 0.012 -33"><span class='ocrx_word' id='word_1_539' title='bbox 350 3966 473 4017; x_wconf 84' lang='grc' dir='ltr'>σιν,</span> <span class='ocrx_word' id='word_1_540' title='bbox 494 3948 627 4006; x_wconf 77' lang='grc' dir='ltr'>εἷπε</span> <span class='ocrx_word' id='word_1_541' title='bbox 650 3954 860 4023; x_wconf 82' lang='grc' dir='ltr'>Κύριος</span> <span class='ocrx_word' id='word_1_542' title='bbox 894 3958 928 4010; x_wconf 86' lang='grc' dir='ltr'><strong>ό</strong></span> <span class='ocrx_word' id='word_1_543' title='bbox 957 3956 1240 4027; x_wconf 81' lang='grc' dir='ltr'>συνάγων</span> <span class='ocrx_word' id='word_1_544' title='bbox 1268 3960 1411 4028; x_wconf 84' lang='grc' dir='ltr'>τοὺς</span> <span class='ocrx_word' id='word_1_545' title='bbox 1450 3962 1931 4037; x_wconf 79' lang='grc' dir='ltr'>διεσπαρμένους</span> 
     </span>
    </p>
   </div>
   <div class='ocr_carea' id='block_1_72' title="bbox 364 4044 627 4115">
    <p class='ocr_par' dir='ltr' id='par_1_72' title="bbox 364 4044 627 4115">
     <span class='ocr_line' id='line_1_72' title="bbox 364 4044 627 4115; baseline 0.011 -18"><span class='ocrx_word' id='word_1_546' title='bbox 364 4044 627 4115; x_wconf 74' lang='grc' dir='ltr'>Ἰσραήλ.</span> 
     </span>
    </p>
   </div>
   <div class='ocr_carea' id='block_1_73' title="bbox 420 4137 1929 4221">
    <p class='ocr_par' dir='ltr' id='par_1_73' title="bbox 420 4137 1929 4221">
     <span class='ocr_line' id='line_1_73' title="bbox 420 4137 1929 4221; baseline 0.013 -33"><span class='ocrx_word' id='word_1_547' title='bbox 420 4137 725 4193; x_wconf 86' lang='grc' dir='ltr'>Συναπτέον</span> <span class='ocrx_word' id='word_1_548' title='bbox 751 4142 865 4204; x_wconf 86' lang='grc' dir='ltr'>τοῖς</span> <span class='ocrx_word' id='word_1_549' title='bbox 894 4140 1084 4194; x_wconf 87' lang='grc' dir='ltr'>ἀνόπιν</span> <span class='ocrx_word' id='word_1_550' title='bbox 1115 4144 1207 4197; x_wconf 77' lang='grc' dir='ltr'><strong>καὶ</strong></span> <span class='ocrx_word' id='word_1_551' title='bbox 1234 4144 1426 4209; x_wconf 88' lang='grc' dir='ltr'>ταῦτα,</span> <span class='ocrx_word' id='word_1_552' title='bbox 1457 4142 1576 4221; x_wconf 78' lang='grc' dir='ltr'><strong>ἴν“ᾕ</strong></span> <span class='ocrx_word' id='word_1_553' title='bbox 1605 4149 1848 4205; x_wconf 83' lang='grc' dir='ltr'>τοιοῦτον</span> <span class='ocrx_word' id='word_1_554' title='bbox 1868 4152 1929 4206; x_wconf 79' lang='grc' dir='ltr'><strong>τὸ</strong></span> 
     </span>
    </p>
   </div>
   <div class='ocr_carea' id='block_1_74' title="bbox 348 4228 1929 4310">
    <p class='ocr_par' dir='ltr' id='par_1_74' title="bbox 348 4228 1929 4310">
     <span class='ocr_line' id='line_1_74' title="bbox 348 4228 1929 4310; baseline 0.01 -29"><span class='ocrx_word' id='word_1_555' title='bbox 348 4228 658 4299; x_wconf 77' lang='grc' dir='ltr'>λεγόμενονο</span> <span class='ocrx_word' id='word_1_556' title='bbox 688 4230 827 4284; x_wconf 88' lang='grc' dir='ltr'>Τάδε</span> <span class='ocrx_word' id='word_1_557' title='bbox 846 4230 994 4301; x_wconf 82' lang='grc' dir='ltr'>λέγει</span> <span class='ocrx_word' id='word_1_558' title='bbox 1017 4233 1221 4304; x_wconf 87' lang='grc' dir='ltr'>Κύριος</span> <span class='ocrx_word' id='word_1_559' title='bbox 1240 4238 1352 4300; x_wconf 83' lang='grc' dir='ltr'>τοῖς</span> <span class='ocrx_word' id='word_1_560' title='bbox 1370 4237 1664 4310; x_wconf 81' lang='grc' dir='ltr'>εὐνούχοις,</span> <span class='ocrx_word' id='word_1_561' title='bbox 1691 4243 1784 4298; x_wconf 76' lang='grc' dir='ltr'><strong>καὶ</strong></span> <span class='ocrx_word' id='word_1_562' title='bbox 1815 4247 1929 4308; x_wconf 85' lang='grc' dir='ltr'>τοῖς</span> 
     </span>
    </p>
   </div>
   <div class='ocr_carea' id='block_1_75' title="bbox 346 4317 1924 4407">
    <p class='ocr_par' dir='ltr' id='par_1_75' title="bbox 346 4317 1924 4407">
     <span class='ocr_line' id='line_1_75' title="bbox 346 4317 1924 4407; baseline 0.013 -36"><span class='ocrx_word' id='word_1_563' title='bbox 346 4317 656 4386; x_wconf 86' lang='grc' dir='ltr'>ἀλλογενέσι</span> <span class='ocrx_word' id='word_1_564' title='bbox 679 4323 794 4383; x_wconf 84' lang='grc' dir='ltr'>τοῖς</span> <span class='ocrx_word' id='word_1_565' title='bbox 816 4324 1235 4395; x_wconf 78' lang='grc' dir='ltr'>προσκειμένοις</span> <span class='ocrx_word' id='word_1_566' title='bbox 1258 4328 1447 4401; x_wconf 82' lang='grc' dir='ltr'>Κυρίῳ</span> <span class='ocrx_word' id='word_1_567' title='bbox 1466 4331 1738 4386; x_wconf 85' lang='grc' dir='ltr'>δουλεύειν</span> <span class='ocrx_word' id='word_1_568' title='bbox 1756 4335 1924 4407; x_wconf 82' lang='grc' dir='ltr'>αὐτῷ.</span> 
     </span>
    </p>
   </div>
   <div class='ocr_carea' id='block_1_76' title="bbox 347 4404 2005 4495">
    <p class='ocr_par' dir='ltr' id='par_1_76' title="bbox 347 4404 2005 4495">
     <span class='ocr_line' id='line_1_76' title="bbox 347 4404 2005 4495; baseline 0.011 -33"><span class='ocrx_word' id='word_1_569' title='bbox 347 4408 558 4463; x_wconf 81' lang='grc' dir='ltr'>Οὐκοῦν</span> <span class='ocrx_word' id='word_1_570' title='bbox 580 4409 882 4479; x_wconf 84' lang='grc' dir='ltr'>διαλέγεται</span> <span class='ocrx_word' id='word_1_571' title='bbox 912 4418 1025 4479; x_wconf 87' lang='grc' dir='ltr'>τοῖς</span> <span class='ocrx_word' id='word_1_572' title='bbox 1052 4416 1108 4483; x_wconf 78' lang='grc' dir='ltr'>ἐξ</span> <span class='ocrx_word' id='word_1_573' title='bbox 1140 4416 1331 4485; x_wconf 83' lang='grc' dir='ltr'>ἐθνῶν,</span> <span class='ocrx_word' id='word_1_574' title='bbox 1360 4423 1454 4476; x_wconf 74' lang='grc' dir='ltr'>καὶ</span> <span class='ocrx_word' id='word_1_575' title='bbox 1476 4422 1593 4477; x_wconf 75' lang='grc' dir='ltr'>οὔτι</span> <span class='ocrx_word' id='word_1_576' title='bbox 1620 4440 1722 4477; x_wconf 88' lang='grc' dir='ltr'><strong>που</strong></span> <span class='ocrx_word' id='word_1_577' title='bbox 1747 4404 1929 4495; x_wconf 82' lang='grc' dir='ltr'>μόνοις</span> <span class='ocrx_word' id='word_1_578' title='bbox 1959 4404 2005 4460; x_wconf 82' lang='grc' dir='ltr'><strong>Ῑ)</strong></span> 
     </span>
    </p>
   </div>
   <div class='ocr_carea' id='block_1_77' title="bbox 345 4500 1932 4585">
    <p class='ocr_par' dir='ltr' id='par_1_77' title="bbox 345 4500 1932 4585">
     <span class='ocr_line' id='line_1_77' title="bbox 345 4500 1932 4585; baseline 0.013 -33"><span class='ocrx_word' id='word_1_579' title='bbox 345 4502 458 4563; x_wconf 84' lang='grc' dir='ltr'>τοῖς</span> <span class='ocrx_word' id='word_1_580' title='bbox 495 4500 553 4566; x_wconf 79' lang='grc' dir='ltr'>ἐξ</span> <span class='ocrx_word' id='word_1_581' title='bbox 601 4501 828 4570; x_wconf 80' lang='grc' dir='ltr'>αἵματος</span> <span class='ocrx_word' id='word_1_582' title='bbox 875 4504 1111 4577; x_wconf 81' lang='grc' dir='ltr'>Ἰσραὴλ,</span> <span class='ocrx_word' id='word_1_583' title='bbox 1147 4511 1197 4563; x_wconf 81' lang='grc' dir='ltr'><strong>οῖ</strong></span> <span class='ocrx_word' id='word_1_584' title='bbox 1243 4512 1339 4581; x_wconf 83' lang='grc' dir='ltr'>τὴν</span> <span class='ocrx_word' id='word_1_585' title='bbox 1381 4512 1553 4585; x_wconf 75' lang='grc' dir='ltr'>ὀφρὺν</span> <span class='ocrx_word' id='word_1_586' title='bbox 1579 4516 1932 4582; x_wconf 82' lang='grc' dir='ltr'>ἀνασπῶντες</span> 
     </span>
    </p>
   </div>
   <div class='ocr_carea' id='block_1_78' title="bbox 347 4588 1934 4679">
    <p class='ocr_par' dir='ltr' id='par_1_78' title="bbox 347 4588 1934 4679">
     <span class='ocr_line' id='line_1_78' title="bbox 347 4588 1934 4679; baseline 0.015 -41"><span class='ocrx_word' id='word_1_587' title='bbox 347 4588 556 4679; x_wconf 59' lang='grc' dir='ltr'>ὑψηλὴν</span> <span class='ocrx_word' id='word_1_588' title='bbox 608 4593 1012 4661; x_wconf 83' lang='grc' dir='ltr'>κατεπεφύοντο</span> <span class='ocrx_word' id='word_1_589' title='bbox 1064 4597 1172 4651; x_wconf 84' lang='grc' dir='ltr'><strong>τῶν</strong></span> <span class='ocrx_word' id='word_1_590' title='bbox 1212 4600 1514 4671; x_wconf 84' lang='grc' dir='ltr'>ἀλλογενῶν</span> <span class='ocrx_word' id='word_1_591' title='bbox 1537 4644 1552 4669; x_wconf 95' lang='grc'><strong>,</strong></span> <span class='ocrx_word' id='word_1_592' title='bbox 1597 4606 1790 4679; x_wconf 85' lang='grc' dir='ltr'>μερίδα</span> <span class='ocrx_word' id='word_1_593' title='bbox 1839 4610 1934 4663; x_wconf 61' lang='grc' dir='ltr'><strong>καὶ⁸</strong></span> 
     </span>
    </p>
   </div>
   <div class='ocr_carea' id='block_1_79' title="bbox 348 4678 1927 4770">
    <p class='ocr_par' dir='ltr' id='par_1_79' title="bbox 348 4678 1927 4770">
     <span class='ocr_line' id='line_1_79' title="bbox 348 4678 1927 4770; baseline 0.018 -40"><span class='ocrx_word' id='word_1_594' title='bbox 348 4678 549 4747; x_wconf 80' lang='grc' dir='ltr'>κλῆρον</span> <span class='ocrx_word' id='word_1_595' title='bbox 602 4679 738 4733; x_wconf 86' lang='grc' dir='ltr'>Θεοῦ</span> <span class='ocrx_word' id='word_1_596' title='bbox 775 4683 870 4736; x_wconf 72' lang='grc' dir='ltr'>καὶ</span> <span class='ocrx_word' id='word_1_597' title='bbox 915 4684 1043 4739; x_wconf 72' lang='grc' dir='ltr'>λαὸν</span> <span class='ocrx_word' id='word_1_598' title='bbox 1086 4688 1240 4756; x_wconf 82' lang='grc' dir='ltr'>άγιον</span> <span class='ocrx_word' id='word_1_599' title='bbox 1280 4694 1506 4760; x_wconf 78' lang='grc' dir='ltr'>ἑαυτοὺς</span> <span class='ocrx_word' id='word_1_600' title='bbox 1534 4678 1890 4770; x_wconf 81' lang='grc' dir='ltr'>ὀνομάζοντες</span> <span class='ocrx_word' id='word_1_601' title='bbox 1915 4720 1927 4733; x_wconf 94' lang='grc'>·</span> 
     </span>
    </p>
   </div>
   <div class='ocr_carea' id='block_1_80' title="bbox 347 4770 1932 4861">
    <p class='ocr_par' dir='ltr' id='par_1_80' title="bbox 347 4770 1932 4861">
     <span class='ocr_line' id='line_1_80' title="bbox 347 4770 1932 4861; baseline 0.018 -40"><span class='ocrx_word' id='word_1_602' title='bbox 347 4770 646 4861; x_wconf 64' lang='grc' dir='ltr'>φάσκοντες</span> <span class='ocrx_word' id='word_1_603' title='bbox 703 4772 799 4838; x_wconf 85' lang='grc' dir='ltr'>τὸ,</span> <span class='ocrx_word' id='word_1_604' title='bbox 865 4793 884 4826; x_wconf 81' lang='lat' dir='ltr'><strong>t</strong></span> <span class='ocrx_word' id='word_1_605' title='bbox 917 4776 1192 4848; x_wconf 77' lang='grc' dir='ltr'>Μακάριοι</span> <span class='ocrx_word' id='word_1_606' title='bbox 1242 4783 1409 4853; x_wconf 79' lang='grc' dir='ltr'>ἐσμεν</span> <span class='ocrx_word' id='word_1_607' title='bbox 1443 4789 1692 4861; x_wconf 87' lang='grc' dir='ltr'>Ἰσραὴλ,</span> <span class='ocrx_word' id='word_1_608' title='bbox 1737 4793 1820 4848; x_wconf 83' lang='grc' dir='ltr'>ὅτι</span> <span class='ocrx_word' id='word_1_609' title='bbox 1864 4794 1932 4849; x_wconf 84' lang='grc' dir='ltr'>τὰ</span> 
     </span>
    </p>
   </div>
   <div class='ocr_carea' id='block_1_81' title="bbox 343 4860 1921 4953">
    <p class='ocr_par' dir='ltr' id='par_1_81' title="bbox 343 4860 1921 4953">
     <span class='ocr_line' id='line_1_81' title="bbox 343 4860 1921 4953; baseline 0.02 -43"><span class='ocrx_word' id='word_1_610' title='bbox 343 4860 546 4953; x_wconf 81' lang='grc' dir='ltr'>ἀρεστὰ</span> <span class='ocrx_word' id='word_1_611' title='bbox 594 4863 785 4935; x_wconf 85' lang='grc' dir='ltr'>Κυρίῳ</span> <span class='ocrx_word' id='word_1_612' title='bbox 832 4866 1048 4934; x_wconf 77' lang='grc' dir='ltr'>γνωστὰ</span> <span class='ocrx_word' id='word_1_613' title='bbox 1099 4870 1229 4938; x_wconf 80' lang='grc' dir='ltr'>ἡμῖν</span> <span class='ocrx_word' id='word_1_614' title='bbox 1274 4872 1412 4928; x_wconf 79' lang='grc' dir='ltr'>ἐστι.</span> <span class='ocrx_word' id='word_1_615' title='bbox 1444 4894 1462 4928; x_wconf 71' lang='grc' dir='ltr'><strong>ι</strong></span> <span class='ocrx_word' id='word_1_616' title='bbox 1503 4860 1772 4953; x_wconf 85' lang='grc' dir='ltr'>Πρόδηλον</span> <span class='ocrx_word' id='word_1_617' title='bbox 1805 4880 1921 4953; x_wconf 79' lang='grc' dir='ltr'>οὖν,</span> 
     </span>
    </p>
   </div>
   <div class='ocr_carea' id='block_1_82' title="bbox 342 4952 1919 5048">
    <p class='ocr_par' dir='ltr' id='par_1_82' title="bbox 342 4952 1919 5048">
     <span class='ocr_line' id='line_1_82' title="bbox 342 4952 1919 5048; baseline 0.018 -45"><span class='ocrx_word' id='word_1_618' title='bbox 342 4952 423 5004; x_wconf 80' lang='grc' dir='ltr'>ὅτι</span> <span class='ocrx_word' id='word_1_619' title='bbox 474 4953 537 5006; x_wconf 86' lang='grc' dir='ltr'><strong>οὐ</strong></span> <span class='ocrx_word' id='word_1_620' title='bbox 585 4956 858 5027; x_wconf 83' lang='grc' dir='ltr'>σαρκικῆς</span> <span class='ocrx_word' id='word_1_621' title='bbox 904 4958 1182 5026; x_wconf 87' lang='grc' dir='ltr'>εὐγενείας</span> <span class='ocrx_word' id='word_1_622' title='bbox 1211 4961 1442 5034; x_wconf 84' lang='grc' dir='ltr'>δύναμις</span> <span class='ocrx_word' id='word_1_623' title='bbox 1472 4952 1729 5027; x_wconf 84' lang='grc' dir='ltr'>συνάπτει</span> <span class='ocrx_word' id='word_1_624' title='bbox 1760 4976 1919 5048; x_wconf 72' lang='grc' dir='ltr'>Θεῷο</span> 
     </span>
    </p>
   </div>
   <div class='ocr_carea' id='block_1_83' title="bbox 342 5044 1922 5139">
    <p class='ocr_par' dir='ltr' id='par_1_83' title="bbox 342 5044 1922 5139">
     <span class='ocr_line' id='line_1_83' title="bbox 342 5044 1922 5139; baseline 0.017 -43"><span class='ocrx_word' id='word_1_625' title='bbox 342 5044 403 5096; x_wconf 83' lang='grc' dir='ltr'><strong>οὐ</strong></span> <span class='ocrx_word' id='word_1_626' title='bbox 440 5044 550 5139; x_wconf 81' lang='grc' dir='ltr'><strong>γάρ</strong></span> <span class='ocrx_word' id='word_1_627' title='bbox 577 5047 657 5101; x_wconf 80' lang='grc' dir='ltr'>ὅτι</span> <span class='ocrx_word' id='word_1_628' title='bbox 686 5050 974 5118; x_wconf 86' lang='grc' dir='ltr'>γεγόνασιν</span> <span class='ocrx_word' id='word_1_629' title='bbox 1014 5051 1073 5116; x_wconf 80' lang='grc' dir='ltr'>ἐξ</span> <span class='ocrx_word' id='word_1_630' title='bbox 1104 5053 1374 5128; x_wconf 83' lang='grc' dir='ltr'>Ἀϐραάμ,</span> <span class='ocrx_word' id='word_1_631' title='bbox 1421 5059 1620 5131; x_wconf 88' lang='grc' dir='ltr'>κλῆρος</span> <span class='ocrx_word' id='word_1_632' title='bbox 1651 5064 1786 5121; x_wconf 83' lang='grc' dir='ltr'>Θεοῦ</span> <span class='ocrx_word' id='word_1_633' title='bbox 1822 5044 1922 5139; x_wconf 83' lang='grc' dir='ltr'>με-</span> 
     </span>
    </p>
   </div>
   <div class='ocr_carea' id='block_1_84' title="bbox 346 5136 1922 5213">
    <p class='ocr_par' dir='ltr' id='par_1_84' title="bbox 346 5136 1922 5213">
     <span class='ocr_line' id='line_1_84' title="bbox 346 5136 1922 5213; baseline 0.018 -28"><span class='ocrx_word' id='word_1_634' title='bbox 346 5136 636 5204; x_wconf 84' lang='grc' dir='ltr'>μενήκασι,</span> <span class='ocrx_word' id='word_1_635' title='bbox 676 5139 1118 5208; x_wconf 85' lang='grc' dir='ltr'>καταλογισθεῖεν</span> <span class='ocrx_word' id='word_1_636' title='bbox 1146 5143 1191 5197; x_wconf 84' lang='grc' dir='ltr'>δ’</span> <span class='ocrx_word' id='word_1_637' title='bbox 1218 5144 1287 5200; x_wconf 83' lang='grc' dir='ltr'>ἂν</span> <span class='ocrx_word' id='word_1_638' title='bbox 1332 5148 1412 5210; x_wconf 84' lang='grc' dir='ltr'><strong>είς</strong></span> <span class='ocrx_word' id='word_1_639' title='bbox 1457 5147 1584 5205; x_wconf 83' lang='grc' dir='ltr'>λαὸν</span> <span class='ocrx_word' id='word_1_640' title='bbox 1628 5154 1792 5209; x_wconf 89' lang='grc' dir='ltr'>αὐτοῦ</span> <span class='ocrx_word' id='word_1_641' title='bbox 1824 5136 1922 5213; x_wconf 39' lang='grc' dir='ltr'>’διὰ</span> 
     </span>
    </p>
   </div>
   <div class='ocr_carea' id='block_1_85' title="bbox 344 5225 1920 5315">
    <p class='ocr_par' dir='ltr' id='par_1_85' title="bbox 344 5225 1920 5315">
     <span class='ocr_line' id='line_1_85' title="bbox 344 5225 1920 5315; baseline 0.017 -41"><span class='ocrx_word' id='word_1_642' title='bbox 344 5225 638 5315; x_wconf 77' lang='grc' dir='ltr'>συναφείας</span> <span class='ocrx_word' id='word_1_643' title='bbox 668 5227 770 5298; x_wconf 84' lang='grc' dir='ltr'>τῆς</span> <span class='ocrx_word' id='word_1_644' title='bbox 804 5234 1177 5303; x_wconf 83' lang='grc' dir='ltr'>πνευματικῆς</span> <span class='ocrx_word' id='word_1_645' title='bbox 1221 5239 1269 5289; x_wconf 80' lang='lat' dir='ltr'><strong>oi</strong></span> <span class='ocrx_word' id='word_1_646' title='bbox 1314 5237 1460 5309; x_wconf 83' lang='grc' dir='ltr'>αὐτῷ</span> <span class='ocrx_word' id='word_1_647' title='bbox 1515 5244 1920 5315; x_wconf 86' lang='grc' dir='ltr'>προσκείμενοι,</span> 
     </span>
    </p>
   </div>
   <div class='ocr_carea' id='block_1_86' title="bbox 316 5313 1922 5400">
    <p class='ocr_par' dir='ltr' id='par_1_86' title="bbox 316 5313 1922 5400">
     <span class='ocr_line' id='line_1_86' title="bbox 316 5313 1922 5400; baseline 0.016 -35"><span class='ocrx_word' id='word_1_648' title='bbox 316 5313 447 5367; x_wconf 68' lang='grc' dir='ltr'><strong>,κᾶν</strong></span> <span class='ocrx_word' id='word_1_649' title='bbox 494 5317 547 5369; x_wconf 80' lang='grc' dir='ltr'>ετ</span> <span class='ocrx_word' id='word_1_650' title='bbox 587 5334 729 5382; x_wconf 89' lang='grc' dir='ltr'>τινες</span> <span class='ocrx_word' id='word_1_651' title='bbox 782 5315 892 5372; x_wconf 78' lang='grc' dir='ltr'>εἷεν</span> <span class='ocrx_word' id='word_1_652' title='bbox 939 5321 1264 5391; x_wconf 85' lang='grc' dir='ltr'>ἁλλογενεῖς,</span> <span class='ocrx_word' id='word_1_653' title='bbox 1301 5330 1686 5400; x_wconf 80' lang='grc' dir='ltr'>προσκείμενοι</span> <span class='ocrx_word' id='word_1_654' title='bbox 1736 5313 1794 5387; x_wconf 82' lang='grc' dir='ltr'>δὲ</span> <span class='ocrx_word' id='word_1_655' title='bbox 1834 5336 1922 5391; x_wconf 89' lang='grc' dir='ltr'><strong>διά</strong></span> 
     </span>
    </p>
   </div>
   <div class='ocr_carea' id='block_1_87' title="bbox 2034 3147 3615 3223">
    <p class='ocr_par' dir='ltr' id='par_1_87' title="bbox 2034 3147 3615 3223">
     <span class='ocr_line' id='line_1_87' title="bbox 2034 3147 3615 3223; baseline -0.006 -14"><span class='ocrx_word' id='word_1_656' title='bbox 2034 3155 2225 3209; x_wconf 75' lang='lat' dir='ltr'><strong>servire</strong></span> <span class='ocrx_word' id='word_1_657' title='bbox 2260 3154 2327 3217; x_wconf 79' lang='lat' dir='ltr'><strong>ei,</strong></span> <span class='ocrx_word' id='word_1_658' title='bbox 2355 3164 2404 3208; x_wconf 83' lang='lat' dir='ltr'><strong>et</strong></span> <span class='ocrx_word' id='word_1_659' title='bbox 2438 3152 2658 3223; x_wconf 81' lang='lat' dir='ltr'><strong>diligere</strong></span> <span class='ocrx_word' id='word_1_660' title='bbox 2685 3167 2870 3205; x_wconf 85' lang='lat' dir='ltr'><strong>nomen</strong></span> <span class='ocrx_word' id='word_1_661' title='bbox 2924 3148 3158 3211; x_wconf 83' lang='lat' dir='ltr'><strong>Domini,</strong></span> <span class='ocrx_word' id='word_1_662' title='bbox 3207 3156 3263 3200; x_wconf 87' lang='lat' dir='ltr'><strong>ut</strong></span> <span class='ocrx_word' id='word_1_663' title='bbox 3302 3147 3403 3201; x_wconf 81' lang='lat' dir='ltr'><strong>sint</strong></span> <span class='ocrx_word' id='word_1_664' title='bbox 3442 3148 3490 3200; x_wconf 87' lang='lat' dir='ltr'><strong>ei</strong></span> <span class='ocrx_word' id='word_1_665' title='bbox 3559 3149 3615 3200; x_wconf 88' lang='lat' dir='ltr'><strong>in</strong></span> 
     </span>
    </p>
   </div>
   <div class='ocr_carea' id='block_1_88' title="bbox 2033 3235 3612 3314">
    <p class='ocr_par' dir='ltr' id='par_1_88' title="bbox 2033 3235 3612 3314">
     <span class='ocr_line' id='line_1_88' title="bbox 2033 3235 3612 3314; baseline -0.006 -14"><span class='ocrx_word' id='word_1_666' title='bbox 2033 3262 2205 3300; x_wconf 83' lang='lat' dir='ltr'><strong>servos</strong></span> <span class='ocrx_word' id='word_1_667' title='bbox 2225 3254 2272 3299; x_wconf 84' lang='lat' dir='ltr'><strong>et</strong></span> <span class='ocrx_word' id='word_1_668' title='bbox 2323 3244 2566 3310; x_wconf 80' lang='lat' dir='ltr'><strong>ancillas,</strong></span> <span class='ocrx_word' id='word_1_669' title='bbox 2606 3253 2652 3298; x_wconf 90' lang='lat' dir='ltr'><strong>et</strong></span> <span class='ocrx_word' id='word_1_670' title='bbox 2698 3243 2989 3314; x_wconf 83' lang='lat' dir='ltr'><strong>quicunque</strong></span> <span class='ocrx_word' id='word_1_671' title='bbox 3038 3239 3339 3294; x_wconf 84' lang='lat' dir='ltr'><strong>custodiunt</strong></span> <span class='ocrx_word' id='word_1_672' title='bbox 3383 3235 3612 3292; x_wconf 84' lang='lat' dir='ltr'><strong>Sabbata</strong></span> 
     </span>
    </p>
   </div>
   <div class='ocr_carea' id='block_1_89' title="bbox 2037 3330 3613 3400">
    <p class='ocr_par' dir='ltr' id='par_1_89' title="bbox 2037 3330 3613 3400">
     <span class='ocr_line' id='line_1_89' title="bbox 2037 3330 3613 3400; baseline -0.006 -14"><span class='ocrx_word' id='word_1_673' title='bbox 2037 3351 2170 3396; x_wconf 89' lang='lat' dir='ltr'><strong>mea,</strong></span> <span class='ocrx_word' id='word_1_674' title='bbox 2224 3349 2286 3387; x_wconf 90' lang='lat' dir='ltr'><strong>ne</strong></span> <span class='ocrx_word' id='word_1_675' title='bbox 2359 3333 2638 3400; x_wconf 77' lang='lat' dir='ltr'><strong>profanenl</strong></span> <span class='ocrx_word' id='word_1_676' title='bbox 2688 3346 2772 3396; x_wconf 86' lang='lat' dir='ltr'><strong>ea,</strong></span> <span class='ocrx_word' id='word_1_677' title='bbox 2817 3337 2865 3383; x_wconf 86' lang='lat' dir='ltr'><strong>et</strong></span> <span class='ocrx_word' id='word_1_678' title='bbox 2903 3330 2994 3397; x_wconf 87' lang='lat' dir='ltr'><strong>qui</strong></span> <span class='ocrx_word' id='word_1_679' title='bbox 3034 3337 3206 3381; x_wconf 83' lang='lat' dir='ltr'><strong>tenent</strong></span> <span class='ocrx_word' id='word_1_680' title='bbox 3248 3335 3613 3381; x_wconf 79' lang='lat' dir='ltr'><strong>testamentum</strong></span> 
     </span>
    </p>
   </div>
   <div class='ocr_carea' id='block_1_90' title="bbox 2033 3422 3616 3488">
    <p class='ocr_par' dir='ltr' id='par_1_90' title="bbox 2033 3422 3616 3488">
     <span class='ocr_line' id='line_1_90' title="bbox 2033 3422 3616 3488; baseline -0.005 -11"><span class='ocrx_word' id='word_1_681' title='bbox 2033 3440 2226 3488; x_wconf 84' lang='lat' dir='ltr'><strong>meum,</strong></span> <span class='ocrx_word' id='word_1_682' title='bbox 2258 3424 2513 3477; x_wconf 83' lang='lat' dir='ltr'><strong>inducam</strong></span> <span class='ocrx_word' id='word_1_683' title='bbox 2548 3438 2634 3475; x_wconf 83' lang='lat' dir='ltr'><strong>eos</strong></span> <span class='ocrx_word' id='word_1_684' title='bbox 2683 3422 2739 3473; x_wconf 87' lang='lat' dir='ltr'><strong>in</strong></span> <span class='ocrx_word' id='word_1_685' title='bbox 2791 3428 3016 3473; x_wconf 84' lang='lat' dir='ltr'><strong>montem</strong></span> <span class='ocrx_word' id='word_1_686' title='bbox 3050 3429 3290 3473; x_wconf 84' lang='lat' dir='ltr'><strong>sanctum</strong></span> <span class='ocrx_word' id='word_1_687' title='bbox 3335 3433 3528 3480; x_wconf 81' lang='lat' dir='ltr'><strong>meum,</strong></span> <span class='ocrx_word' id='word_1_688' title='bbox 3565 3427 3616 3470; x_wconf 80' lang='lat' dir='ltr'><strong>et</strong></span> 
     </span>
    </p>
   </div>
   <div class='ocr_carea' id='block_1_91' title="bbox 2035 3507 3616 3570">
    <p class='ocr_par' dir='ltr' id='par_1_91' title="bbox 2035 3507 3616 3570">
     <span class='ocr_line' id='line_1_91' title="bbox 2035 3507 3616 3570; baseline -0.006 0"><span class='ocrx_word' id='word_1_689' title='bbox 2035 3514 2340 3570; x_wconf 70' lang='lat' dir='ltr'><strong>exhilarabo</strong></span> <span class='ocrx_word' id='word_1_690' title='bbox 2375 3531 2462 3568; x_wconf 82' lang='lat' dir='ltr'><strong>eos</strong></span> <span class='ocrx_word' id='word_1_691' title='bbox 2508 3514 2565 3566; x_wconf 89' lang='lat' dir='ltr'><strong>in</strong></span> <span class='ocrx_word' id='word_1_692' title='bbox 2592 3514 2746 3565; x_wconf 88' lang='lat' dir='ltr'><strong>domo</strong></span> <span class='ocrx_word' id='word_1_693' title='bbox 2781 3511 3036 3565; x_wconf 84' lang='lat' dir='ltr'><strong>orationis</strong></span> <span class='ocrx_word' id='word_1_694' title='bbox 3080 3525 3208 3564; x_wconf 80' lang='lat' dir='ltr'><strong>mea:</strong></span> <span class='ocrx_word' id='word_1_695' title='bbox 3243 3524 3263 3561; x_wconf 88' lang='lat'><strong><em>:</em></strong></span> <span class='ocrx_word' id='word_1_696' title='bbox 3308 3507 3616 3561; x_wconf 80' lang='lat' dir='ltr'><strong>holocausta</strong></span> 
     </span>
    </p>
   </div>
   <div class='ocr_carea' id='block_1_92' title="bbox 2034 3598 3609 3665">
    <p class='ocr_par' dir='ltr' id='par_1_92' title="bbox 2034 3598 3609 3665">
     <span class='ocr_line' id='line_1_92' title="bbox 2034 3598 3609 3665; baseline -0.009 -3"><span class='ocrx_word' id='word_1_697' title='bbox 2034 3621 2213 3662; x_wconf 87' lang='lat' dir='ltr'><strong>eorum</strong></span> <span class='ocrx_word' id='word_1_698' title='bbox 2233 3612 2282 3657; x_wconf 83' lang='lat' dir='ltr'><strong>et</strong></span> <span class='ocrx_word' id='word_1_699' title='bbox 2303 3604 2524 3658; x_wconf 79' lang='lat' dir='ltr'><strong>victima:</strong></span> <span class='ocrx_word' id='word_1_700' title='bbox 2552 3617 2732 3655; x_wconf 84' lang='lat' dir='ltr'><strong>eorum</strong></span> <span class='ocrx_word' id='word_1_701' title='bbox 2763 3610 2913 3655; x_wconf 86' lang='lat' dir='ltr'><strong>erunt</strong></span> <span class='ocrx_word' id='word_1_702' title='bbox 2943 3598 3281 3665; x_wconf 84' lang='lat' dir='ltr'><strong>acceptabiles</strong></span> <span class='ocrx_word' id='word_1_703' title='bbox 3335 3612 3488 3665; x_wconf 87' lang='lat' dir='ltr'><strong>super</strong></span> <span class='ocrx_word' id='word_1_704' title='bbox 3525 3598 3609 3649; x_wconf 84' lang='lat' dir='ltr'><strong>al-</strong></span> 
     </span>
    </p>
   </div>
   <div class='ocr_carea' id='block_1_93' title="bbox 2037 3687 3604 3749">
    <p class='ocr_par' dir='ltr' id='par_1_93' title="bbox 2037 3687 3604 3749">
     <span class='ocr_line' id='line_1_93' title="bbox 2037 3687 3604 3749; baseline -0.006 0"><span class='ocrx_word' id='word_1_705' title='bbox 2037 3704 2150 3749; x_wconf 83' lang='lat' dir='ltr'><strong>tare</strong></span> <span class='ocrx_word' id='word_1_706' title='bbox 2184 3709 2375 3748; x_wconf 88' lang='lat' dir='ltr'><strong>meum.</strong></span> <span class='ocrx_word' id='word_1_707' title='bbox 2408 3692 2604 3746; x_wconf 87' lang='lat' dir='ltr'><strong>Domus</strong></span> <span class='ocrx_word' id='word_1_708' title='bbox 2642 3691 2779 3745; x_wconf 88' lang='lat' dir='ltr'><strong>enim</strong></span> <span class='ocrx_word' id='word_1_709' title='bbox 2816 3706 2929 3745; x_wconf 87' lang='lat' dir='ltr'><strong>mea</strong></span> <span class='ocrx_word' id='word_1_710' title='bbox 2977 3691 3164 3743; x_wconf 84' lang='lat' dir='ltr'><strong>domus</strong></span> <span class='ocrx_word' id='word_1_711' title='bbox 3199 3687 3454 3740; x_wconf 77' lang='lat' dir='ltr'><strong>orationis</strong></span> <span class='ocrx_word' id='word_1_712' title='bbox 3515 3703 3604 3740; x_wconf 81' lang='lat' dir='ltr'><strong>vo-</strong></span> 
     </span>
    </p>
   </div>
   <div class='ocr_carea' id='block_1_94' title="bbox 2035 3778 3606 3851">
    <p class='ocr_par' dir='ltr' id='par_1_94' title="bbox 2035 3778 3606 3851">
     <span class='ocr_line' id='line_1_94' title="bbox 2035 3778 3606 3851; baseline -0.004 -11"><span class='ocrx_word' id='word_1_713' title='bbox 2035 3786 2242 3840; x_wconf 85' lang='lat' dir='ltr'><strong>cabitur</strong></span> <span class='ocrx_word' id='word_1_714' title='bbox 2263 3782 2462 3838; x_wconf 83' lang='lat' dir='ltr'><strong>cunctis</strong></span> <span class='ocrx_word' id='word_1_715' title='bbox 2491 3780 2751 3851; x_wconf 80' lang='lat' dir='ltr'><strong>gentibus,</strong></span> <span class='ocrx_word' id='word_1_716' title='bbox 2783 3780 2910 3835; x_wconf 83' lang='lat' dir='ltr'><strong>dicit</strong></span> <span class='ocrx_word' id='word_1_717' title='bbox 2945 3779 3220 3846; x_wconf 79' lang='lat' dir='ltr'><strong>Dominus,</strong></span> <span class='ocrx_word' id='word_1_718' title='bbox 3267 3778 3357 3848; x_wconf 85' lang='lat' dir='ltr'><strong>qui</strong></span> <span class='ocrx_word' id='word_1_719' title='bbox 3389 3793 3606 3849; x_wconf 84' lang='lat' dir='ltr'><strong>congre-</strong></span> 
     </span>
    </p>
   </div>
   <div class='ocr_carea' id='block_1_95' title="bbox 2035 3873 2623 3948">
    <p class='ocr_par' dir='ltr' id='par_1_95' title="bbox 2035 3873 2623 3948">
     <span class='ocr_line' id='line_1_95' title="bbox 2035 3873 2623 3948; baseline -0.005 -17"><span class='ocrx_word' id='word_1_720' title='bbox 2035 3886 2121 3948; x_wconf 86' lang='lat' dir='ltr'><strong>gat</strong></span> <span class='ocrx_word' id='word_1_721' title='bbox 2146 3876 2406 3947; x_wconf 80' lang='lat' dir='ltr'><strong>dispersos</strong></span> <span class='ocrx_word' id='word_1_722' title='bbox 2432 3873 2623 3930; x_wconf 86' lang='lat' dir='ltr'><strong>Israel.</strong></span> 
     </span>
    </p>
   </div>
   <div class='ocr_carea' id='block_1_96' title="bbox 2107 4156 3614 4228">
    <p class='ocr_par' dir='ltr' id='par_1_96' title="bbox 2107 4156 3614 4228">
     <span class='ocr_line' id='line_1_96' title="bbox 2107 4156 3614 4228; baseline -0.001 -16"><span class='ocrx_word' id='word_1_723' title='bbox 2107 4158 2452 4214; x_wconf 87' lang='lat' dir='ltr'><strong>Aduectenda</strong></span> <span class='ocrx_word' id='word_1_724' title='bbox 2480 4167 2605 4214; x_wconf 92' lang='lat' dir='ltr'><strong>sunt</strong></span> <span class='ocrx_word' id='word_1_725' title='bbox 2628 4158 2742 4213; x_wconf 67' lang='lat' dir='ltr'><strong>haec</strong></span> <span class='ocrx_word' id='word_1_726' title='bbox 2772 4172 2988 4227; x_wconf 89' lang='lat' dir='ltr'><strong>quoque</strong></span> <span class='ocrx_word' id='word_1_727' title='bbox 3011 4157 3397 4228; x_wconf 84' lang='lat' dir='ltr'><strong>superioribus,</strong></span> <span class='ocrx_word' id='word_1_728' title='bbox 3430 4165 3488 4211; x_wconf 91' lang='lat' dir='ltr'><strong>ut</strong></span> <span class='ocrx_word' id='word_1_729' title='bbox 3509 4156 3614 4211; x_wconf 85' lang='lat' dir='ltr'><strong>tale</strong></span> 
     </span>
    </p>
   </div>
   <div class='ocr_carea' id='block_1_97' title="bbox 2036 4248 3611 4322">
    <p class='ocr_par' dir='ltr' id='par_1_97' title="bbox 2036 4248 3611 4322">
     <span class='ocr_line' id='line_1_97' title="bbox 2036 4248 3611 4322; baseline -0.002 -18"><span class='ocrx_word' id='word_1_730' title='bbox 2036 4251 2165 4322; x_wconf 90' lang='lat' dir='ltr'><strong>quid</strong></span> <span class='ocrx_word' id='word_1_731' title='bbox 2202 4251 2414 4306; x_wconf 88' lang='lat' dir='ltr'><strong>dicatur</strong></span> <span class='ocrx_word' id='word_1_732' title='bbox 2443 4266 2458 4303; x_wconf 89' lang='lat'><strong>:</strong></span> <span class='ocrx_word' id='word_1_733' title='bbox 2496 4249 2619 4306; x_wconf 68' lang='lat' dir='ltr'><strong>Haec</strong></span> <span class='ocrx_word' id='word_1_734' title='bbox 2647 4250 2779 4306; x_wconf 89' lang='lat' dir='ltr'><strong>dicit</strong></span> <span class='ocrx_word' id='word_1_735' title='bbox 2805 4250 3062 4307; x_wconf 83' lang='lat' dir='ltr'><strong>Dominus</strong></span> <span class='ocrx_word' id='word_1_736' title='bbox 3090 4248 3370 4313; x_wconf 88' lang='lat' dir='ltr'><strong>eunuchis,</strong></span> <span class='ocrx_word' id='word_1_737' title='bbox 3403 4257 3458 4303; x_wconf 91' lang='lat' dir='ltr'><strong>et</strong></span> <span class='ocrx_word' id='word_1_738' title='bbox 3485 4250 3611 4302; x_wconf 85' lang='lat' dir='ltr'><strong>alie-</strong></span> 
     </span>
    </p>
   </div>
   <div class='ocr_carea' id='block_1_98' title="bbox 2035 4338 3612 4411">
    <p class='ocr_par' dir='ltr' id='par_1_98' title="bbox 2035 4338 3612 4411">
     <span class='ocr_line' id='line_1_98' title="bbox 2035 4338 3612 4411; baseline -0.001 -15"><span class='ocrx_word' id='word_1_739' title='bbox 2035 4342 2269 4411; x_wconf 86' lang='lat' dir='ltr'><strong>nigenis,</strong></span> <span class='ocrx_word' id='word_1_740' title='bbox 2303 4340 2538 4396; x_wconf 84' lang='lat' dir='ltr'><strong>addictis</strong></span> <span class='ocrx_word' id='word_1_741' title='bbox 2565 4341 2812 4407; x_wconf 91' lang='lat' dir='ltr'><strong>Domino,</strong></span> <span class='ocrx_word' id='word_1_742' title='bbox 2838 4350 2902 4395; x_wconf 90' lang='lat' dir='ltr'><strong>ut</strong></span> <span class='ocrx_word' id='word_1_743' title='bbox 2930 4342 3169 4395; x_wconf 81' lang='lat' dir='ltr'><strong>serviant</strong></span> <span class='ocrx_word' id='word_1_744' title='bbox 3198 4340 3267 4395; x_wconf 86' lang='lat' dir='ltr'><strong>ei.</strong></span> <span class='ocrx_word' id='word_1_745' title='bbox 3293 4338 3465 4394; x_wconf 83' lang='lat' dir='ltr'><strong>liabet</strong></span> <span class='ocrx_word' id='word_1_746' title='bbox 3485 4355 3612 4410; x_wconf 82' lang='lat' dir='ltr'><strong>ergo</strong></span> 
     </span>
    </p>
   </div>
   <div class='ocr_carea' id='block_1_99' title="bbox 2032 4428 3608 4498">
    <p class='ocr_par' dir='ltr' id='par_1_99' title="bbox 2032 4428 3608 4498">
     <span class='ocr_line' id='line_1_99' title="bbox 2032 4428 3608 4498; baseline -0.003 -12"><span class='ocrx_word' id='word_1_747' title='bbox 2032 4445 2339 4486; x_wconf 90' lang='lat' dir='ltr'><strong>sermonem</strong></span> <span class='ocrx_word' id='word_1_748' title='bbox 2399 4445 2523 4485; x_wconf 91' lang='lat' dir='ltr'><strong>eum</strong></span> <span class='ocrx_word' id='word_1_749' title='bbox 2558 4430 2830 4498; x_wconf 86' lang='lat' dir='ltr'><strong>gentibus,</strong></span> <span class='ocrx_word' id='word_1_750' title='bbox 2856 4443 2963 4483; x_wconf 90' lang='lat' dir='ltr'><strong>non</strong></span> <span class='ocrx_word' id='word_1_751' title='bbox 3002 4443 3124 4484; x_wconf 90' lang='lat' dir='ltr'><strong>cum</strong></span> <span class='ocrx_word' id='word_1_752' title='bbox 3151 4428 3284 4484; x_wconf 87' lang='lat' dir='ltr'><strong>solis</strong></span> <span class='ocrx_word' id='word_1_753' title='bbox 3328 4428 3608 4489; x_wconf 88' lang='lat' dir='ltr'><strong>lsraelitis,</strong></span> 
     </span>
    </p>
   </div>
   <div class='ocr_carea' id='block_1_100' title="bbox 2032 4516 3611 4591">
    <p class='ocr_par' dir='ltr' id='par_1_100' title="bbox 2032 4516 3611 4591">
     <span class='ocr_line' id='line_1_100' title="bbox 2032 4516 3611 4591; baseline -0.006 -12"><span class='ocrx_word' id='word_1_754' title='bbox 2032 4519 2189 4591; x_wconf 81' lang='lat'><strong>791</strong></span> <span class='ocrx_word' id='word_1_755' title='bbox 2209 4520 2301 4590; x_wconf 86' lang='lat' dir='ltr'><strong>qui</strong></span> <span class='ocrx_word' id='word_1_756' title='bbox 2332 4519 2499 4575; x_wconf 85' lang='lat' dir='ltr'><strong>altum</strong></span> <span class='ocrx_word' id='word_1_757' title='bbox 2533 4518 2882 4589; x_wconf 87' lang='lat' dir='ltr'><strong>supercilium</strong></span> <span class='ocrx_word' id='word_1_758' title='bbox 2907 4518 3206 4589; x_wconf 83' lang='lat' dir='ltr'><strong>erigebant,</strong></span> <span class='ocrx_word' id='word_1_759' title='bbox 3256 4526 3311 4572; x_wconf 89' lang='lat' dir='ltr'><strong>et</strong></span> <span class='ocrx_word' id='word_1_760' title='bbox 3357 4516 3611 4586; x_wconf 87' lang='lat' dir='ltr'><strong>alienige-</strong></span> 
     </span>
    </p>
   </div>
   <div class='ocr_carea' id='block_1_101' title="bbox 2034 4609 3610 4683">
    <p class='ocr_par' dir='ltr' id='par_1_101' title="bbox 2034 4609 3610 4683">
     <span class='ocr_line' id='line_1_101' title="bbox 2034 4609 3610 4683; baseline -0.004 -13"><span class='ocrx_word' id='word_1_761' title='bbox 2034 4631 2133 4670; x_wconf 85' lang='lat' dir='ltr'><strong>nas</strong></span> <span class='ocrx_word' id='word_1_762' title='bbox 2173 4610 2526 4683; x_wconf 87' lang='lat' dir='ltr'><strong>impetebant,</strong></span> <span class='ocrx_word' id='word_1_763' title='bbox 2566 4624 2626 4665; x_wconf 89' lang='lat' dir='ltr'><strong>se</strong></span> <span class='ocrx_word' id='word_1_764' title='bbox 2649 4609 2949 4679; x_wconf 87' lang='lat' dir='ltr'><strong>portionem</strong></span> <span class='ocrx_word' id='word_1_765' title='bbox 2974 4620 3029 4665; x_wconf 88' lang='lat' dir='ltr'><strong>et</strong></span> <span class='ocrx_word' id='word_1_766' title='bbox 3051 4621 3253 4665; x_wconf 88' lang='lat' dir='ltr'><strong>sortem</strong></span> <span class='ocrx_word' id='word_1_767' title='bbox 3288 4610 3403 4677; x_wconf 85' lang='lat' dir='ltr'><strong>Dei,</strong></span> <span class='ocrx_word' id='word_1_768' title='bbox 3435 4619 3488 4664; x_wconf 92' lang='lat' dir='ltr'><strong>et</strong></span> <span class='ocrx_word' id='word_1_769' title='bbox 3515 4624 3610 4677; x_wconf 84' lang='lat' dir='ltr'><strong>po-</strong></span> 
     </span>
    </p>
   </div>
   <div class='ocr_carea' id='block_1_102' title="bbox 2032 4700 3607 4776">
    <p class='ocr_par' dir='ltr' id='par_1_102' title="bbox 2032 4700 3607 4776">
     <span class='ocr_line' id='line_1_102' title="bbox 2032 4700 3607 4776; baseline -0.006 -15"><span class='ocrx_word' id='word_1_770' title='bbox 2032 4707 2215 4776; x_wconf 88' lang='lat' dir='ltr'><strong>pulum</strong></span> <span class='ocrx_word' id='word_1_771' title='bbox 2250 4710 2497 4760; x_wconf 84' lang='lat' dir='ltr'><strong>sanctum</strong></span> <span class='ocrx_word' id='word_1_772' title='bbox 2526 4702 2886 4768; x_wconf 84' lang='lat' dir='ltr'><strong>nominantes,</strong></span> <span class='ocrx_word' id='word_1_773' title='bbox 2911 4718 2975 4757; x_wconf 90' lang='lat' dir='ltr'><strong>ac</strong></span> <span class='ocrx_word' id='word_1_774' title='bbox 3004 4703 3314 4758; x_wconf 88' lang='lat' dir='ltr'><strong>dictitantes</strong></span> <span class='ocrx_word' id='word_1_775' title='bbox 3347 4717 3361 4755; x_wconf 89' lang='lat'><strong>:</strong></span> <span class='ocrx_word' id='word_1_776' title='bbox 3398 4718 3416 4752; x_wconf 83' lang='grc' dir='ltr'><strong>ι</strong></span> <span class='ocrx_word' id='word_1_777' title='bbox 3458 4700 3607 4754; x_wconf 87' lang='lat' dir='ltr'><strong>Beati</strong></span> 
     </span>
    </p>
   </div>
   <div class='ocr_carea' id='block_1_103' title="bbox 2030 4792 3607 4863">
    <p class='ocr_par' dir='ltr' id='par_1_103' title="bbox 2030 4792 3607 4863">
     <span class='ocr_line' id='line_1_103' title="bbox 2030 4792 3607 4863; baseline -0.008 -9"><span class='ocrx_word' id='word_1_778' title='bbox 2030 4813 2218 4854; x_wconf 87' lang='lat' dir='ltr'><strong>sumus</strong></span> <span class='ocrx_word' id='word_1_779' title='bbox 2241 4794 2428 4859; x_wconf 86' lang='lat' dir='ltr'><strong>Israel,</strong></span> <span class='ocrx_word' id='word_1_780' title='bbox 2457 4793 2581 4863; x_wconf 91' lang='lat' dir='ltr'><strong>quia</strong></span> <span class='ocrx_word' id='word_1_781' title='bbox 2622 4809 2743 4862; x_wconf 62' lang='lat' dir='ltr'><strong>quae</strong></span> <span class='ocrx_word' id='word_1_782' title='bbox 2771 4804 2897 4849; x_wconf 91' lang='lat' dir='ltr'><strong>sunt</strong></span> <span class='ocrx_word' id='word_1_783' title='bbox 2942 4792 3161 4862; x_wconf 87' lang='lat' dir='ltr'><strong>accepta</strong></span> <span class='ocrx_word' id='word_1_784' title='bbox 3198 4793 3445 4856; x_wconf 89' lang='lat' dir='ltr'><strong>Domino,</strong></span> <span class='ocrx_word' id='word_1_785' title='bbox 3481 4801 3607 4844; x_wconf 81' lang='lat' dir='ltr'><strong>nota</strong></span> 
     </span>
    </p>
   </div>
   <div class='ocr_carea' id='block_1_104' title="bbox 2030 4881 3608 4954">
    <p class='ocr_par' dir='ltr' id='par_1_104' title="bbox 2030 4881 3608 4954">
     <span class='ocr_line' id='line_1_104' title="bbox 2030 4881 3608 4954; baseline -0.006 -8"><span class='ocrx_word' id='word_1_786' title='bbox 2030 4899 2157 4946; x_wconf 89' lang='lat' dir='ltr'><strong>sunt</strong></span> <span class='ocrx_word' id='word_1_787' title='bbox 2202 4886 2355 4942; x_wconf 84' lang='lat' dir='ltr'><strong>nobis</strong></span> <span class='ocrx_word' id='word_1_788' title='bbox 2375 4886 2444 4939; x_wconf 82' lang='lat'><strong>“.</strong></span> <span class='ocrx_word' id='word_1_789' title='bbox 2477 4903 2495 4937; x_wconf 77' lang='grc' dir='ltr'><strong>ι</strong></span> <span class='ocrx_word' id='word_1_790' title='bbox 2546 4882 2773 4939; x_wconf 86' lang='lat' dir='ltr'><strong>Constat</strong></span> <span class='ocrx_word' id='word_1_791' title='bbox 2833 4899 2963 4954; x_wconf 90' lang='lat' dir='ltr'><strong>ergo</strong></span> <span class='ocrx_word' id='word_1_792' title='bbox 3021 4882 3257 4939; x_wconf 86' lang='lat' dir='ltr'><strong>carnalis</strong></span> <span class='ocrx_word' id='word_1_793' title='bbox 3310 4881 3608 4936; x_wconf 87' lang='lat' dir='ltr'><strong>nobilitatis</strong></span> 
     </span>
    </p>
   </div>
   <div class='ocr_carea' id='block_1_105' title="bbox 2031 4971 3606 5040">
    <p class='ocr_par' dir='ltr' id='par_1_105' title="bbox 2031 4971 3606 5040">
     <span class='ocr_line' id='line_1_105' title="bbox 2031 4971 3606 5040; baseline -0.003 -12"><span class='ocrx_word' id='word_1_794' title='bbox 2031 4976 2282 5031; x_wconf 86' lang='lat' dir='ltr'><strong>virtutem</strong></span> <span class='ocrx_word' id='word_1_795' title='bbox 2316 4990 2415 5030; x_wconf 90' lang='lat' dir='ltr'><strong>nos</strong></span> <span class='ocrx_word' id='word_1_796' title='bbox 2451 4973 2563 5028; x_wconf 90' lang='lat' dir='ltr'><strong>Deo</strong></span> <span class='ocrx_word' id='word_1_797' title='bbox 2610 4987 2717 5028; x_wconf 90' lang='lat' dir='ltr'><strong>non</strong></span> <span class='ocrx_word' id='word_1_798' title='bbox 2764 4973 3123 5040; x_wconf 79' lang='lat' dir='ltr'><strong>conjungere;</strong></span> <span class='ocrx_word' id='word_1_799' title='bbox 3163 4986 3265 5025; x_wconf 90' lang='lat' dir='ltr'><strong>nec</strong></span> <span class='ocrx_word' id='word_1_800' title='bbox 3287 4972 3431 5025; x_wconf 87' lang='lat' dir='ltr'><strong>enim</strong></span> <span class='ocrx_word' id='word_1_801' title='bbox 3465 4971 3606 5038; x_wconf 89' lang='lat' dir='ltr'><strong>quod</strong></span> 
     </span>
    </p>
   </div>
   <div class='ocr_carea' id='block_1_106' title="bbox 2030 5063 3602 5132">
    <p class='ocr_par' dir='ltr' id='par_1_106' title="bbox 2030 5063 3602 5132">
     <span class='ocr_line' id='line_1_106' title="bbox 2030 5063 3602 5132; baseline -0.004 -9"><span class='ocrx_word' id='word_1_802' title='bbox 2030 5069 2139 5123; x_wconf 90' lang='lat' dir='ltr'><strong>nati</strong></span> <span class='ocrx_word' id='word_1_803' title='bbox 2174 5077 2299 5123; x_wconf 89' lang='lat' dir='ltr'><strong>sunt</strong></span> <span class='ocrx_word' id='word_1_804' title='bbox 2318 5067 2648 5132; x_wconf 79' lang='lat' dir='ltr'><strong>Abraham‘o,</strong></span> <span class='ocrx_word' id='word_1_805' title='bbox 2700 5080 2822 5122; x_wconf 86' lang='lat' dir='ltr'><strong>sors</strong></span> <span class='ocrx_word' id='word_1_806' title='bbox 2870 5065 2961 5119; x_wconf 90' lang='lat' dir='ltr'><strong>Dei</strong></span> <span class='ocrx_word' id='word_1_807' title='bbox 3006 5073 3350 5128; x_wconf 87' lang='lat' dir='ltr'><strong>manserunt;</strong></span> <span class='ocrx_word' id='word_1_808' title='bbox 3386 5063 3479 5117; x_wconf 90' lang='lat' dir='ltr'><strong>sed</strong></span> <span class='ocrx_word' id='word_1_809' title='bbox 3510 5080 3602 5131; x_wconf 84' lang='lat' dir='ltr'><strong>po-</strong></span> 
     </span>
    </p>
   </div>
   <div class='ocr_carea' id='block_1_107' title="bbox 2029 5154 3601 5230">
    <p class='ocr_par' dir='ltr' id='par_1_107' title="bbox 2029 5154 3601 5230">
     <span class='ocr_line' id='line_1_107' title="bbox 2029 5154 3601 5230; baseline -0.003 -15"><span class='ocrx_word' id='word_1_810' title='bbox 2029 5160 2154 5230; x_wconf 89' lang='lat' dir='ltr'><strong>pulo</strong></span> <span class='ocrx_word' id='word_1_811' title='bbox 2178 5159 2271 5215; x_wconf 93' lang='lat' dir='ltr'><strong>Dei</strong></span> <span class='ocrx_word' id='word_1_812' title='bbox 2293 5159 2682 5215; x_wconf 86' lang='lat' dir='ltr'><strong>annumerandi</strong></span> <span class='ocrx_word' id='word_1_813' title='bbox 2704 5169 2851 5224; x_wconf 92' lang='lat' dir='ltr'><strong>sunt,</strong></span> <span class='ocrx_word' id='word_1_814' title='bbox 2875 5157 2966 5228; x_wconf 94' lang='lat' dir='ltr'><strong>qui</strong></span> <span class='ocrx_word' id='word_1_815' title='bbox 2988 5155 3251 5227; x_wconf 87' lang='lat' dir='ltr'><strong>spirituali</strong></span> <span class='ocrx_word' id='word_1_816' title='bbox 3282 5156 3468 5224; x_wconf 89' lang='lat' dir='ltr'><strong>copula</strong></span> <span class='ocrx_word' id='word_1_817' title='bbox 3502 5154 3601 5223; x_wconf 87' lang='lat' dir='ltr'><strong>ipsi</strong></span> 
     </span>
    </p>
   </div>
   <div class='ocr_carea' id='block_1_108' title="bbox 2027 5247 3602 5321">
    <p class='ocr_par' dir='ltr' id='par_1_108' title="bbox 2027 5247 3602 5321">
     <span class='ocr_line' id='line_1_108' title="bbox 2027 5247 3602 5321; baseline -0.004 -16"><span class='ocrx_word' id='word_1_818' title='bbox 2027 5251 2323 5318; x_wconf 68' lang='lat' dir='ltr'><strong>adhaerent,</strong></span> <span class='ocrx_word' id='word_1_819' title='bbox 2353 5251 2566 5307; x_wconf 89' lang='lat' dir='ltr'><strong>etiamsi</strong></span> <span class='ocrx_word' id='word_1_820' title='bbox 2620 5250 2936 5321; x_wconf 67' lang='lat' dir='ltr'><strong>alienigena:</strong></span> <span class='ocrx_word' id='word_1_821' title='bbox 2982 5250 3112 5313; x_wconf 85' lang='lat' dir='ltr'><strong>sint,</strong></span> <span class='ocrx_word' id='word_1_822' title='bbox 3139 5249 3298 5303; x_wconf 84' lang='lat' dir='ltr'><strong>modo</strong></span> <span class='ocrx_word' id='word_1_823' title='bbox 3324 5260 3419 5318; x_wconf 90' lang='lat' dir='ltr'><strong>per</strong></span> <span class='ocrx_word' id='word_1_824' title='bbox 3445 5247 3602 5300; x_wconf 85' lang='lat' dir='ltr'><strong>Iidem</strong></span> 
     </span>
    </p>
   </div>
   <div class='ocr_carea' id='block_1_109' title="bbox 2027 5339 3600 5413">
    <p class='ocr_par' dir='ltr' id='par_1_109' title="bbox 2027 5339 3600 5413">
     <span class='ocr_line' id='line_1_109' title="bbox 2027 5339 3600 5413; baseline -0.004 -15"><span class='ocrx_word' id='word_1_825' title='bbox 2027 5343 2075 5398; x_wconf 90' lang='lat' dir='ltr'><strong>ei</strong></span> <span class='ocrx_word' id='word_1_826' title='bbox 2100 5343 2210 5399; x_wconf 89' lang='lat' dir='ltr'><strong>sint</strong></span> <span class='ocrx_word' id='word_1_827' title='bbox 2236 5344 2456 5410; x_wconf 90' lang='lat' dir='ltr'><strong>addicti,</strong></span> <span class='ocrx_word' id='word_1_828' title='bbox 2494 5344 2719 5413; x_wconf 79' lang='lat' dir='ltr'><strong>ejusque</strong></span> <span class='ocrx_word' id='word_1_829' title='bbox 2747 5342 3063 5397; x_wconf 88' lang='lat' dir='ltr'><strong>servitutem</strong></span> <span class='ocrx_word' id='word_1_830' title='bbox 3099 5341 3284 5412; x_wconf 88' lang='lat' dir='ltr'><strong>gloriae</strong></span> <span class='ocrx_word' id='word_1_831' title='bbox 3344 5340 3445 5393; x_wconf 89' lang='lat' dir='ltr'><strong>sibi</strong></span> <span class='ocrx_word' id='word_1_832' title='bbox 3499 5339 3600 5393; x_wconf 55' lang='lat' dir='ltr'><strong>tlu«</strong></span> 
     </span>
    </p>
   </div>
   <div class='ocr_carea' id='block_1_110' title="bbox 342 5407 1937 5511">
    <p class='ocr_par' dir='ltr' id='par_1_110' title="bbox 342 5407 1918 5495">
     <span class='ocr_line' id='line_1_110' title="bbox 342 5407 1918 5495; baseline 0.016 -38"><span class='ocrx_word' id='word_1_833' title='bbox 342 5407 578 5472; x_wconf 81' lang='grc' dir='ltr'>πίστεώς</span> <span class='ocrx_word' id='word_1_834' title='bbox 624 5427 722 5475; x_wconf 86' lang='grc' dir='ltr'><strong>τε,</strong></span> <span class='ocrx_word' id='word_1_835' title='bbox 768 5415 860 5465; x_wconf 73' lang='grc' dir='ltr'>καὶ</span> <span class='ocrx_word' id='word_1_836' title='bbox 906 5414 1005 5486; x_wconf 84' lang='grc' dir='ltr'>τὴν</span> <span class='ocrx_word' id='word_1_837' title='bbox 1049 5418 1139 5469; x_wconf 83' lang='grc' dir='ltr'><strong>ὐπ’</strong></span> <span class='ocrx_word' id='word_1_838' title='bbox 1170 5420 1319 5489; x_wconf 84' lang='grc' dir='ltr'>αὐτῷ</span> <span class='ocrx_word' id='word_1_839' title='bbox 1369 5421 1611 5477; x_wconf 89' lang='grc' dir='ltr'>δουλείαν</span> <span class='ocrx_word' id='word_1_840' title='bbox 1669 5428 1918 5495; x_wconf 77' lang='grc' dir='ltr'>ἡγεῖσθαι</span> 
     </span>
    </p>
   </div>
   <div class='ocr_carea' id='block_1_111' title="bbox 2038 5407 3602 5511">
    <p class='ocr_par' dir='ltr' id='par_1_111' title="bbox 2038 5407 3602 5506">
     <span class='ocr_line' id='line_1_111' title="bbox 2038 5407 3602 5506; baseline -0.001 -18"><span class='ocrx_word' id='word_1_841' title='bbox 2038 5443 2167 5500; x_wconf 87' lang='lat' dir='ltr'><strong>:ant,</strong></span> <span class='ocrx_word' id='word_1_842' title='bbox 2196 5449 2259 5490; x_wconf 84' lang='lat' dir='ltr'><strong>ac</strong></span> <span class='ocrx_word' id='word_1_843' title='bbox 2285 5407 2478 5490; x_wconf 85' lang='lat' dir='ltr'><strong>nomen</strong></span> <span class='ocrx_word' id='word_1_844' title='bbox 2503 5407 2647 5505; x_wconf 45' lang='lat' dir='ltr'><strong>ejus—</strong></span> <span class='ocrx_word' id='word_1_845' title='bbox 2674 5434 2920 5506; x_wconf 83' lang='lat' dir='ltr'><strong>diligant,</strong></span> <span class='ocrx_word' id='word_1_846' title='bbox 2951 5441 3006 5489; x_wconf 92' lang='lat' dir='ltr'><strong>et</strong></span> <span class='ocrx_word' id='word_1_847' title='bbox 3040 5407 3127 5488; x_wconf 45' lang='lat' dir='ltr'><strong>ita-</strong></span> <span class='ocrx_word' id='word_1_848' title='bbox 3150 5432 3394 5502; x_wconf 84' lang='lat' dir='ltr'><strong>diligant,</strong></span> <span class='ocrx_word' id='word_1_849' title='bbox 3421 5440 3479 5485; x_wconf 90' lang='lat' dir='ltr'><strong>ut</strong></span> <span class='ocrx_word' id='word_1_850' title='bbox 3505 5445 3602 5499; x_wconf 89' lang='lat' dir='ltr'><strong>per</strong></span> 
     </span>
    </p>
   </div>
   <div class='ocr_carea' id='block_1_112' title="bbox 342 5502 1937 5597">
    <p class='ocr_par' dir='ltr' id='par_1_112' title="bbox 342 5502 1915 5591">
     <span class='ocr_line' id='line_1_112' title="bbox 342 5502 1915 5591; baseline 0.018 -43"><span class='ocrx_word' id='word_1_851' title='bbox 342 5502 625 5569; x_wconf 76' lang='grc' dir='ltr'>καύχημα,</span> <span class='ocrx_word' id='word_1_852' title='bbox 662 5502 756 5554; x_wconf 73' lang='grc' dir='ltr'>καὶ</span> <span class='ocrx_word' id='word_1_853' title='bbox 802 5504 1025 5575; x_wconf 75' lang='grc' dir='ltr'>ἀγαπᾷν</span> <span class='ocrx_word' id='word_1_854' title='bbox 1074 5507 1134 5559; x_wconf 86' lang='grc' dir='ltr'>τὸ</span> <span class='ocrx_word' id='word_1_855' title='bbox 1185 5508 1351 5579; x_wconf 77' lang='grc' dir='ltr'>ὄνομα</span> <span class='ocrx_word' id='word_1_856' title='bbox 1396 5511 1582 5566; x_wconf 87' lang='grc' dir='ltr'>αὐτοῦ·</span> <span class='ocrx_word' id='word_1_857' title='bbox 1608 5517 1829 5591; x_wconf 81' lang='grc' dir='ltr'>ἀγαπᾷν</span> <span class='ocrx_word' id='word_1_858' title='bbox 1861 5521 1915 5575; x_wconf 83' lang='grc' dir='ltr'>δὲ</span> 
     </span>
    </p>
   </div>
   <div class='ocr_carea' id='block_1_113' title="bbox 2038 5502 3602 5597">
    <p class='ocr_par' dir='ltr' id='par_1_113' title="bbox 2038 5522 3602 5597">
     <span class='ocr_line' id='line_1_113' title="bbox 2038 5522 3602 5597; baseline -0.004 -17"><span class='ocrx_word' id='word_1_859' title='bbox 2038 5524 2433 5582; x_wconf 74' lang='lat' dir='ltr'><strong>submissionctu</strong></span> <span class='ocrx_word' id='word_1_860' title='bbox 2456 5527 2507 5581; x_wconf 92' lang='lat' dir='ltr'><strong>in</strong></span> <span class='ocrx_word' id='word_1_861' title='bbox 2541 5525 2812 5594; x_wconf 86' lang='lat' dir='ltr'><strong>omnibus,</strong></span> <span class='ocrx_word' id='word_1_862' title='bbox 2837 5525 2983 5597; x_wconf 87' lang='lat' dir='ltr'><strong>regni</strong></span> <span class='ocrx_word' id='word_1_863' title='bbox 3020 5522 3363 5595; x_wconf 78' lang='lat' dir='ltr'><strong>illiusjugum</strong></span> <span class='ocrx_word' id='word_1_864' title='bbox 3389 5535 3602 5590; x_wconf 83' lang='lat' dir='ltr'><strong>semper</strong></span> 
     </span>
    </p>
   </div>
   <div class='ocr_carea' id='block_1_114' title="bbox 414 5681 1514 5771">
    <p class='ocr_par' dir='ltr' id='par_1_114' title="bbox 414 5681 1514 5771">
     <span class='ocr_line' id='line_1_114' title="bbox 414 5681 1514 5771; baseline 0.02 -37"><span class='ocrx_word' id='word_1_865' title='bbox 414 5681 460 5713; x_wconf 71' lang='grc' dir='ltr'><strong>τ’</strong></span> <span class='ocrx_word' id='word_1_866' title='bbox 487 5682 681 5743; x_wconf 65' lang='lat' dir='ltr'><strong>Matth.</strong></span> <span class='ocrx_word' id='word_1_867' title='bbox 710 5704 819 5755; x_wconf 76' lang='lat' dir='ltr'><strong>xix,</strong></span> <span class='ocrx_word' id='word_1_868' title='bbox 854 5690 934 5745; x_wconf 69' lang='lat' dir='ltr'><strong>l2.</strong></span> <span class='ocrx_word' id='word_1_869' title='bbox 1012 5693 1056 5725; x_wconf 82' lang='grc' dir='ltr'><strong>⁸ο</strong></span> <span class='ocrx_word' id='word_1_870' title='bbox 1088 5694 1317 5753; x_wconf 83' lang='lat' dir='ltr'><strong>Baruch.</strong></span> <span class='ocrx_word' id='word_1_871' title='bbox 1361 5712 1435 5771; x_wconf 71' lang='lat' dir='ltr'><strong>tv,</strong></span> <span class='ocrx_word' id='word_1_872' title='bbox 1463 5700 1514 5756; x_wconf 65' lang='grc'><strong>4.</strong></span> 
     </span>
    </p>
   </div>
  </div>
