4042 6200
490 287 630 348 ἐι-ι

1473 285 1531 341 S.
1571 282 1846 339 CYRILLI
1887 280 2355 337 ALEXANDRINI
2394 280 2712 339 ARClﬂEP.

3598 285 3749 341 1248

486 408 729 473 subeant,
766 420 870 461 non
903 406 970 461 ad
1011 420 1072 461 ea
1104 420 1224 476 qum
1254 404 1339 463 fas
1385 421 1494 464 non
1532 415 1617 463 est
1662 404 2049 477 digredientes,

2155 388 2325 468 sine);
2351 404 2427 465 ὡς
2454 403 2543 458 διὰ
2566 404 2665 475 τῆς
2694 402 2924 457 εἰσάπαν
2953 400 3236 472 ὑποταγῆς
3259 401 3361 474 τῆς
3378 403 3546 458 αὑτοῦ
3580 407 3753 475 βασι-

487 512 583 553 ncc
615 496 878 568 praecipiti
906 499 1107 568 impetu
1134 500 1201 553 ad
1231 498 1529 555 alienorum
1578 499 1802 555 deorum
1849 497 2055 553 cultum

486 596 846 655 recurrentes,
868 590 960 645 sed
988 590 1144 645 ﬁxam
1168 605 1231 646 ac
1276 590 1553 646 immotam
1607 598 1839 647 mentem
1864 588 2060 645 baben-

486 689 583 744 tes,
604 689 658 733 et
682 679 754 733 ita
790 678 1024 736 Sabbata
1054 681 1189 751 ejus,
1212 682 1457 739 videlicet
1482 682 1706 748 Christi,
1755 682 2056 739 observan-

484 782 584 836 tes,
626 779 764 826 utea
793 787 899 828 non
936 773 1156 831 violem.
1198 774 1493 832 Sahbatum
1536 775 1680 833 enim
1736 774 1919 831 colunt
1959 772 2056 830 Ju-

481 861 579 915 daei
610 875 677 916 ex
710 862 844 931 legis
876 865 1213 934 praescripto,
1274 881 1493 924 carnem
1538 866 1684 925 omni
1727 866 1913 923 labore
1967 880 2056 921 va-

480 968 637 1008 cuam
660 964 963 1020 servantes,
989 967 1044 1012 et
1073 959 1244 1013 otium
1278 960 1439 1016 veluti
1494 960 1546 1015 in
1611 960 1845 1031 negotiis
1872 974 2056 1030 corpo-

484 1044 688 1102 ralibus
706 1057 948 1117 agentes.
981 1050 1088 1105 Sed
1116 1049 1205 1106 hic
1233 1051 1595 1109 sabbatismus
1615 1068 1646 1107 ιι
1674 1053 1785 1108 Deo
1823 1052 2052 1121 reiectus

480 1145 581 1190 est.
611 1138 713 1203 Qui
743 1154 871 1197 vero
895 1142 947 1197 in
973 1144 1210 1213 requiem
1237 1142 1443 1201 Christi
1470 1146 1784 1215 ingreditur,
1803 1153 1859 1201 et
1874 1152 2052 1201 mente

485 1227 811 1297 sabbatizat,
838 1247 867 1286 a
900 1232 1015 1290 suis
1072 1233 1299 1290 feriatur
1336 1235 1609 1306 operibus.
1649 1234 1741 1291 Sic
1796 1235 2049 1291 nimirum

484 1319 674 1375 scribit
702 1324 1133 1393 sapientissimus
1159 1326 1375 1384 Paulus.
1403 1328 1586 1398 Itaque
1610 1328 1958 1385 inducturum
1993 1343 2051 1384 se

485 1411 766 1480 pollicetur
800 1415 1131 1488 alienigenas
1158 1420 1211 1474 in
1241 1429 1479 1476 montem
1501 1436 1658 1477 suum
1687 1435 1956 1486 sanctum,
1996 1429 2052 1477 et

482 1504 664 1561 lmtitia
696 1505 1011 1564 affecturum
1042 1510 1093 1565 in
1124 1512 1284 1567 domo
1307 1512 1569 1568 orationis
1625 1528 1754 1569 suat.
1793 1513 1890 1569 llic
1918 1515 2047 1571 mihi

482 1594 623 1661 vide,
659 1598 904 1653 umbram
928 1599 1064 1669 legis
1088 1616 1334 1658 eversam
1350 1617 1492 1669 esse,
1511 1612 1566 1659 et
1586 1603 1780 1660 litterae
1808 1615 2049 1661 vetusta-

484 1692 592 1740 tem
640 1687 753 1756 jam
809 1690 1134 1748 ineﬁicacem
1196 1694 1611 1763 quodammodo.
1659 1696 1848 1752 Omnia
1906 1698 2048 1753 enim

486 1774 627 1832 facta
674 1787 799 1833 sunt
846 1780 898 1835 in
924 1780 1140 1837 Christo
1172 1799 1345 1851 nova;
1378 1785 1751 1854 praeterierunt
1774 1795 1954 1842 vetera
1977 1789 2046 1845 ἰ.

485 1867 662 1924 Vetuit
683 1872 767 1925 lex
804 1871 1133 1945 alienigenas
1170 1876 1385 1932 domum
1406 1878 1495 1933 Dei
1522 1878 1760 1947 iugredi';
1791 1894 1913 1935 nam
1933 1881 2042 1937 ait:

486 1979 506 2013 ι
551 1960 667 2018 Non
695 1963 920 2021 intrabit
946 1967 1250 2024 Ammonita
1278 1976 1334 2025 et
1379 1968 1609 2025 Moabita
1666 1973 1717 2027 in
1752 1971 2048 2028 Ecclesiam

485 2051 692 2111 Domini
724 2055 791 2113 ⁸¹.
822 2077 842 2111 ι
872 2058 943 2114 At
963 2062 1339 2117 universorum
1369 2062 1629 2120 Servator
1674 2072 1729 2120 et
1770 2065 2047 2133 Dominus,

484 2147 642 2204 rebus
670 2152 871 2207 nostris
895 2153 946 2209 in
981 2156 1271 2211 novitatem
1316 2157 1653 2227 spiritualem
1685 2158 2047 2223 commutatis,

482 2240 809 2312 alienigenas
842 2244 894 2299 in
920 2245 1136 2301 domum
1162 2256 1586 2303 sanctam-suam
1620 2249 1961 2303 inducturum
1993 2263 2051 2304 se

484 2331 781 2398 pollicetur.
812 2333 1045 2391 Montem
1074 2337 1216 2392 enim
1257 2349 1499 2395 sanctum
1522 2340 1723 2395 nullum
1746 2341 1908 2395 alium
1933 2356 2053 2396 esse

482 2423 616 2478 dicit
665 2438 826 2494 quam
881 2435 1031 2481 suam
1095 2429 1388 2485 Ecclesiam
1427 2450 1439 2487 :
1476 2432 1530 2486 in
1581 2446 1742 2501 quam
1804 2432 2049 2502 ingressi,

479 2514 871 2582 exltilarantur,
900 2518 1051 2573 donis
1078 2520 1196 2586 ejus
1217 2519 1511 2586 aliiueutes,
1541 2530 1596 2575 et
1627 2536 1721 2590 spe
1742 2530 2049 2577 sanctorum

481 2604 659 2661 «litati.
692 2605 843 2672 Quod
866 2617 1045 2661 autem
1081 2623 1211 2676 pure
1263 2618 1318 2663 et
1353 2610 1563 2681 integre
1614 2612 1875 2665 versaturi
1920 2613 2048 2677 sint,

434 2758 439 2765 ,
482 2703 531 2748 et
566 2694 729 2751 Deum
759 2699 1134 2753 universorum
1180 2701 1498 2769 placabilem
1548 2717 1610 2758 ac
1639 2704 1925 2772 propitium
1952 2706 2052 2759 Ita-

486 2782 668 2847 ltituri,
698 2784 1026 2854 signiﬁcavit
1063 2786 1346 2857 inquiens:
1378 2808 1397 2839 ι
1435 2791 1755 2847 llolocausta
1778 2807 1965 2847 eorum
1997 2804 2053 2848 et

484 2871 712 2926 victimae
731 2887 919 2927 eorum
946 2886 1105 2931 erunt
1131 2881 1487 2947 acccptahiles
1515 2881 1674 2954 792
1698 2898 1860 2953 super
1885 2884 2052 2940 altare

485 2977 690 3016 meum.
718 2982 737 3016 ι
771 2961 956 3021 Oratio
991 2978 1170 3023 autem
1204 2970 1317 3025 lucc
1342 2979 1595 3040 tanquam
1643 2975 1709 3029 ab
1738 2975 1981 3046 exemplo
1999 2988 2054 3033 et

2158 494 2304 559 λείας
2333 494 2651 565 ὑποτρέχειν
2678 494 2767 548 ἀεὶ
2786 494 2878 548 τὸν
2905 492 3092 563 ζυγὸν,
3124 495 3197 566 μὴ
3228 494 3622 565 ἐξισταμένους
3656 499 3749 564 ἐφ’

2154 584 2190 639 ἃ
2218 586 2293 656 μὴ
2322 584 2498 656 θέμις,
2529 586 2671 655 μήτε
2711 585 2820 656 μὴν
2863 586 3265 657 εὐπαραφόρως
3305 585 3530 655 ἔχοντας
3563 587 3645 648 είς
3684 587 3751 638 τὸ

2154 675 2367 731 ἑλέσθαι
2417 676 2798 748 παλινδρομεῖν
2849 678 2941 730 ἐπί
2968 676 3058 745 ⁴γε
3108 675 3171 729 τὸ
3215 677 3326 731 δεῖν
3376 677 3747 748 προσκεῖσθαι

2155 766 2296 832 Θεοῖς
2337 768 2563 839 ἑτέροις,
2596 768 2995 839 ἐρηρεισμένην
3019 769 3076 822 δὲ
3109 768 3307 839 μᾶλλον
3336 771 3428 822 καὶ
3462 769 3748 840 άκράδαν-

2154 873 2242 909 τον
2287 856 2509 926 ἔχοντας
2555 855 2826 921 διάνοιαν,
2880 856 3023 911 οὕτω
3063 875 3125 910 τε
3174 857 3619 927 φυλασσομένους
3674 858 3745 911 τὰ

2155 945 2406 1000 Σάὸϐατα
2432 945 2620 1013 αὐτοῦ,
2644 946 2786 1000 ὥστε
2819 946 2894 1018 μὴ
2929 947 3192 1017 βεϐηλοῦν
3223 949 3385 1012 αὐτὰ,
3412 948 3658 1020 Χριστοῦ
3681 949 3741 1001 δὲ

2152 1037 2414 1107 δηλονότι.
2438 1035 2831 1101 Σαϐϐατίζουσι
2852 1037 2964 1110 γὰρ
2995 1039 3238 1093 Ἰουδαῖοι
3266 1039 3405 1094 κατὰ
3427 1040 3518 1093 τὸν
3543 1040 3735 1109 νόμον.

2151 1129 2251 1198 τὴν
2282 1128 2461 1199 σάρκα
2488 1128 2779 1200 τηροῦντες
2812 1129 2917 1194 ἔξω
2949 1132 3113 1184 πόνου
3149 1131 3368 1195 παντὸς,
3400 1130 3493 1185 καὶ
3531 1130 3737 1200 ἀργίαν

2153 1218 2562 1290 ἐπιτηδεύοντες
2605 1218 2703 1291 τὴν
2741 1220 2817 1282 ὡς
2845 1220 2903 1273 ὲν
2939 1219 3121 1290 ἔργοις
3164 1224 3513 1291 σωματικοῖς.
3534 1221 3678 1272 Ἀλλ’
3704 1225 3736 1272 ὁ

2150 1309 2389 1374 τοιοῦτος
2421 1309 2789 1382 σαϐϐατισμὸς
2816 1310 3122 1379 ἀπόϐλητος
3148 1307 3217 1382 ἦν
3251 1311 3401 1382 παρὰ
3439 1311 3579 1381 Θεῷ·
3608 1313 3640 1364 ὀ
3676 1311 3734 1364 δὲ

2152 1399 2407 1454 εἰσελθὼν
2451 1402 2533 1464 είς
2568 1400 2666 1472 τὴν
2696 1401 3040 1457 κατάπαυσιν
3070 1401 3164 1457 τοῦ
3193 1400 3449 1473 Χριστοῦ,
3480 1402 3577 1455 καὶ
3604 1419 3735 1470 νοη-

2151 1492 2257 1557 τῶς
2298 1491 2659 1557 σαϐϐατίζων,
2693 1493 3035 1548 κατέπαυσεν
3066 1495 3174 1548 ἀπὸ
3210 1494 3321 1546 τῶν
3351 1493 3495 1547 ἰδίων
3529 1493 3733 1564 ἔργων.

2152 1584 2354 1656 Γράφει
2383 1583 2508 1653 γοῦν
2534 1584 2704 1649 οὕτως
2731 1585 2759 1641 ὁ
2788 1584 3060 1653 niveo-so:
3087 1584 3318 1649 Παῦλος.
3345 1586 3485 1649 Τοὺς
3512 1585 3609 1638 νῦν
3640 1584 3733 1637 ἁλι

2150 1675 2389 1742 λογενεῖς
2427 1673 2661 1739 εἰσάξειν
2701 1674 3096 1742 ἐπαγγέλλεται
3121 1676 3201 1739 είς
3232 1674 3292 1728 τὸ
3323 1673 3449 1742 ὅρος
3480 1674 3545 1727 τὸ
3576 1673 3739 1743 am»

2149 1764 2338 1831 αὐτοῦ,
2383 1765 2477 1821 καὶ
2521 1766 2935 1834 κατευφραίνειν
2981 1767 3179 1830 αὐτοὺς
3221 1768 3279 1820 ὲν
3321 1766 3399 1837 τῷ
3448 1767 3585 1836 οἴκῳ
3630 1765 3736 1835 τῆς

2152 1859 2459 1931 προσευχῆς
2492 1858 2680 1913 αὐτοῦ.
2707 1857 2975 1914 Ἐνταῦθα
3007 1877 3097 1930 μοι
3117 1859 3280 1929 βλέπε
3310 1860 3409 1928 τὴν
3436 1858 3531 1913 τοῦ
3561 1860 3743 1928 νόμον

2153 1955 2312 2010 σκιὰν
2355 1954 2846 2025 ἀνατετραμμένην
2875 1994 2889 2019 ,
2940 1955 3036 2008 καὶ
3094 1955 3193 2023 τὴν
3246 1954 3584 2024 παλαιότητα
3636 1953 3736 2006 τοῦ

2149 2044 2476 2115 γράμματος
2506 2045 2891 2115 ἀπρακτοῦσαν
2919 2046 3019 2117 ἤδη
3047 2063 3185 2109 πως.
3227 2046 3407 2099 Πάντα
3437 2045 3544 2116 γὰρ
3575 2045 3742 2113 γέγο-

2151 2153 2238 2189 νεν
2264 2138 2320 2190 ὲν
2348 2136 2570 2207 Χριστῷ
2590 2136 2771 2199 καινὰ,
2801 2137 2871 2193 τὰ
2903 2139 3106 2208 ἀρχαῖα
3136 2137 3433 2207 παρῆλθεν.
3451 2138 3734 2205 ’Δπέφησε

2154 2228 2251 2299 μὲν
2279 2230 2308 2284 ό
2340 2229 2502 2298 νόμος
2533 2228 2626 2284 τοῦ
2653 2229 2762 2283 δεῖν
2791 2230 2871 2292 είς
2906 2224 3054 2283 οἷκον
3084 2229 3220 2281 ἰέναι
3252 2227 3384 2280 Θεοῦ
3414 2227 3541 2289 τοὺς
3575 2227 3737 2278 ἁλλο-

2150 2322 2329 2389 γενεῖς
2347 2335 2361 2349 '
2388 2319 2491 2390 ἔφη
2512 2320 2619 2392 γάρ
2638 2335 2651 2348 ο
2689 2339 2707 2371 ι
2734 2321 2847 2373 Οὐκ
2877 2318 3240 2373 εἰσελεύσεται
3275 2317 3607 2388 Ἀμμονίτης
3634 2319 3733 2370 καὶ

2152 2411 2446 2482 Μωαὸίτης
2473 2413 2553 2475 εἰς
2588 2410 2916 2481 Ἐκκλησίαν
2932 2410 3160 2481 Κυρίου.
3176 2430 3193 2463 ι
3236 2410 3296 2463 Ὀ
3316 2410 3373 2464 δέ
3388 2426 3453 2479 γε
3470 2408 3575 2461 τῶν
3590 2409 3739 2462 ὅλων

2152 2504 2343 2574 Σωτὴρ
2391 2503 2485 2557 καὶ
2518 2503 2722 2576 Κύριος
2753 2506 2833 2568 εἰς
2878 2504 3171 2574 καινότητα
3209 2502 3308 2571 τὴν
3352 2499 3732 2570 πνευματικὴν

2152 2593 2219 2648 τά
2260 2594 2381 2648 καθ’
2412 2594 2558 2662 ἡμᾶς
2594 2592 2871 2664 μεθιστὰς,
2898 2593 3136 2658 εἰσάξειν
3179 2593 3259 2656 εἰς
3306 2591 3395 2646 τὴν
3440 2586 3583 2644 οἶκον
3633 2590 3745 2643 τὸν

2151 2682 2304 2750 ἆγιον
2327 2683 2518 2737 ἑαυτοῦ
2552 2683 3050 2752 κατεπαγγέλλεται
3077 2685 3207 2746 τοὺς
3230 2683 3735 2753 ἁλλογενεῖς.”ορος

2150 2773 2256 2845 γάρ
2288 2774 2440 2842 άγιον
2467 2774 2618 2829 οὐδὲν
2645 2775 2829 2845 ἓτερον
2855 2772 2991 2830 εἶναί
3022 2793 3179 2845 φησι,
3211 2775 3350 2845 πλὴν
3380 2775 3464 2828 ὅτι
3490 2774 3590 2843 τὴν
3612 2774 3737 2827 ἑαυι

2151 2866 2243 2921 τοῦ
2261 2866 2604 2937 Ἐκκλησίαν,
2632 2869 2712 2931 εἰς
2734 2868 2798 2938 ἣν
2837 2867 3214 2930 εἰσελάσαντες
3243 2867 3738 2937 κατευφραίνονται

2152 2963 2262 3024 τοῖς
2302 2960 2430 3030 παρ’
2457 2958 2620 3013 αὑτοῦ
2664 2959 3016 3030 χαρίσμασιν,
3052 2958 3421 3028 ἐντρυφῶντες
3465 2957 3735 3026 δηλονότι,

486 3065 608 3125 typo
633 3054 814 3123 legalis
843 3059 1021 3115 cultus
1047 3071 1259 3131 sumpta
1304 3072 1407 3119 est.
1429 3063 1565 3119 Nam
1617 3066 1746 3121 olim
1780 3069 1976 3125 arietes
1998 3078 2051 3126 et

2155 3051 2249 3107 καὶ
2280 3051 2376 3122 τὴν
2407 3050 2516 3104 τῶν
2554 3049 2725 3118 ἁγίων
2767 3048 3120 3113 πλουτοῦντες
3144 3049 3361 3103 ὲλπίδαο
3387 3050 3469 3103 ὅτι
3495 3048 3553 3102 δὲ
3576 3049 3740 3101 πολι-

483 3146 666 3203 hircos
692 3149 993 3213 incendere,
1027 3167 1093 3208 ac
1119 3155 1380 3210 sacriﬁcia
1407 3155 1600 3215 oll‘erre
1620 3158 2052 3217 solebantlsrae-

484 3237 609 3294 litae.
643 3238 748 3295 Sed
779 3242 1052 3311 quoniam,
1085 3246 1292 3311 utdixi,
1329 3251 1514 3305 umbra
1545 3252 1778 3316 transiit,
1814 3269 1921 3309 non
1954 3270 2050 3323 per

483 3331 773 3400 sanguines
809 3335 1009 3389 aditum
1044 3336 1144 3391 sibi
1207 3339 1430 3407 faciunt,
1463 3358 1529 3397 ex
1561 3345 1809 3413 gentibus
1834 3347 2048 3412 vocati;

483 3424 576 3476 sed
607 3422 767 3479 veluti
793 3427 997 3496 seipsos
1022 3429 1130 3485 Deo
1167 3434 1508 3501 sacriﬁcant,
1558 3437 1758 3490 mundo
1812 3438 2050 3493 morien-

486 3523 585 3581 tes,
610 3513 831 3583 iustitia:
864 3520 1124 3583 viventes.
1156 3524 1313 3579 sicuti
1351 3526 1608 3596 scriptum
1633 3538 1717 3584 est
1741 3529 1831 3582 ⁸⁸⁸.
1881 3529 2051 3585 Erunt

484 3612 662 3659 autem
692 3609 918 3677 accepti,
960 3621 1013 3665 et
1049 3612 1100 3666 in
1134 3614 1354 3669 odorem
1382 3617 1685 3684 suavitatis,
1714 3626 1822 3674 tum
1875 3620 1927 3676 lii
1958 3622 2049 3690 qui

487 3706 651 3752 tutam
682 3701 834 3769 quasi
869 3702 1031 3756 vitam
1052 3714 1293 3760 sane-tam
1328 3709 1577 3775 reddunt,
1631 3710 1772 3765 velut
1800 3713 2053 3768 holocau-

486 3799 705 3854 tmrata,
766 3800 875 3847 tum
917 3796 1079 3851 etiam
1132 3797 1302 3867 Iniqui
1361 3801 1685 3870 particulare
1726 3804 2050 3860 sacrificium

484 3879 715 3936 oll'erunt
744 3898 758 3960 ξ
808 3885 984 3954 qualis
1010 3896 1093 3942 cst
1137 3889 1244 3944 vita
1287 3904 1472 3945 eorum
1504 3892 1598 3960 qui
1631 3895 1844 3963 nuptias
1866 3895 1919 3950 in
1945 3896 2052 3951 Do-

487 3970 630 4026 mino
657 3982 1057 4043 contraxerunt,
1083 3978 1238 4033 divisi
1275 3982 1666 4048 quodammodo
1700 3984 1805 4039 Deo
1828 3997 2052 4041 etmun-

485 4059 575 4117 do.
633 4062 939 4119 Animantia
1000 4069 1142 4123 enim
1198 4070 1249 4123 in
1299 4072 1624 4128 sacriﬁcium
1690 4090 1782 4130 seu
1820 4077 2050 4134 hostiam

484 4142 684 4216 oblata,
709 4168 813 4208 non
842 4155 1067 4225 integra,
1098 4160 1192 4212 sed
1243 4159 1464 4216 dimidia
1520 4163 1605 4218 vel
1664 4179 1730 4219 ex
1762 4175 1915 4235 parte
1942 4170 2052 4225 aris

486 4242 919 4311 imponeltantur.
944 4248 1163 4318 Accepti
1201 4260 1326 4305 sunt
1354 4265 1483 4322 ergo
1531 4253 1867 4325 alienigenae,
1900 4259 2053 4330 seip-

485 4349 574 4390 sos
595 4336 645 4390 in
674 4336 1020 4406 fragrantiam
1038 4342 1368 4410 spiritualem
1391 4344 1858 4415 oll'ercntes.Quod
1874 4359 2051 4406 autem

486 4442 591 4482 non
634 4429 764 4485 solis
801 4429 1057 4488 lsraelitis
1082 4434 1342 4491 tributum
1392 4436 1464 4491 sit
1504 4437 1741 4492 divinum
1773 4440 2048 4510 templum,

441 4591 445 4597 ν
485 4535 577 4573 seu
607 4522 796 4576 domus
819 4524 1094 4580 orationis
1129 4524 1222 4580 Dei
1263 4526 1351 4595 qui
1386 4536 1472 4583 est
1523 4542 1683 4597 supra
1709 4545 1919 4592 omnes.
1958 4532 2050 4586 sed

438 4636 445 4658 ι
484 4611 735 4666 omnibus
766 4627 863 4679 per
890 4617 1077 4670 orbem
1114 4626 1407 4680 terrarum,
1438 4621 1793 4678 conversione
1834 4613 1892 4679 et
1950 4623 2056 4679 ﬁde

484 4701 552 4755 ad
578 4700 900 4770 agnitionem
925 4703 1092 4773 ipsius
1108 4709 1313 4764 vocatis
1342 4709 1691 4778 patefactum,
1712 4713 2052 4783 perspicuum

487 4792 636 4857 facit.
679 4794 966 4861 inquiens:
1000 4797 1196 4853 Domus
1240 4816 1354 4854 mea
1396 4803 1588 4859 domus
1634 4806 1897 4860 orationis
1954 4820 2050 4859 vo-

485 4886 697 4942 cabitur
736 4889 989 4946 omnibus
1031 4892 1296 4960 gentibus.
1349 4892 1483 4960 Quis
1510 4906 1744 4965 estergo
1794 4895 1886 4965 qui
1945 4895 2059 4951 haec

485 4980 764 5048 promisit?
796 4980 931 5038 Num
954 4983 1171 5039 divinus
1193 4985 1448 5055 propheta
1499 4987 1685 5051 Isaias,
1711 4987 1857 5042 velut
1876 5002 1941 5042 ex
1963 5002 2058 5042 sua

486 5073 791 5127 sententia?
842 5073 1080 5131 Minime.
1137 5075 1283 5131 Dixit
1333 5078 1477 5134 enim
1534 5079 1813 5141 Dominus,
1861 5077 2056 5147 inquit,

486 5165 577 5235 qui
631 5178 920 5237 congregat
983 5169 1256 5239 dispersos
1308 5170 1490 5225 Israel.
1556 5169 1649 5225 lla:
1719 5178 1845 5225 sunt
1896 5170 2058 5240 igitur

487 5256 779 5317 orationes,
817 5257 900 5312 ba:
930 5273 1089 5314 voces
1138 5259 1595 5316 commiserantis.
1649 5257 1849 5314 Natura
1907 5260 2052 5316 enim

492 5347 663 5399 bonus
685 5361 809 5402 eum
832 5348 922 5414 sit,
947 5363 1137 5407 omnes
1160 5349 1405 5405 homines
1431 5347 1609 5403 salvos
1625 5346 1740 5403 ﬁeri
1767 5347 1901 5414 vult,
1926 5350 2059 5405 etad

2160 3142 2439 3196 ’πεύσονται
2486 3140 2764 3213 καθαρῶς,
2809 3141 3011 3212 εὐμενῆ
3059 3159 3116 3195 τε
3171 3142 3267 3195 καὶ
3313 3141 3442 3195 ἵλεω
3486 3141 3580 3193 τὸν
3619 3139 3735 3193 τῶν

2158 3233 2293 3287 ὅλων
2330 3232 2508 3299 ἕξουσι
2537 3232 2689 3298 Θεὸν,
2731 3232 3136 3303 διαμεμήνυκεν
3168 3231 3358 3293 εἰπὼν,
3390 3233 3472 3286 ὅτι
3502 3231 3585 3285 Τὰ
3611 3231 3739 3284 ὁλο-

2160 3324 2492 3397 καυτώματα
2519 3324 2715 3388 αὐτῶν,
2741 3324 2836 3378 καὶ
2867 3326 2925 3379 αἰ
2953 3325 3132 3379 θυσίαι
3179 3324 3358 3378 αὐτῶν
3392 3324 3605 3377 ἔσονται
3648 3323 3733 3376 63-

2160 3418 2283 3470 κταὶ
2321 3417 2413 3470 ἐπὶ
2444 3417 2504 3469 τὸ
2531 3416 2913 3486 θυσιαστήριόν
2955 3418 3078 3486 μου.
3111 3416 3306 3485 Γέγονε
3334 3416 3390 3469 δὲ
3414 3418 3443 3469 ὁ
3464 3416 3625 3484 λόγος
3657 3415 3736 3478 ὡς

2160 3508 2224 3560 ἐκ
2273 3506 2712 3578 παραδείγματος
2751 3507 2845 3560 καὶ
2881 3505 3053 3560 τύπου
3098 3507 3199 3577 τῆς
3239 3507 3382 3560 κατὰ
3432 3506 3597 3576 νόμον
3638 3506 3737 3559 la-

2158 3588 2364 3669 τρείας.
2396 3598 2573 3653 Πάλαι
2591 3598 2688 3669 μὲν
2704 3598 2811 3670 γάρ
2836 3599 3022 3669 κριοὺς
3046 3599 3140 3652 καὶ
3154 3598 3387 3669 ταύρους
3408 3597 3743 3653 ὁλοκαυτῶν

2160 3691 2279 3756 ἔθος
2304 3686 2372 3762 ἦν
2401 3695 2515 3754 τοῖς
2541 3689 2601 3756 ἐξ
2628 3690 2860 3762 Ἰσραὴλ,
2890 3691 3080 3755 θυσίας
3103 3709 3162 3745 τε
3186 3692 3500 3762 προσάγειν.
3517 3690 3740 3761 Ἐπειδὴ

2157 3785 2235 3847 δὲ,
2261 3784 2337 3846 ὡς
2364 3783 2521 3855 ἔφην,
2552 3783 2984 3856 παρελήλακενή
3016 3785 3163 3846 σκιὰ,
3192 3785 3254 3837 οὐ
3273 3785 3371 3854 τὴν
3394 3784 3460 3839 δι’
3488 3786 3745 3855 αἱμάτων

2161 3876 2435 3931 ποιοῦνται
2488 3876 2749 3948 πρόσοδον
2797 3876 2849 3929 οἰ
2901 3875 2964 3941 ἐξ
3012 3875 3182 3929 ἐθνῶν
3225 3875 3575 3946 κεκλημένοι.
3622 3877 3741 3929 ἀλλ’

2158 3961 2268 4021 οἷον
2302 3967 2529 4032 ἑαυτοὺς
2575 3966 2917 4037 ίερουργοῦσι
2955 3966 3033 4037 τῷ
3071 3966 3209 4036 Θεῷ,
3236 3966 3429 4037 κόσμῳ
3465 3968 3567 4037 μὲν
3598 3968 3736 4020 ἁπο-

2160 4060 2504 4131 θνήσκοντες,
2537 4058 2739 4122 ζῶντες
2768 4058 2825 4111 δὲ
2865 4061 2931 4129 τῇ
2978 4057 3315 4129 δικαιοσύνῃ.
3349 4058 3493 4111 καθά
3532 4059 3740 4128 γέγρα-

2160 4169 2310 4208 πται.
2350 4153 2601 4205 Ἔσονται
2623 4150 2685 4203 δὲ
2722 4149 2921 4213 δεκτοί,
2955 4149 3049 4203 καὶ
3077 4149 3157 4212 εἰς
3185 4148 3361 4220 ὀσμὴν
3402 4148 3652 4214 εὐωδίας,
3684 4151 3733 4202 οξ

2164 4243 2261 4314 μὲν
2284 4245 2412 4313 ὅλην
2432 4243 2639 4296 ἑαυτῶν
2661 4241 2758 4312 τὴν
2779 4241 2923 4311 ζωὴν
2939 4240 3131 4311 ὥσπερ
3151 4240 3304 4311 ἱερὰν
3320 4240 3738 4309 ἀποφαίνοντες,

2160 4336 2235 4401 ὡς
2273 4338 2330 4390 ὲν
2373 4334 2522 4399 τάξει
2569 4333 2805 4389 νοεῖσθαι
2833 4333 2940 4386 τῶν
2973 4332 3436 4402 ὁλοκαυτωμάτων
3462 4348 3475 4362 ·
3501 4333 3552 4387 οἱ
3584 4332 3643 4385 δὲ
3665 4330 3746 4394 ὡς

2158 4427 2345 4483 θυσίαν
2395 4427 2659 4498 μερικὴν,
2692 4424 2853 4480 ὁποία
2894 4424 2978 4488 τίς
3028 4425 3176 4478 ἐστιν
3209 4425 3242 4495 ἡ
3278 4422 3385 4476 τῶν
3434 4424 3495 4476 ἐν
3547 4424 3748 4494 Κυρίῳ

2156 4519 2548 4591 γεγαμηκότων
2597 4517 2733 4589 ζωὴ,
2777 4517 3196 4589 μεμερισμένων
3225 4515 3422 4586 τρόπον
3454 4514 3579 4569 τινὰ
3625 4516 3746 4583 Θεῴ

2157 4629 2215 4665 τε
2247 4611 2341 4664 καὶ
2366 4611 2574 4679 κόσμῳ.
2599 4608 2680 4661 Τά
2702 4607 2811 4679 γὰρ
2840 4608 2920 4672 εἰς
2950 4607 3138 4670 θυσίας
3175 4605 3598 4678 προσφερόμενα
3635 4604 3745 4657 τῶν

2160 4703 2311 4767 ζώων
2349 4702 2447 4769 οὐχ
2484 4699 2755 4769 ὁλόκληρα
2795 4702 2908 4763 τοῖς
2951 4697 3354 4768 θυσιαστηρίοις
3391 4695 3748 4749 ὲναπετίθετο

2164 4793 2380 4863 μᾶλλον.
2407 4791 2521 4844 ἀλλ’
2551 4790 2612 4855 ἐξ
2655 4790 2931 4861 ἡμισείας,
2956 4791 3122 4860 ῆγουν
3168 4790 3235 4841 ἐκ
3281 4788 3498 4860 μέρους.
3549 4788 3747 4839 Δεκτοὶ

2153 4883 2437 4955 τοιγαροῦν
2466 4883 2515 4936 οἱ
2545 4881 2872 4949 άλλογενείς,
2903 4881 3131 4941 ἑαυτοὺς
3168 4877 3513 4941 ἀνατιθέντες
3538 4879 3624 4940 εἰς
3651 4876 3746 4929 εὑ-

2152 4970 2349 5040 οσμίαν
2401 4969 2794 5039 πνευματικήν.
2834 4969 2957 5021 Ὂτι
3013 4967 3071 5021 δὲ
3116 4966 3238 5036 οὐχὶ
3287 4966 3470 5037 μόνοις
3518 4969 3638 5030 τοῖς
3685 4964 3747 5028 ἐξ

2167 5064 2384 5138 Ἰσραὴλ
2411 5066 2439 5119 ὁ
2473 5065 2613 5125 θεῖος
2635 5064 2992 5134 ὲκνενέμηται
3018 5061 3173 5126 νεὼς,
3201 5063 3365 5132 ῆγουν
3398 5062 3427 5115 ὁ
3456 5056 3609 5122 οἶκος
3644 5058 3746 5127 τῆς

2158 5156 2466 5230 προσευχῆς
2513 5154 2607 5210 τοῦ
2640 5157 2734 5209 ἐπὶ
2762 5157 2965 5221 πάντας
2996 5154 3156 5221 Θεοῦ,
3190 5156 3420 5208 αἰνείται
3449 5153 3507 5206 δὲ
3541 5151 3744 5223 μᾶλλον

2154 5253 2269 5313 τοῖς
2300 5249 2403 5303 ἀνὰ
2433 5250 2611 5303 πᾶσαν
2639 5248 2734 5319 τὴν
2766 5249 2871 5317 γῆν
2904 5248 2970 5301 δι’
2993 5246 3328 5317 ἐπιστροφῆς
3360 5244 3456 5298 καὶ
3505 5243 3745 5304 πίστεως

2157 5340 2505 5411 καλουμένοις
2534 5341 2614 5404 είς
2634 5339 2928 5407 ἐπίγνωσιν
2956 5337 3143 5403 αὐτοῦ,
3166 5336 3487 5405 καθίστησιν
3516 5333 3744 5402 ἐναργὲς

493 5436 818 5503 agnitionem
850 5439 1096 5497 veritatis
1123 5441 1309 5498 venire
1329 5442 1439 5496 3’".
1464 5439 1732 5495 Ca'terum
1763 5438 2051 5495 clementiae

2159 5434 2348 5498 εἰπὼν,
2383 5436 2467 5488 ὅτι
2502 5434 2563 5487 Ὀ
2587 5428 2732 5496 οἶκός
2783 5448 2882 5503 μου
2939 5426 3087 5494 οἶκος
3132 5429 3442 5500 προσευχῆς
3476 5423 3745 5495 κληθήσε-

494 5527 912 5597 tnagnitudincm
970 5547 1075 5587 non
1123 5532 1176 5587 in
1226 5532 1354 5590 solis
1412 5533 1659 5604 gentibus
1722 5531 2038 5603 apparuisse

2157 5543 2245 5579 ται
2294 5526 2425 5577 πᾶσι
2470 5524 2581 5587 τοῖς
2627 5522 2820 5576 ἔθνεσι.
2873 5521 2965 5583 Τίς
3012 5516 3104 5574 οὖν
3152 5520 3258 5589 ἄρα
3316 5519 3462 5571 ἐστὶν
3492 5515 3521 5568 ὁ
3573 5511 3742 5567 ταῦτα

564 5700 604 5733 ⁸³
645 5700 683 5757 ll
718 5701 846 5756 Cor.
874 5717 926 5769 ν,
966 5704 1050 5758 l7.
1125 5705 1169 5736 ¹²
1198 5706 1351 5763 Deut.
1395 5723 1549 5773 χχιιι,
1585 5707 1635 5763 5.
1683 5708 1777 5789 "3°
1803 5704 2050 5763 Conl.Ga

2184 5717 2259 5771 vt,
2289 5703 2380 5769 lt;
2410 5699 2430 5754 l
2461 5699 2603 5792 ρους
2639 5716 2698 5770 ll,
2731 5700 2822 5756 ‘25.
3020 5697 3039 5751 l
3068 5697 3206 5753 Tim.
3239 5711 3299 5764 ιι,
3328 5694 3374 5748 ι.
