4042 6200
325 316 467 373 liii)

1431 307 1497 365 IN
1547 305 1778 364 ISAIAM
1822 304 1951 361 LIB.
1993 300 2338 385 γητοιιυδ
2374 300 2463 358 111.

3402 298 3412 308 ’
3443 304 3581 359 £9.50

323 432 694 505 προῦπισχνού
702 447 857 503 μενος
873 424 958 495 ;'A
969 429 1016 500 ρ’
1034 430 1063 482 ό
1078 425 1363 491 θεσπέσιος
1382 426 1666 497 προφήτης
1681 424 1907 487 Ἦσαῒας

2010 429 2295 492 postquam
2324 418 2523 474 mundo
2581 415 2824 471 Christus
2867 412 3135 479 illuxerat,
3176 416 3272 471 sed
3320 417 3483 472 etiam
3518 434 3584 476 ex

320 527 397 589 ὡς
425 525 535 580 ἀπὸ
568 522 793 594 γνώμης
834 521 967 585 ἰδίας
992 539 1006 588 ;
1029 521 1103 575 Οὐ
1137 520 1237 590 μὲν
1266 514 1379 572 οῦν.
1423 512 1556 570 Εἷπε
1589 517 1698 587 γὰρ
1735 516 1763 567 ό
1794 513 1906 568 Κύ-

323 633 458 687 ριος,
493 616 674 686 φησιν,
701 615 729 666 ό
753 613 1001 681 συνάγων
1045 614 1170 674 τοὺς
1205 609 1637 680 διεσπαρμένους
1668 607 1903 679 Ἰσραήλ.

322 703 481 763 Οὗτοι
518 703 805 774 τοιγαροῦν
835 704 885 756 oi
912 703 1078 771 λόγοι,
1110 701 1205 755 καὶ
1235 698 1331 754 τοῦ
1358 698 1816 769 κατοικτείροντος
1850 699 1907 751 αἱ

322 799 529 870 φωναί·
563 797 723 866 φύσει
770 795 882 868 γὰρ
926 795 1186 868 ὑπάρχων
1226 792 1429 862 ἀγαθὸς
1459 782 1668 856 πάντας
1696 789 1909 862 ἀνθρώ⁴

320 908 454 955 πους
486 889 630 943 θέλει
662 888 923 959 σωθῆναι,
954 887 1051 941 καὶ
1083 887 1162 950 είς
1180 884 1486 953 ἐπίγνωσιν
1535 881 1791 953 ἀληθείας
1823 879 1910 933 ἑλ-

319 983 450 1036 θεῖν.
494 981 641 1052 Πλὴν
670 982 754 1034 ὅτι
783 980 845 1034 τὸ
885 980 984 1049 τῆς
1026 977 1366 1049 ἡμερότητος
1403 973 1629 1046 μέγεθος
1677 973 1778 1026 οὐκ
1814 971 1909 1024 ἐπὶ

323 1074 505 1141 μόνοις
537 1071 694 1142 ὤφθη
716 1073 828 1135 τοῖς
857 1070 916 1136 ἐξ
949 1068 1141 1130 ἐθνῶν,
1175 1066 1585 1137 ἐπιλάμψαντος
1612 1064 1691 1133 τῷ
1720 1062 1909 1132 κόσμῳ

319 1163 580 1235 Χριστοῦ,
608 1163 744 1217 ἀλλὰ
780 1163 888 1233 γὰρ
919 1162 1014 1214 καὶ
1045 1160 1138 1223 ἐπὶ
1165 1159 1290 1223 τοὺς
1315 1158 1375 1223 ἐξ
1401 1158 1629 1228 αἵματος
1671 1153 1907 1227 Ἰσραὴλ,

322 1256 489 1325 σαφὲς
510 1254 576 1309 ἂν
600 1256 811 1323 γένοιτο
830 1252 1127 1314 διειπόντος
1150 1248 1314 1305 αὑτοῦ
1344 1248 1426 1315 τὸ,
1460 1244 1627 1301 Εἶπεν
1648 1249 1677 1301 ό
1709 1245 1912 1318 Κύριος

319 1348 349 1399 ό
399 1347 645 1415 συνάγων
693 1346 818 1407 τοὺς
863 1342 1295 1414 διεσπαρμένους
1336 1334 1769 1412 Ἰσραήλ.’11σαν
1817 1332 1911 1391 οὖν

319 1441 428 1508 ἄρα
458 1437 552 1491 καὶ
577 1436 730 1490 αὐτοὶ
762 1433 1274 1505 κατεσκεδασμένοι,
1301 1433 1397 1486 καὶ
1419 1430 1541 1501 οὐχὶ
1576 1429 1777 1501 μᾶλλον
1805 1445 1913 1481 σω-

324 1527 590 1598 ματικῶς,
618 1528 787 1598 ἤγουν
818 1525 924 1590 ἔξω
958 1540 1061 1578 που
1094 1524 1194 1595 τῆς
1233 1522 1495 1584 Ἰουδαίας
1539 1516 1912 1589 ἀπενηνεγμέ-

319 1638 421 1681 νοι,
455 1619 550 1671 καὶ
582 1620 660 1681 εἰς
717 1611 912 1680 πόλεις’
947 1615 1098 1680 ὅντες
1147 1615 1339 1686 ἑτέρας
1378 1614 1412 1686 ἦ
1452 1611 1656 1683 χώρας,
1693 1609 1807 1678 ἀλλ’
1836 1608 1911 1672 ὼς

317 1711 416 1779 τῆς
464 1710 688 1778 ἐννόμου
740 1706 1013 1771 πολιτείας
1055 1707 1543 1776 ἀποφοιτήσαντες,
1579 1701 1675 1756 καὶ
1701 1700 1803 1770 τῆς
1831 1698 1912 1763 είς

2008 508 2596 582 sanguinclsraelitico
2636 505 2898 571 oriundis,
2951 505 3169 576 planum
3216 521 3338 562 esse
3385 517 3584 577 potest,

2008 607 2127 677 ipso
2175 605 2439 662 dicente:
2496 602 2641 658 Dixit
2684 602 2945 657 Dominus
2996 602 3086 672 qui
3160 615 3452 675 congregat
3506 607 3589 661 di-

2006 712 2223 769 spersos
2268 696 2452 754 Israel.
2509 696 2677 751 Erant
2716 694 2942 764 proinde
2968 703 3026 749 et
3089 692 3145 748 hi
3172 694 3439 765 dissipati,
3479 713 3589 753 non

2008 788 2181 845 solum
2211 802 2439 859 corpore
2474 797 2629 844 tenus
2673 794 2827 841 extra
2870 782 3110 840 Iudaeam
3150 784 3391 854 abducti,
3422 794 3478 843 et
3522 791 3589 843 ad

2009 881 2146 938 alias
2200 881 2453 937 civitates
2506 894 2604 937 seu
2651 879 2900 948 regiones
2933 877 3179 948 evagati,
3204 880 3298 934 sed
3336 888 3589 951 tanquam

2008 976 2099 1043 qui
2124 988 2154 1028 ιι
2181 974 2289 1029 vita
2317 971 2464 1042 justa
2493 978 2855 1036 recesserant,
2885 976 2940 1025 et
2967 985 2999 1025 a
3031 960 3395 1027 dilectione‘iu
3422 974 3589 1029 Deum

2011 1065 2340 1122 resillerant.
2374 1062 2491 1121 Non
2523 1064 2668 1120 enim
2706 1063 3023 1118 mandatum
3048 1063 3151 1118 sibi
3175 1063 3358 1119 datum
3407 1079 3590 1121 serva-

2011 1166 2176 1213 runt:
2213 1165 2271 1213 at
2302 1169 2673 1228 saepenumero
2713 1169 2809 1211 eos
2857 1154 3195 1211 inveniemus
3232 1164 3288 1209 et
3324 1156 3377 1210 in
3418 1156 3591 1213 idolo-

2012 1264 2131 1305 rum
2149 1250 2352 1305 cultum
2373 1248 2652 1320 prolapsos
2694 1262 2833 1311 esse,
2891 1257 2945 1303 et
3007 1247 3164 1303 labiis
3213 1248 3379 1304 Deum
3421 1250 3591 1306 hono-

2014 1355 2156 1405 rare,
2172 1342 2411 1395 animum
2431 1350 2608 1395 autem
2631 1339 2924 1394 alienatum
2947 1338 3108 1411 793
3135 1340 3359 1404 habere,
3381 1356 3446 1396 ac
3468 1356 3592 1396 eum

2009 1429 2212 1486 frustra
2243 1430 2442 1498 colere,
2481 1430 2863 1500 doctrinasque
2917 1439 2974 1485 et
2997 1440 3264 1501 praecepta
3315 1431 3593 1488 hominum

2011 1523 2227 1578 docere.
2257 1521 2335 1578 Ne
2361 1522 2544 1592 itaque
2567 1522 2830 1595 glorietur
2852 1534 3044 1577 contra
3073 1523 3405 1591 alienigenas
3425 1524 3595 1579 refra-

2010 1612 2217 1668 ctarius
2244 1612 2431 1668 Israel.
2452 1613 2736 1683 Equalem
2771 1613 2914 1671 enim
2958 1627 2988 1668 ι
3019 1612 3129 1669 Deo
3162 1615 3592 1670 misericordiam

2011 1709 2068 1757 et
2094 1701 2198 1772 ipsi
2229 1704 2508 1759 consecuti
2561 1712 2727 1771 sunt;
2762 1714 2926 1775 atque
2973 1705 3293 1776 deprehensi
3345 1714 3473 1762 sunt
3519 1707 3594 1761 illi

318 1800 452 1852 Θεὸν
483 1800 701 1870 ἀγάπης
727 1797 1173 1869 ἀποπηδήσαντες
1190 1813 1203 1827 ·
1232 1797 1291 1850 οὐ
1314 1795 1424 1866 γὰρ
1454 1793 1792 1864 τετηρήκασι
1808 1788 1907 1860 τὴν

2010 1808 2120 1849 non
2150 1794 2518 1867 satisingenui
2550 1811 2615 1852 ac
2661 1796 2906 1863 stabiles,
2935 1812 3035 1853 nec
3093 1797 3145 1851 in
3199 1797 3347 1853 omni
3396 1812 3595 1866 genere

316 1892 562 1947 δοθεῖσαν
617 1891 872 1961 ἐντολήνο
932 1891 1239 1961 εὑρήσομεν
1286 1888 1344 1941 δὲ
1390 1883 1715 1954 πλεισταχοῦ
1742 1922 1758 1949 ,
1812 1882 1907 1935 καὶ

2014 1884 2338 1940 ohedientia
2389 1884 2762 1955 inculpabiles,
2795 1886 2889 1941 sed
2948 1884 3192 1957 dissipati
3285 1902 3350 1942 ac
3399 1887 3592 1957 Sparsi,

316 1985 437 2047 ταῖς
462 1983 569 2036 τῶν
598 1981 833 2036 εἰδώλων
864 1981 1182 2052 θεραπείαις
1203 1978 1666 2050 προσνενευκότας
1686 1973 1906 2040 αὐτοὺς,

2014 1977 2467 2044 quemadmodum
2494 1977 2602 2046 iam
2626 1978 2759 2033 dixi.

319 2079 413 2131 καὶ
461 2078 662 2149 χείλεσι
714 2077 813 2147 μὲν
852 2077 1128 2147 τιμῶντας
1157 2076 1310 2140 θεὸν,
1352 2071 1838 2144 άπεσχοινισμένην
1878 2068 1934 2122 δὲ
1974 2069 2153 2123 αὐτῶν
2181 2071 2279 2140 τὴν
2314 2070 2552 2125 διάνοιαν
2590 2072 2831 2143 ἔχοντας,
2878 2073 2970 2127 καὶ
3007 2073 3186 2145 μάτην
3218 2073 3380 2131 αὐτὸν
3436 2075 3594 2131 σεσο-

321 2173 535 2242 μένους,
564 2171 911 2234 διδάσκοντας
952 2186 1013 2223 τε
1058 2169 1424 2235 διδασκαλίας,
1465 2166 1774 2236 ἐντάλματα
1811 2161 2133 2234 ἀνθρώπων.
2187 2164 2396 2218 Οὐκοῦν
2437 2166 2511 2236 μὴ
2558 2164 2853 2237 καυχάσθω
2890 2164 3000 2218 τῶν
3033 2165 3334 2236 ἀλλογενῶν
3385 2169 3414 2222 ό
3468 2167 3595 2221 δυσ-

318 2266 532 2333 άγωγος
571 2265 821 2337 Ἰσραήλ*
866 2264 1120 2335 ἡλέηνται
1167 2262 1276 2333 γὰρ
1323 2263 1381 2314 ὲν
1429 2260 1530 2331 ίσῳ
1564 2260 1750 2330 τρόπῳ
1778 2256 1875 2310 καὶ
1910 2255 2064 2310 αὐτοὶ
2103 2256 2255 2327 παρὰ
2294 2256 2467 2309 Θεοῦ⁶
2502 2258 2919 2330 κατελήφθησαν
2975 2260 3104 2331 γὰρ,
3133 2261 3235 2314 οὐκ
3262 2259 3595 2331 ἀκράδαντον

319 2355 535 2426 ἔχοντες
581 2355 643 2409 τὸ
689 2358 929 2428 γνήσιον,
960 2356 1083 2409 οὔτε
1127 2353 1231 2425 μὴν
1258 2351 1560 2427 ἀμώμητον
1616 2348 1847 2403 είσάπαν
1881 2346 1943 2401 τὸ
1969 2348 2222 2413 εὐπαθὲς,
2262 2349 2758 2419 κατεσκεδασμένοι
2795 2351 2850 2405 δὲ
2891 2351 3088 2422 μᾶλλον
3113 2353 3208 2405 καὶ
3237 2350 3594 2424 ἐσπαρμένοι,

322 2448 572 2519 καθάπερ
601 2447 737 2518 ἔφην
765 2448 988 2520 ἀρτίως.

395 2541 525 2593 Ὅτι
558 2540 805 2604 συνάξω
835 2539 928 2593 ἐπ’
966 2539 1154 2593 αὐτόν
1184 2536 1563 2609 συναγωγήν.
1607 2535 1810 2590 Πάντα
1835 2529 1907 2585 τὰ

2087 2527 2254 2582 Vsus.
2294 2527 2453 2584 9-12.
2497 2527 2637 2594 Quia
2681 2532 3001 2600 congregabo
3044 2533 3113 2585 ad
3158 2548 3275 2586 enm
3315 2549 3598 2605 congrega-

320 2631 499 2698 θηρία
534 2631 606 2684 τὰ
648 2631 843 2701 ἄγρια,
876 2630 1068 2695 δεῦτε,
1110 2630 1348 2701 φάγετε,
1395 2627 1592 2681 πάντα
1621 2628 1693 2680 τὰ
1733 2624 1907 2693 θηρία

2017 2618 2235 2670 tionem.
2269 2614 2462 2670 Omnes
2497 2618 2674 2670 bestia
2708 2618 2857 2686 lem,
2893 2620 3080 2684 venite,
3113 2621 3386 2683 comedite,
3419 2638 3597 2677 unum

327 2719 433 2771 τοῦ
469 2718 717 2788 δρυμοῦ.
779 2719 967 2775 Ἴδετε
1014 2720 1105 2773 ὅτι
1138 2718 1363 2782 πάντες
1403 2717 1907 2783 ἐκτετύφλωνται.

2016 2705 2144 2774 ferw
2203 2704 2380 2774 syloaz.
2404 2703 2588 2760 Videte
2636 2708 2762 2776 quia
2818 2723 2994 2763 omnes
3033 2711 3285 2764 σπείσαιιί
3323 2721 3463 2776 sunt,
3494 2730 3596 2766 non

328 2809 425 2861 καί
465 2812 577 2863 οὐκ
622 2811 899 2879 ἔγνωσαν
940 2809 1263 2880 φρονῆσαι.
1310 2809 1539 2873 Πάντες
1590 2806 1772 2869 κύνες
1814 2803 1907 2857 ἐν-

2012 2805 2205 2850 norunt
2259 2811 2461 2866 sapere.
2490 2794 2685 2853 Omnes
2735 2815 2892 2854 canes
2942 2802 3097 2865 muti,
3128 2818 3232 2857 non
3260 2803 3486 2857 valentes
3514 2805 3595 2856 la-

326 2901 453 2955 νεοί
483 2903 555 2955 οὺ
584 2901 904 2970 δυνάμενοι
931 2901 1235 2969 ὑλακτεῖν,
1268 2898 1750 2966 ἐνυπνιαζόμενοι
1782 2895 1907 2948 κοί-

2010 2893 2177 2948 trare,
2200 2886 2525 2939 somniantes
2576 2886 2631 2939 in
2682 2886 2838 2952 lecto,
2863 2897 3100 2943 amantes
3144 2891 3592 2957 dormitationem,

326 3010 460 3060 την,
496 2993 818 3062 φιλοῦντες
847 2992 1217 3062 νυσταγμὸν,
1255 2992 1353 3046 καὶ
1391 2991 1471 3056 ὡς
1518 2990 1699 3055 κύνες
1745 2989 1907 3042 ἀναι-

2010 2982 2055 3026 et
2108 2974 2266 3043 quasi
2324 2990 2480 3027 canes
2532 2974 2882 3044 impudentes,
2911 2978 3088 3032 animo
3120 2982 3403 3036 nescientes
3431 2984 3592 3037 salie-

322 3083 448 3149 δεῖς
520 3081 594 3151 τῇ
647 3081 838 3152 ψυχῇ,
898 3086 1007 3137 οὐκ
1070 3082 1294 3148 ειδότες
1359 3078 1748 3150 πλησμονὴν,
1807 3078 1906 3131 καὶ

2010 3074 2167 3119 tatem
2210 3078 2230 3120 :
2268 3076 2314 3120 et
2379 3067 2509 3121 ntali
2574 3076 2745 3134 sunt,
2804 3069 3087 3125 nescientes
3137 3072 3533 3143 intelligentiam
3574 3092 3594 3130 :

322 3176 439 3229 εἰσὶ
468 3175 716 3243 πονηροὶ
747 3177 857 3229 οὐκ
888 3174 1111 3241 ειδότες
1137 3175 1414 3233 σύνεσιν,
1439 3173 1663 3239 πάντες
1687 3172 1757 3225 ἐν
1779 3169 1907 3236 ταῖς

2013 3171 2190 3209 omnes
2218 3157 2331 3211 vias
2360 3172 2486 3213 suas
2513 3159 2679 3212 secuti
2707 3169 2862 3228 sunt,
2894 3163 3249 3233 unusquisque
3274 3165 3327 3217 in
3361 3181 3520 3221 unum
3544 3177 3592 3221 et

323 3265 487 3330 όδοῖς
527 3263 726 3319 αὐτῶν
756 3265 1274 3334 ἐξηκολούθησαν,
1323 3262 1581 3328 ἕκαστος
1652 3260 1801 3316 κατὰ
1838 3261 1906 3315 τὸ
2012 3245 2173 3302 mem-

324 3360 492 3416 αὑτό.

396 3448 527 3519 Διχῇ
558 3450 670 3511 τοῖς
699 3446 1106 3518 γεγραμμένοις
1130 3444 1539 3516 προσϐαλεῖς’ἢ
1572 3444 1681 3515 γὰρ
1719 3444 1885 3514 θηρία

326 3539 490 3610 φησὶν
563 3536 830 3593 ὰτίθασσά
864 3553 925 3589 τε
977 3536 1073 3589 καὶ
1120 3537 1390 3606 ἀνήμερα,
1436 3535 1566 3599 τοὺς
1612 3534 1671 3599 ἐξ
1714 3534 1907 3598 ἐθνῶν,

324 3631 420 3684 ἅτε
467 3629 533 3699 δὴ
580 3629 673 3681 καὶ
721 3627 826 3680 ὑπὸ
865 3625 1111 3697 τυράννερ
1160 3624 1803 3696 τεθραμμέναποιοῦτῳ,
1830 3623 1909 3695 τῷ

321 3722 552 3792 διαϐόλῳ
591 3721 756 3792 φημὶ,
790 3718 885 3773 καὶ
923 3715 1034 3771 οἷον
1064 3716 1548 3790 ἑκτεθηριωμένοι,
1577 3719 1674 3772 καὶ
1704 3716 1907 3784 ζῶντες

321 3816 422 3867 οῷκ
470 3810 860 3883 ἀνθρωπίνωςσ
914 3810 1083 3881 ἦγουν
1132 3807 1298 3881 θηρία
1352 3810 1537 3865 καλεῖν
1590 3809 1733 3864 ἔοικε
1782 3810 1909 3874 τοὺς

326 3904 785 3976 καταὸῃὼσαντας
837 3903 929 3957 τὸν
978 3901 1214 3973 Ἰσραὴλ.
1263 3904 1355 3958 καὶ
1401 3904 1508 3975 ὅλῳ
1545 3904 1625 3976 τῷ
1678 3905 1906 3977 στόματι

324 3999 596 4067 φαγόντας
627 3995 787 4050 αὑτὸν
817 3995 907 4049 διὰ
945 3998 1046 4065 τὴν
1079 3998 1159 4059 είς
1194 3996 1429 4068 Χριστὸν
1467 3997 1746 4053 ἀσέϐειαν.
1797 3998 1909 4053 Καὶ

323 4090 371 4142 εί
410 4089 508 4159 μὲν
556 4087 662 4142 τῶν
710 4087 882 4141 ἐθνῶν
927 4087 1004 4151 ὼς
1048 4086 1251 4160 θηρίων
1293 4088 1697 4161 διαμέμνηται,
1731 4092 1909 4163 φαμὲν

326 4181 508 4244 αὐτοῖς
540 4178 1039 4251 προσπεφωνῆσθαι
1081 4179 1234 4251 παρὰ
1269 4179 1406 4234 Θεοῦ
1459 4169 1545 4245 τὸ,
1579 4181 1766 4247 Δεῦτε,
1799 4182 1907 4253 φά-

324 4287 471 4339 γετε.
522 4271 782 4342 Σημαίοει
815 4271 872 4324 δὲ
922 4270 1082 4324 τοῦτο
1124 4271 1305 4325 πᾶσαν
1351 4272 1533 4335 αὐτοῖς
1562 4272 1908 4344 ἀμφιλαφίαν

325 4360 570 4415 δεδόσθαι
622 4363 750 4433 παρ’
800 4360 964 4415 αὑτοῦ
1008 4362 1118 4416 τῶν
1167 4362 1330 4435 ίερῶν
1375 4364 1754 4435 χαρισμάτων,
1811 4367 1909 4421 καὶ

325 4452 752 4523 παρατεθεῖσθαι
795 4453 1073 4533 τράπεζαν
1118 4453 1216 4526 τὴν
1269 4454 1563 4518 ζωοποιόν·
1617 4455 1906 4528 κατεδηδό-

326 4561 455 4597 κασι
481 4542 591 4614 γὰρ
616 4543 714 4596 καὶ
739 4543 891 4596 αὐτοὶ
915 4545 1004 4597 τὸν
1035 4546 1198 4617 ἄρτον
1230 4544 1331 4617 τῆς
1359 4546 1528 4617 ζωῆς,
1553 4544 1771 4620 μέτοχοι
1796 4548 1905 4622 γὰρ

325 4634 582 4704 γεγόνασι
626 4630 721 4685 τοῦ
765 4631 1022 4703 Χριστοῦ,
1070 4635 1167 4690 καὶ
1220 4636 1499 4708 σύσσωμοι
1558 4637 1666 4692 τῶν
1710 4639 1905 4707 ἁγίων,

325 4723 467 4779 ὥστε
497 4723 590 4777 καὶ
636 4721 926 4793 χαίροντας
958 4722 1169 4792 λέγειν’
1203 4741 1221 4774 ι
1254 4722 1458 4794 Κύριος
1501 4726 1776 4797 ποιμαίνει
1815 4744 1905 4798 με,

324 4815 419 4870 καί
445 4814 597 4867 οὐδέν
629 4829 696 4883 με
726 4813 1036 4883 ὐστερήσει,
1063 4813 1143 4875 είς
1166 4812 1331 4866 τόπον
1359 4812 1523 4883 χλόης
1546 4814 1664 4867 ἐκεῖ
1683 4830 1751 4884 με
1779 4829 1909 4866 κατ-

325 4906 652 4976 εσκήνωσεν,
722 4903 815 4956 ἐπὶ
858 4902 1049 4967 ὓδατος
1096 4903 1459 4968 ἀναπαύσεως
1507 4904 1765 4978 ἐξέθρεψέ
1811 4923 1902 4979 με,

324 4994 423 5067 τὴν
460 4996 639 5067 ψυχήν
665 5011 769 5066 μου
803 4994 1158 5066 ἐπέστρεψεν.
1184 4995 1520 5066 Ἠτοίμασας
1540 4996 1768 5052 ἐνώπιόν
1799 5015 1902 5070 μου

323 5088 614 5159 τράπεζαν.
657 5106 675 5139 s
710 5086 857 5157 Ἔφη
887 5085 943 5139 δὲ
974 5086 1067 5140 καὶ
1092 5086 1159 5140 δι’
1199 5084 1316 5150 ἑνὸς
1344 5086 1452 5140 τῶν
1482 5087 1655 5155 ἁγίων
1692 5104 1904 5159 προφη-

324 5178 451 5232 τῶν·
488 5197 506 5230 ι
542 5179 769 5248 Φάγετε,
803 5177 977 5243 πίετε,
1018 5178 1125 5261 καί
1160 5178 1486 5250 μεθύσθητε.
1530 5179 1579 5233 οἱ
1620 5179 1899 5252 πλησίον.»

326 5269 559 5341 Μακρὰν
609 5270 719 5342 γὰρ
770 5268 923 5334 ὄντες
972 5269 1108 5323 Θεοῦ
1157 5270 1445 5339 γεγόνασιν
1487 5271 1654 5339 ἐγγὺς
1688 5270 1776 5325 διὰ
1809 5266 1907 5344 τῆς

330 5359 583 5426 πίστεως,
619 5361 668 5413 οἱ
717 5361 847 5414 ποτὲ
894 5360 1239 5432 πλανώμενοι
1282 5360 1378 5414 καὶ
1414 5360 1512 5431 τῆς
1547 5361 1698 5431 ίερᾶς
1734 5361 1907 5432 ἐμπέ-

331 5449 558 5520 πληνται
582 5449 788 5521 τροφῆς
812 5466 826 5479 ·
862 5452 1172 5522 γέγραπται
1196 5450 1325 5522 γάρ,
1350 5451 1431 5504 ὅτι
1459 5452 1687 5521 «Ἀρτος
1719 5451 1908 5521 στηρί-

325 5537 409 5601 ξει
438 5541 664 5612 καρδίαν
690 5540 1000 5612 ἀνθρώπου.
1028 5560 1047 5592 ι
1077 5542 1143 5596 ΕΞ
1165 5541 1222 5595 δὲ
1247 5541 1311 5611 δὴ
1343 5540 1509 5612 θηρία
1546 5543 1747 5595 νοοῖντο
1770 5540 1905 5612 πρὸς

391 5712 435 5746 ⁸³
474 5716 613 5775 Psal.
647 5734 781 5785 ιλιι,
830 5718 937 5774 l-5.

2081 3423 2385 3493 Dupliciter
2421 3424 2692 3494 intelligas
2730 3441 2850 3496 quae
2887 3427 3088 3496 scripta
3128 3438 3274 3485 sunt.
3315 3432 3409 3488 Vel
3448 3434 3593 3489 cnim

2010 3518 2156 3574 feras
2189 3518 2480 3572 indomitas
2518 3525 2574 3573 et
2611 3519 2846 3574 immites
2880 3521 3115 3589 appellat
3151 3534 3369 3592 gentes,
3408 3534 3593 3595 utpote

2009 3610 2111 3666 sub
2170 3609 2265 3664 tali
2303 3619 2563 3679 tyranno,
2606 3609 2841 3675 diabolo,
2898 3611 3148 3681 inquam,
3196 3615 3488 3684 educatas,
3535 3629 3594 3675 et

2010 3701 2166 3772 quasi
2198 3699 2448 3758 eﬂ'eratas
2467 3740 2482 3769 ,
2513 3716 2577 3757 ac
2606 3716 2713 3756 non
2747 3702 2982 3760 humano
3012 3720 3161 3762 more
3189 3707 3431 3765 viventes
3465 3731 3478 3767 :
3509 3714 3589 3769 vel

2026 3797 2211 3852 dicere
2240 3795 2455 3851 videtur
2498 3794 2644 3851 feras
2674 3810 2769 3852 eos
2796 3796 2889 3866 qui
2918 3796 3171 3854 lsraelem
3201 3811 3505 3873 vastarunt,
3535 3817 3592 3861 et

2010 3897 2233 3959 propter
2272 3887 2607 3958 impietatem
2654 3888 2706 3943 in
2746 3888 3024 3946 Christum
3070 3899 3185 3948 toto
3228 3908 3324 3951 ore
3367 3898 3592 3954 devora-

2011 3989 2156 4037 runt.
2188 3978 2244 4035 Si
2275 3981 2515 4051 gentium
2546 3988 2605 4036 ut
2633 3979 2873 4036 ferarum
2903 3983 3170 4050 meminit,
3224 3986 3453 4045 dicimus
3486 3991 3590 4046 illis

2009 4072 2115 4129 hoc
2157 4071 2362 4128 dictum
2404 4085 2526 4130 esse
2577 4087 2607 4127 a
2666 4072 2778 4130 Deo
2829 4091 2843 4129 :
2894 4072 3109 4139 Venite,
3137 4080 3404 4135 comedite
3436 4100 3450 4137 :
3483 4097 3591 4152 quo

2009 4179 2226 4221 omnem
2253 4173 2565 4220 sanctorum
2591 4166 2978 4223 charismatum
3006 4166 3337 4225 amuentiam
3364 4171 3470 4228 illis
3497 4174 3591 4226 da-

2013 4266 2120 4312 tam
2149 4271 2270 4313 esse
2297 4257 2587 4328 signiﬁcat,
2626 4269 2681 4315 et
2707 4274 2949 4315 mensam
2978 4274 3098 4316 esse
3141 4265 3440 4332 appositam
3467 4280 3591 4336 quae

2009 4348 2267 4406 viviﬁcat.
2307 4349 2550 4406 Edcrunt
2589 4351 2731 4406 enim
2772 4360 2828 4407 et
2868 4352 2971 4422 ipsi
3012 4367 3204 4422 panem
3242 4354 3367 4412 vitae
3407 4374 3421 4412 :
3465 4373 3589 4413 nam

2011 4442 2168 4513 panis
2196 4441 2403 4497 Christi
2437 4441 2729 4513 participes
2759 4442 2889 4499 facti
2923 4454 3076 4513 sunt,
3106 4457 3163 4501 et
3193 4446 3434 4515 ejusdem
3465 4464 3589 4504 cum

2013 4531 2219 4589 sanctis
2242 4532 2515 4602 corporis,
2542 4533 2675 4587 adeo
2702 4541 2760 4586 ut
2784 4532 3082 4603 gaudentes
3106 4536 3327 4593 dicant:
3358 4556 3378 4591 ι
3410 4537 3591 4594 1)οωὶ-

2007 4640 2113 4681 nus
2144 4624 2318 4695 pascit
2352 4640 2457 4692 me,
2488 4634 2546 4680 et
2578 4625 2712 4680 nihil
2745 4625 2877 4681 mihi
2910 4625 3107 4696 deerit,
3136 4629 3192 4686 in
3230 4631 3346 4688 loco
3377 4647 3590 4704 pascua:

2008 4719 2083 4775 ibi
2111 4732 2198 4774 me
2227 4717 2533 4775 collocavit.
2562 4716 2738 4790 Super
2763 4735 2962 4791 aquam
2994 4721 3308 4781 refectionis
3333 4720 3588 4784 educavit

2008 4826 2117 4876 me,
2150 4810 2387 4866 animam
2424 4825 2599 4865 meam
2635 4815 2926 4869 convertit.
2961 4813 3167 4871 Parasti
3205 4818 3257 4872 in
3292 4828 3586 4888 conspectu

2009 4916 2133 4959 meo
2167 4917 2405 4958 mensam
2428 4902 2494 4957 ⁸⁸.
2538 4922 2560 4956 s
2608 4903 2751 4959 Dixit
2789 4906 2952 4962 etiam
2992 4923 3089 4975 per
3119 4924 3283 4964 unum
3319 4924 3350 4965 e
3382 4912 3588 4968 sanctis

2011 4994 2287 5065 prophetis
2314 5012 2328 5049 :
2362 5012 2381 5046 ι
2412 4993 2586 5063 Edite,
2613 4995 2795 5064 bibite,
2820 5007 2875 5052 et
2900 4997 3527 5066 inebriamini,vicini“.
3560 5022 3580 5056 ι

2012 5086 2114 5154 Qui
2140 5086 2282 5142 enim
2312 5087 2497 5158 procul
2523 5088 2752 5143 aberant
2778 5103 2809 5143 a
2838 5090 2966 5155 Deo,
2993 5091 3278 5163 propinqui
3306 5110 3402 5164 per
3426 5095 3585 5153 ﬁdem

2010 5178 2139 5236 facti
2183 5189 2302 5235 sunt
2344 5199 2359 5235 :
2398 5181 2489 5250 qui
2536 5183 2806 5253 quondam
2848 5183 3130 5250 errabant,
3170 5196 3225 5240 et
3267 5202 3425 5243 sacro
3465 5189 3587 5245 cibo

2008 5270 2200 5341 repleti
2233 5280 2377 5326 sunt.
2408 5272 2676 5342 Scriptqu
2710 5273 2853 5328 enim
2874 5286 2995 5330 est:
3029 5294 3048 5327 ι
3072 5274 3233 5332 Panis
3262 5278 3586 5335 rohorateor

2011 5363 2246 5418 hominis
2278 5362 2348 5395 ⁸⁸⁸
2377 5383 2426 5419 .s
2454 5364 2546 5420 Sin
2583 5364 2709 5420 ferae
2729 5366 3099 5436 intelligantur
3120 5386 3148 5422 a
3173 5370 3345 5436 nobis,
3383 5371 3473 5440 qui
3494 5374 3586 5428 de-

2011 5466 2201 5509 vorant
2221 5454 2491 5523 lsraelem,
2519 5456 2645 5512 illud
2671 5474 2684 5511 :
2712 5458 2924 5525 Venite,
2952 5460 3115 5527 edite,
3138 5472 3219 5517 cst
3246 5472 3450 5518 tanlmn
3479 5480 3585 5522 non

2008 5543 2310 5613 ohjicientis
2346 5546 2454 5603 illis
2494 5562 2591 5605 eos
2635 5548 2726 5619 qui
2765 5550 2926 5620 impie
2963 5566 3221 5623 egerunt,
3283 5555 3587 5628 quibusque

1014 5720 1059 5751 ⁸³
1092 5719 1249 5775 Cant.
1284 5734 1333 5787 ι’,
1368 5719 1414 5772 1.
1492 5717 1560 5750 ⁸⁸·
1599 5717 1739 5775 Psal.
1771 5734 1888 5786 cm,
1922 5718 2009 5775 l5.
