4042 6200
540 274 670 329 1251

1528 275 1586 332 S.
1628 274 1902 331 CYRILLI
1940 273 2409 331 ALEXANDRINI
2453 274 2770 332 ARCHIEP.

3663 281 3824 338 i252

539 392 729 447 merito
776 394 1000 462 contigit
1042 403 1099 446 ut
1144 393 1196 448 id
1238 394 1528 463 patiantur,
1569 395 1765 464 quippe
1808 394 1972 466 794
2013 395 2105 464 qui

2211 395 2366 466 ἡμῶν
2390 397 2436 448 οἱ
2474 392 2879 464 καταφαγόντες
2905 393 2993 445 τὸν
3019 392 3252 463 Ἰσραὴλ,
3285 393 3344 446 τὸ
3369 394 3554 456 Δεῦτε,
3572 395 3819 464 φάγετε.

537 485 832 554 principem
855 486 978 538 vita:
1001 484 1414 550 interfecerunt,
1443 486 1600 540 lidetn
1627 502 1729 540 non
1757 488 2113 549 admiserunt,

535 592 599 629 ac
634 577 788 646 longe
823 576 998 630 abacti
1035 587 1163 630 sunt
1199 577 1289 645 qui
1329 591 1495 646 prope
1528 584 1716 640 erant,
1753 591 1852 632 nec
1887 577 2116 647 amplius

539 667 631 720 Dei
674 666 924 736 populus,
961 667 1056 720 sed
1096 667 1219 721 odio
1262 667 1430 721 habili
1469 677 1614 731 sunt,
1655 677 1842 738 utpote
1887 669 2117 724 domini-

536 757 690 811 cidae.
722 757 799 810 Ne
831 767 1011 810 autem
1042 757 1159 812 siue
1189 772 1350 813 causa
1383 759 1576 828 punire
1604 760 1848 814 videatur
1874 758 2039 824 Deus,
2063 769 2118 815 et

534 849 602 902 de
635 865 690 902 re
721 849 872 903 nihili
904 864 1091 917 pmnas
1121 850 1366 920 exigere,
1421 851 1604 905 statim
1635 850 1741 906 illis
1769 851 1995 906 erimina
2025 867 2119 920 ap-

537 941 704 1009 ponit,
737 941 934 1009 quibus
971 941 1260 1011 implicati,
1293 942 1404 996 dati
1439 951 1567 996 sunt
1600 943 1652 998 in
1687 943 1914 998 exitium
1949 944 2116 999 hosti-

538 1032 655 1094 bus,
712 1032 794 1085 vel
851 1031 904 1086 in
963 1046 1116 1087 esum
1178 1033 1386 1089 bestiis.
1421 1032 1610 1090 Videte
1671 1034 1840 1101 enim,
1907 1036 2115 1104 inquit,

536 1127 658 1193 quia
715 1141 902 1182 omnes
963 1129 1216 1182 exczecati
1278 1137 1434 1194 sunt,
1470 1143 1578 1182 non
1640 1137 1839 1182 norunt
1900 1143 2112 1198 sapere.

540 1219 673 1272 Vere
687 1218 830 1273 enim
847 1219 975 1274 caeci
999 1217 1259 1274 Israelita;
1282 1219 1522 1285 fuerunt,
1541 1229 1595 1276 et
1617 1236 1727 1288 pra:
1745 1221 1866 1276 aliis
1884 1221 2118 1278 maxime

536 1309 738 1364 Scriba:
759 1324 823 1363 ac
845 1309 1128 1374 Pharisari,
1152 1321 1207 1367 et
1231 1311 1472 1382 praefecti
1495 1311 1816 1384 Synagogae.
1841 1312 1947 1368 Nec
1971 1314 2114 1368 enim

536 1414 720 1453 Veram
761 1399 935 1455 lucem
979 1401 1337 1468 admiserunt,
1378 1418 1478 1460 nec
1524 1404 1800 1460 Christum
1844 1404 1985 1459 scire
2023 1418 2116 1459 vo-

537 1491 775 1553 luerunt,
813 1490 935 1545 licet
967 1501 1151 1561 aperte
1182 1492 1534 1559 clamantem,
1568 1511 1710 1550 nunc
1747 1514 1760 1549 :
1799 1514 1817 1546 ι
1855 1494 1965 1566 Ego
1997 1511 2113 1550 sum

536 1583 623 1635 lux
647 1581 966 1648 mundi“”;
995 1601 1013 1636 ι
1050 1599 1194 1639 nunc
1214 1585 1408 1640 iterum
1435 1603 1449 1640 :
1474 1607 1491 1634 ι
1522 1587 1737 1656 Egolux
1773 1589 1825 1642 in
1860 1588 2115 1643 mundum

539 1674 679 1726 hunc
706 1673 824 1726 veni
859 1691 871 1726 :
906 1672 995 1741 qui
1023 1674 1270 1743 sequitur
1297 1690 1408 1742 me,
1441 1677 1495 1730 in
1526 1678 1766 1734 tenebris
1794 1691 1899 1734 non
1927 1679 2114 1733 ambu-

2219 487 2498 557 μονονουχὶ
2526 483 3040 557 παραρῤιπτοῦντός
3074 486 3224 537 ἐστιν
3247 485 3429 548 αὐτοῖς
3453 487 3578 548 τοὺς
3599 488 3820 558 ἠσεϐη-

2217 579 2399 643 κότας,
2428 580 2520 630 καὶ
2549 574 2626 641 οἷς
2659 579 2722 630 τὸ
2751 575 2945 630 παθεῖν
2977 576 3198 646 πρέπει,
3241 578 3335 630 καὶ
3365 577 3508 646 μάλα
3542 579 3778 640 εἰκότως
3797 594 3812 605 ο

2217 671 2545 724 ἀπεκτόνασι
2593 670 2702 739 γὰρ
2749 667 2840 720 τὸν
2873 667 3116 737 ἀρχηγὸν
3155 669 3252 736 τῆς
3281 669 3445 738 ζωῆς,
3481 667 3584 738 τὴν
3617 669 3813 722 πίστιν

2215 763 2274 814 ού
2306 760 2741 832 προσηκάμενοι,
2770 759 2864 811 καὶ
2889 760 3145 827 γεγόνασι
3179 758 3392 828 μακρὰν
3419 759 3468 810 οἱ
3491 759 3683 826 ἐγγὺς,
3710 760 3809 812 καὶ

2216 852 2343 913 λαὸς
2370 852 2552 904 οὐκέτι
2578 849 2737 913 Θεοῦ,
2764 848 3230 918 κατεστυγημένοι
3255 847 3311 900 δὲ
3347 846 3546 917 μᾶλλον
3569 848 3648 909 ὡς
3687 849 3802 899 Κυ-

2220 943 2502 1014 ριοκτόνοι.
2553 940 2668 994 Ἵνα
2713 939 2768 992 δέ
2800 939 2874 1010 μὴ
2915 939 3172 1009 φαίνηται
3203 936 3332 999 Θεὸς
3371 935 3613 1000 κολάζων
3655 938 3802 1006 είκῆ.

2217 1037 2310 1090 καὶ
2335 1035 2491 1097 δίκας
2520 1033 2686 1088 αἰτῶν
2731 1033 2828 1095 τὰς
2875 1033 2962 1084 ἐπ’
3001 1030 3196 1096 οὐδενὶ,
3246 1030 3607 1101 παρατίθησιν
3640 1030 3804 1090 εὐθὺς

2217 1128 2313 1186 τὰς
2347 1123 2545 1188 αἰτίας,
2573 1115 2658 1184 αἶς
2679 1121 2745 1192 δὴ
2774 1119 2868 1174 καὶ
2894 1119 3066 1189 ἔνοχοι
3094 1119 3375 1186 γεγονότες
3396 1117 3636 1171 δέδονται
3665 1119 3804 1186 πρὸς

2216 1213 2434 1286 ὄλεθρον
2473 1215 2586 1276 τοῖς
2628 1211 2876 1283 ἐχθροῖς,
2907 1210 3024 1280 ἦτοι
3072 1210 3186 1271 τοῖς
3229 1208 3392 1278 θηρσὶ
3437 1207 3570 1276 πρὸς
3622 1208 3799 1258 κατὰο

2216 1306 2432 1376 ϐρωμα.
2466 1303 2629 1357 Ἴδετε
2652 1303 2780 1372 γάρ,
2807 1300 2993 1370 φησὶν,
3015 1299 3095 1351 ὅτι
3119 1297 3317 1360 πάντες
3341 1293 3797 1363 ἐκτετύερλωνται,

2215 1397 2316 1448 οὐκ
2364 1393 2608 1462 ἔγνωσαν
2657 1393 2942 1462 φρονῆσαι.
3009 1385 3212 1456 Τυφλοὶ
3255 1386 3364 1454 γὰρ
3417 1384 3588 1446 ὅντως
3642 1386 3693 1436 oi
3743 1385 3800 1446 ἐξ

2229 1487 2466 1558 Ἰσραὴλ,
2519 1484 2754 1556 μάλιστα
2807 1482 2864 1535 δὲ
2905 1482 3013 1534 τῶν
3050 1480 3225 1534 ἄλλων
3259 1480 3308 1531 οἱ
3343 1478 3700 1548 Γραμματεῖς
3743 1495 3795 1529 τε

2218 1580 2312 1633 καὶ
2354 1580 2404 1630 οἱ
2429 1579 2736 1647 Φαρισαῖοι,
2772 1575 2866 1628 καὶ
2903 1576 2954 1627 ot
2998 1571 3357 1643 καθηγεῖσθαι
3400 1570 3655 1639 λαχόντες
3700 1569 3798 1639 τῆς

2216 1671 2562 1738 Συναγωγῆς.
2610 1667 2682 1720 Οὐ
2719 1665 2827 1736 γάρ
2868 1663 3230 1734 παρεδέξαντο
3267 1661 3382 1730 φῶς
3423 1662 3485 1714 τὸ
3522 1661 3795 1730 ἀληθινὸν,

537 1763 688 1827 labit,
722 1765 815 1818 sed
841 1764 1060 1818 habebit
1091 1765 1263 1820 lucem
1295 1766 1419 1821 vita:
1437 1766 1506 1822 ⁸⁸.
1539 1785 1558 1819 ι
1595 1767 1726 1822 Cum
1744 1783 1872 1838 ergo
1905 1767 2105 1838 liceret,

2221 1759 2343 1813 οὔτε
2381 1760 2486 1830 μὴν
2533 1757 2802 1829 ἠθέλησαν
2848 1756 3051 1825 γνῶναι
3094 1753 3348 1825 Χριστὸν,
3382 1753 3559 1806 καίτοι
3591 1751 3797 1821 βοῶντα

537 1855 641 1909 lide
669 1864 948 1925 suscepta,
979 1855 1097 1912 luce
1128 1857 1320 1922 ditari,
1353 1859 1406 1913 id
1437 1860 1654 1929 quidem
1685 1875 1793 1916 non
1827 1859 2103 1925 fecerunt,

536 1956 593 2000 ut
629 1955 683 2000 et
719 1948 979 2028 propheta
1021 1948 1193 2018 inquit
1230 1950 1734 2022 :‘Exspectantibus
1767 1951 1870 2007 ilhs
1909 1951 2104 2017 lucem,

535 2037 688 2092 facta
729 2048 853 2093 sunt
897 2041 1131 2095 tenebrae
1171 2057 1185 2095 :
1230 2050 1285 2094 et
1327 2051 1705 2110 exspectantes
1746 2041 2107 2111 splendorem,

536 2125 587 2178 iu
628 2125 858 2195 caligine
891 2128 1087 2183 versati
1133 2139 1278 2184 sunt.
1314 2129 1379 2184 Et
1426 2131 1541 2200 ipse
1583 2131 1839 2186 Servator
1871 2131 2010 2186 dixit
2043 2132 2108 2186 de

535 2214 640 2269 illis
661 2224 717 2270 et
740 2216 807 2270 de
844 2216 1039 2286 pepulo
1067 2217 1276 2272 illorum
1306 2219 1484 2273 manui
1515 2220 1804 2275 commisso
1852 2237 1866 2276 ς
1911 2237 1931 2272 ι
1970 2219 2107 2276 (ἷωοί

535 2316 681 2373 sunt,
707 2316 761 2360 et
792 2322 1056 2362 cmcorum
1083 2310 1247 2365 duces
1263 2311 1351 2366 ⁸⁵⁸.
1381 2329 1400 2363 ι
1441 2310 1642 2367 Omnes
1677 2311 1861 2381 igitur,
1899 2312 2104 2380 inquit,

535 2399 784 2470 exerceati
846 2408 993 2462 sunt,
1039 2415 1212 2468 neque
1255 2415 1448 2471 sapere
1496 2412 1713 2457 norunt.
1781 2401 1911 2458 Erat
1964 2405 2105 2458 enim

535 2502 661 2541 vere
704 2488 978 2542 hominum
1022 2492 1343 2558 prudentum
1386 2502 1441 2547 et
1487 2493 1925 2562 intelligentium,
1965 2494 2106 2549 cele-

537 2582 668 2635 riter
689 2594 934 2650 praesens
957 2581 1147 2636 salutis
1177 2591 1386 2651 tempus
1411 2584 1834 2653 apprehendere.
1855 2584 1934 2638 Ad
1961 2586 2106 2654 quod

535 2682 589 2727 et
620 2673 832 2727 divinus
866 2671 1028 2726 David
1059 2687 1154 2728 eos
1185 2674 1499 2729 cohortatus
1530 2683 1642 2742 est,
1672 2674 1856 2730 dicens
1887 2693 1898 2726 ε
1935 2693 1953 2726 ι
1993 2677 2103 2744 Ap-

534 2763 848 2831 prehendite
883 2763 1256 2833 disciplinam,
1292 2779 1362 2820 ne
1383 2768 1599 2834 quando
1623 2766 1889 2822 irascatur
1926 2767 2105 2821 Domi-

536 2871 655 2919 nus,
681 2863 733 2908 et
759 2854 992 2923 pereatis
1021 2867 1049 2906 a
1078 2853 1162 2907 via
1187 2853 1356 2922 justa,
1383 2869 1504 2908 cum
1533 2855 1642 2909 cito
1665 2855 1930 2910 exarserit
1961 2854 2106 2910 furor

533 2947 650 3017 ejus
690 2948 740 2999 in
779 2960 873 3000 vos
902 2945 1014 2998 ⁸⁸⁸⁸.
1055 2963 1072 2998 ι
1111 2945 1374 3012 Quoniam
1410 2961 1536 3002 vero
1559 2948 1698 3002 hanc
1720 2963 1813 3018 per
1833 2948 2103 3004 Christum

535 3038 871 3108 disciplinam
909 3052 1012 3091 non
1047 3039 1549 3109 apprehenderunt,
1581 3040 1785 3093 exarsit
1815 3040 1868 3094 in
1896 3055 1989 3094 eos
2021 3041 2104 3094 fu-

2215 1850 2401 1920 σαφῶς
2434 1849 2564 1902 ποτὲ
2595 1848 2714 1919 μὲν,
2733 1847 2812 1900 δτι
2839 1865 2856 1896 ί
2882 1843 3022 1914 Ἐγώ
3044 1845 3159 1914 εἰμι
3183 1843 3244 1896 τὸ
3273 1841 3386 1910 φῶς
3406 1840 3499 1894 τοῦ
3528 1840 3788 1911 κόσμου,ι

2213 1943 2344 1996 ποτὲ
2367 1942 2423 1996 δὲ
2447 1939 2629 2004 πάλιν,
2656 1959 2674 1991 ι
2699 1937 2839 2006 Ἐγὼ
2862 1937 2976 2005 φῶς
3003 1937 3082 1998 είς
3114 1934 3204 1987 τὸν
3224 1933 3424 2002 κόσμον
3452 1932 3642 1985 τοῦτον
3672 1932 3791 2002 ἐλη-

2213 2036 2348 2090 λυθα
2373 2052 2386 2066 ·
2417 2036 2447 2088 6
2473 2031 2784 2088 ἀκολουθῶν
2815 2031 2959 2101 ἐμοὶ,
2989 2029 3049 2081 ού
3100 2027 3175 2098 μὴ
3226 2027 3578 2097 περιπατήσῃ
3629 2027 3687 2077 ἐν
3730 2029 3790 2094 τῇ

2215 2128 2426 2198 σκοτίᾳ,
2451 2127 2562 2180 ἀλλ’
2591 2126 2702 2192 ἐξει
2731 2123 2790 2177 τὸ
2833 2123 2945 2192 φῶς
2973 2122 3074 2191 τῆς
3120 2121 3285 2190 ζωῆς.
3324 2137 3343 2169 ι
3388 2118 3538 2184 Ἐξὸν
3567 2113 3660 2172 οὖν
3689 2119 3792 2190 ἄρα

2214 2219 2656 2290 καταπλουτῆσαι
2684 2218 2744 2272 τὺ
2786 2217 2901 2287 φῶς
2955 2213 3405 2286 προσηκαμένους
3449 2213 3549 2282 τὴν
3589 2213 3787 2277 πίστιν,

2214 2311 2368 2364 τοῦτο
2406 2311 2502 2382 μὲν
2534 2311 2594 2363 οῦ
2637 2309 3001 2380 πεπράκασιν,
3031 2306 3106 2369 ὡς
3129 2305 3184 2358 δὲ
3219 2308 3246 2358 ὁ
3280 2303 3565 2374 προφήτης
3609 2305 3785 2372 φησὶν,

2227 2401 2664 2472 Ὑπομεινάντων
2685 2398 2863 2453 αὐτῶν
2883 2397 3017 2464 φῶς,
3036 2397 3248 2463 ἐγένετο
3261 2395 3442 2456 αὐτοῖς
3459 2393 3665 2459 σκότος,
3678 2396 3790 2462 μεί-

2214 2507 2400 2554 ναντες
2445 2489 2616 2560 αὐγὴν
2646 2492 2702 2542 ἐν
2743 2487 2920 2558 ἀωρίᾳ.
2952 2487 3388 2558 περιεπάτησαν.
3419 2477 3558 2554 Ἔφη
3597 2485 3654 2536 δὲ
3696 2485 3788 2537 ut

2214 2583 2373 2646 αὐτὸς
2388 2585 2416 2636 6
2438 2582 2626 2652 Σωτὴρ
2644 2581 2769 2652 περί
2790 2598 2849 2634 τε
2873 2580 3054 2634 αὐτῶν
3081 2581 3173 2633 καὶ
3193 2579 3301 2631 τῶν
3321 2577 3424 2630 ὑπὸ
3443 2580 3595 2648 χεῖρα
3618 2575 3788 2640 λαῶν,

2213 2673 2293 2726 ὅτι
2353 2693 2369 2722 ι
2399 2672 2602 2740 Τυφλοί
2644 2673 2748 2724 εἰσι
2802 2673 2896 2724 καὶ
2945 2671 3157 2740 τυφλῶν
3219 2669 3424 2740 ὁδηγοί.
3453 2689 3472 2721 ι
3523 2671 3789 2733 Ἅπαντες

2211 2765 2387 2818 τοίνυν
2427 2764 2883 2832 ὲκτετύφλωνται,
2913 2764 3064 2834 φησι,
3096 2763 3188 2815 καὶ
3231 2763 3331 2814 οὐκ
3374 2762 3617 2830 ἔγνωσαν
3661 2779 3792 2833 sapo-

2216 2856 2394 2925 νῆσαι.
2449 2854 2558 2908 Καὶ
2588 2853 2696 2924 γὰρ
2728 2849 2794 2922 ἦν
2834 2852 2973 2905 κατὰ
3007 2851 3066 2905 τὸ
3091 2851 3286 2921 ἀληθὲς
3319 2850 3526 2920 ἀνδρῶν
3584 2851 3791 2920 ἐμφρό-

2211 2965 2315 3000 νων
2341 2948 2433 2999 καὶ
2467 2945 2722 3008 συνετῶν,
2775 2945 2834 2996 τὸ
2887 2941 3278 3013 ἐπιδράξασθαι
3308 2941 3520 3012 γοργῶς
3550 2941 3647 2993 τοῦ
3694 2942 3790 3010 τῆς

2213 3039 2484 3110 σωτηρίας
2527 3037 2790 3108 παρόντος
2835 3035 3027 3105 καιροῦ
3049 3051 3060 3064 ·
3097 3035 3398 3106 προέτρεπε
3431 3032 3560 3102 γοῦν
3594 3035 3789 3096 αὐτοὺς

536 3145 642 3192 rnr,
670 3139 726 3184 et
753 3129 817 3184 de
843 3130 924 3183 via
951 3127 1091 3198 iusta
1120 3129 1418 3198 perierunt,
1443 3131 1494 3184 id
1519 3139 1624 3196 est,
1644 3131 1804 3185 alieni
1833 3130 1956 3185 facti
1981 3141 2105 3186 sunt

2211 3131 2290 3192 εἰς
2350 3128 2504 3182 τοῦτο
2571 3128 2743 3194 λέγων
2795 3128 2822 3178 6
2871 3125 3155 3187 θεσπέσιος
3211 3124 3405 3176 Δαόίδ·
3457 3141 3476 3174 ‹
3509 3123 3788 3193 Δράξασθε

533 3236 562 3273 a
595 3222 1003 3274 conversatione
1025 3218 1359 3284 evangelica,
1389 3235 1484 3288 per
1507 3235 1667 3290 quam
1696 3230 1750 3276 et
1776 3221 1992 3290 quidem
2021 3238 2110 3277 so-

535 3306 640 3360 lam
683 3307 872 3361 modus
897 3307 1120 3376 justitize
1164 3307 1273 3361 Deo
1304 3317 1470 3378 grata:
1515 3309 1709 3364 elucet.
1743 3310 2108 3380 Praeterquam

533 3394 699 3464 qtmtl,
749 3394 942 3463 inquit,
991 3395 1118 3450 cmci
1166 3395 1296 3460 sint,
1339 3398 1504 3452 etiam
1547 3412 1710 3454 canes
1755 3404 1886 3456 muti
1933 3412 2106 3468 erant,

534 3503 641 3543 non
687 3488 927 3542 valentes
974 3487 1204 3552 latrare,
1249 3489 1583 3545 somniantes
1631 3490 1685 3544 in
1734 3491 1901 3558 lecto,
1945 3494 2107 3548 dediti

533 3595 743 3634 somno.
811 3579 886 3634 De
924 3579 1027 3634 illis
1061 3581 1206 3635 velut
1240 3581 1307 3635 ab
1343 3581 1592 3652 exemplo
1626 3583 1914 3640 manifesto
1943 3587 2106 3638 verba

535 3673 683 3726 facit.
726 3671 830 3737 Qui
873 3671 1016 3726 enim
1060 3687 1277 3744 gregem
1323 3682 1630 3742 sequuntur
1663 3689 1844 3741 canes,
1874 3675 2108 3744 undique

539 3774 941 3828 circumeuntes
993 3787 1228 3840 semper,
1257 3786 1355 3826 nec
1385 3786 1574 3828 somno
1603 3785 1700 3826 nec
1728 3773 2108 3828 dormitatione

532 3865 838 3918 vincuntur.
874 3863 930 3918 Si
970 3864 1113 3932 quod
1149 3863 1292 3918 enim
1333 3865 1534 3919 animal
1571 3862 1852 3919 elferatum
1893 3864 2106 3934 conspi-

532 3955 722 4018 ciatur,
760 3953 1014 4007 allatrant
1054 3952 1288 4016 fortiter,
1325 3961 1380 4008 et
1417 3954 1672 4009 omnibus
1707 3953 1911 4008 viribus
1949 3969 1976 4006 a
2016 3960 2105 4022 pe-

531 4060 656 4100 core
683 4060 869 4100 arcere
894 4054 1169 4114 satagunt,
1195 4054 1358 4114 atque
1389 4046 1490 4100 hoc
1516 4060 1702 4099 eorum
1733 4054 1817 4100 est
1844 4045 2101 4101 ofﬁcium.

532 4135 640 4191 llos
671 4135 871 4190 imitari
901 4150 1118 4190 necesse
1143 4145 1225 4190 est
1252 4135 1430 4206 elegis
1461 4135 1623 4206 795
1657 4137 1864 4192 ratione
1893 4138 2101 4206 praediti

531 4228 834 4299 pra-lectos,
867 4229 1032 4284 duces
1057 4227 1305 4282 videlicet
1329 4236 1382 4282 et
1407 4229 1675 4294 doctores,
1699 4239 1756 4282 ut
1789 4244 1972 4284 curam
2003 4229 2101 4284 ha-

530 4323 688 4376 beant
728 4322 1060 4377 subditorum
1082 4361 1097 4385 ,
1133 4330 1187 4375 et
1229 4321 1481 4376 omnibus
1517 4321 1688 4376 modis
1721 4337 1816 4376 eos
1849 4323 2096 4392 abigant,

527 4413 615 4480 qui
653 4412 897 4479 injuriam
939 4422 1158 4482 parant,
1203 4411 1404 4480 quique
1446 4427 1474 4464 a
1514 4411 1804 4468 dilectione
1841 4414 1892 4467 in
1932 4412 2098 4467 Deum

2213 3222 2458 3284 παιδείας
2504 3222 2712 3292 μήποτε
2745 3219 2974 3290 ὀργισθῇ
3013 3217 3235 3288 Κύριος,
3278 3217 3370 3270 καὶ
3403 3216 3691 3270 ἀπολεῖσθε
3726 3217 3788 3282 ἐξ

2211 3313 2330 3368 ὁδοῦ
2358 3313 2593 3376 δικαίας,
2633 3313 2760 3364 ὅταν
2799 3308 3042 3380 ὲκκαυθῇ
3090 3310 3146 3361 ἐν
3183 3310 3335 3378 τάχει
3365 3311 3392 3361 ό
3421 3308 3590 3378 θυμὸς
3622 3310 3784 3361 αὐτοῦ

2210 3409 2293 3476 ἐφ’
2345 3407 2508 3477 ὑμᾶς.
2567 3424 2585 3456 ι
2634 3403 2851 3473 Ἐπειδὴ
2892 3403 2949 3456 δὲ
2996 3403 3093 3454 οῦκ
3141 3401 3504 3471 ἐπεδράξαντο
3548 3401 3651 3471 τῆς
3701 3402 3786 3455 διὰ

2209 3497 2444 3567 Χριστοῦ
2469 3497 2734 3558 παιδείας,
2758 3493 3024 3565 ἐξεκαύθη
3062 3495 3186 3546 κατ’
3211 3493 3391 3546 αὐτῶν
3415 3494 3442 3546 6
3474 3493 3669 3563 θυμὸς,
3695 3495 3785 3546 καὶ

2179 3563 2550 3642 Ἂπολώλασιν
2570 3589 2628 3654 ἐξ
2656 3586 2776 3640 ὁδοῦ
2805 3585 3039 3650 δικαίας,
3069 3586 3370 3650 τουτέστιν,
3397 3585 3502 3651 ἔξω
3528 3588 3787 3654 γεγόνασι

2209 3679 2481 3742 πολιτείας
2534 3677 2914 3747 εύαγγελικῆς,
2965 3676 3033 3729 δι’
3084 3672 3152 3749 ἦς
3206 3677 3301 3728 καὶ
3354 3677 3523 3746 μόνης
3585 3680 3637 3730 οἱ
3693 3680 3787 3750 τῆς

2207 3769 2549 3840 ἀρεσκούσης
2605 3768 2724 3840 Θεῷ
2775 3768 3123 3837 δικαιοσύνης
3171 3767 3515 3838 ἐκλάμπουσι
3572 3771 3785 3840 τρόποι.

2206 3863 2349 3934 Πρὸς
2389 3863 2444 3916 δέ
2487 3880 2550 3930 γε
2582 3863 2642 3915 τὸ
2679 3857 2820 3915 εἶναι
2857 3861 3069 3931 τυφλοὶ,
3115 3861 3266 3930 φησὶ,
3299 3862 3394 3913 καὶ
3443 3860 3608 3923 κύνες
3650 3858 3789 3931 ἦσαν

2205 3954 2397 4017 ἐννεοὶ,
2428 3955 2489 4006 ού
2520 3954 2805 4024 δυνάμενοι
2855 3951 3126 4015 ὑλακτεῖν,
3178 3953 3626 4022 ἐνυπνιαζόμενοι
3674 3955 3784 4004 mi-

2203 4062 2321 4116 την,
2383 4044 2657 4114 φιλοῦντες
2714 4042 3044 4113 νυσταγμόν·
3098 4041 3173 4106 ὡς
3225 4045 3289 4095 ἐκ
3341 4042 3785 4114 παραδείγματος

2203 4136 2466 4207 ἐναργοῦς
2491 4137 2617 4199 τοὺς
2656 4134 2784 4205 περὶ
2817 4132 2996 4186 αὐτῶν
3044 4135 3274 4185 ποιεῖται
3308 4132 3519 4201 λόγους.
3570 4134 3637 4185 Οἱ
3689 4133 3785 4202 μὲν

2203 4228 2312 4299 γὰρ
2352 4230 2472 4290 ταῖς
2505 4226 2762 4296 ποίμναις
2815 4224 3071 4295 ἑπόμενοι
3119 4222 3281 4287 κύνες
3330 4223 3516 4294 κύκλῳ
3564 4242 3787 4297 περινοο

2204 4320 2454 4382 στοῦντες
2484 4319 2590 4384 ἀεὶ,
2629 4317 2906 4390 κρείττους
2962 4317 3067 4369 είσὶ
3100 4316 3192 4370 καὶ
3227 4316 3394 4370 ὕπνου
3426 4319 3521 4370 καῖ⁸
3555 4337 3787 4389 νυσταγ-

2205 4411 2326 4482 μοῦ.
2375 4412 2436 4464 Εἰ
2465 4411 2574 4480 γάρ
2609 4409 2709 4462 πού
2745 4426 2799 4462 τι
2841 4408 2950 4461 τῶν
2989 4407 3297 4463 ἁτιθάσσων
3329 4411 3521 4480 ὀφθείη
3556 4410 3785 4482 θηρίων,

526 4503 816 4568 abducunt,
845 4507 1230 4571 persuadentes
1263 4504 1620 4558 reverentiam
1647 4519 1768 4573 qua:
1795 4519 1920 4575 erga
1951 4506 2098 4560 illttm

2209 4503 2634 4560 καθυλακτοῦσιν
2663 4501 2914 4566 εὐτόνως,
2947 4501 3042 4554 καὶ
3081 4502 3245 4554 παντὶ
3284 4500 3460 4553 σθένει
3509 4502 3786 4572 χρώμενοι

527 4593 768 4647 habenda
803 4603 904 4657 est,
944 4596 1090 4663 parvi
1139 4595 1338 4658 facere,
1371 4603 1425 4649 et
1466 4595 1532 4650 ad
1573 4595 1712 4663 quod
1755 4595 1885 4664 ipsis
1926 4596 2102 4666 placet

525 4685 886 4740 attrahentes.
918 4684 1022 4738 Sed
1060 4685 1195 4738 tales
1257 4699 1379 4739 esse
1413 4685 1664 4740 nolebant
1695 4684 1928 4741 Iudaica:
1963 4685 2100 4756 Syn-

524 4790 707 4846 agogae
737 4775 1008 4846 praepositi
1037 4793 1048 4829 :
1072 4776 1182 4830 imo
1211 4791 1376 4830 canes
1401 4789 1556 4831 erant
1589 4777 2093 4842 muti,dormitatio-

525 4884 644 4922 nem
680 4877 944 4934 amantes,
975 4877 1030 4921 et
1064 4867 1117 4922 in
1155 4867 1294 4923 lecto
1329 4870 1686 4924 somniantes.
1722 4871 1930 4923 Etenim
1971 4868 2097 4923 licet

524 4957 718 5027 popqu
757 4972 855 5012 suo
895 4956 1046 5011 utilia
1088 4956 1408 5027 przecipere,
1453 4972 1516 5012 ac
1557 4968 1743 5014 contra
1785 4957 2092 5012 docentium

524 5051 756 5120 impetus
783 5051 1098 5120 propulsare
1125 5049 1402 5116 deberent,
1429 5051 1478 5104 id
1508 5051 1722 5119 quidem
1752 5066 1856 5104 non
1885 5050 2093 5118 praesti-

525 5151 722 5206 terunt,
765 5142 859 5197 sed
898 5141 999 5212 ipsi
1043 5143 1222 5212 petius
1258 5158 1352 5198 eos
1397 5143 1450 5196 in
1493 5143 1799 5212 voraginem
1848 5142 2094 5198 interitus

521 5233 946 5301 prmeipitarunt.
978 5234 1130 5300 Quod
1160 5234 1374 5290 docebit
1405 5235 1780 5288 universorum
1809 5233 1971 5301 Deus,
2007 5237 2089 5289 in-

521 5321 711 5388 quiens
741 5340 756 5376 :
791 5341 809 5374 ι
849 5320 1171 5379 Sacerdotes
1201 5325 1276 5378 tui
1309 5340 1412 5379 non
1444 5321 1843 5379 dixeruntzUbi
1874 5336 1956 5379 est
1989 5326 2088 5379 Do-

520 5410 735 5464 ntiuus?
799 5423 851 5466 et
889 5416 977 5483 qui
1017 5424 1201 5470 tenent
1236 5416 1409 5486 legem
1447 5430 1640 5480 meam,
1677 5431 1781 5468 non
1816 5417 2092 5470 sciverunt

523 5515 638 5565 me,
671 5517 730 5555 ac
772 5514 1013 5571 pastores
1048 5507 1098 5560 in
1135 5523 1218 5562 me
1250 5518 1472 5576 egerunt
1510 5507 1699 5577 impie,
1733 5519 1784 5564 et
1821 5508 2090 5579 propheta:

587 5681 679 5713 W‘
716 5678 866 5736 Joan.
907 5697 1018 5747 vttt,
1061 5683 1140 5734 l2.
1218 5683 1261 5712 ⁸’έ
1292 5684 1444 5739 Joun.
1484 5702 1574 5752 xtl,
1609 5685 1695 5739 46.

1777 5689 1842 5719 ""
1872 5685 2063 5741 Matth.
2096 5703 2182 5754 xv,
2225 5688 2304 5743 10.

2206 4598 2313 4650 τῶν
2368 4595 2697 4667 θρεμμάτων
2747 4592 3038 4648 ἀποσοϐεῖν
3086 4594 3432 4662 ἐπείγονται,
3486 4594 3580 4646 καὶ
3628 4595 3788 4648 τοῦτο

2205 4687 2365 4759 ἔργον
2399 4686 2601 4747 αὐτοῖς.
2649 4683 2869 4747 Τούτοις
2898 4684 3132 4738 ἐοικέναι
3173 4685 3277 4755 χρὴ
3326 4686 3450 4747 τοὺς
3494 4685 3603 4738 τῶν
3635 4685 3785 4754 λογι-

2206 4776 2317 4827 κῶν
2368 4773 2630 4844 ποιμνίων
2684 4773 3109 4845 προεστηκότας,
3155 4774 3472 4845 καθηγητὰς
3540 4775 3785 4846 δηλονότι

2205 4869 2298 4920 καὶ
2326 4866 2700 4930 διδασκάλους,
2747 4865 2887 4918 ὥστε
2937 4866 3200 4934 κήδεσθαι
3245 4867 3470 4919 καὶτῶν
3514 4867 3786 4937 ὑπεζευγ-

2195 4961 2398 5030 μένων,
2448 4976 2540 5011 και
2586 4958 2909 5012 ἀπελαύνειν
2955 4959 3080 5021 τοὺς
3147 4959 3266 5011 καθ’
3315 4959 3592 5012 ὁντιναοῦν
3666 4963 3786 5031 τρόο

2192 5068 2292 5104 πον
2315 5051 2522 5104 ἀδικεῖν
2556 5049 2860 5117 ἐθέλοντας,
2893 5051 2985 5104 καὶ
3017 5051 3390 5120 ἁποςρέροντας
3425 5050 3528 5120 μὲν
3565 5052 3674 5121 τῆς
3709 5057 3780 5112 εἰς

2190 5142 2321 5196 Θεὸν
2372 5143 2612 5212 ἀγάπης,
2673 5143 3058 5213 κατολιγωρεῖν
3107 5143 3498 5206 ἁναπείθοντας
3547 5145 3653 5214 τῆς
3709 5148 3781 5206 εἰς

2191 5234 2350 5289 αὐτὸν
2384 5233 2585 5298 αἰδοῦς,
2616 5237 2695 5298 εἰς
2746 5235 2802 5287 δὲ
2850 5235 2910 5286 τὸ
2951 5236 3133 5297 αὐτοῖς
3178 5232 3368 5286 δοκοῦν
3406 5235 3776 5306 ἁρπάζοντας.

2208 5327 2348 5380 Ἀλλ’
2371 5326 2470 5380 ούκ
2486 5327 2674 5397 ἦθελον
2692 5322 2829 5380 εἶναι
2863 5327 3069 5380 τοιοῦτο
3101 5327 3196 5396 τῆς
3231 5325 3498 5379 Ἰουδαίων
3519 5328 3775 5394 Συναγω·

2195 5418 2300 5488 γῆς
2329 5419 2378 5472 οἱ
2399 5420 2794 5488 προεστηκότες
2815 5434 2826 5447 °
2857 5419 3051 5490 μᾶλλον
3085 5419 3190 5490 γάρ
3223 5414 3362 5488 ἦσαν
3395 5418 3554 5480 κύνες
3583 5419 3772 5481 ἐννεοὶ,

2196 5512 2501 5581 νυσταγμὸν
2555 5511 2853 5578 φιλοῦντες.
2909 5514 3002 5564 καὶ
3064 5513 3247 5581 κοίτην
3307 5510 3769 5580 ἐνυπνιαζόμενοι.

2387 5690 2474 5720 ⁸⁵“
2512 5689 2648 5743 Ιδέιιί.
2687 5705 2744 5754 tt,
2781 5689 2864 5757 l2,
2901 5689 2982 5744 15.
