4096 6212
371 318 513 373 12ῢὸ
1094 331 1113 347 ο
1478 351 1485 357 ι
1502 310 1568 365 ΙΝ
1610 311 1842 367 ISAIAM
1884 311 1937 367 ιι

2060 313 2121 369 γ.
2165 314 2399 374 TOMUS
2438 319 2527 376 Ill.
3511 331 3646 385 1254

368 436 562 490 Καίτοι
610 434 718 506 γάρ
755 433 872 487 δέον
921 435 1032 496 τοῖς
1080 433 1184 486 ὑπὸ
1222 435 1378 505 χεῖρα
1430 433 1578 497 λαοῖς
1618 434 1934 504 εἰσηγεῖσθα

2061 436 2456 506 prophetarum
2496 440 2621 496 Baal
2649 441 2715 495 ⁸⁸.
2764 460 2783 494 ι
2826 442 3007 513 Itaque
3051 445 3303 503 nolebant
3343 462 3439 505 cen
3483 464 3647 508 canes

366 527 437 581 τὰ
468 527 738 597 χρήσιμα,
776 524 869 578 καὶ
900 523 1012 577 τῶν
1042 524 1540 595 ἑτεροδιδασκαλεῖν
1568 525 1834 578 εἰωθότων
1857 525 1937 586 τὰς

2058 535 2245 581 contra
2277 529 2597 587 infestantes
2627 547 2844 604 gregem
2875 533 3092 601 latrare,
3123 540 3215 592 sed
3245 554 3442 596 canum
3470 541 3644 610 impu-

368 617 590 686 ἐφόδους
621 616 929 679 ἀποσοϐεῖν,
973 614 1130 671 τοῦτο
1177 615 1275 686 μὲν
1326 617 1426 668 οὐκ
1475 615 1666 685 ἔδρων,
1715 616 1868 669 αὐτοὶ
1897 616 1937 670 δὲ

2058 616 2295 672 dentiam
2327 619 2698 687 imitabantur,
2745 630 2800 678 et
2843 625 3192 682 voracitatem
3239 629 3505 687 satietatis
3551 648 3635 686 mu

371 708 575 778 μᾶλλον
622 706 817 769 αὐτοὺς
848 708 962 768 τοῖς
1007 705 1108 775 τῆς
1152 704 1429 769 ἀπωλείας
1463 705 1673 759 ἐνίεσαν
1719 705 1952 777 βὸθροις.

368 800 477 853 Καὶ
510 798 669 852 τοῦτο
697 798 898 863 διδάξει
927 796 1102 865 λέγων
1130 798 1159 850 6
1194 797 1306 850 τῶν
1334 797 1468 851 ὅλων
1502 796 1635 860 Θεός
1656 812 1668 826 '
1708 816 1726 849 ι
1775 799 1839 851 Ui
1882 799 1955 851 ίε-

370 892 481 961 ρεῖς
521 906 615 943 σου
644 890 746 943 οὐκ
780 885 961 945 εἶπαν*
987 887 1098 942 Ποῦ
1122 889 1236 941 ἐστι
1269 888 1499 959 Κύριοςς
1534 889 1628 942 καὶ
1661 890 1710 941 οἱ
1731 890 1951 960 ἀντεχό-

370 998 521 1051 μενοι
547 982 642 1035 τοῦ
690 981 854 1053 νόμου
883 981 983 1034 οὐκ
1010 980 1311 1051 ἠπίσταντό
1360 998 1447 1051 με,
1495 981 1588 1034 καὶ
1617 981 1665 1033 oi
1697 980 1952 1051 ποιμένες

367 1074 597 1142 ἠσέϐουν
642 1074 721 1137 εἰς
751 1072 875 1144 ἐμὲ,
915 1071 1010 1125 καὶ
1058 1072 1107 1125 οἱ
1153 1074 1433 1144 προφῆται
1465 1072 1840 1143 ἐπροφήτευον
1882 1076 1949 1144 τῇ

368 1164 535 1218 Βάαλ.
578 1182 596 1216 ι
631 1162 841 1217 Οὐκοῦν
887 1163 1080 1235 ῶσπερ
1124 1163 1286 1227 κύνες
1322 1161 1681 1217 καθυλακτεῖν
1718 1162 1815 1233 μὲν
1841 1163 1950 1217 τῶν

366 1260 484 1320 ταῖς
517 1256 777 1327 ποίμναις
819 1255 1234 1328 ἐπηρεαζόντων
1265 1256 1365 1309 οὐκ
1403 1255 1615 1327 ἤθελον,
1655 1257 1951 1328 ἐμιμοῦντο

364 1349 421 1403 δὲ
458 1350 566 1402 τῶν
611 1347 791 1403 κυνῶν
819 1348 919 1419 τὴν
966 1348 1373 1418 ἀναισχυντίαν,
1414 1346 1511 1400 καὶ
1550 1346 1612 1400 τὸ
1648 1347 1722 1419 μὴ
1751 1346 1948 1401 εἰδέναι

366 1441 705 1513 πλησμονήν.
744 1440 1094 1495 Φιλόπλουτοι
1143 1442 1253 1513 γὰρ
1290 1440 1464 1504 ὄντες,
1505 1440 1599 1493 καὶ
1644 1439 1947 1511 λημμάτων

364 1533 607 1605 αἰσχρῶν
647 1532 971 1605 ἡττώμενοι,
1001 1533 1095 1586 καὶ
1135 1532 1485 1605 δωροδοκίαις
1525 1533 1945 1604 ὲπιγαννύμενοι

366 1625 739 1696 παρηνόμουν,
790 1625 839 1676 οἳ
871 1624 965 1678 καὶ
998 1623 1376 1695 αἰσχυνόμενοι
1417 1623 1598 1696 ψῆφον
1629 1624 1813 1679 ἄδικον
1842 1641 1945 1678 κα-

362 1717 693 1787 ταφέροντες
716 1715 826 1768 ἐσθ’
848 1716 937 1769 ὅτε
964 1715 1074 1768 τῶν
1101 1714 1427 1770 ἀδικούντων
1459 1716 1657 1786 μηδὲν,
1674 1715 1944 1769 δικαιοῦν-

2057 707 2245 763 sciam.
2269 708 2406 765 Nam
2433 713 2678 782 pecuniae
2704 725 2971 776 amantes.
2997 726 3050 769 et
3077 719 3215 788 turpi
3243 719 3392 775 lucro
3415 722 3637 790 addicti,

2054 809 2110 853 et
2144 817 2428 857 munerum
2463 803 2843 875 largitionibus
2874 808 3147 874 delectati,
3180 810 3349 880 legem
3385 817 3641 880 przevariu

2052 892 2161 945 cati
2205 894 2330 948 sunt
2365 911 2380 949 :
2419 895 2511 965 qui
2566 897 2732 952 etiam
2786 914 2907 953 cum
2948 900 3154 968 pudore
3187 902 3457 958 interdum
3497 907 3640 974 inju-

2053 991 2194 1035 stmn
2233 983 2501 1040 calculum
2534 986 2779 1043 ferebant
2811 990 2863 1043 in
2898 1004 2993 1046 eos
3022 991 3114 1060 qui
3149 991 3404 1062 iniuriam
3440 994 3638 1050 nullam

2054 1074 2313 1142 iecerant,
2372 1079 2707 1150 impiumque
2728 1081 3124 1151 justitlcabant.
3157 1082 3273 1138 Non
3303 1085 3445 1139 enim
3478 1100 3640 1140 nove-

2051 1178 2178 1223 runt
2223 1170 2563 1237 satietatem,
2613 1174 2666 1228 id
2718 1183 2834 1244 est,
2881 1175 3070 1231 satiari
3121 1178 3446 1247 nequibant,
3498 1181 3638 1249 turpi

2051 1270 2262 1328 qumstu
2293 1262 2566 1319 videlicet.
2598 1264 2696 1321 His
2728 1269 2892 1321 etiam
2924 1270 2991 1324 de
3023 1269 3204 1323 causis
3237 1283 3330 1325 eos
3364 1273 3639 1327 accusavit

2052 1348 2313 1407 Servatur
2342 1352 2485 1422 ipse,
2515 1353 2706 1411 dicens
2735 1374 2748 1410 :
2787 1375 2807 1408 ι
2846 1356 2937 1411 Vm
2965 1357 3147 1424 vobis,
3182 1357 3386 1414 Scriba:
3413 1370 3469 1415 et
3498 1360 3639 1415 Pha-

2050 1443 2190 1499 risaei
2224 1446 2519 1516 hypocrita:
2552 1465 2567 1502 :
2596 1449 2881 1506 decimatis
2916 1453 3214 1520 meutbam,
3259 1462 3316 1507 et
3357 1453 3634 1518 anethum,

2047 1545 2102 1591 et
2130 1539 2439 1607 cuminum,
2486 1548 2541 1595 et
2586 1554 2706 1610 quae
2737 1542 2986 1611 graviora
3022 1543 3155 1615 legis
3183 1554 3308 1600 sunt
3341 1546 3632 1610 omisistis,

2041 1626 2335 1697 judicium,
2370 1631 2799 1688 misericordiam
2839 1644 2891 1690 et
2925 1636 3083 1691 ﬁdem
3106 1637 3173 1690 ⁸⁷.
3212 1657 3233 1691 ι
3292 1638 3367 1694 De
3401 1639 3505 1695 illis
3537 1655 3633 1694 au-

2049 1728 2155 1772 tem
2183 1720 2319 1776 dixit
2348 1721 2564 1779 divinus
2590 1726 2848 1795 propheta
2881 1726 3051 1783 Isaias
3081 1746 3094 1782 :
3129 1748 3146 1782 ς
3184 1729 3463 1797 Quomodo
3490 1731 3631 1787 facta

362 1826 454 1871 τες
480 1809 535 1861 δὲ
564 1807 656 1860 τὸν
689 1806 883 1877 ἀσεϐῆ,
920 1806 981 1860 ού
1027 1807 1137 1879 γὰρ
1165 1807 1387 1879 ᾔδεισαν
1424 1807 1760 1879 πλησμονὴν,
1789 1824 1937 1860 τουτ-

2046 1820 2129 1866 est
2169 1813 2426 1868 meretrix
2462 1814 2656 1871 civitas
2694 1817 2891 1883 ﬁdelia,
2930 1820 3081 1886 Sion,
3117 1822 3273 1891 plena
3312 1823 3540 1892 judicio,
3577 1824 3630 1877 in

363 1901 500 1962 ἐστι,
549 1898 708 1970 κόρον
759 1897 1061 1968 λημμάτων
1107 1897 1349 1969 αἰσχρῶν
1395 1898 1670 1969 δηλονότι’
1726 1900 1821 1952 καὶ
1855 1897 1948 1951 ἐπὶ

363 1988 573 2051 τούτοις
620 1988 820 2053 αὐτοὺς
869 1988 963 2042 καὶ
995 1988 1161 2053 αὐτὸς
1205 1989 1235 2042 6
1280 1989 1473 2061 Σωτὴρ
1515 1991 1705 2061 ᾐτιᾶτο
1750 1989 1944 2058 λέγων’

368 2102 390 2136 ι
423 2083 558 2136 Οὐαὶ
596 2080 745 2152 ὑμῖν,
776 2081 1132 2152 Γραμματεῖς
1175 2080 1270 2135 καὶ
1306 2081 1588 2152 Φαρισαῖοι
1632 2081 1944 2153 ὑποκριταὶ,

365 2175 446 2228 ὅτι
487 2172 884 2228 ἀποδεκατοῦτε
929 2172 991 2226 τὸ
1039 2171 1331 2243 ἡδύοσμον,
1362 2172 1458 2226 καὶ
1497 2173 1558 2226 τὸ
1602 2173 1822 2244 ἄνηθον,
1851 2173 1946 2227 καὶ

377 2262 442 2316 τὸ
489 2261 743 2335 κύμινον,
771 2262 867 2316 καὶ
904 2260 1152 2333 ἀφήκατε
1195 2260 1265 2312 τὰ
1305 2259 1579 2332 βαρύτερα
1617 2261 1710 2315 τοῦ
1753 2261 1950 2333 νόμου,

364 2351 462 2423 τὴν
492 2354 695 2425 κρίσιν,
726 2353 821 2407 καὶ
851 2352 942 2407 τὸν
974 2353 1123 2406 ἔλεον
1153 2351 1246 2404 καὶ
1273 2351 1371 2424 τὴν
1404 2352 1606 2406 πίστιν.
1641 2372 1660 2404 ι
1707 2354 1851 2425 Ἔφη
1885 2355 1944 2408 δὲ

363 2447 492 2515 περὶ
542 2445 720 2499 αὐτῶν
783 2445 878 2499 καὶ
925 2446 955 2498 6
1004 2443 1288 2506 Θεσπέσιος
1337 2446 1623 2516 προφήτης
1679 2445 1940 2510 Ἡσαΐας·

369 2555 388 2588 ι
425 2536 549 2600 [ιῶς
594 2537 811 2605 ἐγένετο
861 2536 1032 2608 πόρνη
1091 2535 1245 2599 πόλις
1295 2536 1458 2607 πιστὴ
1505 2535 1679 2602 Σιὼν,
1730 2536 1943 2608 πλήρης

364 2625 614 2695 κρίσεως,
640 2626 697 2679 ὲν
787 2625 1101 2695 δικαιοσύνη
1125 2625 1415 2697 ἐκοιμήθη,
1447 2627 1542 2680 νῦν
1570 2626 1625 2680 δὲ
1651 2628 1938 2697 φονευταί;

366 2713 437 2769 '1'6
456 2716 715 2788 ἀργύριον
745 2717 900 2789 ὑμῶν
920 2717 1202 2789 ἀδόκιμον,
1226 2718 1275 2771 οἱ
1308 2717 1544 2789 κάπηλοί
1567 2735 1660 2773 σου
1685 2718 1939 2789 μίσγουσι

359 2807 452 2860 τὸν
475 2804 618 2861 οἷνον
651 2808 824 2874 ὕδατι,
852 2811 901 2862 οἰ
917 2798 1188 2881 ’ἄρχοντές
1224 2825 1318 2862 σου
1357 2808 1665 2876 ἀπειθοῦσι,
1695 2811 1940 2864 κοινωνοὶ

360 2898 631 2962 κλεπτῶν,
664 2899 990 2966 ἀγαπῶντες
1028 2899 1197 2971 δῶρα,
1231 2898 1521 2963 διώκοντες
1566 2900 1934 2971 ἀνταπόδομα,

359 2992 616 3061 ὀρφανοῖς
639 2992 697 3044 οὐ
716 2991 1010 3063 κρίνοντες,
1038 2991 1133 3044 καὶ
1151 2991 1329 3061 κρίσει
1347 2992 1522 3063 χήρας
1548 2993 1611 3046 οὐ
1639 2992 1936 3063 προσέχον-

359 3097 505 3143 τες.»
539 3080 647 3134 Ναὶ
679 3081 785 3152 μὴν
811 3081 904 3135 καὶ
930 3083 959 3135 6
997 3079 1283 3144 θεσπέσιος
1309 3081 1640 3151 Ἀϐϐακοὺμ,
1675 3082 1761 3134 ἐπ’
1787 3081 1936 3152 αὑτῷ

358 3171 424 3241 δὴ
463 3169 658 3242 τούτῳ,
681 3150 977 3242 μονονουχὶ
1012 3171 1107 3224 καὶ
1143 3150 1936 3241 δεδακρυμένως,προσεφώνει
1965 3150 2006 3208 c

361 3263 496 3334 πρὸς
522 3262 653 3316 Θεόν
680 3279 692 3292 ⁸
718 3281 737 3316 ι
758 3263 903 3326 Ἕως
924 3262 1091 3328 τίνος,
1124 3261 1316 3334 Κύριε,
1335 3261 1821 3333 Κύριε,κράξομαι
1841 3262 1934 3314 καὶ

363 3352 508 3428 [οὐκ]
528 3374 550 3408 ε
560 3355 821 3428 ίσακούσῃ
836 3373 850 3420 ;
874 3354 1135 3425 βοήσομαι
1159 3354 1295 3425 πρὸς
1309 3355 1366 3407 σε
1380 3354 1748 3424 ἀδικούμενος,
1763 3354 1856 3407 καὶ
1871 3354 1930 3407 οὐ

358 3447 587 3513 σώσειςς
621 3440 790 3502 Ἰνατι
825 3464 913 3517 μοι
949 3446 1155 3513 ἔδειξας
1181 3447 1401 3509 κόπους,
1445 3446 1538 3499 καὶ
1567 3446 1781 3508 πόνους,
1813 3447 1932 3499 ἐπι-

357 3538 580 3592 ϐλέπειν
610 3537 1004 3609 ταλαιπωρίαν,
1033 3536 1128 3590 καὶ
1158 3536 1440 3599 ἀσέϐειαν;
1465 3535 1525 3599 ἐξ
1554 3535 1797 3599 ἐναντίας
1830 3553 1930 3606 μου

357 3631 547 3699 γέγονε
577 3630 777 3701 κρίσις,
807 3628 902 3683 καὶ
937 3631 966 3682 6
1003 3627 1195 3698 κριτὴς
1228 3625 1513 3697 λαμϐάνει.
1545 3626 1644 3679 Διά
1668 3625 1823 3680 τοῦτο
1850 3627 1931 3680 δι-

356 3722 677 3776 εσκέδασται
705 3720 888 3791 νόμος,
908 3720 1001 3773 καὶ
1025 3718 1087 3771 ού
1115 3718 1417 3785 διεξάγεται
1446 3718 1526 3780 εἰς
1552 3716 1704 3780 τέλος
1733 3716 1927 3789 κρίμα,

350 3814 437 3867 δτι
480 3815 509 3867 6
553 3813 755 3883 ἀσεϐὴς
807 3808 1261 3867 καταδυναστεύει
1292 3808 1383 3863 τὸν
1436 3808 1662 3862 δίκαιον.
1707 3809 1930 3863 Ἕνεκεν

353 3905 543 3959 τούτου
574 3903 910 3970 ἐξελεύσεται
949 3902 1010 3956 τὸ
1039 3902 1212 3972 κρίμα
1240 3899 1689 3971 διεστραμμένον.
1732 3918 1751 3952 ι
1784 3901 1927 3955 Οὐκ-

353 3998 447 4052 οῦν
485 3998 546 4051 τὸ
581 3996 678 4067 μὲν
710 3995 1105 4067 φιλογρήγορον
1132 3991 1239 4046 τῶν
1264 3993 1325 4046 ὲν
1361 3992 1583 4060 ἀγέλαις
1625 3991 1802 4045 κυνῶν
1833 3991 1929 4063 ζη-

355 4087 479 4157 λοῦν
505 4087 605 4140 οὐκ
633 4085 844 4155 ἧθελον,
878 4079 1254 4155 ἀπεμιμοῦντο
1279 4083 1338 4136 δὲ
1376 4081 1536 4153 μόνον
1561 4081 1757 4146 αὐτοὺς
1786 4081 1930 4136 κατά

355 4193 419 4244 γε
445 4177 506 4230 τὸ
527 4172 666 4230 εἷναι
698 4173 1123 4246 καταφρονητάς
1151 4174 1251 4244 μὲν
1282 4172 1501 4244 ἀπάσης
1523 4172 1727 4237 αἰδοῦς,
1759 4174 1930 4242 ἐγκεῖ-

355 4268 478 4323 σθαι
503 4268 558 4322 δὲ
573 4267 881 4339 ἀκορέστως
907 4268 1026 4330 ταῖς
1043 4264 1150 4320 τῶν
1167 4264 1470 4337 λημμάτων
1496 4263 1796 4334 συλλογαῖς.
1816 4266 1926 4320 Καὶ

304 4380 319 4395 ~
355 4360 493 4427 πρός
521 4376 585 4427 γε
614 4358 808 4430 τούτῳ,
837 4358 1107 4429 πονηροὺς
1126 4358 1323 4420 αὐτοὺς
1354 4352 1496 4410 εἷναί
1526 4373 1680 4427 φησι,
1712 4357 1806 4410 καὶ
1827 4357 1925 4411 οὐκ

354 4448 553 4499 εἰδέναι
584 4446 816 4499 σύνεσιν.
852 4445 1060 4500 Οὐκοῦν
1089 4445 1345 4509 ἀσύνετος
1370 4446 1399 4497 6
1441 4445 1675 4516 πονηρός
1695 4462 1708 4476 ο
1740 4447 1773 4516 ὴ
1816 4446 1924 4517 γὰρ

358 4538 571 4601 σύνεσις
609 4542 805 4610 πρέποι
847 4538 912 4592 ἂν
950 4538 1181 4609 μάλιστα
1225 4539 1337 4601 τοῖς
1369 4535 1619 4590 εἰωθόσιν
1649 4536 1922 4608 ἀγαθουρ-

355 4630 493 4695 γεῖν,
534 4628 769 4700 πονηρία
800 4628 857 4682 δὲ
890 4627 1083 4700 φρενὸς
1117 4629 1337 4681 ἀπέστω
1378 4628 1478 4698 τῆς
1505 4627 1737 4699 ἀγαθῆς.
1780 4630 1922 4682 Ἴσον

354 4716 464 4786 γὰρ
500 4717 625 4770 ἰδεῖν
684 4716 874 4789 ψώραν
904 4734 963 4770 τε
992 4716 1087 4769 καὶ
1133 4716 1287 4780 ἕλκος
1319 4719 1377 4771 ὲν
1421 4717 1656 4789 σώματι,
1690 4718 1785 4773 καὶ
1823 4737 1922 4773 πο-

355 4809 546 4880 νηρίαν
575 4812 654 4873 εἰς
685 4809 835 4862 νοῦν·
883 4805 1139 4860 ἀσύνετον
1180 4807 1288 4878 γὰρ
1316 4809 1476 4864 αὑτὸν
1504 4810 1795 4879 ἀποφαίνει
1827 4829 1923 4865 κα-

353 4902 664 4972 ταφέρουσα
693 4901 828 4972 πρὸς
862 4899 1177 4969 σκαιότητα,
1205 4897 1301 4950 κοιλ⁵
1327 4898 1661 4954 ἀποτελοῦσα
1698 4901 1923 4975 δύστρο-

359 5010 482 5047 πον.
556 4992 774 5064 Ἐπειδὴ
824 4990 880 5045 δὲ
929 4989 1154 5060 πονηροὶ
1202 4988 1455 5057 γεγόνασι
1501 4993 1596 5044 καὶ
1652 4994 1919 5059 ἀσύνετοι,

351 5084 555 5154 ταύτης
600 5085 762 5138 ἓνεκα
808 5082 908 5153 τῆς
959 5080 1152 5147 αἰτίας,
1179 5080 1405 5147 Πάντες,
1455 5083 1652 5152 φησὶν,
1698 5087 1755 5137 ὲν
1800 5089 1921 5151 ταῖς

349 5175 489 5236 ὁδοῖς
521 5174 703 5229 αὐτῶν
750 5171 1180 5244 ὲξηκολούθησαν
1225 5171 1453 5234 ἕκαστος
1495 5172 1634 5226 κατά
1665 5174 1727 5227 τὸ
1758 5176 1920 5229 αὐτό·

350 5265 576 5335 ἀφέντες
607 5265 716 5336 γὰρ
746 5264 936 5336 ῶσπερ
983 5264 1045 5317 τὸ
1086 5262 1214 5317 εὐθὺ
1248 5263 1508 5334 φέρεσθαι
1556 5264 1754 5330 παντὸς
1786 5267 1920 5335 ἀγα-

351 5356 466 5421 θοῦ,
499 5357 595 5412 καὶ
636 5357 697 5411 τὸ
742 5357 850 5411 δεῖν
881 5354 1111 5410 ἕπεσθαι
1157 5357 1269 5419 τοῖς
1302 5355 1768 5426 τεθεσπισμένοις,
1815 5361 1926 5422 τοῖς

2055 1916 2160 1970 qua
2194 1903 2405 1973 jnstitia
2447 1906 2720 1973 dormivit,
2759 1924 2902 1964 nunc
2945 1920 3124 1967 autem
3174 1913 3495 1969 homicidae?
3528 1915 3630 1969 Ar-

2047 2006 2265 2063 gentum
2292 2005 2527 2051 vestrum
2555 1998 2918 2056 adulteratam
2950 2020 2962 2055 :
2993 2017 3267 2072 caupones
3293 2006 3369 2060 tui
3399 2007 3631 2063 miscent

2049 2085 2229 2140 vinum
2271 2102 2432 2156 aqua,
2470 2090 2746 2160 principes
2786 2094 2862 2148 tui
2912 2108 3018 2150 non
3058 2096 3341 2162 obediunt,
3375 2100 3509 2154 socii
3548 2099 3629 2153 fu-

2047 2191 2189 2241 rum,
2211 2178 2497 2250 diligentes
2520 2198 2768 2254 munera,
2793 2196 3177 2257 persequentes
3198 2191 3627 2258 retributionem,

2044 2270 2306 2337 orphanis
2329 2287 2435 2326 non
2460 2272 2787 2343 judicantes,
2811 2287 2867 2333 et
2885 2279 3090 2348 judicio
3118 2281 3292 2337 vidum
3316 2297 3421 2337 non
3450 2292 3626 2339 atten—

2045 2360 2233 2418 dentes
2256 2362 2355 2417 ⁸⁸.»
2391 2364 2528 2431 Quin
2550 2367 2838 2424 etdiviuus
2867 2368 3178 2439 Abbacum,
3212 2375 3400 2428 eadem
3435 2376 3500 2429 de
3536 2390 3624 2440 re,

2048 2458 2252 2505 tantum
2288 2467 2391 2507 non
2430 2453 2810 2526 illacrymans,
2842 2459 3149 2529 appellabat
3185 2460 3354 2517 Deum
3382 2480 3397 2517 :
3423 2482 3444 2515 ι
3484 2464 3628 2531 Quo-

2044 2555 2235 2608 usque,
2266 2543 2512 2609 Domine,
2531 2545 2772 2611 Domine,
2804 2547 3073 2617 clamabo,
3104 2560 3159 2606 et
3189 2567 3294 2608 non
3327 2556 3627 2612 exaudies"

2043 2633 2378 2688 vociferabor
2406 2636 2473 2689 ad
2506 2643 2577 2703 te,
2611 2636 2804 2704 injuria
2834 2637 3093 2708 aﬂlictus,
3121 2651 3176 2698 et
3205 2660 3309 2700 non
3339 2648 3624 2703 servabis?

2041 2721 2219 2788 Quare
2248 2724 2377 2780 mibi
2407 2727 2692 2783 ostendisti
2724 2727 2941 2786 labores
2971 2742 3026 2787 et
3056 2735 3357 2802 moiestias,
3386 2749 3445 2793 ut
3472 2739 3622 2795 vide—

2042 2827 2155 2868 rem
2189 2816 2464 2870 miseriam
2495 2827 2551 2873 et
2583 2819 2954 2889 impietatem?
2975 2823 3273 2898 Adversum
3307 2844 3394 2884 me
3418 2829 3622 2887 factum

2040 2911 2123 2955 est
2153 2902 2439 2970 judicium,
2475 2916 2528 2962 et
2563 2907 2728 2976 judex
2774 2913 2994 2982 accipit.
3032 2914 3326 2985 Propterea
3364 2920 3621 2991 dissipata

2042 2991 2205 3063 796
2234 3004 2315 3049 est
2350 2994 2467 3062 lex,
2500 3006 2555 3052 et
2588 3014 2693 3054 non
2730 3001 3014 3058 deducitur
3046 3005 3097 3059 in
3135 3006 3296 3061 ﬁnem
3327 3008 3618 3079 judicium.

2041 3084 2245 3152 Impius
2275 3088 2421 3142 enim
2458 3090 2596 3145 valet
2628 3100 2815 3147 contra
2846 3093 3075 3163 justum.
3109 3097 3317 3157 Idcirco
3343 3104 3621 3172 egreditur

2035 3172 2296 3266 judicium
2339 3192 2652 3247 perversum
2678 3182 2745 3238 ".
2793 3202 2813 3237 ι
2863 3183 3050 3255 Itaque
3093 3190 3459 3263 vigilantiam,
3500 3210 3620 3266 qua:

2035 3272 2116 3318 est
2144 3263 2198 3318 in
2229 3278 2392 3337 grege
2422 3282 2657 3338 canum,
2688 3273 2980 3331 noluerunt
3009 3281 3253 3336 aemulari
3292 3302 3306 3338 ε
3338 3287 3435 3340 sed
3467 3263 3532 3342 in
3552 3302 3619 3343 eo

2033 3352 2206 3407 solum
2248 3356 2440 3413 imitati
2476 3370 2624 3427 sunt,
2665 3365 2808 3434 quod
2845 3366 2955 3422 sint
2996 3379 3401 3443 contemptores
3437 3381 3617 3435 omnis

2035 3449 2391 3513 verecundiae,
2425 3450 2848 3525 incutnbautque
2878 3460 3075 3527 praedis
3109 3470 3496 3525 coacervandis
3529 3472 3615 3526 in-

2034 3537 2374 3594 satiabiliter.
2394 3541 2486 3597 Ad
2518 3542 2633 3599 bzec
2662 3558 2757 3600 eos
2788 3546 2958 3604 malos
2988 3565 3110 3607 esse
3138 3553 3290 3619 dicit,
3321 3566 3376 3611 et
3404 3563 3616 3616 nescire

2035 3628 2465 3699 intelligentiam.
2489 3633 2679 3706 itaque
2704 3638 2903 3697 stultus
2932 3652 3018 3697 est
3047 3645 3220 3700 malus
3247 3665 3264 3703 :
3294 3663 3417 3706 nam
3451 3652 3614 3710 intel-

2034 3719 2253 3790 ligentia
2298 3722 2367 3776 iis
2420 3727 2679 3783 convenit
2728 3730 2963 3787 maxime
2998 3734 3090 3803 qui
3132 3735 3271 3792 bene
3309 3738 3487 3797 facere
3522 3760 3615 3799 so-

2032 3809 2146 3866 lent
2182 3829 2195 3866 :
2231 3822 2290 3868 at
2329 3813 2533 3871 malitia
2578 3832 2608 3873 a
2654 3830 2833 3878 mente
2873 3823 3016 3879 bona
3054 3827 3219 3883 absit.
3256 3828 3489 3891 Perinde
3531 3849 3616 3895 est

2032 3900 2173 3957 enim
2225 3905 2466 3961 scabiem
2511 3917 2568 3964 et
2617 3910 2768 3969 ulcus
2807 3913 2994 3972 videre
3042 3917 3094 3973 in
3143 3934 3402 3992 corpore,
3448 3941 3513 3982 ac
3560 3929 3611 3984 in

2029 3996 2211 4052 animo
2257 3999 2541 4059 malitiam.
2589 4005 2826 4064 Stultum
2877 4013 3023 4068 enim
3074 4015 3248 4087 ipsum
3300 4020 3499 4089 reddit,
3545 4029 3613 4082 ad

2030 4100 2297 4158 agrestem
2334 4094 2624 4152 ruditatem
2660 4100 2954 4171 adducens,
2986 4116 3041 4162 et
3076 4107 3313 4168 ferocem
3350 4113 3608 4173 efﬁciens.

2030 4180 2164 4247 Quia
2187 4196 2315 4273 vero
2338 4184 2463 4239 mali
2488 4185 2786 4246 fueruntet
2809 4195 2983 4263 stulti,
3011 4199 3138 4256 hinc
3176 4204 3367 4271 etiam,
3388 4205 3609 4273 Omnes.

2032 4270 2225 4341 inquit,
2262 4271 2379 4329 vias
2418 4288 2550 4333 suas
2592 4280 2762 4336 secuti
2802 4294 2951 4351 sunt,
2987 4288 3214 4359 quisque
3255 4293 3308 4347 in
3350 4270 3514 4351 unum
3555 4270 3612 4355 et

2031 4361 2192 4416 idem.
2218 4360 2349 4418 Nam
2383 4380 2505 4421 cum
2537 4377 2681 4424 recta
2712 4372 2778 4428 ad
2806 4387 2968 4432 omne
2998 4378 3197 4435 bonum
3226 4381 3379 4451 ferri,
3402 4394 3459 4442 et
3488 4404 3610 4458 qum

1956 4480 1999 4534 υ
2028 4454 2261 4511 oraculis
2284 4459 2495 4526 prodita
2522 4472 2673 4530 sunt,
2700 4467 2855 4535 sequi
2890 4469 3216 4528 desisterent
3244 4493 3259 4530 :
3285 4490 3397 4534 sua:
3419 4454 3608 4537 volun-

2030 4545 2123 4597 tati
2162 4554 2303 4602 totas
2338 4549 2578 4608 habenas
2614 4552 2889 4622 laxarunt,
2927 4568 2980 4613 et
3018 4560 3265 4619 fecerunt
3303 4582 3402 4637 pro
3438 4557 3607 4627 animi

2028 4635 2112 4690 sui
2144 4636 2399 4706 libidine;
2430 4656 2530 4698 nec
2562 4643 2737 4699 solum
2774 4646 3110 4719 singulatim,
3142 4655 3237 4711 sed
3271 4635 3325 4713 in
3359 4675 3524 4717 unum
3555 4674 3610 4718 et

2030 4726 2171 4782 idem
2192 4768 2208 4794 ,
2242 4729 2296 4783 id
2330 4738 2414 4786 est
2435 4771 2450 4797 ,
2486 4734 2647 4788 simul
2678 4751 2741 4792 ac
2772 4744 3057 4810 gregatim.
3089 4744 3430 4808 Inveniemus
3463 4755 3605 4810 enim

2031 4818 2314 4910 przel‘ectos
2360 4820 2667 4880 Judaeorum
2695 4827 2835 4885 {teda
2862 4841 2918 4887 et
2945 4834 3140 4893 divinis
3169 4837 3378 4910 legibus
3400 4842 3608 4897 dissen—

2027 4908 2212 4965 tientia
2258 4911 2311 4966 in
2358 4913 2599 4986 collegiis
2640 4928 2704 4975 ac
2747 4925 3094 4982 consessibus
3139 4908 3253 4985 suis
3292 4940 3346 4985 et
3385 4932 3605 4987 consul-

2029 5009 2171 5055 tasse
2204 5008 2259 5054 et
2290 5000 2505 5058 fecisse.
2543 5004 2621 5061 lta
2654 5008 2797 5062 enim
2835 5008 2971 5079 lapsi
3011 5020 3138 5066 sunt
3178 5014 3230 5068 in
3266 5014 3603 5072 dominicidii

2027 5090 2253 5156 crimen,
2282 5101 2337 5147 et
2371 5092 2493 5149 aliis
2526 5104 2691 5165 atque
2724 5095 2846 5153 aliis
2881 5100 3057 5157 modis
3090 5104 3323 5175 quisque
3358 5106 3425 5162 ad
3463 5108 3602 5162 viam

2030 5195 2183 5236 suam
2204 5184 2381 5239 aversi
2400 5194 2546 5241 sunt.
2582 5185 2925 5259 Voluptatum
2942 5191 3088 5248 enim
3106 5196 3435 5253 amantiores
3450 5208 3605 5255 erant

2032 5286 2193 5340 quam
2207 5273 2324 5342 Dei,
2345 5286 2399 5331 et
2410 5278 2533 5334 vitae
2551 5277 2710 5348 hujus
2725 5282 3171 5351 occupationibus
3186 5286 3355 5355 magis
3366 5288 3603 5344 oblecta-

2034 5363 2252 5429 bantur,
2281 5367 2388 5421 vita
2420 5368 2645 5426 honesta
2676 5381 2731 5427 et
2758 5373 3015 5444 praeclara
3048 5375 3101 5431 in
3132 5384 3302 5434 totum
3337 5379 3599 5451 neglecta.

354 5450 503 5520 σφῶν
532 5450 830 5522 θελήμασιν
874 5451 999 5515 ὅλας
1030 5449 1216 5520 ὥσπερ
1249 5450 1477 5518 ἀφέντες
1538 5449 1717 5521 ἡνίας,
1752 5450 2019 5522 ἔπραττον
2079 5458 2139 5508 τὸ
2207 5458 2330 5511 καθ’
2386 5461 2600 5534 ἡδονὴν,
2630 5465 2722 5521 καὶ
2748 5466 2808 5519 οὐ
2836 5466 2959 5520 καθ’
2987 5467 3083 5522 ἕνα
3118 5468 3298 5540 μόνον,
3322 5449 3459 5527 ἀλλά
3490 5472 3600 5544 γὰρ

348 5544 443 5598 καὶ
470 5541 614 5597 κατά
635 5544 695 5597 τὸ
724 5544 876 5607 αὐτὸ,
907 5543 1207 5608 τουτέστιν,
1236 5541 1368 5613 ὁμοῦ
1395 5543 1487 5596 καὶ
1516 5543 1654 5597 κατὰ
1723 5544 1952 5615 πληθύν.
1994 5547 2311 5619 Εύρὴσομεν
2338 5552 2394 5605 δὲ
2420 5555 2544 5618 τοῦς
2602 5557 2708 5611 τῶν
2749 5559 3019 5616 Ἰουδαίων
3050 5562 3366 5635 καθηγητὰς
3395 5541 3601 5621 ἔκτοπά

414 5744 463 5778 ⁸⁸
497 5741 607 5801 .lcr.
648 5761 705 5813 tt,
738 5744 788 5801 8.
867 5743 1131 5817 I"Alattlt.
1169 5762 1322 5815 um,
1353 5745 1441 5805 ‘25.
1521 5751 1562 5780 3"
1593 5746 1691 5805 lsa.
1724 5767 1760 5817 ι,
1800 5750 1987 5807 ﬁll-23.
2067 5754 2109 5785 ⁸⁰
2147 5753 2350 5810 llabac.
2379 5769 2417 5823 ι,
2449 5756 2566 5812 24.

2033 5854 2074 5877 τη
