4042 6200
547 330 684 387 1253

1558 328 1614 382 S.
1656 321 1933 381 CYlilLLl
1971 314 2439 374 ALEXANDRINI
2479 313 2796 370 ABCHIEP.

3657 316 3814 369 ιΞῖἓό

537 468 595 503 τε
631 447 723 504 καὶ
738 464 849 509 τοις
876 446 1038 508 υείοις
1085 444 1358 515 ἀπᾴδοντα
1388 419 1594 511 νὸιῶις,
1637 439 1732 493 καὶ
1769 440 1826 492 ὲν
1885 434 2161 504 συλλόγοις
2217 432 2416 492 αὐτῶν,
2449 430 2543 484 καί⁸
2585 429 2881 498 συνεδρίοις
2915 427 3357 498 βουλευομένους,
3396 428 3489 481 καὶ
3530 428 3816 499 πράττον-

538 552 660 598 τας.
679 538 1002 591 [ιεπτώκασι
1032 538 1142 605 γὰρ
1176 535 1320 587 οὕτω
1350 534 1438 586 καὶ
1472 535 1551 596 είς
1586 533 1657 586 τὰ
1687 532 1789 602 τῆς
1826 526 2222 605 Κυριοκτονίεις
2265 525 2607 594 ἐγκλήματα,
2634 524 2935 593 ἐτράποντο
2972 521 3029 574 δὲ
3069 521 3164 575 καὶ
3191 521 3390 591 ἑτέρως
3441 522 3680 583 ἕκαστος
3725 520 3818 582 είς

552 630 652 701 τὴν
684 632 800 685 ὁδὸν
846 629 1031 685 αὐτοῦ.
1076 629 1352 700 Φιλὴδονοι
1402 632 1513 699 γὰρ
1560 624 1701 699 ἦσαν
1741 625 1939 698 μᾶλλον
1978 624 2009 695 ἢ
2051 620 2306 693 φιλόθεοι,
2349 636 2423 673 κα
2492 622 2605 681 τοῖς
2639 617 2735 671 τοῦ
2778 617 3045 688 παρόντος
3084 615 3200 686 βίου
3248 618 3657 687 περισπασμοῖς
3709 616 3818 681 £9-

534 702 723 794 ἠδοντο
755 721 976 792 μᾶλλον,
1002 721 1102 789 τῆς
1135 722 1359 792 ἐννόμου
1388 737 1448 773 τε
1479 719 1575 773 καὶ
1603 716 1832 789 ἀρίστης
1857 714 2001 785 ζωῆς
2025 712 2258 767 είσάπαν
2287 709 2746 780 ὀλιγωρήσαντες.

597 857 725 910 Car.
770 853 926 910 LVII.
976 853 1141 910 Vsus.
1181 854 1310 920 1,2.
1358 852 1536 908 Videte
1577 862 1632 906 ut
1667 852 1847 922 justus
1871 848 2040 916 periit,
2062 857 2110 904 et
2139 832 2188 889 Α

546 965 675 1002 temo
723 948 914 1015 excipit
964 949 1141 1011 corde,
1176 959 1225 1002 et
1275 949 1370 1002 riri
1396 946 1533 1019 justi
1567 944 1848 1010 tolluntur,
1880 956 1930 997 et
1966 957 2115 996 nemo

527 1041 918 1095 animadvertit.
944 1040 986 1093 Α
1015 1040 1151 1110 facie
1180 1040 1316 1094 enim
1338 1037 1616 1108 injustititr
1647 1035 1886 1091 sublatus
1919 1042 1992 1087 est
2015 1032 2114 1101 ju-

527 1142 658 1184 slus.
702 1128 818 1183 Erit
860 1132 916 1185 in
965 1147 1092 1200 pace
1148 1129 1418 1200 sepultura
1466 1128 1624 1198 «ejus,
1666 1124 1903 1180 sublatus
1959 1133 2034 1177 est
2088 1138 2116 1176 e

527 1224 720 1279 medio.

599 1357 734 1412 Cum
768 1355 1069 1412 ostenderit
1104 1367 1199 1409 eos
1231 1367 1397 1409 canes
1432 1360 1614 1407 mutos
1651 1351 1844 1417 fuisse,
1876 1356 1931 1405 et
1965 1352 2115 1404 insa-

531 1449 701 1503 tiabili
739 1448 968 1503 avaritia
1011 1447 1286 1518 praeditos,
1325 1445 1409 1500 his
1456 1445 1638 1499 verbis
1670 1458 1836 1514 porro
1896 1443 2117 1497 demon-

529 1548 667 1596 strat
697 1554 792 1595 eos
822 1539 1084 1594 socordes
1112 1552 1236 1593 esse
1261 1545 1318 1591 et
1346 1544 1746 1605 contemptores
1766 1574 1780 1599 ,
1809 1535 1946 1591 adeo
1975 1543 2033 1587 ut
2062 1534 2115 1587 in

534 1631 796 1687 extremis
823 1630 1042 1699 ﬂagitiis
1068 1629 1512 1695 obdurescerent,
1539 1636 1596 1683 et
1622 1626 1939 1697 resipiscere
1966 1639 2032 1680 ne
2061 1625 2116 1679 in

528 1725 769 1777 animum
797 1722 1014 1792 quidem
1047 1721 1308 1776 inducere
1339 1720 1513 1790 parati
1544 1728 1745 1776 essent.
1773 1718 1941 1774 Periit
1969 1717 2116 1772 enim

523 1812 721 1882 justus,
767 1814 964 1884 inquit,
1005 1822 1062 1867 et
1101 1827 1263 1867 nemo
1302 1812 1509 1882 excipit
1549 1811 1736 1877 corde,
1775 1819 1831 1867 et
1870 1810 2114 1866 homines

524 1904 654 1973 justi
690 1902 973 1968 tolluntur,
999 1912 1057 1957 et
1088 1915 1251 1957 nemo
1279 1901 1683 1957 animadvertit.
1706 1902 1912 1968 Quibus
1935 1901 2115 1956 verbis

529 1994 876 2051 subindicare
920 1994 1138 2049 videtur
1180 1992 1423 2049 nefarios
1473 2007 1639 2048 ausus
1683 1990 1892 2047 Judaici
1937 1992 2116 2062 gregis

529 2095 742 2148 contra,
789 2083 1106 2151 Christum,
1158 2083 1319 2155 797
1379 2094 1433 2140 et
1483 2097 1817 2153 quaecunque
1869 2080 2115 2138 fecerunt

529 2186 720 2232 contra
757 2187 978 2232 sanctos
1017 2176 1312 2245 apostolos.
1349 2174 1678 2231 Occiderunt
1711 2175 1856 2229 enim
1896 2171 2111 2240 Jesum,

532 2278 741 2324 tantum
776 2283 884 2323 non
918 2267 1291 2337 propheticum
1327 2265 1458 2321 illud
1491 2265 1809 2330 clamantes,
1842 2273 1897 2321 et
1927 2264 2111 2320 dicen-

529 2370 611 2415 tes
657 2379 671 2415 :
721 2377 741 2412 ι
790 2359 1043 2430 Ligemus
1079 2358 1321 2428 justum,
1364 2358 1489 2428 quia
1536 2357 1913 2414 incommodus
1960 2354 2110 2411 nobis

527 2449 718 2517 est";
751 2468 770 2502 ι
804 2459 1141 2518 ctquantum
1161 2451 1227 2503 ad
1249 2450 1488 2519 ipsorum
1523 2450 1763 2505 animum
1798 2448 2111 2504 consilium-

529 2555 635 2609 que
670 2542 887 2603 attinet,
924 2542 1083 2609 periit
1112 2540 1291 2607 justus
1328 2541 1436 2606 ille,
1472 2542 1524 2595 id
1561 2552 1666 2606 est,
1699 2543 1791 2609 qui
1830 2548 2111 2611 peccatum

531 2650 637 2689 non
666 2631 816 2687 novit
841 2649 857 2686 :
886 2647 984 2687 nec
1012 2630 1158 2685 enim
1185 2629 1345 2698 justis
1371 2631 1437 2684 de
1462 2632 1641 2685 causis
1670 2646 1792 2685 eum
1826 2630 2112 2686 interfece-

531 2735 689 2791 runt,
730 2733 785 2780 et
822 2724 966 2779 viros
1007 2723 1176 2791 iustos
1219 2722 1459 2777 divinum
1504 2720 1611 2776 illis
1650 2730 1705 2776 et
1742 2721 2109 2792 evangelicum

529 2830 833 2871 sermonem
863 2814 1174 2885 largientes,
1199 2822 1256 2867 et
1284 2812 1351 2866 ad
1382 2811 1715 2868 crudelitatis
1742 2826 1853 2866 suae
1881 2811 2111 2883 agnitio-

532 2923 655 2964 neru
691 2923 756 2963 ac
795 2905 1225 2976 resipiscentiam
1260 2913 1536 2970 vocantes,
1574 2903 1628 2958 in
1672 2902 1969 2974 periculum
2011 2903 2112 2958 im-

533 2998 912 3055 misericordes
946 2998 1307 3052 adduxerunt.
1341 2995 1599 3051 Sublatus
1634 2995 1760 3050 hinc
1791 3002 1874 3051 est
1905 2996 1971 3051 ab
2005 2994 2111 3052 illis

531 3092 743 3145 divinus
776 3089 1106 3159 Stephanus,
1130 3104 1253 3143 cum
1285 3088 1550 3159 prolixum
1584 3087 1651 3142 ad
1682 3102 1776 3142 eos
1806 3100 2109 3142 sermonem

533 3182 830 3247 habuisset,
855 3190 909 3235 et
936 3181 1133 3249 quibus
1160 3180 1321 3235 rebus
1345 3193 1438 3235 eos
1464 3179 1745 3248 illaqueari
1776 3194 1875 3249 par
1897 3189 2015 3235 erat
2042 3181 2110 3235 ad

534 3258 987 3341 resipiscentiam,
1014 3271 1099 3325 his
1126 3271 1255 3340 ipsis
1280 3270 1345 3325 ad
1371 3269 1726 3326 oll'ensionem
1771 3270 2112 3326 exacueban-

535 3373 641 3417 tur.
668 3362 956 3416 'l‘ollnntur
983 3376 1142 3433 ergo.
1177 3362 1382 3431 inquit,
1411 3361 1509 3415 viri
1539 3361 1708 3431 justi,
1740 3370 1795 3417 et
1829 3376 1986 3419 nemo
2017 3377 2112 3418 ex-

533 3452 664 3523 cipit
696 3459 880 3517 corde,
915 3453 967 3507 id
1002 3462 1108 3517 est,
1147 3466 1307 3508 nemo
1341 3452 1595 3523 dignatur
1626 3452 1812 3508 animo
1849 3467 2112 3523 reponere

534 3542 825 3612 impietatis
852 3542 1299 3612 magnitudinem.
1324 3540 1583 3598 Sublatus
1612 3554 1697 3598 est
1723 3542 1886 3598 etiam
1913 3560 1943 3598 a
1972 3544 2111 3600 facie

2216 3536 2386 3600 οὐδεὶς
2437 3536 2715 3608 ἐκδέχεται
2764 3541 2831 3610 τῇ
2885 3539 3104 3612 καρδίᾳ,
3164 3542 3461 3609 τουτέστιν,
3508 3547 3593 3608 είς

534 3632 812 3702 injustitite
838 3633 1038 3703 justus,
1073 3633 1124 3688 id
1153 3643 1259 3699 est,
1293 3632 1479 3702 injusti
1509 3636 1892 3706 oppugnabant
1914 3636 2108 3705 justos,

534 3740 597 3779 ac
632 3724 757 3778 mali
794 3724 1153 3780 obtinuerunt
1186 3735 1374 3780 contra
1407 3740 1529 3781 eum
1566 3727 1654 3795 qui
1693 3741 1799 3781 non
1835 3727 1982 3783 novit
2015 3728 2111 3782 de-

533 3818 797 3887 linquere.
829 3817 947 3871 Erit
976 3817 1136 3885 igitur
1162 3818 1216 3871 in
1248 3832 1379 3887 pace
1404 3819 1679 3887 sepultura
1706 3820 1841 3889 ejus,
1871 3819 2113 3876 sublatus

531 3920 617 3966 est
652 3911 718 3964 de
755 3911 950 3966 medio.
988 3910 1404 3966 Observa-mihi
1446 3913 1639 3966 iterum
1679 3913 1940 3967 orationis
1980 3914 2113 3984 ligu-

533 4016 671 4056 ram.
702 3999 936 4072 Scupum
966 4001 1109 4056 enim
1139 4012 1192 4055 et
1221 4003 1556 4071 propositum
1587 4018 1776 4058 eorum
1808 4005 1899 4073 qui
1931 4015 2113 4060 sustu-

540 4091 743 4158 lerunt,
774 4108 879 4148 non
934 4107 1122 4148 revera
1151 4094 1321 4163 ipsius
1346 4093 1426 4148 rei
1450 4093 1651 4148 exitum
1678 4096 1935 4164 ostendit,
1956 4097 2111 4166 quasi

533 4186 607 4240 ita
639 4199 699 4240 se
732 4185 956 4240 haberet
988 4193 1047 4239 ut
1077 4184 1299 4241 dicitur.
1329 4183 1447 4239 Non
1478 4186 1623 4241 enim
1658 4186 1905 4243 sublatus
1935 4196 2017 4244 est
2046 4189 2114 4244 de

534 4276 711 4331 medio
756 4276 1003 4332 Christus
1043 4294 1058 4331 :
1101 4290 1203 4331 nec
1245 4276 1301 4331 hi
1342 4277 1433 4346 qui
1479 4277 1597 4347 ejus
1640 4276 1906 4346 legatione
1945 4277 2111 4334 functi

533 4376 681 4434 sunt,
706 4364 838 4435 justi
872 4368 1033 4422 etiam
1068 4367 1190 4438 ipsi,
1225 4376 1412 4438 utpote
1440 4369 1508 4423 ab
1542 4369 1661 4439 ipso
1683 4369 1987 4439 justiticati.
2045 4372 2109 4426 At

534 4461 766 4526 quodam
802 4460 964 4515 modo
994 4459 1337 4516 exterminati
1373 4469 1498 4515 sunt
1532 4477 1563 4517 e
1597 4461 1795 4528 medio,
1826 4474 2110 4532 quantum,

536 4550 777 4618 inquam,
804 4551 871 4606 ad
902 4561 1155 4607 conatum
1186 4567 1253 4608 ac
1282 4554 1593 4609 institutum
1622 4568 1812 4610 eorum
1844 4558 1935 4626 qui
1968 4558 2113 4613 occi-

537 4640 756 4704 derunt,
784 4643 1000 4697 attinet.
1020 4645 1439 4701 Accusationem
1466 4656 1648 4702 autem
1677 4647 1817 4703 banc
1845 4649 1897 4703 in
1924 4664 2114 4705 omnes

536 4731 811 4785 occisores
844 4734 1038 4787 cadere
1075 4746 1131 4789 et
1170 4738 1467 4803 incurrere,
1505 4748 1560 4794 et
1596 4741 1864 4795 neminem
1900 4740 2115 4796 Judmo-

538 4835 658 4875 rum
691 4828 847 4875 extra
880 4821 1092 4892 culpam
1124 4838 1269 4892 esse,
1305 4826 1565 4896 insinuat,
1594 4845 1715 4885 cum
1751 4831 1923 4900 inquit
1950 4849 1964 4885 :
1997 4830 2115 4886 Erit

2286 844 2473 899 Ἴδετε
2498 846 2579 909 ὡς
2612 845 2644 896 ό
2675 841 2908 906 δίκαιος
2936 840 3227 905 ἀπώλετο,
3261 841 3358 894 καὶ
3396 842 3597 909 οὐδεὶς
3636 844 3811 897 ἐλιδέ-

2218 954 2382 1008 χεται
2404 934 2479 1005 τῇ
2508 933 2734 1003 καρδίᾳ,
2765 933 2858 986 καί
2889 932 3105 1008 ᾁνδρες
3136 932 3351 985 δίκαιοι
3378 934 3669 1001 αἴρονται,
3699 936 3807 987 καὶ

2216 992 2417 1096 οὐδεὶς
2442 992 2737 1083 κατανοεῖ.
2789 992 2921 1080 Ἆπδ
2944 1026 3055 1096 γὰρ
3086 1028 3409 1093 προσώπου
3438 1025 3675 1092 ἀδικίας
3696 1023 3807 1095 ἦρε

2217 1137 2309 1174 ται
2342 1121 2376 1173 ὁ
2421 1117 2671 1182 δίκαιος,
2722 1115 2894 1169 ἔσται
2943 1115 3014 1167 ἐν
3048 1113 3257 1183 εἰρήνῃ
3306 1115 3345 1181 ἠ
3392 1114 3548 1183 ταφὴ
3584 1116 3804 1181 αὑτοῦ,

2215 1206 2387 1282 ἦρται
2420 1210 2488 1263 ἐκ
2520 1208 2628 1262 τοῦ
2662 1207 2881 1276 μέσον.

2301 1345 2611 1417 Ἀποφήνας
2646 1345 2727 1397 ὅτι
2764 1342 2924 1407 κύνες
2972 1343 3260 1412 γεγόνασιν
3300 1342 3488 1407 ἐννεοὶ,
3523 1348 3618 1396 καὶ
3663 1344 3803 1396 axe-

2221 1455 2400 1511 ρεστοι
2434 1438 2569 1509 πρὸς
2603 1435 2966 1507 φιλοκερδίαν,
3020 1434 3539 1506 προσαποδείκνυσιν
3581 1436 3643 1488 ἐν
3668 1435 3803 1487 τού-

2214 1548 2330 1595 τοις
2368 1529 2645 1604 ῥᾳθύμους
2674 1528 2851 1592 ὄντας,
2885 1528 2978 1582 καὶ
3019 1527 3451 1599 καταφρονητάς,
3480 1528 3558 1590 ὡς
3580 1528 3677 1581 καὶ
3704 1528 3805 1581 ἐπὶ

2217 1629 2331 1691 τοῖς
2352 1625 2600 1696 ἐσχάτοις
2637 1623 2747 1677 τῶν
2768 1622 3255 1693 πλημμελημάτων
3309 1623 3587 1690 ἀτέγκτως
3629 1621 3799 1691 ἔχειν,

2217 1719 2312 1773 καὶ
2355 1717 2417 1771 τὸ
2464 1719 2660 1789 χρῆναι
2702 1717 2981 1786 μετανοεῖν
3052 1714 3174 1767 οὐδὲ
3220 1716 3300 1778 είς
3335 1713 3459 1767 νοῦν
3510 1712 3799 1783 βούλεσθαι

2217 1806 2716 1880 προθυμουμένους.
2786 1804 3057 1859 Ἀπὼλετο
3106 1805 3248 1875 γὰρ,
3286 1806 3470 1875 φησὶν,
3502 1807 3531 1857 ὁ
3562 1805 3796 1868 δίκαιος,

2215 1900 2311 1954 καὶ
2353 1899 2525 1962 οὐδεὶς
2558 1898 2841 1968 ἐκδέχεται
2870 1900 2936 1968 τῇ
2986 1896 3215 1967 καρδίᾳ,
3242 1896 3331 1950 καὶ
3363 1897 3556 1967 ἄνδρες
3597 1896 3798 1949 δίκαιοι

2216 1989 2481 2061 αἴρονται,
2512 1989 2604 2042 καὶ
2647 1988 2822 2051 οὐδεὶς
2861 1990 3131 2042 κατανοεῖ.
3171 1989 3351 2041 Ἐοικε
3383 1988 3440 2041 δὲ
3472 1987 3563 2041 διὰ
3588 1987 3797 2040 τούτων

2217 2079 2515 2150 ύποδηλοῦν
2544 2079 2613 2133 τὰ
2640 2081 2721 2142 είς
2768 2079 3004 2150 Χριστὸν
3033 2078 3357 2151 τολμήματα
3384 2080 3483 2149 τῆς
3522 2079 3797 2133 Ἰουδαίων

2214 2171 2435 2242 ἀγέλης,
2465 2171 2560 2225 καὶ
2588 2170 2687 2223 ὅσα
2718 2170 3032 2241 πεπράχασι
3053 2169 3196 2222 κατὰ
3224 2170 3331 2223 τῶν
3359 2170 3530 2238 ἁγίων
3562 2171 3798 2224 ἀποστό-

2214 2264 2342 2318 λωψ
2388 2264 2721 2316 ἀπεκτόνασι
2768 2261 2867 2332 μὲν
2895 2262 3003 2332 γὰρ
3028 2261 3122 2316 τὸν
3166 2262 3391 2331 Ἰησοῦν,
3424 2264 3706 2334 μονονουχὶ
3733 2264 3795 2317 τό

2212 2353 2549 2426 προφητικὸν
2575 2354 2750 2407 ἐκεῖνο
2776 2351 3023 2423 βοῶντες,
3050 2352 3143 2406 καὶ
3168 2352 3415 2421 λέγοντες
3436 2371 3450 2384 ·
3483 2373 3501 2404 ι
3527 2356 3794 2425 Δήσωμεν

2212 2445 2302 2498 τὸν
2327 2445 2555 2511 δίκαιον,
2586 2447 2667 2499 ὅτι
2705 2444 3041 2516 δύσχρηστος
3091 2445 3223 2515 ἡμῖν
3256 2446 3392 2509 ἐστι,
3435 2465 3453 2497 ι
3499 2447 3595 2501 καὶ
3634 2449 3696 2501 τό
3724 2465 3789 2516 γε

2211 2531 2346 2609 ἧκον
2374 2540 2454 2602 είς
2495 2538 2587 2591 τὸν
2617 2539 2807 2592 ἐνόντα
2836 2538 3036 2591 σκοπὸν
3067 2538 3270 2603 αὐτοῖς,
3308 2539 3548 2594 ἀπώλετο
3578 2542 3792 2606 δίκαιος

2213 2626 2310 2692 ὢν,
2338 2627 2637 2695 τουτέστιν,
2668 2629 2768 2681 οὐκ
2817 2627 2973 2690 είδὼς
3005 2627 3282 2698 ἁμαρτίαν
3302 2646 3316 2660 ’
3361 2631 3419 2682 ού
3449 2630 3557 2702 γὰρ
3585 2633 3674 2684 ἐπ’
3704 2634 3789 2686 ai-

2210 2718 2354 2781 τίαις
2388 2718 2631 2787 εὐλόγοις
2683 2719 3043 2773 ἀπεκτόνασιν
3075 2719 3259 2785 αὐτὸν,
3290 2722 3489 2792 ἄνδρας
3534 2740 3591 2775 τε
3631 2723 3792 2786 ὂντας

2210 2808 2475 2875 δικαίους,
2504 2810 2631 2873 τοὺς
2658 2809 2719 2863 τὸ
2750 2809 2892 2864 θεῖον
2917 2812 3098 2875 αὐτοῖς
3132 2813 3222 2866 καὶ
3262 2813 3616 2882 εύαγγελικδν
3660 2834 3795 2886 πρε-

2217 2898 2507 2963 σϐεύοντας
2535 2898 2715 2969 λόγον,
2744 2901 2835 2954 καὶ
2871 2901 3168 2965 καλοῦντας
3200 2905 3279 2966 είς
3314 2906 3656 2973 μετάγνωσιν
3696 2909 3795 2978 τῆς

2214 2988 2440 3061 ἐνούσης
2468 2990 2649 3053 αὐτοῖς
2693 2990 2994 3062 ὠμότητος,
3030 2994 3108 3055 είς
3153 2995 3349 3062 πεῖραν
3376 2993 3552 3047 ἐλθεῖν
3586 2996 3794 3066 ἀφιλοι-

2214 3081 2525 3153 κτιρμόνως
2558 3082 2999 3151 παρεσκεύασαν.
3047 3086 3338 3156 ’Δνῂρηται
3368 3086 3500 3155 γοῦν
3539 3091 3671 3160 παρ’
3701 3091 3796 3143 afl-

2214 3173 2325 3235 τοῖς
2351 3174 2380 3226 ὁ
2409 3170 2696 3235 θεσπέσιος
2720 3174 2990 3244 Στέφανος
3017 3177 3222 3246 μακρὸν
3243 3178 3381 3248 πρὸς
3398 3178 3595 3243 αὐτοὺς
3621 3198 3793 3235 κατα-

2212 3260 2392 3326 τείνας
2416 3261 2596 3330 λόγον,
2625 3263 2719 3316 καὶ
2751 3263 2818 3319 δι’
2849 3257 2926 3317 ὧν
2956 3260 3026 3336 ἦν
3053 3266 3198 3329 εἰκὸς
3233 3268 3630 3338 σαγηνεύεσθαι
3658 3271 3793 3340 1:98.;

2217 3353 2579 3424 μετάγνωσιν,
2611 3353 2702 3408 διὰ
2729 3355 2935 3410 τούτων
2966 3358 3146 3411 αὐτῶν
3176 3360 3541 3430 κατεθήγοντο
3571 3363 3711 3433 πρὸς
3736 3363 3796 3415 τὸ

2213 3444 2501 3516 δυσμενές.
2539 3446 2796 3519 Δῖρονται
2827 3447 3008 3503 τοίνυν
3040 3449 3231 3521 ἄνδρες
3258 3451 3477 3515 δίκαιοι,
3512 3456 3671 3524 φησὶ,
3702 3455 3795 3507 καὶ

3671 3563 3796 3598 νουν

2213 3625 2354 3689 ἀξιοῖ
2395 3625 2652 3696 βαλέσθαι
2679 3627 2780 3699 τῆς
2811 3629 3129 3696 δυσσεϐείας
3158 3632 3218 3686 τὸ
3263 3632 3509 3704 μέγεθος
3541 3654 3799 3707 κατηγωο

2214 3718 2428 3773 νίσαντο
2470 3720 2596 3778 τοὺς
2626 3720 2887 3790 δικαίους,
2920 3724 3013 3778 καλ¹
3040 3729 3447 3799 κεκρατήκασιν
3481 3730 3533 3781 οἱ
3569 3732 3794 3801 πονηροὶ

2211 3808 2307 3862 τοῦ
2344 3810 2417 3880 μὴ
2454 3810 2655 3876 εἰδότος
2670 3812 3038 3886 πλημμελεῖν.
3073 3818 3263 3874 Ἔσται
3288 3819 3351 3889 δὴ
3397 3816 3492 3873 οὖν
3519 3822 3578 3874 ἐν
3606 3814 3791 3894 εἰρήνη

2213 3903 2245 3970 ἡ
2277 3902 2421 3972 ταφὴ
2454 3904 2619 3958 αὑτοῦ
2640 3921 2654 3935 ο
2684 3901 2847 3976 ἦρται
2893 3909 2955 3960 ὲκ
2993 3908 3082 3961 τοῦ
3137 3911 3325 3980 μέσου.
3356 3912 3547 3986 Ἀθρει
3590 3915 3653 3987 δή
3703 3935 3792 3986 μοι

2214 3992 2376 4046 πάλιν
2407 3995 2501 4048 τοῦ
2535 3996 2693 4065 λόγου
2750 3997 2810 4050 τὸ
2833 3999 3050 4070 σχῆμα⁶
3090 4003 3181 4054 τὸν
3215 4003 3408 4077 γάρτοι
3452 4008 3653 4061 σκοπὸν
3685 4011 3787 4063 τῶν

2215 4084 2593 4157 ἀνῃρηκότων,
2617 4089 2712 4141 καλ⁵
2736 4088 2855 4143 οὔτι
2882 4106 2986 4144 που
3018 4093 3235 4158 πάντως
3262 4096 3324 4149 τὸ
3346 4095 3440 4149 τοῦ
3472 4099 3788 4170 πράγματος

2213 4174 2389 4263 οὕτως
2432 4176 2555 4248 ἔχον
2595 4179 2672 4243 ὡς
2708 4181 2924 4249 λέγεται
2972 4184 3302 4240 διαδείκνυσι
3336 4190 3528 4261 πέρας.
3564 4192 3638 4245 Οὐ
3682 4193 3787 4263 γὰρ

2213 4261 2378 4339 ἦρται
2417 4269 2482 4323 ὲκ
2508 4269 2601 4324 τοῦ
2637 4271 2803 4342 μέσου
2849 4275 3103 4346 Χριστὸς,
3132 4277 3256 4333 οὔτε
3289 4281 3398 4353 μὴν
3439 4284 3488 4336 oi
3528 4283 3597 4338 τὰ
3623 4261 3781 4339 αὐτοῦ

2215 4359 2637 4429 πρεσϐεύοντες,
2686 4362 2883 4418 δίκαιοι
2933 4368 3027 4421 καὶ
3070 4370 3224 4425 αὐτοὶ
3269 4374 3660 4445 τυγχάνοντες,
3712 4377 3781 4439 ὡς

2214 4449 2345 4517 παρ’
2376 4449 2542 4504 αὑτοῦ
2592 4452 2990 4525 δικαιούμενον
3040 4461 3296 4531 γεγόνασί
3327 4481 3391 4534 γε
3434 4466 3539 4537 μὴν
3588 4462 3696 4520 οἷον
3723 4469 3781 4518 ἐκ

2219 4540 2408 4611 μέσου,
2434 4544 2574 4599 κατά
2594 4543 2656 4613 γέ
2686 4563 2828 4618 φημι
2848 4548 2908 4605 τὸ
2936 4551 3043 4605 τῶν
3067 4555 3420 4628 ἀνῃρηκότων
3449 4561 3774 4632 ἐγχείρημα

2215 4632 2298 4687 ὅτι
2330 4632 2387 4686 δὲ
2412 4634 2519 4687 τῶν
2548 4636 2900 4709 ἀνῃρηκότων
2945 4643 3201 4700 ἁπάντων
3234 4650 3561 4722 κατατρέχει
3579 4654 3636 4705 τὸ
3654 4670 3779 4705 κατι

2215 4723 2494 4795 ηγόρημα,
2541 4728 2639 4781 καὶ
2685 4730 2859 4796 οὐδεὶς
2891 4728 2959 4804 ἦν
3005 4736 3064 4788 ὲν
3093 4742 3206 4803 τοῖς
3269 4741 3559 4805 Ἰουδαίοις,
3589 4743 3646 4805 ὃς
3682 4744 3778 4809 ἔξω

2216 4815 2458 4871 κείσεται
2507 4818 2607 4887 τῆς
2658 4822 2858 4889 αἰτίας,
2912 4827 3208 4900 ύπέφηνεν,
3256 4833 3461 4889 εἰπών·
3495 4836 3683 4889 Ἔσται
3728 4838 3778 4888 ὲν

538 4915 591 4968 in
630 4927 762 4985 pace
796 4914 1070 4984 sepultura
1104 4915 1242 4986 ejus.
1281 4919 1625 4989 Sepulturam
1664 4933 1818 4977 vocat
1856 4932 2103 4979 mortem.

2216 4908 2399 4981 εἰρήνη
2426 4912 2459 4981 ἡ
2490 4913 2635 4981 ταφὴ
2684 4915 2870 4971 αὐτοῦ.
2903 4920 3012 4973 Καὶ
3055 4922 3233 4993 ταφὴν
3279 4926 3376 4994 μὲν
3402 4926 3654 4995 ὀνομάζει
3697 4928 3780 4979 τὶν

538 5003 691 5072 Illud,
723 5006 773 5061 in
805 5008 1238 5079 pace,adjectum
1272 5010 1510 5068 insinuat
1564 5017 1830 5070 neminem
1885 5032 2107 5086 prorsus

538 5097 591 5151 in
622 5098 869 5154 tribubus
895 5098 1164 5168 Judaicis,
1197 5102 1380 5173 impiis
1412 5120 1599 5161 eorum
1631 5108 1917 5164 conatibus
1947 5109 2107 5163 resti-

538 5188 691 5254 tisse,
719 5190 801 5245 vel
831 5207 891 5247 se
916 5194 1252 5262 opposuisse,
1281 5206 1337 5252 et
1365 5198 1530 5268 impie
1558 5214 1717 5269 agere
1742 5200 1985 5256 volentes
2019 5202 2106 5255 in-

536 5290 815 5348 crepasse,
863 5286 955 5339 sed
1005 5300 1115 5340 uno
1159 5302 1349 5344 omnes
1391 5304 1659 5345 consensu
1703 5301 1758 5346 et
1804 5292 2109 5360 conjunctis

539 5372 734 5427 animis
775 5384 964 5430 contra
1021 5378 1298 5434 Christum
1335 5381 1511 5437 audax
1547 5382 1650 5437 hoc
1683 5382 1892 5440 facinus
1923 5401 2109 5442 susce-

536 5460 703 5530 pisse,
747 5473 801 5516 et
834 5481 963 5528 pace
994 5470 1137 5523 inter
1166 5474 1369 5543 seipsos
1402 5474 1561 5543 facta,
1595 5492 1715 5533 eum
1753 5477 2107 5537 interfecisse.

608 5698 652 5734 ”
689 5700 813 5771 δίῳ.
841 5717 898 5770 ιι,
926 5704 1011 5761 li.

2215 5001 2463 5068 Θάνατον,
2495 5004 2556 5058 τὺ
2587 5005 2663 5073 δὲ,
2696 5009 2752 5063 ὲν
2781 5012 2991 5084 εἰρήνῃ,
3035 5017 3370 5084 προστεθεὶς,
3410 5020 3680 5090 ὑπέφηνεί
3705 5021 3778 5073 ὅτι

2214 5093 2390 5158 οὐδεὶς
2427 5090 2496 5167 ἦν
2527 5096 2664 5162 ὅλως
2694 5101 2752 5153 ἐν
2778 5106 2890 5167 τοῖς
2913 5104 3019 5157 τῶν
3062 5107 3329 5161 Ἰουδαίων
3359 5110 3631 5182 τάγμασιν
3660 5111 3779 5164 ἀνθ-

2213 5186 2461 5257 εστηκὼς
2488 5194 2608 5255 ταῖς
2636 5193 2879 5259 ἀνοσίαις
2904 5196 3084 5250 αὐτῶν
3127 5198 3361 5269 βουλαῖς,
3401 5204 3568 5272 ἤγουν
3600 5206 3781 5257 ἀνταν-

2219 5276 2536 5347 ιστάμενος,
2577 5283 2669 5334 καὶ
2715 5286 2826 5347 τοῖς
2878 5286 3250 5358 ἁνοσιουργεῖν
3298 5291 3570 5346 ἐθέλουσιν
3615 5295 3781 5346 ἐπιτι-

2218 5366 2334 5436 μῶν
2360 5384 2374 5400 ⁶
2431 5372 2494 5425 ὲκ
2553 5376 2680 5444 μιᾶς
2728 5375 2835 5446 γὰρ
2894 5378 3133 5444 ἅπαντες
3181 5381 3371 5453 βουλῆς
3426 5387 3517 5440 καὶ
3567 5386 3781 5457 γνώμης

2211 5461 2575 5534 τετολμήκασι
2623 5467 2761 5521 κατὰ
2805 5470 3066 5540 Χριστοῦ,
3117 5476 3487 5545 εἰρηνεύοντες
3543 5497 3600 5533 τε
3656 5481 3780 5549 πρὶς

2216 5552 2473 5632 ἀλλήλους
2507 5560 2865 5616 ἀπεκτόνασιν
2897 5566 3078 5619 αὐτόν.
